|j|☆Kage UwU
|j|☆Grande petro
|t:|1652820909
|gametype|singles
|player|p1|Kage UwU|psychic-gen4|1330
|player|p2|Grande petro|169|1357
|teamsize|p1|6
|teamsize|p2|6
|gen|8
|tier|[Gen 8] Ubers
|rated|
|rule|Sleep Clause Mod: Limit one foe put to sleep
|rule|Species Clause: Limit one of each Pokémon
|rule|OHKO Clause: OHKO moves are banned
|rule|Evasion Moves Clause: Evasion moves are banned
|rule|Endless Battle Clause: Forcing endless battles is banned
|rule|HP Percentage Mod: HP is shown in percentages
|rule|Dynamax Clause: You cannot dynamax
|clearpoke
|poke|p1|Yveltal|
|poke|p1|Ferrothorn, F|
|poke|p1|Eternatus|
|poke|p1|Blissey, F|
|poke|p1|Giratina|
|poke|p1|Necrozma-Dusk-Mane|
|poke|p2|Kyogre|
|poke|p2|Calyrex-Shadow|
|poke|p2|Eternatus|
|poke|p2|Necrozma-Dusk-Mane|
|poke|p2|Zygarde|
|poke|p2|Yveltal|
|teampreview
|inactive|Battle timer is ON: inactive players will automatically lose when time's up. (requested by Kage UwU)
|
|t:|1652820921
|start
|switch|p1a: Hamsuke|Ferrothorn, F|100/100
|switch|p2a: Necrozma|Necrozma-Dusk-Mane|100/100
|turn|1
|
|t:|1652820946
|move|p2a: Necrozma|Stealth Rock|p1a: Hamsuke
|-sidestart|p1: Kage UwU|move: Stealth Rock
|move|p1a: Hamsuke|Stealth Rock|p2a: Necrozma
|-sidestart|p2: Grande petro|move: Stealth Rock
|
|upkeep
|turn|2
|inactive|Grande petro has 120 seconds left.
|
|t:|1652820980
|switch|p2a: Eternatus|Eternatus|100/100
|-damage|p2a: Eternatus|88/100|[from] Stealth Rock
|-ability|p2a: Eternatus|Pressure
|move|p1a: Hamsuke|Spikes|p2a: Eternatus
|-sidestart|p2: Grande petro|Spikes
|
|upkeep
|turn|3
|
|t:|1652820992
|switch|p1a: Pleiade|Blissey, F|100/100
|-damage|p1a: Pleiade|88/100|[from] Stealth Rock
|move|p2a: Eternatus|Mystical Fire|p1a: Pleiade
|-damage|p1a: Pleiade|81/100
|-unboost|p1a: Pleiade|spa|1
|
|upkeep
|turn|4
|
|t:|1652821005
|switch|p1a: Albedo|Giratina|100/100
|-damage|p1a: Albedo|88/100|[from] Stealth Rock
|-ability|p1a: Albedo|Pressure
|move|p2a: Eternatus|Toxic|p1a: Albedo
|-status|p1a: Albedo|tox
|
|-heal|p1a: Albedo|94/100 tox|[from] item: Leftovers
|-damage|p1a: Albedo|88/100 tox|[from] psn
|upkeep
|turn|5
|inactive|Grande petro has 120 seconds left.
|
|t:|1652821016
|switch|p2a: Yveltal|Yveltal|100/100
|-ability|p2a: Yveltal|Dark Aura
|switch|p1a: Pleiade|Blissey, F|81/100
|-damage|p1a: Pleiade|69/100|[from] Stealth Rock
|
|upkeep
|turn|6
|inactive|Grande petro has 120 seconds left.
|
|t:|1652821026
|move|p2a: Yveltal|Defog|p1a: Pleiade
|-unboost|p1a: Pleiade|evasion|1
|-sideend|p1: Kage UwU|Stealth Rock|[from] move: Defog|[of] p2a: Yveltal
|-sideend|p2: Grande petro|Spikes|[from] move: Defog|[of] p2a: Yveltal
|-sideend|p2: Grande petro|Stealth Rock|[from] move: Defog|[of] p2a: Yveltal
|move|p1a: Pleiade|Aromatherapy|p1a: Pleiade
|-activate|p1a: Pleiade|move: Aromatherapy
|-curestatus|p1: Albedo|tox|[msg]
|
|upkeep
|turn|7
|
|t:|1652821035
|switch|p1a: Demiurge|Eternatus|100/100
|-ability|p1a: Demiurge|Pressure
|move|p2a: Yveltal|Knock Off|p1a: Demiurge
|-damage|p1a: Demiurge|69/100
|-enditem|p1a: Demiurge|Heavy-Duty Boots|[from] move: Knock Off|[of] p2a: Yveltal
|
|upkeep
|turn|8
|
|t:|1652821049
|switch|p2a: Necrozma|Necrozma-Dusk-Mane|100/100
|move|p1a: Demiurge|Toxic|p2a: Necrozma
|-immune|p2a: Necrozma
|
|upkeep
|turn|9
|j| Fartherr
|inactive|Grande petro has 120 seconds left.
|
|t:|1652821070
|move|p1a: Demiurge|Recover|p1a: Demiurge
|-heal|p1a: Demiurge|100/100
|move|p2a: Necrozma|Thunder Wave|p1a: Demiurge|[miss]
|-miss|p2a: Necrozma|p1a: Demiurge
|
|upkeep
|turn|10
|inactive|Grande petro has 120 seconds left.
|
|t:|1652821085
|switch|p1a: Hamsuke|Ferrothorn, F|100/100
|move|p2a: Necrozma|Thunder Wave|p1a: Hamsuke
|-status|p1a: Hamsuke|par
|
|upkeep
|turn|11
|
|t:|1652821104
|move|p2a: Necrozma|Stealth Rock|p1a: Hamsuke
|-sidestart|p1: Kage UwU|move: Stealth Rock
|move|p1a: Hamsuke|Stealth Rock|p2a: Necrozma
|-sidestart|p2: Grande petro|move: Stealth Rock
|
|upkeep
|turn|12
|
|t:|1652821113
|switch|p2a: Eternatus|Eternatus|88/100
|-damage|p2a: Eternatus|76/100|[from] Stealth Rock
|-ability|p2a: Eternatus|Pressure
|move|p1a: Hamsuke|Spikes|p2a: Eternatus
|-sidestart|p2: Grande petro|Spikes
|
|upkeep
|turn|13
|
|t:|1652821122
|switch|p1a: Pleiade|Blissey, F|69/100
|-damage|p1a: Pleiade|56/100|[from] Stealth Rock
|move|p2a: Eternatus|Toxic|p1a: Pleiade
|-status|p1a: Pleiade|tox
|
|-damage|p1a: Pleiade|50/100 tox|[from] psn
|upkeep
|turn|14
|inactive|Grande petro has 120 seconds left.
|
|t:|1652821133
|switch|p2a: Yveltal|Yveltal|100/100
|-ability|p2a: Yveltal|Dark Aura
|move|p1a: Pleiade|Soft-Boiled|p1a: Pleiade
|-heal|p1a: Pleiade|99/100 tox
|
|-damage|p1a: Pleiade|88/100 tox|[from] psn
|upkeep
|turn|15
|inactive|Grande petro has 120 seconds left.
|
|t:|1652821143
|-curestatus|p1a: Pleiade|tox|[from] ability: Natural Cure
|switch|p1a: Demiurge|Eternatus|100/100
|-damage|p1a: Demiurge|88/100|[from] Stealth Rock
|-ability|p1a: Demiurge|Pressure
|move|p2a: Yveltal|Defog|p1a: Demiurge
|-unboost|p1a: Demiurge|evasion|1
|-sideend|p1: Kage UwU|Stealth Rock|[from] move: Defog|[of] p2a: Yveltal
|-sideend|p2: Grande petro|Spikes|[from] move: Defog|[of] p2a: Yveltal
|-sideend|p2: Grande petro|Stealth Rock|[from] move: Defog|[of] p2a: Yveltal
|
|upkeep
|turn|16
|inactive|Grande petro has 120 seconds left.
|
|t:|1652821157
|switch|p1a: Hamsuke|Ferrothorn, F|100/100 par
|switch|p2a: Necrozma|Necrozma-Dusk-Mane|100/100
|
|upkeep
|turn|17
|inactive|Grande petro has 120 seconds left.
|c| Fartherr|Grande getting smoked
|c| Fartherr|yo Kage you got this bro!
|
|t:|1652821184
|move|p2a: Necrozma|Stealth Rock|p1a: Hamsuke
|-sidestart|p1: Kage UwU|move: Stealth Rock
|move|p1a: Hamsuke|Stealth Rock|p2a: Necrozma
|-sidestart|p2: Grande petro|move: Stealth Rock
|
|upkeep
|turn|18
|
|t:|1652821207
|switch|p2a: Eternatus|Eternatus|76/100
|-damage|p2a: Eternatus|64/100|[from] Stealth Rock
|-ability|p2a: Eternatus|Pressure
|move|p1a: Hamsuke|Spikes|p2a: Eternatus
|-sidestart|p2: Grande petro|Spikes
|
|upkeep
|turn|19
|
|t:|1652821227
|switch|p1a: Cocytus|Necrozma-Dusk-Mane|100/100
|-damage|p1a: Cocytus|94/100|[from] Stealth Rock
|move|p2a: Eternatus|Recover|p2a: Eternatus
|-heal|p2a: Eternatus|100/100
|
|-heal|p1a: Cocytus|100/100|[from] item: Leftovers
|upkeep
|turn|20
|
|t:|1652821239
|switch|p2a: Zygarde|Zygarde|100/100
|-damage|p2a: Zygarde|94/100|[from] Stealth Rock
|-damage|p2a: Zygarde|82/100|[from] Spikes
|move|p1a: Cocytus|Toxic|p2a: Zygarde
|-status|p2a: Zygarde|tox
|
|-heal|p2a: Zygarde|88/100 tox|[from] item: Leftovers
|-damage|p2a: Zygarde|82/100 tox|[from] psn
|upkeep
|turn|21
|
|t:|1652821253
|switch|p1a: Albedo|Giratina|88/100
|-damage|p1a: Albedo|75/100|[from] Stealth Rock
|-ability|p1a: Albedo|Pressure
|move|p2a: Zygarde|Glare|p1a: Albedo
|-status|p1a: Albedo|par
|
|-heal|p2a: Zygarde|88/100 tox|[from] item: Leftovers
|-heal|p1a: Albedo|82/100 par|[from] item: Leftovers
|-damage|p2a: Zygarde|76/100 tox|[from] psn
|upkeep
|turn|22
|
|t:|1652821272
|switch|p2a: Yveltal|Yveltal|100/100
|-ability|p2a: Yveltal|Dark Aura
|move|p1a: Albedo|Roar|p2a: Yveltal
|drag|p2a: Necrozma|Necrozma-Dusk-Mane|100/100
|-damage|p2a: Necrozma|88/100|[from] Spikes
|-damage|p2a: Necrozma|82/100|[from] Stealth Rock
|
|-heal|p2a: Necrozma|88/100|[from] item: Leftovers
|-heal|p1a: Albedo|88/100 par|[from] item: Leftovers
|upkeep
|turn|23
|
|t:|1652821286
|move|p2a: Necrozma|Iron Head|p1a: Albedo
|-damage|p1a: Albedo|69/100 par
|cant|p1a: Albedo|par
|
|-heal|p2a: Necrozma|94/100|[from] item: Leftovers
|-heal|p1a: Albedo|75/100 par|[from] item: Leftovers
|upkeep
|turn|24
|
|t:|1652821295
|move|p2a: Necrozma|Iron Head|p1a: Albedo
|-damage|p1a: Albedo|58/100 par
|cant|p1a: Albedo|flinch
|
|-heal|p2a: Necrozma|99/100|[from] item: Leftovers
|-heal|p1a: Albedo|65/100 par|[from] item: Leftovers
|upkeep
|turn|25
|
|t:|1652821306
|switch|p1a: Shalltear|Yveltal|100/100
|-ability|p1a: Shalltear|Dark Aura
|move|p2a: Necrozma|Iron Head|p1a: Shalltear
|-damage|p1a: Shalltear|71/100
|
|-heal|p2a: Necrozma|100/100|[from] item: Leftovers
|upkeep
|turn|26
|
|t:|1652821324
|switch|p2a: Zygarde|Zygarde|76/100 tox
|-damage|p2a: Zygarde|63/100 tox|[from] Spikes
|-damage|p2a: Zygarde|57/100 tox|[from] Stealth Rock
|move|p1a: Shalltear|Knock Off|p2a: Zygarde
|-damage|p2a: Zygarde|25/100 tox
|-enditem|p2a: Zygarde|Leftovers|[from] move: Knock Off|[of] p1a: Shalltear
|
|-damage|p2a: Zygarde|19/100 tox|[from] psn
|-activate|p2a: Zygarde|ability: Power Construct
|detailschange|p2a: Zygarde|Zygarde-Complete
|-heal|p2a: Zygarde|47/100 tox|[silent]
|upkeep
|turn|27
|
|t:|1652821342
|move|p1a: Shalltear|Roost|p1a: Shalltear
|-heal|p1a: Shalltear|100/100
|-singleturn|p1a: Shalltear|move: Roost
|move|p2a: Zygarde|Rest|p2a: Zygarde
|-status|p2a: Zygarde|slp|[from] move: Rest
|-heal|p2a: Zygarde|100/100 slp|[silent]
|
|upkeep
|turn|28
|
|t:|1652821355
|switch|p1a: Albedo|Giratina|65/100 par
|-damage|p1a: Albedo|52/100 par|[from] Stealth Rock
|-ability|p1a: Albedo|Pressure
|cant|p2a: Zygarde|slp
|
|-heal|p1a: Albedo|58/100 par|[from] item: Leftovers
|upkeep
|turn|29
|
|t:|1652821365
|cant|p2a: Zygarde|slp
|move|p1a: Albedo|Roar|p2a: Zygarde
|drag|p2a: Necrozma|Necrozma-Dusk-Mane|100/100
|-damage|p2a: Necrozma|88/100|[from] Spikes
|-damage|p2a: Necrozma|82/100|[from] Stealth Rock
|
|-heal|p2a: Necrozma|88/100|[from] item: Leftovers
|-heal|p1a: Albedo|64/100 par|[from] item: Leftovers
|upkeep
|turn|30
|
|t:|1652821376
|switch|p1a: Hamsuke|Ferrothorn, F|100/100 par
|-damage|p1a: Hamsuke|94/100 par|[from] Stealth Rock
|move|p2a: Necrozma|Iron Head|p1a: Hamsuke
|-resisted|p1a: Hamsuke
|-damage|p1a: Hamsuke|82/100 par
|-damage|p2a: Necrozma|76/100|[from] ability: Iron Barbs|[of] p1a: Hamsuke
|-damage|p2a: Necrozma|59/100|[from] item: Rocky Helmet|[of] p1a: Hamsuke
|
|-heal|p2a: Necrozma|65/100|[from] item: Leftovers
|upkeep
|turn|31
|
|t:|1652821392
|switch|p2a: Yveltal|Yveltal|100/100
|-ability|p2a: Yveltal|Dark Aura
|cant|p1a: Hamsuke|par
|
|upkeep
|turn|32
|
|t:|1652821401
|move|p2a: Yveltal|Defog|p1a: Hamsuke
|-unboost|p1a: Hamsuke|evasion|1
|-sideend|p1: Kage UwU|Stealth Rock|[from] move: Defog|[of] p2a: Yveltal
|-sideend|p2: Grande petro|Spikes|[from] move: Defog|[of] p2a: Yveltal
|-sideend|p2: Grande petro|Stealth Rock|[from] move: Defog|[of] p2a: Yveltal
|cant|p1a: Hamsuke|par
|
|upkeep
|turn|33
|
|t:|1652821427
|switch|p2a: Eternatus|Eternatus|100/100
|-ability|p2a: Eternatus|Pressure
|switch|p1a: Demiurge|Eternatus|88/100
|-ability|p1a: Demiurge|Pressure
|
|upkeep
|turn|34
|
|t:|1652821436
|switch|p1a: Cocytus|Necrozma-Dusk-Mane|100/100
|move|p2a: Eternatus|Dynamax Cannon|p1a: Cocytus
|-resisted|p1a: Cocytus
|-damage|p1a: Cocytus|87/100
|
|-heal|p1a: Cocytus|93/100|[from] item: Leftovers
|upkeep
|turn|35
|
|t:|1652821452
|switch|p2a: Zygarde|Zygarde-Complete|100/100 slp
|move|p1a: Cocytus|Toxic||[still]
|-fail|p1a: Cocytus
|
|-heal|p1a: Cocytus|99/100|[from] item: Leftovers
|upkeep
|turn|36
|c| Fartherr|lets go kage!
|
|t:|1652821466
|switch|p1a: Albedo|Giratina|64/100 par
|-ability|p1a: Albedo|Pressure
|-curestatus|p2a: Zygarde|slp|[msg]
|move|p2a: Zygarde|Glare|p1a: Albedo
|-fail|p1a: Albedo|par
|
|-heal|p1a: Albedo|71/100 par|[from] item: Leftovers
|upkeep
|turn|37
|inactive|Grande petro has 90 seconds left.
|
|t:|1652821489
|switch|p2a: Yveltal|Yveltal|100/100
|-ability|p2a: Yveltal|Dark Aura
|move|p1a: Albedo|Roar|p2a: Yveltal
|drag|p2a: Necrozma|Necrozma-Dusk-Mane|65/100
|
|-heal|p2a: Necrozma|71/100|[from] item: Leftovers
|-heal|p1a: Albedo|77/100 par|[from] item: Leftovers
|upkeep
|turn|38
|inactive|Grande petro has 90 seconds left.
|
|t:|1652821501
|switch|p1a: Hamsuke|Ferrothorn, F|82/100 par
|move|p2a: Necrozma|Iron Head|p1a: Hamsuke
|-resisted|p1a: Hamsuke
|-damage|p1a: Hamsuke|70/100 par
|-damage|p2a: Necrozma|59/100|[from] ability: Iron Barbs|[of] p1a: Hamsuke
|-damage|p2a: Necrozma|42/100|[from] item: Rocky Helmet|[of] p1a: Hamsuke
|
|-heal|p2a: Necrozma|48/100|[from] item: Leftovers
|upkeep
|turn|39
|inactive|Grande petro has 90 seconds left.
|
|t:|1652821512
|move|p2a: Necrozma|Morning Sun|p2a: Necrozma
|-heal|p2a: Necrozma|98/100
|move|p1a: Hamsuke|Leech Seed|p2a: Necrozma
|-start|p2a: Necrozma|move: Leech Seed
|
|-heal|p2a: Necrozma|100/100|[from] item: Leftovers
|-damage|p2a: Necrozma|88/100|[from] Leech Seed|[of] p1a: Hamsuke
|-heal|p1a: Hamsuke|84/100 par|[silent]
|upkeep
|turn|40
|inactive|Grande petro has 90 seconds left.
|
|t:|1652821525
|switch|p2a: Kyogre|Kyogre|100/100
|-weather|RainDance|[from] ability: Drizzle|[of] p2a: Kyogre
|cant|p1a: Hamsuke|par
|
|-weather|RainDance|[upkeep]
|upkeep
|turn|41
|
|t:|1652821533
|switch|p1a: Pleiade|Blissey, F|88/100
|move|p2a: Kyogre|Substitute|p2a: Kyogre
|-start|p2a: Kyogre|Substitute
|-damage|p2a: Kyogre|75/100
|
|-weather|RainDance|[upkeep]
|-heal|p2a: Kyogre|82/100|[from] item: Leftovers
|upkeep
|turn|42
|c| Fartherr|hes gonna use calm mind!
|
|t:|1652821542
|move|p2a: Kyogre|Calm Mind|p2a: Kyogre
|-boost|p2a: Kyogre|spa|1
|-boost|p2a: Kyogre|spd|1
|move|p1a: Pleiade|Aromatherapy|p1a: Pleiade
|-activate|p1a: Pleiade|move: Aromatherapy
|-curestatus|p1: Albedo|par|[msg]
|-curestatus|p1: Hamsuke|par|[msg]
|
|-weather|RainDance|[upkeep]
|-heal|p2a: Kyogre|88/100|[from] item: Leftovers
|upkeep
|turn|43
|
|t:|1652821552
|move|p2a: Kyogre|Calm Mind|p2a: Kyogre
|-boost|p2a: Kyogre|spa|1
|-boost|p2a: Kyogre|spd|1
|move|p1a: Pleiade|Confide|p2a: Kyogre
|-unboost|p2a: Kyogre|spa|1
|
|-weather|RainDance|[upkeep]
|-heal|p2a: Kyogre|94/100|[from] item: Leftovers
|upkeep
|turn|44
|
|t:|1652821566
|switch|p1a: Hamsuke|Ferrothorn, F|84/100
|move|p2a: Kyogre|Calm Mind|p2a: Kyogre
|-boost|p2a: Kyogre|spa|1
|-boost|p2a: Kyogre|spd|1
|
|-weather|none
|-heal|p2a: Kyogre|99/100|[from] item: Leftovers
|upkeep
|turn|45
|
|t:|1652821576
|switch|p1a: Pleiade|Blissey, F|88/100
|move|p2a: Kyogre|Surf|p1a: Pleiade
|-damage|p1a: Pleiade|56/100
|
|-heal|p2a: Kyogre|100/100|[from] item: Leftovers
|upkeep
|turn|46
|
|t:|1652821585
|move|p2a: Kyogre|Calm Mind|p2a: Kyogre
|-boost|p2a: Kyogre|spa|1
|-boost|p2a: Kyogre|spd|1
|move|p1a: Pleiade|Soft-Boiled|p1a: Pleiade
|-heal|p1a: Pleiade|100/100
|
|upkeep
|turn|47
|
|t:|1652821592
|move|p2a: Kyogre|Surf|p1a: Pleiade
|-damage|p1a: Pleiade|63/100
|move|p1a: Pleiade|Confide|p2a: Kyogre
|-unboost|p2a: Kyogre|spa|1
|
|upkeep
|turn|48
|
|t:|1652821607
|move|p2a: Kyogre|Calm Mind|p2a: Kyogre
|-boost|p2a: Kyogre|spa|1
|-boost|p2a: Kyogre|spd|1
|move|p1a: Pleiade|Soft-Boiled|p1a: Pleiade
|-heal|p1a: Pleiade|100/100
|
|upkeep
|turn|49
|
|t:|1652821614
|move|p2a: Kyogre|Surf|p1a: Pleiade
|-damage|p1a: Pleiade|58/100
|move|p1a: Pleiade|Confide|p2a: Kyogre
|-unboost|p2a: Kyogre|spa|1
|
|upkeep
|turn|50
|inactive|Grande petro has 120 seconds left.
|
|t:|1652821622
|move|p2a: Kyogre|Calm Mind|p2a: Kyogre
|-boost|p2a: Kyogre|spa|1
|-boost|p2a: Kyogre|spd|1
|move|p1a: Pleiade|Soft-Boiled|p1a: Pleiade
|-heal|p1a: Pleiade|100/100
|
|upkeep
|turn|51
|
|t:|1652821629
|move|p2a: Kyogre|Calm Mind|p2a: Kyogre
|-boost|p2a: Kyogre|spa|1
|-boost|p2a: Kyogre|spd|0
|move|p1a: Pleiade|Confide|p2a: Kyogre
|-unboost|p2a: Kyogre|spa|1
|
|upkeep
|turn|52
|
|t:|1652821636
|move|p2a: Kyogre|Surf|p1a: Pleiade
|-damage|p1a: Pleiade|62/100
|move|p1a: Pleiade|Confide|p2a: Kyogre
|-unboost|p2a: Kyogre|spa|1
|
|upkeep
|turn|53
|
|t:|1652821644
|move|p2a: Kyogre|Thunder Wave|p1a: Pleiade
|-status|p1a: Pleiade|par
|move|p1a: Pleiade|Confide|p2a: Kyogre
|-unboost|p2a: Kyogre|spa|1
|
|upkeep
|turn|54
|
|t:|1652821651
|move|p2a: Kyogre|Surf|p1a: Pleiade
|-damage|p1a: Pleiade|35/100 par
|move|p1a: Pleiade|Soft-Boiled|p1a: Pleiade
|-heal|p1a: Pleiade|85/100 par
|
|upkeep
|turn|55
|
|t:|1652821658
|-curestatus|p1a: Pleiade|par|[from] ability: Natural Cure
|switch|p1a: Albedo|Giratina|77/100
|-ability|p1a: Albedo|Pressure
|move|p2a: Kyogre|Calm Mind|p2a: Kyogre
|-boost|p2a: Kyogre|spa|1
|-boost|p2a: Kyogre|spd|0
|
|-heal|p1a: Albedo|83/100|[from] item: Leftovers
|upkeep
|turn|56
|
|t:|1652821669
|switch|p1a: Pleiade|Blissey, F|85/100
|move|p2a: Kyogre|Calm Mind|p2a: Kyogre
|-boost|p2a: Kyogre|spa|1
|-boost|p2a: Kyogre|spd|0
|
|upkeep
|turn|57
|
|t:|1652821676
|move|p2a: Kyogre|Thunder Wave|p1a: Pleiade
|-status|p1a: Pleiade|par
|cant|p1a: Pleiade|par
|
|upkeep
|turn|58
|
|t:|1652821683
|move|p2a: Kyogre|Surf|p1a: Pleiade
|-damage|p1a: Pleiade|47/100 par
|cant|p1a: Pleiade|par
|
|upkeep
|turn|59
|
|t:|1652821689
|move|p2a: Kyogre|Surf|p1a: Pleiade
|-damage|p1a: Pleiade|4/100 par
|move|p1a: Pleiade|Soft-Boiled|p1a: Pleiade
|-heal|p1a: Pleiade|54/100 par
|
|upkeep
|turn|60
|
|t:|1652821696
|move|p2a: Kyogre|Calm Mind|p2a: Kyogre
|-boost|p2a: Kyogre|spa|1
|-boost|p2a: Kyogre|spd|0
|move|p1a: Pleiade|Soft-Boiled|p1a: Pleiade
|-heal|p1a: Pleiade|100/100 par
|
|upkeep
|turn|61
|
|t:|1652821703
|move|p2a: Kyogre|Surf|p1a: Pleiade
|-damage|p1a: Pleiade|48/100 par
|move|p1a: Pleiade|Confide|p2a: Kyogre
|-unboost|p2a: Kyogre|spa|1
|
|upkeep
|turn|62
|
|t:|1652821709
|move|p2a: Kyogre|Surf|p1a: Pleiade
|-damage|p1a: Pleiade|8/100 par
|move|p1a: Pleiade|Soft-Boiled|p1a: Pleiade
|-heal|p1a: Pleiade|58/100 par
|
|upkeep
|turn|63
|
|t:|1652821716
|move|p2a: Kyogre|Surf|p1a: Pleiade
|-damage|p1a: Pleiade|19/100 par
|move|p1a: Pleiade|Soft-Boiled|p1a: Pleiade
|-heal|p1a: Pleiade|69/100 par
|
|upkeep
|turn|64
|
|t:|1652821723
|move|p2a: Kyogre|Calm Mind|p2a: Kyogre
|-boost|p2a: Kyogre|spa|1
|-boost|p2a: Kyogre|spd|0
|move|p1a: Pleiade|Soft-Boiled|p1a: Pleiade
|-heal|p1a: Pleiade|100/100 par
|
|upkeep
|turn|65
|
|t:|1652821734
|move|p2a: Kyogre|Calm Mind|p2a: Kyogre
|-boost|p2a: Kyogre|spa|1
|-boost|p2a: Kyogre|spd|0
|move|p1a: Pleiade|Confide|p2a: Kyogre
|-unboost|p2a: Kyogre|spa|1
|
|upkeep
|turn|66
|
|t:|1652821741
|move|p2a: Kyogre|Surf|p1a: Pleiade
|-damage|p1a: Pleiade|52/100 par
|cant|p1a: Pleiade|par
|
|upkeep
|turn|67
|
|t:|1652821746
|move|p2a: Kyogre|Surf|p1a: Pleiade
|-damage|p1a: Pleiade|1/100 par
|cant|p1a: Pleiade|par
|
|upkeep
|turn|68
|
|t:|1652821752
|move|p2a: Kyogre|Surf|p1a: Pleiade
|-crit|p1a: Pleiade
|-damage|p1a: Pleiade|0 fnt
|faint|p1a: Pleiade
|
|upkeep
|
|t:|1652821758
|switch|p1a: Albedo|Giratina|83/100
|-ability|p1a: Albedo|Pressure
|turn|69
|
|t:|1652821769
|move|p2a: Kyogre|Surf|p1a: Albedo
|-resisted|p1a: Albedo
|-damage|p1a: Albedo|38/100
|move|p1a: Albedo|Roar|p2a: Kyogre
|drag|p2a: Zygarde|Zygarde-Complete|100/100
|
|-heal|p1a: Albedo|44/100|[from] item: Leftovers
|upkeep
|turn|70
|
|t:|1652821783
|move|p2a: Zygarde|Thousand Arrows|p1a: Albedo
|-crit|p1a: Albedo
|-damage|p1a: Albedo|23/100
|move|p1a: Albedo|Toxic|p2a: Zygarde|[miss]
|-miss|p1a: Albedo|p2a: Zygarde
|
|-heal|p1a: Albedo|29/100|[from] item: Leftovers
|upkeep
|turn|71
|
|t:|1652821792
|switch|p2a: Eternatus|Eternatus|100/100
|-ability|p2a: Eternatus|Pressure
|move|p1a: Albedo|Rest|p1a: Albedo
|-status|p1a: Albedo|slp|[from] move: Rest
|-heal|p1a: Albedo|100/100 slp|[silent]
|
|upkeep
|turn|72
|
|t:|1652821804
|switch|p1a: Cocytus|Necrozma-Dusk-Mane|99/100
|move|p2a: Eternatus|Dynamax Cannon|p1a: Cocytus
|-resisted|p1a: Cocytus
|-damage|p1a: Cocytus|86/100
|
|-heal|p1a: Cocytus|92/100|[from] item: Leftovers
|upkeep
|turn|73
|
|t:|1652821815
|switch|p2a: Yveltal|Yveltal|100/100
|-ability|p2a: Yveltal|Dark Aura
|move|p1a: Cocytus|Iron Head|p2a: Yveltal
|-damage|p2a: Yveltal|65/100
|
|-heal|p1a: Cocytus|98/100|[from] item: Leftovers
|upkeep
|turn|74
|
|t:|1652821825
|switch|p1a: Demiurge|Eternatus|88/100
|-ability|p1a: Demiurge|Pressure
|move|p2a: Yveltal|Knock Off|p1a: Demiurge
|-damage|p1a: Demiurge|69/100
|
|upkeep
|turn|75
|
|t:|1652821834
|switch|p2a: Necrozma|Necrozma-Dusk-Mane|88/100
|move|p1a: Demiurge|Toxic|p2a: Necrozma
|-immune|p2a: Necrozma
|
|-heal|p2a: Necrozma|94/100|[from] item: Leftovers
|upkeep
|turn|76
|
|t:|1652821843
|switch|p1a: Hamsuke|Ferrothorn, F|84/100
|move|p2a: Necrozma|Stealth Rock|p1a: Hamsuke
|-sidestart|p1: Kage UwU|move: Stealth Rock
|
|-heal|p2a: Necrozma|99/100|[from] item: Leftovers
|upkeep
|turn|77
|
|t:|1652821858
|switch|p2a: Calyrex|Calyrex-Shadow|100/100
|-ability|p2a: Calyrex|As One
|-ability|p2a: Calyrex|Unnerve
|move|p1a: Hamsuke|Stealth Rock|p2a: Calyrex
|-sidestart|p2: Grande petro|move: Stealth Rock
|
|upkeep
|turn|78
|
|t:|1652821871
|switch|p1a: Shalltear|Yveltal|100/100
|-ability|p1a: Shalltear|Dark Aura
|move|p2a: Calyrex|Trick|p1a: Shalltear
|-activate|p2a: Calyrex|move: Trick|[of] p1a: Shalltear
|-item|p1a: Shalltear|Choice Scarf|[from] move: Trick
|-item|p2a: Calyrex|Heavy-Duty Boots|[from] move: Trick
|
|upkeep
|turn|79
|
|t:|1652821881
|switch|p2a: Zygarde|Zygarde-Complete|100/100
|-damage|p2a: Zygarde|94/100|[from] Stealth Rock
|move|p1a: Shalltear|Defog|p2a: Zygarde
|-unboost|p2a: Zygarde|evasion|1
|-sideend|p2: Grande petro|Stealth Rock|[from] move: Defog|[of] p1a: Shalltear
|-sideend|p1: Kage UwU|Stealth Rock|[from] move: Defog|[of] p1a: Shalltear
|
|upkeep
|turn|80
|
|t:|1652821894
|switch|p1a: Albedo|Giratina|100/100 slp
|-ability|p1a: Albedo|Pressure
|move|p2a: Zygarde|Glare||[still]
|-fail|p2a: Zygarde
|
|upkeep
|turn|81
|
|t:|1652821902
|move|p2a: Zygarde|Coil|p2a: Zygarde
|-boost|p2a: Zygarde|atk|1
|-boost|p2a: Zygarde|def|1
|-boost|p2a: Zygarde|accuracy|1
|cant|p1a: Albedo|slp
|
|upkeep
|turn|82
|
|t:|1652821908
|move|p2a: Zygarde|Coil|p2a: Zygarde
|-boost|p2a: Zygarde|atk|1
|-boost|p2a: Zygarde|def|1
|-boost|p2a: Zygarde|accuracy|1
|cant|p1a: Albedo|slp
|
|upkeep
|turn|83
|
|t:|1652821915
|move|p2a: Zygarde|Coil|p2a: Zygarde
|-boost|p2a: Zygarde|atk|1
|-boost|p2a: Zygarde|def|1
|-boost|p2a: Zygarde|accuracy|1
|-curestatus|p1a: Albedo|slp|[msg]
|move|p1a: Albedo|Roar|p2a: Zygarde
|drag|p2a: Calyrex|Calyrex-Shadow|100/100
|-ability|p2a: Calyrex|As One
|-ability|p2a: Calyrex|Unnerve
|
|upkeep
|turn|84
|
|t:|1652821928
|switch|p1a: Shalltear|Yveltal|100/100
|-ability|p1a: Shalltear|Dark Aura
|move|p2a: Calyrex|Astral Barrage|p1a: Shalltear
|-resisted|p1a: Shalltear
|-damage|p1a: Shalltear|80/100
|
|upkeep
|turn|85
|
|t:|1652821938
|switch|p2a: Zygarde|Zygarde-Complete|94/100
|move|p1a: Shalltear|Knock Off|p2a: Zygarde
|-damage|p2a: Zygarde|81/100
|
|upkeep
|turn|86
|
|t:|1652821948
|switch|p1a: Albedo|Giratina|100/100
|-ability|p1a: Albedo|Pressure
|move|p2a: Zygarde|Glare|p1a: Albedo
|-status|p1a: Albedo|par
|
|upkeep
|turn|87
|
|t:|1652821967
|switch|p2a: Necrozma|Necrozma-Dusk-Mane|99/100
|move|p1a: Albedo|Toxic|p2a: Necrozma
|-immune|p2a: Necrozma
|
|-heal|p2a: Necrozma|100/100|[from] item: Leftovers
|upkeep
|turn|88
|
|t:|1652821978
|move|p2a: Necrozma|Stealth Rock|p1a: Albedo
|-sidestart|p1: Kage UwU|move: Stealth Rock
|move|p1a: Albedo|Will-O-Wisp|p2a: Necrozma
|-status|p2a: Necrozma|brn
|
|-damage|p2a: Necrozma|94/100 brn|[from] brn
|upkeep
|turn|89
|
|t:|1652821987
|switch|p1a: Shalltear|Yveltal|80/100
|-damage|p1a: Shalltear|55/100|[from] Stealth Rock
|-ability|p1a: Shalltear|Dark Aura
|move|p2a: Necrozma|Iron Head|p1a: Shalltear
|-damage|p1a: Shalltear|39/100
|
|-heal|p2a: Necrozma|100/100 brn|[from] item: Leftovers
|-damage|p2a: Necrozma|94/100 brn|[from] brn
|upkeep
|turn|90
|
|t:|1652822000
|switch|p2a: Zygarde|Zygarde-Complete|81/100
|move|p1a: Shalltear|Roost|p1a: Shalltear
|-heal|p1a: Shalltear|89/100
|-singleturn|p1a: Shalltear|move: Roost
|
|upkeep
|turn|91
|
|t:|1652822011
|switch|p1a: Albedo|Giratina|100/100 par
|-damage|p1a: Albedo|88/100 par|[from] Stealth Rock
|-ability|p1a: Albedo|Pressure
|move|p2a: Zygarde|Thousand Arrows|p1a: Albedo
|-damage|p1a: Albedo|75/100 par
|
|-heal|p1a: Albedo|81/100 par|[from] item: Leftovers
|upkeep
|turn|92
|
|t:|1652822024
|switch|p2a: Yveltal|Yveltal|65/100
|-ability|p2a: Yveltal|Dark Aura
|switch|p1a: Shalltear|Yveltal|89/100
|-damage|p1a: Shalltear|64/100|[from] Stealth Rock
|-ability|p1a: Shalltear|Dark Aura
|
|upkeep
|turn|93
|
|t:|1652822036
|move|p1a: Shalltear|Defog|p2a: Yveltal
|-unboost|p2a: Yveltal|evasion|1
|-sideend|p1: Kage UwU|Stealth Rock|[from] move: Defog|[of] p1a: Shalltear
|move|p2a: Yveltal|Roost|p2a: Yveltal
|-heal|p2a: Yveltal|100/100
|-singleturn|p2a: Yveltal|move: Roost
|
|upkeep
|turn|94
|
|t:|1652822044
|switch|p1a: Demiurge|Eternatus|69/100
|-ability|p1a: Demiurge|Pressure
|switch|p2a: Necrozma|Necrozma-Dusk-Mane|94/100 brn
|
|-heal|p2a: Necrozma|100/100 brn|[from] item: Leftovers
|-damage|p2a: Necrozma|94/100 brn|[from] brn
|upkeep
|turn|95
|
|t:|1652822055
|switch|p1a: Hamsuke|Ferrothorn, F|84/100
|move|p2a: Necrozma|Stealth Rock|p1a: Hamsuke
|-sidestart|p1: Kage UwU|move: Stealth Rock
|
|-heal|p2a: Necrozma|100/100 brn|[from] item: Leftovers
|-damage|p2a: Necrozma|94/100 brn|[from] brn
|upkeep
|turn|96
|
|t:|1652822064
|move|p2a: Necrozma|Thunder Wave|p1a: Hamsuke
|-status|p1a: Hamsuke|par
|move|p1a: Hamsuke|Leech Seed|p2a: Necrozma|[miss]
|-miss|p1a: Hamsuke|p2a: Necrozma
|
|-heal|p2a: Necrozma|100/100 brn|[from] item: Leftovers
|-damage|p2a: Necrozma|94/100 brn|[from] brn
|upkeep
|turn|97
|
|t:|1652822090
|switch|p2a: Eternatus|Eternatus|100/100
|-ability|p2a: Eternatus|Pressure
|switch|p1a: Shalltear|Yveltal|64/100
|-damage|p1a: Shalltear|39/100|[from] Stealth Rock
|-ability|p1a: Shalltear|Dark Aura
|
|upkeep
|turn|98
|
|t:|1652822101
|move|p1a: Shalltear|Roost|p1a: Shalltear
|-heal|p1a: Shalltear|89/100
|-singleturn|p1a: Shalltear|move: Roost
|move|p2a: Eternatus|Dynamax Cannon|p1a: Shalltear
|-damage|p1a: Shalltear|62/100
|
|upkeep
|turn|99
|
|t:|1652822110
|switch|p1a: Cocytus|Necrozma-Dusk-Mane|98/100
|-damage|p1a: Cocytus|92/100|[from] Stealth Rock
|move|p2a: Eternatus|Toxic|p1a: Cocytus
|-immune|p1a: Cocytus
|
|-heal|p1a: Cocytus|98/100|[from] item: Leftovers
|upkeep
|turn|100
|
|t:|1652822119
|switch|p2a: Zygarde|Zygarde-Complete|81/100
|switch|p1a: Shalltear|Yveltal|62/100
|-damage|p1a: Shalltear|37/100|[from] Stealth Rock
|-ability|p1a: Shalltear|Dark Aura
|
|upkeep
|turn|101
|
|t:|1652822128
|move|p1a: Shalltear|Roost|p1a: Shalltear
|-heal|p1a: Shalltear|88/100
|-singleturn|p1a: Shalltear|move: Roost
|move|p2a: Zygarde|Thousand Arrows|p1a: Shalltear
|-crit|p1a: Shalltear
|-damage|p1a: Shalltear|51/100
|
|upkeep
|turn|102
|
|t:|1652822136
|move|p1a: Shalltear|Roost|p1a: Shalltear
|-heal|p1a: Shalltear|100/100
|-singleturn|p1a: Shalltear|move: Roost
|move|p2a: Zygarde|Coil|p2a: Zygarde
|-boost|p2a: Zygarde|atk|1
|-boost|p2a: Zygarde|def|1
|-boost|p2a: Zygarde|accuracy|1
|
|upkeep
|turn|103
|
|t:|1652822147
|switch|p1a: Albedo|Giratina|81/100 par
|-damage|p1a: Albedo|69/100 par|[from] Stealth Rock
|-ability|p1a: Albedo|Pressure
|move|p2a: Zygarde|Glare|p1a: Albedo
|-fail|p1a: Albedo|par
|
|-heal|p1a: Albedo|75/100 par|[from] item: Leftovers
|upkeep
|turn|104
|inactive|Grande petro has 120 seconds left.
|
|t:|1652822159
|move|p2a: Zygarde|Thousand Arrows|p1a: Albedo
|-damage|p1a: Albedo|56/100 par
|move|p1a: Albedo|Toxic|p2a: Zygarde
|-status|p2a: Zygarde|tox
|
|-heal|p1a: Albedo|62/100 par|[from] item: Leftovers
|-damage|p2a: Zygarde|75/100 tox|[from] psn
|upkeep
|turn|105
|inactive|Grande petro has 120 seconds left.
|
|t:|1652822174
|move|p2a: Zygarde|Thousand Arrows|p1a: Albedo
|-damage|p1a: Albedo|44/100 par
|cant|p1a: Albedo|par
|
|-heal|p1a: Albedo|50/100 par|[from] item: Leftovers
|-damage|p2a: Zygarde|62/100 tox|[from] psn
|upkeep
|turn|106
|
|t:|1652822191
|move|p2a: Zygarde|Thousand Arrows|p1a: Albedo
|-damage|p1a: Albedo|30/100 par
|cant|p1a: Albedo|par
|
|-heal|p1a: Albedo|37/100 par|[from] item: Leftovers
|-damage|p2a: Zygarde|43/100 tox|[from] psn
|upkeep
|turn|107
|
|t:|1652822202
|move|p2a: Zygarde|Rest|p2a: Zygarde
|-status|p2a: Zygarde|slp|[from] move: Rest
|-heal|p2a: Zygarde|100/100 slp|[silent]
|move|p1a: Albedo|Rest|p1a: Albedo
|-status|p1a: Albedo|slp|[from] move: Rest
|-heal|p1a: Albedo|100/100 slp|[silent]
|
|upkeep
|turn|108
|
|t:|1652822213
|switch|p2a: Yveltal|Yveltal|100/100
|-ability|p2a: Yveltal|Dark Aura
|cant|p1a: Albedo|slp
|
|upkeep
|turn|109
|
|t:|1652822222
|switch|p1a: Demiurge|Eternatus|69/100
|-damage|p1a: Demiurge|57/100|[from] Stealth Rock
|-ability|p1a: Demiurge|Pressure
|move|p2a: Yveltal|Knock Off|p1a: Demiurge
|-damage|p1a: Demiurge|37/100
|
|upkeep
|turn|110
|inactive|Grande petro has 90 seconds left.
|
|t:|1652822232
|switch|p2a: Eternatus|Eternatus|100/100
|-ability|p2a: Eternatus|Pressure
|move|p1a: Demiurge|Recover|p1a: Demiurge
|-heal|p1a: Demiurge|87/100
|
|upkeep
|turn|111
|inactive|Grande petro has 90 seconds left.
|
|t:|1652822240
|switch|p1a: Cocytus|Necrozma-Dusk-Mane|98/100
|-damage|p1a: Cocytus|92/100|[from] Stealth Rock
|move|p2a: Eternatus|Dynamax Cannon|p1a: Cocytus
|-resisted|p1a: Cocytus
|-damage|p1a: Cocytus|77/100
|
|-heal|p1a: Cocytus|83/100|[from] item: Leftovers
|upkeep
|turn|112
|inactive|Grande petro has 90 seconds left.
|
|t:|1652822256
|switch|p2a: Zygarde|Zygarde-Complete|100/100 slp
|switch|p1a: Hamsuke|Ferrothorn, F|84/100 par
|-damage|p1a: Hamsuke|78/100 par|[from] Stealth Rock
|
|upkeep
|turn|113
|
|t:|1652822268
|cant|p2a: Zygarde|slp
|move|p1a: Hamsuke|Leech Seed|p2a: Zygarde
|-start|p2a: Zygarde|move: Leech Seed
|
|-damage|p2a: Zygarde|88/100 slp|[from] Leech Seed|[of] p1a: Hamsuke
|-heal|p1a: Hamsuke|99/100 par|[silent]
|upkeep
|turn|114
|
|t:|1652822286
|switch|p2a: Necrozma|Necrozma-Dusk-Mane|94/100 brn
|switch|p1a: Albedo|Giratina|100/100 slp
|-damage|p1a: Albedo|88/100 slp|[from] Stealth Rock
|-ability|p1a: Albedo|Pressure
|
|-heal|p2a: Necrozma|100/100 brn|[from] item: Leftovers
|-heal|p1a: Albedo|94/100 slp|[from] item: Leftovers
|-damage|p2a: Necrozma|94/100 brn|[from] brn
|upkeep
|turn|115
|l| Fartherr
|inactive|Kage UwU has 120 seconds left.
|inactive|Grande petro has 60 seconds left.
|
|t:|1652822302
|move|p2a: Necrozma|Iron Head|p1a: Albedo
|-damage|p1a: Albedo|86/100 slp
|cant|p1a: Albedo|slp
|
|-heal|p2a: Necrozma|100/100 brn|[from] item: Leftovers
|-heal|p1a: Albedo|92/100 slp|[from] item: Leftovers
|-damage|p2a: Necrozma|94/100 brn|[from] brn
|upkeep
|turn|116
|inactive|Kage UwU has 120 seconds left.
|inactive|Grande petro has 60 seconds left.
|
|t:|1652822312
|switch|p2a: Calyrex|Calyrex-Shadow|100/100
|-ability|p2a: Calyrex|As One
|-ability|p2a: Calyrex|Unnerve
|-curestatus|p1a: Albedo|slp|[msg]
|move|p1a: Albedo|Will-O-Wisp|p2a: Calyrex
|-status|p2a: Calyrex|brn
|
|-heal|p1a: Albedo|98/100|[from] item: Leftovers
|-damage|p2a: Calyrex|94/100 brn|[from] brn
|upkeep
|turn|117
|inactive|Kage UwU has 120 seconds left.
|
|t:|1652822328
|switch|p1a: Shalltear|Yveltal|100/100
|-damage|p1a: Shalltear|76/100|[from] Stealth Rock
|-ability|p1a: Shalltear|Dark Aura
|move|p2a: Calyrex|Aromatherapy|p2a: Calyrex
|-activate|p2a: Calyrex|move: Aromatherapy
|-curestatus|p2a: Calyrex|brn|[msg]
|-curestatus|p2: Zygarde|slp|[msg]
|-curestatus|p2: Necrozma|brn|[msg]
|
|upkeep
|turn|118
|inactive|Grande petro has 30 seconds left.
|
|t:|1652822350
|switch|p2a: Yveltal|Yveltal|100/100
|-ability|p2a: Yveltal|Dark Aura
|move|p1a: Shalltear|Roost|p1a: Shalltear
|-heal|p1a: Shalltear|100/100
|-singleturn|p1a: Shalltear|move: Roost
|
|upkeep
|turn|119
|inactive|Grande petro has 30 seconds left.
|
|t:|1652822360
|switch|p1a: Demiurge|Eternatus|87/100
|-damage|p1a: Demiurge|75/100|[from] Stealth Rock
|-ability|p1a: Demiurge|Pressure
|move|p2a: Yveltal|Knock Off|p1a: Demiurge
|-damage|p1a: Demiurge|52/100
|
|upkeep
|turn|120
|inactive|Grande petro has 30 seconds left.
|
|t:|1652822372
|switch|p2a: Eternatus|Eternatus|100/100
|-ability|p2a: Eternatus|Pressure
|move|p1a: Demiurge|Recover|p1a: Demiurge
|-heal|p1a: Demiurge|100/100
|
|upkeep
|turn|121
|inactive|Grande petro has 30 seconds left.
|
|t:|1652822381
|switch|p2a: Zygarde|Zygarde-Complete|88/100
|switch|p1a: Cocytus|Necrozma-Dusk-Mane|83/100
|-damage|p1a: Cocytus|77/100|[from] Stealth Rock
|
|-heal|p1a: Cocytus|83/100|[from] item: Leftovers
|upkeep
|turn|122
|inactive|Grande petro has 30 seconds left.
|
|t:|1652822390
|move|p2a: Zygarde|Thousand Arrows|p1a: Cocytus
|-supereffective|p1a: Cocytus
|-damage|p1a: Cocytus|53/100
|move|p1a: Cocytus|Toxic|p2a: Zygarde
|-status|p2a: Zygarde|tox
|
|-heal|p1a: Cocytus|59/100|[from] item: Leftovers
|-damage|p2a: Zygarde|82/100 tox|[from] psn
|upkeep
|turn|123
|inactive|Grande petro has 30 seconds left.
|
|t:|1652822400
|switch|p1a: Albedo|Giratina|98/100
|-damage|p1a: Albedo|86/100|[from] Stealth Rock
|-ability|p1a: Albedo|Pressure
|move|p2a: Zygarde|Thousand Arrows|p1a: Albedo
|-damage|p1a: Albedo|73/100
|
|-heal|p1a: Albedo|79/100|[from] item: Leftovers
|-damage|p2a: Zygarde|69/100 tox|[from] psn
|upkeep
|turn|124
|inactive|Grande petro has 30 seconds left.
|inactive|Kage UwU has 90 seconds left.
|
|t:|1652822416
|switch|p2a: Calyrex|Calyrex-Shadow|94/100
|-ability|p2a: Calyrex|As One
|-ability|p2a: Calyrex|Unnerve
|switch|p1a: Hamsuke|Ferrothorn, F|99/100 par
|-damage|p1a: Hamsuke|94/100 par|[from] Stealth Rock
|
|upkeep
|turn|125
|inactive|Grande petro has 30 seconds left this turn.
|inactive|Grande petro has 20 seconds left.
|
|t:|1652822427
|switch|p1a: Shalltear|Yveltal|100/100
|-damage|p1a: Shalltear|76/100|[from] Stealth Rock
|-ability|p1a: Shalltear|Dark Aura
|move|p2a: Calyrex|Astral Barrage|p1a: Shalltear
|-resisted|p1a: Shalltear
|-damage|p1a: Shalltear|55/100
|
|upkeep
|turn|126
|inactive|Grande petro has 25 seconds left this turn.
|inactive|Grande petro has 20 seconds left.
|inactive|Grande petro has 15 seconds left.
|
|t:|1652822439
|switch|p2a: Kyogre|Kyogre|100/100
|-weather|RainDance|[from] ability: Drizzle|[of] p2a: Kyogre
|move|p1a: Shalltear|Roost|p1a: Shalltear
|-heal|p1a: Shalltear|100/100
|-singleturn|p1a: Shalltear|move: Roost
|
|-weather|RainDance|[upkeep]
|upkeep
|turn|127
|inactive|Grande petro has 20 seconds left this turn.
|inactive|Grande petro has 15 seconds left.
|inactive|Grande petro has 10 seconds left.
|
|t:|1652822450
|switch|p1a: Albedo|Giratina|79/100
|-damage|p1a: Albedo|67/100|[from] Stealth Rock
|-ability|p1a: Albedo|Pressure
|move|p2a: Kyogre|Surf|p1a: Albedo
|-resisted|p1a: Albedo
|-damage|p1a: Albedo|44/100
|
|-weather|RainDance|[upkeep]
|-heal|p1a: Albedo|50/100|[from] item: Leftovers
|upkeep
|turn|128
|inactive|Grande petro has 15 seconds left this turn.
|inactive|Grande petro has 10 seconds left.
|inactive|Grande petro has 5 seconds left.
|
|t:|1652822461
|move|p2a: Kyogre|Surf|p1a: Albedo
|-resisted|p1a: Albedo
|-damage|p1a: Albedo|27/100
|move|p1a: Albedo|Roar|p2a: Kyogre
|drag|p2a: Zygarde|Zygarde-Complete|69/100 tox
|
|-weather|RainDance|[upkeep]
|-heal|p1a: Albedo|34/100|[from] item: Leftovers
|-damage|p2a: Zygarde|63/100 tox|[from] psn
|upkeep
|turn|129
|inactive|Grande petro has 10 seconds left this turn.
|inactive|Grande petro has 5 seconds left.
|
|t:|1652822470
|move|p2a: Zygarde|Glare|p1a: Albedo
|-status|p1a: Albedo|par
|move|p1a: Albedo|Rest|p1a: Albedo
|-status|p1a: Albedo|slp|[from] move: Rest
|-heal|p1a: Albedo|100/100 slp|[silent]
|
|-weather|RainDance|[upkeep]
|-damage|p2a: Zygarde|50/100 tox|[from] psn
|upkeep
|turn|130
|inactive|Grande petro has 10 seconds left this turn.
|
|t:|1652822479
|switch|p2a: Kyogre|Kyogre|100/100
|cant|p1a: Albedo|slp
|
|-weather|none
|upkeep
|turn|131
|inactive|Grande petro has 15 seconds left this turn.
|inactive|Grande petro has 10 seconds left.
|
|t:|1652822485
|move|p2a: Kyogre|Surf|p1a: Albedo
|-resisted|p1a: Albedo
|-damage|p1a: Albedo|84/100 slp
|cant|p1a: Albedo|slp
|
|-heal|p1a: Albedo|90/100 slp|[from] item: Leftovers
|upkeep
|turn|132
|inactive|Grande petro has 15 seconds left this turn.
|
|t:|1652822492
|switch|p2a: Zygarde|Zygarde-Complete|50/100 tox
|-curestatus|p1a: Albedo|slp|[msg]
|move|p1a: Albedo|Toxic|p2a: Zygarde
|-fail|p2a: Zygarde|tox
|
|-heal|p1a: Albedo|96/100|[from] item: Leftovers
|-damage|p2a: Zygarde|44/100 tox|[from] psn
|upkeep
|turn|133
|inactive|Grande petro has 20 seconds left this turn.
|inactive|Grande petro has 15 seconds left.
|
|t:|1652822505
|switch|p1a: Hamsuke|Ferrothorn, F|94/100 par
|-damage|p1a: Hamsuke|88/100 par|[from] Stealth Rock
|move|p2a: Zygarde|Rest|p2a: Zygarde
|-status|p2a: Zygarde|slp|[from] move: Rest
|-heal|p2a: Zygarde|100/100 slp|[silent]
|
|upkeep
|turn|134
|inactive|Grande petro has 20 seconds left this turn.
|inactive|Grande petro has 15 seconds left.
|
|t:|1652822512
|switch|p2a: Eternatus|Eternatus|100/100
|-ability|p2a: Eternatus|Pressure
|move|p1a: Hamsuke|Leech Seed|p2a: Eternatus
|-start|p2a: Eternatus|move: Leech Seed
|
|-damage|p2a: Eternatus|88/100|[from] Leech Seed|[of] p1a: Hamsuke
|-heal|p1a: Hamsuke|100/100 par|[silent]
|upkeep
|turn|135
|inactive|Grande petro has 20 seconds left this turn.
|
|t:|1652822520
|switch|p1a: Cocytus|Necrozma-Dusk-Mane|59/100
|-damage|p1a: Cocytus|53/100|[from] Stealth Rock
|move|p2a: Eternatus|Mystical Fire|p1a: Cocytus
|-supereffective|p1a: Cocytus
|-damage|p1a: Cocytus|32/100
|-unboost|p1a: Cocytus|spa|1
|
|-heal|p1a: Cocytus|38/100|[from] item: Leftovers
|-damage|p2a: Eternatus|76/100|[from] Leech Seed|[of] p1a: Cocytus
|-heal|p1a: Cocytus|53/100|[silent]
|upkeep
|turn|136
|inactive|Grande petro has 25 seconds left this turn.
|
|t:|1652822533
|switch|p2a: Zygarde|Zygarde-Complete|100/100 slp
|move|p1a: Cocytus|Moonlight|p1a: Cocytus
|-heal|p1a: Cocytus|100/100
|
|upkeep
|turn|137
|inactive|Grande petro has 30 seconds left this turn.
|inactive|Kage UwU has 60 seconds left.
|
|t:|1652822544
|switch|p1a: Hamsuke|Ferrothorn, F|100/100 par
|-damage|p1a: Hamsuke|94/100 par|[from] Stealth Rock
|cant|p2a: Zygarde|slp
|
|upkeep
|turn|138
|inactive|Kage UwU has 60 seconds left.
|inactive|Grande petro has 30 seconds left.
|
|t:|1652822554
|cant|p2a: Zygarde|slp
|cant|p1a: Hamsuke|par
|
|upkeep
|turn|139
|inactive|Grande petro has 30 seconds left.
|
|t:|1652822559
|-curestatus|p2a: Zygarde|slp|[msg]
|move|p2a: Zygarde|Coil|p2a: Zygarde
|-boost|p2a: Zygarde|atk|1
|-boost|p2a: Zygarde|def|1
|-boost|p2a: Zygarde|accuracy|1
|move|p1a: Hamsuke|Stealth Rock|p2a: Zygarde
|-sidestart|p2: Grande petro|move: Stealth Rock
|
|upkeep
|turn|140
|inactive|Grande petro has 30 seconds left.
|
|t:|1652822569
|switch|p1a: Albedo|Giratina|96/100
|-damage|p1a: Albedo|84/100|[from] Stealth Rock
|-ability|p1a: Albedo|Pressure
|move|p2a: Zygarde|Coil|p2a: Zygarde
|-boost|p2a: Zygarde|atk|1
|-boost|p2a: Zygarde|def|1
|-boost|p2a: Zygarde|accuracy|1
|
|-heal|p1a: Albedo|90/100|[from] item: Leftovers
|upkeep
|turn|141
|inactive|Grande petro has 30 seconds left.
|inactive|Kage UwU has 60 seconds left.
|
|t:|1652822581
|move|p2a: Zygarde|Thousand Arrows|p1a: Albedo
|-damage|p1a: Albedo|63/100
|move|p1a: Albedo|Roar|p2a: Zygarde
|drag|p2a: Kyogre|Kyogre|100/100
|-damage|p2a: Kyogre|88/100|[from] Stealth Rock
|-weather|RainDance|[from] ability: Drizzle|[of] p2a: Kyogre
|
|-weather|RainDance|[upkeep]
|-heal|p2a: Kyogre|94/100|[from] item: Leftovers
|-heal|p1a: Albedo|69/100|[from] item: Leftovers
|upkeep
|turn|142
|inactive|Kage UwU has 60 seconds left.
|inactive|Grande petro has 30 seconds left.
|
|t:|1652822592
|move|p2a: Kyogre|Calm Mind|p2a: Kyogre
|-boost|p2a: Kyogre|spa|1
|-boost|p2a: Kyogre|spd|1
|move|p1a: Albedo|Toxic|p2a: Kyogre
|-status|p2a: Kyogre|tox
|
|-weather|RainDance|[upkeep]
|-heal|p2a: Kyogre|100/100 tox|[from] item: Leftovers
|-heal|p1a: Albedo|75/100|[from] item: Leftovers
|-damage|p2a: Kyogre|94/100 tox|[from] psn
|upkeep
|turn|143
|inactive|Grande petro has 30 seconds left this turn.
|
|t:|1652822601
|move|p2a: Kyogre|Surf|p1a: Albedo
|-resisted|p1a: Albedo
|-crit|p1a: Albedo
|-damage|p1a: Albedo|21/100
|move|p1a: Albedo|Roar|p2a: Kyogre
|drag|p2a: Eternatus|Eternatus|76/100
|-damage|p2a: Eternatus|64/100|[from] Stealth Rock
|-ability|p2a: Eternatus|Pressure
|
|-weather|RainDance|[upkeep]
|-heal|p1a: Albedo|27/100|[from] item: Leftovers
|upkeep
|turn|144
|inactive|Grande petro has 30 seconds left this turn.
|
|t:|1652822612
|switch|p2a: Calyrex|Calyrex-Shadow|94/100
|-ability|p2a: Calyrex|As One
|-ability|p2a: Calyrex|Unnerve
|switch|p1a: Cocytus|Necrozma-Dusk-Mane|100/100
|-damage|p1a: Cocytus|94/100|[from] Stealth Rock
|
|-weather|RainDance|[upkeep]
|-heal|p1a: Cocytus|100/100|[from] item: Leftovers
|upkeep
|turn|145
|inactive|Grande petro has 30 seconds left this turn.
|
|t:|1652822626
|switch|p1a: Shalltear|Yveltal|100/100
|-damage|p1a: Shalltear|76/100|[from] Stealth Rock
|-ability|p1a: Shalltear|Dark Aura
|move|p2a: Calyrex|Astral Barrage|p1a: Shalltear
|-resisted|p1a: Shalltear
|-damage|p1a: Shalltear|56/100
|
|-weather|none
|upkeep
|turn|146
|inactive|Grande petro has 30 seconds left this turn.
|
|t:|1652822636
|switch|p2a: Zygarde|Zygarde-Complete|100/100
|-damage|p2a: Zygarde|94/100|[from] Stealth Rock
|move|p1a: Shalltear|Roost|p1a: Shalltear
|-heal|p1a: Shalltear|100/100
|-singleturn|p1a: Shalltear|move: Roost
|
|upkeep
|turn|147
|inactive|Grande petro has 30 seconds left this turn.
|
|t:|1652822645
|switch|p1a: Demiurge|Eternatus|100/100
|-damage|p1a: Demiurge|88/100|[from] Stealth Rock
|-ability|p1a: Demiurge|Pressure
|move|p2a: Zygarde|Glare|p1a: Demiurge
|-status|p1a: Demiurge|par
|
|upkeep
|turn|148
|inactive|Grande petro has 30 seconds left this turn.
|
|t:|1652822654
|switch|p2a: Eternatus|Eternatus|64/100
|-damage|p2a: Eternatus|51/100|[from] Stealth Rock
|-ability|p2a: Eternatus|Pressure
|move|p1a: Demiurge|Dynamax Cannon|p2a: Eternatus
|-supereffective|p2a: Eternatus
|-enditem|p2a: Eternatus|Haban Berry|[eat]
|-enditem|p2a: Eternatus|Haban Berry|[weaken]
|-damage|p2a: Eternatus|26/100
|
|upkeep
|turn|149
|inactive|Grande petro has 30 seconds left this turn.
|inactive|Grande petro has 20 seconds left.
|
|t:|1652822666
|switch|p1a: Cocytus|Necrozma-Dusk-Mane|100/100
|-damage|p1a: Cocytus|94/100|[from] Stealth Rock
|move|p2a: Eternatus|Dynamax Cannon|p1a: Cocytus
|-resisted|p1a: Cocytus
|-crit|p1a: Cocytus
|-damage|p1a: Cocytus|74/100
|
|-heal|p1a: Cocytus|80/100|[from] item: Leftovers
|upkeep
|turn|150
|inactive|Grande petro has 25 seconds left this turn.
|
|t:|1652822678
|switch|p1a: Hamsuke|Ferrothorn, F|94/100 par
|-damage|p1a: Hamsuke|88/100 par|[from] Stealth Rock
|move|p2a: Eternatus|Recover|p2a: Eternatus
|-heal|p2a: Eternatus|76/100
|
|upkeep
|turn|151
|inactive|Grande petro has 30 seconds left this turn.
|
|t:|1652822685
|switch|p1a: Cocytus|Necrozma-Dusk-Mane|80/100
|-damage|p1a: Cocytus|74/100|[from] Stealth Rock
|move|p2a: Eternatus|Mystical Fire|p1a: Cocytus
|-supereffective|p1a: Cocytus
|-damage|p1a: Cocytus|51/100
|-unboost|p1a: Cocytus|spa|1
|
|-heal|p1a: Cocytus|57/100|[from] item: Leftovers
|upkeep
|turn|152
|inactive|Grande petro has 30 seconds left.
|inactive|Kage UwU has 30 seconds left.
|
|t:|1652822696
|switch|p2a: Yveltal|Yveltal|100/100
|-ability|p2a: Yveltal|Dark Aura
|move|p1a: Cocytus|Toxic|p2a: Yveltal
|-status|p2a: Yveltal|tox
|
|-heal|p1a: Cocytus|63/100|[from] item: Leftovers
|-damage|p2a: Yveltal|94/100 tox|[from] psn
|upkeep
|turn|153
|inactive|Kage UwU has 30 seconds left.
|inactive|Grande petro has 30 seconds left.
|
|t:|1652822705
|switch|p1a: Demiurge|Eternatus|88/100 par
|-damage|p1a: Demiurge|76/100 par|[from] Stealth Rock
|-ability|p1a: Demiurge|Pressure
|move|p2a: Yveltal|Knock Off|p1a: Demiurge
|-damage|p1a: Demiurge|57/100 par
|
|-damage|p2a: Yveltal|82/100 tox|[from] psn
|upkeep
|turn|154
|inactive|Kage UwU has 30 seconds left.
|inactive|Grande petro has 30 seconds left.
|
|t:|1652822715
|move|p2a: Yveltal|Defog|p1a: Demiurge
|-unboost|p1a: Demiurge|evasion|1
|-sideend|p1: Kage UwU|Stealth Rock|[from] move: Defog|[of] p2a: Yveltal
|-sideend|p2: Grande petro|Stealth Rock|[from] move: Defog|[of] p2a: Yveltal
|move|p1a: Demiurge|Recover|p1a: Demiurge
|-heal|p1a: Demiurge|100/100 par
|
|-damage|p2a: Yveltal|64/100 tox|[from] psn
|upkeep
|turn|155
|inactive|Kage UwU has 30 seconds left.
|inactive|Grande petro has 30 seconds left.
|
|t:|1652822725
|switch|p2a: Zygarde|Zygarde-Complete|94/100
|switch|p1a: Hamsuke|Ferrothorn, F|88/100 par
|
|upkeep
|turn|156
|inactive|Kage UwU has 30 seconds left.
|inactive|Grande petro has 30 seconds left.
|
|t:|1652822731
|move|p2a: Zygarde|Coil|p2a: Zygarde
|-boost|p2a: Zygarde|atk|1
|-boost|p2a: Zygarde|def|1
|-boost|p2a: Zygarde|accuracy|1
|cant|p1a: Hamsuke|par
|
|upkeep
|turn|157
|inactive|Kage UwU has 30 seconds left.
|inactive|Grande petro has 30 seconds left.
|
|t:|1652822741
|switch|p2a: Calyrex|Calyrex-Shadow|94/100
|-ability|p2a: Calyrex|As One
|-ability|p2a: Calyrex|Unnerve
|switch|p1a: Albedo|Giratina|27/100
|-ability|p1a: Albedo|Pressure
|
|-heal|p1a: Albedo|33/100|[from] item: Leftovers
|upkeep
|turn|158
|inactive|Kage UwU has 30 seconds left.
|inactive|Grande petro has 30 seconds left.
|
|t:|1652822752
|switch|p2a: Eternatus|Eternatus|76/100
|-ability|p2a: Eternatus|Pressure
|switch|p1a: Shalltear|Yveltal|100/100
|-ability|p1a: Shalltear|Dark Aura
|
|upkeep
|turn|159
|inactive|Kage UwU has 30 seconds left this turn.
|
|t:|1652822761
|switch|p1a: Cocytus|Necrozma-Dusk-Mane|63/100
|move|p2a: Eternatus|Toxic|p1a: Cocytus
|-immune|p1a: Cocytus
|
|-heal|p1a: Cocytus|69/100|[from] item: Leftovers
|upkeep
|turn|160
|inactive|Kage UwU has 30 seconds left this turn.
|
|t:|1652822770
|switch|p2a: Calyrex|Calyrex-Shadow|94/100
|-ability|p2a: Calyrex|As One
|-ability|p2a: Calyrex|Unnerve
|move|p1a: Cocytus|Toxic|p2a: Calyrex
|-status|p2a: Calyrex|tox
|
|-heal|p1a: Cocytus|75/100|[from] item: Leftovers
|-damage|p2a: Calyrex|88/100 tox|[from] psn
|upkeep
|turn|161
|inactive|Kage UwU has 30 seconds left this turn.
|inactive|Kage UwU has 20 seconds left.
|
|t:|1652822780
|switch|p1a: Shalltear|Yveltal|100/100
|-ability|p1a: Shalltear|Dark Aura
|move|p2a: Calyrex|Aromatherapy|p2a: Calyrex
|-activate|p2a: Calyrex|move: Aromatherapy
|-curestatus|p2a: Calyrex|tox|[msg]
|-curestatus|p2: Kyogre|tox|[msg]
|-curestatus|p2: Yveltal|tox|[msg]
|
|upkeep
|turn|162
|inactive|Kage UwU has 25 seconds left this turn.
|inactive|Kage UwU has 20 seconds left.
|inactive|Grande petro has 30 seconds left.
|
|t:|1652822792
|switch|p2a: Eternatus|Eternatus|76/100
|-ability|p2a: Eternatus|Pressure
|move|p1a: Shalltear|Knock Off|p2a: Eternatus
|-damage|p2a: Eternatus|50/100
|
|upkeep
|turn|163
|inactive|Kage UwU has 25 seconds left this turn.
|inactive|Kage UwU has 20 seconds left.
|inactive|Grande petro has 30 seconds left.
|
|t:|1652822800
|switch|p1a: Cocytus|Necrozma-Dusk-Mane|75/100
|move|p2a: Eternatus|Recover|p2a: Eternatus
|-heal|p2a: Eternatus|99/100
|
|-heal|p1a: Cocytus|81/100|[from] item: Leftovers
|upkeep
|turn|164
|inactive|Kage UwU has 25 seconds left this turn.
|inactive|Kage UwU has 20 seconds left.
|inactive|Grande petro has 30 seconds left.
|
|t:|1652822809
|switch|p2a: Necrozma|Necrozma-Dusk-Mane|94/100
|move|p1a: Cocytus|Toxic|p2a: Necrozma
|-immune|p2a: Necrozma
|
|-heal|p2a: Necrozma|100/100|[from] item: Leftovers
|-heal|p1a: Cocytus|87/100|[from] item: Leftovers
|upkeep
|turn|165
|inactive|Kage UwU has 25 seconds left this turn.
|inactive|Kage UwU has 20 seconds left.
|inactive|Grande petro has 30 seconds left.
|
|t:|1652822819
|switch|p1a: Albedo|Giratina|33/100
|-ability|p1a: Albedo|Pressure
|move|p2a: Necrozma|Stealth Rock|p1a: Albedo
|-sidestart|p1: Kage UwU|move: Stealth Rock
|
|-heal|p1a: Albedo|39/100|[from] item: Leftovers
|upkeep
|turn|166
|inactive|Kage UwU has 25 seconds left this turn.
|inactive|Kage UwU has 20 seconds left.
|inactive|Grande petro has 30 seconds left.
|
|t:|1652822831
|move|p2a: Necrozma|Thunder Wave|p1a: Albedo
|-status|p1a: Albedo|par
|move|p1a: Albedo|Rest|p1a: Albedo
|-status|p1a: Albedo|slp|[from] move: Rest
|-heal|p1a: Albedo|100/100 slp|[silent]
|
|upkeep
|turn|167
|inactive|Kage UwU has 25 seconds left this turn.
|inactive|Grande petro has 30 seconds left this turn.
|inactive|Kage UwU has 20 seconds left.
|
|t:|1652822840
|switch|p2a: Yveltal|Yveltal|64/100
|-ability|p2a: Yveltal|Dark Aura
|cant|p1a: Albedo|slp
|
|upkeep
|turn|168
|inactive|Kage UwU has 25 seconds left this turn.
|inactive|Grande petro has 30 seconds left this turn.
|inactive|Kage UwU has 20 seconds left.
|
|t:|1652822847
|switch|p1a: Demiurge|Eternatus|100/100 par
|-damage|p1a: Demiurge|88/100 par|[from] Stealth Rock
|-ability|p1a: Demiurge|Pressure
|move|p2a: Yveltal|Knock Off|p1a: Demiurge
|-damage|p1a: Demiurge|66/100 par
|
|upkeep
|turn|169
|inactive|Kage UwU has 25 seconds left this turn.
|inactive|Kage UwU has 20 seconds left.
|inactive|Grande petro has 30 seconds left.
|inactive|Kage UwU has 15 seconds left.
|
|t:|1652822859
|switch|p2a: Zygarde|Zygarde-Complete|94/100
|move|p1a: Demiurge|Recover|p1a: Demiurge
|-heal|p1a: Demiurge|100/100 par
|
|upkeep
|turn|170
|inactive|Kage UwU has 20 seconds left this turn.
|inactive|Grande petro has 30 seconds left this turn.
|inactive|Kage UwU has 15 seconds left.
|
|t:|1652822866
|move|p2a: Zygarde|Coil|p2a: Zygarde
|-boost|p2a: Zygarde|atk|1
|-boost|p2a: Zygarde|def|1
|-boost|p2a: Zygarde|accuracy|1
|move|p1a: Demiurge|Toxic|p2a: Zygarde
|-status|p2a: Zygarde|tox
|
|-damage|p2a: Zygarde|88/100 tox|[from] psn
|upkeep
|turn|171
|inactive|Kage UwU has 20 seconds left this turn.
|inactive|Grande petro has 30 seconds left this turn.
|inactive|Kage UwU has 15 seconds left.
|inactive|Kage UwU has 10 seconds left.
|
|t:|1652822879
|switch|p1a: Hamsuke|Ferrothorn, F|88/100 par
|-damage|p1a: Hamsuke|82/100 par|[from] Stealth Rock
|move|p2a: Zygarde|Coil|p2a: Zygarde
|-boost|p2a: Zygarde|atk|1
|-boost|p2a: Zygarde|def|1
|-boost|p2a: Zygarde|accuracy|1
|
|-damage|p2a: Zygarde|75/100 tox|[from] psn
|upkeep
|turn|172
|inactive|Kage UwU has 15 seconds left this turn.
|inactive|Kage UwU has 10 seconds left.
|
|t:|1652822889
|move|p2a: Zygarde|Rest|p2a: Zygarde
|-status|p2a: Zygarde|slp|[from] move: Rest
|-heal|p2a: Zygarde|100/100 slp|[silent]
|cant|p1a: Hamsuke|par
|
|upkeep
|turn|173
|inactive|Kage UwU has 15 seconds left this turn.
|inactive|Kage UwU has 10 seconds left.
|
|t:|1652822894
|cant|p2a: Zygarde|slp
|move|p1a: Hamsuke|Stealth Rock|p2a: Zygarde
|-sidestart|p2: Grande petro|move: Stealth Rock
|
|upkeep
|turn|174
|inactive|Kage UwU has 15 seconds left this turn.
|
|t:|1652822898
|cant|p2a: Zygarde|slp
|cant|p1a: Hamsuke|par
|
|upkeep
|turn|175
|inactive|Kage UwU has 20 seconds left this turn.
|
|t:|1652822905
|switch|p2a: Eternatus|Eternatus|99/100
|-damage|p2a: Eternatus|88/100|[from] Stealth Rock
|-ability|p2a: Eternatus|Pressure
|cant|p1a: Hamsuke|par
|
|upkeep
|turn|176
|inactive|Kage UwU has 25 seconds left this turn.
|inactive|Kage UwU has 20 seconds left.
|
|t:|1652822913
|switch|p1a: Cocytus|Necrozma-Dusk-Mane|87/100
|-damage|p1a: Cocytus|81/100|[from] Stealth Rock
|move|p2a: Eternatus|Mystical Fire|p1a: Cocytus
|-supereffective|p1a: Cocytus
|-damage|p1a: Cocytus|59/100
|-unboost|p1a: Cocytus|spa|1
|
|-heal|p1a: Cocytus|65/100|[from] item: Leftovers
|upkeep
|turn|177
|inactive|Kage UwU has 25 seconds left this turn.
|inactive|Kage UwU has 20 seconds left.
|inactive|Kage UwU has 15 seconds left.
|
|t:|1652822925
|switch|p2a: Zygarde|Zygarde-Complete|100/100 slp
|-damage|p2a: Zygarde|94/100 slp|[from] Stealth Rock
|move|p1a: Cocytus|Toxic||[still]
|-fail|p1a: Cocytus
|
|-heal|p1a: Cocytus|71/100|[from] item: Leftovers
|upkeep
|turn|178
|inactive|Kage UwU has 20 seconds left this turn.
|inactive|Kage UwU has 15 seconds left.
|
|t:|1652822933
|-curestatus|p2a: Zygarde|slp|[msg]
|move|p2a: Zygarde|Glare|p1a: Cocytus
|-status|p1a: Cocytus|par
|cant|p1a: Cocytus|par
|
|-heal|p1a: Cocytus|77/100 par|[from] item: Leftovers
|upkeep
|turn|179
|inactive|Kage UwU has 20 seconds left this turn.
|inactive|Kage UwU has 15 seconds left.
|
|t:|1652822941
|move|p2a: Zygarde|Coil|p2a: Zygarde
|-boost|p2a: Zygarde|atk|1
|-boost|p2a: Zygarde|def|1
|-boost|p2a: Zygarde|accuracy|1
|move|p1a: Cocytus|Toxic|p2a: Zygarde
|-status|p2a: Zygarde|tox
|
|-heal|p1a: Cocytus|83/100 par|[from] item: Leftovers
|-damage|p2a: Zygarde|88/100 tox|[from] psn
|upkeep
|turn|180
|inactive|Kage UwU has 20 seconds left this turn.
|inactive|Kage UwU has 15 seconds left.
|
|t:|1652822950
|switch|p1a: Hamsuke|Ferrothorn, F|82/100 par
|-damage|p1a: Hamsuke|75/100 par|[from] Stealth Rock
|move|p2a: Zygarde|Coil|p2a: Zygarde
|-boost|p2a: Zygarde|atk|1
|-boost|p2a: Zygarde|def|1
|-boost|p2a: Zygarde|accuracy|1
|
|-damage|p2a: Zygarde|75/100 tox|[from] psn
|upkeep
|turn|181
|inactive|Kage UwU has 20 seconds left this turn.
|inactive|Kage UwU has 15 seconds left.
|
|t:|1652822960
|switch|p2a: Yveltal|Yveltal|64/100
|-ability|p2a: Yveltal|Dark Aura
|move|p1a: Hamsuke|Spikes|p2a: Yveltal
|-sidestart|p2: Grande petro|Spikes
|
|upkeep
|turn|182
|inactive|Kage UwU has 20 seconds left this turn.
|inactive|Kage UwU has 15 seconds left.
|
|t:|1652822966
|move|p2a: Yveltal|Defog|p1a: Hamsuke
|-unboost|p1a: Hamsuke|evasion|1
|-sideend|p1: Kage UwU|Stealth Rock|[from] move: Defog|[of] p2a: Yveltal
|-sideend|p2: Grande petro|Spikes|[from] move: Defog|[of] p2a: Yveltal
|-sideend|p2: Grande petro|Stealth Rock|[from] move: Defog|[of] p2a: Yveltal
|move|p1a: Hamsuke|Leech Seed|p2a: Yveltal
|-start|p2a: Yveltal|move: Leech Seed
|
|-damage|p2a: Yveltal|52/100|[from] Leech Seed|[of] p1a: Hamsuke
|-heal|p1a: Hamsuke|90/100 par|[silent]
|upkeep
|turn|183
|inactive|Kage UwU has 20 seconds left this turn.
|inactive|Kage UwU has 15 seconds left.
|
|t:|1652822976
|switch|p2a: Calyrex|Calyrex-Shadow|88/100
|-ability|p2a: Calyrex|As One
|-ability|p2a: Calyrex|Unnerve
|move|p1a: Hamsuke|Stealth Rock|p2a: Calyrex
|-sidestart|p2: Grande petro|move: Stealth Rock
|
|upkeep
|turn|184
|inactive|Kage UwU has 20 seconds left this turn.
|inactive|Kage UwU has 15 seconds left.
|
|t:|1652822987
|switch|p1a: Shalltear|Yveltal|100/100
|-ability|p1a: Shalltear|Dark Aura
|move|p2a: Calyrex|Psyshock|p1a: Shalltear
|-immune|p1a: Shalltear
|
|upkeep
|turn|185
|inactive|Kage UwU has 20 seconds left this turn.
|inactive|Kage UwU has 15 seconds left.
|
|t:|1652822995
|switch|p2a: Eternatus|Eternatus|88/100
|-damage|p2a: Eternatus|75/100|[from] Stealth Rock
|-ability|p2a: Eternatus|Pressure
|move|p1a: Shalltear|U-turn|p2a: Eternatus
|-resisted|p2a: Eternatus
|-damage|p2a: Eternatus|67/100
|inactive|Kage UwU has 20 seconds left this turn.
|inactive|Kage UwU has 15 seconds left.
|
|t:|1652823003
|switch|p1a: Cocytus|Necrozma-Dusk-Mane|83/100 par|[from]move: U-turn
|
|-heal|p1a: Cocytus|89/100 par|[from] item: Leftovers
|upkeep
|turn|186
|inactive|Kage UwU has 20 seconds left this turn.
|inactive|Kage UwU has 15 seconds left.
|
|t:|1652823012
|move|p2a: Eternatus|Mystical Fire|p1a: Cocytus
|-supereffective|p1a: Cocytus
|-damage|p1a: Cocytus|67/100 par
|-unboost|p1a: Cocytus|spa|1
|move|p1a: Cocytus|Toxic|p2a: Eternatus
|-immune|p2a: Eternatus
|
|-heal|p1a: Cocytus|73/100 par|[from] item: Leftovers
|upkeep
|turn|187
|inactive|Kage UwU has 20 seconds left this turn.
|inactive|Kage UwU has 15 seconds left.
|
|t:|1652823020
|move|p2a: Eternatus|Mystical Fire|p1a: Cocytus
|-supereffective|p1a: Cocytus
|-damage|p1a: Cocytus|50/100 par
|-unboost|p1a: Cocytus|spa|1
|move|p1a: Cocytus|Photon Geyser|p2a: Eternatus
|-supereffective|p2a: Eternatus
|-damage|p2a: Eternatus|0 fnt
|faint|p2a: Eternatus
|
|-heal|p1a: Cocytus|57/100 par|[from] item: Leftovers
|upkeep
|inactive|Kage UwU has 20 seconds left this turn.
|
|t:|1652823031
|switch|p2a: Zygarde|Zygarde-Complete|75/100 tox
|-damage|p2a: Zygarde|69/100 tox|[from] Stealth Rock
|turn|188
|inactive|Kage UwU has 25 seconds left this turn.
|
|t:|1652823035
|move|p2a: Zygarde|Coil|p2a: Zygarde
|-boost|p2a: Zygarde|atk|1
|-boost|p2a: Zygarde|def|1
|-boost|p2a: Zygarde|accuracy|1
|move|p1a: Cocytus|Moonlight|p1a: Cocytus
|-heal|p1a: Cocytus|100/100 par
|
|-damage|p2a: Zygarde|63/100 tox|[from] psn
|upkeep
|turn|189
|inactive|Kage UwU has 30 seconds left this turn.
|
|t:|1652823047
|switch|p1a: Hamsuke|Ferrothorn, F|90/100 par
|move|p2a: Zygarde|Coil|p2a: Zygarde
|-boost|p2a: Zygarde|atk|1
|-boost|p2a: Zygarde|def|1
|-boost|p2a: Zygarde|accuracy|1
|
|-damage|p2a: Zygarde|50/100 tox|[from] psn
|upkeep
|turn|190
|inactive|Kage UwU has 30 seconds left this turn.
|
|t:|1652823056
|move|p2a: Zygarde|Rest|p2a: Zygarde
|-status|p2a: Zygarde|slp|[from] move: Rest
|-heal|p2a: Zygarde|100/100 slp|[silent]
|move|p1a: Hamsuke|Spikes|p2a: Zygarde
|-sidestart|p2: Grande petro|Spikes
|
|upkeep
|turn|191
|inactive|Kage UwU has 30 seconds left this turn.
|
|t:|1652823069
|switch|p2a: Kyogre|Kyogre|94/100
|-damage|p2a: Kyogre|82/100|[from] Spikes
|-damage|p2a: Kyogre|70/100|[from] Stealth Rock
|-weather|RainDance|[from] ability: Drizzle|[of] p2a: Kyogre
|cant|p1a: Hamsuke|par
|
|-weather|RainDance|[upkeep]
|-heal|p2a: Kyogre|76/100|[from] item: Leftovers
|upkeep
|turn|192
|inactive|Kage UwU has 30 seconds left this turn.
|
|t:|1652823084
|move|p2a: Kyogre|Substitute|p2a: Kyogre
|-start|p2a: Kyogre|Substitute
|-damage|p2a: Kyogre|51/100
|move|p1a: Hamsuke|Spikes|p2a: Kyogre
|-sidestart|p2: Grande petro|Spikes
|
|-weather|RainDance|[upkeep]
|-heal|p2a: Kyogre|57/100|[from] item: Leftovers
|upkeep
|turn|193
|inactive|Kage UwU has 30 seconds left this turn.
|
|t:|1652823094
|move|p2a: Kyogre|Calm Mind|p2a: Kyogre
|-boost|p2a: Kyogre|spa|1
|-boost|p2a: Kyogre|spd|1
|cant|p1a: Hamsuke|par
|
|-weather|RainDance|[upkeep]
|-heal|p2a: Kyogre|63/100|[from] item: Leftovers
|upkeep
|turn|194
|inactive|Kage UwU has 30 seconds left this turn.
|
|t:|1652823101
|switch|p1a: Albedo|Giratina|100/100 slp
|-ability|p1a: Albedo|Pressure
|move|p2a: Kyogre|Calm Mind|p2a: Kyogre
|-boost|p2a: Kyogre|spa|1
|-boost|p2a: Kyogre|spd|1
|
|-weather|RainDance|[upkeep]
|-heal|p2a: Kyogre|69/100|[from] item: Leftovers
|upkeep
|turn|195
|inactive|Kage UwU has 30 seconds left this turn.
|
|t:|1652823110
|move|p2a: Kyogre|Calm Mind|p2a: Kyogre
|-boost|p2a: Kyogre|spa|1
|-boost|p2a: Kyogre|spd|1
|cant|p1a: Albedo|slp
|
|-weather|none
|-heal|p2a: Kyogre|75/100|[from] item: Leftovers
|upkeep
|turn|196
|inactive|Kage UwU has 30 seconds left this turn.
|
|t:|1652823118
|move|p2a: Kyogre|Surf|p1a: Albedo
|-resisted|p1a: Albedo
|-damage|p1a: Albedo|63/100 slp
|-curestatus|p1a: Albedo|slp|[msg]
|move|p1a: Albedo|Roar|p2a: Kyogre
|drag|p2a: Necrozma|Necrozma-Dusk-Mane|100/100
|-damage|p2a: Necrozma|84/100|[from] Spikes
|-damage|p2a: Necrozma|78/100|[from] Stealth Rock
|
|-heal|p2a: Necrozma|84/100|[from] item: Leftovers
|-heal|p1a: Albedo|69/100|[from] item: Leftovers
|upkeep
|turn|197
|inactive|Kage UwU has 25 seconds left this turn.
|inactive|Kage UwU has 20 seconds left.
|inactive|Kage UwU has 15 seconds left.
|inactive|Grande petro has 30 seconds left.
|
|t:|1652823132
|move|p2a: Necrozma|Thunder Wave|p1a: Albedo
|-status|p1a: Albedo|par
|move|p1a: Albedo|Will-O-Wisp|p2a: Necrozma
|-status|p2a: Necrozma|brn
|
|-heal|p2a: Necrozma|90/100 brn|[from] item: Leftovers
|-heal|p1a: Albedo|75/100 par|[from] item: Leftovers
|-damage|p2a: Necrozma|84/100 brn|[from] brn
|upkeep
|turn|198
|inactive|Kage UwU has 20 seconds left this turn.
|inactive|Kage UwU has 15 seconds left.
|inactive|Grande petro has 30 seconds left.
|inactive|Kage UwU has 10 seconds left.
|
|t:|1652823143
|switch|p1a: Hamsuke|Ferrothorn, F|90/100 par
|move|p2a: Necrozma|Stealth Rock|p1a: Hamsuke
|-sidestart|p1: Kage UwU|move: Stealth Rock
|
|-heal|p2a: Necrozma|90/100 brn|[from] item: Leftovers
|-damage|p2a: Necrozma|84/100 brn|[from] brn
|upkeep
|turn|199
|inactive|Kage UwU has 10 seconds left this turn.
|inactive|Grande petro has 30 seconds left this turn.
|inactive|Kage UwU has 5 seconds left.
|
|t:|1652823150
|switch|p2a: Yveltal|Yveltal|52/100
|-ability|p2a: Yveltal|Dark Aura
|move|p1a: Hamsuke|Spikes|p2a: Yveltal
|-sidestart|p2: Grande petro|Spikes
|
|upkeep
|turn|200
|inactive|Kage UwU has 10 seconds left this turn.
|inactive|Kage UwU has 5 seconds left.
|
|t:|1652823156
|move|p2a: Yveltal|Roost|p2a: Yveltal
|-heal|p2a: Yveltal|100/100
|-singleturn|p2a: Yveltal|move: Roost
|move|p1a: Hamsuke|Leech Seed|p2a: Yveltal
|-start|p2a: Yveltal|move: Leech Seed
|
|-damage|p2a: Yveltal|88/100|[from] Leech Seed|[of] p1a: Hamsuke
|-heal|p1a: Hamsuke|100/100 par|[silent]
|upkeep
|turn|201
|inactive|Kage UwU has 5 seconds left this turn.
|inactiveoff|Battle timer is now OFF.
|
|t:|1652823173
|move|p2a: Yveltal|Knock Off|p1a: Hamsuke
|-damage|p1a: Hamsuke|70/100 par
|-damage|p2a: Yveltal|76/100|[from] ability: Iron Barbs|[of] p1a: Hamsuke
|-damage|p2a: Yveltal|59/100|[from] item: Rocky Helmet|[of] p1a: Hamsuke
|-enditem|p1a: Hamsuke|Rocky Helmet|[from] move: Knock Off|[of] p2a: Yveltal
|move|p1a: Hamsuke|Body Press|p2a: Yveltal
|-damage|p2a: Yveltal|31/100
|
|-damage|p2a: Yveltal|19/100|[from] Leech Seed|[of] p1a: Hamsuke
|-heal|p1a: Hamsuke|84/100 par|[silent]
|upkeep
|turn|202
|
|t:|1652823183
|move|p2a: Yveltal|Roost|p2a: Yveltal
|-heal|p2a: Yveltal|69/100
|-singleturn|p2a: Yveltal|move: Roost
|move|p1a: Hamsuke|Body Press|p2a: Yveltal
|-supereffective|p2a: Yveltal
|-damage|p2a: Yveltal|19/100
|
|-damage|p2a: Yveltal|7/100|[from] Leech Seed|[of] p1a: Hamsuke
|-heal|p1a: Hamsuke|99/100 par|[silent]
|upkeep
|turn|203
|c|☆Grande petro|Bro for turn 1000?
|
|t:|1652823209
|move|p2a: Yveltal|Roost|p2a: Yveltal
|-heal|p2a: Yveltal|57/100
|-singleturn|p2a: Yveltal|move: Roost
|move|p1a: Hamsuke|Body Press|p2a: Yveltal
|-supereffective|p2a: Yveltal
|-damage|p2a: Yveltal|2/100
|
|-damage|p2a: Yveltal|0 fnt|[from] Leech Seed|[of] p1a: Hamsuke
|-heal|p1a: Hamsuke|100/100 par|[silent]
|faint|p2a: Yveltal
|upkeep
|c|☆Kage UwU|You will lose in turn 250i think x)
|c|☆Grande petro|Team game lost
|-message|Grande petro forfeited.
|
|win|Kage UwU
|raw|Kage UwU's rating: 1330 &rarr; <strong>1352</strong><br />(+22 for winning)
|raw|Grande petro's rating: 1357 &rarr; <strong>1335</strong><br />(-22 for losing)
|c|☆Grande petro|Gg
|c|☆Kage UwU|gg
|l|☆Kage UwU
