|j|☆comradesquidwar
|j|☆Henryatom
|t:|1631739874
|gametype|singles
|player|p1|comradesquidwar|janitor|1611
|player|p2|Henryatom|102|1572
|teamsize|p1|6
|teamsize|p2|6
|gen|8
|tier|[Gen 8] Ubers
|rated|
|rule|Sleep Clause Mod: Limit one foe put to sleep
|rule|Species Clause: Limit one of each Pokémon
|rule|OHKO Clause: OHKO moves are banned
|rule|Evasion Moves Clause: Evasion moves are banned
|rule|Endless Battle Clause: Forcing endless battles is banned
|rule|HP Percentage Mod: HP is shown in percentages
|rule|Dynamax Clause: You cannot dynamax
|clearpoke
|poke|p1|Skarmory, M|
|poke|p1|Blissey, F|
|poke|p1|Necrozma-Dusk-Mane|
|poke|p1|Yveltal|
|poke|p1|Xerneas-*|
|poke|p1|Giratina|
|poke|p2|Calyrex-Shadow|
|poke|p2|Cinderace, F|
|poke|p2|Eternatus|
|poke|p2|Marshadow|
|poke|p2|Yveltal|
|poke|p2|Xerneas-*|
|teampreview
|inactive|Battle timer is ON: inactive players will automatically lose when time's up. (requested by comradesquidwar)
|
|t:|1631739883
|start
|switch|p1a: Yveltal|Yveltal, shiny|100/100
|switch|p2a: Eternatus|Eternatus|100/100
|-ability|p2a: Eternatus|Pressure
|-ability|p1a: Yveltal|Dark Aura
|turn|1
|
|t:|1631739891
|switch|p1a: Blissey|Blissey, F|100/100
|move|p2a: Eternatus|Dynamax Cannon|p1a: Blissey
|-damage|p1a: Blissey|75/100
|-damage|p2a: Eternatus|91/100|[from] item: Life Orb
|
|upkeep
|turn|2
|
|t:|1631739896
|switch|p2a: Cinderace|Cinderace, F|100/100
|move|p1a: Blissey|Confide|p2a: Cinderace
|-unboost|p2a: Cinderace|spa|1
|
|upkeep
|turn|3
|
|t:|1631739899
|switch|p1a: Giratina|Giratina|100/100
|-ability|p1a: Giratina|Pressure
|move|p2a: Cinderace|Pyro Ball|p1a: Giratina
|-resisted|p1a: Giratina
|-damage|p1a: Giratina|89/100
|
|upkeep
|turn|4
|
|t:|1631739904
|move|p2a: Cinderace|U-turn|p1a: Giratina
|-start|p2a: Cinderace|typechange|Bug|[from] ability: Libero
|-resisted|p1a: Giratina
|-damage|p1a: Giratina|81/100
|
|t:|1631739908
|switch|p2a: Marshadow|Marshadow|100/100|[from]move: U-turn
|move|p1a: Giratina|Will-O-Wisp|p2a: Marshadow
|-status|p2a: Marshadow|brn
|
|-damage|p2a: Marshadow|94/100 brn|[from] brn
|upkeep
|turn|5
|
|t:|1631739911
|switch|p1a: Xerneas|Xerneas|100/100
|-ability|p1a: Xerneas|Fairy Aura
|move|p2a: Marshadow|Bulk Up|p2a: Marshadow
|-boost|p2a: Marshadow|atk|1
|-boost|p2a: Marshadow|def|1
|
|-damage|p2a: Marshadow|88/100 brn|[from] brn
|upkeep
|turn|6
|
|t:|1631739918
|move|p2a: Marshadow|Spectral Thief|p1a: Xerneas
|-damage|p1a: Xerneas|71/100
|-damage|p2a: Marshadow|78/100 brn|[from] item: Life Orb
|move|p1a: Xerneas|Moonblast|p2a: Marshadow
|-supereffective|p2a: Marshadow
|-damage|p2a: Marshadow|0 fnt
|faint|p2a: Marshadow
|
|upkeep
|
|t:|1631739927
|switch|p2a: Cinderace|Cinderace, F|100/100
|turn|7
|
|t:|1631739929
|switch|p1a: Giratina|Giratina|81/100
|-ability|p1a: Giratina|Pressure
|move|p2a: Cinderace|Pyro Ball|p1a: Giratina
|-resisted|p1a: Giratina
|-damage|p1a: Giratina|68/100
|
|upkeep
|turn|8
|
|t:|1631739934
|move|p2a: Cinderace|U-turn|p1a: Giratina
|-start|p2a: Cinderace|typechange|Bug|[from] ability: Libero
|-resisted|p1a: Giratina
|-damage|p1a: Giratina|61/100
|
|t:|1631739936
|switch|p2a: Eternatus|Eternatus|91/100|[from]move: U-turn
|-ability|p2a: Eternatus|Pressure
|move|p1a: Giratina|Will-O-Wisp|p2a: Eternatus
|-status|p2a: Eternatus|brn
|
|-damage|p2a: Eternatus|84/100 brn|[from] brn
|upkeep
|turn|9
|
|t:|1631739941
|switch|p1a: Necrozma|Necrozma-Dusk-Mane|100/100
|move|p2a: Eternatus|Dynamax Cannon|p1a: Necrozma
|-resisted|p1a: Necrozma
|-damage|p1a: Necrozma|75/100
|-damage|p2a: Eternatus|74/100 brn|[from] item: Life Orb
|
|-heal|p1a: Necrozma|81/100|[from] item: Leftovers
|-damage|p2a: Eternatus|68/100 brn|[from] brn
|upkeep
|turn|10
|
|t:|1631739945
|switch|p1a: Blissey|Blissey, F|75/100
|move|p2a: Eternatus|Flamethrower|p1a: Blissey
|-damage|p1a: Blissey|59/100
|-damage|p2a: Eternatus|58/100 brn|[from] item: Life Orb
|
|-damage|p2a: Eternatus|52/100 brn|[from] brn
|upkeep
|turn|11
|
|t:|1631739948
|move|p2a: Eternatus|Recover|p2a: Eternatus
|-heal|p2a: Eternatus|100/100 brn
|move|p1a: Blissey|Soft-Boiled|p1a: Blissey
|-heal|p1a: Blissey|100/100
|
|-damage|p2a: Eternatus|94/100 brn|[from] brn
|upkeep
|turn|12
|
|t:|1631739952
|switch|p2a: Cinderace|Cinderace, F|100/100
|move|p1a: Blissey|Stealth Rock|p2a: Cinderace
|-sidestart|p2: Henryatom|move: Stealth Rock
|
|upkeep
|turn|13
|
|t:|1631739955
|switch|p1a: Giratina|Giratina|61/100
|-ability|p1a: Giratina|Pressure
|move|p2a: Cinderace|Court Change|p2a: Cinderace
|-start|p2a: Cinderace|typechange|Normal|[from] ability: Libero
|-swapsideconditions
|-activate|p2a: Cinderace|move: Court Change
|
|upkeep
|turn|14
|
|t:|1631739958
|move|p2a: Cinderace|U-turn|p1a: Giratina
|-start|p2a: Cinderace|typechange|Bug|[from] ability: Libero
|-resisted|p1a: Giratina
|-damage|p1a: Giratina|53/100
|
|t:|1631739964
|switch|p2a: Xerneas|Xerneas|100/100|[from]move: U-turn
|-ability|p2a: Xerneas|Fairy Aura
|move|p1a: Giratina|Defog|p2a: Xerneas
|-unboost|p2a: Xerneas|evasion|1
|-sideend|p1: comradesquidwar|Stealth Rock|[from] move: Defog|[of] p1a: Giratina
|
|upkeep
|turn|15
|
|t:|1631739970
|switch|p1a: Necrozma|Necrozma-Dusk-Mane|81/100
|move|p2a: Xerneas|Substitute|p2a: Xerneas
|-start|p2a: Xerneas|Substitute
|-damage|p2a: Xerneas|76/100
|
|-heal|p1a: Necrozma|87/100|[from] item: Leftovers
|upkeep
|turn|16
|
|t:|1631739972
|move|p2a: Xerneas|Moonblast|p1a: Necrozma
|-resisted|p1a: Necrozma
|-damage|p1a: Necrozma|64/100
|move|p1a: Necrozma|Iron Head|p2a: Xerneas
|-supereffective|p2a: Xerneas
|-end|p2a: Xerneas|Substitute
|
|-heal|p1a: Necrozma|70/100|[from] item: Leftovers
|upkeep
|turn|17
|
|t:|1631739980
|switch|p2a: Cinderace|Cinderace, F|100/100
|move|p1a: Necrozma|Thunder Wave|p2a: Cinderace
|-status|p2a: Cinderace|par
|
|-heal|p1a: Necrozma|76/100|[from] item: Leftovers
|upkeep
|turn|18
|
|t:|1631739982
|switch|p1a: Giratina|Giratina|53/100
|-ability|p1a: Giratina|Pressure
|move|p2a: Cinderace|U-turn|p1a: Giratina
|-start|p2a: Cinderace|typechange|Bug|[from] ability: Libero
|-resisted|p1a: Giratina
|-damage|p1a: Giratina|46/100
|
|t:|1631739991
|switch|p2a: Calyrex|Calyrex-Shadow|100/100|[from]move: U-turn
|-ability|p2a: Calyrex|As One
|-ability|p2a: Calyrex|Unnerve
|
|upkeep
|turn|19
|
|t:|1631739993
|switch|p1a: Yveltal|Yveltal, shiny|100/100
|-ability|p1a: Yveltal|Dark Aura
|move|p2a: Calyrex|Astral Barrage|p1a: Yveltal
|-resisted|p1a: Yveltal
|-damage|p1a: Yveltal|73/100
|
|upkeep
|turn|20
|
|t:|1631739997
|switch|p2a: Cinderace|Cinderace, F|100/100 par
|move|p1a: Yveltal|Taunt|p2a: Cinderace
|-start|p2a: Cinderace|move: Taunt
|
|upkeep
|turn|21
|
|t:|1631740000
|move|p1a: Yveltal|Knock Off|p2a: Cinderace
|-damage|p2a: Cinderace|14/100 par
|-enditem|p2a: Cinderace|Heavy-Duty Boots|[from] move: Knock Off|[of] p1a: Yveltal
|move|p2a: Cinderace|Pyro Ball|p1a: Yveltal
|-damage|p1a: Yveltal|29/100
|
|upkeep
|turn|22
|
|t:|1631740008
|move|p2a: Cinderace|Sucker Punch||[still]
|-fail|p2a: Cinderace
|move|p1a: Yveltal|Roost|p1a: Yveltal
|-heal|p1a: Yveltal|79/100
|-singleturn|p1a: Yveltal|move: Roost
|
|-end|p2a: Cinderace|move: Taunt
|upkeep
|turn|23
|
|t:|1631740011
|switch|p1a: Giratina|Giratina|46/100
|-ability|p1a: Giratina|Pressure
|move|p2a: Cinderace|Pyro Ball|p1a: Giratina
|-resisted|p1a: Giratina
|-damage|p1a: Giratina|32/100
|
|upkeep
|turn|24
|
|t:|1631740014
|move|p2a: Cinderace|Sucker Punch|p1a: Giratina
|-start|p2a: Cinderace|typechange|Dark|[from] ability: Libero
|-supereffective|p1a: Giratina
|-damage|p1a: Giratina|0 fnt
|faint|p1a: Giratina
|
|upkeep
|
|t:|1631740018
|switch|p1a: Xerneas|Xerneas|71/100
|-ability|p1a: Xerneas|Fairy Aura
|turn|25
|
|t:|1631740020
|move|p1a: Xerneas|Moonblast|p2a: Cinderace
|-supereffective|p2a: Cinderace
|-damage|p2a: Cinderace|0 fnt
|faint|p2a: Cinderace
|
|upkeep
|
|t:|1631740025
|switch|p2a: Eternatus|Eternatus|94/100 brn
|-ability|p2a: Eternatus|Pressure
|turn|26
|
|t:|1631740028
|switch|p1a: Blissey|Blissey, F|100/100
|move|p2a: Eternatus|Sludge Bomb|p1a: Blissey
|-damage|p1a: Blissey|75/100
|-damage|p2a: Eternatus|84/100 brn|[from] item: Life Orb
|
|-damage|p2a: Eternatus|78/100 brn|[from] brn
|upkeep
|turn|27
|
|t:|1631740033
|switch|p2a: Yveltal|Yveltal|100/100
|-ability|p2a: Yveltal|Dark Aura
|move|p1a: Blissey|Confide|p2a: Yveltal
|-unboost|p2a: Yveltal|spa|1
|
|upkeep
|turn|28
|
|t:|1631740036
|move|p2a: Yveltal|Taunt|p1a: Blissey
|-start|p1a: Blissey|move: Taunt
|cant|p1a: Blissey|move: Taunt|Soft-Boiled
|
|upkeep
|turn|29
|
|t:|1631740040
|switch|p1a: Xerneas|Xerneas|71/100
|-ability|p1a: Xerneas|Fairy Aura
|move|p2a: Yveltal|Oblivion Wing|p1a: Xerneas
|-damage|p1a: Xerneas|44/100
|-damage|p2a: Yveltal|91/100|[from] item: Life Orb
|
|upkeep
|turn|30
|
|t:|1631740054
|move|p2a: Yveltal|Oblivion Wing|p1a: Xerneas
|-damage|p1a: Xerneas|15/100
|-heal|p2a: Yveltal|100/100|[from] drain|[of] p1a: Xerneas
|-damage|p2a: Yveltal|91/100|[from] item: Life Orb
|move|p1a: Xerneas|Moonblast|p2a: Yveltal
|-supereffective|p2a: Yveltal
|-damage|p2a: Yveltal|0 fnt
|faint|p2a: Yveltal
|
|upkeep
|
|t:|1631740062
|switch|p2a: Calyrex|Calyrex-Shadow|100/100
|-ability|p2a: Calyrex|As One
|-ability|p2a: Calyrex|Unnerve
|turn|31
|
|t:|1631740065
|move|p2a: Calyrex|Astral Barrage|p1a: Xerneas
|-damage|p1a: Xerneas|0 fnt
|faint|p1a: Xerneas
|-ability|p2a: Calyrex|Grim Neigh|boost
|-boost|p2a: Calyrex|spa|1
|
|upkeep
|
|t:|1631740067
|switch|p1a: Yveltal|Yveltal, shiny|79/100
|-ability|p1a: Yveltal|Dark Aura
|turn|32
|
|t:|1631740070
|move|p2a: Calyrex|Draining Kiss|p1a: Yveltal
|-supereffective|p1a: Yveltal
|-damage|p1a: Yveltal|29/100
|move|p1a: Yveltal|Knock Off|p2a: Calyrex
|-supereffective|p2a: Calyrex
|-enditem|p2a: Calyrex|Focus Sash
|-damage|p2a: Calyrex|1/100
|
|upkeep
|turn|33
|
|t:|1631740077
|move|p1a: Yveltal|Sucker Punch|p2a: Calyrex
|-supereffective|p2a: Calyrex
|-damage|p2a: Calyrex|0 fnt
|faint|p2a: Calyrex
|
|upkeep
|
|t:|1631740081
|switch|p2a: Xerneas|Xerneas|76/100
|-ability|p2a: Xerneas|Fairy Aura
|turn|34
|
|t:|1631740083
|move|p1a: Yveltal|Taunt|p2a: Xerneas
|-start|p2a: Xerneas|move: Taunt
|cant|p2a: Xerneas|move: Taunt|Geomancy
|
|upkeep
|turn|35
|
|t:|1631740086
|move|p1a: Yveltal|Knock Off|p2a: Xerneas
|-resisted|p2a: Xerneas
|-damage|p2a: Xerneas|52/100
|-enditem|p2a: Xerneas|Power Herb|[from] move: Knock Off|[of] p1a: Yveltal
|move|p2a: Xerneas|Moonblast|p1a: Yveltal
|-supereffective|p1a: Yveltal
|-damage|p1a: Yveltal|0 fnt
|faint|p1a: Yveltal
|
|upkeep
|
|t:|1631740088
|switch|p1a: Necrozma|Necrozma-Dusk-Mane|76/100
|turn|36
|
|t:|1631740091
|move|p2a: Xerneas|Moonblast|p1a: Necrozma
|-resisted|p1a: Necrozma
|-damage|p1a: Necrozma|52/100
|move|p1a: Necrozma|Dragon Dance|p1a: Necrozma
|-boost|p1a: Necrozma|atk|1
|-boost|p1a: Necrozma|spe|1
|
|-heal|p1a: Necrozma|58/100|[from] item: Leftovers
|-end|p2a: Xerneas|move: Taunt
|upkeep
|turn|37
|
|t:|1631740096
|move|p1a: Necrozma|Iron Head|p2a: Xerneas
|-supereffective|p2a: Xerneas
|-damage|p2a: Xerneas|0 fnt
|faint|p2a: Xerneas
|
|-heal|p1a: Necrozma|64/100|[from] item: Leftovers
|upkeep
|
|t:|1631740098
|switch|p2a: Eternatus|Eternatus|78/100 brn
|-ability|p2a: Eternatus|Pressure
|turn|38
|
|t:|1631740101
|move|p2a: Eternatus|Flamethrower|p1a: Necrozma
|-supereffective|p1a: Necrozma
|-damage|p1a: Necrozma|18/100
|-damage|p2a: Eternatus|68/100 brn|[from] item: Life Orb
|move|p1a: Necrozma|Iron Head|p2a: Eternatus
|-crit|p2a: Eternatus
|-damage|p2a: Eternatus|0 fnt
|faint|p2a: Eternatus
|
|win|comradesquidwar
|raw|comradesquidwar's rating: 1611 &rarr; <strong>1629</strong><br />(+18 for winning)
|raw|Henryatom's rating: 1572 &rarr; <strong>1554</strong><br />(-18 for losing)
|c|☆comradesquidwar|gg
|l|☆Henryatom
