|j|☆default0
|j|☆Bunrphenix
|t:|1659885608
|gametype|singles
|player|p1|default0|skierf-gen4dp|
|player|p2|Bunrphenix|hilda-wonderlauncher|
|teamsize|p1|6
|teamsize|p2|6
|gen|8
|tier|[Gen 8] Ubers
|rated|Tournament battle
|rule|Sleep Clause Mod: Limit one foe put to sleep
|rule|Species Clause: Limit one of each Pokémon
|rule|OHKO Clause: OHKO moves are banned
|rule|Evasion Items Clause: Evasion items are banned
|rule|Evasion Moves Clause: Evasion moves are banned
|rule|Endless Battle Clause: Forcing endless battles is banned
|rule|HP Percentage Mod: HP is shown in percentages
|rule|Dynamax Clause: You cannot dynamax
|clearpoke
|poke|p1|Yveltal|
|poke|p1|Necrozma-Dusk-Mane|
|poke|p1|Calyrex-Shadow|
|poke|p1|Eternatus|
|poke|p1|Groudon|
|poke|p1|Xerneas-*|
|poke|p2|Calyrex-Shadow|
|poke|p2|Yveltal|
|poke|p2|Necrozma-Dusk-Mane|
|poke|p2|Groudon|
|poke|p2|Eternatus|
|poke|p2|Xerneas-*|
|teampreview
|c|☆Bunrphenix|Hf
|c|☆default0|hf
|
|t:|1659885621
|start
|switch|p1a: Xerneas|Xerneas|100/100
|switch|p2a: Groudon|Groudon|100/100
|-ability|p1a: Xerneas|Fairy Aura
|-weather|SunnyDay|[from] ability: Drought|[of] p2a: Groudon
|turn|1
|
|t:|1659885626
|switch|p2a: Necrozma|Necrozma-Dusk-Mane|100/100
|move|p1a: Xerneas|Moonblast|p2a: Necrozma
|-resisted|p2a: Necrozma
|-damage|p2a: Necrozma|69/100
|
|-weather|SunnyDay|[upkeep]
|-heal|p2a: Necrozma|75/100|[from] item: Leftovers
|upkeep
|turn|2
|
|t:|1659885634
|switch|p1a: Groudon|Groudon|100/100
|move|p2a: Necrozma|Stealth Rock|p1a: Groudon
|-sidestart|p1: default0|move: Stealth Rock
|
|-weather|SunnyDay|[upkeep]
|-heal|p2a: Necrozma|81/100|[from] item: Leftovers
|upkeep
|turn|3
|
|t:|1659885640
|switch|p2a: Yveltal|Yveltal|100/100
|-ability|p2a: Yveltal|Dark Aura
|move|p1a: Groudon|Stealth Rock|p2a: Yveltal
|-sidestart|p2: Bunrphenix|move: Stealth Rock
|
|-weather|SunnyDay|[upkeep]
|upkeep
|turn|4
|j| Khudgharz
|l| Khudgharz
|
|t:|1659885664
|move|p2a: Yveltal|U-turn|p1a: Groudon
|-damage|p1a: Groudon|88/100
|
|t:|1659885666
|switch|p2a: Groudon|Groudon|100/100|[from]move: U-turn
|-damage|p2a: Groudon|94/100|[from] Stealth Rock
|move|p1a: Groudon|Stone Edge|p2a: Groudon
|-resisted|p2a: Groudon
|-damage|p2a: Groudon|82/100
|
|-weather|SunnyDay|[upkeep]
|-heal|p2a: Groudon|88/100|[from] item: Leftovers
|upkeep
|turn|5
|
|t:|1659885671
|move|p1a: Groudon|Earthquake|p2a: Groudon
|-damage|p2a: Groudon|47/100
|move|p2a: Groudon|Swords Dance|p2a: Groudon
|-boost|p2a: Groudon|atk|2
|
|-weather|none
|-heal|p2a: Groudon|53/100|[from] item: Leftovers
|upkeep
|turn|6
|
|t:|1659885677
|switch|p1a: Yveltal|Yveltal|100/100
|-ability|p1a: Yveltal|Dark Aura
|move|p2a: Groudon|Precipice Blades|p1a: Yveltal
|-immune|p1a: Yveltal
|
|-heal|p2a: Groudon|60/100|[from] item: Leftovers
|upkeep
|turn|7
|
|t:|1659885683
|switch|p2a: Eternatus|Eternatus|100/100
|-ability|p2a: Eternatus|Pressure
|move|p1a: Yveltal|Foul Play|p2a: Eternatus
|-damage|p2a: Eternatus|76/100
|
|upkeep
|turn|8
|j| jlsdfhpjksdhfni
|
|t:|1659885693
|switch|p1a: Necrozma|Necrozma-Dusk-Mane|100/100
|-damage|p1a: Necrozma|94/100|[from] Stealth Rock
|move|p2a: Eternatus|Toxic|p1a: Necrozma
|-immune|p1a: Necrozma
|
|upkeep
|turn|9
|
|t:|1659885699
|switch|p2a: Groudon|Groudon|60/100
|-damage|p2a: Groudon|53/100|[from] Stealth Rock
|-weather|SunnyDay|[from] ability: Drought|[of] p2a: Groudon
|move|p1a: Necrozma|Sunsteel Strike|p2a: Groudon
|-damage|p2a: Groudon|22/100
|
|-weather|SunnyDay|[upkeep]
|-heal|p2a: Groudon|29/100|[from] item: Leftovers
|upkeep
|turn|10
|c| jlsdfhpjksdhfni|same 6 mons
|c| jlsdfhpjksdhfni|huh
|
|t:|1659885710
|switch|p1a: Yveltal|Yveltal|100/100
|-ability|p1a: Yveltal|Dark Aura
|move|p2a: Groudon|Precipice Blades|p1a: Yveltal
|-immune|p1a: Yveltal
|
|-weather|SunnyDay|[upkeep]
|-heal|p2a: Groudon|35/100|[from] item: Leftovers
|upkeep
|turn|11
|
|t:|1659885716
|switch|p2a: Eternatus|Eternatus|76/100
|-ability|p2a: Eternatus|Pressure
|move|p1a: Yveltal|Foul Play|p2a: Eternatus
|-crit|p2a: Eternatus
|-damage|p2a: Eternatus|42/100
|
|-weather|SunnyDay|[upkeep]
|upkeep
|turn|12
|c|☆default0|his are imposters
|
|t:|1659885734
|switch|p1a: Necrozma|Necrozma-Dusk-Mane|94/100
|-damage|p1a: Necrozma|88/100|[from] Stealth Rock
|move|p2a: Eternatus|Flamethrower|p1a: Necrozma
|-supereffective|p1a: Necrozma
|-damage|p1a: Necrozma|32/100
|
|-weather|SunnyDay|[upkeep]
|upkeep
|turn|13
|
|t:|1659885739
|switch|p1a: Xerneas|Xerneas|100/100
|-damage|p1a: Xerneas|88/100|[from] Stealth Rock
|-ability|p1a: Xerneas|Fairy Aura
|move|p2a: Eternatus|Flamethrower|p1a: Xerneas
|-damage|p1a: Xerneas|56/100
|
|-weather|none
|upkeep
|turn|14
|
|t:|1659885745
|switch|p2a: Necrozma|Necrozma-Dusk-Mane|81/100
|-damage|p2a: Necrozma|75/100|[from] Stealth Rock
|move|p1a: Xerneas|Moonblast|p2a: Necrozma
|-resisted|p2a: Necrozma
|-damage|p2a: Necrozma|41/100
|-unboost|p2a: Necrozma|spa|1
|
|-heal|p2a: Necrozma|47/100|[from] item: Leftovers
|upkeep
|turn|15
|
|t:|1659885749
|switch|p1a: Necrozma|Necrozma-Dusk-Mane|32/100
|-damage|p1a: Necrozma|26/100|[from] Stealth Rock
|move|p2a: Necrozma|Morning Sun|p2a: Necrozma
|-heal|p2a: Necrozma|97/100
|
|-heal|p2a: Necrozma|100/100|[from] item: Leftovers
|upkeep
|turn|16
|
|t:|1659885753
|move|p1a: Necrozma|Moonlight|p1a: Necrozma
|-heal|p1a: Necrozma|76/100
|move|p2a: Necrozma|Swords Dance|p2a: Necrozma
|-boost|p2a: Necrozma|atk|2
|
|upkeep
|turn|17
|
|t:|1659885757
|switch|p1a: Yveltal|Yveltal|100/100
|-ability|p1a: Yveltal|Dark Aura
|move|p2a: Necrozma|Sunsteel Strike|p1a: Yveltal
|-damage|p1a: Yveltal|44/100
|
|upkeep
|turn|18
|
|t:|1659885761
|switch|p2a: Yveltal|Yveltal|100/100
|-damage|p2a: Yveltal|75/100|[from] Stealth Rock
|-ability|p2a: Yveltal|Dark Aura
|move|p1a: Yveltal|Roost|p1a: Yveltal
|-heal|p1a: Yveltal|94/100
|-singleturn|p1a: Yveltal|move: Roost
|
|upkeep
|turn|19
|
|t:|1659885766
|move|p2a: Yveltal|U-turn|p1a: Yveltal
|-damage|p1a: Yveltal|82/100
|
|t:|1659885768
|switch|p2a: Eternatus|Eternatus|42/100|[from]move: U-turn
|-ability|p2a: Eternatus|Pressure
|move|p1a: Yveltal|Toxic|p2a: Eternatus
|-immune|p2a: Eternatus
|
|upkeep
|turn|20
|
|t:|1659885772
|switch|p1a: Xerneas|Xerneas|56/100
|-damage|p1a: Xerneas|43/100|[from] Stealth Rock
|-ability|p1a: Xerneas|Fairy Aura
|move|p2a: Eternatus|Recover|p2a: Eternatus
|-heal|p2a: Eternatus|92/100
|
|upkeep
|turn|21
|
|t:|1659885779
|switch|p2a: Necrozma|Necrozma-Dusk-Mane|100/100
|-damage|p2a: Necrozma|94/100|[from] Stealth Rock
|move|p1a: Xerneas|Moonblast|p2a: Necrozma
|-resisted|p2a: Necrozma
|-damage|p2a: Necrozma|64/100
|
|-heal|p2a: Necrozma|70/100|[from] item: Leftovers
|upkeep
|turn|22
|
|t:|1659885788
|switch|p1a: Groudon|Groudon|88/100
|-damage|p1a: Groudon|82/100|[from] Stealth Rock
|-weather|SunnyDay|[from] ability: Drought|[of] p1a: Groudon
|switch|p2a: Eternatus|Eternatus|92/100
|-ability|p2a: Eternatus|Pressure
|
|-weather|SunnyDay|[upkeep]
|upkeep
|turn|23
|
|t:|1659885798
|move|p2a: Eternatus|Toxic|p1a: Groudon
|-status|p1a: Groudon|tox
|-enditem|p1a: Groudon|Lum Berry|[eat]
|-curestatus|p1a: Groudon|tox|[msg]
|move|p1a: Groudon|Earthquake|p2a: Eternatus
|-supereffective|p2a: Eternatus
|-damage|p2a: Eternatus|0 fnt
|faint|p2a: Eternatus
|
|-weather|SunnyDay|[upkeep]
|upkeep
|
|t:|1659885829
|switch|p2a: Xerneas|Xerneas|100/100
|-damage|p2a: Xerneas|88/100|[from] Stealth Rock
|-ability|p2a: Xerneas|Fairy Aura
|turn|24
|
|t:|1659885841
|move|p2a: Xerneas|Geomancy||[still]
|-prepare|p2a: Xerneas|Geomancy
|-enditem|p2a: Xerneas|Power Herb
|-anim|p2a: Xerneas|Geomancy|p2a: Xerneas
|-boost|p2a: Xerneas|spa|2
|-boost|p2a: Xerneas|spd|2
|-boost|p2a: Xerneas|spe|2
|move|p1a: Groudon|Earthquake|p2a: Xerneas
|-damage|p2a: Xerneas|38/100
|
|-weather|SunnyDay|[upkeep]
|upkeep
|turn|25
|
|t:|1659885852
|switch|p1a: Xerneas|Xerneas|43/100
|-damage|p1a: Xerneas|31/100|[from] Stealth Rock
|-ability|p1a: Xerneas|Fairy Aura
|move|p2a: Xerneas|Moonblast|p1a: Xerneas
|-damage|p1a: Xerneas|0 fnt
|faint|p1a: Xerneas
|
|-weather|SunnyDay|[upkeep]
|upkeep
|
|t:|1659885864
|switch|p1a: Calyrex|Calyrex-Shadow|100/100
|-ability|p1a: Calyrex|As One
|-ability|p1a: Calyrex|Unnerve
|-damage|p1a: Calyrex|88/100|[from] Stealth Rock
|turn|26
|
|t:|1659885867
|move|p1a: Calyrex|Haze|p1a: Calyrex
|-clearallboost
|move|p2a: Xerneas|Moonblast|p1a: Calyrex
|-damage|p1a: Calyrex|9/100
|-unboost|p1a: Calyrex|spa|1
|
|-weather|none
|upkeep
|turn|27
|
|t:|1659885879
|switch|p1a: Necrozma|Necrozma-Dusk-Mane|76/100
|-damage|p1a: Necrozma|70/100|[from] Stealth Rock
|switch|p2a: Calyrex|Calyrex-Shadow|100/100
|-ability|p2a: Calyrex|As One
|-ability|p2a: Calyrex|Unnerve
|-damage|p2a: Calyrex|88/100|[from] Stealth Rock
|
|upkeep
|turn|28
|
|t:|1659885888
|switch|p1a: Eternatus|Eternatus|100/100
|-damage|p1a: Eternatus|88/100|[from] Stealth Rock
|-ability|p1a: Eternatus|Pressure
|move|p2a: Calyrex|Nasty Plot|p2a: Calyrex
|-boost|p2a: Calyrex|spa|2
|
|-heal|p1a: Eternatus|94/100|[from] item: Black Sludge
|upkeep
|turn|29
|
|t:|1659885894
|switch|p1a: Calyrex|Calyrex-Shadow|9/100
|-ability|p1a: Calyrex|As One
|-ability|p1a: Calyrex|Unnerve
|-damage|p1a: Calyrex|0 fnt|[from] Stealth Rock
|faint|p1a: Calyrex
|move|p2a: Calyrex|Astral Barrage|p1: Calyrex|[notarget]
|-fail|p2a: Calyrex
|
|upkeep
|
|t:|1659885897
|switch|p1a: Yveltal|Yveltal|82/100
|-ability|p1a: Yveltal|Dark Aura
|turn|30
|
|t:|1659885900
|move|p2a: Calyrex|Draining Kiss|p1a: Yveltal
|-supereffective|p1a: Yveltal
|-damage|p1a: Yveltal|22/100
|-heal|p2a: Calyrex|100/100|[from] drain|[of] p1a: Yveltal
|move|p1a: Yveltal|Foul Play|p2a: Calyrex
|-supereffective|p2a: Calyrex
|-enditem|p2a: Calyrex|Focus Sash
|-damage|p2a: Calyrex|1/100
|
|upkeep
|turn|31
|
|t:|1659885903
|switch|p1a: Necrozma|Necrozma-Dusk-Mane|70/100
|-damage|p1a: Necrozma|64/100|[from] Stealth Rock
|move|p2a: Calyrex|Draining Kiss|p1a: Necrozma
|-resisted|p1a: Necrozma
|-damage|p1a: Necrozma|46/100
|-heal|p2a: Calyrex|16/100|[from] drain|[of] p1a: Necrozma
|-damage|p2a: Calyrex|0 fnt|[from] item: Rocky Helmet|[of] p1a: Necrozma
|faint|p2a: Calyrex
|
|upkeep
|c|☆Bunrphenix|Oh its a contact mode didnt know that
|
|t:|1659885938
|switch|p2a: Yveltal|Yveltal|75/100
|-damage|p2a: Yveltal|50/100|[from] Stealth Rock
|-ability|p2a: Yveltal|Dark Aura
|turn|32
|
|t:|1659885955
|move|p2a: Yveltal|Foul Play|p1a: Necrozma
|-supereffective|p1a: Necrozma
|-damage|p1a: Necrozma|0 fnt
|-damage|p2a: Yveltal|34/100|[from] item: Rocky Helmet|[of] p1a: Necrozma
|faint|p1a: Necrozma
|
|upkeep
|
|t:|1659885961
|switch|p1a: Eternatus|Eternatus|94/100
|-damage|p1a: Eternatus|82/100|[from] Stealth Rock
|-ability|p1a: Eternatus|Pressure
|turn|33
|
|t:|1659885972
|switch|p2a: Necrozma|Necrozma-Dusk-Mane|70/100
|-damage|p2a: Necrozma|64/100|[from] Stealth Rock
|move|p1a: Eternatus|Dynamax Cannon|p2a: Necrozma
|-resisted|p2a: Necrozma
|-damage|p2a: Necrozma|48/100
|
|-heal|p1a: Eternatus|88/100|[from] item: Black Sludge
|-heal|p2a: Necrozma|55/100|[from] item: Leftovers
|upkeep
|turn|34
|
|t:|1659885979
|move|p1a: Eternatus|Flamethrower|p2a: Necrozma
|-supereffective|p2a: Necrozma
|-damage|p2a: Necrozma|27/100
|move|p2a: Necrozma|Morning Sun|p2a: Necrozma
|-heal|p2a: Necrozma|77/100
|
|-heal|p1a: Eternatus|94/100|[from] item: Black Sludge
|-heal|p2a: Necrozma|83/100|[from] item: Leftovers
|upkeep
|turn|35
|
|t:|1659885983
|switch|p1a: Groudon|Groudon|82/100
|-damage|p1a: Groudon|76/100|[from] Stealth Rock
|-weather|SunnyDay|[from] ability: Drought|[of] p1a: Groudon
|move|p2a: Necrozma|Swords Dance|p2a: Necrozma
|-boost|p2a: Necrozma|atk|2
|
|-weather|SunnyDay|[upkeep]
|-heal|p2a: Necrozma|89/100|[from] item: Leftovers
|upkeep
|turn|36
|
|t:|1659885987
|switch|p2a: Groudon|Groudon|35/100
|-damage|p2a: Groudon|29/100|[from] Stealth Rock
|move|p1a: Groudon|Earthquake|p2a: Groudon
|-damage|p2a: Groudon|0 fnt
|faint|p2a: Groudon
|
|-weather|SunnyDay|[upkeep]
|upkeep
|l| jlsdfhpjksdhfni
|
|t:|1659885999
|switch|p2a: Xerneas|Xerneas|38/100
|-damage|p2a: Xerneas|25/100|[from] Stealth Rock
|-ability|p2a: Xerneas|Fairy Aura
|turn|37
|
|t:|1659886007
|move|p2a: Xerneas|Moonblast|p1a: Groudon
|-damage|p1a: Groudon|4/100
|move|p1a: Groudon|Earthquake|p2a: Xerneas
|-damage|p2a: Xerneas|0 fnt
|faint|p2a: Xerneas
|
|-weather|SunnyDay|[upkeep]
|upkeep
|
|t:|1659886014
|switch|p2a: Yveltal|Yveltal|34/100
|-damage|p2a: Yveltal|9/100|[from] Stealth Rock
|-ability|p2a: Yveltal|Dark Aura
|turn|38
|
|t:|1659886027
|move|p2a: Yveltal|Foul Play|p1a: Groudon
|-damage|p1a: Groudon|0 fnt
|faint|p1a: Groudon
|
|-weather|SunnyDay|[upkeep]
|upkeep
|
|t:|1659886032
|switch|p1a: Yveltal|Yveltal|22/100
|-ability|p1a: Yveltal|Dark Aura
|turn|39
|
|t:|1659886037
|move|p2a: Yveltal|Foul Play|p1a: Yveltal
|-resisted|p1a: Yveltal
|-damage|p1a: Yveltal|8/100
|move|p1a: Yveltal|Roost|p1a: Yveltal
|-heal|p1a: Yveltal|58/100
|-singleturn|p1a: Yveltal|move: Roost
|
|-weather|none
|upkeep
|turn|40
|
|t:|1659886042
|move|p2a: Yveltal|Foul Play|p1a: Yveltal
|-resisted|p1a: Yveltal
|-damage|p1a: Yveltal|43/100
|move|p1a: Yveltal|Roost|p1a: Yveltal
|-heal|p1a: Yveltal|93/100
|-singleturn|p1a: Yveltal|move: Roost
|
|upkeep
|turn|41
|c|☆default0|tough lesson learned about dkiss
|
|t:|1659886055
|move|p2a: Yveltal|Foul Play|p1a: Yveltal
|-resisted|p1a: Yveltal
|-damage|p1a: Yveltal|80/100
|move|p1a: Yveltal|Foul Play|p2a: Yveltal
|-resisted|p2a: Yveltal
|-damage|p2a: Yveltal|0 fnt
|faint|p2a: Yveltal
|
|upkeep
|c|☆default0|gg
|c|☆Bunrphenix|Yeah but at least i learned Smth gg
|
|t:|1659886072
|switch|p2a: Necrozma|Necrozma-Dusk-Mane|89/100
|-damage|p2a: Necrozma|83/100|[from] Stealth Rock
|turn|42
|
|t:|1659886077
|move|p1a: Yveltal|Foul Play|p2a: Necrozma
|-supereffective|p2a: Necrozma
|-damage|p2a: Necrozma|16/100
|move|p2a: Necrozma|Sunsteel Strike|p1a: Yveltal
|-damage|p1a: Yveltal|49/100
|
|-heal|p2a: Necrozma|22/100|[from] item: Leftovers
|upkeep
|turn|43
|
|t:|1659886080
|move|p1a: Yveltal|Foul Play|p2a: Necrozma
|-supereffective|p2a: Necrozma
|-damage|p2a: Necrozma|0 fnt
|faint|p2a: Necrozma
|
|win|default0
|n|☆default0|default0
|n|☆Bunrphenix|bunrphenix
