|html|<div class="broadcast-blue"><strong>[Gen 8] Ubers is currently suspecting Shadow Tag! For information on how to participate check out the <a href="https://www.smogon.com/forums/threads/np-ss-ubers-stage-6-tag-youre-it.3679546/">suspect thread</a>.</strong></div>
|j|☆I Crit My Panties
|j|☆TisserioTop500
|t:|1616183197
|player|p1|I Crit My Panties|2|1628
|player|p2|TisserioTop500|170|1462
|teamsize|p1|6
|teamsize|p2|6
|gametype|singles
|gen|8
|tier|[Gen 8] Ubers
|rated|
|clearpoke
|poke|p1|Yveltal|
|poke|p1|Necrozma-Dusk-Mane|
|poke|p1|Eternatus|
|poke|p1|Xerneas|
|poke|p1|Ho-Oh|
|poke|p1|Calyrex-Shadow|
|poke|p2|Kyogre|
|poke|p2|Palkia|
|poke|p2|Zacian|
|poke|p2|Zygarde|
|poke|p2|Yveltal|
|poke|p2|Necrozma-Dusk-Mane|
|rule|Sleep Clause Mod: Limit one foe put to sleep
|rule|Species Clause: Limit one of each Pokémon
|rule|OHKO Clause: OHKO moves are banned
|rule|Evasion Moves Clause: Evasion moves are banned
|rule|Endless Battle Clause: Forcing endless battles is banned
|rule|HP Percentage Mod: HP is shown in percentages
|rule|Dynamax Clause: You cannot dynamax
|teampreview
|inactive|Battle timer is ON: inactive players will automatically lose when time's up. (requested by I Crit My Panties)
|
|t:|1616183208
|start
|switch|p1a: Yveltal|Yveltal|100/100
|switch|p2a: Strength|Kyogre, shiny|100/100
|-weather|RainDance|[from] ability: Drizzle|[of] p2a: Strength
|-ability|p1a: Yveltal|Dark Aura
|turn|1
|
|t:|1616183220
|move|p1a: Yveltal|Sucker Punch|p2a: Strength
|-damage|p2a: Strength|55/100
|move|p2a: Strength|Thunder|p1a: Yveltal
|-supereffective|p1a: Yveltal
|-damage|p1a: Yveltal|45/100
|
|-weather|RainDance|[upkeep]
|upkeep
|turn|2
|
|t:|1616183227
|switch|p1a: Eternatus|Eternatus|100/100
|-ability|p1a: Eternatus|Pressure
|move|p2a: Strength|Thunder|p1a: Eternatus
|-resisted|p1a: Eternatus
|-damage|p1a: Eternatus|88/100
|
|-weather|RainDance|[upkeep]
|-heal|p1a: Eternatus|94/100|[from] item: Black Sludge
|upkeep
|turn|3
|
|t:|1616183231
|switch|p2a: Made In Heaven|Necrozma-Dusk-Mane, shiny|100/100
|switch|p1a: Necrozma|Necrozma-Dusk-Mane|100/100
|
|-weather|RainDance|[upkeep]
|upkeep
|turn|4
|
|t:|1616183235
|move|p1a: Necrozma|Stealth Rock|p2a: Made In Heaven
|-sidestart|p2: TisserioTop500|move: Stealth Rock
|move|p2a: Made In Heaven|Stealth Rock|p1a: Necrozma
|-sidestart|p1: I Crit My Panties|move: Stealth Rock
|
|-weather|RainDance|[upkeep]
|upkeep
|turn|5
|
|t:|1616183247
|move|p1a: Necrozma|Earthquake|p2a: Made In Heaven
|-supereffective|p2a: Made In Heaven
|-damage|p2a: Made In Heaven|74/100
|move|p2a: Made In Heaven|Earthquake|p1a: Necrozma
|-supereffective|p1a: Necrozma
|-damage|p1a: Necrozma|74/100
|
|-weather|none
|upkeep
|turn|6
|
|t:|1616183252
|move|p1a: Necrozma|Earthquake|p2a: Made In Heaven
|-supereffective|p2a: Made In Heaven
|-damage|p2a: Made In Heaven|48/100
|move|p2a: Made In Heaven|Morning Sun|p2a: Made In Heaven
|-heal|p2a: Made In Heaven|98/100
|
|upkeep
|turn|7
|
|t:|1616183255
|switch|p2a: Justice|Yveltal|100/100
|-damage|p2a: Justice|75/100|[from] Stealth Rock
|-ability|p2a: Justice|Dark Aura
|move|p1a: Necrozma|Earthquake|p2a: Justice
|-immune|p2a: Justice
|
|upkeep
|turn|8
|
|t:|1616183259
|switch|p1a: Xerneas|Xerneas|100/100
|-damage|p1a: Xerneas|88/100|[from] Stealth Rock
|-ability|p1a: Xerneas|Fairy Aura
|move|p2a: Justice|U-turn|p1a: Xerneas
|-resisted|p1a: Xerneas
|-damage|p1a: Xerneas|83/100
|
|t:|1616183263
|switch|p2a: Made In Heaven|Necrozma-Dusk-Mane, shiny|98/100|[from]move: U-turn
|-damage|p2a: Made In Heaven|92/100|[from] Stealth Rock
|
|-heal|p1a: Xerneas|89/100|[from] item: Leftovers
|upkeep
|turn|9
|
|t:|1616183267
|switch|p1a: Necrozma|Necrozma-Dusk-Mane|74/100
|-damage|p1a: Necrozma|68/100|[from] Stealth Rock
|switch|p2a: Anubis|Zacian|100/100
|-damage|p2a: Anubis|88/100|[from] Stealth Rock
|-ability|p2a: Anubis|Intrepid Sword|boost
|-boost|p2a: Anubis|atk|1
|
|upkeep
|turn|10
|
|t:|1616183270
|move|p2a: Anubis|Close Combat|p1a: Necrozma
|-damage|p1a: Necrozma|25/100
|-unboost|p2a: Anubis|def|1
|-unboost|p2a: Anubis|spd|1
|-damage|p2a: Anubis|72/100|[from] item: Rocky Helmet|[of] p1a: Necrozma
|-damage|p2a: Anubis|62/100|[from] item: Life Orb
|move|p1a: Necrozma|Morning Sun|p1a: Necrozma
|-heal|p1a: Necrozma|75/100
|
|upkeep
|turn|11
|
|t:|1616183275
|switch|p2a: Made In Heaven|Necrozma-Dusk-Mane, shiny|92/100
|-damage|p2a: Made In Heaven|86/100|[from] Stealth Rock
|move|p1a: Necrozma|Earthquake|p2a: Made In Heaven
|-supereffective|p2a: Made In Heaven
|-damage|p2a: Made In Heaven|60/100
|
|upkeep
|turn|12
|
|t:|1616183289
|move|p2a: Made In Heaven|Earthquake|p1a: Necrozma
|-supereffective|p1a: Necrozma
|-damage|p1a: Necrozma|47/100
|move|p1a: Necrozma|Earthquake|p2a: Made In Heaven
|-supereffective|p2a: Made In Heaven
|-crit|p2a: Made In Heaven
|-damage|p2a: Made In Heaven|22/100
|
|upkeep
|turn|13
|
|t:|1616183296
|switch|p1a: Calyrex|Calyrex-Shadow|100/100
|-ability|p1a: Calyrex|As One
|-ability|p1a: Calyrex|Unnerve|p2: TisserioTop500
|-damage|p1a: Calyrex|88/100|[from] Stealth Rock
|move|p2a: Made In Heaven|Morning Sun|p2a: Made In Heaven
|-heal|p2a: Made In Heaven|72/100
|
|upkeep
|turn|14
|
|t:|1616183306
|move|p1a: Calyrex|Trick|p2a: Made In Heaven
|-activate|p1a: Calyrex|move: Trick|[of] p2a: Made In Heaven
|-item|p2a: Made In Heaven|Choice Scarf|[from] move: Trick
|-item|p1a: Calyrex|Rocky Helmet|[from] move: Trick
|move|p2a: Made In Heaven|Morning Sun|p2a: Made In Heaven
|-heal|p2a: Made In Heaven|100/100
|
|upkeep
|turn|15
|
|t:|1616183311
|switch|p2a: Justice|Yveltal|75/100
|-damage|p2a: Justice|50/100|[from] Stealth Rock
|-ability|p2a: Justice|Dark Aura
|move|p1a: Calyrex|Astral Barrage|p2a: Justice
|-resisted|p2a: Justice
|-damage|p2a: Justice|25/100
|
|upkeep
|turn|16
|
|t:|1616183321
|switch|p1a: Xerneas|Xerneas|89/100
|-damage|p1a: Xerneas|77/100|[from] Stealth Rock
|-ability|p1a: Xerneas|Fairy Aura
|move|p2a: Justice|Foul Play|p1a: Xerneas
|-resisted|p1a: Xerneas
|-damage|p1a: Xerneas|64/100
|
|-heal|p1a: Xerneas|70/100|[from] item: Leftovers
|upkeep
|turn|17
|
|t:|1616183344
|switch|p2a: Made In Heaven|Necrozma-Dusk-Mane, shiny|100/100
|-damage|p2a: Made In Heaven|94/100|[from] Stealth Rock
|move|p1a: Xerneas|Moonblast|p2a: Made In Heaven
|-resisted|p2a: Made In Heaven
|-damage|p2a: Made In Heaven|72/100
|
|-heal|p1a: Xerneas|77/100|[from] item: Leftovers
|upkeep
|turn|18
|
|t:|1616183350
|switch|p2a: Strength|Kyogre, shiny|55/100
|-damage|p2a: Strength|42/100|[from] Stealth Rock
|-weather|RainDance|[from] ability: Drizzle|[of] p2a: Strength
|switch|p1a: Ho-Oh|Ho-Oh|100/100
|
|-weather|RainDance|[upkeep]
|upkeep
|turn|19
|
|t:|1616183358
|switch|p1a: Eternatus|Eternatus|94/100
|-damage|p1a: Eternatus|81/100|[from] Stealth Rock
|-ability|p1a: Eternatus|Pressure
|move|p2a: Strength|Origin Pulse|p1a: Eternatus
|-resisted|p1a: Eternatus
|-damage|p1a: Eternatus|49/100
|
|-weather|RainDance|[upkeep]
|-heal|p1a: Eternatus|56/100|[from] item: Black Sludge
|upkeep
|turn|20
|
|t:|1616183362
|move|p2a: Strength|Origin Pulse|p1a: Eternatus|[miss]
|-miss|p2a: Strength|p1a: Eternatus
|move|p1a: Eternatus|Recover|p1a: Eternatus
|-heal|p1a: Eternatus|100/100
|
|-weather|RainDance|[upkeep]
|upkeep
|turn|21
|
|t:|1616183365
|switch|p2a: Justice|Yveltal|25/100
|-damage|p2a: Justice|0 fnt|[from] Stealth Rock
|faint|p2a: Justice
|move|p1a: Eternatus|Toxic|p2: Justice|[notarget]
|-fail|p1a: Eternatus
|
|-weather|RainDance|[upkeep]
|upkeep
|
|t:|1616183369
|switch|p2a: Strength|Kyogre, shiny|42/100
|-damage|p2a: Strength|30/100|[from] Stealth Rock
|turn|22
|
|t:|1616183371
|move|p2a: Strength|Ice Beam|p1a: Eternatus
|-supereffective|p1a: Eternatus
|-damage|p1a: Eternatus|54/100
|move|p1a: Eternatus|Recover|p1a: Eternatus
|-heal|p1a: Eternatus|100/100
|
|-weather|none
|upkeep
|turn|23
|
|t:|1616183383
|switch|p1a: Necrozma|Necrozma-Dusk-Mane|47/100
|-damage|p1a: Necrozma|41/100|[from] Stealth Rock
|move|p2a: Strength|Ice Beam|p1a: Necrozma
|-resisted|p1a: Necrozma
|-damage|p1a: Necrozma|26/100
|
|upkeep
|turn|24
|
|t:|1616183387
|move|p2a: Strength|Ice Beam|p1a: Necrozma
|-resisted|p1a: Necrozma
|-damage|p1a: Necrozma|11/100
|move|p1a: Necrozma|Morning Sun|p1a: Necrozma
|-heal|p1a: Necrozma|61/100
|
|upkeep
|turn|25
|
|t:|1616183390
|move|p2a: Strength|Ice Beam|p1a: Necrozma
|-resisted|p1a: Necrozma
|-damage|p1a: Necrozma|45/100
|move|p1a: Necrozma|Morning Sun|p1a: Necrozma
|-heal|p1a: Necrozma|95/100
|
|upkeep
|turn|26
|
|t:|1616183393
|switch|p1a: Ho-Oh|Ho-Oh|100/100
|move|p2a: Strength|Ice Beam|p1a: Ho-Oh
|-damage|p1a: Ho-Oh|83/100
|
|upkeep
|turn|27
|
|t:|1616183407
|switch|p2a: Made In Heaven|Necrozma-Dusk-Mane, shiny|72/100
|-damage|p2a: Made In Heaven|66/100|[from] Stealth Rock
|move|p1a: Ho-Oh|Thunder Wave|p2a: Made In Heaven
|-status|p2a: Made In Heaven|par
|
|upkeep
|turn|28
|
|t:|1616183410
|move|p1a: Ho-Oh|Sacred Fire|p2a: Made In Heaven
|-supereffective|p2a: Made In Heaven
|-damage|p2a: Made In Heaven|31/100 par
|move|p2a: Made In Heaven|Morning Sun|p2a: Made In Heaven
|-heal|p2a: Made In Heaven|81/100 par
|
|upkeep
|turn|29
|
|t:|1616183414
|switch|p1a: Yveltal|Yveltal|45/100
|-ability|p1a: Yveltal|Dark Aura
|move|p2a: Made In Heaven|Morning Sun|p2a: Made In Heaven
|-heal|p2a: Made In Heaven|100/100 par
|
|upkeep
|turn|30
|
|t:|1616183417
|move|p1a: Yveltal|Roost|p1a: Yveltal
|-heal|p1a: Yveltal|95/100
|-singleturn|p1a: Yveltal|move: Roost
|move|p2a: Made In Heaven|Morning Sun||[still]
|-fail|p2a: Made In Heaven
|
|upkeep
|turn|31
|
|t:|1616183420
|move|p1a: Yveltal|U-turn|p2a: Made In Heaven
|-damage|p2a: Made In Heaven|89/100 par
|
|t:|1616183423
|switch|p1a: Calyrex|Calyrex-Shadow|88/100|[from]move: U-turn
|-ability|p1a: Calyrex|As One
|-ability|p1a: Calyrex|Unnerve|p2: TisserioTop500
|-damage|p1a: Calyrex|76/100|[from] Stealth Rock
|move|p2a: Made In Heaven|Morning Sun|p2a: Made In Heaven
|-heal|p2a: Made In Heaven|100/100 par
|
|upkeep
|turn|32
|
|t:|1616183429
|switch|p2a: Strength|Kyogre, shiny|30/100
|-damage|p2a: Strength|18/100|[from] Stealth Rock
|-weather|RainDance|[from] ability: Drizzle|[of] p2a: Strength
|move|p1a: Calyrex|Trick|p2a: Strength
|-activate|p1a: Calyrex|move: Trick|[of] p2a: Strength
|-item|p2a: Strength|Rocky Helmet|[from] move: Trick
|-item|p1a: Calyrex|Choice Scarf|[from] move: Trick
|
|-weather|RainDance|[upkeep]
|upkeep
|turn|33
|
|t:|1616183435
|move|p1a: Calyrex|Astral Barrage|p2a: Strength
|-damage|p2a: Strength|0 fnt
|faint|p2a: Strength
|-ability|p1a: Calyrex|Grim Neigh|boost
|-boost|p1a: Calyrex|spa|1
|
|-weather|RainDance|[upkeep]
|upkeep
|
|t:|1616183440
|switch|p2a: Anubis|Zacian|62/100
|-damage|p2a: Anubis|49/100|[from] Stealth Rock
|-ability|p2a: Anubis|Intrepid Sword|boost
|-boost|p2a: Anubis|atk|1
|turn|34
|
|t:|1616183442
|move|p1a: Calyrex|Astral Barrage|p2a: Anubis
|-damage|p2a: Anubis|0 fnt
|faint|p2a: Anubis
|-ability|p1a: Calyrex|Grim Neigh|boost
|-boost|p1a: Calyrex|spa|1
|
|-weather|RainDance|[upkeep]
|upkeep
|-message|TisserioTop500 forfeited.
|
|win|I Crit My Panties
|raw|I Crit My Panties's rating: 1628 &rarr; <strong>1639</strong><br />(+11 for winning)
|raw|TisserioTop500's rating: 1469 &rarr; <strong>1458</strong><br />(-11 for losing)
