|j|☆c9joey
|j|☆I like Lovely
|player|p1|c9joey|1|1640
|player|p2|I like Lovely|265|1582
|teamsize|p1|6
|teamsize|p2|6
|gametype|singles
|gen|8
|tier|[Gen 8] Ubers
|rated|
|rule|Sleep Clause Mod: Limit one foe put to sleep
|rule|Species Clause: Limit one of each Pokémon
|rule|OHKO Clause: OHKO moves are banned
|rule|Evasion Moves Clause: Evasion moves are banned
|rule|Endless Battle Clause: Forcing endless battles is banned
|rule|HP Percentage Mod: HP is shown in percentages
|clearpoke
|poke|p1|Zacian-Crowned|
|poke|p1|Eternatus|
|poke|p1|Quagsire, F|
|poke|p1|Ditto|
|poke|p1|Corviknight, M|
|poke|p1|Gothitelle, F|
|poke|p2|Corviknight, M|
|poke|p2|Dugtrio, M|
|poke|p2|Tyranitar, M|
|poke|p2|Eternatus|
|poke|p2|Ditto|
|poke|p2|Ferrothorn, F|
|teampreview
|j| Bornee's Dummy
|j| Z the Scrub
|
|start
|switch|p1a: Zacian|Zacian-Crowned|100/100
|switch|p2a: Tyranitar|Tyranitar, M|100/100
|-ability|p1a: Zacian|Intrepid Sword|boost
|-boost|p1a: Zacian|atk|1
|-weather|Sandstorm|[from] ability: Sand Stream|[of] p2a: Tyranitar
|turn|1
|inactive|Battle timer is ON: inactive players will automatically lose when time's up. (requested by I like Lovely)
|
|switch|p2a: Corviknight|Corviknight, M|100/100
|-ability|p2a: Corviknight|Pressure
|move|p1a: Zacian|Swords Dance|p1a: Zacian
|-boost|p1a: Zacian|atk|2
|
|-weather|Sandstorm|[upkeep]
|upkeep
|turn|2
|
|move|p1a: Zacian|Fire Fang|p2a: Corviknight
|-supereffective|p2a: Corviknight
|-damage|p2a: Corviknight|14/100
|-damage|p1a: Zacian|84/100|[from] item: Rocky Helmet|[of] p2a: Corviknight
|-status|p2a: Corviknight|brn
|move|p2a: Corviknight|Iron Defense|p2a: Corviknight
|-boost|p2a: Corviknight|def|2
|
|-weather|Sandstorm|[upkeep]
|-damage|p2a: Corviknight|8/100 brn|[from] brn
|upkeep
|turn|3
|
|move|p1a: Zacian|Play Rough|p2a: Corviknight
|-resisted|p2a: Corviknight
|-damage|p2a: Corviknight|0 fnt
|-damage|p1a: Zacian|67/100|[from] item: Rocky Helmet|[of] p2a: Corviknight
|faint|p2a: Corviknight
|
|-weather|Sandstorm|[upkeep]
|upkeep
|
|switch|p2a: Dugtrio|Dugtrio, M|100/100
|turn|4
|
|move|p2a: Dugtrio|Earthquake|p1a: Zacian
|-supereffective|p1a: Zacian
|-damage|p1a: Zacian|0 fnt
|faint|p1a: Zacian
|
|-weather|Sandstorm|[upkeep]
|upkeep
|
|switch|p1a: Corviknight|Corviknight, M|100/100
|-ability|p1a: Corviknight|Pressure
|turn|5
|l| Bornee's Dummy
|
|switch|p2a: Eternatus|Eternatus|100/100
|-ability|p2a: Eternatus|Pressure
|switch|p1a: Gothitelle|Gothitelle, F|100/100
|
|-weather|none
|upkeep
|turn|6
|
|move|p2a: Eternatus|Cosmic Power|p2a: Eternatus
|-boost|p2a: Eternatus|def|1
|-boost|p2a: Eternatus|spd|1
|move|p1a: Gothitelle|Cosmic Power|p1a: Gothitelle
|-boost|p1a: Gothitelle|def|1
|-boost|p1a: Gothitelle|spd|1
|
|upkeep
|turn|7
|
|move|p2a: Eternatus|Cosmic Power|p2a: Eternatus
|-boost|p2a: Eternatus|def|1
|-boost|p2a: Eternatus|spd|1
|move|p1a: Gothitelle|Cosmic Power|p1a: Gothitelle
|-boost|p1a: Gothitelle|def|1
|-boost|p1a: Gothitelle|spd|1
|
|upkeep
|turn|8
|
|move|p2a: Eternatus|Cosmic Power|p2a: Eternatus
|-boost|p2a: Eternatus|def|1
|-boost|p2a: Eternatus|spd|1
|move|p1a: Gothitelle|Cosmic Power|p1a: Gothitelle
|-boost|p1a: Gothitelle|def|1
|-boost|p1a: Gothitelle|spd|1
|
|upkeep
|turn|9
|
|move|p2a: Eternatus|Cosmic Power|p2a: Eternatus
|-boost|p2a: Eternatus|def|1
|-boost|p2a: Eternatus|spd|1
|move|p1a: Gothitelle|Cosmic Power|p1a: Gothitelle
|-boost|p1a: Gothitelle|def|1
|-boost|p1a: Gothitelle|spd|1
|
|upkeep
|turn|10
|
|move|p1a: Gothitelle|Cosmic Power|p1a: Gothitelle
|-boost|p1a: Gothitelle|def|1
|-boost|p1a: Gothitelle|spd|1
|move|p2a: Eternatus|Dragon Tail|p1a: Gothitelle
|-damage|p1a: Gothitelle|96/100
|drag|p1a: Ditto|Ditto|100/100
|-transform|p1a: Ditto|p2a: Eternatus|[from] ability: Imposter
|-ability|p1a: Ditto|Pressure
|
|upkeep
|turn|11
|
|move|p2a: Eternatus|Cosmic Power|p2a: Eternatus
|-boost|p2a: Eternatus|def|1
|-boost|p2a: Eternatus|spd|1
|move|p1a: Ditto|Dragon Tail|p2a: Eternatus
|-supereffective|p2a: Eternatus
|-damage|p2a: Eternatus|94/100
|drag|p2a: Tyranitar|Tyranitar, M|100/100
|-weather|Sandstorm|[from] ability: Sand Stream|[of] p2a: Tyranitar
|
|-weather|Sandstorm|[upkeep]
|-damage|p1a: Ditto|94/100|[from] Sandstorm
|upkeep
|turn|12
|
|switch|p1a: Quagsire|Quagsire, F|100/100
|move|p2a: Tyranitar|Fire Blast|p1a: Quagsire
|-resisted|p1a: Quagsire
|-damage|p1a: Quagsire|82/100
|
|-weather|Sandstorm|[upkeep]
|upkeep
|turn|13
|
|switch|p1a: Eternatus|Eternatus|100/100
|-ability|p1a: Eternatus|Pressure
|move|p2a: Tyranitar|Stealth Rock|p1a: Eternatus
|-sidestart|p1: c9joey|move: Stealth Rock
|
|-weather|Sandstorm|[upkeep]
|-damage|p1a: Eternatus|94/100|[from] Sandstorm
|upkeep
|turn|14
|
|switch|p1a: Quagsire|Quagsire, F|82/100
|-damage|p1a: Quagsire|76/100|[from] Stealth Rock
|move|p2a: Tyranitar|Ice Beam|p1a: Quagsire
|-damage|p1a: Quagsire|47/100
|
|-weather|Sandstorm|[upkeep]
|upkeep
|turn|15
|
|switch|p2a: Ferrothorn|Ferrothorn, F|100/100
|move|p1a: Quagsire|Recover|p1a: Quagsire
|-heal|p1a: Quagsire|97/100
|
|-weather|none
|upkeep
|turn|16
|
|switch|p1a: Corviknight|Corviknight, M|100/100
|-damage|p1a: Corviknight|88/100|[from] Stealth Rock
|-ability|p1a: Corviknight|Pressure
|move|p2a: Ferrothorn|Knock Off|p1a: Corviknight
|-damage|p1a: Corviknight|76/100
|-enditem|p1a: Corviknight|Leftovers|[from] move: Knock Off|[of] p2a: Ferrothorn
|
|upkeep
|turn|17
|
|move|p1a: Corviknight|Defog|p2a: Ferrothorn
|-unboost|p2a: Ferrothorn|evasion|1
|-sideend|p1: c9joey|Stealth Rock|[from] move: Defog|[of] p1a: Corviknight
|move|p2a: Ferrothorn|Spikes|p1a: Corviknight
|-sidestart|p1: c9joey|Spikes
|
|upkeep
|turn|18
|
|move|p1a: Corviknight|Bulk Up|p1a: Corviknight
|-boost|p1a: Corviknight|atk|1
|-boost|p1a: Corviknight|def|1
|move|p2a: Ferrothorn|Knock Off|p1a: Corviknight
|-damage|p1a: Corviknight|70/100
|
|upkeep
|turn|19
|
|move|p1a: Corviknight|Bulk Up|p1a: Corviknight
|-boost|p1a: Corviknight|atk|1
|-boost|p1a: Corviknight|def|1
|move|p2a: Ferrothorn|Leech Seed|p1a: Corviknight
|-start|p1a: Corviknight|move: Leech Seed
|
|-damage|p1a: Corviknight|58/100|[from] Leech Seed|[of] p2a: Ferrothorn
|upkeep
|turn|20
|
|move|p1a: Corviknight|Roost|p1a: Corviknight
|-heal|p1a: Corviknight|100/100
|-singleturn|p1a: Corviknight|move: Roost
|move|p2a: Ferrothorn|Spikes|p1a: Corviknight
|-sidestart|p1: c9joey|Spikes
|
|-damage|p1a: Corviknight|88/100|[from] Leech Seed|[of] p2a: Ferrothorn
|upkeep
|turn|21
|
|move|p2a: Ferrothorn|Protect|p2a: Ferrothorn
|-singleturn|p2a: Ferrothorn|Protect
|move|p1a: Corviknight|Bulk Up|p1a: Corviknight
|-boost|p1a: Corviknight|atk|1
|-boost|p1a: Corviknight|def|1
|
|-damage|p1a: Corviknight|75/100|[from] Leech Seed|[of] p2a: Ferrothorn
|upkeep
|turn|22
|
|switch|p2a: Ditto|Ditto|100/100
|-transform|p2a: Ditto|p1a: Corviknight|[from] ability: Imposter
|-ability|p2a: Ditto|Pressure
|move|p1a: Corviknight|Roost|p1a: Corviknight
|-heal|p1a: Corviknight|100/100
|-singleturn|p1a: Corviknight|move: Roost
|
|-damage|p1a: Corviknight|88/100|[from] Leech Seed|[of] p2a: Ditto
|upkeep
|turn|23
|j| Hooligan SWIIC
|inactive|I like Lovely has 120 seconds left.
|
|move|p2a: Ditto|Body Press|p1a: Corviknight
|-damage|p1a: Corviknight|72/100
|move|p1a: Corviknight|Bulk Up|p1a: Corviknight
|-boost|p1a: Corviknight|atk|1
|-boost|p1a: Corviknight|def|1
|
|-damage|p1a: Corviknight|59/100|[from] Leech Seed|[of] p2a: Ditto
|upkeep
|turn|24
|
|switch|p2a: Eternatus|Eternatus|94/100
|-ability|p2a: Eternatus|Pressure
|move|p1a: Corviknight|Roost|p1a: Corviknight
|-heal|p1a: Corviknight|100/100
|-singleturn|p1a: Corviknight|move: Roost
|
|-heal|p2a: Eternatus|100/100|[from] item: Black Sludge
|-damage|p1a: Corviknight|88/100|[from] Leech Seed|[of] p2a: Eternatus
|upkeep
|turn|25
|
|move|p1a: Corviknight|Defog|p2a: Eternatus
|-unboost|p2a: Eternatus|evasion|1
|-sideend|p1: c9joey|Spikes|[from] move: Defog|[of] p1a: Corviknight
|move|p2a: Eternatus|Dragon Tail|p1a: Corviknight
|-resisted|p1a: Corviknight
|-damage|p1a: Corviknight|86/100
|drag|p1a: Quagsire|Quagsire, F|97/100
|
|upkeep
|turn|26
|
|move|p2a: Eternatus|Cosmic Power|p2a: Eternatus
|-boost|p2a: Eternatus|def|1
|-boost|p2a: Eternatus|spd|1
|move|p1a: Quagsire|Curse|p1a: Quagsire
|-unboost|p1a: Quagsire|spe|1
|-boost|p1a: Quagsire|atk|1
|-boost|p1a: Quagsire|def|1
|
|upkeep
|turn|27
|
|switch|p2a: Ferrothorn|Ferrothorn, F|100/100
|-start|p1a: Quagsire|Dynamax
|-heal|p1a: Quagsire|97/100|[silent]
|move|p1a: Quagsire|Max Quake|p2a: Ferrothorn
|-damage|p2a: Ferrothorn|69/100
|-boost|p1a: Quagsire|spd|1
|
|-heal|p2a: Ferrothorn|75/100|[from] item: Leftovers
|upkeep
|turn|28
|
|move|p1a: Quagsire|Max Quake|p2a: Ferrothorn
|-damage|p2a: Ferrothorn|43/100
|-boost|p1a: Quagsire|spd|1
|move|p2a: Ferrothorn|Leech Seed|p1a: Quagsire
|-start|p1a: Quagsire|move: Leech Seed
|
|-heal|p2a: Ferrothorn|49/100|[from] item: Leftovers
|-damage|p1a: Quagsire|90/100|[from] Leech Seed|[of] p2a: Ferrothorn
|-heal|p2a: Ferrothorn|63/100|[silent]
|upkeep
|turn|29
|
|-end|p1a: Quagsire|Dynamax
|-heal|p1a: Quagsire|91/100|[silent]
|switch|p1a: Eternatus|Eternatus|94/100
|-ability|p1a: Eternatus|Pressure
|move|p2a: Ferrothorn|Spikes|p1a: Eternatus
|-sidestart|p1: c9joey|Spikes
|
|-heal|p2a: Ferrothorn|69/100|[from] item: Leftovers
|upkeep
|turn|30
|
|switch|p1a: Quagsire|Quagsire, F|91/100
|-damage|p1a: Quagsire|78/100|[from] Spikes
|switch|p2a: Tyranitar|Tyranitar, M|100/100
|-weather|Sandstorm|[from] ability: Sand Stream|[of] p2a: Tyranitar
|
|-weather|Sandstorm|[upkeep]
|upkeep
|turn|31
|inactive|I like Lovely has 120 seconds left.
|
|switch|p2a: Ferrothorn|Ferrothorn, F|69/100
|move|p1a: Quagsire|Recover|p1a: Quagsire
|-heal|p1a: Quagsire|100/100
|
|-weather|Sandstorm|[upkeep]
|-heal|p2a: Ferrothorn|75/100|[from] item: Leftovers
|upkeep
|turn|32
|inactive|I like Lovely has 120 seconds left.
|
|switch|p1a: Corviknight|Corviknight, M|86/100
|-ability|p1a: Corviknight|Pressure
|move|p2a: Ferrothorn|Leech Seed|p1a: Corviknight
|-start|p1a: Corviknight|move: Leech Seed
|
|-weather|Sandstorm|[upkeep]
|-heal|p2a: Ferrothorn|81/100|[from] item: Leftovers
|-damage|p1a: Corviknight|74/100|[from] Leech Seed|[of] p2a: Ferrothorn
|-heal|p2a: Ferrothorn|96/100|[silent]
|upkeep
|turn|33
|j| Ha I suck
|inactive|I like Lovely has 120 seconds left.
|
|move|p1a: Corviknight|Bulk Up|p1a: Corviknight
|-boost|p1a: Corviknight|atk|1
|-boost|p1a: Corviknight|def|1
|move|p2a: Ferrothorn|Spikes|p1a: Corviknight
|-sidestart|p1: c9joey|Spikes
|
|-weather|Sandstorm|[upkeep]
|-heal|p2a: Ferrothorn|100/100|[from] item: Leftovers
|-damage|p1a: Corviknight|61/100|[from] Leech Seed|[of] p2a: Ferrothorn
|upkeep
|turn|34
|
|move|p1a: Corviknight|Roost|p1a: Corviknight
|-heal|p1a: Corviknight|100/100
|-singleturn|p1a: Corviknight|move: Roost
|move|p2a: Ferrothorn|Spikes|p1a: Corviknight
|-sidestart|p1: c9joey|Spikes
|
|-weather|none
|-damage|p1a: Corviknight|88/100|[from] Leech Seed|[of] p2a: Ferrothorn
|upkeep
|turn|35
|
|move|p1a: Corviknight|Bulk Up|p1a: Corviknight
|-boost|p1a: Corviknight|atk|1
|-boost|p1a: Corviknight|def|1
|move|p2a: Ferrothorn|Knock Off|p1a: Corviknight
|-damage|p1a: Corviknight|83/100
|
|-damage|p1a: Corviknight|71/100|[from] Leech Seed|[of] p2a: Ferrothorn
|upkeep
|turn|36
|
|switch|p2a: Eternatus|Eternatus|100/100
|-ability|p2a: Eternatus|Pressure
|move|p1a: Corviknight|Defog|p2a: Eternatus
|-unboost|p2a: Eternatus|evasion|1
|-sideend|p1: c9joey|Spikes|[from] move: Defog|[of] p1a: Corviknight
|
|-damage|p1a: Corviknight|58/100|[from] Leech Seed|[of] p2a: Eternatus
|upkeep
|turn|37
|
|move|p2a: Eternatus|Flamethrower|p1a: Corviknight
|-supereffective|p1a: Corviknight
|-damage|p1a: Corviknight|2/100
|move|p1a: Corviknight|Roost|p1a: Corviknight
|-heal|p1a: Corviknight|52/100
|-singleturn|p1a: Corviknight|move: Roost
|
|-damage|p1a: Corviknight|39/100|[from] Leech Seed|[of] p2a: Eternatus
|upkeep
|turn|38
|
|switch|p2a: Ferrothorn|Ferrothorn, F|100/100
|switch|p1a: Quagsire|Quagsire, F|100/100
|
|upkeep
|turn|39
|
|switch|p1a: Gothitelle|Gothitelle, F|96/100
|move|p2a: Ferrothorn|Knock Off|p1a: Gothitelle
|-supereffective|p1a: Gothitelle
|-damage|p1a: Gothitelle|50/100
|-enditem|p1a: Gothitelle|Leftovers|[from] move: Knock Off|[of] p2a: Ferrothorn
|
|upkeep
|turn|40
|
|move|p1a: Gothitelle|Protect|p1a: Gothitelle
|-singleturn|p1a: Gothitelle|Protect
|move|p2a: Ferrothorn|Leech Seed|p1a: Gothitelle
|-activate|p1a: Gothitelle|move: Protect
|
|upkeep
|turn|41
|
|move|p1a: Gothitelle|Cosmic Power|p1a: Gothitelle
|-boost|p1a: Gothitelle|def|1
|-boost|p1a: Gothitelle|spd|1
|move|p2a: Ferrothorn|Leech Seed|p1a: Gothitelle
|-start|p1a: Gothitelle|move: Leech Seed
|
|-damage|p1a: Gothitelle|37/100|[from] Leech Seed|[of] p2a: Ferrothorn
|upkeep
|turn|42
|
|move|p1a: Gothitelle|Cosmic Power|p1a: Gothitelle
|-boost|p1a: Gothitelle|def|1
|-boost|p1a: Gothitelle|spd|1
|move|p2a: Ferrothorn|Spikes|p1a: Gothitelle
|-sidestart|p1: c9joey|Spikes
|
|-damage|p1a: Gothitelle|25/100|[from] Leech Seed|[of] p2a: Ferrothorn
|upkeep
|turn|43
|
|move|p1a: Gothitelle|Rest|p1a: Gothitelle
|-status|p1a: Gothitelle|slp|[from] move: Rest
|-heal|p1a: Gothitelle|100/100 slp|[silent]
|move|p2a: Ferrothorn|Knock Off|p1a: Gothitelle
|-supereffective|p1a: Gothitelle
|-damage|p1a: Gothitelle|87/100 slp
|
|-damage|p1a: Gothitelle|74/100 slp|[from] Leech Seed|[of] p2a: Ferrothorn
|upkeep
|turn|44
|
|cant|p1a: Gothitelle|slp
|move|p2a: Ferrothorn|Knock Off|p1a: Gothitelle
|-supereffective|p1a: Gothitelle
|-damage|p1a: Gothitelle|60/100 slp
|
|-damage|p1a: Gothitelle|48/100 slp|[from] Leech Seed|[of] p2a: Ferrothorn
|upkeep
|turn|45
|
|cant|p1a: Gothitelle|slp
|move|p2a: Ferrothorn|Knock Off|p1a: Gothitelle
|-supereffective|p1a: Gothitelle
|-damage|p1a: Gothitelle|32/100 slp
|
|-damage|p1a: Gothitelle|20/100 slp|[from] Leech Seed|[of] p2a: Ferrothorn
|upkeep
|turn|46
|l| Hooligan SWIIC
|
|-start|p2a: Ferrothorn|Dynamax
|-heal|p2a: Ferrothorn|100/100|[silent]
|-curestatus|p1a: Gothitelle|slp|[msg]
|move|p1a: Gothitelle|Protect|p1a: Gothitelle
|-singleturn|p1a: Gothitelle|Protect
|move|p2a: Ferrothorn|Max Darkness|p1a: Gothitelle
|-supereffective|p1a: Gothitelle
|-zbroken|p1a: Gothitelle
|-damage|p1a: Gothitelle|13/100
|-unboost|p1a: Gothitelle|spd|1
|
|-damage|p1a: Gothitelle|1/100|[from] Leech Seed|[of] p2a: Ferrothorn
|upkeep
|turn|47
|
|move|p1a: Gothitelle|Rest|p1a: Gothitelle
|-status|p1a: Gothitelle|slp|[from] move: Rest
|-heal|p1a: Gothitelle|100/100 slp|[silent]
|move|p2a: Ferrothorn|Max Darkness|p1a: Gothitelle
|-supereffective|p1a: Gothitelle
|-damage|p1a: Gothitelle|74/100 slp
|-unboost|p1a: Gothitelle|spd|1
|
|-damage|p1a: Gothitelle|61/100 slp|[from] Leech Seed|[of] p2a: Ferrothorn
|upkeep
|turn|48
|
|cant|p1a: Gothitelle|slp
|move|p2a: Ferrothorn|Max Darkness|p1a: Gothitelle
|-supereffective|p1a: Gothitelle
|-damage|p1a: Gothitelle|32/100 slp
|-unboost|p1a: Gothitelle|spd|1
|
|-damage|p1a: Gothitelle|20/100 slp|[from] Leech Seed|[of] p2a: Ferrothorn
|-end|p2a: Ferrothorn|Dynamax
|-heal|p2a: Ferrothorn|100/100|[silent]
|upkeep
|turn|49
|
|cant|p1a: Gothitelle|slp
|move|p2a: Ferrothorn|Knock Off|p1a: Gothitelle
|-supereffective|p1a: Gothitelle
|-damage|p1a: Gothitelle|4/100 slp
|
|-damage|p1a: Gothitelle|0 fnt|[from] Leech Seed|[of] p2a: Ferrothorn
|faint|p1a: Gothitelle
|upkeep
|
|switch|p1a: Corviknight|Corviknight, M|39/100
|-ability|p1a: Corviknight|Pressure
|turn|50
|
|move|p1a: Corviknight|Roost|p1a: Corviknight
|-heal|p1a: Corviknight|89/100
|-singleturn|p1a: Corviknight|move: Roost
|move|p2a: Ferrothorn|Spikes|p1a: Corviknight
|-sidestart|p1: c9joey|Spikes
|
|upkeep
|turn|51
|
|switch|p2a: Eternatus|Eternatus|100/100
|-ability|p2a: Eternatus|Pressure
|move|p1a: Corviknight|Bulk Up|p1a: Corviknight
|-boost|p1a: Corviknight|atk|1
|-boost|p1a: Corviknight|def|1
|
|upkeep
|turn|52
|
|switch|p1a: Eternatus|Eternatus|94/100
|-damage|p1a: Eternatus|78/100|[from] Spikes
|-ability|p1a: Eternatus|Pressure
|move|p2a: Eternatus|Flamethrower|p1a: Eternatus
|-resisted|p1a: Eternatus
|-damage|p1a: Eternatus|66/100
|
|upkeep
|turn|53
|
|switch|p2a: Tyranitar|Tyranitar, M|100/100
|-weather|Sandstorm|[from] ability: Sand Stream|[of] p2a: Tyranitar
|move|p1a: Eternatus|Dynamax Cannon|p2a: Tyranitar
|-damage|p2a: Tyranitar|61/100
|-damage|p1a: Eternatus|56/100|[from] item: Life Orb
|
|-weather|Sandstorm|[upkeep]
|-damage|p1a: Eternatus|50/100|[from] Sandstorm
|-heal|p2a: Tyranitar|67/100|[from] item: Leftovers
|upkeep
|turn|54
|
|move|p1a: Eternatus|Recover|p1a: Eternatus
|-heal|p1a: Eternatus|99/100
|move|p2a: Tyranitar|Rest|p2a: Tyranitar
|-status|p2a: Tyranitar|slp|[from] move: Rest
|-heal|p2a: Tyranitar|100/100 slp|[silent]
|
|-weather|Sandstorm|[upkeep]
|-damage|p1a: Eternatus|94/100|[from] Sandstorm
|upkeep
|turn|55
|
|move|p1a: Eternatus|Substitute|p1a: Eternatus
|-start|p1a: Eternatus|Substitute
|-damage|p1a: Eternatus|69/100
|cant|p2a: Tyranitar|slp
|
|-weather|Sandstorm|[upkeep]
|-damage|p1a: Eternatus|63/100|[from] Sandstorm
|upkeep
|turn|56
|
|move|p1a: Eternatus|Dynamax Cannon|p2a: Tyranitar
|-damage|p2a: Tyranitar|61/100 slp
|-damage|p1a: Eternatus|53/100|[from] item: Life Orb
|cant|p2a: Tyranitar|slp
|
|-weather|Sandstorm|[upkeep]
|-damage|p1a: Eternatus|47/100|[from] Sandstorm
|-heal|p2a: Tyranitar|67/100 slp|[from] item: Leftovers
|upkeep
|turn|57
|
|move|p1a: Eternatus|Dynamax Cannon|p2a: Tyranitar
|-damage|p2a: Tyranitar|29/100 slp
|-damage|p1a: Eternatus|37/100|[from] item: Life Orb
|-curestatus|p2a: Tyranitar|slp|[msg]
|move|p2a: Tyranitar|Rest|p2a: Tyranitar
|-status|p2a: Tyranitar|slp|[from] move: Rest
|-heal|p2a: Tyranitar|100/100 slp|[silent]
|
|-weather|none
|upkeep
|turn|58
|
|move|p1a: Eternatus|Dynamax Cannon|p2a: Tyranitar
|-damage|p2a: Tyranitar|43/100 slp
|-damage|p1a: Eternatus|27/100|[from] item: Life Orb
|cant|p2a: Tyranitar|slp
|
|-heal|p2a: Tyranitar|49/100 slp|[from] item: Leftovers
|upkeep
|turn|59
|inactive|I like Lovely has 120 seconds left.
|
|switch|p2a: Dugtrio|Dugtrio, M|100/100
|move|p1a: Eternatus|Flamethrower|p2a: Dugtrio
|-damage|p2a: Dugtrio|0 fnt
|-damage|p1a: Eternatus|17/100|[from] item: Life Orb
|faint|p2a: Dugtrio
|
|upkeep
|j| Flipps
|
|switch|p2a: Tyranitar|Tyranitar, M|49/100 slp
|-weather|Sandstorm|[from] ability: Sand Stream|[of] p2a: Tyranitar
|turn|60
|
|move|p1a: Eternatus|Recover|p1a: Eternatus
|-heal|p1a: Eternatus|67/100
|cant|p2a: Tyranitar|slp
|
|-weather|Sandstorm|[upkeep]
|-damage|p1a: Eternatus|61/100|[from] Sandstorm
|-heal|p2a: Tyranitar|55/100 slp|[from] item: Leftovers
|upkeep
|turn|61
|
|move|p1a: Eternatus|Recover|p1a: Eternatus
|-heal|p1a: Eternatus|100/100
|-curestatus|p2a: Tyranitar|slp|[msg]
|move|p2a: Tyranitar|Rest|p2a: Tyranitar
|-status|p2a: Tyranitar|slp|[from] move: Rest
|-heal|p2a: Tyranitar|100/100 slp|[silent]
|
|-weather|Sandstorm|[upkeep]
|-damage|p1a: Eternatus|94/100|[from] Sandstorm
|upkeep
|turn|62
|
|switch|p2a: Ferrothorn|Ferrothorn, F|100/100
|move|p1a: Eternatus|Flamethrower|p2a: Ferrothorn
|-supereffective|p2a: Ferrothorn
|-damage|p2a: Ferrothorn|0 fnt
|-damage|p1a: Eternatus|84/100|[from] item: Life Orb
|faint|p2a: Ferrothorn
|
|-weather|Sandstorm|[upkeep]
|-damage|p1a: Eternatus|78/100|[from] Sandstorm
|upkeep
|
|switch|p2a: Tyranitar|Tyranitar, M|100/100 slp
|turn|63
|
|move|p1a: Eternatus|Recover|p1a: Eternatus
|-heal|p1a: Eternatus|100/100
|cant|p2a: Tyranitar|slp
|
|-weather|Sandstorm|[upkeep]
|-damage|p1a: Eternatus|94/100|[from] Sandstorm
|upkeep
|turn|64
|inactive|I like Lovely has 120 seconds left.
|
|move|p1a: Eternatus|Flamethrower|p2a: Tyranitar
|-resisted|p2a: Tyranitar
|-damage|p2a: Tyranitar|89/100 slp
|-damage|p1a: Eternatus|84/100|[from] item: Life Orb
|cant|p2a: Tyranitar|slp
|
|-weather|none
|-heal|p2a: Tyranitar|96/100 slp|[from] item: Leftovers
|upkeep
|turn|65
|
|move|p1a: Eternatus|Flamethrower|p2a: Tyranitar
|-resisted|p2a: Tyranitar
|-crit|p2a: Tyranitar
|-damage|p2a: Tyranitar|68/100 slp
|-damage|p1a: Eternatus|74/100|[from] item: Life Orb
|-curestatus|p2a: Tyranitar|slp|[msg]
|move|p2a: Tyranitar|Ice Beam|p1a: Eternatus
|-supereffective|p1a: Eternatus
|-end|p1a: Eternatus|Substitute
|
|-heal|p2a: Tyranitar|75/100|[from] item: Leftovers
|upkeep
|turn|66
|
|move|p1a: Eternatus|Substitute|p1a: Eternatus
|-start|p1a: Eternatus|Substitute
|-damage|p1a: Eternatus|49/100
|move|p2a: Tyranitar|Ice Beam|p1a: Eternatus
|-supereffective|p1a: Eternatus
|-end|p1a: Eternatus|Substitute
|
|-heal|p2a: Tyranitar|81/100|[from] item: Leftovers
|upkeep
|turn|67
|
|move|p1a: Eternatus|Recover|p1a: Eternatus
|-heal|p1a: Eternatus|99/100
|move|p2a: Tyranitar|Ice Beam|p1a: Eternatus
|-supereffective|p1a: Eternatus
|-damage|p1a: Eternatus|54/100
|
|-heal|p2a: Tyranitar|87/100|[from] item: Leftovers
|upkeep
|turn|68
|inactive|I like Lovely has 120 seconds left.
|
|move|p1a: Eternatus|Recover|p1a: Eternatus
|-heal|p1a: Eternatus|100/100
|move|p2a: Tyranitar|Ice Beam|p1a: Eternatus
|-supereffective|p1a: Eternatus
|-damage|p1a: Eternatus|61/100
|
|-heal|p2a: Tyranitar|93/100|[from] item: Leftovers
|upkeep
|turn|69
|
|switch|p2a: Ditto|Ditto|100/100
|-transform|p2a: Ditto|p1a: Eternatus|[from] ability: Imposter
|-ability|p2a: Ditto|Pressure
|move|p1a: Eternatus|Substitute|p1a: Eternatus
|-start|p1a: Eternatus|Substitute
|-damage|p1a: Eternatus|36/100
|
|upkeep
|turn|70
|
|switch|p2a: Tyranitar|Tyranitar, M|93/100
|-weather|Sandstorm|[from] ability: Sand Stream|[of] p2a: Tyranitar
|move|p1a: Eternatus|Dynamax Cannon|p2a: Tyranitar
|-damage|p2a: Tyranitar|55/100
|-damage|p1a: Eternatus|26/100|[from] item: Life Orb
|
|-weather|Sandstorm|[upkeep]
|-damage|p1a: Eternatus|20/100|[from] Sandstorm
|-heal|p2a: Tyranitar|61/100|[from] item: Leftovers
|upkeep
|turn|71
|
|move|p1a: Eternatus|Recover|p1a: Eternatus
|-heal|p1a: Eternatus|70/100
|move|p2a: Tyranitar|Ice Beam|p1a: Eternatus
|-supereffective|p1a: Eternatus
|-end|p1a: Eternatus|Substitute
|
|-weather|Sandstorm|[upkeep]
|-damage|p1a: Eternatus|63/100|[from] Sandstorm
|-heal|p2a: Tyranitar|68/100|[from] item: Leftovers
|upkeep
|turn|72
|
|switch|p1a: Corviknight|Corviknight, M|89/100
|-ability|p1a: Corviknight|Pressure
|move|p2a: Tyranitar|Ice Beam|p1a: Corviknight
|-damage|p1a: Corviknight|66/100
|
|-weather|Sandstorm|[upkeep]
|-heal|p2a: Tyranitar|74/100|[from] item: Leftovers
|upkeep
|turn|73
|inactive|I like Lovely has 120 seconds left.
|
|move|p2a: Tyranitar|Fire Blast|p1a: Corviknight
|-supereffective|p1a: Corviknight
|-damage|p1a: Corviknight|2/100
|move|p1a: Corviknight|Defog|p2a: Tyranitar
|-unboost|p2a: Tyranitar|evasion|1
|-sideend|p1: c9joey|Spikes|[from] move: Defog|[of] p1a: Corviknight
|
|-weather|Sandstorm|[upkeep]
|-heal|p2a: Tyranitar|80/100|[from] item: Leftovers
|upkeep
|turn|74
|inactive|I like Lovely has 120 seconds left.
|
|move|p2a: Tyranitar|Stealth Rock|p1a: Corviknight
|-sidestart|p1: c9joey|move: Stealth Rock
|move|p1a: Corviknight|Body Press|p2a: Tyranitar
|-supereffective|p2a: Tyranitar
|-damage|p2a: Tyranitar|0 fnt
|faint|p2a: Tyranitar
|
|-weather|none
|upkeep
|inactive|I like Lovely has 120 seconds left.
|
|switch|p2a: Eternatus|Eternatus|100/100
|-ability|p2a: Eternatus|Pressure
|turn|75
|inactive|I like Lovely has 120 seconds left.
|
|move|p2a: Eternatus|Cosmic Power|p2a: Eternatus
|-boost|p2a: Eternatus|def|1
|-boost|p2a: Eternatus|spd|1
|move|p1a: Corviknight|Defog|p2a: Eternatus
|-unboost|p2a: Eternatus|evasion|1
|-sideend|p1: c9joey|Stealth Rock|[from] move: Defog|[of] p1a: Corviknight
|
|upkeep
|turn|76
|
|move|p2a: Eternatus|Cosmic Power|p2a: Eternatus
|-boost|p2a: Eternatus|def|1
|-boost|p2a: Eternatus|spd|1
|move|p1a: Corviknight|Body Press|p2a: Eternatus
|-resisted|p2a: Eternatus
|-damage|p2a: Eternatus|96/100
|
|-heal|p2a: Eternatus|100/100|[from] item: Black Sludge
|upkeep
|turn|77
|
|move|p2a: Eternatus|Flamethrower|p1a: Corviknight
|-supereffective|p1a: Corviknight
|-damage|p1a: Corviknight|0 fnt
|faint|p1a: Corviknight
|
|upkeep
|
|switch|p1a: Quagsire|Quagsire, F|100/100
|turn|78
|
|move|p2a: Eternatus|Cosmic Power|p2a: Eternatus
|-boost|p2a: Eternatus|def|1
|-boost|p2a: Eternatus|spd|1
|move|p1a: Quagsire|Toxic|p2a: Eternatus
|-immune|p2a: Eternatus
|
|upkeep
|turn|79
|
|move|p2a: Eternatus|Flamethrower|p1a: Quagsire
|-resisted|p1a: Quagsire
|-damage|p1a: Quagsire|83/100
|move|p1a: Quagsire|Earthquake|p2a: Eternatus
|-supereffective|p2a: Eternatus
|-damage|p2a: Eternatus|63/100
|
|-heal|p2a: Eternatus|69/100|[from] item: Black Sludge
|upkeep
|turn|80
|
|switch|p2a: Ditto|Ditto|100/100
|-transform|p2a: Ditto|p1a: Quagsire|[from] ability: Imposter
|move|p1a: Quagsire|Curse|p1a: Quagsire
|-unboost|p1a: Quagsire|spe|1
|-boost|p1a: Quagsire|atk|1
|-boost|p1a: Quagsire|def|1
|
|upkeep
|turn|81
|
|switch|p2a: Eternatus|Eternatus|69/100
|-ability|p2a: Eternatus|Pressure
|switch|p1a: Ditto|Ditto|94/100
|-transform|p1a: Ditto|p2a: Eternatus|[from] ability: Imposter
|-ability|p1a: Ditto|Pressure
|
|-heal|p2a: Eternatus|75/100|[from] item: Black Sludge
|upkeep
|turn|82
|
|move|p2a: Eternatus|Recover|p2a: Eternatus
|-heal|p2a: Eternatus|100/100
|move|p1a: Ditto|Dragon Tail|p2a: Eternatus
|-supereffective|p2a: Eternatus
|-damage|p2a: Eternatus|81/100
|drag|p2a: Ditto|Ditto|100/100
|
|upkeep
|turn|83
|
|move|p2a: Ditto|Transform||[still]
|-fail|p2a: Ditto
|move|p1a: Ditto|Dragon Tail|p2a: Ditto
|-damage|p2a: Ditto|80/100
|drag|p2a: Eternatus|Eternatus|81/100
|-ability|p2a: Eternatus|Pressure
|
|-heal|p2a: Eternatus|87/100|[from] item: Black Sludge
|upkeep
|turn|84
|
|move|p2a: Eternatus|Flamethrower|p1a: Ditto
|-resisted|p1a: Ditto
|-damage|p1a: Ditto|77/100
|move|p1a: Ditto|Dragon Tail|p2a: Eternatus
|-supereffective|p2a: Eternatus
|-damage|p2a: Eternatus|69/100
|drag|p2a: Ditto|Ditto|80/100
|
|upkeep
|turn|85
|
|-activate|p1a: Ditto|move: Struggle
|move|p1a: Ditto|Struggle|p2a: Ditto
|-damage|p2a: Ditto|70/100
|-damage|p1a: Ditto|52/100|[from] recoil
|move|p2a: Ditto|Transform||[still]
|-fail|p2a: Ditto
|
|upkeep
|turn|86
|
|-activate|p1a: Ditto|move: Struggle
|move|p1a: Ditto|Struggle|p2a: Ditto
|-damage|p2a: Ditto|58/100
|-damage|p1a: Ditto|27/100|[from] recoil
|move|p2a: Ditto|Transform||[still]
|-fail|p2a: Ditto
|
|upkeep
|turn|87
|
|-activate|p1a: Ditto|move: Struggle
|move|p1a: Ditto|Struggle|p2a: Ditto
|-damage|p2a: Ditto|47/100
|-damage|p1a: Ditto|2/100|[from] recoil
|move|p2a: Ditto|Transform||[still]
|-fail|p2a: Ditto
|
|upkeep
|turn|88
|
|-activate|p1a: Ditto|move: Struggle
|move|p1a: Ditto|Struggle|p2a: Ditto
|-damage|p2a: Ditto|36/100
|-damage|p1a: Ditto|0 fnt|[from] recoil
|faint|p1a: Ditto
|move|p2a: Ditto|Transform|p1: Ditto|[notarget]
|-fail|p2a: Ditto
|
|upkeep
|
|switch|p1a: Eternatus|Eternatus|63/100
|-ability|p1a: Eternatus|Pressure
|turn|89
|
|switch|p2a: Eternatus|Eternatus|69/100
|-ability|p2a: Eternatus|Pressure
|move|p1a: Eternatus|Substitute|p1a: Eternatus
|-start|p1a: Eternatus|Substitute
|-damage|p1a: Eternatus|39/100
|
|-heal|p2a: Eternatus|75/100|[from] item: Black Sludge
|upkeep
|turn|90
|
|move|p1a: Eternatus|Dynamax Cannon|p2a: Eternatus
|-supereffective|p2a: Eternatus
|-damage|p2a: Eternatus|0 fnt
|-damage|p1a: Eternatus|29/100|[from] item: Life Orb
|faint|p2a: Eternatus
|
|upkeep
|-message|I like Lovely forfeited.
|
|win|c9joey
|l|☆I like Lovely
