|j|☆ICVR
|j|☆Eledyr
|t:|1659366751
|gametype|singles
|player|p1|ICVR|rosa|
|player|p2|Eledyr|lucas|
|teamsize|p1|6
|teamsize|p2|6
|gen|8
|tier|[Gen 8] Ubers
|rated|Tournament battle
|rule|Sleep Clause Mod: Limit one foe put to sleep
|rule|Species Clause: Limit one of each Pokémon
|rule|OHKO Clause: OHKO moves are banned
|rule|Evasion Moves Clause: Evasion moves are banned
|rule|Endless Battle Clause: Forcing endless battles is banned
|rule|HP Percentage Mod: HP is shown in percentages
|rule|Dynamax Clause: You cannot dynamax
|clearpoke
|poke|p1|Darmanitan-Galar, M|
|poke|p1|Yveltal|
|poke|p1|Xerneas-*|
|poke|p1|Solgaleo|
|poke|p1|Landorus-Therian, M|
|poke|p1|Eternatus|
|poke|p2|Slurpuff, M|
|poke|p2|Kyurem-Black|
|poke|p2|Yveltal|
|poke|p2|Landorus, M|
|poke|p2|Eternatus|
|poke|p2|Necrozma-Dusk-Mane|
|teampreview
|inactive|Battle timer is ON: inactive players will automatically lose when time's up. (requested by ICVR)
|c|☆Eledyr|hf
|c|☆ICVR|hf
|c|☆Eledyr|on sort le kyurem blackmdrr
|inactive|Eledyr has 120 seconds left.
|c|☆ICVR|en vrai
|c|☆ICVR|ca fait legit peut
|c|☆ICVR|peur
|c|☆Eledyr|bof
|c|☆Eledyr|quasi sûr que t'as un shinigans du type
|inactive|ICVR has 120 seconds left.
|c|☆Eledyr|scarf xern
|c|☆Eledyr|ou scarf solga
|c|☆ICVR|mdrrrrr
|inactive|Eledyr has 90 seconds left.
|c|☆Eledyr|donc t'es bien
|c|☆ICVR|we’ll see
|
|t:|1659366818
|start
|switch|p1a: Eternatus|Eternatus|100/100
|switch|p2a: Slurpuff|Slurpuff, M|100/100
|-ability|p1a: Eternatus|Pressure
|turn|1
|
|t:|1659366823
|move|p1a: Eternatus|Flamethrower|p2a: Slurpuff
|-damage|p2a: Slurpuff|53/100
|move|p2a: Slurpuff|Sticky Web|p1a: Eternatus
|-sidestart|p1: ICVR|move: Sticky Web
|
|upkeep
|turn|2
|
|t:|1659366828
|move|p1a: Eternatus|Sludge Bomb|p2a: Slurpuff
|-supereffective|p2a: Slurpuff
|-damage|p2a: Slurpuff|0 fnt
|faint|p2a: Slurpuff
|
|upkeep
|inactive|Eledyr has 120 seconds left.
|
|t:|1659366868
|switch|p2a: Landorus|Landorus, M|100/100
|turn|3
|
|t:|1659366874
|switch|p1a: Landorus|Landorus-Therian, M|100/100
|-ability|p1a: Landorus|Intimidate|boost
|-unboost|p2a: Landorus|atk|1
|move|p2a: Landorus|Earth Power|p1a: Landorus
|-immune|p1a: Landorus
|
|upkeep
|turn|4
|
|t:|1659366878
|move|p2a: Landorus|Stealth Rock|p1a: Landorus
|-sidestart|p1: ICVR|move: Stealth Rock
|move|p1a: Landorus|Toxic|p2a: Landorus
|-status|p2a: Landorus|tox
|
|-damage|p2a: Landorus|95/100 tox|[from] psn
|upkeep
|turn|5
|
|t:|1659366880
|move|p2a: Landorus|Explosion|p1a: Landorus
|-damage|p1a: Landorus|65/100
|faint|p2a: Landorus
|move|p1a: Landorus|Stealth Rock|p2: Landorus
|-sidestart|p2: Eledyr|move: Stealth Rock
|
|-heal|p1a: Landorus|71/100|[from] item: Leftovers
|upkeep
|
|t:|1659366893
|switch|p2a: Yveltal|Yveltal|100/100
|-damage|p2a: Yveltal|76/100|[from] Stealth Rock
|-ability|p2a: Yveltal|Dark Aura
|turn|6
|
|t:|1659366900
|switch|p1a: Yveltal|Yveltal|100/100
|-ability|p1a: Yveltal|Dark Aura
|move|p2a: Yveltal|Dark Pulse|p1a: Yveltal
|-resisted|p1a: Yveltal
|-damage|p1a: Yveltal|80/100
|-damage|p2a: Yveltal|66/100|[from] item: Life Orb
|
|upkeep
|turn|7
|
|t:|1659366903
|move|p2a: Yveltal|Taunt|p1a: Yveltal
|-start|p1a: Yveltal|move: Taunt
|move|p1a: Yveltal|Snarl|p2a: Yveltal
|-resisted|p2a: Yveltal
|-damage|p2a: Yveltal|55/100
|-unboost|p2a: Yveltal|spa|1
|
|upkeep
|turn|8
|c|☆Eledyr|oh vas y
|c|☆ICVR|mdrrrrrr
|c|☆Eledyr|l'enfant là
|j| The 2006
|c|☆ICVR|Le futur
|
|t:|1659366916
|switch|p2a: Kyurem|Kyurem-Black|100/100
|-damage|p2a: Kyurem|76/100|[from] Stealth Rock
|-ability|p2a: Kyurem|Teravolt
|move|p1a: Yveltal|Knock Off|p2a: Kyurem
|-damage|p2a: Kyurem|24/100
|-enditem|p2a: Kyurem|TR43|[from] move: Knock Off|[of] p1a: Yveltal
|
|upkeep
|turn|9
|
|t:|1659366931
|move|p2a: Kyurem|Icicle Spear|p1a: Yveltal
|-supereffective|p1a: Yveltal
|-damage|p1a: Yveltal|56/100
|-supereffective|p1a: Yveltal
|-damage|p1a: Yveltal|31/100
|-supereffective|p1a: Yveltal
|-damage|p1a: Yveltal|8/100
|-hitcount|p1a: Yveltal|3
|move|p1a: Yveltal|Knock Off|p2a: Kyurem
|-damage|p2a: Kyurem|0 fnt
|faint|p2a: Kyurem
|
|-end|p1a: Yveltal|move: Taunt
|upkeep
|c|☆Eledyr|mais noooon
|c|☆Eledyr|kyurem
|c|☆ICVR|0
|c|☆Eledyr|tu avais
|c|☆Eledyr|UN
|c|☆Eledyr|job
|
|t:|1659366952
|switch|p2a: Eternatus|Eternatus|100/100
|-damage|p2a: Eternatus|88/100|[from] Stealth Rock
|-ability|p2a: Eternatus|Pressure
|turn|10
|c|☆ICVR|mdrrrr la risée de tout le village
|
|t:|1659366966
|move|p2a: Eternatus|Meteor Beam||[still]
|-prepare|p2a: Eternatus|Meteor Beam
|-boost|p2a: Eternatus|spa|1
|-enditem|p2a: Eternatus|Power Herb
|-anim|p2a: Eternatus|Meteor Beam|p1a: Yveltal
|-supereffective|p1a: Yveltal
|-damage|p1a: Yveltal|0 fnt
|faint|p1a: Yveltal
|
|upkeep
|
|t:|1659366972
|switch|p1a: Solgaleo|Solgaleo|100/100
|-activate|p1a: Solgaleo|move: Sticky Web
|-fail|p1a: Solgaleo|unboost|[from] ability: Full Metal Body|[of] p1a: Solgaleo
|-damage|p1a: Solgaleo|94/100|[from] Stealth Rock
|turn|11
|c|☆Eledyr|(il a eu 0/20)
|
|t:|1659366978
|move|p2a: Eternatus|Flamethrower|p1a: Solgaleo
|-supereffective|p1a: Solgaleo
|-damage|p1a: Solgaleo|34/100
|move|p1a: Solgaleo|Future Sight|p2a: Eternatus
|-start|p1a: Solgaleo|move: Future Sight
|
|-heal|p1a: Solgaleo|40/100|[from] item: Leftovers
|upkeep
|turn|12
|c|☆ICVR|Solgaleo
|c|☆ICVR|0/20
|c|☆ICVR|aysis
|
|t:|1659367003
|move|p2a: Eternatus|Flamethrower|p1a: Solgaleo
|-supereffective|p1a: Solgaleo
|-damage|p1a: Solgaleo|0 fnt
|faint|p1a: Solgaleo
|
|upkeep
|
|t:|1659367005
|switch|p1a: Darmanitan|Darmanitan-Galar, M|100/100
|-activate|p1a: Darmanitan|move: Sticky Web
|-unboost|p1a: Darmanitan|spe|1
|-damage|p1a: Darmanitan|76/100|[from] Stealth Rock
|turn|13
|
|t:|1659367011
|move|p2a: Eternatus|Dynamax Cannon|p1a: Darmanitan
|-damage|p1a: Darmanitan|0 fnt
|faint|p1a: Darmanitan
|
|-end|p2a: Eternatus|move: Future Sight
|-supereffective|p2a: Eternatus
|-damage|p2a: Eternatus|10/100
|upkeep
|
|t:|1659367014
|switch|p1a: Xerneas|Xerneas|100/100
|-activate|p1a: Xerneas|move: Sticky Web
|-unboost|p1a: Xerneas|spe|1
|-damage|p1a: Xerneas|88/100|[from] Stealth Rock
|-ability|p1a: Xerneas|Fairy Aura
|turn|14
|c|☆Eledyr|it lived
|
|t:|1659367018
|move|p2a: Eternatus|Sludge Bomb|p1a: Xerneas
|-supereffective|p1a: Xerneas
|-damage|p1a: Xerneas|0 fnt
|faint|p1a: Xerneas
|
|upkeep
|c|☆ICVR|Ah mais
|c|☆ICVR|oui
|c|☆Eledyr|hop là
|c|☆ICVR|y’a la sticy
|c|☆ICVR|jsuis pas plus rapide
|c|☆ICVR|mdrrrrr
|c|☆Eledyr|hé hé
|
|t:|1659367043
|switch|p1a: Eternatus|Eternatus|100/100
|-ability|p1a: Eternatus|Pressure
|turn|15
|
|t:|1659367048
|move|p2a: Eternatus|Dynamax Cannon|p1a: Eternatus
|-supereffective|p1a: Eternatus
|-damage|p1a: Eternatus|0 fnt
|faint|p1a: Eternatus
|
|upkeep
|
|t:|1659367051
|switch|p1a: Landorus|Landorus-Therian, M|71/100
|-damage|p1a: Landorus|59/100|[from] Stealth Rock
|-ability|p1a: Landorus|Intimidate|boost
|-unboost|p2a: Eternatus|atk|1
|turn|16
|
|t:|1659367053
|move|p2a: Eternatus|Dynamax Cannon|p1a: Landorus
|-damage|p1a: Landorus|0 fnt
|faint|p1a: Landorus
|
|win|Eledyr
|n|☆ICVR|icvr
|n|☆Eledyr|eledyr
|n| The 2006|the2006
|c|☆ICVR|gg
|c|☆Eledyr|gg bro
