|j|☆altformyboredom
|j|☆Magikarp4000
|t:|1604476697
|player|p1|altformyboredom|184|1455
|player|p2|Magikarp4000|steven|1420
|teamsize|p1|6
|teamsize|p2|6
|gametype|singles
|gen|8
|tier|[Gen 8] Ubers
|rated|
|clearpoke
|poke|p1|Calyrex-Shadow|
|poke|p1|Eternatus|
|poke|p1|Yveltal|
|poke|p1|Ditto|
|poke|p1|Necrozma-Dusk-Mane|
|poke|p1|Xerneas|
|poke|p2|Calyrex-Shadow|
|poke|p2|Yveltal|
|poke|p2|Necrozma-Dusk-Mane|
|poke|p2|Ho-Oh|
|poke|p2|Eternatus|
|poke|p2|Zygarde|
|rule|Sleep Clause Mod: Limit one foe put to sleep
|rule|Species Clause: Limit one of each Pokémon
|rule|OHKO Clause: OHKO moves are banned
|rule|Evasion Moves Clause: Evasion moves are banned
|rule|Endless Battle Clause: Forcing endless battles is banned
|rule|HP Percentage Mod: HP is shown in percentages
|teampreview
|c|☆Magikarp4000|glhf
|c|☆altformyboredom|hf
|j| JOBD CREW
|
|t:|1604476722
|start
|switch|p1a: Yveltal|Yveltal|100/100
|switch|p2a: Yveltal|Yveltal|100/100
|-ability|p1a: Yveltal|Dark Aura
|-ability|p2a: Yveltal|Dark Aura
|turn|1
|inactive|Battle timer is ON: inactive players will automatically lose when time's up. (requested by altformyboredom)
|inactive|Magikarp4000 has 120 seconds left.
|
|t:|1604476784
|switch|p1a: Xerneas|Xerneas|100/100
|-ability|p1a: Xerneas|Fairy Aura
|move|p2a: Yveltal|Taunt|p1a: Xerneas
|-start|p1a: Xerneas|move: Taunt
|
|upkeep
|turn|2
|inactive|altformyboredom has 120 seconds left.
|
|t:|1604476833
|switch|p2a: Necrozma|Necrozma-Dusk-Mane|100/100
|move|p1a: Xerneas|Moonblast|p2a: Necrozma
|-resisted|p2a: Necrozma
|-damage|p2a: Necrozma|71/100
|
|upkeep
|turn|3
|
|t:|1604476841
|switch|p1a: Necrozma|Necrozma-Dusk-Mane|100/100
|move|p2a: Necrozma|Sunsteel Strike|p1a: Necrozma
|-resisted|p1a: Necrozma
|-damage|p1a: Necrozma|87/100
|-damage|p2a: Necrozma|55/100|[from] item: Rocky Helmet|[of] p1a: Necrozma
|
|upkeep
|turn|4
|
|t:|1604476850
|move|p1a: Necrozma|Stealth Rock|p2a: Necrozma
|-sidestart|p2: Magikarp4000|move: Stealth Rock
|move|p2a: Necrozma|Moonlight|p2a: Necrozma
|-heal|p2a: Necrozma|100/100
|
|upkeep
|turn|5
|inactive|altformyboredom has 120 seconds left.
|
|t:|1604476867
|move|p1a: Necrozma|Knock Off|p2a: Necrozma
|-supereffective|p2a: Necrozma
|-damage|p2a: Necrozma|74/100
|-damage|p1a: Necrozma|71/100|[from] item: Rocky Helmet|[of] p2a: Necrozma
|-enditem|p2a: Necrozma|Rocky Helmet|[from] move: Knock Off|[of] p1a: Necrozma
|move|p2a: Necrozma|Knock Off|p1a: Necrozma
|-supereffective|p1a: Necrozma
|-crit|p1a: Necrozma
|-damage|p1a: Necrozma|33/100
|-damage|p2a: Necrozma|58/100|[from] item: Rocky Helmet|[of] p1a: Necrozma
|-enditem|p1a: Necrozma|Rocky Helmet|[from] move: Knock Off|[of] p2a: Necrozma
|
|upkeep
|turn|6
|inactive|altformyboredom has 120 seconds left.
|
|t:|1604476874
|move|p2a: Necrozma|Stealth Rock|p1a: Necrozma
|-sidestart|p1: altformyboredom|move: Stealth Rock
|move|p1a: Necrozma|Morning Sun|p1a: Necrozma
|-heal|p1a: Necrozma|83/100
|
|upkeep
|turn|7
|
|t:|1604476880
|switch|p1a: Yveltal|Yveltal|100/100
|-ability|p1a: Yveltal|Dark Aura
|move|p2a: Necrozma|Moonlight|p2a: Necrozma
|-heal|p2a: Necrozma|100/100
|
|upkeep
|turn|8
|
|t:|1604476885
|move|p1a: Yveltal|Foul Play|p2a: Necrozma
|-supereffective|p2a: Necrozma
|-damage|p2a: Necrozma|53/100
|move|p2a: Necrozma|Knock Off|p1a: Yveltal
|-resisted|p1a: Yveltal
|-damage|p1a: Yveltal|85/100
|-enditem|p1a: Yveltal|Heavy-Duty Boots|[from] move: Knock Off|[of] p2a: Necrozma
|
|upkeep
|turn|9
|
|t:|1604476890
|move|p1a: Yveltal|Knock Off|p2a: Necrozma
|-supereffective|p2a: Necrozma
|-damage|p2a: Necrozma|26/100
|move|p2a: Necrozma|Moonlight|p2a: Necrozma
|-heal|p2a: Necrozma|76/100
|
|upkeep
|turn|10
|
|t:|1604476897
|switch|p2a: Ho-Oh|Ho-Oh|100/100
|move|p1a: Yveltal|Foul Play|p2a: Ho-Oh
|-damage|p2a: Ho-Oh|63/100
|
|upkeep
|turn|11
|
|t:|1604476902
|move|p1a: Yveltal|Knock Off|p2a: Ho-Oh
|-damage|p2a: Ho-Oh|23/100
|-enditem|p2a: Ho-Oh|Heavy-Duty Boots|[from] move: Knock Off|[of] p1a: Yveltal
|move|p2a: Ho-Oh|Defog|p1a: Yveltal
|-unboost|p1a: Yveltal|evasion|1
|-sideend|p1: altformyboredom|Stealth Rock|[from] move: Defog|[of] p2a: Ho-Oh
|-sideend|p2: Magikarp4000|Stealth Rock|[from] move: Defog|[of] p2a: Ho-Oh
|
|upkeep
|turn|12
|
|t:|1604476908
|switch|p2a: Necrozma|Necrozma-Dusk-Mane|76/100
|move|p1a: Yveltal|Knock Off|p2a: Necrozma
|-supereffective|p2a: Necrozma
|-damage|p2a: Necrozma|44/100
|
|upkeep
|turn|13
|
|t:|1604476913
|move|p1a: Yveltal|Foul Play|p2a: Necrozma
|-supereffective|p2a: Necrozma
|-damage|p2a: Necrozma|0 fnt
|faint|p2a: Necrozma
|
|upkeep
|
|t:|1604476921
|switch|p2a: Zygarde|Zygarde|100/100
|turn|14
|
|t:|1604476925
|move|p1a: Yveltal|Knock Off|p2a: Zygarde
|-damage|p2a: Zygarde|70/100
|-enditem|p2a: Zygarde|Leftovers|[from] move: Knock Off|[of] p1a: Yveltal
|move|p2a: Zygarde|Glare|p1a: Yveltal
|-status|p1a: Yveltal|par
|
|upkeep
|turn|15
|
|t:|1604476950
|move|p2a: Zygarde|Thousand Arrows|p1a: Yveltal
|-damage|p1a: Yveltal|61/100 par
|-start|p1a: Yveltal|Smack Down
|move|p1a: Yveltal|Knock Off|p2a: Zygarde
|-damage|p2a: Zygarde|50/100
|
|-activate|p2a: Zygarde|ability: Power Construct
|detailschange|p2a: Zygarde|Zygarde-Complete
|-heal|p2a: Zygarde|67/100|[silent]
|upkeep
|turn|16
|inactive|Magikarp4000 has 120 seconds left.
|
|t:|1604476981
|switch|p2a: Eternatus|Eternatus|100/100
|-ability|p2a: Eternatus|Pressure
|switch|p1a: Eternatus|Eternatus|100/100
|-ability|p1a: Eternatus|Pressure
|
|upkeep
|turn|17
|
|t:|1604476992
|switch|p1a: Xerneas|Xerneas|100/100
|-ability|p1a: Xerneas|Fairy Aura
|switch|p2a: Yveltal|Yveltal|100/100
|-ability|p2a: Yveltal|Dark Aura
|
|upkeep
|turn|18
|
|t:|1604476996
|move|p1a: Xerneas|Moonblast|p2a: Yveltal
|-supereffective|p2a: Yveltal
|-damage|p2a: Yveltal|13/100
|move|p2a: Yveltal|Taunt|p1a: Xerneas
|-start|p1a: Xerneas|move: Taunt
|
|upkeep
|turn|19
|
|t:|1604477009
|switch|p2a: Ho-Oh|Ho-Oh|56/100
|move|p1a: Xerneas|Moonblast|p2a: Ho-Oh
|-resisted|p2a: Ho-Oh
|-damage|p2a: Ho-Oh|37/100
|-unboost|p2a: Ho-Oh|spa|1
|
|upkeep
|turn|20
|
|t:|1604477015
|move|p1a: Xerneas|Thunder|p2a: Ho-Oh
|-supereffective|p2a: Ho-Oh
|-damage|p2a: Ho-Oh|0 fnt
|faint|p2a: Ho-Oh
|
|upkeep
|c|☆Magikarp4000|ggwp
|
|t:|1604477023
|switch|p2a: Calyrex|Calyrex-Shadow|100/100
|-ability|p2a: Calyrex|As One
|-ability|p2a: Calyrex|Unnerve|p1: altformyboredom
|turn|21
|c|☆altformyboredom|ty
|c|☆altformyboredom|but idk if its gg yet
|c|☆Magikarp4000|probably is
|inactive|altformyboredom has 120 seconds left.
|
|t:|1604477053
|move|p2a: Calyrex|Astral Barrage|p1a: Xerneas
|-damage|p1a: Xerneas|31/100
|-damage|p2a: Calyrex|91/100|[from] item: Life Orb
|move|p1a: Xerneas|Moonblast|p2a: Calyrex
|-damage|p2a: Calyrex|24/100
|-unboost|p2a: Calyrex|spa|1
|
|-end|p1a: Xerneas|move: Taunt
|upkeep
|turn|22
|c|☆Magikarp4000|i cant really counter your eter+yve
|
|t:|1604477077
|switch|p1a: Yveltal|Yveltal|61/100 par
|-ability|p1a: Yveltal|Dark Aura
|move|p2a: Calyrex|Astral Barrage|p1a: Yveltal
|-resisted|p1a: Yveltal
|-damage|p1a: Yveltal|45/100 par
|-damage|p2a: Calyrex|14/100|[from] item: Life Orb
|
|upkeep
|turn|23
|
|t:|1604477086
|switch|p2a: Zygarde|Zygarde-Complete|67/100
|cant|p1a: Yveltal|par
|
|upkeep
|turn|24
|
|t:|1604477096
|switch|p1a: Xerneas|Xerneas|31/100
|-ability|p1a: Xerneas|Fairy Aura
|move|p2a: Zygarde|Thousand Arrows|p1a: Xerneas
|-damage|p1a: Xerneas|7/100
|
|upkeep
|turn|25
|
|t:|1604477099
|move|p1a: Xerneas|Moonblast|p2a: Zygarde
|-supereffective|p2a: Zygarde
|-damage|p2a: Zygarde|0 fnt
|faint|p2a: Zygarde
|
|upkeep
|
|t:|1604477105
|switch|p2a: Yveltal|Yveltal|13/100
|-ability|p2a: Yveltal|Dark Aura
|turn|26
|
|t:|1604477108
|move|p2a: Yveltal|Sucker Punch|p1a: Xerneas
|-resisted|p1a: Xerneas
|-damage|p1a: Xerneas|0 fnt
|faint|p1a: Xerneas
|
|upkeep
|
|t:|1604477119
|switch|p1a: Eternatus|Eternatus|100/100
|-ability|p1a: Eternatus|Pressure
|turn|27
|
|t:|1604477123
|move|p1a: Eternatus|Dynamax Cannon|p2a: Yveltal
|-crit|p2a: Yveltal
|-damage|p2a: Yveltal|0 fnt
|faint|p2a: Yveltal
|
|upkeep
|
|t:|1604477126
|switch|p2a: Calyrex|Calyrex-Shadow|14/100
|-ability|p2a: Calyrex|As One
|-ability|p2a: Calyrex|Unnerve|p1: altformyboredom
|turn|28
|
|t:|1604477136
|switch|p1a: Yveltal|Yveltal|45/100 par
|-ability|p1a: Yveltal|Dark Aura
|move|p2a: Calyrex|Psyshock|p1a: Yveltal
|-immune|p1a: Yveltal
|
|upkeep
|turn|29
|
|t:|1604477142
|move|p2a: Calyrex|Draining Kiss|p1a: Yveltal
|-supereffective|p1a: Yveltal
|-crit|p1a: Yveltal
|-damage|p1a: Yveltal|0 fnt
|-heal|p2a: Calyrex|58/100|[from] drain|[of] p1a: Yveltal
|-damage|p2a: Calyrex|48/100|[from] item: Life Orb
|faint|p1a: Yveltal
|-boost|p2a: Calyrex|spa|1
|
|upkeep
|
|t:|1604477144
|switch|p1a: Ditto|Ditto|100/100
|-transform|p1a: Ditto|p2a: Calyrex|[from] ability: Imposter
|turn|30
|c|☆Magikarp4000|wow
|
|t:|1604477148
|switch|p2a: Eternatus|Eternatus|100/100
|-ability|p2a: Eternatus|Pressure
|move|p1a: Ditto|Astral Barrage|p2a: Eternatus
|-damage|p2a: Eternatus|42/100
|
|-heal|p2a: Eternatus|48/100|[from] item: Black Sludge
|upkeep
|turn|31
|c|☆Magikarp4000|now its gg
|
|t:|1604477159
|move|p1a: Ditto|Astral Barrage|p2a: Eternatus
|-damage|p2a: Eternatus|0 fnt
|faint|p2a: Eternatus
|-boost|p1a: Ditto|spa|1
|
|upkeep
|c|☆altformyboredom|yeah gg
|-message|Magikarp4000 forfeited.
|
|win|altformyboredom
|l|☆Magikarp4000
