|raw|<div class="broadcast-blue"><strong>This battle is required to be public due to a player having a name starting with 'ult4pdr'.</div>
|j|☆crotteglace
|j|☆ULT4PDR Luna
|t:|1654353862
|gametype|singles
|player|p1|crotteglace|lucas|1528
|player|p2|ULT4PDR Luna|cowgirl|1589
|teamsize|p1|6
|teamsize|p2|6
|gen|8
|tier|[Gen 8] Ubers
|rated|
|rule|Sleep Clause Mod: Limit one foe put to sleep
|rule|Species Clause: Limit one of each Pokémon
|rule|OHKO Clause: OHKO moves are banned
|rule|Evasion Moves Clause: Evasion moves are banned
|rule|Endless Battle Clause: Forcing endless battles is banned
|rule|HP Percentage Mod: HP is shown in percentages
|rule|Dynamax Clause: You cannot dynamax
|clearpoke
|poke|p1|Calyrex-Shadow|
|poke|p1|Necrozma-Dusk-Mane|
|poke|p1|Ho-Oh|
|poke|p1|Ferrothorn, F|
|poke|p1|Yveltal|
|poke|p1|Eternatus|
|poke|p2|Yveltal|
|poke|p2|Kyogre|
|poke|p2|Ferrothorn, F|
|poke|p2|Necrozma-Dusk-Mane|
|poke|p2|Marshadow|
|poke|p2|Eternatus|
|teampreview
|inactive|Battle timer is ON: inactive players will automatically lose when time's up. (requested by crotteglace)
|j| Entrocefalo
|inactive|ULT4PDR Luna has 120 seconds left.
|j|+AM
|
|t:|1654353932
|start
|switch|p1a: Eternatus|Eternatus|100/100
|switch|p2a: Kyogre|Kyogre|100/100
|-ability|p1a: Eternatus|Pressure
|-weather|RainDance|[from] ability: Drizzle|[of] p2a: Kyogre
|turn|1
|
|t:|1654353941
|switch|p1a: Ferrothorn|Ferrothorn, F|100/100
|switch|p2a: Ferrothorn|Ferrothorn, F|100/100
|
|-weather|RainDance|[upkeep]
|upkeep
|turn|2
|
|t:|1654353951
|move|p1a: Ferrothorn|Knock Off|p2a: Ferrothorn
|-damage|p2a: Ferrothorn|85/100
|-damage|p1a: Ferrothorn|88/100|[from] ability: Iron Barbs|[of] p2a: Ferrothorn
|-enditem|p2a: Ferrothorn|Leftovers|[from] move: Knock Off|[of] p1a: Ferrothorn
|move|p2a: Ferrothorn|Knock Off|p1a: Ferrothorn
|-damage|p1a: Ferrothorn|71/100
|-damage|p2a: Ferrothorn|73/100|[from] ability: Iron Barbs|[of] p1a: Ferrothorn
|-enditem|p1a: Ferrothorn|Leftovers|[from] move: Knock Off|[of] p2a: Ferrothorn
|
|-weather|RainDance|[upkeep]
|upkeep
|turn|3
|
|t:|1654353959
|move|p1a: Ferrothorn|Spikes|p2a: Ferrothorn
|-sidestart|p2: ULT4PDR Luna|Spikes
|move|p2a: Ferrothorn|Spikes|p1a: Ferrothorn
|-sidestart|p1: crotteglace|Spikes
|
|-weather|RainDance|[upkeep]
|upkeep
|turn|4
|
|t:|1654353963
|move|p1a: Ferrothorn|Spikes|p2a: Ferrothorn
|-sidestart|p2: ULT4PDR Luna|Spikes
|move|p2a: Ferrothorn|Spikes|p1a: Ferrothorn
|-sidestart|p1: crotteglace|Spikes
|
|-weather|RainDance|[upkeep]
|upkeep
|turn|5
|
|t:|1654353965
|move|p2a: Ferrothorn|Spikes|p1a: Ferrothorn
|-sidestart|p1: crotteglace|Spikes
|move|p1a: Ferrothorn|Spikes|p2a: Ferrothorn
|-sidestart|p2: ULT4PDR Luna|Spikes
|
|-weather|none
|upkeep
|turn|6
|
|t:|1654353967
|switch|p1a: Ho-Oh|Ho-Oh|100/100
|move|p2a: Ferrothorn|Spikes||[still]
|-fail|p2a: Ferrothorn
|
|upkeep
|turn|7
|
|t:|1654353972
|switch|p2a: Eternatus|Eternatus|100/100
|-damage|p2a: Eternatus|75/100|[from] Spikes
|-ability|p2a: Eternatus|Pressure
|move|p1a: Ho-Oh|Thunder Wave|p2a: Eternatus
|-status|p2a: Eternatus|par
|
|upkeep
|turn|8
|
|t:|1654353984
|switch|p1a: Necrozma|Necrozma-Dusk-Mane|100/100
|-damage|p1a: Necrozma|76/100|[from] Spikes
|cant|p2a: Eternatus|par
|
|upkeep
|turn|9
|
|t:|1654353993
|switch|p1a: Eternatus|Eternatus|100/100
|-ability|p1a: Eternatus|Pressure
|switch|p2a: Ferrothorn|Ferrothorn, F|73/100
|-damage|p2a: Ferrothorn|48/100|[from] Spikes
|
|upkeep
|turn|10
|inactive|ULT4PDR Luna has 120 seconds left.
|j| donatiendemontazak
|inactive|ULT4PDR Luna has 90 seconds left.
|inactive|crotteglace has 120 seconds left.
|inactive|ULT4PDR Luna has 60 seconds left.
|
|t:|1654354099
|switch|p1a: Ferrothorn|Ferrothorn, F|71/100
|-damage|p1a: Ferrothorn|46/100|[from] Spikes
|switch|p2a: Necrozma|Necrozma-Dusk-Mane|100/100
|-damage|p2a: Necrozma|76/100|[from] Spikes
|
|-heal|p2a: Necrozma|82/100|[from] item: Leftovers
|upkeep
|turn|11
|inactive|crotteglace has 120 seconds left.
|
|t:|1654354105
|switch|p2a: Ferrothorn|Ferrothorn, F|48/100
|-damage|p2a: Ferrothorn|23/100|[from] Spikes
|move|p1a: Ferrothorn|Leech Seed|p2a: Ferrothorn
|-immune|p2a: Ferrothorn
|
|upkeep
|turn|12
|inactive|ULT4PDR Luna has 60 seconds left.
|
|t:|1654354111
|move|p2a: Ferrothorn|Knock Off|p1a: Ferrothorn
|-damage|p1a: Ferrothorn|35/100
|-damage|p2a: Ferrothorn|10/100|[from] ability: Iron Barbs|[of] p1a: Ferrothorn
|move|p1a: Ferrothorn|Leech Seed|p2a: Ferrothorn
|-immune|p2a: Ferrothorn
|
|upkeep
|turn|13
|j| Ult4pdr Bunrphenix
|inactive|ULT4PDR Luna has 60 seconds left.
|
|t:|1654354125
|switch|p1a: Ho-Oh|Ho-Oh|100/100
|move|p2a: Ferrothorn|Leech Seed|p1a: Ho-Oh
|-start|p1a: Ho-Oh|move: Leech Seed
|
|-damage|p1a: Ho-Oh|88/100|[from] Leech Seed|[of] p2a: Ferrothorn
|-heal|p2a: Ferrothorn|23/100|[silent]
|upkeep
|turn|14
|
|t:|1654354129
|switch|p2a: Kyogre|Kyogre|100/100
|-damage|p2a: Kyogre|75/100|[from] Spikes
|-weather|RainDance|[from] ability: Drizzle|[of] p2a: Kyogre
|move|p1a: Ho-Oh|Brave Bird|p2a: Kyogre
|-damage|p2a: Kyogre|31/100
|-damage|p1a: Ho-Oh|71/100|[from] Recoil
|
|-weather|RainDance|[upkeep]
|-heal|p2a: Kyogre|37/100|[from] item: Leftovers
|-damage|p1a: Ho-Oh|59/100|[from] Leech Seed|[of] p2a: Kyogre
|-heal|p2a: Kyogre|48/100|[silent]
|upkeep
|turn|15
|
|t:|1654354142
|switch|p1a: Yveltal|Yveltal|100/100
|-ability|p1a: Yveltal|Dark Aura
|move|p2a: Kyogre|Scald|p1a: Yveltal
|-damage|p1a: Yveltal|57/100
|
|-weather|RainDance|[upkeep]
|-heal|p2a: Kyogre|54/100|[from] item: Leftovers
|upkeep
|turn|16
|inactive|ULT4PDR Luna has 60 seconds left.
|inactive|ULT4PDR Luna has 30 seconds left.
|inactive|ULT4PDR Luna has 20 seconds left.
|inactive|ULT4PDR Luna has 15 seconds left.
|
|t:|1654354218
|move|p1a: Yveltal|Foul Play|p2a: Kyogre
|-damage|p2a: Kyogre|33/100
|move|p2a: Kyogre|Scald|p1a: Yveltal
|-damage|p1a: Yveltal|15/100
|-status|p1a: Yveltal|brn
|
|-weather|RainDance|[upkeep]
|-heal|p2a: Kyogre|39/100|[from] item: Leftovers
|-damage|p1a: Yveltal|9/100 brn|[from] brn
|upkeep
|turn|17
|inactive|ULT4PDR Luna has 25 seconds left this turn.
|
|t:|1654354225
|move|p1a: Yveltal|Taunt|p2a: Kyogre
|-start|p2a: Kyogre|move: Taunt
|move|p2a: Kyogre|Scald|p1a: Yveltal
|-damage|p1a: Yveltal|0 fnt
|faint|p1a: Yveltal
|
|-weather|RainDance|[upkeep]
|-heal|p2a: Kyogre|46/100|[from] item: Leftovers
|upkeep
|inactive|ULT4PDR Luna has 30 seconds left this turn.
|
|t:|1654354235
|switch|p1a: Ferrothorn|Ferrothorn, F|35/100
|-damage|p1a: Ferrothorn|10/100|[from] Spikes
|turn|18
|l|+AM
|inactive|ULT4PDR Luna has 30 seconds left.
|
|t:|1654354247
|move|p2a: Kyogre|Scald|p1a: Ferrothorn
|-resisted|p1a: Ferrothorn
|-damage|p1a: Ferrothorn|0 fnt
|faint|p1a: Ferrothorn
|
|-weather|none
|-heal|p2a: Kyogre|52/100|[from] item: Leftovers
|upkeep
|
|t:|1654354250
|switch|p1a: Ho-Oh|Ho-Oh|92/100
|turn|19
|
|t:|1654354255
|move|p1a: Ho-Oh|Brave Bird|p2a: Kyogre
|-damage|p2a: Kyogre|6/100
|-damage|p1a: Ho-Oh|75/100|[from] Recoil
|move|p2a: Kyogre|Scald|p1a: Ho-Oh
|-supereffective|p1a: Ho-Oh
|-damage|p1a: Ho-Oh|20/100
|
|-heal|p2a: Kyogre|12/100|[from] item: Leftovers
|-end|p2a: Kyogre|move: Taunt
|upkeep
|turn|20
|
|t:|1654354259
|switch|p2a: Ferrothorn|Ferrothorn, F|23/100
|-damage|p2a: Ferrothorn|0 fnt|[from] Spikes
|faint|p2a: Ferrothorn
|move|p1a: Ho-Oh|Sacred Fire|p2: Ferrothorn|[notarget]
|-fail|p1a: Ho-Oh
|
|upkeep
|
|t:|1654354263
|switch|p2a: Necrozma|Necrozma-Dusk-Mane|82/100
|-damage|p2a: Necrozma|57/100|[from] Spikes
|turn|21
|
|t:|1654354267
|move|p1a: Ho-Oh|Sacred Fire|p2a: Necrozma
|-supereffective|p2a: Necrozma
|-damage|p2a: Necrozma|0 fnt
|faint|p2a: Necrozma
|
|upkeep
|
|t:|1654354271
|switch|p2a: Yveltal|Yveltal|100/100
|-ability|p2a: Yveltal|Dark Aura
|turn|22
|c|☆ULT4PDR Luna|i missclicked there
|
|t:|1654354279
|move|p2a: Yveltal|Knock Off|p1a: Ho-Oh
|-crit|p1a: Ho-Oh
|-damage|p1a: Ho-Oh|0 fnt
|-enditem|p1a: Ho-Oh|Heavy-Duty Boots|[from] move: Knock Off|[of] p2a: Yveltal
|faint|p1a: Ho-Oh
|
|upkeep
|c|☆ULT4PDR Luna|x_x
|
|t:|1654354281
|switch|p1a: Eternatus|Eternatus|100/100
|-ability|p1a: Eternatus|Pressure
|turn|23
|
|t:|1654354286
|switch|p2a: Kyogre|Kyogre|12/100
|-damage|p2a: Kyogre|0 fnt|[from] Spikes
|faint|p2a: Kyogre
|move|p1a: Eternatus|Toxic|p2: Kyogre|[notarget]
|-fail|p1a: Eternatus
|
|upkeep
|
|t:|1654354288
|switch|p2a: Marshadow|Marshadow|100/100
|-damage|p2a: Marshadow|76/100|[from] Spikes
|turn|24
|
|t:|1654354295
|move|p2a: Marshadow|Spectral Thief|p1a: Eternatus
|-damage|p1a: Eternatus|63/100
|-damage|p2a: Marshadow|66/100|[from] item: Life Orb
|move|p1a: Eternatus|Toxic|p2a: Marshadow
|-status|p2a: Marshadow|tox
|
|-damage|p2a: Marshadow|59/100 tox|[from] psn
|upkeep
|turn|25
|j| ULT4PDR QLS
|
|t:|1654354299
|move|p2a: Marshadow|Bulk Up|p2a: Marshadow
|-boost|p2a: Marshadow|atk|1
|-boost|p2a: Marshadow|def|1
|move|p1a: Eternatus|Recover|p1a: Eternatus
|-heal|p1a: Eternatus|100/100
|
|-damage|p2a: Marshadow|47/100 tox|[from] psn
|upkeep
|turn|26
|
|t:|1654354302
|move|p2a: Marshadow|Spectral Thief|p1a: Eternatus
|-damage|p1a: Eternatus|48/100
|-damage|p2a: Marshadow|37/100 tox|[from] item: Life Orb
|move|p1a: Eternatus|Recover|p1a: Eternatus
|-heal|p1a: Eternatus|98/100
|
|-damage|p2a: Marshadow|18/100 tox|[from] psn
|upkeep
|turn|27
|
|t:|1654354306
|move|p2a: Marshadow|Spectral Thief|p1a: Eternatus
|-damage|p1a: Eternatus|46/100
|-damage|p2a: Marshadow|8/100 tox|[from] item: Life Orb
|move|p1a: Eternatus|Recover|p1a: Eternatus
|-heal|p1a: Eternatus|96/100
|
|-damage|p2a: Marshadow|0 fnt|[from] psn
|faint|p2a: Marshadow
|upkeep
|
|t:|1654354309
|switch|p2a: Yveltal|Yveltal|100/100
|-ability|p2a: Yveltal|Dark Aura
|turn|28
|
|t:|1654354313
|move|p1a: Eternatus|Toxic|p2a: Yveltal
|-status|p2a: Yveltal|tox
|move|p2a: Yveltal|Hone Claws|p2a: Yveltal
|-boost|p2a: Yveltal|atk|1
|-boost|p2a: Yveltal|accuracy|1
|
|-damage|p2a: Yveltal|94/100 tox|[from] psn
|upkeep
|turn|29
|
|t:|1654354317
|move|p1a: Eternatus|Draco Meteor|p2a: Yveltal
|-damage|p2a: Yveltal|45/100 tox
|-unboost|p1a: Eternatus|spa|2
|move|p2a: Yveltal|Hone Claws|p2a: Yveltal
|-boost|p2a: Yveltal|atk|1
|-boost|p2a: Yveltal|accuracy|1
|
|-damage|p2a: Yveltal|33/100 tox|[from] psn
|upkeep
|turn|30
|
|t:|1654354324
|switch|p1a: Calyrex|Calyrex-Shadow|100/100
|-ability|p1a: Calyrex|As One
|-ability|p1a: Calyrex|Unnerve
|-damage|p1a: Calyrex|76/100|[from] Spikes
|move|p2a: Yveltal|Roost|p2a: Yveltal
|-heal|p2a: Yveltal|83/100 tox
|-singleturn|p2a: Yveltal|move: Roost
|
|-damage|p2a: Yveltal|65/100 tox|[from] psn
|upkeep
|turn|31
|
|t:|1654354327
|move|p1a: Calyrex|Encore|p2a: Yveltal
|-start|p2a: Yveltal|Encore
|move|p2a: Yveltal|Roost|p2a: Yveltal
|-heal|p2a: Yveltal|100/100 tox
|-singleturn|p2a: Yveltal|move: Roost
|
|-damage|p2a: Yveltal|76/100 tox|[from] psn
|upkeep
|turn|32
|
|t:|1654354331
|switch|p1a: Necrozma|Necrozma-Dusk-Mane|76/100
|-damage|p1a: Necrozma|51/100|[from] Spikes
|switch|p2a: Eternatus|Eternatus|75/100 par
|-damage|p2a: Eternatus|50/100 par|[from] Spikes
|-ability|p2a: Eternatus|Pressure
|
|upkeep
|turn|33
|
|t:|1654354335
|move|p1a: Necrozma|Stealth Rock|p2a: Eternatus
|-sidestart|p2: ULT4PDR Luna|move: Stealth Rock
|move|p2a: Eternatus|Flamethrower|p1a: Necrozma
|-supereffective|p1a: Necrozma
|-damage|p1a: Necrozma|24/100
|
|upkeep
|turn|34
|
|t:|1654354337
|move|p1a: Necrozma|Iron Head|p2a: Eternatus
|-damage|p2a: Eternatus|24/100 par
|cant|p2a: Eternatus|flinch
|
|upkeep
|turn|35
|
|t:|1654354339
|move|p1a: Necrozma|Morning Sun|p1a: Necrozma
|-heal|p1a: Necrozma|74/100
|move|p2a: Eternatus|Flamethrower|p1a: Necrozma
|-supereffective|p1a: Necrozma
|-damage|p1a: Necrozma|49/100
|-status|p1a: Necrozma|brn
|
|-damage|p1a: Necrozma|43/100 brn|[from] brn
|upkeep
|turn|36
|
|t:|1654354344
|move|p1a: Necrozma|Morning Sun|p1a: Necrozma
|-heal|p1a: Necrozma|93/100 brn
|cant|p2a: Eternatus|par
|
|-damage|p1a: Necrozma|87/100 brn|[from] brn
|upkeep
|turn|37
|
|t:|1654354346
|move|p1a: Necrozma|Iron Head|p2a: Eternatus
|-damage|p2a: Eternatus|12/100 par
|cant|p2a: Eternatus|par
|
|-damage|p1a: Necrozma|81/100 brn|[from] brn
|upkeep
|turn|38
|
|t:|1654354351
|move|p1a: Necrozma|Iron Head|p2a: Eternatus
|-damage|p2a: Eternatus|0 fnt
|faint|p2a: Eternatus
|
|-damage|p1a: Necrozma|75/100 brn|[from] brn
|upkeep
|
|t:|1654354352
|switch|p2a: Yveltal|Yveltal|76/100 tox
|-ability|p2a: Yveltal|Dark Aura
|turn|39
|
|t:|1654354356
|switch|p1a: Eternatus|Eternatus|96/100
|-ability|p1a: Eternatus|Pressure
|move|p2a: Yveltal|Hone Claws|p2a: Yveltal
|-boost|p2a: Yveltal|atk|1
|-boost|p2a: Yveltal|accuracy|1
|
|-damage|p2a: Yveltal|70/100 tox|[from] psn
|upkeep
|turn|40
|
|t:|1654354359
|move|p1a: Eternatus|Draco Meteor|p2a: Yveltal
|-damage|p2a: Yveltal|21/100 tox
|-unboost|p1a: Eternatus|spa|2
|move|p2a: Yveltal|Hone Claws|p2a: Yveltal
|-boost|p2a: Yveltal|atk|1
|-boost|p2a: Yveltal|accuracy|1
|
|-damage|p2a: Yveltal|9/100 tox|[from] psn
|upkeep
|turn|41
|
|t:|1654354363
|switch|p1a: Calyrex|Calyrex-Shadow|76/100
|-ability|p1a: Calyrex|As One
|-ability|p1a: Calyrex|Unnerve
|-damage|p1a: Calyrex|51/100|[from] Spikes
|move|p2a: Yveltal|Sucker Punch||[still]
|-fail|p2a: Yveltal
|
|-damage|p2a: Yveltal|0 fnt|[from] psn
|faint|p2a: Yveltal
|
|win|crotteglace
|upkeep
|raw|crotteglace's rating: 1528 &rarr; <strong>1553</strong><br />(+25 for winning)
|raw|ULT4PDR Luna's rating: 1613 &rarr; <strong>1588</strong><br />(-25 for losing)
|l|☆ULT4PDR Luna
|l| Entrocefalo
|l| ULT4PDR QLS
|j| Entrocefalo
|l| Ult4pdr Bunrphenix
|l| Entrocefalo
||Ladder isn't responding, score probably updated but might not have (Request timeout).
