|j|☆kunkun 4ever
|j|☆Kamzz test
|t:|1665929505
|gametype|singles
|player|p1|kunkun 4ever|n|1183
|player|p2|Kamzz test|2|1470
|teamsize|p1|6
|teamsize|p2|6
|gen|8
|tier|[Gen 8] Ubers
|rated|
|rule|Sleep Clause Mod: Limit one foe put to sleep
|rule|Species Clause: Limit one of each Pokémon
|rule|OHKO Clause: OHKO moves are banned
|rule|Evasion Items Clause: Evasion items are banned
|rule|Evasion Moves Clause: Evasion moves are banned
|rule|Endless Battle Clause: Forcing endless battles is banned
|rule|HP Percentage Mod: HP is shown in percentages
|rule|Dynamax Clause: You cannot dynamax
|clearpoke
|poke|p1|Cinderace, M|
|poke|p1|Calyrex-Shadow|
|poke|p1|Necrozma-Dusk-Mane|
|poke|p1|Urshifu-*, F|
|poke|p1|Tyranitar, F|
|poke|p1|Groudon|
|poke|p2|Necrozma-Dusk-Mane|
|poke|p2|Xerneas-*|
|poke|p2|Magnezone|
|poke|p2|Yveltal|
|poke|p2|Blissey, F|
|poke|p2|Ho-Oh|
|teampreview
|
|t:|1665929541
|start
|switch|p1a: Groudon|Groudon|100/100
|switch|p2a: Necrozma|Necrozma-Dusk-Mane|100/100
|-weather|SunnyDay|[from] ability: Drought|[of] p1a: Groudon
|turn|1
|
|t:|1665929551
|move|p1a: Groudon|Fire Punch|p2a: Necrozma
|-supereffective|p2a: Necrozma
|-damage|p2a: Necrozma|46/100
|move|p2a: Necrozma|Cosmic Power|p2a: Necrozma
|-boost|p2a: Necrozma|def|1
|-boost|p2a: Necrozma|spd|1
|
|-weather|SunnyDay|[upkeep]
|-heal|p2a: Necrozma|52/100|[from] item: Leftovers
|upkeep
|turn|2
|
|t:|1665929560
|switch|p1a: Calyrex|Calyrex-Shadow|100/100
|-ability|p1a: Calyrex|As One
|-ability|p1a: Calyrex|Unnerve
|move|p2a: Necrozma|Moonlight|p2a: Necrozma
|-heal|p2a: Necrozma|100/100
|
|-weather|SunnyDay|[upkeep]
|upkeep
|turn|3
|
|t:|1665929569
|switch|p2a: Yveltal|Yveltal|100/100
|-ability|p2a: Yveltal|Dark Aura
|move|p1a: Calyrex|Trick|p2a: Yveltal
|-activate|p1a: Calyrex|move: Trick|[of] p2a: Yveltal
|-item|p2a: Yveltal|Choice Scarf|[from] move: Trick
|-item|p1a: Calyrex|Choice Scarf|[from] move: Trick
|
|-weather|SunnyDay|[upkeep]
|upkeep
|turn|4
|
|t:|1665929578
|switch|p1a: Tyranitar|Tyranitar, F|100/100
|-weather|Sandstorm|[from] ability: Sand Stream|[of] p1a: Tyranitar
|move|p2a: Yveltal|Knock Off|p1a: Tyranitar
|-resisted|p1a: Tyranitar
|-damage|p1a: Tyranitar|77/100
|-enditem|p1a: Tyranitar|Assault Vest|[from] move: Knock Off|[of] p2a: Yveltal
|
|-weather|Sandstorm|[upkeep]
|-damage|p2a: Yveltal|94/100|[from] Sandstorm
|upkeep
|turn|5
|j| Leaf168
|
|t:|1665929594
|switch|p2a: Necrozma|Necrozma-Dusk-Mane|100/100
|move|p1a: Tyranitar|Stone Edge|p2a: Necrozma
|-resisted|p2a: Necrozma
|-crit|p2a: Necrozma
|-damage|p2a: Necrozma|78/100
|
|-weather|Sandstorm|[upkeep]
|-heal|p2a: Necrozma|84/100|[from] item: Leftovers
|upkeep
|turn|6
|
|t:|1665929603
|move|p2a: Necrozma|Cosmic Power|p2a: Necrozma
|-boost|p2a: Necrozma|def|1
|-boost|p2a: Necrozma|spd|1
|move|p1a: Tyranitar|Earthquake|p2a: Necrozma
|-supereffective|p2a: Necrozma
|-damage|p2a: Necrozma|67/100
|
|-weather|Sandstorm|[upkeep]
|-heal|p2a: Necrozma|73/100|[from] item: Leftovers
|upkeep
|turn|7
|l| Leaf168
|
|t:|1665929614
|switch|p1a: Calyrex|Calyrex-Shadow|100/100
|-ability|p1a: Calyrex|As One
|-ability|p1a: Calyrex|Unnerve
|move|p2a: Necrozma|Iron Head|p1a: Calyrex
|-damage|p1a: Calyrex|54/100
|
|-weather|Sandstorm|[upkeep]
|-damage|p1a: Calyrex|48/100|[from] Sandstorm
|-heal|p2a: Necrozma|79/100|[from] item: Leftovers
|upkeep
|turn|8
|
|t:|1665929626
|switch|p2a: Yveltal|Yveltal|94/100
|-ability|p2a: Yveltal|Dark Aura
|move|p1a: Calyrex|Astral Barrage|p2a: Yveltal
|-resisted|p2a: Yveltal
|-damage|p2a: Yveltal|68/100
|
|-weather|none
|upkeep
|turn|9
|
|t:|1665929635
|switch|p1a: Cinderace|Cinderace, M|100/100
|move|p2a: Yveltal|Roost|p2a: Yveltal
|-heal|p2a: Yveltal|100/100
|-singleturn|p2a: Yveltal|move: Roost
|
|upkeep
|turn|10
|
|t:|1665929641
|switch|p2a: Ho-Oh|Ho-Oh|100/100
|move|p1a: Cinderace|Pyro Ball|p2a: Ho-Oh
|-resisted|p2a: Ho-Oh
|-damage|p2a: Ho-Oh|73/100
|
|upkeep
|turn|11
|
|t:|1665929648
|move|p1a: Cinderace|U-turn|p2a: Ho-Oh
|-start|p1a: Cinderace|typechange|Bug|[from] ability: Libero
|-resisted|p2a: Ho-Oh
|-damage|p2a: Ho-Oh|65/100
|
|t:|1665929656
|switch|p1a: Groudon|Groudon|100/100|[from]move: U-turn
|-weather|SunnyDay|[from] ability: Drought|[of] p1a: Groudon
|move|p2a: Ho-Oh|Sacred Fire|p1a: Groudon
|-damage|p1a: Groudon|37/100
|
|-weather|SunnyDay|[upkeep]
|upkeep
|turn|12
|
|t:|1665929678
|switch|p2a: Necrozma|Necrozma-Dusk-Mane|79/100
|move|p1a: Groudon|Precipice Blades|p2a: Necrozma
|-supereffective|p2a: Necrozma
|-damage|p2a: Necrozma|0 fnt
|faint|p2a: Necrozma
|
|-weather|SunnyDay|[upkeep]
|upkeep
|inactive|Battle timer is ON: inactive players will automatically lose when time's up. (requested by kunkun 4ever)
|
|t:|1665929686
|switch|p2a: Ho-Oh|Ho-Oh|98/100
|turn|13
|
|t:|1665929692
|switch|p1a: Tyranitar|Tyranitar, F|77/100
|-weather|Sandstorm|[from] ability: Sand Stream|[of] p1a: Tyranitar
|move|p2a: Ho-Oh|Sacred Fire|p1a: Tyranitar
|-resisted|p1a: Tyranitar
|-damage|p1a: Tyranitar|57/100
|-status|p1a: Tyranitar|brn
|
|-weather|Sandstorm|[upkeep]
|-damage|p2a: Ho-Oh|92/100|[from] Sandstorm
|-damage|p1a: Tyranitar|51/100 brn|[from] brn
|upkeep
|turn|14
|
|t:|1665929709
|switch|p2a: Xerneas|Xerneas|100/100
|-ability|p2a: Xerneas|Fairy Aura
|move|p1a: Tyranitar|Stone Edge|p2a: Xerneas
|-damage|p2a: Xerneas|77/100
|
|-weather|Sandstorm|[upkeep]
|-damage|p2a: Xerneas|71/100|[from] Sandstorm
|-damage|p1a: Tyranitar|45/100 brn|[from] brn
|upkeep
|turn|15
|
|t:|1665929720
|switch|p1a: Necrozma|Necrozma-Dusk-Mane|100/100
|move|p2a: Xerneas|Play Rough|p1a: Necrozma
|-resisted|p1a: Necrozma
|-damage|p1a: Necrozma|73/100
|-damage|p2a: Xerneas|54/100|[from] item: Rocky Helmet|[of] p1a: Necrozma
|
|-weather|Sandstorm|[upkeep]
|-damage|p2a: Xerneas|48/100|[from] Sandstorm
|upkeep
|turn|16
|
|t:|1665929728
|switch|p2a: Magnezone|Magnezone|100/100
|-item|p2a: Magnezone|Air Balloon
|move|p1a: Necrozma|Dragon Dance|p1a: Necrozma
|-boost|p1a: Necrozma|atk|1
|-boost|p1a: Necrozma|spe|1
|
|-weather|Sandstorm|[upkeep]
|upkeep
|turn|17
|
|t:|1665929744
|move|p1a: Necrozma|Sunsteel Strike|p2a: Magnezone
|-resisted|p2a: Magnezone
|-damage|p2a: Magnezone|82/100
|-enditem|p2a: Magnezone|Air Balloon
|move|p2a: Magnezone|Thunder Wave|p1a: Necrozma
|-status|p1a: Necrozma|par
|
|-weather|none
|upkeep
|turn|18
|
|t:|1665929753
|move|p2a: Magnezone|Magnet Rise|p2a: Magnezone
|-start|p2a: Magnezone|Magnet Rise
|move|p1a: Necrozma|Dragon Dance|p1a: Necrozma
|-boost|p1a: Necrozma|atk|1
|-boost|p1a: Necrozma|spe|1
|
|upkeep
|turn|19
|
|t:|1665929759
|move|p2a: Magnezone|Iron Defense|p2a: Magnezone
|-boost|p2a: Magnezone|def|2
|move|p1a: Necrozma|Dragon Dance|p1a: Necrozma
|-boost|p1a: Necrozma|atk|1
|-boost|p1a: Necrozma|spe|1
|
|upkeep
|turn|20
|
|t:|1665929764
|move|p2a: Magnezone|Iron Defense|p2a: Magnezone
|-boost|p2a: Magnezone|def|2
|move|p1a: Necrozma|Dragon Dance|p1a: Necrozma
|-boost|p1a: Necrozma|atk|1
|-boost|p1a: Necrozma|spe|1
|
|upkeep
|turn|21
|
|t:|1665929773
|cant|p1a: Necrozma|par
|move|p2a: Magnezone|Body Press|p1a: Necrozma
|-damage|p1a: Necrozma|27/100 par
|-damage|p2a: Magnezone|66/100|[from] item: Rocky Helmet|[of] p1a: Necrozma
|
|upkeep
|turn|22
|
|t:|1665929781
|move|p1a: Necrozma|Moonlight|p1a: Necrozma
|-heal|p1a: Necrozma|77/100 par
|move|p2a: Magnezone|Body Press|p1a: Necrozma
|-damage|p1a: Necrozma|27/100 par
|-damage|p2a: Magnezone|49/100|[from] item: Rocky Helmet|[of] p1a: Necrozma
|
|-end|p2a: Magnezone|Magnet Rise
|upkeep
|turn|23
|
|t:|1665929789
|move|p1a: Necrozma|Earthquake|p2a: Magnezone
|-supereffective|p2a: Magnezone
|-damage|p2a: Magnezone|0 fnt
|faint|p2a: Magnezone
|
|upkeep
|
|t:|1665929796
|switch|p2a: Xerneas|Xerneas|48/100
|-ability|p2a: Xerneas|Fairy Aura
|turn|24
|
|t:|1665929801
|move|p2a: Xerneas|Close Combat|p1a: Necrozma
|-damage|p1a: Necrozma|0 fnt
|-unboost|p2a: Xerneas|def|1
|-unboost|p2a: Xerneas|spd|1
|-damage|p2a: Xerneas|32/100|[from] item: Rocky Helmet|[of] p1a: Necrozma
|faint|p1a: Necrozma
|
|upkeep
|
|t:|1665929805
|switch|p1a: Calyrex|Calyrex-Shadow|48/100
|-ability|p1a: Calyrex|As One
|-ability|p1a: Calyrex|Unnerve
|turn|25
|
|t:|1665929814
|switch|p2a: Yveltal|Yveltal|100/100
|-ability|p2a: Yveltal|Dark Aura
|move|p1a: Calyrex|Trick|p2a: Yveltal
|-activate|p1a: Calyrex|move: Trick|[of] p2a: Yveltal
|-item|p2a: Yveltal|Choice Scarf|[from] move: Trick
|-item|p1a: Calyrex|Choice Scarf|[from] move: Trick
|
|upkeep
|turn|26
|
|t:|1665929829
|switch|p1a: Tyranitar|Tyranitar, F|45/100 brn
|-weather|Sandstorm|[from] ability: Sand Stream|[of] p1a: Tyranitar
|move|p2a: Yveltal|Foul Play|p1a: Tyranitar
|-resisted|p1a: Tyranitar
|-damage|p1a: Tyranitar|20/100 brn
|
|-weather|Sandstorm|[upkeep]
|-damage|p2a: Yveltal|94/100|[from] Sandstorm
|-damage|p1a: Tyranitar|14/100 brn|[from] brn
|upkeep
|turn|27
|
|t:|1665929838
|move|p2a: Yveltal|Foul Play|p1a: Tyranitar
|-resisted|p1a: Tyranitar
|-damage|p1a: Tyranitar|0 fnt
|faint|p1a: Tyranitar
|
|-weather|Sandstorm|[upkeep]
|-damage|p2a: Yveltal|88/100|[from] Sandstorm
|upkeep
|
|t:|1665929846
|switch|p1a: Cinderace|Cinderace, M|100/100
|turn|28
|
|t:|1665929849
|move|p2a: Yveltal|Foul Play|p1a: Cinderace
|-damage|p1a: Cinderace|9/100
|move|p1a: Cinderace|High Jump Kick|p2a: Yveltal
|-start|p1a: Cinderace|typechange|Fighting|[from] ability: Libero
|-damage|p2a: Yveltal|36/100
|
|-weather|Sandstorm|[upkeep]
|-damage|p2a: Yveltal|29/100|[from] Sandstorm
|-damage|p1a: Cinderace|3/100|[from] Sandstorm
|upkeep
|turn|29
|
|t:|1665929858
|move|p1a: Cinderace|Sucker Punch|p2a: Yveltal
|-start|p1a: Cinderace|typechange|Dark|[from] ability: Libero
|-resisted|p2a: Yveltal
|-damage|p2a: Yveltal|9/100
|move|p2a: Yveltal|Foul Play|p1a: Cinderace
|-resisted|p1a: Cinderace
|-damage|p1a: Cinderace|0 fnt
|faint|p1a: Cinderace
|
|-weather|Sandstorm|[upkeep]
|-damage|p2a: Yveltal|3/100|[from] Sandstorm
|upkeep
|
|t:|1665929862
|switch|p1a: Urshifu|Urshifu, F|100/100
|turn|30
|
|t:|1665929870
|switch|p2a: Ho-Oh|Ho-Oh|100/100
|move|p1a: Urshifu|Sucker Punch||[still]
|-fail|p1a: Urshifu
|
|-weather|none
|upkeep
|turn|31
|
|t:|1665929878
|switch|p1a: Groudon|Groudon|37/100
|-weather|SunnyDay|[from] ability: Drought|[of] p1a: Groudon
|move|p2a: Ho-Oh|Sacred Fire|p1a: Groudon|[miss]
|-miss|p2a: Ho-Oh|p1a: Groudon
|
|-weather|SunnyDay|[upkeep]
|upkeep
|turn|32
|
|t:|1665929885
|switch|p2a: Blissey|Blissey, F|100/100
|move|p1a: Groudon|Rock Slide|p2a: Blissey
|-damage|p2a: Blissey|13/100
|
|-weather|SunnyDay|[upkeep]
|upkeep
|turn|33
|
|t:|1665929892
|move|p1a: Groudon|Rock Slide|p2a: Blissey
|-damage|p2a: Blissey|0 fnt
|faint|p2a: Blissey
|
|-weather|SunnyDay|[upkeep]
|upkeep
|
|t:|1665929898
|switch|p2a: Yveltal|Yveltal|3/100
|-ability|p2a: Yveltal|Dark Aura
|turn|34
|
|t:|1665929903
|switch|p1a: Urshifu|Urshifu, F|100/100
|move|p2a: Yveltal|Foul Play|p1a: Urshifu
|-resisted|p1a: Urshifu
|-crit|p1a: Urshifu
|-damage|p1a: Urshifu|75/100
|
|-weather|SunnyDay|[upkeep]
|upkeep
|turn|35
|
|t:|1665929909
|switch|p2a: Ho-Oh|Ho-Oh|100/100
|move|p1a: Urshifu|Sucker Punch||[still]
|-fail|p1a: Urshifu
|
|-weather|none
|upkeep
|turn|36
|
|t:|1665929916
|switch|p1a: Groudon|Groudon|37/100
|-weather|SunnyDay|[from] ability: Drought|[of] p1a: Groudon
|move|p2a: Ho-Oh|Brave Bird|p1a: Groudon
|-damage|p1a: Groudon|0 fnt
|faint|p1a: Groudon
|-damage|p2a: Ho-Oh|91/100|[from] Recoil
|
|-weather|SunnyDay|[upkeep]
|upkeep
|
|t:|1665929919
|switch|p1a: Urshifu|Urshifu, F|75/100
|turn|37
|
|t:|1665929926
|move|p1a: Urshifu|Wicked Blow|p2a: Ho-Oh
|-crit|p2a: Ho-Oh
|-damage|p2a: Ho-Oh|12/100
|move|p2a: Ho-Oh|Sacred Fire|p1a: Urshifu
|-damage|p1a: Urshifu|0 fnt
|faint|p1a: Urshifu
|
|-weather|SunnyDay|[upkeep]
|upkeep
|
|t:|1665929932
|switch|p1a: Calyrex|Calyrex-Shadow|48/100
|-ability|p1a: Calyrex|As One
|-ability|p1a: Calyrex|Unnerve
|turn|38
|-message|Kamzz test forfeited.
|
|win|kunkun 4ever
|raw|kunkun 4ever's rating: 1183 &rarr; <strong>1225</strong><br />(+42 for winning)
|raw|Kamzz test's rating: 1470 &rarr; <strong>1436</strong><br />(-34 for losing)
|l|☆Kamzz test
