|raw|<div class="broadcast-blue"><strong>This battle is required to be public due to a player having a name starting with 'ult4pdr'.</div>
|j|☆Entrocefalo
|j|☆ULT4PDR bad
|t:|1653945634
|gametype|singles
|player|p1|Entrocefalo|1|1476
|player|p2|ULT4PDR bad|dancer|1411
|teamsize|p1|6
|teamsize|p2|6
|gen|8
|tier|[Gen 8] Ubers
|rated|
|rule|Sleep Clause Mod: Limit one foe put to sleep
|rule|Species Clause: Limit one of each Pokémon
|rule|OHKO Clause: OHKO moves are banned
|rule|Evasion Moves Clause: Evasion moves are banned
|rule|Endless Battle Clause: Forcing endless battles is banned
|rule|HP Percentage Mod: HP is shown in percentages
|rule|Dynamax Clause: You cannot dynamax
|clearpoke
|poke|p1|Kyogre|
|poke|p1|Barraskewda, F|
|poke|p1|Urshifu-*, M|
|poke|p1|Dracovish|
|poke|p1|Pelipper, F|
|poke|p1|Cloyster, F|
|poke|p2|Aerodactyl, M|
|poke|p2|Weavile, M|
|poke|p2|Calyrex-Shadow|
|poke|p2|Xerneas-*|
|poke|p2|Kyogre|
|poke|p2|Pheromosa|
|teampreview
|c|☆Entrocefalo|hf
|
|t:|1653945647
|start
|switch|p1a: Cloyster|Cloyster, F, shiny|100/100
|switch|p2a: Aerodactyl|Aerodactyl, M|100/100
|-ability|p2a: Aerodactyl|Pressure
|turn|1
|
|t:|1653945654
|move|p2a: Aerodactyl|Rock Blast|p1a: Cloyster
|-supereffective|p1a: Cloyster
|-damage|p1a: Cloyster|82/100
|-supereffective|p1a: Cloyster
|-damage|p1a: Cloyster|61/100
|-supereffective|p1a: Cloyster
|-damage|p1a: Cloyster|41/100
|-supereffective|p1a: Cloyster
|-damage|p1a: Cloyster|21/100
|-hitcount|p1a: Cloyster|4
|move|p1a: Cloyster|Rapid Spin|p2a: Aerodactyl
|-resisted|p2a: Aerodactyl
|-damage|p2a: Aerodactyl|89/100
|-boost|p1a: Cloyster|spe|1
|
|upkeep
|turn|2
|
|t:|1653945661
|move|p2a: Aerodactyl|Rock Blast|p1a: Cloyster
|-supereffective|p1a: Cloyster
|-damage|p1a: Cloyster|1/100
|-supereffective|p1a: Cloyster
|-damage|p1a: Cloyster|0 fnt
|faint|p1a: Cloyster
|-hitcount|p1: Cloyster|2
|
|upkeep
|
|t:|1653945665
|switch|p1a: Urshifu|Urshifu-Rapid-Strike, M|100/100
|turn|3
|
|t:|1653945669
|move|p1a: Urshifu|Surging Strikes|p2a: Aerodactyl
|-supereffective|p2a: Aerodactyl
|-crit|p2a: Aerodactyl
|-damage|p2a: Aerodactyl|29/100
|-supereffective|p2a: Aerodactyl
|-crit|p2a: Aerodactyl
|-damage|p2a: Aerodactyl|0 fnt
|faint|p2a: Aerodactyl
|-hitcount|p2: Aerodactyl|2
|
|upkeep
|
|t:|1653945674
|switch|p2a: Kyogre|Kyogre|100/100
|-weather|RainDance|[from] ability: Drizzle|[of] p2a: Kyogre
|turn|4
|
|t:|1653945681
|switch|p1a: Dracovish|Dracovish|100/100
|move|p2a: Kyogre|Thunder|p1a: Dracovish
|-damage|p1a: Dracovish|19/100
|
|-weather|RainDance|[upkeep]
|upkeep
|turn|5
|
|t:|1653945684
|move|p1a: Dracovish|Fishious Rend|p2a: Kyogre
|-resisted|p2a: Kyogre
|-damage|p2a: Kyogre|3/100
|move|p2a: Kyogre|Thunder|p1a: Dracovish
|-damage|p1a: Dracovish|0 fnt
|faint|p1a: Dracovish
|
|-weather|RainDance|[upkeep]
|upkeep
|
|t:|1653945687
|switch|p1a: Urshifu|Urshifu-Rapid-Strike, M|100/100
|turn|6
|
|t:|1653945690
|move|p1a: Urshifu|U-turn|p2a: Kyogre
|-damage|p2a: Kyogre|0 fnt
|faint|p2a: Kyogre
|
|t:|1653945692
|switch|p1a: Barraskewda|Barraskewda, F|100/100|[from]move: U-turn
|
|-weather|RainDance|[upkeep]
|upkeep
|inactive|Battle timer is ON: inactive players will automatically lose when time's up. (requested by Entrocefalo)
|
|t:|1653945698
|switch|p2a: Calyrex|Calyrex-Shadow|100/100
|-ability|p2a: Calyrex|As One
|-ability|p2a: Calyrex|Unnerve
|turn|7
|
|t:|1653945709
|move|p1a: Barraskewda|Flip Turn|p2a: Calyrex
|-damage|p2a: Calyrex|5/100
|
|t:|1653945730
|switch|p1a: Kyogre|Kyogre|100/100|[from]move: Flip Turn
|move|p2a: Calyrex|Astral Barrage|p1a: Kyogre
|-damage|p1a: Kyogre|53/100
|
|-weather|RainDance|[upkeep]
|-heal|p1a: Kyogre|60/100|[from] item: Leftovers
|upkeep
|turn|8
|
|t:|1653945735
|move|p2a: Calyrex|Astral Barrage|p1a: Kyogre
|-damage|p1a: Kyogre|16/100
|move|p1a: Kyogre|Scald|p2a: Calyrex
|-damage|p2a: Calyrex|0 fnt
|faint|p2a: Calyrex
|
|-weather|none
|-heal|p1a: Kyogre|22/100|[from] item: Leftovers
|upkeep
|
|t:|1653945739
|switch|p2a: Xerneas|Xerneas|100/100
|-ability|p2a: Xerneas|Fairy Aura
|turn|9
|
|t:|1653945742
|move|p2a: Xerneas|Geomancy||[still]
|-prepare|p2a: Xerneas|Geomancy
|-enditem|p2a: Xerneas|Power Herb
|-anim|p2a: Xerneas|Geomancy|p2a: Xerneas
|-boost|p2a: Xerneas|spa|2
|-boost|p2a: Xerneas|spd|2
|-boost|p2a: Xerneas|spe|2
|move|p1a: Kyogre|Scald|p2a: Xerneas
|-damage|p2a: Xerneas|84/100
|-status|p2a: Xerneas|brn
|
|-heal|p1a: Kyogre|28/100|[from] item: Leftovers
|-damage|p2a: Xerneas|78/100 brn|[from] brn
|upkeep
|turn|10
|
|t:|1653945748
|move|p2a: Xerneas|Moonblast|p1a: Kyogre
|-damage|p1a: Kyogre|0 fnt
|faint|p1a: Kyogre
|
|-damage|p2a: Xerneas|71/100 brn|[from] brn
|upkeep
|
|t:|1653945750
|switch|p1a: Pelipper|Pelipper, F|100/100
|-weather|RainDance|[from] ability: Drizzle|[of] p1a: Pelipper
|turn|11
|
|t:|1653945755
|move|p2a: Xerneas|Substitute|p2a: Xerneas
|-start|p2a: Xerneas|Substitute
|-damage|p2a: Xerneas|47/100 brn
|move|p1a: Pelipper|Scald|p2a: Xerneas
|-activate|p2a: Xerneas|move: Substitute|[damage]
|
|-weather|RainDance|[upkeep]
|-damage|p2a: Xerneas|40/100 brn|[from] brn
|upkeep
|turn|12
|
|t:|1653945758
|move|p2a: Xerneas|Moonblast|p1a: Pelipper
|-damage|p1a: Pelipper|0 fnt
|faint|p1a: Pelipper
|
|-weather|RainDance|[upkeep]
|-damage|p2a: Xerneas|34/100 brn|[from] brn
|upkeep
|
|t:|1653945773
|switch|p1a: Barraskewda|Barraskewda, F|100/100
|turn|13
|
|t:|1653945784
|move|p1a: Barraskewda|Liquidation|p2a: Xerneas
|-end|p2a: Xerneas|Substitute
|move|p2a: Xerneas|Moonblast|p1a: Barraskewda
|-damage|p1a: Barraskewda|0 fnt
|faint|p1a: Barraskewda
|
|-weather|RainDance|[upkeep]
|-damage|p2a: Xerneas|28/100 brn|[from] brn
|upkeep
|
|t:|1653945786
|switch|p1a: Urshifu|Urshifu-Rapid-Strike, M|100/100
|turn|14
|
|t:|1653945787
|move|p1a: Urshifu|Aqua Jet|p2a: Xerneas
|-crit|p2a: Xerneas
|-damage|p2a: Xerneas|0 fnt
|faint|p2a: Xerneas
|
|-weather|RainDance|[upkeep]
|upkeep
|
|t:|1653945790
|switch|p2a: Pheromosa|Pheromosa|100/100
|turn|15
|
|t:|1653945792
|move|p1a: Urshifu|Aqua Jet|p2a: Pheromosa
|-damage|p2a: Pheromosa|15/100
|move|p2a: Pheromosa|High Jump Kick|p1a: Urshifu
|-damage|p1a: Urshifu|31/100
|
|-weather|RainDance|[upkeep]
|upkeep
|turn|16
|
|t:|1653945795
|move|p1a: Urshifu|Aqua Jet|p2a: Pheromosa
|-damage|p2a: Pheromosa|0 fnt
|faint|p2a: Pheromosa
|
|-weather|RainDance|[upkeep]
|upkeep
|
|t:|1653945798
|switch|p2a: Weavile|Weavile, M|100/100
|-ability|p2a: Weavile|Pressure
|turn|17
|c|☆Entrocefalo|gggg
|
|t:|1653945806
|move|p1a: Urshifu|Aqua Jet|p2a: Weavile
|-damage|p2a: Weavile|50/100
|move|p2a: Weavile|Ice Shard|p1a: Urshifu
|-resisted|p1a: Urshifu
|-damage|p1a: Urshifu|21/100
|
|-weather|RainDance|[upkeep]
|upkeep
|turn|18
|
|t:|1653945811
|move|p1a: Urshifu|Aqua Jet|p2a: Weavile
|-damage|p2a: Weavile|0 fnt
|faint|p2a: Weavile
|
|win|Entrocefalo
|raw|Entrocefalo's rating: 1476 &rarr; <strong>1492</strong><br />(+16 for winning)
|raw|ULT4PDR bad's rating: 1411 &rarr; <strong>1395</strong><br />(-16 for losing)
|l|☆ULT4PDR bad
|c|☆Entrocefalo|wtf
|c|☆Entrocefalo|ok
