|raw|<div class="broadcast-blue"><strong>This battle is required to be public due to a player having a name starting with 'ult4pdr'.</div>
|j|☆ULT4PDR skimmy
|j|☆neptune732
|t:|1654228759
|gametype|singles
|player|p1|ULT4PDR skimmy|dawn|1743
|player|p2|neptune732|266|1476
|teamsize|p1|6
|teamsize|p2|6
|gen|8
|tier|[Gen 8] Ubers
|rated|
|rule|Sleep Clause Mod: Limit one foe put to sleep
|rule|Species Clause: Limit one of each Pokémon
|rule|OHKO Clause: OHKO moves are banned
|rule|Evasion Moves Clause: Evasion moves are banned
|rule|Endless Battle Clause: Forcing endless battles is banned
|rule|HP Percentage Mod: HP is shown in percentages
|rule|Dynamax Clause: You cannot dynamax
|clearpoke
|poke|p1|Xerneas-*|
|poke|p1|Necrozma-Dusk-Mane|
|poke|p1|Yveltal|
|poke|p1|Eternatus|
|poke|p1|Groudon|
|poke|p1|Calyrex-Shadow|
|poke|p2|Shuckle, M|
|poke|p2|Scizor, F|
|poke|p2|Mewtwo|
|poke|p2|Kyurem-White|
|poke|p2|Weavile, F|
|poke|p2|Yveltal|
|teampreview
|inactive|Battle timer is ON: inactive players will automatically lose when time's up. (requested by ULT4PDR skimmy)
|
|t:|1654228779
|start
|switch|p1a: Necrozma|Necrozma-Dusk-Mane|100/100
|switch|p2a: Shuckle|Shuckle, M|100/100
|turn|1
|
|t:|1654228792
|move|p1a: Necrozma|Sunsteel Strike|p2a: Shuckle
|-supereffective|p2a: Shuckle
|-damage|p2a: Shuckle|40/100
|move|p2a: Shuckle|Sticky Web|p1a: Necrozma
|-sidestart|p1: ULT4PDR skimmy|move: Sticky Web
|
|upkeep
|turn|2
|
|t:|1654228800
|switch|p2a: Scizor|Scizor, F|100/100
|move|p1a: Necrozma|Sunsteel Strike|p2a: Scizor
|-resisted|p2a: Scizor
|-damage|p2a: Scizor|75/100
|
|upkeep
|turn|3
|
|t:|1654228808
|switch|p1a: Groudon|Groudon|100/100
|-activate|p1a: Groudon|move: Sticky Web
|-unboost|p1a: Groudon|spe|1
|-weather|SunnyDay|[from] ability: Drought|[of] p1a: Groudon
|move|p2a: Scizor|U-turn|p1a: Groudon
|-damage|p1a: Groudon|64/100
|
|t:|1654228820
|switch|p2a: Kyurem|Kyurem-White|100/100|[from]move: U-turn
|-ability|p2a: Kyurem|Turboblaze
|
|-weather|SunnyDay|[upkeep]
|-heal|p1a: Groudon|70/100|[from] item: Leftovers
|upkeep
|turn|4
|
|t:|1654228826
|switch|p1a: Necrozma|Necrozma-Dusk-Mane|100/100
|-activate|p1a: Necrozma|move: Sticky Web
|-unboost|p1a: Necrozma|spe|1
|move|p2a: Kyurem|Fusion Flare|p1a: Necrozma
|-supereffective|p1a: Necrozma
|-damage|p1a: Necrozma|24/100
|
|-weather|SunnyDay|[upkeep]
|-heal|p1a: Necrozma|30/100|[from] item: Leftovers
|upkeep
|turn|5
|
|t:|1654228847
|switch|p1a: Eternatus|Eternatus|100/100
|-ability|p1a: Eternatus|Pressure
|move|p2a: Kyurem|Fusion Flare|p1a: Eternatus
|-resisted|p1a: Eternatus
|-damage|p1a: Eternatus|72/100
|
|-weather|SunnyDay|[upkeep]
|upkeep
|turn|6
|
|t:|1654228858
|switch|p2a: Shuckle|Shuckle, M|40/100
|move|p1a: Eternatus|Flamethrower|p2a: Shuckle
|-damage|p2a: Shuckle|15/100
|
|-weather|SunnyDay|[upkeep]
|upkeep
|turn|7
|-enditem|p2a: Shuckle|Custap Berry|[eat]
|-activate|p2a: Shuckle|item: Custap Berry|[consumed]
|
|t:|1654228865
|move|p2a: Shuckle|Stealth Rock|p1a: Eternatus
|-sidestart|p1: ULT4PDR skimmy|move: Stealth Rock
|move|p1a: Eternatus|Dynamax Cannon|p2a: Shuckle
|-damage|p2a: Shuckle|0 fnt
|faint|p2a: Shuckle
|
|-weather|none
|upkeep
|
|t:|1654228873
|switch|p2a: Mewtwo|Mewtwo|100/100
|-ability|p2a: Mewtwo|Pressure
|turn|8
|
|t:|1654228878
|switch|p1a: Yveltal|Yveltal|100/100
|-ability|p1a: Yveltal|Dark Aura
|move|p2a: Mewtwo|Ice Beam|p1a: Yveltal
|-supereffective|p1a: Yveltal
|-damage|p1a: Yveltal|49/100
|-damage|p2a: Mewtwo|91/100|[from] item: Life Orb
|
|upkeep
|turn|9
|j| Devo
|
|t:|1654228889
|switch|p1a: Calyrex|Calyrex-Shadow|100/100
|-ability|p1a: Calyrex|As One
|-ability|p1a: Calyrex|Unnerve
|-activate|p1a: Calyrex|move: Sticky Web
|-unboost|p1a: Calyrex|spe|1
|-damage|p1a: Calyrex|88/100|[from] Stealth Rock
|move|p2a: Mewtwo|Ice Beam|p1a: Calyrex
|-damage|p1a: Calyrex|45/100
|-damage|p2a: Mewtwo|81/100|[from] item: Life Orb
|
|upkeep
|turn|10
|inactive|neptune732 has 120 seconds left.
|
|t:|1654228919
|switch|p2a: Yveltal|Yveltal|100/100
|-ability|p2a: Yveltal|Dark Aura
|move|p1a: Calyrex|Astral Barrage|p2a: Yveltal
|-resisted|p2a: Yveltal
|-damage|p2a: Yveltal|70/100
|
|upkeep
|turn|11
|
|t:|1654228928
|switch|p1a: Eternatus|Eternatus|72/100
|-ability|p1a: Eternatus|Pressure
|move|p2a: Yveltal|Knock Off|p1a: Eternatus
|-damage|p1a: Eternatus|6/100
|-enditem|p1a: Eternatus|Heavy-Duty Boots|[from] move: Knock Off|[of] p2a: Yveltal
|-damage|p2a: Yveltal|60/100|[from] item: Life Orb
|
|upkeep
|turn|12
|inactive|neptune732 has 120 seconds left.
|
|t:|1654228944
|switch|p2a: Mewtwo|Mewtwo|81/100
|-ability|p2a: Mewtwo|Pressure
|move|p1a: Eternatus|Recover|p1a: Eternatus
|-heal|p1a: Eternatus|56/100
|
|upkeep
|turn|13
|j| ULT4PDR KB
|j| ULT4PDR Elincia
|inactive|neptune732 has 120 seconds left.
|l|☆neptune732
|inactive|neptune732 disconnected and has a minute to reconnect!
|player|p2|
|j|☆neptune732
|inactive|neptune732 reconnected and has 95 seconds left.
|player|p2|neptune732|266
|
|t:|1654228983
|switch|p1a: Necrozma|Necrozma-Dusk-Mane|30/100
|-activate|p1a: Necrozma|move: Sticky Web
|-unboost|p1a: Necrozma|spe|1
|-damage|p1a: Necrozma|24/100|[from] Stealth Rock
|move|p2a: Mewtwo|Ice Beam|p1a: Necrozma
|-resisted|p1a: Necrozma
|-damage|p1a: Necrozma|10/100
|-damage|p2a: Mewtwo|71/100|[from] item: Life Orb
|
|-heal|p1a: Necrozma|16/100|[from] item: Leftovers
|upkeep
|turn|14
|
|t:|1654228997
|move|p2a: Mewtwo|Fire Blast|p1a: Necrozma
|-supereffective|p1a: Necrozma
|-damage|p1a: Necrozma|0 fnt
|faint|p1a: Necrozma
|-damage|p2a: Mewtwo|61/100|[from] item: Life Orb
|
|upkeep
|
|t:|1654229006
|switch|p1a: Yveltal|Yveltal|49/100
|-ability|p1a: Yveltal|Dark Aura
|turn|15
|l| Devo
|
|t:|1654229016
|switch|p2a: Weavile|Weavile, F|100/100
|move|p1a: Yveltal|Defog|p2a: Weavile
|-unboost|p2a: Weavile|evasion|1
|-sideend|p1: ULT4PDR skimmy|Stealth Rock|[from] move: Defog|[of] p1a: Yveltal
|-sideend|p1: ULT4PDR skimmy|Sticky Web|[from] move: Defog|[of] p1a: Yveltal
|
|upkeep
|turn|16
|
|t:|1654229025
|switch|p1a: Xerneas|Xerneas|100/100
|-ability|p1a: Xerneas|Fairy Aura
|-item|p1a: Xerneas|Air Balloon
|move|p2a: Weavile|Swords Dance|p2a: Weavile
|-boost|p2a: Weavile|atk|2
|
|upkeep
|turn|17
|
|t:|1654229033
|move|p2a: Weavile|Triple Axel|p1a: Xerneas
|-damage|p1a: Xerneas|86/100
|-enditem|p1a: Xerneas|Air Balloon
|-damage|p1a: Xerneas|58/100
|-damage|p1a: Xerneas|11/100
|-hitcount|p1a: Xerneas|3
|-damage|p2a: Weavile|91/100|[from] item: Life Orb
|move|p1a: Xerneas|Moonblast|p2a: Weavile
|-supereffective|p2a: Weavile
|-damage|p2a: Weavile|0 fnt
|faint|p2a: Weavile
|
|upkeep
|j| Devo
|l| Devo
|
|t:|1654229059
|switch|p2a: Mewtwo|Mewtwo|61/100
|-ability|p2a: Mewtwo|Pressure
|turn|18
|j| Devo
|
|t:|1654229065
|move|p2a: Mewtwo|Ice Beam|p1a: Xerneas
|-damage|p1a: Xerneas|0 fnt
|faint|p1a: Xerneas
|-damage|p2a: Mewtwo|51/100|[from] item: Life Orb
|
|upkeep
|
|t:|1654229068
|switch|p1a: Calyrex|Calyrex-Shadow|45/100
|-ability|p1a: Calyrex|As One
|-ability|p1a: Calyrex|Unnerve
|turn|19
|
|t:|1654229079
|switch|p2a: Yveltal|Yveltal|60/100
|-ability|p2a: Yveltal|Dark Aura
|move|p1a: Calyrex|Astral Barrage|p2a: Yveltal
|-resisted|p2a: Yveltal
|-damage|p2a: Yveltal|27/100
|
|upkeep
|turn|20
|
|t:|1654229090
|switch|p1a: Yveltal|Yveltal|49/100
|-ability|p1a: Yveltal|Dark Aura
|move|p2a: Yveltal|Sucker Punch||[still]
|-fail|p2a: Yveltal
|
|upkeep
|turn|21
|
|t:|1654229101
|move|p2a: Yveltal|Dual Wingbeat|p1a: Yveltal
|-damage|p1a: Yveltal|26/100
|-damage|p1a: Yveltal|4/100
|-hitcount|p1a: Yveltal|2
|-damage|p2a: Yveltal|18/100|[from] item: Life Orb
|move|p1a: Yveltal|Foul Play|p2a: Yveltal
|-resisted|p2a: Yveltal
|-damage|p2a: Yveltal|0 fnt
|faint|p2a: Yveltal
|
|upkeep
|l| Devo
|
|t:|1654229111
|switch|p2a: Scizor|Scizor, F|75/100
|turn|22
|
|t:|1654229114
|move|p2a: Scizor|Bullet Punch|p1a: Yveltal
|-damage|p1a: Yveltal|0 fnt
|faint|p1a: Yveltal
|
|upkeep
|
|t:|1654229117
|switch|p1a: Groudon|Groudon|70/100
|-weather|SunnyDay|[from] ability: Drought|[of] p1a: Groudon
|turn|23
|
|t:|1654229123
|switch|p2a: Kyurem|Kyurem-White|100/100
|-ability|p2a: Kyurem|Turboblaze
|move|p1a: Groudon|Heat Crash|p2a: Kyurem
|-damage|p2a: Kyurem|65/100
|
|-weather|SunnyDay|[upkeep]
|-heal|p1a: Groudon|76/100|[from] item: Leftovers
|upkeep
|turn|24
|inactive|ULT4PDR skimmy has 120 seconds left.
|
|t:|1654229168
|switch|p1a: Eternatus|Eternatus|56/100
|-ability|p1a: Eternatus|Pressure
|move|p2a: Kyurem|Ice Beam|p1a: Eternatus
|-supereffective|p1a: Eternatus
|-damage|p1a: Eternatus|0 fnt
|faint|p1a: Eternatus
|
|-weather|SunnyDay|[upkeep]
|upkeep
|
|t:|1654229170
|switch|p1a: Calyrex|Calyrex-Shadow|45/100
|-ability|p1a: Calyrex|As One
|-ability|p1a: Calyrex|Unnerve
|turn|25
|j| ghyuyyy
|
|t:|1654229181
|move|p1a: Calyrex|Astral Barrage|p2a: Kyurem
|-damage|p2a: Kyurem|4/100
|move|p2a: Kyurem|Ice Beam|p1a: Calyrex
|-damage|p1a: Calyrex|0 fnt
|faint|p1a: Calyrex
|
|-weather|SunnyDay|[upkeep]
|upkeep
|-message|ULT4PDR skimmy forfeited.
|
|win|neptune732
|raw|ULT4PDR skimmy's rating: 1743 &rarr; <strong>1710</strong><br />(-33 for losing)
|raw|neptune732's rating: 1476 &rarr; <strong>1509</strong><br />(+33 for winning)
|l|☆ULT4PDR skimmy
|l|☆neptune732
