|raw|<div class="broadcast-blue"><strong>This battle is required to be public due to a player having a name starting with 'lt92pf'.</div>
|j|☆Zenadark
|j|☆LT92PF Pachito
|t:|1659726168
|gametype|singles
|player|p1|Zenadark|cyrus-masters|
|player|p2|LT92PF Pachito|janine|
|teamsize|p1|6
|teamsize|p2|6
|gen|8
|tier|[Gen 8] Ubers
|rule|Sleep Clause Mod: Limit one foe put to sleep
|rule|Species Clause: Limit one of each Pokémon
|rule|OHKO Clause: OHKO moves are banned
|rule|Evasion Items Clause: Evasion items are banned
|rule|Evasion Moves Clause: Evasion moves are banned
|rule|Endless Battle Clause: Forcing endless battles is banned
|rule|HP Percentage Mod: HP is shown in percentages
|rule|Dynamax Clause: You cannot dynamax
|clearpoke
|poke|p1|Groudon|
|poke|p1|Necrozma-Dusk-Mane|
|poke|p1|Buzzwole|
|poke|p1|Lunala|
|poke|p1|Yveltal|
|poke|p1|Eternatus|
|poke|p2|Clefable, M|
|poke|p2|Groudon|
|poke|p2|Eternatus|
|poke|p2|Necrozma-Dusk-Mane|
|poke|p2|Yveltal|
|poke|p2|Marshadow|
|teampreview
|c|☆LT92PF Pachito|hf
|j| Holy Dictator
|l| Holy Dictator
|inactive|Battle timer is ON: inactive players will automatically lose when time's up. (requested by LT92PF Pachito)
|
|t:|1659726222
|start
|switch|p1a: Lunala|Lunala, shiny|100/100
|switch|p2a: Clefable|Clefable, M|100/100
|turn|1
|inactive|LT92PF Pachito has 270 seconds left.
|
|t:|1659726253
|move|p1a: Lunala|Thunder Wave|p2a: Clefable
|-status|p2a: Clefable|par
|move|p2a: Clefable|Stealth Rock|p1a: Lunala
|-sidestart|p1: Zenadark|move: Stealth Rock
|
|upkeep
|turn|2
|inactive|LT92PF Pachito has 270 seconds left.
|
|t:|1659726288
|switch|p2a: Yveltal|Yveltal|100/100
|-ability|p2a: Yveltal|Dark Aura
|move|p1a: Lunala|Future Sight|p2a: Yveltal
|-start|p1a: Lunala|move: Future Sight
|
|upkeep
|turn|3
|
|t:|1659726301
|switch|p1a: Yveltal|Yveltal, shiny|100/100
|-ability|p1a: Yveltal|Dark Aura
|move|p2a: Yveltal|U-turn|p1a: Yveltal
|-damage|p1a: Yveltal|81/100
|inactive|LT92PF Pachito has 240 seconds left.
|
|t:|1659726326
|switch|p2a: Necrozma|Necrozma-Dusk-Mane|100/100|[from]move: U-turn
|
|upkeep
|turn|4
|
|t:|1659726333
|switch|p2a: Yveltal|Yveltal|100/100
|-ability|p2a: Yveltal|Dark Aura
|move|p1a: Yveltal|Knock Off|p2a: Yveltal
|-resisted|p2a: Yveltal
|-damage|p2a: Yveltal|74/100
|-enditem|p2a: Yveltal|Heavy-Duty Boots|[from] move: Knock Off|[of] p1a: Yveltal
|
|-end|p2a: Yveltal|move: Future Sight
|-immune|p2a: Yveltal
|upkeep
|turn|5
|
|t:|1659726339
|move|p2a: Yveltal|U-turn|p1a: Yveltal
|-damage|p1a: Yveltal|61/100
|
|t:|1659726347
|switch|p2a: Clefable|Clefable, M|100/100 par|[from]move: U-turn
|move|p1a: Yveltal|Defog|p2a: Clefable
|-unboost|p2a: Clefable|evasion|1
|-sideend|p1: Zenadark|Stealth Rock|[from] move: Defog|[of] p1a: Yveltal
|
|upkeep
|turn|6
|j| Holy Dictator
|
|t:|1659726352
|move|p1a: Yveltal|Roost|p1a: Yveltal
|-heal|p1a: Yveltal|100/100
|-singleturn|p1a: Yveltal|move: Roost
|cant|p2a: Clefable|par
|
|upkeep
|turn|7
|
|t:|1659726360
|switch|p1a: Groudon|Groudon, shiny|100/100
|-weather|SunnyDay|[from] ability: Drought|[of] p1a: Groudon
|move|p2a: Clefable|Stealth Rock|p1a: Groudon
|-sidestart|p1: Zenadark|move: Stealth Rock
|
|-weather|SunnyDay|[upkeep]
|upkeep
|turn|8
|inactive|LT92PF Pachito has 270 seconds left.
|
|t:|1659726371
|switch|p2a: Yveltal|Yveltal|74/100
|-ability|p2a: Yveltal|Dark Aura
|move|p1a: Groudon|Stealth Rock|p2a: Yveltal
|-sidestart|p2: LT92PF Pachito|move: Stealth Rock
|
|-weather|SunnyDay|[upkeep]
|upkeep
|turn|9
|l| Holy Dictator
|
|t:|1659726383
|move|p2a: Yveltal|Roost|p2a: Yveltal
|-heal|p2a: Yveltal|100/100
|-singleturn|p2a: Yveltal|move: Roost
|move|p1a: Groudon|Thunder Wave|p2a: Yveltal
|-status|p2a: Yveltal|par
|
|-weather|SunnyDay|[upkeep]
|upkeep
|turn|10
|
|t:|1659726391
|move|p1a: Groudon|Stone Edge|p2a: Yveltal
|-supereffective|p2a: Yveltal
|-damage|p2a: Yveltal|44/100 par
|move|p2a: Yveltal|U-turn|p1a: Groudon
|-damage|p1a: Groudon|90/100
|
|t:|1659726395
|switch|p2a: Groudon|Groudon|100/100|[from]move: U-turn
|-damage|p2a: Groudon|94/100|[from] Stealth Rock
|
|-weather|SunnyDay|[upkeep]
|-heal|p2a: Groudon|100/100|[from] item: Leftovers
|-heal|p1a: Groudon|97/100|[from] item: Leftovers
|upkeep
|turn|11
|
|t:|1659726401
|move|p2a: Groudon|Swords Dance|p2a: Groudon
|-boost|p2a: Groudon|atk|2
|move|p1a: Groudon|Precipice Blades|p2a: Groudon
|-damage|p2a: Groudon|58/100
|
|-weather|none
|-heal|p2a: Groudon|64/100|[from] item: Leftovers
|-heal|p1a: Groudon|100/100|[from] item: Leftovers
|upkeep
|turn|12
|
|t:|1659726405
|switch|p1a: Yveltal|Yveltal, shiny|100/100
|-ability|p1a: Yveltal|Dark Aura
|move|p2a: Groudon|Precipice Blades|p1a: Yveltal
|-immune|p1a: Yveltal
|
|-heal|p2a: Groudon|70/100|[from] item: Leftovers
|upkeep
|turn|13
|
|t:|1659726409
|move|p1a: Yveltal|Foul Play|p2a: Groudon
|-damage|p2a: Groudon|0 fnt
|faint|p2a: Groudon
|
|upkeep
|
|t:|1659726413
|switch|p2a: Eternatus|Eternatus|100/100
|-damage|p2a: Eternatus|88/100|[from] Stealth Rock
|-ability|p2a: Eternatus|Pressure
|turn|14
|
|t:|1659726416
|move|p2a: Eternatus|Cosmic Power|p2a: Eternatus
|-boost|p2a: Eternatus|def|1
|-boost|p2a: Eternatus|spd|1
|move|p1a: Yveltal|Knock Off|p2a: Eternatus
|-damage|p2a: Eternatus|60/100
|-enditem|p2a: Eternatus|Black Sludge|[from] move: Knock Off|[of] p1a: Yveltal
|
|upkeep
|turn|15
|
|t:|1659726422
|switch|p1a: Lunala|Lunala, shiny|100/100
|move|p2a: Eternatus|Cosmic Power|p2a: Eternatus
|-boost|p2a: Eternatus|def|1
|-boost|p2a: Eternatus|spd|1
|
|upkeep
|turn|16
|
|t:|1659726425
|move|p2a: Eternatus|Cosmic Power|p2a: Eternatus
|-boost|p2a: Eternatus|def|1
|-boost|p2a: Eternatus|spd|1
|move|p1a: Lunala|Thunder Wave|p2a: Eternatus
|-status|p2a: Eternatus|par
|
|upkeep
|turn|17
|
|t:|1659726427
|move|p1a: Lunala|Future Sight|p2a: Eternatus
|-start|p1a: Lunala|move: Future Sight
|cant|p2a: Eternatus|par
|
|upkeep
|turn|18
|
|t:|1659726431
|move|p2a: Eternatus|Recover|p2a: Eternatus
|-heal|p2a: Eternatus|100/100 par
|move|p1a: Lunala|Teleport|p1a: Lunala
|
|t:|1659726435
|switch|p1a: Eternatus|Eternatus|100/100|[from]move: Teleport
|-damage|p1a: Eternatus|88/100|[from] Stealth Rock
|-ability|p1a: Eternatus|Pressure
|
|upkeep
|turn|19
|
|t:|1659726439
|move|p1a: Eternatus|Cosmic Power|p1a: Eternatus
|-boost|p1a: Eternatus|def|1
|-boost|p1a: Eternatus|spd|1
|move|p2a: Eternatus|Meteor Beam||[still]
|-prepare|p2a: Eternatus|Meteor Beam
|-boost|p2a: Eternatus|spa|1
|
|-end|p2a: Eternatus|move: Future Sight
|-supereffective|p2a: Eternatus
|-damage|p2a: Eternatus|70/100 par
|upkeep
|turn|20
|
|t:|1659726449
|move|p1a: Eternatus|Cosmic Power|p1a: Eternatus
|-boost|p1a: Eternatus|def|1
|-boost|p1a: Eternatus|spd|1
|cant|p2a: Eternatus|par
|
|upkeep
|turn|21
|
|t:|1659726453
|move|p1a: Eternatus|Cosmic Power|p1a: Eternatus
|-boost|p1a: Eternatus|def|1
|-boost|p1a: Eternatus|spd|1
|move|p2a: Eternatus|Cosmic Power|p2a: Eternatus
|-boost|p2a: Eternatus|def|1
|-boost|p2a: Eternatus|spd|1
|
|upkeep
|turn|22
|
|t:|1659726458
|move|p1a: Eternatus|Dragon Pulse|p2a: Eternatus
|-supereffective|p2a: Eternatus
|-damage|p2a: Eternatus|52/100 par
|move|p2a: Eternatus|Cosmic Power|p2a: Eternatus
|-boost|p2a: Eternatus|def|1
|-boost|p2a: Eternatus|spd|1
|
|upkeep
|turn|23
|j| Holy Dictator
|
|t:|1659726465
|move|p1a: Eternatus|Cosmic Power|p1a: Eternatus
|-boost|p1a: Eternatus|def|1
|-boost|p1a: Eternatus|spd|1
|cant|p2a: Eternatus|par
|
|upkeep
|turn|24
|
|t:|1659726477
|move|p1a: Eternatus|Cosmic Power|p1a: Eternatus
|-boost|p1a: Eternatus|def|1
|-boost|p1a: Eternatus|spd|1
|cant|p2a: Eternatus|par
|
|upkeep
|turn|25
|
|t:|1659726480
|move|p1a: Eternatus|Cosmic Power|p1a: Eternatus
|-boost|p1a: Eternatus|def|1
|-boost|p1a: Eternatus|spd|1
|move|p2a: Eternatus|Recover|p2a: Eternatus
|-heal|p2a: Eternatus|100/100 par
|
|upkeep
|turn|26
|
|t:|1659726483
|move|p1a: Eternatus|Meteor Beam||[still]
|-prepare|p1a: Eternatus|Meteor Beam
|-boost|p1a: Eternatus|spa|1
|move|p2a: Eternatus|Cosmic Power|p2a: Eternatus
|-boost|p2a: Eternatus|def|1
|-boost|p2a: Eternatus|spd|1
|
|upkeep
|turn|27
|
|t:|1659726490
|move|p1a: Eternatus|Meteor Beam|p2a: Eternatus|[from]lockedmove
|-damage|p2a: Eternatus|90/100 par
|move|p2a: Eternatus|Dragon Pulse|p1a: Eternatus
|-supereffective|p1a: Eternatus
|-damage|p1a: Eternatus|65/100
|
|upkeep
|turn|28
|
|t:|1659726495
|move|p1a: Eternatus|Dragon Pulse|p2a: Eternatus
|-supereffective|p2a: Eternatus
|-damage|p2a: Eternatus|69/100 par
|move|p2a: Eternatus|Dragon Pulse|p1a: Eternatus
|-supereffective|p1a: Eternatus
|-damage|p1a: Eternatus|41/100
|-enditem|p1a: Eternatus|Sitrus Berry|[eat]
|-heal|p1a: Eternatus|66/100|[from] item: Sitrus Berry
|
|upkeep
|turn|29
|
|t:|1659726506
|move|p1a: Eternatus|Meteor Beam||[still]
|-prepare|p1a: Eternatus|Meteor Beam
|-boost|p1a: Eternatus|spa|1
|cant|p2a: Eternatus|par
|
|upkeep
|turn|30
|
|t:|1659726510
|move|p1a: Eternatus|Meteor Beam|p2a: Eternatus|[from]lockedmove
|-damage|p2a: Eternatus|57/100 par
|move|p2a: Eternatus|Recover|p2a: Eternatus
|-heal|p2a: Eternatus|100/100 par
|
|upkeep
|turn|31
|
|t:|1659726514
|move|p1a: Eternatus|Recover|p1a: Eternatus
|-heal|p1a: Eternatus|100/100
|move|p2a: Eternatus|Dragon Pulse|p1a: Eternatus
|-supereffective|p1a: Eternatus
|-damage|p1a: Eternatus|78/100
|
|upkeep
|turn|32
|
|t:|1659726521
|move|p1a: Eternatus|Dragon Pulse|p2a: Eternatus
|-supereffective|p2a: Eternatus
|-damage|p2a: Eternatus|72/100 par
|cant|p2a: Eternatus|par
|
|upkeep
|turn|33
|
|t:|1659726526
|move|p1a: Eternatus|Meteor Beam||[still]
|-prepare|p1a: Eternatus|Meteor Beam
|-boost|p1a: Eternatus|spa|1
|move|p2a: Eternatus|Dragon Pulse|p1a: Eternatus
|-supereffective|p1a: Eternatus
|-damage|p1a: Eternatus|56/100
|
|upkeep
|turn|34
|
|t:|1659726530
|move|p1a: Eternatus|Meteor Beam|p2a: Eternatus|[from]lockedmove
|-damage|p2a: Eternatus|56/100 par
|move|p2a: Eternatus|Dragon Pulse|p1a: Eternatus
|-supereffective|p1a: Eternatus
|-damage|p1a: Eternatus|35/100
|
|upkeep
|turn|35
|j| Royal Flamme
|
|t:|1659726534
|move|p1a: Eternatus|Recover|p1a: Eternatus
|-heal|p1a: Eternatus|85/100
|move|p2a: Eternatus|Recover|p2a: Eternatus
|-heal|p2a: Eternatus|100/100 par
|
|upkeep
|turn|36
|
|t:|1659726541
|move|p1a: Eternatus|Dragon Pulse|p2a: Eternatus
|-supereffective|p2a: Eternatus
|-crit|p2a: Eternatus
|-damage|p2a: Eternatus|0 fnt
|faint|p2a: Eternatus
|
|upkeep
|
|t:|1659726545
|switch|p2a: Marshadow|Marshadow|100/100
|-damage|p2a: Marshadow|94/100|[from] Stealth Rock
|turn|37
|
|t:|1659726553
|switch|p1a: Groudon|Groudon, shiny|100/100
|-damage|p1a: Groudon|94/100|[from] Stealth Rock
|-weather|SunnyDay|[from] ability: Drought|[of] p1a: Groudon
|move|p2a: Marshadow|Spectral Thief|p1a: Groudon
|-damage|p1a: Groudon|66/100
|-damage|p2a: Marshadow|84/100|[from] item: Life Orb
|
|-weather|SunnyDay|[upkeep]
|-heal|p1a: Groudon|72/100|[from] item: Leftovers
|upkeep
|turn|38
|j| Eledyr
|
|t:|1659726560
|move|p2a: Marshadow|Ice Punch|p1a: Groudon
|-supereffective|p1a: Groudon
|-damage|p1a: Groudon|41/100
|-damage|p2a: Marshadow|74/100|[from] item: Life Orb
|move|p1a: Groudon|Precipice Blades|p2a: Marshadow
|-damage|p2a: Marshadow|0 fnt
|faint|p2a: Marshadow
|
|-weather|SunnyDay|[upkeep]
|-heal|p1a: Groudon|48/100|[from] item: Leftovers
|upkeep
|
|t:|1659726566
|switch|p2a: Necrozma|Necrozma-Dusk-Mane|100/100
|-damage|p2a: Necrozma|94/100|[from] Stealth Rock
|turn|39
|
|t:|1659726574
|move|p2a: Necrozma|Dragon Dance|p2a: Necrozma
|-boost|p2a: Necrozma|atk|1
|-boost|p2a: Necrozma|spe|1
|move|p1a: Groudon|Thunder Wave|p2a: Necrozma
|-status|p2a: Necrozma|par
|
|-weather|SunnyDay|[upkeep]
|-heal|p1a: Groudon|54/100|[from] item: Leftovers
|upkeep
|turn|40
|
|t:|1659726578
|move|p1a: Groudon|Precipice Blades|p2a: Necrozma|[miss]
|-miss|p1a: Groudon|p2a: Necrozma
|move|p2a: Necrozma|Dragon Dance|p2a: Necrozma
|-boost|p2a: Necrozma|atk|1
|-boost|p2a: Necrozma|spe|1
|
|-weather|SunnyDay|[upkeep]
|-heal|p1a: Groudon|60/100|[from] item: Leftovers
|upkeep
|turn|41
|c|☆LT92PF Pachito|gg
|-message|LT92PF Pachito forfeited.
|
|win|Zenadark
|l|☆LT92PF Pachito
|l| Holy Dictator
|l| Eledyr
|j| Nael222
|l| Royal Flamme
|l| Nael222
