|html|<div class="broadcast-blue"><strong>[Gen 8] Ubers is currently suspecting Zacian! For information on how to participate check out the <a href="https://www.smogon.com/forums/threads/np-ss-ubers-stage-7-heroes-zacian-hero-suspect-test.3685323/">suspect thread</a>.</strong></div>
|j|☆Lakadaka
|j|☆EWQW
|t:|1623490410
|gametype|singles
|player|p1|Lakadaka|iris-gen5bw2|1167
|player|p2|EWQW|falkner|1453
|teamsize|p1|6
|teamsize|p2|6
|gen|8
|tier|[Gen 8] Ubers
|rated|
|rule|Sleep Clause Mod: Limit one foe put to sleep
|rule|Species Clause: Limit one of each Pokémon
|rule|OHKO Clause: OHKO moves are banned
|rule|Evasion Moves Clause: Evasion moves are banned
|rule|Endless Battle Clause: Forcing endless battles is banned
|rule|HP Percentage Mod: HP is shown in percentages
|rule|Dynamax Clause: You cannot dynamax
|clearpoke
|poke|p1|Lugia|
|poke|p1|Necrozma-Dusk-Mane|
|poke|p1|Urshifu-*, M|
|poke|p1|Palkia|
|poke|p1|Calyrex-Shadow|
|poke|p1|Ho-Oh|
|poke|p2|Quagsire, F|
|poke|p2|Blissey, F|
|poke|p2|Toxapex, F|
|poke|p2|Yveltal|
|poke|p2|Shedinja|
|poke|p2|Ferrothorn, F|
|teampreview
|
|t:|1623490417
|start
|switch|p1a: Ho-Oh|Ho-Oh|100/100
|switch|p2a: Yveltal|Yveltal|100/100
|-ability|p2a: Yveltal|Dark Aura
|turn|1
|
|t:|1623490423
|switch|p2a: Toxapex|Toxapex, F|100/100
|move|p1a: Ho-Oh|Thunder Wave|p2a: Toxapex
|-status|p2a: Toxapex|par
|
|upkeep
|turn|2
|
|t:|1623490429
|switch|p1a: Calyrex|Calyrex-Shadow|100/100
|-ability|p1a: Calyrex|As One
|-ability|p1a: Calyrex|Unnerve
|move|p2a: Toxapex|Scald|p1a: Calyrex
|-damage|p1a: Calyrex|84/100
|
|upkeep
|turn|3
|
|t:|1623490431
|switch|p2a: Yveltal|Yveltal|100/100
|-ability|p2a: Yveltal|Dark Aura
|move|p1a: Calyrex|Nasty Plot|p1a: Calyrex
|-boost|p1a: Calyrex|spa|2
|
|upkeep
|turn|4
|
|t:|1623490435
|switch|p1a: Ho-Oh|Ho-Oh|100/100
|move|p2a: Yveltal|Knock Off|p1a: Ho-Oh
|-damage|p1a: Ho-Oh|53/100
|-enditem|p1a: Ho-Oh|Wacan Berry|[from] move: Knock Off|[of] p2a: Yveltal
|
|upkeep
|turn|5
|
|t:|1623490444
|switch|p2a: Toxapex|Toxapex, F|100/100 par
|move|p1a: Ho-Oh|Roost|p1a: Ho-Oh
|-heal|p1a: Ho-Oh|100/100
|-singleturn|p1a: Ho-Oh|move: Roost
|
|upkeep
|turn|6
|
|t:|1623490451
|switch|p1a: Palkia|Palkia|100/100
|-ability|p1a: Palkia|Pressure
|move|p2a: Toxapex|Scald|p1a: Palkia
|-resisted|p1a: Palkia
|-damage|p1a: Palkia|97/100
|
|upkeep
|turn|7
|
|t:|1623490457
|switch|p2a: Blissey|Blissey, F|100/100
|move|p1a: Palkia|Spacial Rend|p2a: Blissey
|-damage|p2a: Blissey|81/100
|-damage|p1a: Palkia|87/100|[from] item: Life Orb
|
|upkeep
|turn|8
|
|t:|1623490464
|switch|p1a: Necrozma|Necrozma-Dusk-Mane|100/100
|switch|p2a: Toxapex|Toxapex, F|100/100 par
|
|upkeep
|turn|9
|
|t:|1623490467
|move|p1a: Necrozma|Dragon Dance|p1a: Necrozma
|-boost|p1a: Necrozma|atk|1
|-boost|p1a: Necrozma|spe|1
|cant|p2a: Toxapex|par
|
|upkeep
|turn|10
|
|t:|1623490469
|switch|p2a: Quagsire|Quagsire, F|100/100
|move|p1a: Necrozma|Earthquake|p2a: Quagsire
|-damage|p2a: Quagsire|74/100
|
|-heal|p2a: Quagsire|80/100|[from] item: Leftovers
|upkeep
|turn|11
|
|t:|1623490475
|switch|p1a: Lugia|Lugia|100/100
|move|p2a: Quagsire|Protect||[still]
|-fail|p2a: Quagsire
|
|-heal|p2a: Quagsire|86/100|[from] item: Leftovers
|upkeep
|turn|12
|
|t:|1623490479
|switch|p2a: Blissey|Blissey, F|81/100
|move|p1a: Lugia|Substitute|p1a: Lugia
|-start|p1a: Lugia|Substitute
|-damage|p1a: Lugia|76/100
|
|-heal|p1a: Lugia|82/100|[from] item: Leftovers
|upkeep
|turn|13
|
|t:|1623490483
|move|p1a: Lugia|Toxic|p2a: Blissey|[miss]
|-miss|p1a: Lugia|p2a: Blissey
|move|p2a: Blissey|Confide|p1a: Lugia
|-unboost|p1a: Lugia|spa|1
|
|-heal|p1a: Lugia|88/100|[from] item: Leftovers
|upkeep
|turn|14
|
|t:|1623490488
|move|p1a: Lugia|Roost|p1a: Lugia
|-heal|p1a: Lugia|100/100
|-singleturn|p1a: Lugia|move: Roost
|move|p2a: Blissey|Confide|p1a: Lugia
|-unboost|p1a: Lugia|spa|1
|
|upkeep
|turn|15
|
|t:|1623490493
|switch|p2a: Toxapex|Toxapex, F|100/100 par
|move|p1a: Lugia|Toxic||[still]
|-fail|p1a: Lugia
|
|upkeep
|turn|16
|
|t:|1623490501
|switch|p1a: Palkia|Palkia|87/100
|-ability|p1a: Palkia|Pressure
|move|p2a: Toxapex|Scald|p1a: Palkia
|-resisted|p1a: Palkia
|-damage|p1a: Palkia|83/100
|-status|p1a: Palkia|brn
|
|-damage|p1a: Palkia|77/100 brn|[from] brn
|upkeep
|turn|17
|
|t:|1623490505
|switch|p1a: Urshifu|Urshifu, M|100/100
|switch|p2a: Blissey|Blissey, F|81/100
|
|upkeep
|turn|18
|
|t:|1623490512
|switch|p2a: Toxapex|Toxapex, F|100/100 par
|move|p1a: Urshifu|Wicked Blow|p2a: Toxapex
|-crit|p2a: Toxapex
|-damage|p2a: Toxapex|64/100 par
|
|-heal|p2a: Toxapex|70/100 par|[from] item: Black Sludge
|upkeep
|turn|19
|
|t:|1623490519
|move|p1a: Urshifu|U-turn|p2a: Toxapex
|-resisted|p2a: Toxapex
|-damage|p2a: Toxapex|63/100 par
|
|t:|1623490540
|switch|p1a: Calyrex|Calyrex-Shadow|84/100|[from]move: U-turn
|-ability|p1a: Calyrex|As One
|-ability|p1a: Calyrex|Unnerve
|cant|p2a: Toxapex|par
|
|-heal|p2a: Toxapex|69/100 par|[from] item: Black Sludge
|upkeep
|turn|20
|
|t:|1623490545
|switch|p2a: Yveltal|Yveltal|100/100
|-ability|p2a: Yveltal|Dark Aura
|move|p1a: Calyrex|Astral Barrage|p2a: Yveltal
|-resisted|p2a: Yveltal
|-damage|p2a: Yveltal|80/100
|
|-heal|p2a: Yveltal|86/100|[from] item: Leftovers
|upkeep
|turn|21
|
|t:|1623490549
|switch|p1a: Ho-Oh|Ho-Oh|100/100
|move|p2a: Yveltal|Substitute|p2a: Yveltal
|-start|p2a: Yveltal|Substitute
|-damage|p2a: Yveltal|61/100
|
|-heal|p2a: Yveltal|67/100|[from] item: Leftovers
|upkeep
|turn|22
|
|t:|1623490552
|move|p2a: Yveltal|Oblivion Wing|p1a: Ho-Oh
|-damage|p1a: Ho-Oh|87/100
|-heal|p2a: Yveltal|77/100|[from] drain|[of] p1a: Ho-Oh
|move|p1a: Ho-Oh|Sacred Fire|p2a: Yveltal
|-end|p2a: Yveltal|Substitute
|
|-heal|p2a: Yveltal|83/100|[from] item: Leftovers
|upkeep
|turn|23
|
|t:|1623490565
|switch|p2a: Toxapex|Toxapex, F|100/100 par
|move|p1a: Ho-Oh|Brave Bird|p2a: Toxapex
|-damage|p2a: Toxapex|67/100 par
|-damage|p1a: Ho-Oh|78/100|[from] Recoil
|
|-heal|p2a: Toxapex|73/100 par|[from] item: Black Sludge
|upkeep
|turn|24
|
|t:|1623490574
|move|p1a: Ho-Oh|Brave Bird|p2a: Toxapex
|-damage|p2a: Toxapex|43/100 par
|-damage|p1a: Ho-Oh|71/100|[from] Recoil
|move|p2a: Toxapex|Scald|p1a: Ho-Oh
|-supereffective|p1a: Ho-Oh
|-damage|p1a: Ho-Oh|57/100
|
|-heal|p2a: Toxapex|50/100 par|[from] item: Black Sludge
|upkeep
|turn|25
|
|t:|1623490583
|switch|p1a: Necrozma|Necrozma-Dusk-Mane|100/100
|move|p2a: Toxapex|Baneful Bunker||[still]
|-fail|p2a: Toxapex
|
|-heal|p2a: Toxapex|56/100 par|[from] item: Black Sludge
|upkeep
|turn|26
|
|t:|1623490588
|switch|p2a: Quagsire|Quagsire, F|86/100
|move|p1a: Necrozma|Earthquake|p2a: Quagsire
|-damage|p2a: Quagsire|58/100
|
|-heal|p2a: Quagsire|64/100|[from] item: Leftovers
|upkeep
|turn|27
|
|t:|1623490594
|move|p1a: Necrozma|Earthquake|p2a: Quagsire
|-crit|p2a: Quagsire
|-damage|p2a: Quagsire|21/100
|move|p2a: Quagsire|Recover|p2a: Quagsire
|-heal|p2a: Quagsire|71/100
|
|-heal|p2a: Quagsire|77/100|[from] item: Leftovers
|upkeep
|turn|28
|
|t:|1623490601
|switch|p1a: Lugia|Lugia|100/100
|move|p2a: Quagsire|Scald|p1a: Lugia
|-damage|p1a: Lugia|95/100
|
|-heal|p1a: Lugia|100/100|[from] item: Leftovers
|-heal|p2a: Quagsire|83/100|[from] item: Leftovers
|upkeep
|turn|29
|
|t:|1623490604
|switch|p1a: Necrozma|Necrozma-Dusk-Mane|100/100
|switch|p2a: Blissey|Blissey, F|81/100
|
|upkeep
|turn|30
|
|t:|1623490612
|switch|p2a: Quagsire|Quagsire, F|83/100
|move|p1a: Necrozma|Dragon Dance|p1a: Necrozma
|-boost|p1a: Necrozma|atk|1
|-boost|p1a: Necrozma|spe|1
|
|-heal|p2a: Quagsire|89/100|[from] item: Leftovers
|upkeep
|turn|31
|
|t:|1623490615
|move|p1a: Necrozma|Earthquake|p2a: Quagsire
|-damage|p2a: Quagsire|62/100
|move|p2a: Quagsire|Haze|p2a: Quagsire
|-clearallboost
|
|-heal|p2a: Quagsire|69/100|[from] item: Leftovers
|upkeep
|turn|32
|
|t:|1623490621
|switch|p1a: Lugia|Lugia|100/100
|move|p2a: Quagsire|Scald|p1a: Lugia
|-damage|p1a: Lugia|95/100
|
|-heal|p1a: Lugia|100/100|[from] item: Leftovers
|-heal|p2a: Quagsire|75/100|[from] item: Leftovers
|upkeep
|turn|33
|
|t:|1623490630
|move|p2a: Quagsire|Protect|p2a: Quagsire
|-singleturn|p2a: Quagsire|Protect
|move|p1a: Lugia|Toxic|p2a: Quagsire
|-activate|p2a: Quagsire|move: Protect
|
|-heal|p2a: Quagsire|81/100|[from] item: Leftovers
|upkeep
|turn|34
|
|t:|1623490637
|switch|p1a: Necrozma|Necrozma-Dusk-Mane|100/100
|switch|p2a: Ferrothorn|Ferrothorn, F|100/100
|
|upkeep
|turn|35
|
|t:|1623490644
|switch|p1a: Calyrex|Calyrex-Shadow|84/100
|-ability|p1a: Calyrex|As One
|-ability|p1a: Calyrex|Unnerve
|move|p2a: Ferrothorn|Leech Seed|p1a: Calyrex
|-start|p1a: Calyrex|move: Leech Seed
|
|-damage|p1a: Calyrex|72/100|[from] Leech Seed|[of] p2a: Ferrothorn
|upkeep
|turn|36
|
|t:|1623490647
|switch|p2a: Yveltal|Yveltal|83/100
|-ability|p2a: Yveltal|Dark Aura
|move|p1a: Calyrex|Astral Barrage|p2a: Yveltal
|-resisted|p2a: Yveltal
|-damage|p2a: Yveltal|63/100
|
|-heal|p2a: Yveltal|69/100|[from] item: Leftovers
|-damage|p1a: Calyrex|60/100|[from] Leech Seed|[of] p2a: Yveltal
|-heal|p2a: Yveltal|78/100|[silent]
|upkeep
|turn|37
|
|t:|1623490652
|switch|p1a: Ho-Oh|Ho-Oh|90/100
|move|p2a: Yveltal|Substitute|p2a: Yveltal
|-start|p2a: Yveltal|Substitute
|-damage|p2a: Yveltal|53/100
|
|-heal|p2a: Yveltal|59/100|[from] item: Leftovers
|upkeep
|turn|38
|
|t:|1623490656
|move|p2a: Yveltal|Roost|p2a: Yveltal
|-heal|p2a: Yveltal|100/100
|-singleturn|p2a: Yveltal|move: Roost
|move|p1a: Ho-Oh|Sacred Fire|p2a: Yveltal|[miss]
|-miss|p1a: Ho-Oh|p2a: Yveltal
|
|upkeep
|turn|39
|
|t:|1623490661
|move|p2a: Yveltal|Knock Off|p1a: Ho-Oh
|-crit|p1a: Ho-Oh
|-damage|p1a: Ho-Oh|43/100
|move|p1a: Ho-Oh|Sacred Fire|p2a: Yveltal
|-end|p2a: Yveltal|Substitute
|
|upkeep
|turn|40
|c|☆Lakadaka|God I love stall
|
|t:|1623490668
|switch|p2a: Toxapex|Toxapex, F|89/100 par
|move|p1a: Ho-Oh|Roost|p1a: Ho-Oh
|-heal|p1a: Ho-Oh|93/100
|-singleturn|p1a: Ho-Oh|move: Roost
|
|-heal|p2a: Toxapex|95/100 par|[from] item: Black Sludge
|upkeep
|turn|41
|
|t:|1623490681
|switch|p1a: Necrozma|Necrozma-Dusk-Mane|100/100
|cant|p2a: Toxapex|par
|
|-heal|p2a: Toxapex|100/100 par|[from] item: Black Sludge
|upkeep
|turn|42
|
|t:|1623490687
|switch|p1a: Calyrex|Calyrex-Shadow|60/100
|-ability|p1a: Calyrex|As One
|-ability|p1a: Calyrex|Unnerve
|switch|p2a: Quagsire|Quagsire, F|81/100
|
|-heal|p2a: Quagsire|87/100|[from] item: Leftovers
|upkeep
|turn|43
|
|t:|1623490692
|switch|p2a: Yveltal|Yveltal|100/100
|-ability|p2a: Yveltal|Dark Aura
|move|p1a: Calyrex|Astral Barrage|p2a: Yveltal
|-resisted|p2a: Yveltal
|-damage|p2a: Yveltal|79/100
|
|-heal|p2a: Yveltal|85/100|[from] item: Leftovers
|upkeep
|turn|44
|
|t:|1623490697
|switch|p1a: Ho-Oh|Ho-Oh|100/100
|move|p2a: Yveltal|Knock Off|p1a: Ho-Oh
|-damage|p1a: Ho-Oh|65/100
|
|-heal|p2a: Yveltal|91/100|[from] item: Leftovers
|upkeep
|turn|45
|inactive|Battle timer is ON: inactive players will automatically lose when time's up. (requested by Lakadaka)
|
|t:|1623490704
|switch|p2a: Toxapex|Toxapex, F|100/100 par
|move|p1a: Ho-Oh|Thunder Wave|p2a: Toxapex
|-fail|p2a: Toxapex|par
|
|upkeep
|turn|46
|
|t:|1623490714
|switch|p1a: Necrozma|Necrozma-Dusk-Mane|100/100
|cant|p2a: Toxapex|par
|
|upkeep
|turn|47
|
|t:|1623490721
|switch|p1a: Calyrex|Calyrex-Shadow|60/100
|-ability|p1a: Calyrex|As One
|-ability|p1a: Calyrex|Unnerve
|switch|p2a: Quagsire|Quagsire, F|87/100
|
|-heal|p2a: Quagsire|93/100|[from] item: Leftovers
|upkeep
|turn|48
|
|t:|1623490726
|switch|p1a: Palkia|Palkia|77/100 brn
|-ability|p1a: Palkia|Pressure
|switch|p2a: Yveltal|Yveltal|91/100
|-ability|p2a: Yveltal|Dark Aura
|
|-heal|p2a: Yveltal|97/100|[from] item: Leftovers
|-damage|p1a: Palkia|71/100 brn|[from] brn
|upkeep
|turn|49
|
|t:|1623490730
|switch|p2a: Blissey|Blissey, F|81/100
|move|p1a: Palkia|Spacial Rend|p2a: Blissey
|-crit|p2a: Blissey
|-damage|p2a: Blissey|51/100
|-damage|p1a: Palkia|61/100 brn|[from] item: Life Orb
|
|-damage|p1a: Palkia|55/100 brn|[from] brn
|upkeep
|turn|50
|
|t:|1623490734
|move|p1a: Palkia|Thunder Wave|p2a: Blissey
|-status|p2a: Blissey|par
|move|p2a: Blissey|Soft-Boiled|p2a: Blissey
|-heal|p2a: Blissey|100/100 par
|
|-damage|p1a: Palkia|48/100 brn|[from] brn
|upkeep
|turn|51
|
|t:|1623490740
|switch|p1a: Necrozma|Necrozma-Dusk-Mane|100/100
|move|p2a: Blissey|Ice Beam|p1a: Necrozma
|-resisted|p1a: Necrozma
|-damage|p1a: Necrozma|93/100
|
|upkeep
|turn|52
|
|t:|1623490744
|switch|p2a: Quagsire|Quagsire, F|93/100
|move|p1a: Necrozma|Dragon Dance|p1a: Necrozma
|-boost|p1a: Necrozma|atk|1
|-boost|p1a: Necrozma|spe|1
|
|-heal|p2a: Quagsire|99/100|[from] item: Leftovers
|upkeep
|turn|53
|
|t:|1623490746
|move|p1a: Necrozma|Earthquake|p2a: Quagsire
|-damage|p2a: Quagsire|71/100
|move|p2a: Quagsire|Haze|p2a: Quagsire
|-clearallboost
|
|-heal|p2a: Quagsire|77/100|[from] item: Leftovers
|upkeep
|turn|54
|
|t:|1623490749
|move|p1a: Necrozma|Earthquake|p2a: Quagsire
|-damage|p2a: Quagsire|52/100
|move|p2a: Quagsire|Scald|p1a: Necrozma
|-damage|p1a: Necrozma|75/100
|
|-heal|p2a: Quagsire|58/100|[from] item: Leftovers
|upkeep
|turn|55
|
|t:|1623490754
|switch|p1a: Palkia|Palkia|48/100 brn
|-ability|p1a: Palkia|Pressure
|move|p2a: Quagsire|Recover|p2a: Quagsire
|-heal|p2a: Quagsire|100/100
|
|-damage|p1a: Palkia|42/100 brn|[from] brn
|upkeep
|turn|56
|
|t:|1623490757
|switch|p1a: Urshifu|Urshifu, M|100/100
|switch|p2a: Blissey|Blissey, F|100/100
|
|upkeep
|turn|57
|
|t:|1623490760
|switch|p2a: Toxapex|Toxapex, F|100/100 par
|move|p1a: Urshifu|Wicked Blow|p2a: Toxapex
|-crit|p2a: Toxapex
|-damage|p2a: Toxapex|61/100 par
|
|-heal|p2a: Toxapex|67/100 par|[from] item: Black Sludge
|upkeep
|turn|58
|
|t:|1623490765
|move|p1a: Urshifu|Wicked Blow|p2a: Toxapex
|-crit|p2a: Toxapex
|-damage|p2a: Toxapex|27/100 par
|move|p2a: Toxapex|Scald|p1a: Urshifu
|-damage|p1a: Urshifu|85/100
|
|-heal|p2a: Toxapex|34/100 par|[from] item: Black Sludge
|upkeep
|turn|59
|
|t:|1623490768
|switch|p2a: Yveltal|Yveltal|97/100
|-ability|p2a: Yveltal|Dark Aura
|move|p1a: Urshifu|Wicked Blow|p2a: Yveltal
|-resisted|p2a: Yveltal
|-crit|p2a: Yveltal
|-damage|p2a: Yveltal|64/100
|
|-heal|p2a: Yveltal|70/100|[from] item: Leftovers
|upkeep
|turn|60
|
|t:|1623490770
|move|p1a: Urshifu|U-turn|p2a: Yveltal
|-damage|p2a: Yveltal|50/100
|
|t:|1623490775
|switch|p1a: Ho-Oh|Ho-Oh|98/100|[from]move: U-turn
|move|p2a: Yveltal|Oblivion Wing|p1a: Ho-Oh
|-damage|p1a: Ho-Oh|82/100
|-heal|p2a: Yveltal|61/100|[from] drain|[of] p1a: Ho-Oh
|
|-heal|p2a: Yveltal|67/100|[from] item: Leftovers
|upkeep
|turn|61
|
|t:|1623490784
|switch|p2a: Toxapex|Toxapex, F|67/100 par
|move|p1a: Ho-Oh|Sacred Fire|p2a: Toxapex|[miss]
|-miss|p1a: Ho-Oh|p2a: Toxapex
|
|-heal|p2a: Toxapex|73/100 par|[from] item: Black Sludge
|upkeep
|turn|62
|
|t:|1623490791
|switch|p1a: Lugia|Lugia|100/100
|cant|p2a: Toxapex|par
|
|-heal|p2a: Toxapex|79/100 par|[from] item: Black Sludge
|upkeep
|turn|63
|
|t:|1623490797
|switch|p2a: Blissey|Blissey, F|100/100
|move|p1a: Lugia|Substitute|p1a: Lugia
|-start|p1a: Lugia|Substitute
|-damage|p1a: Lugia|76/100
|
|-heal|p1a: Lugia|82/100|[from] item: Leftovers
|upkeep
|turn|64
|
|t:|1623490800
|move|p1a: Lugia|Toxic|p2a: Blissey
|-status|p2a: Blissey|tox
|move|p2a: Blissey|Confide|p1a: Lugia
|-unboost|p1a: Lugia|spa|1
|
|-heal|p1a: Lugia|88/100|[from] item: Leftovers
|-damage|p2a: Blissey|94/100 tox|[from] psn
|upkeep
|turn|65
|
|t:|1623490805
|switch|p1a: Ho-Oh|Ho-Oh|100/100
|-curestatus|p2a: Blissey|tox|[from] ability: Natural Cure
|switch|p2a: Ferrothorn|Ferrothorn, F|100/100
|
|upkeep
|turn|66
|
|t:|1623490813
|move|p2a: Ferrothorn|Protect|p2a: Ferrothorn
|-singleturn|p2a: Ferrothorn|Protect
|move|p1a: Ho-Oh|Brave Bird|p2a: Ferrothorn
|-activate|p2a: Ferrothorn|move: Protect
|
|upkeep
|turn|67
|
|t:|1623490816
|switch|p2a: Toxapex|Toxapex, F|100/100 par
|move|p1a: Ho-Oh|Sacred Fire|p2a: Toxapex
|-resisted|p2a: Toxapex
|-damage|p2a: Toxapex|86/100 par
|
|-heal|p2a: Toxapex|93/100 par|[from] item: Black Sludge
|upkeep
|turn|68
|
|t:|1623490825
|switch|p1a: Lugia|Lugia|88/100
|move|p2a: Toxapex|Scald|p1a: Lugia
|-damage|p1a: Lugia|78/100
|-status|p1a: Lugia|brn
|
|-heal|p1a: Lugia|84/100 brn|[from] item: Leftovers
|-heal|p2a: Toxapex|99/100 par|[from] item: Black Sludge
|-damage|p1a: Lugia|78/100 brn|[from] brn
|upkeep
|turn|69
|
|t:|1623490829
|switch|p2a: Blissey|Blissey, F|94/100
|move|p1a: Lugia|Substitute|p1a: Lugia
|-start|p1a: Lugia|Substitute
|-damage|p1a: Lugia|53/100 brn
|
|-heal|p1a: Lugia|59/100 brn|[from] item: Leftovers
|-damage|p1a: Lugia|53/100 brn|[from] brn
|upkeep
|turn|70
|
|t:|1623490832
|move|p1a: Lugia|Roost|p1a: Lugia
|-heal|p1a: Lugia|100/100 brn
|-singleturn|p1a: Lugia|move: Roost
|move|p2a: Blissey|Confide|p1a: Lugia
|-unboost|p1a: Lugia|spa|1
|
|-damage|p1a: Lugia|94/100 brn|[from] brn
|upkeep
|turn|71
|
|t:|1623490841
|switch|p1a: Urshifu|Urshifu, M|85/100
|switch|p2a: Ferrothorn|Ferrothorn, F|100/100
|
|upkeep
|turn|72
|
|t:|1623490845
|switch|p2a: Toxapex|Toxapex, F|100/100 par
|move|p1a: Urshifu|Close Combat|p2a: Toxapex
|-resisted|p2a: Toxapex
|-damage|p2a: Toxapex|83/100 par
|-unboost|p1a: Urshifu|def|1
|-unboost|p1a: Urshifu|spd|1
|
|-heal|p2a: Toxapex|89/100 par|[from] item: Black Sludge
|upkeep
|turn|73
|
|t:|1623490848
|move|p1a: Urshifu|U-turn|p2a: Toxapex
|-resisted|p2a: Toxapex
|-damage|p2a: Toxapex|81/100 par
|
|t:|1623490850
|switch|p1a: Lugia|Lugia|94/100 brn|[from]move: U-turn
|move|p2a: Toxapex|Scald|p1a: Lugia
|-damage|p1a: Lugia|84/100 brn
|
|-heal|p1a: Lugia|90/100 brn|[from] item: Leftovers
|-heal|p2a: Toxapex|88/100 par|[from] item: Black Sludge
|-damage|p1a: Lugia|84/100 brn|[from] brn
|upkeep
|turn|74
|
|t:|1623490858
|switch|p2a: Blissey|Blissey, F|94/100
|move|p1a: Lugia|Toxic|p2a: Blissey
|-status|p2a: Blissey|tox
|
|-heal|p1a: Lugia|90/100 brn|[from] item: Leftovers
|-damage|p2a: Blissey|88/100 tox|[from] psn
|-damage|p1a: Lugia|84/100 brn|[from] brn
|upkeep
|turn|75
|
|t:|1623490866
|switch|p1a: Ho-Oh|Ho-Oh|100/100
|-curestatus|p2a: Blissey|tox|[from] ability: Natural Cure
|switch|p2a: Ferrothorn|Ferrothorn, F|100/100
|
|upkeep
|turn|76
|
|t:|1623490873
|move|p2a: Ferrothorn|Protect|p2a: Ferrothorn
|-singleturn|p2a: Ferrothorn|Protect
|move|p1a: Ho-Oh|Sacred Fire|p2a: Ferrothorn
|-activate|p2a: Ferrothorn|move: Protect
|
|upkeep
|turn|77
|
|t:|1623490878
|switch|p1a: Urshifu|Urshifu, M|85/100
|switch|p2a: Toxapex|Toxapex, F|100/100 par
|
|upkeep
|turn|78
|
|t:|1623490880
|move|p1a: Urshifu|Wicked Blow|p2a: Toxapex
|-crit|p2a: Toxapex
|-damage|p2a: Toxapex|61/100 par
|move|p2a: Toxapex|Scald|p1a: Urshifu
|-damage|p1a: Urshifu|68/100
|
|-heal|p2a: Toxapex|67/100 par|[from] item: Black Sludge
|upkeep
|turn|79
|
|t:|1623490884
|move|p1a: Urshifu|U-turn|p2a: Toxapex
|-resisted|p2a: Toxapex
|-damage|p2a: Toxapex|59/100 par
|
|t:|1623490890
|switch|p1a: Lugia|Lugia|84/100 brn|[from]move: U-turn
|move|p2a: Toxapex|Recover|p2a: Toxapex
|-heal|p2a: Toxapex|100/100 par
|
|-heal|p1a: Lugia|90/100 brn|[from] item: Leftovers
|-damage|p1a: Lugia|84/100 brn|[from] brn
|upkeep
|turn|80
|
|t:|1623490892
|switch|p2a: Ferrothorn|Ferrothorn, F|100/100
|move|p1a: Lugia|Roost|p1a: Lugia
|-heal|p1a: Lugia|100/100 brn
|-singleturn|p1a: Lugia|move: Roost
|
|-damage|p1a: Lugia|94/100 brn|[from] brn
|upkeep
|turn|81
|
|t:|1623490896
|switch|p1a: Ho-Oh|Ho-Oh|100/100
|move|p2a: Ferrothorn|Stealth Rock|p1a: Ho-Oh
|-sidestart|p1: Lakadaka|move: Stealth Rock
|
|upkeep
|turn|82
|
|t:|1623490903
|move|p2a: Ferrothorn|Protect|p2a: Ferrothorn
|-singleturn|p2a: Ferrothorn|Protect
|move|p1a: Ho-Oh|Brave Bird|p2a: Ferrothorn
|-activate|p2a: Ferrothorn|move: Protect
|
|upkeep
|turn|83
|
|t:|1623490906
|switch|p1a: Lugia|Lugia|94/100 brn
|-damage|p1a: Lugia|70/100 brn|[from] Stealth Rock
|switch|p2a: Toxapex|Toxapex, F|100/100 par
|
|-heal|p1a: Lugia|76/100 brn|[from] item: Leftovers
|-damage|p1a: Lugia|70/100 brn|[from] brn
|upkeep
|turn|84
|
|t:|1623490909
|switch|p2a: Blissey|Blissey, F|88/100
|move|p1a: Lugia|Defog|p2a: Blissey
|-unboost|p2a: Blissey|evasion|1
|-sideend|p1: Lakadaka|Stealth Rock|[from] move: Defog|[of] p1a: Lugia
|
|-heal|p1a: Lugia|76/100 brn|[from] item: Leftovers
|-damage|p1a: Lugia|70/100 brn|[from] brn
|upkeep
|turn|85
|
|t:|1623490914
|switch|p2a: Ferrothorn|Ferrothorn, F|100/100
|move|p1a: Lugia|Roost|p1a: Lugia
|-heal|p1a: Lugia|100/100 brn
|-singleturn|p1a: Lugia|move: Roost
|
|-damage|p1a: Lugia|94/100 brn|[from] brn
|upkeep
|turn|86
|
|t:|1623490918
|move|p1a: Lugia|Substitute|p1a: Lugia
|-start|p1a: Lugia|Substitute
|-damage|p1a: Lugia|70/100 brn
|move|p2a: Ferrothorn|Stealth Rock|p1a: Lugia
|-sidestart|p1: Lakadaka|move: Stealth Rock
|
|-heal|p1a: Lugia|76/100 brn|[from] item: Leftovers
|-damage|p1a: Lugia|70/100 brn|[from] brn
|upkeep
|turn|87
|
|t:|1623490929
|switch|p2a: Yveltal|Yveltal|67/100
|-ability|p2a: Yveltal|Dark Aura
|move|p1a: Lugia|Defog|p2a: Yveltal
|-unboost|p2a: Yveltal|evasion|1
|-sideend|p1: Lakadaka|Stealth Rock|[from] move: Defog|[of] p1a: Lugia
|
|-heal|p1a: Lugia|76/100 brn|[from] item: Leftovers
|-heal|p2a: Yveltal|73/100|[from] item: Leftovers
|-damage|p1a: Lugia|70/100 brn|[from] brn
|upkeep
|turn|88
|
|t:|1623490932
|move|p1a: Lugia|Roost|p1a: Lugia
|-heal|p1a: Lugia|100/100 brn
|-singleturn|p1a: Lugia|move: Roost
|move|p2a: Yveltal|Substitute|p2a: Yveltal
|-start|p2a: Yveltal|Substitute
|-damage|p2a: Yveltal|49/100
|
|-heal|p2a: Yveltal|55/100|[from] item: Leftovers
|-damage|p1a: Lugia|94/100 brn|[from] brn
|upkeep
|turn|89
|
|t:|1623490940
|switch|p1a: Ho-Oh|Ho-Oh|100/100
|move|p2a: Yveltal|Roost|p2a: Yveltal
|-heal|p2a: Yveltal|100/100
|-singleturn|p2a: Yveltal|move: Roost
|
|upkeep
|turn|90
|
|t:|1623490945
|move|p2a: Yveltal|Knock Off|p1a: Ho-Oh
|-damage|p1a: Ho-Oh|66/100
|move|p1a: Ho-Oh|Brave Bird|p2a: Yveltal
|-end|p2a: Yveltal|Substitute
|-damage|p1a: Ho-Oh|57/100|[from] Recoil|[of] p2a: Yveltal
|
|upkeep
|turn|91
|
|t:|1623490956
|switch|p2a: Toxapex|Toxapex, F|100/100 par
|move|p1a: Ho-Oh|Brave Bird|p2a: Toxapex
|-damage|p2a: Toxapex|69/100 par
|-damage|p1a: Ho-Oh|49/100|[from] Recoil
|
|-heal|p2a: Toxapex|75/100 par|[from] item: Black Sludge
|upkeep
|turn|92
|
|t:|1623490966
|switch|p1a: Lugia|Lugia|94/100 brn
|move|p2a: Toxapex|Baneful Bunker||[still]
|-fail|p2a: Toxapex
|
|-heal|p1a: Lugia|100/100 brn|[from] item: Leftovers
|-heal|p2a: Toxapex|81/100 par|[from] item: Black Sludge
|-damage|p1a: Lugia|94/100 brn|[from] brn
|upkeep
|turn|93
|
|t:|1623490980
|switch|p2a: Ferrothorn|Ferrothorn, F|100/100
|move|p1a: Lugia|Substitute|p1a: Lugia
|-start|p1a: Lugia|Substitute
|-damage|p1a: Lugia|70/100 brn
|
|-heal|p1a: Lugia|76/100 brn|[from] item: Leftovers
|-damage|p1a: Lugia|70/100 brn|[from] brn
|upkeep
|turn|94
|
|t:|1623490982
|move|p1a: Lugia|Roost|p1a: Lugia
|-heal|p1a: Lugia|100/100 brn
|-singleturn|p1a: Lugia|move: Roost
|move|p2a: Ferrothorn|Stealth Rock|p1a: Lugia
|-sidestart|p1: Lakadaka|move: Stealth Rock
|
|-damage|p1a: Lugia|94/100 brn|[from] brn
|upkeep
|turn|95
|
|t:|1623490986
|switch|p2a: Toxapex|Toxapex, F|100/100 par
|move|p1a: Lugia|Defog|p2a: Toxapex
|-unboost|p2a: Toxapex|evasion|1
|-sideend|p1: Lakadaka|Stealth Rock|[from] move: Defog|[of] p1a: Lugia
|
|-heal|p1a: Lugia|100/100 brn|[from] item: Leftovers
|-damage|p1a: Lugia|94/100 brn|[from] brn
|upkeep
|turn|96
|
|t:|1623490994
|switch|p2a: Ferrothorn|Ferrothorn, F|100/100
|move|p1a: Lugia|Defog|p2a: Ferrothorn
|-unboost|p2a: Ferrothorn|evasion|1
|
|-heal|p1a: Lugia|100/100 brn|[from] item: Leftovers
|-damage|p1a: Lugia|94/100 brn|[from] brn
|upkeep
|turn|97
|
|t:|1623490997
|move|p1a: Lugia|Defog|p2a: Ferrothorn
|-unboost|p2a: Ferrothorn|evasion|1
|move|p2a: Ferrothorn|Stealth Rock|p1a: Lugia
|-sidestart|p1: Lakadaka|move: Stealth Rock
|
|-heal|p1a: Lugia|100/100 brn|[from] item: Leftovers
|-damage|p1a: Lugia|94/100 brn|[from] brn
|upkeep
|turn|98
|
|t:|1623491002
|move|p1a: Lugia|Defog|p2a: Ferrothorn
|-unboost|p2a: Ferrothorn|evasion|1
|-sideend|p1: Lakadaka|Stealth Rock|[from] move: Defog|[of] p1a: Lugia
|move|p2a: Ferrothorn|Stealth Rock|p1a: Lugia
|-sidestart|p1: Lakadaka|move: Stealth Rock
|
|-heal|p1a: Lugia|100/100 brn|[from] item: Leftovers
|-damage|p1a: Lugia|94/100 brn|[from] brn
|upkeep
|turn|99
|
|t:|1623491014
|switch|p1a: Urshifu|Urshifu, M|68/100
|-damage|p1a: Urshifu|62/100|[from] Stealth Rock
|switch|p2a: Blissey|Blissey, F|88/100
|
|upkeep
|turn|100
|
|t:|1623491017
|switch|p2a: Toxapex|Toxapex, F|100/100 par
|move|p1a: Urshifu|U-turn|p2a: Toxapex
|-resisted|p2a: Toxapex
|-damage|p2a: Toxapex|94/100 par
|inactive|Lakadaka has 120 seconds left.
|inactive|Lakadaka has 90 seconds left.
|
|t:|1623491085
|switch|p1a: Necrozma|Necrozma-Dusk-Mane|75/100|[from]move: U-turn
|-damage|p1a: Necrozma|69/100|[from] Stealth Rock
|
|-heal|p2a: Toxapex|99/100 par|[from] item: Black Sludge
|upkeep
|turn|101
|
|t:|1623491090
|switch|p2a: Quagsire|Quagsire, F|100/100
|move|p1a: Necrozma|Morning Sun|p1a: Necrozma
|-heal|p1a: Necrozma|100/100
|
|upkeep
|turn|102
|
|t:|1623491094
|switch|p1a: Lugia|Lugia|94/100 brn
|-damage|p1a: Lugia|70/100 brn|[from] Stealth Rock
|move|p2a: Quagsire|Scald|p1a: Lugia
|-damage|p1a: Lugia|58/100 brn
|
|-heal|p1a: Lugia|64/100 brn|[from] item: Leftovers
|-damage|p1a: Lugia|58/100 brn|[from] brn
|upkeep
|turn|103
|
|t:|1623491098
|switch|p2a: Blissey|Blissey, F|88/100
|move|p1a: Lugia|Defog|p2a: Blissey
|-unboost|p2a: Blissey|evasion|1
|-sideend|p1: Lakadaka|Stealth Rock|[from] move: Defog|[of] p1a: Lugia
|
|-heal|p1a: Lugia|64/100 brn|[from] item: Leftovers
|-damage|p1a: Lugia|58/100 brn|[from] brn
|upkeep
|turn|104
|
|t:|1623491102
|switch|p2a: Ferrothorn|Ferrothorn, F|100/100
|move|p1a: Lugia|Roost|p1a: Lugia
|-heal|p1a: Lugia|100/100 brn
|-singleturn|p1a: Lugia|move: Roost
|
|-damage|p1a: Lugia|94/100 brn|[from] brn
|upkeep
|turn|105
|
|t:|1623491106
|switch|p1a: Ho-Oh|Ho-Oh|82/100
|move|p2a: Ferrothorn|Stealth Rock|p1a: Ho-Oh
|-sidestart|p1: Lakadaka|move: Stealth Rock
|
|upkeep
|turn|106
|
|t:|1623491112
|move|p2a: Ferrothorn|Protect|p2a: Ferrothorn
|-singleturn|p2a: Ferrothorn|Protect
|move|p1a: Ho-Oh|Roost|p1a: Ho-Oh
|-heal|p1a: Ho-Oh|100/100
|-singleturn|p1a: Ho-Oh|move: Roost
|
|upkeep
|turn|107
|
|t:|1623491119
|switch|p2a: Toxapex|Toxapex, F|100/100 par
|move|p1a: Ho-Oh|Brave Bird|p2a: Toxapex
|-damage|p2a: Toxapex|70/100 par
|-damage|p1a: Ho-Oh|93/100|[from] Recoil
|
|-heal|p2a: Toxapex|76/100 par|[from] item: Black Sludge
|upkeep
|turn|108
|
|t:|1623491127
|move|p2a: Toxapex|Baneful Bunker|p2a: Toxapex
|-singleturn|p2a: Toxapex|move: Protect
|move|p1a: Ho-Oh|Brave Bird|p2a: Toxapex
|-activate|p2a: Toxapex|move: Protect
|-status|p1a: Ho-Oh|psn
|
|-heal|p2a: Toxapex|82/100 par|[from] item: Black Sludge
|-damage|p1a: Ho-Oh|81/100 psn|[from] psn
|upkeep
|turn|109
|
|t:|1623491134
|move|p1a: Ho-Oh|Roost|p1a: Ho-Oh
|-heal|p1a: Ho-Oh|100/100 psn
|-singleturn|p1a: Ho-Oh|move: Roost
|move|p2a: Toxapex|Scald|p1a: Ho-Oh
|-supereffective|p1a: Ho-Oh
|-crit|p1a: Ho-Oh
|-damage|p1a: Ho-Oh|77/100 psn
|
|-heal|p2a: Toxapex|89/100 par|[from] item: Black Sludge
|-damage|p1a: Ho-Oh|65/100 psn|[from] psn
|upkeep
|turn|110
|c|☆Lakadaka|God ur a cancerous pos
|l|☆Lakadaka
|inactive|Lakadaka disconnected and has a minute to reconnect!
|player|p1|
|c|☆EWQW|gg
|c|☆EWQW|lol
|inactive|Lakadaka has 30 seconds to reconnect!
|inactive|Lakadaka has 20 seconds to reconnect!
|inactive|Lakadaka has 15 seconds to reconnect!
|inactive|Lakadaka has 10 seconds to reconnect!
|inactive|Lakadaka has 5 seconds to reconnect!
|-message|Lakadaka lost due to inactivity.
|
|win|EWQW
|raw|Lakadaka's rating: 1167 &rarr; <strong>1159</strong><br />(-8 for losing)
|raw|EWQW's rating: 1453 &rarr; <strong>1459</strong><br />(+6 for winning)
