|j|☆ZCopen
|j|☆PokeDuels
|t:|1618173630
|gametype|singles
|player|p1|ZCopen|li|1465
|player|p2|PokeDuels|170|1664
|teamsize|p1|6
|teamsize|p2|6
|gen|8
|tier|[Gen 8] Ubers
|rated|
|clearpoke
|poke|p1|Eternatus|
|poke|p1|Necrozma-Dusk-Mane|
|poke|p1|Calyrex-Shadow|
|poke|p1|Tangrowth, F|
|poke|p1|Zacian|
|poke|p1|Audino, F|
|poke|p2|Dracovish|
|poke|p2|Kyogre|
|poke|p2|Xatu, F|
|poke|p2|Porygon2|
|poke|p2|Magearna|
|poke|p2|Jellicent, F|
|rule|Sleep Clause Mod: Limit one foe put to sleep
|rule|Species Clause: Limit one of each Pokémon
|rule|OHKO Clause: OHKO moves are banned
|rule|Evasion Moves Clause: Evasion moves are banned
|rule|Endless Battle Clause: Forcing endless battles is banned
|rule|HP Percentage Mod: HP is shown in percentages
|rule|Dynamax Clause: You cannot dynamax
|teampreview
|inactive|Battle timer is ON: inactive players will automatically lose when time's up. (requested by ZCopen)
|j| killer whale squa
|
|t:|1618173657
|start
|switch|p1a: Necrozma|Necrozma-Dusk-Mane|100/100
|switch|p2a: Xatu|Xatu, F|100/100
|turn|1
|
|t:|1618173684
|switch|p1a: Calyrex|Calyrex-Shadow|100/100
|-ability|p1a: Calyrex|As One
|-ability|p1a: Calyrex|Unnerve
|move|p2a: Xatu|Trick Room|p2a: Xatu
|-fieldstart|move: Trick Room|[of] p2a: Xatu
|
|upkeep
|turn|2
|
|t:|1618173695
|move|p2a: Xatu|Psychic|p1a: Calyrex
|-resisted|p1a: Calyrex
|-damage|p1a: Calyrex|86/100
|move|p1a: Calyrex|Trick|p2a: Xatu
|-activate|p1a: Calyrex|move: Trick|[of] p2a: Xatu
|-item|p2a: Xatu|Choice Specs|[from] move: Trick
|-item|p1a: Calyrex|Focus Sash|[from] move: Trick
|
|upkeep
|turn|3
|
|t:|1618173705
|switch|p2a: Porygon2|Porygon2|100/100
|-ability|p2a: Porygon2|Download|boost
|-boost|p2a: Porygon2|atk|1
|move|p1a: Calyrex|Substitute|p1a: Calyrex
|-start|p1a: Calyrex|Substitute
|-damage|p1a: Calyrex|62/100
|
|upkeep
|turn|4
|
|t:|1618173708
|move|p2a: Porygon2|Shadow Ball|p1a: Calyrex
|-supereffective|p1a: Calyrex
|-end|p1a: Calyrex|Substitute
|move|p1a: Calyrex|Trick|p2a: Porygon2
|-activate|p1a: Calyrex|move: Trick|[of] p2a: Porygon2
|-item|p2a: Porygon2|Focus Sash|[from] move: Trick
|-item|p1a: Calyrex|Eviolite|[from] move: Trick
|
|upkeep
|turn|5
|
|t:|1618173721
|switch|p1a: Audino|Audino, F|100/100
|move|p2a: Porygon2|Shadow Ball|p1a: Audino
|-immune|p1a: Audino
|
|-fieldend|move: Trick Room
|upkeep
|turn|6
|
|t:|1618173725
|move|p1a: Audino|Thunder Wave|p2a: Porygon2
|-status|p2a: Porygon2|par
|move|p2a: Porygon2|Trick Room|p2a: Porygon2
|-fieldstart|move: Trick Room|[of] p2a: Porygon2
|
|upkeep
|turn|7
|
|t:|1618173732
|move|p1a: Audino|Knock Off|p2a: Porygon2
|-damage|p2a: Porygon2|90/100 par
|-enditem|p2a: Porygon2|Focus Sash|[from] move: Knock Off|[of] p1a: Audino
|cant|p2a: Porygon2|par
|
|upkeep
|turn|8
|
|t:|1618173737
|move|p1a: Audino|Thunder Wave|p2a: Porygon2
|-fail|p2a: Porygon2|par
|move|p2a: Porygon2|Teleport|p2a: Porygon2
|l| killer whale squa
|
|t:|1618173745
|switch|p2a: Kyogre|Kyogre|100/100|[from]move: Teleport
|-weather|RainDance|[from] ability: Drizzle|[of] p2a: Kyogre
|
|-weather|RainDance|[upkeep]
|upkeep
|turn|9
|
|t:|1618173750
|move|p1a: Audino|Protect|p1a: Audino
|-singleturn|p1a: Audino|Protect
|move|p2a: Kyogre|Water Spout|p1a: Audino
|-activate|p1a: Audino|move: Protect
|
|-weather|RainDance|[upkeep]
|upkeep
|turn|10
|
|t:|1618173755
|switch|p1a: Eternatus|Eternatus|100/100
|-ability|p1a: Eternatus|Pressure
|move|p2a: Kyogre|Water Spout|p1a: Eternatus
|-resisted|p1a: Eternatus
|-damage|p1a: Eternatus|37/100
|
|-weather|RainDance|[upkeep]
|-heal|p1a: Eternatus|43/100|[from] item: Black Sludge
|-fieldend|move: Trick Room
|upkeep
|turn|11
|
|t:|1618173761
|switch|p2a: Magearna|Magearna|100/100
|move|p1a: Eternatus|Recover|p1a: Eternatus
|-heal|p1a: Eternatus|93/100
|
|-weather|RainDance|[upkeep]
|-heal|p1a: Eternatus|99/100|[from] item: Black Sludge
|upkeep
|turn|12
|
|t:|1618173771
|switch|p1a: Necrozma|Necrozma-Dusk-Mane|100/100
|move|p2a: Magearna|Trick Room|p2a: Magearna
|-fieldstart|move: Trick Room|[of] p2a: Magearna
|
|-weather|none
|upkeep
|turn|13
|
|t:|1618173780
|move|p2a: Magearna|Volt Switch|p1a: Necrozma
|-damage|p1a: Necrozma|83/100
|
|t:|1618173781
|switch|p2a: Xatu|Xatu, F|100/100|[from]move: Volt Switch
|move|p1a: Necrozma|Stealth Rock|p2a: Xatu
|move|p2a: Xatu|Stealth Rock|p1a: Necrozma|[from]ability: Magic Bounce
|-sidestart|p1: ZCopen|move: Stealth Rock
|
|upkeep
|turn|14
|
|t:|1618173792
|switch|p2a: Kyogre|Kyogre|100/100
|-weather|RainDance|[from] ability: Drizzle|[of] p2a: Kyogre
|move|p1a: Necrozma|Stealth Rock|p2a: Kyogre
|-sidestart|p2: PokeDuels|move: Stealth Rock
|
|-weather|RainDance|[upkeep]
|upkeep
|turn|15
|
|t:|1618173801
|switch|p1a: Audino|Audino, F|100/100
|-damage|p1a: Audino|88/100|[from] Stealth Rock
|move|p2a: Kyogre|Water Spout|p1a: Audino
|-damage|p1a: Audino|0 fnt
|faint|p1a: Audino
|
|-weather|RainDance|[upkeep]
|upkeep
|
|t:|1618173804
|switch|p1a: Eternatus|Eternatus|99/100
|-damage|p1a: Eternatus|87/100|[from] Stealth Rock
|-ability|p1a: Eternatus|Pressure
|turn|16
|
|t:|1618173807
|switch|p2a: Magearna|Magearna|100/100
|-damage|p2a: Magearna|94/100|[from] Stealth Rock
|move|p1a: Eternatus|Toxic|p2a: Magearna
|-immune|p2a: Magearna
|
|-weather|RainDance|[upkeep]
|-heal|p1a: Eternatus|93/100|[from] item: Black Sludge
|-fieldend|move: Trick Room
|upkeep
|turn|17
|
|t:|1618173812
|move|p1a: Eternatus|Mystical Fire|p2a: Magearna
|-supereffective|p2a: Magearna
|-damage|p2a: Magearna|79/100
|-unboost|p2a: Magearna|spa|1
|move|p2a: Magearna|Trick Room|p2a: Magearna
|-fieldstart|move: Trick Room|[of] p2a: Magearna
|
|-weather|RainDance|[upkeep]
|-heal|p1a: Eternatus|99/100|[from] item: Black Sludge
|upkeep
|turn|18
|
|t:|1618173816
|move|p2a: Magearna|Volt Switch|p1a: Eternatus
|-resisted|p1a: Eternatus
|-damage|p1a: Eternatus|95/100
|
|t:|1618173827
|switch|p2a: Xatu|Xatu, F|100/100|[from]move: Volt Switch
|-damage|p2a: Xatu|76/100|[from] Stealth Rock
|move|p1a: Eternatus|Mystical Fire|p2a: Xatu
|-damage|p2a: Xatu|58/100
|-unboost|p2a: Xatu|spa|1
|
|-weather|none
|-heal|p1a: Eternatus|100/100|[from] item: Black Sludge
|upkeep
|turn|19
|
|t:|1618173841
|move|p2a: Xatu|Psychic|p1a: Eternatus
|-supereffective|p1a: Eternatus
|-damage|p1a: Eternatus|67/100
|move|p1a: Eternatus|Dynamax Cannon|p2a: Xatu
|-damage|p2a: Xatu|0 fnt
|faint|p2a: Xatu
|
|-heal|p1a: Eternatus|73/100|[from] item: Black Sludge
|upkeep
|
|t:|1618173855
|switch|p2a: Dracovish|Dracovish|100/100
|-damage|p2a: Dracovish|88/100|[from] Stealth Rock
|turn|20
|
|t:|1618173860
|switch|p1a: Tangrowth|Tangrowth, F|100/100
|-damage|p1a: Tangrowth|88/100|[from] Stealth Rock
|move|p2a: Dracovish|Fishious Rend|p1a: Tangrowth
|-resisted|p1a: Tangrowth
|-damage|p1a: Tangrowth|44/100
|-damage|p2a: Dracovish|71/100|[from] item: Rocky Helmet|[of] p1a: Tangrowth
|
|upkeep
|turn|21
|
|t:|1618173884
|switch|p2a: Magearna|Magearna|79/100
|-damage|p2a: Magearna|73/100|[from] Stealth Rock
|move|p1a: Tangrowth|Leech Seed|p2a: Magearna
|-start|p2a: Magearna|move: Leech Seed
|
|-damage|p2a: Magearna|61/100|[from] Leech Seed|[of] p1a: Tangrowth
|-heal|p1a: Tangrowth|55/100|[silent]
|-fieldend|move: Trick Room
|upkeep
|turn|22
|
|t:|1618173892
|move|p1a: Tangrowth|Sleep Powder|p2a: Magearna|[miss]
|-miss|p1a: Tangrowth|p2a: Magearna
|move|p2a: Magearna|Trick Room|p2a: Magearna
|-fieldstart|move: Trick Room|[of] p2a: Magearna
|
|-damage|p2a: Magearna|48/100|[from] Leech Seed|[of] p1a: Tangrowth
|-heal|p1a: Tangrowth|66/100|[silent]
|upkeep
|turn|23
|
|t:|1618173897
|move|p2a: Magearna|Dazzling Gleam|p1a: Tangrowth
|-damage|p1a: Tangrowth|12/100
|move|p1a: Tangrowth|Sleep Powder|p2a: Magearna|[miss]
|-miss|p1a: Tangrowth|p2a: Magearna
|
|-damage|p2a: Magearna|36/100|[from] Leech Seed|[of] p1a: Tangrowth
|-heal|p1a: Tangrowth|23/100|[silent]
|upkeep
|turn|24
|
|t:|1618173909
|move|p2a: Magearna|Volt Switch|p1a: Tangrowth
|-resisted|p1a: Tangrowth
|-damage|p1a: Tangrowth|10/100
|
|t:|1618173914
|switch|p2a: Porygon2|Porygon2|90/100 par|[from]move: Volt Switch
|-damage|p2a: Porygon2|78/100 par|[from] Stealth Rock
|-ability|p2a: Porygon2|Download|boost
|-boost|p2a: Porygon2|spa|1
|move|p1a: Tangrowth|Sleep Powder||[still]
|-fail|p1a: Tangrowth
|
|upkeep
|turn|25
|
|t:|1618173937
|switch|p1a: Necrozma|Necrozma-Dusk-Mane|83/100
|-damage|p1a: Necrozma|77/100|[from] Stealth Rock
|move|p2a: Porygon2|Shadow Ball|p1a: Necrozma
|-supereffective|p1a: Necrozma
|-damage|p1a: Necrozma|44/100
|
|upkeep
|turn|26
|
|t:|1618173949
|switch|p2a: Jellicent|Jellicent, F|100/100
|-damage|p2a: Jellicent|88/100|[from] Stealth Rock
|move|p1a: Necrozma|Moonlight|p1a: Necrozma
|-heal|p1a: Necrozma|94/100
|
|-fieldend|move: Trick Room
|upkeep
|turn|27
|
|t:|1618173962
|switch|p1a: Tangrowth|Tangrowth, F|43/100
|-damage|p1a: Tangrowth|31/100|[from] Stealth Rock
|move|p2a: Jellicent|Water Spout|p1a: Tangrowth
|-resisted|p1a: Tangrowth
|-damage|p1a: Tangrowth|0 fnt
|faint|p1a: Tangrowth
|
|upkeep
|
|t:|1618173968
|switch|p1a: Zacian|Zacian|100/100
|-damage|p1a: Zacian|88/100|[from] Stealth Rock
|-ability|p1a: Zacian|Intrepid Sword|boost
|-boost|p1a: Zacian|atk|1
|turn|28
|
|t:|1618173981
|move|p1a: Zacian|Play Rough|p2a: Jellicent
|-damage|p2a: Jellicent|0 fnt
|faint|p2a: Jellicent
|
|upkeep
|
|t:|1618173994
|switch|p2a: Magearna|Magearna|36/100
|-damage|p2a: Magearna|30/100|[from] Stealth Rock
|turn|29
|
|t:|1618173997
|move|p1a: Zacian|Play Rough|p2a: Magearna|[miss]
|-miss|p1a: Zacian|p2a: Magearna
|move|p2a: Magearna|Trick Room|p2a: Magearna
|-fieldstart|move: Trick Room|[of] p2a: Magearna
|
|upkeep
|turn|30
|
|t:|1618174009
|move|p2a: Magearna|Volt Switch|p1a: Zacian
|-damage|p1a: Zacian|69/100
|
|t:|1618174019
|switch|p2a: Kyogre|Kyogre|100/100|[from]move: Volt Switch
|-damage|p2a: Kyogre|88/100|[from] Stealth Rock
|-weather|RainDance|[from] ability: Drizzle|[of] p2a: Kyogre
|move|p1a: Zacian|Play Rough|p2a: Kyogre|[miss]
|-miss|p1a: Zacian|p2a: Kyogre
|
|-weather|RainDance|[upkeep]
|upkeep
|turn|31
|c|☆ZCopen|bruhhhhhhhhhhhhhhhhhhhhhhhhhhhhhhhhhhhhhhhh
|
|t:|1618174045
|switch|p1a: Necrozma|Necrozma-Dusk-Mane|94/100
|-damage|p1a: Necrozma|88/100|[from] Stealth Rock
|move|p2a: Kyogre|Water Spout|p1a: Necrozma
|-damage|p1a: Necrozma|0 fnt
|faint|p1a: Necrozma
|
|-weather|RainDance|[upkeep]
|upkeep
|
|t:|1618174048
|switch|p1a: Eternatus|Eternatus|73/100
|-damage|p1a: Eternatus|61/100|[from] Stealth Rock
|-ability|p1a: Eternatus|Pressure
|turn|32
|
|t:|1618174053
|move|p2a: Kyogre|Water Spout|p1a: Eternatus
|-resisted|p1a: Eternatus
|-damage|p1a: Eternatus|9/100
|move|p1a: Eternatus|Recover|p1a: Eternatus
|-heal|p1a: Eternatus|60/100
|
|-weather|RainDance|[upkeep]
|-heal|p1a: Eternatus|66/100|[from] item: Black Sludge
|upkeep
|turn|33
|
|t:|1618174068
|switch|p2a: Porygon2|Porygon2|78/100 par
|-damage|p2a: Porygon2|65/100 par|[from] Stealth Rock
|-ability|p2a: Porygon2|Download|boost
|-boost|p2a: Porygon2|atk|1
|move|p1a: Eternatus|Mystical Fire|p2a: Porygon2
|-damage|p2a: Porygon2|54/100 par
|-unboost|p2a: Porygon2|spa|1
|
|-weather|RainDance|[upkeep]
|-heal|p1a: Eternatus|72/100|[from] item: Black Sludge
|-fieldend|move: Trick Room
|upkeep
|turn|34
|
|t:|1618174075
|move|p1a: Eternatus|Dynamax Cannon|p2a: Porygon2
|-damage|p2a: Porygon2|6/100 par
|move|p2a: Porygon2|Trick Room|p2a: Porygon2
|-fieldstart|move: Trick Room|[of] p2a: Porygon2
|
|-weather|none
|-heal|p1a: Eternatus|78/100|[from] item: Black Sludge
|upkeep
|turn|35
|
|t:|1618174084
|move|p1a: Eternatus|Recover|p1a: Eternatus
|-heal|p1a: Eternatus|100/100
|move|p2a: Porygon2|Teleport|p2a: Porygon2
|
|t:|1618174092
|switch|p2a: Kyogre|Kyogre|88/100|[from]move: Teleport
|-damage|p2a: Kyogre|76/100|[from] Stealth Rock
|-weather|RainDance|[from] ability: Drizzle|[of] p2a: Kyogre
|
|-weather|RainDance|[upkeep]
|upkeep
|turn|36
|
|t:|1618174100
|move|p2a: Kyogre|Ice Beam|p1a: Eternatus
|-supereffective|p1a: Eternatus
|-damage|p1a: Eternatus|36/100
|-status|p1a: Eternatus|frz
|-curestatus|p1a: Eternatus|frz|[msg]
|move|p1a: Eternatus|Mystical Fire|p2a: Kyogre
|-resisted|p2a: Kyogre
|-damage|p2a: Kyogre|72/100
|-unboost|p2a: Kyogre|spa|1
|
|-weather|RainDance|[upkeep]
|-heal|p1a: Eternatus|42/100|[from] item: Black Sludge
|upkeep
|turn|37
|
|t:|1618174130
|move|p2a: Kyogre|Ice Beam|p1a: Eternatus
|-supereffective|p1a: Eternatus
|-damage|p1a: Eternatus|0 fnt
|faint|p1a: Eternatus
|
|-weather|RainDance|[upkeep]
|upkeep
|
|t:|1618174136
|switch|p1a: Zacian|Zacian|69/100
|-damage|p1a: Zacian|56/100|[from] Stealth Rock
|-ability|p1a: Zacian|Intrepid Sword|boost
|-boost|p1a: Zacian|atk|1
|turn|38
|
|t:|1618174161
|move|p2a: Kyogre|Ice Beam|p1a: Zacian
|-damage|p1a: Zacian|18/100
|-status|p1a: Zacian|frz
|cant|p1a: Zacian|frz
|
|-weather|RainDance|[upkeep]
|-fieldend|move: Trick Room
|upkeep
|turn|39
|inactive|ZCopen has 120 seconds left.
|
|t:|1618174199
|switch|p2a: Magearna|Magearna|30/100
|-damage|p2a: Magearna|24/100|[from] Stealth Rock
|cant|p1a: Zacian|frz
|
|-weather|none
|upkeep
|turn|40
|
|t:|1618174202
|cant|p1a: Zacian|frz
|move|p2a: Magearna|Trick Room|p2a: Magearna
|-fieldstart|move: Trick Room|[of] p2a: Magearna
|
|upkeep
|turn|41
|
|t:|1618174205
|move|p2a: Magearna|Volt Switch|p1a: Zacian
|-damage|p1a: Zacian|0 fnt
|faint|p1a: Zacian
|-ability|p2a: Magearna|Soul-Heart|boost
|-boost|p2a: Magearna|spa|1
|
|t:|1618174209
|switch|p2a: Kyogre|Kyogre|72/100|[from]move: Volt Switch
|-damage|p2a: Kyogre|60/100|[from] Stealth Rock
|-weather|RainDance|[from] ability: Drizzle|[of] p2a: Kyogre
|
|-weather|RainDance|[upkeep]
|upkeep
|c|☆ZCopen|this is
|c|☆ZCopen|so
|c|☆ZCopen|wow
|
|t:|1618174226
|switch|p1a: Calyrex|Calyrex-Shadow|62/100
|-ability|p1a: Calyrex|As One
|-ability|p1a: Calyrex|Unnerve
|-damage|p1a: Calyrex|49/100|[from] Stealth Rock
|turn|42
|
|t:|1618174230
|move|p2a: Kyogre|Surf|p1a: Calyrex
|-damage|p1a: Calyrex|0 fnt
|faint|p1a: Calyrex
|
|win|PokeDuels
|raw|ZCopen's rating: 1465 &rarr; <strong>1455</strong><br />(-10 for losing)
|raw|PokeDuels's rating: 1664 &rarr; <strong>1674</strong><br />(+10 for winning)
