|j|☆Czefkuu
|j|☆PociaQ
|t:|1669649915
|gametype|singles
|player|p1|Czefkuu|170|
|player|p2|PociaQ|266|
|teamsize|p1|6
|teamsize|p2|6
|gen|8
|tier|[Gen 8] Ubers
|rule|Sleep Clause Mod: Limit one foe put to sleep
|rule|Species Clause: Limit one of each Pokémon
|rule|OHKO Clause: OHKO moves are banned
|rule|Evasion Items Clause: Evasion items are banned
|rule|Evasion Moves Clause: Evasion moves are banned
|rule|Endless Battle Clause: Forcing endless battles is banned
|rule|HP Percentage Mod: HP is shown in percentages
|rule|Dynamax Clause: You cannot dynamax
|clearpoke
|poke|p1|Zygarde|
|poke|p1|Necrozma-Dusk-Mane|
|poke|p1|Yveltal|
|poke|p1|Calyrex-Shadow|
|poke|p1|Xerneas-*|
|poke|p1|Zekrom|
|poke|p2|Calyrex-Shadow|
|poke|p2|Darmanitan-Galar, F|
|poke|p2|Xerneas-*|
|poke|p2|Marshadow|
|poke|p2|Volcarona, M|
|poke|p2|Kyurem-Black|
|teampreview
|inactive|Battle timer is ON: inactive players will automatically lose when time's up. (requested by PociaQ)
|
|t:|1669649932
|start
|switch|p1a: Calyrex|Calyrex-Shadow|100/100
|switch|p2a: Volcarona|Volcarona, M|100/100
|-ability|p1a: Calyrex|As One
|-ability|p1a: Calyrex|Unnerve
|turn|1
|
|t:|1669649937
|move|p1a: Calyrex|Astral Barrage|p2a: Volcarona
|-damage|p2a: Volcarona|24/100
|move|p2a: Volcarona|Quiver Dance|p2a: Volcarona
|-boost|p2a: Volcarona|spa|1
|-boost|p2a: Volcarona|spd|1
|-boost|p2a: Volcarona|spe|1
|
|upkeep
|turn|2
|
|t:|1669649944
|move|p2a: Volcarona|Bug Buzz|p1a: Calyrex
|-damage|p1a: Calyrex|26/100
|move|p1a: Calyrex|Astral Barrage|p2a: Volcarona
|-damage|p2a: Volcarona|0 fnt
|faint|p2a: Volcarona
|-ability|p1a: Calyrex|Grim Neigh|boost
|-boost|p1a: Calyrex|spa|1
|
|upkeep
|
|t:|1669649949
|switch|p2a: Marshadow|Marshadow|100/100
|turn|3
|
|t:|1669649952
|switch|p1a: Zygarde|Zygarde|100/100
|move|p2a: Marshadow|Shadow Sneak|p1a: Zygarde
|-crit|p1a: Zygarde
|-damage|p1a: Zygarde|75/100
|
|-heal|p1a: Zygarde|81/100|[from] item: Leftovers
|upkeep
|turn|4
|
|t:|1669649961
|switch|p2a: Xerneas|Xerneas|100/100
|-ability|p2a: Xerneas|Fairy Aura
|move|p1a: Zygarde|Glare|p2a: Xerneas
|-status|p2a: Xerneas|par
|
|-heal|p1a: Zygarde|87/100|[from] item: Leftovers
|upkeep
|turn|5
|
|t:|1669649966
|switch|p1a: Necrozma|Necrozma-Dusk-Mane|100/100
|move|p2a: Xerneas|Geomancy||[still]
|-prepare|p2a: Xerneas|Geomancy
|-enditem|p2a: Xerneas|Power Herb
|-anim|p2a: Xerneas|Geomancy|p2a: Xerneas
|-boost|p2a: Xerneas|spa|2
|-boost|p2a: Xerneas|spd|2
|-boost|p2a: Xerneas|spe|2
|
|upkeep
|turn|6
|
|t:|1669649973
|move|p2a: Xerneas|Focus Blast|p1a: Necrozma|[miss]
|-miss|p2a: Xerneas|p1a: Necrozma
|move|p1a: Necrozma|Sunsteel Strike|p2a: Xerneas
|-supereffective|p2a: Xerneas
|-damage|p2a: Xerneas|8/100 par
|
|upkeep
|turn|7
|
|t:|1669649979
|move|p2a: Xerneas|Focus Blast|p1a: Necrozma
|-damage|p1a: Necrozma|52/100
|move|p1a: Necrozma|Sunsteel Strike|p2a: Xerneas
|-supereffective|p2a: Xerneas
|-damage|p2a: Xerneas|0 fnt
|faint|p2a: Xerneas
|
|upkeep
|
|t:|1669649992
|switch|p2a: Calyrex|Calyrex-Shadow|100/100
|-ability|p2a: Calyrex|As One
|-ability|p2a: Calyrex|Unnerve
|turn|8
|
|t:|1669650001
|switch|p1a: Yveltal|Yveltal|100/100
|-ability|p1a: Yveltal|Dark Aura
|move|p2a: Calyrex|Trick|p1a: Yveltal
|-activate|p2a: Calyrex|move: Trick|[of] p1a: Yveltal
|-item|p1a: Yveltal|Choice Specs|[from] move: Trick
|-item|p2a: Calyrex|Heavy-Duty Boots|[from] move: Trick
|
|upkeep
|turn|9
|
|t:|1669650009
|switch|p2a: Kyurem|Kyurem-Black|100/100
|-ability|p2a: Kyurem|Teravolt
|move|p1a: Yveltal|Knock Off|p2a: Kyurem
|-damage|p2a: Kyurem|53/100
|-enditem|p2a: Kyurem|Life Orb|[from] move: Knock Off|[of] p1a: Yveltal
|
|upkeep
|turn|10
|
|t:|1669650020
|switch|p1a: Xerneas|Xerneas|100/100
|-ability|p1a: Xerneas|Fairy Aura
|move|p2a: Kyurem|Dragon Dance|p2a: Kyurem
|-boost|p2a: Kyurem|atk|1
|-boost|p2a: Kyurem|spe|1
|
|upkeep
|turn|11
|
|t:|1669650028
|move|p2a: Kyurem|Fusion Bolt|p1a: Xerneas
|-damage|p1a: Xerneas|43/100
|move|p1a: Xerneas|Moonblast|p2a: Kyurem
|-supereffective|p2a: Kyurem
|-damage|p2a: Kyurem|0 fnt
|faint|p2a: Kyurem
|
|upkeep
|
|t:|1669650041
|switch|p2a: Calyrex|Calyrex-Shadow|100/100
|-ability|p2a: Calyrex|As One
|-ability|p2a: Calyrex|Unnerve
|turn|12
|
|t:|1669650044
|switch|p1a: Yveltal|Yveltal|100/100
|-ability|p1a: Yveltal|Dark Aura
|move|p2a: Calyrex|Astral Barrage|p1a: Yveltal
|-resisted|p1a: Yveltal
|-damage|p1a: Yveltal|76/100
|
|upkeep
|turn|13
|
|t:|1669650054
|switch|p2a: Darmanitan|Darmanitan-Galar, F|100/100
|move|p1a: Yveltal|Knock Off|p2a: Darmanitan
|-damage|p2a: Darmanitan|18/100
|-enditem|p2a: Darmanitan|Choice Scarf|[from] move: Knock Off|[of] p1a: Yveltal
|
|upkeep
|turn|14
|
|t:|1669650064
|move|p1a: Yveltal|Knock Off|p2a: Darmanitan
|-damage|p2a: Darmanitan|0 fnt
|faint|p2a: Darmanitan
|
|upkeep
|
|t:|1669650069
|switch|p2a: Marshadow|Marshadow|100/100
|turn|15
|
|t:|1669650073
|switch|p1a: Zygarde|Zygarde|87/100
|move|p2a: Marshadow|Drain Punch|p1a: Zygarde
|-damage|p1a: Zygarde|66/100
|
|-heal|p1a: Zygarde|72/100|[from] item: Leftovers
|upkeep
|turn|16
|
|t:|1669650077
|switch|p2a: Calyrex|Calyrex-Shadow|100/100
|-ability|p2a: Calyrex|As One
|-ability|p2a: Calyrex|Unnerve
|move|p1a: Zygarde|Thousand Arrows|p2a: Calyrex
|-damage|p2a: Calyrex|62/100
|
|-heal|p1a: Zygarde|79/100|[from] item: Leftovers
|upkeep
|turn|17
|
|t:|1669650086
|switch|p1a: Yveltal|Yveltal|76/100
|-ability|p1a: Yveltal|Dark Aura
|move|p2a: Calyrex|Astral Barrage|p1a: Yveltal
|-resisted|p1a: Yveltal
|-damage|p1a: Yveltal|49/100
|
|upkeep
|turn|18
|
|t:|1669650089
|move|p2a: Calyrex|Astral Barrage|p1a: Yveltal
|-resisted|p1a: Yveltal
|-damage|p1a: Yveltal|24/100
|move|p1a: Yveltal|Knock Off|p2a: Calyrex
|-supereffective|p2a: Calyrex
|-damage|p2a: Calyrex|0 fnt
|-enditem|p2a: Calyrex|Heavy-Duty Boots|[from] move: Knock Off|[of] p1a: Yveltal
|faint|p2a: Calyrex
|
|upkeep
|
|t:|1669650093
|switch|p2a: Marshadow|Marshadow|100/100
|turn|19
|
|t:|1669650096
|switch|p1a: Zygarde|Zygarde|79/100
|move|p2a: Marshadow|Spectral Thief|p1a: Zygarde
|-damage|p1a: Zygarde|56/100
|
|-heal|p1a: Zygarde|62/100|[from] item: Leftovers
|upkeep
|turn|20
|
|t:|1669650103
|move|p2a: Marshadow|Spectral Thief|p1a: Zygarde
|-damage|p1a: Zygarde|38/100
|move|p1a: Zygarde|Thousand Arrows|p2a: Marshadow
|-damage|p2a: Marshadow|58/100
|
|-heal|p1a: Zygarde|45/100|[from] item: Leftovers
|-activate|p1a: Zygarde|ability: Power Construct
|detailschange|p1a: Zygarde|Zygarde-Complete
|-heal|p1a: Zygarde|64/100|[silent]
|upkeep
|turn|21
|
|t:|1669650119
|move|p2a: Marshadow|Drain Punch|p1a: Zygarde
|-damage|p1a: Zygarde|50/100
|-heal|p2a: Marshadow|71/100|[from] drain|[of] p1a: Zygarde
|move|p1a: Zygarde|Thousand Arrows|p2a: Marshadow
|-damage|p2a: Marshadow|34/100
|
|-heal|p1a: Zygarde|56/100|[from] item: Leftovers
|upkeep
|turn|22
|
|t:|1669650128
|move|p2a: Marshadow|Drain Punch|p1a: Zygarde
|-damage|p1a: Zygarde|44/100
|-heal|p2a: Marshadow|46/100|[from] drain|[of] p1a: Zygarde
|move|p1a: Zygarde|Thousand Arrows|p2a: Marshadow
|-damage|p2a: Marshadow|6/100
|
|-heal|p1a: Zygarde|50/100|[from] item: Leftovers
|upkeep
|turn|23
|
|t:|1669650133
|move|p2a: Marshadow|Drain Punch|p1a: Zygarde
|-damage|p1a: Zygarde|37/100
|-heal|p2a: Marshadow|19/100|[from] drain|[of] p1a: Zygarde
|move|p1a: Zygarde|Thousand Arrows|p2a: Marshadow
|-damage|p2a: Marshadow|0 fnt
|faint|p2a: Marshadow
|
|win|Czefkuu
|l|☆PociaQ
