|j|☆entrocefalo
|j|☆Dun 26
|t:|1670151797
|gametype|singles
|player|p1|entrocefalo|medium|
|player|p2|Dun 26|skyla|
|teamsize|p1|6
|teamsize|p2|6
|gen|8
|tier|[Gen 8] Ubers
|rated|Tournament battle
|rule|Sleep Clause Mod: Limit one foe put to sleep
|rule|Species Clause: Limit one of each Pokémon
|rule|OHKO Clause: OHKO moves are banned
|rule|Evasion Items Clause: Evasion items are banned
|rule|Evasion Moves Clause: Evasion moves are banned
|rule|Endless Battle Clause: Forcing endless battles is banned
|rule|HP Percentage Mod: HP is shown in percentages
|rule|Dynamax Clause: You cannot dynamax
|clearpoke
|poke|p1|Genesect|
|poke|p1|Ho-Oh|
|poke|p1|Marshadow|
|poke|p1|Landorus-Therian, M|
|poke|p1|Kyurem-White|
|poke|p1|Yveltal|
|poke|p2|Shuckle, M|
|poke|p2|Yveltal|
|poke|p2|Zekrom|
|poke|p2|Necrozma-Dusk-Mane|
|poke|p2|Ho-Oh|
|poke|p2|Marshadow|
|teampreview
|j| RichardMillePlain
|c|☆entrocefalo|hf
|c|☆Dun 26|Gl
|inactive|Battle timer is ON: inactive players will automatically lose when time's up. (requested by Dun 26)
|j| ScarlettBoy
|inactive|entrocefalo has 120 seconds left.
|c| ScarlettBoy|Oh stall and attack both
|c| ScarlettBoy|Hm
|
|t:|1670151874
|start
|switch|p1a: Genesect|Genesect, shiny|100/100
|switch|p2a: Mini-torti|Shuckle, M|100/100
|-ability|p1a: Genesect|Download|boost
|-boost|p1a: Genesect|spa|1
|turn|1
|
|t:|1670151877
|move|p1a: Genesect|Iron Head|p2a: Mini-torti
|-supereffective|p2a: Mini-torti
|-damage|p2a: Mini-torti|39/100
|move|p2a: Mini-torti|Sticky Web|p1a: Genesect
|-sidestart|p1: entrocefalo|move: Sticky Web
|
|upkeep
|turn|2
|
|t:|1670151882
|switch|p1a: Ho-Oh|Ho-Oh|100/100
|switch|p2a: BOOUM :)|Ho-Oh|100/100
|
|upkeep
|turn|3
|
|t:|1670151885
|move|p2a: BOOUM :)|Brave Bird|p1a: Ho-Oh
|-damage|p1a: Ho-Oh|38/100
|-damage|p2a: BOOUM :)|76/100|[from] Recoil
|move|p1a: Ho-Oh|Defog|p2a: BOOUM :)
|-unboost|p2a: BOOUM :)|evasion|1
|-sideend|p1: entrocefalo|Sticky Web|[from] move: Defog|[of] p1a: Ho-Oh
|
|upkeep
|turn|4
|
|t:|1670151897
|switch|p1a: Landorus|Landorus-Therian, M|100/100
|-ability|p1a: Landorus|Intimidate|boost
|-unboost|p2a: BOOUM :)|atk|1
|move|p2a: BOOUM :)|Brave Bird|p1a: Landorus
|-damage|p1a: Landorus|22/100
|-damage|p2a: BOOUM :)|53/100|[from] Recoil
|
|upkeep
|turn|5
|
|t:|1670151906
|move|p1a: Landorus|U-turn|p2a: BOOUM :)
|-resisted|p2a: BOOUM :)
|-damage|p2a: BOOUM :)|47/100
|
|t:|1670151911
|switch|p1a: Kyurem|Kyurem-White|100/100|[from] U-turn
|-ability|p1a: Kyurem|Turboblaze
|move|p2a: BOOUM :)|Brave Bird|p1a: Kyurem
|-damage|p1a: Kyurem|35/100
|-damage|p2a: BOOUM :)|23/100|[from] Recoil
|
|upkeep
|turn|6
|
|t:|1670151917
|switch|p2a: ;)|Necrozma-Dusk-Mane|100/100
|move|p1a: Kyurem|Ice Beam|p2a: ;)
|-resisted|p2a: ;)
|-damage|p2a: ;)|72/100
|-damage|p1a: Kyurem|25/100|[from] item: Life Orb
|
|upkeep
|turn|7
|
|t:|1670151931
|move|p1a: Kyurem|Draco Meteor|p2a: ;)|[miss]
|-miss|p1a: Kyurem|p2a: ;)
|move|p2a: ;)|Sunsteel Strike|p1a: Kyurem
|-supereffective|p1a: Kyurem
|-damage|p1a: Kyurem|0 fnt
|faint|p1a: Kyurem
|
|upkeep
|c| ScarlettBoy|Who uses kyuremM
|inactive|entrocefalo has 120 seconds left.
|l| RichardMillePlain
|
|t:|1670151977
|switch|p1a: Yveltal|Yveltal|100/100
|-ability|p1a: Yveltal|Dark Aura
|turn|8
|j|%shrang
|
|t:|1670151984
|move|p1a: Yveltal|Knock Off|p2a: ;)
|-supereffective|p2a: ;)
|-damage|p2a: ;)|0 fnt
|-enditem|p2a: ;)|Choice Band|[from] move: Knock Off|[of] p1a: Yveltal
|faint|p2a: ;)
|
|upkeep
|
|t:|1670151986
|switch|p2a: RIP la méta|Zekrom|100/100
|-ability|p2a: RIP la méta|Teravolt
|turn|9
|inactive|entrocefalo has 120 seconds left.
|
|t:|1670151993
|move|p2a: RIP la méta|Outrage|p1a: Yveltal
|-damage|p1a: Yveltal|29/100
|move|p1a: Yveltal|Knock Off|p2a: RIP la méta
|-damage|p2a: RIP la méta|34/100
|-enditem|p2a: RIP la méta|Choice Band|[from] move: Knock Off|[of] p1a: Yveltal
|
|upkeep
|turn|10
|inactive|entrocefalo has 120 seconds left.
|j|@Lasen
|j| RichardMillePlain
|
|t:|1670152030
|switch|p1a: Genesect|Genesect, shiny|100/100
|-ability|p1a: Genesect|Download|boost
|-boost|p1a: Genesect|spa|1
|move|p2a: RIP la méta|Outrage|p1a: Genesect|[from]lockedmove
|-resisted|p1a: Genesect
|-damage|p1a: Genesect|52/100
|
|upkeep
|turn|11
|j|%Aurora
|
|t:|1670152035
|move|p1a: Genesect|U-turn|p2a: RIP la méta
|-damage|p2a: RIP la méta|0 fnt
|faint|p2a: RIP la méta
|
|t:|1670152044
|switch|p1a: Yveltal|Yveltal|29/100|[from] U-turn
|-ability|p1a: Yveltal|Dark Aura
|
|upkeep
|
|t:|1670152047
|switch|p2a: Jason Stattam|Marshadow|100/100
|turn|12
|l| ScarlettBoy
|
|t:|1670152053
|move|p1a: Yveltal|Sucker Punch|p2a: Jason Stattam
|-damage|p2a: Jason Stattam|18/100
|move|p2a: Jason Stattam|Rock Tomb|p1a: Yveltal
|-supereffective|p1a: Yveltal
|-damage|p1a: Yveltal|0 fnt
|faint|p1a: Yveltal
|
|upkeep
|inactive|entrocefalo has 120 seconds left.
|j| ScarlettBoy
|
|t:|1670152077
|switch|p1a: Landorus|Landorus-Therian, M|22/100
|-ability|p1a: Landorus|Intimidate|boost
|-unboost|p2a: Jason Stattam|atk|1
|turn|13
|
|t:|1670152080
|switch|p2a: Mini-torti|Shuckle, M|39/100
|move|p1a: Landorus|Knock Off|p2a: Mini-torti
|-damage|p2a: Mini-torti|19/100
|-enditem|p2a: Mini-torti|Mental Herb|[from] move: Knock Off|[of] p1a: Landorus
|
|upkeep
|turn|14
|inactive|entrocefalo has 120 seconds left.
|inactive|entrocefalo has 90 seconds left.
|
|t:|1670152128
|switch|p1a: Marshadow|Marshadow|100/100
|move|p2a: Mini-torti|Stealth Rock|p1a: Marshadow
|-sidestart|p1: entrocefalo|move: Stealth Rock
|
|upkeep
|turn|15
|
|t:|1670152141
|move|p1a: Marshadow|Spectral Thief|p2a: Mini-torti
|-damage|p2a: Mini-torti|0 fnt
|faint|p2a: Mini-torti
|-damage|p1a: Marshadow|91/100|[from] item: Life Orb
|
|upkeep
|
|t:|1670152145
|switch|p2a: NTR|Yveltal|100/100
|-ability|p2a: NTR|Dark Aura
|turn|16
|inactive|entrocefalo has 90 seconds left.
|l|%shrang
|
|t:|1670152152
|move|p1a: Marshadow|Rock Tomb|p2a: NTR
|-supereffective|p2a: NTR
|-damage|p2a: NTR|22/100
|-unboost|p2a: NTR|spe|1
|-damage|p1a: Marshadow|81/100|[from] item: Life Orb
|move|p2a: NTR|Knock Off|p1a: Marshadow
|-damage|p1a: Marshadow|0 fnt
|-enditem|p1a: Marshadow|Life Orb|[from] move: Knock Off|[of] p2a: NTR
|faint|p1a: Marshadow
|
|upkeep
|inactive|entrocefalo has 90 seconds left.
|
|t:|1670152169
|switch|p1a: Genesect|Genesect, shiny|52/100
|-damage|p1a: Genesect|40/100|[from] Stealth Rock
|-ability|p1a: Genesect|Download|boost
|-boost|p1a: Genesect|atk|1
|turn|17
|
|t:|1670152173
|switch|p2a: BOOUM :)|Ho-Oh|57/100
|move|p1a: Genesect|Extreme Speed|p2a: BOOUM :)
|-damage|p2a: BOOUM :)|0 fnt
|faint|p2a: BOOUM :)
|
|upkeep
|
|t:|1670152176
|switch|p2a: Jason Stattam|Marshadow|18/100
|turn|18
|inactive|entrocefalo has 90 seconds left.
|
|t:|1670152201
|switch|p1a: Landorus|Landorus-Therian, M|22/100
|-damage|p1a: Landorus|10/100|[from] Stealth Rock
|-ability|p1a: Landorus|Intimidate|boost
|-unboost|p2a: Jason Stattam|atk|1
|move|p2a: Jason Stattam|Poltergeist|p1a: Landorus
|-activate|p1a: Landorus|move: Poltergeist|Choice Scarf
|-damage|p1a: Landorus|0 fnt
|faint|p1a: Landorus
|
|upkeep
|inactive|entrocefalo has 90 seconds left.
|
|t:|1670152206
|switch|p1a: Ho-Oh|Ho-Oh|71/100
|turn|19
|inactive|entrocefalo has 90 seconds left.
|
|t:|1670152218
|switch|p2a: NTR|Yveltal|22/100
|-ability|p2a: NTR|Dark Aura
|move|p1a: Ho-Oh|Brave Bird|p2a: NTR
|-damage|p2a: NTR|0 fnt
|faint|p2a: NTR
|-damage|p1a: Ho-Oh|65/100|[from] Recoil
|
|upkeep
|
|t:|1670152220
|switch|p2a: Jason Stattam|Marshadow|18/100
|turn|20
|
|t:|1670152226
|move|p2a: Jason Stattam|Rock Tomb|p1a: Ho-Oh
|-supereffective|p1a: Ho-Oh
|-damage|p1a: Ho-Oh|0 fnt
|faint|p1a: Ho-Oh
|
|upkeep
|
|t:|1670152229
|switch|p1a: Genesect|Genesect, shiny|40/100
|-damage|p1a: Genesect|28/100|[from] Stealth Rock
|-ability|p1a: Genesect|Download|boost
|-boost|p1a: Genesect|atk|1
|turn|21
|
|t:|1670152232
|move|p2a: Jason Stattam|Rock Tomb|p1a: Genesect
|-damage|p1a: Genesect|0 fnt
|faint|p1a: Genesect
|
|win|Dun 26
|n|☆entrocefalo|entrocefalo
|n|☆Dun 26|dun26
|n|+Lasen|lasen
|n| RichardMillePlain|richardmilleplain
|n| Aurora|aurora
|n| ScarlettBoy|scarlettboy
