|raw|<div class="broadcast-blue"><strong>This battle is required to be public due to a player having a name starting with 'ult9ns'.</div>
|j|☆Marshadow hunter 3
|j|☆ULT9NS the woo
|t:|1653512503
|gametype|singles
|player|p1|Marshadow hunter 3|unknown|1562
|player|p2|ULT9NS the woo|102|1506
|teamsize|p1|6
|teamsize|p2|6
|gen|8
|tier|[Gen 8] Ubers
|rated|
|rule|Sleep Clause Mod: Limit one foe put to sleep
|rule|Species Clause: Limit one of each Pokémon
|rule|OHKO Clause: OHKO moves are banned
|rule|Evasion Moves Clause: Evasion moves are banned
|rule|Endless Battle Clause: Forcing endless battles is banned
|rule|HP Percentage Mod: HP is shown in percentages
|rule|Dynamax Clause: You cannot dynamax
|clearpoke
|poke|p1|Slurpuff, M|
|poke|p1|Yveltal|
|poke|p1|Necrozma-Dusk-Mane|
|poke|p1|Groudon|
|poke|p1|Marshadow|
|poke|p1|Eternatus|
|poke|p2|Yveltal|
|poke|p2|Necrozma-Dusk-Mane|
|poke|p2|Mew|
|poke|p2|Xerneas-*|
|poke|p2|Kyurem-Black|
|poke|p2|Marshadow|
|teampreview
|inactive|Battle timer is ON: inactive players will automatically lose when time's up. (requested by Marshadow hunter 3)
|
|t:|1653512523
|start
|switch|p1a: Marshadow|Marshadow|100/100
|switch|p2a: Kyurem|Kyurem-Black|100/100
|-ability|p2a: Kyurem|Teravolt
|turn|1
|
|t:|1653512531
|switch|p2a: Xerneas|Xerneas|100/100
|-ability|p2a: Xerneas|Fairy Aura
|move|p1a: Marshadow|Low Kick|p2a: Xerneas
|-resisted|p2a: Xerneas
|-damage|p2a: Xerneas|75/100
|
|upkeep
|turn|2
|
|t:|1653512534
|switch|p1a: Slurpuff|Slurpuff, M|100/100
|move|p2a: Xerneas|Moonblast|p1a: Slurpuff
|-enditem|p1a: Slurpuff|Focus Sash
|-damage|p1a: Slurpuff|1/100
|
|upkeep
|turn|3
|
|t:|1653512540
|move|p1a: Slurpuff|Sticky Web|p2a: Xerneas
|-sidestart|p2: ULT9NS the woo|move: Sticky Web
|move|p2a: Xerneas|Geomancy||[still]
|-prepare|p2a: Xerneas|Geomancy
|-enditem|p2a: Xerneas|Power Herb
|-anim|p2a: Xerneas|Geomancy|p2a: Xerneas
|-boost|p2a: Xerneas|spa|2
|-boost|p2a: Xerneas|spd|2
|-boost|p2a: Xerneas|spe|2
|
|upkeep
|turn|4
|
|t:|1653512546
|move|p1a: Slurpuff|Yawn|p2a: Xerneas
|-start|p2a: Xerneas|move: Yawn|[of] p1a: Slurpuff
|move|p2a: Xerneas|Misty Terrain|p2a: Xerneas
|-fieldstart|move: Misty Terrain
|
|upkeep
|turn|5
|
|t:|1653512555
|move|p1a: Slurpuff|Misty Explosion|p2a: Xerneas
|-damage|p2a: Xerneas|40/100
|faint|p1a: Slurpuff
|move|p2a: Xerneas|Reflect|p2a: Xerneas
|-sidestart|p2: ULT9NS the woo|Reflect
|
|-end|p2a: Xerneas|move: Yawn|[silent]
|-activate|p2a: Xerneas|move: Misty Terrain
|upkeep
|
|t:|1653512562
|switch|p1a: Necrozma|Necrozma-Dusk-Mane|100/100
|turn|6
|
|t:|1653512564
|move|p2a: Xerneas|Moonblast|p1a: Necrozma
|-resisted|p1a: Necrozma
|-damage|p1a: Necrozma|31/100
|-enditem|p1a: Necrozma|Red Card|[of] p2a: Xerneas
|drag|p2a: Mew|Mew|100/100
|-activate|p2a: Mew|move: Sticky Web
|-unboost|p2a: Mew|spe|1
|move|p1a: Necrozma|Dragon Dance|p1a: Necrozma
|-boost|p1a: Necrozma|atk|1
|-boost|p1a: Necrozma|spe|1
|
|upkeep
|turn|7
|
|t:|1653512571
|move|p1a: Necrozma|Iron Head|p2a: Mew
|-damage|p2a: Mew|65/100
|move|p2a: Mew|Stealth Rock|p1a: Necrozma
|-sidestart|p1: Marshadow hunter 3|move: Stealth Rock
|
|upkeep
|turn|8
|
|t:|1653512576
|move|p1a: Necrozma|Iron Head|p2a: Mew
|-damage|p2a: Mew|30/100
|cant|p2a: Mew|flinch
|
|-fieldend|Misty Terrain
|upkeep
|turn|9
|
|t:|1653512581
|move|p1a: Necrozma|Iron Head|p2a: Mew
|-damage|p2a: Mew|0 fnt
|faint|p2a: Mew
|
|-sideend|p2: ULT9NS the woo|Reflect
|upkeep
|
|t:|1653512583
|switch|p2a: Marshadow|Marshadow|100/100
|-activate|p2a: Marshadow|move: Sticky Web
|-unboost|p2a: Marshadow|spe|1
|turn|10
|
|t:|1653512586
|switch|p1a: Groudon|Groudon|100/100
|-damage|p1a: Groudon|94/100|[from] Stealth Rock
|-weather|SunnyDay|[from] ability: Drought|[of] p1a: Groudon
|move|p2a: Marshadow|Shadow Sneak|p1a: Groudon
|-damage|p1a: Groudon|57/100
|
|-weather|SunnyDay|[upkeep]
|upkeep
|turn|11
|
|t:|1653512600
|switch|p2a: Xerneas|Xerneas|40/100
|-activate|p2a: Xerneas|move: Sticky Web
|-unboost|p2a: Xerneas|spe|1
|-ability|p2a: Xerneas|Fairy Aura
|move|p1a: Groudon|Heat Crash|p2a: Xerneas
|-damage|p2a: Xerneas|0 fnt
|faint|p2a: Xerneas
|-damage|p1a: Groudon|47/100|[from] item: Life Orb
|
|-weather|SunnyDay|[upkeep]
|upkeep
|inactive|ULT9NS the woo has 120 seconds left.
|
|t:|1653512639
|switch|p2a: Yveltal|Yveltal|100/100
|-ability|p2a: Yveltal|Dark Aura
|turn|12
|
|t:|1653512645
|move|p2a: Yveltal|Sucker Punch||[still]
|-fail|p2a: Yveltal
|move|p1a: Groudon|Stealth Rock|p2a: Yveltal
|-sidestart|p2: ULT9NS the woo|move: Stealth Rock
|
|-weather|SunnyDay|[upkeep]
|upkeep
|turn|13
|
|t:|1653512648
|move|p1a: Groudon|Rock Tomb|p2a: Yveltal
|-supereffective|p2a: Yveltal
|-damage|p2a: Yveltal|46/100
|-unboost|p2a: Yveltal|spe|1
|-damage|p1a: Groudon|37/100|[from] item: Life Orb
|move|p2a: Yveltal|Knock Off|p1a: Groudon
|-damage|p1a: Groudon|0 fnt
|-enditem|p1a: Groudon|Life Orb|[from] move: Knock Off|[of] p2a: Yveltal
|faint|p1a: Groudon
|-damage|p2a: Yveltal|36/100|[from] item: Life Orb
|
|-weather|SunnyDay|[upkeep]
|upkeep
|
|t:|1653512659
|switch|p1a: Eternatus|Eternatus|100/100
|-damage|p1a: Eternatus|88/100|[from] Stealth Rock
|-ability|p1a: Eternatus|Pressure
|turn|14
|
|t:|1653512678
|move|p1a: Eternatus|Meteor Beam||[still]
|-prepare|p1a: Eternatus|Meteor Beam
|-boost|p1a: Eternatus|spa|1
|-enditem|p1a: Eternatus|Power Herb
|-anim|p1a: Eternatus|Meteor Beam|p2a: Yveltal
|-supereffective|p2a: Yveltal
|-damage|p2a: Yveltal|0 fnt
|faint|p2a: Yveltal
|
|-weather|none
|upkeep
|
|t:|1653512681
|switch|p2a: Necrozma|Necrozma-Dusk-Mane|100/100
|-activate|p2a: Necrozma|move: Sticky Web
|-unboost|p2a: Necrozma|spe|1
|-damage|p2a: Necrozma|95/100|[from] Stealth Rock
|turn|15
|
|t:|1653512688
|move|p1a: Eternatus|Flamethrower|p2a: Necrozma
|-supereffective|p2a: Necrozma
|-damage|p2a: Necrozma|26/100
|move|p2a: Necrozma|Earthquake|p1a: Eternatus
|-supereffective|p1a: Eternatus
|-damage|p1a: Eternatus|7/100
|-damage|p2a: Necrozma|16/100|[from] item: Life Orb
|
|upkeep
|turn|16
|
|t:|1653512705
|move|p1a: Eternatus|Flamethrower|p2a: Necrozma
|-supereffective|p2a: Necrozma
|-damage|p2a: Necrozma|0 fnt
|faint|p2a: Necrozma
|
|upkeep
|
|t:|1653512706
|switch|p2a: Marshadow|Marshadow|100/100
|-activate|p2a: Marshadow|move: Sticky Web
|-unboost|p2a: Marshadow|spe|1
|-damage|p2a: Marshadow|94/100|[from] Stealth Rock
|turn|17
|
|t:|1653512712
|move|p2a: Marshadow|Shadow Sneak|p1a: Eternatus
|-damage|p1a: Eternatus|0 fnt
|faint|p1a: Eternatus
|
|upkeep
|
|t:|1653512715
|switch|p1a: Yveltal|Yveltal|100/100
|-damage|p1a: Yveltal|76/100|[from] Stealth Rock
|-ability|p1a: Yveltal|Dark Aura
|turn|18
|
|t:|1653512718
|move|p2a: Marshadow|Shadow Sneak|p1a: Yveltal
|-resisted|p1a: Yveltal
|-damage|p1a: Yveltal|52/100
|move|p1a: Yveltal|Oblivion Wing|p2a: Marshadow
|-supereffective|p2a: Marshadow
|-damage|p2a: Marshadow|0 fnt
|-heal|p1a: Yveltal|100/100|[from] drain|[of] p2a: Marshadow
|faint|p2a: Marshadow
|
|upkeep
|
|t:|1653512720
|switch|p2a: Kyurem|Kyurem-Black|100/100
|-activate|p2a: Kyurem|move: Sticky Web
|-unboost|p2a: Kyurem|spe|1
|-damage|p2a: Kyurem|76/100|[from] Stealth Rock
|-ability|p2a: Kyurem|Teravolt
|turn|19
|
|t:|1653512722
|move|p1a: Yveltal|Taunt|p2a: Kyurem
|-start|p2a: Kyurem|move: Taunt
|cant|p2a: Kyurem|move: Taunt|Dragon Dance
|
|upkeep
|turn|20
|
|t:|1653512725
|move|p1a: Yveltal|Dark Pulse|p2a: Kyurem
|-damage|p2a: Kyurem|26/100
|move|p2a: Kyurem|Icicle Spear|p1a: Yveltal
|-supereffective|p1a: Yveltal
|-damage|p1a: Yveltal|67/100
|-supereffective|p1a: Yveltal
|-damage|p1a: Yveltal|33/100
|-supereffective|p1a: Yveltal
|-damage|p1a: Yveltal|0 fnt
|faint|p1a: Yveltal
|-hitcount|p1: Yveltal|3
|
|upkeep
|
|t:|1653512730
|switch|p1a: Marshadow|Marshadow|100/100
|turn|21
|
|t:|1653512734
|move|p1a: Marshadow|Low Kick|p2a: Kyurem
|-supereffective|p2a: Kyurem
|-damage|p2a: Kyurem|0 fnt
|faint|p2a: Kyurem
|
|win|Marshadow hunter 3
|raw|Marshadow hunter 3's rating: 1562 &rarr; <strong>1579</strong><br />(+17 for winning)
|raw|ULT9NS the woo's rating: 1505 &rarr; <strong>1488</strong><br />(-17 for losing)
|l|☆ULT9NS the woo
