|j|☆TogeBirlHQ
|j|☆Disney Smells
|t:|1659103555
|gametype|singles
|player|p1|TogeBirlHQ|101|1630
|player|p2|Disney Smells|linebacker|1475
|teamsize|p1|6
|teamsize|p2|6
|gen|8
|tier|[Gen 8] Ubers
|rated|
|rule|Sleep Clause Mod: Limit one foe put to sleep
|rule|Species Clause: Limit one of each Pokémon
|rule|OHKO Clause: OHKO moves are banned
|rule|Evasion Moves Clause: Evasion moves are banned
|rule|Endless Battle Clause: Forcing endless battles is banned
|rule|HP Percentage Mod: HP is shown in percentages
|rule|Dynamax Clause: You cannot dynamax
|clearpoke
|poke|p1|Urshifu-*, M|
|poke|p1|Calyrex-Shadow|
|poke|p1|Eternatus|
|poke|p1|Necrozma-Dusk-Mane|
|poke|p1|Yveltal|
|poke|p1|Ho-Oh|
|poke|p2|Hatterene, F|
|poke|p2|Necrozma-Dusk-Mane|
|poke|p2|Calyrex-Ice|
|poke|p2|Magearna|
|poke|p2|Kyogre|
|poke|p2|Tyranitar, M|
|teampreview
|
|t:|1659103566
|start
|switch|p1a: Calyrex|Calyrex-Shadow|100/100
|switch|p2a: Hatterene|Hatterene, F|100/100
|-ability|p1a: Calyrex|As One
|-ability|p1a: Calyrex|Unnerve
|turn|1
|
|t:|1659103571
|move|p1a: Calyrex|Trick|p2a: Hatterene
|-activate|p1a: Calyrex|move: Trick|[of] p2a: Hatterene
|-item|p2a: Hatterene|Choice Specs|[from] move: Trick
|-item|p1a: Calyrex|Focus Sash|[from] move: Trick
|move|p2a: Hatterene|Trick Room|p2a: Hatterene
|-fieldstart|move: Trick Room|[of] p2a: Hatterene
|
|upkeep
|turn|2
|
|t:|1659103580
|switch|p2a: Tyranitar|Tyranitar, M|100/100
|-weather|Sandstorm|[from] ability: Sand Stream|[of] p2a: Tyranitar
|switch|p1a: Urshifu|Urshifu, M|100/100
|
|-weather|Sandstorm|[upkeep]
|-damage|p1a: Urshifu|94/100|[from] Sandstorm
|upkeep
|turn|3
|
|t:|1659103591
|switch|p2a: Hatterene|Hatterene, F|100/100
|move|p1a: Urshifu|Wicked Blow|p2a: Hatterene
|-crit|p2a: Hatterene
|-damage|p2a: Hatterene|0 fnt
|faint|p2a: Hatterene
|
|-weather|Sandstorm|[upkeep]
|-damage|p1a: Urshifu|88/100|[from] Sandstorm
|upkeep
|
|t:|1659103606
|switch|p2a: Calyrex|Calyrex-Ice|100/100
|-ability|p2a: Calyrex|As One
|-ability|p2a: Calyrex|Unnerve
|turn|4
|
|t:|1659103610
|switch|p1a: Ho-Oh|Ho-Oh|100/100
|move|p2a: Calyrex|Glacial Lance|p1a: Ho-Oh
|-damage|p1a: Ho-Oh|14/100
|
|-weather|Sandstorm|[upkeep]
|-damage|p2a: Calyrex|94/100|[from] Sandstorm
|-damage|p1a: Ho-Oh|8/100|[from] Sandstorm
|upkeep
|turn|5
|
|t:|1659103617
|switch|p1a: Necrozma|Necrozma-Dusk-Mane|100/100
|move|p2a: Calyrex|Glacial Lance|p1a: Necrozma
|-resisted|p1a: Necrozma
|-damage|p1a: Necrozma|68/100
|
|-weather|Sandstorm|[upkeep]
|-damage|p2a: Calyrex|88/100|[from] Sandstorm
|-heal|p1a: Necrozma|74/100|[from] item: Leftovers
|-fieldend|move: Trick Room
|upkeep
|turn|6
|
|t:|1659103632
|switch|p1a: Urshifu|Urshifu, M|88/100
|switch|p2a: Necrozma|Necrozma-Dusk-Mane|100/100
|
|-weather|none
|upkeep
|turn|7
|
|t:|1659103645
|move|p1a: Urshifu|Wicked Blow|p2a: Necrozma
|-supereffective|p2a: Necrozma
|-crit|p2a: Necrozma
|-damage|p2a: Necrozma|0 fnt
|faint|p2a: Necrozma
|
|upkeep
|-message|Disney Smells forfeited.
|
|win|TogeBirlHQ
|raw|TogeBirlHQ's rating: 1630 &rarr; <strong>1642</strong><br />(+12 for winning)
|raw|Disney Smells's rating: 1475 &rarr; <strong>1463</strong><br />(-12 for losing)
|l|☆Disney Smells
||Ladder isn't responding, score probably updated but might not have (Request timeout).
