|j|☆Kyohei (Ubers)
|j|☆Yuzuri
|t:|1611984678
|player|p1|Kyohei (Ubers)|cheryl|1576
|player|p2|Yuzuri|dawn-gen4pt|1426
|teamsize|p1|6
|teamsize|p2|6
|gametype|singles
|gen|8
|tier|[Gen 8] Ubers
|rated|
|clearpoke
|poke|p1|Lugia|
|poke|p1|Urshifu-*, M|
|poke|p1|Zygarde|
|poke|p1|Calyrex-Shadow|
|poke|p1|Dialga|
|poke|p1|Xerneas|
|poke|p2|Pheromosa|
|poke|p2|Marshadow|
|poke|p2|Calyrex-Shadow|
|poke|p2|Necrozma-Dusk-Mane|
|poke|p2|Kyogre|
|poke|p2|Yveltal|
|rule|Sleep Clause Mod: Limit one foe put to sleep
|rule|Species Clause: Limit one of each Pokémon
|rule|OHKO Clause: OHKO moves are banned
|rule|Evasion Moves Clause: Evasion moves are banned
|rule|Endless Battle Clause: Forcing endless battles is banned
|rule|HP Percentage Mod: HP is shown in percentages
|rule|Dynamax Clause: You cannot dynamax
|teampreview
|inactive|Battle timer is ON: inactive players will automatically lose when time's up. (requested by Yuzuri)
|
|t:|1611984692
|start
|switch|p1a: Kronos|Dialga|100/100
|switch|p2a: Hitomi-Sama|Pheromosa, shiny|100/100
|-ability|p1a: Kronos|Pressure
|turn|1
|
|t:|1611984699
|switch|p1a: Guardian|Zygarde|100/100
|move|p2a: Hitomi-Sama|Close Combat|p1a: Guardian
|-damage|p1a: Guardian|28/100
|-unboost|p2a: Hitomi-Sama|def|1
|-unboost|p2a: Hitomi-Sama|spd|1
|
|-heal|p1a: Guardian|34/100|[from] item: Leftovers
|-activate|p1a: Guardian|ability: Power Construct
|detailschange|p1a: Guardian|Zygarde-Complete
|-heal|p1a: Guardian|59/100|[silent]
|upkeep
|turn|2
|
|t:|1611984708
|switch|p1a: Yggdrasil|Xerneas|100/100
|-ability|p1a: Yggdrasil|Fairy Aura
|move|p2a: Hitomi-Sama|Close Combat|p1a: Yggdrasil
|-resisted|p1a: Yggdrasil
|-damage|p1a: Yggdrasil|53/100
|-unboost|p2a: Hitomi-Sama|def|1
|-unboost|p2a: Hitomi-Sama|spd|1
|
|upkeep
|turn|3
|
|t:|1611984714
|move|p2a: Hitomi-Sama|Close Combat|p1a: Yggdrasil
|-resisted|p1a: Yggdrasil
|-damage|p1a: Yggdrasil|6/100
|-unboost|p2a: Hitomi-Sama|def|1
|-unboost|p2a: Hitomi-Sama|spd|1
|move|p1a: Yggdrasil|Moonblast|p2a: Hitomi-Sama
|-supereffective|p2a: Hitomi-Sama
|-damage|p2a: Hitomi-Sama|0 fnt
|faint|p2a: Hitomi-Sama
|
|upkeep
|
|t:|1611984723
|switch|p2a: Celty|Calyrex-Shadow|100/100
|-ability|p2a: Celty|As One
|-ability|p2a: Celty|Unnerve|p1: Kyohei (Ubers)
|turn|4
|
|t:|1611984729
|move|p2a: Celty|Astral Barrage|p1a: Yggdrasil
|-damage|p1a: Yggdrasil|0 fnt
|-damage|p2a: Celty|91/100|[from] item: Life Orb
|faint|p1a: Yggdrasil
|-ability|p2a: Celty|Grim Neigh|boost
|-boost|p2a: Celty|spa|1
|
|upkeep
|
|t:|1611984733
|switch|p1a: Master Shifu|Urshifu, M|100/100
|turn|5
|
|t:|1611984737
|switch|p2a: Shinigami|Yveltal|100/100
|-ability|p2a: Shinigami|Dark Aura
|move|p1a: Master Shifu|Wicked Blow|p2a: Shinigami
|-resisted|p2a: Shinigami
|-crit|p2a: Shinigami
|-damage|p2a: Shinigami|42/100
|-damage|p1a: Master Shifu|91/100|[from] item: Life Orb
|
|upkeep
|turn|6
|
|t:|1611984743
|move|p2a: Shinigami|Oblivion Wing|p1a: Master Shifu
|-supereffective|p1a: Master Shifu
|-damage|p1a: Master Shifu|0 fnt
|-heal|p2a: Shinigami|99/100|[from] drain|[of] p1a: Master Shifu
|faint|p1a: Master Shifu
|
|upkeep
|
|t:|1611984752
|switch|p1a: Kronos|Dialga|100/100
|-ability|p1a: Kronos|Pressure
|turn|7
|
|t:|1611984756
|move|p2a: Shinigami|Dark Pulse|p1a: Kronos
|-damage|p1a: Kronos|61/100
|move|p1a: Kronos|Stealth Rock|p2a: Shinigami
|-sidestart|p2: Yuzuri|move: Stealth Rock
|
|upkeep
|turn|8
|
|t:|1611984761
|move|p2a: Shinigami|Dark Pulse|p1a: Kronos
|-damage|p1a: Kronos|22/100
|move|p1a: Kronos|Draco Meteor|p2a: Shinigami
|-damage|p2a: Shinigami|28/100
|-unboost|p1a: Kronos|spa|2
|
|upkeep
|turn|9
|
|t:|1611984768
|move|p2a: Shinigami|Defog|p1a: Kronos
|-unboost|p1a: Kronos|evasion|1
|-sideend|p2: Yuzuri|Stealth Rock|[from] move: Defog|[of] p2a: Shinigami
|move|p1a: Kronos|Draco Meteor|p2a: Shinigami
|-damage|p2a: Shinigami|0 fnt
|-unboost|p1a: Kronos|spa|2
|faint|p2a: Shinigami
|
|upkeep
|
|t:|1611984775
|switch|p2a: Celty|Calyrex-Shadow|91/100
|-ability|p2a: Celty|As One
|-ability|p2a: Celty|Unnerve|p1: Kyohei (Ubers)
|turn|10
|
|t:|1611984779
|move|p2a: Celty|Dark Pulse|p1a: Kronos
|-damage|p1a: Kronos|0 fnt
|-damage|p2a: Celty|81/100|[from] item: Life Orb
|faint|p1a: Kronos
|-ability|p2a: Celty|Grim Neigh|boost
|-boost|p2a: Celty|spa|1
|
|upkeep
|
|t:|1611984781
|switch|p1a: King Louis|Calyrex-Shadow|100/100
|-ability|p1a: King Louis|As One
|-ability|p1a: King Louis|Unnerve|p2: Yuzuri
|turn|11
|
|t:|1611984784
|move|p1a: King Louis|Astral Barrage|p2a: Celty
|-supereffective|p2a: Celty
|-damage|p2a: Celty|0 fnt
|faint|p2a: Celty
|-ability|p1a: King Louis|Grim Neigh|boost
|-boost|p1a: King Louis|spa|1
|
|upkeep
|
|t:|1611984787
|switch|p2a: Shachi|Marshadow|100/100
|turn|12
|
|t:|1611984792
|switch|p1a: Guardian|Zygarde-Complete|59/100
|move|p2a: Shachi|Shadow Sneak|p1a: Guardian
|-damage|p1a: Guardian|46/100
|
|-heal|p1a: Guardian|52/100|[from] item: Leftovers
|upkeep
|turn|13
|
|t:|1611984798
|switch|p2a: Nebby|Necrozma-Dusk-Mane|100/100
|move|p1a: Guardian|Glare|p2a: Nebby
|-status|p2a: Nebby|par
|
|-heal|p1a: Guardian|58/100|[from] item: Leftovers
|upkeep
|turn|14
|
|t:|1611984809
|move|p1a: Guardian|Substitute|p1a: Guardian
|-start|p1a: Guardian|Substitute
|-damage|p1a: Guardian|33/100
|cant|p2a: Nebby|par
|
|-heal|p1a: Guardian|40/100|[from] item: Leftovers
|upkeep
|turn|15
|
|t:|1611984812
|move|p1a: Guardian|Dragon Dance|p1a: Guardian
|-boost|p1a: Guardian|atk|1
|-boost|p1a: Guardian|spe|1
|move|p2a: Nebby|Sunsteel Strike|p1a: Guardian
|-activate|p1a: Guardian|move: Substitute|[damage]
|
|-heal|p1a: Guardian|46/100|[from] item: Leftovers
|upkeep
|turn|16
|
|t:|1611984815
|move|p1a: Guardian|Dragon Dance|p1a: Guardian
|-boost|p1a: Guardian|atk|1
|-boost|p1a: Guardian|spe|1
|move|p2a: Nebby|Sunsteel Strike|p1a: Guardian
|-end|p1a: Guardian|Substitute
|
|-heal|p1a: Guardian|52/100|[from] item: Leftovers
|upkeep
|turn|17
|
|t:|1611984822
|move|p1a: Guardian|Substitute|p1a: Guardian
|-start|p1a: Guardian|Substitute
|-damage|p1a: Guardian|27/100
|move|p2a: Nebby|Sunsteel Strike|p1a: Guardian
|-activate|p1a: Guardian|move: Substitute|[damage]
|
|-heal|p1a: Guardian|33/100|[from] item: Leftovers
|upkeep
|turn|18
|
|t:|1611984827
|move|p1a: Guardian|Thousand Arrows|p2a: Nebby
|-supereffective|p2a: Nebby
|-damage|p2a: Nebby|42/100 par
|move|p2a: Nebby|Sunsteel Strike|p1a: Guardian
|-end|p1a: Guardian|Substitute
|
|-heal|p1a: Guardian|40/100|[from] item: Leftovers
|upkeep
|turn|19
|
|t:|1611984830
|move|p1a: Guardian|Substitute|p1a: Guardian
|-start|p1a: Guardian|Substitute
|-damage|p1a: Guardian|15/100
|move|p2a: Nebby|Sunsteel Strike|p1a: Guardian
|-activate|p1a: Guardian|move: Substitute|[damage]
|
|-heal|p1a: Guardian|21/100|[from] item: Leftovers
|upkeep
|turn|20
|
|t:|1611984834
|move|p1a: Guardian|Thousand Arrows|p2a: Nebby
|-supereffective|p2a: Nebby
|-damage|p2a: Nebby|0 fnt
|faint|p2a: Nebby
|
|-heal|p1a: Guardian|27/100|[from] item: Leftovers
|upkeep
|
|t:|1611984837
|switch|p2a: Shachi|Marshadow|100/100
|turn|21
|
|t:|1611984840
|switch|p1a: Big Bird|Lugia|100/100
|move|p2a: Shachi|Shadow Sneak|p1a: Big Bird
|-supereffective|p1a: Big Bird
|-damage|p1a: Big Bird|80/100
|
|-heal|p1a: Big Bird|86/100|[from] item: Leftovers
|upkeep
|turn|22
|
|t:|1611984844
|switch|p2a: Suijin|Kyogre, shiny|100/100
|-weather|RainDance|[from] ability: Drizzle|[of] p2a: Suijin
|move|p1a: Big Bird|Aeroblast|p2a: Suijin
|-crit|p2a: Suijin
|-damage|p2a: Suijin|63/100
|
|-weather|RainDance|[upkeep]
|-heal|p1a: Big Bird|93/100|[from] item: Leftovers
|upkeep
|turn|23
|
|t:|1611984850
|move|p1a: Big Bird|Roost|p1a: Big Bird
|-heal|p1a: Big Bird|100/100
|-singleturn|p1a: Big Bird|move: Roost
|move|p2a: Suijin|Ice Beam|p1a: Big Bird
|-damage|p1a: Big Bird|87/100
|
|-weather|RainDance|[upkeep]
|-heal|p1a: Big Bird|93/100|[from] item: Leftovers
|upkeep
|turn|24
|
|t:|1611984853
|move|p1a: Big Bird|Calm Mind|p1a: Big Bird
|-boost|p1a: Big Bird|spa|1
|-boost|p1a: Big Bird|spd|1
|move|p2a: Suijin|Ice Beam|p1a: Big Bird
|-supereffective|p1a: Big Bird
|-damage|p1a: Big Bird|51/100
|
|-weather|RainDance|[upkeep]
|-heal|p1a: Big Bird|57/100|[from] item: Leftovers
|upkeep
|turn|25
|
|t:|1611984856
|move|p1a: Big Bird|Roost|p1a: Big Bird
|-heal|p1a: Big Bird|100/100
|-singleturn|p1a: Big Bird|move: Roost
|move|p2a: Suijin|Ice Beam|p1a: Big Bird
|-damage|p1a: Big Bird|91/100
|
|-weather|RainDance|[upkeep]
|-heal|p1a: Big Bird|97/100|[from] item: Leftovers
|upkeep
|turn|26
|
|t:|1611984859
|move|p1a: Big Bird|Toxic|p2a: Suijin
|-status|p2a: Suijin|tox
|move|p2a: Suijin|Ice Beam|p1a: Big Bird
|-supereffective|p1a: Big Bird
|-damage|p1a: Big Bird|58/100
|
|-weather|none
|-heal|p1a: Big Bird|64/100|[from] item: Leftovers
|-damage|p2a: Suijin|57/100 tox|[from] psn
|upkeep
|turn|27
|
|t:|1611984862
|move|p1a: Big Bird|Roost|p1a: Big Bird
|-heal|p1a: Big Bird|100/100
|-singleturn|p1a: Big Bird|move: Roost
|move|p2a: Suijin|Ice Beam|p1a: Big Bird
|-damage|p1a: Big Bird|91/100
|
|-heal|p1a: Big Bird|98/100|[from] item: Leftovers
|-damage|p2a: Suijin|45/100 tox|[from] psn
|upkeep
|turn|28
|
|t:|1611984864
|move|p1a: Big Bird|Calm Mind|p1a: Big Bird
|-boost|p1a: Big Bird|spa|1
|-boost|p1a: Big Bird|spd|1
|move|p2a: Suijin|Ice Beam|p1a: Big Bird
|-supereffective|p1a: Big Bird
|-damage|p1a: Big Bird|65/100
|
|-heal|p1a: Big Bird|72/100|[from] item: Leftovers
|-damage|p2a: Suijin|26/100 tox|[from] psn
|upkeep
|turn|29
|
|t:|1611984871
|move|p1a: Big Bird|Calm Mind|p1a: Big Bird
|-boost|p1a: Big Bird|spa|1
|-boost|p1a: Big Bird|spd|1
|move|p2a: Suijin|Ice Beam|p1a: Big Bird
|-supereffective|p1a: Big Bird
|-damage|p1a: Big Bird|47/100
|
|-heal|p1a: Big Bird|53/100|[from] item: Leftovers
|-damage|p2a: Suijin|2/100 tox|[from] psn
|upkeep
|turn|30
|
|t:|1611984874
|move|p1a: Big Bird|Roost|p1a: Big Bird
|-heal|p1a: Big Bird|100/100
|-singleturn|p1a: Big Bird|move: Roost
|move|p2a: Suijin|Ice Beam|p1a: Big Bird
|-damage|p1a: Big Bird|94/100
|
|-heal|p1a: Big Bird|99/100|[from] item: Leftovers
|-damage|p2a: Suijin|0 fnt|[from] psn
|faint|p2a: Suijin
|upkeep
|
|t:|1611984878
|switch|p2a: Shachi|Marshadow|100/100
|turn|31
|
|t:|1611984883
|move|p2a: Shachi|Spectral Thief||[still]
|-clearpositiveboost|p1a: Big Bird|p2a: Shachi|move: Spectral Thief
|-boost|p2a: Shachi|spa|3
|-boost|p2a: Shachi|spd|3
|-anim|p2a: Shachi|Spectral Thief|p1a: Big Bird
|-supereffective|p1a: Big Bird
|-damage|p1a: Big Bird|43/100
|move|p1a: Big Bird|Aeroblast|p2a: Shachi
|-supereffective|p2a: Shachi
|-damage|p2a: Shachi|69/100
|
|-heal|p1a: Big Bird|49/100|[from] item: Leftovers
|upkeep
|turn|32
|
|t:|1611984897
|move|p2a: Shachi|Spectral Thief|p1a: Big Bird
|-supereffective|p1a: Big Bird
|-crit|p1a: Big Bird
|-damage|p1a: Big Bird|0 fnt
|faint|p1a: Big Bird
|
|upkeep
|
|t:|1611984899
|switch|p1a: Guardian|Zygarde-Complete|27/100
|turn|33
|
|t:|1611984903
|move|p2a: Shachi|Spectral Thief|p1a: Guardian
|-damage|p1a: Guardian|8/100
|move|p1a: Guardian|Glare|p2a: Shachi
|-status|p2a: Shachi|par
|
|-heal|p1a: Guardian|14/100|[from] item: Leftovers
|upkeep
|turn|34
|
|t:|1611984909
|move|p2a: Shachi|Spectral Thief|p1a: Guardian
|-damage|p1a: Guardian|0 fnt
|faint|p1a: Guardian
|
|upkeep
|
|t:|1611984911
|switch|p1a: King Louis|Calyrex-Shadow|100/100
|-ability|p1a: King Louis|As One
|-ability|p1a: King Louis|Unnerve|p2: Yuzuri
|turn|35
|
|t:|1611984916
|move|p1a: King Louis|Trick|p2a: Shachi
|-activate|p1a: King Louis|move: Trick|[of] p2a: Shachi
|-item|p2a: Shachi|Choice Scarf|[from] move: Trick
|-item|p1a: King Louis|Choice Scarf|[from] move: Trick
|move|p2a: Shachi|Spectral Thief|p1a: King Louis
|-supereffective|p1a: King Louis
|-damage|p1a: King Louis|0 fnt
|faint|p1a: King Louis
|
|win|Yuzuri
|raw|Kyohei (Ubers)'s rating: 1576 &rarr; <strong>1548</strong><br />(-28 for losing)
|raw|Yuzuri's rating: 1427 &rarr; <strong>1455</strong><br />(+28 for winning)
|l|☆Kyohei (Ubers)
