|j|☆Bagely
|j|☆CoyoteFou
|player|p1|Bagely|twins-gen4dp|1266
|player|p2|CoyoteFou|veteran|1238
|teamsize|p1|6
|teamsize|p2|6
|gametype|singles
|gen|8
|tier|[Gen 8] Ubers
|rated|
|clearpoke
|poke|p1|Cinderace, F|
|poke|p1|Zacian-Crowned|
|poke|p1|Mandibuzz, F|
|poke|p1|Melmetal|
|poke|p1|Rotom-Wash|
|poke|p1|Tangrowth, M|
|poke|p2|Kyurem-Black|
|poke|p2|Eternatus|
|poke|p2|Zacian-Crowned|
|poke|p2|Necrozma-Dusk-Mane|
|poke|p2|Marshadow|
|poke|p2|Melmetal|
|rule|Sleep Clause Mod: Limit one foe put to sleep
|rule|Species Clause: Limit one of each Pokémon
|rule|OHKO Clause: OHKO moves are banned
|rule|Evasion Moves Clause: Evasion moves are banned
|rule|Endless Battle Clause: Forcing endless battles is banned
|rule|HP Percentage Mod: HP is shown in percentages
|html|Ubers Dynamax Clause: Pokémon on the <a href="https://www.smogon.com/dex/ss/formats/uber/">Ubers Dynamax Banlist</a> cannot Dynamax.
|teampreview
|
|start
|switch|p1a: Mandibuzz|Mandibuzz, F|100/100
|switch|p2a: Necrozma|Necrozma-Dusk-Mane|100/100
|turn|1
|
|move|p1a: Mandibuzz|Foul Play|p2a: Necrozma
|-supereffective|p2a: Necrozma
|-damage|p2a: Necrozma|56/100
|move|p2a: Necrozma|Stealth Rock|p1a: Mandibuzz
|-sidestart|p1: Bagely|move: Stealth Rock
|
|-heal|p2a: Necrozma|62/100|[from] item: Leftovers
|upkeep
|turn|2
|
|move|p1a: Mandibuzz|Defog|p2a: Necrozma
|-unboost|p2a: Necrozma|evasion|1
|-sideend|p1: Bagely|Stealth Rock|[from] move: Defog|[of] p1a: Mandibuzz
|move|p2a: Necrozma|Sunsteel Strike|p1a: Mandibuzz
|-crit|p1a: Mandibuzz
|-damage|p1a: Mandibuzz|56/100
|
|-heal|p1a: Mandibuzz|62/100|[from] item: Leftovers
|-heal|p2a: Necrozma|68/100|[from] item: Leftovers
|upkeep
|turn|3
|
|move|p1a: Mandibuzz|Foul Play|p2a: Necrozma
|-supereffective|p2a: Necrozma
|-damage|p2a: Necrozma|21/100
|move|p2a: Necrozma|Stealth Rock|p1a: Mandibuzz
|-sidestart|p1: Bagely|move: Stealth Rock
|
|-heal|p1a: Mandibuzz|68/100|[from] item: Leftovers
|-heal|p2a: Necrozma|27/100|[from] item: Leftovers
|upkeep
|turn|4
|
|switch|p2a: Kyurem|Kyurem-Black|100/100
|-ability|p2a: Kyurem|Teravolt
|move|p1a: Mandibuzz|Defog|p2a: Kyurem
|-unboost|p2a: Kyurem|evasion|1
|-sideend|p1: Bagely|Stealth Rock|[from] move: Defog|[of] p1a: Mandibuzz
|
|-heal|p1a: Mandibuzz|74/100|[from] item: Leftovers
|upkeep
|turn|5
|
|switch|p1a: Melmetal|Melmetal|100/100
|move|p2a: Kyurem|Dragon Dance|p2a: Kyurem
|-boost|p2a: Kyurem|atk|1
|-boost|p2a: Kyurem|spe|1
|
|upkeep
|turn|6
|
|move|p2a: Kyurem|Fusion Bolt|p1a: Melmetal
|-damage|p1a: Melmetal|54/100
|-damage|p2a: Kyurem|91/100|[from] item: Life Orb
|move|p1a: Melmetal|Earthquake|p2a: Kyurem
|-damage|p2a: Kyurem|39/100
|
|upkeep
|turn|7
|
|move|p2a: Kyurem|Fusion Bolt|p1a: Melmetal
|-damage|p1a: Melmetal|8/100
|-damage|p2a: Kyurem|29/100|[from] item: Life Orb
|move|p1a: Melmetal|Earthquake|p2a: Kyurem
|-damage|p2a: Kyurem|0 fnt
|faint|p2a: Kyurem
|
|upkeep
|
|switch|p2a: Zacian|Zacian-Crowned|100/100
|-ability|p2a: Zacian|Intrepid Sword|boost
|-boost|p2a: Zacian|atk|1
|turn|8
|
|move|p2a: Zacian|Behemoth Blade|p1a: Melmetal
|-resisted|p1a: Melmetal
|-damage|p1a: Melmetal|0 fnt
|faint|p1a: Melmetal
|
|upkeep
|
|switch|p1a: Zacian|Zacian-Crowned|100/100
|-ability|p1a: Zacian|Intrepid Sword|boost
|-boost|p1a: Zacian|atk|1
|turn|9
|
|move|p2a: Zacian|Swords Dance|p2a: Zacian
|-boost|p2a: Zacian|atk|2
|move|p1a: Zacian|Behemoth Blade|p2a: Zacian
|-damage|p2a: Zacian|14/100
|
|upkeep
|turn|10
|
|move|p1a: Zacian|Behemoth Blade|p2a: Zacian
|-damage|p2a: Zacian|0 fnt
|faint|p2a: Zacian
|
|upkeep
|
|switch|p2a: Melmetal|Melmetal|100/100
|turn|11
|
|switch|p1a: Tangrowth|Tangrowth, M|100/100
|move|p2a: Melmetal|Double Iron Bash|p1a: Tangrowth
|-damage|p1a: Tangrowth|66/100
|-damage|p1a: Tangrowth|29/100
|-hitcount|p1a: Tangrowth|2
|
|-heal|p1a: Tangrowth|35/100|[from] item: Leftovers
|upkeep
|turn|12
|
|move|p1a: Tangrowth|Knock Off|p2a: Melmetal
|-damage|p2a: Melmetal|88/100
|-enditem|p2a: Melmetal|Choice Band|[from] move: Knock Off|[of] p1a: Tangrowth
|move|p2a: Melmetal|Double Iron Bash|p1a: Tangrowth
|-damage|p1a: Tangrowth|14/100
|-damage|p1a: Tangrowth|0 fnt
|-hitcount|p1a: Tangrowth|2
|faint|p1a: Tangrowth
|
|upkeep
|
|switch|p1a: Cinderace|Cinderace, F|100/100
|turn|13
|
|-start|p1a: Cinderace|Dynamax
|-heal|p1a: Cinderace|100/100|[silent]
|move|p1a: Cinderace|Max Flare|p2a: Melmetal
|-supereffective|p2a: Melmetal
|-damage|p2a: Melmetal|0 fnt
|-weather|SunnyDay
|-damage|p1a: Cinderace|96/100|[from] item: Life Orb
|faint|p2a: Melmetal
|
|-weather|SunnyDay|[upkeep]
|upkeep
|
|switch|p2a: Eternatus|Eternatus|100/100
|-ability|p2a: Eternatus|Pressure
|turn|14
|
|move|p2a: Eternatus|Cosmic Power|p2a: Eternatus
|-boost|p2a: Eternatus|def|1
|-boost|p2a: Eternatus|spd|1
|move|p1a: Cinderace|Max Airstream|p2a: Eternatus
|-start|p1a: Cinderace|typechange|Flying|[from] ability: Libero
|-damage|p2a: Eternatus|53/100
|-boost|p1a: Cinderace|spe|1
|-damage|p1a: Cinderace|91/100|[from] item: Life Orb
|
|-weather|SunnyDay|[upkeep]
|-heal|p2a: Eternatus|59/100|[from] item: Black Sludge
|upkeep
|turn|15
|
|move|p1a: Cinderace|Max Knuckle|p2a: Eternatus
|-start|p1a: Cinderace|typechange|Fighting|[from] ability: Libero
|-resisted|p2a: Eternatus
|-damage|p2a: Eternatus|41/100
|-boost|p1a: Cinderace|atk|1
|-damage|p1a: Cinderace|86/100|[from] item: Life Orb
|move|p2a: Eternatus|Recover|p2a: Eternatus
|-heal|p2a: Eternatus|91/100
|
|-weather|SunnyDay|[upkeep]
|-heal|p2a: Eternatus|97/100|[from] item: Black Sludge
|-end|p1a: Cinderace|Dynamax
|-heal|p1a: Cinderace|86/100|[silent]
|upkeep
|turn|16
|
|move|p1a: Cinderace|Pyro Ball|p2a: Eternatus
|-start|p1a: Cinderace|typechange|Fire|[from] ability: Libero
|-resisted|p2a: Eternatus
|-damage|p2a: Eternatus|41/100
|-damage|p1a: Cinderace|76/100|[from] item: Life Orb
|move|p2a: Eternatus|Cosmic Power|p2a: Eternatus
|-boost|p2a: Eternatus|def|1
|-boost|p2a: Eternatus|spd|1
|
|-weather|SunnyDay|[upkeep]
|-heal|p2a: Eternatus|47/100|[from] item: Black Sludge
|upkeep
|turn|17
|
|move|p1a: Cinderace|Pyro Ball|p2a: Eternatus
|-resisted|p2a: Eternatus
|-damage|p2a: Eternatus|9/100
|-damage|p1a: Cinderace|66/100|[from] item: Life Orb
|move|p2a: Eternatus|Recover|p2a: Eternatus
|-heal|p2a: Eternatus|59/100
|
|-weather|none
|-heal|p2a: Eternatus|65/100|[from] item: Black Sludge
|upkeep
|turn|18
|inactive|Battle timer is ON: inactive players will automatically lose when time's up. (requested by CoyoteFou)
|
|switch|p1a: Rotom|Rotom-Wash|100/100
|move|p2a: Eternatus|Recover|p2a: Eternatus
|-heal|p2a: Eternatus|100/100
|
|upkeep
|turn|19
|
|move|p2a: Eternatus|Dynamax Cannon|p1a: Rotom
|-damage|p1a: Rotom|22/100
|-enditem|p1a: Rotom|Sitrus Berry|[eat]
|-heal|p1a: Rotom|47/100|[from] item: Sitrus Berry
|move|p1a: Rotom|Will-O-Wisp|p2a: Eternatus
|-status|p2a: Eternatus|brn
|
|-damage|p2a: Eternatus|94/100 brn|[from] brn
|upkeep
|turn|20
|
|switch|p1a: Mandibuzz|Mandibuzz, F|74/100
|move|p2a: Eternatus|Cosmic Power|p2a: Eternatus
|-boost|p2a: Eternatus|def|1
|-boost|p2a: Eternatus|spd|1
|
|-heal|p2a: Eternatus|100/100 brn|[from] item: Black Sludge
|-heal|p1a: Mandibuzz|80/100|[from] item: Leftovers
|-damage|p2a: Eternatus|94/100 brn|[from] brn
|upkeep
|turn|21
|
|move|p2a: Eternatus|Dynamax Cannon|p1a: Mandibuzz
|-damage|p1a: Mandibuzz|33/100
|move|p1a: Mandibuzz|Roost|p1a: Mandibuzz
|-heal|p1a: Mandibuzz|83/100
|-singleturn|p1a: Mandibuzz|move: Roost
|
|-heal|p2a: Eternatus|100/100 brn|[from] item: Black Sludge
|-heal|p1a: Mandibuzz|89/100|[from] item: Leftovers
|-damage|p2a: Eternatus|94/100 brn|[from] brn
|upkeep
|turn|22
|
|move|p2a: Eternatus|Cosmic Power|p2a: Eternatus
|-boost|p2a: Eternatus|def|1
|-boost|p2a: Eternatus|spd|1
|move|p1a: Mandibuzz|Roost|p1a: Mandibuzz
|-heal|p1a: Mandibuzz|100/100
|-singleturn|p1a: Mandibuzz|move: Roost
|
|-heal|p2a: Eternatus|100/100 brn|[from] item: Black Sludge
|-damage|p2a: Eternatus|94/100 brn|[from] brn
|upkeep
|turn|23
|
|move|p2a: Eternatus|Cosmic Power|p2a: Eternatus
|-boost|p2a: Eternatus|def|1
|-boost|p2a: Eternatus|spd|1
|move|p1a: Mandibuzz|Foul Play|p2a: Eternatus
|-damage|p2a: Eternatus|89/100 brn
|
|-heal|p2a: Eternatus|95/100 brn|[from] item: Black Sludge
|-damage|p2a: Eternatus|89/100 brn|[from] brn
|upkeep
|turn|24
|
|move|p2a: Eternatus|Cosmic Power|p2a: Eternatus
|-boost|p2a: Eternatus|def|1
|-boost|p2a: Eternatus|spd|1
|move|p1a: Mandibuzz|Foul Play|p2a: Eternatus
|-damage|p2a: Eternatus|84/100 brn
|
|-heal|p2a: Eternatus|90/100 brn|[from] item: Black Sludge
|-damage|p2a: Eternatus|84/100 brn|[from] brn
|upkeep
|turn|25
|
|move|p2a: Eternatus|Dynamax Cannon|p1a: Mandibuzz
|-damage|p1a: Mandibuzz|50/100
|move|p1a: Mandibuzz|Foul Play|p2a: Eternatus
|-damage|p2a: Eternatus|80/100 brn
|
|-heal|p2a: Eternatus|86/100 brn|[from] item: Black Sludge
|-heal|p1a: Mandibuzz|56/100|[from] item: Leftovers
|-damage|p2a: Eternatus|80/100 brn|[from] brn
|upkeep
|turn|26
|
|move|p2a: Eternatus|Dynamax Cannon|p1a: Mandibuzz
|-damage|p1a: Mandibuzz|13/100
|move|p1a: Mandibuzz|Roost|p1a: Mandibuzz
|-heal|p1a: Mandibuzz|63/100
|-singleturn|p1a: Mandibuzz|move: Roost
|
|-heal|p2a: Eternatus|86/100 brn|[from] item: Black Sludge
|-heal|p1a: Mandibuzz|69/100|[from] item: Leftovers
|-damage|p2a: Eternatus|80/100 brn|[from] brn
|upkeep
|turn|27
|
|move|p2a: Eternatus|Cosmic Power|p2a: Eternatus
|-boost|p2a: Eternatus|def|0
|-boost|p2a: Eternatus|spd|0
|move|p1a: Mandibuzz|Roost|p1a: Mandibuzz
|-heal|p1a: Mandibuzz|100/100
|-singleturn|p1a: Mandibuzz|move: Roost
|
|-heal|p2a: Eternatus|86/100 brn|[from] item: Black Sludge
|-damage|p2a: Eternatus|80/100 brn|[from] brn
|upkeep
|turn|28
|
|move|p2a: Eternatus|Flamethrower|p1a: Mandibuzz
|-damage|p1a: Mandibuzz|74/100
|move|p1a: Mandibuzz|Foul Play|p2a: Eternatus
|-damage|p2a: Eternatus|75/100 brn
|
|-heal|p2a: Eternatus|81/100 brn|[from] item: Black Sludge
|-heal|p1a: Mandibuzz|80/100|[from] item: Leftovers
|-damage|p2a: Eternatus|75/100 brn|[from] brn
|upkeep
|turn|29
|
|move|p2a: Eternatus|Recover|p2a: Eternatus
|-heal|p2a: Eternatus|100/100 brn
|move|p1a: Mandibuzz|Toxic||[still]
|-fail|p1a: Mandibuzz
|
|-heal|p1a: Mandibuzz|87/100|[from] item: Leftovers
|-damage|p2a: Eternatus|94/100 brn|[from] brn
|upkeep
|turn|30
|
|move|p2a: Eternatus|Flamethrower|p1a: Mandibuzz
|-damage|p1a: Mandibuzz|59/100
|move|p1a: Mandibuzz|Toxic||[still]
|-fail|p1a: Mandibuzz
|
|-heal|p2a: Eternatus|100/100 brn|[from] item: Black Sludge
|-heal|p1a: Mandibuzz|65/100|[from] item: Leftovers
|-damage|p2a: Eternatus|94/100 brn|[from] brn
|upkeep
|turn|31
|
|move|p2a: Eternatus|Flamethrower|p1a: Mandibuzz
|-damage|p1a: Mandibuzz|38/100
|move|p1a: Mandibuzz|Roost|p1a: Mandibuzz
|-heal|p1a: Mandibuzz|88/100
|-singleturn|p1a: Mandibuzz|move: Roost
|
|-heal|p2a: Eternatus|100/100 brn|[from] item: Black Sludge
|-heal|p1a: Mandibuzz|94/100|[from] item: Leftovers
|-damage|p2a: Eternatus|94/100 brn|[from] brn
|upkeep
|turn|32
|
|move|p2a: Eternatus|Flamethrower|p1a: Mandibuzz
|-damage|p1a: Mandibuzz|63/100
|move|p1a: Mandibuzz|Toxic||[still]
|-fail|p1a: Mandibuzz
|
|-heal|p2a: Eternatus|100/100 brn|[from] item: Black Sludge
|-heal|p1a: Mandibuzz|69/100|[from] item: Leftovers
|-damage|p2a: Eternatus|94/100 brn|[from] brn
|upkeep
|turn|33
|
|move|p2a: Eternatus|Flamethrower|p1a: Mandibuzz
|-damage|p1a: Mandibuzz|42/100
|move|p1a: Mandibuzz|Roost|p1a: Mandibuzz
|-heal|p1a: Mandibuzz|92/100
|-singleturn|p1a: Mandibuzz|move: Roost
|
|-heal|p2a: Eternatus|100/100 brn|[from] item: Black Sludge
|-heal|p1a: Mandibuzz|98/100|[from] item: Leftovers
|-damage|p2a: Eternatus|94/100 brn|[from] brn
|upkeep
|turn|34
|
|move|p2a: Eternatus|Flamethrower|p1a: Mandibuzz
|-damage|p1a: Mandibuzz|71/100
|move|p1a: Mandibuzz|Foul Play|p2a: Eternatus
|-damage|p2a: Eternatus|90/100 brn
|
|-heal|p2a: Eternatus|96/100 brn|[from] item: Black Sludge
|-heal|p1a: Mandibuzz|78/100|[from] item: Leftovers
|-damage|p2a: Eternatus|90/100 brn|[from] brn
|upkeep
|turn|35
|
|move|p2a: Eternatus|Flamethrower|p1a: Mandibuzz
|-damage|p1a: Mandibuzz|47/100
|move|p1a: Mandibuzz|Toxic||[still]
|-fail|p1a: Mandibuzz
|
|-heal|p2a: Eternatus|96/100 brn|[from] item: Black Sludge
|-heal|p1a: Mandibuzz|54/100|[from] item: Leftovers
|-damage|p2a: Eternatus|90/100 brn|[from] brn
|upkeep
|turn|36
|
|move|p2a: Eternatus|Flamethrower|p1a: Mandibuzz
|-damage|p1a: Mandibuzz|24/100
|move|p1a: Mandibuzz|Roost|p1a: Mandibuzz
|-heal|p1a: Mandibuzz|74/100
|-singleturn|p1a: Mandibuzz|move: Roost
|
|-heal|p2a: Eternatus|96/100 brn|[from] item: Black Sludge
|-heal|p1a: Mandibuzz|80/100|[from] item: Leftovers
|-damage|p2a: Eternatus|90/100 brn|[from] brn
|upkeep
|turn|37
|
|move|p2a: Eternatus|Flamethrower|p1a: Mandibuzz
|-damage|p1a: Mandibuzz|50/100
|move|p1a: Mandibuzz|Foul Play|p2a: Eternatus
|-damage|p2a: Eternatus|85/100 brn
|
|-heal|p2a: Eternatus|91/100 brn|[from] item: Black Sludge
|-heal|p1a: Mandibuzz|56/100|[from] item: Leftovers
|-damage|p2a: Eternatus|85/100 brn|[from] brn
|upkeep
|turn|38
|
|move|p2a: Eternatus|Flamethrower|p1a: Mandibuzz
|-damage|p1a: Mandibuzz|29/100
|move|p1a: Mandibuzz|Roost|p1a: Mandibuzz
|-heal|p1a: Mandibuzz|79/100
|-singleturn|p1a: Mandibuzz|move: Roost
|
|-heal|p2a: Eternatus|91/100 brn|[from] item: Black Sludge
|-heal|p1a: Mandibuzz|85/100|[from] item: Leftovers
|-damage|p2a: Eternatus|85/100 brn|[from] brn
|upkeep
|turn|39
|
|move|p2a: Eternatus|Flamethrower|p1a: Mandibuzz
|-damage|p1a: Mandibuzz|55/100
|move|p1a: Mandibuzz|Foul Play|p2a: Eternatus
|-damage|p2a: Eternatus|80/100 brn
|
|-heal|p2a: Eternatus|87/100 brn|[from] item: Black Sludge
|-heal|p1a: Mandibuzz|61/100|[from] item: Leftovers
|-damage|p2a: Eternatus|80/100 brn|[from] brn
|upkeep
|turn|40
|
|move|p2a: Eternatus|Flamethrower|p1a: Mandibuzz
|-damage|p1a: Mandibuzz|33/100
|-status|p1a: Mandibuzz|brn
|move|p1a: Mandibuzz|Roost|p1a: Mandibuzz
|-heal|p1a: Mandibuzz|83/100 brn
|-singleturn|p1a: Mandibuzz|move: Roost
|
|-heal|p2a: Eternatus|87/100 brn|[from] item: Black Sludge
|-heal|p1a: Mandibuzz|89/100 brn|[from] item: Leftovers
|-damage|p2a: Eternatus|80/100 brn|[from] brn
|-damage|p1a: Mandibuzz|83/100 brn|[from] brn
|upkeep
|turn|41
|
|move|p2a: Eternatus|Recover|p2a: Eternatus
|-heal|p2a: Eternatus|100/100 brn
|move|p1a: Mandibuzz|Roost|p1a: Mandibuzz
|-heal|p1a: Mandibuzz|100/100 brn
|-singleturn|p1a: Mandibuzz|move: Roost
|
|-damage|p2a: Eternatus|94/100 brn|[from] brn
|-damage|p1a: Mandibuzz|94/100 brn|[from] brn
|upkeep
|turn|42
|
|move|p2a: Eternatus|Flamethrower|p1a: Mandibuzz
|-damage|p1a: Mandibuzz|67/100 brn
|move|p1a: Mandibuzz|Toxic||[still]
|-fail|p1a: Mandibuzz
|
|-heal|p2a: Eternatus|100/100 brn|[from] item: Black Sludge
|-heal|p1a: Mandibuzz|73/100 brn|[from] item: Leftovers
|-damage|p2a: Eternatus|94/100 brn|[from] brn
|-damage|p1a: Mandibuzz|67/100 brn|[from] brn
|upkeep
|turn|43
|
|move|p2a: Eternatus|Flamethrower|p1a: Mandibuzz
|-damage|p1a: Mandibuzz|40/100 brn
|move|p1a: Mandibuzz|Roost|p1a: Mandibuzz
|-heal|p1a: Mandibuzz|90/100 brn
|-singleturn|p1a: Mandibuzz|move: Roost
|
|-heal|p2a: Eternatus|100/100 brn|[from] item: Black Sludge
|-heal|p1a: Mandibuzz|96/100 brn|[from] item: Leftovers
|-damage|p2a: Eternatus|94/100 brn|[from] brn
|-damage|p1a: Mandibuzz|90/100 brn|[from] brn
|upkeep
|turn|44
|
|move|p2a: Eternatus|Flamethrower|p1a: Mandibuzz
|-damage|p1a: Mandibuzz|61/100 brn
|move|p1a: Mandibuzz|Foul Play|p2a: Eternatus
|-damage|p2a: Eternatus|92/100 brn
|
|-heal|p2a: Eternatus|98/100 brn|[from] item: Black Sludge
|-heal|p1a: Mandibuzz|67/100 brn|[from] item: Leftovers
|-damage|p2a: Eternatus|92/100 brn|[from] brn
|-damage|p1a: Mandibuzz|61/100 brn|[from] brn
|upkeep
|turn|45
|
|move|p2a: Eternatus|Flamethrower|p1a: Mandibuzz
|-damage|p1a: Mandibuzz|31/100 brn
|move|p1a: Mandibuzz|Roost|p1a: Mandibuzz
|-heal|p1a: Mandibuzz|81/100 brn
|-singleturn|p1a: Mandibuzz|move: Roost
|
|-heal|p2a: Eternatus|98/100 brn|[from] item: Black Sludge
|-heal|p1a: Mandibuzz|87/100 brn|[from] item: Leftovers
|-damage|p2a: Eternatus|92/100 brn|[from] brn
|-damage|p1a: Mandibuzz|81/100 brn|[from] brn
|upkeep
|turn|46
|
|move|p2a: Eternatus|Flamethrower|p1a: Mandibuzz
|-crit|p1a: Mandibuzz
|-damage|p1a: Mandibuzz|41/100 brn
|move|p1a: Mandibuzz|Foul Play|p2a: Eternatus
|-damage|p2a: Eternatus|90/100 brn
|
|-heal|p2a: Eternatus|96/100 brn|[from] item: Black Sludge
|-heal|p1a: Mandibuzz|47/100 brn|[from] item: Leftovers
|-damage|p2a: Eternatus|90/100 brn|[from] brn
|-damage|p1a: Mandibuzz|41/100 brn|[from] brn
|upkeep
|turn|47
|
|switch|p1a: Zacian|Zacian-Crowned|100/100
|-ability|p1a: Zacian|Intrepid Sword|boost
|-boost|p1a: Zacian|atk|1
|move|p2a: Eternatus|Dynamax Cannon|p1a: Zacian
|-immune|p1a: Zacian
|
|-heal|p2a: Eternatus|96/100 brn|[from] item: Black Sludge
|-damage|p2a: Eternatus|90/100 brn|[from] brn
|upkeep
|turn|48
|
|switch|p1a: Mandibuzz|Mandibuzz, F|41/100 brn
|move|p2a: Eternatus|Flamethrower|p1a: Mandibuzz
|-damage|p1a: Mandibuzz|14/100 brn
|
|-heal|p2a: Eternatus|96/100 brn|[from] item: Black Sludge
|-heal|p1a: Mandibuzz|21/100 brn|[from] item: Leftovers
|-damage|p2a: Eternatus|90/100 brn|[from] brn
|-damage|p1a: Mandibuzz|14/100 brn|[from] brn
|upkeep
|turn|49
|inactive|Bagely has 120 seconds left.
|
|switch|p1a: Rotom|Rotom-Wash|47/100
|move|p2a: Eternatus|Flamethrower|p1a: Rotom
|-resisted|p1a: Rotom
|-damage|p1a: Rotom|26/100
|
|-heal|p2a: Eternatus|96/100 brn|[from] item: Black Sludge
|-damage|p2a: Eternatus|90/100 brn|[from] brn
|upkeep
|turn|50
|inactive|Bagely has 120 seconds left.
|
|move|p2a: Eternatus|Flamethrower|p1a: Rotom
|-resisted|p1a: Rotom
|-damage|p1a: Rotom|2/100
|move|p1a: Rotom|Discharge|p2a: Eternatus
|-resisted|p2a: Eternatus
|-damage|p2a: Eternatus|86/100 brn
|
|-heal|p2a: Eternatus|92/100 brn|[from] item: Black Sludge
|-damage|p2a: Eternatus|86/100 brn|[from] brn
|upkeep
|turn|51
|
|move|p2a: Eternatus|Flamethrower|p1a: Rotom
|-resisted|p1a: Rotom
|-damage|p1a: Rotom|0 fnt
|faint|p1a: Rotom
|
|-heal|p2a: Eternatus|92/100 brn|[from] item: Black Sludge
|-damage|p2a: Eternatus|86/100 brn|[from] brn
|upkeep
|inactive|Bagely has 120 seconds left.
|
|switch|p1a: Mandibuzz|Mandibuzz, F|14/100 brn
|turn|52
|inactive|Bagely has 120 seconds left.
|
|move|p2a: Eternatus|Flamethrower|p1a: Mandibuzz
|-damage|p1a: Mandibuzz|0 fnt
|faint|p1a: Mandibuzz
|
|-heal|p2a: Eternatus|92/100 brn|[from] item: Black Sludge
|-damage|p2a: Eternatus|86/100 brn|[from] brn
|upkeep
|
|switch|p1a: Cinderace|Cinderace, F|66/100
|turn|53
|
|move|p2a: Eternatus|Dynamax Cannon|p1a: Cinderace
|-damage|p1a: Cinderace|0 fnt
|faint|p1a: Cinderace
|
|-heal|p2a: Eternatus|92/100 brn|[from] item: Black Sludge
|-damage|p2a: Eternatus|86/100 brn|[from] brn
|upkeep
|-message|Bagely forfeited.
|
|win|CoyoteFou
|l|☆Bagely
|c|☆CoyoteFou|Wp
||Ladder (probably) updated, but score could not be retrieved (Request timeout).
