|j|☆FearNeverDies
|j|☆Holy cooll
|t:|1633661768
|gametype|singles
|player|p1|FearNeverDies|lyra|
|player|p2|Holy cooll|unknown|
|teamsize|p1|6
|teamsize|p2|6
|gen|8
|tier|[Gen 8] Ubers
|rated|Tournament battle
|rule|Sleep Clause Mod: Limit one foe put to sleep
|rule|Species Clause: Limit one of each Pokémon
|rule|OHKO Clause: OHKO moves are banned
|rule|Evasion Moves Clause: Evasion moves are banned
|rule|Endless Battle Clause: Forcing endless battles is banned
|rule|HP Percentage Mod: HP is shown in percentages
|rule|Dynamax Clause: You cannot dynamax
|clearpoke
|poke|p1|Aerodactyl, F|
|poke|p1|Dracovish|
|poke|p1|Necrozma-Dusk-Mane|
|poke|p1|Eternatus|
|poke|p1|Yveltal|
|poke|p1|Calyrex-Shadow|
|poke|p2|Yveltal|
|poke|p2|Eternatus|
|poke|p2|Tyranitar, M|
|poke|p2|Calyrex-Shadow|
|poke|p2|Ho-Oh|
|poke|p2|Necrozma-Dusk-Mane|
|teampreview
|inactive|Battle timer is ON: inactive players will automatically lose when time's up. (requested by Holy cooll)
|
|t:|1633661780
|start
|switch|p1a: Aerodactyl|Aerodactyl, F|100/100
|switch|p2a: Tyranitar|Tyranitar, M|100/100
|-ability|p1a: Aerodactyl|Pressure
|-weather|Sandstorm|[from] ability: Sand Stream|[of] p2a: Tyranitar
|turn|1
|
|t:|1633661788
|move|p1a: Aerodactyl|Stealth Rock|p2a: Tyranitar
|-sidestart|p2: Holy cooll|move: Stealth Rock
|move|p2a: Tyranitar|Rock Blast|p1a: Aerodactyl
|-supereffective|p1a: Aerodactyl
|-damage|p1a: Aerodactyl|63/100
|-supereffective|p1a: Aerodactyl
|-damage|p1a: Aerodactyl|27/100
|-supereffective|p1a: Aerodactyl
|-damage|p1a: Aerodactyl|0 fnt
|faint|p1a: Aerodactyl
|-hitcount|p1: Aerodactyl|3
|
|-weather|Sandstorm|[upkeep]
|upkeep
|
|t:|1633661791
|switch|p1a: Dracovish|Dracovish|100/100
|turn|2
|
|t:|1633661794
|switch|p2a: Eternatus|Eternatus|100/100
|-damage|p2a: Eternatus|88/100|[from] Stealth Rock
|-ability|p2a: Eternatus|Pressure
|move|p1a: Dracovish|Fishious Rend|p2a: Eternatus
|-resisted|p2a: Eternatus
|-damage|p2a: Eternatus|21/100
|
|-weather|Sandstorm|[upkeep]
|-damage|p2a: Eternatus|14/100|[from] Sandstorm
|-damage|p1a: Dracovish|94/100|[from] Sandstorm
|-heal|p2a: Eternatus|21/100|[from] item: Black Sludge
|upkeep
|turn|3
|
|t:|1633661797
|switch|p1a: Eternatus|Eternatus|100/100
|-ability|p1a: Eternatus|Pressure
|move|p2a: Eternatus|Recover|p2a: Eternatus
|-heal|p2a: Eternatus|71/100
|
|-weather|Sandstorm|[upkeep]
|-damage|p1a: Eternatus|94/100|[from] Sandstorm
|-damage|p2a: Eternatus|65/100|[from] Sandstorm
|-heal|p2a: Eternatus|71/100|[from] item: Black Sludge
|upkeep
|turn|4
|
|t:|1633661801
|switch|p2a: Necrozma|Necrozma-Dusk-Mane|100/100
|-damage|p2a: Necrozma|94/100|[from] Stealth Rock
|move|p1a: Eternatus|Dynamax Cannon|p2a: Necrozma
|-resisted|p2a: Necrozma
|-damage|p2a: Necrozma|72/100
|
|-weather|Sandstorm|[upkeep]
|-damage|p1a: Eternatus|88/100|[from] Sandstorm
|upkeep
|turn|5
|
|t:|1633661803
|move|p1a: Eternatus|Shadow Ball|p2a: Necrozma
|-supereffective|p2a: Necrozma
|-damage|p2a: Necrozma|32/100
|move|p2a: Necrozma|Morning Sun|p2a: Necrozma
|-heal|p2a: Necrozma|57/100
|
|-weather|none
|upkeep
|turn|6
|
|t:|1633661805
|move|p1a: Eternatus|Shadow Ball|p2a: Necrozma
|-supereffective|p2a: Necrozma
|-damage|p2a: Necrozma|14/100
|move|p2a: Necrozma|Morning Sun|p2a: Necrozma
|-heal|p2a: Necrozma|64/100
|
|upkeep
|turn|7
|
|t:|1633661811
|switch|p1a: Dracovish|Dracovish|94/100
|move|p2a: Necrozma|Thunder Wave|p1a: Dracovish
|-status|p1a: Dracovish|par
|
|upkeep
|turn|8
|
|t:|1633661816
|move|p2a: Necrozma|Morning Sun|p2a: Necrozma
|-heal|p2a: Necrozma|100/100
|move|p1a: Dracovish|Fishious Rend|p2a: Necrozma
|-damage|p2a: Necrozma|59/100
|-damage|p1a: Dracovish|78/100 par|[from] item: Rocky Helmet|[of] p2a: Necrozma
|
|upkeep
|turn|9
|-message|FearNeverDies forfeited.
|
|win|Holy cooll
|n|☆FearNeverDies|fearneverdies
|n|☆Holy cooll|holycooll
|l|☆FearNeverDies
|c|☆Holy cooll|?
|l|☆Holy cooll
|j|☆Holy cooll
|player|p2|Holy cooll|unknown
