|html|<div class="broadcast-blue"><strong>[Gen 8] Ubers is currently suspecting Calyrex-Shadow! For information on how to participate check out the <a href="https://www.smogon.com/forums/threads/np-ss-ubers-stage-8-ridin-dirty-calyrex-shadow-suspect-test.3704200/">suspect thread</a>.</strong></div>
|j|☆yadyaksh yadav
|j|☆Ryrissuu
|t:|1656780408
|gametype|singles
|player|p1|yadyaksh yadav|169|1350
|player|p2|Ryrissuu|hilbert|1377
|teamsize|p1|6
|teamsize|p2|6
|gen|8
|tier|[Gen 8] Ubers
|rated|
|rule|Sleep Clause Mod: Limit one foe put to sleep
|rule|Species Clause: Limit one of each Pokémon
|rule|OHKO Clause: OHKO moves are banned
|rule|Evasion Moves Clause: Evasion moves are banned
|rule|Endless Battle Clause: Forcing endless battles is banned
|rule|HP Percentage Mod: HP is shown in percentages
|rule|Dynamax Clause: You cannot dynamax
|clearpoke
|poke|p1|Calyrex-Shadow|
|poke|p1|Xerneas-*|
|poke|p1|Eternatus|
|poke|p1|Necrozma-Dusk-Mane|
|poke|p1|Zygarde|
|poke|p1|Yveltal|
|poke|p2|Lunala|
|poke|p2|Ditto|
|poke|p2|Zarude|
|poke|p2|Yveltal|
|poke|p2|Ferrothorn, F|
|poke|p2|Blissey, F|
|teampreview
|inactive|Battle timer is ON: inactive players will automatically lose when time's up. (requested by yadyaksh yadav)
|inactiveoff|Battle timer is now OFF.
|
|t:|1656780456
|start
|switch|p1a: Necrozma|Necrozma-Dusk-Mane|100/100
|switch|p2a: Zarude|Zarude|100/100
|turn|1
|inactive|Battle timer is ON: inactive players will automatically lose when time's up. (requested by yadyaksh yadav)
|
|t:|1656780466
|switch|p1a: Xerneas|Xerneas|100/100
|-ability|p1a: Xerneas|Fairy Aura
|move|p2a: Zarude|Darkest Lariat|p1a: Xerneas
|-resisted|p1a: Xerneas
|-damage|p1a: Xerneas|90/100
|
|-heal|p1a: Xerneas|97/100|[from] item: Leftovers
|upkeep
|turn|2
|
|t:|1656780476
|switch|p2a: Blissey|Blissey, F|100/100
|move|p1a: Xerneas|Moonblast|p2a: Blissey
|-damage|p2a: Blissey|81/100
|
|-heal|p1a: Xerneas|100/100|[from] item: Leftovers
|upkeep
|turn|3
|
|t:|1656780485
|switch|p1a: Necrozma|Necrozma-Dusk-Mane|100/100
|move|p2a: Blissey|Toxic|p1a: Necrozma
|-immune|p1a: Necrozma
|
|upkeep
|turn|4
|
|t:|1656780493
|switch|p2a: Zarude|Zarude|100/100
|move|p1a: Necrozma|Stealth Rock|p2a: Zarude
|-sidestart|p2: Ryrissuu|move: Stealth Rock
|
|upkeep
|turn|5
|
|t:|1656780506
|switch|p1a: Xerneas|Xerneas|100/100
|-ability|p1a: Xerneas|Fairy Aura
|move|p2a: Zarude|Power Whip|p1a: Xerneas
|-damage|p1a: Xerneas|68/100
|
|-heal|p1a: Xerneas|74/100|[from] item: Leftovers
|upkeep
|turn|6
|
|t:|1656780520
|switch|p2a: Blissey|Blissey, F|81/100
|move|p1a: Xerneas|Moonblast|p2a: Blissey
|-damage|p2a: Blissey|61/100
|
|-heal|p1a: Xerneas|81/100|[from] item: Leftovers
|upkeep
|turn|7
|
|t:|1656780529
|switch|p1a: Necrozma|Necrozma-Dusk-Mane|100/100
|move|p2a: Blissey|Soft-Boiled|p2a: Blissey
|-heal|p2a: Blissey|100/100
|
|upkeep
|turn|8
|
|t:|1656780537
|switch|p2a: Lunala|Lunala|100/100
|move|p1a: Necrozma|Thunder Wave|p2a: Lunala
|-status|p2a: Lunala|par
|
|upkeep
|turn|9
|
|t:|1656780544
|move|p1a: Necrozma|Iron Head|p2a: Lunala
|-damage|p2a: Lunala|85/100 par
|cant|p2a: Lunala|par
|
|upkeep
|turn|10
|
|t:|1656780550
|move|p1a: Necrozma|Iron Head|p2a: Lunala
|-damage|p2a: Lunala|55/100 par
|cant|p2a: Lunala|par
|
|upkeep
|turn|11
|
|t:|1656780556
|move|p1a: Necrozma|Iron Head|p2a: Lunala
|-damage|p2a: Lunala|24/100 par
|move|p2a: Lunala|Roost|p2a: Lunala
|-heal|p2a: Lunala|74/100 par
|-singleturn|p2a: Lunala|move: Roost
|
|upkeep
|turn|12
|
|t:|1656780564
|move|p1a: Necrozma|Iron Head|p2a: Lunala
|-damage|p2a: Lunala|45/100 par
|cant|p2a: Lunala|flinch
|
|upkeep
|turn|13
|
|t:|1656780570
|switch|p1a: Yveltal|Yveltal|100/100
|-ability|p1a: Yveltal|Dark Aura
|move|p2a: Lunala|Roost|p2a: Lunala
|-heal|p2a: Lunala|95/100 par
|-singleturn|p2a: Lunala|move: Roost
|
|upkeep
|turn|14
|
|t:|1656780578
|switch|p2a: Zarude|Zarude|100/100
|move|p1a: Yveltal|Knock Off|p2a: Zarude
|-resisted|p2a: Zarude
|-damage|p2a: Zarude|76/100
|-enditem|p2a: Zarude|Heavy-Duty Boots|[from] move: Knock Off|[of] p1a: Yveltal
|
|upkeep
|turn|15
|
|t:|1656780591
|move|p2a: Zarude|Jungle Healing|p2a: Zarude
|-heal|p2a: Zarude|100/100
|move|p1a: Yveltal|U-turn|p2a: Zarude
|-supereffective|p2a: Zarude
|-damage|p2a: Zarude|27/100
|
|t:|1656780609
|switch|p1a: Eternatus|Eternatus|100/100|[from]move: U-turn
|-ability|p1a: Eternatus|Pressure
|
|upkeep
|turn|16
|
|t:|1656780616
|switch|p2a: Blissey|Blissey, F|100/100
|move|p1a: Eternatus|Sludge Bomb|p2a: Blissey
|-damage|p2a: Blissey|86/100
|
|upkeep
|turn|17
|j| Uberss
|
|t:|1656780636
|switch|p1a: Necrozma|Necrozma-Dusk-Mane|100/100
|switch|p2a: Zarude|Zarude|27/100
|-damage|p2a: Zarude|15/100|[from] Stealth Rock
|
|upkeep
|turn|18
|
|t:|1656780644
|switch|p1a: Xerneas|Xerneas|81/100
|-ability|p1a: Xerneas|Fairy Aura
|move|p2a: Zarude|Jungle Healing|p2a: Zarude
|-heal|p2a: Zarude|40/100
|
|-heal|p1a: Xerneas|87/100|[from] item: Leftovers
|upkeep
|turn|19
|
|t:|1656780662
|switch|p2a: Lunala|Lunala|95/100 par
|move|p1a: Xerneas|Moonblast|p2a: Lunala
|-damage|p2a: Lunala|55/100 par
|-unboost|p2a: Lunala|spa|1
|
|-heal|p1a: Xerneas|93/100|[from] item: Leftovers
|upkeep
|turn|20
|
|t:|1656780673
|move|p1a: Xerneas|Moonblast|p2a: Lunala
|-damage|p2a: Lunala|21/100 par
|move|p2a: Lunala|Roost|p2a: Lunala
|-heal|p2a: Lunala|71/100 par
|-singleturn|p2a: Lunala|move: Roost
|
|-heal|p1a: Xerneas|99/100|[from] item: Leftovers
|upkeep
|turn|21
|
|t:|1656780681
|switch|p1a: Yveltal|Yveltal|100/100
|-ability|p1a: Yveltal|Dark Aura
|move|p2a: Lunala|Roost|p2a: Lunala
|-heal|p2a: Lunala|100/100 par
|-singleturn|p2a: Lunala|move: Roost
|
|upkeep
|turn|22
|
|t:|1656780691
|switch|p2a: Blissey|Blissey, F|86/100
|move|p1a: Yveltal|Knock Off|p2a: Blissey
|-damage|p2a: Blissey|34/100
|-enditem|p2a: Blissey|Heavy-Duty Boots|[from] move: Knock Off|[of] p1a: Yveltal
|
|upkeep
|turn|23
|
|t:|1656780702
|move|p1a: Yveltal|Knock Off|p2a: Blissey
|-damage|p2a: Blissey|5/100
|move|p2a: Blissey|Soft-Boiled|p2a: Blissey
|-heal|p2a: Blissey|55/100
|
|upkeep
|turn|24
|
|t:|1656780708
|move|p1a: Yveltal|U-turn|p2a: Blissey
|-damage|p2a: Blissey|36/100
|
|t:|1656780712
|switch|p1a: Necrozma|Necrozma-Dusk-Mane|100/100|[from]move: U-turn
|move|p2a: Blissey|Soft-Boiled|p2a: Blissey
|-heal|p2a: Blissey|86/100
|
|upkeep
|turn|25
|
|t:|1656780725
|switch|p2a: Zarude|Zarude|40/100
|-damage|p2a: Zarude|28/100|[from] Stealth Rock
|move|p1a: Necrozma|Thunder Wave|p2a: Zarude
|-status|p2a: Zarude|par
|
|upkeep
|turn|26
|
|t:|1656780733
|move|p1a: Necrozma|Iron Head|p2a: Zarude
|-damage|p2a: Zarude|0 fnt
|faint|p2a: Zarude
|
|upkeep
|
|t:|1656780738
|switch|p2a: Ferrothorn|Ferrothorn, F|100/100
|-damage|p2a: Ferrothorn|94/100|[from] Stealth Rock
|turn|27
|
|t:|1656780744
|switch|p1a: Eternatus|Eternatus|100/100
|-ability|p1a: Eternatus|Pressure
|move|p2a: Ferrothorn|Leech Seed|p1a: Eternatus
|-start|p1a: Eternatus|move: Leech Seed
|
|-heal|p2a: Ferrothorn|100/100|[from] item: Leftovers
|-damage|p1a: Eternatus|88/100|[from] Leech Seed|[of] p2a: Ferrothorn
|upkeep
|turn|28
|
|t:|1656780754
|switch|p2a: Blissey|Blissey, F|86/100
|-damage|p2a: Blissey|74/100|[from] Stealth Rock
|move|p1a: Eternatus|Flamethrower|p2a: Blissey
|-damage|p2a: Blissey|63/100
|
|-heal|p1a: Eternatus|94/100|[from] item: Black Sludge
|-damage|p1a: Eternatus|82/100|[from] Leech Seed|[of] p2a: Blissey
|-heal|p2a: Blissey|72/100|[silent]
|upkeep
|turn|29
|
|t:|1656780766
|switch|p1a: Necrozma|Necrozma-Dusk-Mane|100/100
|move|p2a: Blissey|Soft-Boiled|p2a: Blissey
|-heal|p2a: Blissey|100/100
|
|upkeep
|turn|30
|
|t:|1656780773
|switch|p2a: Ferrothorn|Ferrothorn, F|100/100
|-damage|p2a: Ferrothorn|94/100|[from] Stealth Rock
|move|p1a: Necrozma|Thunder Wave|p2a: Ferrothorn
|-status|p2a: Ferrothorn|par
|
|-heal|p2a: Ferrothorn|100/100 par|[from] item: Leftovers
|upkeep
|turn|31
|
|t:|1656780784
|switch|p1a: Eternatus|Eternatus|82/100
|-ability|p1a: Eternatus|Pressure
|move|p2a: Ferrothorn|Gyro Ball|p1a: Eternatus
|-damage|p1a: Eternatus|44/100
|
|-heal|p1a: Eternatus|50/100|[from] item: Black Sludge
|upkeep
|turn|32
|
|t:|1656780794
|switch|p2a: Blissey|Blissey, F|100/100
|-damage|p2a: Blissey|88/100|[from] Stealth Rock
|move|p1a: Eternatus|Recover|p1a: Eternatus
|-heal|p1a: Eternatus|99/100
|
|-heal|p1a: Eternatus|100/100|[from] item: Black Sludge
|upkeep
|turn|33
|
|t:|1656780810
|switch|p1a: Necrozma|Necrozma-Dusk-Mane|100/100
|move|p2a: Blissey|Seismic Toss|p1a: Necrozma
|-damage|p1a: Necrozma|75/100
|
|-heal|p1a: Necrozma|81/100|[from] item: Leftovers
|upkeep
|turn|34
|
|t:|1656780821
|switch|p1a: Yveltal|Yveltal|100/100
|-ability|p1a: Yveltal|Dark Aura
|switch|p2a: Ferrothorn|Ferrothorn, F|100/100 par
|-damage|p2a: Ferrothorn|94/100 par|[from] Stealth Rock
|
|-heal|p2a: Ferrothorn|100/100 par|[from] item: Leftovers
|upkeep
|turn|35
|
|t:|1656780833
|move|p1a: Yveltal|Knock Off|p2a: Ferrothorn
|-damage|p2a: Ferrothorn|62/100 par
|-damage|p1a: Yveltal|88/100|[from] ability: Iron Barbs|[of] p2a: Ferrothorn
|-enditem|p2a: Ferrothorn|Leftovers|[from] move: Knock Off|[of] p1a: Yveltal
|move|p2a: Ferrothorn|Gyro Ball|p1a: Yveltal
|-damage|p1a: Yveltal|55/100
|
|upkeep
|turn|36
|
|t:|1656780845
|move|p1a: Yveltal|U-turn|p2a: Ferrothorn
|-damage|p2a: Ferrothorn|49/100 par
|-damage|p1a: Yveltal|43/100|[from] ability: Iron Barbs|[of] p2a: Ferrothorn
|
|t:|1656780849
|switch|p1a: Necrozma|Necrozma-Dusk-Mane|81/100|[from]move: U-turn
|move|p2a: Ferrothorn|Leech Seed|p1a: Necrozma
|-start|p1a: Necrozma|move: Leech Seed
|
|-heal|p1a: Necrozma|87/100|[from] item: Leftovers
|-damage|p1a: Necrozma|75/100|[from] Leech Seed|[of] p2a: Ferrothorn
|-heal|p2a: Ferrothorn|62/100 par|[silent]
|upkeep
|turn|37
|
|t:|1656780860
|switch|p1a: Eternatus|Eternatus|100/100
|-ability|p1a: Eternatus|Pressure
|move|p2a: Ferrothorn|Iron Defense|p2a: Ferrothorn
|-boost|p2a: Ferrothorn|def|2
|
|upkeep
|turn|38
|
|t:|1656780870
|switch|p2a: Blissey|Blissey, F|88/100
|-damage|p2a: Blissey|76/100|[from] Stealth Rock
|move|p1a: Eternatus|Flamethrower|p2a: Blissey
|-crit|p2a: Blissey
|-damage|p2a: Blissey|59/100
|
|upkeep
|turn|39
|
|t:|1656780878
|switch|p1a: Necrozma|Necrozma-Dusk-Mane|75/100
|move|p2a: Blissey|Soft-Boiled|p2a: Blissey
|-heal|p2a: Blissey|100/100
|
|-heal|p1a: Necrozma|81/100|[from] item: Leftovers
|upkeep
|turn|40
|
|t:|1656780888
|switch|p1a: Yveltal|Yveltal|43/100
|-ability|p1a: Yveltal|Dark Aura
|switch|p2a: Yveltal|Yveltal|100/100
|-damage|p2a: Yveltal|76/100|[from] Stealth Rock
|-ability|p2a: Yveltal|Dark Aura
|
|upkeep
|turn|41
|
|t:|1656780898
|move|p2a: Yveltal|Oblivion Wing|p1a: Yveltal
|-damage|p1a: Yveltal|20/100
|-heal|p2a: Yveltal|95/100|[from] drain|[of] p1a: Yveltal
|move|p1a: Yveltal|Roost|p1a: Yveltal
|-heal|p1a: Yveltal|70/100
|-singleturn|p1a: Yveltal|move: Roost
|
|upkeep
|turn|42
|
|t:|1656780909
|move|p2a: Yveltal|Tailwind|p2a: Yveltal
|-sidestart|p2: Ryrissuu|move: Tailwind
|move|p1a: Yveltal|Roost|p1a: Yveltal
|-heal|p1a: Yveltal|100/100
|-singleturn|p1a: Yveltal|move: Roost
|
|upkeep
|turn|43
|
|t:|1656780916
|move|p2a: Yveltal|Dark Pulse|p1a: Yveltal
|-resisted|p1a: Yveltal
|-damage|p1a: Yveltal|84/100
|move|p1a: Yveltal|Knock Off|p2a: Yveltal
|-resisted|p2a: Yveltal
|-damage|p2a: Yveltal|79/100
|
|upkeep
|turn|44
|
|t:|1656780923
|move|p2a: Yveltal|Dark Pulse|p1a: Yveltal
|-resisted|p1a: Yveltal
|-damage|p1a: Yveltal|68/100
|move|p1a: Yveltal|U-turn|p2a: Yveltal
|-damage|p2a: Yveltal|60/100
|
|t:|1656780928
|switch|p1a: Xerneas|Xerneas|99/100|[from]move: U-turn
|-ability|p1a: Xerneas|Fairy Aura
|
|-heal|p1a: Xerneas|100/100|[from] item: Leftovers
|upkeep
|turn|45
|
|t:|1656780939
|switch|p2a: Blissey|Blissey, F|100/100
|-damage|p2a: Blissey|88/100|[from] Stealth Rock
|move|p1a: Xerneas|Moonblast|p2a: Blissey
|-damage|p2a: Blissey|67/100
|
|-sideend|p2: Ryrissuu|move: Tailwind
|upkeep
|turn|46
|
|t:|1656780949
|switch|p1a: Calyrex|Calyrex-Shadow|100/100
|-ability|p1a: Calyrex|As One
|-ability|p1a: Calyrex|Unnerve
|move|p2a: Blissey|Soft-Boiled|p2a: Blissey
|-heal|p2a: Blissey|100/100
|
|upkeep
|turn|47
|
|t:|1656780958
|move|p1a: Calyrex|Psyshock|p2a: Blissey
|-damage|p2a: Blissey|35/100
|move|p2a: Blissey|Toxic|p1a: Calyrex|[miss]
|-miss|p2a: Blissey|p1a: Calyrex
|
|upkeep
|turn|48
|
|t:|1656780965
|switch|p1a: Xerneas|Xerneas|100/100
|-ability|p1a: Xerneas|Fairy Aura
|switch|p2a: Yveltal|Yveltal|60/100
|-damage|p2a: Yveltal|35/100|[from] Stealth Rock
|-ability|p2a: Yveltal|Dark Aura
|
|upkeep
|turn|49
|
|t:|1656780975
|switch|p2a: Ferrothorn|Ferrothorn, F|62/100 par
|-damage|p2a: Ferrothorn|56/100 par|[from] Stealth Rock
|move|p1a: Xerneas|Moonblast|p2a: Ferrothorn
|-resisted|p2a: Ferrothorn
|-damage|p2a: Ferrothorn|38/100 par
|
|upkeep
|turn|50
|
|t:|1656780989
|switch|p1a: Necrozma|Necrozma-Dusk-Mane|81/100
|move|p2a: Ferrothorn|Leech Seed|p1a: Necrozma
|-start|p1a: Necrozma|move: Leech Seed
|
|-heal|p1a: Necrozma|87/100|[from] item: Leftovers
|-damage|p1a: Necrozma|75/100|[from] Leech Seed|[of] p2a: Ferrothorn
|-heal|p2a: Ferrothorn|52/100 par|[silent]
|upkeep
|turn|51
|
|t:|1656780999
|switch|p1a: Eternatus|Eternatus|100/100
|-ability|p1a: Eternatus|Pressure
|move|p2a: Ferrothorn|Iron Defense|p2a: Ferrothorn
|-boost|p2a: Ferrothorn|def|2
|
|upkeep
|turn|52
|
|t:|1656781008
|switch|p2a: Blissey|Blissey, F|35/100
|-damage|p2a: Blissey|23/100|[from] Stealth Rock
|move|p1a: Eternatus|Flamethrower|p2a: Blissey
|-damage|p2a: Blissey|13/100
|
|upkeep
|turn|53
|
|t:|1656781017
|move|p1a: Eternatus|Dynamax Cannon|p2a: Blissey
|-damage|p2a: Blissey|0 fnt
|faint|p2a: Blissey
|
|upkeep
|-message|Ryrissuu forfeited.
|
|win|yadyaksh yadav
|raw|yadyaksh yadav's rating: 1350 &rarr; <strong>1372</strong><br />(+22 for winning)
|raw|Ryrissuu's rating: 1377 &rarr; <strong>1355</strong><br />(-22 for losing)
|l|☆Ryrissuu
