|j|☆Inder
|j|☆Royal1604
|t:|1665224427
|gametype|singles
|player|p1|Inder|diantha|
|player|p2|Royal1604|#agplivlionsden|
|teamsize|p1|6
|teamsize|p2|6
|gen|8
|tier|[Gen 8] Ubers
|rule|Sleep Clause Mod: Limit one foe put to sleep
|rule|Species Clause: Limit one of each Pokémon
|rule|OHKO Clause: OHKO moves are banned
|rule|Evasion Items Clause: Evasion items are banned
|rule|Evasion Moves Clause: Evasion moves are banned
|rule|Endless Battle Clause: Forcing endless battles is banned
|rule|HP Percentage Mod: HP is shown in percentages
|rule|Dynamax Clause: You cannot dynamax
|clearpoke
|poke|p1|Necrozma-Dusk-Mane|
|poke|p1|Calyrex-Shadow|
|poke|p1|Eternatus|
|poke|p1|Groudon|
|poke|p1|Yveltal|
|poke|p1|Zekrom|
|poke|p2|Kyogre|
|poke|p2|Necrozma-Dusk-Mane|
|poke|p2|Urshifu-*, F|
|poke|p2|Eternatus|
|poke|p2|Xerneas-*|
|poke|p2|Yveltal|
|teampreview
|inactive|Battle timer is ON: inactive players will automatically lose when time's up. (requested by Royal1604)
|inactive|Inder also wants the timer to be on.
|c|☆Royal1604|hf
|c|☆Inder|hf
|inactive|Inder has 270 seconds left.
|inactive|Royal1604 has 270 seconds left.
|j|%Clementine
|c|%Clementine|vous pouvez
|c|%Clementine|//publicroom
|inactive|Inder has 240 seconds left.
|c|%Clementine|svp :pray:
|c|☆Royal1604|/log Royal1604 made this room public.
|j| mimilimi ♫☯
|j| Le Dieun ❤ notor
|j| 4mi
|j| Jeza.p
|j| Chose Truc
|c|%Clementine|merci Royal
|c|%Clementine|gl
|c|☆Inder|bien vu
|l| Jeza.p
|l| 4mi
|j| SGKI
|inactive|Inder has 210 seconds left.
|j| Don Colombus
|j| un nouveau depart.
|j|+keys
|c| SGKI|allez inder
|j| GoldCAM
|l| Don Colombus
|inactive|Inder has 180 seconds left.
|
|t:|1665224553
|start
|switch|p1a: King shuwroar.|Necrozma-Dusk-Mane|100/100
|switch|p2a: Kyogre|Kyogre|100/100
|-weather|RainDance|[from] ability: Drizzle|[of] p2a: Kyogre
|turn|1
|l| SGKI
|j| Esperar2Segundos
|j| Futtoka
|c| un nouveau depart.|nah the dickeating is crazy
|j| SGKI
|
|t:|1665224569
|switch|p1a: Eternatus|Eternatus|100/100
|-ability|p1a: Eternatus|Pressure
|move|p2a: Kyogre|Thunder Wave|p1a: Eternatus
|-status|p1a: Eternatus|par
|
|-weather|RainDance|[upkeep]
|upkeep
|turn|2
|c| Futtoka|un nouveau depart.
|j| Giga㋛Chandelure-☂
|inactive|Inder has 240 seconds left.
|j| Akeras
|j| Jeza.p
|
|t:|1665224597
|switch|p1a: Octopus kNIGHT|Zekrom|100/100
|-ability|p1a: Octopus kNIGHT|Teravolt
|move|p2a: Kyogre|Substitute|p2a: Kyogre
|-start|p2a: Kyogre|Substitute
|-damage|p2a: Kyogre|75/100
|
|-weather|RainDance|[upkeep]
|-heal|p2a: Kyogre|82/100|[from] item: Leftovers
|upkeep
|turn|3
|j| Hoennseptile
|inactive|Inder has 240 seconds left.
|j| Menacce17
|
|t:|1665224608
|move|p1a: Octopus kNIGHT|Scale Shot|p2a: Kyogre
|-activate|p2a: Kyogre|move: Substitute|[damage]
|-end|p2a: Kyogre|Substitute
|-crit|p2a: Kyogre
|-damage|p2a: Kyogre|57/100
|-damage|p2a: Kyogre|39/100
|-hitcount|p2a: Kyogre|4
|-unboost|p1a: Octopus kNIGHT|def|1
|-boost|p1a: Octopus kNIGHT|spe|1
|-damage|p1a: Octopus kNIGHT|91/100|[from] item: Life Orb
|move|p2a: Kyogre|Surf|p1a: Octopus kNIGHT
|-resisted|p1a: Octopus kNIGHT
|-damage|p1a: Octopus kNIGHT|45/100
|
|-weather|RainDance|[upkeep]
|-heal|p2a: Kyogre|45/100|[from] item: Leftovers
|upkeep
|turn|4
|
|t:|1665224627
|switch|p2a: Eternatus|Eternatus|100/100
|-ability|p2a: Eternatus|Pressure
|move|p1a: Octopus kNIGHT|Roost|p1a: Octopus kNIGHT
|-heal|p1a: Octopus kNIGHT|95/100
|-singleturn|p1a: Octopus kNIGHT|move: Roost
|
|-weather|RainDance|[upkeep]
|upkeep
|turn|5
|inactive|Inder has 240 seconds left.
|j|+Dragonillis
|inactive|Royal1604 has 270 seconds left.
|j| Nultiprise
|l|+Dragonillis
|j| wertsd26
|j| ORAS tests
|j| Oldcvcv
|l| SGKI
|
|t:|1665224674
|switch|p1a: King shuwroar.|Necrozma-Dusk-Mane|100/100
|switch|p2a: Xerneas|Xerneas|100/100
|-ability|p2a: Xerneas|Fairy Aura
|-item|p2a: Xerneas|Air Balloon
|
|-weather|none
|upkeep
|turn|6
|j| Nael222
|j| Micciu20250
|j| Scoptile
|j| Remi25
|j|+Dragonillis
|j| SGKI
|inactive|Royal1604 has 240 seconds left.
|
|t:|1665224691
|switch|p2a: Yveltal|Yveltal|100/100
|-ability|p2a: Yveltal|Dark Aura
|move|p1a: King shuwroar.|Knock Off|p2a: Yveltal
|-resisted|p2a: Yveltal
|-crit|p2a: Yveltal
|-damage|p2a: Yveltal|68/100
|-enditem|p2a: Yveltal|Heavy-Duty Boots|[from] move: Knock Off|[of] p1a: King shuwroar.
|
|upkeep
|turn|7
|l| Jeza.p
|
|t:|1665224700
|switch|p1a: the ROOK|Groudon|100/100
|-weather|SunnyDay|[from] ability: Drought|[of] p1a: the ROOK
|move|p2a: Yveltal|Knock Off|p1a: the ROOK
|-damage|p1a: the ROOK|68/100
|-enditem|p1a: the ROOK|Leftovers|[from] move: Knock Off|[of] p2a: Yveltal
|
|-weather|SunnyDay|[upkeep]
|upkeep
|turn|8
|j|@ironwater
|
|t:|1665224704
|move|p2a: Yveltal|U-turn|p1a: the ROOK
|-damage|p1a: the ROOK|58/100
|
|t:|1665224706
|switch|p2a: Kyogre|Kyogre|45/100|[from]move: U-turn
|-weather|RainDance|[from] ability: Drizzle|[of] p2a: Kyogre
|move|p1a: the ROOK|Toxic|p2a: Kyogre|[miss]
|-miss|p1a: the ROOK|p2a: Kyogre
|
|-weather|RainDance|[upkeep]
|-heal|p2a: Kyogre|51/100|[from] item: Leftovers
|upkeep
|turn|9
|j| Heerv
|
|t:|1665224721
|switch|p1a: Octopus kNIGHT|Zekrom|95/100
|-ability|p1a: Octopus kNIGHT|Teravolt
|move|p2a: Kyogre|Surf|p1a: Octopus kNIGHT
|-resisted|p1a: Octopus kNIGHT
|-damage|p1a: Octopus kNIGHT|47/100
|
|-weather|RainDance|[upkeep]
|-heal|p2a: Kyogre|58/100|[from] item: Leftovers
|upkeep
|turn|10
|j| RichardMillePlain
|
|t:|1665224732
|switch|p2a: Xerneas|Xerneas|100/100
|-ability|p2a: Xerneas|Fairy Aura
|-item|p2a: Xerneas|Air Balloon
|move|p1a: Octopus kNIGHT|Bolt Strike|p2a: Xerneas
|-damage|p2a: Xerneas|45/100
|-enditem|p2a: Xerneas|Air Balloon
|-damage|p1a: Octopus kNIGHT|37/100|[from] item: Life Orb
|
|-weather|RainDance|[upkeep]
|upkeep
|turn|11
|inactive|Royal1604 has 270 seconds left.
|
|t:|1665224737
|switch|p2a: Eternatus|Eternatus|100/100
|-ability|p2a: Eternatus|Pressure
|move|p1a: Octopus kNIGHT|Bolt Strike|p2a: Eternatus
|-resisted|p2a: Eternatus
|-damage|p2a: Eternatus|63/100
|-damage|p1a: Octopus kNIGHT|27/100|[from] item: Life Orb
|
|-weather|RainDance|[upkeep]
|upkeep
|turn|12
|inactive|Inder has 270 seconds left.
|
|t:|1665224745
|switch|p1a: King shuwroar.|Necrozma-Dusk-Mane|100/100
|move|p2a: Eternatus|Dynamax Cannon|p1a: King shuwroar.
|-resisted|p1a: King shuwroar.
|-damage|p1a: King shuwroar.|79/100
|
|-weather|none
|-heal|p1a: King shuwroar.|86/100|[from] item: Leftovers
|upkeep
|turn|13
|j| Jeza.p
|j|+kino
|inactive|Royal1604 has 270 seconds left.
|
|t:|1665224760
|switch|p2a: Yveltal|Yveltal|68/100
|-ability|p2a: Yveltal|Dark Aura
|move|p1a: King shuwroar.|Dragon Dance|p1a: King shuwroar.
|-boost|p1a: King shuwroar.|atk|1
|-boost|p1a: King shuwroar.|spe|1
|
|-heal|p1a: King shuwroar.|92/100|[from] item: Leftovers
|upkeep
|turn|14
|j| Masskeauuu
|j|+Tuthur
|inactive|Royal1604 has 270 seconds left.
|j| Boulicrok
|
|t:|1665224781
|move|p1a: King shuwroar.|Sunsteel Strike|p2a: Yveltal
|-damage|p2a: Yveltal|0 fnt
|faint|p2a: Yveltal
|
|-heal|p1a: King shuwroar.|98/100|[from] item: Leftovers
|upkeep
|l| Akeras
|
|t:|1665224783
|switch|p2a: Kyogre|Kyogre|58/100
|-weather|RainDance|[from] ability: Drizzle|[of] p2a: Kyogre
|turn|15
|inactive|Royal1604 has 270 seconds left.
|j| BlessyZ
|
|t:|1665224793
|switch|p1a: the ROOK|Groudon|58/100
|-weather|SunnyDay|[from] ability: Drought|[of] p1a: the ROOK
|move|p2a: Kyogre|Thunder Wave|p1a: the ROOK
|-immune|p1a: the ROOK
|
|-weather|SunnyDay|[upkeep]
|-heal|p2a: Kyogre|64/100|[from] item: Leftovers
|upkeep
|turn|16
|j| OmBrArch
|inactive|Royal1604 has 270 seconds left.
|
|t:|1665224801
|move|p2a: Kyogre|Surf|p1a: the ROOK
|-supereffective|p1a: the ROOK
|-crit|p1a: the ROOK
|-damage|p1a: the ROOK|0 fnt
|faint|p1a: the ROOK
|
|-weather|SunnyDay|[upkeep]
|-heal|p2a: Kyogre|70/100|[from] item: Leftovers
|upkeep
|j| Filon
|l| Boulicrok
|
|t:|1665224808
|switch|p1a: Octopus kNIGHT|Zekrom|27/100
|-ability|p1a: Octopus kNIGHT|Teravolt
|turn|17
|
|t:|1665224813
|switch|p2a: Eternatus|Eternatus|63/100
|-ability|p2a: Eternatus|Pressure
|move|p1a: Octopus kNIGHT|Roost|p1a: Octopus kNIGHT
|-heal|p1a: Octopus kNIGHT|78/100
|-singleturn|p1a: Octopus kNIGHT|move: Roost
|
|-weather|SunnyDay|[upkeep]
|upkeep
|turn|18
|
|t:|1665224822
|switch|p1a: bishop|Yveltal|100/100
|-ability|p1a: bishop|Dark Aura
|move|p2a: Eternatus|Flamethrower|p1a: bishop
|-crit|p1a: bishop
|-damage|p1a: bishop|56/100
|-status|p1a: bishop|brn
|
|-weather|SunnyDay|[upkeep]
|-damage|p1a: bishop|50/100 brn|[from] brn
|upkeep
|turn|19
|j| FC MIKU ♥️
|
|t:|1665224830
|switch|p2a: Xerneas|Xerneas|45/100
|-ability|p2a: Xerneas|Fairy Aura
|move|p1a: bishop|Roost|p1a: bishop
|-heal|p1a: bishop|99/100 brn
|-singleturn|p1a: bishop|move: Roost
|
|-weather|none
|-damage|p1a: bishop|93/100 brn|[from] brn
|upkeep
|turn|20
|
|t:|1665224834
|move|p1a: bishop|Taunt|p2a: Xerneas
|-start|p2a: Xerneas|move: Taunt
|cant|p2a: Xerneas|move: Taunt|Rest
|
|-damage|p1a: bishop|87/100 brn|[from] brn
|upkeep
|turn|21
|
|t:|1665224839
|move|p1a: bishop|Knock Off|p2a: Xerneas
|-resisted|p2a: Xerneas
|-damage|p2a: Xerneas|41/100
|move|p2a: Xerneas|Moonblast|p1a: bishop
|-supereffective|p1a: bishop
|-damage|p1a: bishop|2/100 brn
|
|-damage|p1a: bishop|0 fnt|[from] brn
|faint|p1a: bishop
|upkeep
|
|t:|1665224842
|switch|p1a: Queen's Gambit|Calyrex-Shadow|100/100
|-ability|p1a: Queen's Gambit|As One
|-ability|p1a: Queen's Gambit|Unnerve
|turn|22
|
|t:|1665224851
|move|p1a: Queen's Gambit|Astral Barrage|p2a: Xerneas
|-damage|p2a: Xerneas|0 fnt
|faint|p2a: Xerneas
|-ability|p1a: Queen's Gambit|Grim Neigh|boost
|-boost|p1a: Queen's Gambit|spa|1
|
|upkeep
|j| ChaFouu
|
|t:|1665224853
|switch|p2a: Urshifu|Urshifu, F|100/100
|turn|23
|l| wertsd26
|j| wertsd26
|inactive|Inder has 270 seconds left.
|
|t:|1665224884
|switch|p1a: Eternatus|Eternatus|100/100 par
|-ability|p1a: Eternatus|Pressure
|move|p2a: Urshifu|Wicked Blow|p1a: Eternatus
|-crit|p1a: Eternatus
|-damage|p1a: Eternatus|28/100 par
|
|-heal|p1a: Eternatus|34/100 par|[from] item: Black Sludge
|upkeep
|turn|24
|l|+kino
|
|t:|1665224910
|move|p2a: Urshifu|Wicked Blow|p1a: Eternatus
|-crit|p1a: Eternatus
|-damage|p1a: Eternatus|0 fnt
|faint|p1a: Eternatus
|
|upkeep
|j| Skyrio
|j| Hyss
|
|t:|1665224913
|switch|p1a: Octopus kNIGHT|Zekrom|78/100
|-ability|p1a: Octopus kNIGHT|Teravolt
|turn|25
|
|t:|1665224919
|switch|p2a: Necrozma|Necrozma-Dusk-Mane|100/100
|move|p1a: Octopus kNIGHT|Scale Shot|p2a: Necrozma
|-resisted|p2a: Necrozma
|-damage|p2a: Necrozma|94/100
|-resisted|p2a: Necrozma
|-damage|p2a: Necrozma|87/100
|-resisted|p2a: Necrozma
|-damage|p2a: Necrozma|82/100
|-hitcount|p2a: Necrozma|3
|-unboost|p1a: Octopus kNIGHT|def|1
|-boost|p1a: Octopus kNIGHT|spe|1
|-damage|p1a: Octopus kNIGHT|68/100|[from] item: Life Orb
|
|-heal|p2a: Necrozma|88/100|[from] item: Leftovers
|upkeep
|turn|26
|
|t:|1665224926
|move|p1a: Octopus kNIGHT|Bolt Strike|p2a: Necrozma
|-crit|p2a: Necrozma
|-damage|p2a: Necrozma|0 fnt
|faint|p2a: Necrozma
|-damage|p1a: Octopus kNIGHT|58/100|[from] item: Life Orb
|
|upkeep
|l| FC MIKU ♥️
|
|t:|1665224935
|switch|p2a: Urshifu|Urshifu, F|100/100
|turn|27
|j| FC MIKU ♥️
|j| Encore un verre
|
|t:|1665224962
|move|p2a: Urshifu|Sucker Punch|p1a: Octopus kNIGHT
|-damage|p1a: Octopus kNIGHT|0 fnt
|faint|p1a: Octopus kNIGHT
|
|upkeep
|
|t:|1665224965
|switch|p1a: Queen's Gambit|Calyrex-Shadow|100/100
|-ability|p1a: Queen's Gambit|As One
|-ability|p1a: Queen's Gambit|Unnerve
|turn|28
|
|t:|1665224970
|switch|p2a: Eternatus|Eternatus|63/100
|-ability|p2a: Eternatus|Pressure
|move|p1a: Queen's Gambit|Nasty Plot|p1a: Queen's Gambit
|-boost|p1a: Queen's Gambit|spa|2
|
|upkeep
|turn|29
|j| Sirwings
|
|t:|1665224976
|move|p1a: Queen's Gambit|Astral Barrage|p2a: Eternatus
|-damage|p2a: Eternatus|0 fnt
|faint|p2a: Eternatus
|-ability|p1a: Queen's Gambit|Grim Neigh|boost
|-boost|p1a: Queen's Gambit|spa|1
|
|upkeep
|
|t:|1665224977
|switch|p2a: Urshifu|Urshifu, F|100/100
|turn|30
|j| 94260LC
|j| Elfuseon
|inactive|Royal1604 has 270 seconds left.
|l| Nael222
|inactive|Inder has 270 seconds left.
|l| wertsd26
|j| Nael222
|inactive|Royal1604 has 240 seconds left.
|j| wertsd26
|
|t:|1665225045
|move|p2a: Urshifu|Sucker Punch||[still]
|-fail|p2a: Urshifu
|move|p1a: Queen's Gambit|Substitute|p1a: Queen's Gambit
|-start|p1a: Queen's Gambit|Substitute
|-damage|p1a: Queen's Gambit|76/100
|
|-heal|p1a: Queen's Gambit|82/100|[from] item: Leftovers
|upkeep
|turn|31
|inactive|Royal1604 has 240 seconds left.
|
|t:|1665225055
|move|p2a: Urshifu|Sucker Punch||[still]
|-fail|p2a: Urshifu
|move|p1a: Queen's Gambit|Nasty Plot|p1a: Queen's Gambit
|-boost|p1a: Queen's Gambit|spa|2
|
|-heal|p1a: Queen's Gambit|88/100|[from] item: Leftovers
|upkeep
|turn|32
|c|☆Royal1604|gg
|c|☆Inder|gg
|l| Hyss
|-message|Royal1604 forfeited.
|
|win|Inder
|l|☆Royal1604
|l|+keys
|l| Micciu20250
|l| FC MIKU ♥️
|l| Jeza.p
|l| ChaFouu
|l| RichardMillePlain
|l| Heerv
|l| Nael222
|l| Sirwings
|l|%Clementine
|l| Menacce17
|l| Filon
|l| Skyrio
|l| Scoptile
|l| Encore un verre
|l|+Tuthur
|l| wertsd26
|l| Elfuseon
|l| Masskeauuu
|j| CaptainEikichi
|l| Oldcvcv
|l| 94260LC
|j|+SFG
|l| CaptainEikichi
|l| Hoennseptile
|l| SGKI
