|j|☆neptune732
|j|☆Peeky07
|t:|1636253614
|gametype|singles
|player|p1|neptune732|1|1502
|player|p2|Peeky07|266|1391
|teamsize|p1|6
|teamsize|p2|6
|gen|8
|tier|[Gen 8] Ubers
|rated|
|rule|Sleep Clause Mod: Limit one foe put to sleep
|rule|Species Clause: Limit one of each Pokémon
|rule|OHKO Clause: OHKO moves are banned
|rule|Evasion Moves Clause: Evasion moves are banned
|rule|Endless Battle Clause: Forcing endless battles is banned
|rule|HP Percentage Mod: HP is shown in percentages
|rule|Dynamax Clause: You cannot dynamax
|clearpoke
|poke|p1|Scolipede, F|
|poke|p1|Obstagoon, M|
|poke|p1|Calyrex-Shadow|
|poke|p1|Darmanitan-Galar, F|
|poke|p1|Kyurem-Black|
|poke|p1|Melmetal|
|poke|p2|Shedinja|
|poke|p2|Palkia|
|poke|p2|Kyogre|
|poke|p2|Groudon|
|poke|p2|Ho-Oh|
|poke|p2|Yveltal|
|teampreview
|inactive|Battle timer is ON: inactive players will automatically lose when time's up. (requested by Peeky07)
|
|t:|1636253644
|start
|switch|p1a: Kyurem|Kyurem-Black|100/100
|switch|p2a: Palkia|Palkia|100/100
|-ability|p2a: Palkia|Pressure
|-ability|p1a: Kyurem|Teravolt
|turn|1
|
|t:|1636253669
|switch|p1a: Scolipede|Scolipede, F|100/100
|move|p2a: Palkia|Spacial Rend|p1a: Scolipede
|-enditem|p1a: Scolipede|Focus Sash
|-damage|p1a: Scolipede|1/100
|
|upkeep
|turn|2
|
|t:|1636253676
|move|p1a: Scolipede|Endeavor|p2a: Palkia
|-damage|p2a: Palkia|1/100
|move|p2a: Palkia|Spacial Rend|p1a: Scolipede
|-damage|p1a: Scolipede|0 fnt
|faint|p1a: Scolipede
|
|upkeep
|
|t:|1636253688
|switch|p1a: Calyrex|Calyrex-Shadow|100/100
|-ability|p1a: Calyrex|As One
|-ability|p1a: Calyrex|Unnerve
|turn|3
|
|t:|1636253698
|move|p1a: Calyrex|Substitute|p1a: Calyrex
|-start|p1a: Calyrex|Substitute
|-damage|p1a: Calyrex|76/100
|move|p2a: Palkia|Spacial Rend|p1a: Calyrex
|-crit|p1a: Calyrex
|-end|p1a: Calyrex|Substitute
|
|-heal|p1a: Calyrex|82/100|[from] item: Leftovers
|upkeep
|turn|4
|
|t:|1636253706
|move|p1a: Calyrex|Astral Barrage|p2a: Palkia
|-damage|p2a: Palkia|0 fnt
|faint|p2a: Palkia
|-ability|p1a: Calyrex|Grim Neigh|boost
|-boost|p1a: Calyrex|spa|1
|
|-heal|p1a: Calyrex|88/100|[from] item: Leftovers
|upkeep
|
|t:|1636253709
|switch|p2a: Yveltal|Yveltal|100/100
|-ability|p2a: Yveltal|Dark Aura
|turn|5
|
|t:|1636253724
|switch|p1a: Melmetal|Melmetal|100/100
|move|p2a: Yveltal|Dark Pulse|p1a: Melmetal
|-damage|p1a: Melmetal|33/100
|-damage|p2a: Yveltal|91/100|[from] item: Life Orb
|
|upkeep
|turn|6
|
|t:|1636253732
|move|p2a: Yveltal|Dark Pulse|p1a: Melmetal
|-damage|p1a: Melmetal|0 fnt
|faint|p1a: Melmetal
|-damage|p2a: Yveltal|81/100|[from] item: Life Orb
|
|upkeep
|
|t:|1636253741
|switch|p1a: Kyurem|Kyurem-Black|100/100
|-ability|p1a: Kyurem|Teravolt
|turn|7
|
|t:|1636253746
|move|p2a: Yveltal|Dark Pulse|p1a: Kyurem
|-damage|p1a: Kyurem|34/100
|-damage|p2a: Yveltal|71/100|[from] item: Life Orb
|cant|p1a: Kyurem|flinch
|
|upkeep
|turn|8
|
|t:|1636253755
|move|p2a: Yveltal|Dark Pulse|p1a: Kyurem
|-damage|p1a: Kyurem|0 fnt
|faint|p1a: Kyurem
|-damage|p2a: Yveltal|61/100|[from] item: Life Orb
|
|upkeep
|
|t:|1636253760
|switch|p1a: Darmanitan|Darmanitan-Galar, F|100/100
|turn|9
|
|t:|1636253765
|switch|p2a: Shedinja|Shedinja|100/100
|move|p1a: Darmanitan|Flare Blitz|p2a: Shedinja
|-supereffective|p2a: Shedinja
|-crit|p2a: Shedinja
|-enditem|p2a: Shedinja|Focus Sash
|-damage|p2a: Shedinja|100/100
|
|upkeep
|turn|10
|
|t:|1636253773
|switch|p2a: Ho-Oh|Ho-Oh|100/100
|move|p1a: Darmanitan|Flare Blitz|p2a: Ho-Oh
|-resisted|p2a: Ho-Oh
|-damage|p2a: Ho-Oh|78/100
|-damage|p1a: Darmanitan|92/100|[from] Recoil
|
|upkeep
|turn|11
|
|t:|1636253780
|switch|p1a: Obstagoon|Obstagoon, M|100/100
|move|p2a: Ho-Oh|Sacred Fire|p1a: Obstagoon
|-damage|p1a: Obstagoon|56/100
|-status|p1a: Obstagoon|brn
|
|-damage|p1a: Obstagoon|50/100 brn|[from] brn
|upkeep
|turn|12
|
|t:|1636253789
|move|p1a: Obstagoon|Knock Off|p2a: Ho-Oh
|-damage|p2a: Ho-Oh|32/100
|-enditem|p2a: Ho-Oh|Heavy-Duty Boots|[from] move: Knock Off|[of] p1a: Obstagoon
|move|p2a: Ho-Oh|Brave Bird|p1a: Obstagoon
|-damage|p1a: Obstagoon|0 fnt
|faint|p1a: Obstagoon
|-damage|p2a: Ho-Oh|19/100|[from] Recoil
|
|upkeep
|
|t:|1636253801
|switch|p1a: Darmanitan|Darmanitan-Galar, F|92/100
|turn|13
|
|t:|1636253818
|move|p1a: Darmanitan|Lash Out|p2a: Ho-Oh
|-crit|p2a: Ho-Oh
|-damage|p2a: Ho-Oh|0 fnt
|faint|p2a: Ho-Oh
|
|upkeep
|
|t:|1636253825
|switch|p2a: Groudon|Groudon|100/100
|-weather|SunnyDay|[from] ability: Drought|[of] p2a: Groudon
|turn|14
|
|t:|1636253831
|move|p1a: Darmanitan|Lash Out|p2a: Groudon
|-damage|p2a: Groudon|80/100
|move|p2a: Groudon|Stealth Rock|p1a: Darmanitan
|-sidestart|p1: neptune732|move: Stealth Rock
|
|-weather|SunnyDay|[upkeep]
|-heal|p2a: Groudon|86/100|[from] item: Leftovers
|upkeep
|turn|15
|
|t:|1636253838
|move|p1a: Darmanitan|Lash Out|p2a: Groudon
|-damage|p2a: Groudon|64/100
|move|p2a: Groudon|Stone Edge|p1a: Darmanitan
|-supereffective|p1a: Darmanitan
|-damage|p1a: Darmanitan|0 fnt
|faint|p1a: Darmanitan
|
|-weather|SunnyDay|[upkeep]
|-heal|p2a: Groudon|70/100|[from] item: Leftovers
|upkeep
|
|t:|1636253847
|switch|p1a: Calyrex|Calyrex-Shadow|88/100
|-ability|p1a: Calyrex|As One
|-ability|p1a: Calyrex|Unnerve
|-damage|p1a: Calyrex|76/100|[from] Stealth Rock
|turn|16
|
|t:|1636253856
|move|p1a: Calyrex|Substitute|p1a: Calyrex
|-start|p1a: Calyrex|Substitute
|-damage|p1a: Calyrex|51/100
|move|p2a: Groudon|Precipice Blades|p1a: Calyrex|[miss]
|-miss|p2a: Groudon|p1a: Calyrex
|
|-weather|SunnyDay|[upkeep]
|-heal|p1a: Calyrex|57/100|[from] item: Leftovers
|-heal|p2a: Groudon|76/100|[from] item: Leftovers
|upkeep
|turn|17
|
|t:|1636253885
|move|p1a: Calyrex|Astral Barrage|p2a: Groudon
|-damage|p2a: Groudon|3/100
|move|p2a: Groudon|Precipice Blades|p1a: Calyrex|[miss]
|-miss|p2a: Groudon|p1a: Calyrex
|
|-weather|SunnyDay|[upkeep]
|-heal|p1a: Calyrex|63/100|[from] item: Leftovers
|-heal|p2a: Groudon|10/100|[from] item: Leftovers
|upkeep
|turn|18
|
|t:|1636253898
|move|p1a: Calyrex|Astral Barrage|p2a: Groudon
|-damage|p2a: Groudon|0 fnt
|faint|p2a: Groudon
|-ability|p1a: Calyrex|Grim Neigh|boost
|-boost|p1a: Calyrex|spa|1
|
|-weather|none
|-heal|p1a: Calyrex|69/100|[from] item: Leftovers
|upkeep
|
|t:|1636253902
|switch|p2a: Shedinja|Shedinja|100/100
|turn|19
|
|t:|1636253909
|move|p2a: Shedinja|Shadow Sneak|p1a: Calyrex
|-supereffective|p1a: Calyrex
|-end|p1a: Calyrex|Substitute
|move|p1a: Calyrex|Astral Barrage|p2a: Shedinja
|-supereffective|p2a: Shedinja
|-damage|p2a: Shedinja|0 fnt
|faint|p2a: Shedinja
|-ability|p1a: Calyrex|Grim Neigh|boost
|-boost|p1a: Calyrex|spa|1
|
|-heal|p1a: Calyrex|75/100|[from] item: Leftovers
|upkeep
|
|t:|1636253914
|switch|p2a: Yveltal|Yveltal|61/100
|-ability|p2a: Yveltal|Dark Aura
|turn|20
|
|t:|1636253925
|move|p1a: Calyrex|Substitute|p1a: Calyrex
|-start|p1a: Calyrex|Substitute
|-damage|p1a: Calyrex|50/100
|move|p2a: Yveltal|Dark Pulse|p1a: Calyrex
|-supereffective|p1a: Calyrex
|-end|p1a: Calyrex|Substitute
|-damage|p2a: Yveltal|51/100|[from] item: Life Orb
|
|-heal|p1a: Calyrex|57/100|[from] item: Leftovers
|upkeep
|turn|21
|
|t:|1636253933
|move|p1a: Calyrex|Disable|p2a: Yveltal
|-start|p2a: Yveltal|Disable|Dark Pulse
|cant|p2a: Yveltal|Disable|Dark Pulse
|
|-heal|p1a: Calyrex|63/100|[from] item: Leftovers
|upkeep
|turn|22
|
|t:|1636253941
|move|p1a: Calyrex|Astral Barrage|p2a: Yveltal
|-resisted|p2a: Yveltal
|-damage|p2a: Yveltal|0 fnt
|faint|p2a: Yveltal
|-ability|p1a: Calyrex|Grim Neigh|boost
|-boost|p1a: Calyrex|spa|1
|
|-heal|p1a: Calyrex|69/100|[from] item: Leftovers
|upkeep
|
|t:|1636253944
|switch|p2a: Kyogre|Kyogre|100/100
|-weather|RainDance|[from] ability: Drizzle|[of] p2a: Kyogre
|turn|23
|
|t:|1636253952
|move|p1a: Calyrex|Astral Barrage|p2a: Kyogre
|-damage|p2a: Kyogre|0 fnt
|faint|p2a: Kyogre
|
|win|neptune732
|raw|neptune732's rating: 1502 &rarr; <strong>1516</strong><br />(+14 for winning)
|raw|Peeky07's rating: 1391 &rarr; <strong>1377</strong><br />(-14 for losing)
|l|☆Peeky07
