|j|☆yesman.90
|j|☆Orepharus
|t:|1620505704
|gametype|singles
|player|p1|yesman.90|266|1184
|player|p2|Orepharus|shadowtriad|1286
|teamsize|p1|6
|teamsize|p2|6
|gen|8
|tier|[Gen 8] Ubers
|rated|
|rule|Sleep Clause Mod: Limit one foe put to sleep
|rule|Species Clause: Limit one of each Pokémon
|rule|OHKO Clause: OHKO moves are banned
|rule|Evasion Moves Clause: Evasion moves are banned
|rule|Endless Battle Clause: Forcing endless battles is banned
|rule|HP Percentage Mod: HP is shown in percentages
|rule|Dynamax Clause: You cannot dynamax
|clearpoke
|poke|p1|Alakazam, F|
|poke|p1|Hippowdon, M|
|poke|p1|Dracovish|
|poke|p1|Slurpuff, F|
|poke|p1|Snorlax, F|
|poke|p1|Gastrodon, M|
|poke|p2|Magearna|
|poke|p2|Calyrex-Shadow|
|poke|p2|Yveltal|
|poke|p2|Rillaboom, M|
|poke|p2|Pheromosa|
|poke|p2|Kyogre|
|teampreview
|inactive|Battle timer is ON: inactive players will automatically lose when time's up. (requested by Orepharus)
|
|t:|1620505709
|start
|switch|p1a: Slurpuff|Slurpuff, F|100/100
|switch|p2a: Pheromosa|Pheromosa|100/100
|turn|1
|
|t:|1620505714
|move|p2a: Pheromosa|Triple Axel|p1a: Slurpuff
|-damage|p1a: Slurpuff|84/100
|-hitcount|p1a: Slurpuff|1
|move|p1a: Slurpuff|Sticky Web|p2a: Pheromosa
|-sidestart|p2: Orepharus|move: Sticky Web
|
|upkeep
|turn|2
|
|t:|1620505723
|move|p2a: Pheromosa|Rapid Spin|p1a: Slurpuff
|-damage|p1a: Slurpuff|46/100
|-boost|p2a: Pheromosa|spe|1
|-sideend|p2: Orepharus|Sticky Web|[from] move: Rapid Spin|[of] p2a: Pheromosa
|move|p1a: Slurpuff|Yawn|p2a: Pheromosa
|-start|p2a: Pheromosa|move: Yawn|[of] p1a: Slurpuff
|
|upkeep
|turn|3
|
|t:|1620505734
|move|p2a: Pheromosa|Triple Axel|p1a: Slurpuff|[miss]
|-miss|p2a: Pheromosa|p1a: Slurpuff
|move|p1a: Slurpuff|Endeavor|p2a: Pheromosa
|-damage|p2a: Pheromosa|44/100
|
|-end|p2a: Pheromosa|move: Yawn|[silent]
|-status|p2a: Pheromosa|slp
|upkeep
|turn|4
|
|t:|1620505743
|switch|p2a: Magearna|Magearna|100/100
|move|p1a: Slurpuff|Dazzling Gleam|p2a: Magearna
|-resisted|p2a: Magearna
|-damage|p2a: Magearna|94/100
|
|upkeep
|turn|5
|
|t:|1620505750
|move|p1a: Slurpuff|Endeavor|p2a: Magearna
|-damage|p2a: Magearna|35/100
|move|p2a: Magearna|Iron Head|p1a: Slurpuff
|-supereffective|p1a: Slurpuff
|-damage|p1a: Slurpuff|0 fnt
|faint|p1a: Slurpuff
|-ability|p2a: Magearna|Soul-Heart|boost
|-boost|p2a: Magearna|spa|1
|
|upkeep
|
|t:|1620505759
|switch|p1a: Hippowdon|Hippowdon, M, shiny|100/100
|-weather|Sandstorm|[from] ability: Sand Stream|[of] p1a: Hippowdon
|turn|6
|
|t:|1620505764
|move|p2a: Magearna|Ice Beam|p1a: Hippowdon
|-supereffective|p1a: Hippowdon
|-damage|p1a: Hippowdon|19/100
|move|p1a: Hippowdon|Earthquake|p2a: Magearna
|-supereffective|p2a: Magearna
|-damage|p2a: Magearna|0 fnt
|faint|p2a: Magearna
|
|-weather|Sandstorm|[upkeep]
|upkeep
|
|t:|1620505776
|switch|p2a: Yveltal|Yveltal|100/100
|-ability|p2a: Yveltal|Dark Aura
|turn|7
|
|t:|1620505791
|move|p2a: Yveltal|Dark Pulse|p1a: Hippowdon
|-crit|p1a: Hippowdon
|-damage|p1a: Hippowdon|0 fnt
|faint|p1a: Hippowdon
|
|-weather|Sandstorm|[upkeep]
|-damage|p2a: Yveltal|94/100|[from] Sandstorm
|upkeep
|
|t:|1620505797
|switch|p1a: Dracovish|Dracovish|100/100
|turn|8
|
|t:|1620505800
|switch|p2a: Pheromosa|Pheromosa|44/100 slp
|move|p1a: Dracovish|Fishious Rend|p2a: Pheromosa
|-damage|p2a: Pheromosa|0 fnt
|faint|p2a: Pheromosa
|-damage|p1a: Dracovish|91/100|[from] item: Life Orb
|
|-weather|Sandstorm|[upkeep]
|upkeep
|
|t:|1620505803
|switch|p2a: Rillaboom|Rillaboom, M|100/100
|-fieldstart|move: Grassy Terrain|[from] ability: Grassy Surge|[of] p2a: Rillaboom
|turn|9
|
|t:|1620505818
|move|p2a: Rillaboom|Grassy Glide|p1a: Dracovish
|-damage|p1a: Dracovish|23/100
|move|p1a: Dracovish|Dragon Rush|p2a: Rillaboom
|-damage|p2a: Rillaboom|36/100
|-damage|p1a: Dracovish|13/100|[from] item: Life Orb
|
|-weather|Sandstorm|[upkeep]
|-damage|p2a: Rillaboom|30/100|[from] Sandstorm
|-heal|p1a: Dracovish|19/100|[from] Grassy Terrain
|-heal|p2a: Rillaboom|36/100|[from] Grassy Terrain
|upkeep
|turn|10
|
|t:|1620505834
|move|p2a: Rillaboom|Grassy Glide|p1a: Dracovish
|-damage|p1a: Dracovish|0 fnt
|faint|p1a: Dracovish
|
|-weather|Sandstorm|[upkeep]
|-damage|p2a: Rillaboom|30/100|[from] Sandstorm
|-heal|p2a: Rillaboom|36/100|[from] Grassy Terrain
|upkeep
|
|t:|1620505841
|switch|p1a: Alakazam|Alakazam, F|100/100
|turn|11
|
|t:|1620505855
|switch|p2a: Yveltal|Yveltal|94/100
|-ability|p2a: Yveltal|Dark Aura
|move|p1a: Alakazam|Trick Room|p1a: Alakazam
|-fieldstart|move: Trick Room|[of] p1a: Alakazam
|
|-weather|Sandstorm|[upkeep]
|-damage|p2a: Yveltal|88/100|[from] Sandstorm
|upkeep
|turn|12
|
|t:|1620505865
|move|p2a: Yveltal|Dark Pulse|p1a: Alakazam
|-supereffective|p1a: Alakazam
|-enditem|p1a: Alakazam|Focus Sash
|-damage|p1a: Alakazam|1/100
|cant|p1a: Alakazam|flinch
|
|-weather|Sandstorm|[upkeep]
|-damage|p2a: Yveltal|82/100|[from] Sandstorm
|-heal|p1a: Alakazam|7/100|[from] Grassy Terrain
|upkeep
|turn|13
|
|t:|1620505874
|move|p2a: Yveltal|Dark Pulse|p1a: Alakazam
|-supereffective|p1a: Alakazam
|-damage|p1a: Alakazam|0 fnt
|faint|p1a: Alakazam
|
|-weather|none
|-fieldend|move: Grassy Terrain
|upkeep
|
|t:|1620505880
|switch|p1a: Snorlax|Snorlax, F|100/100
|turn|14
|
|t:|1620505885
|switch|p2a: Rillaboom|Rillaboom, M|36/100
|-fieldstart|move: Grassy Terrain|[from] ability: Grassy Surge|[of] p2a: Rillaboom
|move|p1a: Snorlax|Body Slam|p2a: Rillaboom
|-damage|p2a: Rillaboom|0 fnt
|faint|p2a: Rillaboom
|-damage|p1a: Snorlax|91/100|[from] item: Life Orb
|
|-heal|p1a: Snorlax|97/100|[from] Grassy Terrain
|upkeep
|
|t:|1620505888
|switch|p2a: Calyrex|Calyrex-Shadow|100/100
|-ability|p2a: Calyrex|As One
|-ability|p2a: Calyrex|Unnerve
|turn|15
|
|t:|1620505900
|switch|p2a: Yveltal|Yveltal|82/100
|-ability|p2a: Yveltal|Dark Aura
|move|p1a: Snorlax|Crunch|p2a: Yveltal
|-resisted|p2a: Yveltal
|-damage|p2a: Yveltal|59/100
|-damage|p1a: Snorlax|87/100|[from] item: Life Orb
|
|-heal|p1a: Snorlax|93/100|[from] Grassy Terrain
|-fieldend|move: Trick Room
|upkeep
|turn|16
|
|t:|1620505915
|switch|p2a: Kyogre|Kyogre|100/100
|-weather|RainDance|[from] ability: Drizzle|[of] p2a: Kyogre
|move|p1a: Snorlax|Body Slam|p2a: Kyogre
|-damage|p2a: Kyogre|34/100
|-damage|p1a: Snorlax|83/100|[from] item: Life Orb
|
|-weather|RainDance|[upkeep]
|-heal|p2a: Kyogre|40/100|[from] Grassy Terrain
|-heal|p1a: Snorlax|89/100|[from] Grassy Terrain
|upkeep
|turn|17
|
|t:|1620505927
|switch|p1a: Gastrodon|Gastrodon, M|100/100
|move|p2a: Kyogre|Origin Pulse|p1a: Gastrodon
|-damage|p1a: Gastrodon|0 fnt
|faint|p1a: Gastrodon
|
|-weather|RainDance|[upkeep]
|-heal|p2a: Kyogre|46/100|[from] Grassy Terrain
|upkeep
|
|t:|1620505935
|switch|p1a: Snorlax|Snorlax, F|89/100
|turn|18
|
|t:|1620505940
|move|p2a: Kyogre|Origin Pulse|p1a: Snorlax
|-damage|p1a: Snorlax|0 fnt
|faint|p1a: Snorlax
|
|win|Orepharus
|raw|yesman.90's rating: 1184 &rarr; <strong>1166</strong><br />(-18 for losing)
|raw|Orepharus's rating: 1286 &rarr; <strong>1304</strong><br />(+18 for winning)
