|j|☆gye5
|j|☆Pkmn3443
|t:|1634517239
|gametype|singles
|player|p1|gye5|blue|1598
|player|p2|Pkmn3443|169|1654
|teamsize|p1|6
|teamsize|p2|6
|gen|8
|tier|[Gen 8] Ubers
|rated|
|rule|Sleep Clause Mod: Limit one foe put to sleep
|rule|Species Clause: Limit one of each Pokémon
|rule|OHKO Clause: OHKO moves are banned
|rule|Evasion Moves Clause: Evasion moves are banned
|rule|Endless Battle Clause: Forcing endless battles is banned
|rule|HP Percentage Mod: HP is shown in percentages
|rule|Dynamax Clause: You cannot dynamax
|clearpoke
|poke|p1|Calyrex-Shadow|
|poke|p1|Mewtwo|
|poke|p1|Groudon|
|poke|p1|Yveltal|
|poke|p1|Eternatus|
|poke|p1|Necrozma-Dusk-Mane|
|poke|p2|Blissey, F|
|poke|p2|Necrozma-Dusk-Mane|
|poke|p2|Ho-Oh|
|poke|p2|Eternatus|
|poke|p2|Ditto|
|poke|p2|Yveltal|
|teampreview
|
|t:|1634517248
|start
|switch|p1a: Groudon|Groudon, shiny|100/100
|switch|p2a: Ditto|Ditto|100/100
|-weather|SunnyDay|[from] ability: Drought|[of] p1a: Groudon
|-transform|p2a: Ditto|p1a: Groudon|[from] ability: Imposter
|turn|1
|inactive|Battle timer is ON: inactive players will automatically lose when time's up. (requested by gye5)
|
|t:|1634517257
|move|p2a: Ditto|Toxic|p1a: Groudon
|-status|p1a: Groudon|tox
|move|p1a: Groudon|Stealth Rock|p2a: Ditto
|-sidestart|p2: Pkmn3443|move: Stealth Rock
|
|-weather|SunnyDay|[upkeep]
|-damage|p1a: Groudon|94/100 tox|[from] psn
|upkeep
|turn|2
|
|t:|1634517263
|switch|p2a: Necrozma|Necrozma-Dusk-Mane|100/100
|-damage|p2a: Necrozma|94/100|[from] Stealth Rock
|move|p1a: Groudon|Toxic|p2a: Necrozma
|-immune|p2a: Necrozma
|
|-weather|SunnyDay|[upkeep]
|-heal|p1a: Groudon|100/100 tox|[from] item: Leftovers
|-damage|p1a: Groudon|88/100 tox|[from] psn
|upkeep
|turn|3
|
|t:|1634517278
|switch|p1a: Calyrex|Calyrex-Shadow|100/100
|-ability|p1a: Calyrex|As One
|-ability|p1a: Calyrex|Unnerve
|move|p2a: Necrozma|Morning Sun|p2a: Necrozma
|-heal|p2a: Necrozma|100/100
|
|-weather|SunnyDay|[upkeep]
|upkeep
|turn|4
|
|t:|1634517288
|switch|p1a: Mewtwo|Mewtwo, shiny|100/100
|-ability|p1a: Mewtwo|Pressure
|switch|p2a: Ho-Oh|Ho-Oh|100/100
|
|-weather|SunnyDay|[upkeep]
|upkeep
|turn|5
|
|t:|1634517296
|move|p1a: Mewtwo|Nasty Plot|p1a: Mewtwo
|-boost|p1a: Mewtwo|spa|2
|move|p2a: Ho-Oh|Sacred Fire|p1a: Mewtwo
|-damage|p1a: Mewtwo|33/100
|
|-weather|none
|upkeep
|turn|6
|
|t:|1634517303
|move|p1a: Mewtwo|Psystrike|p2a: Ho-Oh
|-damage|p2a: Ho-Oh|8/100
|move|p2a: Ho-Oh|Sacred Fire|p1a: Mewtwo
|-damage|p1a: Mewtwo|0 fnt
|faint|p1a: Mewtwo
|
|upkeep
|
|t:|1634517314
|switch|p1a: Necrozma|Necrozma-Dusk-Mane, shiny|100/100
|turn|7
|
|t:|1634517319
|switch|p2a: Necrozma|Necrozma-Dusk-Mane|100/100
|-damage|p2a: Necrozma|94/100|[from] Stealth Rock
|move|p1a: Necrozma|Sunsteel Strike|p2a: Necrozma
|-resisted|p2a: Necrozma
|-damage|p2a: Necrozma|76/100
|-damage|p1a: Necrozma|84/100|[from] item: Rocky Helmet|[of] p2a: Necrozma
|
|upkeep
|turn|8
|
|t:|1634517329
|switch|p1a: Calyrex|Calyrex-Shadow|100/100
|-ability|p1a: Calyrex|As One
|-ability|p1a: Calyrex|Unnerve
|move|p2a: Necrozma|Stealth Rock|p1a: Calyrex
|-sidestart|p1: gye5|move: Stealth Rock
|
|upkeep
|turn|9
|
|t:|1634517340
|switch|p2a: Yveltal|Yveltal|100/100
|-ability|p2a: Yveltal|Dark Aura
|move|p1a: Calyrex|Astral Barrage|p2a: Yveltal
|-resisted|p2a: Yveltal
|-damage|p2a: Yveltal|53/100
|
|upkeep
|turn|10
|
|t:|1634517347
|move|p1a: Calyrex|Astral Barrage|p2a: Yveltal
|-resisted|p2a: Yveltal
|-damage|p2a: Yveltal|2/100
|move|p2a: Yveltal|Roost|p2a: Yveltal
|-heal|p2a: Yveltal|52/100
|-singleturn|p2a: Yveltal|move: Roost
|
|upkeep
|turn|11
|
|t:|1634517360
|switch|p1a: Necrozma|Necrozma-Dusk-Mane, shiny|84/100
|-damage|p1a: Necrozma|78/100|[from] Stealth Rock
|move|p2a: Yveltal|Roost|p2a: Yveltal
|-heal|p2a: Yveltal|100/100
|-singleturn|p2a: Yveltal|move: Roost
|
|upkeep
|turn|12
|
|t:|1634517367
|switch|p2a: Necrozma|Necrozma-Dusk-Mane|76/100
|-damage|p2a: Necrozma|70/100|[from] Stealth Rock
|move|p1a: Necrozma|Stone Edge|p2a: Necrozma
|-resisted|p2a: Necrozma
|-damage|p2a: Necrozma|59/100
|
|upkeep
|turn|13
|
|t:|1634517375
|switch|p1a: Calyrex|Calyrex-Shadow|100/100
|-ability|p1a: Calyrex|As One
|-ability|p1a: Calyrex|Unnerve
|-damage|p1a: Calyrex|88/100|[from] Stealth Rock
|move|p2a: Necrozma|Morning Sun|p2a: Necrozma
|-heal|p2a: Necrozma|100/100
|
|upkeep
|turn|14
|
|t:|1634517384
|switch|p2a: Yveltal|Yveltal|100/100
|-ability|p2a: Yveltal|Dark Aura
|move|p1a: Calyrex|Psyshock|p2a: Yveltal
|-immune|p2a: Yveltal
|
|upkeep
|turn|15
|-message|gye5 forfeited.
|
|win|Pkmn3443
|raw|gye5's rating: 1598 &rarr; <strong>1581</strong><br />(-17 for losing)
|raw|Pkmn3443's rating: 1654 &rarr; <strong>1671</strong><br />(+17 for winning)
|l|☆gye5
