|j|☆GEDO RINNE TENSEI
|j|☆Jakarn
|player|p1|GEDO RINNE TENSEI|101|1457
|player|p2|Jakarn|acerola|1570
|teamsize|p1|6
|teamsize|p2|6
|gametype|singles
|gen|8
|tier|[Gen 8] Ubers
|rated|
|clearpoke
|poke|p1|Urshifu-*, M|
|poke|p1|Necrozma-Dusk-Mane|
|poke|p1|Pelipper, F|
|poke|p1|Barraskewda, F|
|poke|p1|Chansey, F|
|poke|p1|Zacian-Crowned|
|poke|p2|Quagsire, F|
|poke|p2|Eternatus|
|poke|p2|Corviknight, M|
|poke|p2|Lunala|
|poke|p2|Tyranitar, M|
|poke|p2|Excadrill, M|
|rule|Sleep Clause Mod: Limit one foe put to sleep
|rule|Species Clause: Limit one of each Pokémon
|rule|OHKO Clause: OHKO moves are banned
|rule|Evasion Moves Clause: Evasion moves are banned
|rule|Endless Battle Clause: Forcing endless battles is banned
|rule|HP Percentage Mod: HP is shown in percentages
|html|Ubers Dynamax Clause: Pokémon on the <a href="https://www.smogon.com/dex/ss/formats/uber/">Ubers Dynamax Banlist</a> cannot Dynamax.
|teampreview
|
|start
|switch|p1a: Pelipper|Pelipper, F|100/100
|switch|p2a: Lunala|Lunala|100/100
|-weather|RainDance|[from] ability: Drizzle|[of] p1a: Pelipper
|turn|1
|inactive|Battle timer is ON: inactive players will automatically lose when time's up. (requested by Jakarn)
|
|move|p2a: Lunala|Moongeist Beam|p1a: Pelipper
|-damage|p1a: Pelipper|8/100
|move|p1a: Pelipper|U-turn|p2a: Lunala
|-damage|p2a: Lunala|97/100
|
|switch|p1a: Barraskewda|Barraskewda, F|100/100|[from]move: U-turn
|
|-weather|RainDance|[upkeep]
|upkeep
|turn|2
|
|switch|p2a: Corviknight|Corviknight, M|100/100
|-ability|p2a: Corviknight|Pressure
|move|p1a: Barraskewda|Flip Turn|p2a: Corviknight
|-damage|p2a: Corviknight|54/100
|
|switch|p1a: Zacian|Zacian-Crowned|100/100|[from]move: Flip Turn
|-ability|p1a: Zacian|Intrepid Sword|boost
|-boost|p1a: Zacian|atk|1
|
|-weather|RainDance|[upkeep]
|upkeep
|turn|3
|
|switch|p2a: Quagsire|Quagsire, F|100/100
|move|p1a: Zacian|Wild Charge|p2a: Quagsire
|-immune|p2a: Quagsire
|
|-weather|RainDance|[upkeep]
|upkeep
|turn|4
|
|switch|p1a: Necrozma|Necrozma-Dusk-Mane|100/100
|move|p2a: Quagsire|Earthquake|p1a: Necrozma
|-supereffective|p1a: Necrozma
|-damage|p1a: Necrozma|76/100
|
|-weather|RainDance|[upkeep]
|-heal|p1a: Necrozma|82/100|[from] item: Leftovers
|upkeep
|turn|5
|
|move|p1a: Necrozma|Toxic|p2a: Quagsire
|-status|p2a: Quagsire|tox
|move|p2a: Quagsire|Scald|p1a: Necrozma
|-damage|p1a: Necrozma|64/100
|
|-weather|RainDance|[upkeep]
|-heal|p1a: Necrozma|70/100|[from] item: Leftovers
|-damage|p2a: Quagsire|94/100 tox|[from] psn
|upkeep
|turn|6
|
|switch|p2a: Lunala|Lunala|97/100
|move|p1a: Necrozma|Knock Off|p2a: Lunala
|-supereffective|p2a: Lunala
|-damage|p2a: Lunala|0 fnt
|-enditem|p2a: Lunala|Choice Specs|[from] move: Knock Off|[of] p1a: Necrozma
|faint|p2a: Lunala
|
|-weather|RainDance|[upkeep]
|-heal|p1a: Necrozma|76/100|[from] item: Leftovers
|upkeep
|
|switch|p2a: Excadrill|Excadrill, M|100/100
|-item|p2a: Excadrill|Air Balloon
|turn|7
|
|switch|p1a: Barraskewda|Barraskewda, F|100/100
|move|p2a: Excadrill|Earthquake|p1a: Barraskewda
|-damage|p1a: Barraskewda|0 fnt
|faint|p1a: Barraskewda
|
|-weather|RainDance|[upkeep]
|upkeep
|
|switch|p1a: Zacian|Zacian-Crowned|100/100
|-ability|p1a: Zacian|Intrepid Sword|boost
|-boost|p1a: Zacian|atk|1
|turn|8
|
|switch|p1a: Chansey|Chansey, F|100/100
|switch|p2a: Quagsire|Quagsire, F|94/100 tox
|
|-weather|none
|-damage|p2a: Quagsire|88/100 tox|[from] psn
|upkeep
|turn|9
|
|switch|p2a: Corviknight|Corviknight, M|54/100
|-ability|p2a: Corviknight|Pressure
|move|p1a: Chansey|Stealth Rock|p2a: Corviknight
|-sidestart|p2: Jakarn|move: Stealth Rock
|
|upkeep
|turn|10
|
|move|p2a: Corviknight|Defog|p1a: Chansey
|-unboost|p1a: Chansey|evasion|1
|-sideend|p2: Jakarn|Stealth Rock|[from] move: Defog|[of] p2a: Corviknight
|move|p1a: Chansey|Thunder Wave|p2a: Corviknight
|-status|p2a: Corviknight|par
|
|upkeep
|turn|11
|
|move|p1a: Chansey|Stealth Rock|p2a: Corviknight
|-sidestart|p2: Jakarn|move: Stealth Rock
|move|p2a: Corviknight|Roost|p2a: Corviknight
|-heal|p2a: Corviknight|100/100 par
|-singleturn|p2a: Corviknight|move: Roost
|
|upkeep
|turn|12
|
|switch|p1a: Pelipper|Pelipper, F|8/100
|-weather|RainDance|[from] ability: Drizzle|[of] p1a: Pelipper
|move|p2a: Corviknight|Body Press|p1a: Pelipper
|-resisted|p1a: Pelipper
|-damage|p1a: Pelipper|0 fnt
|faint|p1a: Pelipper
|
|-weather|RainDance|[upkeep]
|upkeep
|
|switch|p1a: Urshifu|Urshifu-Rapid-Strike, M, shiny|100/100
|turn|13
|
|-start|p1a: Urshifu|Dynamax
|-formechange|p1a: Urshifu|Urshifu-Rapid-Strike-Gmax
|-heal|p1a: Urshifu|100/100|[silent]
|move|p1a: Urshifu|Max Knuckle|p2a: Corviknight
|-damage|p2a: Corviknight|72/100 par
|-boost|p1a: Urshifu|atk|1
|move|p2a: Corviknight|Defog|p1a: Urshifu
|-unboost|p1a: Urshifu|evasion|1
|-sideend|p2: Jakarn|Stealth Rock|[from] move: Defog|[of] p2a: Corviknight
|
|-weather|RainDance|[upkeep]
|upkeep
|turn|14
|
|move|p1a: Urshifu|Max Knuckle|p2a: Corviknight
|-damage|p2a: Corviknight|26/100 par
|-boost|p1a: Urshifu|atk|1
|move|p2a: Corviknight|Iron Defense|p2a: Corviknight
|-boost|p2a: Corviknight|def|2
|
|-weather|RainDance|[upkeep]
|upkeep
|turn|15
|
|move|p1a: Urshifu|G-Max Rapid Flow|p2a: Corviknight
|-damage|p2a: Corviknight|0 fnt
|faint|p2a: Corviknight
|
|-weather|RainDance|[upkeep]
|-end|p1a: Urshifu|Dynamax
|-formechange|p1a: Urshifu|Urshifu-Rapid-Strike
|-heal|p1a: Urshifu|100/100|[silent]
|upkeep
|
|switch|p2a: Eternatus|Eternatus|100/100
|-ability|p2a: Eternatus|Pressure
|turn|16
|
|move|p1a: Urshifu|Surging Strikes|p2a: Eternatus
|-resisted|p2a: Eternatus
|-crit|p2a: Eternatus
|-damage|p2a: Eternatus|79/100
|-resisted|p2a: Eternatus
|-crit|p2a: Eternatus
|-damage|p2a: Eternatus|54/100
|-resisted|p2a: Eternatus
|-crit|p2a: Eternatus
|-damage|p2a: Eternatus|32/100
|-hitcount|p2a: Eternatus|3
|move|p2a: Eternatus|Dynamax Cannon|p1a: Urshifu
|-damage|p1a: Urshifu|3/100
|-damage|p2a: Eternatus|22/100|[from] item: Life Orb
|
|-weather|RainDance|[upkeep]
|upkeep
|turn|17
|
|switch|p2a: Tyranitar|Tyranitar, M|100/100
|-weather|Sandstorm|[from] ability: Sand Stream|[of] p2a: Tyranitar
|move|p1a: Urshifu|Surging Strikes|p2a: Tyranitar
|-supereffective|p2a: Tyranitar
|-crit|p2a: Tyranitar
|-damage|p2a: Tyranitar|38/100
|-supereffective|p2a: Tyranitar
|-crit|p2a: Tyranitar
|-damage|p2a: Tyranitar|0 fnt
|-hitcount|p2a: Tyranitar|2
|faint|p2a: Tyranitar
|
|-weather|Sandstorm|[upkeep]
|-damage|p1a: Urshifu|0 fnt|[from] Sandstorm
|faint|p1a: Urshifu
|upkeep
|
|switch|p1a: Chansey|Chansey, F|100/100
|switch|p2a: Excadrill|Excadrill, M|100/100
|-item|p2a: Excadrill|Air Balloon
|turn|18
|
|move|p2a: Excadrill|Swords Dance|p2a: Excadrill
|-boost|p2a: Excadrill|atk|2
|move|p1a: Chansey|Soft-Boiled||[still]
|-fail|p1a: Chansey|heal
|
|-weather|Sandstorm|[upkeep]
|-damage|p1a: Chansey|94/100|[from] Sandstorm
|upkeep
|turn|19
|
|-start|p2a: Excadrill|Dynamax
|-heal|p2a: Excadrill|100/100|[silent]
|move|p2a: Excadrill|Max Quake|p1a: Chansey
|-damage|p1a: Chansey|0 fnt
|-boost|p2a: Excadrill|spd|1
|faint|p1a: Chansey
|
|-weather|Sandstorm|[upkeep]
|upkeep
|
|switch|p1a: Necrozma|Necrozma-Dusk-Mane|76/100
|turn|20
|
|move|p2a: Excadrill|Max Quake|p1a: Necrozma
|-supereffective|p1a: Necrozma
|-damage|p1a: Necrozma|0 fnt
|-boost|p2a: Excadrill|spd|1
|faint|p1a: Necrozma
|
|-weather|Sandstorm|[upkeep]
|upkeep
|
|switch|p1a: Zacian|Zacian-Crowned|100/100
|-ability|p1a: Zacian|Intrepid Sword|boost
|-boost|p1a: Zacian|atk|1
|turn|21
|
|move|p2a: Excadrill|Max Quake|p1a: Zacian
|-supereffective|p1a: Zacian
|-damage|p1a: Zacian|0 fnt
|-boost|p2a: Excadrill|spd|1
|faint|p1a: Zacian
|
|win|Jakarn
|l|☆GEDO RINNE TENSEI
