|j|☆QiYu3
|j|☆BigFatMantis
|player|p1|QiYu3|psychic-gen4|1528
|player|p2|BigFatMantis|unknown|1507
|teamsize|p1|6
|teamsize|p2|6
|gametype|singles
|gen|8
|tier|[Gen 8] Ubers
|rated|
|clearpoke
|poke|p1|Melmetal|
|poke|p1|Reshiram|
|poke|p1|Hatterene, F|
|poke|p1|Necrozma-Dusk-Mane|
|poke|p1|Lunala|
|poke|p1|Mimikyu, L1, M|
|poke|p2|Excadrill, M|
|poke|p2|Hippowdon, M|
|poke|p2|Eternatus|
|poke|p2|Zacian-Crowned|
|poke|p2|Mewtwo|
|poke|p2|Aegislash, F|
|rule|Sleep Clause Mod: Limit one foe put to sleep
|rule|Species Clause: Limit one of each Pokémon
|rule|OHKO Clause: OHKO moves are banned
|rule|Evasion Moves Clause: Evasion moves are banned
|rule|Endless Battle Clause: Forcing endless battles is banned
|rule|HP Percentage Mod: HP is shown in percentages
|teampreview
|
|start
|switch|p1a: Lunala|Lunala|100/100
|switch|p2a: Eternatus|Eternatus|100/100
|-ability|p2a: Eternatus|Pressure
|turn|1
|inactive|Battle timer is ON: inactive players will automatically lose when time's up. (requested by BigFatMantis)
|
|move|p2a: Eternatus|Dynamax Cannon|p1a: Lunala
|-crit|p1a: Lunala
|-damage|p1a: Lunala|57/100
|-damage|p2a: Eternatus|91/100|[from] item: Life Orb
|move|p1a: Lunala|Psychic|p2a: Eternatus
|-supereffective|p2a: Eternatus
|-damage|p2a: Eternatus|0 fnt
|faint|p2a: Eternatus
|
|upkeep
|
|switch|p2a: Aegislash|Aegislash, F|100/100
|turn|2
|
|switch|p1a: Melmetal|Melmetal|100/100
|move|p2a: Aegislash|Swords Dance|p2a: Aegislash
|-boost|p2a: Aegislash|atk|2
|
|upkeep
|turn|3
|
|-formechange|p2a: Aegislash|Aegislash-Blade||[from] ability: Stance Change
|move|p2a: Aegislash|Sacred Sword|p1a: Melmetal
|-supereffective|p1a: Melmetal
|-damage|p1a: Melmetal|22/100
|move|p1a: Melmetal|Earthquake|p2a: Aegislash
|-supereffective|p2a: Aegislash
|-damage|p2a: Aegislash|0 fnt
|faint|p2a: Aegislash
|
|upkeep
|
|switch|p2a: Hippowdon|Hippowdon, M|100/100
|-weather|Sandstorm|[from] ability: Sand Stream|[of] p2a: Hippowdon
|turn|4
|
|switch|p1a: Hatterene|Hatterene, F|100/100
|move|p2a: Hippowdon|Earthquake|p1a: Hatterene
|-damage|p1a: Hatterene|55/100
|
|-weather|Sandstorm|[upkeep]
|-damage|p1a: Hatterene|49/100|[from] Sandstorm
|upkeep
|turn|5
|
|switch|p2a: Zacian|Zacian-Crowned|100/100
|-ability|p2a: Zacian|Intrepid Sword|boost
|-boost|p2a: Zacian|atk|1
|move|p1a: Hatterene|Trick Room|p1a: Hatterene
|-fieldstart|move: Trick Room|[of] p1a: Hatterene
|
|-weather|Sandstorm|[upkeep]
|-damage|p1a: Hatterene|43/100|[from] Sandstorm
|upkeep
|turn|6
|
|-start|p1a: Hatterene|Dynamax
|-formechange|p1a: Hatterene|Hatterene-Gmax
|-heal|p1a: Hatterene|43/100|[silent]
|move|p1a: Hatterene|Max Flare|p2a: Zacian
|-supereffective|p2a: Zacian
|-damage|p2a: Zacian|0 fnt
|-weather|SunnyDay
|-damage|p1a: Hatterene|38/100|[from] item: Life Orb
|faint|p2a: Zacian
|
|-weather|SunnyDay|[upkeep]
|upkeep
|j| Dragonflo
|inactive|BigFatMantis has 120 seconds left.
|
|switch|p2a: Mewtwo|Mewtwo|100/100
|-ability|p2a: Mewtwo|Pressure
|turn|7
|inactive|BigFatMantis has 120 seconds left.
|c|☆QiYu3|?
|inactive|BigFatMantis has 90 seconds left.
|
|move|p1a: Hatterene|G-Max Smite|p2a: Mewtwo
|-damage|p2a: Mewtwo|0 fnt
|-damage|p1a: Hatterene|33/100|[from] item: Life Orb
|faint|p2a: Mewtwo
|
|-weather|SunnyDay|[upkeep]
|upkeep
|inactive|BigFatMantis has 90 seconds left.
|
|switch|p2a: Hippowdon|Hippowdon, M|100/100
|-weather|Sandstorm|[from] ability: Sand Stream|[of] p2a: Hippowdon
|turn|8
|
|move|p1a: Hatterene|Max Flare|p2a: Hippowdon
|-damage|p2a: Hippowdon|32/100
|-weather|SunnyDay
|-damage|p1a: Hatterene|28/100|[from] item: Life Orb
|move|p2a: Hippowdon|Earthquake|p1a: Hatterene
|-damage|p1a: Hatterene|7/100
|
|-weather|SunnyDay|[upkeep]
|-end|p1a: Hatterene|Dynamax
|-formechange|p1a: Hatterene|Hatterene
|-heal|p1a: Hatterene|7/100|[silent]
|upkeep
|turn|9
|inactive|BigFatMantis has 90 seconds left.
|
|move|p1a: Hatterene|Mystical Fire|p2a: Hippowdon
|-damage|p2a: Hippowdon|0 fnt
|-damage|p1a: Hatterene|0 fnt|[from] item: Life Orb
|faint|p2a: Hippowdon
|faint|p1a: Hatterene
|
|-weather|SunnyDay|[upkeep]
|-fieldend|move: Trick Room
|upkeep
|
|switch|p2a: Excadrill|Excadrill, M|100/100
|switch|p1a: Necrozma|Necrozma-Dusk-Mane|100/100
|turn|10
|
|-start|p2a: Excadrill|Dynamax
|-heal|p2a: Excadrill|100/100|[silent]
|move|p2a: Excadrill|Max Quake|p1a: Necrozma
|-supereffective|p1a: Necrozma
|-damage|p1a: Necrozma|23/100
|-enditem|p1a: Necrozma|Weakness Policy
|-boost|p1a: Necrozma|atk|2|[from] item: Weakness Policy
|-boost|p1a: Necrozma|spa|2|[from] item: Weakness Policy
|-boost|p2a: Excadrill|spd|1
|move|p1a: Necrozma|Trick Room|p1a: Necrozma
|-fieldstart|move: Trick Room|[of] p1a: Necrozma
|
|-weather|SunnyDay|[upkeep]
|upkeep
|turn|11
|
|move|p1a: Necrozma|Earthquake|p2a: Excadrill
|-supereffective|p2a: Excadrill
|-crit|p2a: Excadrill
|-damage|p2a: Excadrill|0 fnt
|faint|p2a: Excadrill
|
|win|QiYu3
|raw|QiYu3's rating: 1528 &rarr; <strong>1547</strong><br />(+19 for winning)
|raw|BigFatMantis's rating: 1507 &rarr; <strong>1488</strong><br />(-19 for losing)
