|j|☆kjetilx
|j|☆4125al41
|t:|1650831893
|gametype|singles
|player|p1|kjetilx|cynthia|
|player|p2|4125al41|steven|
|teamsize|p1|6
|teamsize|p2|6
|gen|8
|tier|[Gen 8] Ubers
|rated|Tournament battle
|rule|Sleep Clause Mod: Limit one foe put to sleep
|rule|Species Clause: Limit one of each Pokémon
|rule|OHKO Clause: OHKO moves are banned
|rule|Evasion Moves Clause: Evasion moves are banned
|rule|Endless Battle Clause: Forcing endless battles is banned
|rule|HP Percentage Mod: HP is shown in percentages
|rule|Dynamax Clause: You cannot dynamax
|clearpoke
|poke|p1|Calyrex-Shadow|
|poke|p1|Xerneas-*|
|poke|p1|Necrozma-Dusk-Mane|
|poke|p1|Zygarde|
|poke|p1|Yveltal|
|poke|p1|Mewtwo|
|poke|p2|Marshadow|
|poke|p2|Eternatus|
|poke|p2|Calyrex-Shadow|
|poke|p2|Ho-Oh|
|poke|p2|Groudon|
|poke|p2|Xerneas-*|
|teampreview
|
|t:|1650831910
|start
|switch|p1a: Zygarde|Zygarde|100/100
|switch|p2a: Calyrex|Calyrex-Shadow|100/100
|-ability|p2a: Calyrex|As One
|-ability|p2a: Calyrex|Unnerve
|turn|1
|
|t:|1650831916
|switch|p1a: Yveltal|Yveltal|100/100
|-ability|p1a: Yveltal|Dark Aura
|move|p2a: Calyrex|Trick|p1a: Yveltal
|-activate|p2a: Calyrex|move: Trick|[of] p1a: Yveltal
|-item|p1a: Yveltal|Choice Specs|[from] move: Trick
|-item|p2a: Calyrex|Heavy-Duty Boots|[from] move: Trick
|
|upkeep
|turn|2
|
|t:|1650831921
|switch|p2a: Groudon|Groudon|100/100
|-weather|SunnyDay|[from] ability: Drought|[of] p2a: Groudon
|move|p1a: Yveltal|Knock Off|p2a: Groudon
|-damage|p2a: Groudon|74/100
|-enditem|p2a: Groudon|Leftovers|[from] move: Knock Off|[of] p1a: Yveltal
|
|-weather|SunnyDay|[upkeep]
|upkeep
|turn|3
|
|t:|1650831930
|switch|p1a: Mewtwo|Mewtwo|100/100
|-ability|p1a: Mewtwo|Pressure
|switch|p2a: Eternatus|Eternatus|100/100
|-ability|p2a: Eternatus|Pressure
|
|-weather|SunnyDay|[upkeep]
|upkeep
|turn|4
|
|t:|1650831936
|switch|p2a: Calyrex|Calyrex-Shadow|100/100
|-ability|p2a: Calyrex|As One
|-ability|p2a: Calyrex|Unnerve
|move|p1a: Mewtwo|Psystrike|p2a: Calyrex
|-resisted|p2a: Calyrex
|-damage|p2a: Calyrex|57/100
|-damage|p1a: Mewtwo|91/100|[from] item: Life Orb
|
|-weather|SunnyDay|[upkeep]
|upkeep
|turn|5
|
|t:|1650831940
|switch|p2a: Groudon|Groudon|74/100
|switch|p1a: Yveltal|Yveltal|100/100
|-ability|p1a: Yveltal|Dark Aura
|
|-weather|SunnyDay|[upkeep]
|upkeep
|turn|6
|
|t:|1650831942
|move|p1a: Yveltal|U-turn|p2a: Groudon
|-damage|p2a: Groudon|63/100
|
|t:|1650831945
|switch|p1a: Zygarde|Zygarde|100/100|[from]move: U-turn
|move|p2a: Groudon|Stealth Rock|p1a: Zygarde
|-sidestart|p1: kjetilx|move: Stealth Rock
|
|-weather|none
|upkeep
|turn|7
|
|t:|1650831951
|move|p1a: Zygarde|Glare|p2a: Groudon
|-status|p2a: Groudon|par
|move|p2a: Groudon|Precipice Blades|p1a: Zygarde
|-damage|p1a: Zygarde|65/100
|
|-heal|p1a: Zygarde|71/100|[from] item: Leftovers
|upkeep
|turn|8
|
|t:|1650831957
|switch|p2a: Xerneas|Xerneas|100/100
|-ability|p2a: Xerneas|Fairy Aura
|move|p1a: Zygarde|Thousand Arrows|p2a: Xerneas
|-damage|p2a: Xerneas|71/100
|
|-heal|p1a: Zygarde|77/100|[from] item: Leftovers
|upkeep
|turn|9
|
|t:|1650831960
|switch|p1a: Nya-crozma|Necrozma-Dusk-Mane|100/100
|-damage|p1a: Nya-crozma|95/100|[from] Stealth Rock
|move|p2a: Xerneas|Play Rough|p1a: Nya-crozma
|-resisted|p1a: Nya-crozma
|-damage|p1a: Nya-crozma|68/100
|
|upkeep
|turn|10
|
|t:|1650831967
|switch|p2a: Ho-Oh|Ho-Oh|100/100
|move|p1a: Nya-crozma|Dragon Dance|p1a: Nya-crozma
|-boost|p1a: Nya-crozma|atk|1
|-boost|p1a: Nya-crozma|spe|1
|
|upkeep
|turn|11
|
|t:|1650831970
|move|p1a: Nya-crozma|Stone Edge|p2a: Ho-Oh
|-supereffective|p2a: Ho-Oh
|-damage|p2a: Ho-Oh|0 fnt
|faint|p2a: Ho-Oh
|
|upkeep
|
|t:|1650831973
|switch|p2a: tensa-zangetsu|Marshadow|100/100
|turn|12
|
|t:|1650831982
|switch|p1a: Zygarde|Zygarde|77/100
|-damage|p1a: Zygarde|71/100|[from] Stealth Rock
|move|p2a: tensa-zangetsu|Spectral Thief|p1a: Zygarde
|-damage|p1a: Zygarde|47/100
|
|-heal|p1a: Zygarde|53/100|[from] item: Leftovers
|upkeep
|turn|13
|
|t:|1650831991
|switch|p2a: Groudon|Groudon|63/100 par
|-weather|SunnyDay|[from] ability: Drought|[of] p2a: Groudon
|move|p1a: Zygarde|Glare|p2a: Groudon
|-fail|p2a: Groudon|par
|
|-weather|SunnyDay|[upkeep]
|-heal|p1a: Zygarde|59/100|[from] item: Leftovers
|upkeep
|turn|14
|
|t:|1650831995
|move|p1a: Zygarde|Coil|p1a: Zygarde
|-boost|p1a: Zygarde|atk|1
|-boost|p1a: Zygarde|def|1
|-boost|p1a: Zygarde|accuracy|1
|move|p2a: Groudon|Precipice Blades|p1a: Zygarde
|-damage|p1a: Zygarde|36/100
|
|-weather|SunnyDay|[upkeep]
|-heal|p1a: Zygarde|42/100|[from] item: Leftovers
|-activate|p1a: Zygarde|ability: Power Construct
|detailschange|p1a: Zygarde|Zygarde-Complete
|-heal|p1a: Zygarde|62/100|[silent]
|upkeep
|turn|15
|
|t:|1650831997
|move|p1a: Zygarde|Glare|p2a: Groudon
|-fail|p2a: Groudon|par
|move|p2a: Groudon|Precipice Blades|p1a: Zygarde
|-damage|p1a: Zygarde|48/100
|
|-weather|SunnyDay|[upkeep]
|-heal|p1a: Zygarde|54/100|[from] item: Leftovers
|upkeep
|turn|16
|
|t:|1650832004
|move|p1a: Zygarde|Glare|p2a: Groudon
|-fail|p2a: Groudon|par
|cant|p2a: Groudon|par
|
|-weather|SunnyDay|[upkeep]
|-heal|p1a: Zygarde|61/100|[from] item: Leftovers
|upkeep
|turn|17
|
|t:|1650832007
|move|p1a: Zygarde|Coil|p1a: Zygarde
|-boost|p1a: Zygarde|atk|1
|-boost|p1a: Zygarde|def|1
|-boost|p1a: Zygarde|accuracy|1
|cant|p2a: Groudon|par
|
|-weather|none
|-heal|p1a: Zygarde|67/100|[from] item: Leftovers
|upkeep
|turn|18
|
|t:|1650832013
|move|p1a: Zygarde|Glare|p2a: Groudon
|-fail|p2a: Groudon|par
|move|p2a: Groudon|Precipice Blades|p1a: Zygarde
|-damage|p1a: Zygarde|57/100
|
|-heal|p1a: Zygarde|63/100|[from] item: Leftovers
|upkeep
|turn|19
|
|t:|1650832016
|switch|p2a: tensa-zangetsu|Marshadow|100/100
|move|p1a: Zygarde|Coil|p1a: Zygarde
|-boost|p1a: Zygarde|atk|1
|-boost|p1a: Zygarde|def|1
|-boost|p1a: Zygarde|accuracy|1
|
|-heal|p1a: Zygarde|69/100|[from] item: Leftovers
|upkeep
|turn|20
|
|t:|1650832020
|switch|p1a: Yveltal|Yveltal|100/100
|-damage|p1a: Yveltal|76/100|[from] Stealth Rock
|-ability|p1a: Yveltal|Dark Aura
|move|p2a: tensa-zangetsu|Spectral Thief|p1a: Yveltal
|-resisted|p1a: Yveltal
|-damage|p1a: Yveltal|59/100
|
|upkeep
|turn|21
|
|t:|1650832030
|switch|p2a: Xerneas|Xerneas|71/100
|-ability|p2a: Xerneas|Fairy Aura
|move|p1a: Yveltal|Roost|p1a: Yveltal
|-heal|p1a: Yveltal|100/100
|-singleturn|p1a: Yveltal|move: Roost
|
|upkeep
|turn|22
|
|t:|1650832035
|switch|p2a: Calyrex|Calyrex-Shadow|57/100
|-ability|p2a: Calyrex|As One
|-ability|p2a: Calyrex|Unnerve
|switch|p1a: Nya-crozma|Necrozma-Dusk-Mane|68/100
|-damage|p1a: Nya-crozma|62/100|[from] Stealth Rock
|
|upkeep
|turn|23
|
|t:|1650832040
|switch|p1a: Yveltal|Yveltal|100/100
|-damage|p1a: Yveltal|76/100|[from] Stealth Rock
|-ability|p1a: Yveltal|Dark Aura
|move|p2a: Calyrex|Astral Barrage|p1a: Yveltal
|-resisted|p1a: Yveltal
|-damage|p1a: Yveltal|54/100
|
|upkeep
|turn|24
|
|t:|1650832043
|switch|p2a: Eternatus|Eternatus|100/100
|-ability|p2a: Eternatus|Pressure
|move|p1a: Yveltal|Knock Off|p2a: Eternatus
|-damage|p2a: Eternatus|53/100
|-enditem|p2a: Eternatus|Power Herb|[from] move: Knock Off|[of] p1a: Yveltal
|
|upkeep
|turn|25
|
|t:|1650832052
|switch|p1a: Nya-crozma|Necrozma-Dusk-Mane|62/100
|-damage|p1a: Nya-crozma|56/100|[from] Stealth Rock
|move|p2a: Eternatus|Flamethrower|p1a: Nya-crozma
|-supereffective|p1a: Nya-crozma
|-damage|p1a: Nya-crozma|9/100
|-status|p1a: Nya-crozma|brn
|-enditem|p1a: Nya-crozma|Weakness Policy
|-boost|p1a: Nya-crozma|atk|2|[from] item: Weakness Policy
|-boost|p1a: Nya-crozma|spa|2|[from] item: Weakness Policy
|
|-damage|p1a: Nya-crozma|3/100 brn|[from] brn
|upkeep
|turn|26
|
|t:|1650832058
|move|p2a: Eternatus|Dynamax Cannon|p1a: Nya-crozma
|-resisted|p1a: Nya-crozma
|-damage|p1a: Nya-crozma|0 fnt
|faint|p1a: Nya-crozma
|
|upkeep
|
|t:|1650832065
|switch|p1a: Mewtwo|Mewtwo|91/100
|-damage|p1a: Mewtwo|78/100|[from] Stealth Rock
|-ability|p1a: Mewtwo|Pressure
|turn|27
|
|t:|1650832069
|switch|p2a: Groudon|Groudon|63/100 par
|-weather|SunnyDay|[from] ability: Drought|[of] p2a: Groudon
|move|p1a: Mewtwo|Psystrike|p2a: Groudon
|-crit|p2a: Groudon
|-damage|p2a: Groudon|9/100 par
|-damage|p1a: Mewtwo|68/100|[from] item: Life Orb
|
|-weather|SunnyDay|[upkeep]
|upkeep
|turn|28
|
|t:|1650832072
|move|p1a: Mewtwo|Ice Beam|p2a: Groudon
|-supereffective|p2a: Groudon
|-damage|p2a: Groudon|0 fnt
|faint|p2a: Groudon
|-damage|p1a: Mewtwo|58/100|[from] item: Life Orb
|
|-weather|SunnyDay|[upkeep]
|upkeep
|
|t:|1650832074
|switch|p2a: Xerneas|Xerneas|71/100
|-ability|p2a: Xerneas|Fairy Aura
|turn|29
|
|t:|1650832077
|move|p2a: Xerneas|Play Rough|p1a: Mewtwo
|-damage|p1a: Mewtwo|0 fnt
|faint|p1a: Mewtwo
|
|-weather|SunnyDay|[upkeep]
|upkeep
|
|t:|1650832082
|switch|p1a: Calyrex|Calyrex-Shadow|100/100
|-ability|p1a: Calyrex|As One
|-ability|p1a: Calyrex|Unnerve
|-damage|p1a: Calyrex|88/100|[from] Stealth Rock
|turn|30
|
|t:|1650832087
|switch|p2a: tensa-zangetsu|Marshadow|100/100
|move|p1a: Calyrex|Astral Barrage|p2a: tensa-zangetsu
|-supereffective|p2a: tensa-zangetsu
|-enditem|p2a: tensa-zangetsu|Focus Sash
|-damage|p2a: tensa-zangetsu|1/100
|
|-weather|SunnyDay|[upkeep]
|upkeep
|turn|31
|
|t:|1650832090
|switch|p1a: Zygarde|Zygarde-Complete|69/100
|-damage|p1a: Zygarde|63/100|[from] Stealth Rock
|move|p2a: tensa-zangetsu|Endeavor|p1a: Zygarde
|-damage|p1a: Zygarde|1/100
|
|-weather|none
|-heal|p1a: Zygarde|7/100|[from] item: Leftovers
|upkeep
|turn|32
|
|t:|1650832095
|move|p2a: tensa-zangetsu|Spectral Thief|p1a: Zygarde
|-damage|p1a: Zygarde|0 fnt
|faint|p1a: Zygarde
|
|upkeep
|
|t:|1650832105
|switch|p1a: Yveltal|Yveltal|54/100
|-damage|p1a: Yveltal|29/100|[from] Stealth Rock
|-ability|p1a: Yveltal|Dark Aura
|turn|33
|
|t:|1650832112
|switch|p2a: Calyrex|Calyrex-Shadow|57/100
|-ability|p2a: Calyrex|As One
|-ability|p2a: Calyrex|Unnerve
|move|p1a: Yveltal|Knock Off|p2a: Calyrex
|-supereffective|p2a: Calyrex
|-damage|p2a: Calyrex|0 fnt
|-enditem|p2a: Calyrex|Heavy-Duty Boots|[from] move: Knock Off|[of] p1a: Yveltal
|faint|p2a: Calyrex
|
|upkeep
|
|t:|1650832116
|switch|p2a: tensa-zangetsu|Marshadow|1/100
|turn|34
|
|t:|1650832118
|move|p2a: tensa-zangetsu|Close Combat|p1a: Yveltal
|-damage|p1a: Yveltal|0 fnt
|-unboost|p2a: tensa-zangetsu|def|1
|-unboost|p2a: tensa-zangetsu|spd|1
|faint|p1a: Yveltal
|
|upkeep
|
|t:|1650832125
|switch|p1a: Concerneas|Xerneas|100/100
|-damage|p1a: Concerneas|88/100|[from] Stealth Rock
|-ability|p1a: Concerneas|Fairy Aura
|turn|35
|
|t:|1650832128
|move|p2a: tensa-zangetsu|Endeavor|p1a: Concerneas
|-damage|p1a: Concerneas|1/100
|move|p1a: Concerneas|Moonblast|p2a: tensa-zangetsu
|-supereffective|p2a: tensa-zangetsu
|-damage|p2a: tensa-zangetsu|0 fnt
|faint|p2a: tensa-zangetsu
|
|upkeep
|
|t:|1650832134
|switch|p2a: Xerneas|Xerneas|71/100
|-ability|p2a: Xerneas|Fairy Aura
|turn|36
|
|t:|1650832137
|move|p2a: Xerneas|Night Slash|p1a: Concerneas
|-resisted|p1a: Concerneas
|-damage|p1a: Concerneas|0 fnt
|faint|p1a: Concerneas
|
|upkeep
|
|t:|1650832140
|switch|p1a: Calyrex|Calyrex-Shadow|88/100
|-ability|p1a: Calyrex|As One
|-ability|p1a: Calyrex|Unnerve
|-damage|p1a: Calyrex|76/100|[from] Stealth Rock
|turn|37
|
|t:|1650832141
|move|p1a: Calyrex|Astral Barrage|p2a: Xerneas
|-damage|p2a: Xerneas|9/100
|move|p2a: Xerneas|Night Slash|p1a: Calyrex
|-supereffective|p1a: Calyrex
|-damage|p1a: Calyrex|0 fnt
|faint|p1a: Calyrex
|
|win|4125al41
|n|☆kjetilx|kjetilx
|n|☆4125al41|4125al41
