|j|☆toad121
|j|☆TaKuTo-SeNpAi
|player|p1|toad121|swimmer-gen4dp|
|player|p2|TaKuTo-SeNpAi|anabel|
|teamsize|p1|6
|teamsize|p2|6
|gametype|singles
|gen|8
|tier|[Gen 8] Ubers
|rated|Tournament battle
|clearpoke
|poke|p1|Melmetal|
|poke|p1|Kyurem-Black|
|poke|p1|Marshadow|
|poke|p1|Necrozma-Dusk-Mane|
|poke|p1|Dugtrio, M|
|poke|p1|Ditto|
|poke|p2|Reshiram|
|poke|p2|Zekrom|
|poke|p2|Necrozma-Dusk-Mane|
|poke|p2|Lunala|
|poke|p2|Eternatus|
|poke|p2|Ditto|
|rule|Sleep Clause Mod: Limit one foe put to sleep
|rule|Species Clause: Limit one of each Pokémon
|rule|OHKO Clause: OHKO moves are banned
|rule|Evasion Moves Clause: Evasion moves are banned
|rule|Endless Battle Clause: Forcing endless battles is banned
|rule|HP Percentage Mod: HP is shown in percentages
|teampreview
|
|start
|switch|p1a: Dugtrio|Dugtrio, M|100/100
|switch|p2a: Lunala|Lunala, shiny|100/100
|turn|1
|
|move|p1a: Dugtrio|Toxic|p2a: Lunala
|-status|p2a: Lunala|tox
|move|p2a: Lunala|Will-O-Wisp|p1a: Dugtrio
|-status|p1a: Dugtrio|brn
|
|-damage|p1a: Dugtrio|94/100 brn|[from] brn
|-damage|p2a: Lunala|94/100 tox|[from] psn
|upkeep
|turn|2
|
|move|p1a: Dugtrio|Stealth Rock|p2a: Lunala
|-sidestart|p2: TaKuTo-SeNpAi|move: Stealth Rock
|move|p2a: Lunala|Hex|p1a: Dugtrio
|-damage|p1a: Dugtrio|0 fnt
|faint|p1a: Dugtrio
|
|-damage|p2a: Lunala|82/100 tox|[from] psn
|upkeep
|
|switch|p1a: Ditto|Ditto|100/100
|-transform|p1a: Ditto|p2a: Lunala|[from] ability: Imposter
|turn|3
|
|move|p1a: Ditto|Hex|p2a: Lunala
|-supereffective|p2a: Lunala
|-damage|p2a: Lunala|0 fnt
|faint|p2a: Lunala
|
|upkeep
|
|switch|p2a: Reshiram|Reshiram, shiny|100/100
|-damage|p2a: Reshiram|76/100|[from] Stealth Rock
|-ability|p2a: Reshiram|Turboblaze
|turn|4
|
|move|p1a: Ditto|Hex|p2a: Reshiram
|-damage|p2a: Reshiram|60/100
|move|p2a: Reshiram|Defog|p1a: Ditto
|-unboost|p1a: Ditto|evasion|1
|-sideend|p2: TaKuTo-SeNpAi|Stealth Rock|[from] move: Defog|[of] p2a: Reshiram
|
|-heal|p2a: Reshiram|66/100|[from] item: Leftovers
|upkeep
|turn|5
|
|switch|p1a: Kyurem|Kyurem-Black|100/100
|-ability|p1a: Kyurem|Teravolt
|move|p2a: Reshiram|Will-O-Wisp|p1a: Kyurem
|-status|p1a: Kyurem|brn
|
|-heal|p2a: Reshiram|72/100|[from] item: Leftovers
|-damage|p1a: Kyurem|94/100 brn|[from] brn
|upkeep
|turn|6
|
|switch|p2a: Necrozma|Necrozma-Dusk-Mane, shiny|100/100
|move|p1a: Kyurem|Outrage|p2a: Necrozma
|-resisted|p2a: Necrozma
|-damage|p2a: Necrozma|85/100
|-damage|p1a: Kyurem|84/100 brn|[from] item: Life Orb
|
|-heal|p2a: Necrozma|91/100|[from] item: Leftovers
|-damage|p1a: Kyurem|78/100 brn|[from] brn
|upkeep
|turn|7
|
|move|p1a: Kyurem|Outrage|p2a: Necrozma|[from]lockedmove
|-resisted|p2a: Necrozma
|-damage|p2a: Necrozma|78/100
|-damage|p1a: Kyurem|68/100 brn|[from] item: Life Orb
|move|p2a: Necrozma|Stealth Rock|p1a: Kyurem
|-sidestart|p1: toad121|move: Stealth Rock
|
|-heal|p2a: Necrozma|84/100|[from] item: Leftovers
|-damage|p1a: Kyurem|62/100 brn|[from] brn
|upkeep
|turn|8
|
|move|p1a: Kyurem|Outrage|p2a: Necrozma|[from]lockedmove
|-resisted|p2a: Necrozma
|-damage|p2a: Necrozma|71/100
|-damage|p1a: Kyurem|52/100 brn|[from] item: Life Orb
|-start|p1a: Kyurem|confusion|[fatigue]
|move|p2a: Necrozma|Earthquake|p1a: Kyurem
|-damage|p1a: Kyurem|22/100 brn
|
|-heal|p2a: Necrozma|77/100|[from] item: Leftovers
|-damage|p1a: Kyurem|16/100 brn|[from] brn
|upkeep
|turn|9
|inactive|Battle timer is ON: inactive players will automatically lose when time's up. (requested by TaKuTo-SeNpAi)
|
|switch|p1a: Necrozma|Necrozma-Dusk-Mane|100/100
|-damage|p1a: Necrozma|94/100|[from] Stealth Rock
|move|p2a: Necrozma|Morning Sun|p2a: Necrozma
|-heal|p2a: Necrozma|100/100
|
|-heal|p1a: Necrozma|100/100|[from] item: Leftovers
|upkeep
|turn|10
|
|move|p1a: Necrozma|Dragon Dance|p1a: Necrozma
|-boost|p1a: Necrozma|atk|1
|-boost|p1a: Necrozma|spe|1
|move|p2a: Necrozma|Thunder Wave|p1a: Necrozma
|-status|p1a: Necrozma|par
|
|upkeep
|turn|11
|
|move|p2a: Necrozma|Earthquake|p1a: Necrozma
|-supereffective|p1a: Necrozma
|-damage|p1a: Necrozma|58/100 par
|move|p1a: Necrozma|Dragon Dance|p1a: Necrozma
|-boost|p1a: Necrozma|atk|1
|-boost|p1a: Necrozma|spe|1
|
|-heal|p1a: Necrozma|64/100 par|[from] item: Leftovers
|upkeep
|turn|12
|
|move|p1a: Necrozma|Dragon Dance|p1a: Necrozma
|-boost|p1a: Necrozma|atk|1
|-boost|p1a: Necrozma|spe|1
|move|p2a: Necrozma|Earthquake|p1a: Necrozma
|-supereffective|p1a: Necrozma
|-damage|p1a: Necrozma|19/100 par
|
|-heal|p1a: Necrozma|26/100 par|[from] item: Leftovers
|upkeep
|turn|13
|
|cant|p1a: Necrozma|par
|move|p2a: Necrozma|Thunder Wave|p1a: Necrozma
|-fail|p1a: Necrozma|par
|
|-heal|p1a: Necrozma|32/100 par|[from] item: Leftovers
|upkeep
|turn|14
|
|cant|p1a: Necrozma|par
|move|p2a: Necrozma|Thunder Wave|p1a: Necrozma
|-fail|p1a: Necrozma|par
|
|-heal|p1a: Necrozma|38/100 par|[from] item: Leftovers
|upkeep
|turn|15
|
|move|p1a: Necrozma|Morning Sun|p1a: Necrozma
|-heal|p1a: Necrozma|88/100 par
|move|p2a: Necrozma|Thunder Wave|p1a: Necrozma
|-fail|p1a: Necrozma|par
|
|-heal|p1a: Necrozma|94/100 par|[from] item: Leftovers
|upkeep
|turn|16
|
|move|p1a: Necrozma|Sunsteel Strike|p2a: Necrozma
|-resisted|p2a: Necrozma
|-damage|p2a: Necrozma|58/100
|move|p2a: Necrozma|Earthquake|p1a: Necrozma
|-supereffective|p1a: Necrozma
|-damage|p1a: Necrozma|51/100 par
|
|-heal|p1a: Necrozma|57/100 par|[from] item: Leftovers
|-heal|p2a: Necrozma|64/100|[from] item: Leftovers
|upkeep
|turn|17
|
|move|p1a: Necrozma|Sunsteel Strike|p2a: Necrozma
|-resisted|p2a: Necrozma
|-damage|p2a: Necrozma|19/100
|move|p2a: Necrozma|Earthquake|p1a: Necrozma
|-supereffective|p1a: Necrozma
|-damage|p1a: Necrozma|11/100 par
|
|-heal|p1a: Necrozma|18/100 par|[from] item: Leftovers
|-heal|p2a: Necrozma|25/100|[from] item: Leftovers
|upkeep
|turn|18
|
|switch|p2a: Ditto|Ditto, shiny|100/100
|-transform|p2a: Ditto|p1a: Necrozma|[from] ability: Imposter
|move|p1a: Necrozma|Morning Sun|p1a: Necrozma
|-heal|p1a: Necrozma|68/100 par
|
|-heal|p1a: Necrozma|74/100 par|[from] item: Leftovers
|upkeep
|turn|19
|
|move|p2a: Ditto|Sunsteel Strike|p1a: Necrozma
|-resisted|p1a: Necrozma
|-damage|p1a: Necrozma|11/100 par
|move|p1a: Necrozma|Morning Sun|p1a: Necrozma
|-heal|p1a: Necrozma|61/100 par
|
|-heal|p1a: Necrozma|67/100 par|[from] item: Leftovers
|upkeep
|turn|20
|
|-start|p2a: Ditto|Dynamax
|-heal|p2a: Ditto|100/100|[silent]
|-start|p1a: Necrozma|Dynamax
|-heal|p1a: Necrozma|67/100 par|[silent]
|move|p2a: Ditto|Max Steelspike|p1a: Necrozma
|-resisted|p1a: Necrozma
|-damage|p1a: Necrozma|22/100 par
|-boost|p2a: Ditto|def|1
|move|p1a: Necrozma|Max Steelspike|p2a: Ditto
|-resisted|p2a: Ditto
|-damage|p2a: Ditto|67/100
|-boost|p1a: Necrozma|def|1
|
|-heal|p1a: Necrozma|25/100 par|[from] item: Leftovers
|upkeep
|turn|21
|
|cant|p1a: Necrozma|par
|move|p2a: Ditto|Max Steelspike|p1a: Necrozma
|-resisted|p1a: Necrozma
|-damage|p1a: Necrozma|0 fnt
|-boost|p2a: Ditto|def|1
|faint|p1a: Necrozma
|
|upkeep
|
|switch|p1a: Marshadow|Marshadow|100/100
|-damage|p1a: Marshadow|94/100|[from] Stealth Rock
|turn|22
|
|switch|p1a: Kyurem|Kyurem-Black|16/100 brn
|-damage|p1a: Kyurem|0 fnt|[from] Stealth Rock
|faint|p1a: Kyurem
|move|p2a: Ditto|Max Steelspike|p1: Kyurem|[notarget]
|-fail|p2a: Ditto
|
|-end|p2a: Ditto|Dynamax
|-heal|p2a: Ditto|67/100|[silent]
|upkeep
|j| Zaettsu
|
|switch|p1a: Ditto|Ditto|100/100
|-damage|p1a: Ditto|88/100|[from] Stealth Rock
|turn|23
|c|☆toad121|o
|
|move|p2a: Ditto|Sunsteel Strike|p1a: Ditto
|-damage|p1a: Ditto|0 fnt
|faint|p1a: Ditto
|
|upkeep
|
|switch|p1a: Melmetal|Melmetal|100/100
|-damage|p1a: Melmetal|94/100|[from] Stealth Rock
|turn|24
|
|switch|p2a: Necrozma|Necrozma-Dusk-Mane, shiny|25/100
|move|p1a: Melmetal|Earthquake|p2a: Necrozma
|-supereffective|p2a: Necrozma
|-damage|p2a: Necrozma|0 fnt
|faint|p2a: Necrozma
|
|upkeep
|
|switch|p2a: Reshiram|Reshiram, shiny|72/100
|-ability|p2a: Reshiram|Turboblaze
|turn|25
|
|move|p2a: Reshiram|Mystical Fire|p1a: Melmetal
|-supereffective|p1a: Melmetal
|-damage|p1a: Melmetal|17/100
|-unboost|p1a: Melmetal|spa|1
|move|p1a: Melmetal|Earthquake|p2a: Reshiram
|-supereffective|p2a: Reshiram
|-damage|p2a: Reshiram|0 fnt
|faint|p2a: Reshiram
|
|upkeep
|
|switch|p2a: Eternatus|Eternatus|100/100
|-ability|p2a: Eternatus|Pressure
|turn|26
|
|move|p2a: Eternatus|Dynamax Cannon|p1a: Melmetal
|-resisted|p1a: Melmetal
|-crit|p1a: Melmetal
|-damage|p1a: Melmetal|0 fnt
|faint|p1a: Melmetal
|
|upkeep
|
|switch|p1a: Marshadow|Marshadow|94/100
|-damage|p1a: Marshadow|88/100|[from] Stealth Rock
|turn|27
|
|move|p1a: Marshadow|Spectral Thief|p2a: Eternatus
|-damage|p2a: Eternatus|62/100
|move|p2a: Eternatus|Dynamax Cannon|p1a: Marshadow
|-crit|p1a: Marshadow
|-damage|p1a: Marshadow|0 fnt
|faint|p1a: Marshadow
|
|win|TaKuTo-SeNpAi
