|j|☆Magikarp4000
|j|☆Dat my food
|t:|1605243596
|player|p1|Magikarp4000|steven|1562
|player|p2|Dat my food|2|1323
|teamsize|p1|6
|teamsize|p2|6
|gametype|singles
|gen|8
|tier|[Gen 8] Ubers
|rated|
|clearpoke
|poke|p1|Yveltal|
|poke|p1|Kyogre|
|poke|p1|Zacian-Crowned|
|poke|p1|Calyrex-Shadow|
|poke|p1|Zygarde|
|poke|p1|Necrozma-Dusk-Mane|
|poke|p2|Calyrex-Shadow|
|poke|p2|Groudon|
|poke|p2|Kyogre|
|poke|p2|Necrozma-Dusk-Mane|
|poke|p2|Yveltal|
|poke|p2|Tapu Lele|
|rule|Sleep Clause Mod: Limit one foe put to sleep
|rule|Species Clause: Limit one of each Pokémon
|rule|OHKO Clause: OHKO moves are banned
|rule|Evasion Moves Clause: Evasion moves are banned
|rule|Endless Battle Clause: Forcing endless battles is banned
|rule|HP Percentage Mod: HP is shown in percentages
|teampreview
|c|☆Magikarp4000|glhf
|
|t:|1605243631
|start
|switch|p1a: Zacian|Zacian-Crowned|100/100
|switch|p2a: Kyogre|Kyogre|100/100
|-weather|RainDance|[from] ability: Drizzle|[of] p2a: Kyogre
|-ability|p1a: Zacian|Intrepid Sword|boost
|-boost|p1a: Zacian|atk|1
|turn|1
|
|t:|1605243635
|switch|p1a: Kyogre|Kyogre|100/100
|move|p2a: Kyogre|Water Spout|p1a: Kyogre
|-resisted|p1a: Kyogre
|-damage|p1a: Kyogre|70/100
|
|-weather|RainDance|[upkeep]
|upkeep
|turn|2
|
|t:|1605243645
|switch|p2a: Groudon|Groudon|100/100
|-weather|SunnyDay|[from] ability: Drought|[of] p2a: Groudon
|move|p1a: Kyogre|Thunder|p2a: Groudon
|-immune|p2a: Groudon
|
|-weather|SunnyDay|[upkeep]
|upkeep
|turn|3
|c|☆Dat my food|Sorry didn’t see message before
|c|☆Dat my food|Glhf
|c|☆Magikarp4000|oh that's ok
|
|t:|1605243673
|-start|p1a: Kyogre|Dynamax
|-heal|p1a: Kyogre|70/100|[silent]
|move|p1a: Kyogre|Max Geyser|p2a: Groudon
|-supereffective|p2a: Groudon
|-damage|p2a: Groudon|2/100
|-weather|RainDance
|move|p2a: Groudon|Earthquake|p1a: Kyogre
|-damage|p1a: Kyogre|24/100
|-damage|p2a: Groudon|0 fnt|[from] item: Life Orb
|faint|p2a: Groudon
|
|-weather|RainDance|[upkeep]
|upkeep
|
|t:|1605243685
|switch|p2a: Kyogre|Kyogre|100/100
|turn|4
|
|t:|1605243691
|move|p2a: Kyogre|Thunder|p1a: Kyogre
|-supereffective|p1a: Kyogre
|-damage|p1a: Kyogre|4/100
|-status|p1a: Kyogre|par
|move|p1a: Kyogre|Max Lightning|p2a: Kyogre
|-supereffective|p2a: Kyogre
|-damage|p2a: Kyogre|20/100
|-fieldstart|move: Electric Terrain
|
|-weather|RainDance|[upkeep]
|upkeep
|turn|5
|
|t:|1605243697
|-end|p1a: Kyogre|Dynamax
|-heal|p1a: Kyogre|4/100 par|[silent]
|switch|p1a: Zygarde|Zygarde|100/100
|move|p2a: Kyogre|Thunder|p1a: Zygarde
|-immune|p1a: Zygarde
|
|-weather|RainDance|[upkeep]
|upkeep
|turn|6
|
|t:|1605243713
|switch|p2a: Yveltal|Yveltal|100/100
|-ability|p2a: Yveltal|Dark Aura
|move|p1a: Zygarde|Glare|p2a: Yveltal
|-status|p2a: Yveltal|par
|
|-weather|RainDance|[upkeep]
|upkeep
|turn|7
|c|☆Dat my food|Honestly
|c|☆Dat my food|you mind passing me this team after this?
|c|☆Magikarp4000|hm
|
|t:|1605243744
|switch|p1a: Zacian|Zacian-Crowned|100/100
|-ability|p1a: Zacian|Intrepid Sword|boost
|-boost|p1a: Zacian|atk|1
|switch|p2a: Tapu Lele|Tapu Lele|100/100
|-fieldstart|move: Psychic Terrain|[from] ability: Psychic Surge|[of] p2a: Tapu Lele
|
|-weather|none
|upkeep
|turn|8
|c|☆Magikarp4000|well, i can pass u one of my other teams which is pretty similar
|
|t:|1605243759
|switch|p2a: Necrozma|Necrozma-Dusk-Mane|100/100
|move|p1a: Zacian|Behemoth Blade|p2a: Necrozma
|-resisted|p2a: Necrozma
|-damage|p2a: Necrozma|75/100
|
|-heal|p2a: Necrozma|81/100|[from] item: Leftovers
|upkeep
|turn|9
|c|☆Dat my food|Don’t have to
|c|☆Magikarp4000|oh
|c|☆Dat my food|JUst looking for new teams is all
|c|☆Magikarp4000|ah
|c|☆Dat my food|But yea I’d appreciate it
|c|☆Dat my food|just do it after the match
|c|☆Magikarp4000|Np
|c|☆Dat my food|don’t wanna cheat
|
|t:|1605243808
|switch|p1a: Zygarde|Zygarde|100/100
|move|p2a: Necrozma|Sunsteel Strike|p1a: Zygarde
|-damage|p1a: Zygarde|75/100
|
|-heal|p1a: Zygarde|81/100|[from] item: Leftovers
|-heal|p2a: Necrozma|87/100|[from] item: Leftovers
|upkeep
|turn|10
|
|t:|1605243816
|move|p1a: Zygarde|Glare|p2a: Necrozma
|-status|p2a: Necrozma|par
|move|p2a: Necrozma|Toxic|p1a: Zygarde
|-status|p1a: Zygarde|tox
|
|-heal|p1a: Zygarde|88/100 tox|[from] item: Leftovers
|-heal|p2a: Necrozma|93/100 par|[from] item: Leftovers
|-damage|p1a: Zygarde|81/100 tox|[from] psn
|upkeep
|turn|11
|l|☆Dat my food
|player|p2|
|j|☆Dat my food
|player|p2|Dat my food|2
|
|t:|1605243836
|switch|p2a: Tapu Lele|Tapu Lele|100/100
|move|p1a: Zygarde|Thousand Arrows|p2a: Tapu Lele
|-damage|p2a: Tapu Lele|59/100
|
|-heal|p1a: Zygarde|88/100 tox|[from] item: Leftovers
|-damage|p1a: Zygarde|75/100 tox|[from] psn
|upkeep
|turn|12
|
|t:|1605243840
|switch|p1a: Zacian|Zacian-Crowned|100/100
|-ability|p1a: Zacian|Intrepid Sword|boost
|-boost|p1a: Zacian|atk|1
|move|p2a: Tapu Lele|Aromatherapy|p2a: Tapu Lele
|-activate|p2a: Tapu Lele|move: Aromatherapy
|-curestatus|p2: Necrozma|par|[msg]
|-curestatus|p2: Yveltal|par|[msg]
|
|upkeep
|turn|13
|
|t:|1605243847
|switch|p2a: Necrozma|Necrozma-Dusk-Mane|93/100
|move|p1a: Zacian|Swords Dance|p1a: Zacian
|-boost|p1a: Zacian|atk|2
|
|-heal|p2a: Necrozma|99/100|[from] item: Leftovers
|upkeep
|turn|14
|
|t:|1605243854
|move|p1a: Zacian|Behemoth Blade|p2a: Necrozma
|-resisted|p2a: Necrozma
|-crit|p2a: Necrozma
|-damage|p2a: Necrozma|33/100
|move|p2a: Necrozma|Sunsteel Strike|p1a: Zacian
|-damage|p1a: Zacian|56/100
|
|-heal|p2a: Necrozma|39/100|[from] item: Leftovers
|-fieldend|move: Psychic Terrain
|upkeep
|turn|15
|
|t:|1605243861
|move|p1a: Zacian|Behemoth Blade|p2a: Necrozma
|-resisted|p2a: Necrozma
|-damage|p2a: Necrozma|0 fnt
|faint|p2a: Necrozma
|
|upkeep
|
|t:|1605243875
|switch|p2a: Kyogre|Kyogre|20/100
|-weather|RainDance|[from] ability: Drizzle|[of] p2a: Kyogre
|turn|16
|
|t:|1605243881
|switch|p1a: Kyogre|Kyogre|4/100 par
|move|p2a: Kyogre|Origin Pulse|p1a: Kyogre
|-resisted|p1a: Kyogre
|-damage|p1a: Kyogre|0 fnt
|faint|p1a: Kyogre
|
|-weather|RainDance|[upkeep]
|upkeep
|
|t:|1605243884
|switch|p1a: Yveltal|Yveltal|100/100
|-ability|p1a: Yveltal|Dark Aura
|turn|17
|
|t:|1605243889
|move|p1a: Yveltal|Sucker Punch|p2a: Kyogre
|-damage|p2a: Kyogre|0 fnt
|faint|p2a: Kyogre
|
|-weather|RainDance|[upkeep]
|upkeep
|
|t:|1605243891
|switch|p2a: Tapu Lele|Tapu Lele|59/100
|-fieldstart|move: Psychic Terrain|[from] ability: Psychic Surge|[of] p2a: Tapu Lele
|turn|18
|
|t:|1605243897
|switch|p1a: Zacian|Zacian-Crowned|56/100
|-ability|p1a: Zacian|Intrepid Sword|boost
|-boost|p1a: Zacian|atk|1
|switch|p2a: Calyrex|Calyrex-Shadow|100/100
|-ability|p2a: Calyrex|As One
|-ability|p2a: Calyrex|Unnerve|p1: Magikarp4000
|
|-weather|RainDance|[upkeep]
|upkeep
|turn|19
|
|t:|1605243901
|switch|p1a: Yveltal|Yveltal|100/100
|-ability|p1a: Yveltal|Dark Aura
|move|p2a: Calyrex|Substitute|p2a: Calyrex
|-start|p2a: Calyrex|Substitute
|-damage|p2a: Calyrex|76/100
|
|-weather|RainDance|[upkeep]
|upkeep
|turn|20
|
|t:|1605243910
|move|p2a: Calyrex|Astral Barrage|p1a: Yveltal
|-resisted|p1a: Yveltal
|-damage|p1a: Yveltal|78/100
|move|p1a: Yveltal|Foul Play|p2a: Calyrex
|-supereffective|p2a: Calyrex
|-end|p2a: Calyrex|Substitute
|
|-weather|none
|upkeep
|turn|21
|
|t:|1605243918
|switch|p2a: Yveltal|Yveltal|100/100
|-ability|p2a: Yveltal|Dark Aura
|move|p1a: Yveltal|Foul Play|p2a: Yveltal
|-resisted|p2a: Yveltal
|-damage|p2a: Yveltal|78/100
|
|upkeep
|turn|22
|
|t:|1605243924
|move|p2a: Yveltal|Toxic|p1a: Yveltal
|-status|p1a: Yveltal|tox
|move|p1a: Yveltal|Roost|p1a: Yveltal
|-heal|p1a: Yveltal|100/100 tox
|-singleturn|p1a: Yveltal|move: Roost
|
|-damage|p1a: Yveltal|94/100 tox|[from] psn
|upkeep
|turn|23
|
|t:|1605243926
|move|p2a: Yveltal|Oblivion Wing|p1a: Yveltal
|-damage|p1a: Yveltal|75/100 tox
|-heal|p2a: Yveltal|94/100|[from] drain|[of] p1a: Yveltal
|move|p1a: Yveltal|Toxic|p2a: Yveltal
|-status|p2a: Yveltal|tox
|
|-damage|p1a: Yveltal|62/100 tox|[from] psn
|-damage|p2a: Yveltal|87/100 tox|[from] psn
|upkeep
|turn|24
|
|t:|1605243932
|switch|p2a: Tapu Lele|Tapu Lele|59/100
|move|p1a: Yveltal|Roost|p1a: Yveltal
|-heal|p1a: Yveltal|100/100 tox
|-singleturn|p1a: Yveltal|move: Roost
|
|-damage|p1a: Yveltal|82/100 tox|[from] psn
|upkeep
|turn|25
|
|t:|1605243937
|move|p1a: Yveltal|Toxic|p2a: Tapu Lele
|-status|p2a: Tapu Lele|tox
|move|p2a: Tapu Lele|Aromatherapy|p2a: Tapu Lele
|-activate|p2a: Tapu Lele|move: Aromatherapy
|-curestatus|p2a: Tapu Lele|tox|[msg]
|-curestatus|p2: Yveltal|tox|[msg]
|
|-damage|p1a: Yveltal|57/100 tox|[from] psn
|-fieldend|move: Psychic Terrain
|upkeep
|turn|26
|
|t:|1605243945
|switch|p1a: Necrozma|Necrozma-Dusk-Mane|100/100
|move|p2a: Tapu Lele|Moonblast|p1a: Necrozma
|-resisted|p1a: Necrozma
|-damage|p1a: Necrozma|84/100
|
|upkeep
|turn|27
|
|t:|1605243953
|switch|p2a: Yveltal|Yveltal|87/100
|-ability|p2a: Yveltal|Dark Aura
|move|p1a: Necrozma|Knock Off|p2a: Yveltal
|-resisted|p2a: Yveltal
|-damage|p2a: Yveltal|66/100
|-enditem|p2a: Yveltal|Heavy-Duty Boots|[from] move: Knock Off|[of] p1a: Necrozma
|
|upkeep
|turn|28
|
|t:|1605243989
|switch|p2a: Calyrex|Calyrex-Shadow|76/100
|-ability|p2a: Calyrex|As One
|-ability|p2a: Calyrex|Unnerve|p1: Magikarp4000
|switch|p1a: Zacian|Zacian-Crowned|56/100
|-ability|p1a: Zacian|Intrepid Sword|boost
|-boost|p1a: Zacian|atk|1
|
|upkeep
|turn|29
|
|t:|1605244002
|switch|p1a: Yveltal|Yveltal|57/100 tox
|-ability|p1a: Yveltal|Dark Aura
|move|p2a: Calyrex|Substitute|p2a: Calyrex
|-start|p2a: Calyrex|Substitute
|-damage|p2a: Calyrex|51/100
|
|-damage|p1a: Yveltal|51/100 tox|[from] psn
|upkeep
|turn|30
|
|t:|1605244010
|move|p1a: Yveltal|Sucker Punch|p2a: Calyrex
|-supereffective|p2a: Calyrex
|-crit|p2a: Calyrex
|-end|p2a: Calyrex|Substitute
|move|p2a: Calyrex|Astral Barrage|p1a: Yveltal
|-resisted|p1a: Yveltal
|-damage|p1a: Yveltal|30/100 tox
|
|-damage|p1a: Yveltal|18/100 tox|[from] psn
|upkeep
|turn|31
|
|t:|1605244019
|move|p1a: Yveltal|Sucker Punch||[still]
|-fail|p1a: Yveltal
|move|p2a: Calyrex|Substitute|p2a: Calyrex
|-start|p2a: Calyrex|Substitute
|-damage|p2a: Calyrex|26/100
|
|-damage|p1a: Yveltal|0 fnt|[from] psn
|faint|p1a: Yveltal
|upkeep
|c|☆Magikarp4000|no gg
|
|t:|1605244027
|switch|p1a: Zygarde|Zygarde|75/100 tox
|turn|32
|j| Jjshdnbdcs
|
|t:|1605244031
|move|p2a: Calyrex|Nasty Plot|p2a: Calyrex
|-boost|p2a: Calyrex|spa|2
|move|p1a: Zygarde|Thousand Arrows|p2a: Calyrex
|-end|p2a: Calyrex|Substitute
|
|-heal|p1a: Zygarde|81/100 tox|[from] item: Leftovers
|-damage|p1a: Zygarde|75/100 tox|[from] psn
|upkeep
|turn|33
|
|t:|1605244036
|-start|p2a: Calyrex|Dynamax
|-heal|p2a: Calyrex|26/100|[silent]
|move|p2a: Calyrex|Max Phantasm|p1a: Zygarde
|-damage|p1a: Zygarde|0 fnt
|faint|p1a: Zygarde
|-ability|p2a: Calyrex|Grim Neigh|boost
|-boost|p2a: Calyrex|spa|1
|
|upkeep
|
|t:|1605244039
|switch|p1a: Calyrex|Calyrex-Shadow|100/100
|-ability|p1a: Calyrex|As One
|-ability|p1a: Calyrex|Unnerve|p2: Dat my food
|turn|34
|
|t:|1605244053
|-end|p2a: Calyrex|Dynamax
|-heal|p2a: Calyrex|26/100|[silent]
|switch|p2a: Yveltal|Yveltal|66/100
|-ability|p2a: Yveltal|Dark Aura
|move|p1a: Calyrex|Astral Barrage|p2a: Yveltal
|-resisted|p2a: Yveltal
|-damage|p2a: Yveltal|40/100
|-damage|p1a: Calyrex|91/100|[from] item: Life Orb
|
|upkeep
|turn|35
|
|t:|1605244067
|move|p1a: Calyrex|Substitute|p1a: Calyrex
|-start|p1a: Calyrex|Substitute
|-damage|p1a: Calyrex|66/100
|move|p2a: Yveltal|Roost|p2a: Yveltal
|-heal|p2a: Yveltal|90/100
|-singleturn|p2a: Yveltal|move: Roost
|
|upkeep
|turn|36
|
|t:|1605244070
|move|p1a: Calyrex|Draining Kiss|p2a: Yveltal
|-supereffective|p2a: Yveltal
|-damage|p2a: Yveltal|56/100
|-heal|p1a: Calyrex|98/100|[from] drain|[of] p2a: Yveltal
|-damage|p1a: Calyrex|88/100|[from] item: Life Orb
|move|p2a: Yveltal|Dark Pulse|p1a: Calyrex
|-supereffective|p1a: Calyrex
|-end|p1a: Calyrex|Substitute
|
|upkeep
|turn|37
|
|t:|1605244075
|switch|p1a: Zacian|Zacian-Crowned|56/100
|-ability|p1a: Zacian|Intrepid Sword|boost
|-boost|p1a: Zacian|atk|1
|move|p2a: Yveltal|Dark Pulse|p1a: Zacian
|-resisted|p1a: Zacian
|-damage|p1a: Zacian|34/100
|
|upkeep
|turn|38
|
|t:|1605244080
|switch|p2a: Tapu Lele|Tapu Lele|59/100
|-fieldstart|move: Psychic Terrain|[from] ability: Psychic Surge|[of] p2a: Tapu Lele
|move|p1a: Zacian|Behemoth Blade|p2a: Tapu Lele
|-supereffective|p2a: Tapu Lele
|-damage|p2a: Tapu Lele|0 fnt
|faint|p2a: Tapu Lele
|
|upkeep
|
|t:|1605244082
|switch|p2a: Calyrex|Calyrex-Shadow|26/100
|-ability|p2a: Calyrex|As One
|-ability|p2a: Calyrex|Unnerve|p1: Magikarp4000
|turn|39
|
|t:|1605244089
|switch|p1a: Necrozma|Necrozma-Dusk-Mane|84/100
|move|p2a: Calyrex|Substitute|p2a: Calyrex
|-start|p2a: Calyrex|Substitute
|-damage|p2a: Calyrex|1/100
|-enditem|p2a: Calyrex|Salac Berry|[eat]
|-boost|p2a: Calyrex|spe|1|[from] item: Salac Berry
|
|upkeep
|turn|40
|
|t:|1605244094
|move|p2a: Calyrex|Nasty Plot|p2a: Calyrex
|-boost|p2a: Calyrex|spa|2
|move|p1a: Necrozma|Knock Off|p2a: Calyrex
|-supereffective|p2a: Calyrex
|-end|p2a: Calyrex|Substitute
|
|upkeep
|turn|41
|
|t:|1605244098
|move|p2a: Calyrex|Astral Barrage|p1a: Necrozma
|-supereffective|p1a: Necrozma
|-damage|p1a: Necrozma|0 fnt
|faint|p1a: Necrozma
|-ability|p2a: Calyrex|Grim Neigh|boost
|-boost|p2a: Calyrex|spa|1
|
|upkeep
|
|t:|1605244100
|switch|p1a: Calyrex|Calyrex-Shadow|88/100
|-ability|p1a: Calyrex|As One
|-ability|p1a: Calyrex|Unnerve|p2: Dat my food
|turn|42
|
|t:|1605244103
|move|p2a: Calyrex|Astral Barrage|p1a: Calyrex
|-supereffective|p1a: Calyrex
|-damage|p1a: Calyrex|0 fnt
|faint|p1a: Calyrex
|-ability|p2a: Calyrex|Grim Neigh|boost
|-boost|p2a: Calyrex|spa|1
|
|upkeep
|c|☆Magikarp4000|no
|c|☆Magikarp4000|why
|-message|Magikarp4000 forfeited.
|
|win|Dat my food
|l|☆Magikarp4000
|raw|Magikarp4000's rating: 1562 &rarr; <strong>1530</strong><br />(-32 for losing)
|raw|Dat my food's rating: 1323 &rarr; <strong>1355</strong><br />(+32 for winning)
