|j|‽ballerz69
|j|☆Snoop_King
|player|p1|ballerz69|2|
|player|p2|Snoop_King|ryuki|
|teamsize|p1|6
|teamsize|p2|6
|gametype|singles
|gen|8
|tier|[Gen 8] Ubers
|rated|Tournament battle
|clearpoke
|poke|p1|Ninjask, F|
|poke|p1|Bellossom, M|
|poke|p1|Mew|
|poke|p1|Indeedee-F, F|
|poke|p1|Jirachi|
|poke|p1|Dubwool, M|
|poke|p2|Drednaw, F|
|poke|p2|Pelipper, M|
|poke|p2|Barraskewda, F|
|poke|p2|Lunala|
|poke|p2|Zacian-Crowned|
|poke|p2|Zamazenta|
|rule|Sleep Clause Mod: Limit one foe put to sleep
|rule|Species Clause: Limit one of each Pokémon
|rule|OHKO Clause: OHKO moves are banned
|rule|Evasion Moves Clause: Evasion moves are banned
|rule|Endless Battle Clause: Forcing endless battles is banned
|rule|HP Percentage Mod: HP is shown in percentages
|html|Ubers Dynamax Clause: Pokémon on the <a href="https://www.smogon.com/dex/ss/formats/uber/">Ubers Dynamax Banlist</a> cannot Dynamax.
|teampreview
|c|☆Snoop_King|oh no
|c|☆Snoop_King|the meme team
|j| perishsongl0l
|
|start
|switch|p1a: Ninjask|Ninjask, F|100/100
|switch|p2a: Lunala|Lunala|100/100
|turn|1
|c| perishsongl0l|gl ballerz
|
|move|p2a: Lunala|Trick|p1a: Ninjask
|-activate|p2a: Lunala|move: Trick|[of] p1a: Ninjask
|-item|p1a: Ninjask|Choice Scarf|[from] move: Trick
|-item|p2a: Lunala|Heavy-Duty Boots|[from] move: Trick
|move|p1a: Ninjask|Substitute|p1a: Ninjask
|-start|p1a: Ninjask|Substitute
|-damage|p1a: Ninjask|76/100
|
|-ability|p1a: Ninjask|Speed Boost|boost
|-boost|p1a: Ninjask|spe|1
|upkeep
|turn|2
|c| perishsongl0l|Oh piss
|j| An Anakin
|
|switch|p1a: Dubwool|Dubwool, M, shiny|100/100
|move|p2a: Lunala|Moongeist Beam|p1a: Dubwool
|-immune|p1a: Dubwool
|
|upkeep
|turn|3
|
|move|p2a: Lunala|Psychic|p1a: Dubwool
|-damage|p1a: Dubwool|52/100
|move|p1a: Dubwool|Substitute|p1a: Dubwool
|-start|p1a: Dubwool|Substitute
|-damage|p1a: Dubwool|27/100
|
|-heal|p1a: Dubwool|33/100|[from] item: Leftovers
|upkeep
|turn|4
|
|move|p2a: Lunala|Psychic|p1a: Dubwool
|-end|p1a: Dubwool|Substitute
|move|p1a: Dubwool|Baton Pass|p1a: Dubwool
|
|switch|p1a: Bellossom|Bellossom, M|100/100|[from]move: Baton Pass
|
|upkeep
|turn|5
|
|switch|p2a: Zacian|Zacian-Crowned|100/100
|-ability|p2a: Zacian|Intrepid Sword|boost
|-boost|p2a: Zacian|atk|1
|move|p1a: Bellossom|Substitute|p1a: Bellossom
|-start|p1a: Bellossom|Substitute
|-damage|p1a: Bellossom|76/100
|
|-heal|p1a: Bellossom|82/100|[from] item: Leftovers
|upkeep
|turn|6
|
|move|p2a: Zacian|Behemoth Blade|p1a: Bellossom
|-end|p1a: Bellossom|Substitute
|move|p1a: Bellossom|Baton Pass|p1a: Bellossom
|
|switch|p1a: Mew|Mew|100/100|[from]move: Baton Pass
|
|upkeep
|turn|7
|
|move|p2a: Zacian|Swords Dance|p2a: Zacian
|-boost|p2a: Zacian|atk|2
|move|p1a: Mew|Will-O-Wisp|p2a: Zacian
|-status|p2a: Zacian|brn
|
|-damage|p2a: Zacian|94/100 brn|[from] brn
|upkeep
|turn|8
|
|switch|p1a: Jirachi|Jirachi|100/100
|move|p2a: Zacian|Swords Dance|p2a: Zacian
|-boost|p2a: Zacian|atk|2
|
|-damage|p2a: Zacian|88/100 brn|[from] brn
|upkeep
|turn|9
|
|move|p2a: Zacian|Close Combat|p1a: Jirachi
|-damage|p1a: Jirachi|30/100
|-unboost|p2a: Zacian|def|1
|-unboost|p2a: Zacian|spd|1
|move|p1a: Jirachi|Substitute|p1a: Jirachi
|-start|p1a: Jirachi|Substitute
|-damage|p1a: Jirachi|5/100
|
|-heal|p1a: Jirachi|11/100|[from] item: Leftovers
|-damage|p2a: Zacian|82/100 brn|[from] brn
|upkeep
|turn|10
|
|move|p2a: Zacian|Close Combat|p1a: Jirachi
|-end|p1a: Jirachi|Substitute
|-unboost|p2a: Zacian|def|1
|-unboost|p2a: Zacian|spd|1
|move|p1a: Jirachi|Iron Head|p2a: Zacian
|-damage|p2a: Zacian|26/100 brn
|
|-heal|p1a: Jirachi|17/100|[from] item: Leftovers
|-damage|p2a: Zacian|20/100 brn|[from] brn
|upkeep
|turn|11
|
|move|p2a: Zacian|Behemoth Blade|p1a: Jirachi
|-resisted|p1a: Jirachi
|-damage|p1a: Jirachi|0 fnt
|faint|p1a: Jirachi
|
|-damage|p2a: Zacian|14/100 brn|[from] brn
|upkeep
|-message|ballerz69 forfeited.
|
|win|Snoop_King
