|j|☆Harmony Terminal
|j|☆ChamoneySS
|t:|1598412660
|player|p1|Harmony Terminal|unknownf|1466
|player|p2|ChamoneySS|151|1451
|teamsize|p1|6
|teamsize|p2|6
|gametype|singles
|gen|8
|tier|[Gen 8] Ubers
|rated|
|clearpoke
|poke|p1|Mew|
|poke|p1|Necrozma-Dusk-Mane|
|poke|p1|Grimmsnarl, M|
|poke|p1|Zacian-Crowned|
|poke|p1|Lunala|
|poke|p1|Gyarados, M|
|poke|p2|Zacian-Crowned|
|poke|p2|Cinderace, F|
|poke|p2|Marshadow|
|poke|p2|Mewtwo|
|poke|p2|Eternatus|
|poke|p2|Excadrill, M|
|rule|Sleep Clause Mod: Limit one foe put to sleep
|rule|Species Clause: Limit one of each Pokémon
|rule|OHKO Clause: OHKO moves are banned
|rule|Evasion Moves Clause: Evasion moves are banned
|rule|Endless Battle Clause: Forcing endless battles is banned
|rule|HP Percentage Mod: HP is shown in percentages
|html|Ubers Dynamax Clause: Pokémon on the <a href="https://www.smogon.com/dex/ss/formats/uber/">Ubers Dynamax Banlist</a> cannot Dynamax.
|teampreview
|inactive|Battle timer is ON: inactive players will automatically lose when time's up. (requested by ChamoneySS)
|inactive|Harmony Terminal has 120 seconds left.
|
|t:|1598412730
|start
|switch|p1a: Mew|Mew, shiny|100/100
|switch|p2a: Excadrill|Excadrill, M|100/100
|-ability|p2a: Excadrill|Mold Breaker
|turn|1
|
|t:|1598412754
|move|p1a: Mew|Stealth Rock|p2a: Excadrill
|-sidestart|p2: ChamoneySS|move: Stealth Rock
|move|p2a: Excadrill|Stealth Rock|p1a: Mew
|-sidestart|p1: Harmony Terminal|move: Stealth Rock
|
|upkeep
|turn|2
|
|t:|1598412759
|move|p1a: Mew|Explosion|p2a: Excadrill
|-resisted|p2a: Excadrill
|-damage|p2a: Excadrill|59/100
|faint|p1a: Mew
|move|p2a: Excadrill|Toxic|p1: Mew|[notarget]
|-fail|p2a: Excadrill
|
|-heal|p2a: Excadrill|65/100|[from] item: Leftovers
|upkeep
|
|t:|1598412774
|switch|p1a: Zacian|Zacian-Crowned|100/100
|-damage|p1a: Zacian|94/100|[from] Stealth Rock
|-ability|p1a: Zacian|Intrepid Sword|boost
|-boost|p1a: Zacian|atk|1
|turn|3
|
|t:|1598412787
|switch|p2a: Marshadow|Marshadow|100/100
|-damage|p2a: Marshadow|94/100|[from] Stealth Rock
|move|p1a: Zacian|Behemoth Blade|p2a: Marshadow
|-crit|p2a: Marshadow
|-damage|p2a: Marshadow|0 fnt
|faint|p2a: Marshadow
|
|upkeep
|
|t:|1598412799
|switch|p2a: Cinderace|Cinderace, F|100/100
|-damage|p2a: Cinderace|76/100|[from] Stealth Rock
|turn|4
|
|t:|1598412812
|-start|p2a: Cinderace|Dynamax
|-formechange|p2a: Cinderace|Cinderace-Gmax
|-heal|p2a: Cinderace|76/100|[silent]
|move|p1a: Zacian|Behemoth Blade|p2a: Cinderace
|-resisted|p2a: Cinderace
|-damage|p2a: Cinderace|2/100
|move|p2a: Cinderace|Max Airstream|p1a: Zacian
|-start|p2a: Cinderace|typechange|Flying|[from] ability: Libero
|-resisted|p1a: Zacian
|-damage|p1a: Zacian|51/100
|-boost|p2a: Cinderace|spe|1
|-damage|p2a: Cinderace|0 fnt|[from] item: Life Orb
|faint|p2a: Cinderace
|
|upkeep
|
|t:|1598412824
|switch|p2a: Zacian|Zacian-Crowned|100/100
|-damage|p2a: Zacian|94/100|[from] Stealth Rock
|-ability|p2a: Zacian|Intrepid Sword|boost
|-boost|p2a: Zacian|atk|1
|turn|5
|
|t:|1598412827
|move|p1a: Zacian|Behemoth Blade|p2a: Zacian
|-damage|p2a: Zacian|0 fnt
|faint|p2a: Zacian
|
|upkeep
|-message|ChamoneySS forfeited.
|
|win|Harmony Terminal
|l|☆ChamoneySS
|raw|Harmony Terminal's rating: 1466 &rarr; <strong>1487</strong><br />(+21 for winning)
|raw|ChamoneySS's rating: 1478 &rarr; <strong>1458</strong><br />(-20 for losing)
