|j|☆As if its raining
|j|☆Magikarp4000
|t:|1607224847
|player|p1|As if its raining|lucas|1521
|player|p2|Magikarp4000|steven|1605
|teamsize|p1|6
|teamsize|p2|6
|gametype|singles
|gen|8
|tier|[Gen 8] Ubers
|rated|
|clearpoke
|poke|p1|Ho-Oh|
|poke|p1|Shedinja|
|poke|p1|Eternatus|
|poke|p1|Necrozma-Dusk-Mane|
|poke|p1|Groudon|
|poke|p1|Yveltal|
|poke|p2|Yveltal|
|poke|p2|Zacian-Crowned|
|poke|p2|Zygarde|
|poke|p2|Calyrex-Shadow|
|poke|p2|Necrozma-Dusk-Mane|
|poke|p2|Eternatus|
|rule|Sleep Clause Mod: Limit one foe put to sleep
|rule|Species Clause: Limit one of each Pokémon
|rule|OHKO Clause: OHKO moves are banned
|rule|Evasion Moves Clause: Evasion moves are banned
|rule|Endless Battle Clause: Forcing endless battles is banned
|rule|HP Percentage Mod: HP is shown in percentages
|rule|Dynamax Clause: You cannot dynamax
|teampreview
|c|☆Magikarp4000|glhf
|
|t:|1607224861
|start
|switch|p1a: Ho-Oh|Ho-Oh|100/100
|switch|p2a: Zygarde|Zygarde|100/100
|turn|1
|
|t:|1607224877
|switch|p1a: Shedinja|Shedinja|100/100
|move|p2a: Zygarde|Glare|p1a: Shedinja
|-status|p1a: Shedinja|par
|
|upkeep
|turn|2
|
|t:|1607224884
|switch|p2a: Eternatus|Eternatus|100/100
|-ability|p2a: Eternatus|Pressure
|move|p1a: Shedinja|Will-O-Wisp|p2a: Eternatus
|-status|p2a: Eternatus|brn
|
|-damage|p2a: Eternatus|94/100 brn|[from] brn
|upkeep
|turn|3
|
|t:|1607224896
|switch|p1a: Necrozma|Necrozma-Dusk-Mane|100/100
|move|p2a: Eternatus|Toxic Spikes|p1a: Necrozma
|-sidestart|p1: As if its raining|move: Toxic Spikes
|
|-heal|p2a: Eternatus|100/100 brn|[from] item: Black Sludge
|-damage|p2a: Eternatus|94/100 brn|[from] brn
|upkeep
|turn|4
|
|t:|1607224905
|move|p2a: Eternatus|Toxic Spikes|p1a: Necrozma
|-sidestart|p1: As if its raining|move: Toxic Spikes
|move|p1a: Necrozma|Stealth Rock|p2a: Eternatus
|-sidestart|p2: Magikarp4000|move: Stealth Rock
|
|-heal|p2a: Eternatus|100/100 brn|[from] item: Black Sludge
|-damage|p2a: Eternatus|94/100 brn|[from] brn
|upkeep
|turn|5
|
|t:|1607224908
|switch|p2a: Necrozma|Necrozma-Dusk-Mane|100/100
|-damage|p2a: Necrozma|94/100|[from] Stealth Rock
|switch|p1a: Eternatus|Eternatus|100/100
|-sideend|p1: As if its raining|move: Toxic Spikes|[of] p1a: Eternatus
|-ability|p1a: Eternatus|Pressure
|
|upkeep
|turn|6
|j| Blue Sunlight
|
|t:|1607224916
|switch|p1a: Groudon|Groudon|100/100
|-weather|SunnyDay|[from] ability: Drought|[of] p1a: Groudon
|move|p2a: Necrozma|Knock Off|p1a: Groudon
|-damage|p1a: Groudon|75/100
|-enditem|p1a: Groudon|Leftovers|[from] move: Knock Off|[of] p2a: Necrozma
|
|-weather|SunnyDay|[upkeep]
|upkeep
|turn|7
|
|t:|1607224941
|switch|p2a: Zygarde|Zygarde|100/100
|-damage|p2a: Zygarde|94/100|[from] Stealth Rock
|move|p1a: Groudon|Precipice Blades|p2a: Zygarde
|-damage|p2a: Zygarde|53/100
|
|-weather|SunnyDay|[upkeep]
|-heal|p2a: Zygarde|59/100|[from] item: Leftovers
|upkeep
|turn|8
|
|t:|1607224945
|move|p1a: Groudon|Substitute|p1a: Groudon
|-start|p1a: Groudon|Substitute
|-damage|p1a: Groudon|50/100
|move|p2a: Zygarde|Glare||[still]
|-fail|p2a: Zygarde
|
|-weather|SunnyDay|[upkeep]
|-heal|p2a: Zygarde|65/100|[from] item: Leftovers
|upkeep
|turn|9
|
|t:|1607224967
|move|p1a: Groudon|Swords Dance|p1a: Groudon
|-boost|p1a: Groudon|atk|2
|move|p2a: Zygarde|Thousand Arrows|p1a: Groudon
|-activate|p1a: Groudon|move: Substitute|[damage]
|
|-weather|SunnyDay|[upkeep]
|-heal|p2a: Zygarde|71/100|[from] item: Leftovers
|upkeep
|turn|10
|
|t:|1607224971
|move|p1a: Groudon|Precipice Blades|p2a: Zygarde
|-damage|p2a: Zygarde|0 fnt
|faint|p2a: Zygarde
|
|-weather|none
|upkeep
|c|☆Magikarp4000|smh
|
|t:|1607224987
|switch|p2a: Yveltal|Yveltal|100/100
|-ability|p2a: Yveltal|Dark Aura
|turn|11
|
|t:|1607224992
|move|p1a: Groudon|Stone Edge|p2a: Yveltal
|-supereffective|p2a: Yveltal
|-crit|p2a: Yveltal
|-damage|p2a: Yveltal|0 fnt
|faint|p2a: Yveltal
|
|upkeep
|
|t:|1607225018
|switch|p2a: Eternatus|Eternatus|94/100 brn
|-damage|p2a: Eternatus|82/100 brn|[from] Stealth Rock
|-ability|p2a: Eternatus|Pressure
|turn|12
|
|t:|1607225023
|move|p2a: Eternatus|Dynamax Cannon|p1a: Groudon
|-end|p1a: Groudon|Substitute
|move|p1a: Groudon|Precipice Blades|p2a: Eternatus
|-supereffective|p2a: Eternatus
|-damage|p2a: Eternatus|0 fnt
|faint|p2a: Eternatus
|
|upkeep
|c|☆Magikarp4000|1500 bruh
|
|t:|1607225037
|switch|p2a: Calyrex|Calyrex-Shadow|100/100
|-ability|p2a: Calyrex|As One
|-ability|p2a: Calyrex|Unnerve|p1: As if its raining
|-damage|p2a: Calyrex|88/100|[from] Stealth Rock
|turn|13
|
|t:|1607225042
|switch|p1a: Yveltal|Yveltal|100/100
|-ability|p1a: Yveltal|Dark Aura
|move|p2a: Calyrex|Trick|p1a: Yveltal
|-activate|p2a: Calyrex|move: Trick|[of] p1a: Yveltal
|-item|p1a: Yveltal|Choice Scarf|[from] move: Trick
|-item|p2a: Calyrex|Heavy-Duty Boots|[from] move: Trick
|
|upkeep
|turn|14
|
|t:|1607225047
|switch|p2a: Zacian|Zacian-Crowned|100/100
|-damage|p2a: Zacian|94/100|[from] Stealth Rock
|-ability|p2a: Zacian|Intrepid Sword|boost
|-boost|p2a: Zacian|atk|1
|move|p1a: Yveltal|Foul Play|p2a: Zacian
|-resisted|p2a: Zacian
|-damage|p2a: Zacian|36/100
|
|upkeep
|turn|15
|-message|Magikarp4000 forfeited.
|
|win|As if its raining
|l|☆Magikarp4000
|l|☆As if its raining
|raw|As if its raining's rating: 1521 &rarr; <strong>1546</strong><br />(+25 for winning)
|raw|Magikarp4000's rating: 1605 &rarr; <strong>1581</strong><br />(-24 for losing)
|l| Blue Sunlight
|j|☆As if its raining
|player|p1|As if its raining|lucas
