|j|☆Magikarp4000
|j|☆xazc
|t:|1616996328
|player|p1|Magikarp4000|steven|1569
|player|p2|xazc|cynthia-gen4|1275
|teamsize|p1|6
|teamsize|p2|6
|gametype|singles
|gen|8
|tier|[Gen 8] Ubers
|rated|
|clearpoke
|poke|p1|Yveltal|
|poke|p1|Xerneas|
|poke|p1|Necrozma-Dusk-Mane|
|poke|p1|Eternatus|
|poke|p1|Zygarde|
|poke|p1|Calyrex-Shadow|
|poke|p2|Calyrex-Shadow|
|poke|p2|Darmanitan-Galar, M|
|poke|p2|Zamazenta-Crowned|
|poke|p2|Zygarde|
|poke|p2|Necrozma-Dusk-Mane|
|poke|p2|Ribombee, M|
|rule|Sleep Clause Mod: Limit one foe put to sleep
|rule|Species Clause: Limit one of each Pokémon
|rule|OHKO Clause: OHKO moves are banned
|rule|Evasion Moves Clause: Evasion moves are banned
|rule|Endless Battle Clause: Forcing endless battles is banned
|rule|HP Percentage Mod: HP is shown in percentages
|rule|Dynamax Clause: You cannot dynamax
|teampreview
|c|☆Magikarp4000|glhf
|
|t:|1616996336
|start
|switch|p1a: Necrozma|Necrozma-Dusk-Mane|100/100
|switch|p2a: Ribombee|Ribombee, M|100/100
|turn|1
|inactive|Battle timer is ON: inactive players will automatically lose when time's up. (requested by xazc)
|c|☆xazc|u too
|
|t:|1616996342
|move|p2a: Ribombee|Sticky Web|p1a: Necrozma
|-sidestart|p1: Magikarp4000|move: Sticky Web
|move|p1a: Necrozma|Sunsteel Strike|p2a: Ribombee
|-supereffective|p2a: Ribombee
|-enditem|p2a: Ribombee|Focus Sash
|-damage|p2a: Ribombee|1/100
|
|upkeep
|turn|2
|
|t:|1616996349
|move|p2a: Ribombee|Bug Buzz|p1a: Necrozma
|-damage|p1a: Necrozma|70/100
|move|p1a: Necrozma|Knock Off|p2a: Ribombee
|-resisted|p2a: Ribombee
|-damage|p2a: Ribombee|0 fnt
|faint|p2a: Ribombee
|
|upkeep
|
|t:|1616996355
|switch|p2a: Necrozma|Necrozma-Dusk-Mane|100/100
|turn|3
|
|t:|1616996360
|switch|p1a: Yveltal|Yveltal|100/100
|-ability|p1a: Yveltal|Dark Aura
|move|p2a: Necrozma|Dragon Dance|p2a: Necrozma
|-boost|p2a: Necrozma|atk|1
|-boost|p2a: Necrozma|spe|1
|
|upkeep
|turn|4
|
|t:|1616996368
|move|p2a: Necrozma|Sunsteel Strike|p1a: Yveltal
|-damage|p1a: Yveltal|22/100
|move|p1a: Yveltal|Defog|p2a: Necrozma
|-unboost|p2a: Necrozma|evasion|1
|-sideend|p1: Magikarp4000|Sticky Web|[from] move: Defog|[of] p1a: Yveltal
|
|upkeep
|turn|5
|
|t:|1616996375
|switch|p1a: Zygarde|Zygarde|100/100
|move|p2a: Necrozma|Sunsteel Strike|p1a: Zygarde
|-damage|p1a: Zygarde|25/100
|
|-heal|p1a: Zygarde|31/100|[from] item: Leftovers
|-activate|p1a: Zygarde|ability: Power Construct
|detailschange|p1a: Zygarde|Zygarde-Complete
|-heal|p1a: Zygarde|55/100|[silent]
|upkeep
|turn|6
|
|t:|1616996386
|move|p2a: Necrozma|Photon Geyser|p1a: Zygarde
|-damage|p1a: Zygarde|6/100
|move|p1a: Zygarde|Thousand Arrows|p2a: Necrozma
|-supereffective|p2a: Necrozma
|-damage|p2a: Necrozma|48/100
|-enditem|p2a: Necrozma|Weakness Policy
|-boost|p2a: Necrozma|atk|2|[from] item: Weakness Policy
|-boost|p2a: Necrozma|spa|2|[from] item: Weakness Policy
|
|-heal|p1a: Zygarde|12/100|[from] item: Leftovers
|upkeep
|turn|7
|
|t:|1616996397
|move|p2a: Necrozma|Sunsteel Strike|p1a: Zygarde
|-crit|p1a: Zygarde
|-damage|p1a: Zygarde|0 fnt
|faint|p1a: Zygarde
|
|upkeep
|
|t:|1616996403
|switch|p1a: Calyrex|Calyrex-Shadow|100/100
|-ability|p1a: Calyrex|As One
|-ability|p1a: Calyrex|Unnerve|p2: xazc
|turn|8
|
|t:|1616996409
|move|p1a: Calyrex|Astral Barrage|p2a: Necrozma
|-supereffective|p2a: Necrozma
|-damage|p2a: Necrozma|0 fnt
|faint|p2a: Necrozma
|-ability|p1a: Calyrex|Grim Neigh|boost
|-boost|p1a: Calyrex|spa|1
|
|upkeep
|
|t:|1616996419
|switch|p2a: Darmanitan|Darmanitan-Galar, M|100/100
|turn|9
|
|t:|1616996423
|move|p1a: Calyrex|Astral Barrage|p2a: Darmanitan
|-damage|p2a: Darmanitan|0 fnt
|faint|p2a: Darmanitan
|-ability|p1a: Calyrex|Grim Neigh|boost
|-boost|p1a: Calyrex|spa|1
|
|upkeep
|-message|xazc forfeited.
|
|win|Magikarp4000
|raw|Magikarp4000's rating: 1569 &rarr; <strong>1575</strong><br />(+6 for winning)
|raw|xazc's rating: 1275 &rarr; <strong>1267</strong><br />(-8 for losing)
|l|☆xazc
|c|☆Magikarp4000|ngl, but that sir was very funny
|c|☆Magikarp4000|ggwp
