|raw|<div class="broadcast-blue"><strong>This battle is required to be public due to a player having a name starting with 'ult4pdr'.</div>
|j|☆ULT4PDR lost
|j|☆entrocefalo
|t:|1654013027
|gametype|singles
|player|p1|ULT4PDR lost|wallace-gen6|1370
|player|p2|entrocefalo|doctor|1430
|teamsize|p1|6
|teamsize|p2|6
|gen|8
|tier|[Gen 8] Ubers
|rated|
|rule|Sleep Clause Mod: Limit one foe put to sleep
|rule|Species Clause: Limit one of each Pokémon
|rule|OHKO Clause: OHKO moves are banned
|rule|Evasion Moves Clause: Evasion moves are banned
|rule|Endless Battle Clause: Forcing endless battles is banned
|rule|HP Percentage Mod: HP is shown in percentages
|rule|Dynamax Clause: You cannot dynamax
|clearpoke
|poke|p1|Eternatus|
|poke|p1|Groudon|
|poke|p1|Ho-Oh|
|poke|p1|Necrozma-Dusk-Mane|
|poke|p1|Yveltal|
|poke|p1|Zygarde|
|poke|p2|Froslass, F|
|poke|p2|Weavile, M|
|poke|p2|Darmanitan-Galar, F|
|poke|p2|Glalie, M|
|poke|p2|Cloyster, F|
|poke|p2|Xerneas-*|
|teampreview
|inactive|Battle timer is ON: inactive players will automatically lose when time's up. (requested by ULT4PDR lost)
|
|t:|1654013036
|start
|switch|p1a: Yveltal|Yveltal|100/100
|switch|p2a: Froslass|Froslass, F, shiny|100/100
|-ability|p1a: Yveltal|Dark Aura
|turn|1
|
|t:|1654013048
|move|p2a: Froslass|Icy Wind|p1a: Yveltal
|-supereffective|p1a: Yveltal
|-damage|p1a: Yveltal|71/100
|-unboost|p1a: Yveltal|spe|1
|move|p1a: Yveltal|Knock Off|p2a: Froslass
|-supereffective|p2a: Froslass
|-enditem|p2a: Froslass|Focus Sash
|-damage|p2a: Froslass|1/100
|
|upkeep
|turn|2
|
|t:|1654013051
|move|p2a: Froslass|Spikes|p1a: Yveltal
|-sidestart|p1: ULT4PDR lost|Spikes
|move|p1a: Yveltal|Knock Off|p2a: Froslass
|-supereffective|p2a: Froslass
|-damage|p2a: Froslass|0 fnt
|-start|p1a: Yveltal|Disable|Knock Off|[from] ability: Cursed Body|[of] p2a: Froslass
|faint|p2a: Froslass
|
|upkeep
|
|t:|1654013056
|switch|p2a: Weavile|Weavile, M, shiny|100/100
|-ability|p2a: Weavile|Pressure
|turn|3
|
|t:|1654013059
|move|p2a: Weavile|Swords Dance|p2a: Weavile
|-boost|p2a: Weavile|atk|2
|move|p1a: Yveltal|Taunt|p2a: Weavile
|-start|p2a: Weavile|move: Taunt
|
|upkeep
|turn|4
|
|t:|1654013063
|move|p1a: Yveltal|Sucker Punch|p2a: Weavile
|-resisted|p2a: Weavile
|-damage|p2a: Weavile|68/100
|move|p2a: Weavile|Triple Axel|p1a: Yveltal
|-supereffective|p1a: Yveltal
|-damage|p1a: Yveltal|36/100
|-hitcount|p1a: Yveltal|1
|
|upkeep
|turn|5
|
|t:|1654013072
|switch|p1a: Necrozma|Necrozma-Dusk-Mane|100/100
|-damage|p1a: Necrozma|88/100|[from] Spikes
|move|p2a: Weavile|Ice Shard|p1a: Necrozma
|-resisted|p1a: Necrozma
|-damage|p1a: Necrozma|74/100
|
|-heal|p1a: Necrozma|80/100|[from] item: Leftovers
|upkeep
|turn|6
|
|t:|1654013078
|move|p2a: Weavile|Knock Off|p1a: Necrozma
|-supereffective|p1a: Necrozma
|-damage|p1a: Necrozma|0 fnt
|-enditem|p1a: Necrozma|Leftovers|[from] move: Knock Off|[of] p2a: Weavile
|faint|p1a: Necrozma
|
|-end|p2a: Weavile|move: Taunt
|upkeep
|
|t:|1654013083
|switch|p1a: Ho-Oh|Ho-Oh|100/100
|turn|7
|
|t:|1654013088
|move|p2a: Weavile|Triple Axel|p1a: Ho-Oh
|-damage|p1a: Ho-Oh|87/100
|-damage|p1a: Ho-Oh|62/100
|-damage|p1a: Ho-Oh|19/100
|-hitcount|p1a: Ho-Oh|3
|move|p1a: Ho-Oh|Sacred Fire|p2a: Weavile
|-supereffective|p2a: Weavile
|-damage|p2a: Weavile|0 fnt
|faint|p2a: Weavile
|
|upkeep
|
|t:|1654013096
|switch|p2a: Darmanitan|Darmanitan-Galar, F, shiny|100/100
|turn|8
|
|t:|1654013102
|switch|p1a: Groudon|Groudon|100/100
|-damage|p1a: Groudon|88/100|[from] Spikes
|-weather|SunnyDay|[from] ability: Drought|[of] p1a: Groudon
|move|p2a: Darmanitan|Icicle Crash|p1a: Groudon
|-supereffective|p1a: Groudon
|-damage|p1a: Groudon|14/100
|
|-weather|SunnyDay|[upkeep]
|-heal|p1a: Groudon|20/100|[from] item: Leftovers
|upkeep
|turn|9
|
|t:|1654013107
|move|p2a: Darmanitan|Icicle Crash|p1a: Groudon|[miss]
|-miss|p2a: Darmanitan|p1a: Groudon
|move|p1a: Groudon|Stone Edge|p2a: Darmanitan|[miss]
|-miss|p1a: Groudon|p2a: Darmanitan
|
|-weather|SunnyDay|[upkeep]
|-heal|p1a: Groudon|26/100|[from] item: Leftovers
|upkeep
|turn|10
|
|t:|1654013115
|move|p2a: Darmanitan|Icicle Crash|p1a: Groudon
|-supereffective|p1a: Groudon
|-damage|p1a: Groudon|0 fnt
|faint|p1a: Groudon
|
|-weather|SunnyDay|[upkeep]
|upkeep
|
|t:|1654013123
|switch|p1a: Ho-Oh|Ho-Oh|52/100
|turn|11
|
|t:|1654013136
|move|p2a: Darmanitan|Icicle Crash|p1a: Ho-Oh|[miss]
|-miss|p2a: Darmanitan|p1a: Ho-Oh
|move|p1a: Ho-Oh|Sacred Fire|p2a: Darmanitan
|-supereffective|p2a: Darmanitan
|-damage|p2a: Darmanitan|0 fnt
|faint|p2a: Darmanitan
|
|-weather|SunnyDay|[upkeep]
|upkeep
|
|t:|1654013140
|switch|p2a: Cloyster|Cloyster, F, shiny|100/100
|turn|12
|
|t:|1654013143
|move|p2a: Cloyster|Shell Smash|p2a: Cloyster
|-unboost|p2a: Cloyster|def|1
|-unboost|p2a: Cloyster|spd|1
|-boost|p2a: Cloyster|atk|2
|-boost|p2a: Cloyster|spa|2
|-boost|p2a: Cloyster|spe|2
|move|p1a: Ho-Oh|Whirlwind|p2a: Cloyster
|drag|p2a: Glalie|Glalie, M, shiny|100/100
|
|-weather|none
|-ability|p2a: Glalie|Moody|boost
|-boost|p2a: Glalie|atk|2
|-unboost|p2a: Glalie|spa|1
|upkeep
|turn|13
|
|t:|1654013149
|move|p2a: Glalie|Disable|p1a: Ho-Oh
|-start|p1a: Ho-Oh|Disable|Whirlwind
|move|p1a: Ho-Oh|Sacred Fire|p2a: Glalie
|-supereffective|p2a: Glalie
|-damage|p2a: Glalie|4/100
|
|-heal|p2a: Glalie|10/100|[from] item: Leftovers
|-ability|p2a: Glalie|Moody|boost
|-boost|p2a: Glalie|def|2
|-unboost|p2a: Glalie|spd|1
|upkeep
|turn|14
|
|t:|1654013158
|switch|p1a: Eternatus|Eternatus|100/100
|-damage|p1a: Eternatus|88/100|[from] Spikes
|-ability|p1a: Eternatus|Pressure
|move|p2a: Glalie|Freeze-Dry|p1a: Eternatus
|-supereffective|p1a: Eternatus
|-damage|p1a: Eternatus|71/100
|
|-heal|p1a: Eternatus|77/100|[from] item: Black Sludge
|-heal|p2a: Glalie|17/100|[from] item: Leftovers
|-ability|p2a: Glalie|Moody|boost
|-boost|p2a: Glalie|def|2
|-unboost|p2a: Glalie|spa|1
|upkeep
|turn|15
|
|t:|1654013163
|move|p1a: Eternatus|Flamethrower|p2a: Glalie
|-supereffective|p2a: Glalie
|-damage|p2a: Glalie|0 fnt
|faint|p2a: Glalie
|
|-heal|p1a: Eternatus|83/100|[from] item: Black Sludge
|upkeep
|
|t:|1654013166
|switch|p2a: Cloyster|Cloyster, F, shiny|100/100
|turn|16
|
|t:|1654013170
|move|p1a: Eternatus|Dynamax Cannon|p2a: Cloyster
|-enditem|p2a: Cloyster|Focus Sash
|-damage|p2a: Cloyster|1/100
|move|p2a: Cloyster|Shell Smash|p2a: Cloyster
|-unboost|p2a: Cloyster|def|1
|-unboost|p2a: Cloyster|spd|1
|-boost|p2a: Cloyster|atk|2
|-boost|p2a: Cloyster|spa|2
|-boost|p2a: Cloyster|spe|2
|
|-heal|p1a: Eternatus|90/100|[from] item: Black Sludge
|upkeep
|turn|17
|
|t:|1654013173
|switch|p1a: Zygarde|Zygarde|100/100
|-damage|p1a: Zygarde|88/100|[from] Spikes
|move|p2a: Cloyster|Icicle Spear|p1a: Zygarde
|-supereffective|p1a: Zygarde
|-damage|p1a: Zygarde|40/100
|-supereffective|p1a: Zygarde
|-damage|p1a: Zygarde|0 fnt
|faint|p1a: Zygarde
|-hitcount|p1: Zygarde|2
|
|upkeep
|
|t:|1654013175
|switch|p1a: Yveltal|Yveltal|36/100
|-ability|p1a: Yveltal|Dark Aura
|turn|18
|
|t:|1654013178
|move|p2a: Cloyster|Ice Shard|p1a: Yveltal
|-supereffective|p1a: Yveltal
|-damage|p1a: Yveltal|0 fnt
|faint|p1a: Yveltal
|
|upkeep
|
|t:|1654013185
|switch|p1a: Ho-Oh|Ho-Oh|86/100
|turn|19
|
|t:|1654013191
|move|p2a: Cloyster|Icicle Spear|p1a: Ho-Oh
|-damage|p1a: Ho-Oh|73/100
|-damage|p1a: Ho-Oh|59/100
|-damage|p1a: Ho-Oh|45/100
|-damage|p1a: Ho-Oh|31/100
|-damage|p1a: Ho-Oh|17/100
|-hitcount|p1a: Ho-Oh|5
|move|p1a: Ho-Oh|Toxic|p2a: Cloyster|[miss]
|-miss|p1a: Ho-Oh|p2a: Cloyster
|
|upkeep
|turn|20
|c|☆ULT4PDR lost|rly
|c|☆ULT4PDR lost|rly
|c|☆ULT4PDR lost|rly
|
|t:|1654013206
|move|p2a: Cloyster|Icicle Spear|p1a: Ho-Oh
|-damage|p1a: Ho-Oh|4/100
|-damage|p1a: Ho-Oh|0 fnt
|faint|p1a: Ho-Oh
|-hitcount|p1: Ho-Oh|2
|
|upkeep
|
|t:|1654013208
|switch|p1a: Eternatus|Eternatus|90/100
|-damage|p1a: Eternatus|77/100|[from] Spikes
|-ability|p1a: Eternatus|Pressure
|turn|21
|
|t:|1654013222
|move|p2a: Cloyster|Icicle Spear|p1a: Eternatus
|-supereffective|p1a: Eternatus
|-damage|p1a: Eternatus|41/100
|-supereffective|p1a: Eternatus
|-damage|p1a: Eternatus|7/100
|-supereffective|p1a: Eternatus
|-damage|p1a: Eternatus|0 fnt
|faint|p1a: Eternatus
|-hitcount|p1: Eternatus|3
|
|win|entrocefalo
|raw|ULT4PDR lost's rating: 1370 &rarr; <strong>1353</strong><br />(-17 for losing)
|raw|entrocefalo's rating: 1430 &rarr; <strong>1447</strong><br />(+17 for winning)
|l|☆ULT4PDR lost
