|j|☆a1s1d1f1g1
|j|☆Black Shadow 666
|t:|1622330208
|gametype|singles
|player|p1|a1s1d1f1g1|hiker-gen4|1413
|player|p2|Black Shadow 666|unknown|1526
|teamsize|p1|6
|teamsize|p2|6
|gen|8
|tier|[Gen 8] Ubers
|rated|
|rule|Sleep Clause Mod: Limit one foe put to sleep
|rule|Species Clause: Limit one of each Pokémon
|rule|OHKO Clause: OHKO moves are banned
|rule|Evasion Moves Clause: Evasion moves are banned
|rule|Endless Battle Clause: Forcing endless battles is banned
|rule|HP Percentage Mod: HP is shown in percentages
|rule|Dynamax Clause: You cannot dynamax
|clearpoke
|poke|p1|Yveltal|
|poke|p1|Necrozma-Dusk-Mane|
|poke|p1|Eternatus|
|poke|p1|Zekrom|
|poke|p1|Groudon|
|poke|p1|Xerneas-*|
|poke|p2|Calyrex-Shadow|
|poke|p2|Yveltal|
|poke|p2|Necrozma-Dusk-Mane|
|poke|p2|Kyogre|
|poke|p2|Regieleki|
|poke|p2|Zacian-*|
|teampreview
|inactive|Battle timer is ON: inactive players will automatically lose when time's up. (requested by Black Shadow 666)
|
|t:|1622330231
|start
|switch|p1a: Eternatus|Eternatus|100/100
|switch|p2a: Yveltal|Yveltal|100/100
|-ability|p1a: Eternatus|Pressure
|-ability|p2a: Yveltal|Dark Aura
|turn|1
|
|t:|1622330242
|switch|p2a: Necrozma|Necrozma-Dusk-Mane|100/100
|move|p1a: Eternatus|Toxic Spikes|p2a: Necrozma
|-sidestart|p2: Black Shadow 666|move: Toxic Spikes
|
|upkeep
|turn|2
|
|t:|1622330249
|switch|p1a: Necrozma|Necrozma-Dusk-Mane|100/100
|move|p2a: Necrozma|Knock Off|p1a: Necrozma
|-supereffective|p1a: Necrozma
|-damage|p1a: Necrozma|73/100
|-enditem|p1a: Necrozma|Leftovers|[from] move: Knock Off|[of] p2a: Necrozma
|
|upkeep
|turn|3
|
|t:|1622330255
|switch|p2a: Yveltal|Yveltal|100/100
|-ability|p2a: Yveltal|Dark Aura
|move|p1a: Necrozma|Knock Off|p2a: Yveltal
|-resisted|p2a: Yveltal
|-damage|p2a: Yveltal|81/100
|-enditem|p2a: Yveltal|Life Orb|[from] move: Knock Off|[of] p1a: Necrozma
|
|upkeep
|turn|4
|
|t:|1622330264
|switch|p1a: Yveltal|Yveltal|100/100
|-ability|p1a: Yveltal|Dark Aura
|move|p2a: Yveltal|Oblivion Wing|p1a: Yveltal
|-damage|p1a: Yveltal|69/100
|-heal|p2a: Yveltal|100/100|[from] drain|[of] p1a: Yveltal
|
|upkeep
|turn|5
|
|t:|1622330273
|switch|p2a: Necrozma|Necrozma-Dusk-Mane|100/100
|move|p1a: Yveltal|Snarl|p2a: Necrozma
|-supereffective|p2a: Necrozma
|-crit|p2a: Necrozma
|-damage|p2a: Necrozma|47/100
|-unboost|p2a: Necrozma|spa|1
|
|upkeep
|turn|6
|
|t:|1622330282
|move|p1a: Yveltal|Knock Off|p2a: Necrozma
|-supereffective|p2a: Necrozma
|-damage|p2a: Necrozma|2/100
|-damage|p1a: Yveltal|53/100|[from] item: Rocky Helmet|[of] p2a: Necrozma
|-enditem|p2a: Necrozma|Rocky Helmet|[from] move: Knock Off|[of] p1a: Yveltal
|move|p2a: Necrozma|Morning Sun|p2a: Necrozma
|-heal|p2a: Necrozma|52/100
|
|upkeep
|turn|7
|
|t:|1622330288
|move|p1a: Yveltal|Roost|p1a: Yveltal
|-heal|p1a: Yveltal|100/100
|-singleturn|p1a: Yveltal|move: Roost
|move|p2a: Necrozma|Stealth Rock|p1a: Yveltal
|-sidestart|p1: a1s1d1f1g1|move: Stealth Rock
|
|upkeep
|turn|8
|
|t:|1622330304
|switch|p1a: Groudon|Groudon|100/100
|-damage|p1a: Groudon|94/100|[from] Stealth Rock
|-weather|SunnyDay|[from] ability: Drought|[of] p1a: Groudon
|move|p2a: Necrozma|Knock Off|p1a: Groudon
|-damage|p1a: Groudon|77/100
|-enditem|p1a: Groudon|Leftovers|[from] move: Knock Off|[of] p2a: Necrozma
|
|-weather|SunnyDay|[upkeep]
|upkeep
|turn|9
|
|t:|1622330315
|switch|p2a: Kyogre|Kyogre|100/100
|-status|p2a: Kyogre|psn
|-weather|RainDance|[from] ability: Drizzle|[of] p2a: Kyogre
|move|p1a: Groudon|Stealth Rock|p2a: Kyogre
|-sidestart|p2: Black Shadow 666|move: Stealth Rock
|
|-weather|RainDance|[upkeep]
|-damage|p2a: Kyogre|88/100 psn|[from] psn
|upkeep
|turn|10
|
|t:|1622330332
|switch|p2a: Regieleki|Regieleki|100/100
|-damage|p2a: Regieleki|88/100|[from] Stealth Rock
|-status|p2a: Regieleki|psn
|switch|p1a: Eternatus|Eternatus|100/100
|-damage|p1a: Eternatus|88/100|[from] Stealth Rock
|-ability|p1a: Eternatus|Pressure
|
|-weather|RainDance|[upkeep]
|-heal|p1a: Eternatus|94/100|[from] item: Black Sludge
|-damage|p2a: Regieleki|76/100 psn|[from] psn
|upkeep
|turn|11
|
|t:|1622330341
|move|p2a: Regieleki|Rapid Spin|p1a: Eternatus
|-damage|p1a: Eternatus|88/100
|-boost|p2a: Regieleki|spe|1
|-sideend|p2: Black Shadow 666|Toxic Spikes|[from] move: Rapid Spin|[of] p2a: Regieleki
|-sideend|p2: Black Shadow 666|Stealth Rock|[from] move: Rapid Spin|[of] p2a: Regieleki
|move|p1a: Eternatus|Recover|p1a: Eternatus
|-heal|p1a: Eternatus|100/100
|
|-weather|RainDance|[upkeep]
|-damage|p2a: Regieleki|64/100 psn|[from] psn
|upkeep
|turn|12
|
|t:|1622330353
|switch|p2a: Zacian|Zacian|100/100
|-ability|p2a: Zacian|Intrepid Sword|boost
|-boost|p2a: Zacian|atk|1
|move|p1a: Eternatus|Dynamax Cannon|p2a: Zacian
|-immune|p2a: Zacian
|
|-weather|RainDance|[upkeep]
|upkeep
|turn|13
|
|t:|1622330366
|switch|p2a: Regieleki|Regieleki|64/100 psn
|switch|p1a: Necrozma|Necrozma-Dusk-Mane|73/100
|-damage|p1a: Necrozma|67/100|[from] Stealth Rock
|
|-weather|none
|-damage|p2a: Regieleki|51/100 psn|[from] psn
|upkeep
|turn|14
|
|t:|1622330369
|move|p2a: Regieleki|Thunderbolt|p1a: Necrozma
|-damage|p1a: Necrozma|0 fnt
|faint|p1a: Necrozma
|
|-damage|p2a: Regieleki|39/100 psn|[from] psn
|upkeep
|
|t:|1622330380
|switch|p1a: Groudon|Groudon|77/100
|-damage|p1a: Groudon|71/100|[from] Stealth Rock
|-weather|SunnyDay|[from] ability: Drought|[of] p1a: Groudon
|turn|15
|
|t:|1622330388
|switch|p2a: Calyrex|Calyrex-Shadow|100/100
|-ability|p2a: Calyrex|As One
|-ability|p2a: Calyrex|Unnerve
|move|p1a: Groudon|Earthquake|p2a: Calyrex
|-damage|p2a: Calyrex|35/100
|
|-weather|SunnyDay|[upkeep]
|upkeep
|turn|16
|j| CatalystCX
|
|t:|1622330395
|switch|p1a: Yveltal|Yveltal|100/100
|-ability|p1a: Yveltal|Dark Aura
|move|p2a: Calyrex|Draining Kiss|p1a: Yveltal
|-supereffective|p1a: Yveltal
|-damage|p1a: Yveltal|74/100
|-heal|p2a: Calyrex|59/100|[from] drain|[of] p1a: Yveltal
|
|-weather|SunnyDay|[upkeep]
|upkeep
|turn|17
|
|t:|1622330418
|switch|p2a: Zacian|Zacian|100/100
|-ability|p2a: Zacian|Intrepid Sword|boost
|-boost|p2a: Zacian|atk|1
|move|p1a: Yveltal|Knock Off|p2a: Zacian
|-resisted|p2a: Zacian
|-damage|p2a: Zacian|74/100
|-enditem|p2a: Zacian|Choice Band|[from] move: Knock Off|[of] p1a: Yveltal
|
|-weather|SunnyDay|[upkeep]
|upkeep
|turn|18
|l| CatalystCX
|inactive|a1s1d1f1g1 has 120 seconds left.
|
|t:|1622330457
|switch|p1a: Bambi|Xerneas|100/100
|-damage|p1a: Bambi|88/100|[from] Stealth Rock
|-ability|p1a: Bambi|Fairy Aura
|move|p2a: Zacian|Play Rough|p1a: Bambi
|-damage|p1a: Bambi|7/100
|
|-weather|SunnyDay|[upkeep]
|upkeep
|turn|19
|inactive|a1s1d1f1g1 has 120 seconds left.
|
|t:|1622330474
|move|p1a: Bambi|Moonblast|p2a: Zacian
|-damage|p2a: Zacian|4/100
|move|p2a: Zacian|Play Rough|p1a: Bambi
|-damage|p1a: Bambi|0 fnt
|faint|p1a: Bambi
|
|-weather|none
|upkeep
|inactive|a1s1d1f1g1 has 120 seconds left.
|
|t:|1622330495
|switch|p1a: Groudon|Groudon|71/100
|-damage|p1a: Groudon|64/100|[from] Stealth Rock
|-weather|SunnyDay|[from] ability: Drought|[of] p1a: Groudon
|turn|20
|
|t:|1622330508
|move|p2a: Zacian|Play Rough|p1a: Groudon
|-damage|p1a: Groudon|29/100
|-unboost|p1a: Groudon|atk|1
|move|p1a: Groudon|Earthquake|p2a: Zacian
|-damage|p2a: Zacian|0 fnt
|faint|p2a: Zacian
|
|-weather|SunnyDay|[upkeep]
|upkeep
|
|t:|1622330512
|switch|p2a: Calyrex|Calyrex-Shadow|59/100
|-ability|p2a: Calyrex|As One
|-ability|p2a: Calyrex|Unnerve
|turn|21
|
|t:|1622330531
|switch|p1a: Yveltal|Yveltal|74/100
|-ability|p1a: Yveltal|Dark Aura
|move|p2a: Calyrex|Nasty Plot|p2a: Calyrex
|-boost|p2a: Calyrex|spa|2
|
|-weather|SunnyDay|[upkeep]
|upkeep
|turn|22
|inactive|a1s1d1f1g1 has 120 seconds left.
|
|t:|1622330539
|move|p2a: Calyrex|Draining Kiss|p1a: Yveltal
|-supereffective|p1a: Yveltal
|-damage|p1a: Yveltal|16/100
|-heal|p2a: Calyrex|100/100|[from] drain|[of] p1a: Yveltal
|move|p1a: Yveltal|Knock Off|p2a: Calyrex
|-supereffective|p2a: Calyrex
|-enditem|p2a: Calyrex|Focus Sash
|-damage|p2a: Calyrex|1/100
|
|-weather|SunnyDay|[upkeep]
|upkeep
|turn|23
|inactive|a1s1d1f1g1 has 120 seconds left.
|
|t:|1622330560
|move|p2a: Calyrex|Draining Kiss|p1a: Yveltal
|-supereffective|p1a: Yveltal
|-damage|p1a: Yveltal|0 fnt
|-heal|p2a: Calyrex|15/100|[from] drain|[of] p1a: Yveltal
|faint|p1a: Yveltal
|-ability|p2a: Calyrex|Grim Neigh|boost
|-boost|p2a: Calyrex|spa|1
|
|-weather|SunnyDay|[upkeep]
|upkeep
|
|t:|1622330564
|switch|p1a: Eternatus|Eternatus|100/100
|-damage|p1a: Eternatus|88/100|[from] Stealth Rock
|-ability|p1a: Eternatus|Pressure
|turn|24
|inactive|Black Shadow 666 has 120 seconds left.
|
|t:|1622330597
|move|p2a: Calyrex|Psyshock|p1a: Eternatus
|-supereffective|p1a: Eternatus
|-damage|p1a: Eternatus|0 fnt
|faint|p1a: Eternatus
|-ability|p2a: Calyrex|Grim Neigh|boost
|-boost|p2a: Calyrex|spa|1
|
|-weather|none
|upkeep
|inactive|a1s1d1f1g1 has 120 seconds left.
|c|☆a1s1d1f1g1|gg
|c|☆Black Shadow 666|gg
|inactive|a1s1d1f1g1 has 90 seconds left.
|c|☆a1s1d1f1g1|u have to use spdef roost boots sucker punch yveltal to beat this thing
|inactive|a1s1d1f1g1 has 60 seconds left.
|c|☆a1s1d1f1g1|anyway gg
|-message|a1s1d1f1g1 forfeited.
|
|win|Black Shadow 666
|raw|a1s1d1f1g1's rating: 1413 &rarr; <strong>1398</strong><br />(-15 for losing)
|raw|Black Shadow 666's rating: 1500 &rarr; <strong>1515</strong><br />(+15 for winning)
|c|☆Black Shadow 666|you dont need sucker
