|j|☆I like Lovely
|j|☆majekayo
|player|p1|I like Lovely|pokekid|1626
|player|p2|majekayo|102|1664
|teamsize|p1|6
|teamsize|p2|6
|gametype|singles
|gen|8
|tier|[Gen 8] Ubers
|rated|
|clearpoke
|poke|p1|Necrozma-Dusk-Mane|
|poke|p1|Lunala|
|poke|p1|Mandibuzz, F|
|poke|p1|Eternatus|
|poke|p1|Sylveon, M|
|poke|p1|Snorlax, M|
|poke|p2|Eternatus|
|poke|p2|Necrozma-Dusk-Mane|
|poke|p2|Zacian-Crowned|
|poke|p2|Lunala|
|poke|p2|Mandibuzz, F|
|poke|p2|Ditto|
|rule|Sleep Clause Mod: Limit one foe put to sleep
|rule|Species Clause: Limit one of each Pokémon
|rule|OHKO Clause: OHKO moves are banned
|rule|Evasion Moves Clause: Evasion moves are banned
|rule|Endless Battle Clause: Forcing endless battles is banned
|rule|HP Percentage Mod: HP is shown in percentages
|teampreview
|
|start
|switch|p1a: Necrozma|Necrozma-Dusk-Mane|100/100
|switch|p2a: Lunala|Lunala|100/100
|turn|1
|
|switch|p1a: Snorlax|Snorlax, M|100/100
|move|p2a: Lunala|Will-O-Wisp|p1a: Snorlax
|-status|p1a: Snorlax|brn
|
|-damage|p1a: Snorlax|94/100 brn|[from] brn
|upkeep
|turn|2
|
|switch|p2a: Zacian|Zacian-Crowned|100/100
|-ability|p2a: Zacian|Intrepid Sword|boost
|-boost|p2a: Zacian|atk|1
|switch|p1a: Mandibuzz|Mandibuzz, F|100/100
|
|upkeep
|turn|3
|
|switch|p1a: Necrozma|Necrozma-Dusk-Mane|100/100
|move|p2a: Zacian|Behemoth Blade|p1a: Necrozma
|-resisted|p1a: Necrozma
|-damage|p1a: Necrozma|75/100
|
|-heal|p1a: Necrozma|81/100|[from] item: Leftovers
|upkeep
|turn|4
|
|switch|p2a: Mandibuzz|Mandibuzz, F|100/100
|move|p1a: Necrozma|Stealth Rock|p2a: Mandibuzz
|-sidestart|p2: majekayo|move: Stealth Rock
|
|-heal|p1a: Necrozma|87/100|[from] item: Leftovers
|upkeep
|turn|5
|
|switch|p1a: Lunala|Lunala|100/100
|move|p2a: Mandibuzz|Defog|p1a: Lunala
|-unboost|p1a: Lunala|evasion|1
|-sideend|p2: majekayo|Stealth Rock|[from] move: Defog|[of] p2a: Mandibuzz
|
|upkeep
|turn|6
|
|move|p1a: Lunala|Moonblast|p2a: Mandibuzz
|-supereffective|p2a: Mandibuzz
|-damage|p2a: Mandibuzz|42/100
|move|p2a: Mandibuzz|Foul Play|p1a: Lunala
|-supereffective|p1a: Lunala
|-damage|p1a: Lunala|49/100
|
|upkeep
|turn|7
|
|switch|p2a: Zacian|Zacian-Crowned|100/100
|-ability|p2a: Zacian|Intrepid Sword|boost
|-boost|p2a: Zacian|atk|1
|move|p1a: Lunala|Moonblast|p2a: Zacian
|-resisted|p2a: Zacian
|-damage|p2a: Zacian|76/100
|
|upkeep
|turn|8
|
|switch|p2a: Lunala|Lunala|100/100
|switch|p1a: Necrozma|Necrozma-Dusk-Mane|87/100
|
|-heal|p1a: Necrozma|93/100|[from] item: Leftovers
|upkeep
|turn|9
|
|switch|p1a: Sylveon|Sylveon, M|100/100
|move|p2a: Lunala|Will-O-Wisp|p1a: Sylveon
|-status|p1a: Sylveon|brn
|
|-damage|p1a: Sylveon|94/100 brn|[from] brn
|upkeep
|turn|10
|
|switch|p2a: Zacian|Zacian-Crowned|76/100
|-ability|p2a: Zacian|Intrepid Sword|boost
|-boost|p2a: Zacian|atk|1
|move|p1a: Sylveon|Wish|p1a: Sylveon
|
|-heal|p1a: Sylveon|100/100 brn|[from] item: Leftovers
|-damage|p1a: Sylveon|94/100 brn|[from] brn
|upkeep
|turn|11
|
|switch|p2a: Mandibuzz|Mandibuzz, F|42/100
|switch|p1a: Necrozma|Necrozma-Dusk-Mane|93/100
|
|-heal|p1a: Necrozma|100/100|[from] move: Wish|[wisher] Sylveon
|upkeep
|turn|12
|
|move|p2a: Mandibuzz|Roost|p2a: Mandibuzz
|-heal|p2a: Mandibuzz|92/100
|-singleturn|p2a: Mandibuzz|move: Roost
|move|p1a: Necrozma|Stealth Rock|p2a: Mandibuzz
|-sidestart|p2: majekayo|move: Stealth Rock
|
|upkeep
|turn|13
|j| Shore fans
|
|switch|p1a: Sylveon|Sylveon, M|94/100 brn
|move|p2a: Mandibuzz|Defog|p1a: Sylveon
|-unboost|p1a: Sylveon|evasion|1
|-sideend|p2: majekayo|Stealth Rock|[from] move: Defog|[of] p2a: Mandibuzz
|
|-heal|p1a: Sylveon|100/100 brn|[from] item: Leftovers
|-damage|p1a: Sylveon|94/100 brn|[from] brn
|upkeep
|turn|14
|
|move|p2a: Mandibuzz|U-turn|p1a: Sylveon
|-resisted|p1a: Sylveon
|-damage|p1a: Sylveon|87/100 brn
|
|switch|p2a: Eternatus|Eternatus|100/100|[from]move: U-turn
|-ability|p2a: Eternatus|Pressure
|move|p1a: Sylveon|Wish|p1a: Sylveon
|
|-heal|p1a: Sylveon|93/100 brn|[from] item: Leftovers
|-damage|p1a: Sylveon|87/100 brn|[from] brn
|upkeep
|turn|15
|
|switch|p1a: Lunala|Lunala|49/100
|move|p2a: Eternatus|Flamethrower|p1a: Lunala
|-damage|p1a: Lunala|25/100
|
|-heal|p1a: Lunala|72/100|[from] move: Wish|[wisher] Sylveon
|upkeep
|turn|16
|
|switch|p2a: Mandibuzz|Mandibuzz, F|92/100
|move|p1a: Lunala|Psychic|p2a: Mandibuzz
|-immune|p2a: Mandibuzz
|
|upkeep
|turn|17
|
|switch|p1a: Sylveon|Sylveon, M|87/100 brn
|move|p2a: Mandibuzz|U-turn|p1a: Sylveon
|-resisted|p1a: Sylveon
|-damage|p1a: Sylveon|80/100 brn
|
|switch|p2a: Necrozma|Necrozma-Dusk-Mane|100/100|[from]move: U-turn
|
|-heal|p1a: Sylveon|87/100 brn|[from] item: Leftovers
|-damage|p1a: Sylveon|80/100 brn|[from] brn
|upkeep
|turn|18
|
|switch|p1a: Necrozma|Necrozma-Dusk-Mane|100/100
|move|p2a: Necrozma|Dragon Dance|p2a: Necrozma
|-boost|p2a: Necrozma|atk|1
|-boost|p2a: Necrozma|spe|1
|
|upkeep
|turn|19
|
|move|p2a: Necrozma|Dragon Dance|p2a: Necrozma
|-boost|p2a: Necrozma|atk|1
|-boost|p2a: Necrozma|spe|1
|move|p1a: Necrozma|Swords Dance|p1a: Necrozma
|-boost|p1a: Necrozma|atk|2
|
|upkeep
|turn|20
|
|-start|p2a: Necrozma|Dynamax
|-heal|p2a: Necrozma|100/100|[silent]
|-start|p1a: Necrozma|Dynamax
|-heal|p1a: Necrozma|100/100|[silent]
|move|p2a: Necrozma|Max Quake|p1a: Necrozma
|-supereffective|p1a: Necrozma
|-damage|p1a: Necrozma|65/100
|-boost|p2a: Necrozma|spd|1
|move|p1a: Necrozma|Max Steelspike|p2a: Necrozma
|-resisted|p2a: Necrozma
|-damage|p2a: Necrozma|84/100
|-boost|p1a: Necrozma|def|1
|
|-heal|p1a: Necrozma|68/100|[from] item: Leftovers
|upkeep
|turn|21
|
|move|p2a: Necrozma|Max Steelspike|p1a: Necrozma
|-resisted|p1a: Necrozma
|-damage|p1a: Necrozma|57/100
|-boost|p2a: Necrozma|def|1
|move|p1a: Necrozma|Max Steelspike|p2a: Necrozma
|-resisted|p2a: Necrozma
|-damage|p2a: Necrozma|72/100
|-boost|p1a: Necrozma|def|1
|
|-heal|p1a: Necrozma|60/100|[from] item: Leftovers
|upkeep
|turn|22
|
|move|p2a: Necrozma|Max Quake|p1a: Necrozma
|-supereffective|p1a: Necrozma
|-damage|p1a: Necrozma|43/100
|-boost|p2a: Necrozma|spd|1
|move|p1a: Necrozma|Max Steelspike|p2a: Necrozma
|-resisted|p2a: Necrozma
|-damage|p2a: Necrozma|61/100
|-boost|p1a: Necrozma|def|1
|
|-heal|p1a: Necrozma|46/100|[from] item: Leftovers
|-end|p2a: Necrozma|Dynamax
|-heal|p2a: Necrozma|61/100|[silent]
|-end|p1a: Necrozma|Dynamax
|-heal|p1a: Necrozma|46/100|[silent]
|upkeep
|turn|23
|
|move|p2a: Necrozma|Moonlight|p2a: Necrozma
|-heal|p2a: Necrozma|100/100
|move|p1a: Necrozma|Morning Sun|p1a: Necrozma
|-heal|p1a: Necrozma|96/100
|
|-heal|p1a: Necrozma|100/100|[from] item: Leftovers
|upkeep
|turn|24
|
|move|p2a: Necrozma|Dragon Dance|p2a: Necrozma
|-boost|p2a: Necrozma|atk|1
|-boost|p2a: Necrozma|spe|1
|move|p1a: Necrozma|Stealth Rock|p2a: Necrozma
|-sidestart|p2: majekayo|move: Stealth Rock
|
|upkeep
|turn|25
|
|move|p2a: Necrozma|Dragon Dance|p2a: Necrozma
|-boost|p2a: Necrozma|atk|1
|-boost|p2a: Necrozma|spe|1
|move|p1a: Necrozma|Swords Dance|p1a: Necrozma
|-boost|p1a: Necrozma|atk|2
|
|upkeep
|turn|26
|
|move|p2a: Necrozma|Earthquake|p1a: Necrozma
|-supereffective|p1a: Necrozma
|-damage|p1a: Necrozma|67/100
|move|p1a: Necrozma|Swords Dance|p1a: Necrozma
|-boost|p1a: Necrozma|atk|2
|
|-heal|p1a: Necrozma|73/100|[from] item: Leftovers
|upkeep
|turn|27
|
|move|p2a: Necrozma|Dragon Dance|p2a: Necrozma
|-boost|p2a: Necrozma|atk|1
|-boost|p2a: Necrozma|spe|1
|move|p1a: Necrozma|Sunsteel Strike|p2a: Necrozma
|-resisted|p2a: Necrozma
|-damage|p2a: Necrozma|64/100
|
|-heal|p1a: Necrozma|79/100|[from] item: Leftovers
|upkeep
|turn|28
|
|move|p2a: Necrozma|Dragon Dance|p2a: Necrozma
|-boost|p2a: Necrozma|atk|1
|-boost|p2a: Necrozma|spe|1
|move|p1a: Necrozma|Sunsteel Strike|p2a: Necrozma
|-resisted|p2a: Necrozma
|-damage|p2a: Necrozma|28/100
|
|-heal|p1a: Necrozma|85/100|[from] item: Leftovers
|upkeep
|turn|29
|
|move|p2a: Necrozma|Moonlight|p2a: Necrozma
|-heal|p2a: Necrozma|78/100
|move|p1a: Necrozma|Sunsteel Strike|p2a: Necrozma
|-resisted|p2a: Necrozma
|-crit|p2a: Necrozma
|-damage|p2a: Necrozma|0 fnt
|faint|p2a: Necrozma
|
|-heal|p1a: Necrozma|91/100|[from] item: Leftovers
|upkeep
|c|☆majekayo|bruh
|
|switch|p2a: Ditto|Ditto|100/100
|-damage|p2a: Ditto|88/100|[from] Stealth Rock
|-transform|p2a: Ditto|p1a: Necrozma|[from] ability: Imposter
|turn|30
|
|move|p2a: Ditto|Sunsteel Strike|p1a: Necrozma
|-resisted|p1a: Necrozma
|-damage|p1a: Necrozma|69/100
|move|p1a: Necrozma|Morning Sun|p1a: Necrozma
|-heal|p1a: Necrozma|100/100
|
|upkeep
|turn|31
|j| Xenoman
|
|move|p2a: Ditto|Sunsteel Strike|p1a: Necrozma
|-resisted|p1a: Necrozma
|-damage|p1a: Necrozma|78/100
|move|p1a: Necrozma|Sunsteel Strike|p2a: Ditto
|-resisted|p2a: Ditto
|-damage|p2a: Ditto|61/100
|
|-heal|p1a: Necrozma|84/100|[from] item: Leftovers
|upkeep
|turn|32
|
|move|p2a: Ditto|Sunsteel Strike|p1a: Necrozma
|-resisted|p1a: Necrozma
|-damage|p1a: Necrozma|62/100
|move|p1a: Necrozma|Morning Sun|p1a: Necrozma
|-heal|p1a: Necrozma|100/100
|
|upkeep
|turn|33
|
|move|p2a: Ditto|Sunsteel Strike|p1a: Necrozma
|-resisted|p1a: Necrozma
|-damage|p1a: Necrozma|81/100
|move|p1a: Necrozma|Swords Dance|p1a: Necrozma
|-boost|p1a: Necrozma|atk|0
|
|-heal|p1a: Necrozma|87/100|[from] item: Leftovers
|upkeep
|turn|34
|
|move|p2a: Ditto|Sunsteel Strike|p1a: Necrozma
|-resisted|p1a: Necrozma
|-damage|p1a: Necrozma|66/100
|move|p1a: Necrozma|Swords Dance|p1a: Necrozma
|-boost|p1a: Necrozma|atk|0
|
|-heal|p1a: Necrozma|72/100|[from] item: Leftovers
|upkeep
|turn|35
|
|switch|p2a: Eternatus|Eternatus|100/100
|-damage|p2a: Eternatus|88/100|[from] Stealth Rock
|-ability|p2a: Eternatus|Pressure
|move|p1a: Necrozma|Sunsteel Strike|p2a: Eternatus
|-damage|p2a: Eternatus|0 fnt
|faint|p2a: Eternatus
|
|-heal|p1a: Necrozma|78/100|[from] item: Leftovers
|upkeep
|
|switch|p2a: Mandibuzz|Mandibuzz, F|92/100
|turn|36
|
|switch|p1a: Sylveon|Sylveon, M|80/100 brn
|move|p2a: Mandibuzz|Foul Play|p1a: Sylveon
|-resisted|p1a: Sylveon
|-damage|p1a: Sylveon|71/100 brn
|
|-heal|p1a: Sylveon|77/100 brn|[from] item: Leftovers
|-damage|p1a: Sylveon|71/100 brn|[from] brn
|upkeep
|turn|37
|
|move|p2a: Mandibuzz|Defog|p1a: Sylveon
|-unboost|p1a: Sylveon|evasion|1
|-sideend|p2: majekayo|Stealth Rock|[from] move: Defog|[of] p2a: Mandibuzz
|move|p1a: Sylveon|Wish|p1a: Sylveon
|
|-heal|p1a: Sylveon|77/100 brn|[from] item: Leftovers
|-damage|p1a: Sylveon|71/100 brn|[from] brn
|upkeep
|turn|38
|
|move|p2a: Mandibuzz|Foul Play|p1a: Sylveon
|-resisted|p1a: Sylveon
|-damage|p1a: Sylveon|60/100 brn
|move|p1a: Sylveon|Heal Bell|p1a: Sylveon
|-activate|p1a: Sylveon|move: Heal Bell
|-curestatus|p1a: Sylveon|brn|[msg]
|-curestatus|p1: Snorlax|brn|[msg]
|
|-heal|p1a: Sylveon|100/100|[from] move: Wish|[wisher] Sylveon
|upkeep
|turn|39
|
|move|p2a: Mandibuzz|U-turn|p1a: Sylveon
|-resisted|p1a: Sylveon
|-damage|p1a: Sylveon|94/100
|
|switch|p2a: Zacian|Zacian-Crowned|76/100|[from]move: U-turn
|-ability|p2a: Zacian|Intrepid Sword|boost
|-boost|p2a: Zacian|atk|1
|move|p1a: Sylveon|Wish|p1a: Sylveon
|
|-heal|p1a: Sylveon|99/100|[from] item: Leftovers
|upkeep
|turn|40
|
|switch|p1a: Necrozma|Necrozma-Dusk-Mane|78/100
|move|p2a: Zacian|Close Combat|p1a: Necrozma
|-damage|p1a: Necrozma|37/100
|-unboost|p2a: Zacian|def|1
|-unboost|p2a: Zacian|spd|1
|
|-heal|p1a: Necrozma|87/100|[from] move: Wish|[wisher] Sylveon
|-heal|p1a: Necrozma|93/100|[from] item: Leftovers
|upkeep
|turn|41
|l| Xenoman
|
|switch|p2a: Lunala|Lunala|100/100
|move|p1a: Necrozma|Stealth Rock|p2a: Lunala
|-sidestart|p2: majekayo|move: Stealth Rock
|
|-heal|p1a: Necrozma|99/100|[from] item: Leftovers
|upkeep
|turn|42
|
|switch|p1a: Sylveon|Sylveon, M|99/100
|move|p2a: Lunala|Calm Mind|p2a: Lunala
|-boost|p2a: Lunala|spa|1
|-boost|p2a: Lunala|spd|1
|
|-heal|p1a: Sylveon|100/100|[from] item: Leftovers
|upkeep
|turn|43
|
|move|p2a: Lunala|Calm Mind|p2a: Lunala
|-boost|p2a: Lunala|spa|1
|-boost|p2a: Lunala|spd|1
|move|p1a: Sylveon|Hyper Voice|p2a: Lunala
|-damage|p2a: Lunala|93/100
|
|upkeep
|turn|44
|
|switch|p1a: Mandibuzz|Mandibuzz, F|100/100
|move|p2a: Lunala|Will-O-Wisp|p1a: Mandibuzz
|-status|p1a: Mandibuzz|brn
|
|-damage|p1a: Mandibuzz|94/100 brn|[from] brn
|upkeep
|turn|45
|
|move|p2a: Lunala|Roost|p2a: Lunala
|-heal|p2a: Lunala|100/100
|-singleturn|p2a: Lunala|move: Roost
|move|p1a: Mandibuzz|Foul Play|p2a: Lunala
|-supereffective|p2a: Lunala
|-damage|p2a: Lunala|85/100
|
|-damage|p1a: Mandibuzz|88/100 brn|[from] brn
|upkeep
|turn|46
|
|move|p2a: Lunala|Calm Mind|p2a: Lunala
|-boost|p2a: Lunala|spa|1
|-boost|p2a: Lunala|spd|1
|move|p1a: Mandibuzz|Foul Play|p2a: Lunala
|-supereffective|p2a: Lunala
|-damage|p2a: Lunala|55/100
|
|-damage|p1a: Mandibuzz|82/100 brn|[from] brn
|upkeep
|turn|47
|
|move|p2a: Lunala|Roost|p2a: Lunala
|-heal|p2a: Lunala|100/100
|-singleturn|p2a: Lunala|move: Roost
|move|p1a: Mandibuzz|Taunt|p2a: Lunala
|-start|p2a: Lunala|move: Taunt
|
|-damage|p1a: Mandibuzz|76/100 brn|[from] brn
|upkeep
|turn|48
|
|move|p2a: Lunala|Hex|p1a: Mandibuzz
|-resisted|p1a: Mandibuzz
|-damage|p1a: Mandibuzz|19/100 brn
|move|p1a: Mandibuzz|Foul Play|p2a: Lunala
|-supereffective|p2a: Lunala
|-damage|p2a: Lunala|85/100
|
|-damage|p1a: Mandibuzz|13/100 brn|[from] brn
|upkeep
|turn|49
|
|move|p2a: Lunala|Hex|p1a: Mandibuzz
|-resisted|p1a: Mandibuzz
|-damage|p1a: Mandibuzz|0 fnt
|faint|p1a: Mandibuzz
|
|upkeep
|
|switch|p1a: Snorlax|Snorlax, M|94/100
|turn|50
|
|switch|p2a: Zacian|Zacian-Crowned|76/100
|-damage|p2a: Zacian|69/100|[from] Stealth Rock
|-ability|p2a: Zacian|Intrepid Sword|boost
|-boost|p2a: Zacian|atk|1
|move|p1a: Snorlax|Darkest Lariat|p2a: Zacian
|-resisted|p2a: Zacian
|-damage|p2a: Zacian|60/100
|
|-heal|p1a: Snorlax|100/100|[from] item: Leftovers
|upkeep
|turn|51
|
|switch|p1a: Necrozma|Necrozma-Dusk-Mane|99/100
|move|p2a: Zacian|Close Combat|p1a: Necrozma
|-damage|p1a: Necrozma|59/100
|-unboost|p2a: Zacian|def|1
|-unboost|p2a: Zacian|spd|1
|
|-heal|p1a: Necrozma|65/100|[from] item: Leftovers
|upkeep
|turn|52
|
|switch|p2a: Lunala|Lunala|85/100
|switch|p1a: Lunala|Lunala|72/100
|
|upkeep
|turn|53
|
|switch|p2a: Mandibuzz|Mandibuzz, F|92/100
|move|p1a: Lunala|Moongeist Beam|p2a: Mandibuzz
|-resisted|p2a: Mandibuzz
|-damage|p2a: Mandibuzz|67/100
|
|upkeep
|turn|54
|
|switch|p1a: Sylveon|Sylveon, M|100/100
|move|p2a: Mandibuzz|Defog|p1a: Sylveon
|-unboost|p1a: Sylveon|evasion|1
|-sideend|p2: majekayo|Stealth Rock|[from] move: Defog|[of] p2a: Mandibuzz
|
|upkeep
|turn|55
|
|move|p2a: Mandibuzz|U-turn|p1a: Sylveon
|-resisted|p1a: Sylveon
|-damage|p1a: Sylveon|93/100
|
|switch|p2a: Ditto|Ditto|61/100|[from]move: U-turn
|-transform|p2a: Ditto|p1a: Sylveon|[from] ability: Imposter
|move|p1a: Sylveon|Wish|p1a: Sylveon
|
|-heal|p1a: Sylveon|99/100|[from] item: Leftovers
|upkeep
|turn|56
|
|switch|p1a: Lunala|Lunala|72/100
|move|p2a: Ditto|Wish|p2a: Ditto
|
|-heal|p1a: Lunala|100/100|[from] move: Wish|[wisher] Sylveon
|upkeep
|turn|57
|
|switch|p2a: Mandibuzz|Mandibuzz, F|67/100
|move|p1a: Lunala|Moonblast|p2a: Mandibuzz
|-supereffective|p2a: Mandibuzz
|-damage|p2a: Mandibuzz|7/100
|-unboost|p2a: Mandibuzz|spa|1
|
|-heal|p2a: Mandibuzz|43/100|[from] move: Wish|[wisher] Ditto
|upkeep
|turn|58
|
|switch|p2a: Zacian|Zacian-Crowned|60/100
|-ability|p2a: Zacian|Intrepid Sword|boost
|-boost|p2a: Zacian|atk|1
|move|p1a: Lunala|Moonblast|p2a: Zacian
|-resisted|p2a: Zacian
|-damage|p2a: Zacian|34/100
|-unboost|p2a: Zacian|spa|1
|
|upkeep
|turn|59
|
|switch|p1a: Necrozma|Necrozma-Dusk-Mane|65/100
|move|p2a: Zacian|Behemoth Blade|p1a: Necrozma
|-resisted|p1a: Necrozma
|-damage|p1a: Necrozma|35/100
|
|-heal|p1a: Necrozma|41/100|[from] item: Leftovers
|upkeep
|turn|60
|
|move|p2a: Zacian|Close Combat|p1a: Necrozma
|-damage|p1a: Necrozma|0 fnt
|-unboost|p2a: Zacian|def|1
|-unboost|p2a: Zacian|spd|1
|faint|p1a: Necrozma
|
|upkeep
|j| QiYu5
|
|switch|p1a: Lunala|Lunala|100/100
|turn|61
|
|switch|p2a: Ditto|Ditto|61/100
|-transform|p2a: Ditto|p1a: Lunala|[from] ability: Imposter
|move|p1a: Lunala|Moongeist Beam|p2a: Ditto
|-supereffective|p2a: Ditto
|-damage|p2a: Ditto|0 fnt
|faint|p2a: Ditto
|
|upkeep
|
|switch|p2a: Mandibuzz|Mandibuzz, F|43/100
|turn|62
|
|switch|p1a: Eternatus|Eternatus|100/100
|-ability|p1a: Eternatus|Pressure
|move|p2a: Mandibuzz|Roost|p2a: Mandibuzz
|-heal|p2a: Mandibuzz|93/100
|-singleturn|p2a: Mandibuzz|move: Roost
|
|upkeep
|turn|63
|
|move|p1a: Eternatus|Toxic|p2a: Mandibuzz
|-status|p2a: Mandibuzz|tox
|move|p2a: Mandibuzz|Foul Play|p1a: Eternatus
|-damage|p1a: Eternatus|84/100
|
|-damage|p2a: Mandibuzz|87/100 tox|[from] psn
|upkeep
|turn|64
|
|move|p1a: Eternatus|Flamethrower|p2a: Mandibuzz
|-damage|p2a: Mandibuzz|67/100 tox
|move|p2a: Mandibuzz|U-turn|p1a: Eternatus
|-resisted|p1a: Eternatus
|-crit|p1a: Eternatus
|-damage|p1a: Eternatus|78/100
|
|switch|p2a: Lunala|Lunala|85/100|[from]move: U-turn
|
|upkeep
|turn|65
|
|move|p1a: Eternatus|Toxic|p2a: Lunala
|-status|p2a: Lunala|tox
|move|p2a: Lunala|Roost|p2a: Lunala
|-heal|p2a: Lunala|100/100 tox
|-singleturn|p2a: Lunala|move: Roost
|
|-damage|p2a: Lunala|94/100 tox|[from] psn
|upkeep
|turn|66
|l| QiYu5
|
|switch|p1a: Snorlax|Snorlax, M|100/100
|move|p2a: Lunala|Will-O-Wisp|p1a: Snorlax
|-status|p1a: Snorlax|brn
|
|-damage|p2a: Lunala|82/100 tox|[from] psn
|-damage|p1a: Snorlax|94/100 brn|[from] brn
|upkeep
|turn|67
|
|switch|p2a: Zacian|Zacian-Crowned|34/100
|-ability|p2a: Zacian|Intrepid Sword|boost
|-boost|p2a: Zacian|atk|1
|move|p1a: Snorlax|Darkest Lariat|p2a: Zacian
|-resisted|p2a: Zacian
|-damage|p2a: Zacian|29/100
|
|-heal|p1a: Snorlax|100/100 brn|[from] item: Leftovers
|-damage|p1a: Snorlax|94/100 brn|[from] brn
|upkeep
|turn|68
|
|move|p2a: Zacian|Substitute|p2a: Zacian
|-start|p2a: Zacian|Substitute
|-damage|p2a: Zacian|4/100
|move|p1a: Snorlax|Body Slam|p2a: Zacian
|-resisted|p2a: Zacian
|-activate|p2a: Zacian|move: Substitute|[damage]
|
|-heal|p1a: Snorlax|100/100 brn|[from] item: Leftovers
|-damage|p1a: Snorlax|94/100 brn|[from] brn
|upkeep
|turn|69
|
|move|p2a: Zacian|Behemoth Blade|p1a: Snorlax
|-damage|p1a: Snorlax|1/100 brn
|move|p1a: Snorlax|Body Slam|p2a: Zacian
|-resisted|p2a: Zacian
|-activate|p2a: Zacian|move: Substitute|[damage]
|
|-heal|p1a: Snorlax|7/100 brn|[from] item: Leftovers
|-damage|p1a: Snorlax|1/100 brn|[from] brn
|upkeep
|turn|70
|
|move|p2a: Zacian|Behemoth Blade|p1a: Snorlax
|-damage|p1a: Snorlax|0 fnt
|faint|p1a: Snorlax
|
|upkeep
|
|switch|p1a: Eternatus|Eternatus|78/100
|-ability|p1a: Eternatus|Pressure
|turn|71
|
|move|p2a: Zacian|Behemoth Blade|p1a: Eternatus
|-damage|p1a: Eternatus|9/100
|move|p1a: Eternatus|Flamethrower|p2a: Zacian
|-supereffective|p2a: Zacian
|-end|p2a: Zacian|Substitute
|
|upkeep
|turn|72
|
|move|p2a: Zacian|Behemoth Blade|p1a: Eternatus
|-damage|p1a: Eternatus|0 fnt
|faint|p1a: Eternatus
|
|upkeep
|
|switch|p1a: Lunala|Lunala|100/100
|turn|73
|
|switch|p2a: Lunala|Lunala|82/100 tox
|move|p1a: Lunala|Moongeist Beam|p2a: Lunala
|-supereffective|p2a: Lunala
|-damage|p2a: Lunala|0 fnt
|faint|p2a: Lunala
|
|upkeep
|
|switch|p2a: Mandibuzz|Mandibuzz, F|67/100 tox
|turn|74
|
|move|p1a: Lunala|Moongeist Beam|p2a: Mandibuzz
|-resisted|p2a: Mandibuzz
|-damage|p2a: Mandibuzz|44/100 tox
|move|p2a: Mandibuzz|U-turn|p1a: Lunala
|-damage|p1a: Lunala|95/100
|j| QiYu5
|
|switch|p2a: Zacian|Zacian-Crowned|4/100|[from]move: U-turn
|-ability|p2a: Zacian|Intrepid Sword|boost
|-boost|p2a: Zacian|atk|1
|
|upkeep
|turn|75
|-message|majekayo forfeited.
|
|win|I like Lovely
|raw|I like Lovely's rating: 1626 &rarr; <strong>1648</strong><br />(+22 for winning)
|raw|majekayo's rating: 1664 &rarr; <strong>1642</strong><br />(-22 for losing)
