|j|☆JamboreeJourney
|j|☆FearNeverDies
|t:|1634886341
|gametype|singles
|player|p1|JamboreeJourney|lady|
|player|p2|FearNeverDies|lyra|
|teamsize|p1|6
|teamsize|p2|6
|gen|8
|tier|[Gen 8] Ubers
|rated|Tournament battle
|rule|Sleep Clause Mod: Limit one foe put to sleep
|rule|Species Clause: Limit one of each Pokémon
|rule|OHKO Clause: OHKO moves are banned
|rule|Evasion Moves Clause: Evasion moves are banned
|rule|Endless Battle Clause: Forcing endless battles is banned
|rule|HP Percentage Mod: HP is shown in percentages
|rule|Dynamax Clause: You cannot dynamax
|clearpoke
|poke|p1|Urshifu-*, F|
|poke|p1|Buzzwole|
|poke|p1|Necrozma-Dusk-Mane|
|poke|p1|Yveltal|
|poke|p1|Eternatus|
|poke|p1|Calyrex-Shadow|
|poke|p2|Slurpuff, F|
|poke|p2|Landorus, M|
|poke|p2|Calyrex-Shadow|
|poke|p2|Eternatus|
|poke|p2|Necrozma-Dusk-Mane|
|poke|p2|Yveltal|
|teampreview
|
|t:|1634886354
|start
|switch|p1a: Urshifu|Urshifu, F|100/100
|switch|p2a: Slurpuff|Slurpuff, F|100/100
|turn|1
|j|@Aberforth
|c|☆JamboreeJourney|gl hf
|
|t:|1634886401
|move|p1a: Urshifu|Wicked Blow|p2a: Slurpuff
|-resisted|p2a: Slurpuff
|-crit|p2a: Slurpuff
|-damage|p2a: Slurpuff|16/100
|move|p2a: Slurpuff|Sticky Web|p1a: Urshifu
|-sidestart|p1: JamboreeJourney|move: Sticky Web
|
|upkeep
|turn|2
|
|t:|1634886409
|move|p1a: Urshifu|Wicked Blow|p2a: Slurpuff
|-resisted|p2a: Slurpuff
|-crit|p2a: Slurpuff
|-damage|p2a: Slurpuff|0 fnt
|faint|p2a: Slurpuff
|
|upkeep
|
|t:|1634886444
|switch|p2a: Calyrex|Calyrex-Shadow|100/100
|-ability|p2a: Calyrex|As One
|-ability|p2a: Calyrex|Unnerve
|turn|3
|
|t:|1634886460
|move|p2a: Calyrex|Nasty Plot|p2a: Calyrex
|-boost|p2a: Calyrex|spa|2
|move|p1a: Urshifu|Wicked Blow|p2a: Calyrex
|-supereffective|p2a: Calyrex
|-crit|p2a: Calyrex
|-enditem|p2a: Calyrex|Focus Sash
|-damage|p2a: Calyrex|1/100
|
|upkeep
|turn|4
|
|t:|1634886466
|switch|p1a: Necrozma|Necrozma-Dusk-Mane|100/100
|-activate|p1a: Necrozma|move: Sticky Web
|-unboost|p1a: Necrozma|spe|1
|move|p2a: Calyrex|Draining Kiss|p1a: Necrozma
|-resisted|p1a: Necrozma
|-damage|p1a: Necrozma|89/100
|-heal|p2a: Calyrex|11/100|[from] drain|[of] p1a: Necrozma
|
|-heal|p1a: Necrozma|95/100|[from] item: Leftovers
|upkeep
|turn|5
|
|t:|1634886468
|switch|p1a: Yveltal|Yveltal|100/100
|-ability|p1a: Yveltal|Dark Aura
|move|p2a: Calyrex|Astral Barrage|p1a: Yveltal
|-resisted|p1a: Yveltal
|-damage|p1a: Yveltal|58/100
|
|upkeep
|turn|6
|
|t:|1634886470
|move|p2a: Calyrex|Draining Kiss|p1a: Yveltal
|-supereffective|p1a: Yveltal
|-damage|p1a: Yveltal|16/100
|-heal|p2a: Calyrex|53/100|[from] drain|[of] p1a: Yveltal
|move|p1a: Yveltal|Knock Off|p2a: Calyrex
|-supereffective|p2a: Calyrex
|-damage|p2a: Calyrex|0 fnt
|faint|p2a: Calyrex
|
|upkeep
|
|t:|1634886485
|switch|p2a: Landorus|Landorus, M|100/100
|turn|7
|
|t:|1634886488
|move|p2a: Landorus|Rock Slide|p1a: Yveltal
|-supereffective|p1a: Yveltal
|-damage|p1a: Yveltal|0 fnt
|faint|p1a: Yveltal
|
|upkeep
|inactive|Battle timer is ON: inactive players will automatically lose when time's up. (requested by FearNeverDies)
|inactive|JamboreeJourney has 120 seconds left.
|
|t:|1634886536
|switch|p1a: Buzzwole|Buzzwole|100/100
|-activate|p1a: Buzzwole|move: Sticky Web
|-unboost|p1a: Buzzwole|spe|1
|turn|8
|
|t:|1634886546
|switch|p2a: Eternatus|Eternatus|100/100
|-ability|p2a: Eternatus|Pressure
|move|p1a: Buzzwole|Ice Punch|p2a: Eternatus
|-supereffective|p2a: Eternatus
|-damage|p2a: Eternatus|59/100
|
|upkeep
|turn|9
|
|t:|1634886552
|switch|p1a: Necrozma|Necrozma-Dusk-Mane|95/100
|-activate|p1a: Necrozma|move: Sticky Web
|-unboost|p1a: Necrozma|spe|1
|move|p2a: Eternatus|Flamethrower|p1a: Necrozma
|-supereffective|p1a: Necrozma
|-damage|p1a: Necrozma|63/100
|
|-heal|p1a: Necrozma|69/100|[from] item: Leftovers
|upkeep
|turn|10
|
|t:|1634886561
|switch|p2a: Landorus|Landorus, M|100/100
|move|p1a: Necrozma|Iron Head|p2a: Landorus
|-damage|p2a: Landorus|50/100
|
|-heal|p1a: Necrozma|75/100|[from] item: Leftovers
|upkeep
|turn|11
|
|t:|1634886564
|switch|p1a: Buzzwole|Buzzwole|100/100
|-activate|p1a: Buzzwole|move: Sticky Web
|-unboost|p1a: Buzzwole|spe|1
|move|p2a: Landorus|Earth Power|p1a: Buzzwole
|-resisted|p1a: Buzzwole
|-damage|p1a: Buzzwole|53/100
|
|upkeep
|turn|12
|
|t:|1634886578
|move|p2a: Landorus|Explosion|p1a: Buzzwole
|-damage|p1a: Buzzwole|10/100
|faint|p2a: Landorus
|move|p1a: Buzzwole|Ice Punch|p2: Landorus|[notarget]
|-fail|p1a: Buzzwole
|
|upkeep
|
|t:|1634886581
|switch|p2a: Eternatus|Eternatus|59/100
|-ability|p2a: Eternatus|Pressure
|turn|13
|
|t:|1634886586
|move|p2a: Eternatus|Flamethrower|p1a: Buzzwole
|-supereffective|p1a: Buzzwole
|-damage|p1a: Buzzwole|0 fnt
|faint|p1a: Buzzwole
|
|upkeep
|
|t:|1634886613
|switch|p1a: Necrozma|Necrozma-Dusk-Mane|75/100
|-activate|p1a: Necrozma|move: Sticky Web
|-unboost|p1a: Necrozma|spe|1
|turn|14
|
|t:|1634886615
|move|p2a: Eternatus|Flamethrower|p1a: Necrozma
|-supereffective|p1a: Necrozma
|-damage|p1a: Necrozma|43/100
|move|p1a: Necrozma|Thunder Wave|p2a: Eternatus
|-status|p2a: Eternatus|par
|
|-heal|p1a: Necrozma|49/100|[from] item: Leftovers
|upkeep
|turn|15
|
|t:|1634886623
|switch|p2a: Yveltal|Yveltal|100/100
|-ability|p2a: Yveltal|Dark Aura
|move|p1a: Necrozma|Morning Sun|p1a: Necrozma
|-heal|p1a: Necrozma|99/100
|
|-heal|p1a: Necrozma|100/100|[from] item: Leftovers
|upkeep
|turn|16
|
|t:|1634886634
|move|p2a: Yveltal|Taunt|p1a: Necrozma
|-start|p1a: Necrozma|move: Taunt
|cant|p1a: Necrozma|move: Taunt|Thunder Wave
|
|upkeep
|turn|17
|j| Weirdo102938
|-message|FearNeverDies forfeited.
|
|win|JamboreeJourney
|n|☆JamboreeJourney|jamboreejourney
|n|☆FearNeverDies|fearneverdies
|n|+Aberforth|aberforth
|n| Weirdo102938|weirdo102938
|l|☆FearNeverDies
