|j|☆ARandomFailure
|j|☆Kyohei (Ubers)
|t:|1642805427
|gametype|singles
|player|p1|ARandomFailure|2|1430
|player|p2|Kyohei (Ubers)|gladion|1616
|teamsize|p1|6
|teamsize|p2|6
|gen|8
|tier|[Gen 8] Ubers
|rated|
|rule|Sleep Clause Mod: Limit one foe put to sleep
|rule|Species Clause: Limit one of each Pokémon
|rule|OHKO Clause: OHKO moves are banned
|rule|Evasion Moves Clause: Evasion moves are banned
|rule|Endless Battle Clause: Forcing endless battles is banned
|rule|HP Percentage Mod: HP is shown in percentages
|rule|Dynamax Clause: You cannot dynamax
|clearpoke
|poke|p1|Necrozma-Dusk-Mane|
|poke|p1|Xerneas-*|
|poke|p1|Kyogre|
|poke|p1|Yveltal|
|poke|p1|Calyrex-Shadow|
|poke|p1|Kyurem-White|
|poke|p2|Yveltal|
|poke|p2|Eternatus|
|poke|p2|Necrozma-Dusk-Mane|
|poke|p2|Xerneas-*|
|poke|p2|Darmanitan-Galar, F|
|poke|p2|Magnezone|
|teampreview
|
|t:|1642805446
|start
|switch|p1a: Whale.|Kyogre|100/100
|switch|p2a: Darmanitan|Darmanitan-Galar, F|100/100
|-weather|RainDance|[from] ability: Drizzle|[of] p1a: Whale.
|turn|1
|
|t:|1642805450
|move|p2a: Darmanitan|U-turn|p1a: Whale.
|-damage|p1a: Whale.|63/100
|
|t:|1642805453
|switch|p2a: Eternatus|Eternatus|100/100|[from]move: U-turn
|-ability|p2a: Eternatus|Pressure
|move|p1a: Whale.|Surf|p2a: Eternatus
|-resisted|p2a: Eternatus
|-damage|p2a: Eternatus|73/100
|
|-weather|RainDance|[upkeep]
|-heal|p1a: Whale.|69/100|[from] item: Leftovers
|upkeep
|turn|2
|
|t:|1642805458
|move|p2a: Eternatus|Dynamax Cannon|p1a: Whale.
|-damage|p1a: Whale.|40/100
|move|p1a: Whale.|Thunder Wave|p2a: Eternatus
|-status|p2a: Eternatus|par
|
|-weather|RainDance|[upkeep]
|-heal|p1a: Whale.|46/100|[from] item: Leftovers
|upkeep
|turn|3
|
|t:|1642805478
|switch|p1a: Xerneas|Xerneas|100/100
|-ability|p1a: Xerneas|Fairy Aura
|move|p2a: Eternatus|Recover|p2a: Eternatus
|-heal|p2a: Eternatus|100/100 par
|
|-weather|RainDance|[upkeep]
|upkeep
|turn|4
|
|t:|1642805486
|switch|p2a: Necrozma|Necrozma-Dusk-Mane|100/100
|move|p1a: Xerneas|Moonblast|p2a: Necrozma
|-resisted|p2a: Necrozma
|-damage|p2a: Necrozma|83/100
|
|-weather|RainDance|[upkeep]
|-heal|p2a: Necrozma|89/100|[from] item: Leftovers
|upkeep
|turn|5
|
|t:|1642805495
|switch|p1a: Burnt Bacon|Yveltal|100/100
|-ability|p1a: Burnt Bacon|Dark Aura
|move|p2a: Necrozma|Stealth Rock|p1a: Burnt Bacon
|-sidestart|p1: ARandomFailure|move: Stealth Rock
|
|-weather|none
|-heal|p2a: Necrozma|95/100|[from] item: Leftovers
|upkeep
|turn|6
|
|t:|1642805502
|move|p1a: Burnt Bacon|Knock Off|p2a: Necrozma
|-supereffective|p2a: Necrozma
|-damage|p2a: Necrozma|34/100
|-enditem|p2a: Necrozma|Leftovers|[from] move: Knock Off|[of] p1a: Burnt Bacon
|move|p2a: Necrozma|Thunder Wave|p1a: Burnt Bacon
|-status|p1a: Burnt Bacon|par
|
|upkeep
|turn|7
|
|t:|1642805510
|move|p2a: Necrozma|Moonlight|p2a: Necrozma
|-heal|p2a: Necrozma|84/100
|move|p1a: Burnt Bacon|Knock Off|p2a: Necrozma
|-supereffective|p2a: Necrozma
|-damage|p2a: Necrozma|45/100
|
|upkeep
|turn|8
|
|t:|1642805515
|switch|p1a: Xerneas|Xerneas|100/100
|-damage|p1a: Xerneas|88/100|[from] Stealth Rock
|-ability|p1a: Xerneas|Fairy Aura
|move|p2a: Necrozma|Moonlight|p2a: Necrozma
|-heal|p2a: Necrozma|95/100
|
|upkeep
|turn|9
|
|t:|1642805518
|switch|p1a: Non-Deadly Sun|Necrozma-Dusk-Mane|100/100
|-damage|p1a: Non-Deadly Sun|94/100|[from] Stealth Rock
|move|p2a: Necrozma|Iron Head|p1a: Non-Deadly Sun
|-resisted|p1a: Non-Deadly Sun
|-damage|p1a: Non-Deadly Sun|83/100
|
|-heal|p1a: Non-Deadly Sun|89/100|[from] item: Leftovers
|upkeep
|turn|10
|
|t:|1642805523
|move|p2a: Necrozma|Thunder Wave|p1a: Non-Deadly Sun
|-status|p1a: Non-Deadly Sun|par
|move|p1a: Non-Deadly Sun|Stealth Rock|p2a: Necrozma
|-sidestart|p2: Kyohei (Ubers)|move: Stealth Rock
|
|-heal|p1a: Non-Deadly Sun|95/100 par|[from] item: Leftovers
|upkeep
|turn|11
|
|t:|1642805527
|switch|p2a: Magnezone|Magnezone|100/100
|-damage|p2a: Magnezone|94/100|[from] Stealth Rock
|-item|p2a: Magnezone|Air Balloon
|move|p1a: Non-Deadly Sun|Iron Head|p2a: Magnezone
|-resisted|p2a: Magnezone
|-damage|p2a: Magnezone|86/100
|-enditem|p2a: Magnezone|Air Balloon
|
|-heal|p1a: Non-Deadly Sun|100/100 par|[from] item: Leftovers
|upkeep
|turn|12
|
|t:|1642805533
|move|p2a: Magnezone|Magnet Rise|p2a: Magnezone
|-start|p2a: Magnezone|Magnet Rise
|move|p1a: Non-Deadly Sun|Iron Head|p2a: Magnezone
|-resisted|p2a: Magnezone
|-damage|p2a: Magnezone|76/100
|
|upkeep
|turn|13
|
|t:|1642805537
|move|p2a: Magnezone|Iron Defense|p2a: Magnezone
|-boost|p2a: Magnezone|def|2
|cant|p1a: Non-Deadly Sun|par
|
|upkeep
|turn|14
|
|t:|1642805540
|move|p2a: Magnezone|Iron Defense|p2a: Magnezone
|-boost|p2a: Magnezone|def|2
|move|p1a: Non-Deadly Sun|Iron Head|p2a: Magnezone
|-resisted|p2a: Magnezone
|-damage|p2a: Magnezone|73/100
|
|upkeep
|turn|15
|
|t:|1642805542
|move|p2a: Magnezone|Iron Defense|p2a: Magnezone
|-boost|p2a: Magnezone|def|2
|move|p1a: Non-Deadly Sun|Iron Head|p2a: Magnezone
|-resisted|p2a: Magnezone
|-damage|p2a: Magnezone|71/100
|
|upkeep
|turn|16
|
|t:|1642805547
|move|p2a: Magnezone|Body Press|p1a: Non-Deadly Sun
|-damage|p1a: Non-Deadly Sun|45/100 par
|cant|p1a: Non-Deadly Sun|par
|
|-heal|p1a: Non-Deadly Sun|52/100 par|[from] item: Leftovers
|-end|p2a: Magnezone|Magnet Rise
|upkeep
|turn|17
|
|t:|1642805552
|move|p2a: Magnezone|Body Press|p1a: Non-Deadly Sun
|-damage|p1a: Non-Deadly Sun|0 fnt
|faint|p1a: Non-Deadly Sun
|
|upkeep
|
|t:|1642805562
|switch|p1a: TASTE THE SUN|Kyurem-White|100/100
|-ability|p1a: TASTE THE SUN|Turboblaze
|turn|18
|
|t:|1642805565
|move|p1a: TASTE THE SUN|Fusion Flare|p2a: Magnezone
|-supereffective|p2a: Magnezone
|-crit|p2a: Magnezone
|-damage|p2a: Magnezone|0 fnt
|faint|p2a: Magnezone
|
|upkeep
|
|t:|1642805571
|switch|p2a: Necrozma|Necrozma-Dusk-Mane|95/100
|-damage|p2a: Necrozma|89/100|[from] Stealth Rock
|turn|19
|
|t:|1642805591
|move|p1a: TASTE THE SUN|Fusion Flare|p2a: Necrozma
|-supereffective|p2a: Necrozma
|-damage|p2a: Necrozma|49/100
|move|p2a: Necrozma|Thunder Wave|p1a: TASTE THE SUN
|-status|p1a: TASTE THE SUN|par
|
|upkeep
|turn|20
|
|t:|1642805599
|switch|p1a: Whale.|Kyogre|46/100
|-damage|p1a: Whale.|34/100|[from] Stealth Rock
|-weather|RainDance|[from] ability: Drizzle|[of] p1a: Whale.
|move|p2a: Necrozma|Moonlight|p2a: Necrozma
|-heal|p2a: Necrozma|74/100
|
|-weather|RainDance|[upkeep]
|-heal|p1a: Whale.|40/100|[from] item: Leftovers
|upkeep
|turn|21
|
|t:|1642805603
|move|p1a: Whale.|Thunder Wave|p2a: Necrozma
|-status|p2a: Necrozma|par
|cant|p2a: Necrozma|par
|
|-weather|RainDance|[upkeep]
|-heal|p1a: Whale.|46/100|[from] item: Leftovers
|upkeep
|turn|22
|
|t:|1642805608
|move|p1a: Whale.|Surf|p2a: Necrozma
|-damage|p2a: Necrozma|24/100 par
|move|p2a: Necrozma|Thunder Wave|p1a: Whale.
|-status|p1a: Whale.|par
|
|-weather|RainDance|[upkeep]
|-heal|p1a: Whale.|52/100 par|[from] item: Leftovers
|upkeep
|turn|23
|
|t:|1642805626
|switch|p1a: Xerneas|Xerneas|88/100
|-damage|p1a: Xerneas|76/100|[from] Stealth Rock
|-ability|p1a: Xerneas|Fairy Aura
|move|p2a: Necrozma|Iron Head|p1a: Xerneas
|-supereffective|p1a: Xerneas
|-damage|p1a: Xerneas|28/100
|
|-weather|RainDance|[upkeep]
|upkeep
|turn|24
|
|t:|1642805643
|move|p1a: Xerneas|Rest|p1a: Xerneas
|-status|p1a: Xerneas|slp|[from] move: Rest
|-heal|p1a: Xerneas|100/100 slp|[silent]
|-enditem|p1a: Xerneas|Chesto Berry|[eat]
|-curestatus|p1a: Xerneas|slp|[msg]
|move|p2a: Necrozma|Iron Head|p1a: Xerneas
|-supereffective|p1a: Xerneas
|-damage|p1a: Xerneas|57/100
|
|-weather|none
|upkeep
|turn|25
|
|t:|1642805649
|switch|p1a: Whale.|Kyogre|52/100 par
|-damage|p1a: Whale.|40/100 par|[from] Stealth Rock
|-weather|RainDance|[from] ability: Drizzle|[of] p1a: Whale.
|move|p2a: Necrozma|Iron Head|p1a: Whale.
|-resisted|p1a: Whale.
|-damage|p1a: Whale.|21/100 par
|
|-weather|RainDance|[upkeep]
|-heal|p1a: Whale.|27/100 par|[from] item: Leftovers
|upkeep
|turn|26
|
|t:|1642805653
|move|p1a: Whale.|Surf|p2a: Necrozma
|-damage|p2a: Necrozma|0 fnt
|faint|p2a: Necrozma
|
|-weather|RainDance|[upkeep]
|-heal|p1a: Whale.|34/100 par|[from] item: Leftovers
|upkeep
|
|t:|1642805655
|switch|p2a: Xerneas|Xerneas|100/100
|-damage|p2a: Xerneas|88/100|[from] Stealth Rock
|-ability|p2a: Xerneas|Fairy Aura
|turn|27
|
|t:|1642805659
|move|p2a: Xerneas|Geomancy||[still]
|-prepare|p2a: Xerneas|Geomancy
|-enditem|p2a: Xerneas|Power Herb
|-anim|p2a: Xerneas|Geomancy|p2a: Xerneas
|-boost|p2a: Xerneas|spa|2
|-boost|p2a: Xerneas|spd|2
|-boost|p2a: Xerneas|spe|2
|move|p1a: Whale.|Roar|p2a: Xerneas
|drag|p2a: Eternatus|Eternatus|100/100 par
|-ability|p2a: Eternatus|Pressure
|
|-weather|RainDance|[upkeep]
|-heal|p1a: Whale.|40/100 par|[from] item: Leftovers
|upkeep
|turn|28
|
|t:|1642805678
|move|p2a: Eternatus|Dynamax Cannon|p1a: Whale.
|-damage|p1a: Whale.|10/100 par
|move|p1a: Whale.|Surf|p2a: Eternatus
|-resisted|p2a: Eternatus
|-damage|p2a: Eternatus|72/100 par
|
|-weather|RainDance|[upkeep]
|-heal|p1a: Whale.|16/100 par|[from] item: Leftovers
|upkeep
|turn|29
|
|t:|1642805682
|switch|p1a: Xerneas|Xerneas|57/100
|-damage|p1a: Xerneas|45/100|[from] Stealth Rock
|-ability|p1a: Xerneas|Fairy Aura
|move|p2a: Eternatus|Shadow Ball|p1a: Xerneas
|-damage|p1a: Xerneas|26/100
|
|-weather|none
|upkeep
|turn|30
|
|t:|1642805687
|move|p1a: Xerneas|Aromatherapy|p1a: Xerneas
|-activate|p1a: Xerneas|move: Aromatherapy
|-curestatus|p1: TASTE THE SUN|par|[msg]
|-curestatus|p1: Whale.|par|[msg]
|-curestatus|p1: Burnt Bacon|par|[msg]
|cant|p2a: Eternatus|par
|
|upkeep
|turn|31
|
|t:|1642805699
|move|p1a: Xerneas|Moonblast|p2a: Eternatus
|-damage|p2a: Eternatus|32/100 par
|move|p2a: Eternatus|Shadow Ball|p1a: Xerneas
|-damage|p1a: Xerneas|6/100
|
|upkeep
|turn|32
|
|t:|1642805704
|move|p1a: Xerneas|Moonblast|p2a: Eternatus
|-damage|p2a: Eternatus|0 fnt
|faint|p2a: Eternatus
|
|upkeep
|
|t:|1642805707
|switch|p2a: Darmanitan|Darmanitan-Galar, F|100/100
|-damage|p2a: Darmanitan|76/100|[from] Stealth Rock
|turn|33
|
|t:|1642805713
|move|p2a: Darmanitan|Icicle Crash|p1a: Xerneas
|-damage|p1a: Xerneas|0 fnt
|faint|p1a: Xerneas
|
|upkeep
|
|t:|1642805730
|switch|p1a: TASTE THE SUN|Kyurem-White|100/100
|-ability|p1a: TASTE THE SUN|Turboblaze
|turn|34
|
|t:|1642805733
|move|p2a: Darmanitan|Icicle Crash|p1a: TASTE THE SUN
|-damage|p1a: TASTE THE SUN|34/100
|move|p1a: TASTE THE SUN|Fusion Flare|p2a: Darmanitan
|-supereffective|p2a: Darmanitan
|-crit|p2a: Darmanitan
|-damage|p2a: Darmanitan|0 fnt
|faint|p2a: Darmanitan
|
|upkeep
|
|t:|1642805737
|switch|p2a: Xerneas|Xerneas|88/100
|-damage|p2a: Xerneas|75/100|[from] Stealth Rock
|-ability|p2a: Xerneas|Fairy Aura
|turn|35
|
|t:|1642805745
|switch|p1a: Whale.|Kyogre|16/100
|-damage|p1a: Whale.|4/100|[from] Stealth Rock
|-weather|RainDance|[from] ability: Drizzle|[of] p1a: Whale.
|move|p2a: Xerneas|Geomancy||[still]
|-prepare|p2a: Xerneas|Geomancy
|
|-weather|RainDance|[upkeep]
|-heal|p1a: Whale.|10/100|[from] item: Leftovers
|upkeep
|turn|36
|
|t:|1642805762
|move|p2a: Xerneas|Geomancy|p2a: Xerneas|[from]lockedmove
|-boost|p2a: Xerneas|spa|2
|-boost|p2a: Xerneas|spd|2
|-boost|p2a: Xerneas|spe|2
|move|p1a: Whale.|Roar|p2a: Xerneas
|drag|p2a: Yveltal|Yveltal|100/100
|-ability|p2a: Yveltal|Dark Aura
|
|-weather|RainDance|[upkeep]
|-heal|p1a: Whale.|16/100|[from] item: Leftovers
|upkeep
|turn|37
|
|t:|1642805772
|switch|p1a: Burnt Bacon|Yveltal|100/100
|-ability|p1a: Burnt Bacon|Dark Aura
|move|p2a: Yveltal|U-turn|p1a: Burnt Bacon
|-damage|p1a: Burnt Bacon|81/100
|
|t:|1642805775
|switch|p2a: Xerneas|Xerneas|75/100|[from]move: U-turn
|-damage|p2a: Xerneas|63/100|[from] Stealth Rock
|-ability|p2a: Xerneas|Fairy Aura
|
|-weather|RainDance|[upkeep]
|upkeep
|turn|38
|
|t:|1642805784
|move|p1a: Burnt Bacon|Toxic|p2a: Xerneas
|-status|p2a: Xerneas|tox
|move|p2a: Xerneas|Moonblast|p1a: Burnt Bacon
|-supereffective|p1a: Burnt Bacon
|-damage|p1a: Burnt Bacon|0 fnt
|faint|p1a: Burnt Bacon
|
|-weather|RainDance|[upkeep]
|-damage|p2a: Xerneas|57/100 tox|[from] psn
|upkeep
|
|t:|1642805792
|switch|p1a: Calyrex|Calyrex-Shadow|100/100
|-ability|p1a: Calyrex|As One
|-ability|p1a: Calyrex|Unnerve
|-damage|p1a: Calyrex|88/100|[from] Stealth Rock
|turn|39
|
|t:|1642805796
|switch|p2a: Yveltal|Yveltal|100/100
|-ability|p2a: Yveltal|Dark Aura
|move|p1a: Calyrex|Substitute|p1a: Calyrex
|-start|p1a: Calyrex|Substitute
|-damage|p1a: Calyrex|63/100
|
|-weather|none
|-heal|p1a: Calyrex|69/100|[from] item: Leftovers
|upkeep
|turn|40
|
|t:|1642805801
|move|p1a: Calyrex|Leech Seed|p2a: Yveltal
|-start|p2a: Yveltal|move: Leech Seed
|move|p2a: Yveltal|Foul Play|p1a: Calyrex
|-supereffective|p1a: Calyrex
|-end|p1a: Calyrex|Substitute
|
|-heal|p1a: Calyrex|76/100|[from] item: Leftovers
|-damage|p2a: Yveltal|88/100|[from] Leech Seed|[of] p1a: Calyrex
|-heal|p1a: Calyrex|92/100|[silent]
|upkeep
|turn|41
|
|t:|1642805809
|move|p1a: Calyrex|Substitute|p1a: Calyrex
|-start|p1a: Calyrex|Substitute
|-damage|p1a: Calyrex|67/100
|move|p2a: Yveltal|Foul Play|p1a: Calyrex
|-supereffective|p1a: Calyrex
|-end|p1a: Calyrex|Substitute
|
|-heal|p1a: Calyrex|73/100|[from] item: Leftovers
|-damage|p2a: Yveltal|76/100|[from] Leech Seed|[of] p1a: Calyrex
|-heal|p1a: Calyrex|90/100|[silent]
|upkeep
|turn|42
|
|t:|1642805817
|move|p1a: Calyrex|Substitute|p1a: Calyrex
|-start|p1a: Calyrex|Substitute
|-damage|p1a: Calyrex|65/100
|move|p2a: Yveltal|U-turn|p1a: Calyrex
|-activate|p1a: Calyrex|move: Substitute|[damage]
|
|t:|1642805819
|switch|p2a: Xerneas|Xerneas|57/100 tox|[from]move: U-turn
|-damage|p2a: Xerneas|44/100 tox|[from] Stealth Rock
|-ability|p2a: Xerneas|Fairy Aura
|
|-heal|p1a: Calyrex|71/100|[from] item: Leftovers
|-damage|p2a: Xerneas|38/100 tox|[from] psn
|upkeep
|turn|43
|
|t:|1642805824
|switch|p2a: Yveltal|Yveltal|76/100
|-ability|p2a: Yveltal|Dark Aura
|move|p1a: Calyrex|Astral Barrage|p2a: Yveltal
|-resisted|p2a: Yveltal
|-damage|p2a: Yveltal|50/100
|
|-heal|p1a: Calyrex|77/100|[from] item: Leftovers
|upkeep
|turn|44
|
|t:|1642805831
|move|p1a: Calyrex|Leech Seed|p2a: Yveltal
|-start|p2a: Yveltal|move: Leech Seed
|move|p2a: Yveltal|Roost|p2a: Yveltal
|-heal|p2a: Yveltal|99/100
|-singleturn|p2a: Yveltal|move: Roost
|
|-heal|p1a: Calyrex|83/100|[from] item: Leftovers
|-damage|p2a: Yveltal|88/100|[from] Leech Seed|[of] p1a: Calyrex
|-heal|p1a: Calyrex|99/100|[silent]
|upkeep
|turn|45
|
|t:|1642805840
|move|p1a: Calyrex|Astral Barrage|p2a: Yveltal
|-resisted|p2a: Yveltal
|-damage|p2a: Yveltal|63/100
|move|p2a: Yveltal|U-turn|p1a: Calyrex
|-end|p1a: Calyrex|Substitute
|
|t:|1642805843
|switch|p2a: Xerneas|Xerneas|38/100 tox|[from]move: U-turn
|-damage|p2a: Xerneas|26/100 tox|[from] Stealth Rock
|-ability|p2a: Xerneas|Fairy Aura
|
|-heal|p1a: Calyrex|100/100|[from] item: Leftovers
|-damage|p2a: Xerneas|20/100 tox|[from] psn
|upkeep
|turn|46
|
|t:|1642805850
|move|p1a: Calyrex|Substitute|p1a: Calyrex
|-start|p1a: Calyrex|Substitute
|-damage|p1a: Calyrex|76/100
|move|p2a: Xerneas|Rest|p2a: Xerneas
|-status|p2a: Xerneas|slp|[from] move: Rest
|-heal|p2a: Xerneas|100/100 slp|[silent]
|
|-heal|p1a: Calyrex|82/100|[from] item: Leftovers
|upkeep
|turn|47
|
|t:|1642805854
|switch|p2a: Yveltal|Yveltal|63/100
|-ability|p2a: Yveltal|Dark Aura
|move|p1a: Calyrex|Leech Seed|p2a: Yveltal
|-start|p2a: Yveltal|move: Leech Seed
|
|-heal|p1a: Calyrex|88/100|[from] item: Leftovers
|-damage|p2a: Yveltal|50/100|[from] Leech Seed|[of] p1a: Calyrex
|-heal|p1a: Calyrex|100/100|[silent]
|upkeep
|turn|48
|
|t:|1642805860
|move|p1a: Calyrex|Taunt|p2a: Yveltal
|-start|p2a: Yveltal|move: Taunt
|cant|p2a: Yveltal|move: Taunt|Roost
|
|-damage|p2a: Yveltal|38/100|[from] Leech Seed|[of] p1a: Calyrex
|upkeep
|turn|49
|
|t:|1642805867
|move|p1a: Calyrex|Astral Barrage|p2a: Yveltal
|-resisted|p2a: Yveltal
|-damage|p2a: Yveltal|11/100
|move|p2a: Yveltal|U-turn|p1a: Calyrex
|-end|p1a: Calyrex|Substitute
|-message|Kyohei (Ubers) forfeited.
|
|win|ARandomFailure
|raw|ARandomFailure's rating: 1430 &rarr; <strong>1460</strong><br />(+30 for winning)
|raw|Kyohei (Ubers)'s rating: 1616 &rarr; <strong>1586</strong><br />(-30 for losing)
|l|☆Kyohei (Ubers)
|j| eeveeleon154
||Ladder isn't responding, score probably updated but might not have (Request timeout).
|l|☆ARandomFailure
