|j|☆ray713testteam
|j|☆Blasterzx115
|player|p1|ray713testteam|ethan|1530
|player|p2|Blasterzx115|steven|1367
|teamsize|p1|6
|teamsize|p2|6
|gametype|singles
|gen|8
|tier|[Gen 8] Ubers
|rated|
|rule|Sleep Clause Mod: Limit one foe put to sleep
|rule|Species Clause: Limit one of each Pokémon
|rule|OHKO Clause: OHKO moves are banned
|rule|Evasion Moves Clause: Evasion moves are banned
|rule|Endless Battle Clause: Forcing endless battles is banned
|rule|HP Percentage Mod: HP is shown in percentages
|clearpoke
|poke|p1|Shuckle, F|
|poke|p1|Grimmsnarl, M|
|poke|p1|Polteageist|
|poke|p1|Gyarados, M|
|poke|p1|Cinderace, M|
|poke|p1|Zacian-Crowned|
|poke|p2|Zacian-Crowned|
|poke|p2|Eternatus|
|poke|p2|Ditto|
|poke|p2|Eiscue, F|
|poke|p2|Polteageist|
|poke|p2|Grimmsnarl, M|
|teampreview
|
|start
|switch|p1a: Shuckle|Shuckle, F|100/100
|switch|p2a: Polteageist|Polteageist|100/100
|turn|1
|
|move|p2a: Polteageist|Shell Smash|p2a: Polteageist
|-unboost|p2a: Polteageist|def|1
|-unboost|p2a: Polteageist|spd|1
|-boost|p2a: Polteageist|atk|2
|-boost|p2a: Polteageist|spa|2
|-boost|p2a: Polteageist|spe|2
|move|p1a: Shuckle|Sticky Web|p2a: Polteageist
|-sidestart|p2: Blasterzx115|move: Sticky Web
|
|upkeep
|turn|2
|
|move|p2a: Polteageist|Shell Smash|p2a: Polteageist
|-unboost|p2a: Polteageist|def|1
|-unboost|p2a: Polteageist|spd|1
|-boost|p2a: Polteageist|atk|2
|-boost|p2a: Polteageist|spa|2
|-boost|p2a: Polteageist|spe|2
|move|p1a: Shuckle|Stealth Rock|p2a: Polteageist
|-sidestart|p2: Blasterzx115|move: Stealth Rock
|
|upkeep
|turn|3
|
|move|p2a: Polteageist|Shell Smash|p2a: Polteageist
|-unboost|p2a: Polteageist|def|1
|-unboost|p2a: Polteageist|spd|1
|-boost|p2a: Polteageist|atk|2
|-boost|p2a: Polteageist|spa|2
|-boost|p2a: Polteageist|spe|2
|move|p1a: Shuckle|Encore|p2a: Polteageist
|-start|p2a: Polteageist|Encore
|
|upkeep
|turn|4
|
|move|p2a: Polteageist|Shell Smash|p2a: Polteageist
|-unboost|p2a: Polteageist|def|1
|-unboost|p2a: Polteageist|spd|1
|-boost|p2a: Polteageist|atk|0
|-boost|p2a: Polteageist|spa|0
|-boost|p2a: Polteageist|spe|0
|move|p1a: Shuckle|Sticky Web||[still]
|-fail|p1a: Shuckle
|
|upkeep
|turn|5
|
|-start|p2a: Polteageist|Dynamax
|-heal|p2a: Polteageist|100/100|[silent]
|move|p2a: Polteageist|Max Mindstorm|p1a: Shuckle
|-ability|p1a: Shuckle|Sturdy
|-damage|p1a: Shuckle|1/100
|-fieldstart|move: Psychic Terrain
|move|p1a: Shuckle|Final Gambit|p2a: Polteageist
|-immune|p2a: Polteageist
|
|upkeep
|turn|6
|
|move|p2a: Polteageist|Max Mindstorm|p1a: Shuckle
|-damage|p1a: Shuckle|0 fnt
|faint|p1a: Shuckle
|
|-end|p2a: Polteageist|Encore
|upkeep
|
|switch|p1a: Polteageist|Polteageist|100/100
|turn|7
|
|move|p2a: Polteageist|Max Mindstorm|p1a: Polteageist
|-enditem|p1a: Polteageist|Focus Sash
|-damage|p1a: Polteageist|1/100
|move|p1a: Polteageist|Shadow Ball|p2a: Polteageist
|-supereffective|p2a: Polteageist
|-enditem|p2a: Polteageist|Focus Sash
|-damage|p2a: Polteageist|1/100
|
|-end|p2a: Polteageist|Dynamax
|-heal|p2a: Polteageist|1/100|[silent]
|upkeep
|turn|8
|
|move|p2a: Polteageist|Baton Pass|p2a: Polteageist
|
|switch|p2a: Grimmsnarl|Grimmsnarl, M|100/100|[from]move: Baton Pass
|-activate|p2a: Grimmsnarl|move: Sticky Web
|-unboost|p2a: Grimmsnarl|spe|1
|-damage|p2a: Grimmsnarl|88/100|[from] Stealth Rock
|move|p1a: Polteageist|Shadow Ball|p2a: Grimmsnarl
|-resisted|p2a: Grimmsnarl
|-damage|p2a: Grimmsnarl|14/100
|
|-heal|p2a: Grimmsnarl|20/100|[from] item: Leftovers
|upkeep
|turn|9
|
|move|p2a: Grimmsnarl|Sucker Punch|p1a: Polteageist
|-activate|p1a: Polteageist|move: Psychic Terrain
|move|p1a: Polteageist|Shadow Ball|p2a: Grimmsnarl
|-resisted|p2a: Grimmsnarl
|-crit|p2a: Grimmsnarl
|-damage|p2a: Grimmsnarl|0 fnt
|faint|p2a: Grimmsnarl
|
|-fieldend|move: Psychic Terrain
|upkeep
|
|switch|p2a: Zacian|Zacian-Crowned|100/100
|-damage|p2a: Zacian|94/100|[from] Stealth Rock
|-activate|p2a: Zacian|move: Sticky Web
|-unboost|p2a: Zacian|spe|1
|-ability|p2a: Zacian|Intrepid Sword|boost
|-boost|p2a: Zacian|atk|1
|turn|10
|
|move|p2a: Zacian|Behemoth Blade|p1a: Polteageist
|-damage|p1a: Polteageist|0 fnt
|faint|p1a: Polteageist
|
|upkeep
|
|switch|p1a: Zacian|Zacian-Crowned|100/100
|-ability|p1a: Zacian|Intrepid Sword|boost
|-boost|p1a: Zacian|atk|1
|turn|11
|
|move|p1a: Zacian|Imprison|p1a: Zacian
|-start|p1a: Zacian|move: Imprison
|cant|p2a: Zacian|move: Imprison|Behemoth Blade
|
|upkeep
|turn|12
|
|move|p1a: Zacian|Swords Dance|p1a: Zacian
|-boost|p1a: Zacian|atk|2
|move|p2a: Zacian|Sacred Sword|p1a: Zacian
|-damage|p1a: Zacian|63/100
|
|upkeep
|turn|13
|
|move|p1a: Zacian|Behemoth Blade|p2a: Zacian
|-damage|p2a: Zacian|0 fnt
|faint|p2a: Zacian
|
|upkeep
|j| J0nty
|
|switch|p2a: Ditto|Ditto|100/100
|-damage|p2a: Ditto|88/100|[from] Stealth Rock
|-activate|p2a: Ditto|move: Sticky Web
|-unboost|p2a: Ditto|spe|1
|-transform|p2a: Ditto|p1a: Zacian|[from] ability: Imposter
|-ability|p2a: Ditto|Intrepid Sword|boost
|-boost|p2a: Ditto|atk|1
|turn|14
|
|-activate|p2a: Ditto|move: Struggle
|move|p2a: Ditto|Struggle|p1a: Zacian
|-damage|p1a: Zacian|26/100
|-damage|p2a: Ditto|63/100|[from] recoil
|move|p1a: Zacian|Behemoth Blade|p2a: Ditto
|-damage|p2a: Ditto|0 fnt
|faint|p2a: Ditto
|
|upkeep
|l|☆Blasterzx115
|player|p2|
|inactive|Battle timer is ON: inactive players will automatically lose when time's up. (requested by ray713testteam)
|l| J0nty
|j| J0nty
|l| J0nty
|inactive|Blasterzx115 has 30 seconds to reconnect!
|inactive|Blasterzx115 has 20 seconds to reconnect!
|inactive|Blasterzx115 has 15 seconds to reconnect!
|inactive|Blasterzx115 has 10 seconds to reconnect!
|inactive|Blasterzx115 has 5 seconds to reconnect!
|-message|Blasterzx115 lost due to inactivity.
|
|win|ray713testteam
|raw|ray713testteam's rating: 1530 &rarr; <strong>1542</strong><br />(+12 for winning)
|raw|Blasterzx115's rating: 1381 &rarr; <strong>1369</strong><br />(-12 for losing)
|l|☆ray713testteam
