|j|☆TheGrassToucher
|j|☆Sarcasticsounds
|t:|1662234083
|gametype|singles
|player|p1|TheGrassToucher|169|1346
|player|p2|Sarcasticsounds|winona-gen6|1384
|teamsize|p1|6
|teamsize|p2|6
|gen|8
|tier|[Gen 8] Ubers
|rated|
|rule|Sleep Clause Mod: Limit one foe put to sleep
|rule|Species Clause: Limit one of each Pokémon
|rule|OHKO Clause: OHKO moves are banned
|rule|Evasion Items Clause: Evasion items are banned
|rule|Evasion Moves Clause: Evasion moves are banned
|rule|Endless Battle Clause: Forcing endless battles is banned
|rule|HP Percentage Mod: HP is shown in percentages
|rule|Dynamax Clause: You cannot dynamax
|clearpoke
|poke|p1|Galvantula, M|
|poke|p1|Zekrom|
|poke|p1|Kyurem-White|
|poke|p1|Reshiram|
|poke|p1|Genesect|
|poke|p1|Landorus, M|
|poke|p2|Yveltal|
|poke|p2|Ho-Oh|
|poke|p2|Xerneas-*|
|poke|p2|Marshadow|
|poke|p2|Kyogre|
|poke|p2|Eternatus|
|teampreview
|inactive|Battle timer is ON: inactive players will automatically lose when time's up. (requested by TheGrassToucher)
|
|t:|1662234088
|start
|switch|p1a: Galvantula|Galvantula, M|100/100
|switch|p2a: Bloodbath|Yveltal, shiny|100/100
|-ability|p2a: Bloodbath|Dark Aura
|turn|1
|
|t:|1662234090
|move|p1a: Galvantula|Thunder Wave|p2a: Bloodbath
|-status|p2a: Bloodbath|par
|cant|p2a: Bloodbath|par
|
|upkeep
|turn|2
|
|t:|1662234094
|move|p1a: Galvantula|Sticky Web|p2a: Bloodbath
|-sidestart|p2: Sarcasticsounds|move: Sticky Web
|cant|p2a: Bloodbath|par
|
|upkeep
|turn|3
|
|t:|1662234097
|move|p1a: Galvantula|Thunder|p2a: Bloodbath|[miss]
|-miss|p1a: Galvantula|p2a: Bloodbath
|move|p2a: Bloodbath|Dual Wingbeat|p1a: Galvantula|[miss]
|-miss|p2a: Bloodbath|p1a: Galvantula
|
|upkeep
|turn|4
|
|t:|1662234103
|move|p1a: Galvantula|Thunder|p2a: Bloodbath
|-supereffective|p2a: Bloodbath
|-damage|p2a: Bloodbath|18/100 par
|move|p2a: Bloodbath|Dual Wingbeat|p1a: Galvantula|[miss]
|-miss|p2a: Bloodbath|p1a: Galvantula
|
|upkeep
|turn|5
|c|☆TheGrassToucher|dual wingbeattttt
|c|☆TheGrassToucher|also sorry for hax
|
|t:|1662234116
|move|p1a: Galvantula|Thunder|p2a: Bloodbath|[miss]
|-miss|p1a: Galvantula|p2a: Bloodbath
|move|p2a: Bloodbath|Dual Wingbeat|p1a: Galvantula
|-damage|p1a: Galvantula|31/100
|-damage|p1a: Galvantula|0 fnt
|faint|p1a: Galvantula
|-hitcount|p1: Galvantula|2
|
|upkeep
|
|t:|1662234124
|switch|p1a: Landorus|Landorus, M|100/100
|turn|6
|c|☆Sarcasticsounds|Play the lotto puss
|
|t:|1662234128
|move|p1a: Landorus|Sludge Wave|p2a: Bloodbath
|-damage|p2a: Bloodbath|0 fnt
|faint|p2a: Bloodbath
|
|upkeep
|
|t:|1662234130
|switch|p2a: Oh-No|Ho-Oh|100/100
|turn|7
|c|☆TheGrassToucher|hoes mad
|
|t:|1662234136
|move|p1a: Landorus|Rock Slide|p2a: Oh-No|[miss]
|-miss|p1a: Landorus|p2a: Oh-No
|move|p2a: Oh-No|Defog|p1a: Landorus
|-unboost|p1a: Landorus|evasion|1
|-sideend|p2: Sarcasticsounds|Sticky Web|[from] move: Defog|[of] p2a: Oh-No
|
|upkeep
|turn|8
|c|☆Sarcasticsounds|Get fucked
|
|t:|1662234151
|switch|p2a: Kai|Kyogre|100/100
|-weather|RainDance|[from] ability: Drizzle|[of] p2a: Kai
|move|p1a: Landorus|Rock Slide|p2a: Kai|[miss]
|-miss|p1a: Landorus|p2a: Kai
|
|-weather|RainDance|[upkeep]
|upkeep
|turn|9
|c|☆TheGrassToucher|see look
|c|☆TheGrassToucher|the world isnt out to get u lol
|
|t:|1662234167
|move|p2a: Kai|Water Spout|p1a: Landorus
|-supereffective|p1a: Landorus
|-crit|p1a: Landorus
|-damage|p1a: Landorus|0 fnt
|faint|p1a: Landorus
|
|-weather|RainDance|[upkeep]
|upkeep
|
|t:|1662234173
|switch|p1a: Genesect|Genesect|100/100
|-ability|p1a: Genesect|Download|boost
|-boost|p1a: Genesect|atk|1
|turn|10
|c|☆Sarcasticsounds|Oh
|c|☆Sarcasticsounds|Good point my good sir
|
|t:|1662234188
|move|p1a: Genesect|U-turn|p2a: Kai
|-damage|p2a: Kai|48/100
|
|t:|1662234191
|switch|p1a: Zekrom|Zekrom|100/100|[from]move: U-turn
|-ability|p1a: Zekrom|Teravolt
|move|p2a: Kai|Water Spout|p1a: Zekrom
|-resisted|p1a: Zekrom
|-damage|p1a: Zekrom|71/100
|
|-weather|RainDance|[upkeep]
|-heal|p1a: Zekrom|77/100|[from] item: Leftovers
|upkeep
|turn|11
|j| BrandenXx
|
|t:|1662234200
|move|p2a: Kai|Water Spout|p1a: Zekrom
|-resisted|p1a: Zekrom
|-damage|p1a: Zekrom|44/100
|move|p1a: Zekrom|Dragon Dance|p1a: Zekrom
|-boost|p1a: Zekrom|atk|1
|-boost|p1a: Zekrom|spe|1
|
|-weather|RainDance|[upkeep]
|-heal|p1a: Zekrom|50/100|[from] item: Leftovers
|upkeep
|turn|12
|
|t:|1662234205
|move|p2a: Kai|Water Spout|p1a: Zekrom
|-resisted|p1a: Zekrom
|-damage|p1a: Zekrom|17/100
|move|p1a: Zekrom|Bolt Strike|p2a: Kai
|-supereffective|p2a: Kai
|-damage|p2a: Kai|0 fnt
|faint|p2a: Kai
|
|-weather|none
|-heal|p1a: Zekrom|23/100|[from] item: Leftovers
|upkeep
|
|t:|1662234211
|switch|p2a: Marshmallow|Marshadow|100/100
|turn|13
|c|☆TheGrassToucher|you even won a speed tie!
|
|t:|1662234216
|switch|p1a: Genesect|Genesect|100/100
|-ability|p1a: Genesect|Download|boost
|-boost|p1a: Genesect|atk|1
|move|p2a: Marshmallow|Spectral Thief||[still]
|-clearpositiveboost|p1a: Genesect|p2a: Marshmallow|move: Spectral Thief
|-boost|p2a: Marshmallow|atk|1
|-anim|p2a: Marshmallow|Spectral Thief|p1a: Genesect
|-damage|p1a: Genesect|10/100
|
|upkeep
|turn|14
|c|☆Sarcasticsounds|Cool
|
|t:|1662234228
|move|p2a: Marshmallow|Shadow Sneak|p1a: Genesect
|-damage|p1a: Genesect|0 fnt
|faint|p1a: Genesect
|
|upkeep
|
|t:|1662234232
|switch|p1a: Reshiram|Reshiram|100/100
|-ability|p1a: Reshiram|Turboblaze
|turn|15
|c|☆Sarcasticsounds|Gg ez
|
|t:|1662234238
|move|p2a: Marshmallow|Rock Tomb|p1a: Reshiram
|-supereffective|p1a: Reshiram
|-damage|p1a: Reshiram|7/100
|-unboost|p1a: Reshiram|spe|1
|move|p1a: Reshiram|Blue Flare|p2a: Marshmallow
|-enditem|p2a: Marshmallow|Focus Sash
|-damage|p2a: Marshmallow|1/100
|-damage|p1a: Reshiram|0 fnt|[from] item: Life Orb
|faint|p1a: Reshiram
|
|upkeep
|
|t:|1662234242
|switch|p1a: Kyurem|Kyurem-White|100/100
|-ability|p1a: Kyurem|Turboblaze
|turn|16
|
|t:|1662234246
|move|p2a: Marshmallow|Close Combat|p1a: Kyurem
|-supereffective|p1a: Kyurem
|-damage|p1a: Kyurem|0 fnt
|-unboost|p2a: Marshmallow|def|1
|-unboost|p2a: Marshmallow|spd|1
|faint|p1a: Kyurem
|
|upkeep
|
|t:|1662234248
|switch|p1a: Zekrom|Zekrom|23/100
|-ability|p1a: Zekrom|Teravolt
|turn|17
|
|t:|1662234251
|move|p2a: Marshmallow|Shadow Sneak|p1a: Zekrom
|-damage|p1a: Zekrom|0 fnt
|faint|p1a: Zekrom
|
|win|Sarcasticsounds
|raw|TheGrassToucher's rating: 1346 &rarr; <strong>1328</strong><br />(-18 for losing)
|raw|Sarcasticsounds's rating: 1384 &rarr; <strong>1402</strong><br />(+18 for winning)
|c|☆TheGrassToucher|gg wp bud
|l|☆TheGrassToucher
||Ladder isn't responding, score probably updated but might not have (Request timeout).
|l| BrandenXx
