|j|☆DaDa1032
|j|☆Repecc
|player|p1|DaDa1032|102|1487
|player|p2|Repecc|170|1452
|teamsize|p1|6
|teamsize|p2|6
|gametype|singles
|gen|8
|tier|[Gen 8] Ubers
|rated|
|clearpoke
|poke|p1|Darmanitan-Galar, M|
|poke|p1|Eternatus|
|poke|p1|Lunala|
|poke|p1|Necrozma-Dusk-Mane|
|poke|p1|Mandibuzz, F|
|poke|p1|Ditto|
|poke|p2|Lunala|
|poke|p2|Necrozma-Dusk-Mane|
|poke|p2|Excadrill, F|
|poke|p2|Quagsire, M|
|poke|p2|Marshadow|
|poke|p2|Zacian-Crowned|
|rule|Sleep Clause Mod: Limit one foe put to sleep
|rule|Species Clause: Limit one of each Pokémon
|rule|OHKO Clause: OHKO moves are banned
|rule|Evasion Moves Clause: Evasion moves are banned
|rule|Endless Battle Clause: Forcing endless battles is banned
|rule|HP Percentage Mod: HP is shown in percentages
|html|Ubers Dynamax Clause: Pokémon on the <a href="https://www.smogon.com/dex/ss/formats/uber/">Ubers Dynamax Banlist</a> cannot Dynamax.
|teampreview
|inactive|Battle timer is ON: inactive players will automatically lose when time's up. (requested by Repecc)
|
|start
|switch|p1a: Mandibuzz|Mandibuzz, F|100/100
|switch|p2a: Excadrill|Excadrill, F|100/100
|-ability|p2a: Excadrill|Mold Breaker
|turn|1
|
|move|p2a: Excadrill|Stealth Rock|p1a: Mandibuzz
|-sidestart|p1: DaDa1032|move: Stealth Rock
|move|p1a: Mandibuzz|Knock Off|p2a: Excadrill
|-damage|p2a: Excadrill|69/100
|-enditem|p2a: Excadrill|Focus Sash|[from] move: Knock Off|[of] p1a: Mandibuzz
|
|upkeep
|turn|2
|
|switch|p1a: Necrozma|Necrozma-Dusk-Mane|100/100
|-damage|p1a: Necrozma|94/100|[from] Stealth Rock
|move|p2a: Excadrill|Iron Head|p1a: Necrozma
|-resisted|p1a: Necrozma
|-damage|p1a: Necrozma|83/100
|
|-heal|p1a: Necrozma|89/100|[from] item: Leftovers
|upkeep
|turn|3
|
|switch|p1a: Mandibuzz|Mandibuzz, F|100/100
|move|p2a: Excadrill|Earthquake|p1a: Mandibuzz
|-immune|p1a: Mandibuzz
|
|upkeep
|turn|4
|
|move|p2a: Excadrill|Iron Head|p1a: Mandibuzz
|-damage|p1a: Mandibuzz|77/100
|move|p1a: Mandibuzz|Defog|p2a: Excadrill
|-unboost|p2a: Excadrill|evasion|1
|-sideend|p1: DaDa1032|Stealth Rock|[from] move: Defog|[of] p1a: Mandibuzz
|
|upkeep
|turn|5
|
|move|p2a: Excadrill|Stealth Rock|p1a: Mandibuzz
|-sidestart|p1: DaDa1032|move: Stealth Rock
|move|p1a: Mandibuzz|U-turn|p2a: Excadrill
|-resisted|p2a: Excadrill
|-damage|p2a: Excadrill|62/100
|
|switch|p1a: Ditto|Ditto|100/100|[from]move: U-turn
|-damage|p1a: Ditto|88/100|[from] Stealth Rock
|-transform|p1a: Ditto|p2a: Excadrill|[from] ability: Imposter
|-ability|p1a: Ditto|Mold Breaker
|
|upkeep
|turn|6
|
|move|p1a: Ditto|Earthquake|p2a: Excadrill
|-supereffective|p2a: Excadrill
|-damage|p2a: Excadrill|0 fnt
|faint|p2a: Excadrill
|
|upkeep
|
|switch|p2a: Lunala|Lunala|100/100
|turn|7
|
|switch|p1a: Mandibuzz|Mandibuzz, F|77/100
|move|p2a: Lunala|Will-O-Wisp|p1a: Mandibuzz
|-status|p1a: Mandibuzz|brn
|
|-damage|p1a: Mandibuzz|71/100 brn|[from] brn
|upkeep
|turn|8
|
|switch|p2a: Zacian|Zacian-Crowned|100/100
|-ability|p2a: Zacian|Intrepid Sword|boost
|-boost|p2a: Zacian|atk|1
|move|p1a: Mandibuzz|Knock Off|p2a: Zacian
|-resisted|p2a: Zacian
|-damage|p2a: Zacian|97/100
|
|-damage|p1a: Mandibuzz|65/100 brn|[from] brn
|upkeep
|turn|9
|
|switch|p1a: Necrozma|Necrozma-Dusk-Mane|89/100
|-damage|p1a: Necrozma|83/100|[from] Stealth Rock
|move|p2a: Zacian|Play Rough|p1a: Necrozma
|-resisted|p1a: Necrozma
|-damage|p1a: Necrozma|61/100
|
|-heal|p1a: Necrozma|67/100|[from] item: Leftovers
|upkeep
|turn|10
|
|switch|p2a: Lunala|Lunala|100/100
|move|p1a: Necrozma|Morning Sun|p1a: Necrozma
|-heal|p1a: Necrozma|100/100
|
|upkeep
|turn|11
|
|move|p2a: Lunala|Moongeist Beam|p1a: Necrozma
|-supereffective|p1a: Necrozma
|-damage|p1a: Necrozma|43/100
|move|p1a: Necrozma|Thunder Wave|p2a: Lunala
|-status|p2a: Lunala|par
|
|-heal|p1a: Necrozma|49/100|[from] item: Leftovers
|upkeep
|turn|12
|
|move|p1a: Necrozma|Morning Sun|p1a: Necrozma
|-heal|p1a: Necrozma|99/100
|move|p2a: Lunala|Moongeist Beam|p1a: Necrozma
|-supereffective|p1a: Necrozma
|-damage|p1a: Necrozma|48/100
|
|-heal|p1a: Necrozma|54/100|[from] item: Leftovers
|upkeep
|turn|13
|
|move|p1a: Necrozma|Morning Sun|p1a: Necrozma
|-heal|p1a: Necrozma|100/100
|move|p2a: Lunala|Will-O-Wisp|p1a: Necrozma
|-status|p1a: Necrozma|brn
|
|-damage|p1a: Necrozma|94/100 brn|[from] brn
|upkeep
|turn|14
|
|switch|p1a: Mandibuzz|Mandibuzz, F|65/100 brn
|switch|p2a: Quagsire|Quagsire, M|100/100
|
|-damage|p1a: Mandibuzz|59/100 brn|[from] brn
|upkeep
|turn|15
|
|switch|p2a: Zacian|Zacian-Crowned|97/100
|-ability|p2a: Zacian|Intrepid Sword|boost
|-boost|p2a: Zacian|atk|1
|move|p1a: Mandibuzz|Defog|p2a: Zacian
|-unboost|p2a: Zacian|evasion|1
|-sideend|p1: DaDa1032|Stealth Rock|[from] move: Defog|[of] p1a: Mandibuzz
|
|-damage|p1a: Mandibuzz|53/100 brn|[from] brn
|upkeep
|turn|16
|
|switch|p1a: Necrozma|Necrozma-Dusk-Mane|94/100 brn
|move|p2a: Zacian|Play Rough|p1a: Necrozma
|-resisted|p1a: Necrozma
|-damage|p1a: Necrozma|71/100 brn
|
|-heal|p1a: Necrozma|77/100 brn|[from] item: Leftovers
|-damage|p1a: Necrozma|71/100 brn|[from] brn
|upkeep
|turn|17
|
|switch|p2a: Quagsire|Quagsire, M|100/100
|move|p1a: Necrozma|Thunder Wave|p2a: Quagsire
|-immune|p2a: Quagsire
|
|-heal|p1a: Necrozma|77/100 brn|[from] item: Leftovers
|-damage|p1a: Necrozma|71/100 brn|[from] brn
|upkeep
|turn|18
|
|move|p1a: Necrozma|Stealth Rock|p2a: Quagsire
|-sidestart|p2: Repecc|move: Stealth Rock
|move|p2a: Quagsire|Scald|p1a: Necrozma
|-crit|p1a: Necrozma
|-damage|p1a: Necrozma|46/100 brn
|
|-heal|p1a: Necrozma|53/100 brn|[from] item: Leftovers
|-damage|p1a: Necrozma|46/100 brn|[from] brn
|upkeep
|turn|19
|
|move|p1a: Necrozma|Morning Sun|p1a: Necrozma
|-heal|p1a: Necrozma|96/100 brn
|move|p2a: Quagsire|Scald|p1a: Necrozma
|-damage|p1a: Necrozma|81/100 brn
|
|-heal|p1a: Necrozma|87/100 brn|[from] item: Leftovers
|-damage|p1a: Necrozma|81/100 brn|[from] brn
|upkeep
|turn|20
|
|switch|p1a: Mandibuzz|Mandibuzz, F|53/100 brn
|switch|p2a: Lunala|Lunala|100/100 par
|
|-damage|p1a: Mandibuzz|46/100 brn|[from] brn
|upkeep
|turn|21
|
|switch|p2a: Zacian|Zacian-Crowned|97/100
|-damage|p2a: Zacian|91/100|[from] Stealth Rock
|-ability|p2a: Zacian|Intrepid Sword|boost
|-boost|p2a: Zacian|atk|1
|move|p1a: Mandibuzz|Roost|p1a: Mandibuzz
|-heal|p1a: Mandibuzz|96/100 brn
|-singleturn|p1a: Mandibuzz|move: Roost
|
|-damage|p1a: Mandibuzz|90/100 brn|[from] brn
|upkeep
|turn|22
|
|move|p2a: Zacian|Close Combat|p1a: Mandibuzz
|-damage|p1a: Mandibuzz|50/100 brn
|-unboost|p2a: Zacian|def|1
|-unboost|p2a: Zacian|spd|1
|move|p1a: Mandibuzz|U-turn|p2a: Zacian
|-resisted|p2a: Zacian
|-damage|p2a: Zacian|89/100
|
|switch|p1a: Ditto|Ditto|88/100|[from]move: U-turn
|-transform|p1a: Ditto|p2a: Zacian|[from] ability: Imposter
|-ability|p1a: Ditto|Intrepid Sword|boost
|-boost|p1a: Ditto|atk|1
|
|upkeep
|turn|23
|
|switch|p2a: Quagsire|Quagsire, M|100/100
|-damage|p2a: Quagsire|94/100|[from] Stealth Rock
|move|p1a: Ditto|Behemoth Blade|p2a: Quagsire
|-resisted|p2a: Quagsire
|-damage|p2a: Quagsire|73/100
|
|-heal|p2a: Quagsire|79/100|[from] item: Leftovers
|upkeep
|turn|24
|
|switch|p1a: Mandibuzz|Mandibuzz, F|50/100 brn
|move|p2a: Quagsire|Scald|p1a: Mandibuzz
|-damage|p1a: Mandibuzz|35/100 brn
|
|-heal|p2a: Quagsire|85/100|[from] item: Leftovers
|-damage|p1a: Mandibuzz|29/100 brn|[from] brn
|upkeep
|turn|25
|
|switch|p2a: Zacian|Zacian-Crowned|89/100
|-damage|p2a: Zacian|83/100|[from] Stealth Rock
|-ability|p2a: Zacian|Intrepid Sword|boost
|-boost|p2a: Zacian|atk|1
|move|p1a: Mandibuzz|Roost|p1a: Mandibuzz
|-heal|p1a: Mandibuzz|79/100 brn
|-singleturn|p1a: Mandibuzz|move: Roost
|
|-damage|p1a: Mandibuzz|73/100 brn|[from] brn
|upkeep
|turn|26
|
|switch|p1a: Necrozma|Necrozma-Dusk-Mane|81/100 brn
|move|p2a: Zacian|Play Rough|p1a: Necrozma|[miss]
|-miss|p2a: Zacian|p1a: Necrozma
|
|-heal|p1a: Necrozma|87/100 brn|[from] item: Leftovers
|-damage|p1a: Necrozma|81/100 brn|[from] brn
|upkeep
|turn|27
|
|switch|p2a: Quagsire|Quagsire, M|85/100
|-damage|p2a: Quagsire|79/100|[from] Stealth Rock
|move|p1a: Necrozma|Thunder Wave|p2a: Quagsire
|-immune|p2a: Quagsire
|
|-heal|p1a: Necrozma|87/100 brn|[from] item: Leftovers
|-heal|p2a: Quagsire|85/100|[from] item: Leftovers
|-damage|p1a: Necrozma|81/100 brn|[from] brn
|upkeep
|turn|28
|
|move|p1a: Necrozma|Sunsteel Strike|p2a: Quagsire
|-resisted|p2a: Quagsire
|-damage|p2a: Quagsire|76/100
|move|p2a: Quagsire|Scald|p1a: Necrozma
|-damage|p1a: Necrozma|64/100 brn
|
|-heal|p1a: Necrozma|70/100 brn|[from] item: Leftovers
|-heal|p2a: Quagsire|82/100|[from] item: Leftovers
|-damage|p1a: Necrozma|64/100 brn|[from] brn
|upkeep
|turn|29
|
|move|p1a: Necrozma|Morning Sun|p1a: Necrozma
|-heal|p1a: Necrozma|100/100 brn
|move|p2a: Quagsire|Scald|p1a: Necrozma
|-damage|p1a: Necrozma|85/100 brn
|
|-heal|p1a: Necrozma|91/100 brn|[from] item: Leftovers
|-heal|p2a: Quagsire|88/100|[from] item: Leftovers
|-damage|p1a: Necrozma|85/100 brn|[from] brn
|upkeep
|turn|30
|
|switch|p1a: Ditto|Ditto|88/100
|-transform|p1a: Ditto|p2a: Quagsire|[from] ability: Imposter
|switch|p2a: Lunala|Lunala|100/100 par
|
|upkeep
|turn|31
|
|switch|p1a: Mandibuzz|Mandibuzz, F|73/100 brn
|move|p2a: Lunala|Defog|p1a: Mandibuzz
|-unboost|p1a: Mandibuzz|evasion|1
|-sideend|p2: Repecc|Stealth Rock|[from] move: Defog|[of] p2a: Lunala
|
|-damage|p1a: Mandibuzz|66/100 brn|[from] brn
|upkeep
|turn|32
|
|switch|p2a: Zacian|Zacian-Crowned|83/100
|-ability|p2a: Zacian|Intrepid Sword|boost
|-boost|p2a: Zacian|atk|1
|move|p1a: Mandibuzz|Knock Off|p2a: Zacian
|-resisted|p2a: Zacian
|-damage|p2a: Zacian|79/100
|
|-damage|p1a: Mandibuzz|60/100 brn|[from] brn
|upkeep
|turn|33
|
|switch|p1a: Necrozma|Necrozma-Dusk-Mane|85/100 brn
|move|p2a: Zacian|Play Rough|p1a: Necrozma
|-resisted|p1a: Necrozma
|-damage|p1a: Necrozma|62/100 brn
|
|-heal|p1a: Necrozma|68/100 brn|[from] item: Leftovers
|-damage|p1a: Necrozma|62/100 brn|[from] brn
|upkeep
|turn|34
|
|switch|p2a: Quagsire|Quagsire, M|88/100
|switch|p1a: Ditto|Ditto|88/100
|-transform|p1a: Ditto|p2a: Quagsire|[from] ability: Imposter
|
|-heal|p2a: Quagsire|94/100|[from] item: Leftovers
|upkeep
|turn|35
|
|move|p1a: Ditto|Toxic|p2a: Quagsire|[miss]
|-miss|p1a: Ditto|p2a: Quagsire
|move|p2a: Quagsire|Toxic|p1a: Ditto
|-status|p1a: Ditto|tox
|
|-heal|p2a: Quagsire|100/100|[from] item: Leftovers
|-damage|p1a: Ditto|82/100 tox|[from] psn
|upkeep
|turn|36
|
|switch|p1a: Mandibuzz|Mandibuzz, F|60/100 brn
|switch|p2a: Lunala|Lunala|100/100 par
|
|-damage|p1a: Mandibuzz|54/100 brn|[from] brn
|upkeep
|turn|37
|
|switch|p2a: Zacian|Zacian-Crowned|79/100
|-ability|p2a: Zacian|Intrepid Sword|boost
|-boost|p2a: Zacian|atk|1
|move|p1a: Mandibuzz|U-turn|p2a: Zacian
|-resisted|p2a: Zacian
|-damage|p2a: Zacian|78/100
|
|switch|p1a: Darmanitan|Darmanitan-Galar, M|100/100|[from]move: U-turn
|
|upkeep
|turn|38
|
|switch|p2a: Lunala|Lunala|100/100 par
|move|p1a: Darmanitan|Earthquake|p2a: Lunala
|-damage|p2a: Lunala|80/100 par
|
|upkeep
|turn|39
|
|switch|p1a: Mandibuzz|Mandibuzz, F|54/100 brn
|move|p2a: Lunala|Roost|p2a: Lunala
|-heal|p2a: Lunala|100/100 par
|-singleturn|p2a: Lunala|move: Roost
|
|-damage|p1a: Mandibuzz|48/100 brn|[from] brn
|upkeep
|turn|40
|
|switch|p2a: Zacian|Zacian-Crowned|78/100
|-ability|p2a: Zacian|Intrepid Sword|boost
|-boost|p2a: Zacian|atk|1
|move|p1a: Mandibuzz|Roost|p1a: Mandibuzz
|-heal|p1a: Mandibuzz|98/100 brn
|-singleturn|p1a: Mandibuzz|move: Roost
|
|-damage|p1a: Mandibuzz|92/100 brn|[from] brn
|upkeep
|turn|41
|
|move|p2a: Zacian|Close Combat|p1a: Mandibuzz
|-damage|p1a: Mandibuzz|48/100 brn
|-unboost|p2a: Zacian|def|1
|-unboost|p2a: Zacian|spd|1
|move|p1a: Mandibuzz|U-turn|p2a: Zacian
|-resisted|p2a: Zacian
|-damage|p2a: Zacian|76/100
|
|switch|p1a: Lunala|Lunala|100/100|[from]move: U-turn
|
|upkeep
|turn|42
|
|switch|p2a: Quagsire|Quagsire, M|100/100
|move|p1a: Lunala|Thunder Wave|p2a: Quagsire
|-immune|p2a: Quagsire
|
|upkeep
|turn|43
|
|switch|p1a: Ditto|Ditto|82/100 tox
|-transform|p1a: Ditto|p2a: Quagsire|[from] ability: Imposter
|move|p2a: Quagsire|Toxic|p1a: Ditto
|-fail|p1a: Ditto|tox
|
|-damage|p1a: Ditto|76/100 tox|[from] psn
|upkeep
|turn|44
|
|switch|p2a: Lunala|Lunala|100/100 par
|move|p1a: Ditto|Toxic||[still]
|-fail|p1a: Ditto
|
|-damage|p1a: Ditto|64/100 tox|[from] psn
|upkeep
|turn|45
|
|switch|p1a: Mandibuzz|Mandibuzz, F|48/100 brn
|switch|p2a: Zacian|Zacian-Crowned|76/100
|-ability|p2a: Zacian|Intrepid Sword|boost
|-boost|p2a: Zacian|atk|1
|
|-damage|p1a: Mandibuzz|42/100 brn|[from] brn
|upkeep
|turn|46
|
|move|p2a: Zacian|Behemoth Blade|p1a: Mandibuzz
|-damage|p1a: Mandibuzz|0 fnt
|faint|p1a: Mandibuzz
|
|upkeep
|
|switch|p1a: Ditto|Ditto|64/100 tox
|-transform|p1a: Ditto|p2a: Zacian|[from] ability: Imposter
|-ability|p1a: Ditto|Intrepid Sword|boost
|-boost|p1a: Ditto|atk|1
|turn|47
|
|switch|p2a: Quagsire|Quagsire, M|100/100
|move|p1a: Ditto|Behemoth Blade|p2a: Quagsire
|-resisted|p2a: Quagsire
|-damage|p2a: Quagsire|77/100
|
|-heal|p2a: Quagsire|83/100|[from] item: Leftovers
|-damage|p1a: Ditto|58/100 tox|[from] psn
|upkeep
|turn|48
|
|switch|p1a: Necrozma|Necrozma-Dusk-Mane|62/100 brn
|move|p2a: Quagsire|Scald|p1a: Necrozma
|-damage|p1a: Necrozma|46/100 brn
|
|-heal|p1a: Necrozma|52/100 brn|[from] item: Leftovers
|-heal|p2a: Quagsire|89/100|[from] item: Leftovers
|-damage|p1a: Necrozma|46/100 brn|[from] brn
|upkeep
|turn|49
|
|move|p1a: Necrozma|Morning Sun|p1a: Necrozma
|-heal|p1a: Necrozma|96/100 brn
|move|p2a: Quagsire|Scald|p1a: Necrozma
|-damage|p1a: Necrozma|79/100 brn
|
|-heal|p1a: Necrozma|85/100 brn|[from] item: Leftovers
|-heal|p2a: Quagsire|95/100|[from] item: Leftovers
|-damage|p1a: Necrozma|79/100 brn|[from] brn
|upkeep
|turn|50
|
|move|p1a: Necrozma|Stealth Rock|p2a: Quagsire
|-sidestart|p2: Repecc|move: Stealth Rock
|move|p2a: Quagsire|Scald|p1a: Necrozma
|-damage|p1a: Necrozma|63/100 brn
|
|-heal|p1a: Necrozma|69/100 brn|[from] item: Leftovers
|-heal|p2a: Quagsire|100/100|[from] item: Leftovers
|-damage|p1a: Necrozma|63/100 brn|[from] brn
|upkeep
|turn|51
|
|switch|p1a: Ditto|Ditto|58/100 tox
|-transform|p1a: Ditto|p2a: Quagsire|[from] ability: Imposter
|switch|p2a: Lunala|Lunala|100/100 par
|
|-damage|p1a: Ditto|52/100 tox|[from] psn
|upkeep
|turn|52
|
|move|p1a: Ditto|Recover|p1a: Ditto
|-heal|p1a: Ditto|100/100 tox
|move|p2a: Lunala|Moongeist Beam|p1a: Ditto
|-damage|p1a: Ditto|23/100 tox
|
|-damage|p1a: Ditto|11/100 tox|[from] psn
|upkeep
|turn|53
|
|switch|p1a: Eternatus|Eternatus|100/100
|-ability|p1a: Eternatus|Pressure
|move|p2a: Lunala|Defog|p1a: Eternatus
|-unboost|p1a: Eternatus|evasion|1
|-sideend|p2: Repecc|Stealth Rock|[from] move: Defog|[of] p2a: Lunala
|
|upkeep
|turn|54
|
|switch|p2a: Necrozma|Necrozma-Dusk-Mane|100/100
|move|p1a: Eternatus|Dynamax Cannon|p2a: Necrozma
|-resisted|p2a: Necrozma
|-damage|p2a: Necrozma|66/100
|
|upkeep
|turn|55
|
|switch|p1a: Necrozma|Necrozma-Dusk-Mane|63/100 brn
|move|p2a: Necrozma|Autotomize|p2a: Necrozma
|-boost|p2a: Necrozma|spe|2
|-start|p2a: Necrozma|Autotomize
|
|-heal|p1a: Necrozma|69/100 brn|[from] item: Leftovers
|-damage|p1a: Necrozma|63/100 brn|[from] brn
|upkeep
|turn|56
|
|move|p2a: Necrozma|Earthquake|p1a: Necrozma
|-supereffective|p1a: Necrozma
|-damage|p1a: Necrozma|30/100 brn
|move|p1a: Necrozma|Thunder Wave|p2a: Necrozma
|-status|p2a: Necrozma|par
|
|-heal|p1a: Necrozma|36/100 brn|[from] item: Leftovers
|-damage|p1a: Necrozma|30/100 brn|[from] brn
|upkeep
|turn|57
|
|move|p2a: Necrozma|Earthquake|p1a: Necrozma
|-supereffective|p1a: Necrozma
|-damage|p1a: Necrozma|0 fnt
|faint|p1a: Necrozma
|
|upkeep
|
|switch|p1a: Eternatus|Eternatus|100/100
|-ability|p1a: Eternatus|Pressure
|turn|58
|
|move|p1a: Eternatus|Dynamax Cannon|p2a: Necrozma
|-resisted|p2a: Necrozma
|-damage|p2a: Necrozma|29/100 par
|move|p2a: Necrozma|Photon Geyser|p1a: Eternatus
|-supereffective|p1a: Eternatus
|-damage|p1a: Eternatus|0 fnt
|faint|p1a: Eternatus
|
|upkeep
|
|switch|p1a: Darmanitan|Darmanitan-Galar, M|100/100
|turn|59
|
|move|p1a: Darmanitan|Icicle Crash|p2a: Necrozma
|-resisted|p2a: Necrozma
|-damage|p2a: Necrozma|2/100 par
|move|p2a: Necrozma|Sunsteel Strike|p1a: Darmanitan
|-supereffective|p1a: Darmanitan
|-damage|p1a: Darmanitan|0 fnt
|faint|p1a: Darmanitan
|
|upkeep
|inactive|DaDa1032 has 120 seconds left.
|c|☆DaDa1032|Yeah obviously no para no flinch
|
|switch|p1a: Lunala|Lunala|100/100
|turn|60
|inactive|DaDa1032 has 120 seconds left.
|
|move|p1a: Lunala|Psychic|p2a: Necrozma
|-resisted|p2a: Necrozma
|-damage|p2a: Necrozma|0 fnt
|faint|p2a: Necrozma
|
|upkeep
|
|switch|p2a: Marshadow|Marshadow|100/100
|turn|61
|
|move|p2a: Marshadow|Spectral Thief|p1a: Lunala
|-supereffective|p1a: Lunala
|-damage|p1a: Lunala|30/100
|move|p1a: Lunala|Thunder Wave|p2a: Marshadow
|-status|p2a: Marshadow|par
|
|upkeep
|turn|62
|
|cant|p2a: Marshadow|par
|move|p1a: Lunala|Roost|p1a: Lunala
|-heal|p1a: Lunala|80/100
|-singleturn|p1a: Lunala|move: Roost
|
|upkeep
|turn|63
|
|move|p2a: Marshadow|Shadow Sneak|p1a: Lunala
|-supereffective|p1a: Lunala
|-damage|p1a: Lunala|0 fnt
|faint|p1a: Lunala
|
|upkeep
|
|switch|p1a: Ditto|Ditto|11/100 tox
|-transform|p1a: Ditto|p2a: Marshadow|[from] ability: Imposter
|turn|64
|
|move|p1a: Ditto|Shadow Sneak|p2a: Marshadow
|-supereffective|p2a: Marshadow
|-damage|p2a: Marshadow|16/100 par
|move|p2a: Marshadow|Shadow Sneak|p1a: Ditto
|-supereffective|p1a: Ditto
|-damage|p1a: Ditto|0 fnt
|faint|p1a: Ditto
|
|win|Repecc
