|j|☆JamboreeJourney
|j|☆Magikarp4000
|t:|1606979627
|player|p1|JamboreeJourney|lady|1454
|player|p2|Magikarp4000|steven|1578
|teamsize|p1|6
|teamsize|p2|6
|gametype|singles
|gen|8
|tier|[Gen 8] Ubers
|rated|
|clearpoke
|poke|p1|Xerneas|
|poke|p1|Necrozma-Dusk-Mane|
|poke|p1|Yveltal|
|poke|p1|Palkia|
|poke|p1|Zygarde|
|poke|p1|Marshadow|
|poke|p2|Yveltal|
|poke|p2|Zacian-Crowned|
|poke|p2|Calyrex-Shadow|
|poke|p2|Zygarde|
|poke|p2|Necrozma-Dusk-Mane|
|poke|p2|Eternatus|
|rule|Sleep Clause Mod: Limit one foe put to sleep
|rule|Species Clause: Limit one of each Pokémon
|rule|OHKO Clause: OHKO moves are banned
|rule|Evasion Moves Clause: Evasion moves are banned
|rule|Endless Battle Clause: Forcing endless battles is banned
|rule|HP Percentage Mod: HP is shown in percentages
|rule|Dynamax Clause: You cannot dynamax
|teampreview
|c|☆Magikarp4000|glhf
|c|☆JamboreeJourney|gl hf
|c|☆Magikarp4000|dont feel like losing after i got haxed by someone :)
|
|t:|1606979665
|start
|switch|p1a: Yveltal|Yveltal|100/100
|switch|p2a: Zacian|Zacian-Crowned|100/100
|-ability|p2a: Zacian|Intrepid Sword|boost
|-boost|p2a: Zacian|atk|1
|-ability|p1a: Yveltal|Dark Aura
|turn|1
|
|t:|1606979673
|switch|p2a: Zygarde|Zygarde|100/100
|switch|p1a: Necrozma|Necrozma-Dusk-Mane, shiny|100/100
|
|upkeep
|turn|2
|
|t:|1606979705
|move|p2a: Zygarde|Glare|p1a: Necrozma
|-status|p1a: Necrozma|par
|move|p1a: Necrozma|Stealth Rock|p2a: Zygarde
|-sidestart|p2: Magikarp4000|move: Stealth Rock
|
|upkeep
|turn|3
|
|t:|1606979719
|move|p2a: Zygarde|Thousand Arrows|p1a: Necrozma
|-supereffective|p1a: Necrozma
|-damage|p1a: Necrozma|75/100 par
|move|p1a: Necrozma|Knock Off|p2a: Zygarde
|-damage|p2a: Zygarde|84/100
|-enditem|p2a: Zygarde|Leftovers|[from] move: Knock Off|[of] p1a: Necrozma
|
|-heal|p1a: Necrozma|81/100 par|[from] item: Leftovers
|upkeep
|turn|4
|inactive|Battle timer is ON: inactive players will automatically lose when time's up. (requested by Magikarp4000)
|
|t:|1606979741
|switch|p1a: Zygarde|Zygarde|100/100
|move|p2a: Zygarde|Glare|p1a: Zygarde
|-status|p1a: Zygarde|par
|
|upkeep
|turn|5
|inactive|Magikarp4000 has 120 seconds left.
|inactive|Magikarp4000 has 90 seconds left.
|inactive|Magikarp4000 has 60 seconds left.
|
|t:|1606979843
|switch|p2a: Eternatus|Eternatus|100/100
|-damage|p2a: Eternatus|88/100|[from] Stealth Rock
|-ability|p2a: Eternatus|Pressure
|move|p1a: Zygarde|Glare|p2a: Eternatus
|-status|p2a: Eternatus|par
|
|-heal|p2a: Eternatus|94/100 par|[from] item: Black Sludge
|upkeep
|turn|6
|inactive|JamboreeJourney has 120 seconds left.
|
|t:|1606979877
|switch|p2a: Zacian|Zacian-Crowned|100/100
|-damage|p2a: Zacian|94/100|[from] Stealth Rock
|-ability|p2a: Zacian|Intrepid Sword|boost
|-boost|p2a: Zacian|atk|1
|switch|p1a: Yveltal|Yveltal|100/100
|-ability|p1a: Yveltal|Dark Aura
|
|upkeep
|turn|7
|inactive|JamboreeJourney has 120 seconds left.
|inactive|Magikarp4000 has 60 seconds left.
|
|t:|1606979893
|switch|p1a: Necrozma|Necrozma-Dusk-Mane, shiny|81/100 par
|move|p2a: Zacian|Swords Dance|p2a: Zacian
|-boost|p2a: Zacian|atk|2
|
|-heal|p1a: Necrozma|87/100 par|[from] item: Leftovers
|upkeep
|turn|8
|
|t:|1606979901
|move|p2a: Zacian|Behemoth Blade|p1a: Necrozma
|-resisted|p1a: Necrozma
|-damage|p1a: Necrozma|41/100 par
|move|p1a: Necrozma|Sunsteel Strike|p2a: Zacian
|-damage|p2a: Zacian|51/100
|
|-heal|p1a: Necrozma|47/100 par|[from] item: Leftovers
|upkeep
|turn|9
|inactive|JamboreeJourney has 120 seconds left.
|inactive|Magikarp4000 has 60 seconds left.
|
|t:|1606979922
|move|p2a: Zacian|Close Combat|p1a: Necrozma
|-damage|p1a: Necrozma|0 fnt
|-unboost|p2a: Zacian|def|1
|-unboost|p2a: Zacian|spd|1
|faint|p1a: Necrozma
|
|upkeep
|
|t:|1606979925
|switch|p1a: Marshadow|Marshadow|100/100
|turn|10
|inactive|Magikarp4000 has 60 seconds left.
|
|t:|1606979942
|switch|p2a: Zygarde|Zygarde|84/100
|-damage|p2a: Zygarde|78/100|[from] Stealth Rock
|move|p1a: Marshadow|Shadow Sneak|p2a: Zygarde
|-damage|p2a: Zygarde|53/100
|
|upkeep
|turn|11
|inactive|JamboreeJourney has 120 seconds left.
|inactive|JamboreeJourney has 90 seconds left.
|
|t:|1606980000
|switch|p1a: Zygarde|Zygarde|100/100 par
|move|p2a: Zygarde|Glare|p1a: Zygarde
|-fail|p1a: Zygarde|par
|
|upkeep
|turn|12
|inactive|JamboreeJourney has 90 seconds left.
|
|t:|1606980013
|switch|p2a: Calyrex|Calyrex-Shadow|100/100
|-ability|p2a: Calyrex|As One
|-ability|p2a: Calyrex|Unnerve|p1: JamboreeJourney
|-damage|p2a: Calyrex|88/100|[from] Stealth Rock
|switch|p1a: Palkia|Palkia|100/100
|-ability|p1a: Palkia|Pressure
|
|upkeep
|turn|13
|
|t:|1606980018
|switch|p1a: Yveltal|Yveltal|100/100
|-ability|p1a: Yveltal|Dark Aura
|move|p2a: Calyrex|Trick|p1a: Yveltal
|-activate|p2a: Calyrex|move: Trick|[of] p1a: Yveltal
|-item|p1a: Yveltal|Choice Scarf|[from] move: Trick
|-item|p2a: Calyrex|Heavy-Duty Boots|[from] move: Trick
|
|upkeep
|turn|14
|
|t:|1606980030
|switch|p2a: Eternatus|Eternatus|94/100 par
|-damage|p2a: Eternatus|82/100 par|[from] Stealth Rock
|-ability|p2a: Eternatus|Pressure
|move|p1a: Yveltal|Foul Play|p2a: Eternatus
|-damage|p2a: Eternatus|59/100 par
|
|-heal|p2a: Eternatus|65/100 par|[from] item: Black Sludge
|upkeep
|turn|15
|inactive|Magikarp4000 has 90 seconds left.
|inactive|JamboreeJourney has 90 seconds left.
|inactive|JamboreeJourney has 60 seconds left.
|
|t:|1606980095
|switch|p1a: Xerneas|Xerneas|100/100
|-ability|p1a: Xerneas|Fairy Aura
|move|p2a: Eternatus|Toxic Spikes|p1a: Xerneas
|-sidestart|p1: JamboreeJourney|move: Toxic Spikes
|
|-heal|p2a: Eternatus|72/100 par|[from] item: Black Sludge
|upkeep
|turn|16
|inactive|Magikarp4000 has 60 seconds left.
|inactive|JamboreeJourney has 30 seconds left.
|inactive|JamboreeJourney has 20 seconds left.
|inactive|JamboreeJourney has 15 seconds left.
|inactive|JamboreeJourney has 10 seconds left.
|inactive|JamboreeJourney has 5 seconds left.
|
|t:|1606980154
|switch|p2a: Necrozma|Necrozma-Dusk-Mane|100/100
|-damage|p2a: Necrozma|94/100|[from] Stealth Rock
|move|p1a: Xerneas|Substitute|p1a: Xerneas
|-start|p1a: Xerneas|Substitute
|-damage|p1a: Xerneas|76/100
|
|upkeep
|turn|17
|inactive|JamboreeJourney has 15 seconds left this turn.
|
|t:|1606980158
|move|p1a: Xerneas|Thunder|p2a: Necrozma
|-damage|p2a: Necrozma|61/100
|move|p2a: Necrozma|Sunsteel Strike|p1a: Xerneas
|-supereffective|p1a: Xerneas
|-end|p1a: Xerneas|Substitute
|
|upkeep
|turn|18
|inactive|JamboreeJourney has 25 seconds left this turn.
|inactive|JamboreeJourney has 20 seconds left.
|
|t:|1606980163
|switch|p1a: Yveltal|Yveltal|100/100
|-ability|p1a: Yveltal|Dark Aura
|move|p2a: Necrozma|Sunsteel Strike|p1a: Yveltal
|-damage|p1a: Yveltal|64/100
|
|upkeep
|turn|19
|inactive|JamboreeJourney has 30 seconds left this turn.
|inactive|Magikarp4000 has 60 seconds left.
|
|t:|1606980172
|switch|p2a: Yveltal|Yveltal|100/100
|-ability|p2a: Yveltal|Dark Aura
|move|p1a: Yveltal|Defog|p2a: Yveltal
|-unboost|p2a: Yveltal|evasion|1
|-sideend|p2: Magikarp4000|Stealth Rock|[from] move: Defog|[of] p1a: Yveltal
|-sideend|p1: JamboreeJourney|Toxic Spikes|[from] move: Defog|[of] p1a: Yveltal
|
|upkeep
|turn|20
|inactive|JamboreeJourney has 30 seconds left.
|
|t:|1606980185
|switch|p1a: Zygarde|Zygarde|100/100 par
|move|p2a: Yveltal|Toxic||[still]
|-fail|p2a: Yveltal
|
|upkeep
|turn|21
|
|t:|1606980198
|switch|p1a: Palkia|Palkia|100/100
|-ability|p1a: Palkia|Pressure
|move|p2a: Yveltal|Foul Play|p1a: Palkia
|-damage|p1a: Palkia|58/100
|
|-heal|p1a: Palkia|64/100|[from] item: Leftovers
|upkeep
|turn|22
|
|t:|1606980206
|move|p1a: Palkia|Thunder|p2a: Yveltal
|-supereffective|p2a: Yveltal
|-damage|p2a: Yveltal|51/100
|move|p2a: Yveltal|Foul Play|p1a: Palkia
|-damage|p1a: Palkia|23/100
|
|-heal|p1a: Palkia|29/100|[from] item: Leftovers
|upkeep
|turn|23
|
|t:|1606980220
|switch|p1a: Zygarde|Zygarde|100/100 par
|move|p2a: Yveltal|Sucker Punch||[still]
|-fail|p2a: Yveltal
|
|upkeep
|turn|24
|inactive|JamboreeJourney has 30 seconds left.
|
|t:|1606980244
|switch|p2a: Zygarde|Zygarde|53/100
|move|p1a: Zygarde|Glare|p2a: Zygarde
|-status|p2a: Zygarde|par
|
|upkeep
|turn|25
|inactive|Magikarp4000 has 90 seconds left.
|
|t:|1606980269
|move|p1a: Zygarde|Coil|p1a: Zygarde
|-boost|p1a: Zygarde|atk|1
|-boost|p1a: Zygarde|def|1
|-boost|p1a: Zygarde|accuracy|1
|move|p2a: Zygarde|Thousand Arrows|p1a: Zygarde
|-damage|p1a: Zygarde|88/100 par
|
|-heal|p1a: Zygarde|95/100 par|[from] item: Leftovers
|upkeep
|turn|26
|inactive|JamboreeJourney has 30 seconds left.
|
|t:|1606980285
|switch|p1a: Palkia|Palkia|29/100
|-ability|p1a: Palkia|Pressure
|move|p2a: Zygarde|Haze|p2a: Zygarde
|-clearallboost
|
|-heal|p1a: Palkia|35/100|[from] item: Leftovers
|upkeep
|turn|27
|inactive|JamboreeJourney has 30 seconds left.
|inactive|Magikarp4000 has 90 seconds left.
|
|t:|1606980304
|switch|p2a: Zacian|Zacian-Crowned|51/100
|-ability|p2a: Zacian|Intrepid Sword|boost
|-boost|p2a: Zacian|atk|1
|move|p1a: Palkia|Spacial Rend|p2a: Zacian
|-immune|p2a: Zacian
|
|-heal|p1a: Palkia|42/100|[from] item: Leftovers
|upkeep
|turn|28
|
|t:|1606980311
|switch|p1a: Zygarde|Zygarde|95/100 par
|move|p2a: Zacian|Play Rough|p1a: Zygarde
|-supereffective|p1a: Zygarde
|-damage|p1a: Zygarde|1/100 par
|
|-heal|p1a: Zygarde|7/100 par|[from] item: Leftovers
|-activate|p1a: Zygarde|ability: Power Construct
|detailschange|p1a: Zygarde|Zygarde-Complete
|-heal|p1a: Zygarde|39/100 par|[silent]
|upkeep
|turn|29
|
|t:|1606980322
|switch|p1a: Palkia|Palkia|42/100
|-ability|p1a: Palkia|Pressure
|move|p2a: Zacian|Play Rough|p1a: Palkia
|-supereffective|p1a: Palkia
|-damage|p1a: Palkia|0 fnt
|faint|p1a: Palkia
|
|upkeep
|inactive|JamboreeJourney has 30 seconds left.
|
|t:|1606980338
|switch|p1a: Marshadow|Marshadow|100/100
|turn|30
|
|t:|1606980342
|switch|p2a: Zygarde|Zygarde|53/100 par
|move|p1a: Marshadow|Shadow Sneak|p2a: Zygarde
|-damage|p2a: Zygarde|31/100 par
|
|-activate|p2a: Zygarde|ability: Power Construct
|detailschange|p2a: Zygarde|Zygarde-Complete
|-heal|p2a: Zygarde|55/100 par|[silent]
|upkeep
|turn|31
|inactive|JamboreeJourney has 30 seconds left.
|inactive|JamboreeJourney has 20 seconds left.
|inactive|JamboreeJourney has 15 seconds left.
|
|t:|1606980372
|switch|p1a: Zygarde|Zygarde-Complete|39/100 par
|move|p2a: Zygarde|Rest|p2a: Zygarde
|-status|p2a: Zygarde|slp|[from] move: Rest
|-heal|p2a: Zygarde|100/100 slp|[silent]
|
|-heal|p1a: Zygarde|45/100 par|[from] item: Leftovers
|upkeep
|turn|32
|inactive|JamboreeJourney has 25 seconds left this turn.
|
|t:|1606980384
|switch|p2a: Calyrex|Calyrex-Shadow|88/100
|-ability|p2a: Calyrex|As One
|-ability|p2a: Calyrex|Unnerve|p1: JamboreeJourney
|move|p1a: Zygarde|Coil|p1a: Zygarde
|-boost|p1a: Zygarde|atk|1
|-boost|p1a: Zygarde|def|1
|-boost|p1a: Zygarde|accuracy|1
|
|-heal|p1a: Zygarde|51/100 par|[from] item: Leftovers
|upkeep
|turn|33
|
|t:|1606980393
|switch|p1a: Yveltal|Yveltal|64/100
|-ability|p1a: Yveltal|Dark Aura
|move|p2a: Calyrex|Aromatherapy|p2a: Calyrex
|-activate|p2a: Calyrex|move: Aromatherapy
|-curestatus|p2: Zygarde|slp|[msg]
|-curestatus|p2: Eternatus|par|[msg]
|
|upkeep
|turn|34
|
|t:|1606980406
|switch|p2a: Eternatus|Eternatus|72/100
|-ability|p2a: Eternatus|Pressure
|move|p1a: Yveltal|Knock Off|p2a: Eternatus
|-damage|p2a: Eternatus|33/100
|-enditem|p2a: Eternatus|Black Sludge|[from] move: Knock Off|[of] p1a: Yveltal
|
|upkeep
|turn|35
|
|t:|1606980414
|switch|p1a: Xerneas|Xerneas|76/100
|-ability|p1a: Xerneas|Fairy Aura
|move|p2a: Eternatus|Recover|p2a: Eternatus
|-heal|p2a: Eternatus|83/100
|
|upkeep
|turn|36
|
|t:|1606980419
|switch|p2a: Necrozma|Necrozma-Dusk-Mane|61/100
|move|p1a: Xerneas|Geomancy||[still]
|-prepare|p1a: Xerneas|Geomancy
|-enditem|p1a: Xerneas|Power Herb
|-anim|p1a: Xerneas|Geomancy|p1a: Xerneas
|-boost|p1a: Xerneas|spa|2
|-boost|p1a: Xerneas|spd|2
|-boost|p1a: Xerneas|spe|2
|
|upkeep
|turn|37
|
|t:|1606980423
|move|p1a: Xerneas|Thunder|p2a: Necrozma
|-damage|p2a: Necrozma|0 fnt
|faint|p2a: Necrozma
|
|upkeep
|j| 70to90gxe
|
|t:|1606980434
|switch|p2a: Zacian|Zacian-Crowned|51/100
|-ability|p2a: Zacian|Intrepid Sword|boost
|-boost|p2a: Zacian|atk|1
|turn|38
|c|☆Magikarp4000|miss
|inactive|JamboreeJourney has 60 seconds left.
|
|t:|1606980449
|move|p1a: Xerneas|Moonblast|p2a: Zacian
|-resisted|p2a: Zacian
|-damage|p2a: Zacian|0 fnt
|faint|p2a: Zacian
|
|upkeep
|c|☆Magikarp4000|o right normal resist
|c|☆Magikarp4000|ance
|
|t:|1606980465
|switch|p2a: Eternatus|Eternatus|83/100
|-ability|p2a: Eternatus|Pressure
|turn|39
|
|t:|1606980467
|move|p1a: Xerneas|Moonblast|p2a: Eternatus
|-damage|p2a: Eternatus|8/100
|move|p2a: Eternatus|Flamethrower|p1a: Xerneas
|-damage|p1a: Xerneas|63/100
|
|upkeep
|turn|40
|
|t:|1606980471
|move|p1a: Xerneas|Moonblast|p2a: Eternatus
|-damage|p2a: Eternatus|0 fnt
|faint|p2a: Eternatus
|
|upkeep
|c|☆Magikarp4000|ggwp
|c|☆JamboreeJourney|gg wp
|
|t:|1606980481
|switch|p2a: Calyrex|Calyrex-Shadow|88/100
|-ability|p2a: Calyrex|As One
|-ability|p2a: Calyrex|Unnerve|p1: JamboreeJourney
|turn|41
|
|t:|1606980485
|move|p1a: Xerneas|Moonblast|p2a: Calyrex
|-damage|p2a: Calyrex|0 fnt
|faint|p2a: Calyrex
|
|upkeep
|-message|Magikarp4000 forfeited.
|
|win|JamboreeJourney
|raw|JamboreeJourney's rating: 1454 &rarr; <strong>1482</strong><br />(+28 for winning)
|raw|Magikarp4000's rating: 1591 &rarr; <strong>1564</strong><br />(-27 for losing)
|l| 70to90gxe
