|j|☆Peenington
|j|☆64noras
|player|p1|Peenington|brycen|1577
|player|p2|64noras|kahili|1574
|teamsize|p1|6
|teamsize|p2|6
|gametype|singles
|gen|8
|tier|[Gen 8] Ubers
|rated|
|clearpoke
|poke|p1|Magnezone|
|poke|p1|Lunala|
|poke|p1|Zacian-Crowned|
|poke|p1|Kommo-o, M|
|poke|p1|Tyranitar, F|
|poke|p1|Excadrill, M|
|poke|p2|Pelipper, F|
|poke|p2|Poliwrath, M|
|poke|p2|Dugtrio, M|
|poke|p2|Blissey, F|
|poke|p2|Dracovish|
|poke|p2|Zacian-Crowned|
|rule|Sleep Clause Mod: Limit one foe put to sleep
|rule|Species Clause: Limit one of each Pokémon
|rule|OHKO Clause: OHKO moves are banned
|rule|Evasion Moves Clause: Evasion moves are banned
|rule|Endless Battle Clause: Forcing endless battles is banned
|rule|HP Percentage Mod: HP is shown in percentages
|html|Ubers Dynamax Clause: Pokémon on the <a href="https://www.smogon.com/dex/ss/formats/uber/">Ubers Dynamax Banlist</a> cannot Dynamax.
|teampreview
|j| njuytrdx
|inactive|Battle timer is ON: inactive players will automatically lose when time's up. (requested by 64noras)
|
|start
|switch|p1a: Magnezone|Magnezone|100/100
|switch|p2a: Dugtrio|Dugtrio, M|100/100
|turn|1
|
|move|p2a: Dugtrio|Earthquake|p1a: Magnezone
|-supereffective|p1a: Magnezone
|-damage|p1a: Magnezone|0 fnt
|faint|p1a: Magnezone
|
|upkeep
|
|switch|p1a: Kommo-o|Kommo-o, M|100/100
|turn|2
|
|switch|p2a: Pelipper|Pelipper, F|100/100
|-weather|RainDance|[from] ability: Drizzle|[of] p2a: Pelipper
|move|p1a: Kommo-o|Iron Defense|p1a: Kommo-o
|-boost|p1a: Kommo-o|def|2
|
|-weather|RainDance|[upkeep]
|upkeep
|turn|3
|
|move|p2a: Pelipper|U-turn|p1a: Kommo-o
|-resisted|p1a: Kommo-o
|-damage|p1a: Kommo-o|99/100
|-damage|p2a: Pelipper|84/100|[from] item: Rocky Helmet|[of] p1a: Kommo-o
|
|switch|p2a: Zacian|Zacian-Crowned|100/100|[from]move: U-turn
|-ability|p2a: Zacian|Intrepid Sword|boost
|-boost|p2a: Zacian|atk|1
|move|p1a: Kommo-o|Dragon Tail|p2a: Zacian
|-immune|p2a: Zacian
|
|-weather|RainDance|[upkeep]
|upkeep
|turn|4
|
|switch|p2a: Pelipper|Pelipper, F|84/100
|switch|p1a: Tyranitar|Tyranitar, F|100/100
|-weather|Sandstorm|[from] ability: Sand Stream|[of] p1a: Tyranitar
|
|-weather|Sandstorm|[upkeep]
|-damage|p2a: Pelipper|78/100|[from] Sandstorm
|upkeep
|turn|5
|
|move|p1a: Tyranitar|Toxic|p2a: Pelipper
|-status|p2a: Pelipper|tox
|move|p2a: Pelipper|U-turn|p1a: Tyranitar
|-supereffective|p1a: Tyranitar
|-damage|p1a: Tyranitar|87/100
|
|switch|p2a: Poliwrath|Poliwrath, M|100/100|[from]move: U-turn
|
|-weather|Sandstorm|[upkeep]
|-damage|p2a: Poliwrath|94/100|[from] Sandstorm
|upkeep
|turn|6
|
|move|p2a: Poliwrath|Close Combat|p1a: Tyranitar
|-supereffective|p1a: Tyranitar
|-enditem|p1a: Tyranitar|Chople Berry|[eat]
|-enditem|p1a: Tyranitar|Chople Berry|[weaken]
|-damage|p1a: Tyranitar|0 fnt
|-unboost|p2a: Poliwrath|def|1
|-unboost|p2a: Poliwrath|spd|1
|faint|p1a: Tyranitar
|
|-weather|Sandstorm|[upkeep]
|-damage|p2a: Poliwrath|88/100|[from] Sandstorm
|upkeep
|
|switch|p1a: Excadrill|Excadrill, M|100/100
|turn|7
|
|switch|p2a: Pelipper|Pelipper, F|78/100 tox
|-weather|RainDance|[from] ability: Drizzle|[of] p2a: Pelipper
|move|p1a: Excadrill|Earthquake|p2a: Pelipper
|-immune|p2a: Pelipper
|
|-weather|RainDance|[upkeep]
|-damage|p2a: Pelipper|71/100 tox|[from] psn
|upkeep
|turn|8
|
|-start|p1a: Excadrill|Dynamax
|-heal|p1a: Excadrill|100/100|[silent]
|move|p1a: Excadrill|Max Rockfall|p2a: Pelipper
|-supereffective|p2a: Pelipper
|-damage|p2a: Pelipper|0 fnt
|-weather|Sandstorm
|faint|p2a: Pelipper
|
|-weather|Sandstorm|[upkeep]
|upkeep
|
|switch|p2a: Poliwrath|Poliwrath, M|88/100
|turn|9
|
|-start|p2a: Poliwrath|Dynamax
|-heal|p2a: Poliwrath|88/100|[silent]
|move|p2a: Poliwrath|Max Guard|p2a: Poliwrath
|-singleturn|p2a: Poliwrath|Max Guard
|move|p1a: Excadrill|Max Quake|p2a: Poliwrath
|-activate|p2a: Poliwrath|move: Max Guard
|
|-weather|Sandstorm|[upkeep]
|-damage|p2a: Poliwrath|85/100|[from] Sandstorm
|upkeep
|turn|10
|
|move|p1a: Excadrill|Max Quake|p2a: Poliwrath
|-damage|p2a: Poliwrath|46/100
|-boost|p1a: Excadrill|spd|1
|-enditem|p2a: Poliwrath|Sitrus Berry|[eat]
|-heal|p2a: Poliwrath|59/100|[from] item: Sitrus Berry
|move|p2a: Poliwrath|Max Geyser|p1a: Excadrill
|-supereffective|p1a: Excadrill
|-damage|p1a: Excadrill|20/100
|-weather|RainDance
|
|-weather|RainDance|[upkeep]
|-end|p1a: Excadrill|Dynamax
|-heal|p1a: Excadrill|20/100|[silent]
|upkeep
|turn|11
|
|move|p2a: Poliwrath|Max Knuckle|p1a: Excadrill
|-supereffective|p1a: Excadrill
|-crit|p1a: Excadrill
|-damage|p1a: Excadrill|0 fnt
|-boost|p2a: Poliwrath|atk|1
|faint|p1a: Excadrill
|
|-weather|RainDance|[upkeep]
|-end|p2a: Poliwrath|Dynamax
|-heal|p2a: Poliwrath|59/100|[silent]
|upkeep
|
|switch|p1a: Kommo-o|Kommo-o, M|99/100
|turn|12
|
|move|p2a: Poliwrath|Toxic|p1a: Kommo-o
|-status|p1a: Kommo-o|tox
|move|p1a: Kommo-o|Body Press|p2a: Poliwrath
|-damage|p2a: Poliwrath|9/100
|
|-weather|RainDance|[upkeep]
|-damage|p1a: Kommo-o|93/100 tox|[from] psn
|upkeep
|turn|13
|
|move|p2a: Poliwrath|Close Combat|p1a: Kommo-o
|-damage|p1a: Kommo-o|38/100 tox
|-unboost|p2a: Poliwrath|def|1
|-unboost|p2a: Poliwrath|spd|1
|-damage|p2a: Poliwrath|0 fnt|[from] item: Rocky Helmet|[of] p1a: Kommo-o
|faint|p2a: Poliwrath
|move|p1a: Kommo-o|Body Press|p2: Poliwrath|[notarget]
|-fail|p1a: Kommo-o
|
|-weather|RainDance|[upkeep]
|-damage|p1a: Kommo-o|26/100 tox|[from] psn
|upkeep
|
|switch|p2a: Dugtrio|Dugtrio, M|100/100
|turn|14
|
|move|p2a: Dugtrio|Earthquake|p1a: Kommo-o
|-damage|p1a: Kommo-o|0 fnt
|faint|p1a: Kommo-o
|
|-weather|none
|upkeep
|inactive|Peenington has 120 seconds left.
|
|switch|p1a: Lunala|Lunala|100/100
|turn|15
|inactive|Peenington has 120 seconds left.
|
|switch|p2a: Blissey|Blissey, F|100/100
|move|p1a: Lunala|Calm Mind|p1a: Lunala
|-boost|p1a: Lunala|spa|1
|-boost|p1a: Lunala|spd|1
|
|upkeep
|turn|16
|
|move|p1a: Lunala|Calm Mind|p1a: Lunala
|-boost|p1a: Lunala|spa|1
|-boost|p1a: Lunala|spd|1
|move|p2a: Blissey|Toxic|p1a: Lunala
|-status|p1a: Lunala|tox
|
|-damage|p1a: Lunala|94/100 tox|[from] psn
|upkeep
|turn|17
|
|move|p1a: Lunala|Psyshock|p2a: Blissey
|-damage|p2a: Blissey|29/100
|move|p2a: Blissey|Teleport|p2a: Blissey
|
|switch|p2a: Zacian|Zacian-Crowned|100/100|[from]move: Teleport
|-ability|p2a: Zacian|Intrepid Sword|boost
|-boost|p2a: Zacian|atk|1
|
|-heal|p1a: Lunala|100/100 tox|[from] item: Leftovers
|-damage|p1a: Lunala|88/100 tox|[from] psn
|upkeep
|turn|18
|
|switch|p2a: Blissey|Blissey, F|29/100
|move|p1a: Lunala|Moongeist Beam|p2a: Blissey
|-immune|p2a: Blissey
|
|-heal|p1a: Lunala|94/100 tox|[from] item: Leftovers
|-damage|p1a: Lunala|76/100 tox|[from] psn
|upkeep
|turn|19
|
|move|p1a: Lunala|Psyshock|p2a: Blissey
|-damage|p2a: Blissey|0 fnt
|faint|p2a: Blissey
|
|-heal|p1a: Lunala|82/100 tox|[from] item: Leftovers
|-damage|p1a: Lunala|58/100 tox|[from] psn
|upkeep
|
|switch|p2a: Zacian|Zacian-Crowned|100/100
|-ability|p2a: Zacian|Intrepid Sword|boost
|-boost|p2a: Zacian|atk|1
|turn|20
|
|move|p2a: Zacian|Behemoth Blade|p1a: Lunala
|-damage|p1a: Lunala|0 fnt
|faint|p1a: Lunala
|
|upkeep
|
|switch|p1a: Zacian|Zacian-Crowned|100/100
|-ability|p1a: Zacian|Intrepid Sword|boost
|-boost|p1a: Zacian|atk|1
|turn|21
|
|move|p1a: Zacian|Behemoth Blade|p2a: Zacian
|-damage|p2a: Zacian|15/100
|move|p2a: Zacian|Behemoth Blade|p1a: Zacian
|-damage|p1a: Zacian|8/100
|
|upkeep
|turn|22
|c|☆64noras|gg
|
|move|p1a: Zacian|Psychic Fangs|p2a: Zacian
|-resisted|p2a: Zacian
|-damage|p2a: Zacian|0 fnt
|faint|p2a: Zacian
|
|upkeep
|
|switch|p2a: Dugtrio|Dugtrio, M|100/100
|turn|23
|
|move|p2a: Dugtrio|Earthquake|p1a: Zacian
|-supereffective|p1a: Zacian
|-damage|p1a: Zacian|0 fnt
|faint|p1a: Zacian
|
|win|64noras
|l| njuytrdx
|l|☆Peenington
||Ladder (probably) updated, but score could not be retrieved (Request timeout).
