|j|☆Fluitzzerg
|j|☆Ryriss
|t:|1645388684
|gametype|singles
|player|p1|Fluitzzerg|beauty-gen5bw2|1299
|player|p2|Ryriss|hilbert|1404
|teamsize|p1|6
|teamsize|p2|6
|gen|8
|tier|[Gen 8] Ubers
|rated|
|rule|Sleep Clause Mod: Limit one foe put to sleep
|rule|Species Clause: Limit one of each Pokémon
|rule|OHKO Clause: OHKO moves are banned
|rule|Evasion Moves Clause: Evasion moves are banned
|rule|Endless Battle Clause: Forcing endless battles is banned
|rule|HP Percentage Mod: HP is shown in percentages
|rule|Dynamax Clause: You cannot dynamax
|clearpoke
|poke|p1|Magearna|
|poke|p1|Necrozma-Dusk-Mane|
|poke|p1|Calyrex-Ice|
|poke|p1|Pheromosa|
|poke|p1|Tapu Lele|
|poke|p1|Dracovish|
|poke|p2|Giratina-Origin|
|poke|p2|Zekrom|
|poke|p2|Necrozma-Dusk-Mane|
|poke|p2|Kyurem-Black|
|poke|p2|Lugia|
|poke|p2|Yveltal|
|teampreview
|inactive|Battle timer is ON: inactive players will automatically lose when time's up. (requested by Ryriss)
|
|t:|1645388688
|start
|switch|p1a: Necrozma|Necrozma-Dusk-Mane|100/100
|switch|p2a: Lugia|Lugia|100/100
|-ability|p2a: Lugia|Pressure
|turn|1
|
|t:|1645388716
|move|p2a: Lugia|Reflect|p2a: Lugia
|-sidestart|p2: Ryriss|Reflect
|move|p1a: Necrozma|Stealth Rock|p2a: Lugia
|-sidestart|p2: Ryriss|move: Stealth Rock
|
|upkeep
|turn|2
|
|t:|1645388727
|switch|p1a: Magearna|Magearna|100/100
|move|p2a: Lugia|Light Screen|p2a: Lugia
|-sidestart|p2: Ryriss|move: Light Screen
|
|upkeep
|turn|3
|
|t:|1645388733
|move|p2a: Lugia|Thunder Wave|p1a: Magearna
|-status|p1a: Magearna|par
|cant|p1a: Magearna|par
|
|upkeep
|turn|4
|
|t:|1645388741
|switch|p2a: Necrozma|Necrozma-Dusk-Mane|100/100
|cant|p1a: Magearna|par
|
|upkeep
|turn|5
|
|t:|1645388747
|move|p2a: Necrozma|Swords Dance|p2a: Necrozma
|-boost|p2a: Necrozma|atk|2
|move|p1a: Magearna|Volt Switch|p2a: Necrozma
|-damage|p2a: Necrozma|94/100
|
|t:|1645388751
|switch|p1a: Necrozma|Necrozma-Dusk-Mane|100/100|[from]move: Volt Switch
|
|upkeep
|turn|6
|
|t:|1645388759
|move|p2a: Necrozma|Sunsteel Strike|p1a: Necrozma
|-resisted|p1a: Necrozma
|-damage|p1a: Necrozma|73/100
|move|p1a: Necrozma|Sunsteel Strike|p2a: Necrozma
|-resisted|p2a: Necrozma
|-damage|p2a: Necrozma|86/100
|
|-heal|p1a: Necrozma|79/100|[from] item: Leftovers
|upkeep
|turn|7
|
|t:|1645388770
|move|p2a: Necrozma|Swords Dance|p2a: Necrozma
|-boost|p2a: Necrozma|atk|2
|move|p1a: Necrozma|Morning Sun|p1a: Necrozma
|-heal|p1a: Necrozma|100/100
|
|upkeep
|turn|8
|
|t:|1645388777
|move|p2a: Necrozma|Swords Dance|p2a: Necrozma
|-boost|p2a: Necrozma|atk|2
|move|p1a: Necrozma|Trick Room|p1a: Necrozma
|-fieldstart|move: Trick Room|[of] p1a: Necrozma
|
|-sideend|p2: Ryriss|Reflect
|upkeep
|turn|9
|
|t:|1645388783
|move|p1a: Necrozma|Sunsteel Strike|p2a: Necrozma
|-resisted|p2a: Necrozma
|-damage|p2a: Necrozma|68/100
|move|p2a: Necrozma|Sunsteel Strike|p1a: Necrozma
|-resisted|p1a: Necrozma
|-damage|p1a: Necrozma|41/100
|
|-heal|p1a: Necrozma|47/100|[from] item: Leftovers
|-sideend|p2: Ryriss|move: Light Screen
|upkeep
|turn|10
|
|t:|1645388795
|move|p1a: Necrozma|Sunsteel Strike|p2a: Necrozma
|-resisted|p2a: Necrozma
|-damage|p2a: Necrozma|50/100
|move|p2a: Necrozma|Morning Sun|p2a: Necrozma
|-heal|p2a: Necrozma|99/100
|
|-heal|p1a: Necrozma|54/100|[from] item: Leftovers
|upkeep
|turn|11
|
|t:|1645388805
|move|p1a: Necrozma|Sunsteel Strike|p2a: Necrozma
|-resisted|p2a: Necrozma
|-damage|p2a: Necrozma|81/100
|move|p2a: Necrozma|Sunsteel Strike|p1a: Necrozma
|-resisted|p1a: Necrozma
|-damage|p1a: Necrozma|0 fnt
|faint|p1a: Necrozma
|
|upkeep
|
|t:|1645388807
|switch|p1a: Dracovish|Dracovish|100/100
|turn|12
|
|t:|1645388817
|move|p1a: Dracovish|Fishious Rend|p2a: Necrozma
|-crit|p2a: Necrozma
|-damage|p2a: Necrozma|0 fnt
|faint|p2a: Necrozma
|
|-fieldend|move: Trick Room
|upkeep
|
|t:|1645388823
|switch|p2a: Lugia|Lugia|100/100
|-damage|p2a: Lugia|75/100|[from] Stealth Rock
|-ability|p2a: Lugia|Pressure
|turn|13
|
|t:|1645388828
|switch|p1a: Magearna|Magearna|100/100 par
|move|p2a: Lugia|Reflect|p2a: Lugia
|-sidestart|p2: Ryriss|Reflect
|
|upkeep
|turn|14
|
|t:|1645388833
|move|p2a: Lugia|Light Screen|p2a: Lugia
|-sidestart|p2: Ryriss|move: Light Screen
|move|p1a: Magearna|Trick Room|p1a: Magearna
|-fieldstart|move: Trick Room|[of] p1a: Magearna
|
|upkeep
|turn|15
|
|t:|1645388838
|move|p1a: Magearna|Volt Switch|p2a: Lugia
|-supereffective|p2a: Lugia
|-damage|p2a: Lugia|61/100
|
|t:|1645388840
|switch|p1a: Calyrex|Calyrex-Ice|100/100|[from]move: Volt Switch
|-ability|p1a: Calyrex|As One
|-ability|p1a: Calyrex|Unnerve
|move|p2a: Lugia|Safeguard|p2a: Lugia
|-sidestart|p2: Ryriss|Safeguard
|
|upkeep
|turn|16
|
|t:|1645388849
|move|p1a: Calyrex|Glacial Lance|p2a: Lugia
|-supereffective|p2a: Lugia
|-damage|p2a: Lugia|4/100
|move|p2a: Lugia|Thunder Wave|p1a: Calyrex
|-status|p1a: Calyrex|par
|
|upkeep
|turn|17
|
|t:|1645388858
|cant|p1a: Calyrex|par
|move|p2a: Lugia|Reflect||[still]
|-fail|p2a: Lugia
|
|upkeep
|turn|18
|
|t:|1645388864
|cant|p1a: Calyrex|par
|move|p2a: Lugia|Reflect||[still]
|-fail|p2a: Lugia
|
|-fieldend|move: Trick Room
|upkeep
|turn|19
|
|t:|1645388870
|move|p2a: Lugia|Reflect||[still]
|-fail|p2a: Lugia
|cant|p1a: Calyrex|par
|
|-sideend|p2: Ryriss|Safeguard
|upkeep
|turn|20
|
|t:|1645388876
|move|p2a: Lugia|Safeguard|p2a: Lugia
|-sidestart|p2: Ryriss|Safeguard
|cant|p1a: Calyrex|par
|
|-sideend|p2: Ryriss|Reflect
|upkeep
|turn|21
|c|☆Fluitzzerg|L
|c|☆Fluitzzerg|O
|c|☆Fluitzzerg|L
|
|t:|1645388884
|move|p2a: Lugia|Reflect|p2a: Lugia
|-sidestart|p2: Ryriss|Reflect
|move|p1a: Calyrex|Trick Room|p1a: Calyrex
|-fieldstart|move: Trick Room|[of] p1a: Calyrex
|
|-sideend|p2: Ryriss|move: Light Screen
|upkeep
|turn|22
|
|t:|1645388889
|move|p1a: Calyrex|Zen Headbutt|p2a: Lugia|[miss]
|-miss|p1a: Calyrex|p2a: Lugia
|move|p2a: Lugia|Light Screen|p2a: Lugia
|-sidestart|p2: Ryriss|move: Light Screen
|
|upkeep
|turn|23
|
|t:|1645388894
|cant|p1a: Calyrex|par
|move|p2a: Lugia|Thunder Wave|p1a: Calyrex|[miss]
|-miss|p2a: Lugia|p1a: Calyrex
|
|upkeep
|turn|24
|
|t:|1645388904
|switch|p2a: Yveltal|Yveltal|100/100
|-damage|p2a: Yveltal|76/100|[from] Stealth Rock
|-ability|p2a: Yveltal|Dark Aura
|cant|p1a: Calyrex|par
|
|-sideend|p2: Ryriss|Safeguard
|upkeep
|turn|25
|
|t:|1645388913
|move|p1a: Calyrex|Glacial Lance|p2a: Yveltal
|-supereffective|p2a: Yveltal
|-damage|p2a: Yveltal|0 fnt
|faint|p2a: Yveltal
|-ability|p1a: Calyrex|Chilling Neigh|boost
|-boost|p1a: Calyrex|atk|1
|
|-fieldend|move: Trick Room
|upkeep
|
|t:|1645388921
|switch|p2a: Giratina|Giratina-Origin|100/100
|-damage|p2a: Giratina|88/100|[from] Stealth Rock
|turn|26
|
|t:|1645388926
|move|p2a: Giratina|Poltergeist|p1a: Calyrex
|-activate|p1a: Calyrex|move: Poltergeist|Weakness Policy
|-supereffective|p1a: Calyrex
|-damage|p1a: Calyrex|21/100 par
|-enditem|p1a: Calyrex|Weakness Policy
|-boost|p1a: Calyrex|atk|2|[from] item: Weakness Policy
|-boost|p1a: Calyrex|spa|2|[from] item: Weakness Policy
|move|p1a: Calyrex|Trick Room|p1a: Calyrex
|-fieldstart|move: Trick Room|[of] p1a: Calyrex
|
|upkeep
|turn|27
|
|t:|1645388935
|move|p2a: Giratina|Shadow Sneak|p1a: Calyrex
|-supereffective|p1a: Calyrex
|-damage|p1a: Calyrex|0 fnt
|faint|p1a: Calyrex
|
|upkeep
|
|t:|1645388938
|switch|p1a: Tapu Lele|Tapu Lele|100/100
|-fieldstart|move: Psychic Terrain|[from] ability: Psychic Surge|[of] p1a: Tapu Lele
|turn|28
|
|t:|1645388944
|move|p2a: Giratina|Poltergeist|p1a: Tapu Lele
|-activate|p1a: Tapu Lele|move: Poltergeist|Terrain Extender
|-supereffective|p1a: Tapu Lele
|-damage|p1a: Tapu Lele|0 fnt
|faint|p1a: Tapu Lele
|
|-sideend|p2: Ryriss|Reflect
|upkeep
|
|t:|1645388948
|switch|p1a: Dracovish|Dracovish|100/100
|turn|29
|
|t:|1645388955
|move|p1a: Dracovish|Outrage|p2a: Giratina
|-supereffective|p2a: Giratina
|-damage|p2a: Giratina|0 fnt
|faint|p2a: Giratina
|
|-sideend|p2: Ryriss|move: Light Screen
|upkeep
|
|t:|1645388962
|switch|p2a: Lugia|Lugia|4/100
|-damage|p2a: Lugia|0 fnt|[from] Stealth Rock
|faint|p2a: Lugia
|
|t:|1645388967
|switch|p2a: Zekrom|Zekrom|100/100
|-ability|p2a: Zekrom|Teravolt
|turn|30
|
|t:|1645388972
|move|p1a: Dracovish|Outrage|p2a: Zekrom|[from]lockedmove
|-supereffective|p2a: Zekrom
|-damage|p2a: Zekrom|0 fnt
|faint|p2a: Zekrom
|
|-fieldend|move: Trick Room
|upkeep
|
|t:|1645388978
|switch|p2a: Kyurem|Kyurem-Black|100/100
|-ability|p2a: Kyurem|Teravolt
|turn|31
|
|t:|1645388983
|move|p2a: Kyurem|Dragon Claw|p1a: Dracovish
|-supereffective|p1a: Dracovish
|-damage|p1a: Dracovish|11/100
|move|p1a: Dracovish|Outrage|p2a: Kyurem|[from]lockedmove
|-supereffective|p2a: Kyurem
|-damage|p2a: Kyurem|0 fnt
|faint|p2a: Kyurem
|-start|p1a: Dracovish|confusion|[fatigue]
|
|win|Fluitzzerg
|raw|Fluitzzerg's rating: 1299 &rarr; <strong>1331</strong><br />(+32 for winning)
|raw|Ryriss's rating: 1404 &rarr; <strong>1378</strong><br />(-26 for losing)
|l|☆Ryriss
