|raw|<div class="broadcast-blue"><strong>This battle is required to be public due to a player having a name starting with 'ULT8RQ'.</div>
|j|☆ULT8RQ Crad
|j|☆Research Club
|t:|1620912565
|gametype|singles
|player|p1|ULT8RQ Crad|cheryl|1570
|player|p2|Research Club|unknownf|1523
|teamsize|p1|6
|teamsize|p2|6
|gen|8
|tier|[Gen 8] Ubers
|rated|
|rule|Sleep Clause Mod: Limit one foe put to sleep
|rule|Species Clause: Limit one of each Pokémon
|rule|OHKO Clause: OHKO moves are banned
|rule|Evasion Moves Clause: Evasion moves are banned
|rule|Endless Battle Clause: Forcing endless battles is banned
|rule|HP Percentage Mod: HP is shown in percentages
|rule|Dynamax Clause: You cannot dynamax
|clearpoke
|poke|p1|Aerodactyl, F|
|poke|p1|Yveltal|
|poke|p1|Xerneas-*|
|poke|p1|Calyrex-Shadow|
|poke|p1|Marshadow|
|poke|p1|Eternatus|
|poke|p2|Yveltal|
|poke|p2|Shuckle, M|
|poke|p2|Zygarde|
|poke|p2|Landorus, M|
|poke|p2|Calyrex-Shadow|
|poke|p2|Groudon|
|teampreview
|
|t:|1620912590
|start
|switch|p1a: Aerodactyl|Aerodactyl, F|100/100
|switch|p2a: Shuckle|Shuckle, M|100/100
|-ability|p1a: Aerodactyl|Unnerve
|turn|1
|
|t:|1620912594
|move|p1a: Aerodactyl|Taunt|p2a: Shuckle
|-start|p2a: Shuckle|move: Taunt
|-enditem|p2a: Shuckle|Mental Herb
|-end|p2a: Shuckle|move: Taunt
|move|p2a: Shuckle|Sticky Web|p1a: Aerodactyl
|-sidestart|p1: ULT8RQ Crad|move: Sticky Web
|
|upkeep
|turn|2
|
|t:|1620912597
|move|p1a: Aerodactyl|Defog|p2a: Shuckle
|-unboost|p2a: Shuckle|evasion|1
|-sideend|p1: ULT8RQ Crad|Sticky Web|[from] move: Defog|[of] p1a: Aerodactyl
|move|p2a: Shuckle|Encore|p1a: Aerodactyl
|-start|p1a: Aerodactyl|Encore
|
|upkeep
|turn|3
|
|t:|1620912603
|move|p1a: Aerodactyl|Defog|p2a: Shuckle
|-unboost|p2a: Shuckle|evasion|1
|move|p2a: Shuckle|Sticky Web|p1a: Aerodactyl
|-sidestart|p1: ULT8RQ Crad|move: Sticky Web
|
|upkeep
|turn|4
|
|t:|1620912606
|move|p1a: Aerodactyl|Defog|p2a: Shuckle
|-unboost|p2a: Shuckle|evasion|1
|-sideend|p1: ULT8RQ Crad|Sticky Web|[from] move: Defog|[of] p1a: Aerodactyl
|move|p2a: Shuckle|Toxic|p1a: Aerodactyl
|-status|p1a: Aerodactyl|tox
|
|-damage|p1a: Aerodactyl|94/100 tox|[from] psn
|upkeep
|turn|5
|
|t:|1620912612
|switch|p2a: Calyrex|Calyrex-Shadow|100/100
|-ability|p2a: Calyrex|As One
|-ability|p2a: Calyrex|Unnerve
|move|p1a: Aerodactyl|Defog|p2a: Calyrex
|-unboost|p2a: Calyrex|evasion|1
|
|-damage|p1a: Aerodactyl|82/100 tox|[from] psn
|-end|p1a: Aerodactyl|Encore
|upkeep
|turn|6
|
|t:|1620912622
|switch|p2a: Landorus|Landorus, M|100/100
|switch|p1a: Yveltal|Yveltal|100/100
|-ability|p1a: Yveltal|Dark Aura
|
|upkeep
|turn|7
|
|t:|1620912626
|move|p2a: Landorus|Rock Slide|p1a: Yveltal
|-supereffective|p1a: Yveltal
|-damage|p1a: Yveltal|26/100
|move|p1a: Yveltal|Knock Off|p2a: Landorus
|-damage|p2a: Landorus|4/100
|-enditem|p2a: Landorus|Life Orb|[from] move: Knock Off|[of] p1a: Yveltal
|-damage|p1a: Yveltal|17/100|[from] item: Life Orb
|
|upkeep
|turn|8
|
|t:|1620912633
|move|p1a: Yveltal|Sucker Punch||[still]
|-fail|p1a: Yveltal
|move|p2a: Landorus|Stealth Rock|p1a: Yveltal
|-sidestart|p1: ULT8RQ Crad|move: Stealth Rock
|
|upkeep
|turn|9
|
|t:|1620912637
|move|p1a: Yveltal|Sucker Punch|p2a: Landorus
|-damage|p2a: Landorus|0 fnt
|faint|p2a: Landorus
|-damage|p1a: Yveltal|7/100|[from] item: Life Orb
|
|upkeep
|
|t:|1620912647
|switch|p2a: Calyrex|Calyrex-Shadow|100/100
|-ability|p2a: Calyrex|As One
|-ability|p2a: Calyrex|Unnerve
|turn|10
|
|t:|1620912654
|move|p1a: Yveltal|Sucker Punch|p2a: Calyrex
|-supereffective|p2a: Calyrex
|-enditem|p2a: Calyrex|Focus Sash
|-damage|p2a: Calyrex|1/100
|-damage|p1a: Yveltal|0 fnt|[from] item: Life Orb
|faint|p1a: Yveltal
|move|p2a: Calyrex|Astral Barrage|p1: Yveltal|[notarget]
|-fail|p2a: Calyrex
|
|upkeep
|
|t:|1620912658
|switch|p1a: Marshadow|Marshadow|100/100
|-damage|p1a: Marshadow|94/100|[from] Stealth Rock
|turn|11
|
|t:|1620912668
|move|p1a: Marshadow|Shadow Sneak|p2a: Calyrex
|-supereffective|p2a: Calyrex
|-damage|p2a: Calyrex|0 fnt
|faint|p2a: Calyrex
|-damage|p1a: Marshadow|84/100|[from] item: Life Orb
|
|upkeep
|
|t:|1620912670
|switch|p2a: Shuckle|Shuckle, M|100/100
|turn|12
|
|t:|1620912679
|switch|p1a: Aerodactyl|Aerodactyl, F|82/100 tox
|-ability|p1a: Aerodactyl|Unnerve
|-damage|p1a: Aerodactyl|57/100 tox|[from] Stealth Rock
|move|p2a: Shuckle|Sticky Web|p1a: Aerodactyl
|-sidestart|p1: ULT8RQ Crad|move: Sticky Web
|
|-damage|p1a: Aerodactyl|51/100 tox|[from] psn
|upkeep
|turn|13
|
|t:|1620912694
|move|p1a: Aerodactyl|Defog|p2a: Shuckle
|-unboost|p2a: Shuckle|evasion|1
|-sideend|p1: ULT8RQ Crad|Stealth Rock|[from] move: Defog|[of] p1a: Aerodactyl
|-sideend|p1: ULT8RQ Crad|Sticky Web|[from] move: Defog|[of] p1a: Aerodactyl
|move|p2a: Shuckle|Sticky Web|p1a: Aerodactyl
|-sidestart|p1: ULT8RQ Crad|move: Sticky Web
|
|-damage|p1a: Aerodactyl|39/100 tox|[from] psn
|upkeep
|turn|14
|j| us9 gojoo
|
|t:|1620912704
|move|p1a: Aerodactyl|Taunt|p2a: Shuckle
|-start|p2a: Shuckle|move: Taunt
|move|p2a: Shuckle|Final Gambit|p1a: Aerodactyl
|-damage|p1a: Aerodactyl|0 fnt
|faint|p2a: Shuckle
|faint|p1a: Aerodactyl
|
|upkeep
|
|t:|1620912710
|switch|p1a: Eternatus|Eternatus|100/100
|switch|p2a: Zygarde|Zygarde|100/100
|-activate|p1a: Eternatus|move: Sticky Web
|-unboost|p1a: Eternatus|spe|1
|-ability|p1a: Eternatus|Pressure
|turn|15
|
|t:|1620912737
|switch|p2a: Groudon|Groudon|100/100
|-weather|SunnyDay|[from] ability: Drought|[of] p2a: Groudon
|move|p1a: Eternatus|Dynamax Cannon|p2a: Groudon
|-damage|p2a: Groudon|33/100
|
|-weather|SunnyDay|[upkeep]
|upkeep
|turn|16
|
|t:|1620912740
|move|p2a: Groudon|Precipice Blades|p1a: Eternatus
|-supereffective|p1a: Eternatus
|-damage|p1a: Eternatus|0 fnt
|faint|p1a: Eternatus
|-damage|p2a: Groudon|23/100|[from] item: Life Orb
|
|-weather|SunnyDay|[upkeep]
|upkeep
|
|t:|1620912745
|switch|p1a: Marshadow|Marshadow|84/100
|-activate|p1a: Marshadow|move: Sticky Web
|-unboost|p1a: Marshadow|spe|1
|turn|17
|
|t:|1620912747
|move|p1a: Marshadow|Shadow Sneak|p2a: Groudon
|-damage|p2a: Groudon|0 fnt
|faint|p2a: Groudon
|-damage|p1a: Marshadow|74/100|[from] item: Life Orb
|
|-weather|SunnyDay|[upkeep]
|upkeep
|
|t:|1620912749
|switch|p2a: Yveltal|Yveltal|100/100
|-ability|p2a: Yveltal|Dark Aura
|turn|18
|inactive|Battle timer is ON: inactive players will automatically lose when time's up. (requested by Research Club)
|inactive|ULT8RQ Crad has 120 seconds left.
|inactive|ULT8RQ Crad has 90 seconds left.
|
|t:|1620912851
|move|p2a: Yveltal|Oblivion Wing|p1a: Marshadow
|-supereffective|p1a: Marshadow
|-damage|p1a: Marshadow|0 fnt
|faint|p1a: Marshadow
|-damage|p2a: Yveltal|91/100|[from] item: Life Orb
|
|-weather|SunnyDay|[upkeep]
|upkeep
|
|t:|1620912853
|switch|p1a: Xerneas|Xerneas|100/100
|-activate|p1a: Xerneas|move: Sticky Web
|-unboost|p1a: Xerneas|spe|1
|-ability|p1a: Xerneas|Fairy Aura
|turn|19
|
|t:|1620912859
|move|p2a: Yveltal|Knock Off|p1a: Xerneas
|-resisted|p1a: Xerneas
|-damage|p1a: Xerneas|63/100
|-enditem|p1a: Xerneas|Power Herb|[from] move: Knock Off|[of] p2a: Yveltal
|-damage|p2a: Yveltal|81/100|[from] item: Life Orb
|move|p1a: Xerneas|Geomancy||[still]
|-prepare|p1a: Xerneas|Geomancy
|
|-weather|none
|upkeep
|turn|20
|
|t:|1620912868
|move|p2a: Yveltal|Taunt|p1a: Xerneas
|-start|p1a: Xerneas|move: Taunt
|cant|p1a: Xerneas|move: Taunt|Geomancy
|
|upkeep
|turn|21
|
|t:|1620912872
|move|p2a: Yveltal|Oblivion Wing|p1a: Xerneas
|-damage|p1a: Xerneas|20/100
|-heal|p2a: Yveltal|100/100|[from] drain|[of] p1a: Xerneas
|-damage|p2a: Yveltal|91/100|[from] item: Life Orb
|move|p1a: Xerneas|Moonblast|p2a: Yveltal
|-supereffective|p2a: Yveltal
|-damage|p2a: Yveltal|0 fnt
|faint|p2a: Yveltal
|
|upkeep
|
|t:|1620912874
|switch|p2a: Zygarde|Zygarde|100/100
|turn|22
|inactive|Research Club has 120 seconds left.
|inactive|Research Club has 90 seconds left.
|
|t:|1620912956
|move|p2a: Zygarde|Dragon Dance|p2a: Zygarde
|-boost|p2a: Zygarde|atk|1
|-boost|p2a: Zygarde|spe|1
|move|p1a: Xerneas|Moonblast|p2a: Zygarde
|-supereffective|p2a: Zygarde
|-enditem|p2a: Zygarde|Roseli Berry|[eat]
|-enditem|p2a: Zygarde|Roseli Berry|[weaken]
|-damage|p2a: Zygarde|33/100
|
|-end|p1a: Xerneas|move: Taunt
|-activate|p2a: Zygarde|ability: Power Construct
|detailschange|p2a: Zygarde|Zygarde-Complete
|-heal|p2a: Zygarde|59/100|[silent]
|upkeep
|turn|23
|
|t:|1620912969
|move|p2a: Zygarde|Thousand Arrows|p1a: Xerneas
|-damage|p1a: Xerneas|0 fnt
|faint|p1a: Xerneas
|
|upkeep
|
|t:|1620912992
|switch|p1a: Calyrex|Calyrex-Shadow|100/100
|-ability|p1a: Calyrex|As One
|-ability|p1a: Calyrex|Unnerve
|-activate|p1a: Calyrex|move: Sticky Web
|-unboost|p1a: Calyrex|spe|1
|turn|24
|
|t:|1620912994
|move|p2a: Zygarde|Thousand Arrows|p1a: Calyrex
|-damage|p1a: Calyrex|27/100
|move|p1a: Calyrex|Draining Kiss|p2a: Zygarde
|-supereffective|p2a: Zygarde
|-damage|p2a: Zygarde|32/100
|-heal|p1a: Calyrex|61/100|[from] drain|[of] p2a: Zygarde
|
|upkeep
|turn|25
|inactive|Research Club has 90 seconds left.
|
|t:|1620913001
|move|p2a: Zygarde|Thousand Arrows|p1a: Calyrex
|-damage|p1a: Calyrex|0 fnt
|faint|p1a: Calyrex
|
|win|Research Club
|raw|ULT8RQ Crad's rating: 1554 &rarr; <strong>1532</strong><br />(-22 for losing)
|raw|Research Club's rating: 1523 &rarr; <strong>1545</strong><br />(+22 for winning)
|l|☆ULT8RQ Crad
|l| us9 gojoo
||Ladder isn't responding, score probably updated but might not have (Request timeout).
