|j|☆TogeBirlHQ
|j|☆Yati426
|t:|1660413034
|gametype|singles
|player|p1|TogeBirlHQ|nate|1513
|player|p2|Yati426|falkner|1697
|teamsize|p1|6
|teamsize|p2|6
|gen|8
|tier|[Gen 8] Ubers
|rated|
|rule|Sleep Clause Mod: Limit one foe put to sleep
|rule|Species Clause: Limit one of each Pokémon
|rule|OHKO Clause: OHKO moves are banned
|rule|Evasion Items Clause: Evasion items are banned
|rule|Evasion Moves Clause: Evasion moves are banned
|rule|Endless Battle Clause: Forcing endless battles is banned
|rule|HP Percentage Mod: HP is shown in percentages
|rule|Dynamax Clause: You cannot dynamax
|clearpoke
|poke|p1|Kyogre|
|poke|p1|Yveltal|
|poke|p1|Tangrowth, F|
|poke|p1|Ho-Oh|
|poke|p1|Tyranitar, M|
|poke|p1|Eternatus|
|poke|p2|Yveltal|
|poke|p2|Toxapex, F|
|poke|p2|Shedinja|
|poke|p2|Quagsire, F|
|poke|p2|Blissey, F|
|poke|p2|Corviknight, M|
|teampreview
|
|t:|1660413061
|start
|switch|p1a: Kyogre|Kyogre|100/100
|switch|p2a: Toxapex|Toxapex, F|100/100
|-weather|RainDance|[from] ability: Drizzle|[of] p1a: Kyogre
|turn|1
|
|t:|1660413073
|switch|p1a: Eternatus|Eternatus|100/100
|-ability|p1a: Eternatus|Pressure
|move|p2a: Toxapex|Baneful Bunker||[still]
|-fail|p2a: Toxapex
|
|-weather|RainDance|[upkeep]
|upkeep
|turn|2
|
|t:|1660413083
|move|p1a: Eternatus|Dynamax Cannon|p2a: Toxapex
|-damage|p2a: Toxapex|61/100
|move|p2a: Toxapex|Scald|p1a: Eternatus
|-resisted|p1a: Eternatus
|-damage|p1a: Eternatus|93/100
|
|-weather|RainDance|[upkeep]
|upkeep
|turn|3
|
|t:|1660413089
|switch|p2a: Blissey|Blissey, F|100/100
|move|p1a: Eternatus|Dragon Tail|p2a: Blissey
|-damage|p2a: Blissey|74/100
|drag|p2a: Corviknight|Corviknight, M|100/100
|-ability|p2a: Corviknight|Pressure
|
|-weather|RainDance|[upkeep]
|upkeep
|turn|4
|
|t:|1660413105
|switch|p1a: Ho-Oh|Ho-Oh|100/100
|switch|p2a: Toxapex|Toxapex, F|94/100
|
|-weather|RainDance|[upkeep]
|upkeep
|turn|5
|
|t:|1660413130
|switch|p1a: Eternatus|Eternatus|93/100
|-ability|p1a: Eternatus|Pressure
|move|p2a: Toxapex|Scald|p1a: Eternatus
|-resisted|p1a: Eternatus
|-damage|p1a: Eternatus|86/100
|
|-weather|none
|upkeep
|turn|6
|
|t:|1660413139
|switch|p1a: Tyranitar|Tyranitar, M|100/100
|-weather|Sandstorm|[from] ability: Sand Stream|[of] p1a: Tyranitar
|switch|p2a: Corviknight|Corviknight, M|100/100
|-ability|p2a: Corviknight|Pressure
|
|-weather|Sandstorm|[upkeep]
|upkeep
|turn|7
|
|t:|1660413149
|switch|p1a: Tangrowth|Tangrowth, F|100/100
|move|p2a: Corviknight|Iron Defense|p2a: Corviknight
|-boost|p2a: Corviknight|def|2
|
|-weather|Sandstorm|[upkeep]
|-damage|p1a: Tangrowth|94/100|[from] Sandstorm
|upkeep
|turn|8
|
|t:|1660413160
|switch|p2a: Yveltal|Yveltal|100/100
|-ability|p2a: Yveltal|Dark Aura
|switch|p1a: Ho-Oh|Ho-Oh|100/100
|
|-weather|Sandstorm|[upkeep]
|-damage|p2a: Yveltal|94/100|[from] Sandstorm
|-damage|p1a: Ho-Oh|94/100|[from] Sandstorm
|upkeep
|turn|9
|
|t:|1660413169
|switch|p1a: Tyranitar|Tyranitar, M|100/100
|move|p2a: Yveltal|Knock Off|p1a: Tyranitar
|-resisted|p1a: Tyranitar
|-damage|p1a: Tyranitar|80/100
|-enditem|p1a: Tyranitar|Heavy-Duty Boots|[from] move: Knock Off|[of] p2a: Yveltal
|
|-weather|Sandstorm|[upkeep]
|-damage|p2a: Yveltal|88/100|[from] Sandstorm
|upkeep
|turn|10
|
|t:|1660413177
|switch|p2a: Corviknight|Corviknight, M|100/100
|-ability|p2a: Corviknight|Pressure
|move|p1a: Tyranitar|Stealth Rock|p2a: Corviknight
|-sidestart|p2: Yati426|move: Stealth Rock
|
|-weather|none
|upkeep
|turn|11
|
|t:|1660413184
|switch|p1a: Eternatus|Eternatus|86/100
|-ability|p1a: Eternatus|Pressure
|move|p2a: Corviknight|Defog|p1a: Eternatus
|-unboost|p1a: Eternatus|evasion|1
|-sideend|p2: Yati426|Stealth Rock|[from] move: Defog|[of] p2a: Corviknight
|
|upkeep
|turn|12
|
|t:|1660413192
|switch|p1a: Tyranitar|Tyranitar, M|80/100
|-weather|Sandstorm|[from] ability: Sand Stream|[of] p1a: Tyranitar
|move|p2a: Corviknight|Iron Defense|p2a: Corviknight
|-boost|p2a: Corviknight|def|2
|
|-weather|Sandstorm|[upkeep]
|upkeep
|turn|13
|
|t:|1660413201
|switch|p1a: Tangrowth|Tangrowth, F|100/100
|move|p2a: Corviknight|Body Press|p1a: Tangrowth
|-damage|p1a: Tangrowth|74/100
|-damage|p2a: Corviknight|84/100|[from] item: Rocky Helmet|[of] p1a: Tangrowth
|
|-weather|Sandstorm|[upkeep]
|-damage|p1a: Tangrowth|68/100|[from] Sandstorm
|-heal|p2a: Corviknight|90/100|[from] item: Leftovers
|upkeep
|turn|14
|
|t:|1660413209
|switch|p2a: Yveltal|Yveltal|88/100
|-ability|p2a: Yveltal|Dark Aura
|move|p1a: Tangrowth|Knock Off|p2a: Yveltal
|-resisted|p2a: Yveltal
|-damage|p2a: Yveltal|77/100
|-enditem|p2a: Yveltal|Heavy-Duty Boots|[from] move: Knock Off|[of] p1a: Tangrowth
|
|-weather|Sandstorm|[upkeep]
|-damage|p2a: Yveltal|70/100|[from] Sandstorm
|-damage|p1a: Tangrowth|62/100|[from] Sandstorm
|upkeep
|turn|15
|
|t:|1660413222
|switch|p1a: Tyranitar|Tyranitar, M|80/100
|move|p2a: Yveltal|Knock Off|p1a: Tyranitar
|-resisted|p1a: Tyranitar
|-damage|p1a: Tyranitar|67/100
|
|-weather|Sandstorm|[upkeep]
|-damage|p2a: Yveltal|64/100|[from] Sandstorm
|upkeep
|turn|16
|
|t:|1660413227
|switch|p2a: Corviknight|Corviknight, M|90/100
|-ability|p2a: Corviknight|Pressure
|move|p1a: Tyranitar|Stealth Rock|p2a: Corviknight
|-sidestart|p2: Yati426|move: Stealth Rock
|
|-weather|none
|-heal|p2a: Corviknight|96/100|[from] item: Leftovers
|upkeep
|turn|17
|
|t:|1660413229
|switch|p2a: Blissey|Blissey, F|74/100
|switch|p1a: Eternatus|Eternatus|86/100
|-ability|p1a: Eternatus|Pressure
|
|upkeep
|turn|18
|
|t:|1660413234
|switch|p1a: Yveltal|Yveltal|100/100
|-ability|p1a: Yveltal|Dark Aura
|move|p2a: Blissey|Stealth Rock|p1a: Yveltal
|-sidestart|p1: TogeBirlHQ|move: Stealth Rock
|
|upkeep
|turn|19
|
|t:|1660413239
|switch|p2a: Toxapex|Toxapex, F|100/100
|-damage|p2a: Toxapex|88/100|[from] Stealth Rock
|move|p1a: Yveltal|Knock Off|p2a: Toxapex
|-damage|p2a: Toxapex|46/100
|
|upkeep
|turn|20
|
|t:|1660413247
|move|p1a: Yveltal|Knock Off|p2a: Toxapex
|-damage|p2a: Toxapex|0 fnt
|faint|p2a: Toxapex
|
|upkeep
|-message|Yati426 forfeited.
|
|win|TogeBirlHQ
|raw|TogeBirlHQ's rating: 1513 &rarr; <strong>1543</strong><br />(+30 for winning)
|raw|Yati426's rating: 1697 &rarr; <strong>1667</strong><br />(-30 for losing)
|l|☆Yati426
