|j|☆Repecc
|j|☆Please don't stall
|player|p1|Repecc|265|1499
|player|p2|Please don't stall|dawn|1385
|teamsize|p1|6
|teamsize|p2|6
|gametype|singles
|gen|8
|tier|[Gen 8] Ubers
|rated|
|clearpoke
|poke|p1|Lunala|
|poke|p1|Necrozma-Dusk-Mane|
|poke|p1|Excadrill, F|
|poke|p1|Quagsire, M|
|poke|p1|Marshadow|
|poke|p1|Zacian-Crowned|
|poke|p2|Wobbuffet, M|
|poke|p2|Hitmonlee, M|
|poke|p2|Marshadow|
|poke|p2|Zacian-Crowned|
|poke|p2|Dragapult, M|
|poke|p2|Ribombee, M|
|rule|Sleep Clause Mod: Limit one foe put to sleep
|rule|Species Clause: Limit one of each Pokémon
|rule|OHKO Clause: OHKO moves are banned
|rule|Evasion Moves Clause: Evasion moves are banned
|rule|Endless Battle Clause: Forcing endless battles is banned
|rule|HP Percentage Mod: HP is shown in percentages
|html|Ubers Dynamax Clause: Pokémon on the <a href="https://www.smogon.com/dex/ss/formats/uber/">Ubers Dynamax Banlist</a> cannot Dynamax.
|teampreview
|inactive|Battle timer is ON: inactive players will automatically lose when time's up. (requested by Repecc)
|
|start
|switch|p1a: Excadrill|Excadrill, F|100/100
|switch|p2a: Ribombee|Ribombee, M|100/100
|-ability|p1a: Excadrill|Mold Breaker
|turn|1
|
|move|p2a: Ribombee|Sticky Web|p1a: Excadrill
|-sidestart|p1: Repecc|move: Sticky Web
|move|p1a: Excadrill|Rapid Spin|p2a: Ribombee
|-damage|p2a: Ribombee|68/100
|-boost|p1a: Excadrill|spe|1
|-sideend|p1: Repecc|Sticky Web|[from] move: Rapid Spin|[of] p1a: Excadrill
|
|upkeep
|turn|2
|
|move|p1a: Excadrill|Iron Head|p2a: Ribombee
|-supereffective|p2a: Ribombee
|-damage|p2a: Ribombee|0 fnt
|faint|p2a: Ribombee
|
|upkeep
|
|switch|p2a: Marshadow|Marshadow|100/100
|turn|3
|
|move|p1a: Excadrill|Stealth Rock|p2a: Marshadow
|-sidestart|p2: Please don't stall|move: Stealth Rock
|move|p2a: Marshadow|Close Combat|p1a: Excadrill
|-supereffective|p1a: Excadrill
|-enditem|p1a: Excadrill|Focus Sash
|-damage|p1a: Excadrill|1/100
|-unboost|p2a: Marshadow|def|1
|-unboost|p2a: Marshadow|spd|1
|
|upkeep
|turn|4
|
|move|p2a: Marshadow|Shadow Sneak|p1a: Excadrill
|-damage|p1a: Excadrill|0 fnt
|faint|p1a: Excadrill
|
|upkeep
|
|switch|p1a: Quagsire|Quagsire, M|100/100
|turn|5
|
|switch|p2a: Wobbuffet|Wobbuffet, M, shiny|100/100
|-damage|p2a: Wobbuffet|88/100|[from] Stealth Rock
|move|p1a: Quagsire|Scald|p2a: Wobbuffet
|-damage|p2a: Wobbuffet|76/100
|-status|p2a: Wobbuffet|brn
|
|-damage|p2a: Wobbuffet|70/100 brn|[from] brn
|upkeep
|turn|6
|
|move|p1a: Quagsire|Scald|p2a: Wobbuffet
|-damage|p2a: Wobbuffet|58/100 brn
|move|p2a: Wobbuffet|Encore|p1a: Quagsire
|-start|p1a: Quagsire|Encore
|
|-damage|p2a: Wobbuffet|52/100 brn|[from] brn
|upkeep
|turn|7
|
|move|p1a: Quagsire|Scald|p2a: Wobbuffet
|-damage|p2a: Wobbuffet|39/100 brn
|move|p2a: Wobbuffet|Mirror Coat|p1a: Quagsire
|-damage|p1a: Quagsire|64/100
|
|-heal|p1a: Quagsire|70/100|[from] item: Leftovers
|-damage|p2a: Wobbuffet|33/100 brn|[from] brn
|upkeep
|turn|8
|
|move|p1a: Quagsire|Scald|p2a: Wobbuffet
|-damage|p2a: Wobbuffet|22/100 brn
|-enditem|p2a: Wobbuffet|Aguav Berry|[eat]
|-heal|p2a: Wobbuffet|55/100 brn|[from] item: Aguav Berry
|move|p2a: Wobbuffet|Mirror Coat|p1a: Quagsire
|-damage|p1a: Quagsire|38/100
|
|-heal|p1a: Quagsire|44/100|[from] item: Leftovers
|-damage|p2a: Wobbuffet|49/100 brn|[from] brn
|upkeep
|turn|9
|
|move|p1a: Quagsire|Scald|p2a: Wobbuffet
|-damage|p2a: Wobbuffet|38/100 brn
|move|p2a: Wobbuffet|Mirror Coat|p1a: Quagsire
|-damage|p1a: Quagsire|10/100
|
|-heal|p1a: Quagsire|16/100|[from] item: Leftovers
|-damage|p2a: Wobbuffet|31/100 brn|[from] brn
|-end|p1a: Quagsire|Encore
|upkeep
|turn|10
|
|move|p1a: Quagsire|Recover|p1a: Quagsire
|-heal|p1a: Quagsire|66/100
|move|p2a: Wobbuffet|Encore|p1a: Quagsire
|-start|p1a: Quagsire|Encore
|
|-heal|p1a: Quagsire|72/100|[from] item: Leftovers
|-damage|p2a: Wobbuffet|25/100 brn|[from] brn
|upkeep
|turn|11
|
|switch|p2a: Dragapult|Dragapult, M, shiny|100/100
|-damage|p2a: Dragapult|88/100|[from] Stealth Rock
|move|p1a: Quagsire|Recover|p1a: Quagsire
|-heal|p1a: Quagsire|100/100
|
|upkeep
|turn|12
|c|☆Please don't stall|!data unaware
|raw|<ul class="utilichart"><li class="result"><span class="col namecol"><a href="https://dex.pokemonshowdown.com/abilities/unaware">Unaware</a></span> <span class="col abilitydesccol">This Pokemon ignores other Pokemon's stat stages when taking or doing damage.</span> </li><li style="clear:both"></li></ul>
|raw|<font size="1"></font>

|inactive|Please don't stall has 120 seconds left.
|
|switch|p1a: Zacian|Zacian-Crowned|100/100
|-ability|p1a: Zacian|Intrepid Sword|boost
|-boost|p1a: Zacian|atk|1
|-start|p2a: Dragapult|Dynamax
|-heal|p2a: Dragapult|88/100|[silent]
|move|p2a: Dragapult|Max Phantasm|p1a: Zacian
|-damage|p1a: Zacian|38/100
|-unboost|p1a: Zacian|def|1
|
|upkeep
|turn|13
|inactive|Please don't stall has 120 seconds left.
|
|move|p1a: Zacian|Behemoth Blade|p2a: Dragapult
|-crit|p2a: Dragapult
|-damage|p2a: Dragapult|0 fnt
|faint|p2a: Dragapult
|
|upkeep
|inactive|Please don't stall has 120 seconds left.
|
|switch|p2a: Hitmonlee|Hitmonlee, M, shiny|100/100
|-damage|p2a: Hitmonlee|94/100|[from] Stealth Rock
|turn|14
|
|move|p2a: Hitmonlee|Endure|p2a: Hitmonlee
|-singleturn|p2a: Hitmonlee|move: Endure
|move|p1a: Zacian|Play Rough|p2a: Hitmonlee
|-supereffective|p2a: Hitmonlee
|-activate|p2a: Hitmonlee|move: Endure
|-damage|p2a: Hitmonlee|1/100
|-enditem|p2a: Hitmonlee|Liechi Berry|[eat]
|-boost|p2a: Hitmonlee|atk|1|[from] item: Liechi Berry
|
|upkeep
|turn|15
|
|move|p2a: Hitmonlee|Reversal|p1a: Zacian
|-damage|p1a: Zacian|0 fnt
|faint|p1a: Zacian
|
|upkeep
|
|switch|p1a: Lunala|Lunala|100/100
|turn|16
|
|move|p2a: Hitmonlee|Knock Off|p1a: Lunala
|-supereffective|p1a: Lunala
|-crit|p1a: Lunala
|-damage|p1a: Lunala|0 fnt
|-enditem|p1a: Lunala|Heavy-Duty Boots|[from] move: Knock Off|[of] p2a: Hitmonlee
|faint|p1a: Lunala
|
|upkeep
|
|switch|p1a: Quagsire|Quagsire, M|100/100
|turn|17
|
|move|p2a: Hitmonlee|Reversal|p1a: Quagsire
|-damage|p1a: Quagsire|24/100
|move|p1a: Quagsire|Scald|p2a: Hitmonlee
|-damage|p2a: Hitmonlee|0 fnt
|faint|p2a: Hitmonlee
|
|-heal|p1a: Quagsire|30/100|[from] item: Leftovers
|upkeep
|
|switch|p2a: Marshadow|Marshadow|100/100
|-damage|p2a: Marshadow|94/100|[from] Stealth Rock
|turn|18
|
|move|p2a: Marshadow|Close Combat|p1a: Quagsire
|-damage|p1a: Quagsire|0 fnt
|-unboost|p2a: Marshadow|def|1
|-unboost|p2a: Marshadow|spd|1
|faint|p1a: Quagsire
|
|upkeep
|
|switch|p1a: Marshadow|Marshadow|100/100
|turn|19
|
|switch|p2a: Wobbuffet|Wobbuffet, M, shiny|25/100 brn
|-damage|p2a: Wobbuffet|13/100 brn|[from] Stealth Rock
|move|p1a: Marshadow|Shadow Sneak|p2a: Wobbuffet
|-supereffective|p2a: Wobbuffet
|-crit|p2a: Wobbuffet
|-damage|p2a: Wobbuffet|0 fnt
|faint|p2a: Wobbuffet
|
|upkeep
|
|switch|p2a: Zacian|Zacian-Crowned|100/100
|-damage|p2a: Zacian|94/100|[from] Stealth Rock
|-ability|p2a: Zacian|Intrepid Sword|boost
|-boost|p2a: Zacian|atk|1
|turn|20
|
|move|p2a: Zacian|Behemoth Blade|p1a: Marshadow
|-enditem|p1a: Marshadow|Focus Sash
|-damage|p1a: Marshadow|1/100
|move|p1a: Marshadow|Spectral Thief||[still]
|-clearpositiveboost|p2a: Zacian|p1a: Marshadow|move: Spectral Thief
|-boost|p1a: Marshadow|atk|1
|-anim|p1a: Marshadow|Spectral Thief|p2a: Zacian
|-damage|p2a: Zacian|35/100
|
|upkeep
|turn|21
|
|move|p1a: Marshadow|Shadow Sneak|p2a: Zacian
|-damage|p2a: Zacian|0 fnt
|faint|p2a: Zacian
|
|upkeep
|
|switch|p2a: Marshadow|Marshadow|94/100
|-damage|p2a: Marshadow|88/100|[from] Stealth Rock
|turn|22
|
|move|p2a: Marshadow|Shadow Sneak|p1a: Marshadow
|-supereffective|p1a: Marshadow
|-damage|p1a: Marshadow|0 fnt
|faint|p1a: Marshadow
|
|upkeep
|
|switch|p1a: Necrozma|Necrozma-Dusk-Mane|100/100
|turn|23
|
|move|p2a: Marshadow|Spectral Thief|p1a: Necrozma
|-supereffective|p1a: Necrozma
|-damage|p1a: Necrozma|47/100
|-enditem|p1a: Necrozma|Weakness Policy
|-boost|p1a: Necrozma|atk|2|[from] item: Weakness Policy
|-boost|p1a: Necrozma|spa|2|[from] item: Weakness Policy
|move|p1a: Necrozma|Photon Geyser|p2a: Marshadow
|-supereffective|p2a: Marshadow
|-damage|p2a: Marshadow|0 fnt
|faint|p2a: Marshadow
|
|win|Repecc
