|j|☆aiiluroo
|j|☆Mekontchou111
|t:|1664703213
|gametype|singles
|player|p1|aiiluroo|grimsley-gen7|1000
|player|p2|Mekontchou111|169|1000
|teamsize|p1|6
|teamsize|p2|6
|gen|8
|tier|[Gen 8] Ubers
|rated|
|rule|Sleep Clause Mod: Limit one foe put to sleep
|rule|Species Clause: Limit one of each Pokémon
|rule|OHKO Clause: OHKO moves are banned
|rule|Evasion Items Clause: Evasion items are banned
|rule|Evasion Moves Clause: Evasion moves are banned
|rule|Endless Battle Clause: Forcing endless battles is banned
|rule|HP Percentage Mod: HP is shown in percentages
|rule|Dynamax Clause: You cannot dynamax
|clearpoke
|poke|p1|Yveltal|
|poke|p1|Necrozma-Dusk-Mane|
|poke|p1|Eternatus|
|poke|p1|Zekrom|
|poke|p1|Groudon|
|poke|p1|Lunala|
|poke|p2|Hatterene, F|
|poke|p2|Dracovish|
|poke|p2|Melmetal|
|poke|p2|Porygon2|
|poke|p2|Calyrex-Ice|
|poke|p2|Magearna|
|teampreview
|
|t:|1664703231
|start
|switch|p1a: Necrozma|Necrozma-Dusk-Mane|100/100
|switch|p2a: Hatterene|Hatterene, F|100/100
|turn|1
|
|t:|1664703240
|move|p1a: Necrozma|Iron Head|p2a: Hatterene
|-supereffective|p2a: Hatterene
|-enditem|p2a: Hatterene|Focus Sash
|-damage|p2a: Hatterene|1/100
|move|p2a: Hatterene|Trick Room|p2a: Hatterene
|-fieldstart|move: Trick Room|[of] p2a: Hatterene
|
|upkeep
|turn|2
|
|t:|1664703253
|move|p2a: Hatterene|Misty Explosion|p1a: Necrozma
|-resisted|p1a: Necrozma
|-damage|p1a: Necrozma|81/100
|faint|p2a: Hatterene
|move|p1a: Necrozma|Iron Head|p2: Hatterene|[notarget]
|-fail|p1a: Necrozma
|
|-heal|p1a: Necrozma|87/100|[from] item: Leftovers
|upkeep
|
|t:|1664703261
|switch|p2a: Dracovish|Dracovish|100/100
|turn|3
|
|t:|1664703284
|switch|p1a: Lunala|Lunala|100/100
|move|p2a: Dracovish|Fishious Rend|p1a: Lunala
|-damage|p1a: Lunala|35/100
|
|upkeep
|turn|4
|
|t:|1664703297
|move|p2a: Dracovish|Fishious Rend|p1a: Lunala
|-damage|p1a: Lunala|0 fnt
|faint|p1a: Lunala
|
|upkeep
|
|t:|1664703300
|switch|p1a: Eternatus|Eternatus|100/100
|-ability|p1a: Eternatus|Pressure
|turn|5
|
|t:|1664703308
|move|p2a: Dracovish|Fishious Rend|p1a: Eternatus
|-resisted|p1a: Eternatus
|-damage|p1a: Eternatus|49/100
|move|p1a: Eternatus|Dynamax Cannon|p2a: Dracovish
|-supereffective|p2a: Dracovish
|-crit|p2a: Dracovish
|-damage|p2a: Dracovish|0 fnt
|faint|p2a: Dracovish
|
|-fieldend|move: Trick Room
|upkeep
|
|t:|1664703316
|switch|p2a: Calyrex|Calyrex-Ice|100/100
|-ability|p2a: Calyrex|As One
|-ability|p2a: Calyrex|Unnerve
|turn|6
|
|t:|1664703324
|switch|p1a: Necrozma|Necrozma-Dusk-Mane|87/100
|move|p2a: Calyrex|Trick Room|p2a: Calyrex
|-fieldstart|move: Trick Room|[of] p2a: Calyrex
|
|-heal|p1a: Necrozma|93/100|[from] item: Leftovers
|upkeep
|turn|7
|
|t:|1664703330
|move|p2a: Calyrex|High Horsepower|p1a: Necrozma
|-supereffective|p1a: Necrozma
|-damage|p1a: Necrozma|51/100
|move|p1a: Necrozma|Iron Head|p2a: Calyrex
|-supereffective|p2a: Calyrex
|-crit|p2a: Calyrex
|-damage|p2a: Calyrex|23/100
|-enditem|p2a: Calyrex|Weakness Policy
|-boost|p2a: Calyrex|atk|2|[from] item: Weakness Policy
|-boost|p2a: Calyrex|spa|2|[from] item: Weakness Policy
|
|-heal|p1a: Necrozma|57/100|[from] item: Leftovers
|upkeep
|turn|8
|
|t:|1664703344
|switch|p1a: Yveltal|Yveltal|100/100
|-ability|p1a: Yveltal|Dark Aura
|move|p2a: Calyrex|Glacial Lance|p1a: Yveltal
|-supereffective|p1a: Yveltal
|-damage|p1a: Yveltal|0 fnt
|faint|p1a: Yveltal
|-ability|p2a: Calyrex|Chilling Neigh|boost
|-boost|p2a: Calyrex|atk|1
|
|upkeep
|
|t:|1664703360
|switch|p1a: Eternatus|Eternatus|49/100
|-ability|p1a: Eternatus|Pressure
|turn|9
|
|t:|1664703368
|move|p2a: Calyrex|Glacial Lance|p1a: Eternatus
|-supereffective|p1a: Eternatus
|-damage|p1a: Eternatus|0 fnt
|faint|p1a: Eternatus
|-ability|p2a: Calyrex|Chilling Neigh|boost
|-boost|p2a: Calyrex|atk|1
|
|upkeep
|
|t:|1664703377
|switch|p1a: Zekrom|Zekrom|100/100
|-ability|p1a: Zekrom|Teravolt
|turn|10
|
|t:|1664703384
|move|p2a: Calyrex|Glacial Lance|p1a: Zekrom
|-supereffective|p1a: Zekrom
|-damage|p1a: Zekrom|0 fnt
|faint|p1a: Zekrom
|-ability|p2a: Calyrex|Chilling Neigh|boost
|-boost|p2a: Calyrex|atk|1
|
|-fieldend|move: Trick Room
|upkeep
|
|t:|1664703386
|switch|p1a: Necrozma|Necrozma-Dusk-Mane|57/100
|turn|11
|
|t:|1664703398
|move|p1a: Necrozma|Iron Head|p2a: Calyrex
|-supereffective|p2a: Calyrex
|-damage|p2a: Calyrex|0 fnt
|faint|p2a: Calyrex
|
|-heal|p1a: Necrozma|63/100|[from] item: Leftovers
|upkeep
|
|t:|1664703411
|switch|p2a: Melmetal|Melmetal|100/100
|turn|12
|
|t:|1664703415
|move|p1a: Necrozma|Moonlight|p1a: Necrozma
|-heal|p1a: Necrozma|100/100
|move|p2a: Melmetal|Earthquake|p1a: Necrozma
|-supereffective|p1a: Necrozma
|-damage|p1a: Necrozma|37/100
|
|-heal|p1a: Necrozma|43/100|[from] item: Leftovers
|upkeep
|turn|13
|
|t:|1664703424
|switch|p1a: Groudon|Groudon|100/100
|-weather|SunnyDay|[from] ability: Drought|[of] p1a: Groudon
|move|p2a: Melmetal|Earthquake|p1a: Groudon
|-damage|p1a: Groudon|68/100
|
|-weather|SunnyDay|[upkeep]
|-heal|p1a: Groudon|74/100|[from] item: Leftovers
|upkeep
|turn|14
|
|t:|1664703437
|switch|p2a: Porygon2|Porygon2|100/100
|move|p1a: Groudon|Precipice Blades|p2a: Porygon2
|-damage|p2a: Porygon2|68/100
|
|-weather|SunnyDay|[upkeep]
|-heal|p1a: Groudon|80/100|[from] item: Leftovers
|upkeep
|turn|15
|
|t:|1664703449
|move|p1a: Groudon|Bulk Up|p1a: Groudon
|-boost|p1a: Groudon|atk|1
|-boost|p1a: Groudon|def|1
|move|p2a: Porygon2|Teleport|p2a: Porygon2
|
|t:|1664703454
|switch|p2a: Magearna|Magearna|100/100|[from]move: Teleport
|
|-weather|SunnyDay|[upkeep]
|-heal|p1a: Groudon|86/100|[from] item: Leftovers
|upkeep
|turn|16
|
|t:|1664703459
|move|p1a: Groudon|Heat Crash|p2a: Magearna
|-supereffective|p2a: Magearna
|-enditem|p2a: Magearna|Focus Sash
|-damage|p2a: Magearna|1/100
|move|p2a: Magearna|Trick Room|p2a: Magearna
|-fieldstart|move: Trick Room|[of] p2a: Magearna
|
|-weather|SunnyDay|[upkeep]
|-heal|p1a: Groudon|93/100|[from] item: Leftovers
|upkeep
|turn|17
|
|t:|1664703467
|move|p2a: Magearna|Steel Beam|p1a: Groudon
|-damage|p1a: Groudon|18/100
|-damage|p2a: Magearna|0 fnt|[from] mindblown
|faint|p2a: Magearna
|move|p1a: Groudon|Heat Crash|p2: Magearna|[notarget]
|-fail|p1a: Groudon
|
|-weather|none
|-heal|p1a: Groudon|25/100|[from] item: Leftovers
|upkeep
|
|t:|1664703475
|switch|p2a: Melmetal|Melmetal|100/100
|turn|18
|
|t:|1664703479
|move|p2a: Melmetal|Earthquake|p1a: Groudon
|-damage|p1a: Groudon|1/100
|move|p1a: Groudon|Precipice Blades|p2a: Melmetal
|-supereffective|p2a: Melmetal
|-damage|p2a: Melmetal|7/100
|
|-heal|p1a: Groudon|8/100|[from] item: Leftovers
|upkeep
|turn|19
|
|t:|1664703490
|move|p2a: Melmetal|Earthquake|p1a: Groudon
|-damage|p1a: Groudon|0 fnt
|faint|p1a: Groudon
|
|upkeep
|
|t:|1664703492
|switch|p1a: Necrozma|Necrozma-Dusk-Mane|43/100
|turn|20
|
|t:|1664703495
|move|p2a: Melmetal|Earthquake|p1a: Necrozma
|-supereffective|p1a: Necrozma
|-damage|p1a: Necrozma|0 fnt
|faint|p1a: Necrozma
|
|win|Mekontchou111
|raw|aiiluroo's rating: 1000 &rarr; <strong>1000</strong><br />(+0 for losing)
|raw|Mekontchou111's rating: 1000 &rarr; <strong>1040</strong><br />(+40 for winning)
|l|☆aiiluroo
