|j|☆JotarolovesPokemon
|j|☆Reginald Chaos
|t:|1648574953
|gametype|singles
|player|p1|JotarolovesPokemon|hilda|1464
|player|p2|Reginald Chaos|170|1608
|teamsize|p1|6
|teamsize|p2|6
|gen|8
|tier|[Gen 8] Ubers
|rated|
|rule|Sleep Clause Mod: Limit one foe put to sleep
|rule|Species Clause: Limit one of each Pokémon
|rule|OHKO Clause: OHKO moves are banned
|rule|Evasion Moves Clause: Evasion moves are banned
|rule|Endless Battle Clause: Forcing endless battles is banned
|rule|HP Percentage Mod: HP is shown in percentages
|rule|Dynamax Clause: You cannot dynamax
|clearpoke
|poke|p1|Yveltal|
|poke|p1|Calyrex-Shadow|
|poke|p1|Xerneas-*|
|poke|p1|Necrozma-Dusk-Mane|
|poke|p1|Cinderace, M|
|poke|p1|Kyogre|
|poke|p2|Calyrex-Ice|
|poke|p2|Hatterene, F|
|poke|p2|Porygon2|
|poke|p2|Kyogre|
|poke|p2|Melmetal|
|poke|p2|Necrozma-Dusk-Mane|
|teampreview
|inactive|Battle timer is ON: inactive players will automatically lose when time's up. (requested by JotarolovesPokemon)
|
|t:|1648574959
|start
|switch|p1a: Yveltal|Yveltal, shiny|100/100
|switch|p2a: Hatterene|Hatterene, F|100/100
|-ability|p1a: Yveltal|Dark Aura
|turn|1
|
|t:|1648574964
|move|p1a: Yveltal|Toxic|p2a: Hatterene
|move|p2a: Hatterene|Toxic|p1a: Yveltal|[from]ability: Magic Bounce
|-status|p1a: Yveltal|tox
|move|p2a: Hatterene|Trick Room|p2a: Hatterene
|-fieldstart|move: Trick Room|[of] p2a: Hatterene
|
|-damage|p1a: Yveltal|94/100 tox|[from] psn
|upkeep
|turn|2
|
|t:|1648574967
|move|p2a: Hatterene|Misty Explosion|p1a: Yveltal
|-supereffective|p1a: Yveltal
|-damage|p1a: Yveltal|11/100 tox
|faint|p2a: Hatterene
|move|p1a: Yveltal|Knock Off|p2: Hatterene|[notarget]
|-fail|p1a: Yveltal
|
|-damage|p1a: Yveltal|0 fnt|[from] psn
|faint|p1a: Yveltal
|upkeep
|
|t:|1648574979
|switch|p2a: Melmetal|Melmetal|100/100
|switch|p1a: Necrozma|Necrozma-Dusk-Mane, shiny|100/100
|turn|3
|
|t:|1648574984
|move|p2a: Melmetal|Earthquake|p1a: Necrozma
|-supereffective|p1a: Necrozma
|-damage|p1a: Necrozma|25/100
|-enditem|p1a: Necrozma|Weakness Policy
|-boost|p1a: Necrozma|atk|2|[from] item: Weakness Policy
|-boost|p1a: Necrozma|spa|2|[from] item: Weakness Policy
|move|p1a: Necrozma|Earthquake|p2a: Melmetal
|-supereffective|p2a: Melmetal
|-damage|p2a: Melmetal|16/100
|
|upkeep
|turn|4
|
|t:|1648574991
|move|p2a: Melmetal|Earthquake|p1a: Necrozma
|-supereffective|p1a: Necrozma
|-damage|p1a: Necrozma|0 fnt
|faint|p1a: Necrozma
|
|upkeep
|
|t:|1648574994
|switch|p1a: Cinderace|Cinderace, M|100/100
|turn|5
|
|t:|1648574997
|move|p1a: Cinderace|Sucker Punch|p2a: Melmetal
|-start|p1a: Cinderace|typechange|Dark|[from] ability: Libero
|-damage|p2a: Melmetal|0 fnt
|faint|p2a: Melmetal
|
|-fieldend|move: Trick Room
|upkeep
|
|t:|1648575000
|switch|p2a: Necrozma|Necrozma-Dusk-Mane|100/100
|turn|6
|
|t:|1648575002
|move|p1a: Cinderace|Pyro Ball|p2a: Necrozma
|-start|p1a: Cinderace|typechange|Fire|[from] ability: Libero
|-supereffective|p2a: Necrozma
|-damage|p2a: Necrozma|41/100
|-enditem|p2a: Necrozma|Weakness Policy
|-boost|p2a: Necrozma|atk|2|[from] item: Weakness Policy
|-boost|p2a: Necrozma|spa|2|[from] item: Weakness Policy
|move|p2a: Necrozma|Trick Room|p2a: Necrozma
|-fieldstart|move: Trick Room|[of] p2a: Necrozma
|
|upkeep
|turn|7
|
|t:|1648575009
|move|p1a: Cinderace|Sucker Punch|p2a: Necrozma
|-start|p1a: Cinderace|typechange|Dark|[from] ability: Libero
|-supereffective|p2a: Necrozma
|-damage|p2a: Necrozma|3/100
|move|p2a: Necrozma|Sunsteel Strike|p1a: Cinderace
|-damage|p1a: Cinderace|0 fnt
|faint|p1a: Cinderace
|
|upkeep
|
|t:|1648575015
|switch|p1a: Calyrex|Calyrex-Shadow|100/100
|-ability|p1a: Calyrex|As One
|-ability|p1a: Calyrex|Unnerve
|turn|8
|
|t:|1648575017
|move|p2a: Necrozma|Sunsteel Strike|p1a: Calyrex
|-damage|p1a: Calyrex|0 fnt
|faint|p1a: Calyrex
|
|upkeep
|
|t:|1648575021
|switch|p1a: Kyogre|Kyogre|100/100
|-weather|RainDance|[from] ability: Drizzle|[of] p1a: Kyogre
|turn|9
|
|t:|1648575029
|move|p2a: Necrozma|Earthquake|p1a: Kyogre
|-damage|p1a: Kyogre|0 fnt
|faint|p1a: Kyogre
|
|-weather|RainDance|[upkeep]
|upkeep
|
|t:|1648575031
|switch|p1a: Xerneas|Xerneas, shiny|100/100
|-ability|p1a: Xerneas|Fairy Aura
|turn|10
|-message|JotarolovesPokemon forfeited.
|
|win|Reginald Chaos
|raw|JotarolovesPokemon's rating: 1464 &rarr; <strong>1452</strong><br />(-12 for losing)
|raw|Reginald Chaos's rating: 1608 &rarr; <strong>1620</strong><br />(+12 for winning)
|l|☆JotarolovesPokemon
