|raw|<div class="broadcast-blue"><strong>This battle is required to be public due to a player having a name starting with 'ULT8RQ'.</div>
|j|☆ULT8RQ BNET
|j|☆ayumus snake
|t:|1621044451
|gametype|singles
|player|p1|ULT8RQ BNET|roark|1614
|player|p2|ayumus snake|dawn|1555
|teamsize|p1|6
|teamsize|p2|6
|gen|8
|tier|[Gen 8] Ubers
|rated|
|rule|Sleep Clause Mod: Limit one foe put to sleep
|rule|Species Clause: Limit one of each Pokémon
|rule|OHKO Clause: OHKO moves are banned
|rule|Evasion Moves Clause: Evasion moves are banned
|rule|Endless Battle Clause: Forcing endless battles is banned
|rule|HP Percentage Mod: HP is shown in percentages
|rule|Dynamax Clause: You cannot dynamax
|clearpoke
|poke|p1|Giratina|
|poke|p1|Toxapex, M|
|poke|p1|Eternatus|
|poke|p1|Tangrowth, F|
|poke|p1|Tyranitar, F|
|poke|p1|Blissey, F|
|poke|p2|Groudon|
|poke|p2|Eternatus|
|poke|p2|Calyrex-Shadow|
|poke|p2|Kyogre|
|poke|p2|Yveltal|
|poke|p2|Necrozma-Dusk-Mane|
|teampreview
|inactive|Battle timer is ON: inactive players will automatically lose when time's up. (requested by ULT8RQ BNET)
|
|t:|1621044476
|start
|switch|p1a: Tangrowth|Tangrowth, F|100/100
|switch|p2a: Yveltal|Yveltal|100/100
|-ability|p2a: Yveltal|Dark Aura
|turn|1
|
|t:|1621044489
|switch|p1a: Tyranitar|Tyranitar, F|100/100
|-weather|Sandstorm|[from] ability: Sand Stream|[of] p1a: Tyranitar
|move|p2a: Yveltal|Taunt|p1a: Tyranitar
|-start|p1a: Tyranitar|move: Taunt
|
|-weather|Sandstorm|[upkeep]
|-damage|p2a: Yveltal|94/100|[from] Sandstorm
|upkeep
|turn|2
|
|t:|1621044493
|switch|p2a: Groudon|Groudon|100/100
|-weather|SunnyDay|[from] ability: Drought|[of] p2a: Groudon
|move|p1a: Tyranitar|Rock Blast|p2a: Groudon
|-resisted|p2a: Groudon
|-damage|p2a: Groudon|98/100
|-resisted|p2a: Groudon
|-damage|p2a: Groudon|95/100
|-hitcount|p2a: Groudon|2
|
|-weather|SunnyDay|[upkeep]
|-heal|p2a: Groudon|100/100|[from] item: Leftovers
|upkeep
|turn|3
|
|t:|1621044499
|switch|p1a: Tangrowth|Tangrowth, F|100/100
|move|p2a: Groudon|Stealth Rock|p1a: Tangrowth
|-sidestart|p1: ULT8RQ BNET|move: Stealth Rock
|
|-weather|SunnyDay|[upkeep]
|upkeep
|turn|4
|
|t:|1621044502
|switch|p2a: Eternatus|Eternatus|100/100
|-ability|p2a: Eternatus|Pressure
|move|p1a: Tangrowth|Leech Seed|p2a: Eternatus
|-start|p2a: Eternatus|move: Leech Seed
|
|-weather|SunnyDay|[upkeep]
|-damage|p2a: Eternatus|88/100|[from] Leech Seed|[of] p1a: Tangrowth
|upkeep
|turn|5
|
|t:|1621044510
|switch|p2a: Groudon|Groudon|100/100
|switch|p1a: Tyranitar|Tyranitar, F|100/100
|-weather|Sandstorm|[from] ability: Sand Stream|[of] p1a: Tyranitar
|
|-weather|Sandstorm|[upkeep]
|upkeep
|turn|6
|
|t:|1621044516
|switch|p2a: Eternatus|Eternatus|88/100
|-ability|p2a: Eternatus|Pressure
|switch|p1a: Giratina|Giratina|100/100
|-damage|p1a: Giratina|88/100|[from] Stealth Rock
|-ability|p1a: Giratina|Pressure
|
|-weather|Sandstorm|[upkeep]
|-damage|p2a: Eternatus|82/100|[from] Sandstorm
|-damage|p1a: Giratina|82/100|[from] Sandstorm
|-heal|p1a: Giratina|88/100|[from] item: Leftovers
|upkeep
|turn|7
|
|t:|1621044519
|switch|p1a: Tyranitar|Tyranitar, F|100/100
|move|p2a: Eternatus|Meteor Beam||[still]
|-prepare|p2a: Eternatus|Meteor Beam
|-boost|p2a: Eternatus|spa|1
|-enditem|p2a: Eternatus|Power Herb
|-anim|p2a: Eternatus|Meteor Beam|p1a: Tyranitar
|-damage|p1a: Tyranitar|71/100
|
|-weather|Sandstorm|[upkeep]
|-damage|p2a: Eternatus|76/100|[from] Sandstorm
|upkeep
|turn|8
|
|t:|1621044528
|move|p2a: Eternatus|Dynamax Cannon|p1a: Tyranitar
|-damage|p1a: Tyranitar|35/100
|move|p1a: Tyranitar|Rock Blast|p2a: Eternatus
|-damage|p2a: Eternatus|65/100
|-damage|p2a: Eternatus|55/100
|-hitcount|p2a: Eternatus|2
|
|-weather|Sandstorm|[upkeep]
|-damage|p2a: Eternatus|49/100|[from] Sandstorm
|upkeep
|turn|9
|
|t:|1621044531
|switch|p1a: Blissey|Blissey, F|100/100
|move|p2a: Eternatus|Dynamax Cannon|p1a: Blissey
|-damage|p1a: Blissey|72/100
|
|-weather|none
|upkeep
|turn|10
|
|t:|1621044535
|move|p2a: Eternatus|Recover|p2a: Eternatus
|-heal|p2a: Eternatus|99/100
|move|p1a: Blissey|Confide|p2a: Eternatus
|-unboost|p2a: Eternatus|spa|1
|
|upkeep
|turn|11
|
|t:|1621044538
|move|p2a: Eternatus|Meteor Beam||[still]
|-prepare|p2a: Eternatus|Meteor Beam
|-boost|p2a: Eternatus|spa|1
|move|p1a: Blissey|Confide|p2a: Eternatus
|-unboost|p2a: Eternatus|spa|1
|
|upkeep
|turn|12
|
|t:|1621044542
|move|p2a: Eternatus|Meteor Beam|p1a: Blissey|[from]lockedmove
|-damage|p1a: Blissey|56/100
|move|p1a: Blissey|Confide|p2a: Eternatus
|-unboost|p2a: Eternatus|spa|1
|
|upkeep
|turn|13
|
|t:|1621044545
|move|p2a: Eternatus|Meteor Beam||[still]
|-prepare|p2a: Eternatus|Meteor Beam
|-boost|p2a: Eternatus|spa|1
|move|p1a: Blissey|Soft-Boiled|p1a: Blissey
|-heal|p1a: Blissey|100/100
|
|upkeep
|turn|14
|
|t:|1621044546
|move|p2a: Eternatus|Meteor Beam|p1a: Blissey|[from]lockedmove
|-damage|p1a: Blissey|84/100
|move|p1a: Blissey|Confide|p2a: Eternatus
|-unboost|p2a: Eternatus|spa|1
|
|upkeep
|turn|15
|
|t:|1621044553
|move|p2a: Eternatus|Meteor Beam||[still]
|-prepare|p2a: Eternatus|Meteor Beam
|-boost|p2a: Eternatus|spa|1
|move|p1a: Blissey|Confide|p2a: Eternatus
|-unboost|p2a: Eternatus|spa|1
|
|upkeep
|turn|16
|
|t:|1621044556
|move|p2a: Eternatus|Meteor Beam|p1a: Blissey|[from]lockedmove
|-damage|p1a: Blissey|73/100
|move|p1a: Blissey|Confide|p2a: Eternatus
|-unboost|p2a: Eternatus|spa|1
|
|upkeep
|turn|17
|
|t:|1621044559
|move|p2a: Eternatus|Meteor Beam||[still]
|-prepare|p2a: Eternatus|Meteor Beam
|-boost|p2a: Eternatus|spa|1
|move|p1a: Blissey|Shadow Ball|p2a: Eternatus
|-damage|p2a: Eternatus|86/100
|
|upkeep
|turn|18
|
|t:|1621044561
|move|p2a: Eternatus|Meteor Beam|p1a: Blissey|[from]lockedmove
|-damage|p1a: Blissey|62/100
|move|p1a: Blissey|Confide|p2a: Eternatus
|-unboost|p2a: Eternatus|spa|1
|
|upkeep
|turn|19
|
|t:|1621044568
|move|p2a: Eternatus|Sludge Bomb|p1a: Blissey
|-damage|p1a: Blissey|54/100
|-status|p1a: Blissey|psn
|move|p1a: Blissey|Confide|p2a: Eternatus
|-unboost|p2a: Eternatus|spa|1
|
|-damage|p1a: Blissey|42/100 psn|[from] psn
|upkeep
|turn|20
|
|t:|1621044573
|switch|p2a: Yveltal|Yveltal|94/100
|-ability|p2a: Yveltal|Dark Aura
|move|p1a: Blissey|Soft-Boiled|p1a: Blissey
|-heal|p1a: Blissey|92/100 psn
|
|-damage|p1a: Blissey|80/100 psn|[from] psn
|upkeep
|turn|21
|
|t:|1621044578
|switch|p1a: Eternatus|Eternatus|100/100
|-damage|p1a: Eternatus|88/100|[from] Stealth Rock
|-ability|p1a: Eternatus|Pressure
|move|p2a: Yveltal|Knock Off|p1a: Eternatus
|-crit|p1a: Eternatus
|-damage|p1a: Eternatus|18/100
|-enditem|p1a: Eternatus|Leftovers|[from] move: Knock Off|[of] p2a: Yveltal
|
|upkeep
|turn|22
|
|t:|1621044590
|switch|p2a: Eternatus|Eternatus|86/100
|-ability|p2a: Eternatus|Pressure
|move|p1a: Eternatus|Recover|p1a: Eternatus
|-heal|p1a: Eternatus|68/100
|
|upkeep
|turn|23
|
|t:|1621044596
|switch|p1a: Tyranitar|Tyranitar, F|35/100
|-weather|Sandstorm|[from] ability: Sand Stream|[of] p1a: Tyranitar
|move|p2a: Eternatus|Meteor Beam||[still]
|-prepare|p2a: Eternatus|Meteor Beam
|-boost|p2a: Eternatus|spa|1
|
|-weather|Sandstorm|[upkeep]
|-damage|p2a: Eternatus|79/100|[from] Sandstorm
|upkeep
|turn|24
|
|t:|1621044600
|switch|p1a: Blissey|Blissey, F|80/100
|move|p2a: Eternatus|Meteor Beam|p1a: Blissey|[from]lockedmove
|-damage|p1a: Blissey|58/100
|
|-weather|Sandstorm|[upkeep]
|-damage|p2a: Eternatus|73/100|[from] Sandstorm
|-damage|p1a: Blissey|52/100|[from] Sandstorm
|upkeep
|turn|25
|
|t:|1621044605
|move|p2a: Eternatus|Sludge Bomb|p1a: Blissey
|-damage|p1a: Blissey|27/100
|move|p1a: Blissey|Soft-Boiled|p1a: Blissey
|-heal|p1a: Blissey|77/100
|
|-weather|Sandstorm|[upkeep]
|-damage|p2a: Eternatus|67/100|[from] Sandstorm
|-damage|p1a: Blissey|71/100|[from] Sandstorm
|upkeep
|turn|26
|
|t:|1621044608
|move|p2a: Eternatus|Sludge Bomb|p1a: Blissey
|-damage|p1a: Blissey|43/100
|move|p1a: Blissey|Confide|p2a: Eternatus
|-unboost|p2a: Eternatus|spa|1
|
|-weather|Sandstorm|[upkeep]
|-damage|p2a: Eternatus|61/100|[from] Sandstorm
|-damage|p1a: Blissey|37/100|[from] Sandstorm
|upkeep
|turn|27
|
|t:|1621044611
|move|p2a: Eternatus|Meteor Beam||[still]
|-prepare|p2a: Eternatus|Meteor Beam
|-boost|p2a: Eternatus|spa|1
|move|p1a: Blissey|Soft-Boiled|p1a: Blissey
|-heal|p1a: Blissey|87/100
|
|-weather|none
|upkeep
|turn|28
|
|t:|1621044616
|move|p2a: Eternatus|Meteor Beam|p1a: Blissey|[from]lockedmove
|-damage|p1a: Blissey|63/100
|move|p1a: Blissey|Confide|p2a: Eternatus
|-unboost|p2a: Eternatus|spa|1
|
|upkeep
|turn|29
|
|t:|1621044624
|switch|p1a: Toxapex|Toxapex, M|100/100
|-damage|p1a: Toxapex|88/100|[from] Stealth Rock
|move|p2a: Eternatus|Meteor Beam||[still]
|-prepare|p2a: Eternatus|Meteor Beam
|-boost|p2a: Eternatus|spa|1
|
|upkeep
|turn|30
|
|t:|1621044629
|move|p2a: Eternatus|Meteor Beam|p1a: Toxapex|[from]lockedmove
|-damage|p1a: Toxapex|28/100
|move|p1a: Toxapex|Scald|p2a: Eternatus
|-resisted|p2a: Eternatus
|-damage|p2a: Eternatus|54/100
|-status|p2a: Eternatus|brn
|
|-damage|p2a: Eternatus|48/100 brn|[from] brn
|upkeep
|turn|31
|
|t:|1621044633
|switch|p1a: Blissey|Blissey, F|63/100
|move|p2a: Eternatus|Recover|p2a: Eternatus
|-heal|p2a: Eternatus|98/100 brn
|
|-damage|p2a: Eternatus|91/100 brn|[from] brn
|upkeep
|turn|32
|
|t:|1621044637
|move|p2a: Eternatus|Sludge Bomb|p1a: Blissey
|-damage|p1a: Blissey|37/100
|move|p1a: Blissey|Soft-Boiled|p1a: Blissey
|-heal|p1a: Blissey|87/100
|
|-damage|p2a: Eternatus|85/100 brn|[from] brn
|upkeep
|turn|33
|
|t:|1621044640
|move|p2a: Eternatus|Sludge Bomb|p1a: Blissey
|-damage|p1a: Blissey|63/100
|move|p1a: Blissey|Confide|p2a: Eternatus
|-unboost|p2a: Eternatus|spa|1
|
|-damage|p2a: Eternatus|79/100 brn|[from] brn
|upkeep
|turn|34
|
|t:|1621044649
|move|p2a: Eternatus|Dynamax Cannon|p1a: Blissey
|-crit|p1a: Blissey
|-damage|p1a: Blissey|34/100
|move|p1a: Blissey|Shadow Ball|p2a: Eternatus
|-damage|p2a: Eternatus|67/100 brn
|
|-damage|p2a: Eternatus|61/100 brn|[from] brn
|upkeep
|turn|35
|
|t:|1621044654
|switch|p2a: Groudon|Groudon|100/100
|-weather|SunnyDay|[from] ability: Drought|[of] p2a: Groudon
|move|p1a: Blissey|Soft-Boiled|p1a: Blissey
|-heal|p1a: Blissey|84/100
|
|-weather|SunnyDay|[upkeep]
|upkeep
|turn|36
|
|t:|1621044657
|switch|p2a: Calyrex|Calyrex-Shadow|100/100
|-ability|p2a: Calyrex|As One
|-ability|p2a: Calyrex|Unnerve
|switch|p1a: Tangrowth|Tangrowth, F|100/100
|-damage|p1a: Tangrowth|88/100|[from] Stealth Rock
|
|-weather|SunnyDay|[upkeep]
|upkeep
|turn|37
|
|t:|1621044663
|switch|p1a: Blissey|Blissey, F|84/100
|move|p2a: Calyrex|Astral Barrage|p1a: Blissey
|-immune|p1a: Blissey
|
|-weather|SunnyDay|[upkeep]
|upkeep
|turn|38
|
|t:|1621044670
|switch|p2a: Groudon|Groudon|100/100
|switch|p1a: Tyranitar|Tyranitar, F|35/100
|-weather|Sandstorm|[from] ability: Sand Stream|[of] p1a: Tyranitar
|
|-weather|Sandstorm|[upkeep]
|upkeep
|turn|39
|
|t:|1621044676
|switch|p1a: Tangrowth|Tangrowth, F|100/100
|-damage|p1a: Tangrowth|88/100|[from] Stealth Rock
|move|p2a: Groudon|Thunder Wave|p1a: Tangrowth
|-status|p1a: Tangrowth|par
|
|-weather|Sandstorm|[upkeep]
|-damage|p1a: Tangrowth|82/100 par|[from] Sandstorm
|upkeep
|turn|40
|
|t:|1621044682
|switch|p2a: Necrozma|Necrozma-Dusk-Mane|100/100
|move|p1a: Tangrowth|Leech Seed|p2a: Necrozma
|-start|p2a: Necrozma|move: Leech Seed
|
|-weather|Sandstorm|[upkeep]
|-damage|p1a: Tangrowth|76/100 par|[from] Sandstorm
|-damage|p2a: Necrozma|88/100|[from] Leech Seed|[of] p1a: Tangrowth
|-heal|p1a: Tangrowth|88/100 par|[silent]
|upkeep
|turn|41
|
|t:|1621044688
|switch|p2a: Eternatus|Eternatus|61/100 brn
|-ability|p2a: Eternatus|Pressure
|cant|p1a: Tangrowth|par
|
|-weather|Sandstorm|[upkeep]
|-damage|p2a: Eternatus|55/100 brn|[from] Sandstorm
|-damage|p1a: Tangrowth|82/100 par|[from] Sandstorm
|-damage|p2a: Eternatus|48/100 brn|[from] brn
|upkeep
|turn|42
|
|t:|1621044700
|switch|p2a: Kyogre|Kyogre|100/100
|-weather|RainDance|[from] ability: Drizzle|[of] p2a: Kyogre
|cant|p1a: Tangrowth|par
|
|-weather|RainDance|[upkeep]
|upkeep
|turn|43
|
|t:|1621044708
|switch|p1a: Blissey|Blissey, F|84/100
|move|p2a: Kyogre|Substitute|p2a: Kyogre
|-start|p2a: Kyogre|Substitute
|-damage|p2a: Kyogre|75/100
|
|-weather|RainDance|[upkeep]
|-heal|p2a: Kyogre|82/100|[from] item: Leftovers
|upkeep
|turn|44
|
|t:|1621044712
|move|p2a: Kyogre|Calm Mind|p2a: Kyogre
|-boost|p2a: Kyogre|spa|1
|-boost|p2a: Kyogre|spd|1
|move|p1a: Blissey|Confide|p2a: Kyogre
|-unboost|p2a: Kyogre|spa|1
|
|-weather|RainDance|[upkeep]
|-heal|p2a: Kyogre|88/100|[from] item: Leftovers
|upkeep
|turn|45
|
|t:|1621044719
|switch|p1a: Eternatus|Eternatus|68/100
|-damage|p1a: Eternatus|55/100|[from] Stealth Rock
|-ability|p1a: Eternatus|Pressure
|move|p2a: Kyogre|Calm Mind|p2a: Kyogre
|-boost|p2a: Kyogre|spa|1
|-boost|p2a: Kyogre|spd|1
|
|-weather|RainDance|[upkeep]
|-heal|p2a: Kyogre|94/100|[from] item: Leftovers
|upkeep
|turn|46
|
|t:|1621044724
|move|p1a: Eternatus|Dragon Pulse|p2a: Kyogre
|-activate|p2a: Kyogre|move: Substitute|[damage]
|move|p2a: Kyogre|Thunder|p1a: Eternatus
|-resisted|p1a: Eternatus
|-damage|p1a: Eternatus|39/100
|
|-weather|none
|-heal|p2a: Kyogre|99/100|[from] item: Leftovers
|upkeep
|turn|47
|
|t:|1621044732
|move|p1a: Eternatus|Recover|p1a: Eternatus
|-heal|p1a: Eternatus|89/100
|move|p2a: Kyogre|Thunder|p1a: Eternatus|[miss]
|-miss|p2a: Kyogre|p1a: Eternatus
|
|-heal|p2a: Kyogre|100/100|[from] item: Leftovers
|upkeep
|turn|48
|
|t:|1621044736
|move|p1a: Eternatus|Dragon Pulse|p2a: Kyogre
|-activate|p2a: Kyogre|move: Substitute|[damage]
|move|p2a: Kyogre|Thunder|p1a: Eternatus
|-resisted|p1a: Eternatus
|-damage|p1a: Eternatus|72/100
|
|upkeep
|turn|49
|
|t:|1621044739
|move|p1a: Eternatus|Dragon Pulse|p2a: Kyogre
|-end|p2a: Kyogre|Substitute
|move|p2a: Kyogre|Substitute|p2a: Kyogre
|-start|p2a: Kyogre|Substitute
|-damage|p2a: Kyogre|75/100
|
|-heal|p2a: Kyogre|82/100|[from] item: Leftovers
|upkeep
|turn|50
|
|t:|1621044742
|move|p1a: Eternatus|Dragon Pulse|p2a: Kyogre
|-activate|p2a: Kyogre|move: Substitute|[damage]
|move|p2a: Kyogre|Calm Mind|p2a: Kyogre
|-boost|p2a: Kyogre|spa|1
|-boost|p2a: Kyogre|spd|1
|
|-heal|p2a: Kyogre|88/100|[from] item: Leftovers
|upkeep
|turn|51
|
|t:|1621044746
|move|p1a: Eternatus|Recover|p1a: Eternatus
|-heal|p1a: Eternatus|100/100
|move|p2a: Kyogre|Calm Mind|p2a: Kyogre
|-boost|p2a: Kyogre|spa|1
|-boost|p2a: Kyogre|spd|1
|
|-heal|p2a: Kyogre|94/100|[from] item: Leftovers
|upkeep
|turn|52
|
|t:|1621044749
|move|p1a: Eternatus|Shadow Ball|p2a: Kyogre
|-activate|p2a: Kyogre|move: Substitute|[damage]
|move|p2a: Kyogre|Calm Mind|p2a: Kyogre
|-boost|p2a: Kyogre|spa|1
|-boost|p2a: Kyogre|spd|1
|
|-heal|p2a: Kyogre|99/100|[from] item: Leftovers
|upkeep
|turn|53
|j| Luna's Bann3d N0w
|
|t:|1621044756
|move|p1a: Eternatus|Shadow Ball|p2a: Kyogre
|-activate|p2a: Kyogre|move: Substitute|[damage]
|move|p2a: Kyogre|Substitute|p2a: Kyogre
|-fail|p2a: Kyogre|move: Substitute
|
|-heal|p2a: Kyogre|100/100|[from] item: Leftovers
|upkeep
|turn|54
|
|t:|1621044759
|move|p1a: Eternatus|Shadow Ball|p2a: Kyogre
|-end|p2a: Kyogre|Substitute
|move|p2a: Kyogre|Substitute|p2a: Kyogre
|-start|p2a: Kyogre|Substitute
|-damage|p2a: Kyogre|75/100
|
|-heal|p2a: Kyogre|82/100|[from] item: Leftovers
|upkeep
|turn|55
|
|t:|1621044764
|move|p1a: Eternatus|Shadow Ball|p2a: Kyogre
|-activate|p2a: Kyogre|move: Substitute|[damage]
|move|p2a: Kyogre|Calm Mind|p2a: Kyogre
|-boost|p2a: Kyogre|spa|1
|-boost|p2a: Kyogre|spd|1
|
|-heal|p2a: Kyogre|88/100|[from] item: Leftovers
|upkeep
|turn|56
|
|t:|1621044768
|move|p1a: Eternatus|Shadow Ball|p2a: Kyogre
|-activate|p2a: Kyogre|move: Substitute|[damage]
|move|p2a: Kyogre|Calm Mind|p2a: Kyogre
|-boost|p2a: Kyogre|spa|1
|-boost|p2a: Kyogre|spd|0
|
|-heal|p2a: Kyogre|94/100|[from] item: Leftovers
|upkeep
|turn|57
|
|t:|1621044770
|move|p1a: Eternatus|Shadow Ball|p2a: Kyogre
|-activate|p2a: Kyogre|move: Substitute|[damage]
|move|p2a: Kyogre|Thunder|p1a: Eternatus
|-resisted|p1a: Eternatus
|-damage|p1a: Eternatus|51/100
|
|-heal|p2a: Kyogre|99/100|[from] item: Leftovers
|upkeep
|turn|58
|
|t:|1621044775
|move|p1a: Eternatus|Recover|p1a: Eternatus
|-heal|p1a: Eternatus|100/100
|move|p2a: Kyogre|Thunder|p1a: Eternatus
|-resisted|p1a: Eternatus
|-crit|p1a: Eternatus
|-damage|p1a: Eternatus|25/100
|
|-heal|p2a: Kyogre|100/100|[from] item: Leftovers
|upkeep
|turn|59
|j| fardin ❤
|
|t:|1621044779
|move|p1a: Eternatus|Recover|p1a: Eternatus
|-heal|p1a: Eternatus|75/100
|move|p2a: Kyogre|Surf|p1a: Eternatus
|-resisted|p1a: Eternatus
|-damage|p1a: Eternatus|17/100
|
|upkeep
|turn|60
|
|t:|1621044790
|move|p1a: Eternatus|Recover|p1a: Eternatus
|-heal|p1a: Eternatus|67/100
|move|p2a: Kyogre|Surf|p1a: Eternatus
|-resisted|p1a: Eternatus
|-damage|p1a: Eternatus|10/100
|
|upkeep
|turn|61
|
|t:|1621044794
|move|p1a: Eternatus|Recover|p1a: Eternatus
|-heal|p1a: Eternatus|60/100
|move|p2a: Kyogre|Surf|p1a: Eternatus
|-resisted|p1a: Eternatus
|-damage|p1a: Eternatus|0 fnt
|faint|p1a: Eternatus
|
|upkeep
|-message|ULT8RQ BNET forfeited.
|
|win|ayumus snake
|raw|ULT8RQ BNET's rating: 1614 &rarr; <strong>1591</strong><br />(-23 for losing)
|raw|ayumus snake's rating: 1555 &rarr; <strong>1578</strong><br />(+23 for winning)
|l|☆ULT8RQ BNET
|l| Luna's Bann3d N0w
