|j|☆HTezcat04
|j|☆Deveats
|player|p1|HTezcat04|plasmagrunt-gen5bw|1482
|player|p2|Deveats|101|1335
|teamsize|p1|6
|teamsize|p2|6
|gametype|singles
|gen|8
|tier|[Gen 8] Ubers
|rated|
|clearpoke
|poke|p1|Necrozma-Dusk-Mane|
|poke|p1|Marshadow|
|poke|p1|Zekrom|
|poke|p1|Ditto|
|poke|p1|Zacian-Crowned|
|poke|p1|Tyranitar, F|
|poke|p2|Vaporeon, F|
|poke|p2|Lunala|
|poke|p2|Quagsire, M|
|poke|p2|Zacian-Crowned|
|poke|p2|Eternatus|
|poke|p2|Mandibuzz, F|
|rule|Sleep Clause Mod: Limit one foe put to sleep
|rule|Species Clause: Limit one of each Pokémon
|rule|OHKO Clause: OHKO moves are banned
|rule|Evasion Moves Clause: Evasion moves are banned
|rule|Endless Battle Clause: Forcing endless battles is banned
|rule|HP Percentage Mod: HP is shown in percentages
|html|Ubers Dynamax Clause: Pokémon on the <a href="https://www.smogon.com/dex/ss/formats/uber/">Ubers Dynamax Banlist</a> cannot Dynamax.
|teampreview
|inactive|Battle timer is ON: inactive players will automatically lose when time's up. (requested by HTezcat04)
|
|start
|switch|p1a: Illoilloillo|Zacian-Crowned|100/100
|switch|p2a: Lunala|Lunala|100/100
|-ability|p1a: Illoilloillo|Intrepid Sword|boost
|-boost|p1a: Illoilloillo|atk|1
|turn|1
|
|switch|p2a: Quagsire|Quagsire, M|100/100
|move|p1a: Illoilloillo|Crunch|p2a: Quagsire
|-damage|p2a: Quagsire|76/100
|
|-heal|p2a: Quagsire|82/100|[from] item: Leftovers
|upkeep
|turn|2
|
|move|p1a: Illoilloillo|Play Rough|p2a: Quagsire
|-damage|p2a: Quagsire|36/100
|move|p2a: Quagsire|Yawn|p1a: Illoilloillo
|-start|p1a: Illoilloillo|move: Yawn|[of] p2a: Quagsire
|
|-heal|p2a: Quagsire|42/100|[from] item: Leftovers
|upkeep
|turn|3
|
|switch|p1a: Manolo Pérez|Tyranitar, F|100/100
|-weather|Sandstorm|[from] ability: Sand Stream|[of] p1a: Manolo Pérez
|switch|p2a: Zacian|Zacian-Crowned|100/100
|-ability|p2a: Zacian|Intrepid Sword|boost
|-boost|p2a: Zacian|atk|1
|
|-weather|Sandstorm|[upkeep]
|upkeep
|turn|4
|
|switch|p1a: Juan Ramírez|Necrozma-Dusk-Mane|100/100
|move|p2a: Zacian|Behemoth Blade|p1a: Juan Ramírez
|-resisted|p1a: Juan Ramírez
|-damage|p1a: Juan Ramírez|77/100
|
|-weather|Sandstorm|[upkeep]
|upkeep
|turn|5
|
|switch|p2a: Mandibuzz|Mandibuzz, F|100/100
|move|p1a: Juan Ramírez|Earthquake|p2a: Mandibuzz
|-immune|p2a: Mandibuzz
|
|-weather|Sandstorm|[upkeep]
|upkeep
|turn|6
|
|move|p1a: Juan Ramírez|Dragon Dance|p1a: Juan Ramírez
|-boost|p1a: Juan Ramírez|atk|1
|-boost|p1a: Juan Ramírez|spe|1
|move|p2a: Mandibuzz|Knock Off|p1a: Juan Ramírez
|-supereffective|p1a: Juan Ramírez
|-damage|p1a: Juan Ramírez|58/100
|-enditem|p1a: Juan Ramírez|Weakness Policy
|-boost|p1a: Juan Ramírez|atk|2|[from] item: Weakness Policy
|-boost|p1a: Juan Ramírez|spa|2|[from] item: Weakness Policy
|
|-weather|Sandstorm|[upkeep]
|upkeep
|turn|7
|
|move|p1a: Juan Ramírez|Sunsteel Strike|p2a: Mandibuzz
|-damage|p2a: Mandibuzz|12/100
|move|p2a: Mandibuzz|Foul Play|p1a: Juan Ramírez
|-supereffective|p1a: Juan Ramírez
|-damage|p1a: Juan Ramírez|0 fnt
|faint|p1a: Juan Ramírez
|
|-weather|none
|-heal|p2a: Mandibuzz|18/100|[from] item: Leftovers
|upkeep
|
|switch|p1a: Javier Sarda|Marshadow|100/100
|turn|8
|
|move|p1a: Javier Sarda|Close Combat|p2a: Mandibuzz
|-damage|p2a: Mandibuzz|0 fnt
|-unboost|p1a: Javier Sarda|def|1
|-unboost|p1a: Javier Sarda|spd|1
|-damage|p1a: Javier Sarda|91/100|[from] item: Life Orb
|faint|p2a: Mandibuzz
|
|upkeep
|
|switch|p2a: Zacian|Zacian-Crowned|100/100
|-ability|p2a: Zacian|Intrepid Sword|boost
|-boost|p2a: Zacian|atk|1
|turn|9
|
|switch|p1a: Antonio Sánchez|Ditto|100/100
|-transform|p1a: Antonio Sánchez|p2a: Zacian|[from] ability: Imposter
|-ability|p1a: Antonio Sánchez|Intrepid Sword|boost
|-boost|p1a: Antonio Sánchez|atk|1
|move|p2a: Zacian|Behemoth Blade|p1a: Antonio Sánchez
|-damage|p1a: Antonio Sánchez|4/100
|
|upkeep
|turn|10
|
|switch|p2a: Quagsire|Quagsire, M|42/100
|move|p1a: Antonio Sánchez|Behemoth Blade|p2a: Quagsire
|-resisted|p2a: Quagsire
|-damage|p2a: Quagsire|18/100
|
|-heal|p2a: Quagsire|24/100|[from] item: Leftovers
|upkeep
|turn|11
|
|move|p1a: Antonio Sánchez|Behemoth Blade|p2a: Quagsire
|-resisted|p2a: Quagsire
|-damage|p2a: Quagsire|3/100
|move|p2a: Quagsire|Recover|p2a: Quagsire
|-heal|p2a: Quagsire|53/100
|
|-heal|p2a: Quagsire|59/100|[from] item: Leftovers
|upkeep
|turn|12
|
|switch|p1a: Illoilloillo|Zacian-Crowned|100/100
|-ability|p1a: Illoilloillo|Intrepid Sword|boost
|-boost|p1a: Illoilloillo|atk|1
|move|p2a: Quagsire|Scald|p1a: Illoilloillo
|-crit|p1a: Illoilloillo
|-damage|p1a: Illoilloillo|75/100
|
|-heal|p2a: Quagsire|65/100|[from] item: Leftovers
|upkeep
|turn|13
|
|move|p1a: Illoilloillo|Play Rough|p2a: Quagsire
|-crit|p2a: Quagsire
|-damage|p2a: Quagsire|0 fnt
|faint|p2a: Quagsire
|
|upkeep
|
|switch|p2a: Zacian|Zacian-Crowned|100/100
|-ability|p2a: Zacian|Intrepid Sword|boost
|-boost|p2a: Zacian|atk|1
|turn|14
|
|move|p1a: Illoilloillo|Protect|p1a: Illoilloillo
|-singleturn|p1a: Illoilloillo|Protect
|move|p2a: Zacian|Behemoth Blade|p1a: Illoilloillo
|-activate|p1a: Illoilloillo|move: Protect
|
|upkeep
|turn|15
|
|switch|p1a: Er mehó|Zekrom|100/100
|-ability|p1a: Er mehó|Teravolt
|move|p2a: Zacian|Behemoth Blade|p1a: Er mehó
|-resisted|p1a: Er mehó
|-damage|p1a: Er mehó|60/100
|
|-heal|p1a: Er mehó|66/100|[from] item: Leftovers
|upkeep
|turn|16
|
|move|p2a: Zacian|Play Rough|p1a: Er mehó|[miss]
|-miss|p2a: Zacian|p1a: Er mehó
|move|p1a: Er mehó|Dragon Dance|p1a: Er mehó
|-boost|p1a: Er mehó|atk|1
|-boost|p1a: Er mehó|spe|1
|
|-heal|p1a: Er mehó|72/100|[from] item: Leftovers
|upkeep
|turn|17
|c|☆Deveats|lol...
|c|☆HTezcat04|srry
|
|move|p2a: Zacian|Play Rough|p1a: Er mehó
|-supereffective|p1a: Er mehó
|-damage|p1a: Er mehó|0 fnt
|faint|p1a: Er mehó
|
|upkeep
|c|☆HTezcat04|lol full spe
|
|switch|p1a: Antonio Sánchez|Ditto|4/100
|-transform|p1a: Antonio Sánchez|p2a: Zacian|[from] ability: Imposter
|-ability|p1a: Antonio Sánchez|Intrepid Sword|boost
|-boost|p1a: Antonio Sánchez|atk|1
|turn|18
|
|switch|p2a: Vaporeon|Vaporeon, F|100/100
|move|p1a: Antonio Sánchez|Close Combat|p2a: Vaporeon
|-crit|p2a: Vaporeon
|-damage|p2a: Vaporeon|0 fnt
|-unboost|p1a: Antonio Sánchez|def|1
|-unboost|p1a: Antonio Sánchez|spd|1
|faint|p2a: Vaporeon
|
|upkeep
|c|☆HTezcat04|lol
|
|switch|p2a: Eternatus|Eternatus|100/100
|-ability|p2a: Eternatus|Pressure
|turn|19
|
|switch|p1a: Manolo Pérez|Tyranitar, F|100/100
|-weather|Sandstorm|[from] ability: Sand Stream|[of] p1a: Manolo Pérez
|move|p2a: Eternatus|Cosmic Power|p2a: Eternatus
|-boost|p2a: Eternatus|def|1
|-boost|p2a: Eternatus|spd|1
|
|-weather|Sandstorm|[upkeep]
|-damage|p2a: Eternatus|94/100|[from] Sandstorm
|-heal|p2a: Eternatus|100/100|[from] item: Black Sludge
|upkeep
|turn|20
|
|-start|p1a: Manolo Pérez|Dynamax
|-heal|p1a: Manolo Pérez|100/100|[silent]
|move|p2a: Eternatus|Toxic|p1a: Manolo Pérez
|-status|p1a: Manolo Pérez|tox
|move|p1a: Manolo Pérez|Max Quake|p2a: Eternatus
|-supereffective|p2a: Eternatus
|-damage|p2a: Eternatus|73/100
|-boost|p1a: Manolo Pérez|spd|1
|
|-weather|Sandstorm|[upkeep]
|-damage|p2a: Eternatus|67/100|[from] Sandstorm
|-heal|p2a: Eternatus|73/100|[from] item: Black Sludge
|-damage|p1a: Manolo Pérez|97/100 tox|[from] psn
|upkeep
|turn|21
|
|move|p2a: Eternatus|Cosmic Power|p2a: Eternatus
|-boost|p2a: Eternatus|def|1
|-boost|p2a: Eternatus|spd|1
|move|p1a: Manolo Pérez|Max Quake|p2a: Eternatus
|-supereffective|p2a: Eternatus
|-damage|p2a: Eternatus|49/100
|-boost|p1a: Manolo Pérez|spd|1
|
|-weather|Sandstorm|[upkeep]
|-damage|p2a: Eternatus|43/100|[from] Sandstorm
|-heal|p2a: Eternatus|49/100|[from] item: Black Sludge
|-damage|p1a: Manolo Pérez|91/100 tox|[from] psn
|upkeep
|turn|22
|
|move|p2a: Eternatus|Recover|p2a: Eternatus
|-heal|p2a: Eternatus|99/100
|move|p1a: Manolo Pérez|Max Quake|p2a: Eternatus
|-supereffective|p2a: Eternatus
|-damage|p2a: Eternatus|76/100
|-boost|p1a: Manolo Pérez|spd|1
|
|-weather|Sandstorm|[upkeep]
|-damage|p2a: Eternatus|70/100|[from] Sandstorm
|-heal|p2a: Eternatus|76/100|[from] item: Black Sludge
|-damage|p1a: Manolo Pérez|82/100 tox|[from] psn
|-end|p1a: Manolo Pérez|Dynamax
|-heal|p1a: Manolo Pérez|82/100 tox|[silent]
|upkeep
|turn|23
|
|move|p2a: Eternatus|Flamethrower|p1a: Manolo Pérez
|-resisted|p1a: Manolo Pérez
|-damage|p1a: Manolo Pérez|80/100 tox
|move|p1a: Manolo Pérez|Stealth Rock|p2a: Eternatus
|-sidestart|p2: Deveats|move: Stealth Rock
|
|-weather|none
|-heal|p2a: Eternatus|82/100|[from] item: Black Sludge
|-damage|p1a: Manolo Pérez|55/100 tox|[from] psn
|upkeep
|turn|24
|
|move|p2a: Eternatus|Flamethrower|p1a: Manolo Pérez
|-resisted|p1a: Manolo Pérez
|-damage|p1a: Manolo Pérez|51/100 tox
|move|p1a: Manolo Pérez|Rest|p1a: Manolo Pérez
|-status|p1a: Manolo Pérez|slp|[from] move: Rest
|-heal|p1a: Manolo Pérez|100/100 slp|[silent]
|
|-heal|p2a: Eternatus|89/100|[from] item: Black Sludge
|upkeep
|turn|25
|
|move|p2a: Eternatus|Cosmic Power|p2a: Eternatus
|-boost|p2a: Eternatus|def|1
|-boost|p2a: Eternatus|spd|1
|cant|p1a: Manolo Pérez|slp
|
|-heal|p2a: Eternatus|95/100|[from] item: Black Sludge
|upkeep
|turn|26
|
|move|p2a: Eternatus|Flamethrower|p1a: Manolo Pérez
|-resisted|p1a: Manolo Pérez
|-damage|p1a: Manolo Pérez|97/100 slp
|cant|p1a: Manolo Pérez|slp
|
|-heal|p2a: Eternatus|100/100|[from] item: Black Sludge
|upkeep
|turn|27
|
|move|p2a: Eternatus|Cosmic Power|p2a: Eternatus
|-boost|p2a: Eternatus|def|1
|-boost|p2a: Eternatus|spd|1
|-curestatus|p1a: Manolo Pérez|slp|[msg]
|move|p1a: Manolo Pérez|Earthquake|p2a: Eternatus
|-supereffective|p2a: Eternatus
|-damage|p2a: Eternatus|89/100
|
|-heal|p2a: Eternatus|95/100|[from] item: Black Sludge
|upkeep
|turn|28
|inactive|HTezcat04 has 120 seconds left.
|
|move|p2a: Eternatus|Toxic|p1a: Manolo Pérez
|-status|p1a: Manolo Pérez|tox
|move|p1a: Manolo Pérez|Earthquake|p2a: Eternatus
|-supereffective|p2a: Eternatus
|-damage|p2a: Eternatus|83/100
|
|-heal|p2a: Eternatus|89/100|[from] item: Black Sludge
|-damage|p1a: Manolo Pérez|91/100 tox|[from] psn
|upkeep
|turn|29
|
|move|p2a: Eternatus|Cosmic Power|p2a: Eternatus
|-boost|p2a: Eternatus|def|1
|-boost|p2a: Eternatus|spd|1
|move|p1a: Manolo Pérez|Earthquake|p2a: Eternatus
|-supereffective|p2a: Eternatus
|-damage|p2a: Eternatus|79/100
|
|-heal|p2a: Eternatus|85/100|[from] item: Black Sludge
|-damage|p1a: Manolo Pérez|78/100 tox|[from] psn
|upkeep
|turn|30
|
|move|p2a: Eternatus|Flamethrower|p1a: Manolo Pérez
|-resisted|p1a: Manolo Pérez
|-damage|p1a: Manolo Pérez|75/100 tox
|move|p1a: Manolo Pérez|Earthquake|p2a: Eternatus
|-supereffective|p2a: Eternatus
|-damage|p2a: Eternatus|75/100
|
|-heal|p2a: Eternatus|81/100|[from] item: Black Sludge
|-damage|p1a: Manolo Pérez|56/100 tox|[from] psn
|upkeep
|turn|31
|
|move|p2a: Eternatus|Flamethrower|p1a: Manolo Pérez
|-resisted|p1a: Manolo Pérez
|-damage|p1a: Manolo Pérez|52/100 tox
|move|p1a: Manolo Pérez|Earthquake|p2a: Eternatus
|-supereffective|p2a: Eternatus
|-damage|p2a: Eternatus|72/100
|
|-heal|p2a: Eternatus|78/100|[from] item: Black Sludge
|-damage|p1a: Manolo Pérez|28/100 tox|[from] psn
|upkeep
|turn|32
|
|move|p2a: Eternatus|Cosmic Power|p2a: Eternatus
|-boost|p2a: Eternatus|def|1
|-boost|p2a: Eternatus|spd|1
|move|p1a: Manolo Pérez|Rest|p1a: Manolo Pérez
|-status|p1a: Manolo Pérez|slp|[from] move: Rest
|-heal|p1a: Manolo Pérez|100/100 slp|[silent]
|
|-heal|p2a: Eternatus|84/100|[from] item: Black Sludge
|upkeep
|turn|33
|
|move|p2a: Eternatus|Flamethrower|p1a: Manolo Pérez
|-resisted|p1a: Manolo Pérez
|-damage|p1a: Manolo Pérez|97/100 slp
|cant|p1a: Manolo Pérez|slp
|
|-heal|p2a: Eternatus|90/100|[from] item: Black Sludge
|upkeep
|turn|34
|
|move|p2a: Eternatus|Cosmic Power|p2a: Eternatus
|-boost|p2a: Eternatus|def|0
|-boost|p2a: Eternatus|spd|0
|cant|p1a: Manolo Pérez|slp
|
|-heal|p2a: Eternatus|96/100|[from] item: Black Sludge
|upkeep
|turn|35
|
|move|p2a: Eternatus|Cosmic Power|p2a: Eternatus
|-boost|p2a: Eternatus|def|0
|-boost|p2a: Eternatus|spd|0
|-curestatus|p1a: Manolo Pérez|slp|[msg]
|move|p1a: Manolo Pérez|Earthquake|p2a: Eternatus
|-supereffective|p2a: Eternatus
|-damage|p2a: Eternatus|86/100
|
|-heal|p2a: Eternatus|93/100|[from] item: Black Sludge
|upkeep
|turn|36
|
|move|p2a: Eternatus|Toxic|p1a: Manolo Pérez
|-status|p1a: Manolo Pérez|tox
|move|p1a: Manolo Pérez|Earthquake|p2a: Eternatus
|-supereffective|p2a: Eternatus
|-damage|p2a: Eternatus|83/100
|
|-heal|p2a: Eternatus|89/100|[from] item: Black Sludge
|-damage|p1a: Manolo Pérez|91/100 tox|[from] psn
|upkeep
|turn|37
|
|move|p2a: Eternatus|Flamethrower|p1a: Manolo Pérez
|-resisted|p1a: Manolo Pérez
|-damage|p1a: Manolo Pérez|88/100 tox
|move|p1a: Manolo Pérez|Toxic|p2a: Eternatus|[miss]
|-miss|p1a: Manolo Pérez|p2a: Eternatus
|
|-heal|p2a: Eternatus|96/100|[from] item: Black Sludge
|-damage|p1a: Manolo Pérez|75/100 tox|[from] psn
|upkeep
|turn|38
|
|move|p2a: Eternatus|Cosmic Power|p2a: Eternatus
|-boost|p2a: Eternatus|def|0
|-boost|p2a: Eternatus|spd|0
|move|p1a: Manolo Pérez|Stealth Rock||[still]
|-fail|p1a: Manolo Pérez
|
|-heal|p2a: Eternatus|100/100|[from] item: Black Sludge
|-damage|p1a: Manolo Pérez|57/100 tox|[from] psn
|upkeep
|turn|39
|
|move|p2a: Eternatus|Flamethrower|p1a: Manolo Pérez
|-resisted|p1a: Manolo Pérez
|-damage|p1a: Manolo Pérez|53/100 tox
|move|p1a: Manolo Pérez|Stealth Rock||[still]
|-fail|p1a: Manolo Pérez
|
|-damage|p1a: Manolo Pérez|28/100 tox|[from] psn
|upkeep
|turn|40
|
|move|p2a: Eternatus|Cosmic Power|p2a: Eternatus
|-boost|p2a: Eternatus|def|0
|-boost|p2a: Eternatus|spd|0
|move|p1a: Manolo Pérez|Rest|p1a: Manolo Pérez
|-status|p1a: Manolo Pérez|slp|[from] move: Rest
|-heal|p1a: Manolo Pérez|100/100 slp|[silent]
|
|upkeep
|turn|41
|
|move|p2a: Eternatus|Cosmic Power|p2a: Eternatus
|-boost|p2a: Eternatus|def|0
|-boost|p2a: Eternatus|spd|0
|cant|p1a: Manolo Pérez|slp
|
|upkeep
|turn|42
|
|move|p2a: Eternatus|Cosmic Power|p2a: Eternatus
|-boost|p2a: Eternatus|def|0
|-boost|p2a: Eternatus|spd|0
|cant|p1a: Manolo Pérez|slp
|
|upkeep
|turn|43
|
|move|p2a: Eternatus|Cosmic Power|p2a: Eternatus
|-boost|p2a: Eternatus|def|0
|-boost|p2a: Eternatus|spd|0
|-curestatus|p1a: Manolo Pérez|slp|[msg]
|move|p1a: Manolo Pérez|Toxic|p2a: Eternatus
|-immune|p2a: Eternatus
|
|upkeep
|turn|44
|
|move|p2a: Eternatus|Toxic|p1a: Manolo Pérez
|-status|p1a: Manolo Pérez|tox
|move|p1a: Manolo Pérez|Toxic|p2a: Eternatus
|-immune|p2a: Eternatus
|
|-damage|p1a: Manolo Pérez|94/100 tox|[from] psn
|upkeep
|turn|45
|
|move|p2a: Eternatus|Flamethrower|p1a: Manolo Pérez
|-resisted|p1a: Manolo Pérez
|-damage|p1a: Manolo Pérez|91/100 tox
|move|p1a: Manolo Pérez|Stealth Rock||[still]
|-fail|p1a: Manolo Pérez
|
|-damage|p1a: Manolo Pérez|78/100 tox|[from] psn
|upkeep
|turn|46
|inactive|Deveats has 120 seconds left.
|
|move|p2a: Eternatus|Flamethrower|p1a: Manolo Pérez
|-resisted|p1a: Manolo Pérez
|-damage|p1a: Manolo Pérez|75/100 tox
|move|p1a: Manolo Pérez|Stealth Rock||[still]
|-fail|p1a: Manolo Pérez
|
|-damage|p1a: Manolo Pérez|56/100 tox|[from] psn
|upkeep
|turn|47
|inactive|Deveats has 120 seconds left.
|
|move|p2a: Eternatus|Toxic|p1a: Manolo Pérez
|-fail|p1a: Manolo Pérez|tox
|move|p1a: Manolo Pérez|Stealth Rock||[still]
|-fail|p1a: Manolo Pérez
|
|-damage|p1a: Manolo Pérez|31/100 tox|[from] psn
|upkeep
|turn|48
|
|move|p2a: Eternatus|Toxic|p1a: Manolo Pérez
|-fail|p1a: Manolo Pérez|tox
|move|p1a: Manolo Pérez|Rest|p1a: Manolo Pérez
|-status|p1a: Manolo Pérez|slp|[from] move: Rest
|-heal|p1a: Manolo Pérez|100/100 slp|[silent]
|
|upkeep
|turn|49
|inactive|Deveats has 120 seconds left.
|
|move|p2a: Eternatus|Cosmic Power|p2a: Eternatus
|-boost|p2a: Eternatus|def|0
|-boost|p2a: Eternatus|spd|0
|cant|p1a: Manolo Pérez|slp
|
|upkeep
|turn|50
|
|move|p2a: Eternatus|Recover||[still]
|-fail|p2a: Eternatus|heal
|cant|p1a: Manolo Pérez|slp
|
|upkeep
|turn|51
|
|move|p2a: Eternatus|Flamethrower|p1a: Manolo Pérez
|-resisted|p1a: Manolo Pérez
|-damage|p1a: Manolo Pérez|97/100 slp
|-curestatus|p1a: Manolo Pérez|slp|[msg]
|move|p1a: Manolo Pérez|Stealth Rock||[still]
|-fail|p1a: Manolo Pérez
|
|upkeep
|turn|52
|
|move|p2a: Eternatus|Cosmic Power|p2a: Eternatus
|-boost|p2a: Eternatus|def|0
|-boost|p2a: Eternatus|spd|0
|move|p1a: Manolo Pérez|Toxic|p2a: Eternatus
|-immune|p2a: Eternatus
|
|upkeep
|turn|53
|
|move|p2a: Eternatus|Cosmic Power|p2a: Eternatus
|-boost|p2a: Eternatus|def|0
|-boost|p2a: Eternatus|spd|0
|move|p1a: Manolo Pérez|Stealth Rock||[still]
|-fail|p1a: Manolo Pérez
|
|upkeep
|turn|54
|
|move|p2a: Eternatus|Cosmic Power|p2a: Eternatus
|-boost|p2a: Eternatus|def|0
|-boost|p2a: Eternatus|spd|0
|move|p1a: Manolo Pérez|Stealth Rock||[still]
|-fail|p1a: Manolo Pérez
|
|upkeep
|turn|55
|
|move|p2a: Eternatus|Cosmic Power|p2a: Eternatus
|-boost|p2a: Eternatus|def|0
|-boost|p2a: Eternatus|spd|0
|move|p1a: Manolo Pérez|Stealth Rock||[still]
|-fail|p1a: Manolo Pérez
|
|upkeep
|turn|56
|
|switch|p1a: Javier Sarda|Marshadow|91/100
|move|p2a: Eternatus|Cosmic Power|p2a: Eternatus
|-boost|p2a: Eternatus|def|0
|-boost|p2a: Eternatus|spd|0
|
|upkeep
|turn|57
|
|move|p1a: Javier Sarda|Spectral Thief||[still]
|-clearpositiveboost|p2a: Eternatus|p1a: Javier Sarda|move: Spectral Thief
|-boost|p1a: Javier Sarda|def|6
|-boost|p1a: Javier Sarda|spd|6
|-anim|p1a: Javier Sarda|Spectral Thief|p2a: Eternatus
|-damage|p2a: Eternatus|68/100
|-damage|p1a: Javier Sarda|81/100|[from] item: Life Orb
|move|p2a: Eternatus|Toxic|p1a: Javier Sarda
|-status|p1a: Javier Sarda|tox
|
|-heal|p2a: Eternatus|74/100|[from] item: Black Sludge
|-damage|p1a: Javier Sarda|74/100 tox|[from] psn
|upkeep
|turn|58
|
|move|p1a: Javier Sarda|Bulk Up|p1a: Javier Sarda
|-boost|p1a: Javier Sarda|atk|1
|-boost|p1a: Javier Sarda|def|0
|move|p2a: Eternatus|Cosmic Power|p2a: Eternatus
|-boost|p2a: Eternatus|def|1
|-boost|p2a: Eternatus|spd|1
|
|-heal|p2a: Eternatus|81/100|[from] item: Black Sludge
|-damage|p1a: Javier Sarda|62/100 tox|[from] psn
|upkeep
|turn|59
|
|move|p1a: Javier Sarda|Spectral Thief||[still]
|-clearpositiveboost|p2a: Eternatus|p1a: Javier Sarda|move: Spectral Thief
|-boost|p1a: Javier Sarda|def|0
|-boost|p1a: Javier Sarda|spd|0
|-anim|p1a: Javier Sarda|Spectral Thief|p2a: Eternatus
|-damage|p2a: Eternatus|28/100
|-damage|p1a: Javier Sarda|52/100 tox|[from] item: Life Orb
|move|p2a: Eternatus|Recover|p2a: Eternatus
|-heal|p2a: Eternatus|78/100
|
|-heal|p2a: Eternatus|85/100|[from] item: Black Sludge
|-damage|p1a: Javier Sarda|33/100 tox|[from] psn
|upkeep
|turn|60
|
|switch|p1a: Illoilloillo|Zacian-Crowned|75/100
|-ability|p1a: Illoilloillo|Intrepid Sword|boost
|-boost|p1a: Illoilloillo|atk|1
|move|p2a: Eternatus|Recover|p2a: Eternatus
|-heal|p2a: Eternatus|100/100
|
|upkeep
|turn|61
|
|move|p1a: Illoilloillo|Behemoth Blade|p2a: Eternatus
|-damage|p2a: Eternatus|42/100
|move|p2a: Eternatus|Flamethrower|p1a: Illoilloillo
|-supereffective|p1a: Illoilloillo
|-damage|p1a: Illoilloillo|17/100
|
|-heal|p2a: Eternatus|48/100|[from] item: Black Sludge
|upkeep
|turn|62
|
|move|p1a: Illoilloillo|Behemoth Blade|p2a: Eternatus
|-damage|p2a: Eternatus|0 fnt
|faint|p2a: Eternatus
|
|upkeep
|
|switch|p2a: Zacian|Zacian-Crowned|100/100
|-damage|p2a: Zacian|94/100|[from] Stealth Rock
|-ability|p2a: Zacian|Intrepid Sword|boost
|-boost|p2a: Zacian|atk|1
|turn|63
|
|move|p2a: Zacian|Behemoth Blade|p1a: Illoilloillo
|-damage|p1a: Illoilloillo|0 fnt
|faint|p1a: Illoilloillo
|
|upkeep
|
|switch|p1a: Antonio Sánchez|Ditto|4/100
|-transform|p1a: Antonio Sánchez|p2a: Zacian|[from] ability: Imposter
|-ability|p1a: Antonio Sánchez|Intrepid Sword|boost
|-boost|p1a: Antonio Sánchez|atk|1
|turn|64
|
|move|p1a: Antonio Sánchez|Behemoth Blade|p2a: Zacian
|-damage|p2a: Zacian|0 fnt
|faint|p2a: Zacian
|
|upkeep
|
|switch|p2a: Lunala|Lunala|100/100
|-damage|p2a: Lunala|88/100|[from] Stealth Rock
|turn|65
|
|move|p1a: Antonio Sánchez|Behemoth Blade|p2a: Lunala
|-damage|p2a: Lunala|0 fnt
|faint|p2a: Lunala
|
|win|HTezcat04
|c|☆HTezcat04|gg
|c|☆Deveats|meh, 2 misses cost me
|c|☆Deveats|but gg
