|j|☆QiYu3
|j|☆BiEla
|player|p1|QiYu3|psychic-gen4|1583
|player|p2|BiEla|170|1341
|teamsize|p1|6
|teamsize|p2|6
|gametype|singles
|gen|8
|tier|[Gen 8] Ubers
|rated|
|clearpoke
|poke|p1|Melmetal|
|poke|p1|Reshiram|
|poke|p1|Hatterene, F|
|poke|p1|Necrozma-Dusk-Mane|
|poke|p1|Lunala|
|poke|p1|Mimikyu, L1, F|
|poke|p2|Vaporeon, M|
|poke|p2|Mew|
|poke|p2|Shuckle, F|
|poke|p2|Marshadow|
|poke|p2|Mewtwo|
|poke|p2|Ditto|
|rule|Sleep Clause Mod: Limit one foe put to sleep
|rule|Species Clause: Limit one of each Pokémon
|rule|OHKO Clause: OHKO moves are banned
|rule|Evasion Moves Clause: Evasion moves are banned
|rule|Endless Battle Clause: Forcing endless battles is banned
|rule|HP Percentage Mod: HP is shown in percentages
|teampreview
|inactive|Battle timer is ON: inactive players will automatically lose when time's up. (requested by BiEla)
|
|start
|switch|p1a: Lunala|Lunala|100/100
|switch|p2a: Shuckle|Shuckle, F|100/100
|turn|1
|
|switch|p1a: Hatterene|Hatterene, F|100/100
|move|p2a: Shuckle|Sticky Web|p1a: Hatterene
|move|p1a: Hatterene|Sticky Web|p2a: Shuckle|[from]Magic Bounce
|-sidestart|p2: BiEla|move: Sticky Web
|
|upkeep
|turn|2
|
|switch|p2a: Ditto|Ditto|100/100
|-activate|p2a: Ditto|move: Sticky Web
|-unboost|p2a: Ditto|spe|1
|-transform|p2a: Ditto|p1a: Hatterene|[from] ability: Imposter
|move|p1a: Hatterene|Trick Room|p1a: Hatterene
|-fieldstart|move: Trick Room|[of] p1a: Hatterene
|
|upkeep
|turn|3
|inactive|BiEla has 120 seconds left.
|
|move|p1a: Hatterene|Mystical Fire|p2a: Ditto
|-damage|p2a: Ditto|46/100
|-unboost|p2a: Ditto|spa|1
|-damage|p1a: Hatterene|91/100|[from] item: Life Orb
|move|p2a: Ditto|Healing Wish|p2a: Ditto
|faint|p2a: Ditto
|
|upkeep
|inactive|BiEla has 120 seconds left.
|
|switch|p2a: Marshadow|Marshadow|100/100
|-activate|p2a: Marshadow|move: Sticky Web
|-unboost|p2a: Marshadow|spe|1
|turn|4
|
|move|p2a: Marshadow|Shadow Sneak|p1a: Hatterene
|-supereffective|p1a: Hatterene
|-damage|p1a: Hatterene|0 fnt
|faint|p1a: Hatterene
|
|upkeep
|
|switch|p1a: Melmetal|Melmetal|100/100
|turn|5
|
|switch|p2a: Vaporeon|Vaporeon, M|100/100
|-activate|p2a: Vaporeon|move: Sticky Web
|-unboost|p2a: Vaporeon|spe|1
|move|p1a: Melmetal|Thunder Punch|p2a: Vaporeon
|-supereffective|p2a: Vaporeon
|-damage|p2a: Vaporeon|16/100
|
|-heal|p2a: Vaporeon|22/100|[from] item: Leftovers
|upkeep
|turn|6
|
|move|p2a: Vaporeon|Protect|p2a: Vaporeon
|-singleturn|p2a: Vaporeon|Protect
|move|p1a: Melmetal|Thunder Punch|p2a: Vaporeon
|-activate|p2a: Vaporeon|move: Protect
|
|-heal|p2a: Vaporeon|29/100|[from] item: Leftovers
|-fieldend|move: Trick Room
|upkeep
|turn|7
|inactive|BiEla has 120 seconds left.
|
|move|p2a: Vaporeon|Wish|p2a: Vaporeon
|move|p1a: Melmetal|Thunder Punch|p2a: Vaporeon
|-supereffective|p2a: Vaporeon
|-crit|p2a: Vaporeon
|-damage|p2a: Vaporeon|0 fnt
|faint|p2a: Vaporeon
|
|upkeep
|inactive|BiEla has 120 seconds left.
|
|switch|p2a: Mewtwo|Mewtwo|100/100
|-activate|p2a: Mewtwo|move: Sticky Web
|-unboost|p2a: Mewtwo|spe|1
|-ability|p2a: Mewtwo|Pressure
|turn|8
|inactive|BiEla has 120 seconds left.
|
|switch|p1a: Lunala|Lunala|100/100
|move|p2a: Mewtwo|Nasty Plot|p2a: Mewtwo
|-boost|p2a: Mewtwo|spa|2
|
|upkeep
|turn|9
|
|-start|p2a: Mewtwo|Dynamax
|-heal|p2a: Mewtwo|100/100|[silent]
|move|p1a: Lunala|Moongeist Beam|p2a: Mewtwo
|-supereffective|p2a: Mewtwo
|-damage|p2a: Mewtwo|27/100
|move|p2a: Mewtwo|Max Mindstorm|p1a: Lunala
|-resisted|p1a: Lunala
|-crit|p1a: Lunala
|-damage|p1a: Lunala|61/100
|-fieldstart|move: Psychic Terrain
|
|-heal|p2a: Mewtwo|30/100|[from] item: Leftovers
|upkeep
|turn|10
|
|move|p1a: Lunala|Moongeist Beam|p2a: Mewtwo
|-supereffective|p2a: Mewtwo
|-damage|p2a: Mewtwo|0 fnt
|faint|p2a: Mewtwo
|
|upkeep
|inactive|BiEla has 120 seconds left.
|
|switch|p2a: Marshadow|Marshadow|100/100
|-activate|p2a: Marshadow|move: Sticky Web
|-unboost|p2a: Marshadow|spe|1
|turn|11
|
|move|p2a: Marshadow|Shadow Sneak|p1a: Lunala
|-activate|p1a: Lunala|move: Psychic Terrain
|move|p1a: Lunala|Moongeist Beam|p2a: Marshadow
|-supereffective|p2a: Marshadow
|-damage|p2a: Marshadow|0 fnt
|faint|p2a: Marshadow
|
|upkeep
|-message|BiEla forfeited.
|
|win|QiYu3
|l|☆BiEla
|raw|QiYu3's rating: 1557 &rarr; <strong>1566</strong><br />(+9 for winning)
|raw|BiEla's rating: 1341 &rarr; <strong>1332</strong><br />(-9 for losing)
|l|☆QiYu3
