|j|☆KeshBa45
|j|☆Hjuyttdd
|t:|1659376714
|gametype|singles
|player|p1|KeshBa45|brycen|
|player|p2|Hjuyttdd|aromalady|
|teamsize|p1|6
|teamsize|p2|6
|gen|8
|tier|[Gen 8] Ubers
|rated|Tournament battle
|rule|Sleep Clause Mod: Limit one foe put to sleep
|rule|Species Clause: Limit one of each Pokémon
|rule|OHKO Clause: OHKO moves are banned
|rule|Evasion Moves Clause: Evasion moves are banned
|rule|Endless Battle Clause: Forcing endless battles is banned
|rule|HP Percentage Mod: HP is shown in percentages
|rule|Dynamax Clause: You cannot dynamax
|clearpoke
|poke|p1|Slurpuff, F|
|poke|p1|Calyrex-Shadow|
|poke|p1|Eternatus|
|poke|p1|Necrozma-Dusk-Mane|
|poke|p1|Yveltal|
|poke|p1|Zekrom|
|poke|p2|Yveltal|
|poke|p2|Dugtrio, M|
|poke|p2|Klefki, M|
|poke|p2|Kyogre|
|poke|p2|Xerneas-*|
|poke|p2|Magearna|
|teampreview
|
|t:|1659376743
|start
|switch|p1a: Slurpuff|Slurpuff, F|100/100
|switch|p2a: Magearna|Magearna|100/100
|turn|1
|
|t:|1659376762
|move|p1a: Slurpuff|Yawn|p2a: Magearna
|-start|p2a: Magearna|move: Yawn|[of] p1a: Slurpuff
|move|p2a: Magearna|Volt Switch|p1a: Slurpuff
|-damage|p1a: Slurpuff|61/100
|
|t:|1659376765
|switch|p2a: Kyogre|Kyogre|100/100|[from]move: Volt Switch
|-weather|RainDance|[from] ability: Drizzle|[of] p2a: Kyogre
|
|-weather|RainDance|[upkeep]
|upkeep
|turn|2
|
|t:|1659376770
|move|p2a: Kyogre|Water Spout|p1a: Slurpuff
|-damage|p1a: Slurpuff|0 fnt
|faint|p1a: Slurpuff
|
|-weather|RainDance|[upkeep]
|upkeep
|
|t:|1659376784
|switch|p1a: Yveltal|Yveltal|100/100
|-ability|p1a: Yveltal|Dark Aura
|turn|3
|
|t:|1659376788
|switch|p2a: Magearna|Magearna|100/100
|move|p1a: Yveltal|Sucker Punch||[still]
|-fail|p1a: Yveltal
|
|-weather|RainDance|[upkeep]
|upkeep
|turn|4
|c|☆Hjuyttdd|t
|inactive|Battle timer is ON: inactive players will automatically lose when time's up. (requested by Hjuyttdd)
|c|☆Hjuyttdd|hurry up
|c|☆Hjuyttdd|bro
|c|☆Hjuyttdd|its 11 pm in the nigh
|c|☆Hjuyttdd|t
|inactive|KeshBa45 has 120 seconds left.
|c|☆KeshBa45|I'm in 3 battles
|j| cgjlgjlcvhjlh
|
|t:|1659376851
|switch|p1a: Necrozma|Necrozma-Dusk-Mane|100/100
|move|p2a: Magearna|Volt Switch|p1a: Necrozma
|-damage|p1a: Necrozma|85/100
|
|t:|1659376856
|switch|p2a: Kyogre|Kyogre|100/100|[from]move: Volt Switch
|
|-weather|RainDance|[upkeep]
|-heal|p1a: Necrozma|91/100|[from] item: Leftovers
|upkeep
|turn|5
|c|☆Hjuyttdd|ur loss
|c|☆Hjuyttdd|not my fault
|c|☆Hjuyttdd|ur in 3 battles
|inactive|KeshBa45 has 120 seconds left.
|
|t:|1659376897
|switch|p1a: Eternatus|Eternatus|100/100
|-ability|p1a: Eternatus|Pressure
|move|p2a: Kyogre|Water Spout|p1a: Eternatus
|-resisted|p1a: Eternatus
|-damage|p1a: Eternatus|44/100
|
|-weather|none
|upkeep
|turn|6
|
|t:|1659376908
|switch|p2a: Cappuccino|Dugtrio, M|100/100
|move|p1a: Eternatus|Dynamax Cannon|p2a: Cappuccino
|-damage|p2a: Cappuccino|0 fnt
|faint|p2a: Cappuccino
|
|upkeep
|
|t:|1659376914
|switch|p2a: Kyogre|Kyogre|100/100
|-weather|RainDance|[from] ability: Drizzle|[of] p2a: Kyogre
|turn|7
|inactive|KeshBa45 has 120 seconds left.
|c|☆KeshBa45|Wdym my loss
|c|☆KeshBa45|Idc if I waste your time
|
|t:|1659376938
|move|p2a: Kyogre|Water Spout|p1a: Eternatus
|-resisted|p1a: Eternatus
|-damage|p1a: Eternatus|0 fnt
|faint|p1a: Eternatus
|
|-weather|RainDance|[upkeep]
|upkeep
|
|t:|1659376942
|switch|p1a: Yveltal|Yveltal|100/100
|-ability|p1a: Yveltal|Dark Aura
|turn|8
|
|t:|1659376950
|switch|p2a: Magearna|Magearna|100/100
|move|p1a: Yveltal|Knock Off|p2a: Magearna
|-resisted|p2a: Magearna
|-damage|p2a: Magearna|66/100
|-enditem|p2a: Magearna|Leftovers|[from] move: Knock Off|[of] p1a: Yveltal
|
|-weather|RainDance|[upkeep]
|upkeep
|turn|9
|inactive|KeshBa45 has 120 seconds left.
|
|t:|1659376956
|move|p1a: Yveltal|Roost||[still]
|-fail|p1a: Yveltal|heal
|move|p2a: Magearna|Volt Switch|p1a: Yveltal
|-supereffective|p1a: Yveltal
|-damage|p1a: Yveltal|62/100
|
|t:|1659376965
|switch|p2a: Klefki|Klefki, M|100/100|[from]move: Volt Switch
|
|-weather|RainDance|[upkeep]
|upkeep
|turn|10
|
|t:|1659376972
|switch|p1a: Necrozma|Necrozma-Dusk-Mane|91/100
|move|p2a: Klefki|Spikes|p1a: Necrozma
|-sidestart|p1: KeshBa45|Spikes
|
|-weather|RainDance|[upkeep]
|-heal|p1a: Necrozma|97/100|[from] item: Leftovers
|upkeep
|turn|11
|
|t:|1659376979
|move|p2a: Klefki|Thunder Wave|p1a: Necrozma
|-status|p1a: Necrozma|par
|move|p1a: Necrozma|Thunder Wave|p2a: Klefki
|-status|p2a: Klefki|par
|
|-weather|none
|-heal|p1a: Necrozma|100/100 par|[from] item: Leftovers
|upkeep
|turn|12
|
|t:|1659376985
|move|p2a: Klefki|Spikes|p1a: Necrozma
|-sidestart|p1: KeshBa45|Spikes
|move|p1a: Necrozma|Stealth Rock|p2a: Klefki
|-sidestart|p2: Hjuyttdd|move: Stealth Rock
|
|upkeep
|turn|13
|
|t:|1659376991
|cant|p2a: Klefki|par
|move|p1a: Necrozma|Sunsteel Strike|p2a: Klefki
|-damage|p2a: Klefki|55/100 par
|-enditem|p2a: Klefki|Eject Button
|
|t:|1659377001
|switch|p2a: Yveltal|Yveltal|100/100
|-ability|p2a: Yveltal|Dark Aura
|
|upkeep
|turn|14
|
|t:|1659377009
|move|p2a: Yveltal|Knock Off|p1a: Necrozma
|-supereffective|p1a: Necrozma
|-damage|p1a: Necrozma|57/100 par
|-enditem|p1a: Necrozma|Leftovers|[from] move: Knock Off|[of] p2a: Yveltal
|move|p1a: Necrozma|Thunder Wave|p2a: Yveltal
|-status|p2a: Yveltal|par
|
|upkeep
|turn|15
|
|t:|1659377016
|cant|p2a: Yveltal|par
|move|p1a: Necrozma|Morning Sun|p1a: Necrozma
|-heal|p1a: Necrozma|100/100 par
|
|upkeep
|turn|16
|
|t:|1659377021
|move|p2a: Yveltal|Knock Off|p1a: Necrozma
|-supereffective|p1a: Necrozma
|-crit|p1a: Necrozma
|-damage|p1a: Necrozma|60/100 par
|cant|p1a: Necrozma|par
|
|upkeep
|turn|17
|
|t:|1659377027
|move|p2a: Yveltal|Knock Off|p1a: Necrozma
|-supereffective|p1a: Necrozma
|-damage|p1a: Necrozma|29/100 par
|cant|p1a: Necrozma|par
|
|upkeep
|turn|18
|c|☆KeshBa45|Ah yes
|c|☆KeshBa45|The usual crit + double para
|
|t:|1659377042
|move|p2a: Yveltal|Knock Off|p1a: Necrozma
|-supereffective|p1a: Necrozma
|-damage|p1a: Necrozma|0 fnt
|faint|p1a: Necrozma
|
|upkeep
|
|t:|1659377048
|switch|p1a: Zekrom|Zekrom|100/100
|-damage|p1a: Zekrom|84/100|[from] Spikes
|-ability|p1a: Zekrom|Teravolt
|turn|19
|
|t:|1659377068
|move|p1a: Zekrom|Dragon Dance|p1a: Zekrom
|-boost|p1a: Zekrom|atk|1
|-boost|p1a: Zekrom|spe|1
|cant|p2a: Yveltal|par
|
|upkeep
|turn|20
|
|t:|1659377075
|move|p1a: Zekrom|Fusion Bolt|p2a: Yveltal
|-supereffective|p2a: Yveltal
|-damage|p2a: Yveltal|0 fnt
|faint|p2a: Yveltal
|
|upkeep
|
|t:|1659377079
|switch|p2a: Xerneas|Xerneas|100/100
|-damage|p2a: Xerneas|88/100|[from] Stealth Rock
|-ability|p2a: Xerneas|Fairy Aura
|turn|21
|
|t:|1659377084
|move|p1a: Zekrom|Bolt Strike|p2a: Xerneas
|-damage|p2a: Xerneas|0 fnt
|faint|p2a: Xerneas
|
|upkeep
|c|☆Hjuyttdd|gg
|c|☆KeshBa45|gg
|
|t:|1659377090
|switch|p2a: Magearna|Magearna|66/100
|-damage|p2a: Magearna|60/100|[from] Stealth Rock
|turn|22
|
|t:|1659377094
|move|p1a: Zekrom|Fusion Bolt|p2a: Magearna
|-damage|p2a: Magearna|0 fnt
|faint|p2a: Magearna
|
|upkeep
|
|t:|1659377096
|switch|p2a: Klefki|Klefki, M|55/100 par
|-damage|p2a: Klefki|49/100 par|[from] Stealth Rock
|turn|23
|
|t:|1659377100
|move|p1a: Zekrom|Fusion Bolt|p2a: Klefki
|-damage|p2a: Klefki|0 fnt
|faint|p2a: Klefki
|
|upkeep
|
|t:|1659377103
|switch|p2a: Kyogre|Kyogre|100/100
|-damage|p2a: Kyogre|88/100|[from] Stealth Rock
|-weather|RainDance|[from] ability: Drizzle|[of] p2a: Kyogre
|turn|24
|
|t:|1659377106
|move|p2a: Kyogre|Ice Beam|p1a: Zekrom
|-supereffective|p1a: Zekrom
|-damage|p1a: Zekrom|13/100
|move|p1a: Zekrom|Fusion Bolt|p2a: Kyogre
|-supereffective|p2a: Kyogre
|-damage|p2a: Kyogre|0 fnt
|faint|p2a: Kyogre
|
|win|KeshBa45
|n|☆KeshBa45|keshba45
|n|☆Hjuyttdd|hjuyttdd
