|j|☆GorLeon
|j|☆Kage UwU
|t:|1649244386
|gametype|singles
|player|p1|GorLeon|dragontamer|1413
|player|p2|Kage UwU|psychic-gen4|1469
|teamsize|p1|6
|teamsize|p2|6
|gen|8
|tier|[Gen 8] Ubers
|rated|
|rule|Sleep Clause Mod: Limit one foe put to sleep
|rule|Species Clause: Limit one of each Pokémon
|rule|OHKO Clause: OHKO moves are banned
|rule|Evasion Moves Clause: Evasion moves are banned
|rule|Endless Battle Clause: Forcing endless battles is banned
|rule|HP Percentage Mod: HP is shown in percentages
|rule|Dynamax Clause: You cannot dynamax
|clearpoke
|poke|p1|Slurpuff, M|
|poke|p1|Landorus, M|
|poke|p1|Calyrex-Shadow|
|poke|p1|Eternatus|
|poke|p1|Necrozma-Dusk-Mane|
|poke|p1|Yveltal|
|poke|p2|Calyrex-Shadow|
|poke|p2|Xerneas-*|
|poke|p2|Kyogre|
|poke|p2|Zekrom|
|poke|p2|Yveltal|
|poke|p2|Necrozma-Dusk-Mane|
|teampreview
|inactive|Battle timer is ON: inactive players will automatically lose when time's up. (requested by Kage UwU)
|inactive|GorLeon also wants the timer to be on.
|
|t:|1649244399
|start
|switch|p1a: Slurpuff|Slurpuff, M|100/100
|switch|p2a: Necrozma|Necrozma-Dusk-Mane|100/100
|turn|1
|
|t:|1649244404
|move|p1a: Slurpuff|Sticky Web|p2a: Necrozma
|-sidestart|p2: Kage UwU|move: Sticky Web
|move|p2a: Necrozma|Stealth Rock|p1a: Slurpuff
|-sidestart|p1: GorLeon|move: Stealth Rock
|
|upkeep
|turn|2
|
|t:|1649244408
|move|p1a: Slurpuff|Yawn|p2a: Necrozma
|-start|p2a: Necrozma|move: Yawn|[of] p1a: Slurpuff
|move|p2a: Necrozma|Iron Head|p1a: Slurpuff
|-supereffective|p1a: Slurpuff
|-enditem|p1a: Slurpuff|Focus Sash
|-damage|p1a: Slurpuff|1/100
|
|upkeep
|turn|3
|
|t:|1649244425
|switch|p2a: Yveltal|Yveltal|100/100
|-ability|p2a: Yveltal|Dark Aura
|move|p1a: Slurpuff|Misty Explosion|p2a: Yveltal
|-supereffective|p2a: Yveltal
|-damage|p2a: Yveltal|56/100
|faint|p1a: Slurpuff
|
|upkeep
|
|t:|1649244432
|switch|p1a: Landorus|Landorus, M|100/100
|-damage|p1a: Landorus|88/100|[from] Stealth Rock
|turn|4
|
|t:|1649244460
|switch|p2a: Kyogre|Kyogre|100/100
|-activate|p2a: Kyogre|move: Sticky Web
|-unboost|p2a: Kyogre|spe|1
|-weather|RainDance|[from] ability: Drizzle|[of] p2a: Kyogre
|move|p1a: Landorus|Stealth Rock|p2a: Kyogre
|-sidestart|p2: Kage UwU|move: Stealth Rock
|
|-weather|RainDance|[upkeep]
|upkeep
|turn|5
|
|t:|1649244472
|move|p1a: Landorus|Earth Power|p2a: Kyogre
|-damage|p2a: Kyogre|50/100
|move|p2a: Kyogre|Water Spout|p1a: Landorus
|-supereffective|p1a: Landorus
|-damage|p1a: Landorus|0 fnt
|faint|p1a: Landorus
|
|-weather|RainDance|[upkeep]
|upkeep
|
|t:|1649244479
|switch|p1a: Necrozma|Necrozma-Dusk-Mane|100/100
|-damage|p1a: Necrozma|94/100|[from] Stealth Rock
|turn|6
|
|t:|1649244489
|switch|p2a: Yveltal|Yveltal|56/100
|-ability|p2a: Yveltal|Dark Aura
|move|p1a: Necrozma|Sunsteel Strike|p2a: Yveltal
|-damage|p2a: Yveltal|0 fnt
|faint|p2a: Yveltal
|
|-weather|RainDance|[upkeep]
|upkeep
|
|t:|1649244508
|switch|p2a: Calyrex|Calyrex-Shadow|100/100
|-ability|p2a: Calyrex|As One
|-ability|p2a: Calyrex|Unnerve
|-activate|p2a: Calyrex|move: Sticky Web
|-unboost|p2a: Calyrex|spe|1
|-damage|p2a: Calyrex|88/100|[from] Stealth Rock
|turn|7
|
|t:|1649244516
|move|p2a: Calyrex|Astral Barrage|p1a: Necrozma
|-supereffective|p1a: Necrozma
|-damage|p1a: Necrozma|0 fnt
|faint|p1a: Necrozma
|-ability|p2a: Calyrex|Grim Neigh|boost
|-boost|p2a: Calyrex|spa|1
|
|-weather|RainDance|[upkeep]
|upkeep
|
|t:|1649244521
|switch|p1a: Yveltal|Yveltal|100/100
|-damage|p1a: Yveltal|76/100|[from] Stealth Rock
|-ability|p1a: Yveltal|Dark Aura
|turn|8
|
|t:|1649244530
|switch|p2a: Xerneas|Xerneas|100/100
|-damage|p2a: Xerneas|88/100|[from] Stealth Rock
|-activate|p2a: Xerneas|move: Sticky Web
|-unboost|p2a: Xerneas|spe|1
|-ability|p2a: Xerneas|Fairy Aura
|move|p1a: Yveltal|Knock Off|p2a: Xerneas
|-resisted|p2a: Xerneas
|-damage|p2a: Xerneas|51/100
|-enditem|p2a: Xerneas|Choice Scarf|[from] move: Knock Off|[of] p1a: Yveltal
|
|-weather|none
|upkeep
|turn|9
|
|t:|1649244545
|move|p1a: Yveltal|Taunt|p2a: Xerneas
|-start|p2a: Xerneas|move: Taunt
|move|p2a: Xerneas|Draining Kiss|p1a: Yveltal
|-supereffective|p1a: Yveltal
|-damage|p1a: Yveltal|16/100
|-heal|p2a: Xerneas|96/100|[from] drain|[of] p1a: Yveltal
|
|upkeep
|turn|10
|
|t:|1649244554
|move|p1a: Yveltal|Sucker Punch|p2a: Xerneas
|-resisted|p2a: Xerneas
|-damage|p2a: Xerneas|71/100
|move|p2a: Xerneas|Moonblast|p1a: Yveltal
|-supereffective|p1a: Yveltal
|-damage|p1a: Yveltal|0 fnt
|faint|p1a: Yveltal
|
|upkeep
|
|t:|1649244560
|switch|p1a: Calyrex|Calyrex-Shadow|100/100
|-ability|p1a: Calyrex|As One
|-ability|p1a: Calyrex|Unnerve
|-damage|p1a: Calyrex|88/100|[from] Stealth Rock
|turn|11
|
|t:|1649244567
|move|p1a: Calyrex|Astral Barrage|p2a: Xerneas
|-damage|p2a: Xerneas|7/100
|move|p2a: Xerneas|Moonblast|p1a: Calyrex
|-damage|p1a: Calyrex|17/100
|
|-end|p2a: Xerneas|move: Taunt
|upkeep
|turn|12
|
|t:|1649244575
|move|p1a: Calyrex|Astral Barrage|p2a: Xerneas
|-damage|p2a: Xerneas|0 fnt
|faint|p2a: Xerneas
|-ability|p1a: Calyrex|Grim Neigh|boost
|-boost|p1a: Calyrex|spa|1
|
|upkeep
|
|t:|1649244584
|switch|p2a: Kyogre|Kyogre|50/100
|-activate|p2a: Kyogre|move: Sticky Web
|-unboost|p2a: Kyogre|spe|1
|-damage|p2a: Kyogre|37/100|[from] Stealth Rock
|-weather|RainDance|[from] ability: Drizzle|[of] p2a: Kyogre
|turn|13
|
|t:|1649244590
|move|p1a: Calyrex|Astral Barrage|p2a: Kyogre
|-damage|p2a: Kyogre|0 fnt
|faint|p2a: Kyogre
|-ability|p1a: Calyrex|Grim Neigh|boost
|-boost|p1a: Calyrex|spa|1
|
|-weather|RainDance|[upkeep]
|upkeep
|-message|Kage UwU forfeited.
|
|win|GorLeon
|raw|GorLeon's rating: 1413 &rarr; <strong>1436</strong><br />(+23 for winning)
|raw|Kage UwU's rating: 1469 &rarr; <strong>1446</strong><br />(-23 for losing)
|l|☆Kage UwU
