|j|☆ray713testteam
|j|☆SSaki Haise
|player|p1|ray713testteam|n|1507
|player|p2|SSaki Haise|102|1587
|teamsize|p1|6
|teamsize|p2|6
|gametype|singles
|gen|8
|tier|[Gen 8] Ubers
|rated|
|clearpoke
|poke|p1|Slurpuff, M|
|poke|p1|Cobalion|
|poke|p1|Polteageist|
|poke|p1|Hydreigon, M|
|poke|p1|Cinderace, F|
|poke|p1|Zacian-Crowned|
|poke|p2|Urshifu-*, F|
|poke|p2|Eternatus|
|poke|p2|Rotom-Wash|
|poke|p2|Zacian-Crowned|
|poke|p2|Chansey, F|
|poke|p2|Quagsire, F|
|rule|Sleep Clause Mod: Limit one foe put to sleep
|rule|Species Clause: Limit one of each Pokémon
|rule|OHKO Clause: OHKO moves are banned
|rule|Evasion Moves Clause: Evasion moves are banned
|rule|Endless Battle Clause: Forcing endless battles is banned
|rule|HP Percentage Mod: HP is shown in percentages
|html|Ubers Dynamax Clause: Pokémon on the <a href="https://www.smogon.com/dex/ss/formats/uber/">Ubers Dynamax Banlist</a> cannot Dynamax.
|teampreview
|
|start
|switch|p1a: Slurpuff|Slurpuff, M|100/100
|switch|p2a: Zacian|Zacian-Crowned|100/100
|-ability|p2a: Zacian|Intrepid Sword|boost
|-boost|p2a: Zacian|atk|1
|turn|1
|
|move|p2a: Zacian|Behemoth Blade|p1a: Slurpuff
|-supereffective|p1a: Slurpuff
|-enditem|p1a: Slurpuff|Focus Sash
|-damage|p1a: Slurpuff|1/100
|move|p1a: Slurpuff|Sticky Web|p2a: Zacian
|-sidestart|p2: SSaki Haise|move: Sticky Web
|
|upkeep
|turn|2
|
|move|p1a: Slurpuff|Misty Explosion|p2a: Zacian
|-resisted|p2a: Zacian
|-damage|p2a: Zacian|79/100
|faint|p1a: Slurpuff
|move|p2a: Zacian|Behemoth Blade|p1: Slurpuff|[notarget]
|-fail|p2a: Zacian
|
|upkeep
|
|switch|p1a: Polteageist|Polteageist|100/100
|turn|3
|
|move|p2a: Zacian|Behemoth Blade|p1a: Polteageist
|-enditem|p1a: Polteageist|Focus Sash
|-damage|p1a: Polteageist|1/100
|-ability|p1a: Polteageist|Weak Armor|boost
|-unboost|p1a: Polteageist|def|1
|-boost|p1a: Polteageist|spe|2
|move|p1a: Polteageist|Shell Smash|p1a: Polteageist
|-unboost|p1a: Polteageist|def|1
|-unboost|p1a: Polteageist|spd|1
|-boost|p1a: Polteageist|atk|2
|-boost|p1a: Polteageist|spa|2
|-boost|p1a: Polteageist|spe|2
|
|upkeep
|turn|4
|
|move|p1a: Polteageist|Shadow Ball|p2a: Zacian
|-damage|p2a: Zacian|0 fnt
|faint|p2a: Zacian
|
|upkeep
|
|switch|p2a: Urshifu|Urshifu, F|100/100
|-activate|p2a: Urshifu|move: Sticky Web
|-unboost|p2a: Urshifu|spe|1
|turn|5
|
|move|p2a: Urshifu|Sucker Punch||[still]
|-fail|p2a: Urshifu
|move|p1a: Polteageist|Memento|p2a: Urshifu
|-unboost|p2a: Urshifu|atk|2
|-unboost|p2a: Urshifu|spa|2
|faint|p1a: Polteageist
|
|upkeep
|
|switch|p1a: Zacian|Zacian-Crowned|100/100
|-ability|p1a: Zacian|Intrepid Sword|boost
|-boost|p1a: Zacian|atk|1
|turn|6
|
|switch|p1a: Hydreigon|Hydreigon, M|100/100
|switch|p2a: Quagsire|Quagsire, F|100/100
|-activate|p2a: Quagsire|move: Sticky Web
|-unboost|p2a: Quagsire|spe|1
|
|upkeep
|turn|7
|
|switch|p2a: Chansey|Chansey, F|100/100
|-activate|p2a: Chansey|move: Sticky Web
|-unboost|p2a: Chansey|spe|1
|move|p1a: Hydreigon|Taunt|p2a: Chansey
|-start|p2a: Chansey|move: Taunt
|
|upkeep
|turn|8
|
|move|p1a: Hydreigon|Nasty Plot|p1a: Hydreigon
|-boost|p1a: Hydreigon|spa|2
|move|p2a: Chansey|Seismic Toss|p1a: Hydreigon
|-damage|p1a: Hydreigon|70/100
|
|-heal|p1a: Hydreigon|76/100|[from] item: Leftovers
|upkeep
|turn|9
|
|move|p1a: Hydreigon|Nasty Plot|p1a: Hydreigon
|-boost|p1a: Hydreigon|spa|2
|move|p2a: Chansey|Seismic Toss|p1a: Hydreigon
|-damage|p1a: Hydreigon|45/100
|
|-heal|p1a: Hydreigon|51/100|[from] item: Leftovers
|-end|p2a: Chansey|move: Taunt
|upkeep
|turn|10
|
|-start|p1a: Hydreigon|Dynamax
|-heal|p1a: Hydreigon|51/100|[silent]
|move|p1a: Hydreigon|Max Darkness|p2a: Chansey
|-damage|p2a: Chansey|53/100
|-unboost|p2a: Chansey|spd|1
|move|p2a: Chansey|Toxic|p1a: Hydreigon
|-status|p1a: Hydreigon|tox
|
|-heal|p1a: Hydreigon|54/100 tox|[from] item: Leftovers
|-damage|p1a: Hydreigon|51/100 tox|[from] psn
|upkeep
|turn|11
|
|switch|p2a: Urshifu|Urshifu, F|100/100
|-activate|p2a: Urshifu|move: Sticky Web
|-unboost|p2a: Urshifu|spe|1
|move|p1a: Hydreigon|Max Darkness|p2a: Urshifu
|-resisted|p2a: Urshifu
|-damage|p2a: Urshifu|30/100
|-unboost|p2a: Urshifu|spd|1
|
|-heal|p1a: Hydreigon|54/100 tox|[from] item: Leftovers
|-damage|p1a: Hydreigon|48/100 tox|[from] psn
|upkeep
|turn|12
|
|move|p1a: Hydreigon|Max Darkness|p2a: Urshifu
|-resisted|p2a: Urshifu
|-damage|p2a: Urshifu|0 fnt
|faint|p2a: Urshifu
|
|-heal|p1a: Hydreigon|51/100 tox|[from] item: Leftovers
|-damage|p1a: Hydreigon|42/100 tox|[from] psn
|-end|p1a: Hydreigon|Dynamax
|-heal|p1a: Hydreigon|42/100 tox|[silent]
|upkeep
|
|switch|p2a: Chansey|Chansey, F|53/100
|-activate|p2a: Chansey|move: Sticky Web
|-unboost|p2a: Chansey|spe|1
|turn|13
|
|move|p1a: Hydreigon|Taunt|p2a: Chansey
|-start|p2a: Chansey|move: Taunt
|move|p2a: Chansey|Seismic Toss|p1a: Hydreigon
|-damage|p1a: Hydreigon|11/100 tox
|
|-heal|p1a: Hydreigon|17/100 tox|[from] item: Leftovers
|-damage|p1a: Hydreigon|0 fnt|[from] psn
|faint|p1a: Hydreigon
|upkeep
|
|switch|p1a: Cobalion|Cobalion|100/100
|turn|14
|
|move|p1a: Cobalion|Focus Blast|p2a: Chansey
|-supereffective|p2a: Chansey
|-damage|p2a: Chansey|18/100
|-damage|p1a: Cobalion|91/100|[from] item: Life Orb
|move|p2a: Chansey|Seismic Toss|p1a: Cobalion
|-damage|p1a: Cobalion|60/100
|
|upkeep
|turn|15
|
|switch|p1a: Cinderace|Cinderace, F|100/100
|move|p2a: Chansey|Seismic Toss|p1a: Cinderace
|-damage|p1a: Cinderace|67/100
|
|-end|p2a: Chansey|move: Taunt
|upkeep
|turn|16
|
|move|p1a: Cinderace|Pyro Ball|p2a: Chansey|[miss]
|-miss|p1a: Cinderace|p2a: Chansey
|move|p2a: Chansey|Seismic Toss|p1a: Cinderace
|-damage|p1a: Cinderace|34/100
|
|upkeep
|turn|17
|
|move|p1a: Cinderace|Pyro Ball|p2a: Chansey
|-damage|p2a: Chansey|0 fnt
|faint|p2a: Chansey
|
|upkeep
|
|switch|p2a: Eternatus|Eternatus|100/100
|-activate|p2a: Eternatus|move: Sticky Web
|-unboost|p2a: Eternatus|spe|1
|-ability|p2a: Eternatus|Pressure
|turn|18
|
|move|p1a: Cinderace|Super Fang|p2a: Eternatus
|-damage|p2a: Eternatus|50/100
|move|p2a: Eternatus|Dynamax Cannon|p1a: Cinderace
|-crit|p1a: Cinderace
|-damage|p1a: Cinderace|0 fnt
|faint|p1a: Cinderace
|
|upkeep
|
|switch|p1a: Zacian|Zacian-Crowned|100/100
|-ability|p1a: Zacian|Intrepid Sword|boost
|-boost|p1a: Zacian|atk|1
|turn|19
|
|switch|p1a: Cobalion|Cobalion|60/100
|switch|p2a: Quagsire|Quagsire, F|100/100
|-activate|p2a: Quagsire|move: Sticky Web
|-unboost|p2a: Quagsire|spe|1
|
|upkeep
|turn|20
|
|switch|p2a: Rotom|Rotom-Wash|100/100
|move|p1a: Cobalion|Focus Blast|p2a: Rotom
|-damage|p2a: Rotom|22/100
|-damage|p1a: Cobalion|50/100|[from] item: Life Orb
|
|-heal|p2a: Rotom|28/100|[from] item: Leftovers
|upkeep
|turn|21
|
|move|p1a: Cobalion|Focus Blast|p2a: Rotom
|-damage|p2a: Rotom|0 fnt
|-damage|p1a: Cobalion|40/100|[from] item: Life Orb
|faint|p2a: Rotom
|
|upkeep
|
|switch|p2a: Eternatus|Eternatus|50/100
|-activate|p2a: Eternatus|move: Sticky Web
|-unboost|p2a: Eternatus|spe|1
|-ability|p2a: Eternatus|Pressure
|turn|22
|
|switch|p1a: Zacian|Zacian-Crowned|100/100
|-ability|p1a: Zacian|Intrepid Sword|boost
|-boost|p1a: Zacian|atk|1
|move|p2a: Eternatus|Recover|p2a: Eternatus
|-heal|p2a: Eternatus|100/100
|
|upkeep
|turn|23
|
|move|p1a: Zacian|Behemoth Blade|p2a: Eternatus
|-damage|p2a: Eternatus|49/100
|move|p2a: Eternatus|Flamethrower|p1a: Zacian
|-supereffective|p1a: Zacian
|-damage|p1a: Zacian|51/100
|
|upkeep
|turn|24
|
|switch|p2a: Quagsire|Quagsire, F|100/100
|-activate|p2a: Quagsire|move: Sticky Web
|-unboost|p2a: Quagsire|spe|1
|move|p1a: Zacian|Behemoth Blade|p2a: Quagsire
|-resisted|p2a: Quagsire
|-damage|p2a: Quagsire|82/100
|
|-heal|p2a: Quagsire|88/100|[from] item: Leftovers
|upkeep
|turn|25
|
|move|p1a: Zacian|Close Combat|p2a: Quagsire
|-damage|p2a: Quagsire|56/100
|-unboost|p1a: Zacian|def|1
|-unboost|p1a: Zacian|spd|1
|move|p2a: Quagsire|Earthquake|p1a: Zacian
|-supereffective|p1a: Zacian
|-crit|p1a: Zacian
|-damage|p1a: Zacian|0 fnt
|faint|p1a: Zacian
|
|-heal|p2a: Quagsire|62/100|[from] item: Leftovers
|upkeep
|
|switch|p1a: Cobalion|Cobalion|40/100
|turn|26
|
|-start|p2a: Quagsire|Dynamax
|-heal|p2a: Quagsire|62/100|[silent]
|move|p1a: Cobalion|Focus Blast|p2a: Quagsire
|-damage|p2a: Quagsire|18/100
|-damage|p1a: Cobalion|30/100|[from] item: Life Orb
|move|p2a: Quagsire|Max Quake|p1a: Cobalion
|-supereffective|p1a: Cobalion
|-damage|p1a: Cobalion|0 fnt
|-boost|p2a: Quagsire|spd|1
|faint|p1a: Cobalion
|
|win|SSaki Haise
