|j|☆Gengar2123
|j|☆QiYu4
|player|p1|Gengar2123|red|1662
|player|p2|QiYu4|psychic-gen4|1573
|teamsize|p1|6
|teamsize|p2|6
|gametype|singles
|gen|8
|tier|[Gen 8] Ubers
|rated|
|clearpoke
|poke|p1|Reshiram|
|poke|p1|Marshadow|
|poke|p1|Necrozma-Dusk-Mane|
|poke|p1|Ditto|
|poke|p1|Eternatus|
|poke|p1|Zacian-Crowned|
|poke|p2|Necrozma-Dusk-Mane|
|poke|p2|Mewtwo|
|poke|p2|Marshadow|
|poke|p2|Lunala|
|poke|p2|Ditto|
|poke|p2|Eternatus|
|rule|Sleep Clause Mod: Limit one foe put to sleep
|rule|Species Clause: Limit one of each Pokémon
|rule|OHKO Clause: OHKO moves are banned
|rule|Evasion Moves Clause: Evasion moves are banned
|rule|Endless Battle Clause: Forcing endless battles is banned
|rule|HP Percentage Mod: HP is shown in percentages
|teampreview
|
|start
|switch|p1a: Reshiram|Reshiram|100/100
|switch|p2a: Eternatus|Eternatus|100/100
|-ability|p2a: Eternatus|Pressure
|-ability|p1a: Reshiram|Turboblaze
|turn|1
|
|switch|p1a: Necrozma|Necrozma-Dusk-Mane|100/100
|move|p2a: Eternatus|Dynamax Cannon|p1a: Necrozma
|-resisted|p1a: Necrozma
|-damage|p1a: Necrozma|82/100
|
|-heal|p1a: Necrozma|88/100|[from] item: Leftovers
|upkeep
|turn|2
|
|move|p2a: Eternatus|Cosmic Power|p2a: Eternatus
|-boost|p2a: Eternatus|def|1
|-boost|p2a: Eternatus|spd|1
|move|p1a: Necrozma|Stealth Rock|p2a: Eternatus
|-sidestart|p2: QiYu4|move: Stealth Rock
|
|-heal|p1a: Necrozma|94/100|[from] item: Leftovers
|upkeep
|turn|3
|j| penshuilong
|
|switch|p1a: Reshiram|Reshiram|100/100
|-ability|p1a: Reshiram|Turboblaze
|move|p2a: Eternatus|Flamethrower|p1a: Reshiram
|-resisted|p1a: Reshiram
|-damage|p1a: Reshiram|93/100
|
|upkeep
|turn|4
|
|switch|p1a: Necrozma|Necrozma-Dusk-Mane|94/100
|move|p2a: Eternatus|Flamethrower|p1a: Necrozma
|-supereffective|p1a: Necrozma
|-damage|p1a: Necrozma|61/100
|
|-heal|p1a: Necrozma|67/100|[from] item: Leftovers
|upkeep
|turn|5
|inactive|Battle timer is ON: inactive players will automatically lose when time's up. (requested by Gengar2123)
|
|switch|p1a: Marshadow|Marshadow|100/100
|move|p2a: Eternatus|Flamethrower|p1a: Marshadow
|-damage|p1a: Marshadow|56/100
|
|upkeep
|turn|6
|
|move|p1a: Marshadow|Knock Off|p2a: Eternatus
|-damage|p2a: Eternatus|83/100
|-enditem|p2a: Eternatus|Haban Berry|[from] move: Knock Off|[of] p1a: Marshadow
|move|p2a: Eternatus|Recover|p2a: Eternatus
|-heal|p2a: Eternatus|100/100
|
|upkeep
|turn|7
|
|switch|p1a: Zacian|Zacian-Crowned|100/100
|-ability|p1a: Zacian|Intrepid Sword|boost
|-boost|p1a: Zacian|atk|1
|move|p2a: Eternatus|Dynamax Cannon|p1a: Zacian
|-immune|p1a: Zacian
|
|upkeep
|turn|8
|
|move|p1a: Zacian|Behemoth Blade|p2a: Eternatus
|-damage|p2a: Eternatus|49/100
|move|p2a: Eternatus|Flamethrower|p1a: Zacian
|-supereffective|p1a: Zacian
|-damage|p1a: Zacian|35/100
|
|upkeep
|turn|9
|l| penshuilong
|
|switch|p2a: Necrozma|Necrozma-Dusk-Mane|100/100
|-damage|p2a: Necrozma|94/100|[from] Stealth Rock
|move|p1a: Zacian|Behemoth Blade|p2a: Necrozma
|-resisted|p2a: Necrozma
|-damage|p2a: Necrozma|58/100
|
|-heal|p2a: Necrozma|64/100|[from] item: Leftovers
|upkeep
|turn|10
|
|switch|p1a: Reshiram|Reshiram|93/100
|-ability|p1a: Reshiram|Turboblaze
|move|p2a: Necrozma|Moonlight|p2a: Necrozma
|-heal|p2a: Necrozma|100/100
|
|upkeep
|turn|11
|
|move|p1a: Reshiram|Blue Flare|p2a: Necrozma
|-supereffective|p2a: Necrozma
|-damage|p2a: Necrozma|12/100
|-damage|p1a: Reshiram|83/100|[from] item: Life Orb
|move|p2a: Necrozma|Thunder Wave|p1a: Reshiram
|-status|p1a: Reshiram|par
|
|-heal|p2a: Necrozma|18/100|[from] item: Leftovers
|upkeep
|turn|12
|j| ubertest45553
|
|move|p2a: Necrozma|Stealth Rock|p1a: Reshiram
|-sidestart|p1: Gengar2123|move: Stealth Rock
|move|p1a: Reshiram|Blue Flare|p2a: Necrozma
|-supereffective|p2a: Necrozma
|-crit|p2a: Necrozma
|-damage|p2a: Necrozma|0 fnt
|-damage|p1a: Reshiram|73/100 par|[from] item: Life Orb
|faint|p2a: Necrozma
|
|upkeep
|
|switch|p2a: Eternatus|Eternatus|49/100
|-damage|p2a: Eternatus|37/100|[from] Stealth Rock
|-ability|p2a: Eternatus|Pressure
|turn|13
|
|switch|p1a: Necrozma|Necrozma-Dusk-Mane|67/100
|-damage|p1a: Necrozma|61/100|[from] Stealth Rock
|move|p2a: Eternatus|Dynamax Cannon|p1a: Necrozma
|-resisted|p1a: Necrozma
|-damage|p1a: Necrozma|42/100
|
|-heal|p1a: Necrozma|48/100|[from] item: Leftovers
|upkeep
|turn|14
|
|move|p2a: Eternatus|Recover|p2a: Eternatus
|-heal|p2a: Eternatus|87/100
|move|p1a: Necrozma|Morning Sun|p1a: Necrozma
|-heal|p1a: Necrozma|98/100
|
|-heal|p1a: Necrozma|100/100|[from] item: Leftovers
|upkeep
|turn|15
|
|-start|p1a: Necrozma|Dynamax
|-heal|p1a: Necrozma|100/100|[silent]
|move|p2a: Eternatus|Cosmic Power|p2a: Eternatus
|-boost|p2a: Eternatus|def|1
|-boost|p2a: Eternatus|spd|1
|move|p1a: Necrozma|Max Quake|p2a: Eternatus
|-supereffective|p2a: Eternatus
|-damage|p2a: Eternatus|42/100
|-boost|p1a: Necrozma|spd|1
|
|upkeep
|turn|16
|
|move|p2a: Eternatus|Recover|p2a: Eternatus
|-heal|p2a: Eternatus|92/100
|move|p1a: Necrozma|Max Quake|p2a: Eternatus
|-supereffective|p2a: Eternatus
|-damage|p2a: Eternatus|49/100
|-boost|p1a: Necrozma|spd|1
|
|upkeep
|turn|17
|
|move|p2a: Eternatus|Cosmic Power|p2a: Eternatus
|-boost|p2a: Eternatus|def|1
|-boost|p2a: Eternatus|spd|1
|move|p1a: Necrozma|Max Quake|p2a: Eternatus
|-supereffective|p2a: Eternatus
|-damage|p2a: Eternatus|11/100
|-boost|p1a: Necrozma|spd|1
|
|-end|p1a: Necrozma|Dynamax
|-heal|p1a: Necrozma|100/100|[silent]
|upkeep
|turn|18
|j| penshuilong
|
|move|p2a: Eternatus|Recover|p2a: Eternatus
|-heal|p2a: Eternatus|61/100
|move|p1a: Necrozma|Earthquake|p2a: Eternatus
|-supereffective|p2a: Eternatus
|-damage|p2a: Eternatus|35/100
|
|upkeep
|turn|19
|
|switch|p1a: Marshadow|Marshadow|56/100
|-damage|p1a: Marshadow|50/100|[from] Stealth Rock
|move|p2a: Eternatus|Recover|p2a: Eternatus
|-heal|p2a: Eternatus|85/100
|
|upkeep
|turn|20
|
|move|p1a: Marshadow|Spectral Thief||[still]
|-clearpositiveboost|p2a: Eternatus|p1a: Marshadow|move: Spectral Thief
|-boost|p1a: Marshadow|def|2
|-boost|p1a: Marshadow|spd|2
|-anim|p1a: Marshadow|Spectral Thief|p2a: Eternatus
|-damage|p2a: Eternatus|47/100
|move|p2a: Eternatus|Recover|p2a: Eternatus
|-heal|p2a: Eternatus|97/100
|
|upkeep
|turn|21
|l| penshuilong
|
|switch|p1a: Eternatus|Eternatus|100/100
|-damage|p1a: Eternatus|88/100|[from] Stealth Rock
|-ability|p1a: Eternatus|Pressure
|move|p2a: Eternatus|Flamethrower|p1a: Eternatus
|-resisted|p1a: Eternatus
|-damage|p1a: Eternatus|75/100
|
|-heal|p1a: Eternatus|81/100|[from] item: Black Sludge
|upkeep
|turn|22
|j| Mr. Alotta Cheese
|
|move|p1a: Eternatus|Substitute|p1a: Eternatus
|-start|p1a: Eternatus|Substitute
|-damage|p1a: Eternatus|57/100
|move|p2a: Eternatus|Dynamax Cannon|p1a: Eternatus
|-supereffective|p1a: Eternatus
|-end|p1a: Eternatus|Substitute
|
|-heal|p1a: Eternatus|63/100|[from] item: Black Sludge
|upkeep
|turn|23
|
|move|p1a: Eternatus|Substitute|p1a: Eternatus
|-start|p1a: Eternatus|Substitute
|-damage|p1a: Eternatus|38/100
|move|p2a: Eternatus|Dynamax Cannon|p1a: Eternatus
|-supereffective|p1a: Eternatus
|-end|p1a: Eternatus|Substitute
|
|-heal|p1a: Eternatus|44/100|[from] item: Black Sludge
|upkeep
|turn|24
|
|switch|p2a: Mewtwo|Mewtwo|100/100
|-damage|p2a: Mewtwo|88/100|[from] Stealth Rock
|-ability|p2a: Mewtwo|Pressure
|move|p1a: Eternatus|Substitute|p1a: Eternatus
|-start|p1a: Eternatus|Substitute
|-damage|p1a: Eternatus|19/100
|
|-heal|p1a: Eternatus|26/100|[from] item: Black Sludge
|upkeep
|turn|25
|
|move|p2a: Mewtwo|Psystrike|p1a: Eternatus
|-supereffective|p1a: Eternatus
|-end|p1a: Eternatus|Substitute
|move|p1a: Eternatus|Toxic|p2a: Mewtwo
|-status|p2a: Mewtwo|tox
|
|-heal|p1a: Eternatus|32/100|[from] item: Black Sludge
|-damage|p2a: Mewtwo|82/100 tox|[from] psn
|upkeep
|turn|26
|
|switch|p1a: Necrozma|Necrozma-Dusk-Mane|100/100
|-damage|p1a: Necrozma|94/100|[from] Stealth Rock
|move|p2a: Mewtwo|Fire Blast|p1a: Necrozma
|-supereffective|p1a: Necrozma
|-damage|p1a: Necrozma|57/100
|
|-heal|p1a: Necrozma|63/100|[from] item: Leftovers
|-damage|p2a: Mewtwo|69/100 tox|[from] psn
|upkeep
|turn|27
|
|move|p2a: Mewtwo|Nasty Plot|p2a: Mewtwo
|-boost|p2a: Mewtwo|spa|2
|move|p1a: Necrozma|Earthquake|p2a: Mewtwo
|-damage|p2a: Mewtwo|34/100 tox
|
|-heal|p1a: Necrozma|69/100|[from] item: Leftovers
|-damage|p2a: Mewtwo|16/100 tox|[from] psn
|upkeep
|turn|28
|
|switch|p1a: Reshiram|Reshiram|73/100 par
|-damage|p1a: Reshiram|48/100 par|[from] Stealth Rock
|-ability|p1a: Reshiram|Turboblaze
|move|p2a: Mewtwo|Fire Blast|p1a: Reshiram
|-resisted|p1a: Reshiram
|-damage|p1a: Reshiram|30/100 par
|
|-damage|p2a: Mewtwo|0 fnt|[from] psn
|faint|p2a: Mewtwo
|upkeep
|
|switch|p2a: Marshadow|Marshadow|100/100
|-damage|p2a: Marshadow|94/100|[from] Stealth Rock
|turn|29
|c|☆Gengar2123|Dynamaxing these guys feels wrong
|
|move|p2a: Marshadow|Spectral Thief|p1a: Reshiram
|-damage|p1a: Reshiram|0 fnt
|faint|p1a: Reshiram
|
|upkeep
|
|switch|p1a: Zacian|Zacian-Crowned|35/100
|-damage|p1a: Zacian|29/100|[from] Stealth Rock
|-ability|p1a: Zacian|Intrepid Sword|boost
|-boost|p1a: Zacian|atk|1
|turn|30
|
|move|p2a: Marshadow|Spectral Thief||[still]
|-clearpositiveboost|p1a: Zacian|p2a: Marshadow|move: Spectral Thief
|-boost|p2a: Marshadow|atk|1
|-anim|p2a: Marshadow|Spectral Thief|p1a: Zacian
|-damage|p1a: Zacian|0 fnt
|faint|p1a: Zacian
|
|upkeep
|
|switch|p1a: Marshadow|Marshadow|50/100
|-damage|p1a: Marshadow|44/100|[from] Stealth Rock
|turn|31
|
|switch|p2a: Eternatus|Eternatus|97/100
|-damage|p2a: Eternatus|84/100|[from] Stealth Rock
|-ability|p2a: Eternatus|Pressure
|move|p1a: Marshadow|Spectral Thief|p2a: Eternatus
|-damage|p2a: Eternatus|50/100
|
|upkeep
|turn|32
|
|move|p1a: Marshadow|Spectral Thief|p2a: Eternatus
|-damage|p2a: Eternatus|15/100
|move|p2a: Eternatus|Recover|p2a: Eternatus
|-heal|p2a: Eternatus|65/100
|
|upkeep
|turn|33
|j| dargaplut
|
|switch|p1a: Eternatus|Eternatus|32/100
|-damage|p1a: Eternatus|19/100|[from] Stealth Rock
|-ability|p1a: Eternatus|Pressure
|move|p2a: Eternatus|Flamethrower|p1a: Eternatus
|-resisted|p1a: Eternatus
|-damage|p1a: Eternatus|5/100
|
|-heal|p1a: Eternatus|11/100|[from] item: Black Sludge
|upkeep
|turn|34
|l|☆QiYu4
|inactive|QiYu4 disconnected and has a minute to reconnect!
|player|p2|
|j|☆QiYu4
|inactive|QiYu4 reconnected and has 125 seconds left.
|player|p2|QiYu4|psychic-gen4
|inactive|QiYu4 has 120 seconds left.
|c| ubertest45553|i don't think legendaries should dynamax
|
|move|p1a: Eternatus|Recover|p1a: Eternatus
|-heal|p1a: Eternatus|61/100
|move|p2a: Eternatus|Dynamax Cannon|p1a: Eternatus
|-supereffective|p1a: Eternatus
|-damage|p1a: Eternatus|0 fnt
|faint|p1a: Eternatus
|
|upkeep
|
|switch|p1a: Ditto|Ditto|100/100
|-damage|p1a: Ditto|88/100|[from] Stealth Rock
|-transform|p1a: Ditto|p2a: Eternatus|[from] ability: Imposter
|-ability|p1a: Ditto|Pressure
|turn|35
|inactive|QiYu4 has 120 seconds left.
|
|switch|p2a: Ditto|Ditto|100/100
|-damage|p2a: Ditto|88/100|[from] Stealth Rock
|move|p1a: Ditto|Dynamax Cannon|p2a: Ditto
|-damage|p2a: Ditto|0 fnt
|faint|p2a: Ditto
|
|upkeep
|
|switch|p2a: Lunala|Lunala|100/100
|-damage|p2a: Lunala|88/100|[from] Stealth Rock
|turn|36
|
|move|p1a: Ditto|Dynamax Cannon|p2a: Lunala
|-damage|p2a: Lunala|39/100
|move|p2a: Lunala|Moongeist Beam|p1a: Ditto
|-damage|p1a: Ditto|0 fnt
|faint|p1a: Ditto
|
|upkeep
|
|switch|p1a: Marshadow|Marshadow|44/100
|-damage|p1a: Marshadow|38/100|[from] Stealth Rock
|turn|37
|
|move|p1a: Marshadow|Spectral Thief|p2a: Lunala
|-supereffective|p2a: Lunala
|-damage|p2a: Lunala|0 fnt
|faint|p2a: Lunala
|
|upkeep
|
|switch|p2a: Marshadow|Marshadow|94/100
|-damage|p2a: Marshadow|88/100|[from] Stealth Rock
|turn|38
|
|move|p2a: Marshadow|Shadow Sneak|p1a: Marshadow
|-supereffective|p1a: Marshadow
|-damage|p1a: Marshadow|0 fnt
|faint|p1a: Marshadow
|
|upkeep
|
|switch|p1a: Necrozma|Necrozma-Dusk-Mane|69/100
|-damage|p1a: Necrozma|63/100|[from] Stealth Rock
|turn|39
|
|-start|p2a: Marshadow|Dynamax
|-heal|p2a: Marshadow|88/100|[silent]
|move|p2a: Marshadow|Max Phantasm|p1a: Necrozma
|-supereffective|p1a: Necrozma
|-damage|p1a: Necrozma|0 fnt
|faint|p1a: Necrozma
|
|win|QiYu4
|l| ubertest45553
|raw|Gengar2123's rating: 1662 &rarr; <strong>1637</strong><br />(-25 for losing)
|raw|QiYu4's rating: 1573 &rarr; <strong>1598</strong><br />(+25 for winning)
|l|☆Gengar2123
