|j|☆Orepharus
|j|☆nico2097
|t:|1663925937
|gametype|singles
|player|p1|Orepharus|169|1315
|player|p2|nico2097|hiker-gen4|1418
|teamsize|p1|6
|teamsize|p2|6
|gen|8
|tier|[Gen 8] Ubers
|rated|
|rule|Sleep Clause Mod: Limit one foe put to sleep
|rule|Species Clause: Limit one of each Pokémon
|rule|OHKO Clause: OHKO moves are banned
|rule|Evasion Items Clause: Evasion items are banned
|rule|Evasion Moves Clause: Evasion moves are banned
|rule|Endless Battle Clause: Forcing endless battles is banned
|rule|HP Percentage Mod: HP is shown in percentages
|rule|Dynamax Clause: You cannot dynamax
|clearpoke
|poke|p1|Calyrex-Shadow|
|poke|p1|Yveltal|
|poke|p1|Magearna|
|poke|p1|Rillaboom, M|
|poke|p1|Cobalion|
|poke|p1|Toxapex, M|
|poke|p2|Hatterene, F|
|poke|p2|Porygon2|
|poke|p2|Calyrex-Ice|
|poke|p2|Melmetal|
|poke|p2|Dracovish|
|poke|p2|Kyogre|
|teampreview
|inactive|Battle timer is ON: inactive players will automatically lose when time's up. (requested by nico2097)
|inactive|nico2097 has 120 seconds left.
|l|☆nico2097
|inactive|nico2097 disconnected and has a minute to reconnect!
|player|p2|
|inactive|nico2097 has 30 seconds to reconnect!
|inactive|nico2097 has 20 seconds to reconnect!
|j|☆nico2097
|inactive|nico2097 reconnected and has 70 seconds left.
|player|p2|nico2097|hiker-gen4
|
|t:|1663926027
|start
|switch|p1a: Cobalion|Cobalion, shiny|100/100
|switch|p2a: Hatterene|Hatterene, F|100/100
|turn|1
|
|t:|1663926038
|move|p1a: Cobalion|Iron Head|p2a: Hatterene
|-supereffective|p2a: Hatterene
|-damage|p2a: Hatterene|9/100
|-damage|p1a: Cobalion|91/100|[from] item: Life Orb
|move|p2a: Hatterene|Trick Room|p2a: Hatterene
|-fieldstart|move: Trick Room|[of] p2a: Hatterene
|
|upkeep
|turn|2
|
|t:|1663926042
|move|p2a: Hatterene|Healing Wish|p2a: Hatterene
|faint|p2a: Hatterene
|move|p1a: Cobalion|Iron Head|p2: Hatterene|[notarget]
|-fail|p1a: Cobalion
|
|upkeep
|
|t:|1663926046
|switch|p2a: Kyogre|Kyogre|100/100
|-weather|RainDance|[from] ability: Drizzle|[of] p2a: Kyogre
|turn|3
|
|t:|1663926052
|switch|p1a: Toxapex|Toxapex, M|100/100
|move|p2a: Kyogre|Water Spout|p1a: Toxapex
|-resisted|p1a: Toxapex
|-damage|p1a: Toxapex|17/100
|
|-weather|RainDance|[upkeep]
|-heal|p1a: Toxapex|23/100|[from] item: Black Sludge
|upkeep
|turn|4
|
|t:|1663926055
|move|p1a: Toxapex|Baneful Bunker|p1a: Toxapex
|-singleturn|p1a: Toxapex|move: Protect
|move|p2a: Kyogre|Water Spout|p1a: Toxapex
|-activate|p1a: Toxapex|move: Protect
|
|-weather|RainDance|[upkeep]
|-heal|p1a: Toxapex|29/100|[from] item: Black Sludge
|upkeep
|turn|5
|
|t:|1663926060
|move|p1a: Toxapex|Recover|p1a: Toxapex
|-heal|p1a: Toxapex|79/100
|move|p2a: Kyogre|Water Spout|p1a: Toxapex
|-resisted|p1a: Toxapex
|-damage|p1a: Toxapex|0 fnt
|faint|p1a: Toxapex
|
|-weather|RainDance|[upkeep]
|-fieldend|move: Trick Room
|upkeep
|
|t:|1663926063
|switch|p1a: Rillaboom|Rillaboom, M|100/100
|-fieldstart|move: Grassy Terrain|[from] ability: Grassy Surge|[of] p1a: Rillaboom
|turn|6
|
|t:|1663926068
|switch|p2a: Melmetal|Melmetal|100/100
|move|p1a: Rillaboom|Knock Off|p2a: Melmetal
|-damage|p2a: Melmetal|80/100
|-enditem|p2a: Melmetal|Choice Band|[from] move: Knock Off|[of] p1a: Rillaboom
|
|-weather|RainDance|[upkeep]
|-heal|p2a: Melmetal|86/100|[from] Grassy Terrain
|upkeep
|turn|7
|
|t:|1663926078
|move|p1a: Rillaboom|U-turn|p2a: Melmetal
|-resisted|p2a: Melmetal
|-crit|p2a: Melmetal
|-damage|p2a: Melmetal|74/100
|
|t:|1663926079
|switch|p1a: Cobalion|Cobalion, shiny|91/100|[from]move: U-turn
|move|p2a: Melmetal|Double Iron Bash|p1a: Cobalion
|-resisted|p1a: Cobalion
|-damage|p1a: Cobalion|71/100
|-resisted|p1a: Cobalion
|-damage|p1a: Cobalion|53/100
|-hitcount|p1a: Cobalion|2
|
|-weather|none
|-heal|p1a: Cobalion|60/100|[from] Grassy Terrain
|-heal|p2a: Melmetal|81/100|[from] Grassy Terrain
|upkeep
|turn|8
|
|t:|1663926088
|move|p1a: Cobalion|Close Combat|p2a: Melmetal
|-supereffective|p2a: Melmetal
|-damage|p2a: Melmetal|0 fnt
|-unboost|p1a: Cobalion|def|1
|-unboost|p1a: Cobalion|spd|1
|faint|p2a: Melmetal
|-damage|p1a: Cobalion|50/100|[from] item: Life Orb
|
|-heal|p1a: Cobalion|56/100|[from] Grassy Terrain
|upkeep
|
|t:|1663926099
|switch|p2a: Calyrex|Calyrex-Ice|100/100
|-ability|p2a: Calyrex|As One
|-ability|p2a: Calyrex|Unnerve
|turn|9
|
|t:|1663926118
|move|p1a: Cobalion|Iron Head|p2a: Calyrex
|-supereffective|p2a: Calyrex
|-damage|p2a: Calyrex|54/100
|-damage|p1a: Cobalion|46/100|[from] item: Life Orb
|move|p2a: Calyrex|Trick Room|p2a: Calyrex
|-fieldstart|move: Trick Room|[of] p2a: Calyrex
|
|-heal|p2a: Calyrex|60/100|[from] Grassy Terrain
|-heal|p1a: Cobalion|52/100|[from] Grassy Terrain
|upkeep
|turn|10
|
|t:|1663926129
|switch|p1a: Calyrex|Calyrex-Shadow|100/100
|-ability|p1a: Calyrex|As One
|-ability|p1a: Calyrex|Unnerve
|move|p2a: Calyrex|Glacial Lance|p1a: Calyrex
|-enditem|p1a: Calyrex|Focus Sash
|-damage|p1a: Calyrex|1/100
|
|-heal|p2a: Calyrex|67/100|[from] Grassy Terrain
|-heal|p1a: Calyrex|7/100|[from] Grassy Terrain
|-fieldend|move: Grassy Terrain
|upkeep
|turn|11
|
|t:|1663926136
|switch|p1a: Cobalion|Cobalion, shiny|52/100
|move|p2a: Calyrex|Glacial Lance|p1a: Cobalion
|-resisted|p1a: Cobalion
|-damage|p1a: Cobalion|16/100
|
|upkeep
|turn|12
|
|t:|1663926152
|move|p2a: Calyrex|Glacial Lance|p1a: Cobalion
|-resisted|p1a: Cobalion
|-damage|p1a: Cobalion|0 fnt
|faint|p1a: Cobalion
|-ability|p2a: Calyrex|Chilling Neigh|boost
|-boost|p2a: Calyrex|atk|1
|
|upkeep
|
|t:|1663926179
|switch|p1a: Calyrex|Calyrex-Shadow|7/100
|-ability|p1a: Calyrex|As One
|-ability|p1a: Calyrex|Unnerve
|turn|13
|
|t:|1663926182
|move|p2a: Calyrex|Glacial Lance|p1a: Calyrex
|-damage|p1a: Calyrex|0 fnt
|faint|p1a: Calyrex
|-ability|p2a: Calyrex|Chilling Neigh|boost
|-boost|p2a: Calyrex|atk|1
|
|-fieldend|move: Trick Room
|upkeep
|
|t:|1663926183
|switch|p1a: Yveltal|Yveltal|100/100
|-ability|p1a: Yveltal|Dark Aura
|turn|14
|
|t:|1663926185
|move|p1a: Yveltal|Dark Pulse|p2a: Calyrex
|-supereffective|p2a: Calyrex
|-damage|p2a: Calyrex|4/100
|move|p2a: Calyrex|Trick Room|p2a: Calyrex
|-fieldstart|move: Trick Room|[of] p2a: Calyrex
|
|upkeep
|turn|15
|inactive|Orepharus has 120 seconds left.
|
|t:|1663926217
|switch|p2a: Kyogre|Kyogre|100/100
|-weather|RainDance|[from] ability: Drizzle|[of] p2a: Kyogre
|move|p1a: Yveltal|Dark Pulse|p2a: Kyogre
|-damage|p2a: Kyogre|72/100
|
|-weather|RainDance|[upkeep]
|upkeep
|turn|16
|
|t:|1663926224
|switch|p1a: Rillaboom|Rillaboom, M|100/100
|-fieldstart|move: Grassy Terrain|[from] ability: Grassy Surge|[of] p1a: Rillaboom
|move|p2a: Kyogre|Origin Pulse|p1a: Rillaboom
|-resisted|p1a: Rillaboom
|-damage|p1a: Rillaboom|4/100
|
|-weather|RainDance|[upkeep]
|-heal|p2a: Kyogre|78/100|[from] Grassy Terrain
|-heal|p1a: Rillaboom|10/100|[from] Grassy Terrain
|-heal|p1a: Rillaboom|17/100|[from] item: Leftovers
|upkeep
|turn|17
|
|t:|1663926228
|move|p1a: Rillaboom|Grassy Glide|p2a: Kyogre
|-supereffective|p2a: Kyogre
|-damage|p2a: Kyogre|0 fnt
|faint|p2a: Kyogre
|
|-weather|RainDance|[upkeep]
|-heal|p1a: Rillaboom|23/100|[from] Grassy Terrain
|-heal|p1a: Rillaboom|29/100|[from] item: Leftovers
|upkeep
|
|t:|1663926233
|switch|p2a: Calyrex|Calyrex-Ice|4/100
|-ability|p2a: Calyrex|As One
|-ability|p2a: Calyrex|Unnerve
|-heal|p2a: Calyrex|100/100|[from] move: Healing Wish
|turn|18
|inactive|Orepharus has 120 seconds left.
|
|t:|1663926292
|switch|p1a: Magearna|Magearna|100/100
|move|p2a: Calyrex|Glacial Lance|p1a: Magearna
|-resisted|p1a: Magearna
|-damage|p1a: Magearna|66/100
|
|-weather|RainDance|[upkeep]
|-heal|p1a: Magearna|72/100|[from] Grassy Terrain
|-fieldend|move: Trick Room
|upkeep
|turn|19
|
|t:|1663926297
|move|p1a: Magearna|Flash Cannon|p2a: Calyrex
|-supereffective|p2a: Calyrex
|-damage|p2a: Calyrex|50/100
|move|p2a: Calyrex|Trick Room|p2a: Calyrex
|-fieldstart|move: Trick Room|[of] p2a: Calyrex
|
|-weather|none
|-heal|p2a: Calyrex|56/100|[from] Grassy Terrain
|-heal|p1a: Magearna|78/100|[from] Grassy Terrain
|upkeep
|turn|20
|
|t:|1663926303
|move|p2a: Calyrex|Swords Dance|p2a: Calyrex
|-boost|p2a: Calyrex|atk|2
|move|p1a: Magearna|Flash Cannon|p2a: Calyrex
|-supereffective|p2a: Calyrex
|-damage|p2a: Calyrex|10/100
|
|-heal|p2a: Calyrex|16/100|[from] Grassy Terrain
|-heal|p1a: Magearna|84/100|[from] Grassy Terrain
|-fieldend|move: Grassy Terrain
|upkeep
|turn|21
|inactive|Orepharus has 120 seconds left.
|
|t:|1663926331
|move|p2a: Calyrex|High Horsepower|p1a: Magearna
|-supereffective|p1a: Magearna
|-damage|p1a: Magearna|0 fnt
|faint|p1a: Magearna
|-ability|p2a: Calyrex|Chilling Neigh|boost
|-boost|p2a: Calyrex|atk|1
|
|upkeep
|
|t:|1663926334
|switch|p1a: Rillaboom|Rillaboom, M|29/100
|-fieldstart|move: Grassy Terrain|[from] ability: Grassy Surge|[of] p1a: Rillaboom
|turn|22
|
|t:|1663926347
|move|p1a: Rillaboom|Grassy Glide|p2a: Calyrex
|-damage|p2a: Calyrex|0 fnt
|faint|p2a: Calyrex
|
|-heal|p1a: Rillaboom|35/100|[from] Grassy Terrain
|-heal|p1a: Rillaboom|41/100|[from] item: Leftovers
|upkeep
|
|t:|1663926351
|switch|p2a: Porygon2|Porygon2|100/100
|turn|23
|
|t:|1663926357
|move|p2a: Porygon2|Foul Play|p1a: Rillaboom
|-damage|p1a: Rillaboom|3/100
|move|p1a: Rillaboom|Taunt|p2a: Porygon2
|-start|p2a: Porygon2|move: Taunt
|
|-heal|p1a: Rillaboom|9/100|[from] Grassy Terrain
|-heal|p1a: Rillaboom|15/100|[from] item: Leftovers
|-fieldend|move: Trick Room
|upkeep
|turn|24
|
|t:|1663926361
|move|p1a: Rillaboom|Knock Off|p2a: Porygon2
|-damage|p2a: Porygon2|86/100
|-enditem|p2a: Porygon2|Eviolite|[from] move: Knock Off|[of] p1a: Rillaboom
|move|p2a: Porygon2|Foul Play|p1a: Rillaboom
|-damage|p1a: Rillaboom|0 fnt
|faint|p1a: Rillaboom
|
|-heal|p2a: Porygon2|92/100|[from] Grassy Terrain
|upkeep
|
|t:|1663926367
|switch|p1a: Yveltal|Yveltal|100/100
|-ability|p1a: Yveltal|Dark Aura
|turn|25
|
|t:|1663926371
|move|p1a: Yveltal|Dark Pulse|p2a: Porygon2
|-damage|p2a: Porygon2|46/100
|move|p2a: Porygon2|Foul Play|p1a: Yveltal
|-resisted|p1a: Yveltal
|-crit|p1a: Yveltal
|-damage|p1a: Yveltal|79/100
|
|-heal|p2a: Porygon2|52/100|[from] Grassy Terrain
|upkeep
|turn|26
|
|t:|1663926383
|move|p1a: Yveltal|Dark Pulse|p2a: Porygon2
|-damage|p2a: Porygon2|5/100
|cant|p2a: Porygon2|flinch
|
|-heal|p2a: Porygon2|11/100|[from] Grassy Terrain
|-end|p2a: Porygon2|move: Taunt
|-fieldend|move: Grassy Terrain
|upkeep
|turn|27
|
|t:|1663926393
|move|p1a: Yveltal|Oblivion Wing|p2a: Porygon2
|-damage|p2a: Porygon2|0 fnt
|-heal|p1a: Yveltal|85/100|[from] drain|[of] p2a: Porygon2
|faint|p2a: Porygon2
|
|upkeep
|
|t:|1663926395
|switch|p2a: Dracovish|Dracovish|100/100
|turn|28
|
|t:|1663926397
|move|p1a: Yveltal|Dark Pulse|p2a: Dracovish
|-damage|p2a: Dracovish|53/100
|move|p2a: Dracovish|Outrage|p1a: Yveltal
|-damage|p1a: Yveltal|27/100
|
|upkeep
|turn|29
|
|t:|1663926402
|move|p1a: Yveltal|Dark Pulse|p2a: Dracovish
|-damage|p2a: Dracovish|8/100
|move|p2a: Dracovish|Outrage|p1a: Yveltal|[from]lockedmove
|-damage|p1a: Yveltal|0 fnt
|faint|p1a: Yveltal
|
|win|nico2097
|raw|Orepharus's rating: 1315 &rarr; <strong>1301</strong><br />(-14 for losing)
|raw|nico2097's rating: 1418 &rarr; <strong>1432</strong><br />(+14 for winning)
