|j|☆Bipin Khanal
|j|☆mrdarkcyber
|t:|1670069099
|gametype|singles
|player|p1|Bipin Khanal|steven|1434
|player|p2|mrdarkcyber|102|1695
|teamsize|p1|6
|teamsize|p2|6
|gen|8
|tier|[Gen 8] Ubers
|rated|
|rule|Sleep Clause Mod: Limit one foe put to sleep
|rule|Species Clause: Limit one of each Pokémon
|rule|OHKO Clause: OHKO moves are banned
|rule|Evasion Items Clause: Evasion items are banned
|rule|Evasion Moves Clause: Evasion moves are banned
|rule|Endless Battle Clause: Forcing endless battles is banned
|rule|HP Percentage Mod: HP is shown in percentages
|rule|Dynamax Clause: You cannot dynamax
|clearpoke
|poke|p1|Marshadow|
|poke|p1|Melmetal|
|poke|p1|Yveltal|
|poke|p1|Calyrex-Shadow|
|poke|p1|Urshifu-*, F|
|poke|p1|Ho-Oh|
|poke|p2|Tyranitar, F|
|poke|p2|Excadrill, M|
|poke|p2|Yveltal|
|poke|p2|Necrozma-Dusk-Mane|
|poke|p2|Eternatus|
|poke|p2|Groudon|
|teampreview
|
|t:|1670069110
|start
|switch|p1a: CUTE GHOST|Marshadow|100/100
|switch|p2a: Yveltal|Yveltal|100/100
|-ability|p2a: Yveltal|Dark Aura
|turn|1
|inactive|Battle timer is ON: inactive players will automatically lose when time's up. (requested by mrdarkcyber)
|
|t:|1670069125
|move|p2a: Yveltal|Oblivion Wing|p1a: CUTE GHOST
|-supereffective|p1a: CUTE GHOST
|-damage|p1a: CUTE GHOST|25/100
|move|p1a: CUTE GHOST|Force Palm|p2a: Yveltal
|-damage|p2a: Yveltal|66/100
|
|upkeep
|turn|2
|
|t:|1670069134
|move|p2a: Yveltal|Oblivion Wing|p1a: CUTE GHOST
|-supereffective|p1a: CUTE GHOST
|-damage|p1a: CUTE GHOST|0 fnt
|-heal|p2a: Yveltal|79/100|[from] drain|[of] p1a: CUTE GHOST
|faint|p1a: CUTE GHOST
|
|upkeep
|
|t:|1670069147
|switch|p1a: Ho-Oh|Ho-Oh, shiny|100/100
|turn|3
|
|t:|1670069151
|switch|p2a: Tyranitar|Tyranitar, F|100/100
|-weather|Sandstorm|[from] ability: Sand Stream|[of] p2a: Tyranitar
|move|p1a: Ho-Oh|Toxic|p2a: Tyranitar
|-status|p2a: Tyranitar|tox
|
|-weather|Sandstorm|[upkeep]
|-damage|p1a: Ho-Oh|94/100|[from] Sandstorm
|-damage|p2a: Tyranitar|94/100 tox|[from] psn
|upkeep
|turn|4
|
|t:|1670069158
|move|p1a: Ho-Oh|Earthquake|p2a: Tyranitar
|-supereffective|p2a: Tyranitar
|-damage|p2a: Tyranitar|44/100 tox
|move|p2a: Tyranitar|Stealth Rock|p1a: Ho-Oh
|-sidestart|p1: Bipin Khanal|move: Stealth Rock
|
|-weather|Sandstorm|[upkeep]
|-damage|p1a: Ho-Oh|88/100|[from] Sandstorm
|-heal|p2a: Tyranitar|50/100 tox|[from] item: Leftovers
|-damage|p2a: Tyranitar|38/100 tox|[from] psn
|upkeep
|turn|5
|
|t:|1670069173
|switch|p2a: Groudon|Groudon|100/100
|-weather|SunnyDay|[from] ability: Drought|[of] p2a: Groudon
|move|p1a: Ho-Oh|Earthquake|p2a: Groudon
|-damage|p2a: Groudon|78/100
|
|-weather|SunnyDay|[upkeep]
|-heal|p2a: Groudon|84/100|[from] item: Leftovers
|upkeep
|turn|6
|
|t:|1670069181
|move|p1a: Ho-Oh|Toxic|p2a: Groudon
|-status|p2a: Groudon|tox
|move|p2a: Groudon|Stone Edge|p1a: Ho-Oh|[miss]
|-miss|p2a: Groudon|p1a: Ho-Oh
|
|-weather|SunnyDay|[upkeep]
|-heal|p2a: Groudon|90/100 tox|[from] item: Leftovers
|-damage|p2a: Groudon|84/100 tox|[from] psn
|upkeep
|turn|7
|
|t:|1670069186
|move|p1a: Ho-Oh|Brave Bird|p2a: Groudon
|-damage|p2a: Groudon|47/100 tox
|-damage|p1a: Ho-Oh|74/100|[from] Recoil
|move|p2a: Groudon|Stone Edge|p1a: Ho-Oh
|-supereffective|p1a: Ho-Oh
|-damage|p1a: Ho-Oh|0 fnt
|faint|p1a: Ho-Oh
|
|-weather|SunnyDay|[upkeep]
|-heal|p2a: Groudon|53/100 tox|[from] item: Leftovers
|-damage|p2a: Groudon|41/100 tox|[from] psn
|upkeep
|
|t:|1670069196
|switch|p1a: Urshifu|Urshifu, F|100/100
|-damage|p1a: Urshifu|94/100|[from] Stealth Rock
|turn|8
|
|t:|1670069207
|move|p1a: Urshifu|Drain Punch|p2a: Groudon
|-damage|p2a: Groudon|15/100 tox
|-heal|p1a: Urshifu|100/100|[from] drain|[of] p2a: Groudon
|move|p2a: Groudon|Heat Crash|p1a: Urshifu
|-damage|p1a: Urshifu|19/100
|
|-weather|SunnyDay|[upkeep]
|-heal|p2a: Groudon|21/100 tox|[from] item: Leftovers
|-damage|p2a: Groudon|2/100 tox|[from] psn
|upkeep
|turn|9
|
|t:|1670069220
|move|p1a: Urshifu|Drain Punch|p2a: Groudon
|-damage|p2a: Groudon|0 fnt
|-heal|p1a: Urshifu|20/100|[from] drain|[of] p2a: Groudon
|faint|p2a: Groudon
|
|-weather|none
|upkeep
|
|t:|1670069229
|switch|p2a: Yveltal|Yveltal|79/100
|-ability|p2a: Yveltal|Dark Aura
|turn|10
|
|t:|1670069233
|move|p1a: Urshifu|Drain Punch|p2a: Yveltal
|-damage|p2a: Yveltal|47/100
|-heal|p1a: Urshifu|42/100|[from] drain|[of] p2a: Yveltal
|move|p2a: Yveltal|Oblivion Wing|p1a: Urshifu
|-supereffective|p1a: Urshifu
|-damage|p1a: Urshifu|0 fnt
|-heal|p2a: Yveltal|70/100|[from] drain|[of] p1a: Urshifu
|faint|p1a: Urshifu
|
|upkeep
|
|t:|1670069246
|switch|p1a: Melmetal|Melmetal|100/100
|-damage|p1a: Melmetal|94/100|[from] Stealth Rock
|turn|11
|
|t:|1670069267
|switch|p2a: Necrozma|Necrozma-Dusk-Mane|100/100
|move|p1a: Melmetal|Thunder Punch|p2a: Necrozma
|-crit|p2a: Necrozma
|-damage|p2a: Necrozma|61/100
|
|-heal|p2a: Necrozma|67/100|[from] item: Leftovers
|upkeep
|turn|12
|
|t:|1670069276
|move|p2a: Necrozma|Knock Off|p1a: Melmetal
|-damage|p1a: Melmetal|68/100
|-enditem|p1a: Melmetal|Focus Sash|[from] move: Knock Off|[of] p2a: Necrozma
|move|p1a: Melmetal|Dynamic Punch|p2a: Necrozma
|-damage|p2a: Necrozma|35/100
|-start|p2a: Necrozma|confusion
|
|-heal|p2a: Necrozma|41/100|[from] item: Leftovers
|upkeep
|turn|13
|
|t:|1670069285
|-activate|p2a: Necrozma|confusion
|move|p2a: Necrozma|Knock Off|p1a: Melmetal
|-damage|p1a: Melmetal|52/100
|move|p1a: Melmetal|Double Iron Bash|p2a: Necrozma
|-resisted|p2a: Necrozma
|-damage|p2a: Necrozma|25/100
|-resisted|p2a: Necrozma
|-damage|p2a: Necrozma|10/100
|-hitcount|p2a: Necrozma|2
|
|-heal|p2a: Necrozma|16/100|[from] item: Leftovers
|upkeep
|turn|14
|
|t:|1670069293
|-activate|p2a: Necrozma|confusion
|move|p2a: Necrozma|Morning Sun|p2a: Necrozma
|-heal|p2a: Necrozma|66/100
|move|p1a: Melmetal|Iron Head|p2a: Necrozma
|-resisted|p2a: Necrozma
|-damage|p2a: Necrozma|49/100
|
|-heal|p2a: Necrozma|56/100|[from] item: Leftovers
|upkeep
|turn|15
|
|t:|1670069299
|-end|p2a: Necrozma|confusion
|move|p2a: Necrozma|Dragon Dance|p2a: Necrozma
|-boost|p2a: Necrozma|atk|1
|-boost|p2a: Necrozma|spe|1
|move|p1a: Melmetal|Thunder Punch|p2a: Necrozma
|-damage|p2a: Necrozma|28/100
|
|-heal|p2a: Necrozma|35/100|[from] item: Leftovers
|upkeep
|turn|16
|
|t:|1670069309
|move|p2a: Necrozma|Morning Sun|p2a: Necrozma
|-heal|p2a: Necrozma|85/100
|move|p1a: Melmetal|Thunder Punch|p2a: Necrozma
|-damage|p2a: Necrozma|60/100
|
|-heal|p2a: Necrozma|67/100|[from] item: Leftovers
|upkeep
|turn|17
|
|t:|1670069316
|move|p2a: Necrozma|Dragon Dance|p2a: Necrozma
|-boost|p2a: Necrozma|atk|1
|-boost|p2a: Necrozma|spe|1
|move|p1a: Melmetal|Thunder Punch|p2a: Necrozma
|-damage|p2a: Necrozma|41/100
|
|-heal|p2a: Necrozma|47/100|[from] item: Leftovers
|upkeep
|turn|18
|
|t:|1670069324
|move|p2a: Necrozma|Morning Sun|p2a: Necrozma
|-heal|p2a: Necrozma|97/100
|move|p1a: Melmetal|Thunder Punch|p2a: Necrozma
|-damage|p2a: Necrozma|72/100
|
|-heal|p2a: Necrozma|78/100|[from] item: Leftovers
|upkeep
|turn|19
|
|t:|1670069331
|move|p2a: Necrozma|Dragon Dance|p2a: Necrozma
|-boost|p2a: Necrozma|atk|1
|-boost|p2a: Necrozma|spe|1
|move|p1a: Melmetal|Dynamic Punch|p2a: Necrozma
|-damage|p2a: Necrozma|46/100
|-start|p2a: Necrozma|confusion
|
|-heal|p2a: Necrozma|53/100|[from] item: Leftovers
|upkeep
|turn|20
|
|t:|1670069338
|-activate|p2a: Necrozma|confusion
|move|p2a: Necrozma|Morning Sun|p2a: Necrozma
|-heal|p2a: Necrozma|100/100
|move|p1a: Melmetal|Double Iron Bash|p2a: Necrozma
|-resisted|p2a: Necrozma
|-damage|p2a: Necrozma|87/100
|-resisted|p2a: Necrozma
|-damage|p2a: Necrozma|73/100
|-hitcount|p2a: Necrozma|2
|
|-heal|p2a: Necrozma|79/100|[from] item: Leftovers
|upkeep
|turn|21
|
|t:|1670069347
|-activate|p2a: Necrozma|confusion
|-damage|p2a: Necrozma|47/100|[from] confusion
|move|p1a: Melmetal|Thunder Punch|p2a: Necrozma
|-damage|p2a: Necrozma|19/100
|
|-heal|p2a: Necrozma|25/100|[from] item: Leftovers
|upkeep
|turn|22
|
|t:|1670069354
|-activate|p2a: Necrozma|confusion
|move|p2a: Necrozma|Morning Sun|p2a: Necrozma
|-heal|p2a: Necrozma|75/100
|move|p1a: Melmetal|Double Iron Bash|p2a: Necrozma
|-resisted|p2a: Necrozma
|-damage|p2a: Necrozma|61/100
|-resisted|p2a: Necrozma
|-damage|p2a: Necrozma|47/100
|-hitcount|p2a: Necrozma|2
|
|-heal|p2a: Necrozma|53/100|[from] item: Leftovers
|upkeep
|turn|23
|
|t:|1670069363
|-activate|p2a: Necrozma|confusion
|move|p2a: Necrozma|Morning Sun|p2a: Necrozma
|-heal|p2a: Necrozma|100/100
|move|p1a: Melmetal|Thunder Punch|p2a: Necrozma
|-damage|p2a: Necrozma|73/100
|
|-heal|p2a: Necrozma|80/100|[from] item: Leftovers
|upkeep
|turn|24
|
|t:|1670069371
|-end|p2a: Necrozma|confusion
|move|p2a: Necrozma|Dragon Dance|p2a: Necrozma
|-boost|p2a: Necrozma|atk|1
|-boost|p2a: Necrozma|spe|1
|move|p1a: Melmetal|Dynamic Punch|p2a: Necrozma
|-damage|p2a: Necrozma|45/100
|-start|p2a: Necrozma|confusion
|
|-heal|p2a: Necrozma|52/100|[from] item: Leftovers
|upkeep
|turn|25
|
|t:|1670069381
|-activate|p2a: Necrozma|confusion
|move|p2a: Necrozma|Morning Sun|p2a: Necrozma
|-heal|p2a: Necrozma|100/100
|move|p1a: Melmetal|Double Iron Bash|p2a: Necrozma
|-resisted|p2a: Necrozma
|-damage|p2a: Necrozma|85/100
|-resisted|p2a: Necrozma
|-damage|p2a: Necrozma|70/100
|-hitcount|p2a: Necrozma|2
|
|-heal|p2a: Necrozma|77/100|[from] item: Leftovers
|upkeep
|turn|26
|
|t:|1670069385
|switch|p1a: Yveltal|Yveltal, shiny|100/100
|-ability|p1a: Yveltal|Dark Aura
|-activate|p2a: Necrozma|confusion
|move|p2a: Necrozma|Sunsteel Strike|p1a: Yveltal
|-damage|p1a: Yveltal|0 fnt
|faint|p1a: Yveltal
|
|-heal|p2a: Necrozma|83/100|[from] item: Leftovers
|upkeep
|
|t:|1670069389
|switch|p1a: Melmetal|Melmetal|52/100
|-damage|p1a: Melmetal|46/100|[from] Stealth Rock
|turn|27
|
|t:|1670069393
|-activate|p2a: Necrozma|confusion
|move|p2a: Necrozma|Knock Off|p1a: Melmetal
|-damage|p1a: Melmetal|0 fnt
|faint|p1a: Melmetal
|
|-heal|p2a: Necrozma|89/100|[from] item: Leftovers
|upkeep
|j| puissance du feu
|c|☆mrdarkcyber|gg
|inactive|Bipin Khanal has 120 seconds left.
|inactive|Bipin Khanal has 90 seconds left.
|c|☆mrdarkcyber|how u hit three dynamic punches in a row, i have no idea
|inactive|Bipin Khanal has 60 seconds left.
|inactive|Bipin Khanal has 30 seconds left.
|inactive|Bipin Khanal has 20 seconds left.
|c| puissance du feu|He left
|inactive|Bipin Khanal has 15 seconds left.
|c|☆mrdarkcyber|ya
|inactive|Bipin Khanal has 10 seconds left.
|c| puissance du feu|Could have forfeited
|inactive|Bipin Khanal has 5 seconds left.
|c| puissance du feu|Annoying
|-message|Bipin Khanal lost due to inactivity.
|
|win|mrdarkcyber
|raw|Bipin Khanal's rating: 1434 &rarr; <strong>1427</strong><br />(-7 for losing)
|raw|mrdarkcyber's rating: 1695 &rarr; <strong>1702</strong><br />(+7 for winning)
||Ladder isn't responding, score probably updated but might not have (Request timeout).
