|html|<div class="broadcast-blue"><strong>[Gen 8] Ubers is currently suspecting Calyrex-Shadow! For information on how to participate check out the <a href="https://www.smogon.com/forums/threads/np-ss-ubers-stage-8-ridin-dirty-calyrex-shadow-suspect-test.3704200/">suspect thread</a>.</strong></div>
|j|☆Reegychodon_64
|j|☆Liithiium
|t:|1656883817
|gametype|singles
|player|p1|Reegychodon_64|twins-gen4dp|
|player|p2|Liithiium|tabitha-gen3|
|teamsize|p1|6
|teamsize|p2|6
|gen|8
|tier|[Gen 8] Ubers
|rule|Sleep Clause Mod: Limit one foe put to sleep
|rule|Species Clause: Limit one of each Pokémon
|rule|OHKO Clause: OHKO moves are banned
|rule|Evasion Moves Clause: Evasion moves are banned
|rule|Endless Battle Clause: Forcing endless battles is banned
|rule|HP Percentage Mod: HP is shown in percentages
|rule|Dynamax Clause: You cannot dynamax
|clearpoke
|poke|p1|Tapu Koko|
|poke|p1|Regieleki|
|poke|p1|Darmanitan-Galar, F|
|poke|p1|Urshifu-*, F|
|poke|p1|Tornadus-Therian, M|
|poke|p1|Heatran, M|
|poke|p2|Ninetales-Alola, M|
|poke|p2|Arctozolt|
|poke|p2|Moltres|
|poke|p2|Slowbro, M|
|poke|p2|Kyurem|
|poke|p2|Swampert, F|
|teampreview
|inactive|Battle timer is ON: inactive players will automatically lose when time's up. (requested by Liithiium)
|inactiveoff|Battle timer is now OFF.
|c|☆Liithiium|hf !
|c|☆Reegychodon_64|hf
|
|t:|1656883856
|start
|switch|p1a: Darmanitan|Darmanitan-Galar, F|100/100
|switch|p2a: "Axlotel"|Swampert, F, shiny|100/100
|turn|1
|j| motistrat
|
|t:|1656883862
|move|p1a: Darmanitan|Icicle Crash|p2a: "Axlotel"
|-damage|p2a: "Axlotel"|39/100
|move|p2a: "Axlotel"|Stealth Rock|p1a: Darmanitan
|-sidestart|p1: Reegychodon_64|move: Stealth Rock
|
|-heal|p2a: "Axlotel"|46/100|[from] item: Leftovers
|upkeep
|turn|2
|j| Remi25
|
|t:|1656883873
|switch|p1a: Tornadus|Tornadus-Therian, M|100/100
|switch|p2a: Derp but Middle|Slowbro, M, shiny|100/100
|
|upkeep
|turn|3
|
|t:|1656883881
|move|p1a: Tornadus|Defog|p2a: Derp but Middle
|-unboost|p2a: Derp but Middle|evasion|1
|-sideend|p1: Reegychodon_64|Stealth Rock|[from] move: Defog|[of] p1a: Tornadus
|move|p2a: Derp but Middle|Future Sight|p1a: Tornadus
|-start|p2a: Derp but Middle|move: Future Sight
|
|upkeep
|turn|4
|
|t:|1656883892
|move|p1a: Tornadus|Knock Off|p2a: Derp but Middle
|-supereffective|p2a: Derp but Middle
|-damage|p2a: Derp but Middle|75/100
|-enditem|p2a: Derp but Middle|Heavy-Duty Boots|[from] move: Knock Off|[of] p1a: Tornadus
|move|p2a: Derp but Middle|Teleport|p2a: Derp but Middle
|
|t:|1656883917
|switch|p2a: Baby|Arctozolt|100/100|[from]move: Teleport
|
|upkeep
|turn|5
|
|t:|1656884000
|move|p1a: Tornadus|Knock Off|p2a: Baby
|-damage|p2a: Baby|76/100
|-enditem|p2a: Baby|Life Orb|[from] move: Knock Off|[of] p1a: Tornadus
|move|p2a: Baby|Bolt Beak|p1a: Tornadus
|-supereffective|p1a: Tornadus
|-damage|p1a: Tornadus|9/100
|
|-end|p1a: Tornadus|move: Future Sight
|-damage|p1a: Tornadus|0 fnt
|faint|p1a: Tornadus
|upkeep
|
|t:|1656884006
|switch|p1a: Heatran|Heatran, M|100/100
|-item|p1a: Heatran|Air Balloon
|turn|6
|
|t:|1656884014
|switch|p2a: Press EQ|Moltres|100/100
|move|p1a: Heatran|Stealth Rock|p2a: Press EQ
|-sidestart|p2: Liithiium|move: Stealth Rock
|
|upkeep
|turn|7
|
|t:|1656884034
|move|p1a: Heatran|Magma Storm|p2a: Press EQ
|-resisted|p2a: Press EQ
|-crit|p2a: Press EQ
|-damage|p2a: Press EQ|59/100
|-activate|p2a: Press EQ|move: Magma Storm|[of] p1a: Heatran
|move|p2a: Press EQ|Defog|p1a: Heatran
|-unboost|p1a: Heatran|evasion|1
|-sideend|p2: Liithiium|Stealth Rock|[from] move: Defog|[of] p2a: Press EQ
|
|-damage|p2a: Press EQ|47/100|[from] move: Magma Storm|[partiallytrapped]
|upkeep
|turn|8
|
|t:|1656884042
|move|p1a: Heatran|Stealth Rock|p2a: Press EQ
|-sidestart|p2: Liithiium|move: Stealth Rock
|move|p2a: Press EQ|U-turn|p1a: Heatran
|-resisted|p1a: Heatran
|-damage|p1a: Heatran|98/100
|-enditem|p1a: Heatran|Air Balloon
|
|t:|1656884046
|switch|p2a: "Axlotel"|Swampert, F, shiny|46/100|[from]move: U-turn
|-damage|p2a: "Axlotel"|39/100|[from] Stealth Rock
|
|-heal|p2a: "Axlotel"|46/100|[from] item: Leftovers
|upkeep
|turn|9
|
|t:|1656884050
|switch|p1a: Urshifu|Urshifu-Rapid-Strike, F|100/100
|move|p2a: "Axlotel"|Flip Turn|p1a: Urshifu
|-resisted|p1a: Urshifu
|-damage|p1a: Urshifu|90/100
|
|t:|1656884055
|switch|p2a: Aoasis|Ninetales-Alola, M|100/100|[from]move: Flip Turn
|-damage|p2a: Aoasis|76/100|[from] Stealth Rock
|-weather|Hail|[from] ability: Snow Warning|[of] p2a: Aoasis
|
|-weather|Hail|[upkeep]
|-damage|p1a: Urshifu|83/100|[from] Hail
|upkeep
|turn|10
|
|t:|1656884060
|switch|p1a: Heatran|Heatran, M|98/100
|move|p2a: Aoasis|Hypnosis|p1a: Heatran
|-status|p1a: Heatran|slp|[from] move: Hypnosis
|
|-weather|Hail|[upkeep]
|-damage|p1a: Heatran|91/100 slp|[from] Hail
|upkeep
|turn|11
|
|t:|1656884065
|move|p2a: Aoasis|Aurora Veil|p2a: Aoasis
|-sidestart|p2: Liithiium|move: Aurora Veil
|cant|p1a: Heatran|slp
|
|-weather|Hail|[upkeep]
|-damage|p1a: Heatran|85/100 slp|[from] Hail
|upkeep
|turn|12
|
|t:|1656884075
|switch|p2a: Glaciers|Kyurem|100/100
|-damage|p2a: Glaciers|76/100|[from] Stealth Rock
|-ability|p2a: Glaciers|Pressure
|switch|p1a: Darmanitan|Darmanitan-Galar, F|100/100
|
|-weather|Hail|[upkeep]
|upkeep
|turn|13
|
|t:|1656884086
|move|p1a: Darmanitan|U-turn|p2a: Glaciers
|-damage|p2a: Glaciers|59/100
|
|t:|1656884088
|switch|p1a: Urshifu|Urshifu-Rapid-Strike, F|83/100|[from]move: U-turn
|move|p2a: Glaciers|Flash Cannon|p1a: Urshifu
|-resisted|p1a: Urshifu
|-damage|p1a: Urshifu|62/100
|
|-weather|none
|upkeep
|turn|14
|
|t:|1656884095
|switch|p2a: Derp but Middle|Slowbro, M, shiny|100/100
|-damage|p2a: Derp but Middle|88/100|[from] Stealth Rock
|move|p1a: Urshifu|U-turn|p2a: Derp but Middle
|-supereffective|p2a: Derp but Middle
|-damage|p2a: Derp but Middle|73/100
|
|t:|1656884123
|switch|p1a: Tapu Koko|Tapu Koko|100/100|[from]move: U-turn
|-fieldstart|move: Electric Terrain|[from] ability: Electric Surge|[of] p1a: Tapu Koko
|
|upkeep
|turn|15
|
|t:|1656884137
|switch|p1a: Urshifu|Urshifu-Rapid-Strike, F|62/100
|switch|p2a: Aoasis|Ninetales-Alola, M|76/100
|-damage|p2a: Aoasis|51/100|[from] Stealth Rock
|-weather|Hail|[from] ability: Snow Warning|[of] p2a: Aoasis
|
|-weather|Hail|[upkeep]
|-damage|p1a: Urshifu|56/100|[from] Hail
|upkeep
|turn|16
|
|t:|1656884150
|move|p2a: Aoasis|Freeze-Dry|p1a: Urshifu
|-supereffective|p1a: Urshifu
|-damage|p1a: Urshifu|14/100
|move|p1a: Urshifu|Surging Strikes|p2a: Aoasis
|-crit|p2a: Aoasis
|-damage|p2a: Aoasis|26/100
|-crit|p2a: Aoasis
|-damage|p2a: Aoasis|1/100
|-crit|p2a: Aoasis
|-damage|p2a: Aoasis|0 fnt
|faint|p2a: Aoasis
|-hitcount|p2: Aoasis|3
|
|-weather|Hail|[upkeep]
|-damage|p1a: Urshifu|8/100|[from] Hail
|upkeep
|
|t:|1656884158
|switch|p2a: Baby|Arctozolt|76/100
|-damage|p2a: Baby|51/100|[from] Stealth Rock
|turn|17
|
|t:|1656884180
|switch|p1a: Heatran|Heatran, M|85/100 slp
|move|p2a: Baby|Bolt Beak|p1a: Heatran
|-damage|p1a: Heatran|0 fnt
|faint|p1a: Heatran
|
|-weather|Hail|[upkeep]
|upkeep
|
|t:|1656884189
|switch|p1a: Darmanitan|Darmanitan-Galar, F|100/100
|turn|18
|
|t:|1656884194
|move|p1a: Darmanitan|Earthquake|p2a: Baby
|-supereffective|p2a: Baby
|-damage|p2a: Baby|0 fnt
|faint|p2a: Baby
|
|-weather|Hail|[upkeep]
|-sideend|p2: Liithiium|move: Aurora Veil
|-fieldend|move: Electric Terrain
|upkeep
|
|t:|1656884199
|switch|p2a: Press EQ|Moltres|47/100
|turn|19
|
|t:|1656884215
|switch|p1a: Urshifu|Urshifu-Rapid-Strike, F|8/100
|move|p2a: Press EQ|Defog|p1a: Urshifu
|-unboost|p1a: Urshifu|evasion|1
|-sideend|p2: Liithiium|Stealth Rock|[from] move: Defog|[of] p2a: Press EQ
|
|-weather|none
|upkeep
|turn|20
|
|t:|1656884221
|switch|p2a: Derp but Middle|Slowbro, M, shiny|100/100
|move|p1a: Urshifu|U-turn|p2a: Derp but Middle
|-supereffective|p2a: Derp but Middle
|-damage|p2a: Derp but Middle|73/100
|
|t:|1656884252
|switch|p1a: Tapu Koko|Tapu Koko|100/100|[from]move: U-turn
|-fieldstart|move: Electric Terrain|[from] ability: Electric Surge|[of] p1a: Tapu Koko
|
|upkeep
|turn|21
|
|t:|1656884257
|switch|p2a: Press EQ|Moltres|47/100
|move|p1a: Tapu Koko|Dazzling Gleam|p2a: Press EQ
|-resisted|p2a: Press EQ
|-damage|p2a: Press EQ|31/100
|
|upkeep
|turn|22
|
|t:|1656884263
|move|p1a: Tapu Koko|Dazzling Gleam|p2a: Press EQ
|-resisted|p2a: Press EQ
|-damage|p2a: Press EQ|13/100
|move|p2a: Press EQ|Flamethrower|p1a: Tapu Koko
|-damage|p1a: Tapu Koko|47/100
|
|upkeep
|turn|23
|
|t:|1656884272
|move|p1a: Tapu Koko|Dazzling Gleam|p2a: Press EQ
|-resisted|p2a: Press EQ
|-damage|p2a: Press EQ|0 fnt
|faint|p2a: Press EQ
|
|upkeep
|
|t:|1656884279
|switch|p2a: Derp but Middle|Slowbro, M, shiny|100/100
|turn|24
|
|t:|1656884284
|move|p1a: Tapu Koko|Roost|p1a: Tapu Koko
|-heal|p1a: Tapu Koko|97/100
|-singleturn|p1a: Tapu Koko|move: Roost
|move|p2a: Derp but Middle|Future Sight|p1a: Tapu Koko
|-start|p2a: Derp but Middle|move: Future Sight
|
|-fieldend|move: Electric Terrain
|upkeep
|turn|25
|
|t:|1656884291
|move|p1a: Tapu Koko|Dazzling Gleam|p2a: Derp but Middle
|-damage|p2a: Derp but Middle|64/100
|move|p2a: Derp but Middle|Scald|p1a: Tapu Koko
|-damage|p1a: Tapu Koko|55/100
|
|upkeep
|turn|26
|
|t:|1656884300
|switch|p2a: "Axlotel"|Swampert, F, shiny|46/100
|move|p1a: Tapu Koko|Dazzling Gleam|p2a: "Axlotel"
|-damage|p2a: "Axlotel"|23/100
|
|-end|p1a: Tapu Koko|move: Future Sight
|-damage|p1a: Tapu Koko|0 fnt
|faint|p1a: Tapu Koko
|-heal|p2a: "Axlotel"|29/100|[from] item: Leftovers
|upkeep
|
|t:|1656884309
|switch|p1a: Darmanitan|Darmanitan-Galar, F|100/100
|turn|27
|
|t:|1656884318
|switch|p2a: Derp but Middle|Slowbro, M, shiny|98/100
|move|p1a: Darmanitan|U-turn|p2a: Derp but Middle
|-supereffective|p2a: Derp but Middle
|-damage|p2a: Derp but Middle|54/100
|
|t:|1656884321
|switch|p1a: Urshifu|Urshifu-Rapid-Strike, F|8/100|[from]move: U-turn
|
|upkeep
|turn|28
|
|t:|1656884327
|move|p1a: Urshifu|U-turn|p2a: Derp but Middle
|-supereffective|p2a: Derp but Middle
|-damage|p2a: Derp but Middle|27/100
|
|t:|1656884329
|switch|p1a: Darmanitan|Darmanitan-Galar, F|100/100|[from]move: U-turn
|move|p2a: Derp but Middle|Scald|p1a: Darmanitan
|-damage|p1a: Darmanitan|61/100
|
|upkeep
|turn|29
|
|t:|1656884338
|switch|p2a: Glaciers|Kyurem|59/100
|-ability|p2a: Glaciers|Pressure
|move|p1a: Darmanitan|U-turn|p2a: Glaciers
|-damage|p2a: Glaciers|23/100
|
|t:|1656884340
|switch|p1a: Urshifu|Urshifu-Rapid-Strike, F|8/100|[from]move: U-turn
|
|upkeep
|turn|30
|
|t:|1656884345
|move|p1a: Urshifu|U-turn|p2a: Glaciers
|-damage|p2a: Glaciers|0 fnt
|faint|p2a: Glaciers
|
|t:|1656884348
|switch|p1a: Darmanitan|Darmanitan-Galar, F|61/100|[from]move: U-turn
|
|upkeep
|
|t:|1656884352
|switch|p2a: Derp but Middle|Slowbro, M, shiny|60/100
|turn|31
|
|t:|1656884354
|move|p1a: Darmanitan|U-turn|p2a: Derp but Middle
|-supereffective|p2a: Derp but Middle
|-damage|p2a: Derp but Middle|13/100
|
|t:|1656884358
|switch|p1a: Regieleki|Regieleki|100/100|[from]move: U-turn
|move|p2a: Derp but Middle|Slack Off|p2a: Derp but Middle
|-heal|p2a: Derp but Middle|63/100
|
|upkeep
|turn|32
|
|t:|1656884363
|switch|p1a: Darmanitan|Darmanitan-Galar, F|61/100
|switch|p2a: "Axlotel"|Swampert, F, shiny|29/100
|
|-heal|p2a: "Axlotel"|36/100|[from] item: Leftovers
|upkeep
|turn|33
|
|t:|1656884366
|switch|p2a: Derp but Middle|Slowbro, M, shiny|96/100
|move|p1a: Darmanitan|U-turn|p2a: Derp but Middle
|-supereffective|p2a: Derp but Middle
|-damage|p2a: Derp but Middle|47/100
|
|t:|1656884372
|switch|p1a: Urshifu|Urshifu-Rapid-Strike, F|8/100|[from]move: U-turn
|
|upkeep
|turn|34
|
|t:|1656884377
|move|p1a: Urshifu|U-turn|p2a: Derp but Middle
|-supereffective|p2a: Derp but Middle
|-damage|p2a: Derp but Middle|20/100
|
|t:|1656884379
|switch|p1a: Darmanitan|Darmanitan-Galar, F|61/100|[from]move: U-turn
|move|p2a: Derp but Middle|Slack Off|p2a: Derp but Middle
|-heal|p2a: Derp but Middle|70/100
|
|upkeep
|turn|35
|
|t:|1656884385
|move|p1a: Darmanitan|U-turn|p2a: Derp but Middle
|-supereffective|p2a: Derp but Middle
|-damage|p2a: Derp but Middle|23/100
|
|t:|1656884388
|switch|p1a: Regieleki|Regieleki|100/100|[from]move: U-turn
|move|p2a: Derp but Middle|Slack Off|p2a: Derp but Middle
|-heal|p2a: Derp but Middle|73/100
|
|upkeep
|turn|36
|
|t:|1656884392
|switch|p1a: Darmanitan|Darmanitan-Galar, F|61/100
|move|p2a: Derp but Middle|Future Sight|p1a: Darmanitan
|-start|p2a: Derp but Middle|move: Future Sight
|
|upkeep
|turn|37
|
|t:|1656884399
|move|p1a: Darmanitan|U-turn|p2a: Derp but Middle
|-supereffective|p2a: Derp but Middle
|-damage|p2a: Derp but Middle|26/100
|
|t:|1656884402
|switch|p1a: Regieleki|Regieleki|100/100|[from]move: U-turn
|move|p2a: Derp but Middle|Scald|p1a: Regieleki
|-damage|p1a: Regieleki|49/100
|-status|p1a: Regieleki|brn
|
|-damage|p1a: Regieleki|43/100 brn|[from] brn
|upkeep
|turn|38
|
|t:|1656884451
|switch|p1a: Urshifu|Urshifu-Rapid-Strike, F|8/100
|switch|p2a: "Axlotel"|Swampert, F, shiny|36/100
|
|-end|p1a: Urshifu|move: Future Sight
|-supereffective|p1a: Urshifu
|-damage|p1a: Urshifu|0 fnt
|faint|p1a: Urshifu
|-heal|p2a: "Axlotel"|42/100|[from] item: Leftovers
|upkeep
|
|t:|1656884453
|switch|p1a: Darmanitan|Darmanitan-Galar, F|61/100
|turn|39
|
|t:|1656884464
|switch|p2a: Derp but Middle|Slowbro, M, shiny|60/100
|move|p1a: Darmanitan|U-turn|p2a: Derp but Middle
|-supereffective|p2a: Derp but Middle
|-damage|p2a: Derp but Middle|12/100
|
|t:|1656884465
|switch|p1a: Regieleki|Regieleki|43/100 brn|[from]move: U-turn
|
|-damage|p1a: Regieleki|37/100 brn|[from] brn
|upkeep
|turn|40
|
|t:|1656884480
|switch|p1a: Darmanitan|Darmanitan-Galar, F|61/100
|switch|p2a: "Axlotel"|Swampert, F, shiny|42/100
|
|-heal|p2a: "Axlotel"|48/100|[from] item: Leftovers
|upkeep
|turn|41
|
|t:|1656884491
|move|p1a: Darmanitan|Icicle Crash|p2a: "Axlotel"
|-damage|p2a: "Axlotel"|0 fnt
|faint|p2a: "Axlotel"
|
|upkeep
|
|t:|1656884494
|switch|p2a: Derp but Middle|Slowbro, M, shiny|45/100
|turn|42
|c|☆Reegychodon_64|gg
|
|t:|1656884497
|move|p1a: Darmanitan|Icicle Crash|p2a: Derp but Middle
|-resisted|p2a: Derp but Middle
|-damage|p2a: Derp but Middle|24/100
|cant|p2a: Derp but Middle|flinch
|
|upkeep
|turn|43
|c|☆Liithiium|gg
|
|t:|1656884502
|move|p1a: Darmanitan|Icicle Crash|p2a: Derp but Middle
|-resisted|p2a: Derp but Middle
|-damage|p2a: Derp but Middle|4/100
|move|p2a: Derp but Middle|Scald|p1a: Darmanitan
|-damage|p1a: Darmanitan|18/100
|-status|p1a: Darmanitan|brn
|
|-damage|p1a: Darmanitan|12/100 brn|[from] brn
|upkeep
|turn|44
|
|t:|1656884505
|move|p1a: Darmanitan|Icicle Crash|p2a: Derp but Middle|[miss]
|-miss|p1a: Darmanitan|p2a: Derp but Middle
|move|p2a: Derp but Middle|Scald|p1a: Darmanitan
|-damage|p1a: Darmanitan|0 fnt
|faint|p1a: Darmanitan
|
|upkeep
|
|t:|1656884507
|switch|p1a: Regieleki|Regieleki|37/100 brn
|turn|45
|
|t:|1656884508
|move|p1a: Regieleki|Thunderbolt|p2a: Derp but Middle
|-supereffective|p2a: Derp but Middle
|-damage|p2a: Derp but Middle|0 fnt
|faint|p2a: Derp but Middle
|
|win|Reegychodon_64
|c|☆Liithiium|Je poste ou je te laisse faire ?
|c|☆Reegychodon_64|euh
|c|☆Reegychodon_64|jpeux faire si tu veux ^^
