|j|☆Magikarp4000
|j|☆thegamingAC130
|t:|1607143286
|player|p1|Magikarp4000|steven|1582
|player|p2|thegamingAC130|ingo|1519
|teamsize|p1|6
|teamsize|p2|6
|gametype|singles
|gen|8
|tier|[Gen 8] Ubers
|rated|
|clearpoke
|poke|p1|Yveltal|
|poke|p1|Zacian-Crowned|
|poke|p1|Zygarde|
|poke|p1|Calyrex-Shadow|
|poke|p1|Necrozma-Dusk-Mane|
|poke|p1|Eternatus|
|poke|p2|Calyrex-Shadow|
|poke|p2|Yveltal|
|poke|p2|Marshadow|
|poke|p2|Necrozma-Dusk-Mane|
|poke|p2|Gastrodon, M|
|poke|p2|Eternatus|
|rule|Sleep Clause Mod: Limit one foe put to sleep
|rule|Species Clause: Limit one of each Pokémon
|rule|OHKO Clause: OHKO moves are banned
|rule|Evasion Moves Clause: Evasion moves are banned
|rule|Endless Battle Clause: Forcing endless battles is banned
|rule|HP Percentage Mod: HP is shown in percentages
|rule|Dynamax Clause: You cannot dynamax
|teampreview
|c|☆Magikarp4000|glhf
|
|t:|1607143310
|start
|switch|p1a: Eternatus|Eternatus|100/100
|switch|p2a: Yveltal|Yveltal|100/100
|-ability|p1a: Eternatus|Pressure
|-ability|p2a: Yveltal|Dark Aura
|turn|1
|
|t:|1607143328
|switch|p2a: Gastrodon|Gastrodon, M|100/100
|move|p1a: Eternatus|Toxic Spikes|p2a: Gastrodon
|-sidestart|p2: thegamingAC130|move: Toxic Spikes
|
|upkeep
|turn|2
|
|t:|1607143334
|move|p1a: Eternatus|Toxic Spikes|p2a: Gastrodon
|-sidestart|p2: thegamingAC130|move: Toxic Spikes
|move|p2a: Gastrodon|Earth Power|p1a: Eternatus
|-supereffective|p1a: Eternatus
|-damage|p1a: Eternatus|69/100
|
|-heal|p1a: Eternatus|75/100|[from] item: Black Sludge
|upkeep
|turn|3
|inactive|Battle timer is ON: inactive players will automatically lose when time's up. (requested by thegamingAC130)
|j| Doom Guys Desire
|l| Doom Guys Desire
|
|t:|1607143384
|move|p1a: Eternatus|Dynamax Cannon|p2a: Gastrodon
|-damage|p2a: Gastrodon|70/100
|move|p2a: Gastrodon|Scald|p1a: Eternatus
|-resisted|p1a: Eternatus
|-damage|p1a: Eternatus|68/100
|-status|p1a: Eternatus|brn
|
|-heal|p1a: Eternatus|75/100 brn|[from] item: Black Sludge
|-heal|p2a: Gastrodon|76/100|[from] item: Leftovers
|-damage|p1a: Eternatus|68/100 brn|[from] brn
|upkeep
|turn|4
|
|t:|1607143390
|move|p1a: Eternatus|Dynamax Cannon|p2a: Gastrodon
|-damage|p2a: Gastrodon|42/100
|move|p2a: Gastrodon|Earth Power|p1a: Eternatus
|-supereffective|p1a: Eternatus
|-damage|p1a: Eternatus|36/100 brn
|
|-heal|p1a: Eternatus|42/100 brn|[from] item: Black Sludge
|-heal|p2a: Gastrodon|48/100|[from] item: Leftovers
|-damage|p1a: Eternatus|36/100 brn|[from] brn
|upkeep
|turn|5
|
|t:|1607143399
|move|p1a: Eternatus|Recover|p1a: Eternatus
|-heal|p1a: Eternatus|86/100 brn
|move|p2a: Gastrodon|Recover|p2a: Gastrodon
|-heal|p2a: Gastrodon|98/100
|
|-heal|p1a: Eternatus|92/100 brn|[from] item: Black Sludge
|-heal|p2a: Gastrodon|100/100|[from] item: Leftovers
|-damage|p1a: Eternatus|86/100 brn|[from] brn
|upkeep
|turn|6
|
|t:|1607143407
|switch|p1a: Necrozma|Necrozma-Dusk-Mane|100/100
|move|p2a: Gastrodon|Earth Power|p1a: Necrozma
|-supereffective|p1a: Necrozma
|-damage|p1a: Necrozma|64/100
|
|upkeep
|turn|7
|
|t:|1607143414
|move|p1a: Necrozma|Morning Sun|p1a: Necrozma
|-heal|p1a: Necrozma|100/100
|move|p2a: Gastrodon|Earth Power|p1a: Necrozma
|-supereffective|p1a: Necrozma
|-damage|p1a: Necrozma|66/100
|
|upkeep
|turn|8
|
|t:|1607143417
|move|p1a: Necrozma|Knock Off|p2a: Gastrodon
|-damage|p2a: Gastrodon|62/100
|-enditem|p2a: Gastrodon|Leftovers|[from] move: Knock Off|[of] p1a: Necrozma
|move|p2a: Gastrodon|Scald|p1a: Necrozma
|-damage|p1a: Necrozma|44/100
|
|upkeep
|turn|9
|
|t:|1607143420
|move|p1a: Necrozma|Morning Sun|p1a: Necrozma
|-heal|p1a: Necrozma|94/100
|move|p2a: Gastrodon|Scald|p1a: Necrozma
|-damage|p1a: Necrozma|74/100
|
|upkeep
|turn|10
|
|t:|1607143425
|switch|p1a: Eternatus|Eternatus|86/100 brn
|-ability|p1a: Eternatus|Pressure
|move|p2a: Gastrodon|Scald|p1a: Eternatus
|-resisted|p1a: Eternatus
|-damage|p1a: Eternatus|79/100 brn
|
|-heal|p1a: Eternatus|85/100 brn|[from] item: Black Sludge
|-damage|p1a: Eternatus|79/100 brn|[from] brn
|upkeep
|turn|11
|
|t:|1607143433
|switch|p1a: Yveltal|Yveltal|100/100
|-ability|p1a: Yveltal|Dark Aura
|move|p2a: Gastrodon|Recover|p2a: Gastrodon
|-heal|p2a: Gastrodon|100/100
|
|upkeep
|turn|12
|
|t:|1607143435
|move|p1a: Yveltal|Toxic|p2a: Gastrodon
|-status|p2a: Gastrodon|tox
|move|p2a: Gastrodon|Toxic|p1a: Yveltal
|-status|p1a: Yveltal|tox
|
|-damage|p1a: Yveltal|94/100 tox|[from] psn
|-damage|p2a: Gastrodon|94/100 tox|[from] psn
|upkeep
|turn|13
|
|t:|1607143438
|switch|p1a: Calyrex|Calyrex-Shadow|100/100
|-ability|p1a: Calyrex|As One
|-ability|p1a: Calyrex|Unnerve|p2: thegamingAC130
|switch|p2a: Eternatus|Eternatus|100/100
|-sideend|p2: thegamingAC130|move: Toxic Spikes|[of] p2a: Eternatus
|-ability|p2a: Eternatus|Pressure
|
|upkeep
|turn|14
|
|t:|1607143443
|switch|p2a: Yveltal|Yveltal|100/100
|-ability|p2a: Yveltal|Dark Aura
|move|p1a: Calyrex|Aromatherapy|p1a: Calyrex
|-activate|p1a: Calyrex|move: Aromatherapy
|-curestatus|p1: Yveltal|tox|[msg]
|-curestatus|p1: Eternatus|brn|[msg]
|
|upkeep
|turn|15
|
|t:|1607143447
|switch|p1a: Eternatus|Eternatus|79/100
|-ability|p1a: Eternatus|Pressure
|move|p2a: Yveltal|Foul Play|p1a: Eternatus
|-damage|p1a: Eternatus|57/100
|
|-heal|p1a: Eternatus|63/100|[from] item: Black Sludge
|upkeep
|turn|16
|inactive|Magikarp4000 has 120 seconds left.
|
|t:|1607143479
|switch|p2a: Necrozma|Necrozma-Dusk-Mane|100/100
|move|p1a: Eternatus|Recover|p1a: Eternatus
|-heal|p1a: Eternatus|100/100
|
|upkeep
|turn|17
|
|t:|1607143484
|move|p1a: Eternatus|Flamethrower|p2a: Necrozma
|-supereffective|p2a: Necrozma
|-damage|p2a: Necrozma|66/100
|move|p2a: Necrozma|Stealth Rock|p1a: Eternatus
|-sidestart|p1: Magikarp4000|move: Stealth Rock
|
|-heal|p2a: Necrozma|72/100|[from] item: Leftovers
|upkeep
|turn|18
|
|t:|1607143487
|move|p1a: Eternatus|Flamethrower|p2a: Necrozma
|-supereffective|p2a: Necrozma
|-damage|p2a: Necrozma|39/100
|move|p2a: Necrozma|Thunder Wave|p1a: Eternatus
|-status|p1a: Eternatus|par
|
|-heal|p2a: Necrozma|45/100|[from] item: Leftovers
|upkeep
|turn|19
|
|t:|1607143490
|move|p2a: Necrozma|Morning Sun|p2a: Necrozma
|-heal|p2a: Necrozma|95/100
|move|p1a: Eternatus|Toxic Spikes|p2a: Necrozma
|-sidestart|p2: thegamingAC130|move: Toxic Spikes
|
|-heal|p2a: Necrozma|100/100|[from] item: Leftovers
|upkeep
|turn|20
|
|t:|1607143496
|switch|p2a: Eternatus|Eternatus|100/100
|-sideend|p2: thegamingAC130|move: Toxic Spikes|[of] p2a: Eternatus
|-ability|p2a: Eternatus|Pressure
|move|p1a: Eternatus|Toxic Spikes|p2a: Eternatus
|-sidestart|p2: thegamingAC130|move: Toxic Spikes
|
|upkeep
|turn|21
|
|t:|1607143512
|move|p2a: Eternatus|Dynamax Cannon|p1a: Eternatus
|-supereffective|p1a: Eternatus
|-damage|p1a: Eternatus|53/100 par
|move|p1a: Eternatus|Dynamax Cannon|p2a: Eternatus
|-supereffective|p2a: Eternatus
|-damage|p2a: Eternatus|36/100
|
|-heal|p2a: Eternatus|42/100|[from] item: Black Sludge
|-heal|p1a: Eternatus|59/100 par|[from] item: Black Sludge
|upkeep
|turn|22
|
|t:|1607143516
|move|p2a: Eternatus|Recover|p2a: Eternatus
|-heal|p2a: Eternatus|92/100
|move|p1a: Eternatus|Dynamax Cannon|p2a: Eternatus
|-supereffective|p2a: Eternatus
|-damage|p2a: Eternatus|18/100
|
|-heal|p2a: Eternatus|24/100|[from] item: Black Sludge
|-heal|p1a: Eternatus|65/100 par|[from] item: Black Sludge
|upkeep
|turn|23
|
|t:|1607143529
|switch|p2a: Necrozma|Necrozma-Dusk-Mane|100/100
|switch|p1a: Zacian|Zacian-Crowned|100/100
|-damage|p1a: Zacian|94/100|[from] Stealth Rock
|-ability|p1a: Zacian|Intrepid Sword|boost
|-boost|p1a: Zacian|atk|1
|
|upkeep
|turn|24
|
|t:|1607143536
|switch|p1a: Zygarde|Zygarde|100/100
|-damage|p1a: Zygarde|94/100|[from] Stealth Rock
|move|p2a: Necrozma|Sunsteel Strike|p1a: Zygarde
|-damage|p1a: Zygarde|68/100
|
|-heal|p1a: Zygarde|75/100|[from] item: Leftovers
|upkeep
|turn|25
|
|t:|1607143541
|switch|p2a: Eternatus|Eternatus|24/100
|-sideend|p2: thegamingAC130|move: Toxic Spikes|[of] p2a: Eternatus
|-ability|p2a: Eternatus|Pressure
|move|p1a: Zygarde|Glare|p2a: Eternatus
|-status|p2a: Eternatus|par
|
|-heal|p1a: Zygarde|81/100|[from] item: Leftovers
|-heal|p2a: Eternatus|30/100 par|[from] item: Black Sludge
|upkeep
|turn|26
|
|t:|1607143550
|switch|p2a: Calyrex|Calyrex-Shadow|100/100
|-ability|p2a: Calyrex|As One
|-ability|p2a: Calyrex|Unnerve|p1: Magikarp4000
|move|p1a: Zygarde|Thousand Arrows|p2a: Calyrex
|-damage|p2a: Calyrex|64/100
|
|-heal|p1a: Zygarde|87/100|[from] item: Leftovers
|upkeep
|turn|27
|
|t:|1607143561
|switch|p1a: Yveltal|Yveltal|94/100
|-ability|p1a: Yveltal|Dark Aura
|move|p2a: Calyrex|Trick|p1a: Yveltal
|-activate|p2a: Calyrex|move: Trick|[of] p1a: Yveltal
|-item|p1a: Yveltal|Choice Scarf|[from] move: Trick
|-item|p2a: Calyrex|Heavy-Duty Boots|[from] move: Trick
|
|upkeep
|turn|28
|
|t:|1607143570
|switch|p2a: Gastrodon|Gastrodon, M|94/100 tox
|move|p1a: Yveltal|Foul Play|p2a: Gastrodon
|-damage|p2a: Gastrodon|66/100 tox
|
|-damage|p2a: Gastrodon|60/100 tox|[from] psn
|upkeep
|turn|29
|
|t:|1607143576
|switch|p1a: Eternatus|Eternatus|65/100 par
|-damage|p1a: Eternatus|53/100 par|[from] Stealth Rock
|-ability|p1a: Eternatus|Pressure
|move|p2a: Gastrodon|Scald|p1a: Eternatus
|-resisted|p1a: Eternatus
|-damage|p1a: Eternatus|46/100 par
|
|-heal|p1a: Eternatus|52/100 par|[from] item: Black Sludge
|-damage|p2a: Gastrodon|48/100 tox|[from] psn
|upkeep
|turn|30
|
|t:|1607143579
|move|p1a: Eternatus|Recover|p1a: Eternatus
|-heal|p1a: Eternatus|100/100 par
|move|p2a: Gastrodon|Recover|p2a: Gastrodon
|-heal|p2a: Gastrodon|98/100 tox
|
|-damage|p2a: Gastrodon|80/100 tox|[from] psn
|upkeep
|turn|31
|
|t:|1607143604
|switch|p2a: Necrozma|Necrozma-Dusk-Mane|100/100
|cant|p1a: Eternatus|par
|
|upkeep
|turn|32
|
|t:|1607143614
|switch|p2a: Calyrex|Calyrex-Shadow|64/100
|-ability|p2a: Calyrex|As One
|-ability|p2a: Calyrex|Unnerve|p1: Magikarp4000
|switch|p1a: Necrozma|Necrozma-Dusk-Mane|74/100
|-damage|p1a: Necrozma|68/100|[from] Stealth Rock
|
|upkeep
|turn|33
|
|t:|1607143628
|switch|p1a: Yveltal|Yveltal|94/100
|-damage|p1a: Yveltal|70/100|[from] Stealth Rock
|-ability|p1a: Yveltal|Dark Aura
|move|p2a: Calyrex|Astral Barrage|p1a: Yveltal
|-resisted|p1a: Yveltal
|-damage|p1a: Yveltal|50/100
|
|upkeep
|turn|34
|
|t:|1607143639
|switch|p2a: Gastrodon|Gastrodon, M|80/100 tox
|move|p1a: Yveltal|Roost|p1a: Yveltal
|-heal|p1a: Yveltal|99/100
|-singleturn|p1a: Yveltal|move: Roost
|
|-damage|p2a: Gastrodon|74/100 tox|[from] psn
|upkeep
|turn|35
|
|t:|1607143643
|switch|p1a: Necrozma|Necrozma-Dusk-Mane|68/100
|-damage|p1a: Necrozma|62/100|[from] Stealth Rock
|switch|p2a: Eternatus|Eternatus|30/100 par
|-ability|p2a: Eternatus|Pressure
|
|-heal|p2a: Eternatus|36/100 par|[from] item: Black Sludge
|upkeep
|turn|36
|
|t:|1607143654
|move|p1a: Necrozma|Knock Off|p2a: Eternatus
|-damage|p2a: Eternatus|17/100 par
|-enditem|p2a: Eternatus|Black Sludge|[from] move: Knock Off|[of] p1a: Necrozma
|move|p2a: Eternatus|Recover|p2a: Eternatus
|-heal|p2a: Eternatus|67/100 par
|
|upkeep
|turn|37
|
|t:|1607143659
|move|p1a: Necrozma|Morning Sun|p1a: Necrozma
|-heal|p1a: Necrozma|100/100
|move|p2a: Eternatus|Recover|p2a: Eternatus
|-heal|p2a: Eternatus|100/100 par
|
|upkeep
|turn|38
|
|t:|1607143675
|move|p1a: Necrozma|Stealth Rock|p2a: Eternatus
|-sidestart|p2: thegamingAC130|move: Stealth Rock
|move|p2a: Eternatus|Flamethrower|p1a: Necrozma
|-supereffective|p1a: Necrozma
|-damage|p1a: Necrozma|68/100
|
|upkeep
|turn|39
|
|t:|1607143683
|switch|p1a: Eternatus|Eternatus|100/100 par
|-damage|p1a: Eternatus|88/100 par|[from] Stealth Rock
|-ability|p1a: Eternatus|Pressure
|move|p2a: Eternatus|Dynamax Cannon|p1a: Eternatus
|-supereffective|p1a: Eternatus
|-crit|p1a: Eternatus
|-damage|p1a: Eternatus|15/100 par
|
|-heal|p1a: Eternatus|21/100 par|[from] item: Black Sludge
|upkeep
|turn|40
|
|t:|1607143687
|switch|p1a: Zacian|Zacian-Crowned|94/100
|-damage|p1a: Zacian|88/100|[from] Stealth Rock
|-ability|p1a: Zacian|Intrepid Sword|boost
|-boost|p1a: Zacian|atk|1
|move|p2a: Eternatus|Dynamax Cannon|p1a: Zacian
|-immune|p1a: Zacian
|
|upkeep
|turn|41
|
|t:|1607143691
|move|p1a: Zacian|Swords Dance|p1a: Zacian
|-boost|p1a: Zacian|atk|2
|move|p2a: Eternatus|Flamethrower|p1a: Zacian
|-supereffective|p1a: Zacian
|-damage|p1a: Zacian|39/100
|
|upkeep
|turn|42
|
|t:|1607143697
|switch|p2a: Necrozma|Necrozma-Dusk-Mane|100/100
|-damage|p2a: Necrozma|94/100|[from] Stealth Rock
|move|p1a: Zacian|Behemoth Blade|p2a: Necrozma
|-resisted|p2a: Necrozma
|-damage|p2a: Necrozma|50/100
|
|-heal|p2a: Necrozma|57/100|[from] item: Leftovers
|upkeep
|turn|43
|
|t:|1607143704
|move|p1a: Zacian|Crunch|p2a: Necrozma
|-supereffective|p2a: Necrozma
|-damage|p2a: Necrozma|0 fnt
|faint|p2a: Necrozma
|
|upkeep
|
|t:|1607143713
|switch|p2a: Calyrex|Calyrex-Shadow|64/100
|-ability|p2a: Calyrex|As One
|-ability|p2a: Calyrex|Unnerve|p1: Magikarp4000
|turn|44
|
|t:|1607143720
|switch|p1a: Yveltal|Yveltal|99/100
|-damage|p1a: Yveltal|75/100|[from] Stealth Rock
|-ability|p1a: Yveltal|Dark Aura
|move|p2a: Calyrex|Astral Barrage|p1a: Yveltal
|-resisted|p1a: Yveltal
|-damage|p1a: Yveltal|55/100
|
|upkeep
|turn|45
|
|t:|1607143730
|switch|p2a: Eternatus|Eternatus|100/100 par
|-damage|p2a: Eternatus|88/100 par|[from] Stealth Rock
|-ability|p2a: Eternatus|Pressure
|switch|p1a: Calyrex|Calyrex-Shadow|100/100
|-ability|p1a: Calyrex|As One
|-ability|p1a: Calyrex|Unnerve|p2: thegamingAC130
|-damage|p1a: Calyrex|88/100|[from] Stealth Rock
|
|upkeep
|turn|46
|
|t:|1607143736
|move|p1a: Calyrex|Trick|p2a: Eternatus
|-activate|p1a: Calyrex|move: Trick|[of] p2a: Eternatus
|-item|p2a: Eternatus|Choice Scarf|[from] move: Trick
|-enditem|p1a: Calyrex|Choice Scarf|[silent]|[from] move: Trick
|move|p2a: Eternatus|Dynamax Cannon|p1a: Calyrex
|-damage|p1a: Calyrex|44/100
|
|upkeep
|turn|47
|
|t:|1607143745
|switch|p2a: Yveltal|Yveltal|100/100
|-ability|p2a: Yveltal|Dark Aura
|move|p1a: Calyrex|Psyshock|p2a: Yveltal
|-immune|p2a: Yveltal
|
|upkeep
|turn|48
|
|t:|1607143755
|switch|p1a: Yveltal|Yveltal|55/100
|-damage|p1a: Yveltal|30/100|[from] Stealth Rock
|-ability|p1a: Yveltal|Dark Aura
|move|p2a: Yveltal|Foul Play|p1a: Yveltal
|-resisted|p1a: Yveltal
|-damage|p1a: Yveltal|9/100
|
|upkeep
|turn|49
|
|t:|1607143758
|move|p1a: Yveltal|Roost|p1a: Yveltal
|-heal|p1a: Yveltal|59/100
|-singleturn|p1a: Yveltal|move: Roost
|move|p2a: Yveltal|Foul Play|p1a: Yveltal
|-resisted|p1a: Yveltal
|-damage|p1a: Yveltal|40/100
|
|upkeep
|turn|50
|
|t:|1607143761
|move|p1a: Yveltal|Roost|p1a: Yveltal
|-heal|p1a: Yveltal|90/100
|-singleturn|p1a: Yveltal|move: Roost
|move|p2a: Yveltal|Foul Play|p1a: Yveltal
|-resisted|p1a: Yveltal
|-damage|p1a: Yveltal|69/100
|
|upkeep
|turn|51
|
|t:|1607143784
|move|p1a: Yveltal|Roost|p1a: Yveltal
|-heal|p1a: Yveltal|100/100
|-singleturn|p1a: Yveltal|move: Roost
|move|p2a: Yveltal|Foul Play|p1a: Yveltal
|-resisted|p1a: Yveltal
|-damage|p1a: Yveltal|80/100
|
|upkeep
|turn|52
|
|t:|1607143791
|switch|p1a: Zygarde|Zygarde|87/100
|-damage|p1a: Zygarde|81/100|[from] Stealth Rock
|move|p2a: Yveltal|Foul Play|p1a: Zygarde
|-damage|p1a: Zygarde|56/100
|
|-heal|p1a: Zygarde|63/100|[from] item: Leftovers
|upkeep
|turn|53
|
|t:|1607143804
|switch|p2a: Eternatus|Eternatus|88/100 par
|-damage|p2a: Eternatus|76/100 par|[from] Stealth Rock
|-ability|p2a: Eternatus|Pressure
|move|p1a: Zygarde|Glare|p2a: Eternatus
|-fail|p2a: Eternatus|par
|
|-heal|p1a: Zygarde|69/100|[from] item: Leftovers
|upkeep
|turn|54
|
|t:|1607143815
|switch|p1a: Zacian|Zacian-Crowned|39/100
|-damage|p1a: Zacian|33/100|[from] Stealth Rock
|-ability|p1a: Zacian|Intrepid Sword|boost
|-boost|p1a: Zacian|atk|1
|cant|p2a: Eternatus|par
|
|upkeep
|turn|55
|
|t:|1607143820
|move|p1a: Zacian|Behemoth Blade|p2a: Eternatus
|-crit|p2a: Eternatus
|-damage|p2a: Eternatus|0 fnt
|faint|p2a: Eternatus
|
|upkeep
|
|t:|1607143825
|switch|p2a: Marshadow|Marshadow|100/100
|-damage|p2a: Marshadow|94/100|[from] Stealth Rock
|turn|56
|
|t:|1607143828
|switch|p1a: Zygarde|Zygarde|69/100
|-damage|p1a: Zygarde|63/100|[from] Stealth Rock
|move|p2a: Marshadow|Shadow Sneak|p1a: Zygarde
|-damage|p1a: Zygarde|41/100
|-damage|p2a: Marshadow|84/100|[from] item: Life Orb
|
|-heal|p1a: Zygarde|47/100|[from] item: Leftovers
|-activate|p1a: Zygarde|ability: Power Construct
|detailschange|p1a: Zygarde|Zygarde-Complete
|-heal|p1a: Zygarde|65/100|[silent]
|upkeep
|turn|57
|c|☆Magikarp4000|:0
|
|t:|1607143839
|switch|p2a: Gastrodon|Gastrodon, M|74/100 tox
|-damage|p2a: Gastrodon|67/100 tox|[from] Stealth Rock
|move|p1a: Zygarde|Glare||[still]
|-fail|p1a: Zygarde
|
|-heal|p1a: Zygarde|71/100|[from] item: Leftovers
|-damage|p2a: Gastrodon|61/100 tox|[from] psn
|upkeep
|turn|58
|
|t:|1607143844
|move|p1a: Zygarde|Thousand Arrows|p2a: Gastrodon
|-damage|p2a: Gastrodon|30/100 tox
|move|p2a: Gastrodon|Scald|p1a: Zygarde
|-damage|p1a: Zygarde|57/100
|-status|p1a: Zygarde|brn
|
|-heal|p1a: Zygarde|63/100 brn|[from] item: Leftovers
|-damage|p1a: Zygarde|57/100 brn|[from] brn
|-damage|p2a: Gastrodon|17/100 tox|[from] psn
|upkeep
|turn|59
|
|t:|1607143847
|move|p1a: Zygarde|Thousand Arrows|p2a: Gastrodon
|-damage|p2a: Gastrodon|1/100 tox
|move|p2a: Gastrodon|Recover|p2a: Gastrodon
|-heal|p2a: Gastrodon|51/100 tox
|
|-heal|p1a: Zygarde|63/100 brn|[from] item: Leftovers
|-damage|p1a: Zygarde|57/100 brn|[from] brn
|-damage|p2a: Gastrodon|33/100 tox|[from] psn
|upkeep
|turn|60
|
|t:|1607143856
|switch|p1a: Eternatus|Eternatus|21/100 par
|-damage|p1a: Eternatus|9/100 par|[from] Stealth Rock
|-ability|p1a: Eternatus|Pressure
|switch|p2a: Yveltal|Yveltal|100/100
|-ability|p2a: Yveltal|Dark Aura
|
|-heal|p1a: Eternatus|15/100 par|[from] item: Black Sludge
|upkeep
|turn|61
|
|t:|1607143862
|switch|p1a: Yveltal|Yveltal|80/100
|-damage|p1a: Yveltal|56/100|[from] Stealth Rock
|-ability|p1a: Yveltal|Dark Aura
|move|p2a: Yveltal|Foul Play|p1a: Yveltal
|-resisted|p1a: Yveltal
|-damage|p1a: Yveltal|33/100
|
|upkeep
|turn|62
|
|t:|1607143866
|move|p1a: Yveltal|Roost|p1a: Yveltal
|-heal|p1a: Yveltal|83/100
|-singleturn|p1a: Yveltal|move: Roost
|move|p2a: Yveltal|Foul Play|p1a: Yveltal
|-resisted|p1a: Yveltal
|-damage|p1a: Yveltal|62/100
|
|upkeep
|turn|63
|
|t:|1607143869
|move|p1a: Yveltal|Roost|p1a: Yveltal
|-heal|p1a: Yveltal|100/100
|-singleturn|p1a: Yveltal|move: Roost
|move|p2a: Yveltal|Foul Play|p1a: Yveltal
|-resisted|p1a: Yveltal
|-damage|p1a: Yveltal|80/100
|
|upkeep
|turn|64
|
|t:|1607143872
|switch|p1a: Zygarde|Zygarde-Complete|57/100 brn
|-damage|p1a: Zygarde|51/100 brn|[from] Stealth Rock
|move|p2a: Yveltal|Foul Play|p1a: Zygarde
|-damage|p1a: Zygarde|36/100 brn
|
|-heal|p1a: Zygarde|42/100 brn|[from] item: Leftovers
|-damage|p1a: Zygarde|36/100 brn|[from] brn
|upkeep
|turn|65
|
|t:|1607143877
|switch|p2a: Gastrodon|Gastrodon, M|33/100 tox
|-damage|p2a: Gastrodon|27/100 tox|[from] Stealth Rock
|move|p1a: Zygarde|Thousand Arrows|p2a: Gastrodon
|-damage|p2a: Gastrodon|11/100 tox
|
|-heal|p1a: Zygarde|42/100 brn|[from] item: Leftovers
|-damage|p1a: Zygarde|36/100 brn|[from] brn
|-damage|p2a: Gastrodon|4/100 tox|[from] psn
|upkeep
|turn|66
|
|t:|1607143882
|switch|p1a: Calyrex|Calyrex-Shadow|44/100
|-ability|p1a: Calyrex|As One
|-ability|p1a: Calyrex|Unnerve|p2: thegamingAC130
|-damage|p1a: Calyrex|32/100|[from] Stealth Rock
|move|p2a: Gastrodon|Toxic|p1a: Calyrex
|-status|p1a: Calyrex|tox
|
|-damage|p1a: Calyrex|26/100 tox|[from] psn
|-damage|p2a: Gastrodon|0 fnt|[from] psn
|faint|p2a: Gastrodon
|upkeep
|
|t:|1607143887
|switch|p2a: Marshadow|Marshadow|84/100
|-damage|p2a: Marshadow|78/100|[from] Stealth Rock
|turn|67
|
|t:|1607143891
|switch|p1a: Yveltal|Yveltal|80/100
|-damage|p1a: Yveltal|56/100|[from] Stealth Rock
|-ability|p1a: Yveltal|Dark Aura
|move|p2a: Marshadow|Shadow Sneak|p1a: Yveltal
|-resisted|p1a: Yveltal
|-damage|p1a: Yveltal|39/100
|-damage|p2a: Marshadow|68/100|[from] item: Life Orb
|
|upkeep
|turn|68
|
|t:|1607143898
|move|p2a: Marshadow|Close Combat|p1a: Yveltal
|-damage|p1a: Yveltal|0 fnt
|-unboost|p2a: Marshadow|def|1
|-unboost|p2a: Marshadow|spd|1
|-damage|p2a: Marshadow|58/100|[from] item: Life Orb
|faint|p1a: Yveltal
|
|upkeep
|
|t:|1607143912
|switch|p1a: Zygarde|Zygarde-Complete|36/100 brn
|-damage|p1a: Zygarde|30/100 brn|[from] Stealth Rock
|turn|69
|
|t:|1607143915
|move|p2a: Marshadow|Close Combat|p1a: Zygarde
|-damage|p1a: Zygarde|4/100 brn
|-unboost|p2a: Marshadow|def|1
|-unboost|p2a: Marshadow|spd|1
|-damage|p2a: Marshadow|48/100|[from] item: Life Orb
|move|p1a: Zygarde|Rest|p1a: Zygarde
|-status|p1a: Zygarde|slp|[from] move: Rest
|-heal|p1a: Zygarde|100/100 slp|[silent]
|
|upkeep
|turn|70
|
|t:|1607143922
|switch|p2a: Calyrex|Calyrex-Shadow|64/100
|-ability|p2a: Calyrex|As One
|-ability|p2a: Calyrex|Unnerve|p1: Magikarp4000
|switch|p1a: Necrozma|Necrozma-Dusk-Mane|68/100
|-damage|p1a: Necrozma|62/100|[from] Stealth Rock
|
|upkeep
|turn|71
|
|t:|1607143926
|switch|p1a: Zygarde|Zygarde-Complete|100/100 slp
|-damage|p1a: Zygarde|94/100 slp|[from] Stealth Rock
|move|p2a: Calyrex|Astral Barrage|p1a: Zygarde
|-damage|p1a: Zygarde|55/100 slp
|
|-heal|p1a: Zygarde|61/100 slp|[from] item: Leftovers
|upkeep
|turn|72
|
|t:|1607143929
|move|p2a: Calyrex|Draining Kiss|p1a: Zygarde
|-supereffective|p1a: Zygarde
|-damage|p1a: Zygarde|37/100 slp
|-heal|p2a: Calyrex|98/100|[from] drain|[of] p1a: Zygarde
|cant|p1a: Zygarde|slp
|
|-heal|p1a: Zygarde|43/100 slp|[from] item: Leftovers
|upkeep
|turn|73
|
|t:|1607143936
|move|p2a: Calyrex|Astral Barrage|p1a: Zygarde
|-damage|p1a: Zygarde|0 fnt
|faint|p1a: Zygarde
|-ability|p2a: Calyrex|Grim Neigh|boost
|-boost|p2a: Calyrex|spa|1
|
|upkeep
|
|t:|1607143940
|switch|p1a: Calyrex|Calyrex-Shadow|26/100 tox
|-ability|p1a: Calyrex|As One
|-ability|p1a: Calyrex|Unnerve|p2: thegamingAC130
|-damage|p1a: Calyrex|13/100 tox|[from] Stealth Rock
|turn|74
|
|t:|1607143944
|switch|p2a: Yveltal|Yveltal|100/100
|-ability|p2a: Yveltal|Dark Aura
|move|p1a: Calyrex|Astral Barrage|p2a: Yveltal
|-resisted|p2a: Yveltal
|-damage|p2a: Yveltal|80/100
|
|-damage|p1a: Calyrex|7/100 tox|[from] psn
|upkeep
|turn|75
|
|t:|1607143947
|move|p1a: Calyrex|Aromatherapy|p1a: Calyrex
|-activate|p1a: Calyrex|move: Aromatherapy
|-curestatus|p1a: Calyrex|tox|[msg]
|-curestatus|p1: Eternatus|par|[msg]
|move|p2a: Yveltal|Roost|p2a: Yveltal
|-heal|p2a: Yveltal|100/100
|-singleturn|p2a: Yveltal|move: Roost
|
|upkeep
|turn|76
|
|t:|1607143953
|switch|p1a: Necrozma|Necrozma-Dusk-Mane|62/100
|-damage|p1a: Necrozma|56/100|[from] Stealth Rock
|move|p2a: Yveltal|Foul Play|p1a: Necrozma
|-supereffective|p1a: Necrozma
|-damage|p1a: Necrozma|6/100
|-damage|p2a: Yveltal|84/100|[from] item: Rocky Helmet|[of] p1a: Necrozma
|
|upkeep
|turn|77
|-message|Magikarp4000 forfeited.
|
|win|thegamingAC130
|raw|Magikarp4000's rating: 1582 &rarr; <strong>1559</strong><br />(-23 for losing)
|raw|thegamingAC130's rating: 1520 &rarr; <strong>1544</strong><br />(+24 for winning)
