|j|‽Xeoswift17
|j|☆LD8 nvzhuangkeai
|t:|1663423798
|gametype|singles
|player|p1|Xeoswift17|lucas-gen4pt|1347
|player|p2|LD8 nvzhuangkeai|dawn|1609
|teamsize|p1|6
|teamsize|p2|6
|gen|8
|tier|[Gen 8] Ubers
|rated|
|rule|Sleep Clause Mod: Limit one foe put to sleep
|rule|Species Clause: Limit one of each Pokémon
|rule|OHKO Clause: OHKO moves are banned
|rule|Evasion Items Clause: Evasion items are banned
|rule|Evasion Moves Clause: Evasion moves are banned
|rule|Endless Battle Clause: Forcing endless battles is banned
|rule|HP Percentage Mod: HP is shown in percentages
|rule|Dynamax Clause: You cannot dynamax
|clearpoke
|poke|p1|Xerneas-*|
|poke|p1|Necrozma-Dusk-Mane|
|poke|p1|Yveltal|
|poke|p1|Calyrex-Shadow|
|poke|p1|Eternatus|
|poke|p1|Groudon|
|poke|p2|Calyrex-Shadow|
|poke|p2|Tyranitar, M|
|poke|p2|Corviknight, F|
|poke|p2|Blissey, F|
|poke|p2|Toxapex, F|
|poke|p2|Mewtwo|
|teampreview
|inactive|Battle timer is ON: inactive players will automatically lose when time's up. (requested by Xeoswift17)
|
|t:|1663423825
|start
|switch|p1a: Groudon|Groudon|100/100
|switch|p2a: Mewtwo|Mewtwo|100/100
|-ability|p2a: Mewtwo|Pressure
|-weather|SunnyDay|[from] ability: Drought|[of] p1a: Groudon
|turn|1
|
|t:|1663423851
|move|p2a: Mewtwo|Will-O-Wisp|p1a: Groudon|[miss]
|-miss|p2a: Mewtwo|p1a: Groudon
|move|p1a: Groudon|Precipice Blades|p2a: Mewtwo|[miss]
|-miss|p1a: Groudon|p2a: Mewtwo
|
|-weather|SunnyDay|[upkeep]
|upkeep
|turn|2
|
|t:|1663423860
|switch|p1a: Eternatus|Eternatus|100/100
|-ability|p1a: Eternatus|Pressure
|move|p2a: Mewtwo|Will-O-Wisp|p1a: Eternatus
|-status|p1a: Eternatus|brn
|
|-weather|SunnyDay|[upkeep]
|-damage|p1a: Eternatus|94/100 brn|[from] brn
|upkeep
|turn|3
|
|t:|1663423866
|switch|p2a: Tyranitar|Tyranitar, M|100/100
|-weather|Sandstorm|[from] ability: Sand Stream|[of] p2a: Tyranitar
|move|p1a: Eternatus|Sludge Wave|p2a: Tyranitar
|-resisted|p2a: Tyranitar
|-damage|p2a: Tyranitar|91/100
|
|-weather|Sandstorm|[upkeep]
|-damage|p1a: Eternatus|88/100 brn|[from] Sandstorm
|-heal|p2a: Tyranitar|97/100|[from] item: Leftovers
|-damage|p1a: Eternatus|82/100 brn|[from] brn
|upkeep
|turn|4
|
|t:|1663423878
|switch|p1a: Groudon|Groudon|100/100
|-weather|SunnyDay|[from] ability: Drought|[of] p1a: Groudon
|move|p2a: Tyranitar|Stealth Rock|p1a: Groudon
|-sidestart|p1: Xeoswift17|move: Stealth Rock
|
|-weather|SunnyDay|[upkeep]
|-heal|p2a: Tyranitar|100/100|[from] item: Leftovers
|upkeep
|turn|5
|
|t:|1663423884
|switch|p2a: Mewtwo|Mewtwo|100/100
|-ability|p2a: Mewtwo|Pressure
|move|p1a: Groudon|Stealth Rock|p2a: Mewtwo
|-sidestart|p2: LD8 nvzhuangkeai|move: Stealth Rock
|
|-weather|SunnyDay|[upkeep]
|upkeep
|turn|6
|
|t:|1663423894
|switch|p1a: Yveltal|Yveltal, shiny|100/100
|-damage|p1a: Yveltal|76/100|[from] Stealth Rock
|-ability|p1a: Yveltal|Dark Aura
|move|p2a: Mewtwo|Ice Beam|p1a: Yveltal
|-supereffective|p1a: Yveltal
|-damage|p1a: Yveltal|22/100
|
|-weather|SunnyDay|[upkeep]
|upkeep
|turn|7
|
|t:|1663423905
|switch|p2a: Toxapex|Toxapex, F|100/100
|-damage|p2a: Toxapex|88/100|[from] Stealth Rock
|move|p1a: Yveltal|Sucker Punch||[still]
|-fail|p1a: Yveltal
|
|-weather|SunnyDay|[upkeep]
|-heal|p2a: Toxapex|94/100|[from] item: Black Sludge
|upkeep
|turn|8
|
|t:|1663423912
|move|p1a: Yveltal|Taunt|p2a: Toxapex
|-start|p2a: Toxapex|move: Taunt
|move|p2a: Toxapex|Knock Off|p1a: Yveltal
|-resisted|p1a: Yveltal
|-damage|p1a: Yveltal|13/100
|-enditem|p1a: Yveltal|Black Glasses|[from] move: Knock Off|[of] p2a: Toxapex
|
|-weather|none
|-heal|p2a: Toxapex|99/100|[from] item: Black Sludge
|upkeep
|turn|9
|
|t:|1663423919
|switch|p2a: Tyranitar|Tyranitar, M|100/100
|-damage|p2a: Tyranitar|88/100|[from] Stealth Rock
|-weather|Sandstorm|[from] ability: Sand Stream|[of] p2a: Tyranitar
|move|p1a: Yveltal|Roost|p1a: Yveltal
|-heal|p1a: Yveltal|63/100
|-singleturn|p1a: Yveltal|move: Roost
|
|-weather|Sandstorm|[upkeep]
|-damage|p1a: Yveltal|57/100|[from] Sandstorm
|-heal|p2a: Tyranitar|94/100|[from] item: Leftovers
|upkeep
|turn|10
|
|t:|1663423929
|switch|p1a: Groudon|Groudon|100/100
|-damage|p1a: Groudon|94/100|[from] Stealth Rock
|-weather|SunnyDay|[from] ability: Drought|[of] p1a: Groudon
|move|p2a: Tyranitar|Rock Tomb|p1a: Groudon
|-resisted|p1a: Groudon
|-damage|p1a: Groudon|88/100
|-unboost|p1a: Groudon|spe|1
|
|-weather|SunnyDay|[upkeep]
|-heal|p2a: Tyranitar|100/100|[from] item: Leftovers
|-heal|p1a: Groudon|95/100|[from] item: Leftovers
|upkeep
|turn|11
|
|t:|1663423932
|switch|p2a: Mewtwo|Mewtwo|100/100
|-damage|p2a: Mewtwo|88/100|[from] Stealth Rock
|-ability|p2a: Mewtwo|Pressure
|move|p1a: Groudon|Precipice Blades|p2a: Mewtwo
|-damage|p2a: Mewtwo|47/100
|
|-weather|SunnyDay|[upkeep]
|-heal|p2a: Mewtwo|54/100|[from] item: Leftovers
|-heal|p1a: Groudon|100/100|[from] item: Leftovers
|upkeep
|turn|12
|
|t:|1663423940
|move|p2a: Mewtwo|Recover|p2a: Mewtwo
|-heal|p2a: Mewtwo|100/100
|move|p1a: Groudon|Stealth Rock||[still]
|-fail|p1a: Groudon
|
|-weather|SunnyDay|[upkeep]
|upkeep
|turn|13
|
|t:|1663423948
|move|p2a: Mewtwo|Will-O-Wisp|p1a: Groudon
|-status|p1a: Groudon|brn
|move|p1a: Groudon|Roar|p2a: Mewtwo
|drag|p2a: Tyranitar|Tyranitar, M|100/100
|-damage|p2a: Tyranitar|88/100|[from] Stealth Rock
|-weather|Sandstorm|[from] ability: Sand Stream|[of] p2a: Tyranitar
|
|-weather|Sandstorm|[upkeep]
|-heal|p2a: Tyranitar|94/100|[from] item: Leftovers
|-damage|p1a: Groudon|94/100 brn|[from] brn
|upkeep
|turn|14
|
|t:|1663423951
|switch|p2a: Mewtwo|Mewtwo|100/100
|-damage|p2a: Mewtwo|88/100|[from] Stealth Rock
|-ability|p2a: Mewtwo|Pressure
|move|p1a: Groudon|Roar|p2a: Mewtwo
|drag|p2a: Calyrex|Calyrex-Shadow|100/100
|-ability|p2a: Calyrex|As One
|-ability|p2a: Calyrex|Unnerve
|-damage|p2a: Calyrex|88/100|[from] Stealth Rock
|
|-weather|Sandstorm|[upkeep]
|-damage|p2a: Calyrex|82/100|[from] Sandstorm
|-heal|p1a: Groudon|100/100 brn|[from] item: Leftovers
|-damage|p1a: Groudon|94/100 brn|[from] brn
|upkeep
|turn|15
|
|t:|1663423957
|move|p2a: Calyrex|Astral Barrage|p1a: Groudon
|-damage|p1a: Groudon|0 fnt
|faint|p1a: Groudon
|-ability|p2a: Calyrex|Grim Neigh|boost
|-boost|p2a: Calyrex|spa|1
|
|-weather|Sandstorm|[upkeep]
|-damage|p2a: Calyrex|76/100|[from] Sandstorm
|upkeep
|
|t:|1663423976
|switch|p1a: Yveltal|Yveltal, shiny|57/100
|-damage|p1a: Yveltal|32/100|[from] Stealth Rock
|-ability|p1a: Yveltal|Dark Aura
|turn|16
|
|t:|1663423985
|switch|p2a: Tyranitar|Tyranitar, M|94/100
|-damage|p2a: Tyranitar|82/100|[from] Stealth Rock
|move|p1a: Yveltal|Knock Off|p2a: Tyranitar
|-resisted|p2a: Tyranitar
|-damage|p2a: Tyranitar|55/100
|-enditem|p2a: Tyranitar|Leftovers|[from] move: Knock Off|[of] p1a: Yveltal
|
|-weather|Sandstorm|[upkeep]
|-damage|p1a: Yveltal|26/100|[from] Sandstorm
|upkeep
|turn|17
|
|t:|1663423993
|switch|p1a: Xerneas|Xerneas, shiny|100/100
|-damage|p1a: Xerneas|88/100|[from] Stealth Rock
|-ability|p1a: Xerneas|Fairy Aura
|move|p2a: Tyranitar|Rock Tomb|p1a: Xerneas
|-damage|p1a: Xerneas|67/100
|-unboost|p1a: Xerneas|spe|1
|
|-weather|none
|upkeep
|turn|18
|
|t:|1663423999
|switch|p2a: Toxapex|Toxapex, F|100/100
|-damage|p2a: Toxapex|88/100|[from] Stealth Rock
|move|p1a: Xerneas|Geomancy||[still]
|-prepare|p1a: Xerneas|Geomancy
|-enditem|p1a: Xerneas|Power Herb
|-anim|p1a: Xerneas|Geomancy|p1a: Xerneas
|-boost|p1a: Xerneas|spa|2
|-boost|p1a: Xerneas|spd|2
|-boost|p1a: Xerneas|spe|2
|
|-heal|p2a: Toxapex|94/100|[from] item: Black Sludge
|upkeep
|turn|19
|
|t:|1663424003
|switch|p2a: Blissey|Blissey, F|100/100
|-damage|p2a: Blissey|88/100|[from] Stealth Rock
|move|p1a: Xerneas|Thunder|p2a: Blissey
|-damage|p2a: Blissey|62/100
|
|upkeep
|turn|20
|
|t:|1663424005
|move|p1a: Xerneas|Substitute|p1a: Xerneas
|-start|p1a: Xerneas|Substitute
|-damage|p1a: Xerneas|42/100
|move|p2a: Blissey|Soft-Boiled|p2a: Blissey
|-heal|p2a: Blissey|100/100
|
|upkeep
|turn|21
|
|t:|1663424009
|move|p1a: Xerneas|Moonblast|p2a: Blissey
|-damage|p2a: Blissey|60/100
|-unboost|p2a: Blissey|spa|1
|move|p2a: Blissey|Confide|p1a: Xerneas
|-unboost|p1a: Xerneas|spa|1
|
|upkeep
|turn|22
|
|t:|1663424018
|move|p1a: Xerneas|Geomancy||[still]
|-prepare|p1a: Xerneas|Geomancy
|move|p2a: Blissey|Soft-Boiled|p2a: Blissey
|-heal|p2a: Blissey|100/100
|
|upkeep
|turn|23
|
|t:|1663424021
|move|p1a: Xerneas|Geomancy|p1a: Xerneas|[from]lockedmove
|-boost|p1a: Xerneas|spa|2
|-boost|p1a: Xerneas|spd|2
|-boost|p1a: Xerneas|spe|2
|move|p2a: Blissey|Confide|p1a: Xerneas
|-unboost|p1a: Xerneas|spa|1
|
|upkeep
|turn|24
|
|t:|1663424029
|move|p1a: Xerneas|Geomancy||[still]
|-prepare|p1a: Xerneas|Geomancy
|move|p2a: Blissey|Confide|p1a: Xerneas
|-unboost|p1a: Xerneas|spa|1
|
|upkeep
|turn|25
|
|t:|1663424032
|move|p1a: Xerneas|Geomancy|p1a: Xerneas|[from]lockedmove
|-boost|p1a: Xerneas|spa|2
|-boost|p1a: Xerneas|spd|2
|-boost|p1a: Xerneas|spe|2
|move|p2a: Blissey|Confide|p1a: Xerneas
|-unboost|p1a: Xerneas|spa|1
|
|upkeep
|turn|26
|
|t:|1663424044
|move|p1a: Xerneas|Moonblast|p2a: Blissey
|-damage|p2a: Blissey|58/100
|-unboost|p2a: Blissey|spa|1
|move|p2a: Blissey|Confide|p1a: Xerneas
|-unboost|p1a: Xerneas|spa|1
|
|upkeep
|turn|27
|
|t:|1663424049
|move|p1a: Xerneas|Geomancy||[still]
|-prepare|p1a: Xerneas|Geomancy
|move|p2a: Blissey|Soft-Boiled|p2a: Blissey
|-heal|p2a: Blissey|100/100
|
|upkeep
|turn|28
|
|t:|1663424052
|move|p1a: Xerneas|Geomancy|p1a: Xerneas|[from]lockedmove
|-boost|p1a: Xerneas|spa|2
|-boost|p1a: Xerneas|spd|0
|-boost|p1a: Xerneas|spe|1
|move|p2a: Blissey|Confide|p1a: Xerneas
|-unboost|p1a: Xerneas|spa|1
|
|upkeep
|turn|29
|
|t:|1663424062
|move|p1a: Xerneas|Moonblast|p2a: Blissey
|-damage|p2a: Blissey|54/100
|-unboost|p2a: Blissey|spa|1
|move|p2a: Blissey|Confide|p1a: Xerneas
|-unboost|p1a: Xerneas|spa|1
|
|upkeep
|turn|30
|
|t:|1663424069
|move|p1a: Xerneas|Moonblast|p2a: Blissey
|-damage|p2a: Blissey|18/100
|move|p2a: Blissey|Soft-Boiled|p2a: Blissey
|-heal|p2a: Blissey|68/100
|
|upkeep
|turn|31
|
|t:|1663424075
|move|p1a: Xerneas|Moonblast|p2a: Blissey
|-damage|p2a: Blissey|35/100
|move|p2a: Blissey|Confide|p1a: Xerneas
|-unboost|p1a: Xerneas|spa|1
|
|upkeep
|turn|32
|
|t:|1663424081
|move|p1a: Xerneas|Geomancy||[still]
|-prepare|p1a: Xerneas|Geomancy
|move|p2a: Blissey|Soft-Boiled|p2a: Blissey
|-heal|p2a: Blissey|85/100
|
|upkeep
|turn|33
|
|t:|1663424083
|move|p1a: Xerneas|Geomancy|p1a: Xerneas|[from]lockedmove
|-boost|p1a: Xerneas|spa|2
|-boost|p1a: Xerneas|spd|0
|-boost|p1a: Xerneas|spe|0
|move|p2a: Blissey|Confide|p1a: Xerneas
|-unboost|p1a: Xerneas|spa|1
|
|upkeep
|turn|34
|
|t:|1663424086
|move|p1a: Xerneas|Moonblast|p2a: Blissey
|-damage|p2a: Blissey|52/100
|-unboost|p2a: Blissey|spa|1
|move|p2a: Blissey|Confide|p1a: Xerneas
|-unboost|p1a: Xerneas|spa|1
|
|upkeep
|turn|35
|
|t:|1663424092
|move|p1a: Xerneas|Moonblast|p2a: Blissey
|-damage|p2a: Blissey|31/100
|move|p2a: Blissey|Confide|p1a: Xerneas
|-unboost|p1a: Xerneas|spa|1
|
|upkeep
|turn|36
|
|t:|1663424098
|move|p1a: Xerneas|Geomancy||[still]
|-prepare|p1a: Xerneas|Geomancy
|move|p2a: Blissey|Soft-Boiled|p2a: Blissey
|-heal|p2a: Blissey|81/100
|
|upkeep
|turn|37
|
|t:|1663424101
|move|p1a: Xerneas|Geomancy|p1a: Xerneas|[from]lockedmove
|-boost|p1a: Xerneas|spa|2
|-boost|p1a: Xerneas|spd|0
|-boost|p1a: Xerneas|spe|0
|move|p2a: Blissey|Confide|p1a: Xerneas
|-unboost|p1a: Xerneas|spa|1
|
|upkeep
|turn|38
|
|t:|1663424103
|move|p1a: Xerneas|Geomancy||[still]
|-prepare|p1a: Xerneas|Geomancy
|move|p2a: Blissey|Confide|p1a: Xerneas
|-unboost|p1a: Xerneas|spa|1
|
|upkeep
|turn|39
|
|t:|1663424106
|move|p1a: Xerneas|Geomancy|p1a: Xerneas|[from]lockedmove
|-boost|p1a: Xerneas|spa|2
|-boost|p1a: Xerneas|spd|0
|-boost|p1a: Xerneas|spe|0
|move|p2a: Blissey|Confide|p1a: Xerneas
|-unboost|p1a: Xerneas|spa|1
|
|upkeep
|turn|40
|
|t:|1663424113
|move|p1a: Xerneas|Thunder|p2a: Blissey
|-damage|p2a: Blissey|68/100
|-status|p2a: Blissey|par
|move|p2a: Blissey|Confide|p1a: Xerneas
|-unboost|p1a: Xerneas|spa|1
|
|upkeep
|turn|41
|
|t:|1663424118
|move|p1a: Xerneas|Moonblast|p2a: Blissey
|-damage|p2a: Blissey|53/100 par
|-unboost|p2a: Blissey|spa|1
|move|p2a: Blissey|Aromatherapy|p2a: Blissey
|-activate|p2a: Blissey|move: Aromatherapy
|-curestatus|p2a: Blissey|par|[msg]
|
|upkeep
|turn|42
|
|t:|1663424126
|move|p1a: Xerneas|Thunder|p2a: Blissey
|-damage|p2a: Blissey|44/100
|move|p2a: Blissey|Soft-Boiled|p2a: Blissey
|-heal|p2a: Blissey|94/100
|
|upkeep
|turn|43
|
|t:|1663424129
|move|p1a: Xerneas|Geomancy||[still]
|-prepare|p1a: Xerneas|Geomancy
|move|p2a: Blissey|Thunder Wave||[still]
|-fail|p2a: Blissey
|
|upkeep
|turn|44
|
|t:|1663424132
|move|p1a: Xerneas|Geomancy|p1a: Xerneas|[from]lockedmove
|-boost|p1a: Xerneas|spa|2
|-boost|p1a: Xerneas|spd|0
|-boost|p1a: Xerneas|spe|0
|move|p2a: Blissey|Confide|p1a: Xerneas
|-unboost|p1a: Xerneas|spa|1
|
|upkeep
|turn|45
|
|t:|1663424144
|move|p1a: Xerneas|Geomancy||[still]
|-prepare|p1a: Xerneas|Geomancy
|move|p2a: Blissey|Confide|p1a: Xerneas
|-unboost|p1a: Xerneas|spa|1
|
|upkeep
|turn|46
|
|t:|1663424154
|move|p1a: Xerneas|Geomancy|p1a: Xerneas|[from]lockedmove
|-boost|p1a: Xerneas|spa|2
|-boost|p1a: Xerneas|spd|0
|-boost|p1a: Xerneas|spe|0
|move|p2a: Blissey|Confide|p1a: Xerneas
|-unboost|p1a: Xerneas|spa|1
|
|upkeep
|turn|47
|
|t:|1663424162
|move|p1a: Xerneas|Thunder|p2a: Blissey
|-damage|p2a: Blissey|82/100
|move|p2a: Blissey|Confide|p1a: Xerneas
|-unboost|p1a: Xerneas|spa|1
|
|upkeep
|turn|48
|
|t:|1663424165
|move|p1a: Xerneas|Geomancy||[still]
|-prepare|p1a: Xerneas|Geomancy
|move|p2a: Blissey|Confide|p1a: Xerneas
|-unboost|p1a: Xerneas|spa|1
|
|upkeep
|turn|49
|
|t:|1663424167
|move|p1a: Xerneas|Geomancy|p1a: Xerneas|[from]lockedmove
|-boost|p1a: Xerneas|spa|2
|-boost|p1a: Xerneas|spd|0
|-boost|p1a: Xerneas|spe|0
|move|p2a: Blissey|Confide|p1a: Xerneas
|-unboost|p1a: Xerneas|spa|1
|
|upkeep
|turn|50
|
|t:|1663424172
|move|p1a: Xerneas|Geomancy||[still]
|-prepare|p1a: Xerneas|Geomancy
|move|p2a: Blissey|Thunder Wave||[still]
|-fail|p2a: Blissey
|
|upkeep
|turn|51
|
|t:|1663424177
|move|p1a: Xerneas|Geomancy|p1a: Xerneas|[from]lockedmove
|-boost|p1a: Xerneas|spa|2
|-boost|p1a: Xerneas|spd|0
|-boost|p1a: Xerneas|spe|0
|move|p2a: Blissey|Confide|p1a: Xerneas
|-unboost|p1a: Xerneas|spa|1
|
|upkeep
|turn|52
|
|t:|1663424183
|move|p1a: Xerneas|Geomancy||[still]
|-prepare|p1a: Xerneas|Geomancy
|move|p2a: Blissey|Confide|p1a: Xerneas
|-unboost|p1a: Xerneas|spa|1
|
|upkeep
|turn|53
|
|t:|1663424185
|move|p1a: Xerneas|Geomancy|p1a: Xerneas|[from]lockedmove
|-boost|p1a: Xerneas|spa|2
|-boost|p1a: Xerneas|spd|0
|-boost|p1a: Xerneas|spe|0
|move|p2a: Blissey|Confide|p1a: Xerneas
|-unboost|p1a: Xerneas|spa|1
|
|upkeep
|turn|54
|
|t:|1663424188
|move|p1a: Xerneas|Geomancy||[still]
|-prepare|p1a: Xerneas|Geomancy
|move|p2a: Blissey|Confide|p1a: Xerneas
|-unboost|p1a: Xerneas|spa|1
|
|upkeep
|turn|55
|
|t:|1663424190
|move|p1a: Xerneas|Geomancy|p1a: Xerneas|[from]lockedmove
|-boost|p1a: Xerneas|spa|2
|-boost|p1a: Xerneas|spd|0
|-boost|p1a: Xerneas|spe|0
|move|p2a: Blissey|Confide|p1a: Xerneas
|-unboost|p1a: Xerneas|spa|1
|
|upkeep
|turn|56
|
|t:|1663424192
|move|p1a: Xerneas|Geomancy||[still]
|-prepare|p1a: Xerneas|Geomancy
|move|p2a: Blissey|Confide|p1a: Xerneas
|-unboost|p1a: Xerneas|spa|1
|
|upkeep
|turn|57
|
|t:|1663424196
|move|p1a: Xerneas|Geomancy|p1a: Xerneas|[from]lockedmove
|-boost|p1a: Xerneas|spa|2
|-boost|p1a: Xerneas|spd|0
|-boost|p1a: Xerneas|spe|0
|move|p2a: Blissey|Confide|p1a: Xerneas
|-unboost|p1a: Xerneas|spa|1
|
|upkeep
|turn|58
|
|t:|1663424200
|move|p1a: Xerneas|Geomancy||[still]
|-prepare|p1a: Xerneas|Geomancy
|move|p2a: Blissey|Confide|p1a: Xerneas
|-unboost|p1a: Xerneas|spa|1
|
|upkeep
|turn|59
|
|t:|1663424204
|move|p1a: Xerneas|Geomancy|p1a: Xerneas|[from]lockedmove
|-boost|p1a: Xerneas|spa|2
|-boost|p1a: Xerneas|spd|0
|-boost|p1a: Xerneas|spe|0
|move|p2a: Blissey|Confide|p1a: Xerneas
|-unboost|p1a: Xerneas|spa|1
|
|upkeep
|turn|60
|
|t:|1663424212
|move|p1a: Xerneas|Geomancy||[still]
|-prepare|p1a: Xerneas|Geomancy
|move|p2a: Blissey|Confide|p1a: Xerneas
|-unboost|p1a: Xerneas|spa|1
|
|upkeep
|turn|61
|
|t:|1663424214
|move|p1a: Xerneas|Geomancy|p1a: Xerneas|[from]lockedmove
|-boost|p1a: Xerneas|spa|2
|-boost|p1a: Xerneas|spd|0
|-boost|p1a: Xerneas|spe|0
|move|p2a: Blissey|Confide|p1a: Xerneas
|-unboost|p1a: Xerneas|spa|1
|
|upkeep
|turn|62
|
|t:|1663424218
|move|p1a: Xerneas|Moonblast|p2a: Blissey
|-damage|p2a: Blissey|58/100
|move|p2a: Blissey|Thunder Wave||[still]
|-fail|p2a: Blissey
|
|upkeep
|turn|63
|
|t:|1663424223
|move|p1a: Xerneas|Thunder|p2a: Blissey|[miss]
|-miss|p1a: Xerneas|p2a: Blissey
|move|p2a: Blissey|Soft-Boiled|p2a: Blissey
|-heal|p2a: Blissey|100/100
|
|upkeep
|turn|64
|
|t:|1663424227
|move|p1a: Xerneas|Thunder|p2a: Blissey
|-damage|p2a: Blissey|88/100
|move|p2a: Blissey|Thunder Wave||[still]
|-fail|p2a: Blissey
|
|upkeep
|turn|65
|
|t:|1663424230
|move|p1a: Xerneas|Thunder|p2a: Blissey|[miss]
|-miss|p1a: Xerneas|p2a: Blissey
|move|p2a: Blissey|Thunder Wave||[still]
|-fail|p2a: Blissey
|
|upkeep
|turn|66
|
|t:|1663424232
|move|p1a: Xerneas|Thunder|p2a: Blissey
|-damage|p2a: Blissey|75/100
|move|p2a: Blissey|Thunder Wave||[still]
|-fail|p2a: Blissey
|
|upkeep
|turn|67
|
|t:|1663424234
|move|p1a: Xerneas|Thunder|p2a: Blissey
|-damage|p2a: Blissey|62/100
|move|p2a: Blissey|Thunder Wave||[still]
|-fail|p2a: Blissey
|
|upkeep
|turn|68
|
|t:|1663424237
|move|p1a: Xerneas|Thunder|p2a: Blissey
|-damage|p2a: Blissey|49/100
|-status|p2a: Blissey|par
|move|p2a: Blissey|Soft-Boiled|p2a: Blissey
|-heal|p2a: Blissey|99/100 par
|
|upkeep
|turn|69
|
|t:|1663424246
|move|p1a: Xerneas|Thunder|p2a: Blissey
|-damage|p2a: Blissey|85/100 par
|move|p2a: Blissey|Aromatherapy|p2a: Blissey
|-activate|p2a: Blissey|move: Aromatherapy
|-curestatus|p2a: Blissey|par|[msg]
|
|upkeep
|turn|70
|
|t:|1663424249
|move|p1a: Xerneas|Moonblast|p2a: Blissey
|-damage|p2a: Blissey|62/100
|move|p2a: Blissey|Thunder Wave||[still]
|-fail|p2a: Blissey
|
|upkeep
|turn|71
|
|t:|1663424252
|move|p1a: Xerneas|Moonblast|p2a: Blissey
|-damage|p2a: Blissey|39/100
|move|p2a: Blissey|Thunder Wave||[still]
|-fail|p2a: Blissey
|
|upkeep
|turn|72
|
|t:|1663424256
|move|p1a: Xerneas|Thunder|p2a: Blissey
|-damage|p2a: Blissey|25/100
|-status|p2a: Blissey|par
|move|p2a: Blissey|Soft-Boiled|p2a: Blissey
|-heal|p2a: Blissey|75/100 par
|
|upkeep
|turn|73
|
|t:|1663424264
|move|p1a: Xerneas|Moonblast|p2a: Blissey
|-damage|p2a: Blissey|54/100 par
|cant|p2a: Blissey|par
|
|upkeep
|turn|74
|
|t:|1663424267
|move|p1a: Xerneas|Thunder|p2a: Blissey
|-damage|p2a: Blissey|41/100 par
|cant|p2a: Blissey|par
|
|upkeep
|turn|75
|
|t:|1663424271
|move|p1a: Xerneas|Moonblast|p2a: Blissey
|-damage|p2a: Blissey|18/100 par
|move|p2a: Blissey|Soft-Boiled|p2a: Blissey
|-heal|p2a: Blissey|68/100 par
|
|upkeep
|turn|76
|
|t:|1663424276
|switch|p1a: Eternatus|Eternatus|82/100 brn
|-ability|p1a: Eternatus|Pressure
|move|p2a: Blissey|Aromatherapy|p2a: Blissey
|-activate|p2a: Blissey|move: Aromatherapy
|-curestatus|p2a: Blissey|par|[msg]
|
|-damage|p1a: Eternatus|76/100 brn|[from] brn
|upkeep
|turn|77
|
|t:|1663424286
|switch|p2a: Toxapex|Toxapex, F|100/100
|-damage|p2a: Toxapex|88/100|[from] Stealth Rock
|move|p1a: Eternatus|Sludge Wave|p2a: Toxapex
|-resisted|p2a: Toxapex
|-damage|p2a: Toxapex|68/100
|
|-heal|p2a: Toxapex|74/100|[from] item: Black Sludge
|-damage|p1a: Eternatus|69/100 brn|[from] brn
|upkeep
|turn|78
|
|t:|1663424292
|switch|p1a: Xerneas|Xerneas, shiny|42/100
|-damage|p1a: Xerneas|30/100|[from] Stealth Rock
|-ability|p1a: Xerneas|Fairy Aura
|move|p2a: Toxapex|Recover|p2a: Toxapex
|-heal|p2a: Toxapex|100/100
|
|upkeep
|turn|79
|
|t:|1663424296
|switch|p2a: Blissey|Blissey, F|68/100
|-damage|p2a: Blissey|56/100|[from] Stealth Rock
|move|p1a: Xerneas|Thunder|p2a: Blissey
|-damage|p2a: Blissey|43/100
|-status|p2a: Blissey|par
|
|upkeep
|turn|80
|
|t:|1663424300
|move|p1a: Xerneas|Substitute|p1a: Xerneas
|-start|p1a: Xerneas|Substitute
|-damage|p1a: Xerneas|5/100
|move|p2a: Blissey|Soft-Boiled|p2a: Blissey
|-heal|p2a: Blissey|93/100 par
|
|upkeep
|turn|81
|
|t:|1663424315
|move|p1a: Xerneas|Moonblast|p2a: Blissey
|-damage|p2a: Blissey|71/100 par
|move|p2a: Blissey|Thunder Wave||[still]
|-fail|p2a: Blissey
|
|upkeep
|turn|82
|
|t:|1663424318
|move|p1a: Xerneas|Moonblast|p2a: Blissey
|-damage|p2a: Blissey|47/100 par
|move|p2a: Blissey|Thunder Wave||[still]
|-fail|p2a: Blissey
|
|upkeep
|turn|83
|
|t:|1663424320
|move|p1a: Xerneas|Thunder|p2a: Blissey
|-damage|p2a: Blissey|33/100 par
|move|p2a: Blissey|Soft-Boiled|p2a: Blissey
|-heal|p2a: Blissey|83/100 par
|
|upkeep
|turn|84
|
|t:|1663424327
|move|p1a: Xerneas|Moonblast|p2a: Blissey
|-damage|p2a: Blissey|59/100 par
|-unboost|p2a: Blissey|spa|1
|move|p2a: Blissey|Aromatherapy|p2a: Blissey
|-activate|p2a: Blissey|move: Aromatherapy
|-curestatus|p2a: Blissey|par|[msg]
|
|upkeep
|turn|85
|
|t:|1663424331
|move|p1a: Xerneas|Thunder|p2a: Blissey
|-damage|p2a: Blissey|47/100
|move|p2a: Blissey|Thunder Wave||[still]
|-fail|p2a: Blissey
|
|upkeep
|turn|86
|
|t:|1663424334
|move|p1a: Xerneas|Moonblast|p2a: Blissey
|-damage|p2a: Blissey|25/100
|-unboost|p2a: Blissey|spa|1
|move|p2a: Blissey|Soft-Boiled|p2a: Blissey
|-heal|p2a: Blissey|75/100
|
|upkeep
|turn|87
|
|t:|1663424338
|switch|p2a: Toxapex|Toxapex, F|100/100
|-damage|p2a: Toxapex|88/100|[from] Stealth Rock
|move|p1a: Xerneas|Moonblast|p2a: Toxapex
|-resisted|p2a: Toxapex
|-damage|p2a: Toxapex|61/100
|
|-heal|p2a: Toxapex|67/100|[from] item: Black Sludge
|upkeep
|turn|88
|
|t:|1663424345
|move|p1a: Xerneas|Moonblast|p2a: Toxapex
|-resisted|p2a: Toxapex
|-damage|p2a: Toxapex|36/100
|move|p2a: Toxapex|Recover|p2a: Toxapex
|-heal|p2a: Toxapex|86/100
|
|-heal|p2a: Toxapex|92/100|[from] item: Black Sludge
|upkeep
|turn|89
|
|t:|1663424349
|move|p1a: Xerneas|Moonblast|p2a: Toxapex
|-resisted|p2a: Toxapex
|-damage|p2a: Toxapex|61/100
|-unboost|p2a: Toxapex|spa|1
|move|p2a: Toxapex|Toxic Spikes|p1a: Xerneas
|-sidestart|p1: Xeoswift17|move: Toxic Spikes
|
|-heal|p2a: Toxapex|67/100|[from] item: Black Sludge
|upkeep
|turn|90
|
|t:|1663424355
|switch|p1a: Eternatus|Eternatus|69/100 brn
|-sideend|p1: Xeoswift17|move: Toxic Spikes|[of] p1a: Eternatus
|-ability|p1a: Eternatus|Pressure
|move|p2a: Toxapex|Recover|p2a: Toxapex
|-heal|p2a: Toxapex|100/100
|
|-damage|p1a: Eternatus|63/100 brn|[from] brn
|upkeep
|turn|91
|
|t:|1663424357
|move|p1a: Eternatus|Dynamax Cannon|p2a: Toxapex
|-damage|p2a: Toxapex|60/100
|move|p2a: Toxapex|Knock Off|p1a: Eternatus
|-damage|p1a: Eternatus|55/100 brn
|-enditem|p1a: Eternatus|Heavy-Duty Boots|[from] move: Knock Off|[of] p2a: Toxapex
|
|-heal|p2a: Toxapex|66/100|[from] item: Black Sludge
|-damage|p1a: Eternatus|49/100 brn|[from] brn
|upkeep
|turn|92
|
|t:|1663424361
|move|p1a: Eternatus|Dynamax Cannon|p2a: Toxapex
|-damage|p2a: Toxapex|26/100
|move|p2a: Toxapex|Recover|p2a: Toxapex
|-heal|p2a: Toxapex|76/100
|
|-heal|p2a: Toxapex|82/100|[from] item: Black Sludge
|-damage|p1a: Eternatus|43/100 brn|[from] brn
|upkeep
|turn|93
|
|t:|1663424367
|move|p1a: Eternatus|Dynamax Cannon|p2a: Toxapex
|-damage|p2a: Toxapex|43/100
|move|p2a: Toxapex|Knock Off|p1a: Eternatus
|-damage|p1a: Eternatus|37/100 brn
|
|-heal|p2a: Toxapex|49/100|[from] item: Black Sludge
|-damage|p1a: Eternatus|31/100 brn|[from] brn
|upkeep
|turn|94
|
|t:|1663424381
|switch|p2a: Blissey|Blissey, F|75/100
|-damage|p2a: Blissey|62/100|[from] Stealth Rock
|move|p1a: Eternatus|Dynamax Cannon|p2a: Blissey
|-damage|p2a: Blissey|48/100
|
|-damage|p1a: Eternatus|25/100 brn|[from] brn
|upkeep
|turn|95
|
|t:|1663424388
|move|p1a: Eternatus|Sludge Wave|p2a: Blissey
|-damage|p2a: Blissey|35/100
|move|p2a: Blissey|Soft-Boiled|p2a: Blissey
|-heal|p2a: Blissey|85/100
|
|-damage|p1a: Eternatus|18/100 brn|[from] brn
|upkeep
|turn|96
|
|t:|1663424394
|switch|p2a: Tyranitar|Tyranitar, M|55/100
|-damage|p2a: Tyranitar|43/100|[from] Stealth Rock
|-weather|Sandstorm|[from] ability: Sand Stream|[of] p2a: Tyranitar
|move|p1a: Eternatus|Recover|p1a: Eternatus
|-heal|p1a: Eternatus|68/100 brn
|
|-weather|Sandstorm|[upkeep]
|-damage|p1a: Eternatus|62/100 brn|[from] Sandstorm
|-damage|p1a: Eternatus|56/100 brn|[from] brn
|upkeep
|turn|97
|
|t:|1663424403
|switch|p1a: Xerneas|Xerneas, shiny|5/100
|-damage|p1a: Xerneas|0 fnt|[from] Stealth Rock
|faint|p1a: Xerneas
|move|p2a: Tyranitar|Rest|p2a: Tyranitar
|-status|p2a: Tyranitar|slp|[from] move: Rest
|-heal|p2a: Tyranitar|100/100 slp|[silent]
|
|-weather|Sandstorm|[upkeep]
|upkeep
|
|t:|1663424420
|switch|p1a: Necrozma|Necrozma-Dusk-Mane, shiny|100/100
|-damage|p1a: Necrozma|94/100|[from] Stealth Rock
|turn|98
|
|t:|1663424423
|switch|p2a: Corviknight|Corviknight, F|100/100
|-damage|p2a: Corviknight|88/100|[from] Stealth Rock
|-ability|p2a: Corviknight|Pressure
|move|p1a: Necrozma|Sunsteel Strike|p2a: Corviknight
|-resisted|p2a: Corviknight
|-damage|p2a: Corviknight|73/100
|
|-weather|Sandstorm|[upkeep]
|-heal|p1a: Necrozma|100/100|[from] item: Leftovers
|-heal|p2a: Corviknight|79/100|[from] item: Leftovers
|upkeep
|turn|99
|
|t:|1663424431
|switch|p1a: Eternatus|Eternatus|56/100 brn
|-damage|p1a: Eternatus|43/100 brn|[from] Stealth Rock
|-ability|p1a: Eternatus|Pressure
|move|p2a: Corviknight|Defog|p1a: Eternatus
|-unboost|p1a: Eternatus|evasion|1
|-sideend|p1: Xeoswift17|Stealth Rock|[from] move: Defog|[of] p2a: Corviknight
|-sideend|p2: LD8 nvzhuangkeai|Stealth Rock|[from] move: Defog|[of] p2a: Corviknight
|
|-weather|Sandstorm|[upkeep]
|-damage|p1a: Eternatus|37/100 brn|[from] Sandstorm
|-heal|p2a: Corviknight|85/100|[from] item: Leftovers
|-damage|p1a: Eternatus|31/100 brn|[from] brn
|upkeep
|turn|100
|
|t:|1663424445
|switch|p1a: Calyrex|Calyrex-Shadow|100/100
|-ability|p1a: Calyrex|As One
|-ability|p1a: Calyrex|Unnerve
|switch|p2a: Blissey|Blissey, F|85/100
|
|-weather|none
|upkeep
|turn|101
|
|t:|1663424452
|switch|p2a: Tyranitar|Tyranitar, M|100/100 slp
|-weather|Sandstorm|[from] ability: Sand Stream|[of] p2a: Tyranitar
|move|p1a: Calyrex|Astral Barrage|p2a: Tyranitar
|-resisted|p2a: Tyranitar
|-damage|p2a: Tyranitar|85/100 slp
|
|-weather|Sandstorm|[upkeep]
|-damage|p1a: Calyrex|94/100|[from] Sandstorm
|upkeep
|turn|102
|
|t:|1663424457
|move|p1a: Calyrex|Astral Barrage|p2a: Tyranitar
|-resisted|p2a: Tyranitar
|-damage|p2a: Tyranitar|68/100 slp
|cant|p2a: Tyranitar|slp
|
|-weather|Sandstorm|[upkeep]
|-damage|p1a: Calyrex|88/100|[from] Sandstorm
|upkeep
|turn|103
|
|t:|1663424460
|switch|p1a: Necrozma|Necrozma-Dusk-Mane, shiny|100/100
|cant|p2a: Tyranitar|slp
|
|-weather|Sandstorm|[upkeep]
|upkeep
|turn|104
|
|t:|1663424465
|switch|p1a: Eternatus|Eternatus|31/100 brn
|-ability|p1a: Eternatus|Pressure
|switch|p2a: Corviknight|Corviknight, F|85/100
|-ability|p2a: Corviknight|Pressure
|
|-weather|Sandstorm|[upkeep]
|-damage|p1a: Eternatus|25/100 brn|[from] Sandstorm
|-heal|p2a: Corviknight|92/100|[from] item: Leftovers
|-damage|p1a: Eternatus|19/100 brn|[from] brn
|upkeep
|turn|105
|
|t:|1663424470
|switch|p2a: Toxapex|Toxapex, F|82/100
|move|p1a: Eternatus|Flamethrower|p2a: Toxapex
|-resisted|p2a: Toxapex
|-damage|p2a: Toxapex|71/100
|
|-weather|none
|-heal|p2a: Toxapex|77/100|[from] item: Black Sludge
|-damage|p1a: Eternatus|12/100 brn|[from] brn
|upkeep
|turn|106
|-message|Xeoswift17 forfeited.
|
|win|LD8 nvzhuangkeai
|raw|Xeoswift17's rating: 1347 &rarr; <strong>1340</strong><br />(-7 for losing)
|raw|LD8 nvzhuangkeai's rating: 1609 &rarr; <strong>1616</strong><br />(+7 for winning)
