|raw|<div class="broadcast-blue"><strong>This battle is required to be public due to a player having a name starting with 'ULTBG7V'.</div>
|j|☆ULTBG7V Fat
|j|☆KyogreF4N
|t:|1621950141
|gametype|singles
|player|p1|ULTBG7V Fat|misty|1726
|player|p2|KyogreF4N|hiker-gen4|1694
|teamsize|p1|6
|teamsize|p2|6
|gen|8
|tier|[Gen 8] Ubers
|rated|
|rule|Sleep Clause Mod: Limit one foe put to sleep
|rule|Species Clause: Limit one of each Pokémon
|rule|OHKO Clause: OHKO moves are banned
|rule|Evasion Moves Clause: Evasion moves are banned
|rule|Endless Battle Clause: Forcing endless battles is banned
|rule|HP Percentage Mod: HP is shown in percentages
|rule|Dynamax Clause: You cannot dynamax
|clearpoke
|poke|p1|Eternatus|
|poke|p1|Necrozma-Dusk-Mane|
|poke|p1|Yveltal|
|poke|p1|Groudon|
|poke|p1|Ho-Oh|
|poke|p1|Zacian-*|
|poke|p2|Yveltal|
|poke|p2|Ho-Oh|
|poke|p2|Tangrowth, F|
|poke|p2|Eternatus|
|poke|p2|Necrozma-Dusk-Mane|
|poke|p2|Calyrex-Shadow|
|teampreview
|j| xteamtesterr
|j| ultbg7v tralalala
|c|☆ULTBG7V Fat|gl
|inactive|Battle timer is ON: inactive players will automatically lose when time's up. (requested by KyogreF4N)
|c|☆KyogreF4N|Gl
|j|+Staxi
|c|☆KyogreF4N|Fatfighter?
|c|☆ULTBG7V Fat|mhm
|
|t:|1621950173
|start
|switch|p1a: Groudon|Groudon|100/100
|switch|p2a: Yveltal|Yveltal|100/100
|-ability|p2a: Yveltal|Dark Aura
|-weather|SunnyDay|[from] ability: Drought|[of] p1a: Groudon
|turn|1
|c|+Staxi|don't be mean kfan
|
|t:|1621950181
|switch|p1a: Eternatus|Eternatus|100/100
|-ability|p1a: Eternatus|Pressure
|move|p2a: Yveltal|Toxic|p1a: Eternatus
|-immune|p1a: Eternatus
|
|-weather|SunnyDay|[upkeep]
|upkeep
|turn|2
|
|t:|1621950187
|move|p1a: Eternatus|Flamethrower|p2a: Yveltal
|-damage|p2a: Yveltal|71/100
|move|p2a: Yveltal|Knock Off|p1a: Eternatus
|-damage|p1a: Eternatus|61/100
|-enditem|p1a: Eternatus|Heavy-Duty Boots|[from] move: Knock Off|[of] p2a: Yveltal
|
|-weather|SunnyDay|[upkeep]
|upkeep
|turn|3
|j| The Northern Blade
|
|t:|1621950198
|move|p1a: Eternatus|Flamethrower|p2a: Yveltal
|-damage|p2a: Yveltal|42/100
|move|p2a: Yveltal|Roost|p2a: Yveltal
|-heal|p2a: Yveltal|92/100
|-singleturn|p2a: Yveltal|move: Roost
|
|-weather|SunnyDay|[upkeep]
|upkeep
|turn|4
|
|t:|1621950202
|switch|p2a: Ho-Oh|Ho-Oh|100/100
|move|p1a: Eternatus|Recover|p1a: Eternatus
|-heal|p1a: Eternatus|100/100
|
|-weather|SunnyDay|[upkeep]
|upkeep
|turn|5
|
|t:|1621950213
|switch|p1a: Ho-Oh|Ho-Oh|100/100
|move|p2a: Ho-Oh|Brave Bird|p1a: Ho-Oh
|-damage|p1a: Ho-Oh|66/100
|-damage|p2a: Ho-Oh|89/100|[from] Recoil
|
|-weather|none
|upkeep
|turn|6
|
|t:|1621950219
|move|p1a: Ho-Oh|Thunder Wave|p2a: Ho-Oh
|-status|p2a: Ho-Oh|par
|cant|p2a: Ho-Oh|par
|
|upkeep
|turn|7
|
|t:|1621950225
|switch|p1a: Eternatus|Eternatus|100/100
|-ability|p1a: Eternatus|Pressure
|move|p2a: Ho-Oh|Thunder Wave|p1a: Eternatus|[miss]
|-miss|p2a: Ho-Oh|p1a: Eternatus
|
|upkeep
|turn|8
|j| ultbg7v solrock
|
|t:|1621950233
|switch|p1a: Necrozma|Necrozma-Dusk-Mane|100/100
|move|p2a: Ho-Oh|Brave Bird|p1a: Necrozma
|-resisted|p1a: Necrozma
|-damage|p1a: Necrozma|87/100
|-damage|p2a: Ho-Oh|85/100 par|[from] Recoil
|
|-heal|p1a: Necrozma|93/100|[from] item: Leftovers
|upkeep
|turn|9
|
|t:|1621950239
|move|p1a: Necrozma|Knock Off|p2a: Ho-Oh
|-damage|p2a: Ho-Oh|62/100 par
|-enditem|p2a: Ho-Oh|Heavy-Duty Boots|[from] move: Knock Off|[of] p1a: Necrozma
|move|p2a: Ho-Oh|Sacred Fire|p1a: Necrozma
|-supereffective|p1a: Necrozma
|-damage|p1a: Necrozma|56/100
|
|-heal|p1a: Necrozma|62/100|[from] item: Leftovers
|upkeep
|turn|10
|
|t:|1621950247
|move|p1a: Necrozma|Stealth Rock|p2a: Ho-Oh
|-sidestart|p2: KyogreF4N|move: Stealth Rock
|move|p2a: Ho-Oh|Sacred Fire|p1a: Necrozma
|-supereffective|p1a: Necrozma
|-damage|p1a: Necrozma|29/100
|
|-heal|p1a: Necrozma|35/100|[from] item: Leftovers
|upkeep
|turn|11
|
|t:|1621950251
|move|p1a: Necrozma|Morning Sun|p1a: Necrozma
|-heal|p1a: Necrozma|85/100
|move|p2a: Ho-Oh|Sacred Fire|p1a: Necrozma
|-supereffective|p1a: Necrozma
|-damage|p1a: Necrozma|51/100
|
|-heal|p1a: Necrozma|57/100|[from] item: Leftovers
|upkeep
|turn|12
|
|t:|1621950255
|move|p1a: Necrozma|Morning Sun|p1a: Necrozma
|-heal|p1a: Necrozma|100/100
|cant|p2a: Ho-Oh|par
|
|upkeep
|turn|13
|j| Fc04
|
|t:|1621950262
|move|p1a: Necrozma|Sunsteel Strike|p2a: Ho-Oh
|-resisted|p2a: Ho-Oh
|-damage|p2a: Ho-Oh|42/100 par
|cant|p2a: Ho-Oh|par
|
|upkeep
|turn|14
|
|t:|1621950267
|move|p1a: Necrozma|Sunsteel Strike|p2a: Ho-Oh
|-resisted|p2a: Ho-Oh
|-damage|p2a: Ho-Oh|21/100 par
|move|p2a: Ho-Oh|Sacred Fire|p1a: Necrozma|[miss]
|-miss|p2a: Ho-Oh|p1a: Necrozma
|
|upkeep
|turn|15
|c|☆ULTBG7V Fat|mb
|
|t:|1621950276
|move|p1a: Necrozma|Sunsteel Strike|p2a: Ho-Oh
|-resisted|p2a: Ho-Oh
|-damage|p2a: Ho-Oh|1/100 par
|move|p2a: Ho-Oh|Sacred Fire|p1a: Necrozma
|-supereffective|p1a: Necrozma
|-damage|p1a: Necrozma|69/100
|
|-heal|p1a: Necrozma|75/100|[from] item: Leftovers
|upkeep
|turn|16
|j| Raph369
|c|☆KyogreF4N|Lmao too good
|j| Hrishioo7
|c|☆ULTBG7V Fat|100% skill
|c|☆KyogreF4N|Can't fight the yellow color
|
|t:|1621950302
|switch|p2a: Necrozma|Necrozma-Dusk-Mane|100/100
|-damage|p2a: Necrozma|94/100|[from] Stealth Rock
|move|p1a: Necrozma|Knock Off|p2a: Necrozma
|-supereffective|p2a: Necrozma
|-damage|p2a: Necrozma|63/100
|-damage|p1a: Necrozma|58/100|[from] item: Rocky Helmet|[of] p2a: Necrozma
|-enditem|p2a: Necrozma|Rocky Helmet|[from] move: Knock Off|[of] p1a: Necrozma
|
|-heal|p1a: Necrozma|64/100|[from] item: Leftovers
|upkeep
|turn|17
|
|t:|1621950311
|switch|p1a: Groudon|Groudon|100/100
|-weather|SunnyDay|[from] ability: Drought|[of] p1a: Groudon
|move|p2a: Necrozma|Stealth Rock|p1a: Groudon
|-sidestart|p1: ULTBG7V Fat|move: Stealth Rock
|
|-weather|SunnyDay|[upkeep]
|upkeep
|turn|18
|
|t:|1621950317
|switch|p2a: Tangrowth|Tangrowth, F|100/100
|-damage|p2a: Tangrowth|88/100|[from] Stealth Rock
|move|p1a: Groudon|Rock Tomb|p2a: Tangrowth
|-damage|p2a: Tangrowth|74/100
|-unboost|p2a: Tangrowth|spe|1
|
|-weather|SunnyDay|[upkeep]
|upkeep
|turn|19
|
|t:|1621950341
|switch|p2a: Yveltal|Yveltal|92/100
|-ability|p2a: Yveltal|Dark Aura
|move|p1a: Groudon|Heat Crash|p2a: Yveltal
|-damage|p2a: Yveltal|37/100
|
|-weather|SunnyDay|[upkeep]
|upkeep
|turn|20
|
|t:|1621950346
|move|p2a: Yveltal|Roost|p2a: Yveltal
|-heal|p2a: Yveltal|87/100
|-singleturn|p2a: Yveltal|move: Roost
|move|p1a: Groudon|Rock Tomb|p2a: Yveltal
|-damage|p2a: Yveltal|67/100
|-unboost|p2a: Yveltal|spe|1
|
|-weather|SunnyDay|[upkeep]
|upkeep
|turn|21
|
|t:|1621950351
|move|p1a: Groudon|Heat Crash|p2a: Yveltal
|-damage|p2a: Yveltal|15/100
|move|p2a: Yveltal|Roost|p2a: Yveltal
|-heal|p2a: Yveltal|65/100
|-singleturn|p2a: Yveltal|move: Roost
|
|-weather|none
|upkeep
|turn|22
|j| Zvonko Napadaj
|
|t:|1621950357
|move|p1a: Groudon|Swords Dance|p1a: Groudon
|-boost|p1a: Groudon|atk|2
|move|p2a: Yveltal|Roost|p2a: Yveltal
|-heal|p2a: Yveltal|100/100
|-singleturn|p2a: Yveltal|move: Roost
|
|upkeep
|turn|23
|
|t:|1621950367
|switch|p2a: Ho-Oh|Ho-Oh|34/100 par
|-damage|p2a: Ho-Oh|0 fnt|[from] Stealth Rock
|faint|p2a: Ho-Oh
|move|p1a: Groudon|Rock Tomb|p2: Ho-Oh|[notarget]
|-fail|p1a: Groudon
|
|upkeep
|
|t:|1621950374
|switch|p2a: Calyrex|Calyrex-Shadow|100/100
|-ability|p2a: Calyrex|As One
|-ability|p2a: Calyrex|Unnerve
|-damage|p2a: Calyrex|88/100|[from] Stealth Rock
|turn|24
|
|t:|1621950392
|switch|p1a: Yveltal|Yveltal|100/100
|-damage|p1a: Yveltal|76/100|[from] Stealth Rock
|-ability|p1a: Yveltal|Dark Aura
|move|p2a: Calyrex|Astral Barrage|p1a: Yveltal
|-resisted|p1a: Yveltal
|-crit|p1a: Yveltal
|-damage|p1a: Yveltal|15/100
|
|upkeep
|turn|25
|
|t:|1621950402
|switch|p2a: Yveltal|Yveltal|100/100
|-ability|p2a: Yveltal|Dark Aura
|move|p1a: Yveltal|Roost|p1a: Yveltal
|-heal|p1a: Yveltal|65/100
|-singleturn|p1a: Yveltal|move: Roost
|
|upkeep
|turn|26
|
|t:|1621950411
|switch|p1a: Eternatus|Eternatus|100/100
|-damage|p1a: Eternatus|88/100|[from] Stealth Rock
|-ability|p1a: Eternatus|Pressure
|move|p2a: Yveltal|Knock Off|p1a: Eternatus
|-damage|p1a: Eternatus|60/100
|
|upkeep
|turn|27
|
|t:|1621950421
|switch|p2a: Eternatus|Eternatus|100/100
|-ability|p2a: Eternatus|Pressure
|move|p1a: Eternatus|Flamethrower|p2a: Eternatus
|-resisted|p2a: Eternatus
|-damage|p2a: Eternatus|91/100
|
|upkeep
|turn|28
|
|t:|1621950429
|switch|p1a: Ho-Oh|Ho-Oh|99/100
|move|p2a: Eternatus|Flamethrower|p1a: Ho-Oh
|-resisted|p1a: Ho-Oh
|-damage|p1a: Ho-Oh|91/100
|
|upkeep
|turn|29
|
|t:|1621950435
|move|p2a: Eternatus|Sludge Bomb|p1a: Ho-Oh
|-damage|p1a: Ho-Oh|69/100
|-status|p1a: Ho-Oh|psn
|move|p1a: Ho-Oh|Thunder Wave|p2a: Eternatus
|-status|p2a: Eternatus|par
|
|-damage|p1a: Ho-Oh|57/100 psn|[from] psn
|upkeep
|turn|30
|
|t:|1621950444
|move|p1a: Ho-Oh|Defog|p2a: Eternatus
|-unboost|p2a: Eternatus|evasion|1
|-sideend|p2: KyogreF4N|Stealth Rock|[from] move: Defog|[of] p1a: Ho-Oh
|-sideend|p1: ULTBG7V Fat|Stealth Rock|[from] move: Defog|[of] p1a: Ho-Oh
|move|p2a: Eternatus|Flamethrower|p1a: Ho-Oh
|-resisted|p1a: Ho-Oh
|-crit|p1a: Ho-Oh
|-damage|p1a: Ho-Oh|45/100 psn
|
|-damage|p1a: Ho-Oh|33/100 psn|[from] psn
|upkeep
|turn|31
|
|t:|1621950456
|switch|p1a: Eternatus|Eternatus|60/100
|-ability|p1a: Eternatus|Pressure
|switch|p2a: Yveltal|Yveltal|100/100
|-ability|p2a: Yveltal|Dark Aura
|
|upkeep
|turn|32
|l|+Staxi
|
|t:|1621950462
|move|p1a: Eternatus|Flamethrower|p2a: Yveltal
|-damage|p2a: Yveltal|82/100
|move|p2a: Yveltal|Knock Off|p1a: Eternatus
|-damage|p1a: Eternatus|29/100
|
|upkeep
|turn|33
|
|t:|1621950468
|switch|p2a: Necrozma|Necrozma-Dusk-Mane|63/100
|move|p1a: Eternatus|Recover|p1a: Eternatus
|-heal|p1a: Eternatus|79/100
|
|upkeep
|turn|34
|
|t:|1621950472
|move|p1a: Eternatus|Flamethrower|p2a: Necrozma
|-supereffective|p2a: Necrozma
|-damage|p2a: Necrozma|31/100
|move|p2a: Necrozma|Morning Sun|p2a: Necrozma
|-heal|p2a: Necrozma|81/100
|
|upkeep
|turn|35
|
|t:|1621950477
|switch|p1a: Groudon|Groudon|100/100
|-weather|SunnyDay|[from] ability: Drought|[of] p1a: Groudon
|move|p2a: Necrozma|Stealth Rock|p1a: Groudon
|-sidestart|p1: ULTBG7V Fat|move: Stealth Rock
|
|-weather|SunnyDay|[upkeep]
|upkeep
|turn|36
|l| xteamtesterr
|
|t:|1621950497
|switch|p2a: Calyrex|Calyrex-Shadow|88/100
|-ability|p2a: Calyrex|As One
|-ability|p2a: Calyrex|Unnerve
|move|p1a: Groudon|Swords Dance|p1a: Groudon
|-boost|p1a: Groudon|atk|2
|
|-weather|SunnyDay|[upkeep]
|upkeep
|turn|37
|inactive|ULTBG7V Fat has 120 seconds left.
|
|t:|1621950526
|switch|p1a: Zacian|Zacian|100/100
|-damage|p1a: Zacian|88/100|[from] Stealth Rock
|-ability|p1a: Zacian|Intrepid Sword|boost
|-boost|p1a: Zacian|atk|1
|move|p2a: Calyrex|Astral Barrage|p1a: Zacian
|-damage|p1a: Zacian|0 fnt
|faint|p1a: Zacian
|-ability|p2a: Calyrex|Grim Neigh|boost
|-boost|p2a: Calyrex|spa|1
|
|-weather|SunnyDay|[upkeep]
|upkeep
|inactive|ULTBG7V Fat has 120 seconds left.
|
|t:|1621950531
|switch|p1a: Yveltal|Yveltal|65/100
|-damage|p1a: Yveltal|40/100|[from] Stealth Rock
|-ability|p1a: Yveltal|Dark Aura
|turn|38
|
|t:|1621950550
|switch|p2a: Tangrowth|Tangrowth, F|100/100
|move|p1a: Yveltal|Roost|p1a: Yveltal
|-heal|p1a: Yveltal|90/100
|-singleturn|p1a: Yveltal|move: Roost
|
|-weather|SunnyDay|[upkeep]
|upkeep
|turn|39
|
|t:|1621950556
|switch|p1a: Ho-Oh|Ho-Oh|66/100 psn
|switch|p2a: Calyrex|Calyrex-Shadow|88/100
|-ability|p2a: Calyrex|As One
|-ability|p2a: Calyrex|Unnerve
|
|-weather|none
|-damage|p1a: Ho-Oh|54/100 psn|[from] psn
|upkeep
|turn|40
|
|t:|1621950574
|switch|p1a: Yveltal|Yveltal|90/100
|-damage|p1a: Yveltal|65/100|[from] Stealth Rock
|-ability|p1a: Yveltal|Dark Aura
|move|p2a: Calyrex|Astral Barrage|p1a: Yveltal
|-resisted|p1a: Yveltal
|-damage|p1a: Yveltal|26/100
|
|upkeep
|turn|41
|
|t:|1621950582
|switch|p2a: Necrozma|Necrozma-Dusk-Mane|81/100
|move|p1a: Yveltal|Roost|p1a: Yveltal
|-heal|p1a: Yveltal|76/100
|-singleturn|p1a: Yveltal|move: Roost
|
|upkeep
|turn|42
|
|t:|1621950588
|switch|p1a: Ho-Oh|Ho-Oh|87/100 psn
|move|p2a: Necrozma|Sunsteel Strike|p1a: Ho-Oh
|-resisted|p1a: Ho-Oh
|-damage|p1a: Ho-Oh|67/100 psn
|
|-damage|p1a: Ho-Oh|55/100 psn|[from] psn
|upkeep
|turn|43
|
|t:|1621950593
|move|p1a: Ho-Oh|Defog|p2a: Necrozma
|-unboost|p2a: Necrozma|evasion|1
|-sideend|p1: ULTBG7V Fat|Stealth Rock|[from] move: Defog|[of] p1a: Ho-Oh
|move|p2a: Necrozma|Sunsteel Strike|p1a: Ho-Oh
|-resisted|p1a: Ho-Oh
|-damage|p1a: Ho-Oh|37/100 psn
|
|-damage|p1a: Ho-Oh|24/100 psn|[from] psn
|upkeep
|turn|44
|j| GyuuDAYS♪
|j| skimmythegod
|
|t:|1621950602
|switch|p1a: Groudon|Groudon|100/100
|-weather|SunnyDay|[from] ability: Drought|[of] p1a: Groudon
|move|p2a: Necrozma|Stealth Rock|p1a: Groudon
|-sidestart|p1: ULTBG7V Fat|move: Stealth Rock
|
|-weather|SunnyDay|[upkeep]
|upkeep
|turn|45
|inactive|ULTBG7V Fat has 120 seconds left.
|
|t:|1621950638
|switch|p2a: Tangrowth|Tangrowth, F|100/100
|move|p1a: Groudon|Rock Tomb|p2a: Tangrowth
|-damage|p2a: Tangrowth|88/100
|-unboost|p2a: Tangrowth|spe|1
|
|-weather|SunnyDay|[upkeep]
|upkeep
|turn|46
|j| ojr
|inactive|ULTBG7V Fat has 120 seconds left.
|
|t:|1621950646
|switch|p1a: Ho-Oh|Ho-Oh|58/100 psn
|move|p2a: Tangrowth|Grass Knot|p1a: Ho-Oh
|-resisted|p1a: Ho-Oh
|-damage|p1a: Ho-Oh|53/100 psn
|
|-weather|SunnyDay|[upkeep]
|-damage|p1a: Ho-Oh|40/100 psn|[from] psn
|upkeep
|turn|47
|
|t:|1621950651
|move|p1a: Ho-Oh|Defog|p2a: Tangrowth
|-unboost|p2a: Tangrowth|evasion|1
|-sideend|p1: ULTBG7V Fat|Stealth Rock|[from] move: Defog|[of] p1a: Ho-Oh
|move|p2a: Tangrowth|Knock Off|p1a: Ho-Oh
|-damage|p1a: Ho-Oh|25/100 psn
|-enditem|p1a: Ho-Oh|Heavy-Duty Boots|[from] move: Knock Off|[of] p2a: Tangrowth
|
|-weather|SunnyDay|[upkeep]
|-damage|p1a: Ho-Oh|13/100 psn|[from] psn
|upkeep
|turn|48
|
|t:|1621950657
|switch|p1a: Eternatus|Eternatus|79/100
|-ability|p1a: Eternatus|Pressure
|move|p2a: Tangrowth|Leech Seed|p1a: Eternatus
|-start|p1a: Eternatus|move: Leech Seed
|
|-weather|none
|-damage|p1a: Eternatus|67/100|[from] Leech Seed|[of] p2a: Tangrowth
|-heal|p2a: Tangrowth|100/100|[silent]
|upkeep
|turn|49
|l| Hrishioo7
|
|t:|1621950669
|switch|p1a: Ho-Oh|Ho-Oh|46/100 psn
|switch|p2a: Necrozma|Necrozma-Dusk-Mane|81/100
|
|-damage|p1a: Ho-Oh|34/100 psn|[from] psn
|upkeep
|turn|50
|
|t:|1621950683
|move|p1a: Ho-Oh|Sacred Fire|p2a: Necrozma
|-supereffective|p2a: Necrozma
|-damage|p2a: Necrozma|43/100
|move|p2a: Necrozma|Stealth Rock|p1a: Ho-Oh
|-sidestart|p1: ULTBG7V Fat|move: Stealth Rock
|
|-damage|p1a: Ho-Oh|22/100 psn|[from] psn
|upkeep
|turn|51
|
|t:|1621950692
|move|p1a: Ho-Oh|Sacred Fire|p2a: Necrozma
|-supereffective|p2a: Necrozma
|-damage|p2a: Necrozma|4/100
|move|p2a: Necrozma|Morning Sun|p2a: Necrozma
|-heal|p2a: Necrozma|54/100
|
|-damage|p1a: Ho-Oh|9/100 psn|[from] psn
|upkeep
|turn|52
|
|t:|1621950704
|move|p1a: Ho-Oh|Sacred Fire|p2a: Necrozma
|-supereffective|p2a: Necrozma
|-damage|p2a: Necrozma|17/100
|move|p2a: Necrozma|Morning Sun|p2a: Necrozma
|-heal|p2a: Necrozma|67/100
|
|-damage|p1a: Ho-Oh|0 fnt|[from] psn
|faint|p1a: Ho-Oh
|upkeep
|l| Raph369
|
|t:|1621950718
|switch|p1a: Groudon|Groudon|100/100
|-damage|p1a: Groudon|94/100|[from] Stealth Rock
|-weather|SunnyDay|[from] ability: Drought|[of] p1a: Groudon
|turn|53
|j| Safes
|
|t:|1621950729
|switch|p2a: Tangrowth|Tangrowth, F|100/100
|move|p1a: Groudon|Swords Dance|p1a: Groudon
|-boost|p1a: Groudon|atk|2
|
|-weather|SunnyDay|[upkeep]
|-heal|p1a: Groudon|100/100|[from] item: Leftovers
|upkeep
|turn|54
|
|t:|1621950732
|move|p1a: Groudon|Heat Crash|p2a: Tangrowth
|-supereffective|p2a: Tangrowth
|-damage|p2a: Tangrowth|0 fnt
|-damage|p1a: Groudon|84/100|[from] item: Rocky Helmet|[of] p2a: Tangrowth
|faint|p2a: Tangrowth
|
|-weather|SunnyDay|[upkeep]
|-heal|p1a: Groudon|90/100|[from] item: Leftovers
|upkeep
|
|t:|1621950736
|switch|p2a: Calyrex|Calyrex-Shadow|88/100
|-ability|p2a: Calyrex|As One
|-ability|p2a: Calyrex|Unnerve
|turn|55
|
|t:|1621950743
|switch|p1a: Yveltal|Yveltal|76/100
|-damage|p1a: Yveltal|51/100|[from] Stealth Rock
|-ability|p1a: Yveltal|Dark Aura
|move|p2a: Calyrex|Astral Barrage|p1a: Yveltal
|-resisted|p1a: Yveltal
|-damage|p1a: Yveltal|13/100
|
|-weather|SunnyDay|[upkeep]
|upkeep
|turn|56
|
|t:|1621950754
|switch|p2a: Yveltal|Yveltal|82/100
|-ability|p2a: Yveltal|Dark Aura
|move|p1a: Yveltal|Roost|p1a: Yveltal
|-heal|p1a: Yveltal|63/100
|-singleturn|p1a: Yveltal|move: Roost
|
|-weather|SunnyDay|[upkeep]
|upkeep
|turn|57
|
|t:|1621950758
|move|p1a: Yveltal|Roost|p1a: Yveltal
|-heal|p1a: Yveltal|100/100
|-singleturn|p1a: Yveltal|move: Roost
|move|p2a: Yveltal|Knock Off|p1a: Yveltal
|-resisted|p1a: Yveltal
|-damage|p1a: Yveltal|77/100
|-enditem|p1a: Yveltal|Choice Scarf|[from] move: Knock Off|[of] p2a: Yveltal
|
|-weather|none
|upkeep
|turn|58
|
|t:|1621950765
|move|p1a: Yveltal|Defog|p2a: Yveltal
|-unboost|p2a: Yveltal|evasion|1
|-sideend|p1: ULTBG7V Fat|Stealth Rock|[from] move: Defog|[of] p1a: Yveltal
|move|p2a: Yveltal|Toxic|p1a: Yveltal
|-status|p1a: Yveltal|tox
|
|-damage|p1a: Yveltal|71/100 tox|[from] psn
|upkeep
|turn|59
|
|t:|1621950767
|move|p1a: Yveltal|U-turn|p2a: Yveltal
|-damage|p2a: Yveltal|63/100
|
|t:|1621950771
|switch|p1a: Eternatus|Eternatus|67/100|[from]move: U-turn
|-ability|p1a: Eternatus|Pressure
|move|p2a: Yveltal|Knock Off|p1a: Eternatus
|-damage|p1a: Eternatus|39/100
|
|upkeep
|turn|60
|
|t:|1621950785
|move|p1a: Eternatus|Recover|p1a: Eternatus
|-heal|p1a: Eternatus|89/100
|move|p2a: Yveltal|Roost|p2a: Yveltal
|-heal|p2a: Yveltal|100/100
|-singleturn|p2a: Yveltal|move: Roost
|
|upkeep
|turn|61
|
|t:|1621950789
|move|p1a: Eternatus|Flamethrower|p2a: Yveltal
|-damage|p2a: Yveltal|80/100
|move|p2a: Yveltal|Knock Off|p1a: Eternatus
|-damage|p1a: Eternatus|60/100
|
|upkeep
|turn|62
|
|t:|1621950793
|move|p1a: Eternatus|Recover|p1a: Eternatus
|-heal|p1a: Eternatus|100/100
|move|p2a: Yveltal|Knock Off|p1a: Eternatus
|-damage|p1a: Eternatus|70/100
|
|upkeep
|turn|63
|l| skimmythegod
|
|t:|1621950799
|move|p1a: Eternatus|Flamethrower|p2a: Yveltal
|-damage|p2a: Yveltal|61/100
|move|p2a: Yveltal|Knock Off|p1a: Eternatus
|-damage|p1a: Eternatus|39/100
|
|upkeep
|turn|64
|j| ULTBG7V teqoufi.
|
|t:|1621950806
|switch|p2a: Necrozma|Necrozma-Dusk-Mane|67/100
|move|p1a: Eternatus|Recover|p1a: Eternatus
|-heal|p1a: Eternatus|89/100
|
|upkeep
|turn|65
|
|t:|1621950812
|switch|p1a: Groudon|Groudon|90/100
|-weather|SunnyDay|[from] ability: Drought|[of] p1a: Groudon
|move|p2a: Necrozma|Stealth Rock|p1a: Groudon
|-sidestart|p1: ULTBG7V Fat|move: Stealth Rock
|
|-weather|SunnyDay|[upkeep]
|-heal|p1a: Groudon|96/100|[from] item: Leftovers
|upkeep
|turn|66
|
|t:|1621950822
|move|p1a: Groudon|Heat Crash|p2a: Necrozma
|-supereffective|p2a: Necrozma
|-damage|p2a: Necrozma|30/100
|move|p2a: Necrozma|Sunsteel Strike|p1a: Groudon
|-damage|p1a: Groudon|57/100
|
|-weather|SunnyDay|[upkeep]
|-heal|p1a: Groudon|63/100|[from] item: Leftovers
|upkeep
|turn|67
|
|t:|1621950833
|move|p1a: Groudon|Heat Crash|p2a: Necrozma
|-supereffective|p2a: Necrozma
|-damage|p2a: Necrozma|0 fnt
|faint|p2a: Necrozma
|
|-weather|SunnyDay|[upkeep]
|-heal|p1a: Groudon|69/100|[from] item: Leftovers
|upkeep
|
|t:|1621950836
|switch|p2a: Calyrex|Calyrex-Shadow|88/100
|-ability|p2a: Calyrex|As One
|-ability|p2a: Calyrex|Unnerve
|turn|68
|j| ULTBG7VFunkysapien
|
|t:|1621950858
|switch|p1a: Necrozma|Necrozma-Dusk-Mane|64/100
|-damage|p1a: Necrozma|58/100|[from] Stealth Rock
|move|p2a: Calyrex|Astral Barrage|p1a: Necrozma
|-supereffective|p1a: Necrozma
|-damage|p1a: Necrozma|0 fnt
|faint|p1a: Necrozma
|-ability|p2a: Calyrex|Grim Neigh|boost
|-boost|p2a: Calyrex|spa|1
|
|-weather|SunnyDay|[upkeep]
|upkeep
|
|t:|1621950860
|switch|p1a: Yveltal|Yveltal|71/100 tox
|-damage|p1a: Yveltal|46/100 tox|[from] Stealth Rock
|-ability|p1a: Yveltal|Dark Aura
|turn|69
|
|t:|1621950867
|move|p2a: Calyrex|Astral Barrage|p1a: Yveltal
|-resisted|p1a: Yveltal
|-damage|p1a: Yveltal|0 fnt
|faint|p1a: Yveltal
|-ability|p2a: Calyrex|Grim Neigh|boost
|-boost|p2a: Calyrex|spa|1
|
|-weather|none
|upkeep
|c|☆ULTBG7V Fat|oh I forgot no scarf
|c|☆ULTBG7V Fat|gg
|c|☆KyogreF4N|Gg
|
|t:|1621950885
|switch|p1a: Eternatus|Eternatus|89/100
|-damage|p1a: Eternatus|77/100|[from] Stealth Rock
|-ability|p1a: Eternatus|Pressure
|turn|70
|
|t:|1621950892
|switch|p2a: Eternatus|Eternatus|91/100 par
|-ability|p2a: Eternatus|Pressure
|move|p1a: Eternatus|Dynamax Cannon|p2a: Eternatus
|-supereffective|p2a: Eternatus
|-damage|p2a: Eternatus|35/100 par
|
|upkeep
|turn|71
|j| Holymolycrabby
|
|t:|1621950921
|switch|p1a: Groudon|Groudon|69/100
|-damage|p1a: Groudon|63/100|[from] Stealth Rock
|-weather|SunnyDay|[from] ability: Drought|[of] p1a: Groudon
|cant|p2a: Eternatus|par
|
|-weather|SunnyDay|[upkeep]
|-heal|p1a: Groudon|69/100|[from] item: Leftovers
|upkeep
|turn|72
|
|t:|1621950927
|move|p1a: Groudon|Precipice Blades|p2a: Eternatus
|-supereffective|p2a: Eternatus
|-damage|p2a: Eternatus|0 fnt
|faint|p2a: Eternatus
|
|-weather|SunnyDay|[upkeep]
|-heal|p1a: Groudon|75/100|[from] item: Leftovers
|upkeep
|
|t:|1621950929
|switch|p2a: Calyrex|Calyrex-Shadow|88/100
|-ability|p2a: Calyrex|As One
|-ability|p2a: Calyrex|Unnerve
|turn|73
|j| Smaller_Dawn
|inactive|ULTBG7V Fat has 120 seconds left.
|
|t:|1621950961
|switch|p1a: Eternatus|Eternatus|77/100
|-damage|p1a: Eternatus|64/100|[from] Stealth Rock
|-ability|p1a: Eternatus|Pressure
|move|p2a: Calyrex|Astral Barrage|p1a: Eternatus
|-damage|p1a: Eternatus|0 fnt
|faint|p1a: Eternatus
|-ability|p2a: Calyrex|Grim Neigh|boost
|-boost|p2a: Calyrex|spa|1
|
|-weather|SunnyDay|[upkeep]
|upkeep
|
|t:|1621950964
|switch|p1a: Groudon|Groudon|75/100
|-damage|p1a: Groudon|69/100|[from] Stealth Rock
|turn|74
|inactive|ULTBG7V Fat has 120 seconds left.
|l| ULTBG7V teqoufi.
|
|t:|1621950975
|switch|p2a: Yveltal|Yveltal|61/100
|-ability|p2a: Yveltal|Dark Aura
|move|p1a: Groudon|Rock Tomb|p2a: Yveltal|[miss]
|-miss|p1a: Groudon|p2a: Yveltal
|
|-weather|SunnyDay|[upkeep]
|-heal|p1a: Groudon|75/100|[from] item: Leftovers
|upkeep
|turn|75
|
|t:|1621950980
|move|p2a: Yveltal|Knock Off|p1a: Groudon
|-damage|p1a: Groudon|37/100
|-enditem|p1a: Groudon|Leftovers|[from] move: Knock Off|[of] p2a: Yveltal
|move|p1a: Groudon|Rock Tomb|p2a: Yveltal
|-supereffective|p2a: Yveltal
|-crit|p2a: Yveltal
|-damage|p2a: Yveltal|0 fnt
|faint|p2a: Yveltal
|
|-weather|none
|upkeep
|
|t:|1621950984
|switch|p2a: Calyrex|Calyrex-Shadow|88/100
|-ability|p2a: Calyrex|As One
|-ability|p2a: Calyrex|Unnerve
|turn|76
|c|☆ULTBG7V Fat|bruh
|
|t:|1621950994
|move|p2a: Calyrex|Psyshock|p1a: Groudon
|-damage|p1a: Groudon|0 fnt
|faint|p1a: Groudon
|
|win|KyogreF4N
|raw|ULTBG7V Fat's rating: 1726 &rarr; <strong>1704</strong><br />(-22 for losing)
|raw|KyogreF4N's rating: 1694 &rarr; <strong>1716</strong><br />(+22 for winning)
|c|☆KyogreF4N|I deserve it bruh
|l| Safes
|l|☆ULTBG7V Fat
|l| Holymolycrabby
|l| Smaller_Dawn
|l| Fc04
|l| GyuuDAYS♪
|l| ultbg7v tralalala
|l| ULTBG7VFunkysapien
|l| ojr
|c| Zvonko Napadaj|were you afraid of sucker punch?
||Ladder isn't responding, score probably updated but might not have (Request timeout).
