|raw|<div class="broadcast-blue"><strong>This battle is required to be public due to a player having a name starting with 'ULTBG7V'.</div>
|j|☆ULTBG7V Trade
|j|☆hjuyttdd
|t:|1621770900
|gametype|singles
|player|p1|ULTBG7V Trade|169|1570
|player|p2|hjuyttdd|aromalady|1491
|teamsize|p1|6
|teamsize|p2|6
|gen|8
|tier|[Gen 8] Ubers
|rated|
|rule|Sleep Clause Mod: Limit one foe put to sleep
|rule|Species Clause: Limit one of each Pokémon
|rule|OHKO Clause: OHKO moves are banned
|rule|Evasion Moves Clause: Evasion moves are banned
|rule|Endless Battle Clause: Forcing endless battles is banned
|rule|HP Percentage Mod: HP is shown in percentages
|rule|Dynamax Clause: You cannot dynamax
|clearpoke
|poke|p1|Marshadow|
|poke|p1|Xerneas-*|
|poke|p1|Ho-Oh|
|poke|p1|Yveltal|
|poke|p1|Eternatus|
|poke|p1|Necrozma-Dusk-Mane|
|poke|p2|Necrozma-Dusk-Mane|
|poke|p2|Palkia|
|poke|p2|Yveltal|
|poke|p2|Dracovish|
|poke|p2|Eternatus|
|poke|p2|Zygarde|
|teampreview
|
|t:|1621770923
|start
|switch|p1a: Eternatus|Eternatus|100/100
|switch|p2a: Dracovish|Dracovish|100/100
|-ability|p1a: Eternatus|Pressure
|turn|1
|
|t:|1621770930
|switch|p2a: Necrozma|Necrozma-Dusk-Mane|100/100
|move|p1a: Eternatus|Dynamax Cannon|p2a: Necrozma
|-resisted|p2a: Necrozma
|-damage|p2a: Necrozma|82/100
|
|upkeep
|turn|2
|inactive|Battle timer is ON: inactive players will automatically lose when time's up. (requested by hjuyttdd)
|
|t:|1621770935
|switch|p1a: Ho-Oh|Ho-Oh|100/100
|move|p2a: Necrozma|Stealth Rock|p1a: Ho-Oh
|-sidestart|p1: ULTBG7V Trade|move: Stealth Rock
|
|upkeep
|turn|3
|
|t:|1621770939
|switch|p2a: Zygarde|Zygarde|100/100
|move|p1a: Ho-Oh|Thunder Wave|p2a: Zygarde
|-immune|p2a: Zygarde
|
|upkeep
|turn|4
|
|t:|1621770942
|move|p2a: Zygarde|Thousand Arrows|p1a: Ho-Oh
|-damage|p1a: Ho-Oh|79/100
|-start|p1a: Ho-Oh|Smack Down
|move|p1a: Ho-Oh|Defog|p2a: Zygarde
|-unboost|p2a: Zygarde|evasion|1
|-sideend|p1: ULTBG7V Trade|Stealth Rock|[from] move: Defog|[of] p1a: Ho-Oh
|
|upkeep
|turn|5
|
|t:|1621770947
|move|p2a: Zygarde|Glare|p1a: Ho-Oh
|-status|p1a: Ho-Oh|par
|move|p1a: Ho-Oh|Whirlwind|p2a: Zygarde
|drag|p2a: Eternatus|Eternatus|100/100
|-ability|p2a: Eternatus|Pressure
|
|upkeep
|turn|6
|
|t:|1621770950
|switch|p2a: Zygarde|Zygarde|100/100
|move|p1a: Ho-Oh|Thunder Wave|p2a: Zygarde
|-immune|p2a: Zygarde
|
|upkeep
|turn|7
|
|t:|1621770954
|move|p2a: Zygarde|Thousand Arrows|p1a: Ho-Oh
|-supereffective|p1a: Ho-Oh
|-damage|p1a: Ho-Oh|38/100 par
|move|p1a: Ho-Oh|Whirlwind|p2a: Zygarde
|drag|p2a: Eternatus|Eternatus|100/100
|-ability|p2a: Eternatus|Pressure
|
|upkeep
|turn|8
|
|t:|1621770960
|switch|p2a: Zygarde|Zygarde|100/100
|switch|p1a: Eternatus|Eternatus|100/100
|-ability|p1a: Eternatus|Pressure
|
|upkeep
|turn|9
|
|t:|1621770963
|switch|p1a: Ho-Oh|Ho-Oh|72/100 par
|move|p2a: Zygarde|Glare|p1a: Ho-Oh
|-fail|p1a: Ho-Oh|par
|
|upkeep
|turn|10
|
|t:|1621770967
|move|p2a: Zygarde|Thousand Arrows|p1a: Ho-Oh
|-damage|p1a: Ho-Oh|50/100 par
|-start|p1a: Ho-Oh|Smack Down
|cant|p1a: Ho-Oh|par
|
|upkeep
|turn|11
|l|☆hjuyttdd
|inactive|hjuyttdd disconnected and has a minute to reconnect!
|player|p2|
|j|☆hjuyttdd
|inactive|hjuyttdd reconnected and has 120 seconds left.
|player|p2|hjuyttdd|aromalady
|c|☆hjuyttdd|my wifi adapter is uninstalled
|c|☆hjuyttdd|so im using thetering
|c|☆hjuyttdd|with a bad data cable'
|c|☆hjuyttdd|;-;
|inactive|hjuyttdd has 90 seconds left.
|
|t:|1621771028
|move|p2a: Zygarde|Thousand Arrows|p1a: Ho-Oh
|-supereffective|p1a: Ho-Oh
|-damage|p1a: Ho-Oh|9/100 par
|move|p1a: Ho-Oh|Whirlwind|p2a: Zygarde
|drag|p2a: Palkia|Palkia|100/100
|-ability|p2a: Palkia|Pressure
|
|upkeep
|turn|12
|
|t:|1621771037
|switch|p1a: Eternatus|Eternatus|100/100
|-ability|p1a: Eternatus|Pressure
|move|p2a: Palkia|Hydro Pump|p1a: Eternatus
|-resisted|p1a: Eternatus
|-crit|p1a: Eternatus
|-damage|p1a: Eternatus|71/100
|
|upkeep
|turn|13
|
|t:|1621771043
|switch|p1a: Xerneas|Xerneas|100/100
|-ability|p1a: Xerneas|Fairy Aura
|move|p2a: Palkia|Draco Meteor|p1a: Xerneas
|-immune|p1a: Xerneas
|
|upkeep
|turn|14
|
|t:|1621771048
|switch|p2a: Necrozma|Necrozma-Dusk-Mane|82/100
|move|p1a: Xerneas|Thunder|p2a: Necrozma
|-damage|p2a: Necrozma|47/100
|
|upkeep
|turn|15
|
|t:|1621771051
|move|p1a: Xerneas|Thunder|p2a: Necrozma
|-damage|p2a: Necrozma|13/100
|move|p2a: Necrozma|Morning Sun|p2a: Necrozma
|-heal|p2a: Necrozma|63/100
|
|upkeep
|turn|16
|
|t:|1621771059
|switch|p1a: Necrozma|Necrozma-Dusk-Mane|100/100
|move|p2a: Necrozma|Morning Sun|p2a: Necrozma
|-heal|p2a: Necrozma|100/100
|
|upkeep
|turn|17
|
|t:|1621771064
|switch|p2a: Dracovish|Dracovish|100/100
|move|p1a: Necrozma|Stealth Rock|p2a: Dracovish
|-sidestart|p2: hjuyttdd|move: Stealth Rock
|
|upkeep
|turn|18
|
|t:|1621771067
|switch|p1a: Ho-Oh|Ho-Oh|43/100 par
|move|p2a: Dracovish|Fishious Rend|p1a: Ho-Oh
|-supereffective|p1a: Ho-Oh
|-damage|p1a: Ho-Oh|0 fnt
|faint|p1a: Ho-Oh
|
|upkeep
|
|t:|1621771069
|switch|p1a: Marshadow|Marshadow|100/100
|turn|19
|
|t:|1621771073
|switch|p2a: Zygarde|Zygarde|100/100
|-damage|p2a: Zygarde|94/100|[from] Stealth Rock
|move|p1a: Marshadow|Bulk Up|p1a: Marshadow
|-boost|p1a: Marshadow|atk|1
|-boost|p1a: Marshadow|def|1
|
|-heal|p2a: Zygarde|100/100|[from] item: Leftovers
|upkeep
|turn|20
|
|t:|1621771080
|move|p1a: Marshadow|Bulk Up|p1a: Marshadow
|-boost|p1a: Marshadow|atk|1
|-boost|p1a: Marshadow|def|1
|move|p2a: Zygarde|Glare|p1a: Marshadow
|-status|p1a: Marshadow|par
|
|upkeep
|turn|21
|
|t:|1621771099
|move|p2a: Zygarde|Coil|p2a: Zygarde
|-boost|p2a: Zygarde|atk|1
|-boost|p2a: Zygarde|def|1
|-boost|p2a: Zygarde|accuracy|1
|move|p1a: Marshadow|Poltergeist|p2a: Zygarde
|-activate|p2a: Zygarde|move: Poltergeist|Leftovers
|-damage|p2a: Zygarde|47/100
|-damage|p1a: Marshadow|91/100 par|[from] item: Life Orb
|
|-heal|p2a: Zygarde|53/100|[from] item: Leftovers
|upkeep
|turn|22
|
|t:|1621771103
|move|p2a: Zygarde|Coil|p2a: Zygarde
|-boost|p2a: Zygarde|atk|1
|-boost|p2a: Zygarde|def|1
|-boost|p2a: Zygarde|accuracy|1
|move|p1a: Marshadow|Close Combat|p2a: Zygarde
|-damage|p2a: Zygarde|5/100
|-unboost|p1a: Marshadow|def|1
|-unboost|p1a: Marshadow|spd|1
|-damage|p1a: Marshadow|81/100 par|[from] item: Life Orb
|
|-heal|p2a: Zygarde|12/100|[from] item: Leftovers
|-activate|p2a: Zygarde|ability: Power Construct
|detailschange|p2a: Zygarde|Zygarde-Complete
|-heal|p2a: Zygarde|42/100|[silent]
|upkeep
|turn|23
|
|t:|1621771111
|switch|p1a: Yveltal|Yveltal|100/100
|-ability|p1a: Yveltal|Dark Aura
|move|p2a: Zygarde|Thousand Arrows|p1a: Yveltal
|-damage|p1a: Yveltal|41/100
|-start|p1a: Yveltal|Smack Down
|
|-heal|p2a: Zygarde|49/100|[from] item: Leftovers
|upkeep
|turn|24
|
|t:|1621771115
|move|p1a: Yveltal|Foul Play|p2a: Zygarde
|-damage|p2a: Zygarde|33/100
|move|p2a: Zygarde|Thousand Arrows|p1a: Yveltal
|-damage|p1a: Yveltal|0 fnt
|faint|p1a: Yveltal
|
|-heal|p2a: Zygarde|39/100|[from] item: Leftovers
|upkeep
|
|t:|1621771117
|switch|p1a: Xerneas|Xerneas|100/100
|-ability|p1a: Xerneas|Fairy Aura
|turn|25
|
|t:|1621771147
|move|p1a: Xerneas|Moonblast|p2a: Zygarde
|-supereffective|p2a: Zygarde
|-crit|p2a: Zygarde
|-damage|p2a: Zygarde|0 fnt
|faint|p2a: Zygarde
|
|upkeep
|
|t:|1621771152
|switch|p2a: Eternatus|Eternatus|100/100
|-damage|p2a: Eternatus|88/100|[from] Stealth Rock
|-ability|p2a: Eternatus|Pressure
|turn|26
|
|t:|1621771165
|switch|p1a: Eternatus|Eternatus|71/100
|-ability|p1a: Eternatus|Pressure
|move|p2a: Eternatus|Flamethrower|p1a: Eternatus
|-resisted|p1a: Eternatus
|-crit|p1a: Eternatus
|-damage|p1a: Eternatus|51/100
|-damage|p2a: Eternatus|78/100|[from] item: Life Orb
|
|upkeep
|turn|27
|
|t:|1621771169
|move|p2a: Eternatus|Dynamax Cannon|p1a: Eternatus
|-supereffective|p1a: Eternatus
|-damage|p1a: Eternatus|0 fnt
|faint|p1a: Eternatus
|-damage|p2a: Eternatus|68/100|[from] item: Life Orb
|
|upkeep
|
|t:|1621771172
|switch|p1a: Necrozma|Necrozma-Dusk-Mane|100/100
|turn|28
|
|t:|1621771178
|switch|p2a: Dracovish|Dracovish|100/100
|-damage|p2a: Dracovish|88/100|[from] Stealth Rock
|move|p1a: Necrozma|Earthquake|p2a: Dracovish
|-damage|p2a: Dracovish|51/100
|
|upkeep
|turn|29
|
|t:|1621771181
|move|p2a: Dracovish|Fishious Rend|p1a: Necrozma
|-damage|p1a: Necrozma|11/100
|-damage|p2a: Dracovish|35/100|[from] item: Rocky Helmet|[of] p1a: Necrozma
|move|p1a: Necrozma|Earthquake|p2a: Dracovish
|-damage|p2a: Dracovish|0 fnt
|faint|p2a: Dracovish
|
|upkeep
|
|t:|1621771187
|switch|p2a: Yveltal|Yveltal|100/100
|-ability|p2a: Yveltal|Dark Aura
|turn|30
|
|t:|1621771189
|move|p2a: Yveltal|Defog|p1a: Necrozma
|-unboost|p1a: Necrozma|evasion|1
|-sideend|p2: hjuyttdd|Stealth Rock|[from] move: Defog|[of] p2a: Yveltal
|move|p1a: Necrozma|Sunsteel Strike|p2a: Yveltal
|-damage|p2a: Yveltal|59/100
|
|upkeep
|turn|31
|
|t:|1621771193
|move|p2a: Yveltal|Roost|p2a: Yveltal
|-heal|p2a: Yveltal|100/100
|-singleturn|p2a: Yveltal|move: Roost
|move|p1a: Necrozma|Stealth Rock|p2a: Yveltal
|-sidestart|p2: hjuyttdd|move: Stealth Rock
|
|upkeep
|turn|32
|
|t:|1621771196
|move|p2a: Yveltal|Defog|p1a: Necrozma
|-unboost|p1a: Necrozma|evasion|1
|-sideend|p2: hjuyttdd|Stealth Rock|[from] move: Defog|[of] p2a: Yveltal
|move|p1a: Necrozma|Stealth Rock|p2a: Yveltal
|-sidestart|p2: hjuyttdd|move: Stealth Rock
|
|upkeep
|turn|33
|
|t:|1621771199
|switch|p1a: Xerneas|Xerneas|100/100
|-ability|p1a: Xerneas|Fairy Aura
|move|p2a: Yveltal|Defog|p1a: Xerneas
|-unboost|p1a: Xerneas|evasion|1
|-sideend|p2: hjuyttdd|Stealth Rock|[from] move: Defog|[of] p2a: Yveltal
|
|upkeep
|turn|34
|
|t:|1621771205
|switch|p2a: Necrozma|Necrozma-Dusk-Mane|100/100
|move|p1a: Xerneas|Moonblast|p2a: Necrozma
|-resisted|p2a: Necrozma
|-damage|p2a: Necrozma|74/100
|-unboost|p2a: Necrozma|spa|1
|
|upkeep
|turn|35
|
|t:|1621771211
|switch|p1a: Necrozma|Necrozma-Dusk-Mane|11/100
|move|p2a: Necrozma|Morning Sun|p2a: Necrozma
|-heal|p2a: Necrozma|100/100
|
|upkeep
|turn|36
|
|t:|1621771215
|move|p1a: Necrozma|Moonlight|p1a: Necrozma
|-heal|p1a: Necrozma|61/100
|move|p2a: Necrozma|Earthquake|p1a: Necrozma
|-supereffective|p1a: Necrozma
|-damage|p1a: Necrozma|34/100
|
|upkeep
|turn|37
|
|t:|1621771219
|move|p1a: Necrozma|Earthquake|p2a: Necrozma
|-supereffective|p2a: Necrozma
|-damage|p2a: Necrozma|75/100
|move|p2a: Necrozma|Earthquake|p1a: Necrozma
|-supereffective|p1a: Necrozma
|-damage|p1a: Necrozma|9/100
|
|upkeep
|turn|38
|inactive|hjuyttdd has 120 seconds left.
|l|☆hjuyttdd
|inactive|hjuyttdd disconnected and has a minute to reconnect!
|player|p2|
|inactive|hjuyttdd has 30 seconds to reconnect!
|inactive|hjuyttdd has 20 seconds to reconnect!
|inactive|hjuyttdd has 15 seconds to reconnect!
|inactive|hjuyttdd has 10 seconds to reconnect!
|inactive|hjuyttdd has 5 seconds to reconnect!
|-message|hjuyttdd lost due to inactivity.
|
|win|ULTBG7V Trade
|raw|ULTBG7V Trade's rating: 1570 &rarr; <strong>1586</strong><br />(+16 for winning)
|raw|hjuyttdd's rating: 1491 &rarr; <strong>1475</strong><br />(-16 for losing)
|l|☆ULTBG7V Trade
