|raw|<div class="broadcast-blue"><strong>This battle is required to be public due to a player having a name starting with 'ult4pdr'.</div>
|j|☆ULT4PDR skimmy
|j|☆bald ben
|t:|1653981315
|gametype|singles
|player|p1|ULT4PDR skimmy|dawn|1456
|player|p2|bald ben|170|1564
|teamsize|p1|6
|teamsize|p2|6
|gen|8
|tier|[Gen 8] Ubers
|rated|
|rule|Sleep Clause Mod: Limit one foe put to sleep
|rule|Species Clause: Limit one of each Pokémon
|rule|OHKO Clause: OHKO moves are banned
|rule|Evasion Moves Clause: Evasion moves are banned
|rule|Endless Battle Clause: Forcing endless battles is banned
|rule|HP Percentage Mod: HP is shown in percentages
|rule|Dynamax Clause: You cannot dynamax
|clearpoke
|poke|p1|Aerodactyl, M|
|poke|p1|Necrozma-Dusk-Mane|
|poke|p1|Yveltal|
|poke|p1|Marshadow|
|poke|p1|Weavile, M|
|poke|p1|Zekrom|
|poke|p2|Yveltal|
|poke|p2|Scolipede, F|
|poke|p2|Zamazenta-*|
|poke|p2|Eternatus|
|poke|p2|Calyrex-Shadow|
|poke|p2|Kyurem-Black|
|teampreview
|inactive|Battle timer is ON: inactive players will automatically lose when time's up. (requested by bald ben)
|inactive|ULT4PDR skimmy also wants the timer to be on.
|
|t:|1653981327
|start
|switch|p1a: Weavile|Weavile, M|100/100
|switch|p2a: Scolipede|Scolipede, F|100/100
|-ability|p1a: Weavile|Pressure
|turn|1
|
|t:|1653981332
|move|p1a: Weavile|Triple Axel|p2a: Scolipede
|-damage|p2a: Scolipede|86/100
|-damage|p2a: Scolipede|59/100
|-damage|p2a: Scolipede|20/100
|-hitcount|p2a: Scolipede|3
|move|p2a: Scolipede|Spikes|p1a: Weavile
|-sidestart|p1: ULT4PDR skimmy|Spikes
|
|-ability|p2a: Scolipede|Speed Boost|boost
|-boost|p2a: Scolipede|spe|1
|upkeep
|turn|2
|
|t:|1653981342
|move|p1a: Weavile|Ice Shard|p2a: Scolipede
|-damage|p2a: Scolipede|0 fnt
|faint|p2a: Scolipede
|
|upkeep
|
|t:|1653981345
|switch|p2a: Kyurem|Kyurem-Black|100/100
|-ability|p2a: Kyurem|Teravolt
|turn|3
|
|t:|1653981347
|move|p1a: Weavile|Swords Dance|p1a: Weavile
|-boost|p1a: Weavile|atk|2
|move|p2a: Kyurem|Dragon Dance|p2a: Kyurem
|-boost|p2a: Kyurem|atk|1
|-boost|p2a: Kyurem|spe|1
|
|upkeep
|turn|4
|j| Jqlove
|
|t:|1653981355
|move|p2a: Kyurem|Icicle Spear|p1a: Weavile
|-resisted|p1a: Weavile
|-damage|p1a: Weavile|78/100
|-resisted|p1a: Weavile
|-damage|p1a: Weavile|56/100
|-resisted|p1a: Weavile
|-damage|p1a: Weavile|34/100
|-resisted|p1a: Weavile
|-crit|p1a: Weavile
|-damage|p1a: Weavile|0 fnt
|faint|p1a: Weavile
|-hitcount|p1: Weavile|4
|
|upkeep
|
|t:|1653981362
|switch|p1a: Necrozma|Necrozma-Dusk-Mane|100/100
|-damage|p1a: Necrozma|88/100|[from] Spikes
|turn|5
|
|t:|1653981371
|move|p1a: Necrozma|Sunsteel Strike|p2a: Kyurem
|-supereffective|p2a: Kyurem
|-damage|p2a: Kyurem|0 fnt
|faint|p2a: Kyurem
|-damage|p1a: Necrozma|78/100|[from] item: Life Orb
|
|upkeep
|
|t:|1653981383
|switch|p2a: Zamazenta|Zamazenta-Crowned|100/100
|-ability|p2a: Zamazenta|Dauntless Shield|boost
|-boost|p2a: Zamazenta|def|1
|turn|6
|
|t:|1653981387
|switch|p1a: Aerodactyl|Aerodactyl, M|100/100
|-ability|p1a: Aerodactyl|Pressure
|move|p2a: Zamazenta|Howl|p2a: Zamazenta
|-boost|p2a: Zamazenta|atk|1
|
|upkeep
|turn|7
|
|t:|1653981392
|move|p1a: Aerodactyl|Stealth Rock|p2a: Zamazenta
|-sidestart|p2: bald ben|move: Stealth Rock
|move|p2a: Zamazenta|Substitute|p2a: Zamazenta
|-start|p2a: Zamazenta|Substitute
|-damage|p2a: Zamazenta|76/100
|
|upkeep
|turn|8
|
|t:|1653981397
|move|p1a: Aerodactyl|Defog|p2a: Zamazenta
|-sideend|p2: bald ben|Stealth Rock|[from] move: Defog|[of] p1a: Aerodactyl
|-sideend|p1: ULT4PDR skimmy|Spikes|[from] move: Defog|[of] p1a: Aerodactyl
|move|p2a: Zamazenta|Behemoth Bash|p1a: Aerodactyl
|-supereffective|p1a: Aerodactyl
|-enditem|p1a: Aerodactyl|Focus Sash
|-damage|p1a: Aerodactyl|1/100
|
|upkeep
|turn|9
|
|t:|1653981401
|move|p1a: Aerodactyl|Stealth Rock|p2a: Zamazenta
|-sidestart|p2: bald ben|move: Stealth Rock
|move|p2a: Zamazenta|Behemoth Bash|p1a: Aerodactyl
|-supereffective|p1a: Aerodactyl
|-damage|p1a: Aerodactyl|0 fnt
|faint|p1a: Aerodactyl
|
|upkeep
|
|t:|1653981402
|switch|p1a: Marshadow|Marshadow|100/100
|turn|10
|
|t:|1653981404
|move|p2a: Zamazenta|Behemoth Bash|p1a: Marshadow
|-crit|p1a: Marshadow
|-damage|p1a: Marshadow|0 fnt
|faint|p1a: Marshadow
|
|upkeep
|c|☆ULT4PDR skimmy|...
|-message|ULT4PDR skimmy forfeited.
|
|win|bald ben
|raw|ULT4PDR skimmy's rating: 1456 &rarr; <strong>1442</strong><br />(-14 for losing)
|raw|bald ben's rating: 1564 &rarr; <strong>1578</strong><br />(+14 for winning)
