|j|☆damon07
|j|☆glhf O
|t:|1634740114
|gametype|singles
|player|p1|damon07|101|1148
|player|p2|glhf O|265|1442
|teamsize|p1|6
|teamsize|p2|6
|gen|8
|tier|[Gen 8] Ubers
|rated|
|rule|Sleep Clause Mod: Limit one foe put to sleep
|rule|Species Clause: Limit one of each Pokémon
|rule|OHKO Clause: OHKO moves are banned
|rule|Evasion Moves Clause: Evasion moves are banned
|rule|Endless Battle Clause: Forcing endless battles is banned
|rule|HP Percentage Mod: HP is shown in percentages
|rule|Dynamax Clause: You cannot dynamax
|clearpoke
|poke|p1|Eternatus|
|poke|p1|Landorus-Therian, M|
|poke|p1|Calyrex-Shadow|
|poke|p1|Yveltal|
|poke|p1|Kyogre|
|poke|p1|Necrozma-Dusk-Mane|
|poke|p2|Ho-Oh|
|poke|p2|Kyogre|
|poke|p2|Yveltal|
|poke|p2|Landorus-Therian, M|
|poke|p2|Calyrex-Shadow|
|poke|p2|Eternatus|
|teampreview
|
|t:|1634740125
|start
|switch|p1a: Landorus|Landorus-Therian, M|100/100
|switch|p2a: Kyogre|Kyogre|100/100
|-weather|RainDance|[from] ability: Drizzle|[of] p2a: Kyogre
|-ability|p1a: Landorus|Intimidate|boost
|-unboost|p2a: Kyogre|atk|1
|turn|1
|inactive|Battle timer is ON: inactive players will automatically lose when time's up. (requested by damon07)
|
|t:|1634740139
|move|p2a: Kyogre|Ice Beam|p1a: Landorus
|-supereffective|p1a: Landorus
|-damage|p1a: Landorus|0 fnt
|faint|p1a: Landorus
|
|-weather|RainDance|[upkeep]
|upkeep
|
|t:|1634740145
|switch|p1a: Kyogre|Kyogre|100/100
|turn|2
|
|t:|1634740149
|switch|p2a: Landorus|Landorus-Therian, M|100/100
|-ability|p2a: Landorus|Intimidate|boost
|-unboost|p1a: Kyogre|atk|1
|move|p1a: Kyogre|Calm Mind|p1a: Kyogre
|-boost|p1a: Kyogre|spa|1
|-boost|p1a: Kyogre|spd|1
|
|-weather|RainDance|[upkeep]
|upkeep
|turn|3
|
|t:|1634740155
|move|p2a: Landorus|Earthquake|p1a: Kyogre
|-damage|p1a: Kyogre|67/100
|move|p1a: Kyogre|Scald|p2a: Landorus
|-supereffective|p2a: Landorus
|-damage|p2a: Landorus|0 fnt
|faint|p2a: Landorus
|
|-weather|RainDance|[upkeep]
|-heal|p1a: Kyogre|73/100|[from] item: Leftovers
|upkeep
|
|t:|1634740166
|switch|p2a: Calyrex|Calyrex-Shadow|100/100
|-ability|p2a: Calyrex|As One
|-ability|p2a: Calyrex|Unnerve
|turn|4
|
|t:|1634740174
|move|p2a: Calyrex|Psyshock|p1a: Kyogre
|-damage|p1a: Kyogre|24/100
|move|p1a: Kyogre|Roar|p2a: Calyrex
|drag|p2a: Yveltal|Yveltal|100/100
|-ability|p2a: Yveltal|Dark Aura
|
|-weather|RainDance|[upkeep]
|-heal|p1a: Kyogre|30/100|[from] item: Leftovers
|upkeep
|turn|5
|
|t:|1634740184
|switch|p1a: Yveltal|Yveltal|100/100
|-ability|p1a: Yveltal|Dark Aura
|move|p2a: Yveltal|U-turn|p1a: Yveltal
|-damage|p1a: Yveltal|86/100
|
|t:|1634740211
|switch|p2a: Kyogre|Kyogre|100/100|[from]move: U-turn
|
|-weather|none
|upkeep
|turn|6
|
|t:|1634740216
|move|p1a: Yveltal|U-turn|p2a: Kyogre
|-damage|p2a: Kyogre|78/100
|
|t:|1634740229
|switch|p1a: Necrozma|Necrozma-Dusk-Mane|100/100|[from]move: U-turn
|move|p2a: Kyogre|Ice Beam|p1a: Necrozma
|-resisted|p1a: Necrozma
|-damage|p1a: Necrozma|81/100
|
|-heal|p1a: Necrozma|87/100|[from] item: Leftovers
|upkeep
|turn|7
|
|t:|1634740236
|switch|p2a: Ho-Oh|Ho-Oh|100/100
|move|p1a: Necrozma|Knock Off|p2a: Ho-Oh
|-damage|p2a: Ho-Oh|79/100
|-enditem|p2a: Ho-Oh|Heavy-Duty Boots|[from] move: Knock Off|[of] p1a: Necrozma
|
|-heal|p1a: Necrozma|93/100|[from] item: Leftovers
|upkeep
|turn|8
|
|t:|1634740244
|switch|p1a: Kyogre|Kyogre|30/100
|-weather|RainDance|[from] ability: Drizzle|[of] p1a: Kyogre
|move|p2a: Ho-Oh|Sacred Fire|p1a: Kyogre
|-resisted|p1a: Kyogre
|-damage|p1a: Kyogre|23/100
|-status|p1a: Kyogre|brn
|
|-weather|RainDance|[upkeep]
|-heal|p1a: Kyogre|29/100 brn|[from] item: Leftovers
|-damage|p1a: Kyogre|23/100 brn|[from] brn
|upkeep
|turn|9
|
|t:|1634740260
|switch|p2a: Calyrex|Calyrex-Shadow|100/100
|-ability|p2a: Calyrex|As One
|-ability|p2a: Calyrex|Unnerve
|move|p1a: Kyogre|Rest|p1a: Kyogre
|-status|p1a: Kyogre|slp|[from] move: Rest
|-heal|p1a: Kyogre|100/100 slp|[silent]
|
|-weather|RainDance|[upkeep]
|upkeep
|turn|10
|
|t:|1634740269
|switch|p1a: Yveltal|Yveltal|86/100
|-ability|p1a: Yveltal|Dark Aura
|move|p2a: Calyrex|Astral Barrage|p1a: Yveltal
|-resisted|p1a: Yveltal
|-damage|p1a: Yveltal|50/100
|
|-weather|RainDance|[upkeep]
|upkeep
|turn|11
|
|t:|1634740273
|switch|p2a: Ho-Oh|Ho-Oh|100/100
|move|p1a: Yveltal|Roost|p1a: Yveltal
|-heal|p1a: Yveltal|99/100
|-singleturn|p1a: Yveltal|move: Roost
|
|-weather|RainDance|[upkeep]
|upkeep
|turn|12
|
|t:|1634740281
|switch|p2a: Calyrex|Calyrex-Shadow|100/100
|-ability|p2a: Calyrex|As One
|-ability|p2a: Calyrex|Unnerve
|move|p1a: Yveltal|Foul Play|p2a: Calyrex
|-supereffective|p2a: Calyrex
|-damage|p2a: Calyrex|0 fnt
|faint|p2a: Calyrex
|
|-weather|none
|upkeep
|
|t:|1634740289
|switch|p2a: Kyogre|Kyogre|78/100
|-weather|RainDance|[from] ability: Drizzle|[of] p2a: Kyogre
|turn|13
|
|t:|1634740294
|move|p1a: Yveltal|U-turn|p2a: Kyogre
|-damage|p2a: Kyogre|55/100
|
|t:|1634740296
|switch|p1a: Kyogre|Kyogre|100/100 slp|[from]move: U-turn
|move|p2a: Kyogre|Origin Pulse|p1a: Kyogre
|-resisted|p1a: Kyogre
|-damage|p1a: Kyogre|55/100 slp
|
|-weather|RainDance|[upkeep]
|-heal|p1a: Kyogre|61/100 slp|[from] item: Leftovers
|upkeep
|turn|14
|
|t:|1634740303
|move|p2a: Kyogre|Origin Pulse|p1a: Kyogre
|-resisted|p1a: Kyogre
|-damage|p1a: Kyogre|17/100 slp
|cant|p1a: Kyogre|slp
|
|-weather|RainDance|[upkeep]
|-heal|p1a: Kyogre|23/100 slp|[from] item: Leftovers
|upkeep
|turn|15
|
|t:|1634740315
|move|p2a: Kyogre|Origin Pulse|p1a: Kyogre
|-resisted|p1a: Kyogre
|-damage|p1a: Kyogre|0 fnt
|faint|p1a: Kyogre
|
|-weather|RainDance|[upkeep]
|upkeep
|
|t:|1634740333
|switch|p1a: Eternatus|Eternatus|100/100
|-ability|p1a: Eternatus|Pressure
|turn|16
|
|t:|1634740338
|switch|p2a: Ho-Oh|Ho-Oh|100/100
|move|p1a: Eternatus|Dynamax Cannon|p2a: Ho-Oh
|-damage|p2a: Ho-Oh|74/100
|
|-weather|RainDance|[upkeep]
|upkeep
|turn|17
|
|t:|1634740342
|move|p2a: Ho-Oh|Protect|p2a: Ho-Oh
|-singleturn|p2a: Ho-Oh|Protect
|move|p1a: Eternatus|Toxic|p2a: Ho-Oh
|-activate|p2a: Ho-Oh|move: Protect
|
|-weather|none
|upkeep
|turn|18
|
|t:|1634740348
|switch|p2a: Eternatus|Eternatus|100/100
|-ability|p2a: Eternatus|Pressure
|move|p1a: Eternatus|Dynamax Cannon|p2a: Eternatus
|-supereffective|p2a: Eternatus
|-crit|p2a: Eternatus
|-damage|p2a: Eternatus|13/100
|
|-heal|p2a: Eternatus|19/100|[from] item: Black Sludge
|upkeep
|turn|19
|
|t:|1634740353
|move|p1a: Eternatus|Dynamax Cannon|p2a: Eternatus
|-supereffective|p2a: Eternatus
|-damage|p2a: Eternatus|0 fnt
|faint|p2a: Eternatus
|
|upkeep
|
|t:|1634740356
|switch|p2a: Kyogre|Kyogre|55/100
|-weather|RainDance|[from] ability: Drizzle|[of] p2a: Kyogre
|turn|20
|
|t:|1634740378
|move|p1a: Eternatus|Toxic|p2a: Kyogre
|-status|p2a: Kyogre|tox
|move|p2a: Kyogre|Ice Beam|p1a: Eternatus
|-supereffective|p1a: Eternatus
|-damage|p1a: Eternatus|32/100
|
|-weather|RainDance|[upkeep]
|-damage|p2a: Kyogre|49/100 tox|[from] psn
|upkeep
|turn|21
|
|t:|1634740384
|move|p1a: Eternatus|Recover|p1a: Eternatus
|-heal|p1a: Eternatus|82/100
|move|p2a: Kyogre|Ice Beam|p1a: Eternatus
|-supereffective|p1a: Eternatus
|-damage|p1a: Eternatus|12/100
|
|-weather|RainDance|[upkeep]
|-damage|p2a: Kyogre|36/100 tox|[from] psn
|upkeep
|turn|22
|
|t:|1634740387
|switch|p1a: Necrozma|Necrozma-Dusk-Mane|93/100
|move|p2a: Kyogre|Ice Beam|p1a: Necrozma
|-resisted|p1a: Necrozma
|-damage|p1a: Necrozma|75/100
|
|-weather|RainDance|[upkeep]
|-heal|p1a: Necrozma|81/100|[from] item: Leftovers
|-damage|p2a: Kyogre|18/100 tox|[from] psn
|upkeep
|turn|23
|
|t:|1634740398
|switch|p2a: Ho-Oh|Ho-Oh|100/100
|switch|p1a: Eternatus|Eternatus|12/100
|-ability|p1a: Eternatus|Pressure
|
|-weather|RainDance|[upkeep]
|upkeep
|turn|24
|
|t:|1634740405
|switch|p2a: Kyogre|Kyogre|18/100 tox
|move|p1a: Eternatus|Recover|p1a: Eternatus
|-heal|p1a: Eternatus|62/100
|
|-weather|none
|-damage|p2a: Kyogre|12/100 tox|[from] psn
|upkeep
|turn|25
|
|t:|1634740411
|move|p1a: Eternatus|Dynamax Cannon|p2a: Kyogre
|-damage|p2a: Kyogre|0 fnt
|faint|p2a: Kyogre
|
|upkeep
|
|t:|1634740413
|switch|p2a: Yveltal|Yveltal|100/100
|-ability|p2a: Yveltal|Dark Aura
|turn|26
|
|t:|1634740418
|move|p2a: Yveltal|Foul Play|p1a: Eternatus
|-crit|p1a: Eternatus
|-damage|p1a: Eternatus|26/100
|move|p1a: Eternatus|Toxic|p2a: Yveltal
|-status|p2a: Yveltal|tox
|
|-damage|p2a: Yveltal|94/100 tox|[from] psn
|upkeep
|turn|27
|-message|glhf O forfeited.
|
|win|damon07
|raw|damon07's rating: 1148 &rarr; <strong>1190</strong><br />(+42 for winning)
|raw|glhf O's rating: 1442 &rarr; <strong>1408</strong><br />(-34 for losing)
|l|☆glhf O
|c|☆damon07|gg
||Ladder isn't responding, score probably updated but might not have (Request timeout).
