|j|☆Rell27
|j|☆MegaTygnonGucci
|t:|1620055838
|gametype|singles
|player|p1|Rell27|2|1566
|player|p2|MegaTygnonGucci|zinzolin|1482
|teamsize|p1|6
|teamsize|p2|6
|gen|8
|tier|[Gen 8] Ubers
|rated|
|clearpoke
|poke|p1|Necrozma-Dusk-Mane|
|poke|p1|Eternatus|
|poke|p1|Calyrex-Shadow|
|poke|p1|Yveltal|
|poke|p1|Xerneas|
|poke|p1|Ho-Oh|
|poke|p2|Galvantula, F|
|poke|p2|Calyrex-Shadow|
|poke|p2|Dracovish|
|poke|p2|Darmanitan-Galar, M|
|poke|p2|Zygarde|
|poke|p2|Melmetal|
|rule|Sleep Clause Mod: Limit one foe put to sleep
|rule|Species Clause: Limit one of each Pokémon
|rule|OHKO Clause: OHKO moves are banned
|rule|Evasion Moves Clause: Evasion moves are banned
|rule|Endless Battle Clause: Forcing endless battles is banned
|rule|HP Percentage Mod: HP is shown in percentages
|rule|Dynamax Clause: You cannot dynamax
|teampreview
|
|t:|1620055856
|start
|switch|p1a: Calyrex|Calyrex-Shadow|100/100
|switch|p2a: Galvantula|Galvantula, F, shiny|100/100
|-ability|p1a: Calyrex|As One
|-ability|p1a: Calyrex|Unnerve
|turn|1
|inactive|Battle timer is ON: inactive players will automatically lose when time's up. (requested by MegaTygnonGucci)
|
|t:|1620055865
|move|p1a: Calyrex|Substitute|p1a: Calyrex
|-start|p1a: Calyrex|Substitute
|-damage|p1a: Calyrex|76/100
|move|p2a: Galvantula|Sticky Web|p1a: Calyrex
|-sidestart|p1: Rell27|move: Sticky Web
|
|upkeep
|turn|2
|
|t:|1620055868
|move|p1a: Calyrex|Astral Barrage|p2a: Galvantula
|-enditem|p2a: Galvantula|Focus Sash
|-damage|p2a: Galvantula|1/100
|move|p2a: Galvantula|Thunder|p1a: Calyrex
|-end|p1a: Calyrex|Substitute
|
|upkeep
|turn|3
|
|t:|1620055878
|move|p1a: Calyrex|Astral Barrage|p2a: Galvantula
|-damage|p2a: Galvantula|0 fnt
|faint|p2a: Galvantula
|-ability|p1a: Calyrex|Grim Neigh|boost
|-boost|p1a: Calyrex|spa|1
|
|upkeep
|
|t:|1620055880
|switch|p2a: Calyrex|Calyrex-Shadow|100/100
|-ability|p2a: Calyrex|As One
|-ability|p2a: Calyrex|Unnerve
|turn|4
|
|t:|1620055886
|switch|p1a: Yveltal|Yveltal|100/100
|-ability|p1a: Yveltal|Dark Aura
|move|p2a: Calyrex|Astral Barrage|p1a: Yveltal
|-resisted|p1a: Yveltal
|-damage|p1a: Yveltal|71/100
|
|upkeep
|turn|5
|
|t:|1620055899
|switch|p2a: Melmetal|Melmetal|100/100
|switch|p1a: Xerneas|Xerneas|100/100
|-activate|p1a: Xerneas|move: Sticky Web
|-unboost|p1a: Xerneas|spe|1
|-ability|p1a: Xerneas|Fairy Aura
|
|upkeep
|turn|6
|
|t:|1620055919
|switch|p1a: Necrozma|Necrozma-Dusk-Mane|100/100
|-activate|p1a: Necrozma|move: Sticky Web
|-unboost|p1a: Necrozma|spe|1
|move|p2a: Melmetal|Double Iron Bash|p1a: Necrozma
|-resisted|p1a: Necrozma
|-damage|p1a: Necrozma|82/100
|-damage|p2a: Melmetal|84/100|[from] item: Rocky Helmet|[of] p1a: Necrozma
|-resisted|p1a: Necrozma
|-damage|p1a: Necrozma|60/100
|-damage|p2a: Melmetal|67/100|[from] item: Rocky Helmet|[of] p1a: Necrozma
|-hitcount|p1a: Necrozma|2
|
|upkeep
|turn|7
|
|t:|1620055937
|switch|p1a: Xerneas|Xerneas|100/100
|-activate|p1a: Xerneas|move: Sticky Web
|-unboost|p1a: Xerneas|spe|1
|-ability|p1a: Xerneas|Fairy Aura
|switch|p2a: Zygarde|Zygarde, shiny|100/100
|
|upkeep
|turn|8
|
|t:|1620055942
|move|p2a: Zygarde|Glare|p1a: Xerneas
|-status|p1a: Xerneas|par
|move|p1a: Xerneas|Moonblast|p2a: Zygarde
|-supereffective|p2a: Zygarde
|-damage|p2a: Zygarde|0 fnt
|faint|p2a: Zygarde
|
|upkeep
|
|t:|1620055949
|switch|p2a: Dracovish|Dracovish, shiny|100/100
|turn|9
|
|t:|1620055957
|move|p2a: Dracovish|Fishious Rend|p1a: Xerneas
|-damage|p1a: Xerneas|0 fnt
|faint|p1a: Xerneas
|
|upkeep
|
|t:|1620055965
|switch|p1a: Eternatus|Eternatus|100/100
|-activate|p1a: Eternatus|move: Sticky Web
|-unboost|p1a: Eternatus|spe|1
|-ability|p1a: Eternatus|Pressure
|turn|10
|
|t:|1620055969
|switch|p2a: Melmetal|Melmetal|67/100
|move|p1a: Eternatus|Dynamax Cannon|p2a: Melmetal
|-resisted|p2a: Melmetal
|-damage|p2a: Melmetal|30/100
|-damage|p1a: Eternatus|91/100|[from] item: Life Orb
|
|upkeep
|turn|11
|
|t:|1620055976
|move|p1a: Eternatus|Flamethrower|p2a: Melmetal
|-supereffective|p2a: Melmetal
|-damage|p2a: Melmetal|0 fnt
|faint|p2a: Melmetal
|-damage|p1a: Eternatus|81/100|[from] item: Life Orb
|
|upkeep
|
|t:|1620055981
|switch|p2a: Darmanitan|Darmanitan-Galar, M|100/100
|turn|12
|
|t:|1620055992
|switch|p1a: Calyrex|Calyrex-Shadow|76/100
|-ability|p1a: Calyrex|As One
|-ability|p1a: Calyrex|Unnerve
|-activate|p1a: Calyrex|move: Sticky Web
|-unboost|p1a: Calyrex|spe|1
|move|p2a: Darmanitan|Flare Blitz|p1a: Calyrex
|-damage|p1a: Calyrex|0 fnt
|faint|p1a: Calyrex
|-damage|p2a: Darmanitan|75/100|[from] Recoil
|
|upkeep
|
|t:|1620056015
|switch|p1a: Eternatus|Eternatus|81/100
|-activate|p1a: Eternatus|move: Sticky Web
|-unboost|p1a: Eternatus|spe|1
|-ability|p1a: Eternatus|Pressure
|turn|13
|
|t:|1620056023
|move|p2a: Darmanitan|Flare Blitz|p1a: Eternatus
|-resisted|p1a: Eternatus
|-damage|p1a: Eternatus|43/100
|-status|p1a: Eternatus|brn
|-damage|p2a: Darmanitan|59/100|[from] Recoil
|move|p1a: Eternatus|Recover|p1a: Eternatus
|-heal|p1a: Eternatus|93/100 brn
|
|-damage|p1a: Eternatus|87/100 brn|[from] brn
|upkeep
|turn|14
|
|t:|1620056029
|move|p2a: Darmanitan|Flare Blitz|p1a: Eternatus
|-resisted|p1a: Eternatus
|-damage|p1a: Eternatus|48/100 brn
|-damage|p2a: Darmanitan|42/100|[from] Recoil
|move|p1a: Eternatus|Dynamax Cannon|p2a: Darmanitan
|-damage|p2a: Darmanitan|0 fnt
|faint|p2a: Darmanitan
|-damage|p1a: Eternatus|38/100 brn|[from] item: Life Orb
|
|-damage|p1a: Eternatus|32/100 brn|[from] brn
|upkeep
|
|t:|1620056036
|switch|p2a: Dracovish|Dracovish, shiny|100/100
|turn|15
|
|t:|1620056045
|move|p2a: Dracovish|Fishious Rend|p1a: Eternatus
|-resisted|p1a: Eternatus
|-damage|p1a: Eternatus|0 fnt
|faint|p1a: Eternatus
|
|upkeep
|
|t:|1620056060
|switch|p1a: Necrozma|Necrozma-Dusk-Mane|60/100
|-activate|p1a: Necrozma|move: Sticky Web
|-unboost|p1a: Necrozma|spe|1
|turn|16
|
|t:|1620056065
|move|p2a: Dracovish|Fishious Rend|p1a: Necrozma
|-damage|p1a: Necrozma|0 fnt
|-damage|p2a: Dracovish|84/100|[from] item: Rocky Helmet|[of] p1a: Necrozma
|faint|p1a: Necrozma
|
|upkeep
|
|t:|1620056073
|switch|p1a: Yveltal|Yveltal|71/100
|-ability|p1a: Yveltal|Dark Aura
|turn|17
|
|t:|1620056075
|move|p1a: Yveltal|Sucker Punch|p2a: Dracovish
|-damage|p2a: Dracovish|11/100
|-damage|p1a: Yveltal|61/100|[from] item: Life Orb
|move|p2a: Dracovish|Fishious Rend|p1a: Yveltal
|-damage|p1a: Yveltal|0 fnt
|faint|p1a: Yveltal
|
|upkeep
|-message|Rell27 forfeited.
|
|win|MegaTygnonGucci
|l|☆Rell27
|raw|Rell27's rating: 1565 &rarr; <strong>1540</strong><br />(-25 for losing)
|raw|MegaTygnonGucci's rating: 1482 &rarr; <strong>1507</strong><br />(+25 for winning)
