|j|☆Zenadark
|j|☆Royal1604
|t:|1651237419
|gametype|singles
|player|p1|Zenadark|cyrus|
|player|p2|Royal1604|#stt4toxicboys|
|teamsize|p1|6
|teamsize|p2|6
|gen|8
|tier|[Gen 8] Ubers
|rule|Sleep Clause Mod: Limit one foe put to sleep
|rule|Species Clause: Limit one of each Pokémon
|rule|OHKO Clause: OHKO moves are banned
|rule|Evasion Moves Clause: Evasion moves are banned
|rule|Endless Battle Clause: Forcing endless battles is banned
|rule|HP Percentage Mod: HP is shown in percentages
|rule|Dynamax Clause: You cannot dynamax
|clearpoke
|poke|p1|Kyogre|
|poke|p1|Palkia|
|poke|p1|Necrozma-Dusk-Mane|
|poke|p1|Yveltal|
|poke|p1|Calyrex-Shadow|
|poke|p1|Zygarde|
|poke|p2|Xerneas-*|
|poke|p2|Necrozma-Dusk-Mane|
|poke|p2|Eternatus|
|poke|p2|Yveltal|
|poke|p2|Palkia|
|poke|p2|Kyogre|
|teampreview
|inactive|Battle timer is ON: inactive players will automatically lose when time's up. (requested by Royal1604)
|c|☆Royal1604|hf
|j| HaxxSel♔
|j| la barchetta
|j| Nael222
|j| fraises des bo as
|j| Alzozo
|inactive|Zenadark has 270 seconds left.
|inactive|Royal1604 has 270 seconds left.
|j| RoiDadadou
|j| testycule
|j| Menacce17
|j| Kugen
|j| Givrix
|j| Daruma
|j| Toadow
|
|t:|1651237479
|start
|switch|p1a: Palkia|Palkia, shiny|100/100
|switch|p2a: Inder|Kyogre|100/100
|-weather|RainDance|[from] ability: Drizzle|[of] p2a: Inder
|-ability|p1a: Palkia|Pressure
|turn|1
|j| Maxwellime
|j|%Clementine
|j| AzZoCcX
|j| Spoire 45
|j| Noobfromhoenn
|inactive|Royal1604 has 270 seconds left.
|
|t:|1651237511
|move|p2a: Inder|Thunder|p1a: Palkia
|-damage|p1a: Palkia|66/100
|move|p1a: Palkia|Substitute|p1a: Palkia
|-start|p1a: Palkia|Substitute
|-damage|p1a: Palkia|41/100
|
|-weather|RainDance|[upkeep]
|-heal|p1a: Palkia|47/100|[from] item: Leftovers
|upkeep
|turn|2
|j| Masskeauuu
|inactive|Royal1604 has 270 seconds left.
|inactive|Zenadark has 270 seconds left.
|j| Bouki ♛
|
|t:|1651237533
|move|p2a: Inder|Thunder|p1a: Palkia
|-end|p1a: Palkia|Substitute
|move|p1a: Palkia|Bulk Up|p1a: Palkia
|-boost|p1a: Palkia|atk|1
|-boost|p1a: Palkia|def|1
|
|-weather|RainDance|[upkeep]
|-heal|p1a: Palkia|53/100|[from] item: Leftovers
|upkeep
|turn|3
|inactive|Zenadark has 270 seconds left.
|
|t:|1651237539
|switch|p1a: Zygarde|Zygarde|100/100
|move|p2a: Inder|Thunder|p1a: Zygarde
|-immune|p1a: Zygarde
|
|-weather|RainDance|[upkeep]
|upkeep
|turn|4
|inactive|Zenadark has 270 seconds left.
|inactive|Royal1604 has 270 seconds left.
|
|t:|1651237563
|switch|p2a: Better|Yveltal|100/100
|-ability|p2a: Better|Dark Aura
|move|p1a: Zygarde|Glare|p2a: Better
|-status|p2a: Better|par
|
|-weather|RainDance|[upkeep]
|upkeep
|turn|5
|j|+misi
|
|t:|1651237571
|move|p1a: Zygarde|Substitute|p1a: Zygarde
|-start|p1a: Zygarde|Substitute
|-damage|p1a: Zygarde|76/100
|move|p2a: Better|Knock Off|p1a: Zygarde
|-end|p1a: Zygarde|Substitute
|
|-weather|none
|-heal|p1a: Zygarde|82/100|[from] item: Leftovers
|upkeep
|turn|6
|
|t:|1651237575
|move|p1a: Zygarde|Substitute|p1a: Zygarde
|-start|p1a: Zygarde|Substitute
|-damage|p1a: Zygarde|57/100
|move|p2a: Better|Taunt|p1a: Zygarde
|-start|p1a: Zygarde|move: Taunt
|
|-heal|p1a: Zygarde|63/100|[from] item: Leftovers
|upkeep
|turn|7
|
|t:|1651237584
|move|p1a: Zygarde|Thousand Arrows|p2a: Better
|-crit|p2a: Better
|-damage|p2a: Better|46/100 par
|-start|p2a: Better|Smack Down
|move|p2a: Better|Knock Off|p1a: Zygarde
|-end|p1a: Zygarde|Substitute
|
|-heal|p1a: Zygarde|69/100|[from] item: Leftovers
|upkeep
|turn|8
|j| rom1x
|
|t:|1651237591
|switch|p1a: Yveltal|Yveltal, shiny|100/100
|-ability|p1a: Yveltal|Dark Aura
|move|p2a: Better|Roost|p2a: Better
|-heal|p2a: Better|96/100 par
|-singleturn|p2a: Better|move: Roost
|
|upkeep
|turn|9
|j| jaggappex
|
|t:|1651237596
|switch|p2a: But Still|Eternatus|100/100
|-ability|p2a: But Still|Pressure
|move|p1a: Yveltal|Knock Off|p2a: But Still
|-damage|p2a: But Still|58/100
|-enditem|p2a: But Still|Black Sludge|[from] move: Knock Off|[of] p1a: Yveltal
|
|upkeep
|turn|10
|j| Neco0s
|
|t:|1651237604
|switch|p1a: Necrozma|Necrozma-Dusk-Mane, shiny|100/100
|move|p2a: But Still|Recover|p2a: But Still
|-heal|p2a: But Still|100/100
|
|upkeep
|turn|11
|l| Kugen
|
|t:|1651237607
|switch|p2a: Than|Palkia|100/100
|-ability|p2a: Than|Pressure
|move|p1a: Necrozma|Stealth Rock|p2a: Than
|-sidestart|p2: Royal1604|move: Stealth Rock
|
|upkeep
|turn|12
|
|t:|1651237614
|move|p2a: Than|Substitute|p2a: Than
|-start|p2a: Than|Substitute
|-damage|p2a: Than|76/100
|move|p1a: Necrozma|Iron Head|p2a: Than
|-resisted|p2a: Than
|-activate|p2a: Than|move: Substitute|[damage]
|
|-heal|p2a: Than|82/100|[from] item: Leftovers
|upkeep
|turn|13
|j| tu sabessssss
|
|t:|1651237629
|switch|p1a: Calyrex|Calyrex-Shadow|100/100
|-ability|p1a: Calyrex|As One
|-ability|p1a: Calyrex|Unnerve
|move|p2a: Than|Bulk Up|p2a: Than
|-boost|p2a: Than|atk|1
|-boost|p2a: Than|def|1
|
|-heal|p2a: Than|88/100|[from] item: Leftovers
|upkeep
|turn|14
|j| ProfSimonov
|l| Noobfromhoenn
|inactive|Royal1604 has 270 seconds left.
|j| Noobfromhoenn
|j| Chose-Truc
|
|t:|1651237685
|move|p1a: Calyrex|Astral Barrage|p2a: Than
|-end|p2a: Than|Substitute
|move|p2a: Than|Liquidation|p1a: Calyrex
|-damage|p1a: Calyrex|34/100
|-unboost|p1a: Calyrex|def|1
|
|-heal|p2a: Than|94/100|[from] item: Leftovers
|upkeep
|turn|15
|inactive|Royal1604 has 240 seconds left.
|
|t:|1651237706
|switch|p2a: Better|Yveltal|96/100 par
|-ability|p2a: Better|Dark Aura
|move|p1a: Calyrex|Astral Barrage|p2a: Better
|-resisted|p2a: Better
|-damage|p2a: Better|69/100 par
|
|upkeep
|turn|16
|inactive|Royal1604 has 240 seconds left.
|l| Noobfromhoenn
|
|t:|1651237720
|switch|p1a: Yveltal|Yveltal, shiny|100/100
|-ability|p1a: Yveltal|Dark Aura
|move|p2a: Better|Defog|p1a: Yveltal
|-unboost|p1a: Yveltal|evasion|1
|-sideend|p2: Royal1604|Stealth Rock|[from] move: Defog|[of] p2a: Better
|
|upkeep
|turn|17
|inactive|Royal1604 has 240 seconds left.
|
|t:|1651237743
|move|p1a: Yveltal|Knock Off|p2a: Better
|-resisted|p2a: Better
|-damage|p2a: Better|43/100 par
|-enditem|p2a: Better|Heavy-Duty Boots|[from] move: Knock Off|[of] p1a: Yveltal
|move|p2a: Better|Knock Off|p1a: Yveltal
|-resisted|p1a: Yveltal
|-damage|p1a: Yveltal|74/100
|-enditem|p1a: Yveltal|Heavy-Duty Boots|[from] move: Knock Off|[of] p2a: Better
|
|upkeep
|turn|18
|
|t:|1651237751
|move|p1a: Yveltal|Foul Play|p2a: Better
|-resisted|p2a: Better
|-damage|p2a: Better|19/100 par
|cant|p2a: Better|par
|
|upkeep
|turn|19
|inactive|Royal1604 has 240 seconds left.
|c|☆Zenadark|Désolé
|
|t:|1651237770
|move|p1a: Yveltal|Foul Play|p2a: Better
|-resisted|p2a: Better
|-damage|p2a: Better|0 fnt
|faint|p2a: Better
|
|upkeep
|c|%Clementine|> tente la para
|c|%Clementine|> chope la para
|c|%Clementine|> "Désolé"
|l| AzZoCcX
|j| Noobfromhoenn
|j| P.Otaku ☯
|inactive|Royal1604 has 210 seconds left.
|j| Lancer Fr
|
|t:|1651237809
|switch|p2a: Road To|Xerneas|100/100
|-ability|p2a: Road To|Fairy Aura
|turn|20
|
|t:|1651237813
|switch|p1a: Necrozma|Necrozma-Dusk-Mane, shiny|100/100
|move|p2a: Road To|Moonblast|p1a: Necrozma
|-resisted|p1a: Necrozma
|-damage|p1a: Necrozma|76/100
|
|upkeep
|turn|21
|l| Noobfromhoenn
|j| PokemonCestDur
|c|+misi|as-tu vu le match de brumi zena
|
|t:|1651237831
|move|p2a: Road To|Substitute|p2a: Road To
|-start|p2a: Road To|Substitute
|-damage|p2a: Road To|76/100
|move|p1a: Necrozma|Thunder Wave||[still]
|-fail|p1a: Necrozma
|
|upkeep
|turn|22
|
|t:|1651237834
|move|p2a: Road To|Geomancy||[still]
|-prepare|p2a: Road To|Geomancy
|-enditem|p2a: Road To|Power Herb
|-anim|p2a: Road To|Geomancy|p2a: Road To
|-boost|p2a: Road To|spa|2
|-boost|p2a: Road To|spd|2
|-boost|p2a: Road To|spe|2
|move|p1a: Necrozma|Iron Head|p2a: Road To
|-supereffective|p2a: Road To
|-end|p2a: Road To|Substitute
|
|upkeep
|turn|23
|
|t:|1651237842
|move|p2a: Road To|Moonblast|p1a: Necrozma
|-resisted|p1a: Necrozma
|-damage|p1a: Necrozma|28/100
|-unboost|p1a: Necrozma|spa|1
|move|p1a: Necrozma|Iron Head|p2a: Road To
|-supereffective|p2a: Road To
|-damage|p2a: Road To|9/100
|
|upkeep
|turn|24
|
|t:|1651237856
|move|p2a: Road To|Moonblast|p1a: Necrozma
|-resisted|p1a: Necrozma
|-damage|p1a: Necrozma|0 fnt
|faint|p1a: Necrozma
|
|upkeep
|
|t:|1651237863
|switch|p1a: Calyrex|Calyrex-Shadow|34/100
|-ability|p1a: Calyrex|As One
|-ability|p1a: Calyrex|Unnerve
|turn|25
|
|t:|1651237868
|move|p1a: Calyrex|Astral Barrage|p2a: Road To
|-damage|p2a: Road To|0 fnt
|faint|p2a: Road To
|-ability|p1a: Calyrex|Grim Neigh|boost
|-boost|p1a: Calyrex|spa|1
|
|upkeep
|
|t:|1651237883
|switch|p2a: But Still|Eternatus|100/100
|-ability|p2a: But Still|Pressure
|turn|26
|
|t:|1651237895
|switch|p1a: Kyogre|Kyogre|100/100
|-weather|RainDance|[from] ability: Drizzle|[of] p1a: Kyogre
|move|p2a: But Still|Dynamax Cannon|p1a: Kyogre
|-damage|p1a: Kyogre|69/100
|
|-weather|RainDance|[upkeep]
|upkeep
|turn|27
|inactive|Royal1604 has 270 seconds left.
|
|t:|1651237912
|move|p2a: But Still|Toxic|p1a: Kyogre
|-status|p1a: Kyogre|tox
|move|p1a: Kyogre|Calm Mind|p1a: Kyogre
|-boost|p1a: Kyogre|spa|1
|-boost|p1a: Kyogre|spd|1
|
|-weather|RainDance|[upkeep]
|-damage|p1a: Kyogre|63/100 tox|[from] psn
|upkeep
|turn|28
|
|t:|1651237922
|move|p2a: But Still|Dynamax Cannon|p1a: Kyogre
|-damage|p1a: Kyogre|41/100 tox
|move|p1a: Kyogre|Block|p2a: But Still
|-activate|p2a: But Still|trapped
|
|-weather|RainDance|[upkeep]
|-damage|p1a: Kyogre|29/100 tox|[from] psn
|upkeep
|turn|29
|j| The Delta Maybca☆〜
|
|t:|1651237935
|move|p2a: But Still|Dynamax Cannon|p1a: Kyogre
|-damage|p1a: Kyogre|8/100 tox
|-enditem|p1a: Kyogre|Salac Berry|[eat]
|-boost|p1a: Kyogre|spe|1|[from] item: Salac Berry
|move|p1a: Kyogre|Rest|p1a: Kyogre
|-status|p1a: Kyogre|slp|[from] move: Rest
|-heal|p1a: Kyogre|100/100 slp|[silent]
|
|-weather|RainDance|[upkeep]
|upkeep
|turn|30
|
|t:|1651237939
|cant|p1a: Kyogre|slp
|move|p2a: But Still|Dynamax Cannon|p1a: Kyogre
|-damage|p1a: Kyogre|78/100 slp
|
|-weather|none
|upkeep
|turn|31
|
|t:|1651237946
|cant|p1a: Kyogre|slp
|move|p2a: But Still|Dynamax Cannon|p1a: Kyogre
|-damage|p1a: Kyogre|57/100 slp
|
|upkeep
|turn|32
|j|+Tuthur
|
|t:|1651237951
|-curestatus|p1a: Kyogre|slp|[msg]
|move|p1a: Kyogre|Calm Mind|p1a: Kyogre
|-boost|p1a: Kyogre|spa|1
|-boost|p1a: Kyogre|spd|1
|move|p2a: But Still|Flamethrower|p1a: Kyogre
|-resisted|p1a: Kyogre
|-damage|p1a: Kyogre|51/100
|
|upkeep
|turn|33
|
|t:|1651237958
|move|p1a: Kyogre|Calm Mind|p1a: Kyogre
|-boost|p1a: Kyogre|spa|1
|-boost|p1a: Kyogre|spd|1
|move|p2a: But Still|Flamethrower|p1a: Kyogre
|-resisted|p1a: Kyogre
|-damage|p1a: Kyogre|48/100
|
|upkeep
|turn|34
|
|t:|1651237961
|move|p1a: Kyogre|Rest|p1a: Kyogre
|-status|p1a: Kyogre|slp|[from] move: Rest
|-heal|p1a: Kyogre|100/100 slp|[silent]
|move|p2a: But Still|Flamethrower|p1a: Kyogre
|-resisted|p1a: Kyogre
|-damage|p1a: Kyogre|97/100 slp
|
|upkeep
|turn|35
|j| 100° Doc Ock
|j| tiggerfox
|
|t:|1651237983
|cant|p1a: Kyogre|slp
|move|p2a: But Still|Flamethrower|p1a: Kyogre
|-resisted|p1a: Kyogre
|-damage|p1a: Kyogre|93/100 slp
|
|upkeep
|turn|36
|
|t:|1651237992
|cant|p1a: Kyogre|slp
|move|p2a: But Still|Flamethrower|p1a: Kyogre
|-resisted|p1a: Kyogre
|-damage|p1a: Kyogre|89/100 slp
|
|upkeep
|turn|37
|
|t:|1651237996
|-curestatus|p1a: Kyogre|slp|[msg]
|move|p1a: Kyogre|Calm Mind|p1a: Kyogre
|-boost|p1a: Kyogre|spa|1
|-boost|p1a: Kyogre|spd|1
|move|p2a: But Still|Flamethrower|p1a: Kyogre
|-resisted|p1a: Kyogre
|-damage|p1a: Kyogre|86/100
|
|upkeep
|turn|38
|
|t:|1651238000
|move|p1a: Kyogre|Calm Mind|p1a: Kyogre
|-boost|p1a: Kyogre|spa|1
|-boost|p1a: Kyogre|spd|1
|move|p2a: But Still|Flamethrower|p1a: Kyogre
|-resisted|p1a: Kyogre
|-damage|p1a: Kyogre|83/100
|
|upkeep
|turn|39
|
|t:|1651238005
|move|p1a: Kyogre|Calm Mind|p1a: Kyogre
|-boost|p1a: Kyogre|spa|1
|-boost|p1a: Kyogre|spd|1
|move|p2a: But Still|Flamethrower|p1a: Kyogre
|-resisted|p1a: Kyogre
|-damage|p1a: Kyogre|80/100
|
|upkeep
|turn|40
|
|t:|1651238009
|move|p1a: Kyogre|Scald|p2a: But Still
|-resisted|p2a: But Still
|-damage|p2a: But Still|53/100
|move|p2a: But Still|Flamethrower|p1a: Kyogre
|-resisted|p1a: Kyogre
|-damage|p1a: Kyogre|78/100
|
|upkeep
|turn|41
|j| Noobfromhoenn
|
|t:|1651238022
|move|p1a: Kyogre|Scald|p2a: But Still
|-resisted|p2a: But Still
|-damage|p2a: But Still|9/100
|move|p2a: But Still|Recover|p2a: But Still
|-heal|p2a: But Still|59/100
|
|upkeep
|turn|42
|l| RoiDadadou
|l| Noobfromhoenn
|
|t:|1651238032
|move|p1a: Kyogre|Scald|p2a: But Still
|-resisted|p2a: But Still
|-damage|p2a: But Still|15/100
|-status|p2a: But Still|brn
|move|p2a: But Still|Recover|p2a: But Still
|-heal|p2a: But Still|65/100 brn
|
|-damage|p2a: But Still|59/100 brn|[from] brn
|upkeep
|turn|43
|
|t:|1651238041
|move|p1a: Kyogre|Block||[still]
|-fail|p1a: Kyogre
|move|p2a: But Still|Recover|p2a: But Still
|-heal|p2a: But Still|100/100 brn
|
|-damage|p2a: But Still|94/100 brn|[from] brn
|upkeep
|turn|44
|
|t:|1651238046
|move|p1a: Kyogre|Calm Mind|p1a: Kyogre
|-boost|p1a: Kyogre|spa|0
|-boost|p1a: Kyogre|spd|0
|move|p2a: But Still|Toxic|p1a: Kyogre
|-status|p1a: Kyogre|tox
|
|-damage|p1a: Kyogre|72/100 tox|[from] psn
|-damage|p2a: But Still|88/100 brn|[from] brn
|upkeep
|turn|45
|
|t:|1651238053
|move|p1a: Kyogre|Rest|p1a: Kyogre
|-status|p1a: Kyogre|slp|[from] move: Rest
|-heal|p1a: Kyogre|100/100 slp|[silent]
|move|p2a: But Still|Flamethrower|p1a: Kyogre
|-resisted|p1a: Kyogre
|-damage|p1a: Kyogre|98/100 slp
|
|-damage|p2a: But Still|82/100 brn|[from] brn
|upkeep
|turn|46
|l| P.Otaku ☯
|
|t:|1651238062
|cant|p1a: Kyogre|slp
|move|p2a: But Still|Flamethrower|p1a: Kyogre
|-resisted|p1a: Kyogre
|-damage|p1a: Kyogre|96/100 slp
|
|-damage|p2a: But Still|76/100 brn|[from] brn
|upkeep
|turn|47
|
|t:|1651238065
|cant|p1a: Kyogre|slp
|move|p2a: But Still|Flamethrower|p1a: Kyogre
|-resisted|p1a: Kyogre
|-damage|p1a: Kyogre|93/100 slp
|
|-damage|p2a: But Still|70/100 brn|[from] brn
|upkeep
|turn|48
|
|t:|1651238068
|-curestatus|p1a: Kyogre|slp|[msg]
|move|p1a: Kyogre|Scald|p2a: But Still
|-resisted|p2a: But Still
|-damage|p2a: But Still|22/100 brn
|move|p2a: But Still|Flamethrower|p1a: Kyogre
|-resisted|p1a: Kyogre
|-damage|p1a: Kyogre|90/100
|
|-damage|p2a: But Still|16/100 brn|[from] brn
|upkeep
|turn|49
|
|t:|1651238075
|move|p1a: Kyogre|Scald|p2a: But Still
|-resisted|p2a: But Still
|-damage|p2a: But Still|0 fnt
|faint|p2a: But Still
|
|upkeep
|
|t:|1651238078
|switch|p2a: Than|Palkia|94/100
|-ability|p2a: Than|Pressure
|turn|50
|
|t:|1651238083
|move|p1a: Kyogre|Scald|p2a: Than
|-resisted|p2a: Than
|-damage|p2a: Than|61/100
|-status|p2a: Than|brn
|move|p2a: Than|Scale Shot|p1a: Kyogre
|-damage|p1a: Kyogre|86/100
|-damage|p1a: Kyogre|82/100
|-damage|p1a: Kyogre|78/100
|-hitcount|p1a: Kyogre|3
|-unboost|p2a: Than|def|1
|-boost|p2a: Than|spe|1
|
|-heal|p2a: Than|67/100 brn|[from] item: Leftovers
|-damage|p2a: Than|61/100 brn|[from] brn
|upkeep
|turn|51
|
|t:|1651238109
|move|p2a: Than|Scale Shot|p1a: Kyogre
|-damage|p1a: Kyogre|74/100
|-damage|p1a: Kyogre|70/100
|-damage|p1a: Kyogre|66/100
|-damage|p1a: Kyogre|62/100
|-damage|p1a: Kyogre|58/100
|-hitcount|p1a: Kyogre|5
|-unboost|p2a: Than|def|1
|-boost|p2a: Than|spe|1
|move|p1a: Kyogre|Scald|p2a: Than
|-resisted|p2a: Than
|-damage|p2a: Than|31/100 brn
|
|-heal|p2a: Than|37/100 brn|[from] item: Leftovers
|-damage|p2a: Than|31/100 brn|[from] brn
|upkeep
|turn|52
|
|t:|1651238117
|move|p2a: Than|Scale Shot|p1a: Kyogre|[miss]
|-miss|p2a: Than|p1a: Kyogre
|move|p1a: Kyogre|Scald|p2a: Than
|-resisted|p2a: Than
|-damage|p2a: Than|0 fnt
|faint|p2a: Than
|
|upkeep
|j| P.Otaku ☯
|inactive|Royal1604 has 270 seconds left.
|j| Hervalt
|
|t:|1651238156
|switch|p2a: 0-6|Necrozma-Dusk-Mane|100/100
|turn|53
|
|t:|1651238159
|move|p1a: Kyogre|Scald|p2a: 0-6
|-damage|p2a: 0-6|9/100
|-status|p2a: 0-6|brn
|move|p2a: 0-6|Thunder Wave|p1a: Kyogre
|-status|p1a: Kyogre|par
|
|-heal|p2a: 0-6|15/100 brn|[from] item: Leftovers
|-damage|p2a: 0-6|9/100 brn|[from] brn
|upkeep
|turn|54
|
|t:|1651238166
|move|p2a: 0-6|Stealth Rock|p1a: Kyogre
|-sidestart|p1: Zenadark|move: Stealth Rock
|move|p1a: Kyogre|Scald|p2a: 0-6
|-damage|p2a: 0-6|0 fnt
|faint|p2a: 0-6
|
|upkeep
|
|t:|1651238170
|switch|p2a: Inder|Kyogre|100/100
|-weather|RainDance|[from] ability: Drizzle|[of] p2a: Inder
|turn|55
|
|t:|1651238174
|move|p2a: Inder|Water Spout|p1a: Kyogre
|-resisted|p1a: Kyogre
|-damage|p1a: Kyogre|47/100 par
|move|p1a: Kyogre|Rest|p1a: Kyogre
|-status|p1a: Kyogre|slp|[from] move: Rest
|-heal|p1a: Kyogre|100/100 slp|[silent]
|
|-weather|RainDance|[upkeep]
|upkeep
|turn|56
|
|t:|1651238178
|move|p2a: Inder|Water Spout|p1a: Kyogre
|-resisted|p1a: Kyogre
|-damage|p1a: Kyogre|88/100 slp
|cant|p1a: Kyogre|slp
|
|-weather|RainDance|[upkeep]
|upkeep
|turn|57
|
|t:|1651238181
|move|p2a: Inder|Water Spout|p1a: Kyogre
|-resisted|p1a: Kyogre
|-damage|p1a: Kyogre|76/100 slp
|cant|p1a: Kyogre|slp
|
|-weather|RainDance|[upkeep]
|upkeep
|turn|58
|
|t:|1651238183
|move|p2a: Inder|Water Spout|p1a: Kyogre
|-resisted|p1a: Kyogre
|-damage|p1a: Kyogre|65/100 slp
|-curestatus|p1a: Kyogre|slp|[msg]
|move|p1a: Kyogre|Scald|p2a: Inder
|-resisted|p2a: Inder
|-damage|p2a: Inder|15/100
|
|-weather|RainDance|[upkeep]
|upkeep
|turn|59
|l| P.Otaku ☯
|
|t:|1651238187
|move|p2a: Inder|Water Spout|p1a: Kyogre
|-resisted|p1a: Kyogre
|-damage|p1a: Kyogre|64/100
|move|p1a: Kyogre|Scald|p2a: Inder
|-resisted|p2a: Inder
|-damage|p2a: Inder|0 fnt
|faint|p2a: Inder
|
|win|Zenadark
|c|☆Royal1604|gg
|l| tu sabessssss
|c|☆Zenadark|Gg
|l| Lancer Fr
|l| rom1x
|l| fraises des bo as
|l| PokemonCestDur
|l| Hervalt
|l| Masskeauuu
|l|☆Royal1604
|l|+Tuthur
|l| Menacce17
|l|+misi
|j| Noobfromhoenn
|l| tiggerfox
|l| Alzozo
