|j|☆mais qui voila-je
|j|☆Kingdra
|player|p1|mais qui voila-je|iris-gen5bw2|1429
|player|p2|Kingdra|ghetsis-gen5bw|1464
|teamsize|p1|6
|teamsize|p2|6
|gametype|singles
|gen|8
|tier|[Gen 8] Ubers
|rated|
|clearpoke
|poke|p1|Zacian-Crowned|
|poke|p1|Eternatus|
|poke|p1|Ditto|
|poke|p1|Chansey, F|
|poke|p1|Dracovish|
|poke|p1|Quagsire, M|
|poke|p2|Hippowdon, F|
|poke|p2|Zacian-Crowned|
|poke|p2|Hatterene, F|
|poke|p2|Lunala|
|poke|p2|Ditto|
|poke|p2|Incineroar, M|
|rule|Sleep Clause Mod: Limit one foe put to sleep
|rule|Species Clause: Limit one of each Pokémon
|rule|OHKO Clause: OHKO moves are banned
|rule|Evasion Moves Clause: Evasion moves are banned
|rule|Endless Battle Clause: Forcing endless battles is banned
|rule|HP Percentage Mod: HP is shown in percentages
|html|Ubers Dynamax Clause: Pokémon on the <a href="https://www.smogon.com/dex/ss/formats/uber/">Ubers Dynamax Banlist</a> cannot Dynamax.
|teampreview
|inactive|Battle timer is ON: inactive players will automatically lose when time's up. (requested by Kingdra)
|
|start
|switch|p1a: Ploupilop|Dracovish|100/100
|switch|p2a: Trump 2020|Incineroar, M|100/100
|-ability|p2a: Trump 2020|Intimidate|boost
|-unboost|p1a: Ploupilop|atk|1
|turn|1
|
|move|p1a: Ploupilop|Fishious Rend|p2a: Trump 2020
|-supereffective|p2a: Trump 2020
|-damage|p2a: Trump 2020|0 fnt
|faint|p2a: Trump 2020
|
|upkeep
|
|switch|p2a: Trick Room|Lunala|100/100
|turn|2
|
|switch|p1a: D hapiness|Chansey, F|100/100
|move|p2a: Trick Room|Moongeist Beam|p1a: D hapiness
|-immune|p1a: D hapiness
|
|upkeep
|turn|3
|
|switch|p2a: FTP|Hatterene, F|100/100
|move|p1a: D hapiness|Toxic|p2a: FTP
|move|p2a: FTP|Toxic|p1a: D hapiness|[from]Magic Bounce
|-status|p1a: D hapiness|tox
|
|-damage|p1a: D hapiness|94/100 tox|[from] psn
|upkeep
|turn|4
|
|switch|p1a: Team de Palapapop|Zacian-Crowned|100/100
|-ability|p1a: Team de Palapapop|Intrepid Sword|boost
|-boost|p1a: Team de Palapapop|atk|1
|move|p2a: FTP|Trick Room|p2a: FTP
|-fieldstart|move: Trick Room|[of] p2a: FTP
|
|upkeep
|turn|5
|
|-start|p2a: FTP|Dynamax
|-formechange|p2a: FTP|Hatterene-Gmax
|-heal|p2a: FTP|100/100|[silent]
|move|p2a: FTP|Max Flare|p1a: Team de Palapapop
|-supereffective|p1a: Team de Palapapop
|-damage|p1a: Team de Palapapop|0 fnt
|-weather|SunnyDay
|faint|p1a: Team de Palapapop
|
|-weather|SunnyDay|[upkeep]
|upkeep
|
|switch|p1a: Ploupilop|Dracovish|100/100
|turn|6
|
|switch|p1a: D hapiness|Chansey, F|94/100
|move|p2a: FTP|G-Max Smite|p1a: D hapiness
|-damage|p1a: D hapiness|71/100
|-start|p1a: D hapiness|confusion
|
|-weather|SunnyDay|[upkeep]
|upkeep
|turn|7
|inactive|mais qui voila-je has 120 seconds left.
|inactive|mais qui voila-je has 90 seconds left.
|inactive|mais qui voila-je has 60 seconds left.
|
|move|p2a: FTP|G-Max Smite|p1a: D hapiness
|-damage|p1a: D hapiness|48/100
|-activate|p1a: D hapiness|confusion
|move|p1a: D hapiness|Soft-Boiled|p1a: D hapiness
|-heal|p1a: D hapiness|98/100
|
|-weather|SunnyDay|[upkeep]
|-end|p2a: FTP|Dynamax
|-formechange|p2a: FTP|Hatterene
|-heal|p2a: FTP|100/100|[silent]
|upkeep
|turn|8
|inactive|mais qui voila-je has 30 seconds left.
|inactive|mais qui voila-je has 20 seconds left.
|inactive|mais qui voila-je has 15 seconds left.
|
|switch|p2a: Trick Room|Lunala|100/100
|switch|p1a: Ploupilop|Dracovish|100/100
|
|-weather|SunnyDay|[upkeep]
|-fieldend|move: Trick Room
|upkeep
|turn|9
|inactive|mais qui voila-je has 25 seconds left this turn.
|
|switch|p1a: D hapiness|Chansey, F|98/100
|move|p2a: Trick Room|Trick|p1a: D hapiness
|-activate|p2a: Trick Room|move: Trick|[of] p1a: D hapiness
|-item|p1a: D hapiness|Choice Scarf|[from] move: Trick
|-item|p2a: Trick Room|Eviolite|[from] move: Trick
|
|-weather|none
|upkeep
|turn|10
|inactive|mais qui voila-je has 30 seconds left.
|
|switch|p2a: FTP|Hatterene, F|100/100
|move|p1a: D hapiness|Stealth Rock|p2a: FTP
|move|p2a: FTP|Stealth Rock|p1a: D hapiness|[from]Magic Bounce
|-sidestart|p1: mais qui voila-je|move: Stealth Rock
|
|upkeep
|turn|11
|inactive|mais qui voila-je has 30 seconds left.
|-message|mais qui voila-je forfeited.
|
|win|Kingdra
|l|☆mais qui voila-je
