|j|☆Ryrissuu
|j|☆Quebeclibre514
|t:|1640799333
|gametype|singles
|player|p1|Ryrissuu|hilbert|1334
|player|p2|Quebeclibre514|gambler|1351
|teamsize|p1|6
|teamsize|p2|6
|gen|8
|tier|[Gen 8] Ubers
|rated|
|rule|Sleep Clause Mod: Limit one foe put to sleep
|rule|Species Clause: Limit one of each Pokémon
|rule|OHKO Clause: OHKO moves are banned
|rule|Evasion Moves Clause: Evasion moves are banned
|rule|Endless Battle Clause: Forcing endless battles is banned
|rule|HP Percentage Mod: HP is shown in percentages
|rule|Dynamax Clause: You cannot dynamax
|clearpoke
|poke|p1|Giratina-Origin|
|poke|p1|Zekrom|
|poke|p1|Genesect|
|poke|p1|Kyurem-Black|
|poke|p1|Lugia|
|poke|p1|Yveltal|
|poke|p2|Yveltal|
|poke|p2|Necrozma-Dusk-Mane|
|poke|p2|Kyurem-White|
|poke|p2|Groudon|
|poke|p2|Ho-Oh|
|poke|p2|Blissey, F|
|teampreview
|inactive|Battle timer is ON: inactive players will automatically lose when time's up. (requested by Quebeclibre514)
|
|t:|1640799352
|start
|switch|p1a: Lugia|Lugia|100/100
|switch|p2a: Kyurem|Kyurem-White|100/100
|-ability|p1a: Lugia|Pressure
|-ability|p2a: Kyurem|Turboblaze
|turn|1
|
|t:|1640799361
|move|p1a: Lugia|Light Screen|p1a: Lugia
|-sidestart|p1: Ryrissuu|move: Light Screen
|move|p2a: Kyurem|Ice Beam|p1a: Lugia
|-supereffective|p1a: Lugia
|-damage|p1a: Lugia|53/100
|
|upkeep
|turn|2
|
|t:|1640799368
|switch|p2a: Yveltal|Yveltal|100/100
|-ability|p2a: Yveltal|Dark Aura
|move|p1a: Lugia|Thunder Wave|p2a: Yveltal
|-status|p2a: Yveltal|par
|
|upkeep
|turn|3
|
|t:|1640799376
|move|p1a: Lugia|Reflect|p1a: Lugia
|-sidestart|p1: Ryrissuu|Reflect
|move|p2a: Yveltal|Defog|p1a: Lugia
|-unboost|p1a: Lugia|evasion|1
|-sideend|p1: Ryrissuu|Reflect
|-sideend|p1: Ryrissuu|move: Light Screen
|
|upkeep
|turn|4
|
|t:|1640799383
|move|p1a: Lugia|Reflect|p1a: Lugia
|-sidestart|p1: Ryrissuu|Reflect
|move|p2a: Yveltal|Knock Off|p1a: Lugia
|-supereffective|p1a: Lugia
|-damage|p1a: Lugia|18/100
|-enditem|p1a: Lugia|Light Clay|[from] move: Knock Off|[of] p2a: Yveltal
|
|upkeep
|turn|5
|
|t:|1640799389
|switch|p1a: Zekrom|Zekrom|100/100
|-ability|p1a: Zekrom|Teravolt
|move|p2a: Yveltal|Defog|p1a: Zekrom
|-unboost|p1a: Zekrom|evasion|1
|-sideend|p1: Ryrissuu|Reflect
|
|upkeep
|turn|6
|j| WinterWesker23
|
|t:|1640799399
|switch|p2a: Groudon|Groudon|100/100
|-weather|SunnyDay|[from] ability: Drought|[of] p2a: Groudon
|move|p1a: Zekrom|Dragon Claw|p2a: Groudon
|-damage|p2a: Groudon|70/100
|
|-weather|SunnyDay|[upkeep]
|upkeep
|turn|7
|
|t:|1640799409
|switch|p1a: Lugia|Lugia|18/100
|-ability|p1a: Lugia|Pressure
|move|p2a: Groudon|Precipice Blades|p1a: Lugia
|-immune|p1a: Lugia
|
|-weather|SunnyDay|[upkeep]
|upkeep
|turn|8
|
|t:|1640799417
|move|p1a: Lugia|Reflect|p1a: Lugia
|-sidestart|p1: Ryrissuu|Reflect
|move|p2a: Groudon|Rock Polish|p2a: Groudon
|-boost|p2a: Groudon|spe|2
|
|-weather|SunnyDay|[upkeep]
|upkeep
|turn|9
|
|t:|1640799428
|switch|p1a: Kyurem|Kyurem-Black|100/100
|-ability|p1a: Kyurem|Teravolt
|move|p2a: Groudon|Heat Crash|p1a: Kyurem
|-damage|p1a: Kyurem|81/100
|-damage|p2a: Groudon|60/100|[from] item: Life Orb
|
|-weather|SunnyDay|[upkeep]
|upkeep
|turn|10
|
|t:|1640799439
|switch|p2a: Necrozma|Necrozma-Dusk-Mane|100/100
|move|p1a: Kyurem|Icicle Spear|p2a: Necrozma
|-resisted|p2a: Necrozma
|-damage|p2a: Necrozma|96/100
|-resisted|p2a: Necrozma
|-damage|p2a: Necrozma|92/100
|-resisted|p2a: Necrozma
|-damage|p2a: Necrozma|88/100
|-resisted|p2a: Necrozma
|-damage|p2a: Necrozma|83/100
|-hitcount|p2a: Necrozma|4
|
|-weather|none
|upkeep
|turn|11
|
|t:|1640799451
|switch|p1a: Zekrom|Zekrom|100/100
|-ability|p1a: Zekrom|Teravolt
|move|p2a: Necrozma|Stealth Rock|p1a: Zekrom
|-sidestart|p1: Ryrissuu|move: Stealth Rock
|
|upkeep
|turn|12
|
|t:|1640799460
|switch|p2a: Groudon|Groudon|60/100
|-weather|SunnyDay|[from] ability: Drought|[of] p2a: Groudon
|move|p1a: Zekrom|Dragon Dance|p1a: Zekrom
|-boost|p1a: Zekrom|atk|1
|-boost|p1a: Zekrom|spe|1
|
|-weather|SunnyDay|[upkeep]
|-sideend|p1: Ryrissuu|Reflect
|upkeep
|turn|13
|
|t:|1640799470
|move|p1a: Zekrom|Dragon Claw|p2a: Groudon
|-damage|p2a: Groudon|8/100
|move|p2a: Groudon|Rock Polish|p2a: Groudon
|-boost|p2a: Groudon|spe|2
|
|-weather|SunnyDay|[upkeep]
|upkeep
|turn|14
|
|t:|1640799484
|switch|p1a: Lugia|Lugia|18/100
|-damage|p1a: Lugia|0 fnt|[from] Stealth Rock
|faint|p1a: Lugia
|move|p2a: Groudon|Precipice Blades|p1: Lugia|[notarget]
|-fail|p2a: Groudon
|
|-weather|SunnyDay|[upkeep]
|upkeep
|
|t:|1640799498
|switch|p1a: Yveltal|Yveltal|100/100
|-damage|p1a: Yveltal|76/100|[from] Stealth Rock
|-ability|p1a: Yveltal|Dark Aura
|turn|15
|
|t:|1640799506
|move|p1a: Yveltal|Sucker Punch||[still]
|-fail|p1a: Yveltal
|move|p2a: Groudon|Rock Polish|p2a: Groudon
|-boost|p2a: Groudon|spe|2
|
|-weather|SunnyDay|[upkeep]
|upkeep
|turn|16
|
|t:|1640799513
|move|p1a: Yveltal|Sucker Punch||[still]
|-fail|p1a: Yveltal
|move|p2a: Groudon|Rock Polish|p2a: Groudon
|-boost|p2a: Groudon|spe|2
|
|-weather|none
|upkeep
|turn|17
|
|t:|1640799520
|move|p1a: Yveltal|Sucker Punch||[still]
|-fail|p1a: Yveltal
|move|p2a: Groudon|Rock Polish|p2a: Groudon
|-boost|p2a: Groudon|spe|0
|
|upkeep
|turn|18
|
|t:|1640799526
|move|p2a: Groudon|Stone Edge|p1a: Yveltal
|-supereffective|p1a: Yveltal
|-damage|p1a: Yveltal|0 fnt
|faint|p1a: Yveltal
|-damage|p2a: Groudon|0 fnt|[from] item: Life Orb
|faint|p2a: Groudon
|
|upkeep
|-message|Ryrissuu forfeited.
|
|win|Quebeclibre514
|raw|Ryrissuu's rating: 1334 &rarr; <strong>1315</strong><br />(-19 for losing)
|raw|Quebeclibre514's rating: 1351 &rarr; <strong>1370</strong><br />(+19 for winning)
|l|☆Ryrissuu
