|j|☆Bug > Elevated
|j|☆ygo is testing
|t:|1662386493
|gametype|singles
|player|p1|Bug > Elevated|bugsy|1543
|player|p2|ygo is testing|101|1613
|teamsize|p1|6
|teamsize|p2|6
|gen|8
|tier|[Gen 8] Ubers
|rated|
|rule|Sleep Clause Mod: Limit one foe put to sleep
|rule|Species Clause: Limit one of each Pokémon
|rule|OHKO Clause: OHKO moves are banned
|rule|Evasion Items Clause: Evasion items are banned
|rule|Evasion Moves Clause: Evasion moves are banned
|rule|Endless Battle Clause: Forcing endless battles is banned
|rule|HP Percentage Mod: HP is shown in percentages
|rule|Dynamax Clause: You cannot dynamax
|clearpoke
|poke|p1|Palkia|
|poke|p1|Yveltal|
|poke|p1|Zygarde|
|poke|p1|Eternatus|
|poke|p1|Necrozma-Dusk-Mane|
|poke|p1|Ho-Oh|
|poke|p2|Shedinja|
|poke|p2|Yveltal|
|poke|p2|Groudon|
|poke|p2|Kyogre|
|poke|p2|Necrozma-Dusk-Mane|
|poke|p2|Ho-Oh|
|teampreview
|inactive|Battle timer is ON: inactive players will automatically lose when time's up. (requested by Bug > Elevated)
|c|☆Bug > Elevated|Glhf
|inactive|ygo is testing has 120 seconds left.
|
|t:|1662386525
|start
|switch|p1a: Yveltal|Yveltal|100/100
|switch|p2a: Necrozma|Necrozma-Dusk-Mane|100/100
|-ability|p1a: Yveltal|Dark Aura
|turn|1
|
|t:|1662386550
|switch|p2a: Yveltal|Yveltal|100/100
|-ability|p2a: Yveltal|Dark Aura
|move|p1a: Yveltal|Knock Off|p2a: Yveltal
|-resisted|p2a: Yveltal
|-damage|p2a: Yveltal|76/100
|-enditem|p2a: Yveltal|Heavy-Duty Boots|[from] move: Knock Off|[of] p1a: Yveltal
|
|upkeep
|turn|2
|
|t:|1662386555
|move|p1a: Yveltal|Taunt|p2a: Yveltal
|-start|p2a: Yveltal|move: Taunt
|move|p2a: Yveltal|Knock Off|p1a: Yveltal
|-resisted|p1a: Yveltal
|-damage|p1a: Yveltal|78/100
|-enditem|p1a: Yveltal|Heavy-Duty Boots|[from] move: Knock Off|[of] p2a: Yveltal
|
|upkeep
|turn|3
|
|t:|1662386560
|move|p1a: Yveltal|Knock Off|p2a: Yveltal
|-resisted|p2a: Yveltal
|-damage|p2a: Yveltal|58/100
|move|p2a: Yveltal|Oblivion Wing|p1a: Yveltal
|-damage|p1a: Yveltal|54/100
|-heal|p2a: Yveltal|76/100|[from] drain|[of] p1a: Yveltal
|
|upkeep
|turn|4
|
|t:|1662386563
|move|p2a: Yveltal|Oblivion Wing|p1a: Yveltal
|-damage|p1a: Yveltal|30/100
|-heal|p2a: Yveltal|94/100|[from] drain|[of] p1a: Yveltal
|move|p1a: Yveltal|Roost|p1a: Yveltal
|-heal|p1a: Yveltal|80/100
|-singleturn|p1a: Yveltal|move: Roost
|
|-end|p2a: Yveltal|move: Taunt
|upkeep
|turn|5
|
|t:|1662386574
|switch|p2a: Groudon|Groudon|100/100
|-weather|SunnyDay|[from] ability: Drought|[of] p2a: Groudon
|switch|p1a: Eternatus|Eternatus|100/100
|-ability|p1a: Eternatus|Pressure
|
|-weather|SunnyDay|[upkeep]
|upkeep
|turn|6
|
|t:|1662386581
|switch|p1a: Zygarde|Zygarde|100/100
|move|p2a: Groudon|Swords Dance|p2a: Groudon
|-boost|p2a: Groudon|atk|2
|
|-weather|SunnyDay|[upkeep]
|upkeep
|turn|7
|
|t:|1662386590
|switch|p2a: Kyogre|Kyogre|100/100
|-weather|RainDance|[from] ability: Drizzle|[of] p2a: Kyogre
|move|p1a: Zygarde|Glare|p2a: Kyogre
|-status|p2a: Kyogre|par
|
|-weather|RainDance|[upkeep]
|upkeep
|turn|8
|
|t:|1662386595
|switch|p1a: Eternatus|Eternatus|100/100
|-ability|p1a: Eternatus|Pressure
|move|p2a: Kyogre|Calm Mind|p2a: Kyogre
|-boost|p2a: Kyogre|spa|1
|-boost|p2a: Kyogre|spd|1
|
|-weather|RainDance|[upkeep]
|upkeep
|turn|9
|
|t:|1662386605
|switch|p1a: Necrozma|Necrozma-Dusk-Mane|100/100
|move|p2a: Kyogre|Ice Beam|p1a: Necrozma
|-resisted|p1a: Necrozma
|-damage|p1a: Necrozma|87/100
|
|-weather|RainDance|[upkeep]
|-heal|p1a: Necrozma|93/100|[from] item: Leftovers
|upkeep
|turn|10
|
|t:|1662386610
|move|p1a: Necrozma|Iron Head|p2a: Kyogre
|-resisted|p2a: Kyogre
|-damage|p2a: Kyogre|88/100 par
|move|p2a: Kyogre|Scald|p1a: Necrozma
|-damage|p1a: Necrozma|37/100
|
|-weather|RainDance|[upkeep]
|-heal|p1a: Necrozma|43/100|[from] item: Leftovers
|-heal|p2a: Kyogre|94/100 par|[from] item: Leftovers
|upkeep
|turn|11
|
|t:|1662386614
|move|p1a: Necrozma|Knock Off|p2a: Kyogre
|-damage|p2a: Kyogre|71/100 par
|-enditem|p2a: Kyogre|Leftovers|[from] move: Knock Off|[of] p1a: Necrozma
|move|p2a: Kyogre|Scald|p1a: Necrozma
|-damage|p1a: Necrozma|0 fnt
|faint|p1a: Necrozma
|
|-weather|none
|upkeep
|
|t:|1662386621
|switch|p1a: Palkia|Palkia|100/100
|-ability|p1a: Palkia|Pressure
|turn|12
|
|t:|1662386624
|move|p1a: Palkia|Substitute|p1a: Palkia
|-start|p1a: Palkia|Substitute
|-damage|p1a: Palkia|76/100
|move|p2a: Kyogre|Rest|p2a: Kyogre
|-status|p2a: Kyogre|slp|[from] move: Rest
|-heal|p2a: Kyogre|100/100 slp|[silent]
|
|-heal|p1a: Palkia|82/100|[from] item: Leftovers
|upkeep
|turn|13
|
|t:|1662386630
|move|p1a: Palkia|Bulk Up|p1a: Palkia
|-boost|p1a: Palkia|atk|1
|-boost|p1a: Palkia|def|1
|cant|p2a: Kyogre|slp
|
|-heal|p1a: Palkia|88/100|[from] item: Leftovers
|upkeep
|turn|14
|
|t:|1662386635
|move|p1a: Palkia|Bulk Up|p1a: Palkia
|-boost|p1a: Palkia|atk|1
|-boost|p1a: Palkia|def|1
|cant|p2a: Kyogre|slp
|
|-heal|p1a: Palkia|94/100|[from] item: Leftovers
|upkeep
|turn|15
|
|t:|1662386638
|move|p1a: Palkia|Scale Shot|p2a: Kyogre
|-damage|p2a: Kyogre|86/100 slp
|-damage|p2a: Kyogre|72/100 slp
|-damage|p2a: Kyogre|57/100 slp
|-damage|p2a: Kyogre|41/100 slp
|-hitcount|p2a: Kyogre|4
|-unboost|p1a: Palkia|def|1
|-boost|p1a: Palkia|spe|1
|-curestatus|p2a: Kyogre|slp|[msg]
|move|p2a: Kyogre|Ice Beam|p1a: Palkia
|-end|p1a: Palkia|Substitute
|
|-heal|p1a: Palkia|99/100|[from] item: Leftovers
|upkeep
|turn|16
|
|t:|1662386651
|switch|p2a: Shedinja|Shedinja|100/100
|move|p1a: Palkia|Scale Shot|p2a: Shedinja
|-immune|p2a: Shedinja|[from] ability: Wonder Guard
|
|-heal|p1a: Palkia|100/100|[from] item: Leftovers
|upkeep
|turn|17
|j| Kim oh no
|
|t:|1662386659
|switch|p1a: Zygarde|Zygarde|100/100
|switch|p2a: Necrozma|Necrozma-Dusk-Mane|100/100
|
|upkeep
|turn|18
|
|t:|1662386663
|switch|p2a: Kyogre|Kyogre|41/100
|-weather|RainDance|[from] ability: Drizzle|[of] p2a: Kyogre
|move|p1a: Zygarde|Glare|p2a: Kyogre
|-status|p2a: Kyogre|par
|
|-weather|RainDance|[upkeep]
|upkeep
|turn|19
|
|t:|1662386666
|switch|p1a: Palkia|Palkia|100/100
|-ability|p1a: Palkia|Pressure
|move|p2a: Kyogre|Rest|p2a: Kyogre
|-status|p2a: Kyogre|slp|[from] move: Rest
|-heal|p2a: Kyogre|100/100 slp|[silent]
|
|-weather|RainDance|[upkeep]
|upkeep
|turn|20
|
|t:|1662386670
|switch|p1a: Ho-Oh|Ho-Oh|100/100
|cant|p2a: Kyogre|slp
|
|-weather|RainDance|[upkeep]
|upkeep
|turn|21
|
|t:|1662386675
|switch|p2a: Necrozma|Necrozma-Dusk-Mane|100/100
|move|p1a: Ho-Oh|Brave Bird|p2a: Necrozma
|-resisted|p2a: Necrozma
|-damage|p2a: Necrozma|75/100
|-damage|p1a: Ho-Oh|93/100|[from] Recoil
|
|-weather|RainDance|[upkeep]
|-heal|p2a: Necrozma|82/100|[from] item: Leftovers
|upkeep
|turn|22
|
|t:|1662386680
|move|p1a: Ho-Oh|Sacred Fire|p2a: Necrozma
|-supereffective|p2a: Necrozma
|-damage|p2a: Necrozma|52/100
|-status|p2a: Necrozma|brn
|move|p2a: Necrozma|Stealth Rock|p1a: Ho-Oh
|-sidestart|p1: Bug > Elevated|move: Stealth Rock
|
|-weather|none
|-heal|p2a: Necrozma|58/100 brn|[from] item: Leftovers
|-damage|p2a: Necrozma|52/100 brn|[from] brn
|upkeep
|turn|23
|
|t:|1662386688
|switch|p2a: Kyogre|Kyogre|100/100 slp
|-weather|RainDance|[from] ability: Drizzle|[of] p2a: Kyogre
|move|p1a: Ho-Oh|Sacred Fire|p2a: Kyogre
|-resisted|p2a: Kyogre
|-damage|p2a: Kyogre|92/100 slp
|
|-weather|RainDance|[upkeep]
|upkeep
|turn|24
|
|t:|1662386696
|move|p1a: Ho-Oh|Brave Bird|p2a: Kyogre
|-damage|p2a: Kyogre|51/100 slp
|-damage|p1a: Ho-Oh|80/100|[from] Recoil
|cant|p2a: Kyogre|slp
|
|-weather|RainDance|[upkeep]
|upkeep
|turn|25
|
|t:|1662386704
|switch|p1a: Palkia|Palkia|100/100
|-damage|p1a: Palkia|88/100|[from] Stealth Rock
|-ability|p1a: Palkia|Pressure
|-curestatus|p2a: Kyogre|slp|[msg]
|move|p2a: Kyogre|Scald|p1a: Palkia
|-resisted|p1a: Palkia
|-damage|p1a: Palkia|76/100
|
|-weather|RainDance|[upkeep]
|-heal|p1a: Palkia|82/100|[from] item: Leftovers
|upkeep
|turn|26
|l| Kim oh no
|
|t:|1662386709
|move|p1a: Palkia|Substitute|p1a: Palkia
|-start|p1a: Palkia|Substitute
|-damage|p1a: Palkia|57/100
|move|p2a: Kyogre|Rest|p2a: Kyogre
|-status|p2a: Kyogre|slp|[from] move: Rest
|-heal|p2a: Kyogre|100/100 slp|[silent]
|
|-weather|RainDance|[upkeep]
|-heal|p1a: Palkia|63/100|[from] item: Leftovers
|upkeep
|turn|27
|
|t:|1662386713
|move|p1a: Palkia|Liquidation|p2a: Kyogre
|-resisted|p2a: Kyogre
|-damage|p2a: Kyogre|80/100 slp
|cant|p2a: Kyogre|slp
|
|-weather|none
|-heal|p1a: Palkia|69/100|[from] item: Leftovers
|upkeep
|turn|28
|
|t:|1662386718
|switch|p2a: Shedinja|Shedinja|100/100
|move|p1a: Palkia|Liquidation|p2a: Shedinja
|-immune|p2a: Shedinja|[from] ability: Wonder Guard
|
|-heal|p1a: Palkia|75/100|[from] item: Leftovers
|upkeep
|turn|29
|
|t:|1662386723
|move|p1a: Palkia|Bulk Up|p1a: Palkia
|-boost|p1a: Palkia|atk|1
|-boost|p1a: Palkia|def|1
|move|p2a: Shedinja|Will-O-Wisp||[still]
|-fail|p2a: Shedinja
|
|-heal|p1a: Palkia|81/100|[from] item: Leftovers
|upkeep
|turn|30
|
|t:|1662386729
|move|p1a: Palkia|Bulk Up|p1a: Palkia
|-boost|p1a: Palkia|atk|1
|-boost|p1a: Palkia|def|1
|move|p2a: Shedinja|Poltergeist|p1a: Palkia|[miss]
|-miss|p2a: Shedinja|p1a: Palkia
|
|-heal|p1a: Palkia|87/100|[from] item: Leftovers
|upkeep
|turn|31
|
|t:|1662386733
|move|p1a: Palkia|Bulk Up|p1a: Palkia
|-boost|p1a: Palkia|atk|1
|-boost|p1a: Palkia|def|1
|move|p2a: Shedinja|String Shot||[still]
|-fail|p2a: Shedinja
|
|-heal|p1a: Palkia|94/100|[from] item: Leftovers
|upkeep
|turn|32
|
|t:|1662386738
|move|p2a: Shedinja|Shadow Sneak|p1a: Palkia
|-activate|p1a: Palkia|move: Substitute|[damage]
|move|p1a: Palkia|Bulk Up|p1a: Palkia
|-boost|p1a: Palkia|atk|1
|-boost|p1a: Palkia|def|1
|
|-heal|p1a: Palkia|99/100|[from] item: Leftovers
|upkeep
|turn|33
|
|t:|1662386740
|move|p2a: Shedinja|Shadow Sneak|p1a: Palkia
|-activate|p1a: Palkia|move: Substitute|[damage]
|move|p1a: Palkia|Bulk Up|p1a: Palkia
|-boost|p1a: Palkia|atk|1
|-boost|p1a: Palkia|def|1
|
|-heal|p1a: Palkia|100/100|[from] item: Leftovers
|upkeep
|turn|34
|
|t:|1662386743
|move|p2a: Shedinja|Shadow Sneak|p1a: Palkia
|-activate|p1a: Palkia|move: Substitute|[damage]
|move|p1a: Palkia|Bulk Up|p1a: Palkia
|-boost|p1a: Palkia|atk|1
|-boost|p1a: Palkia|def|1
|
|upkeep
|turn|35
|
|t:|1662386747
|switch|p1a: Ho-Oh|Ho-Oh|100/100
|move|p2a: Shedinja|String Shot|p1a: Ho-Oh
|-unboost|p1a: Ho-Oh|spe|2
|
|upkeep
|turn|36
|
|t:|1662386756
|switch|p2a: Yveltal|Yveltal|94/100
|-ability|p2a: Yveltal|Dark Aura
|move|p1a: Ho-Oh|Brave Bird|p2a: Yveltal
|-damage|p2a: Yveltal|33/100
|-damage|p1a: Ho-Oh|81/100|[from] Recoil
|
|upkeep
|turn|37
|
|t:|1662386762
|switch|p1a: Yveltal|Yveltal|80/100
|-damage|p1a: Yveltal|55/100|[from] Stealth Rock
|-ability|p1a: Yveltal|Dark Aura
|move|p2a: Yveltal|Knock Off|p1a: Yveltal
|-resisted|p1a: Yveltal
|-damage|p1a: Yveltal|41/100
|
|upkeep
|turn|38
|
|t:|1662386766
|move|p1a: Yveltal|Roost|p1a: Yveltal
|-heal|p1a: Yveltal|91/100
|-singleturn|p1a: Yveltal|move: Roost
|move|p2a: Yveltal|Oblivion Wing|p1a: Yveltal
|-damage|p1a: Yveltal|65/100
|-heal|p2a: Yveltal|52/100|[from] drain|[of] p1a: Yveltal
|
|upkeep
|turn|39
|
|t:|1662386770
|move|p1a: Yveltal|Defog|p2a: Yveltal
|-unboost|p2a: Yveltal|evasion|1
|-sideend|p1: Bug > Elevated|Stealth Rock|[from] move: Defog|[of] p1a: Yveltal
|move|p2a: Yveltal|Oblivion Wing|p1a: Yveltal
|-damage|p1a: Yveltal|42/100
|-heal|p2a: Yveltal|70/100|[from] drain|[of] p1a: Yveltal
|
|upkeep
|turn|40
|
|t:|1662386772
|move|p2a: Yveltal|Oblivion Wing|p1a: Yveltal
|-damage|p1a: Yveltal|18/100
|-heal|p2a: Yveltal|87/100|[from] drain|[of] p1a: Yveltal
|move|p1a: Yveltal|Roost|p1a: Yveltal
|-heal|p1a: Yveltal|69/100
|-singleturn|p1a: Yveltal|move: Roost
|
|upkeep
|turn|41
|
|t:|1662386783
|move|p2a: Yveltal|Knock Off|p1a: Yveltal
|-resisted|p1a: Yveltal
|-damage|p1a: Yveltal|53/100
|move|p1a: Yveltal|Roost|p1a: Yveltal
|-heal|p1a: Yveltal|100/100
|-singleturn|p1a: Yveltal|move: Roost
|
|upkeep
|turn|42
|
|t:|1662386787
|switch|p2a: Ho-Oh|Ho-Oh|100/100
|move|p1a: Yveltal|Knock Off|p2a: Ho-Oh
|-damage|p2a: Ho-Oh|65/100
|-enditem|p2a: Ho-Oh|Heavy-Duty Boots|[from] move: Knock Off|[of] p1a: Yveltal
|
|upkeep
|turn|43
|
|t:|1662386793
|move|p1a: Yveltal|Taunt|p2a: Ho-Oh
|-start|p2a: Ho-Oh|move: Taunt
|move|p2a: Ho-Oh|Sacred Fire|p1a: Yveltal
|-crit|p1a: Yveltal
|-damage|p1a: Yveltal|38/100
|
|upkeep
|turn|44
|
|t:|1662386800
|move|p1a: Yveltal|Roost|p1a: Yveltal
|-heal|p1a: Yveltal|88/100
|-singleturn|p1a: Yveltal|move: Roost
|move|p2a: Ho-Oh|Sacred Fire|p1a: Yveltal
|-damage|p1a: Yveltal|49/100
|-status|p1a: Yveltal|brn
|
|-damage|p1a: Yveltal|43/100 brn|[from] brn
|upkeep
|turn|45
|
|t:|1662386805
|switch|p2a: Groudon|Groudon|100/100
|-weather|SunnyDay|[from] ability: Drought|[of] p2a: Groudon
|move|p1a: Yveltal|Roost|p1a: Yveltal
|-heal|p1a: Yveltal|93/100 brn
|-singleturn|p1a: Yveltal|move: Roost
|
|-weather|SunnyDay|[upkeep]
|-damage|p1a: Yveltal|87/100 brn|[from] brn
|upkeep
|turn|46
|
|t:|1662386808
|move|p1a: Yveltal|Knock Off|p2a: Groudon
|-damage|p2a: Groudon|83/100
|-enditem|p2a: Groudon|Life Orb|[from] move: Knock Off|[of] p1a: Yveltal
|move|p2a: Groudon|Stone Edge|p1a: Yveltal
|-supereffective|p1a: Yveltal
|-crit|p1a: Yveltal
|-damage|p1a: Yveltal|0 fnt
|faint|p1a: Yveltal
|
|-weather|SunnyDay|[upkeep]
|upkeep
|
|t:|1662386814
|switch|p1a: Zygarde|Zygarde|100/100
|turn|47
|
|t:|1662386822
|switch|p1a: Ho-Oh|Ho-Oh|100/100
|switch|p2a: Kyogre|Kyogre|80/100 slp
|-weather|RainDance|[from] ability: Drizzle|[of] p2a: Kyogre
|
|-weather|RainDance|[upkeep]
|upkeep
|turn|48
|
|t:|1662386830
|switch|p2a: Ho-Oh|Ho-Oh|98/100
|move|p1a: Ho-Oh|Brave Bird|p2a: Ho-Oh
|-damage|p2a: Ho-Oh|57/100
|-damage|p1a: Ho-Oh|87/100|[from] Recoil
|
|-weather|RainDance|[upkeep]
|upkeep
|turn|49
|
|t:|1662386842
|switch|p2a: Yveltal|Yveltal|87/100
|-ability|p2a: Yveltal|Dark Aura
|move|p1a: Ho-Oh|Brave Bird|p2a: Yveltal
|-damage|p2a: Yveltal|25/100
|-damage|p1a: Ho-Oh|67/100|[from] Recoil
|
|-weather|RainDance|[upkeep]
|upkeep
|turn|50
|
|t:|1662386851
|switch|p1a: Eternatus|Eternatus|100/100
|-ability|p1a: Eternatus|Pressure
|move|p2a: Yveltal|Knock Off|p1a: Eternatus
|-damage|p1a: Eternatus|63/100
|-enditem|p1a: Eternatus|Heavy-Duty Boots|[from] move: Knock Off|[of] p2a: Yveltal
|
|-weather|RainDance|[upkeep]
|upkeep
|turn|51
|
|t:|1662386863
|switch|p1a: Ho-Oh|Ho-Oh|100/100
|switch|p2a: Necrozma|Necrozma-Dusk-Mane|52/100 brn
|
|-weather|none
|-heal|p2a: Necrozma|58/100 brn|[from] item: Leftovers
|-damage|p2a: Necrozma|52/100 brn|[from] brn
|upkeep
|turn|52
|
|t:|1662386869
|move|p1a: Ho-Oh|Sacred Fire|p2a: Necrozma
|-supereffective|p2a: Necrozma
|-damage|p2a: Necrozma|0 fnt
|faint|p2a: Necrozma
|
|upkeep
|
|t:|1662386879
|switch|p2a: Groudon|Groudon|83/100
|-weather|SunnyDay|[from] ability: Drought|[of] p2a: Groudon
|turn|53
|
|t:|1662386882
|switch|p1a: Zygarde|Zygarde|100/100
|move|p2a: Groudon|Stone Edge|p1a: Zygarde
|-resisted|p1a: Zygarde
|-damage|p1a: Zygarde|90/100
|
|-weather|SunnyDay|[upkeep]
|-heal|p1a: Zygarde|96/100|[from] item: Leftovers
|upkeep
|turn|54
|
|t:|1662386886
|switch|p2a: Kyogre|Kyogre|80/100 slp
|-weather|RainDance|[from] ability: Drizzle|[of] p2a: Kyogre
|move|p1a: Zygarde|Glare||[still]
|-fail|p1a: Zygarde
|
|-weather|RainDance|[upkeep]
|-heal|p1a: Zygarde|100/100|[from] item: Leftovers
|upkeep
|turn|55
|
|t:|1662386890
|switch|p1a: Palkia|Palkia|100/100
|-ability|p1a: Palkia|Pressure
|cant|p2a: Kyogre|slp
|
|-weather|RainDance|[upkeep]
|upkeep
|turn|56
|
|t:|1662386895
|switch|p2a: Shedinja|Shedinja|100/100
|move|p1a: Palkia|Substitute|p1a: Palkia
|-start|p1a: Palkia|Substitute
|-damage|p1a: Palkia|76/100
|
|-weather|RainDance|[upkeep]
|-heal|p1a: Palkia|82/100|[from] item: Leftovers
|upkeep
|turn|57
|
|t:|1662386905
|switch|p2a: Kyogre|Kyogre|80/100 slp
|move|p1a: Palkia|Bulk Up|p1a: Palkia
|-boost|p1a: Palkia|atk|1
|-boost|p1a: Palkia|def|1
|
|-weather|RainDance|[upkeep]
|-heal|p1a: Palkia|88/100|[from] item: Leftovers
|upkeep
|turn|58
|
|t:|1662386909
|switch|p2a: Shedinja|Shedinja|100/100
|move|p1a: Palkia|Liquidation|p2a: Shedinja
|-immune|p2a: Shedinja|[from] ability: Wonder Guard
|
|-weather|none
|-heal|p1a: Palkia|94/100|[from] item: Leftovers
|upkeep
|turn|59
|
|t:|1662386912
|switch|p2a: Groudon|Groudon|83/100
|-weather|SunnyDay|[from] ability: Drought|[of] p2a: Groudon
|move|p1a: Palkia|Liquidation|p2a: Groudon
|-supereffective|p2a: Groudon
|-damage|p2a: Groudon|43/100
|
|-weather|SunnyDay|[upkeep]
|-heal|p1a: Palkia|99/100|[from] item: Leftovers
|upkeep
|turn|60
|
|t:|1662386914
|switch|p2a: Shedinja|Shedinja|100/100
|move|p1a: Palkia|Liquidation|p2a: Shedinja
|-immune|p2a: Shedinja|[from] ability: Wonder Guard
|
|-weather|SunnyDay|[upkeep]
|-heal|p1a: Palkia|100/100|[from] item: Leftovers
|upkeep
|turn|61
|
|t:|1662386923
|switch|p2a: Ho-Oh|Ho-Oh|90/100
|move|p1a: Palkia|Scale Shot|p2a: Ho-Oh
|-damage|p2a: Ho-Oh|79/100
|-damage|p2a: Ho-Oh|67/100
|-damage|p2a: Ho-Oh|56/100
|-damage|p2a: Ho-Oh|44/100
|-damage|p2a: Ho-Oh|32/100
|-hitcount|p2a: Ho-Oh|5
|-unboost|p1a: Palkia|def|1
|-boost|p1a: Palkia|spe|1
|
|-weather|SunnyDay|[upkeep]
|upkeep
|turn|62
|
|t:|1662386927
|switch|p2a: Shedinja|Shedinja|100/100
|move|p1a: Palkia|Liquidation|p2a: Shedinja
|-immune|p2a: Shedinja|[from] ability: Wonder Guard
|
|-weather|SunnyDay|[upkeep]
|upkeep
|turn|63
|
|t:|1662386932
|move|p1a: Palkia|Liquidation|p2a: Shedinja
|-immune|p2a: Shedinja|[from] ability: Wonder Guard
|move|p2a: Shedinja|String Shot||[still]
|-fail|p2a: Shedinja
|
|-weather|none
|upkeep
|turn|64
|
|t:|1662386938
|move|p1a: Palkia|Scale Shot|p2a: Shedinja
|-immune|p2a: Shedinja|[from] ability: Wonder Guard
|move|p2a: Shedinja|String Shot||[still]
|-fail|p2a: Shedinja
|
|upkeep
|turn|65
|
|t:|1662386940
|move|p1a: Palkia|Scale Shot|p2a: Shedinja
|-immune|p2a: Shedinja|[from] ability: Wonder Guard
|move|p2a: Shedinja|String Shot||[still]
|-fail|p2a: Shedinja
|
|upkeep
|turn|66
|
|t:|1662386942
|move|p1a: Palkia|Scale Shot|p2a: Shedinja
|-immune|p2a: Shedinja|[from] ability: Wonder Guard
|move|p2a: Shedinja|String Shot||[still]
|-fail|p2a: Shedinja
|
|upkeep
|turn|67
|
|t:|1662386944
|move|p1a: Palkia|Scale Shot|p2a: Shedinja
|-immune|p2a: Shedinja|[from] ability: Wonder Guard
|move|p2a: Shedinja|String Shot||[still]
|-fail|p2a: Shedinja
|
|upkeep
|turn|68
|
|t:|1662386948
|move|p1a: Palkia|Scale Shot|p2a: Shedinja
|-immune|p2a: Shedinja|[from] ability: Wonder Guard
|move|p2a: Shedinja|String Shot||[still]
|-fail|p2a: Shedinja
|
|upkeep
|turn|69
|
|t:|1662386949
|move|p2a: Shedinja|Shadow Sneak|p1a: Palkia
|-activate|p1a: Palkia|move: Substitute|[damage]
|move|p1a: Palkia|Bulk Up|p1a: Palkia
|-boost|p1a: Palkia|atk|1
|-boost|p1a: Palkia|def|1
|
|upkeep
|turn|70
|
|t:|1662386954
|move|p2a: Shedinja|Shadow Sneak|p1a: Palkia
|-end|p1a: Palkia|Substitute
|move|p1a: Palkia|Scale Shot|p2a: Shedinja
|-immune|p2a: Shedinja|[from] ability: Wonder Guard
|
|upkeep
|turn|71
|
|t:|1662386956
|switch|p2a: Ho-Oh|Ho-Oh|65/100
|move|p1a: Palkia|Substitute|p1a: Palkia
|-start|p1a: Palkia|Substitute
|-damage|p1a: Palkia|76/100
|
|-heal|p1a: Palkia|82/100|[from] item: Leftovers
|upkeep
|turn|72
|
|t:|1662386959
|switch|p1a: Ho-Oh|Ho-Oh|100/100
|switch|p2a: Shedinja|Shedinja|100/100
|
|upkeep
|turn|73
|
|t:|1662386963
|switch|p2a: Ho-Oh|Ho-Oh|99/100
|move|p1a: Ho-Oh|Brave Bird|p2a: Ho-Oh
|-damage|p2a: Ho-Oh|56/100
|-damage|p1a: Ho-Oh|86/100|[from] Recoil
|
|upkeep
|turn|74
|
|t:|1662386971
|move|p1a: Ho-Oh|Brave Bird|p2a: Ho-Oh
|-damage|p2a: Ho-Oh|9/100
|-damage|p1a: Ho-Oh|71/100|[from] Recoil
|move|p2a: Ho-Oh|Whirlwind|p1a: Ho-Oh
|drag|p1a: Zygarde|Zygarde|100/100
|
|upkeep
|turn|75
|
|t:|1662386980
|switch|p1a: Ho-Oh|Ho-Oh|100/100
|switch|p2a: Shedinja|Shedinja|100/100
|
|upkeep
|turn|76
|
|t:|1662386988
|switch|p2a: Yveltal|Yveltal|25/100
|-ability|p2a: Yveltal|Dark Aura
|move|p1a: Ho-Oh|Brave Bird|p2a: Yveltal
|-damage|p2a: Yveltal|0 fnt
|faint|p2a: Yveltal
|-damage|p1a: Ho-Oh|93/100|[from] Recoil
|
|upkeep
|
|t:|1662386989
|switch|p2a: Groudon|Groudon|43/100
|-weather|SunnyDay|[from] ability: Drought|[of] p2a: Groudon
|turn|77
|
|t:|1662386992
|switch|p1a: Zygarde|Zygarde|100/100
|move|p2a: Groudon|Stone Edge|p1a: Zygarde
|-resisted|p1a: Zygarde
|-damage|p1a: Zygarde|89/100
|
|-weather|SunnyDay|[upkeep]
|-heal|p1a: Zygarde|96/100|[from] item: Leftovers
|upkeep
|turn|78
|
|t:|1662387005
|switch|p1a: Ho-Oh|Ho-Oh|100/100
|switch|p2a: Kyogre|Kyogre|80/100 slp
|-weather|RainDance|[from] ability: Drizzle|[of] p2a: Kyogre
|
|-weather|RainDance|[upkeep]
|upkeep
|turn|79
|
|t:|1662387009
|switch|p1a: Eternatus|Eternatus|63/100
|-ability|p1a: Eternatus|Pressure
|-curestatus|p2a: Kyogre|slp|[msg]
|move|p2a: Kyogre|Scald|p1a: Eternatus
|-resisted|p1a: Eternatus
|-damage|p1a: Eternatus|46/100
|
|-weather|RainDance|[upkeep]
|upkeep
|turn|80
|
|t:|1662387018
|move|p1a: Eternatus|Recover|p1a: Eternatus
|-heal|p1a: Eternatus|96/100
|move|p2a: Kyogre|Calm Mind|p2a: Kyogre
|-boost|p2a: Kyogre|spa|1
|-boost|p2a: Kyogre|spd|1
|
|-weather|RainDance|[upkeep]
|upkeep
|turn|81
|
|t:|1662387020
|move|p1a: Eternatus|Toxic|p2a: Kyogre
|-status|p2a: Kyogre|tox
|move|p2a: Kyogre|Ice Beam|p1a: Eternatus
|-supereffective|p1a: Eternatus
|-damage|p1a: Eternatus|41/100
|
|-weather|RainDance|[upkeep]
|-damage|p2a: Kyogre|74/100 tox|[from] psn
|upkeep
|turn|82
|
|t:|1662387029
|move|p1a: Eternatus|Recover|p1a: Eternatus
|-heal|p1a: Eternatus|91/100
|move|p2a: Kyogre|Rest|p2a: Kyogre
|-status|p2a: Kyogre|slp|[from] move: Rest
|-heal|p2a: Kyogre|100/100 slp|[silent]
|
|-weather|none
|upkeep
|turn|83
|
|t:|1662387034
|switch|p1a: Palkia|Palkia|82/100
|-ability|p1a: Palkia|Pressure
|cant|p2a: Kyogre|slp
|
|-heal|p1a: Palkia|88/100|[from] item: Leftovers
|upkeep
|turn|84
|
|t:|1662387038
|move|p1a: Palkia|Substitute|p1a: Palkia
|-start|p1a: Palkia|Substitute
|-damage|p1a: Palkia|63/100
|cant|p2a: Kyogre|slp
|
|-heal|p1a: Palkia|69/100|[from] item: Leftovers
|upkeep
|turn|85
|
|t:|1662387045
|move|p1a: Palkia|Liquidation|p2a: Kyogre
|-resisted|p2a: Kyogre
|-damage|p2a: Kyogre|87/100 slp
|-curestatus|p2a: Kyogre|slp|[msg]
|move|p2a: Kyogre|Calm Mind|p2a: Kyogre
|-boost|p2a: Kyogre|spa|1
|-boost|p2a: Kyogre|spd|1
|
|-heal|p1a: Palkia|75/100|[from] item: Leftovers
|upkeep
|turn|86
|
|t:|1662387057
|move|p1a: Palkia|Liquidation|p2a: Kyogre
|-resisted|p2a: Kyogre
|-damage|p2a: Kyogre|75/100
|-unboost|p2a: Kyogre|def|1
|move|p2a: Kyogre|Scald|p1a: Palkia
|-resisted|p1a: Palkia
|-activate|p1a: Palkia|move: Substitute|[damage]
|
|-heal|p1a: Palkia|81/100|[from] item: Leftovers
|upkeep
|turn|87
|
|t:|1662387063
|switch|p2a: Shedinja|Shedinja|100/100
|move|p1a: Palkia|Scale Shot|p2a: Shedinja
|-immune|p2a: Shedinja|[from] ability: Wonder Guard
|
|-heal|p1a: Palkia|87/100|[from] item: Leftovers
|upkeep
|turn|88
|
|t:|1662387069
|move|p1a: Palkia|Liquidation|p2a: Shedinja
|-immune|p2a: Shedinja|[from] ability: Wonder Guard
|move|p2a: Shedinja|String Shot||[still]
|-fail|p2a: Shedinja
|
|-heal|p1a: Palkia|93/100|[from] item: Leftovers
|upkeep
|turn|89
|
|t:|1662387071
|move|p2a: Shedinja|Shadow Sneak|p1a: Palkia
|-end|p1a: Palkia|Substitute
|move|p1a: Palkia|Liquidation|p2a: Shedinja
|-immune|p2a: Shedinja|[from] ability: Wonder Guard
|
|-heal|p1a: Palkia|99/100|[from] item: Leftovers
|upkeep
|turn|90
|
|t:|1662387075
|switch|p1a: Ho-Oh|Ho-Oh|100/100
|switch|p2a: Kyogre|Kyogre|75/100
|-weather|RainDance|[from] ability: Drizzle|[of] p2a: Kyogre
|
|-weather|RainDance|[upkeep]
|upkeep
|turn|91
|
|t:|1662387081
|move|p1a: Ho-Oh|Brave Bird|p2a: Kyogre
|-damage|p2a: Kyogre|36/100
|-damage|p1a: Ho-Oh|88/100|[from] Recoil
|move|p2a: Kyogre|Scald|p1a: Ho-Oh
|-supereffective|p1a: Ho-Oh
|-damage|p1a: Ho-Oh|18/100
|
|-weather|RainDance|[upkeep]
|upkeep
|turn|92
|
|t:|1662387089
|switch|p1a: Palkia|Palkia|99/100
|-ability|p1a: Palkia|Pressure
|switch|p2a: Ho-Oh|Ho-Oh|43/100
|
|-weather|RainDance|[upkeep]
|-heal|p1a: Palkia|100/100|[from] item: Leftovers
|upkeep
|turn|93
|
|t:|1662387093
|switch|p1a: Ho-Oh|Ho-Oh|51/100
|switch|p2a: Kyogre|Kyogre|36/100
|
|-weather|RainDance|[upkeep]
|upkeep
|turn|94
|
|t:|1662387097
|switch|p2a: Ho-Oh|Ho-Oh|76/100
|move|p1a: Ho-Oh|Brave Bird|p2a: Ho-Oh
|-damage|p2a: Ho-Oh|35/100
|-damage|p1a: Ho-Oh|38/100|[from] Recoil
|
|-weather|none
|upkeep
|turn|95
|
|t:|1662387102
|move|p1a: Ho-Oh|Brave Bird|p2a: Ho-Oh
|-crit|p2a: Ho-Oh
|-damage|p2a: Ho-Oh|0 fnt
|faint|p2a: Ho-Oh
|-damage|p1a: Ho-Oh|27/100|[from] Recoil
|
|upkeep
|
|t:|1662387105
|switch|p2a: Groudon|Groudon|43/100
|-weather|SunnyDay|[from] ability: Drought|[of] p2a: Groudon
|turn|96
|
|t:|1662387107
|switch|p1a: Zygarde|Zygarde|96/100
|move|p2a: Groudon|Swords Dance|p2a: Groudon
|-boost|p2a: Groudon|atk|2
|
|-weather|SunnyDay|[upkeep]
|-heal|p1a: Zygarde|100/100|[from] item: Leftovers
|upkeep
|turn|97
|
|t:|1662387115
|move|p1a: Zygarde|Glare|p2a: Groudon
|-status|p2a: Groudon|par
|cant|p2a: Groudon|par
|
|-weather|SunnyDay|[upkeep]
|upkeep
|turn|98
|
|t:|1662387124
|move|p1a: Zygarde|Coil|p1a: Zygarde
|-boost|p1a: Zygarde|atk|1
|-boost|p1a: Zygarde|def|1
|-boost|p1a: Zygarde|accuracy|1
|move|p2a: Groudon|Swords Dance|p2a: Groudon
|-boost|p2a: Groudon|atk|2
|
|-weather|SunnyDay|[upkeep]
|upkeep
|turn|99
|
|t:|1662387126
|move|p1a: Zygarde|Coil|p1a: Zygarde
|-boost|p1a: Zygarde|atk|1
|-boost|p1a: Zygarde|def|1
|-boost|p1a: Zygarde|accuracy|1
|move|p2a: Groudon|Swords Dance|p2a: Groudon
|-boost|p2a: Groudon|atk|2
|
|-weather|SunnyDay|[upkeep]
|upkeep
|turn|100
|
|t:|1662387133
|move|p1a: Zygarde|Coil|p1a: Zygarde
|-boost|p1a: Zygarde|atk|1
|-boost|p1a: Zygarde|def|1
|-boost|p1a: Zygarde|accuracy|1
|move|p2a: Groudon|Earthquake|p1a: Zygarde
|-damage|p1a: Zygarde|50/100
|
|-weather|none
|-heal|p1a: Zygarde|56/100|[from] item: Leftovers
|upkeep
|turn|101
|
|t:|1662387144
|switch|p2a: Shedinja|Shedinja|100/100
|move|p1a: Zygarde|Coil|p1a: Zygarde
|-boost|p1a: Zygarde|atk|1
|-boost|p1a: Zygarde|def|1
|-boost|p1a: Zygarde|accuracy|1
|
|-heal|p1a: Zygarde|63/100|[from] item: Leftovers
|upkeep
|turn|102
|
|t:|1662387165
|switch|p1a: Ho-Oh|Ho-Oh|60/100
|move|p2a: Shedinja|Poltergeist|p1a: Ho-Oh
|-activate|p1a: Ho-Oh|move: Poltergeist|Heavy-Duty Boots
|-damage|p1a: Ho-Oh|17/100
|
|upkeep
|turn|103
|
|t:|1662387178
|switch|p1a: Eternatus|Eternatus|91/100
|-ability|p1a: Eternatus|Pressure
|switch|p2a: Kyogre|Kyogre|36/100
|-weather|RainDance|[from] ability: Drizzle|[of] p2a: Kyogre
|
|-weather|RainDance|[upkeep]
|upkeep
|turn|104
|
|t:|1662387189
|move|p1a: Eternatus|Dynamax Cannon|p2a: Kyogre
|-damage|p2a: Kyogre|6/100
|move|p2a: Kyogre|Rest|p2a: Kyogre
|-status|p2a: Kyogre|slp|[from] move: Rest
|-heal|p2a: Kyogre|100/100 slp|[silent]
|
|-weather|RainDance|[upkeep]
|upkeep
|turn|105
|
|t:|1662387194
|switch|p1a: Palkia|Palkia|100/100
|-ability|p1a: Palkia|Pressure
|cant|p2a: Kyogre|slp
|
|-weather|RainDance|[upkeep]
|upkeep
|turn|106
|
|t:|1662387199
|move|p1a: Palkia|Substitute|p1a: Palkia
|-start|p1a: Palkia|Substitute
|-damage|p1a: Palkia|76/100
|cant|p2a: Kyogre|slp
|
|-weather|RainDance|[upkeep]
|-heal|p1a: Palkia|82/100|[from] item: Leftovers
|upkeep
|turn|107
|
|t:|1662387206
|switch|p2a: Shedinja|Shedinja|100/100
|move|p1a: Palkia|Scale Shot|p2a: Shedinja
|-immune|p2a: Shedinja|[from] ability: Wonder Guard
|
|-weather|none
|-heal|p1a: Palkia|88/100|[from] item: Leftovers
|upkeep
|turn|108
|
|t:|1662387211
|switch|p2a: Kyogre|Kyogre|100/100 slp
|-weather|RainDance|[from] ability: Drizzle|[of] p2a: Kyogre
|move|p1a: Palkia|Scale Shot|p2a: Kyogre
|-damage|p2a: Kyogre|92/100 slp
|-damage|p2a: Kyogre|84/100 slp
|-damage|p2a: Kyogre|76/100 slp
|-damage|p2a: Kyogre|68/100 slp
|-hitcount|p2a: Kyogre|4
|-unboost|p1a: Palkia|def|1
|-boost|p1a: Palkia|spe|1
|
|-weather|RainDance|[upkeep]
|-heal|p1a: Palkia|94/100|[from] item: Leftovers
|upkeep
|turn|109
|
|t:|1662387217
|move|p1a: Palkia|Scale Shot|p2a: Kyogre
|-damage|p2a: Kyogre|61/100 slp
|-damage|p2a: Kyogre|52/100 slp
|-damage|p2a: Kyogre|45/100 slp
|-hitcount|p2a: Kyogre|3
|-unboost|p1a: Palkia|def|1
|-boost|p1a: Palkia|spe|1
|-curestatus|p2a: Kyogre|slp|[msg]
|move|p2a: Kyogre|Rest|p2a: Kyogre
|-status|p2a: Kyogre|slp|[from] move: Rest
|-heal|p2a: Kyogre|100/100 slp|[silent]
|
|-weather|RainDance|[upkeep]
|-heal|p1a: Palkia|99/100|[from] item: Leftovers
|upkeep
|turn|110
|
|t:|1662387224
|switch|p1a: Ho-Oh|Ho-Oh|50/100
|switch|p2a: Shedinja|Shedinja|100/100
|
|-weather|RainDance|[upkeep]
|upkeep
|turn|111
|
|t:|1662387229
|switch|p2a: Kyogre|Kyogre|100/100 slp
|move|p1a: Ho-Oh|Brave Bird|p2a: Kyogre
|-damage|p2a: Kyogre|58/100 slp
|-damage|p1a: Ho-Oh|37/100|[from] Recoil
|
|-weather|RainDance|[upkeep]
|upkeep
|turn|112
|
|t:|1662387233
|move|p1a: Ho-Oh|Brave Bird|p2a: Kyogre
|-damage|p2a: Kyogre|16/100 slp
|-damage|p1a: Ho-Oh|23/100|[from] Recoil
|cant|p2a: Kyogre|slp
|
|-weather|none
|upkeep
|turn|113
|
|t:|1662387240
|switch|p1a: Eternatus|Eternatus|91/100
|-ability|p1a: Eternatus|Pressure
|cant|p2a: Kyogre|slp
|
|upkeep
|turn|114
|
|t:|1662387246
|move|p1a: Eternatus|Dynamax Cannon|p2a: Kyogre
|-damage|p2a: Kyogre|0 fnt
|faint|p2a: Kyogre
|
|upkeep
|
|t:|1662387247
|switch|p2a: Groudon|Groudon|43/100 par
|-weather|SunnyDay|[from] ability: Drought|[of] p2a: Groudon
|turn|115
|
|t:|1662387252
|move|p1a: Eternatus|Flamethrower|p2a: Groudon
|-damage|p2a: Groudon|3/100 par
|move|p2a: Groudon|Rock Polish|p2a: Groudon
|-boost|p2a: Groudon|spe|2
|
|-weather|SunnyDay|[upkeep]
|upkeep
|turn|116
|
|t:|1662387257
|move|p1a: Eternatus|Flamethrower|p2a: Groudon
|-damage|p2a: Groudon|0 fnt
|faint|p2a: Groudon
|
|-weather|SunnyDay|[upkeep]
|upkeep
|
|t:|1662387259
|switch|p2a: Shedinja|Shedinja|100/100
|turn|117
|c|☆Bug > Elevated|Gg
|c|☆Bug > Elevated|wp
|c|☆ygo is testing|GG
|
|t:|1662387263
|move|p2a: Shedinja|Shadow Sneak|p1a: Eternatus
|-damage|p1a: Eternatus|77/100
|move|p1a: Eternatus|Flamethrower|p2a: Shedinja
|-supereffective|p2a: Shedinja
|-damage|p2a: Shedinja|0 fnt
|faint|p2a: Shedinja
|
|win|Bug > Elevated
|raw|Bug &gt; Elevated's rating: 1543 &rarr; <strong>1567</strong><br />(+24 for winning)
|raw|ygo is testing's rating: 1613 &rarr; <strong>1589</strong><br />(-24 for losing)
|c|☆ygo is testing|Ho-Oh mvp
|c|☆Bug > Elevated|Fr
|l|☆ygo is testing
