|j|☆Zakkenwasser22
|j|☆outz nabil
|player|p1|Zakkenwasser22|iris-gen5bw2|
|player|p2|outz nabil|hilbert-dueldisk|
|teamsize|p1|6
|teamsize|p2|6
|gametype|singles
|gen|8
|tier|[Gen 8] Ubers
|rated|Tournament battle
|clearpoke
|poke|p1|Clefable, F|
|poke|p1|Corviknight, F|
|poke|p1|Dugtrio, M|
|poke|p1|Ferrothorn, M|
|poke|p1|Tyranitar, F|
|poke|p1|Zekrom|
|poke|p2|Mewtwo|
|poke|p2|Ferrothorn, M|
|poke|p2|Necrozma-Dusk-Mane|
|poke|p2|Tyranitar, M|
|poke|p2|Zekrom|
|poke|p2|Darmanitan-Galar, M|
|rule|Sleep Clause Mod: Limit one foe put to sleep
|rule|Species Clause: Limit one of each Pokémon
|rule|OHKO Clause: OHKO moves are banned
|rule|Evasion Moves Clause: Evasion moves are banned
|rule|Endless Battle Clause: Forcing endless battles is banned
|rule|HP Percentage Mod: HP is shown in percentages
|html|Ubers Dynamax Clause: Pokémon on the <a href="https://www.smogon.com/dex/ss/formats/uber/">Ubers Dynamax Banlist</a> cannot Dynamax.
|teampreview
|j| whord
|j| default0
|j| scblol26
|c|☆outz nabil|hf
|c|☆Zakkenwasser22|u2
|
|start
|switch|p1a: Zekrom|Zekrom|100/100
|switch|p2a: Darmanitan|Darmanitan-Galar, M|100/100
|-ability|p1a: Zekrom|Teravolt
|turn|1
|c|☆Zakkenwasser22|can you uh
|c|☆Zakkenwasser22|uturn
|
|switch|p1a: Corviknight|Corviknight, F|100/100
|-ability|p1a: Corviknight|Pressure
|move|p2a: Darmanitan|Icicle Crash|p1a: Corviknight
|-damage|p1a: Corviknight|60/100
|
|upkeep
|turn|2
|
|switch|p2a: Zekrom|Zekrom|100/100
|-ability|p2a: Zekrom|Teravolt
|move|p1a: Corviknight|Roost|p1a: Corviknight
|-heal|p1a: Corviknight|100/100
|-singleturn|p1a: Corviknight|move: Roost
|
|upkeep
|turn|3
|
|switch|p1a: Ferrothorn|Ferrothorn, M|100/100
|move|p2a: Zekrom|Focus Blast|p1a: Ferrothorn|[miss]
|-miss|p2a: Zekrom|p1a: Ferrothorn
|
|upkeep
|turn|4
|
|move|p2a: Zekrom|Focus Blast|p1a: Ferrothorn
|-supereffective|p1a: Ferrothorn
|-damage|p1a: Ferrothorn|30/100
|-damage|p2a: Zekrom|91/100|[from] item: Life Orb
|move|p1a: Ferrothorn|Knock Off|p2a: Zekrom
|-damage|p2a: Zekrom|74/100
|-enditem|p2a: Zekrom|Life Orb|[from] move: Knock Off|[of] p1a: Ferrothorn
|
|-heal|p1a: Ferrothorn|37/100|[from] item: Leftovers
|upkeep
|turn|5
|j| SSP Nora
|
|move|p2a: Zekrom|Bolt Strike|p1a: Ferrothorn
|-resisted|p1a: Ferrothorn
|-damage|p1a: Ferrothorn|14/100
|-damage|p2a: Zekrom|61/100|[from] ability: Iron Barbs|[of] p1a: Ferrothorn
|move|p1a: Ferrothorn|Leech Seed|p2a: Zekrom
|-start|p2a: Zekrom|move: Leech Seed
|
|-heal|p1a: Ferrothorn|20/100|[from] item: Leftovers
|-damage|p2a: Zekrom|49/100|[from] Leech Seed|[of] p1a: Ferrothorn
|-heal|p1a: Ferrothorn|32/100|[silent]
|upkeep
|turn|6
|
|move|p2a: Zekrom|Focus Blast|p1a: Ferrothorn
|-supereffective|p1a: Ferrothorn
|-damage|p1a: Ferrothorn|0 fnt
|faint|p1a: Ferrothorn
|
|upkeep
|
|switch|p1a: Dugtrio|Dugtrio, M|100/100
|turn|7
|
|move|p1a: Dugtrio|Earthquake|p2a: Zekrom
|-supereffective|p2a: Zekrom
|-crit|p2a: Zekrom
|-damage|p2a: Zekrom|0 fnt
|faint|p2a: Zekrom
|
|upkeep
|
|switch|p2a: Ferrothorn|Ferrothorn, M|100/100
|turn|8
|
|switch|p1a: Clefable|Clefable, F|100/100
|move|p2a: Ferrothorn|Spikes|p1a: Clefable
|-sidestart|p1: Zakkenwasser22|Spikes
|
|upkeep
|turn|9
|
|switch|p2a: Necrozma|Necrozma-Dusk-Mane|100/100
|move|p1a: Clefable|Fire Blast|p2a: Necrozma
|-supereffective|p2a: Necrozma
|-damage|p2a: Necrozma|46/100
|
|-heal|p2a: Necrozma|52/100|[from] item: Leftovers
|upkeep
|turn|10
|j| Romus
|
|-start|p1a: Clefable|Dynamax
|-heal|p1a: Clefable|100/100|[silent]
|move|p2a: Necrozma|Morning Sun|p2a: Necrozma
|-heal|p2a: Necrozma|100/100
|move|p1a: Clefable|Max Flare|p2a: Necrozma
|-supereffective|p2a: Necrozma
|-damage|p2a: Necrozma|32/100
|-weather|SunnyDay
|
|-weather|SunnyDay|[upkeep]
|-heal|p2a: Necrozma|38/100|[from] item: Leftovers
|upkeep
|turn|11
|l| Romus
|
|move|p2a: Necrozma|Morning Sun|p2a: Necrozma
|-heal|p2a: Necrozma|100/100
|move|p1a: Clefable|Max Flare|p2a: Necrozma
|-supereffective|p2a: Necrozma
|-damage|p2a: Necrozma|0 fnt
|faint|p2a: Necrozma
|
|-weather|SunnyDay|[upkeep]
|upkeep
|c| SSP Nora|..
|c|☆outz nabil|ah yes
|c| SSP Nora|OH
|
|switch|p2a: Tyranitar|Tyranitar, M|100/100
|-weather|Sandstorm|[from] ability: Sand Stream|[of] p2a: Tyranitar
|turn|12
|c| scblol26|bro
|c| SSP Nora|ok u r a genuis
|
|switch|p2a: Ferrothorn|Ferrothorn, M|100/100
|move|p1a: Clefable|Max Starfall|p2a: Ferrothorn
|-resisted|p2a: Ferrothorn
|-damage|p2a: Ferrothorn|69/100
|-fieldstart|move: Misty Terrain
|
|-weather|Sandstorm|[upkeep]
|-heal|p2a: Ferrothorn|75/100|[from] item: Leftovers
|-end|p1a: Clefable|Dynamax
|-heal|p1a: Clefable|100/100|[silent]
|upkeep
|turn|13
|c|☆outz nabil|:')
|c| scblol26|:^)
|c|☆outz nabil|i play 2 touur
|
|switch|p2a: Mewtwo|Mewtwo|100/100
|-ability|p2a: Mewtwo|Pressure
|move|p1a: Clefable|Thunder Wave|p2a: Mewtwo
|-activate|p2a: Mewtwo|move: Misty Terrain
|
|-weather|Sandstorm|[upkeep]
|-damage|p2a: Mewtwo|94/100|[from] Sandstorm
|upkeep
|turn|14
|c| SSP Nora|nabil
|c| SSP Nora|r u not french
|c|☆Zakkenwasser22|IM A GENIUS TOO
|c| scblol26|....
|c|☆Zakkenwasser22|MONKEY
|l| default0
|c| SSP Nora|..........
|
|switch|p1a: Corviknight|Corviknight, F|100/100
|-ability|p1a: Corviknight|Pressure
|move|p2a: Mewtwo|Psystrike|p1a: Corviknight
|-resisted|p1a: Corviknight
|-damage|p1a: Corviknight|79/100
|-damage|p2a: Mewtwo|84/100|[from] item: Life Orb
|
|-weather|Sandstorm|[upkeep]
|-damage|p2a: Mewtwo|78/100|[from] Sandstorm
|upkeep
|turn|15
|c|☆outz nabil|si je suis francais
|
|move|p2a: Mewtwo|Focus Blast|p1a: Corviknight
|-damage|p1a: Corviknight|16/100
|-damage|p2a: Mewtwo|68/100|[from] item: Life Orb
|move|p1a: Corviknight|U-turn|p2a: Mewtwo
|-supereffective|p2a: Mewtwo
|-damage|p2a: Mewtwo|36/100
|c| SSP Nora|so after making a good play
|
|switch|p1a: Dugtrio|Dugtrio, M|100/100|[from]move: U-turn
|-damage|p1a: Dugtrio|88/100|[from] Spikes
|
|-weather|Sandstorm|[upkeep]
|-damage|p2a: Mewtwo|30/100|[from] Sandstorm
|upkeep
|turn|16
|c| SSP Nora|finn has to make a few bad ones
|
|move|p1a: Dugtrio|Earthquake|p2a: Mewtwo
|-damage|p2a: Mewtwo|0 fnt
|faint|p2a: Mewtwo
|
|-weather|none
|-fieldend|Misty Terrain
|upkeep
|c| SSP Nora|to compensate
|
|switch|p2a: Darmanitan|Darmanitan-Galar, M|100/100
|turn|17
|
|switch|p1a: Corviknight|Corviknight, F|16/100
|-ability|p1a: Corviknight|Pressure
|move|p2a: Darmanitan|Flare Blitz|p1a: Corviknight
|-supereffective|p1a: Corviknight
|-damage|p1a: Corviknight|0 fnt
|-damage|p2a: Darmanitan|84/100|[from] item: Rocky Helmet|[of] p1a: Corviknight
|-damage|p2a: Darmanitan|78/100|[from] Recoil
|faint|p1a: Corviknight
|
|upkeep
|
|switch|p1a: Clefable|Clefable, F|100/100
|turn|18
|c| whord|remember dug in ou
|
|-start|p2a: Darmanitan|Dynamax
|-heal|p2a: Darmanitan|78/100|[silent]
|move|p2a: Darmanitan|Max Hailstorm|p1a: Clefable
|-damage|p1a: Clefable|27/100
|-weather|Hail
|move|p1a: Clefable|Fire Blast|p2a: Darmanitan
|-supereffective|p2a: Darmanitan
|-damage|p2a: Darmanitan|7/100
|
|-weather|Hail|[upkeep]
|upkeep
|turn|19
|
|switch|p1a: Zekrom|Zekrom|100/100
|-damage|p1a: Zekrom|88/100|[from] Spikes
|-ability|p1a: Zekrom|Teravolt
|move|p2a: Darmanitan|Max Quake|p1a: Zekrom
|-supereffective|p1a: Zekrom
|-damage|p1a: Zekrom|13/100
|-boost|p2a: Darmanitan|spd|1
|
|-weather|Hail|[upkeep]
|-damage|p1a: Zekrom|7/100|[from] Hail
|upkeep
|turn|20
|
|move|p2a: Darmanitan|Max Quake|p1a: Zekrom
|-supereffective|p1a: Zekrom
|-damage|p1a: Zekrom|0 fnt
|-boost|p2a: Darmanitan|spd|1
|faint|p1a: Zekrom
|
|-weather|Hail|[upkeep]
|-end|p2a: Darmanitan|Dynamax
|-heal|p2a: Darmanitan|8/100|[silent]
|upkeep
|c| SSP Nora|@scb remember when he said this zekrom is good...
|
|switch|p1a: Tyranitar|Tyranitar, F|100/100
|-damage|p1a: Tyranitar|88/100|[from] Spikes
|-weather|Sandstorm|[from] ability: Sand Stream|[of] p1a: Tyranitar
|turn|21
|c| scblol26|funwaaa
|
|switch|p2a: Tyranitar|Tyranitar, M|100/100
|move|p1a: Tyranitar|Stealth Rock|p2a: Tyranitar
|-sidestart|p2: outz nabil|move: Stealth Rock
|
|-weather|Sandstorm|[upkeep]
|upkeep
|turn|22
|
|move|p2a: Tyranitar|Stealth Rock|p1a: Tyranitar
|-sidestart|p1: Zakkenwasser22|move: Stealth Rock
|move|p1a: Tyranitar|Thunder Wave|p2a: Tyranitar
|-status|p2a: Tyranitar|par
|
|-weather|Sandstorm|[upkeep]
|upkeep
|turn|23
|
|switch|p1a: Dugtrio|Dugtrio, M|88/100
|-damage|p1a: Dugtrio|82/100|[from] Stealth Rock
|-damage|p1a: Dugtrio|70/100|[from] Spikes
|move|p2a: Tyranitar|Thunder Wave|p1a: Dugtrio
|-immune|p1a: Dugtrio
|
|-weather|Sandstorm|[upkeep]
|upkeep
|turn|24
|
|move|p1a: Dugtrio|Earthquake|p2a: Tyranitar
|-supereffective|p2a: Tyranitar
|-damage|p2a: Tyranitar|23/100 par
|cant|p2a: Tyranitar|par
|
|-weather|Sandstorm|[upkeep]
|upkeep
|turn|25
|
|move|p1a: Dugtrio|Earthquake|p2a: Tyranitar
|-supereffective|p2a: Tyranitar
|-damage|p2a: Tyranitar|0 fnt
|faint|p2a: Tyranitar
|
|-weather|none
|upkeep
|c|☆outz nabil|lul
|
|switch|p2a: Ferrothorn|Ferrothorn, M|75/100
|-damage|p2a: Ferrothorn|69/100|[from] Stealth Rock
|turn|26
|
|move|p1a: Dugtrio|Earthquake|p2a: Ferrothorn
|-damage|p2a: Ferrothorn|37/100
|move|p2a: Ferrothorn|Power Whip|p1a: Dugtrio
|-supereffective|p1a: Dugtrio
|-damage|p1a: Dugtrio|0 fnt
|faint|p1a: Dugtrio
|
|-heal|p2a: Ferrothorn|43/100|[from] item: Leftovers
|upkeep
|inactive|Battle timer is ON: inactive players will automatically lose when time's up. (requested by Zakkenwasser22)
|
|switch|p1a: Tyranitar|Tyranitar, F|88/100
|-damage|p1a: Tyranitar|76/100|[from] Stealth Rock
|-damage|p1a: Tyranitar|63/100|[from] Spikes
|-weather|Sandstorm|[from] ability: Sand Stream|[of] p1a: Tyranitar
|turn|27
|
|move|p1a: Tyranitar|Crunch|p2a: Ferrothorn
|-damage|p2a: Ferrothorn|22/100
|-damage|p1a: Tyranitar|51/100|[from] ability: Iron Barbs|[of] p2a: Ferrothorn
|move|p2a: Ferrothorn|Leech Seed|p1a: Tyranitar
|-start|p1a: Tyranitar|move: Leech Seed
|
|-weather|Sandstorm|[upkeep]
|-heal|p2a: Ferrothorn|28/100|[from] item: Leftovers
|-damage|p1a: Tyranitar|39/100|[from] Leech Seed|[of] p2a: Ferrothorn
|-heal|p2a: Ferrothorn|43/100|[silent]
|upkeep
|turn|28
|
|move|p1a: Tyranitar|Crunch|p2a: Ferrothorn
|-damage|p2a: Ferrothorn|20/100
|-damage|p1a: Tyranitar|26/100|[from] ability: Iron Barbs|[of] p2a: Ferrothorn
|move|p2a: Ferrothorn|Iron Defense|p2a: Ferrothorn
|-boost|p2a: Ferrothorn|def|2
|
|-weather|Sandstorm|[upkeep]
|-heal|p2a: Ferrothorn|26/100|[from] item: Leftovers
|-damage|p1a: Tyranitar|14/100|[from] Leech Seed|[of] p2a: Ferrothorn
|-heal|p2a: Ferrothorn|41/100|[silent]
|upkeep
|turn|29
|
|move|p1a: Tyranitar|Crunch|p2a: Ferrothorn
|-damage|p2a: Ferrothorn|29/100
|-damage|p1a: Tyranitar|1/100|[from] ability: Iron Barbs|[of] p2a: Ferrothorn
|move|p2a: Ferrothorn|Power Whip|p1a: Tyranitar
|-supereffective|p1a: Tyranitar
|-crit|p1a: Tyranitar
|-damage|p1a: Tyranitar|0 fnt
|faint|p1a: Tyranitar
|
|-weather|Sandstorm|[upkeep]
|-heal|p2a: Ferrothorn|36/100|[from] item: Leftovers
|upkeep
|c|☆outz nabil|gg
|
|switch|p1a: Clefable|Clefable, F|27/100
|turn|30
|c| SSP Nora|go finn
|c| scblol26|go finn
|c|☆Zakkenwasser22|85%
|
|move|p1a: Clefable|Fire Blast|p2a: Ferrothorn
|-supereffective|p2a: Ferrothorn
|-damage|p2a: Ferrothorn|0 fnt
|faint|p2a: Ferrothorn
|
|-weather|Sandstorm|[upkeep]
|upkeep
|c|☆Zakkenwasser22|gg
|c| scblol26|nice
|
|switch|p2a: Darmanitan|Darmanitan-Galar, M|8/100
|-damage|p2a: Darmanitan|0 fnt|[from] Stealth Rock
|faint|p2a: Darmanitan
|
|win|Zakkenwasser22
