|j|☆Rickerito
|j|☆PokeDuels
|t:|1630961872
|gametype|singles
|player|p1|Rickerito|lusamine-nihilego|1478
|player|p2|PokeDuels|169|1543
|teamsize|p1|6
|teamsize|p2|6
|gen|8
|tier|[Gen 8] Ubers
|rated|
|rule|Sleep Clause Mod: Limit one foe put to sleep
|rule|Species Clause: Limit one of each Pokémon
|rule|OHKO Clause: OHKO moves are banned
|rule|Evasion Moves Clause: Evasion moves are banned
|rule|Endless Battle Clause: Forcing endless battles is banned
|rule|HP Percentage Mod: HP is shown in percentages
|rule|Dynamax Clause: You cannot dynamax
|clearpoke
|poke|p1|Zekrom|
|poke|p1|Giratina-Origin|
|poke|p1|Lugia|
|poke|p1|Marshadow|
|poke|p1|Xerneas-*|
|poke|p1|Blaziken, M|
|poke|p2|Landorus-Therian, M|
|poke|p2|Toxapex, M|
|poke|p2|Blissey, F|
|poke|p2|Tyranitar, F|
|poke|p2|Buzzwole|
|poke|p2|Ditto|
|teampreview
|inactive|Battle timer is ON: inactive players will automatically lose when time's up. (requested by Rickerito)
|
|t:|1630961894
|start
|switch|p1a: Xerneas|Xerneas|100/100
|switch|p2a: Landorus|Landorus-Therian, M|100/100
|-ability|p1a: Xerneas|Fairy Aura
|-ability|p2a: Landorus|Intimidate|boost
|-unboost|p1a: Xerneas|atk|1
|turn|1
|
|t:|1630961902
|switch|p2a: Blissey|Blissey, F|100/100
|move|p1a: Xerneas|Substitute|p1a: Xerneas
|-start|p1a: Xerneas|Substitute
|-damage|p1a: Xerneas|76/100
|
|upkeep
|turn|2
|
|t:|1630961911
|move|p1a: Xerneas|Geomancy||[still]
|-prepare|p1a: Xerneas|Geomancy
|-enditem|p1a: Xerneas|Power Herb
|-anim|p1a: Xerneas|Geomancy|p1a: Xerneas
|-boost|p1a: Xerneas|spa|2
|-boost|p1a: Xerneas|spd|2
|-boost|p1a: Xerneas|spe|2
|move|p2a: Blissey|Teleport|p2a: Blissey
|
|t:|1630961918
|switch|p2a: Toxapex|Toxapex, M|100/100|[from]move: Teleport
|
|upkeep
|turn|3
|
|t:|1630961927
|move|p1a: Xerneas|Psyshock|p2a: Toxapex
|-supereffective|p2a: Toxapex
|-damage|p2a: Toxapex|25/100
|-enditem|p2a: Toxapex|Rowap Berry|[eat]
|-damage|p1a: Xerneas|63/100|[from] item: Rowap Berry|[of] p2a: Toxapex
|move|p2a: Toxapex|Haze|p2a: Toxapex
|-clearallboost
|
|upkeep
|turn|4
|
|t:|1630961936
|switch|p2a: Tyranitar|Tyranitar, F|100/100
|-weather|Sandstorm|[from] ability: Sand Stream|[of] p2a: Tyranitar
|move|p1a: Xerneas|Geomancy||[still]
|-prepare|p1a: Xerneas|Geomancy
|
|-weather|Sandstorm|[upkeep]
|-damage|p1a: Xerneas|57/100|[from] Sandstorm
|upkeep
|turn|5
|
|t:|1630961949
|move|p1a: Xerneas|Geomancy|p1a: Xerneas|[from]lockedmove
|-boost|p1a: Xerneas|spa|2
|-boost|p1a: Xerneas|spd|2
|-boost|p1a: Xerneas|spe|2
|move|p2a: Tyranitar|Snarl|p1a: Xerneas
|-resisted|p1a: Xerneas
|-damage|p1a: Xerneas|53/100
|-unboost|p1a: Xerneas|spa|1
|
|-weather|Sandstorm|[upkeep]
|-damage|p1a: Xerneas|47/100|[from] Sandstorm
|upkeep
|turn|6
|
|t:|1630961956
|switch|p2a: Blissey|Blissey, F|100/100
|move|p1a: Xerneas|Moonblast|p2a: Blissey
|-damage|p2a: Blissey|68/100
|
|-weather|Sandstorm|[upkeep]
|-damage|p1a: Xerneas|41/100|[from] Sandstorm
|-damage|p2a: Blissey|61/100|[from] Sandstorm
|upkeep
|turn|7
|
|t:|1630961960
|move|p1a: Xerneas|Psyshock|p2a: Blissey
|-damage|p2a: Blissey|15/100
|move|p2a: Blissey|Soft-Boiled|p2a: Blissey
|-heal|p2a: Blissey|65/100
|
|-weather|Sandstorm|[upkeep]
|-damage|p1a: Xerneas|35/100|[from] Sandstorm
|-damage|p2a: Blissey|58/100|[from] Sandstorm
|upkeep
|turn|8
|
|t:|1630961966
|move|p1a: Xerneas|Geomancy||[still]
|-prepare|p1a: Xerneas|Geomancy
|move|p2a: Blissey|Soft-Boiled|p2a: Blissey
|-heal|p2a: Blissey|100/100
|
|-weather|none
|upkeep
|turn|9
|
|t:|1630961971
|switch|p2a: Tyranitar|Tyranitar, F|100/100
|-weather|Sandstorm|[from] ability: Sand Stream|[of] p2a: Tyranitar
|move|p1a: Xerneas|Geomancy|p1a: Xerneas|[from]lockedmove
|-boost|p1a: Xerneas|spa|2
|-boost|p1a: Xerneas|spd|2
|-boost|p1a: Xerneas|spe|2
|
|-weather|Sandstorm|[upkeep]
|-damage|p1a: Xerneas|29/100|[from] Sandstorm
|upkeep
|turn|10
|
|t:|1630961977
|switch|p2a: Blissey|Blissey, F|100/100
|move|p1a: Xerneas|Moonblast|p2a: Blissey
|-damage|p2a: Blissey|43/100
|
|-weather|Sandstorm|[upkeep]
|-damage|p1a: Xerneas|23/100|[from] Sandstorm
|-damage|p2a: Blissey|37/100|[from] Sandstorm
|upkeep
|turn|11
|
|t:|1630961988
|move|p1a: Xerneas|Moonblast|p2a: Blissey
|-damage|p2a: Blissey|0 fnt
|faint|p2a: Blissey
|
|-weather|Sandstorm|[upkeep]
|-damage|p1a: Xerneas|17/100|[from] Sandstorm
|upkeep
|
|t:|1630961994
|switch|p2a: Toxapex|Toxapex, M|58/100
|turn|12
|
|t:|1630961998
|move|p2a: Toxapex|Baneful Bunker|p2a: Toxapex
|-singleturn|p2a: Toxapex|move: Protect
|move|p1a: Xerneas|Moonblast|p2a: Toxapex
|-activate|p2a: Toxapex|move: Protect
|
|-weather|Sandstorm|[upkeep]
|-damage|p1a: Xerneas|10/100|[from] Sandstorm
|-damage|p2a: Toxapex|52/100|[from] Sandstorm
|upkeep
|turn|13
|
|t:|1630962005
|move|p2a: Toxapex|Baneful Bunker||[still]
|-fail|p2a: Toxapex
|move|p1a: Xerneas|Moonblast|p2a: Toxapex
|-resisted|p2a: Toxapex
|-damage|p2a: Toxapex|0 fnt
|faint|p2a: Toxapex
|
|-weather|none
|upkeep
|
|t:|1630962007
|switch|p2a: Tyranitar|Tyranitar, F|100/100
|-weather|Sandstorm|[from] ability: Sand Stream|[of] p2a: Tyranitar
|turn|14
|j| WinterWesker23
|inactive|PokeDuels has 120 seconds left.
|
|t:|1630962065
|switch|p2a: Ditto|Ditto|100/100
|move|p1a: Xerneas|Moonblast|p2a: Ditto
|-damage|p2a: Ditto|0 fnt
|faint|p2a: Ditto
|
|-weather|Sandstorm|[upkeep]
|-damage|p1a: Xerneas|4/100|[from] Sandstorm
|upkeep
|-message|PokeDuels forfeited.
|
|win|Rickerito
|raw|Rickerito's rating: 1478 &rarr; <strong>1502</strong><br />(+24 for winning)
|raw|PokeDuels's rating: 1543 &rarr; <strong>1519</strong><br />(-24 for losing)
|l|☆PokeDuels
