|j|☆Anjali 07
|j|☆Certifiied
|t:|1642935093
|gametype|singles
|player|p1|Anjali 07|veteranf|1311
|player|p2|Certifiied|1|1388
|teamsize|p1|6
|teamsize|p2|6
|gen|8
|tier|[Gen 8] Ubers
|rated|
|rule|Sleep Clause Mod: Limit one foe put to sleep
|rule|Species Clause: Limit one of each Pokémon
|rule|OHKO Clause: OHKO moves are banned
|rule|Evasion Moves Clause: Evasion moves are banned
|rule|Endless Battle Clause: Forcing endless battles is banned
|rule|HP Percentage Mod: HP is shown in percentages
|rule|Dynamax Clause: You cannot dynamax
|clearpoke
|poke|p1|Slurpuff, M|
|poke|p1|Landorus, M|
|poke|p1|Calyrex-Shadow|
|poke|p1|Eternatus|
|poke|p1|Necrozma-Dusk-Mane|
|poke|p1|Yveltal|
|poke|p2|Kyogre|
|poke|p2|Yveltal|
|poke|p2|Xerneas-*|
|poke|p2|Cinderace, M|
|poke|p2|Eternatus|
|poke|p2|Necrozma-Dusk-Mane|
|teampreview
|inactive|Battle timer is ON: inactive players will automatically lose when time's up. (requested by Certifiied)
|j| McTheLegit ツ
|inactive|Anjali 07 has 120 seconds left.
|
|t:|1642935129
|start
|switch|p1a: Slurpuff|Slurpuff, M|100/100
|switch|p2a: Yveltal|Yveltal|100/100
|-ability|p2a: Yveltal|Dark Aura
|turn|1
|
|t:|1642935136
|move|p2a: Yveltal|Taunt|p1a: Slurpuff
|-start|p1a: Slurpuff|move: Taunt
|cant|p1a: Slurpuff|move: Taunt|Sticky Web
|
|upkeep
|turn|2
|
|t:|1642935153
|switch|p1a: Eternatus|Eternatus|100/100
|-ability|p1a: Eternatus|Pressure
|move|p2a: Yveltal|Knock Off|p1a: Eternatus
|-crit|p1a: Eternatus
|-damage|p1a: Eternatus|0 fnt
|-enditem|p1a: Eternatus|Power Herb|[from] move: Knock Off|[of] p2a: Yveltal
|faint|p1a: Eternatus
|-damage|p2a: Yveltal|91/100|[from] item: Life Orb
|
|upkeep
|
|t:|1642935177
|switch|p1a: Slurpuff|Slurpuff, M|100/100
|turn|3
|
|t:|1642935180
|move|p2a: Yveltal|Taunt|p1a: Slurpuff
|-start|p1a: Slurpuff|move: Taunt
|move|p1a: Slurpuff|Misty Explosion|p2a: Yveltal
|-supereffective|p2a: Yveltal
|-damage|p2a: Yveltal|23/100
|faint|p1a: Slurpuff
|
|upkeep
|
|t:|1642935183
|switch|p1a: Landorus|Landorus, M|100/100
|turn|4
|
|t:|1642935194
|move|p2a: Yveltal|Sucker Punch|p1a: Landorus
|-damage|p1a: Landorus|21/100
|-damage|p2a: Yveltal|13/100|[from] item: Life Orb
|move|p1a: Landorus|Rock Slide|p2a: Yveltal
|-supereffective|p2a: Yveltal
|-damage|p2a: Yveltal|0 fnt
|faint|p2a: Yveltal
|
|upkeep
|
|t:|1642935207
|switch|p2a: Eternatus|Eternatus|100/100
|-ability|p2a: Eternatus|Pressure
|turn|5
|
|t:|1642935223
|move|p2a: Eternatus|Dynamax Cannon|p1a: Landorus
|-damage|p1a: Landorus|0 fnt
|faint|p1a: Landorus
|
|upkeep
|
|t:|1642935227
|switch|p1a: Calyrex|Calyrex-Shadow|100/100
|-ability|p1a: Calyrex|As One
|-ability|p1a: Calyrex|Unnerve
|turn|6
|
|t:|1642935233
|move|p1a: Calyrex|Psyshock|p2a: Eternatus
|-supereffective|p2a: Eternatus
|-damage|p2a: Eternatus|29/100
|move|p2a: Eternatus|Dynamax Cannon|p1a: Calyrex
|-damage|p1a: Calyrex|52/100
|
|-heal|p2a: Eternatus|35/100|[from] item: Black Sludge
|upkeep
|turn|7
|
|t:|1642935258
|move|p1a: Calyrex|Psyshock|p2a: Eternatus
|-supereffective|p2a: Eternatus
|-damage|p2a: Eternatus|0 fnt
|faint|p2a: Eternatus
|-ability|p1a: Calyrex|Grim Neigh|boost
|-boost|p1a: Calyrex|spa|1
|
|upkeep
|
|t:|1642935271
|switch|p2a: Cinderace|Cinderace, M|100/100
|turn|8
|
|t:|1642935277
|move|p2a: Cinderace|Sucker Punch|p1a: Calyrex
|-supereffective|p1a: Calyrex
|-damage|p1a: Calyrex|0 fnt
|faint|p1a: Calyrex
|-damage|p2a: Cinderace|91/100|[from] item: Life Orb
|
|upkeep
|
|t:|1642935280
|switch|p1a: Yveltal|Yveltal|100/100
|-ability|p1a: Yveltal|Dark Aura
|turn|9
|c|☆Certifiied|Whoops
|c|☆Certifiied|I forgot to change cinderacw ability
|
|t:|1642935304
|move|p2a: Cinderace|Pyro Ball|p1a: Yveltal
|-damage|p1a: Yveltal|34/100
|-damage|p2a: Cinderace|81/100|[from] item: Life Orb
|move|p1a: Yveltal|Knock Off|p2a: Cinderace
|-damage|p2a: Cinderace|0 fnt
|-enditem|p2a: Cinderace|Life Orb|[from] move: Knock Off|[of] p1a: Yveltal
|faint|p2a: Cinderace
|
|upkeep
|
|t:|1642935314
|switch|p2a: Xerneas|Xerneas|100/100
|-ability|p2a: Xerneas|Fairy Aura
|turn|10
|
|t:|1642935337
|move|p1a: Yveltal|Taunt|p2a: Xerneas
|-start|p2a: Xerneas|move: Taunt
|cant|p2a: Xerneas|move: Taunt|Geomancy
|
|upkeep
|turn|11
|
|t:|1642935343
|move|p1a: Yveltal|Knock Off|p2a: Xerneas
|-resisted|p2a: Xerneas
|-damage|p2a: Xerneas|70/100
|-enditem|p2a: Xerneas|Power Herb|[from] move: Knock Off|[of] p1a: Yveltal
|move|p2a: Xerneas|Moonblast|p1a: Yveltal
|-supereffective|p1a: Yveltal
|-damage|p1a: Yveltal|0 fnt
|faint|p1a: Yveltal
|
|upkeep
|
|t:|1642935347
|switch|p1a: Necrozma|Necrozma-Dusk-Mane|100/100
|turn|12
|
|t:|1642935350
|move|p1a: Necrozma|Dragon Dance|p1a: Necrozma
|-boost|p1a: Necrozma|atk|1
|-boost|p1a: Necrozma|spe|1
|move|p2a: Xerneas|Focus Blast|p1a: Necrozma
|-damage|p1a: Necrozma|58/100
|
|-end|p2a: Xerneas|move: Taunt
|upkeep
|turn|13
|
|t:|1642935356
|switch|p2a: Necrozma|Necrozma-Dusk-Mane|100/100
|move|p1a: Necrozma|Dragon Dance|p1a: Necrozma
|-boost|p1a: Necrozma|atk|1
|-boost|p1a: Necrozma|spe|1
|
|upkeep
|turn|14
|
|t:|1642935359
|move|p1a: Necrozma|Earthquake|p2a: Necrozma
|-supereffective|p2a: Necrozma
|-crit|p2a: Necrozma
|-damage|p2a: Necrozma|0 fnt
|faint|p2a: Necrozma
|-damage|p1a: Necrozma|48/100|[from] item: Life Orb
|
|upkeep
|
|t:|1642935362
|switch|p2a: Kyogre|Kyogre|100/100
|-weather|RainDance|[from] ability: Drizzle|[of] p2a: Kyogre
|turn|15
|
|t:|1642935374
|move|p1a: Necrozma|Earthquake|p2a: Kyogre
|-damage|p2a: Kyogre|0 fnt
|faint|p2a: Kyogre
|-damage|p1a: Necrozma|38/100|[from] item: Life Orb
|
|-weather|RainDance|[upkeep]
|upkeep
|-message|Certifiied forfeited.
|
|win|Anjali 07
|raw|Anjali 07's rating: 1311 &rarr; <strong>1335</strong><br />(+24 for winning)
|raw|Certifiied's rating: 1388 &rarr; <strong>1364</strong><br />(-24 for losing)
|l|☆Certifiied
|c|☆Anjali 07|gg
|l| McTheLegit ツ
