|j|☆pinorska
|j|☆Eledyr
|t:|1659366272
|gametype|singles
|player|p1|pinorska|jasmine-masters|
|player|p2|Eledyr|lucas|
|teamsize|p1|6
|teamsize|p2|6
|gen|8
|tier|[Gen 8] Ubers
|rated|Tournament battle
|rule|Sleep Clause Mod: Limit one foe put to sleep
|rule|Species Clause: Limit one of each Pokémon
|rule|OHKO Clause: OHKO moves are banned
|rule|Evasion Moves Clause: Evasion moves are banned
|rule|Endless Battle Clause: Forcing endless battles is banned
|rule|HP Percentage Mod: HP is shown in percentages
|rule|Dynamax Clause: You cannot dynamax
|clearpoke
|poke|p1|Marshadow|
|poke|p1|Yveltal|
|poke|p1|Landorus-Therian, M|
|poke|p1|Necrozma-Dusk-Mane|
|poke|p1|Eternatus|
|poke|p1|Kyogre|
|poke|p2|Yveltal|
|poke|p2|Eternatus|
|poke|p2|Calyrex-Shadow|
|poke|p2|Marshadow|
|poke|p2|Ho-Oh|
|poke|p2|Necrozma-Dusk-Mane|
|teampreview
|inactive|Battle timer is ON: inactive players will automatically lose when time's up. (requested by pinorska)
|c|☆Eledyr|hf
|c|☆pinorska|u2
|
|t:|1659366302
|start
|switch|p1a: Kyogre|Kyogre|100/100
|switch|p2a: Ho-Oh|Ho-Oh|100/100
|-weather|RainDance|[from] ability: Drizzle|[of] p1a: Kyogre
|turn|1
|inactive|pinorska has 120 seconds left.
|
|t:|1659366360
|switch|p2a: Eternatus|Eternatus|100/100
|-ability|p2a: Eternatus|Pressure
|move|p1a: Kyogre|Water Spout|p2a: Eternatus
|-resisted|p2a: Eternatus
|-damage|p2a: Eternatus|17/100
|
|-weather|RainDance|[upkeep]
|upkeep
|turn|2
|
|t:|1659366375
|move|p2a: Eternatus|Draco Meteor|p1a: Kyogre
|-damage|p1a: Kyogre|57/100
|-unboost|p2a: Eternatus|spa|2
|move|p1a: Kyogre|Water Spout|p2a: Eternatus
|-resisted|p2a: Eternatus
|-damage|p2a: Eternatus|0 fnt
|faint|p2a: Eternatus
|
|-weather|RainDance|[upkeep]
|upkeep
|
|t:|1659366385
|switch|p2a: Calyrex|Calyrex-Shadow|100/100
|-ability|p2a: Calyrex|As One
|-ability|p2a: Calyrex|Unnerve
|turn|3
|
|t:|1659366390
|switch|p1a: Yveltal|Yveltal|100/100
|-ability|p1a: Yveltal|Dark Aura
|move|p2a: Calyrex|Substitute|p2a: Calyrex
|-start|p2a: Calyrex|Substitute
|-damage|p2a: Calyrex|76/100
|
|-weather|RainDance|[upkeep]
|upkeep
|turn|4
|
|t:|1659366395
|move|p2a: Calyrex|Nasty Plot|p2a: Calyrex
|-boost|p2a: Calyrex|spa|2
|move|p1a: Yveltal|Knock Off|p2a: Calyrex
|-supereffective|p2a: Calyrex
|-end|p2a: Calyrex|Substitute
|
|-weather|RainDance|[upkeep]
|upkeep
|turn|5
|
|t:|1659366399
|move|p2a: Calyrex|Disable|p1a: Yveltal
|-start|p1a: Yveltal|Disable|Knock Off
|cant|p1a: Yveltal|Disable|Knock Off
|
|-weather|none
|upkeep
|turn|6
|inactive|pinorska has 120 seconds left.
|j| ICVR
|inactive|pinorska has 90 seconds left.
|c| ICVR|Mdrrr eledyr
|
|t:|1659366468
|move|p2a: Calyrex|Substitute|p2a: Calyrex
|-start|p2a: Calyrex|Substitute
|-damage|p2a: Calyrex|51/100
|move|p1a: Yveltal|U-turn|p2a: Calyrex
|-activate|p2a: Calyrex|move: Substitute|[damage]
|c|☆Eledyr|on s'amuse
|c| ICVR|franchement cette team dans mon builder elle porte très bien son nom
|
|t:|1659366491
|switch|p1a: Marshadow|Marshadow|100/100|[from]move: U-turn
|
|upkeep
|turn|7
|
|t:|1659366497
|move|p1a: Marshadow|Shadow Sneak|p2a: Calyrex
|-supereffective|p2a: Calyrex
|-end|p2a: Calyrex|Substitute
|-damage|p1a: Marshadow|91/100|[from] item: Life Orb
|move|p2a: Calyrex|Astral Barrage|p1a: Marshadow
|-supereffective|p1a: Marshadow
|-damage|p1a: Marshadow|0 fnt
|faint|p1a: Marshadow
|-ability|p2a: Calyrex|Grim Neigh|boost
|-boost|p2a: Calyrex|spa|1
|
|upkeep
|c| ICVR|« eledyr gaming »
|
|t:|1659366500
|switch|p1a: Yveltal|Yveltal|100/100
|-ability|p1a: Yveltal|Dark Aura
|turn|8
|c| ICVR|btw t’es paired contre qui ssnl ?
|c|☆Eledyr|un random
|inactive|Eledyr has 120 seconds left.
|
|t:|1659366544
|move|p2a: Calyrex|Substitute|p2a: Calyrex
|-start|p2a: Calyrex|Substitute
|-damage|p2a: Calyrex|26/100
|move|p1a: Yveltal|Knock Off|p2a: Calyrex
|-supereffective|p2a: Calyrex
|-end|p2a: Calyrex|Substitute
|
|upkeep
|turn|9
|c| ICVR|la meme
|inactive|pinorska has 90 seconds left.
|c| ICVR|Free r1 lgi
|c| ICVR|tous les holy ont un MU compliqué sauf nous
|
|t:|1659366567
|move|p2a: Calyrex|Substitute|p2a: Calyrex
|-start|p2a: Calyrex|Substitute
|-damage|p2a: Calyrex|1/100
|move|p1a: Yveltal|U-turn|p2a: Calyrex
|-activate|p2a: Calyrex|move: Substitute|[damage]
|c| ICVR|:paz:
|
|t:|1659366572
|switch|p1a: Eternatus|Eternatus|100/100|[from]move: U-turn
|-ability|p1a: Eternatus|Pressure
|
|upkeep
|turn|10
|
|t:|1659366577
|move|p2a: Calyrex|Nasty Plot|p2a: Calyrex
|-boost|p2a: Calyrex|spa|2
|move|p1a: Eternatus|Draco Meteor|p2a: Calyrex
|-end|p2a: Calyrex|Substitute
|-unboost|p1a: Eternatus|spa|2
|
|upkeep
|turn|11
|
|t:|1659366579
|move|p2a: Calyrex|Astral Barrage|p1a: Eternatus
|-damage|p1a: Eternatus|0 fnt
|faint|p1a: Eternatus
|-ability|p2a: Calyrex|Grim Neigh|boost
|-boost|p2a: Calyrex|spa|1
|
|upkeep
|
|t:|1659366584
|switch|p1a: Yveltal|Yveltal|100/100
|-ability|p1a: Yveltal|Dark Aura
|turn|12
|
|t:|1659366585
|move|p2a: Calyrex|Astral Barrage|p1a: Yveltal
|-resisted|p1a: Yveltal
|-damage|p1a: Yveltal|16/100
|move|p1a: Yveltal|Knock Off|p2a: Calyrex
|-supereffective|p2a: Calyrex
|-damage|p2a: Calyrex|0 fnt
|-enditem|p2a: Calyrex|Mental Herb|[from] move: Knock Off|[of] p1a: Yveltal
|faint|p2a: Calyrex
|
|upkeep
|
|t:|1659366591
|switch|p2a: Marshadow|Marshadow|100/100
|turn|13
|c| ICVR|it lived
|inactive|pinorska has 120 seconds left.
|c|☆pinorska|pourquoi cest unbanned
|c|☆pinorska|mdrrr
|
|t:|1659366604
|switch|p1a: Landorus|Landorus-Therian, M|100/100
|-ability|p1a: Landorus|Intimidate|boost
|-unboost|p2a: Marshadow|atk|1
|move|p2a: Marshadow|Spectral Thief|p1a: Landorus
|-damage|p1a: Landorus|70/100
|
|-heal|p1a: Landorus|76/100|[from] item: Leftovers
|upkeep
|turn|14
|c| ICVR|mdrrrr
|c|☆Eledyr|chonky lando
|c| ICVR|ask to the Ubers council
|
|t:|1659366617
|switch|p2a: Yveltal|Yveltal|100/100
|-ability|p2a: Yveltal|Dark Aura
|move|p1a: Landorus|Toxic|p2a: Yveltal
|-status|p2a: Yveltal|tox
|
|-heal|p1a: Landorus|82/100|[from] item: Leftovers
|-damage|p2a: Yveltal|94/100 tox|[from] psn
|upkeep
|turn|15
|
|t:|1659366625
|move|p2a: Yveltal|Knock Off|p1a: Landorus
|-damage|p1a: Landorus|44/100
|-enditem|p1a: Landorus|Leftovers|[from] move: Knock Off|[of] p2a: Yveltal
|move|p1a: Landorus|U-turn|p2a: Yveltal
|-damage|p2a: Yveltal|76/100 tox
|
|t:|1659366627
|switch|p1a: Kyogre|Kyogre|57/100|[from]move: U-turn
|-weather|RainDance|[from] ability: Drizzle|[of] p1a: Kyogre
|
|-weather|RainDance|[upkeep]
|-damage|p2a: Yveltal|64/100 tox|[from] psn
|upkeep
|turn|16
|
|t:|1659366633
|move|p2a: Yveltal|Knock Off|p1a: Kyogre
|-damage|p1a: Kyogre|0 fnt
|-enditem|p1a: Kyogre|Choice Specs|[from] move: Knock Off|[of] p2a: Yveltal
|faint|p1a: Kyogre
|
|-weather|RainDance|[upkeep]
|-damage|p2a: Yveltal|46/100 tox|[from] psn
|upkeep
|c|☆pinorska|fuck
|c|☆pinorska|LOL
|
|t:|1659366641
|switch|p1a: Necrozma|Necrozma-Dusk-Mane|100/100
|turn|17
|c| ICVR|lmao
|
|t:|1659366650
|switch|p1a: Yveltal|Yveltal|16/100
|-ability|p1a: Yveltal|Dark Aura
|move|p2a: Yveltal|Hone Claws|p2a: Yveltal
|-boost|p2a: Yveltal|atk|1
|-boost|p2a: Yveltal|accuracy|1
|
|-weather|RainDance|[upkeep]
|-damage|p2a: Yveltal|22/100 tox|[from] psn
|upkeep
|-enditem|p2a: Yveltal|Salac Berry|[eat]
|-boost|p2a: Yveltal|spe|1|[from] item: Salac Berry
|turn|18
|
|t:|1659366657
|move|p2a: Yveltal|Knock Off|p1a: Yveltal
|-resisted|p1a: Yveltal
|-damage|p1a: Yveltal|0 fnt
|-enditem|p1a: Yveltal|Heavy-Duty Boots|[from] move: Knock Off|[of] p2a: Yveltal
|faint|p1a: Yveltal
|
|-weather|RainDance|[upkeep]
|-damage|p2a: Yveltal|0 fnt|[from] psn
|faint|p2a: Yveltal
|upkeep
|c| ICVR|LOL
|c| ICVR|omniboost
|c| ICVR|you know
|
|t:|1659366665
|switch|p2a: Marshadow|Marshadow|100/100
|switch|p1a: Landorus|Landorus-Therian, M|44/100
|-ability|p1a: Landorus|Intimidate|boost
|-unboost|p2a: Marshadow|atk|1
|turn|19
|
|t:|1659366669
|switch|p2a: Ho-Oh|Ho-Oh|100/100
|move|p1a: Landorus|U-turn|p2a: Ho-Oh
|-resisted|p2a: Ho-Oh
|-damage|p2a: Ho-Oh|95/100
|
|t:|1659366671
|switch|p1a: Necrozma|Necrozma-Dusk-Mane|100/100|[from]move: U-turn
|
|-weather|none
|upkeep
|turn|20
|c|☆pinorska|c ggs
|c|☆pinorska|mais
|c|☆pinorska|je vais quand meme essayer
|
|t:|1659366685
|move|p2a: Ho-Oh|Thunder Wave|p1a: Necrozma
|-status|p1a: Necrozma|par
|move|p1a: Necrozma|Dragon Dance|p1a: Necrozma
|-boost|p1a: Necrozma|atk|1
|-boost|p1a: Necrozma|spe|1
|
|upkeep
|turn|21
|
|t:|1659366687
|move|p2a: Ho-Oh|Flare Blitz|p1a: Necrozma
|-supereffective|p1a: Necrozma
|-damage|p1a: Necrozma|41/100 par
|-damage|p2a: Ho-Oh|76/100|[from] Recoil
|move|p1a: Necrozma|Dragon Dance|p1a: Necrozma
|-boost|p1a: Necrozma|atk|1
|-boost|p1a: Necrozma|spe|1
|
|-heal|p1a: Necrozma|47/100 par|[from] item: Leftovers
|upkeep
|turn|22
|c|☆pinorska|60?
|c|☆pinorska|jesus
|
|t:|1659366695
|move|p2a: Ho-Oh|Flare Blitz|p1a: Necrozma
|-supereffective|p1a: Necrozma
|-damage|p1a: Necrozma|0 fnt
|faint|p1a: Necrozma
|-damage|p2a: Ho-Oh|62/100|[from] Recoil
|
|upkeep
|
|t:|1659366697
|switch|p1a: Landorus|Landorus-Therian, M|44/100
|-ability|p1a: Landorus|Intimidate|boost
|-unboost|p2a: Ho-Oh|atk|1
|turn|23
|c| ICVR|loool
|
|t:|1659366700
|move|p2a: Ho-Oh|Flare Blitz|p1a: Landorus
|-damage|p1a: Landorus|15/100
|-damage|p2a: Ho-Oh|53/100|[from] Recoil
|move|p1a: Landorus|Toxic|p2a: Ho-Oh
|-status|p2a: Ho-Oh|tox
|
|-damage|p2a: Ho-Oh|47/100 tox|[from] psn
|upkeep
|turn|24
|c| ICVR|0
|
|t:|1659366702
|move|p2a: Ho-Oh|Flare Blitz|p1a: Landorus
|-damage|p1a: Landorus|0 fnt
|faint|p1a: Landorus
|-damage|p2a: Ho-Oh|42/100 tox|[from] Recoil
|
|win|Eledyr
|n|☆pinorska|pinorska
|n|☆Eledyr|eledyr
|n| ICVR|icvr
|c|☆pinorska|f
|c|☆pinorska|rip me
|c|☆Eledyr|gg
|c| ICVR|:)
|c|☆pinorska|ayez une belle journee
|c|☆pinorska|fuck ton calyrex
|c|☆Eledyr|le gaming
|c| ICVR|toi aussi
|c| ICVR|LOL
