|raw|<div class="broadcast-blue"><strong>This battle is required to be public due to a player having a name starting with 'ult9ns'.</div>
|j|☆ULT9NS TiMe
|j|☆drakemaster524
|t:|1653386178
|gametype|singles
|player|p1|ULT9NS TiMe|2|1489
|player|p2|drakemaster524|lyra|1571
|teamsize|p1|6
|teamsize|p2|6
|gen|8
|tier|[Gen 8] Ubers
|rated|
|rule|Sleep Clause Mod: Limit one foe put to sleep
|rule|Species Clause: Limit one of each Pokémon
|rule|OHKO Clause: OHKO moves are banned
|rule|Evasion Moves Clause: Evasion moves are banned
|rule|Endless Battle Clause: Forcing endless battles is banned
|rule|HP Percentage Mod: HP is shown in percentages
|rule|Dynamax Clause: You cannot dynamax
|clearpoke
|poke|p1|Hatterene, F|
|poke|p1|Porygon2|
|poke|p1|Kyogre|
|poke|p1|Dracovish|
|poke|p1|Calyrex-Ice|
|poke|p1|Necrozma-Dusk-Mane|
|poke|p2|Froslass, F|
|poke|p2|Kyurem-Black|
|poke|p2|Glalie, F|
|poke|p2|Cloyster, M|
|poke|p2|Weavile, F|
|poke|p2|Darmanitan-Galar, F|
|teampreview
|inactive|Battle timer is ON: inactive players will automatically lose when time's up. (requested by ULT9NS TiMe)
|
|t:|1653386191
|start
|switch|p1a: Hatterene|Hatterene, F|100/100
|switch|p2a: Cloyster|Cloyster, M|100/100
|turn|1
|
|t:|1653386194
|move|p2a: Cloyster|Icicle Spear|p1a: Hatterene
|-damage|p1a: Hatterene|89/100
|-damage|p1a: Hatterene|77/100
|-damage|p1a: Hatterene|66/100
|-damage|p1a: Hatterene|53/100
|-crit|p1a: Hatterene
|-damage|p1a: Hatterene|36/100
|-hitcount|p1a: Hatterene|5
|cant|p1a: Hatterene|flinch
|
|upkeep
|turn|2
|
|t:|1653386205
|move|p2a: Cloyster|Icicle Spear|p1a: Hatterene
|-damage|p1a: Hatterene|25/100
|-damage|p1a: Hatterene|13/100
|-damage|p1a: Hatterene|1/100
|-damage|p1a: Hatterene|0 fnt
|faint|p1a: Hatterene
|-hitcount|p1: Hatterene|4
|
|upkeep
|j| Lasen
|
|t:|1653386216
|switch|p1a: Necrozma|Necrozma-Dusk-Mane|100/100
|turn|3
|
|t:|1653386218
|switch|p2a: Froslass|Froslass, F|100/100
|move|p1a: Necrozma|Trick Room|p1a: Necrozma
|-fieldstart|move: Trick Room|[of] p1a: Necrozma
|
|upkeep
|turn|4
|
|t:|1653386247
|move|p1a: Necrozma|Sunsteel Strike|p2a: Froslass
|-supereffective|p2a: Froslass
|-enditem|p2a: Froslass|Focus Sash
|-damage|p2a: Froslass|1/100
|move|p2a: Froslass|Destiny Bond|p2a: Froslass
|-singlemove|p2a: Froslass|Destiny Bond
|
|upkeep
|turn|5
|
|t:|1653386249
|move|p1a: Necrozma|Swords Dance|p1a: Necrozma
|-boost|p1a: Necrozma|atk|2
|move|p2a: Froslass|Spikes|p1a: Necrozma
|-sidestart|p1: ULT9NS TiMe|Spikes
|
|upkeep
|turn|6
|
|t:|1653386255
|move|p1a: Necrozma|Sunsteel Strike|p2a: Froslass
|-supereffective|p2a: Froslass
|-damage|p2a: Froslass|0 fnt
|faint|p2a: Froslass
|
|upkeep
|j| ULT9NS MiNi
|
|t:|1653386261
|switch|p2a: Weavile|Weavile, F|100/100
|-ability|p2a: Weavile|Pressure
|turn|7
|
|t:|1653386270
|move|p1a: Necrozma|Sunsteel Strike|p2a: Weavile
|-supereffective|p2a: Weavile
|-enditem|p2a: Weavile|Focus Sash
|-damage|p2a: Weavile|1/100
|move|p2a: Weavile|Swords Dance|p2a: Weavile
|-boost|p2a: Weavile|atk|2
|
|-fieldend|move: Trick Room
|upkeep
|turn|8
|
|t:|1653386275
|move|p2a: Weavile|Knock Off|p1a: Necrozma
|-supereffective|p1a: Necrozma
|-damage|p1a: Necrozma|0 fnt
|-enditem|p1a: Necrozma|Weakness Policy|[from] move: Knock Off|[of] p2a: Weavile
|faint|p1a: Necrozma
|
|upkeep
|
|t:|1653386278
|switch|p1a: Porygon2|Porygon2|100/100
|-damage|p1a: Porygon2|88/100|[from] Spikes
|-ability|p1a: Porygon2|Pressure|[from] ability: Trace|[of] p2a: Weavile
|-ability|p1a: Porygon2|Pressure
|turn|9
|
|t:|1653386281
|move|p2a: Weavile|Triple Axel|p1a: Porygon2
|-damage|p1a: Porygon2|78/100
|-damage|p1a: Porygon2|59/100
|-damage|p1a: Porygon2|28/100
|-hitcount|p1a: Porygon2|3
|move|p1a: Porygon2|Trick Room|p1a: Porygon2
|-fieldstart|move: Trick Room|[of] p1a: Porygon2
|
|upkeep
|turn|10
|
|t:|1653386290
|move|p1a: Porygon2|Ice Beam|p2a: Weavile
|-resisted|p2a: Weavile
|-crit|p2a: Weavile
|-damage|p2a: Weavile|0 fnt
|faint|p2a: Weavile
|
|upkeep
|
|t:|1653386293
|switch|p2a: Glalie|Glalie, F|100/100
|turn|11
|
|t:|1653386296
|move|p2a: Glalie|Substitute|p2a: Glalie
|-start|p2a: Glalie|Substitute
|-damage|p2a: Glalie|75/100
|move|p1a: Porygon2|Teleport|p1a: Porygon2
|
|t:|1653386299
|switch|p1a: Calyrex|Calyrex-Ice|100/100|[from]move: Teleport
|-ability|p1a: Calyrex|As One
|-ability|p1a: Calyrex|Unnerve
|
|-heal|p2a: Glalie|82/100|[from] item: Leftovers
|-ability|p2a: Glalie|Moody|boost
|-boost|p2a: Glalie|def|2
|-unboost|p2a: Glalie|spd|1
|upkeep
|turn|12
|
|t:|1653386304
|move|p1a: Calyrex|Icicle Spear|p2a: Glalie
|-resisted|p2a: Glalie
|-activate|p2a: Glalie|move: Substitute|[damage]
|-resisted|p2a: Glalie
|-activate|p2a: Glalie|move: Substitute|[damage]
|-resisted|p2a: Glalie
|-crit|p2a: Glalie
|-activate|p2a: Glalie|move: Substitute|[damage]
|-resisted|p2a: Glalie
|-end|p2a: Glalie|Substitute
|-hitcount|p2a: Glalie|4
|move|p2a: Glalie|Disable|p1a: Calyrex
|-start|p1a: Calyrex|Disable|Icicle Spear
|
|-heal|p2a: Glalie|88/100|[from] item: Leftovers
|-ability|p2a: Glalie|Moody|boost
|-boost|p2a: Glalie|spa|2
|-unboost|p2a: Glalie|def|1
|upkeep
|turn|13
|j| skimmythegod
|
|t:|1653386314
|move|p1a: Calyrex|Glacial Lance|p2a: Glalie
|-resisted|p2a: Glalie
|-damage|p2a: Glalie|55/100
|move|p2a: Glalie|Substitute|p2a: Glalie
|-start|p2a: Glalie|Substitute
|-damage|p2a: Glalie|30/100
|
|-heal|p2a: Glalie|36/100|[from] item: Leftovers
|-fieldend|move: Trick Room
|-ability|p2a: Glalie|Moody|boost
|-boost|p2a: Glalie|atk|2
|-unboost|p2a: Glalie|spe|1
|upkeep
|turn|14
|
|t:|1653386320
|move|p2a: Glalie|Protect|p2a: Glalie
|-singleturn|p2a: Glalie|Protect
|move|p1a: Calyrex|Trick Room|p1a: Calyrex
|-fieldstart|move: Trick Room|[of] p1a: Calyrex
|
|-heal|p2a: Glalie|42/100|[from] item: Leftovers
|-ability|p2a: Glalie|Moody|boost
|-boost|p2a: Glalie|atk|2
|-unboost|p2a: Glalie|spe|1
|upkeep
|turn|15
|l| skimmythegod
|
|t:|1653386332
|move|p1a: Calyrex|Glacial Lance|p2a: Glalie
|-resisted|p2a: Glalie
|-end|p2a: Glalie|Substitute
|move|p2a: Glalie|Substitute|p2a: Glalie
|-start|p2a: Glalie|Substitute
|-damage|p2a: Glalie|17/100
|
|-heal|p2a: Glalie|23/100|[from] item: Leftovers
|-ability|p2a: Glalie|Moody|boost
|-boost|p2a: Glalie|spe|2
|-unboost|p2a: Glalie|spd|1
|upkeep
|turn|16
|
|t:|1653386336
|move|p2a: Glalie|Protect|p2a: Glalie
|-singleturn|p2a: Glalie|Protect
|move|p1a: Calyrex|High Horsepower|p2a: Glalie
|-activate|p2a: Glalie|move: Protect
|
|-heal|p2a: Glalie|29/100|[from] item: Leftovers
|-end|p1a: Calyrex|Disable
|-ability|p2a: Glalie|Moody|boost
|-boost|p2a: Glalie|spd|2
|-unboost|p2a: Glalie|def|1
|upkeep
|turn|17
|
|t:|1653386345
|move|p1a: Calyrex|Icicle Spear|p2a: Glalie
|-resisted|p2a: Glalie
|-activate|p2a: Glalie|move: Substitute|[damage]
|-resisted|p2a: Glalie
|-activate|p2a: Glalie|move: Substitute|[damage]
|-resisted|p2a: Glalie
|-end|p2a: Glalie|Substitute
|-resisted|p2a: Glalie
|-damage|p2a: Glalie|19/100
|-hitcount|p2a: Glalie|4
|move|p2a: Glalie|Freeze-Dry|p1a: Calyrex
|-resisted|p1a: Calyrex
|-damage|p1a: Calyrex|86/100
|
|-heal|p2a: Glalie|25/100|[from] item: Leftovers
|-ability|p2a: Glalie|Moody|boost
|-boost|p2a: Glalie|spe|2
|-unboost|p2a: Glalie|spa|1
|upkeep
|turn|18
|
|t:|1653386375
|move|p2a: Glalie|Protect|p2a: Glalie
|-singleturn|p2a: Glalie|Protect
|move|p1a: Calyrex|Glacial Lance|p2a: Glalie
|-activate|p2a: Glalie|move: Protect
|
|-heal|p2a: Glalie|31/100|[from] item: Leftovers
|-fieldend|move: Trick Room
|-ability|p2a: Glalie|Moody|boost
|-boost|p2a: Glalie|atk|2
|-unboost|p2a: Glalie|spa|1
|upkeep
|turn|19
|
|t:|1653386385
|move|p2a: Glalie|Freeze-Dry|p1a: Calyrex
|-resisted|p1a: Calyrex
|-damage|p1a: Calyrex|80/100
|move|p1a: Calyrex|Trick Room|p1a: Calyrex
|-fieldstart|move: Trick Room|[of] p1a: Calyrex
|
|-heal|p2a: Glalie|37/100|[from] item: Leftovers
|-ability|p2a: Glalie|Moody|boost
|-boost|p2a: Glalie|spa|2
|-unboost|p2a: Glalie|spd|1
|upkeep
|turn|20
|
|t:|1653386409
|move|p2a: Glalie|Protect|p2a: Glalie
|-singleturn|p2a: Glalie|Protect
|move|p1a: Calyrex|Icicle Spear|p2a: Glalie
|-activate|p2a: Glalie|move: Protect
|
|-heal|p2a: Glalie|43/100|[from] item: Leftovers
|-ability|p2a: Glalie|Moody|boost
|-boost|p2a: Glalie|spa|2
|-unboost|p2a: Glalie|atk|1
|upkeep
|turn|21
|
|t:|1653386418
|switch|p2a: Darmanitan|Darmanitan-Galar, F|100/100
|move|p1a: Calyrex|Glacial Lance|p2a: Darmanitan
|-resisted|p2a: Darmanitan
|-damage|p2a: Darmanitan|30/100
|
|upkeep
|turn|22
|
|t:|1653386426
|switch|p2a: Glalie|Glalie, F|43/100
|move|p1a: Calyrex|Glacial Lance|p2a: Glalie
|-resisted|p2a: Glalie
|-damage|p2a: Glalie|0 fnt
|faint|p2a: Glalie
|-ability|p1a: Calyrex|Chilling Neigh|boost
|-boost|p1a: Calyrex|atk|1
|
|upkeep
|
|t:|1653386429
|switch|p2a: Cloyster|Cloyster, M|100/100
|turn|23
|
|t:|1653386434
|move|p1a: Calyrex|High Horsepower|p2a: Cloyster
|-damage|p2a: Cloyster|46/100
|move|p2a: Cloyster|Shell Smash|p2a: Cloyster
|-unboost|p2a: Cloyster|def|1
|-unboost|p2a: Cloyster|spd|1
|-boost|p2a: Cloyster|atk|2
|-boost|p2a: Cloyster|spa|2
|-boost|p2a: Cloyster|spe|2
|
|-fieldend|move: Trick Room
|upkeep
|turn|24
|
|t:|1653386438
|move|p2a: Cloyster|Rock Blast|p1a: Calyrex
|-supereffective|p1a: Calyrex
|-damage|p1a: Calyrex|62/100
|-supereffective|p1a: Calyrex
|-damage|p1a: Calyrex|46/100
|-supereffective|p1a: Calyrex
|-damage|p1a: Calyrex|29/100
|-supereffective|p1a: Calyrex
|-damage|p1a: Calyrex|13/100
|-supereffective|p1a: Calyrex
|-damage|p1a: Calyrex|0 fnt
|faint|p1a: Calyrex
|-hitcount|p1: Calyrex|5
|
|upkeep
|
|t:|1653386450
|switch|p1a: Porygon2|Porygon2|28/100
|-damage|p1a: Porygon2|16/100|[from] Spikes
|-ability|p1a: Porygon2|Skill Link|[from] ability: Trace|[of] p2a: Cloyster
|turn|25
|
|t:|1653386454
|move|p2a: Cloyster|Icicle Spear|p1a: Porygon2
|-damage|p1a: Porygon2|6/100
|-damage|p1a: Porygon2|0 fnt
|faint|p1a: Porygon2
|-hitcount|p1: Porygon2|2
|
|upkeep
|
|t:|1653386456
|switch|p1a: Kyogre|Kyogre|100/100
|-damage|p1a: Kyogre|88/100|[from] Spikes
|-weather|RainDance|[from] ability: Drizzle|[of] p1a: Kyogre
|turn|26
|
|t:|1653386460
|move|p2a: Cloyster|Rock Blast|p1a: Kyogre|[miss]
|-miss|p2a: Cloyster|p1a: Kyogre
|move|p1a: Kyogre|Thunder|p2a: Cloyster
|-supereffective|p2a: Cloyster
|-damage|p2a: Cloyster|0 fnt
|faint|p2a: Cloyster
|
|-weather|RainDance|[upkeep]
|upkeep
|
|t:|1653386466
|switch|p2a: Kyurem|Kyurem-Black|100/100
|-ability|p2a: Kyurem|Teravolt
|turn|27
|
|t:|1653386479
|move|p2a: Kyurem|Dragon Dance|p2a: Kyurem
|-boost|p2a: Kyurem|atk|1
|-boost|p2a: Kyurem|spe|1
|move|p1a: Kyogre|Thunder|p2a: Kyurem
|-resisted|p2a: Kyurem
|-damage|p2a: Kyurem|68/100
|
|-weather|RainDance|[upkeep]
|upkeep
|turn|28
|
|t:|1653386495
|move|p2a: Kyurem|Fusion Bolt|p1a: Kyogre
|-supereffective|p1a: Kyogre
|-damage|p1a: Kyogre|0 fnt
|faint|p1a: Kyogre
|
|-weather|RainDance|[upkeep]
|upkeep
|
|t:|1653386498
|switch|p1a: Dracovish|Dracovish|100/100
|-damage|p1a: Dracovish|88/100|[from] Spikes
|turn|29
|
|t:|1653386502
|move|p2a: Kyurem|Fling|p1a: Dracovish
|-damage|p1a: Dracovish|12/100
|-enditem|p2a: Kyurem|TR43|[from] move: Fling
|move|p1a: Dracovish|Outrage|p2a: Kyurem
|-supereffective|p2a: Kyurem
|-damage|p2a: Kyurem|0 fnt
|faint|p2a: Kyurem
|
|-weather|RainDance|[upkeep]
|upkeep
|
|t:|1653386504
|switch|p2a: Darmanitan|Darmanitan-Galar, F|30/100
|turn|30
|
|t:|1653386508
|move|p2a: Darmanitan|U-turn|p1a: Dracovish
|-damage|p1a: Dracovish|0 fnt
|faint|p1a: Dracovish
|
|win|drakemaster524
|raw|ULT9NS TiMe's rating: 1474 &rarr; <strong>1459</strong><br />(-15 for losing)
|raw|drakemaster524's rating: 1571 &rarr; <strong>1586</strong><br />(+15 for winning)
|l| Lasen
|l|☆ULT9NS TiMe
|j| ULT9NS KB
|l| ULT9NS MiNi
