|j|☆GeniusMike
|j|☆smee maimen
|inactive|Battle timer is ON: inactive players will automatically lose when time's up.
|t:|1655751650
|gametype|singles
|player|p1|GeniusMike|102|
|player|p2|smee maimen|cameraman|
|teamsize|p1|6
|teamsize|p2|6
|gen|8
|tier|[Gen 8] Ubers
|rated|Tournament battle
|rule|Sleep Clause Mod: Limit one foe put to sleep
|rule|Species Clause: Limit one of each Pokémon
|rule|OHKO Clause: OHKO moves are banned
|rule|Evasion Moves Clause: Evasion moves are banned
|rule|Endless Battle Clause: Forcing endless battles is banned
|rule|HP Percentage Mod: HP is shown in percentages
|rule|Dynamax Clause: You cannot dynamax
|clearpoke
|poke|p1|Jirachi|
|poke|p1|Klefki, M|
|poke|p1|Sylveon, F|
|poke|p1|Barbaracle, M|
|poke|p1|Mimikyu, M|
|poke|p1|Toxapex, F|
|poke|p2|Bisharp, M|
|poke|p2|Garchomp, M|
|poke|p2|Magnezone|
|poke|p2|Gyarados, M|
|poke|p2|Cobalion|
|poke|p2|Melmetal|
|teampreview
|inactive|GeniusMike also wants the timer to be on.
|inactive|GeniusMike has 120 seconds left.
|j| mark_of_chaos
|
|t:|1655751692
|start
|switch|p1a: Smith|Klefki, M, shiny|100/100
|switch|p2a: Masketta Man|Magnezone|100/100
|turn|1
|
|t:|1655751697
|move|p1a: Smith|Stealth Rock|p2a: Masketta Man
|-sidestart|p2: smee maimen|move: Stealth Rock
|move|p2a: Masketta Man|Flamethrower|p1a: Smith
|-supereffective|p1a: Smith
|-damage|p1a: Smith|0 fnt
|faint|p1a: Smith
|
|upkeep
|
|t:|1655751716
|switch|p1a: Miranda|Toxapex, F, shiny|100/100
|turn|2
|
|t:|1655751718
|move|p2a: Masketta Man|Thunderbolt|p1a: Miranda
|-supereffective|p1a: Miranda
|-damage|p1a: Miranda|8/100
|move|p1a: Miranda|Knock Off|p2a: Masketta Man
|-damage|p2a: Masketta Man|86/100
|-enditem|p2a: Masketta Man|Assault Vest|[from] move: Knock Off|[of] p1a: Miranda
|
|-heal|p1a: Miranda|14/100|[from] item: Black Sludge
|upkeep
|turn|3
|
|t:|1655751726
|move|p2a: Masketta Man|Thunderbolt|p1a: Miranda
|-supereffective|p1a: Miranda
|-damage|p1a: Miranda|0 fnt
|faint|p1a: Miranda
|
|upkeep
|
|t:|1655751737
|switch|p1a: Megan|Sylveon, F, shiny|100/100
|turn|4
|
|t:|1655751739
|move|p2a: Masketta Man|Flash Cannon|p1a: Megan
|-supereffective|p1a: Megan
|-damage|p1a: Megan|57/100
|-unboost|p1a: Megan|spd|1
|move|p1a: Megan|Mystical Fire|p2a: Masketta Man
|-supereffective|p2a: Masketta Man
|-damage|p2a: Masketta Man|35/100
|-unboost|p2a: Masketta Man|spa|1
|
|upkeep
|turn|5
|
|t:|1655751747
|switch|p1a: Robin|Jirachi, shiny|100/100
|move|p2a: Masketta Man|Flash Cannon|p1a: Robin
|-resisted|p1a: Robin
|-damage|p1a: Robin|80/100
|
|upkeep
|turn|6
|
|t:|1655751750
|move|p1a: Robin|Sacred Fire|p2a: Masketta Man
|-supereffective|p2a: Masketta Man
|-damage|p2a: Masketta Man|0 fnt
|faint|p2a: Masketta Man
|
|upkeep
|
|t:|1655751758
|switch|p2a: Wreckage Brother|Gyarados, M|100/100
|-damage|p2a: Wreckage Brother|76/100|[from] Stealth Rock
|turn|7
|
|t:|1655751764
|move|p1a: Robin|Zen Headbutt|p2a: Wreckage Brother
|-damage|p2a: Wreckage Brother|34/100
|cant|p2a: Wreckage Brother|flinch
|
|upkeep
|turn|8
|
|t:|1655751771
|move|p1a: Robin|Zen Headbutt|p2a: Wreckage Brother
|-damage|p2a: Wreckage Brother|0 fnt
|faint|p2a: Wreckage Brother
|
|upkeep
|l| mark_of_chaos
|
|t:|1655751774
|switch|p2a: Bane|Garchomp, M|100/100
|-damage|p2a: Bane|94/100|[from] Stealth Rock
|turn|9
|
|t:|1655751781
|move|p2a: Bane|Earthquake|p1a: Robin
|-supereffective|p1a: Robin
|-damage|p1a: Robin|0 fnt
|faint|p1a: Robin
|-damage|p2a: Bane|85/100|[from] item: Life Orb
|
|upkeep
|
|t:|1655751788
|switch|p1a: Davey Jones|Barbaracle, M, shiny|100/100
|turn|10
|
|t:|1655751790
|move|p2a: Bane|Earthquake|p1a: Davey Jones
|-supereffective|p1a: Davey Jones
|-enditem|p1a: Davey Jones|Focus Sash
|-damage|p1a: Davey Jones|1/100
|-damage|p2a: Bane|75/100|[from] item: Life Orb
|move|p1a: Davey Jones|Shell Smash|p1a: Davey Jones
|-unboost|p1a: Davey Jones|def|1
|-unboost|p1a: Davey Jones|spd|1
|-boost|p1a: Davey Jones|atk|2
|-boost|p1a: Davey Jones|spa|2
|-boost|p1a: Davey Jones|spe|2
|
|upkeep
|turn|11
|
|t:|1655751795
|move|p1a: Davey Jones|Liquidation|p2a: Bane
|-damage|p2a: Bane|0 fnt
|faint|p2a: Bane
|
|upkeep
|
|t:|1655751798
|switch|p2a: Bill "CIA" Wilson|Bisharp, M, shiny|100/100
|-damage|p2a: Bill "CIA" Wilson|95/100|[from] Stealth Rock
|turn|12
|
|t:|1655751813
|move|p1a: Davey Jones|Accelerock|p2a: Bill "CIA" Wilson
|-resisted|p2a: Bill "CIA" Wilson
|-damage|p2a: Bill "CIA" Wilson|71/100
|move|p2a: Bill "CIA" Wilson|Bullet Punch|p1a: Davey Jones
|-damage|p1a: Davey Jones|0 fnt
|faint|p1a: Davey Jones
|
|upkeep
|
|t:|1655751824
|switch|p1a: Freddy|Mimikyu, M, shiny|100/100
|turn|13
|
|t:|1655751827
|move|p1a: Freddy|Drain Punch|p2a: Bill "CIA" Wilson
|-supereffective|p2a: Bill "CIA" Wilson
|-damage|p2a: Bill "CIA" Wilson|0 fnt
|faint|p2a: Bill "CIA" Wilson
|
|upkeep
|
|t:|1655751831
|switch|p2a: Hothead|Cobalion|100/100
|-damage|p2a: Hothead|97/100|[from] Stealth Rock
|turn|14
|
|t:|1655751838
|move|p2a: Hothead|Iron Head|p1a: Freddy
|-activate|p1a: Freddy|ability: Disguise
|-damage|p1a: Freddy|100/100
|detailschange|p1a: Freddy|Mimikyu-Busted, M, shiny
|-damage|p1a: Freddy|88/100|[from] pokemon: Mimikyu-Busted
|-damage|p2a: Hothead|87/100|[from] item: Life Orb
|move|p1a: Freddy|Drain Punch|p2a: Hothead
|-supereffective|p2a: Hothead
|-damage|p2a: Hothead|53/100
|-heal|p1a: Freddy|100/100|[from] drain|[of] p2a: Hothead
|
|upkeep
|turn|15
|j|#UT
|
|t:|1655751844
|move|p2a: Hothead|Iron Head|p1a: Freddy
|-supereffective|p1a: Freddy
|-damage|p1a: Freddy|0 fnt
|faint|p1a: Freddy
|-damage|p2a: Hothead|44/100|[from] item: Life Orb
|
|upkeep
|
|t:|1655751847
|switch|p1a: Megan|Sylveon, F, shiny|57/100
|turn|16
|c|☆GeniusMike|gg
|
|t:|1655751852
|move|p2a: Hothead|Iron Head|p1a: Megan
|-supereffective|p1a: Megan
|-damage|p1a: Megan|0 fnt
|faint|p1a: Megan
|-damage|p2a: Hothead|34/100|[from] item: Life Orb
|
|win|smee maimen
|n|☆GeniusMike|geniusmike
|n|☆smee maimen|smeemaimen
|n|+UT|ut
