|j|☆I like Lovely
|j|☆Terra the creator
|player|p1|I like Lovely|pokekid|
|player|p2|Terra the creator|dawn|
|teamsize|p1|6
|teamsize|p2|6
|gametype|singles
|gen|8
|tier|[Gen 8] Ubers
|clearpoke
|poke|p1|Ferrothorn, F|
|poke|p1|Necrozma-Dusk-Mane|
|poke|p1|Zekrom|
|poke|p1|Lunala|
|poke|p1|Mandibuzz, F|
|poke|p1|Togekiss, M|
|poke|p2|Kyurem-White|
|poke|p2|Dugtrio, M|
|poke|p2|Mandibuzz, F|
|poke|p2|Eternatus|
|poke|p2|Necrozma-Dusk-Mane|
|poke|p2|Clefable, F|
|rule|Sleep Clause Mod: Limit one foe put to sleep
|rule|Species Clause: Limit one of each Pokémon
|rule|OHKO Clause: OHKO moves are banned
|rule|Evasion Moves Clause: Evasion moves are banned
|rule|Endless Battle Clause: Forcing endless battles is banned
|rule|HP Percentage Mod: HP is shown in percentages
|teampreview
|j| chnghxsdnbhd
|l| chnghxsdnbhd
|c|☆I like Lovely|Ok let's recreate the scenario ok?
|c|☆Terra the creator|Ok
|c|☆Terra the creator|so i lead kyu
|c|☆Terra the creator|u dusk
|
|start
|switch|p1a: Necrozma|Necrozma-Dusk-Mane|100/100
|switch|p2a: Kyurem|Kyurem-White|100/100
|-ability|p2a: Kyurem|Turboblaze
|turn|1
|c|☆Terra the creator|i Fusion u go mandi
|
|switch|p1a: Mandibuzz|Mandibuzz, F|100/100
|move|p2a: Kyurem|Fusion Flare|p1a: Mandibuzz
|-damage|p1a: Mandibuzz|71/100
|
|upkeep
|turn|2
|c|☆Terra the creator|I freezy u roost
|c|☆I like Lovely|I roost you freeze
|
|move|p2a: Kyurem|Freeze-Dry|p1a: Mandibuzz
|-supereffective|p1a: Mandibuzz
|-damage|p1a: Mandibuzz|9/100
|move|p1a: Mandibuzz|Roost|p1a: Mandibuzz
|-heal|p1a: Mandibuzz|59/100
|-singleturn|p1a: Mandibuzz|move: Roost
|
|upkeep
|turn|3
|c|☆Terra the creator|Toxic and u go lunal
|
|switch|p1a: Lunala|Lunala|100/100
|move|p2a: Kyurem|Toxic|p1a: Lunala
|-status|p1a: Lunala|tox
|
|-damage|p1a: Lunala|94/100 tox|[from] psn
|upkeep
|turn|4
|c|☆I like Lovely|I go twave right?
|c|☆Terra the creator|Was checking
|c|☆Terra the creator|yea I go mandi
|
|switch|p2a: Mandibuzz|Mandibuzz, F|100/100
|move|p1a: Lunala|Thunder Wave|p2a: Mandibuzz
|-status|p2a: Mandibuzz|par
|
|-damage|p1a: Lunala|82/100 tox|[from] psn
|upkeep
|turn|5
|c|☆Terra the creator|U went mandi
|c|☆Terra the creator|i went clef
|
|switch|p1a: Mandibuzz|Mandibuzz, F|59/100
|switch|p2a: Clefable|Clefable, F|100/100
|
|upkeep
|turn|6
|c|☆Terra the creator|I wish u go dusk
|
|switch|p1a: Necrozma|Necrozma-Dusk-Mane|100/100
|move|p2a: Clefable|Wish|p2a: Clefable
|
|upkeep
|turn|7
|c|☆Terra the creator|I dusk
|c|☆Terra the creator|U twave
|
|switch|p2a: Necrozma|Necrozma-Dusk-Mane|100/100
|move|p1a: Necrozma|Thunder Wave|p2a: Necrozma
|-status|p2a: Necrozma|par
|
|upkeep
|turn|8
|c|☆Terra the creator|Ok now it starts to be annoying
|c|☆Terra the creator|cause u went ferro i got paraed
|c|☆Terra the creator|I guess I will morning
|c|☆I like Lovely|Mhm ok
|c|☆Terra the creator|to make the scenario as similar
|c|☆Terra the creator|as possible
|
|switch|p1a: Ferrothorn|Ferrothorn, F|100/100
|move|p2a: Necrozma|Morning Sun||[still]
|-fail|p2a: Necrozma
|
|upkeep
|turn|9
|c|☆I like Lovely|Could switch too
|c|☆I like Lovely|And then go back
|c|☆Terra the creator|Nop
|c|☆Terra the creator|i lose 1 more turn
|c|☆Terra the creator|that way
|
|move|p2a: Necrozma|Stealth Rock|p1a: Ferrothorn
|-sidestart|p1: I like Lovely|move: Stealth Rock
|move|p1a: Ferrothorn|Spikes|p2a: Necrozma
|-sidestart|p2: Terra the creator|Spikes
|
|upkeep
|turn|10
|c|☆Terra the creator|Now u spike
|c|☆Terra the creator|I knock
|c|☆Terra the creator|u spike
|
|cant|p2a: Necrozma|par
|move|p1a: Ferrothorn|Spikes|p2a: Necrozma
|-sidestart|p2: Terra the creator|Spikes
|
|upkeep
|turn|11
|c|☆Terra the creator|Zz
|c|☆Terra the creator|ok this is annoying
|c|☆Terra the creator|i guess I will not knock
|c|☆Terra the creator|and go directly
|c|☆Terra the creator|eter
|c|☆I like Lovely|Or we both switch and go back
|c|☆I like Lovely|Wait
|c|☆Terra the creator|Spike dmg
|c|☆I like Lovely|Oh
|c|☆I like Lovely|I can curse
|c|☆I like Lovely|Does that work?
|c|☆Terra the creator|Knock does more to eter
|c|☆Terra the creator|but I guess
|c|☆Terra the creator|it works
|
|move|p2a: Necrozma|Knock Off|p1a: Ferrothorn
|-damage|p1a: Ferrothorn|79/100
|-damage|p2a: Necrozma|88/100 par|[from] ability: Iron Barbs|[of] p1a: Ferrothorn
|-enditem|p1a: Ferrothorn|Leftovers|[from] move: Knock Off|[of] p2a: Necrozma
|move|p1a: Ferrothorn|Curse|p1a: Ferrothorn
|-unboost|p1a: Ferrothorn|spe|1
|-boost|p1a: Ferrothorn|atk|1
|-boost|p1a: Ferrothorn|def|1
|
|-heal|p2a: Necrozma|94/100 par|[from] item: Leftovers
|upkeep
|turn|12
|
|switch|p2a: Eternatus|Eternatus|100/100
|-damage|p2a: Eternatus|84/100|[from] Spikes
|-ability|p2a: Eternatus|Pressure
|move|p1a: Ferrothorn|Knock Off|p2a: Eternatus
|-damage|p2a: Eternatus|64/100
|-enditem|p2a: Eternatus|Black Sludge|[from] move: Knock Off|[of] p1a: Ferrothorn
|
|upkeep
|turn|13
|c|☆Terra the creator|Ok now I flame
|c|☆Terra the creator|u go dusk
|
|switch|p1a: Necrozma|Necrozma-Dusk-Mane|100/100
|-damage|p1a: Necrozma|94/100|[from] Stealth Rock
|move|p2a: Eternatus|Flamethrower|p1a: Necrozma
|-supereffective|p1a: Necrozma
|-damage|p1a: Necrozma|58/100
|
|-heal|p1a: Necrozma|64/100|[from] item: Leftovers
|upkeep
|turn|14
|c|☆Terra the creator|Now flame
|c|☆Terra the creator|u morning
|
|move|p2a: Eternatus|Flamethrower|p1a: Necrozma
|-supereffective|p1a: Necrozma
|-damage|p1a: Necrozma|31/100
|move|p1a: Necrozma|Morning Sun|p1a: Necrozma
|-heal|p1a: Necrozma|81/100
|
|-heal|p1a: Necrozma|87/100|[from] item: Leftovers
|upkeep
|turn|15
|c|☆Terra the creator|U twave
|c|☆Terra the creator|i flame
|
|move|p2a: Eternatus|Flamethrower|p1a: Necrozma
|-supereffective|p1a: Necrozma
|-damage|p1a: Necrozma|55/100
|move|p1a: Necrozma|Thunder Wave|p2a: Eternatus
|-status|p2a: Eternatus|par
|
|-heal|p1a: Necrozma|61/100|[from] item: Leftovers
|upkeep
|turn|16
|c|☆I like Lovely|Oh u got a burn
|c|☆Terra the creator|Yea
|c|☆Terra the creator|Now
|c|☆Terra the creator|i technically
|c|☆Terra the creator|get the burn
|
|move|p1a: Necrozma|Morning Sun|p1a: Necrozma
|-heal|p1a: Necrozma|100/100
|cant|p2a: Eternatus|par
|
|upkeep
|turn|17
|c|☆I like Lovely|Lol
|c|☆Terra the creator|Zz
|c|☆Terra the creator|How do we do
|c|☆I like Lovely|Let's just wait for the burn
|
|move|p1a: Necrozma|Thunder Wave|p2a: Eternatus
|-fail|p2a: Eternatus|par
|move|p2a: Eternatus|Flamethrower|p1a: Necrozma
|-supereffective|p1a: Necrozma
|-damage|p1a: Necrozma|64/100
|
|-heal|p1a: Necrozma|70/100|[from] item: Leftovers
|upkeep
|turn|18
|
|move|p1a: Necrozma|Morning Sun|p1a: Necrozma
|-heal|p1a: Necrozma|100/100
|cant|p2a: Eternatus|par
|
|upkeep
|turn|19
|
|move|p1a: Necrozma|Thunder Wave|p2a: Eternatus
|-fail|p2a: Eternatus|par
|move|p2a: Eternatus|Flamethrower|p1a: Necrozma
|-supereffective|p1a: Necrozma
|-damage|p1a: Necrozma|64/100
|
|-heal|p1a: Necrozma|70/100|[from] item: Leftovers
|upkeep
|turn|20
|
|move|p1a: Necrozma|Thunder Wave|p2a: Eternatus
|-fail|p2a: Eternatus|par
|move|p2a: Eternatus|Flamethrower|p1a: Necrozma
|-supereffective|p1a: Necrozma
|-damage|p1a: Necrozma|33/100
|
|-heal|p1a: Necrozma|39/100|[from] item: Leftovers
|upkeep
|turn|21
|
|move|p1a: Necrozma|Morning Sun|p1a: Necrozma
|-heal|p1a: Necrozma|89/100
|cant|p2a: Eternatus|par
|
|-heal|p1a: Necrozma|95/100|[from] item: Leftovers
|upkeep
|turn|22
|
|move|p1a: Necrozma|Thunder Wave|p2a: Eternatus
|-fail|p2a: Eternatus|par
|move|p2a: Eternatus|Flamethrower|p1a: Necrozma
|-supereffective|p1a: Necrozma
|-damage|p1a: Necrozma|62/100
|
|-heal|p1a: Necrozma|68/100|[from] item: Leftovers
|upkeep
|turn|23
|
|move|p1a: Necrozma|Thunder Wave|p2a: Eternatus
|-fail|p2a: Eternatus|par
|move|p2a: Eternatus|Flamethrower|p1a: Necrozma
|-supereffective|p1a: Necrozma
|-damage|p1a: Necrozma|35/100
|
|-heal|p1a: Necrozma|41/100|[from] item: Leftovers
|upkeep
|turn|24
|c|☆Terra the creator|Lol
|
|move|p1a: Necrozma|Morning Sun|p1a: Necrozma
|-heal|p1a: Necrozma|91/100
|move|p2a: Eternatus|Flamethrower|p1a: Necrozma
|-supereffective|p1a: Necrozma
|-damage|p1a: Necrozma|58/100
|
|-heal|p1a: Necrozma|64/100|[from] item: Leftovers
|upkeep
|turn|25
|
|move|p1a: Necrozma|Thunder Wave|p2a: Eternatus
|-fail|p2a: Eternatus|par
|cant|p2a: Eternatus|par
|
|-heal|p1a: Necrozma|70/100|[from] item: Leftovers
|upkeep
|turn|26
|
|move|p1a: Necrozma|Thunder Wave|p2a: Eternatus
|-fail|p2a: Eternatus|par
|cant|p2a: Eternatus|par
|
|-heal|p1a: Necrozma|76/100|[from] item: Leftovers
|upkeep
|turn|27
|
|move|p1a: Necrozma|Thunder Wave|p2a: Eternatus
|-fail|p2a: Eternatus|par
|move|p2a: Eternatus|Flamethrower|p1a: Necrozma
|-supereffective|p1a: Necrozma
|-damage|p1a: Necrozma|41/100
|
|-heal|p1a: Necrozma|47/100|[from] item: Leftovers
|upkeep
|turn|28
|
|move|p1a: Necrozma|Thunder Wave|p2a: Eternatus
|-fail|p2a: Eternatus|par
|move|p2a: Eternatus|Flamethrower|p1a: Necrozma
|-supereffective|p1a: Necrozma
|-damage|p1a: Necrozma|16/100
|
|-heal|p1a: Necrozma|22/100|[from] item: Leftovers
|upkeep
|turn|29
|c|☆Terra the creator|Ok fuck all
|c|☆Terra the creator|u are wasting to many pp
|
|move|p1a: Necrozma|Morning Sun|p1a: Necrozma
|-heal|p1a: Necrozma|72/100
|move|p2a: Eternatus|Flamethrower|p1a: Necrozma
|-supereffective|p1a: Necrozma
|-damage|p1a: Necrozma|35/100
|
|-heal|p1a: Necrozma|41/100|[from] item: Leftovers
|upkeep
|turn|30
|
|move|p1a: Necrozma|Morning Sun|p1a: Necrozma
|-heal|p1a: Necrozma|91/100
|move|p2a: Eternatus|Flamethrower|p1a: Necrozma
|-supereffective|p1a: Necrozma
|-damage|p1a: Necrozma|54/100
|-status|p1a: Necrozma|brn
|
|-heal|p1a: Necrozma|60/100 brn|[from] item: Leftovers
|-damage|p1a: Necrozma|54/100 brn|[from] brn
|upkeep
|turn|31
|j| TectonicDestroyer
|c|☆Terra the creator|Finally
|c|☆I like Lovely|Easy
|c|☆I like Lovely|Now what
|c|☆Terra the creator|I went fable
|c|☆Terra the creator|U morninged
|c|☆Terra the creator|technic
|c|☆I like Lovely|Ok
|
|switch|p2a: Clefable|Clefable, F|100/100
|-damage|p2a: Clefable|84/100|[from] Spikes
|move|p1a: Necrozma|Morning Sun|p1a: Necrozma
|-heal|p1a: Necrozma|100/100 brn
|
|-heal|p2a: Clefable|90/100|[from] item: Leftovers
|-damage|p1a: Necrozma|94/100 brn|[from] brn
|upkeep
|turn|32
|c|☆Terra the creator|U sunsteel I tect
|
|move|p2a: Clefable|Protect|p2a: Clefable
|-singleturn|p2a: Clefable|Protect
|move|p1a: Necrozma|Sunsteel Strike|p2a: Clefable
|-activate|p2a: Clefable|move: Protect
|
|-heal|p1a: Necrozma|100/100 brn|[from] item: Leftovers
|-heal|p2a: Clefable|96/100|[from] item: Leftovers
|-damage|p1a: Necrozma|94/100 brn|[from] brn
|upkeep
|turn|33
|c|☆Terra the creator|I dusk
|c|☆Terra the creator|U sunsteel
|c|☆Terra the creator|and than clefable toge
|c|☆Terra the creator|and that will be the hell
|c|☆Terra the creator|to recreate
|c| TectonicDestroyer|lol
|
|switch|p2a: Necrozma|Necrozma-Dusk-Mane|94/100 par
|-damage|p2a: Necrozma|78/100 par|[from] Spikes
|move|p1a: Necrozma|Sunsteel Strike|p2a: Necrozma
|-resisted|p2a: Necrozma
|-damage|p2a: Necrozma|71/100 par
|
|-heal|p1a: Necrozma|100/100 brn|[from] item: Leftovers
|-heal|p2a: Necrozma|77/100 par|[from] item: Leftovers
|-damage|p1a: Necrozma|94/100 brn|[from] brn
|upkeep
|turn|34
|
|switch|p1a: Togekiss|Togekiss, M|100/100
|-damage|p1a: Togekiss|76/100|[from] Stealth Rock
|switch|p2a: Clefable|Clefable, F|96/100
|-damage|p2a: Clefable|80/100|[from] Spikes
|
|-heal|p1a: Togekiss|82/100|[from] item: Leftovers
|-heal|p2a: Clefable|86/100|[from] item: Leftovers
|upkeep
|turn|35
|c|☆Terra the creator|I hell u sub
|
|move|p1a: Togekiss|Substitute|p1a: Togekiss
|-start|p1a: Togekiss|Substitute
|-damage|p1a: Togekiss|57/100
|move|p2a: Clefable|Heal Bell|p2a: Clefable
|-activate|p2a: Clefable|move: Heal Bell
|-curestatus|p2: Necrozma|par|[msg]
|-curestatus|p2: Eternatus|par|[msg]
|-curestatus|p2: Mandibuzz|par|[msg]
|
|-heal|p1a: Togekiss|63/100|[from] item: Leftovers
|-heal|p2a: Clefable|92/100|[from] item: Leftovers
|upkeep
|turn|36
|c|☆Terra the creator|U twave
|c|☆Terra the creator|i moon
|
|move|p1a: Togekiss|Thunder Wave|p2a: Clefable
|-status|p2a: Clefable|par
|move|p2a: Clefable|Moonblast|p1a: Togekiss
|-end|p1a: Togekiss|Substitute
|
|-heal|p1a: Togekiss|69/100|[from] item: Leftovers
|-heal|p2a: Clefable|98/100 par|[from] item: Leftovers
|upkeep
|turn|37
|c|☆Terra the creator|U sub
|c|☆Terra the creator|i para
|c|☆Terra the creator|so I will click tect
|c| TectonicDestroyer|no
|c| TectonicDestroyer|u should
|c| TectonicDestroyer|go to mandi
|c| TectonicDestroyer|then back to clef
|c| TectonicDestroyer|same situation
|c|☆Terra the creator|Spikes
|c|☆Terra the creator|dmg
|c| TectonicDestroyer|mandi is flying
|c| TectonicDestroyer|lmao
|c| TectonicDestroyer|wait are u not
|c|☆Terra the creator|clef
|c| TectonicDestroyer|magic guard
|c|☆Terra the creator|no
|c|☆Terra the creator|...
|c| TectonicDestroyer|f
|c| TectonicDestroyer|oh man
|c| TectonicDestroyer|this is gong to be
|c|☆I like Lovely|Unaware to check marsh I assume
|c|☆Terra the creator|Tect is the most similar
|c| TectonicDestroyer|painful
|c| TectonicDestroyer|LOL
|c| TectonicDestroyer|i mean
|c|☆Terra the creator|yea ball
|c| TectonicDestroyer|2 spikes
|c| TectonicDestroyer|is how much dmg
|c|☆Terra the creator|18
|c| TectonicDestroyer|oh ye too much
|c|☆I like Lovely|Lots
|
|move|p2a: Clefable|Protect|p2a: Clefable
|-singleturn|p2a: Clefable|Protect
|move|p1a: Togekiss|Substitute|p1a: Togekiss
|-start|p1a: Togekiss|Substitute
|-damage|p1a: Togekiss|44/100
|
|-heal|p1a: Togekiss|50/100|[from] item: Leftovers
|-heal|p2a: Clefable|100/100 par|[from] item: Leftovers
|upkeep
|turn|38
|c|☆I like Lovely|Ok
|c|☆Terra the creator|U akr
|c|☆Terra the creator|air
|c|☆I like Lovely|Wanna just play from here?
|c|☆Terra the creator|sure
|c| TectonicDestroyer|lol
|c| TectonicDestroyer|in the replay
|c| TectonicDestroyer|toge is about to kill clef
|c|☆Terra the creator|It was hell
|c|☆I like Lovely|Recreating all the flinches sounds
|c|☆Terra the creator|from there
|c|☆I like Lovely|Bad
|c| TectonicDestroyer|ig u could just
|c| TectonicDestroyer|let clef die
|
|move|p1a: Togekiss|Air Slash|p2a: Clefable
|-damage|p2a: Clefable|64/100 par
|cant|p2a: Clefable|flinch
|
|-heal|p1a: Togekiss|57/100|[from] item: Leftovers
|-heal|p2a: Clefable|70/100 par|[from] item: Leftovers
|upkeep
|turn|39
|
|move|p1a: Togekiss|Air Slash|p2a: Clefable
|-damage|p2a: Clefable|29/100 par
|cant|p2a: Clefable|flinch
|
|-heal|p1a: Togekiss|63/100|[from] item: Leftovers
|-heal|p2a: Clefable|36/100 par|[from] item: Leftovers
|upkeep
|turn|40
|
|move|p1a: Togekiss|Air Slash|p2a: Clefable
|-damage|p2a: Clefable|0 fnt
|faint|p2a: Clefable
|
|-heal|p1a: Togekiss|69/100|[from] item: Leftovers
|upkeep
|
|switch|p2a: Necrozma|Necrozma-Dusk-Mane|77/100
|-damage|p2a: Necrozma|60/100|[from] Spikes
|turn|41
|
|move|p1a: Togekiss|Thunder Wave|p2a: Necrozma
|-status|p2a: Necrozma|par
|move|p2a: Necrozma|Sunsteel Strike|p1a: Togekiss
|-supereffective|p1a: Togekiss
|-end|p1a: Togekiss|Substitute
|
|-heal|p1a: Togekiss|75/100|[from] item: Leftovers
|-heal|p2a: Necrozma|66/100 par|[from] item: Leftovers
|upkeep
|turn|42
|
|move|p1a: Togekiss|Substitute|p1a: Togekiss
|-start|p1a: Togekiss|Substitute
|-damage|p1a: Togekiss|50/100
|cant|p2a: Necrozma|par
|
|-heal|p1a: Togekiss|56/100|[from] item: Leftovers
|-heal|p2a: Necrozma|72/100 par|[from] item: Leftovers
|upkeep
|turn|43
|
|move|p1a: Togekiss|Air Slash|p2a: Necrozma
|-resisted|p2a: Necrozma
|-damage|p2a: Necrozma|56/100 par
|cant|p2a: Necrozma|flinch
|
|-heal|p1a: Togekiss|63/100|[from] item: Leftovers
|-heal|p2a: Necrozma|62/100 par|[from] item: Leftovers
|upkeep
|turn|44
|c|☆Terra the creator|Lol
|
|move|p1a: Togekiss|Air Slash|p2a: Necrozma
|-resisted|p2a: Necrozma
|-damage|p2a: Necrozma|45/100 par
|cant|p2a: Necrozma|flinch
|
|-heal|p1a: Togekiss|69/100|[from] item: Leftovers
|-heal|p2a: Necrozma|51/100 par|[from] item: Leftovers
|upkeep
|turn|45
|
|move|p1a: Togekiss|Air Slash|p2a: Necrozma
|-resisted|p2a: Necrozma
|-damage|p2a: Necrozma|34/100 par
|cant|p2a: Necrozma|flinch
|
|-heal|p1a: Togekiss|75/100|[from] item: Leftovers
|-heal|p2a: Necrozma|40/100 par|[from] item: Leftovers
|upkeep
|turn|46
|
|move|p1a: Togekiss|Air Slash|p2a: Necrozma
|-resisted|p2a: Necrozma
|-damage|p2a: Necrozma|22/100 par
|move|p2a: Necrozma|Morning Sun|p2a: Necrozma
|-heal|p2a: Necrozma|72/100 par
|
|-heal|p1a: Togekiss|81/100|[from] item: Leftovers
|-heal|p2a: Necrozma|78/100 par|[from] item: Leftovers
|upkeep
|turn|47
|c| TectonicDestroyer|Loool
|
|move|p1a: Togekiss|Air Slash|p2a: Necrozma
|-resisted|p2a: Necrozma
|-crit|p2a: Necrozma
|-damage|p2a: Necrozma|54/100 par
|cant|p2a: Necrozma|flinch
|
|-heal|p1a: Togekiss|87/100|[from] item: Leftovers
|-heal|p2a: Necrozma|60/100 par|[from] item: Leftovers
|upkeep
|turn|48
|
|move|p1a: Togekiss|Air Slash|p2a: Necrozma
|-resisted|p2a: Necrozma
|-damage|p2a: Necrozma|44/100 par
|move|p2a: Necrozma|Sunsteel Strike|p1a: Togekiss
|-supereffective|p1a: Togekiss
|-end|p1a: Togekiss|Substitute
|
|-heal|p1a: Togekiss|93/100|[from] item: Leftovers
|-heal|p2a: Necrozma|50/100 par|[from] item: Leftovers
|upkeep
|turn|49
|
|move|p1a: Togekiss|Substitute|p1a: Togekiss
|-start|p1a: Togekiss|Substitute
|-damage|p1a: Togekiss|68/100
|cant|p2a: Necrozma|par
|
|-heal|p1a: Togekiss|75/100|[from] item: Leftovers
|-heal|p2a: Necrozma|56/100 par|[from] item: Leftovers
|upkeep
|turn|50
|
|move|p1a: Togekiss|Air Slash|p2a: Necrozma
|-resisted|p2a: Necrozma
|-damage|p2a: Necrozma|38/100 par
|cant|p2a: Necrozma|flinch
|
|-heal|p1a: Togekiss|81/100|[from] item: Leftovers
|-heal|p2a: Necrozma|44/100 par|[from] item: Leftovers
|upkeep
|turn|51
|
|move|p1a: Togekiss|Air Slash|p2a: Necrozma
|-resisted|p2a: Necrozma
|-damage|p2a: Necrozma|27/100 par
|cant|p2a: Necrozma|flinch
|
|-heal|p1a: Togekiss|87/100|[from] item: Leftovers
|-heal|p2a: Necrozma|33/100 par|[from] item: Leftovers
|upkeep
|turn|52
|
|move|p1a: Togekiss|Nasty Plot|p1a: Togekiss
|-boost|p1a: Togekiss|spa|2
|move|p2a: Necrozma|Morning Sun|p2a: Necrozma
|-heal|p2a: Necrozma|83/100 par
|
|-heal|p1a: Togekiss|93/100|[from] item: Leftovers
|-heal|p2a: Necrozma|89/100 par|[from] item: Leftovers
|upkeep
|turn|53
|
|move|p1a: Togekiss|Air Slash|p2a: Necrozma
|-resisted|p2a: Necrozma
|-damage|p2a: Necrozma|57/100 par
|cant|p2a: Necrozma|flinch
|
|-heal|p1a: Togekiss|99/100|[from] item: Leftovers
|-heal|p2a: Necrozma|63/100 par|[from] item: Leftovers
|upkeep
|turn|54
|
|move|p1a: Togekiss|Air Slash|p2a: Necrozma
|-resisted|p2a: Necrozma
|-damage|p2a: Necrozma|33/100 par
|move|p2a: Necrozma|Morning Sun|p2a: Necrozma
|-heal|p2a: Necrozma|83/100 par
|
|-heal|p1a: Togekiss|100/100|[from] item: Leftovers
|-heal|p2a: Necrozma|89/100 par|[from] item: Leftovers
|upkeep
|turn|55
|
|move|p1a: Togekiss|Air Slash|p2a: Necrozma
|-resisted|p2a: Necrozma
|-damage|p2a: Necrozma|55/100 par
|cant|p2a: Necrozma|flinch
|
|-heal|p2a: Necrozma|61/100 par|[from] item: Leftovers
|upkeep
|turn|56
|
|move|p1a: Togekiss|Air Slash|p2a: Necrozma
|-resisted|p2a: Necrozma
|-damage|p2a: Necrozma|30/100 par
|cant|p2a: Necrozma|flinch
|
|-heal|p2a: Necrozma|36/100 par|[from] item: Leftovers
|upkeep
|turn|57
|l| TectonicDestroyer
|
|-start|p2a: Necrozma|Dynamax
|-heal|p2a: Necrozma|36/100 par|[silent]
|move|p1a: Togekiss|Nasty Plot|p1a: Togekiss
|-boost|p1a: Togekiss|spa|2
|cant|p2a: Necrozma|par
|
|-heal|p2a: Necrozma|39/100 par|[from] item: Leftovers
|upkeep
|turn|58
|c|☆Terra the creator|Man what a lick
|c|☆Terra the creator|luck
|
|move|p1a: Togekiss|Air Slash|p2a: Necrozma
|-resisted|p2a: Necrozma
|-damage|p2a: Necrozma|16/100 par
|move|p2a: Necrozma|Max Steelspike|p1a: Togekiss
|-supereffective|p1a: Togekiss
|-end|p1a: Togekiss|Substitute
|-boost|p2a: Necrozma|def|1
|
|-heal|p2a: Necrozma|19/100 par|[from] item: Leftovers
|upkeep
|turn|59
|
|-start|p1a: Togekiss|Dynamax
|-heal|p1a: Togekiss|100/100|[silent]
|move|p1a: Togekiss|Max Airstream|p2a: Necrozma
|-resisted|p2a: Necrozma
|-damage|p2a: Necrozma|0 fnt
|-boost|p1a: Togekiss|spe|1
|faint|p2a: Necrozma
|
|upkeep
|
|switch|p2a: Kyurem|Kyurem-White|100/100
|-ability|p2a: Kyurem|Turboblaze
|turn|60
|j| TectonicDestroyer
|
|move|p1a: Togekiss|Max Airstream|p2a: Kyurem
|-damage|p2a: Kyurem|0 fnt
|-boost|p1a: Togekiss|spe|1
|faint|p2a: Kyurem
|
|upkeep
|
|switch|p2a: Dugtrio|Dugtrio, M|100/100
|-damage|p2a: Dugtrio|84/100|[from] Spikes
|turn|61
|
|move|p2a: Dugtrio|Stone Edge|p1a: Togekiss
|-supereffective|p1a: Togekiss
|-damage|p1a: Togekiss|71/100
|move|p1a: Togekiss|Max Airstream|p2a: Dugtrio
|-damage|p2a: Dugtrio|0 fnt
|-boost|p1a: Togekiss|spe|1
|faint|p2a: Dugtrio
|
|-heal|p1a: Togekiss|75/100|[from] item: Leftovers
|-end|p1a: Togekiss|Dynamax
|-heal|p1a: Togekiss|75/100|[silent]
|upkeep
|c| TectonicDestroyer|what was
|c| TectonicDestroyer|the wincon
|c|☆Terra the creator|Ok u are the luckies
|c| TectonicDestroyer|for terra again
|c|☆Terra the creator|guy ever
|c|☆I like Lovely|Lolololol
|c|☆Terra the creator|not get paraed
|c|☆I like Lovely|Terra my
|c|☆Terra the creator|in the first
|c| TectonicDestroyer|oh ye
|c| TectonicDestroyer|LOL
|c|☆Terra the creator|4 turns
|c| TectonicDestroyer|that was
|c| TectonicDestroyer|funn
|c|☆I like Lovely|Toge was at +2 btw
|c|☆I like Lovely|In the replay
|c|☆Terra the creator|i mean u had mathematical 42%
|c|☆I like Lovely|Lolololol
|c|☆Terra the creator|to get the flinch
|c|☆Terra the creator|para
|c|☆Terra the creator|i mean
|c|☆I like Lovely|Erm what?
|c|☆Terra the creator|the Para
|c|☆Terra the creator|after twave
|c|☆I like Lovely|Para is 25%
|c| TectonicDestroyer|ye
|c|☆Terra the creator|yea
|c|☆Terra the creator|in 4 turns is 42
|c|☆Terra the creator|lol
|c|☆I like Lovely|Hmmm?
|c|☆I like Lovely|One para in 4 turns?
|c|☆Terra the creator|By considering the chance to miss
|c|☆Terra the creator|u had 42%
|c|☆Terra the creator|to win
|-message|Terra the creator forfeited.
|
|win|I like Lovely
|l|☆Terra the creator
|l| TectonicDestroyer
