|j|☆ecarvallo
|j|☆haxorus2
|player|p1|ecarvallo|293|1121
|player|p2|haxorus2|buck|1129
|teamsize|p1|6
|teamsize|p2|6
|gametype|singles
|gen|8
|tier|[Gen 8] Ubers
|rated|
|clearpoke
|poke|p1|Marshadow|
|poke|p1|Dragapult, F|
|poke|p1|Farfetch'd, M|
|poke|p1|Ditto|
|poke|p1|Ninjask, F|
|poke|p1|Kyurem-White|
|poke|p2|Flygon, F|
|poke|p2|Ninetales, M|
|poke|p2|Tyranitar, M|
|poke|p2|Salazzle, F|
|poke|p2|Dragapult, M|
|poke|p2|Sandaconda, F|
|rule|Sleep Clause Mod: Limit one foe put to sleep
|rule|Species Clause: Limit one of each Pokémon
|rule|OHKO Clause: OHKO moves are banned
|rule|Evasion Moves Clause: Evasion moves are banned
|rule|Endless Battle Clause: Forcing endless battles is banned
|rule|HP Percentage Mod: HP is shown in percentages
|html|Ubers Dynamax Clause: Pokémon on the <a href="https://www.smogon.com/dex/ss/formats/uber/">Ubers Dynamax Banlist</a> cannot Dynamax.
|teampreview
|
|start
|switch|p1a: Ninjask|Ninjask, F|100/100
|switch|p2a: Godzilla|Tyranitar, M|100/100
|-weather|Sandstorm|[from] ability: Sand Stream|[of] p2a: Godzilla
|turn|1
|
|move|p1a: Ninjask|Protect|p1a: Ninjask
|-singleturn|p1a: Ninjask|Protect
|move|p2a: Godzilla|Dragon Dance|p2a: Godzilla
|-boost|p2a: Godzilla|atk|1
|-boost|p2a: Godzilla|spe|1
|
|-weather|Sandstorm|[upkeep]
|-damage|p1a: Ninjask|94/100|[from] Sandstorm
|-ability|p1a: Ninjask|Speed Boost|boost
|-boost|p1a: Ninjask|spe|1
|upkeep
|turn|2
|
|move|p1a: Ninjask|Swords Dance|p1a: Ninjask
|-boost|p1a: Ninjask|atk|2
|move|p2a: Godzilla|Stone Edge|p1a: Ninjask|[miss]
|-miss|p2a: Godzilla|p1a: Ninjask
|
|-weather|Sandstorm|[upkeep]
|-damage|p1a: Ninjask|88/100|[from] Sandstorm
|-ability|p1a: Ninjask|Speed Boost|boost
|-boost|p1a: Ninjask|spe|1
|upkeep
|turn|3
|
|move|p1a: Ninjask|Substitute|p1a: Ninjask
|-start|p1a: Ninjask|Substitute
|-damage|p1a: Ninjask|63/100
|move|p2a: Godzilla|Dragon Dance|p2a: Godzilla
|-boost|p2a: Godzilla|atk|1
|-boost|p2a: Godzilla|spe|1
|
|-weather|Sandstorm|[upkeep]
|-damage|p1a: Ninjask|57/100|[from] Sandstorm
|-ability|p1a: Ninjask|Speed Boost|boost
|-boost|p1a: Ninjask|spe|1
|upkeep
|turn|4
|
|move|p1a: Ninjask|Swords Dance|p1a: Ninjask
|-boost|p1a: Ninjask|atk|2
|move|p2a: Godzilla|Stone Edge|p1a: Ninjask|[miss]
|-miss|p2a: Godzilla|p1a: Ninjask
|
|-weather|Sandstorm|[upkeep]
|-damage|p1a: Ninjask|51/100|[from] Sandstorm
|-ability|p1a: Ninjask|Speed Boost|boost
|-boost|p1a: Ninjask|spe|1
|upkeep
|turn|5
|
|move|p1a: Ninjask|Swords Dance|p1a: Ninjask
|-boost|p1a: Ninjask|atk|2
|move|p2a: Godzilla|Stone Edge|p1a: Ninjask
|-supereffective|p1a: Ninjask
|-end|p1a: Ninjask|Substitute
|
|-weather|none
|-ability|p1a: Ninjask|Speed Boost|boost
|-boost|p1a: Ninjask|spe|1
|upkeep
|turn|6
|
|move|p1a: Ninjask|Protect|p1a: Ninjask
|-singleturn|p1a: Ninjask|Protect
|move|p2a: Godzilla|Stone Edge|p1a: Ninjask
|-activate|p1a: Ninjask|move: Protect
|
|-ability|p1a: Ninjask|Speed Boost|boost
|-boost|p1a: Ninjask|spe|1
|upkeep
|turn|7
|
|move|p1a: Ninjask|Baton Pass|p1a: Ninjask
|
|switch|p1a: Marshadow|Marshadow|100/100|[from]move: Baton Pass
|move|p2a: Godzilla|Stone Edge|p1a: Marshadow
|-resisted|p1a: Marshadow
|-damage|p1a: Marshadow|38/100
|
|upkeep
|turn|8
|
|move|p1a: Marshadow|Drain Punch|p2a: Godzilla
|-supereffective|p2a: Godzilla
|-damage|p2a: Godzilla|0 fnt
|-heal|p1a: Marshadow|91/100|[from] drain|[of] p2a: Godzilla
|faint|p2a: Godzilla
|
|upkeep
|
|switch|p2a: Salazzle|Salazzle, F|100/100
|turn|9
|
|move|p1a: Marshadow|Spectral Thief|p2a: Salazzle
|-damage|p2a: Salazzle|0 fnt
|faint|p2a: Salazzle
|
|upkeep
|
|switch|p2a: Sandaconda|Sandaconda, F|100/100
|turn|10
|
|-start|p2a: Sandaconda|Dynamax
|-formechange|p2a: Sandaconda|Sandaconda-Gmax
|-heal|p2a: Sandaconda|100/100|[silent]
|move|p1a: Marshadow|Drain Punch|p2a: Sandaconda
|-damage|p2a: Sandaconda|43/100
|-heal|p1a: Marshadow|100/100|[from] drain|[of] p2a: Sandaconda
|move|p2a: Sandaconda|Max Rockfall|p1a: Marshadow
|-resisted|p1a: Marshadow
|-damage|p1a: Marshadow|71/100
|-weather|Sandstorm
|
|-weather|Sandstorm|[upkeep]
|-damage|p1a: Marshadow|65/100|[from] Sandstorm
|upkeep
|turn|11
|
|move|p2a: Sandaconda|Max Guard|p2a: Sandaconda
|-singleturn|p2a: Sandaconda|Max Guard
|move|p1a: Marshadow|Drain Punch|p2a: Sandaconda
|-activate|p2a: Sandaconda|move: Max Guard
|
|-weather|Sandstorm|[upkeep]
|-damage|p1a: Marshadow|58/100|[from] Sandstorm
|upkeep
|turn|12
|
|move|p2a: Sandaconda|Max Guard||[still]
|-fail|p2a: Sandaconda
|move|p1a: Marshadow|Spectral Thief|p2a: Sandaconda
|-damage|p2a: Sandaconda|0 fnt
|faint|p2a: Sandaconda
|
|-weather|Sandstorm|[upkeep]
|-damage|p1a: Marshadow|52/100|[from] Sandstorm
|upkeep
|
|switch|p2a: Ninetales|Ninetales, M|100/100
|-weather|SunnyDay|[from] ability: Drought|[of] p2a: Ninetales
|turn|13
|
|move|p1a: Marshadow|Spectral Thief|p2a: Ninetales
|-damage|p2a: Ninetales|0 fnt
|faint|p2a: Ninetales
|
|-weather|SunnyDay|[upkeep]
|upkeep
|
|switch|p2a: Yeet|Dragapult, M|100/100
|turn|14
|
|move|p1a: Marshadow|Shadow Sneak|p2a: Yeet
|-supereffective|p2a: Yeet
|-damage|p2a: Yeet|0 fnt
|faint|p2a: Yeet
|
|-weather|SunnyDay|[upkeep]
|upkeep
|
|switch|p2a: almence|Flygon, F|100/100
|turn|15
|
|move|p1a: Marshadow|Spectral Thief|p2a: almence
|-enditem|p2a: almence|Focus Sash
|-damage|p2a: almence|1/100
|move|p2a: almence|Dragon Dance|p2a: almence
|-boost|p2a: almence|atk|1
|-boost|p2a: almence|spe|1
|
|-weather|SunnyDay|[upkeep]
|upkeep
|turn|16
|
|move|p1a: Marshadow|Spectral Thief||[still]
|-clearpositiveboost|p2a: almence|p1a: Marshadow|move: Spectral Thief
|-boost|p1a: Marshadow|atk|0
|-boost|p1a: Marshadow|spe|0
|-anim|p1a: Marshadow|Spectral Thief|p2a: almence
|-damage|p2a: almence|0 fnt
|faint|p2a: almence
|
|win|ecarvallo
|l|☆haxorus2
||Ladder (probably) updated, but score could not be retrieved (Response not received).
