|raw|<div class="broadcast-blue"><strong>This battle is required to be public due to a player having a name starting with 'ult9ns'.</div>
|j|☆Ult9ns bad luck
|j|☆LOVE KSMN
|t:|1653395978
|gametype|singles
|player|p1|Ult9ns bad luck|gloria|1475
|player|p2|LOVE KSMN|lass-gen4|1514
|teamsize|p1|6
|teamsize|p2|6
|gen|8
|tier|[Gen 8] Ubers
|rated|
|rule|Sleep Clause Mod: Limit one foe put to sleep
|rule|Species Clause: Limit one of each Pokémon
|rule|OHKO Clause: OHKO moves are banned
|rule|Evasion Moves Clause: Evasion moves are banned
|rule|Endless Battle Clause: Forcing endless battles is banned
|rule|HP Percentage Mod: HP is shown in percentages
|rule|Dynamax Clause: You cannot dynamax
|clearpoke
|poke|p1|Mew|
|poke|p1|Yveltal|
|poke|p1|Necrozma-Dusk-Mane|
|poke|p1|Weavile, F|
|poke|p1|Marshadow|
|poke|p1|Zekrom|
|poke|p2|Froslass, F|
|poke|p2|Kyurem-Black|
|poke|p2|Glalie, F|
|poke|p2|Cloyster, M|
|poke|p2|Weavile, F|
|poke|p2|Darmanitan-Galar, F|
|teampreview
|inactive|Battle timer is ON: inactive players will automatically lose when time's up. (requested by Ult9ns bad luck)
|inactive|LOVE KSMN has 120 seconds left.
|
|t:|1653396015
|start
|switch|p1a: Mew|Mew|100/100
|switch|p2a: Froslass|Froslass, F|100/100
|turn|1
|j| ULT9NS Cursed
|
|t:|1653396026
|move|p1a: Mew|Magic Coat|p1a: Mew
|-singleturn|p1a: Mew|move: Magic Coat
|move|p2a: Froslass|Taunt|p1a: Mew
|move|p1a: Mew|Taunt|p2a: Froslass|[from]Magic Coat
|-start|p2a: Froslass|move: Taunt
|
|upkeep
|turn|2
|c|☆LOVE KSMN|fuc
|
|t:|1653396035
|switch|p2a: Cloyster|Cloyster, M|100/100
|move|p1a: Mew|Stealth Rock|p2a: Cloyster
|-sidestart|p2: LOVE KSMN|move: Stealth Rock
|
|upkeep
|turn|3
|
|t:|1653396040
|move|p1a: Mew|Misty Explosion|p2a: Cloyster
|-damage|p2a: Cloyster|18/100
|faint|p1a: Mew
|move|p2a: Cloyster|Rapid Spin|p1: Mew|[notarget]
|-fail|p2a: Cloyster
|
|upkeep
|
|t:|1653396047
|switch|p1a: Marshadow|Marshadow|100/100
|turn|4
|c|☆LOVE KSMN|puss
|
|t:|1653396053
|move|p1a: Marshadow|Close Combat|p2a: Cloyster
|-supereffective|p2a: Cloyster
|-damage|p2a: Cloyster|0 fnt
|-unboost|p1a: Marshadow|def|1
|-unboost|p1a: Marshadow|spd|1
|faint|p2a: Cloyster
|-damage|p1a: Marshadow|91/100|[from] item: Life Orb
|
|upkeep
|
|t:|1653396055
|switch|p2a: Darmanitan|Darmanitan-Galar, F|100/100
|-damage|p2a: Darmanitan|76/100|[from] Stealth Rock
|turn|5
|
|t:|1653396070
|switch|p1a: Necrozma|Necrozma-Dusk-Mane|100/100
|move|p2a: Darmanitan|Icicle Crash|p1a: Necrozma
|-resisted|p1a: Necrozma
|-damage|p1a: Necrozma|69/100
|
|upkeep
|turn|6
|
|t:|1653396077
|move|p2a: Darmanitan|Icicle Crash|p1a: Necrozma
|-resisted|p1a: Necrozma
|-damage|p1a: Necrozma|39/100
|cant|p1a: Necrozma|flinch
|
|upkeep
|turn|7
|j| ULT9NS Fog
|
|t:|1653396087
|move|p2a: Darmanitan|Icicle Crash|p1a: Necrozma
|-resisted|p1a: Necrozma
|-damage|p1a: Necrozma|8/100
|move|p1a: Necrozma|Sunsteel Strike|p2a: Darmanitan
|-supereffective|p2a: Darmanitan
|-damage|p2a: Darmanitan|0 fnt
|faint|p2a: Darmanitan
|
|upkeep
|l| ULT9NS Fog
|
|t:|1653396094
|switch|p2a: Glalie|Glalie, F|100/100
|-damage|p2a: Glalie|75/100|[from] Stealth Rock
|turn|8
|
|t:|1653396097
|move|p2a: Glalie|Disable|p1a: Necrozma
|-start|p1a: Necrozma|Disable|Sunsteel Strike
|cant|p1a: Necrozma|Disable|Sunsteel Strike
|
|-heal|p2a: Glalie|82/100|[from] item: Leftovers
|-ability|p2a: Glalie|Moody|boost
|-boost|p2a: Glalie|atk|2
|-unboost|p2a: Glalie|spd|1
|upkeep
|turn|9
|j| Marketing Head
|
|t:|1653396101
|move|p2a: Glalie|Substitute|p2a: Glalie
|-start|p2a: Glalie|Substitute
|-damage|p2a: Glalie|57/100
|move|p1a: Necrozma|Earthquake|p2a: Glalie
|-end|p2a: Glalie|Substitute
|
|-heal|p2a: Glalie|63/100|[from] item: Leftovers
|-ability|p2a: Glalie|Moody|boost
|-boost|p2a: Glalie|spa|2
|-unboost|p2a: Glalie|def|1
|upkeep
|turn|10
|
|t:|1653396105
|move|p2a: Glalie|Protect|p2a: Glalie
|-singleturn|p2a: Glalie|Protect
|move|p1a: Necrozma|Earthquake|p2a: Glalie
|-activate|p2a: Glalie|move: Protect
|
|-heal|p2a: Glalie|69/100|[from] item: Leftovers
|-ability|p2a: Glalie|Moody|boost
|-boost|p2a: Glalie|spe|2
|-unboost|p2a: Glalie|spd|1
|upkeep
|turn|11
|
|t:|1653396114
|move|p2a: Glalie|Substitute|p2a: Glalie
|-start|p2a: Glalie|Substitute
|-damage|p2a: Glalie|44/100
|move|p1a: Necrozma|Earthquake|p2a: Glalie
|-end|p2a: Glalie|Substitute
|
|-heal|p2a: Glalie|50/100|[from] item: Leftovers
|-end|p1a: Necrozma|Disable
|-ability|p2a: Glalie|Moody|boost
|-boost|p2a: Glalie|atk|2
|-unboost|p2a: Glalie|spe|1
|upkeep
|turn|12
|c| Marketing Head|omg lmao
|c| Marketing Head|gg
|
|t:|1653396119
|move|p2a: Glalie|Protect|p2a: Glalie
|-singleturn|p2a: Glalie|Protect
|move|p1a: Necrozma|Earthquake|p2a: Glalie
|-activate|p2a: Glalie|move: Protect
|
|-heal|p2a: Glalie|56/100|[from] item: Leftovers
|-ability|p2a: Glalie|Moody|boost
|-boost|p2a: Glalie|def|2
|-unboost|p2a: Glalie|atk|1
|upkeep
|turn|13
|
|t:|1653396124
|move|p2a: Glalie|Freeze-Dry|p1a: Necrozma
|-resisted|p1a: Necrozma
|-damage|p1a: Necrozma|0 fnt
|faint|p1a: Necrozma
|
|-heal|p2a: Glalie|62/100|[from] item: Leftovers
|-ability|p2a: Glalie|Moody|boost
|-boost|p2a: Glalie|spe|2
|-unboost|p2a: Glalie|atk|1
|upkeep
|
|t:|1653396135
|switch|p1a: Marshadow|Marshadow|91/100
|turn|14
|
|t:|1653396138
|move|p2a: Glalie|Protect|p2a: Glalie
|-singleturn|p2a: Glalie|Protect
|move|p1a: Marshadow|Close Combat|p2a: Glalie
|-activate|p2a: Glalie|move: Protect
|
|-heal|p2a: Glalie|68/100|[from] item: Leftovers
|-ability|p2a: Glalie|Moody|boost
|-boost|p2a: Glalie|atk|2
|-unboost|p2a: Glalie|def|1
|upkeep
|turn|15
|j| Splaska ka
|
|t:|1653396143
|move|p2a: Glalie|Disable|p1a: Marshadow
|-start|p1a: Marshadow|Disable|Close Combat
|cant|p1a: Marshadow|Disable|Close Combat
|
|-heal|p2a: Glalie|74/100|[from] item: Leftovers
|-ability|p2a: Glalie|Moody|boost
|-boost|p2a: Glalie|def|2
|-unboost|p2a: Glalie|spe|1
|upkeep
|turn|16
|
|t:|1653396147
|move|p2a: Glalie|Protect|p2a: Glalie
|-singleturn|p2a: Glalie|Protect
|move|p1a: Marshadow|Spectral Thief|p2a: Glalie
|-activate|p2a: Glalie|move: Protect
|
|-heal|p2a: Glalie|80/100|[from] item: Leftovers
|-ability|p2a: Glalie|Moody|boost
|-boost|p2a: Glalie|atk|2
|-unboost|p2a: Glalie|spe|1
|upkeep
|turn|17
|
|t:|1653396153
|switch|p2a: Weavile|Weavile, F|100/100
|-damage|p2a: Weavile|76/100|[from] Stealth Rock
|-ability|p2a: Weavile|Pressure
|move|p1a: Marshadow|Spectral Thief|p2a: Weavile
|-resisted|p2a: Weavile
|-damage|p2a: Weavile|21/100
|-damage|p1a: Marshadow|81/100|[from] item: Life Orb
|
|upkeep
|turn|18
|
|t:|1653396156
|move|p1a: Marshadow|Shadow Sneak|p2a: Weavile
|-resisted|p2a: Weavile
|-damage|p2a: Weavile|0 fnt
|faint|p2a: Weavile
|-damage|p1a: Marshadow|71/100|[from] item: Life Orb
|
|-end|p1a: Marshadow|Disable
|upkeep
|
|t:|1653396160
|switch|p2a: Kyurem|Kyurem-Black|100/100
|-damage|p2a: Kyurem|76/100|[from] Stealth Rock
|-ability|p2a: Kyurem|Teravolt
|turn|19
|l| Marketing Head
|
|t:|1653396175
|switch|p1a: Zekrom|Zekrom|100/100
|-ability|p1a: Zekrom|Teravolt
|move|p2a: Kyurem|Dragon Dance|p2a: Kyurem
|-boost|p2a: Kyurem|atk|1
|-boost|p2a: Kyurem|spe|1
|
|upkeep
|turn|20
|j| ULT9NS MiNi
|j| ULT9NS 369
|
|t:|1653396182
|move|p2a: Kyurem|Icicle Spear|p1a: Zekrom
|-supereffective|p1a: Zekrom
|-damage|p1a: Zekrom|59/100
|-supereffective|p1a: Zekrom
|-damage|p1a: Zekrom|21/100
|-supereffective|p1a: Zekrom
|-damage|p1a: Zekrom|0 fnt
|faint|p1a: Zekrom
|-hitcount|p1: Zekrom|3
|
|upkeep
|
|t:|1653396189
|switch|p1a: Yveltal|Yveltal|100/100
|-ability|p1a: Yveltal|Dark Aura
|turn|21
|
|t:|1653396191
|move|p1a: Yveltal|Sucker Punch|p2a: Kyurem
|-damage|p2a: Kyurem|25/100
|move|p2a: Kyurem|Icicle Spear|p1a: Yveltal
|-supereffective|p1a: Yveltal
|-damage|p1a: Yveltal|57/100
|-supereffective|p1a: Yveltal
|-damage|p1a: Yveltal|14/100
|-supereffective|p1a: Yveltal
|-damage|p1a: Yveltal|0 fnt
|faint|p1a: Yveltal
|-hitcount|p1: Yveltal|3
|
|upkeep
|
|t:|1653396194
|switch|p1a: Weavile|Weavile, F|100/100
|-ability|p1a: Weavile|Pressure
|turn|22
|
|t:|1653396199
|move|p1a: Weavile|Ice Shard|p2a: Kyurem
|-damage|p2a: Kyurem|4/100
|-damage|p1a: Weavile|91/100|[from] item: Life Orb
|move|p2a: Kyurem|Icicle Spear|p1a: Weavile
|-resisted|p1a: Weavile
|-crit|p1a: Weavile
|-damage|p1a: Weavile|59/100
|-resisted|p1a: Weavile
|-damage|p1a: Weavile|38/100
|-resisted|p1a: Weavile
|-damage|p1a: Weavile|17/100
|-hitcount|p1a: Weavile|3
|
|upkeep
|turn|23
|
|t:|1653396203
|move|p1a: Weavile|Ice Shard|p2a: Kyurem
|-damage|p2a: Kyurem|0 fnt
|faint|p2a: Kyurem
|-damage|p1a: Weavile|7/100|[from] item: Life Orb
|
|upkeep
|
|t:|1653396206
|switch|p2a: Glalie|Glalie, F|80/100
|-damage|p2a: Glalie|55/100|[from] Stealth Rock
|turn|24
|
|t:|1653396211
|move|p2a: Glalie|Protect|p2a: Glalie
|-singleturn|p2a: Glalie|Protect
|move|p1a: Weavile|Swords Dance|p1a: Weavile
|-boost|p1a: Weavile|atk|2
|
|-heal|p2a: Glalie|61/100|[from] item: Leftovers
|-ability|p2a: Glalie|Moody|boost
|-boost|p2a: Glalie|atk|2
|-unboost|p2a: Glalie|spd|1
|upkeep
|turn|25
|
|t:|1653396214
|move|p2a: Glalie|Protect|p2a: Glalie
|-singleturn|p2a: Glalie|Protect
|move|p1a: Weavile|Knock Off|p2a: Glalie
|-activate|p2a: Glalie|move: Protect
|
|-heal|p2a: Glalie|67/100|[from] item: Leftovers
|-ability|p2a: Glalie|Moody|boost
|-boost|p2a: Glalie|def|2
|-unboost|p2a: Glalie|atk|1
|upkeep
|turn|26
|
|t:|1653396222
|move|p2a: Glalie|Protect||[still]
|-fail|p2a: Glalie
|move|p1a: Weavile|Triple Axel|p2a: Glalie
|-resisted|p2a: Glalie
|-damage|p2a: Glalie|60/100
|-resisted|p2a: Glalie
|-damage|p2a: Glalie|44/100
|-resisted|p2a: Glalie
|-damage|p2a: Glalie|23/100
|-hitcount|p2a: Glalie|3
|-damage|p1a: Weavile|0 fnt|[from] item: Life Orb
|faint|p1a: Weavile
|
|-heal|p2a: Glalie|29/100|[from] item: Leftovers
|-ability|p2a: Glalie|Moody|boost
|-boost|p2a: Glalie|atk|2
|-unboost|p2a: Glalie|spd|1
|upkeep
|
|t:|1653396230
|switch|p1a: Marshadow|Marshadow|71/100
|turn|27
|
|t:|1653396236
|move|p1a: Marshadow|Spectral Thief||[still]
|-clearpositiveboost|p2a: Glalie|p1a: Marshadow|move: Spectral Thief
|-boost|p1a: Marshadow|atk|3
|-boost|p1a: Marshadow|def|2
|-anim|p1a: Marshadow|Spectral Thief|p2a: Glalie
|-damage|p2a: Glalie|0 fnt
|faint|p2a: Glalie
|-damage|p1a: Marshadow|61/100|[from] item: Life Orb
|
|upkeep
|-message|LOVE KSMN forfeited.
|
|win|Ult9ns bad luck
|raw|Ult9ns bad luck's rating: 1475 &rarr; <strong>1497</strong><br />(+22 for winning)
|raw|LOVE KSMN's rating: 1514 &rarr; <strong>1492</strong><br />(-22 for losing)
|l|☆LOVE KSMN
|c|☆Ult9ns bad luck|Gg
|l| Splaska ka
|l|☆Ult9ns bad luck
||Ladder isn't responding, score probably updated but might not have (Request timeout).
|l| ULT9NS MiNi
|j| ULT9NS Pika Sup
|j|%ironwater
|l|%ironwater
