|j|☆Nael222
|j|☆Eledyr
|t:|1645866429
|gametype|singles
|player|p1|Nael222|1|
|player|p2|Eledyr|theroyal|
|teamsize|p1|6
|teamsize|p2|6
|gen|8
|tier|[Gen 8] Ubers
|rule|Sleep Clause Mod: Limit one foe put to sleep
|rule|Species Clause: Limit one of each Pokémon
|rule|OHKO Clause: OHKO moves are banned
|rule|Evasion Moves Clause: Evasion moves are banned
|rule|Endless Battle Clause: Forcing endless battles is banned
|rule|HP Percentage Mod: HP is shown in percentages
|rule|Dynamax Clause: You cannot dynamax
|clearpoke
|poke|p1|Shedinja|
|poke|p1|Yveltal|
|poke|p1|Toxapex, F|
|poke|p1|Zygarde|
|poke|p1|Ditto|
|poke|p1|Clefable, M|
|poke|p2|Necrozma-Dusk-Mane|
|poke|p2|Rayquaza|
|poke|p2|Eternatus|
|poke|p2|Kyogre|
|poke|p2|Landorus-Therian, M|
|poke|p2|Yveltal|
|teampreview
|c|☆Eledyr|hf
|c|☆Nael222|Hf
|l|☆Nael222
|player|p1|
|j|☆Nael222
|player|p1|Nael222|1
|
|t:|1645866519
|start
|switch|p1a: Clefable|Clefable, M|100/100
|switch|p2a: Landorus|Landorus-Therian, M|100/100
|-ability|p2a: Landorus|Intimidate|boost
|-unboost|p1a: Clefable|atk|1
|turn|1
|
|t:|1645866537
|move|p2a: Landorus|Stealth Rock|p1a: Clefable
|-sidestart|p1: Nael222|move: Stealth Rock
|move|p1a: Clefable|Stealth Rock|p2a: Landorus
|-sidestart|p2: Eledyr|move: Stealth Rock
|
|upkeep
|turn|2
|j| SM laddering alt
|
|t:|1645866549
|move|p2a: Landorus|U-turn|p1a: Clefable
|-resisted|p1a: Clefable
|-damage|p1a: Clefable|89/100
|
|t:|1645866551
|switch|p2a: Necrozma|Necrozma-Dusk-Mane|100/100|[from]move: U-turn
|-damage|p2a: Necrozma|94/100|[from] Stealth Rock
|move|p1a: Clefable|Moonblast|p2a: Necrozma
|-resisted|p2a: Necrozma
|-damage|p2a: Necrozma|84/100
|
|-heal|p2a: Necrozma|90/100|[from] item: Leftovers
|-heal|p1a: Clefable|95/100|[from] item: Leftovers
|upkeep
|turn|3
|
|t:|1645866561
|switch|p1a: Zygarde|Zygarde|100/100
|-damage|p1a: Zygarde|94/100|[from] Stealth Rock
|move|p2a: Necrozma|Knock Off|p1a: Zygarde
|-damage|p1a: Zygarde|76/100
|-enditem|p1a: Zygarde|Leftovers|[from] move: Knock Off|[of] p2a: Necrozma
|
|-heal|p2a: Necrozma|96/100|[from] item: Leftovers
|upkeep
|turn|4
|
|t:|1645866574
|switch|p2a: Eternatus|Eternatus|100/100
|-damage|p2a: Eternatus|88/100|[from] Stealth Rock
|-ability|p2a: Eternatus|Pressure
|move|p1a: Zygarde|Coil|p1a: Zygarde
|-boost|p1a: Zygarde|atk|1
|-boost|p1a: Zygarde|def|1
|-boost|p1a: Zygarde|accuracy|1
|
|upkeep
|turn|5
|
|t:|1645866584
|switch|p1a: Toxapex|Toxapex, F|100/100
|-damage|p1a: Toxapex|88/100|[from] Stealth Rock
|move|p2a: Eternatus|Draco Meteor|p1a: Toxapex
|-damage|p1a: Toxapex|40/100
|-unboost|p2a: Eternatus|spa|2
|-enditem|p2a: Eternatus|Eject Pack
|
|t:|1645866588
|switch|p2a: Rayquaza|Rayquaza|100/100
|-damage|p2a: Rayquaza|76/100|[from] Stealth Rock
|-ability|p2a: Rayquaza|Air Lock
|
|upkeep
|turn|6
|
|t:|1645866592
|move|p1a: Toxapex|Baneful Bunker|p1a: Toxapex
|-singleturn|p1a: Toxapex|move: Protect
|move|p2a: Rayquaza|Dragon Ascent|p1a: Toxapex
|-activate|p1a: Toxapex|move: Protect
|-status|p2a: Rayquaza|psn
|
|-damage|p2a: Rayquaza|63/100 psn|[from] psn
|upkeep
|turn|7
|
|t:|1645866603
|switch|p1a: Zygarde|Zygarde|76/100
|-damage|p1a: Zygarde|70/100|[from] Stealth Rock
|move|p2a: Rayquaza|Dragon Ascent|p1a: Zygarde
|-damage|p1a: Zygarde|12/100
|-unboost|p2a: Rayquaza|def|1
|-unboost|p2a: Rayquaza|spd|1
|
|-damage|p2a: Rayquaza|51/100 psn|[from] psn
|-activate|p1a: Zygarde|ability: Power Construct
|detailschange|p1a: Zygarde|Zygarde-Complete
|-heal|p1a: Zygarde|42/100|[silent]
|upkeep
|turn|8
|inactive|Battle timer is ON: inactive players will automatically lose when time's up. (requested by Eledyr)
|
|t:|1645866686
|move|p2a: Rayquaza|Dragon Ascent|p1a: Zygarde
|-damage|p1a: Zygarde|9/100
|-unboost|p2a: Rayquaza|def|1
|-unboost|p2a: Rayquaza|spd|1
|move|p1a: Zygarde|Rest|p1a: Zygarde
|-status|p1a: Zygarde|slp|[from] move: Rest
|-heal|p1a: Zygarde|100/100 slp|[silent]
|
|-damage|p2a: Rayquaza|39/100 psn|[from] psn
|upkeep
|turn|9
|
|t:|1645866693
|switch|p2a: Yveltal|Yveltal|100/100
|-ability|p2a: Yveltal|Dark Aura
|cant|p1a: Zygarde|slp
|
|upkeep
|turn|10
|
|t:|1645866698
|move|p2a: Yveltal|Defog|p1a: Zygarde
|-unboost|p1a: Zygarde|evasion|1
|-sideend|p1: Nael222|Stealth Rock|[from] move: Defog|[of] p2a: Yveltal
|-sideend|p2: Eledyr|Stealth Rock|[from] move: Defog|[of] p2a: Yveltal
|cant|p1a: Zygarde|slp
|
|upkeep
|turn|11
|
|t:|1645866704
|move|p2a: Yveltal|U-turn|p1a: Zygarde
|-damage|p1a: Zygarde|93/100 slp
|
|t:|1645866705
|switch|p2a: Eternatus|Eternatus|88/100|[from]move: U-turn
|-ability|p2a: Eternatus|Pressure
|-curestatus|p1a: Zygarde|slp|[msg]
|move|p1a: Zygarde|Coil|p1a: Zygarde
|-boost|p1a: Zygarde|atk|1
|-boost|p1a: Zygarde|def|1
|-boost|p1a: Zygarde|accuracy|1
|
|upkeep
|turn|12
|j| Micciu20250
|
|t:|1645866716
|switch|p1a: Yveltal|Yveltal|100/100
|-ability|p1a: Yveltal|Dark Aura
|move|p2a: Eternatus|Draco Meteor|p1a: Yveltal
|-damage|p1a: Yveltal|70/100
|-unboost|p2a: Eternatus|spa|2
|
|upkeep
|turn|13
|
|t:|1645866724
|move|p2a: Eternatus|Toxic|p1a: Yveltal
|-status|p1a: Yveltal|tox
|move|p1a: Yveltal|Roost|p1a: Yveltal
|-heal|p1a: Yveltal|100/100 tox
|-singleturn|p1a: Yveltal|move: Roost
|
|-damage|p1a: Yveltal|94/100 tox|[from] psn
|upkeep
|turn|14
|
|t:|1645866731
|switch|p2a: Yveltal|Yveltal|100/100
|-ability|p2a: Yveltal|Dark Aura
|switch|p1a: Clefable|Clefable, M|95/100
|
|-heal|p1a: Clefable|100/100|[from] item: Leftovers
|upkeep
|turn|15
|c| Micciu20250|Trop fun nael 🙄
|
|t:|1645866735
|move|p2a: Yveltal|U-turn|p1a: Clefable
|-resisted|p1a: Clefable
|-damage|p1a: Clefable|88/100
|
|t:|1645866738
|switch|p2a: Necrozma|Necrozma-Dusk-Mane|96/100|[from]move: U-turn
|move|p1a: Clefable|Stealth Rock|p2a: Necrozma
|-sidestart|p2: Eledyr|move: Stealth Rock
|
|-heal|p2a: Necrozma|100/100|[from] item: Leftovers
|-heal|p1a: Clefable|94/100|[from] item: Leftovers
|upkeep
|turn|16
|
|t:|1645866750
|switch|p2a: Yveltal|Yveltal|100/100
|-ability|p2a: Yveltal|Dark Aura
|switch|p1a: Zygarde|Zygarde-Complete|93/100
|
|upkeep
|turn|17
|
|t:|1645866761
|move|p2a: Yveltal|U-turn|p1a: Zygarde
|-damage|p1a: Zygarde|85/100
|
|t:|1645866764
|switch|p2a: Landorus|Landorus-Therian, M|100/100|[from]move: U-turn
|-damage|p2a: Landorus|88/100|[from] Stealth Rock
|-ability|p2a: Landorus|Intimidate|boost
|-unboost|p1a: Zygarde|atk|1
|move|p1a: Zygarde|Coil|p1a: Zygarde
|-boost|p1a: Zygarde|atk|1
|-boost|p1a: Zygarde|def|1
|-boost|p1a: Zygarde|accuracy|1
|
|-heal|p2a: Landorus|94/100|[from] item: Leftovers
|upkeep
|turn|18
|
|t:|1645866779
|move|p2a: Landorus|Toxic|p1a: Zygarde|[miss]
|-miss|p2a: Landorus|p1a: Zygarde
|move|p1a: Zygarde|Coil|p1a: Zygarde
|-boost|p1a: Zygarde|atk|1
|-boost|p1a: Zygarde|def|1
|-boost|p1a: Zygarde|accuracy|1
|
|-heal|p2a: Landorus|99/100|[from] item: Leftovers
|upkeep
|turn|19
|
|t:|1645866785
|move|p2a: Landorus|Toxic|p1a: Zygarde
|-status|p1a: Zygarde|tox
|move|p1a: Zygarde|Scale Shot|p2a: Landorus
|-damage|p2a: Landorus|91/100
|-damage|p2a: Landorus|80/100
|-damage|p2a: Landorus|71/100
|-hitcount|p2a: Landorus|3
|-unboost|p1a: Zygarde|def|1
|-boost|p1a: Zygarde|spe|1
|
|-heal|p2a: Landorus|77/100|[from] item: Leftovers
|-damage|p1a: Zygarde|79/100 tox|[from] psn
|upkeep
|turn|20
|
|t:|1645866799
|move|p1a: Zygarde|Scale Shot|p2a: Landorus
|-damage|p2a: Landorus|67/100
|-damage|p2a: Landorus|58/100
|-damage|p2a: Landorus|48/100
|-hitcount|p2a: Landorus|3
|-unboost|p1a: Zygarde|def|1
|-boost|p1a: Zygarde|spe|1
|move|p2a: Landorus|Earthquake|p1a: Zygarde
|-damage|p1a: Zygarde|61/100 tox
|
|-heal|p2a: Landorus|54/100|[from] item: Leftovers
|-damage|p1a: Zygarde|49/100 tox|[from] psn
|upkeep
|turn|21
|
|t:|1645866812
|move|p1a: Zygarde|Rest|p1a: Zygarde
|-status|p1a: Zygarde|slp|[from] move: Rest
|-heal|p1a: Zygarde|100/100 slp|[silent]
|move|p2a: Landorus|U-turn|p1a: Zygarde
|-crit|p1a: Zygarde
|-damage|p1a: Zygarde|88/100 slp
|
|t:|1645866815
|switch|p2a: Kyogre|Kyogre|100/100|[from]move: U-turn
|-damage|p2a: Kyogre|88/100|[from] Stealth Rock
|-weather|RainDance|[from] ability: Drizzle|[of] p2a: Kyogre
|
|-weather|RainDance|[upkeep]
|upkeep
|turn|22
|
|t:|1645866819
|switch|p2a: Yveltal|Yveltal|100/100
|-ability|p2a: Yveltal|Dark Aura
|switch|p1a: Shedinja|Shedinja|100/100
|
|-weather|RainDance|[upkeep]
|upkeep
|turn|23
|
|t:|1645866827
|switch|p1a: Clefable|Clefable, M|94/100
|move|p2a: Yveltal|Defog|p1a: Clefable
|-unboost|p1a: Clefable|evasion|1
|-sideend|p2: Eledyr|Stealth Rock|[from] move: Defog|[of] p2a: Yveltal
|
|-weather|RainDance|[upkeep]
|-heal|p1a: Clefable|100/100|[from] item: Leftovers
|upkeep
|turn|24
|
|t:|1645866831
|move|p2a: Yveltal|Knock Off|p1a: Clefable
|-resisted|p1a: Clefable
|-crit|p1a: Clefable
|-damage|p1a: Clefable|52/100
|-enditem|p1a: Clefable|Leftovers|[from] move: Knock Off|[of] p2a: Yveltal
|move|p1a: Clefable|Stealth Rock|p2a: Yveltal
|-sidestart|p2: Eledyr|move: Stealth Rock
|
|-weather|RainDance|[upkeep]
|upkeep
|turn|25
|
|t:|1645866836
|move|p2a: Yveltal|Defog|p1a: Clefable
|-unboost|p1a: Clefable|evasion|1
|-sideend|p2: Eledyr|Stealth Rock|[from] move: Defog|[of] p2a: Yveltal
|move|p1a: Clefable|Soft-Boiled|p1a: Clefable
|-heal|p1a: Clefable|100/100
|
|-weather|none
|upkeep
|turn|26
|
|t:|1645866839
|move|p2a: Yveltal|U-turn|p1a: Clefable
|-resisted|p1a: Clefable
|-damage|p1a: Clefable|88/100
|
|t:|1645866841
|switch|p2a: Eternatus|Eternatus|88/100|[from]move: U-turn
|-ability|p2a: Eternatus|Pressure
|move|p1a: Clefable|Stealth Rock|p2a: Eternatus
|-sidestart|p2: Eledyr|move: Stealth Rock
|
|upkeep
|turn|27
|
|t:|1645866851
|move|p2a: Eternatus|Mystical Fire|p1a: Clefable
|-damage|p1a: Clefable|71/100
|-unboost|p1a: Clefable|spa|1
|move|p1a: Clefable|Thunder Wave|p2a: Eternatus
|-status|p2a: Eternatus|par
|
|upkeep
|turn|28
|
|t:|1645866870
|switch|p2a: Yveltal|Yveltal|100/100
|-ability|p2a: Yveltal|Dark Aura
|move|p1a: Clefable|Soft-Boiled|p1a: Clefable
|-heal|p1a: Clefable|100/100
|
|upkeep
|turn|29
|
|t:|1645866874
|move|p2a: Yveltal|U-turn|p1a: Clefable
|-resisted|p1a: Clefable
|-damage|p1a: Clefable|89/100
|
|t:|1645866875
|switch|p2a: Eternatus|Eternatus|88/100 par|[from]move: U-turn
|-damage|p2a: Eternatus|76/100 par|[from] Stealth Rock
|-ability|p2a: Eternatus|Pressure
|move|p1a: Clefable|Thunder Wave|p2a: Eternatus
|-fail|p2a: Eternatus|par
|
|upkeep
|turn|30
|
|t:|1645866885
|switch|p1a: Toxapex|Toxapex, F|74/100
|move|p2a: Eternatus|Mystical Fire|p1a: Toxapex
|-resisted|p1a: Toxapex
|-damage|p1a: Toxapex|65/100
|-unboost|p1a: Toxapex|spa|1
|
|upkeep
|turn|31
|
|t:|1645866891
|switch|p2a: Yveltal|Yveltal|100/100
|-ability|p2a: Yveltal|Dark Aura
|move|p1a: Toxapex|Recover|p1a: Toxapex
|-heal|p1a: Toxapex|100/100
|
|upkeep
|turn|32
|
|t:|1645866894
|move|p2a: Yveltal|Knock Off|p1a: Toxapex
|-damage|p1a: Toxapex|60/100
|-damage|p2a: Yveltal|84/100|[from] item: Rocky Helmet|[of] p1a: Toxapex
|-enditem|p1a: Toxapex|Rocky Helmet|[from] move: Knock Off|[of] p2a: Yveltal
|move|p1a: Toxapex|Knock Off|p2a: Yveltal
|-resisted|p2a: Yveltal
|-damage|p2a: Yveltal|77/100
|-enditem|p2a: Yveltal|Heavy-Duty Boots|[from] move: Knock Off|[of] p1a: Toxapex
|
|upkeep
|turn|33
|
|t:|1645866898
|switch|p1a: Clefable|Clefable, M|89/100
|move|p2a: Yveltal|Defog|p1a: Clefable
|-unboost|p1a: Clefable|evasion|1
|-sideend|p2: Eledyr|Stealth Rock|[from] move: Defog|[of] p2a: Yveltal
|
|upkeep
|turn|34
|
|t:|1645866902
|move|p2a: Yveltal|U-turn|p1a: Clefable
|-resisted|p1a: Clefable
|-damage|p1a: Clefable|77/100
|
|t:|1645866910
|switch|p2a: Eternatus|Eternatus|76/100 par|[from]move: U-turn
|-ability|p2a: Eternatus|Pressure
|move|p1a: Clefable|Stealth Rock|p2a: Eternatus
|-sidestart|p2: Eledyr|move: Stealth Rock
|
|upkeep
|turn|35
|
|t:|1645866917
|cant|p2a: Eternatus|par
|move|p1a: Clefable|Moonblast|p2a: Eternatus
|-damage|p2a: Eternatus|51/100 par
|
|upkeep
|turn|36
|
|t:|1645866930
|cant|p2a: Eternatus|par
|move|p1a: Clefable|Moonblast|p2a: Eternatus
|-damage|p2a: Eternatus|26/100 par
|
|upkeep
|turn|37
|
|t:|1645866932
|move|p2a: Eternatus|Recover|p2a: Eternatus
|-heal|p2a: Eternatus|76/100 par
|move|p1a: Clefable|Moonblast|p2a: Eternatus
|-damage|p2a: Eternatus|52/100 par
|
|upkeep
|turn|38
|
|t:|1645866935
|switch|p1a: Toxapex|Toxapex, F|93/100
|move|p2a: Eternatus|Recover|p2a: Eternatus
|-heal|p2a: Eternatus|100/100 par
|
|upkeep
|turn|39
|
|t:|1645866947
|switch|p1a: Clefable|Clefable, M|77/100
|move|p2a: Eternatus|Mystical Fire|p1a: Clefable
|-crit|p1a: Clefable
|-damage|p1a: Clefable|52/100
|-unboost|p1a: Clefable|spa|1
|
|upkeep
|turn|40
|
|t:|1645866954
|switch|p2a: Necrozma|Necrozma-Dusk-Mane|100/100
|-damage|p2a: Necrozma|94/100|[from] Stealth Rock
|move|p1a: Clefable|Soft-Boiled|p1a: Clefable
|-heal|p1a: Clefable|100/100
|
|-heal|p2a: Necrozma|100/100|[from] item: Leftovers
|upkeep
|turn|41
|
|t:|1645866959
|switch|p1a: Zygarde|Zygarde-Complete|88/100 slp
|move|p2a: Necrozma|Sunsteel Strike|p1a: Zygarde
|-damage|p1a: Zygarde|71/100 slp
|
|upkeep
|turn|42
|
|t:|1645866965
|move|p2a: Necrozma|Swords Dance|p2a: Necrozma
|-boost|p2a: Necrozma|atk|2
|cant|p1a: Zygarde|slp
|
|upkeep
|turn|43
|
|t:|1645866974
|move|p2a: Necrozma|Sunsteel Strike|p1a: Zygarde
|-crit|p1a: Zygarde
|-damage|p1a: Zygarde|18/100 slp
|cant|p1a: Zygarde|slp
|
|upkeep
|turn|44
|
|t:|1645866995
|switch|p1a: Toxapex|Toxapex, F|100/100
|move|p2a: Necrozma|Sunsteel Strike|p1a: Toxapex
|-resisted|p1a: Toxapex
|-damage|p1a: Toxapex|72/100
|
|upkeep
|turn|45
|
|t:|1645867006
|move|p2a: Necrozma|Knock Off|p1a: Toxapex
|-damage|p1a: Toxapex|44/100
|move|p1a: Toxapex|Haze|p1a: Toxapex
|-clearallboost
|
|upkeep
|turn|46
|
|t:|1645867018
|move|p2a: Necrozma|Swords Dance|p2a: Necrozma
|-boost|p2a: Necrozma|atk|2
|move|p1a: Toxapex|Recover|p1a: Toxapex
|-heal|p1a: Toxapex|94/100
|
|upkeep
|turn|47
|
|t:|1645867023
|move|p2a: Necrozma|Knock Off|p1a: Toxapex
|-damage|p1a: Toxapex|65/100
|move|p1a: Toxapex|Haze|p1a: Toxapex
|-clearallboost
|
|upkeep
|turn|48
|
|t:|1645867035
|switch|p2a: Yveltal|Yveltal|77/100
|-damage|p2a: Yveltal|52/100|[from] Stealth Rock
|-ability|p2a: Yveltal|Dark Aura
|move|p1a: Toxapex|Knock Off|p2a: Yveltal
|-resisted|p2a: Yveltal
|-damage|p2a: Yveltal|46/100
|
|upkeep
|turn|49
|
|t:|1645867043
|switch|p1a: Clefable|Clefable, M|100/100
|move|p2a: Yveltal|U-turn|p1a: Clefable
|-resisted|p1a: Clefable
|-damage|p1a: Clefable|89/100
|
|t:|1645867049
|switch|p2a: Landorus|Landorus-Therian, M|54/100|[from]move: U-turn
|-damage|p2a: Landorus|42/100|[from] Stealth Rock
|-ability|p2a: Landorus|Intimidate|boost
|-unboost|p1a: Clefable|atk|1
|
|-heal|p2a: Landorus|48/100|[from] item: Leftovers
|upkeep
|turn|50
|
|t:|1645867061
|move|p2a: Landorus|Earthquake|p1a: Clefable
|-damage|p1a: Clefable|37/100
|move|p1a: Clefable|Moonblast|p2a: Landorus
|-damage|p2a: Landorus|11/100
|-unboost|p2a: Landorus|spa|1
|
|-heal|p2a: Landorus|17/100|[from] item: Leftovers
|upkeep
|turn|51
|
|t:|1645867071
|switch|p1a: Ditto|Ditto|100/100
|-transform|p1a: Ditto|p2a: Landorus|[from] ability: Imposter
|-ability|p1a: Ditto|Intimidate|boost
|-unboost|p2a: Landorus|atk|1
|move|p2a: Landorus|Stealth Rock|p1a: Ditto
|-sidestart|p1: Nael222|move: Stealth Rock
|
|-heal|p2a: Landorus|23/100|[from] item: Leftovers
|upkeep
|turn|52
|
|t:|1645867080
|move|p1a: Ditto|U-turn|p2a: Landorus
|-resisted|p2a: Landorus
|-damage|p2a: Landorus|16/100
|
|t:|1645867085
|switch|p1a: Yveltal|Yveltal|94/100 tox|[from]move: U-turn
|-ability|p1a: Yveltal|Dark Aura
|move|p2a: Landorus|U-turn|p1a: Yveltal
|-damage|p1a: Yveltal|82/100 tox
|
|t:|1645867094
|switch|p2a: Necrozma|Necrozma-Dusk-Mane|100/100|[from]move: U-turn
|-damage|p2a: Necrozma|94/100|[from] Stealth Rock
|
|-heal|p2a: Necrozma|100/100|[from] item: Leftovers
|-damage|p1a: Yveltal|76/100 tox|[from] psn
|upkeep
|turn|53
|
|t:|1645867103
|switch|p1a: Toxapex|Toxapex, F|99/100
|-damage|p1a: Toxapex|86/100|[from] Stealth Rock
|move|p2a: Necrozma|Knock Off|p1a: Toxapex
|-damage|p1a: Toxapex|73/100
|
|upkeep
|turn|54
|
|t:|1645867127
|switch|p2a: Yveltal|Yveltal|46/100
|-damage|p2a: Yveltal|21/100|[from] Stealth Rock
|-ability|p2a: Yveltal|Dark Aura
|move|p1a: Toxapex|Knock Off|p2a: Yveltal
|-resisted|p2a: Yveltal
|-damage|p2a: Yveltal|17/100
|
|upkeep
|turn|55
|inactive|Nael222 has 270 seconds left.
|inactive|Nael222 has 240 seconds left.
|inactive|Eledyr has 270 seconds left.
|
|t:|1645867212
|switch|p1a: Clefable|Clefable, M|37/100
|move|p2a: Yveltal|Roost|p2a: Yveltal
|-heal|p2a: Yveltal|67/100
|-singleturn|p2a: Yveltal|move: Roost
|
|upkeep
|turn|56
|
|t:|1645867232
|move|p2a: Yveltal|Defog|p1a: Clefable
|-unboost|p1a: Clefable|evasion|1
|-sideend|p1: Nael222|Stealth Rock|[from] move: Defog|[of] p2a: Yveltal
|-sideend|p2: Eledyr|Stealth Rock|[from] move: Defog|[of] p2a: Yveltal
|move|p1a: Clefable|Soft-Boiled|p1a: Clefable
|-heal|p1a: Clefable|87/100
|
|upkeep
|turn|57
|
|t:|1645867248
|move|p2a: Yveltal|U-turn|p1a: Clefable
|-resisted|p1a: Clefable
|-damage|p1a: Clefable|76/100
|
|t:|1645867249
|switch|p2a: Rayquaza|Rayquaza|39/100 psn|[from]move: U-turn
|-ability|p2a: Rayquaza|Air Lock
|move|p1a: Clefable|Stealth Rock|p2a: Rayquaza
|-sidestart|p2: Eledyr|move: Stealth Rock
|
|-damage|p2a: Rayquaza|27/100 psn|[from] psn
|upkeep
|turn|58
|inactive|Nael222 has 240 seconds left.
|
|t:|1645867256
|switch|p1a: Toxapex|Toxapex, F|100/100
|move|p2a: Rayquaza|Dragon Ascent|p1a: Toxapex
|-damage|p1a: Toxapex|37/100
|-unboost|p2a: Rayquaza|def|1
|-unboost|p2a: Rayquaza|spd|1
|
|-damage|p2a: Rayquaza|14/100 psn|[from] psn
|upkeep
|turn|59
|
|t:|1645867269
|move|p1a: Toxapex|Baneful Bunker|p1a: Toxapex
|-singleturn|p1a: Toxapex|move: Protect
|move|p2a: Rayquaza|Dragon Ascent|p1a: Toxapex
|-activate|p1a: Toxapex|move: Protect
|
|-damage|p2a: Rayquaza|2/100 psn|[from] psn
|upkeep
|turn|60
|
|t:|1645867280
|switch|p1a: Yveltal|Yveltal|76/100 tox
|-ability|p1a: Yveltal|Dark Aura
|move|p2a: Rayquaza|Dragon Ascent|p1a: Yveltal
|-damage|p1a: Yveltal|0 fnt
|-unboost|p2a: Rayquaza|def|1
|-unboost|p2a: Rayquaza|spd|1
|faint|p1a: Yveltal
|
|-damage|p2a: Rayquaza|0 fnt|[from] psn
|faint|p2a: Rayquaza
|upkeep
|inactive|Eledyr has 270 seconds left.
|inactive|Nael222 has 240 seconds left.
|inactive|Eledyr has 240 seconds left.
|
|t:|1645867327
|switch|p2a: Necrozma|Necrozma-Dusk-Mane|100/100
|switch|p1a: Clefable|Clefable, M|76/100
|-damage|p2a: Necrozma|94/100|[from] Stealth Rock
|turn|61
|inactive|Nael222 has 240 seconds left.
|inactive|Eledyr has 240 seconds left.
|
|t:|1645867342
|switch|p1a: Toxapex|Toxapex, F|70/100
|move|p2a: Necrozma|Sunsteel Strike|p1a: Toxapex
|-resisted|p1a: Toxapex
|-damage|p1a: Toxapex|56/100
|
|-heal|p2a: Necrozma|100/100|[from] item: Leftovers
|upkeep
|turn|62
|inactive|Eledyr has 240 seconds left.
|
|t:|1645867355
|switch|p2a: Yveltal|Yveltal|67/100
|-damage|p2a: Yveltal|42/100|[from] Stealth Rock
|-ability|p2a: Yveltal|Dark Aura
|move|p1a: Toxapex|Recover|p1a: Toxapex
|-heal|p1a: Toxapex|100/100
|
|upkeep
|turn|63
|inactive|Eledyr has 240 seconds left.
|
|t:|1645867363
|switch|p1a: Clefable|Clefable, M|76/100
|move|p2a: Yveltal|Defog|p1a: Clefable
|-unboost|p1a: Clefable|evasion|1
|-sideend|p2: Eledyr|Stealth Rock|[from] move: Defog|[of] p2a: Yveltal
|
|upkeep
|turn|64
|inactive|Eledyr has 240 seconds left.
|
|t:|1645867377
|move|p2a: Yveltal|Roost|p2a: Yveltal
|-heal|p2a: Yveltal|92/100
|-singleturn|p2a: Yveltal|move: Roost
|move|p1a: Clefable|Stealth Rock|p2a: Yveltal
|-sidestart|p2: Eledyr|move: Stealth Rock
|
|upkeep
|turn|65
|
|t:|1645867383
|move|p2a: Yveltal|U-turn|p1a: Clefable
|-resisted|p1a: Clefable
|-damage|p1a: Clefable|63/100
|
|t:|1645867385
|switch|p2a: Eternatus|Eternatus|100/100 par|[from]move: U-turn
|-damage|p2a: Eternatus|88/100 par|[from] Stealth Rock
|-ability|p2a: Eternatus|Pressure
|move|p1a: Clefable|Thunder Wave|p2a: Eternatus
|-fail|p2a: Eternatus|par
|
|upkeep
|turn|66
|
|t:|1645867393
|switch|p2a: Necrozma|Necrozma-Dusk-Mane|100/100
|-damage|p2a: Necrozma|94/100|[from] Stealth Rock
|move|p1a: Clefable|Soft-Boiled|p1a: Clefable
|-heal|p1a: Clefable|100/100
|
|-heal|p2a: Necrozma|100/100|[from] item: Leftovers
|upkeep
|turn|67
|
|t:|1645867404
|switch|p1a: Toxapex|Toxapex, F|100/100
|move|p2a: Necrozma|Swords Dance|p2a: Necrozma
|-boost|p2a: Necrozma|atk|2
|
|upkeep
|turn|68
|
|t:|1645867412
|move|p2a: Necrozma|Knock Off|p1a: Toxapex
|-damage|p1a: Toxapex|75/100
|move|p1a: Toxapex|Haze|p1a: Toxapex
|-clearallboost
|
|upkeep
|turn|69
|
|t:|1645867417
|move|p2a: Necrozma|Knock Off|p1a: Toxapex
|-damage|p1a: Toxapex|61/100
|move|p1a: Toxapex|Knock Off|p2a: Necrozma
|-supereffective|p2a: Necrozma
|-damage|p2a: Necrozma|84/100
|-enditem|p2a: Necrozma|Leftovers|[from] move: Knock Off|[of] p1a: Toxapex
|
|upkeep
|turn|70
|inactive|Eledyr has 270 seconds left.
|
|t:|1645867432
|move|p2a: Necrozma|Knock Off|p1a: Toxapex
|-damage|p1a: Toxapex|47/100
|move|p1a: Toxapex|Knock Off|p2a: Necrozma
|-supereffective|p2a: Necrozma
|-damage|p2a: Necrozma|74/100
|
|upkeep
|turn|71
|
|t:|1645867440
|move|p2a: Necrozma|Morning Sun|p2a: Necrozma
|-heal|p2a: Necrozma|100/100
|move|p1a: Toxapex|Recover|p1a: Toxapex
|-heal|p1a: Toxapex|97/100
|
|upkeep
|turn|72
|
|t:|1645867447
|switch|p2a: Yveltal|Yveltal|92/100
|-damage|p2a: Yveltal|67/100|[from] Stealth Rock
|-ability|p2a: Yveltal|Dark Aura
|move|p1a: Toxapex|Knock Off|p2a: Yveltal
|-resisted|p2a: Yveltal
|-damage|p2a: Yveltal|62/100
|
|upkeep
|turn|73
|
|t:|1645867453
|switch|p1a: Clefable|Clefable, M|100/100
|move|p2a: Yveltal|Defog|p1a: Clefable
|-unboost|p1a: Clefable|evasion|1
|-sideend|p2: Eledyr|Stealth Rock|[from] move: Defog|[of] p2a: Yveltal
|
|upkeep
|turn|74
|
|t:|1645867462
|move|p2a: Yveltal|U-turn|p1a: Clefable
|-resisted|p1a: Clefable
|-damage|p1a: Clefable|89/100
|
|t:|1645867463
|switch|p2a: Eternatus|Eternatus|88/100 par|[from]move: U-turn
|-ability|p2a: Eternatus|Pressure
|move|p1a: Clefable|Stealth Rock|p2a: Eternatus
|-sidestart|p2: Eledyr|move: Stealth Rock
|
|upkeep
|turn|75
|
|t:|1645867471
|switch|p2a: Necrozma|Necrozma-Dusk-Mane|100/100
|-damage|p2a: Necrozma|94/100|[from] Stealth Rock
|move|p1a: Clefable|Moonblast|p2a: Necrozma
|-resisted|p2a: Necrozma
|-damage|p2a: Necrozma|84/100
|
|upkeep
|turn|76
|
|t:|1645867478
|switch|p1a: Toxapex|Toxapex, F|100/100
|move|p2a: Necrozma|Knock Off|p1a: Toxapex
|-damage|p1a: Toxapex|86/100
|
|upkeep
|turn|77
|
|t:|1645867490
|switch|p2a: Eternatus|Eternatus|88/100 par
|-damage|p2a: Eternatus|76/100 par|[from] Stealth Rock
|-ability|p2a: Eternatus|Pressure
|move|p1a: Toxapex|Knock Off|p2a: Eternatus
|-damage|p2a: Eternatus|69/100 par
|
|upkeep
|turn|78
|
|t:|1645867518
|switch|p2a: Yveltal|Yveltal|62/100
|-damage|p2a: Yveltal|37/100|[from] Stealth Rock
|-ability|p2a: Yveltal|Dark Aura
|switch|p1a: Clefable|Clefable, M|89/100
|
|upkeep
|turn|79
|
|t:|1645867529
|move|p2a: Yveltal|Roost|p2a: Yveltal
|-heal|p2a: Yveltal|88/100
|-singleturn|p2a: Yveltal|move: Roost
|move|p1a: Clefable|Moonblast|p2a: Yveltal
|-supereffective|p2a: Yveltal
|-damage|p2a: Yveltal|47/100
|
|upkeep
|turn|80
|
|t:|1645867542
|move|p2a: Yveltal|U-turn|p1a: Clefable
|-resisted|p1a: Clefable
|-damage|p1a: Clefable|77/100
|
|t:|1645867544
|switch|p2a: Eternatus|Eternatus|69/100 par|[from]move: U-turn
|-damage|p2a: Eternatus|57/100 par|[from] Stealth Rock
|-ability|p2a: Eternatus|Pressure
|move|p1a: Clefable|Thunder Wave|p2a: Eternatus
|-fail|p2a: Eternatus|par
|
|upkeep
|turn|81
|
|t:|1645867557
|switch|p2a: Necrozma|Necrozma-Dusk-Mane|84/100
|-damage|p2a: Necrozma|78/100|[from] Stealth Rock
|switch|p1a: Toxapex|Toxapex, F|100/100
|
|upkeep
|turn|82
|
|t:|1645867562
|switch|p2a: Eternatus|Eternatus|57/100 par
|-damage|p2a: Eternatus|45/100 par|[from] Stealth Rock
|-ability|p2a: Eternatus|Pressure
|move|p1a: Toxapex|Knock Off|p2a: Eternatus
|-crit|p2a: Eternatus
|-damage|p2a: Eternatus|34/100 par
|
|upkeep
|turn|83
|
|t:|1645867566
|switch|p1a: Zygarde|Zygarde-Complete|18/100 slp
|move|p2a: Eternatus|Recover|p2a: Eternatus
|-heal|p2a: Eternatus|85/100 par
|
|upkeep
|turn|84
|
|t:|1645867574
|switch|p1a: Clefable|Clefable, M|77/100
|move|p2a: Eternatus|Draco Meteor|p1a: Clefable
|-immune|p1a: Clefable
|
|upkeep
|turn|85
|
|t:|1645867585
|switch|p1a: Toxapex|Toxapex, F|100/100
|move|p2a: Eternatus|Mystical Fire|p1a: Toxapex
|-resisted|p1a: Toxapex
|-damage|p1a: Toxapex|90/100
|-unboost|p1a: Toxapex|spa|1
|
|upkeep
|turn|86
|
|t:|1645867596
|switch|p2a: Yveltal|Yveltal|47/100
|-damage|p2a: Yveltal|22/100|[from] Stealth Rock
|-ability|p2a: Yveltal|Dark Aura
|switch|p1a: Clefable|Clefable, M|77/100
|
|upkeep
|turn|87
|l| Micciu20250
|
|t:|1645867600
|move|p2a: Yveltal|Roost|p2a: Yveltal
|-heal|p2a: Yveltal|72/100
|-singleturn|p2a: Yveltal|move: Roost
|move|p1a: Clefable|Thunder Wave|p2a: Yveltal
|-status|p2a: Yveltal|par
|
|upkeep
|turn|88
|c|☆Eledyr|je note le "j'ai beaucoup de matchs à jouer"
|c|☆Eledyr|tout ça pour me sortir stall
|inactive|Eledyr has 270 seconds left.
|c|☆Eledyr|t'es vraiment le plus gros chien que j'ai jamais v
|inactive|Eledyr has 240 seconds left.
|
|t:|1645867682
|switch|p2a: Eternatus|Eternatus|85/100 par
|-damage|p2a: Eternatus|72/100 par|[from] Stealth Rock
|-ability|p2a: Eternatus|Pressure
|move|p1a: Clefable|Moonblast|p2a: Eternatus
|-damage|p2a: Eternatus|47/100 par
|-unboost|p2a: Eternatus|spa|1
|
|upkeep
|turn|89
|
|t:|1645867692
|move|p2a: Eternatus|Recover|p2a: Eternatus
|-heal|p2a: Eternatus|97/100 par
|move|p1a: Clefable|Moonblast|p2a: Eternatus
|-damage|p2a: Eternatus|73/100 par
|-unboost|p2a: Eternatus|spa|1
|
|upkeep
|turn|90
|
|t:|1645867699
|switch|p2a: Necrozma|Necrozma-Dusk-Mane|78/100
|-damage|p2a: Necrozma|72/100|[from] Stealth Rock
|move|p1a: Clefable|Stealth Rock||[still]
|-fail|p1a: Clefable
|
|upkeep
|turn|91
|
|t:|1645867728
|switch|p2a: Eternatus|Eternatus|73/100 par
|-damage|p2a: Eternatus|60/100 par|[from] Stealth Rock
|-ability|p2a: Eternatus|Pressure
|switch|p1a: Toxapex|Toxapex, F|100/100
|
|upkeep
|turn|92
|
|t:|1645867736
|switch|p1a: Zygarde|Zygarde-Complete|18/100 slp
|move|p2a: Eternatus|Recover|p2a: Eternatus
|-heal|p2a: Eternatus|100/100 par
|
|upkeep
|turn|93
|
|t:|1645867739
|-curestatus|p1a: Zygarde|slp|[msg]
|move|p1a: Zygarde|Rest|p1a: Zygarde
|-status|p1a: Zygarde|slp|[from] move: Rest
|-heal|p1a: Zygarde|100/100 slp|[silent]
|move|p2a: Eternatus|Draco Meteor|p1a: Zygarde
|-supereffective|p1a: Zygarde
|-damage|p1a: Zygarde|34/100 slp
|-unboost|p2a: Eternatus|spa|2
|
|upkeep
|turn|94
|j| Micciu20250
|
|t:|1645867753
|switch|p2a: Landorus|Landorus-Therian, M|16/100
|-damage|p2a: Landorus|3/100|[from] Stealth Rock
|-ability|p2a: Landorus|Intimidate|boost
|-unboost|p1a: Zygarde|atk|1
|cant|p1a: Zygarde|slp
|
|-heal|p2a: Landorus|9/100|[from] item: Leftovers
|upkeep
|turn|95
|inactive|Eledyr has 240 seconds left.
|
|t:|1645867759
|move|p2a: Landorus|U-turn|p1a: Zygarde
|-crit|p1a: Zygarde
|-damage|p1a: Zygarde|23/100 slp
|
|t:|1645867763
|switch|p2a: Kyogre|Kyogre|88/100|[from]move: U-turn
|-damage|p2a: Kyogre|76/100|[from] Stealth Rock
|-weather|RainDance|[from] ability: Drizzle|[of] p2a: Kyogre
|cant|p1a: Zygarde|slp
|
|-weather|RainDance|[upkeep]
|upkeep
|turn|96
|
|t:|1645867770
|switch|p1a: Shedinja|Shedinja|100/100
|move|p2a: Kyogre|Ice Beam|p1a: Shedinja
|-immune|p1a: Shedinja|[from] ability: Wonder Guard
|
|-weather|RainDance|[upkeep]
|upkeep
|turn|97
|
|t:|1645867776
|switch|p2a: Eternatus|Eternatus|100/100 par
|-damage|p2a: Eternatus|88/100 par|[from] Stealth Rock
|-ability|p2a: Eternatus|Pressure
|move|p1a: Shedinja|Hex|p2a: Eternatus
|-damage|p2a: Eternatus|62/100 par
|
|-weather|RainDance|[upkeep]
|upkeep
|turn|98
|
|t:|1645867786
|move|p1a: Shedinja|Protect|p1a: Shedinja
|-singleturn|p1a: Shedinja|Protect
|move|p2a: Eternatus|Recover|p2a: Eternatus
|-heal|p2a: Eternatus|100/100 par
|
|-weather|RainDance|[upkeep]
|upkeep
|turn|99
|inactive|Eledyr has 270 seconds left.
|
|t:|1645867793
|switch|p1a: Toxapex|Toxapex, F|100/100
|move|p2a: Eternatus|Toxic|p1a: Toxapex
|-immune|p1a: Toxapex
|
|-weather|none
|upkeep
|turn|100
|
|t:|1645867799
|switch|p2a: Yveltal|Yveltal|72/100 par
|-damage|p2a: Yveltal|47/100 par|[from] Stealth Rock
|-ability|p2a: Yveltal|Dark Aura
|switch|p1a: Clefable|Clefable, M|77/100
|
|upkeep
|turn|101
|
|t:|1645867807
|move|p1a: Clefable|Moonblast|p2a: Yveltal
|-supereffective|p2a: Yveltal
|-damage|p2a: Yveltal|4/100 par
|cant|p2a: Yveltal|par
|
|upkeep
|turn|102
|c|☆Eledyr|évidemment au pire moment
|
|t:|1645867821
|move|p1a: Clefable|Moonblast|p2a: Yveltal
|-supereffective|p2a: Yveltal
|-damage|p2a: Yveltal|0 fnt
|faint|p2a: Yveltal
|
|upkeep
|inactive|Eledyr has 270 seconds left.
|
|t:|1645867843
|switch|p2a: Eternatus|Eternatus|100/100 par
|-damage|p2a: Eternatus|88/100 par|[from] Stealth Rock
|-ability|p2a: Eternatus|Pressure
|turn|103
|
|t:|1645867847
|switch|p1a: Toxapex|Toxapex, F|100/100
|move|p2a: Eternatus|Mystical Fire|p1a: Toxapex
|-resisted|p1a: Toxapex
|-damage|p1a: Toxapex|90/100
|-unboost|p1a: Toxapex|spa|1
|
|upkeep
|turn|104
|l| Micciu20250
|
|t:|1645867856
|switch|p1a: Clefable|Clefable, M|77/100
|move|p2a: Eternatus|Mystical Fire|p1a: Clefable
|-damage|p1a: Clefable|61/100
|-unboost|p1a: Clefable|spa|1
|
|upkeep
|turn|105
|
|t:|1645867862
|switch|p2a: Necrozma|Necrozma-Dusk-Mane|72/100
|-damage|p2a: Necrozma|66/100|[from] Stealth Rock
|move|p1a: Clefable|Soft-Boiled|p1a: Clefable
|-heal|p1a: Clefable|100/100
|
|upkeep
|turn|106
|
|t:|1645867874
|switch|p1a: Toxapex|Toxapex, F|100/100
|move|p2a: Necrozma|Sunsteel Strike|p1a: Toxapex
|-resisted|p1a: Toxapex
|-damage|p1a: Toxapex|86/100
|
|upkeep
|turn|107
|
|t:|1645867882
|move|p2a: Necrozma|Swords Dance|p2a: Necrozma
|-boost|p2a: Necrozma|atk|2
|move|p1a: Toxapex|Knock Off|p2a: Necrozma
|-supereffective|p2a: Necrozma
|-damage|p2a: Necrozma|56/100
|
|upkeep
|turn|108
|l| SM laddering alt
|
|t:|1645867885
|move|p2a: Necrozma|Morning Sun|p2a: Necrozma
|-heal|p2a: Necrozma|100/100
|move|p1a: Toxapex|Haze|p1a: Toxapex
|-clearallboost
|
|upkeep
|turn|109
|
|t:|1645867899
|move|p2a: Necrozma|Swords Dance|p2a: Necrozma
|-boost|p2a: Necrozma|atk|2
|move|p1a: Toxapex|Haze|p1a: Toxapex
|-clearallboost
|
|upkeep
|turn|110
|j| SM laddering alt
|j| StitChuu
|c|☆Eledyr|allez c'est bon ça me soule, prends ta win
|c|☆Eledyr|j'espère que t'es content
|-message|Eledyr forfeited.
|
|win|Nael222
