|j|☆gucci mane 2026
|j|☆Dun 26
|t:|1666119277
|gametype|singles
|player|p1|gucci mane 2026|raihan-masters|1405
|player|p2|Dun 26|skyla|1642
|teamsize|p1|6
|teamsize|p2|6
|gen|8
|tier|[Gen 8] Ubers
|rated|
|rule|Sleep Clause Mod: Limit one foe put to sleep
|rule|Species Clause: Limit one of each Pokémon
|rule|OHKO Clause: OHKO moves are banned
|rule|Evasion Items Clause: Evasion items are banned
|rule|Evasion Moves Clause: Evasion moves are banned
|rule|Endless Battle Clause: Forcing endless battles is banned
|rule|HP Percentage Mod: HP is shown in percentages
|rule|Dynamax Clause: You cannot dynamax
|clearpoke
|poke|p1|Weavile, M|
|poke|p1|Eternatus|
|poke|p1|Yveltal|
|poke|p1|Necrozma-Dusk-Mane|
|poke|p1|Zygarde|
|poke|p1|Kyogre|
|poke|p2|Excadrill, F|
|poke|p2|Darmanitan-Galar, M|
|poke|p2|Yveltal|
|poke|p2|Xerneas-*|
|poke|p2|Necrozma-Dusk-Mane|
|poke|p2|Dracovish|
|teampreview
|
|t:|1666119281
|start
|switch|p1a: Weavile|Weavile, M|100/100
|switch|p2a: Excadrill|Excadrill, F|100/100
|-ability|p1a: Weavile|Pressure
|-ability|p2a: Excadrill|Mold Breaker
|turn|1
|inactive|Battle timer is ON: inactive players will automatically lose when time's up. (requested by gucci mane 2026)
|
|t:|1666119302
|move|p1a: Weavile|Triple Axel|p2a: Excadrill
|-damage|p2a: Excadrill|84/100
|-damage|p2a: Excadrill|55/100
|-damage|p2a: Excadrill|3/100
|-hitcount|p2a: Excadrill|3
|move|p2a: Excadrill|Stealth Rock|p1a: Weavile
|-sidestart|p1: gucci mane 2026|move: Stealth Rock
|
|upkeep
|turn|2
|
|t:|1666119309
|move|p1a: Weavile|Knock Off|p2a: Excadrill
|-damage|p2a: Excadrill|0 fnt
|-enditem|p2a: Excadrill|Focus Sash|[from] move: Knock Off|[of] p1a: Weavile
|faint|p2a: Excadrill
|
|upkeep
|
|t:|1666119318
|switch|p2a: Xerneas|Xerneas|100/100
|-ability|p2a: Xerneas|Fairy Aura
|turn|3
|
|t:|1666119321
|switch|p1a: Necrozma|Necrozma-Dusk-Mane|100/100
|-damage|p1a: Necrozma|94/100|[from] Stealth Rock
|move|p2a: Xerneas|Moonblast|p1a: Necrozma
|-resisted|p1a: Necrozma
|-damage|p1a: Necrozma|72/100
|
|-heal|p1a: Necrozma|78/100|[from] item: Leftovers
|upkeep
|turn|4
|
|t:|1666119327
|switch|p2a: NOBBRAIN|Dracovish|100/100
|move|p1a: Necrozma|Stealth Rock|p2a: NOBBRAIN
|-sidestart|p2: Dun 26|move: Stealth Rock
|
|-heal|p1a: Necrozma|84/100|[from] item: Leftovers
|upkeep
|turn|5
|inactive|gucci mane 2026 has 120 seconds left.
|
|t:|1666119360
|switch|p1a: Eternatus|Eternatus|100/100
|-ability|p1a: Eternatus|Pressure
|move|p2a: NOBBRAIN|Fishious Rend|p1a: Eternatus
|-resisted|p1a: Eternatus
|-damage|p1a: Eternatus|39/100
|
|upkeep
|turn|6
|
|t:|1666119369
|switch|p2a: OUGABOUGA|Darmanitan-Galar, M|100/100
|-damage|p2a: OUGABOUGA|75/100|[from] Stealth Rock
|move|p1a: Eternatus|Recover|p1a: Eternatus
|-heal|p1a: Eternatus|89/100
|
|upkeep
|turn|7
|
|t:|1666119379
|switch|p1a: Yveltal|Yveltal|100/100
|-ability|p1a: Yveltal|Dark Aura
|move|p2a: OUGABOUGA|Belly Drum|p2a: OUGABOUGA
|-damage|p2a: OUGABOUGA|25/100
|-setboost|p2a: OUGABOUGA|atk|6|[from] move: Belly Drum
|-enditem|p2a: OUGABOUGA|Salac Berry|[eat]
|-boost|p2a: OUGABOUGA|spe|1|[from] item: Salac Berry
|
|-formechange|p2a: OUGABOUGA|Darmanitan-Galar-Zen|
|upkeep
|turn|8
|inactive|gucci mane 2026 has 120 seconds left.
|inactive|gucci mane 2026 has 90 seconds left.
|
|t:|1666119432
|move|p2a: OUGABOUGA|Ice Punch|p1a: Yveltal
|-supereffective|p1a: Yveltal
|-damage|p1a: Yveltal|0 fnt
|faint|p1a: Yveltal
|
|upkeep
|inactive|gucci mane 2026 has 90 seconds left.
|
|t:|1666119459
|switch|p1a: Kyogre|Kyogre|100/100
|-damage|p1a: Kyogre|88/100|[from] Stealth Rock
|-weather|RainDance|[from] ability: Drizzle|[of] p1a: Kyogre
|turn|9
|j| luisYR_a
|l| luisYR_a
|j| Discogamer99876
|
|t:|1666119485
|move|p2a: OUGABOUGA|Earthquake|p1a: Kyogre
|-damage|p1a: Kyogre|0 fnt
|faint|p1a: Kyogre
|
|-weather|RainDance|[upkeep]
|upkeep
|inactive|gucci mane 2026 has 60 seconds left.
|
|t:|1666119511
|switch|p1a: Weavile|Weavile, M|100/100
|-ability|p1a: Weavile|Pressure
|turn|10
|inactive|gucci mane 2026 has 60 seconds left.
|
|t:|1666119526
|move|p2a: OUGABOUGA|Earthquake|p1a: Weavile
|-damage|p1a: Weavile|0 fnt
|faint|p1a: Weavile
|
|-weather|RainDance|[upkeep]
|upkeep
|-message|gucci mane 2026 forfeited.
|
|win|Dun 26
|raw|gucci mane 2026's rating: 1405 &rarr; <strong>1397</strong><br />(-8 for losing)
|raw|Dun 26's rating: 1655 &rarr; <strong>1663</strong><br />(+8 for winning)
|l|☆gucci mane 2026
|l| Discogamer99876
||Ladder isn't responding, score probably updated but might not have (Request timeout).
