|j|☆nicolle925
|j|☆sousnake
|player|p1|nicolle925|138|1502
|player|p2|sousnake|lucas|1458
|teamsize|p1|6
|teamsize|p2|6
|gametype|singles
|gen|8
|tier|[Gen 8] Ubers
|rated|
|clearpoke
|poke|p1|Lunala|
|poke|p1|Eternatus|
|poke|p1|Corviknight, M|
|poke|p1|Seismitoad, M|
|poke|p1|Ditto|
|poke|p1|Umbreon, F|
|poke|p2|Necrozma-Dusk-Mane|
|poke|p2|Eternatus|
|poke|p2|Zacian-Crowned|
|poke|p2|Lunala|
|poke|p2|Melmetal|
|poke|p2|Marshadow|
|rule|Sleep Clause Mod: Limit one foe put to sleep
|rule|Species Clause: Limit one of each Pokémon
|rule|OHKO Clause: OHKO moves are banned
|rule|Evasion Moves Clause: Evasion moves are banned
|rule|Endless Battle Clause: Forcing endless battles is banned
|rule|HP Percentage Mod: HP is shown in percentages
|teampreview
|inactive|Battle timer is ON: inactive players will automatically lose when time's up. (requested by sousnake)
|inactive|nicolle925 has 120 seconds left.
|
|start
|switch|p1a: Lunala|Lunala|100/100
|switch|p2a: Lunala|Lunala, shiny|100/100
|turn|1
|
|switch|p1a: Umbreon|Umbreon, F, shiny|100/100
|move|p2a: Lunala|Moongeist Beam|p1a: Umbreon
|-resisted|p1a: Umbreon
|-damage|p1a: Umbreon|88/100
|
|-heal|p1a: Umbreon|94/100|[from] item: Leftovers
|upkeep
|turn|2
|
|switch|p2a: Melmetal|Melmetal|100/100
|move|p1a: Umbreon|Snarl|p2a: Melmetal
|-damage|p2a: Melmetal|92/100
|-unboost|p2a: Melmetal|spa|1
|
|-heal|p1a: Umbreon|99/100|[from] item: Leftovers
|upkeep
|turn|3
|
|switch|p1a: Corviknight|Corviknight, M|100/100
|-ability|p1a: Corviknight|Pressure
|move|p2a: Melmetal|Double Iron Bash|p1a: Corviknight
|-resisted|p1a: Corviknight
|-damage|p1a: Corviknight|86/100
|-resisted|p1a: Corviknight
|-damage|p1a: Corviknight|72/100
|-hitcount|p1a: Corviknight|2
|
|-heal|p1a: Corviknight|78/100|[from] item: Leftovers
|upkeep
|turn|4
|
|switch|p2a: Eternatus|Eternatus|100/100
|-ability|p2a: Eternatus|Pressure
|move|p1a: Corviknight|Roost|p1a: Corviknight
|-heal|p1a: Corviknight|100/100
|-singleturn|p1a: Corviknight|move: Roost
|
|upkeep
|turn|5
|
|switch|p1a: Umbreon|Umbreon, F, shiny|99/100
|move|p2a: Eternatus|Substitute|p2a: Eternatus
|-start|p2a: Eternatus|Substitute
|-damage|p2a: Eternatus|76/100
|
|-heal|p2a: Eternatus|82/100|[from] item: Leftovers
|-heal|p1a: Umbreon|100/100|[from] item: Leftovers
|upkeep
|turn|6
|
|move|p2a: Eternatus|Flamethrower|p1a: Umbreon
|-damage|p1a: Umbreon|81/100
|move|p1a: Umbreon|Snarl|p2a: Eternatus
|-damage|p2a: Eternatus|72/100
|-unboost|p2a: Eternatus|spa|1
|
|-heal|p2a: Eternatus|78/100|[from] item: Leftovers
|-heal|p1a: Umbreon|87/100|[from] item: Leftovers
|upkeep
|turn|7
|j| pisador2
|
|move|p2a: Eternatus|Cosmic Power|p2a: Eternatus
|-boost|p2a: Eternatus|def|1
|-boost|p2a: Eternatus|spd|1
|move|p1a: Umbreon|Wish|p1a: Umbreon
|
|-heal|p2a: Eternatus|84/100|[from] item: Leftovers
|-heal|p1a: Umbreon|93/100|[from] item: Leftovers
|upkeep
|turn|8
|
|move|p2a: Eternatus|Dynamax Cannon|p1a: Umbreon
|-damage|p1a: Umbreon|72/100
|move|p1a: Umbreon|Snarl|p2a: Eternatus
|-damage|p2a: Eternatus|76/100
|-unboost|p2a: Eternatus|spa|1
|
|-heal|p1a: Umbreon|100/100|[from] move: Wish|[wisher] Umbreon
|-heal|p2a: Eternatus|82/100|[from] item: Leftovers
|upkeep
|turn|9
|
|switch|p2a: Zacian|Zacian-Crowned|100/100
|-ability|p2a: Zacian|Intrepid Sword|boost
|-boost|p2a: Zacian|atk|1
|switch|p1a: Corviknight|Corviknight, M|100/100
|-ability|p1a: Corviknight|Pressure
|
|upkeep
|turn|10
|
|switch|p2a: Necrozma|Necrozma-Dusk-Mane|100/100
|move|p1a: Corviknight|Bulk Up|p1a: Corviknight
|-boost|p1a: Corviknight|atk|1
|-boost|p1a: Corviknight|def|1
|
|upkeep
|turn|11
|
|move|p1a: Corviknight|Body Press|p2a: Necrozma
|-damage|p2a: Necrozma|79/100
|move|p2a: Necrozma|Stealth Rock|p1a: Corviknight
|-sidestart|p1: nicolle925|move: Stealth Rock
|
|-heal|p2a: Necrozma|85/100|[from] item: Leftovers
|upkeep
|turn|12
|
|switch|p2a: Lunala|Lunala, shiny|100/100
|move|p1a: Corviknight|Brave Bird|p2a: Lunala
|-damage|p2a: Lunala|77/100
|-damage|p1a: Corviknight|91/100|[from] Recoil
|
|-heal|p2a: Lunala|84/100|[from] item: Leftovers
|-heal|p1a: Corviknight|97/100|[from] item: Leftovers
|upkeep
|turn|13
|
|-start|p1a: Corviknight|Dynamax
|-heal|p1a: Corviknight|97/100|[silent]
|move|p2a: Lunala|Moongeist Beam|p1a: Corviknight
|-damage|p1a: Corviknight|76/100
|move|p1a: Corviknight|Max Airstream|p2a: Lunala
|-damage|p2a: Lunala|31/100
|-boost|p1a: Corviknight|spe|1
|
|-heal|p1a: Corviknight|79/100|[from] item: Leftovers
|-heal|p2a: Lunala|38/100|[from] item: Leftovers
|upkeep
|turn|14
|
|move|p1a: Corviknight|Max Airstream|p2a: Lunala
|-damage|p2a: Lunala|0 fnt
|-boost|p1a: Corviknight|spe|1
|faint|p2a: Lunala
|
|-heal|p1a: Corviknight|82/100|[from] item: Leftovers
|upkeep
|
|switch|p2a: Marshadow|Marshadow|100/100
|turn|15
|l| pisador2
|
|move|p2a: Marshadow|Spectral Thief||[still]
|-clearpositiveboost|p1a: Corviknight|p2a: Marshadow|move: Spectral Thief
|-boost|p2a: Marshadow|atk|1
|-boost|p2a: Marshadow|def|1
|-boost|p2a: Marshadow|spe|2
|-anim|p2a: Marshadow|Spectral Thief|p1a: Corviknight
|-damage|p1a: Corviknight|59/100
|move|p1a: Corviknight|Max Airstream|p2a: Marshadow
|-supereffective|p2a: Marshadow
|-damage|p2a: Marshadow|33/100
|-boost|p1a: Corviknight|spe|1
|
|-heal|p1a: Corviknight|62/100|[from] item: Leftovers
|-end|p1a: Corviknight|Dynamax
|-heal|p1a: Corviknight|62/100|[silent]
|upkeep
|turn|16
|
|-start|p2a: Marshadow|Dynamax
|-heal|p2a: Marshadow|33/100|[silent]
|move|p2a: Marshadow|Max Phantasm|p1a: Corviknight
|-damage|p1a: Corviknight|0 fnt
|faint|p1a: Corviknight
|
|upkeep
|
|switch|p1a: Ditto|Ditto, shiny|100/100
|-damage|p1a: Ditto|88/100|[from] Stealth Rock
|-transform|p1a: Ditto|p2a: Marshadow|[from] ability: Imposter
|turn|17
|
|move|p1a: Ditto|Spectral Thief||[still]
|-clearpositiveboost|p2a: Marshadow|p1a: Ditto|move: Spectral Thief
|-boost|p1a: Ditto|atk|1
|-boost|p1a: Ditto|def|1
|-boost|p1a: Ditto|spe|2
|-anim|p1a: Ditto|Spectral Thief|p2a: Marshadow
|-supereffective|p2a: Marshadow
|-damage|p2a: Marshadow|0 fnt
|faint|p2a: Marshadow
|
|upkeep
|c|☆sousnake|damn ditto
|inactive|sousnake has 120 seconds left.
|
|switch|p2a: Zacian|Zacian-Crowned|100/100
|-ability|p2a: Zacian|Intrepid Sword|boost
|-boost|p2a: Zacian|atk|1
|turn|18
|
|move|p1a: Ditto|Spectral Thief||[still]
|-clearpositiveboost|p2a: Zacian|p1a: Ditto|move: Spectral Thief
|-boost|p1a: Ditto|atk|1
|-anim|p1a: Ditto|Spectral Thief|p2a: Zacian
|-damage|p2a: Zacian|0 fnt
|faint|p2a: Zacian
|
|upkeep
|-message|sousnake forfeited.
|
|win|nicolle925
|l|☆sousnake
|raw|nicolle925's rating: 1502 &rarr; <strong>1520</strong><br />(+18 for winning)
|raw|sousnake's rating: 1459 &rarr; <strong>1441</strong><br />(-18 for losing)
