|j|☆hjuyttdd
|j|☆iamnotagenius
|t:|1637497480
|gametype|singles
|player|p1|hjuyttdd|aromalady|
|player|p2|iamnotagenius|1|
|teamsize|p1|6
|teamsize|p2|6
|gen|8
|tier|[Gen 8] Ubers
|rated|Tournament battle
|rule|Sleep Clause Mod: Limit one foe put to sleep
|rule|Species Clause: Limit one of each Pokémon
|rule|OHKO Clause: OHKO moves are banned
|rule|Evasion Moves Clause: Evasion moves are banned
|rule|Endless Battle Clause: Forcing endless battles is banned
|rule|HP Percentage Mod: HP is shown in percentages
|rule|Dynamax Clause: You cannot dynamax
|clearpoke
|poke|p1|Yveltal|
|poke|p1|Necrozma-Dusk-Mane|
|poke|p1|Xerneas-*|
|poke|p1|Giratina|
|poke|p1|Ho-Oh|
|poke|p1|Blissey, F|
|poke|p2|Calyrex-Shadow|
|poke|p2|Yveltal|
|poke|p2|Darmanitan-Galar, F|
|poke|p2|Necrozma-Dusk-Mane|
|poke|p2|Zekrom|
|poke|p2|Zygarde|
|teampreview
|c|☆hjuyttdd|hf
|c|☆iamnotagenius|hf
|
|t:|1637497497
|start
|switch|p1a: Necrozma|Necrozma-Dusk-Mane|100/100
|switch|p2a: Darmanitan|Darmanitan-Galar, F|100/100
|turn|1
|inactive|Battle timer is ON: inactive players will automatically lose when time's up. (requested by hjuyttdd)
|
|t:|1637497507
|move|p2a: Darmanitan|U-turn|p1a: Necrozma
|-damage|p1a: Necrozma|79/100
|
|t:|1637497509
|switch|p2a: Zygarde|Zygarde|100/100|[from]move: U-turn
|move|p1a: Necrozma|Swords Dance|p1a: Necrozma
|-boost|p1a: Necrozma|atk|2
|
|-heal|p1a: Necrozma|85/100|[from] item: Leftovers
|upkeep
|turn|2
|j|%TrueNora
|
|t:|1637497514
|move|p2a: Zygarde|Thousand Arrows|p1a: Necrozma
|-supereffective|p1a: Necrozma
|-damage|p1a: Necrozma|53/100
|move|p1a: Necrozma|Sunsteel Strike|p2a: Zygarde
|-damage|p2a: Zygarde|30/100
|
|-heal|p2a: Zygarde|36/100|[from] item: Leftovers
|-heal|p1a: Necrozma|59/100|[from] item: Leftovers
|-activate|p2a: Zygarde|ability: Power Construct
|detailschange|p2a: Zygarde|Zygarde-Complete
|-heal|p2a: Zygarde|60/100|[silent]
|upkeep
|turn|3
|
|t:|1637497523
|move|p2a: Zygarde|Thousand Arrows|p1a: Necrozma
|-supereffective|p1a: Necrozma
|-damage|p1a: Necrozma|23/100
|move|p1a: Necrozma|Morning Sun|p1a: Necrozma
|-heal|p1a: Necrozma|73/100
|
|-heal|p2a: Zygarde|66/100|[from] item: Leftovers
|-heal|p1a: Necrozma|79/100|[from] item: Leftovers
|upkeep
|turn|4
|
|t:|1637497528
|move|p2a: Zygarde|Thousand Arrows|p1a: Necrozma
|-supereffective|p1a: Necrozma
|-damage|p1a: Necrozma|44/100
|move|p1a: Necrozma|Sunsteel Strike|p2a: Zygarde
|-damage|p2a: Zygarde|21/100
|
|-heal|p2a: Zygarde|27/100|[from] item: Leftovers
|-heal|p1a: Necrozma|50/100|[from] item: Leftovers
|upkeep
|turn|5
|
|t:|1637497532
|move|p2a: Zygarde|Thousand Arrows|p1a: Necrozma
|-supereffective|p1a: Necrozma
|-damage|p1a: Necrozma|20/100
|move|p1a: Necrozma|Morning Sun|p1a: Necrozma
|-heal|p1a: Necrozma|70/100
|
|-heal|p2a: Zygarde|33/100|[from] item: Leftovers
|-heal|p1a: Necrozma|76/100|[from] item: Leftovers
|upkeep
|turn|6
|
|t:|1637497539
|switch|p1a: Xerneas|Xerneas|100/100
|-ability|p1a: Xerneas|Fairy Aura
|-item|p1a: Xerneas|Air Balloon
|move|p2a: Zygarde|Thousand Arrows|p1a: Xerneas
|-damage|p1a: Xerneas|79/100
|-enditem|p1a: Xerneas|Air Balloon
|
|-heal|p2a: Zygarde|40/100|[from] item: Leftovers
|upkeep
|turn|7
|
|t:|1637497552
|switch|p2a: Necrozma|Necrozma-Dusk-Mane|100/100
|switch|p1a: Ho-Oh|Ho-Oh|100/100
|
|upkeep
|turn|8
|
|t:|1637497558
|move|p1a: Ho-Oh|Sacred Fire|p2a: Necrozma
|-supereffective|p2a: Necrozma
|-damage|p2a: Necrozma|14/100
|move|p2a: Necrozma|Thunder Wave|p1a: Ho-Oh
|-status|p1a: Ho-Oh|par
|
|-heal|p2a: Necrozma|20/100|[from] item: Leftovers
|upkeep
|turn|9
|
|t:|1637497566
|switch|p2a: Zygarde|Zygarde-Complete|40/100
|move|p1a: Ho-Oh|Sacred Fire|p2a: Zygarde
|-resisted|p2a: Zygarde
|-damage|p2a: Zygarde|21/100
|
|-heal|p2a: Zygarde|27/100|[from] item: Leftovers
|upkeep
|turn|10
|
|t:|1637497570
|switch|p1a: Xerneas|Xerneas|79/100
|-ability|p1a: Xerneas|Fairy Aura
|move|p2a: Zygarde|Substitute|p2a: Zygarde
|-start|p2a: Zygarde|Substitute
|-damage|p2a: Zygarde|2/100
|
|-heal|p2a: Zygarde|8/100|[from] item: Leftovers
|upkeep
|turn|11
|
|t:|1637497573
|move|p2a: Zygarde|Toxic|p1a: Xerneas
|-status|p1a: Xerneas|tox
|move|p1a: Xerneas|Moonblast|p2a: Zygarde
|-supereffective|p2a: Zygarde
|-end|p2a: Zygarde|Substitute
|
|-heal|p2a: Zygarde|14/100|[from] item: Leftovers
|-damage|p1a: Xerneas|73/100 tox|[from] psn
|upkeep
|turn|12
|
|t:|1637497592
|move|p2a: Zygarde|Thousand Arrows|p1a: Xerneas
|-damage|p1a: Xerneas|49/100 tox
|move|p1a: Xerneas|Aromatherapy|p1a: Xerneas
|-activate|p1a: Xerneas|move: Aromatherapy
|-curestatus|p1a: Xerneas|tox|[msg]
|-curestatus|p1: Ho-Oh|par|[msg]
|
|-heal|p2a: Zygarde|21/100|[from] item: Leftovers
|upkeep
|turn|13
|
|t:|1637497605
|move|p2a: Zygarde|Thousand Arrows|p1a: Xerneas
|-damage|p1a: Xerneas|27/100
|move|p1a: Xerneas|Moonblast|p2a: Zygarde
|-supereffective|p2a: Zygarde
|-damage|p2a: Zygarde|0 fnt
|faint|p2a: Zygarde
|
|upkeep
|c|☆hjuyttdd|oh no
|
|t:|1637497615
|switch|p2a: Zekrom|Zekrom|100/100
|-ability|p2a: Zekrom|Teravolt
|turn|14
|c|☆hjuyttdd|my zekrom beater
|c|☆hjuyttdd|miss gooo
|
|t:|1637497636
|move|p2a: Zekrom|Bolt Strike|p1a: Xerneas
|-damage|p1a: Xerneas|0 fnt
|faint|p1a: Xerneas
|
|upkeep
|
|t:|1637497642
|switch|p1a: Giratina|Giratina|100/100
|-ability|p1a: Giratina|Pressure
|turn|15
|
|t:|1637497645
|move|p2a: Zekrom|Substitute|p2a: Zekrom
|-start|p2a: Zekrom|Substitute
|-damage|p2a: Zekrom|76/100
|move|p1a: Giratina|Will-O-Wisp||[still]
|-fail|p1a: Giratina
|
|-heal|p2a: Zekrom|82/100|[from] item: Leftovers
|upkeep
|turn|16
|
|t:|1637497649
|move|p2a: Zekrom|Dragon Dance|p2a: Zekrom
|-boost|p2a: Zekrom|atk|1
|-boost|p2a: Zekrom|spe|1
|move|p1a: Giratina|Roar|p2a: Zekrom
|drag|p2a: Calyrex|Calyrex-Shadow|100/100
|-ability|p2a: Calyrex|As One
|-ability|p2a: Calyrex|Unnerve
|
|upkeep
|turn|17
|
|t:|1637497655
|switch|p1a: Yveltal|Yveltal|100/100
|-ability|p1a: Yveltal|Dark Aura
|move|p2a: Calyrex|Astral Barrage|p1a: Yveltal
|-resisted|p1a: Yveltal
|-damage|p1a: Yveltal|65/100
|
|upkeep
|turn|18
|j| M)ummy12
|
|t:|1637497679
|switch|p2a: Necrozma|Necrozma-Dusk-Mane|20/100
|move|p1a: Yveltal|Foul Play|p2a: Necrozma
|-supereffective|p2a: Necrozma
|-damage|p2a: Necrozma|0 fnt
|faint|p2a: Necrozma
|
|upkeep
|
|t:|1637497689
|switch|p2a: Darmanitan|Darmanitan-Galar, F|100/100
|turn|19
|
|t:|1637497695
|switch|p1a: Ho-Oh|Ho-Oh|100/100
|move|p2a: Darmanitan|U-turn|p1a: Ho-Oh
|-resisted|p1a: Ho-Oh
|-damage|p1a: Ho-Oh|91/100
|
|t:|1637497698
|switch|p2a: Zekrom|Zekrom|82/100|[from]move: U-turn
|-ability|p2a: Zekrom|Teravolt
|
|-heal|p2a: Zekrom|88/100|[from] item: Leftovers
|upkeep
|turn|20
|
|t:|1637497704
|move|p2a: Zekrom|Dragon Claw|p1a: Ho-Oh
|-damage|p1a: Ho-Oh|42/100
|move|p1a: Ho-Oh|Earthquake|p2a: Zekrom
|-supereffective|p2a: Zekrom
|-damage|p2a: Zekrom|0 fnt
|faint|p2a: Zekrom
|
|upkeep
|
|t:|1637497709
|switch|p2a: Calyrex|Calyrex-Shadow|100/100
|-ability|p2a: Calyrex|As One
|-ability|p2a: Calyrex|Unnerve
|turn|21
|l|%TrueNora
|
|t:|1637497714
|switch|p1a: Blissey|Blissey, F|100/100
|move|p2a: Calyrex|Astral Barrage|p1a: Blissey
|-immune|p1a: Blissey
|
|upkeep
|turn|22
|
|t:|1637497721
|switch|p2a: Yveltal|Yveltal|100/100
|-ability|p2a: Yveltal|Dark Aura
|move|p1a: Blissey|Stealth Rock|p2a: Yveltal
|-sidestart|p2: iamnotagenius|move: Stealth Rock
|
|upkeep
|turn|23
|
|t:|1637497726
|switch|p1a: Yveltal|Yveltal|65/100
|-ability|p1a: Yveltal|Dark Aura
|move|p2a: Yveltal|Defog|p1a: Yveltal
|-unboost|p1a: Yveltal|evasion|1
|-sideend|p2: iamnotagenius|Stealth Rock|[from] move: Defog|[of] p2a: Yveltal
|
|upkeep
|turn|24
|
|t:|1637497733
|move|p1a: Yveltal|Foul Play|p2a: Yveltal
|-resisted|p2a: Yveltal
|-damage|p2a: Yveltal|81/100
|move|p2a: Yveltal|Knock Off|p1a: Yveltal
|-resisted|p1a: Yveltal
|-damage|p1a: Yveltal|43/100
|-enditem|p1a: Yveltal|Heavy-Duty Boots|[from] move: Knock Off|[of] p2a: Yveltal
|
|upkeep
|turn|25
|
|t:|1637497738
|move|p1a: Yveltal|Roost|p1a: Yveltal
|-heal|p1a: Yveltal|93/100
|-singleturn|p1a: Yveltal|move: Roost
|move|p2a: Yveltal|U-turn|p1a: Yveltal
|-supereffective|p1a: Yveltal
|-damage|p1a: Yveltal|58/100
|
|t:|1637497740
|switch|p2a: Darmanitan|Darmanitan-Galar, F|100/100|[from]move: U-turn
|
|upkeep
|turn|26
|
|t:|1637497750
|switch|p1a: Giratina|Giratina|100/100
|-ability|p1a: Giratina|Pressure
|move|p2a: Darmanitan|Icicle Crash|p1a: Giratina
|-supereffective|p1a: Giratina
|-damage|p1a: Giratina|39/100
|
|-heal|p1a: Giratina|45/100|[from] item: Leftovers
|upkeep
|turn|27
|
|t:|1637497754
|switch|p2a: Calyrex|Calyrex-Shadow|100/100
|-ability|p2a: Calyrex|As One
|-ability|p2a: Calyrex|Unnerve
|switch|p1a: Necrozma|Necrozma-Dusk-Mane|76/100
|
|-heal|p1a: Necrozma|82/100|[from] item: Leftovers
|upkeep
|turn|28
|
|t:|1637497761
|switch|p1a: Blissey|Blissey, F|100/100
|move|p2a: Calyrex|Trick|p1a: Blissey
|-activate|p2a: Calyrex|move: Trick|[of] p1a: Blissey
|-item|p1a: Blissey|Choice Specs|[from] move: Trick
|-item|p2a: Calyrex|Utility Umbrella|[from] move: Trick
|
|upkeep
|turn|29
|
|t:|1637497768
|switch|p1a: Yveltal|Yveltal|58/100
|-ability|p1a: Yveltal|Dark Aura
|move|p2a: Calyrex|Psyshock|p1a: Yveltal
|-immune|p1a: Yveltal
|
|upkeep
|turn|30
|
|t:|1637497771
|switch|p2a: Yveltal|Yveltal|81/100
|-ability|p2a: Yveltal|Dark Aura
|move|p1a: Yveltal|Roost|p1a: Yveltal
|-heal|p1a: Yveltal|100/100
|-singleturn|p1a: Yveltal|move: Roost
|
|upkeep
|turn|31
|
|t:|1637497793
|move|p1a: Yveltal|Foul Play|p2a: Yveltal
|-resisted|p2a: Yveltal
|-damage|p2a: Yveltal|58/100
|move|p2a: Yveltal|U-turn|p1a: Yveltal
|-damage|p1a: Yveltal|84/100
|
|t:|1637497796
|switch|p2a: Darmanitan|Darmanitan-Galar, F|100/100|[from]move: U-turn
|
|upkeep
|turn|32
|
|t:|1637497807
|switch|p1a: Necrozma|Necrozma-Dusk-Mane|82/100
|move|p2a: Darmanitan|U-turn|p1a: Necrozma
|-damage|p1a: Necrozma|59/100
|
|t:|1637497809
|switch|p2a: Calyrex|Calyrex-Shadow|100/100|[from]move: U-turn
|-ability|p2a: Calyrex|As One
|-ability|p2a: Calyrex|Unnerve
|
|-heal|p1a: Necrozma|65/100|[from] item: Leftovers
|upkeep
|turn|33
|
|t:|1637497818
|switch|p2a: Darmanitan|Darmanitan-Galar, F|100/100
|switch|p1a: Yveltal|Yveltal|84/100
|-ability|p1a: Yveltal|Dark Aura
|
|upkeep
|turn|34
|
|t:|1637497833
|switch|p1a: Blissey|Blissey, F|100/100
|move|p2a: Darmanitan|Icicle Crash|p1a: Blissey
|-damage|p1a: Blissey|0 fnt
|faint|p1a: Blissey
|
|upkeep
|
|t:|1637497837
|switch|p1a: Necrozma|Necrozma-Dusk-Mane|65/100
|turn|35
|
|t:|1637497841
|switch|p2a: Yveltal|Yveltal|58/100
|-ability|p2a: Yveltal|Dark Aura
|move|p1a: Necrozma|Swords Dance|p1a: Necrozma
|-boost|p1a: Necrozma|atk|2
|
|-heal|p1a: Necrozma|71/100|[from] item: Leftovers
|upkeep
|turn|36
|
|t:|1637497845
|move|p2a: Yveltal|Knock Off|p1a: Necrozma
|-supereffective|p1a: Necrozma
|-damage|p1a: Necrozma|26/100
|-enditem|p1a: Necrozma|Leftovers|[from] move: Knock Off|[of] p2a: Yveltal
|move|p1a: Necrozma|Morning Sun|p1a: Necrozma
|-heal|p1a: Necrozma|76/100
|
|upkeep
|turn|37
|
|t:|1637497851
|move|p2a: Yveltal|Roost|p2a: Yveltal
|-heal|p2a: Yveltal|100/100
|-singleturn|p2a: Yveltal|move: Roost
|move|p1a: Necrozma|Sunsteel Strike|p2a: Yveltal
|-damage|p2a: Yveltal|20/100
|
|upkeep
|turn|38
|l| M)ummy12
|
|t:|1637497855
|move|p2a: Yveltal|Roost|p2a: Yveltal
|-heal|p2a: Yveltal|71/100
|-singleturn|p2a: Yveltal|move: Roost
|move|p1a: Necrozma|Sunsteel Strike|p2a: Yveltal
|-damage|p2a: Yveltal|0 fnt
|faint|p2a: Yveltal
|
|upkeep
|
|t:|1637497858
|switch|p2a: Calyrex|Calyrex-Shadow|100/100
|-ability|p2a: Calyrex|As One
|-ability|p2a: Calyrex|Unnerve
|turn|39
|
|t:|1637497864
|switch|p1a: Yveltal|Yveltal|84/100
|-ability|p1a: Yveltal|Dark Aura
|move|p2a: Calyrex|Astral Barrage|p1a: Yveltal
|-resisted|p1a: Yveltal
|-damage|p1a: Yveltal|60/100
|
|upkeep
|turn|40
|j| Holymolycrabby
|l| Holymolycrabby
|
|t:|1637497879
|move|p2a: Calyrex|Astral Barrage|p1a: Yveltal
|-resisted|p1a: Yveltal
|-damage|p1a: Yveltal|34/100
|move|p1a: Yveltal|Foul Play|p2a: Calyrex
|-supereffective|p2a: Calyrex
|-damage|p2a: Calyrex|0 fnt
|faint|p2a: Calyrex
|
|upkeep
|
|t:|1637497881
|switch|p2a: Darmanitan|Darmanitan-Galar, F|100/100
|turn|41
|
|t:|1637497897
|move|p1a: Yveltal|Sucker Punch|p2a: Darmanitan
|-damage|p2a: Darmanitan|42/100
|move|p2a: Darmanitan|Icicle Crash|p1a: Yveltal
|-supereffective|p1a: Yveltal
|-damage|p1a: Yveltal|0 fnt
|faint|p1a: Yveltal
|
|upkeep
|
|t:|1637497902
|switch|p1a: Necrozma|Necrozma-Dusk-Mane|76/100
|turn|42
|
|t:|1637497907
|move|p2a: Darmanitan|Icicle Crash|p1a: Necrozma
|-resisted|p1a: Necrozma
|-damage|p1a: Necrozma|55/100
|cant|p1a: Necrozma|flinch
|
|upkeep
|turn|43
|c|☆iamnotagenius|now i just need a few more of those
|
|t:|1637497921
|move|p2a: Darmanitan|Icicle Crash|p1a: Necrozma|[miss]
|-miss|p2a: Darmanitan|p1a: Necrozma
|move|p1a: Necrozma|Sunsteel Strike|p2a: Darmanitan
|-supereffective|p2a: Darmanitan
|-damage|p2a: Darmanitan|0 fnt
|faint|p2a: Darmanitan
|
|win|hjuyttdd
|n|☆hjuyttdd|hjuyttdd
|n|☆iamnotagenius|iamnotagenius
