|j|☆I like Lovely
|j|☆steve77s
|player|p1|I like Lovely|pokemonbreederf-gen4|1834
|player|p2|steve77s|266|1537
|teamsize|p1|6
|teamsize|p2|6
|gametype|singles
|gen|8
|tier|[Gen 8] Ubers
|rated|
|clearpoke
|poke|p1|Lunala|
|poke|p1|Necrozma-Dusk-Mane|
|poke|p1|Ditto|
|poke|p1|Ferrothorn, M|
|poke|p1|Eternatus|
|poke|p1|Mandibuzz, F|
|poke|p2|Eternatus|
|poke|p2|Umbreon, F|
|poke|p2|Ditto|
|poke|p2|Necrozma-Dusk-Mane|
|poke|p2|Sylveon, F|
|poke|p2|Rotom-Wash|
|rule|Sleep Clause Mod: Limit one foe put to sleep
|rule|Species Clause: Limit one of each Pokémon
|rule|OHKO Clause: OHKO moves are banned
|rule|Evasion Moves Clause: Evasion moves are banned
|rule|Endless Battle Clause: Forcing endless battles is banned
|rule|HP Percentage Mod: HP is shown in percentages
|teampreview
|inactive|Battle timer is ON: inactive players will automatically lose when time's up. (requested by I like Lovely)
|c|☆steve77s|waitig
|
|start
|switch|p1a: Ditto|Ditto|100/100
|switch|p2a: Eternatus|Eternatus|100/100
|-ability|p2a: Eternatus|Pressure
|-transform|p1a: Ditto|p2a: Eternatus|[from] ability: Imposter
|-ability|p1a: Ditto|Pressure
|turn|1
|c|☆steve77s|waiting
|
|switch|p1a: Mandibuzz|Mandibuzz, F|100/100
|switch|p2a: Umbreon|Umbreon, F, shiny|100/100
|
|upkeep
|turn|2
|
|switch|p2a: Eternatus|Eternatus|100/100
|-ability|p2a: Eternatus|Pressure
|move|p1a: Mandibuzz|U-turn|p2a: Eternatus
|-resisted|p2a: Eternatus
|-damage|p2a: Eternatus|96/100
|
|switch|p1a: Lunala|Lunala|100/100|[from]move: U-turn
|
|upkeep
|turn|3
|
|switch|p2a: Umbreon|Umbreon, F, shiny|100/100
|move|p1a: Lunala|Calm Mind|p1a: Lunala
|-boost|p1a: Lunala|spa|1
|-boost|p1a: Lunala|spd|1
|
|upkeep
|turn|4
|
|switch|p1a: Mandibuzz|Mandibuzz, F|100/100
|move|p2a: Umbreon|Foul Play|p1a: Mandibuzz
|-resisted|p1a: Mandibuzz
|-damage|p1a: Mandibuzz|92/100
|
|upkeep
|turn|5
|
|move|p2a: Umbreon|Protect|p2a: Umbreon
|-singleturn|p2a: Umbreon|Protect
|move|p1a: Mandibuzz|Knock Off|p2a: Umbreon
|-activate|p2a: Umbreon|move: Protect
|
|upkeep
|turn|6
|
|switch|p2a: Rotom|Rotom-Wash|100/100
|move|p1a: Mandibuzz|Knock Off|p2a: Rotom
|-damage|p2a: Rotom|82/100
|-enditem|p2a: Rotom|Leftovers|[from] move: Knock Off|[of] p1a: Mandibuzz
|
|upkeep
|turn|7
|
|switch|p1a: Eternatus|Eternatus|100/100
|-ability|p1a: Eternatus|Pressure
|move|p2a: Rotom|Volt Switch|p1a: Eternatus
|-resisted|p1a: Eternatus
|-damage|p1a: Eternatus|90/100
|
|switch|p2a: Ditto|Ditto|100/100|[from]move: Volt Switch
|-transform|p2a: Ditto|p1a: Eternatus|[from] ability: Imposter
|-ability|p2a: Ditto|Pressure
|
|-heal|p1a: Eternatus|96/100|[from] item: Black Sludge
|upkeep
|turn|8
|
|move|p2a: Ditto|Dynamax Cannon|p1a: Eternatus
|-supereffective|p1a: Eternatus
|-damage|p1a: Eternatus|23/100
|move|p1a: Eternatus|Dynamax Cannon|p2a: Ditto
|-supereffective|p2a: Ditto
|-damage|p2a: Ditto|0 fnt
|faint|p2a: Ditto
|
|-heal|p1a: Eternatus|30/100|[from] item: Black Sludge
|upkeep
|
|switch|p2a: Eternatus|Eternatus|96/100
|-ability|p2a: Eternatus|Pressure
|turn|9
|
|switch|p1a: Mandibuzz|Mandibuzz, F|92/100
|move|p2a: Eternatus|Dynamax Cannon|p1a: Mandibuzz
|-damage|p1a: Mandibuzz|55/100
|
|upkeep
|turn|10
|
|switch|p2a: Rotom|Rotom-Wash|82/100
|move|p1a: Mandibuzz|Roost|p1a: Mandibuzz
|-heal|p1a: Mandibuzz|100/100
|-singleturn|p1a: Mandibuzz|move: Roost
|
|upkeep
|turn|11
|
|move|p2a: Rotom|Volt Switch|p1a: Mandibuzz
|-supereffective|p1a: Mandibuzz
|-damage|p1a: Mandibuzz|72/100
|
|switch|p2a: Eternatus|Eternatus|96/100|[from]move: Volt Switch
|-ability|p2a: Eternatus|Pressure
|move|p1a: Mandibuzz|U-turn|p2a: Eternatus
|-resisted|p2a: Eternatus
|-damage|p2a: Eternatus|92/100
|
|switch|p1a: Lunala|Lunala|100/100|[from]move: U-turn
|
|upkeep
|turn|12
|
|switch|p1a: Eternatus|Eternatus|30/100
|-ability|p1a: Eternatus|Pressure
|switch|p2a: Necrozma|Necrozma-Dusk-Mane|100/100
|
|-heal|p1a: Eternatus|36/100|[from] item: Black Sludge
|upkeep
|turn|13
|
|move|p1a: Eternatus|Recover|p1a: Eternatus
|-heal|p1a: Eternatus|86/100
|move|p2a: Necrozma|Earthquake|p1a: Eternatus
|-supereffective|p1a: Eternatus
|-damage|p1a: Eternatus|40/100
|
|-heal|p1a: Eternatus|46/100|[from] item: Black Sludge
|upkeep
|turn|14
|
|move|p1a: Eternatus|Recover|p1a: Eternatus
|-heal|p1a: Eternatus|96/100
|move|p2a: Necrozma|Earthquake|p1a: Eternatus
|-supereffective|p1a: Eternatus
|-damage|p1a: Eternatus|50/100
|
|-heal|p1a: Eternatus|56/100|[from] item: Black Sludge
|upkeep
|turn|15
|
|-start|p2a: Necrozma|Dynamax
|-heal|p2a: Necrozma|100/100|[silent]
|move|p1a: Eternatus|Recover|p1a: Eternatus
|-heal|p1a: Eternatus|100/100
|move|p2a: Necrozma|Max Quake|p1a: Eternatus
|-supereffective|p1a: Eternatus
|-damage|p1a: Eternatus|38/100
|-boost|p2a: Necrozma|spd|1
|
|-heal|p1a: Eternatus|44/100|[from] item: Black Sludge
|upkeep
|turn|16
|
|move|p1a: Eternatus|Recover|p1a: Eternatus
|-heal|p1a: Eternatus|94/100
|move|p2a: Necrozma|Max Quake|p1a: Eternatus
|-supereffective|p1a: Eternatus
|-damage|p1a: Eternatus|35/100
|-boost|p2a: Necrozma|spd|1
|
|-heal|p1a: Eternatus|41/100|[from] item: Black Sludge
|upkeep
|turn|17
|
|move|p1a: Eternatus|Recover|p1a: Eternatus
|-heal|p1a: Eternatus|91/100
|move|p2a: Necrozma|Max Quake|p1a: Eternatus
|-supereffective|p1a: Eternatus
|-damage|p1a: Eternatus|38/100
|-boost|p2a: Necrozma|spd|1
|
|-heal|p1a: Eternatus|44/100|[from] item: Black Sludge
|-end|p2a: Necrozma|Dynamax
|-heal|p2a: Necrozma|100/100|[silent]
|upkeep
|turn|18
|
|switch|p2a: Eternatus|Eternatus|92/100
|-ability|p2a: Eternatus|Pressure
|move|p1a: Eternatus|Recover|p1a: Eternatus
|-heal|p1a: Eternatus|94/100
|
|-heal|p1a: Eternatus|100/100|[from] item: Black Sludge
|upkeep
|turn|19
|
|switch|p1a: Lunala|Lunala|100/100
|move|p2a: Eternatus|Dynamax Cannon|p1a: Lunala
|-damage|p1a: Lunala|77/100
|
|upkeep
|turn|20
|
|switch|p2a: Umbreon|Umbreon, F, shiny|100/100
|move|p1a: Lunala|Roost|p1a: Lunala
|-heal|p1a: Lunala|100/100
|-singleturn|p1a: Lunala|move: Roost
|
|upkeep
|turn|21
|
|switch|p1a: Mandibuzz|Mandibuzz, F|72/100
|switch|p2a: Eternatus|Eternatus|92/100
|-ability|p2a: Eternatus|Pressure
|
|upkeep
|turn|22
|
|move|p2a: Eternatus|Agility|p2a: Eternatus
|-boost|p2a: Eternatus|spe|2
|move|p1a: Mandibuzz|Knock Off|p2a: Eternatus
|-damage|p2a: Eternatus|74/100
|-enditem|p2a: Eternatus|Weakness Policy|[from] move: Knock Off|[of] p1a: Mandibuzz
|
|upkeep
|turn|23
|
|move|p2a: Eternatus|Sludge Wave|p1a: Mandibuzz
|-damage|p1a: Mandibuzz|38/100
|move|p1a: Mandibuzz|Roost|p1a: Mandibuzz
|-heal|p1a: Mandibuzz|88/100
|-singleturn|p1a: Mandibuzz|move: Roost
|
|upkeep
|turn|24
|
|move|p2a: Eternatus|Sludge Wave|p1a: Mandibuzz
|-damage|p1a: Mandibuzz|52/100
|move|p1a: Mandibuzz|U-turn|p2a: Eternatus
|-resisted|p2a: Eternatus
|-crit|p2a: Eternatus
|-damage|p2a: Eternatus|68/100
|
|switch|p1a: Ditto|Ditto|100/100|[from]move: U-turn
|-transform|p1a: Ditto|p2a: Eternatus|[from] ability: Imposter
|-ability|p1a: Ditto|Pressure
|
|upkeep
|turn|25
|
|switch|p2a: Sylveon|Sylveon, F|100/100
|move|p1a: Ditto|Dynamax Cannon|p2a: Sylveon
|-immune|p2a: Sylveon
|
|upkeep
|turn|26
|
|switch|p1a: Necrozma|Necrozma-Dusk-Mane|100/100
|switch|p2a: Eternatus|Eternatus|68/100
|-ability|p2a: Eternatus|Pressure
|
|upkeep
|turn|27
|
|move|p2a: Eternatus|Flamethrower|p1a: Necrozma
|-supereffective|p1a: Necrozma
|-damage|p1a: Necrozma|54/100
|move|p1a: Necrozma|Stealth Rock|p2a: Eternatus
|-sidestart|p2: steve77s|move: Stealth Rock
|
|-heal|p1a: Necrozma|60/100|[from] item: Leftovers
|upkeep
|turn|28
|
|switch|p2a: Rotom|Rotom-Wash|82/100
|-damage|p2a: Rotom|70/100|[from] Stealth Rock
|move|p1a: Necrozma|Morning Sun|p1a: Necrozma
|-heal|p1a: Necrozma|100/100
|
|upkeep
|turn|29
|
|switch|p1a: Mandibuzz|Mandibuzz, F|52/100
|move|p2a: Rotom|Will-O-Wisp|p1a: Mandibuzz
|-status|p1a: Mandibuzz|brn
|
|-damage|p1a: Mandibuzz|46/100 brn|[from] brn
|upkeep
|turn|30
|
|move|p2a: Rotom|Defog|p1a: Mandibuzz
|-unboost|p1a: Mandibuzz|evasion|1
|-sideend|p2: steve77s|Stealth Rock|[from] move: Defog|[of] p2a: Rotom
|move|p1a: Mandibuzz|Roost|p1a: Mandibuzz
|-heal|p1a: Mandibuzz|96/100 brn
|-singleturn|p1a: Mandibuzz|move: Roost
|
|-damage|p1a: Mandibuzz|90/100 brn|[from] brn
|upkeep
|turn|31
|
|switch|p1a: Eternatus|Eternatus|100/100
|-ability|p1a: Eternatus|Pressure
|move|p2a: Rotom|Volt Switch|p1a: Eternatus
|-resisted|p1a: Eternatus
|-damage|p1a: Eternatus|90/100
|c|☆steve77s|recpover
|c|☆steve77s|flamethrower
|c|☆steve77s|dynamax
|c|☆steve77s|cannon
|
|switch|p2a: Sylveon|Sylveon, F|100/100|[from]move: Volt Switch
|
|-heal|p1a: Eternatus|96/100|[from] item: Black Sludge
|upkeep
|turn|32
|
|move|p1a: Eternatus|Toxic|p2a: Sylveon
|-status|p2a: Sylveon|tox
|move|p2a: Sylveon|Wish|p2a: Sylveon
|
|-heal|p1a: Eternatus|100/100|[from] item: Black Sludge
|-damage|p2a: Sylveon|94/100 tox|[from] psn
|upkeep
|turn|33
|c|☆steve77s|toxic
|
|switch|p1a: Necrozma|Necrozma-Dusk-Mane|100/100
|move|p2a: Sylveon|Heal Bell|p2a: Sylveon
|-activate|p2a: Sylveon|move: Heal Bell
|-curestatus|p2a: Sylveon|tox|[msg]
|
|-heal|p2a: Sylveon|100/100|[from] move: Wish|[wisher] Sylveon
|upkeep
|turn|34
|
|switch|p2a: Rotom|Rotom-Wash|70/100
|move|p1a: Necrozma|Stealth Rock|p2a: Rotom
|-sidestart|p2: steve77s|move: Stealth Rock
|
|upkeep
|turn|35
|
|switch|p1a: Eternatus|Eternatus|100/100
|-ability|p1a: Eternatus|Pressure
|move|p2a: Rotom|Defog|p1a: Eternatus
|-unboost|p1a: Eternatus|evasion|1
|-sideend|p2: steve77s|Stealth Rock|[from] move: Defog|[of] p2a: Rotom
|
|upkeep
|turn|36
|
|switch|p2a: Umbreon|Umbreon, F, shiny|100/100
|move|p1a: Eternatus|Toxic|p2a: Umbreon
|-status|p2a: Umbreon|tox
|-activate|p2a: Umbreon|ability: Synchronize
|-immune|p1a: Eternatus
|
|-damage|p2a: Umbreon|94/100 tox|[from] psn
|upkeep
|turn|37
|
|switch|p1a: Ferrothorn|Ferrothorn, M|100/100
|move|p2a: Umbreon|Heal Bell|p2a: Umbreon
|-activate|p2a: Umbreon|move: Heal Bell
|-curestatus|p2a: Umbreon|tox|[msg]
|
|-heal|p2a: Umbreon|100/100|[from] item: Leftovers
|upkeep
|turn|38
|
|switch|p2a: Eternatus|Eternatus|68/100
|-ability|p2a: Eternatus|Pressure
|move|p1a: Ferrothorn|Spikes|p2a: Eternatus
|-sidestart|p2: steve77s|Spikes
|
|upkeep
|turn|39
|
|switch|p1a: Mandibuzz|Mandibuzz, F|90/100 brn
|move|p2a: Eternatus|Flamethrower|p1a: Mandibuzz
|-damage|p1a: Mandibuzz|68/100 brn
|
|-damage|p1a: Mandibuzz|62/100 brn|[from] brn
|upkeep
|turn|40
|
|move|p2a: Eternatus|Dynamax Cannon|p1a: Mandibuzz
|-damage|p1a: Mandibuzz|23/100 brn
|move|p1a: Mandibuzz|Roost|p1a: Mandibuzz
|-heal|p1a: Mandibuzz|73/100 brn
|-singleturn|p1a: Mandibuzz|move: Roost
|
|-damage|p1a: Mandibuzz|67/100 brn|[from] brn
|upkeep
|turn|41
|
|move|p2a: Eternatus|Flamethrower|p1a: Mandibuzz
|-damage|p1a: Mandibuzz|43/100 brn
|move|p1a: Mandibuzz|Roost|p1a: Mandibuzz
|-heal|p1a: Mandibuzz|93/100 brn
|-singleturn|p1a: Mandibuzz|move: Roost
|
|-damage|p1a: Mandibuzz|87/100 brn|[from] brn
|upkeep
|turn|42
|
|switch|p2a: Rotom|Rotom-Wash|70/100
|move|p1a: Mandibuzz|Roost|p1a: Mandibuzz
|-heal|p1a: Mandibuzz|100/100 brn
|-singleturn|p1a: Mandibuzz|move: Roost
|
|-damage|p1a: Mandibuzz|94/100 brn|[from] brn
|upkeep
|turn|43
|
|switch|p1a: Eternatus|Eternatus|100/100
|-ability|p1a: Eternatus|Pressure
|move|p2a: Rotom|Pain Split|p1a: Eternatus
|-sethp|p1a: Eternatus|75/100|[from] move: Pain Split|[silent]
|-sethp|p2a: Rotom|100/100|[from] move: Pain Split
|
|-heal|p1a: Eternatus|81/100|[from] item: Black Sludge
|upkeep
|turn|44
|
|move|p1a: Eternatus|Toxic|p2a: Rotom
|-status|p2a: Rotom|tox
|move|p2a: Rotom|Defog|p1a: Eternatus
|-unboost|p1a: Eternatus|evasion|1
|-sideend|p2: steve77s|Spikes|[from] move: Defog|[of] p2a: Rotom
|
|-heal|p1a: Eternatus|87/100|[from] item: Black Sludge
|-damage|p2a: Rotom|94/100 tox|[from] psn
|upkeep
|turn|45
|
|switch|p2a: Umbreon|Umbreon, F, shiny|100/100
|move|p1a: Eternatus|Toxic|p2a: Umbreon
|-status|p2a: Umbreon|tox
|-activate|p2a: Umbreon|ability: Synchronize
|-immune|p1a: Eternatus
|
|-heal|p1a: Eternatus|93/100|[from] item: Black Sludge
|-damage|p2a: Umbreon|94/100 tox|[from] psn
|upkeep
|turn|46
|
|switch|p1a: Necrozma|Necrozma-Dusk-Mane|100/100
|move|p2a: Umbreon|Heal Bell|p2a: Umbreon
|-activate|p2a: Umbreon|move: Heal Bell
|-curestatus|p2a: Umbreon|tox|[msg]
|-curestatus|p2: Rotom|tox|[msg]
|
|-heal|p2a: Umbreon|100/100|[from] item: Leftovers
|upkeep
|turn|47
|
|move|p1a: Necrozma|Stealth Rock|p2a: Umbreon
|-sidestart|p2: steve77s|move: Stealth Rock
|move|p2a: Umbreon|Foul Play|p1a: Necrozma
|-supereffective|p1a: Necrozma
|-damage|p1a: Necrozma|61/100
|
|-heal|p1a: Necrozma|67/100|[from] item: Leftovers
|upkeep
|turn|48
|
|switch|p2a: Rotom|Rotom-Wash|94/100
|-damage|p2a: Rotom|82/100|[from] Stealth Rock
|move|p1a: Necrozma|Sunsteel Strike|p2a: Rotom
|-resisted|p2a: Rotom
|-damage|p2a: Rotom|72/100
|
|-heal|p1a: Necrozma|73/100|[from] item: Leftovers
|upkeep
|turn|49
|
|move|p2a: Rotom|Defog|p1a: Necrozma
|-unboost|p1a: Necrozma|evasion|1
|-sideend|p2: steve77s|Stealth Rock|[from] move: Defog|[of] p2a: Rotom
|move|p1a: Necrozma|Knock Off|p2a: Rotom
|-damage|p2a: Rotom|56/100
|
|-heal|p1a: Necrozma|79/100|[from] item: Leftovers
|upkeep
|turn|50
|
|move|p2a: Rotom|Will-O-Wisp|p1a: Necrozma
|-status|p1a: Necrozma|brn
|move|p1a: Necrozma|Stealth Rock|p2a: Rotom
|-sidestart|p2: steve77s|move: Stealth Rock
|
|-heal|p1a: Necrozma|85/100 brn|[from] item: Leftovers
|-damage|p1a: Necrozma|79/100 brn|[from] brn
|upkeep
|turn|51
|
|move|p2a: Rotom|Defog|p1a: Necrozma
|-unboost|p1a: Necrozma|evasion|1
|-sideend|p2: steve77s|Stealth Rock|[from] move: Defog|[of] p2a: Rotom
|move|p1a: Necrozma|Knock Off|p2a: Rotom
|-damage|p2a: Rotom|47/100
|
|-heal|p1a: Necrozma|85/100 brn|[from] item: Leftovers
|-damage|p1a: Necrozma|79/100 brn|[from] brn
|upkeep
|turn|52
|
|move|p2a: Rotom|Pain Split|p1a: Necrozma
|-sethp|p1a: Necrozma|58/100 brn|[from] move: Pain Split|[silent]
|-sethp|p2a: Rotom|75/100|[from] move: Pain Split
|move|p1a: Necrozma|Stealth Rock|p2a: Rotom
|-sidestart|p2: steve77s|move: Stealth Rock
|
|-heal|p1a: Necrozma|64/100 brn|[from] item: Leftovers
|-damage|p1a: Necrozma|58/100 brn|[from] brn
|upkeep
|turn|53
|
|switch|p1a: Eternatus|Eternatus|93/100
|-ability|p1a: Eternatus|Pressure
|move|p2a: Rotom|Defog|p1a: Eternatus
|-unboost|p1a: Eternatus|evasion|1
|-sideend|p2: steve77s|Stealth Rock|[from] move: Defog|[of] p2a: Rotom
|
|-heal|p1a: Eternatus|99/100|[from] item: Black Sludge
|upkeep
|turn|54
|
|switch|p2a: Necrozma|Necrozma-Dusk-Mane|100/100
|move|p1a: Eternatus|Toxic|p2a: Necrozma
|-immune|p2a: Necrozma
|
|-heal|p1a: Eternatus|100/100|[from] item: Black Sludge
|upkeep
|turn|55
|
|switch|p1a: Ferrothorn|Ferrothorn, M|100/100
|switch|p2a: Eternatus|Eternatus|68/100
|-ability|p2a: Eternatus|Pressure
|
|upkeep
|turn|56
|
|switch|p1a: Mandibuzz|Mandibuzz, F|94/100 brn
|move|p2a: Eternatus|Flamethrower|p1a: Mandibuzz
|-damage|p1a: Mandibuzz|73/100 brn
|
|-damage|p1a: Mandibuzz|67/100 brn|[from] brn
|upkeep
|turn|57
|
|move|p2a: Eternatus|Sludge Wave|p1a: Mandibuzz
|-damage|p1a: Mandibuzz|31/100 brn
|move|p1a: Mandibuzz|Roost|p1a: Mandibuzz
|-heal|p1a: Mandibuzz|81/100 brn
|-singleturn|p1a: Mandibuzz|move: Roost
|
|-damage|p1a: Mandibuzz|75/100 brn|[from] brn
|upkeep
|turn|58
|
|move|p2a: Eternatus|Dynamax Cannon|p1a: Mandibuzz
|-damage|p1a: Mandibuzz|40/100 brn
|move|p1a: Mandibuzz|Roost|p1a: Mandibuzz
|-heal|p1a: Mandibuzz|90/100 brn
|-singleturn|p1a: Mandibuzz|move: Roost
|
|-damage|p1a: Mandibuzz|84/100 brn|[from] brn
|upkeep
|turn|59
|
|move|p2a: Eternatus|Sludge Wave|p1a: Mandibuzz
|-damage|p1a: Mandibuzz|50/100 brn
|move|p1a: Mandibuzz|Roost|p1a: Mandibuzz
|-heal|p1a: Mandibuzz|99/100 brn
|-singleturn|p1a: Mandibuzz|move: Roost
|
|-damage|p1a: Mandibuzz|94/100 brn|[from] brn
|upkeep
|turn|60
|
|move|p2a: Eternatus|Sludge Wave|p1a: Mandibuzz
|-damage|p1a: Mandibuzz|60/100 brn
|move|p1a: Mandibuzz|U-turn|p2a: Eternatus
|-resisted|p2a: Eternatus
|-damage|p2a: Eternatus|66/100
|j| HellsRuin
|
|switch|p1a: Lunala|Lunala|100/100|[from]move: U-turn
|
|upkeep
|turn|61
|
|switch|p2a: Umbreon|Umbreon, F, shiny|100/100
|move|p1a: Lunala|Moonblast|p2a: Umbreon
|-supereffective|p2a: Umbreon
|-damage|p2a: Umbreon|66/100
|
|-heal|p2a: Umbreon|73/100|[from] item: Leftovers
|upkeep
|turn|62
|
|move|p1a: Lunala|Calm Mind|p1a: Lunala
|-boost|p1a: Lunala|spa|1
|-boost|p1a: Lunala|spd|1
|move|p2a: Umbreon|Wish|p2a: Umbreon
|
|-heal|p2a: Umbreon|79/100|[from] item: Leftovers
|upkeep
|turn|63
|
|move|p1a: Lunala|Moonblast|p2a: Umbreon
|-supereffective|p2a: Umbreon
|-damage|p2a: Umbreon|25/100
|move|p2a: Umbreon|Foul Play|p1a: Lunala
|-supereffective|p1a: Lunala
|-damage|p1a: Lunala|47/100
|
|-heal|p2a: Umbreon|75/100|[from] move: Wish|[wisher] Umbreon
|-heal|p2a: Umbreon|81/100|[from] item: Leftovers
|upkeep
|turn|64
|l| HellsRuin
|
|switch|p1a: Eternatus|Eternatus|100/100
|-ability|p1a: Eternatus|Pressure
|move|p2a: Umbreon|Foul Play|p1a: Eternatus
|-damage|p1a: Eternatus|86/100
|
|-heal|p1a: Eternatus|92/100|[from] item: Black Sludge
|-heal|p2a: Umbreon|88/100|[from] item: Leftovers
|upkeep
|turn|65
|
|switch|p2a: Eternatus|Eternatus|66/100
|-ability|p2a: Eternatus|Pressure
|move|p1a: Eternatus|Flamethrower|p2a: Eternatus
|-resisted|p2a: Eternatus
|-damage|p2a: Eternatus|54/100
|
|-heal|p1a: Eternatus|98/100|[from] item: Black Sludge
|upkeep
|turn|66
|
|switch|p1a: Lunala|Lunala|47/100
|move|p2a: Eternatus|Dynamax Cannon|p1a: Lunala
|-damage|p1a: Lunala|0 fnt
|faint|p1a: Lunala
|
|upkeep
|
|switch|p1a: Ditto|Ditto|100/100
|-transform|p1a: Ditto|p2a: Eternatus|[from] ability: Imposter
|-ability|p1a: Ditto|Pressure
|turn|67
|
|switch|p2a: Umbreon|Umbreon, F, shiny|88/100
|move|p1a: Ditto|Dynamax Cannon|p2a: Umbreon
|-damage|p2a: Umbreon|55/100
|
|-heal|p2a: Umbreon|61/100|[from] item: Leftovers
|upkeep
|turn|68
|
|switch|p1a: Mandibuzz|Mandibuzz, F|60/100 brn
|move|p2a: Umbreon|Wish|p2a: Umbreon
|
|-heal|p2a: Umbreon|67/100|[from] item: Leftovers
|-damage|p1a: Mandibuzz|54/100 brn|[from] brn
|upkeep
|turn|69
|
|move|p1a: Mandibuzz|Roost|p1a: Mandibuzz
|-heal|p1a: Mandibuzz|100/100 brn
|-singleturn|p1a: Mandibuzz|move: Roost
|move|p2a: Umbreon|Foul Play|p1a: Mandibuzz
|-resisted|p1a: Mandibuzz
|-damage|p1a: Mandibuzz|92/100 brn
|
|-heal|p2a: Umbreon|100/100|[from] move: Wish|[wisher] Umbreon
|-damage|p1a: Mandibuzz|86/100 brn|[from] brn
|upkeep
|turn|70
|
|move|p1a: Mandibuzz|U-turn|p2a: Umbreon
|-supereffective|p2a: Umbreon
|-damage|p2a: Umbreon|91/100
|
|switch|p1a: Ditto|Ditto|100/100|[from]move: U-turn
|-transform|p1a: Ditto|p2a: Umbreon|[from] ability: Imposter
|move|p2a: Umbreon|Wish|p2a: Umbreon
|
|-heal|p2a: Umbreon|97/100|[from] item: Leftovers
|upkeep
|turn|71
|
|switch|p2a: Eternatus|Eternatus|54/100
|-ability|p2a: Eternatus|Pressure
|move|p1a: Ditto|Heal Bell|p1a: Ditto
|-activate|p1a: Ditto|move: Heal Bell
|-curestatus|p1: Mandibuzz|brn|[msg]
|-curestatus|p1: Necrozma|brn|[msg]
|
|-heal|p2a: Eternatus|96/100|[from] move: Wish|[wisher] Umbreon
|upkeep
|turn|72
|
|switch|p1a: Mandibuzz|Mandibuzz, F|86/100
|move|p2a: Eternatus|Flamethrower|p1a: Mandibuzz
|-damage|p1a: Mandibuzz|62/100
|
|upkeep
|turn|73
|
|move|p2a: Eternatus|Sludge Wave|p1a: Mandibuzz
|-damage|p1a: Mandibuzz|27/100
|move|p1a: Mandibuzz|Roost|p1a: Mandibuzz
|-heal|p1a: Mandibuzz|77/100
|-singleturn|p1a: Mandibuzz|move: Roost
|
|upkeep
|turn|74
|
|switch|p1a: Necrozma|Necrozma-Dusk-Mane|58/100
|move|p2a: Eternatus|Flamethrower|p1a: Necrozma
|-supereffective|p1a: Necrozma
|-damage|p1a: Necrozma|17/100
|
|-heal|p1a: Necrozma|23/100|[from] item: Leftovers
|upkeep
|turn|75
|
|switch|p1a: Eternatus|Eternatus|98/100
|-ability|p1a: Eternatus|Pressure
|move|p2a: Eternatus|Flamethrower|p1a: Eternatus
|-resisted|p1a: Eternatus
|-damage|p1a: Eternatus|83/100
|
|-heal|p1a: Eternatus|89/100|[from] item: Black Sludge
|upkeep
|turn|76
|
|switch|p1a: Mandibuzz|Mandibuzz, F|77/100
|move|p2a: Eternatus|Dynamax Cannon|p1a: Mandibuzz
|-damage|p1a: Mandibuzz|37/100
|
|upkeep
|turn|77
|
|move|p2a: Eternatus|Dynamax Cannon|p1a: Mandibuzz
|-crit|p1a: Mandibuzz
|-damage|p1a: Mandibuzz|0 fnt
|faint|p1a: Mandibuzz
|
|upkeep
|
|switch|p1a: Ditto|Ditto|100/100
|-transform|p1a: Ditto|p2a: Eternatus|[from] ability: Imposter
|-ability|p1a: Ditto|Pressure
|turn|78
|-message|I like Lovely forfeited.
|
|win|steve77s
|l|☆I like Lovely
|raw|I like Lovely's rating: 1834 &rarr; <strong>1801</strong><br />(-33 for losing)
|raw|steve77s's rating: 1537 &rarr; <strong>1571</strong><br />(+34 for winning)
|l|☆steve77s
|j|☆steve77s
|player|p2|steve77s|266
