|j|☆Rell27
|j|☆tonton nykos
|t:|1608782116
|player|p1|Rell27|266|1535
|player|p2|tonton nykos|steven|1433
|teamsize|p1|6
|teamsize|p2|6
|gametype|singles
|gen|8
|tier|[Gen 8] Ubers
|rated|
|clearpoke
|poke|p1|Zacian-Crowned|
|poke|p1|Eternatus|
|poke|p1|Necrozma-Dusk-Mane|
|poke|p1|Calyrex-Shadow|
|poke|p1|Yveltal|
|poke|p1|Giratina-Origin|
|poke|p2|Kyogre|
|poke|p2|Calyrex-Shadow|
|poke|p2|Zacian-Crowned|
|poke|p2|Necrozma-Dusk-Mane|
|poke|p2|Dialga|
|poke|p2|Yveltal|
|rule|Sleep Clause Mod: Limit one foe put to sleep
|rule|Species Clause: Limit one of each Pokémon
|rule|OHKO Clause: OHKO moves are banned
|rule|Evasion Moves Clause: Evasion moves are banned
|rule|Endless Battle Clause: Forcing endless battles is banned
|rule|HP Percentage Mod: HP is shown in percentages
|rule|Dynamax Clause: You cannot dynamax
|teampreview
|
|t:|1608782134
|start
|switch|p1a: Yveltal|Yveltal|100/100
|switch|p2a: Dialga|Dialga|100/100
|-ability|p1a: Yveltal|Dark Aura
|-ability|p2a: Dialga|Pressure
|turn|1
|
|t:|1608782156
|move|p1a: Yveltal|Dark Pulse|p2a: Dialga
|-damage|p2a: Dialga|42/100
|-damage|p1a: Yveltal|91/100|[from] item: Life Orb
|cant|p2a: Dialga|flinch
|
|-heal|p2a: Dialga|49/100|[from] item: Leftovers
|upkeep
|turn|2
|
|t:|1608782164
|move|p1a: Yveltal|Dark Pulse|p2a: Dialga
|-crit|p2a: Dialga
|-damage|p2a: Dialga|0 fnt
|-damage|p1a: Yveltal|81/100|[from] item: Life Orb
|faint|p2a: Dialga
|
|upkeep
|
|t:|1608782172
|switch|p2a: Yveltal|Yveltal|100/100
|-ability|p2a: Yveltal|Dark Aura
|turn|3
|
|t:|1608782175
|switch|p1a: Zacian|Zacian-Crowned|100/100
|-ability|p1a: Zacian|Intrepid Sword|boost
|-boost|p1a: Zacian|atk|1
|move|p2a: Yveltal|Oblivion Wing|p1a: Zacian
|-resisted|p1a: Zacian
|-damage|p1a: Zacian|77/100
|-damage|p2a: Yveltal|91/100|[from] item: Life Orb
|
|upkeep
|turn|4
|
|t:|1608782182
|switch|p2a: Necrozma|Necrozma-Dusk-Mane|100/100
|move|p1a: Zacian|Swords Dance|p1a: Zacian
|-boost|p1a: Zacian|atk|2
|
|upkeep
|turn|5
|
|t:|1608782188
|move|p1a: Zacian|Behemoth Blade|p2a: Necrozma
|-resisted|p2a: Necrozma
|-damage|p2a: Necrozma|37/100
|move|p2a: Necrozma|Earthquake|p1a: Zacian
|-supereffective|p1a: Zacian
|-damage|p1a: Zacian|0 fnt
|faint|p1a: Zacian
|
|upkeep
|
|t:|1608782194
|switch|p1a: Yveltal|Yveltal|81/100
|-ability|p1a: Yveltal|Dark Aura
|turn|6
|
|t:|1608782200
|switch|p2a: Yveltal|Yveltal|91/100
|-ability|p2a: Yveltal|Dark Aura
|move|p1a: Yveltal|Dark Pulse|p2a: Yveltal
|-resisted|p2a: Yveltal
|-damage|p2a: Yveltal|53/100
|-damage|p1a: Yveltal|71/100|[from] item: Life Orb
|
|upkeep
|turn|7
|
|t:|1608782203
|switch|p1a: Eternatus|Eternatus|100/100
|-ability|p1a: Eternatus|Pressure
|move|p2a: Yveltal|Oblivion Wing|p1a: Eternatus
|-damage|p1a: Eternatus|51/100
|-heal|p2a: Yveltal|96/100|[from] drain|[of] p1a: Eternatus
|-damage|p2a: Yveltal|87/100|[from] item: Life Orb
|
|upkeep
|turn|8
|
|t:|1608782208
|move|p1a: Eternatus|Recover|p1a: Eternatus
|-heal|p1a: Eternatus|100/100
|move|p2a: Yveltal|Dark Pulse|p1a: Eternatus
|-damage|p1a: Eternatus|37/100
|-damage|p2a: Yveltal|77/100|[from] item: Life Orb
|
|upkeep
|turn|9
|
|t:|1608782214
|move|p1a: Eternatus|Recover|p1a: Eternatus
|-heal|p1a: Eternatus|87/100
|move|p2a: Yveltal|Dark Pulse|p1a: Eternatus
|-damage|p1a: Eternatus|27/100
|-damage|p2a: Yveltal|67/100|[from] item: Life Orb
|
|upkeep
|turn|10
|
|t:|1608782217
|move|p1a: Eternatus|Recover|p1a: Eternatus
|-heal|p1a: Eternatus|77/100
|move|p2a: Yveltal|Dark Pulse|p1a: Eternatus
|-damage|p1a: Eternatus|13/100
|-damage|p2a: Yveltal|57/100|[from] item: Life Orb
|
|upkeep
|turn|11
|
|t:|1608782225
|move|p1a: Eternatus|Dynamax Cannon|p2a: Yveltal
|-damage|p2a: Yveltal|0 fnt
|-damage|p1a: Eternatus|3/100|[from] item: Life Orb
|faint|p2a: Yveltal
|
|upkeep
|
|t:|1608782237
|switch|p2a: Kyogre|Kyogre|100/100
|-weather|RainDance|[from] ability: Drizzle|[of] p2a: Kyogre
|turn|12
|
|t:|1608782242
|switch|p1a: Necrozma|Necrozma-Dusk-Mane|100/100
|move|p2a: Kyogre|Water Spout|p1a: Necrozma
|-damage|p1a: Necrozma|0 fnt
|faint|p1a: Necrozma
|
|-weather|RainDance|[upkeep]
|upkeep
|j| Bsuuuu
|
|t:|1608782251
|switch|p1a: Giratina|Giratina-Origin|100/100
|turn|13
|
|t:|1608782262
|switch|p2a: Necrozma|Necrozma-Dusk-Mane|37/100
|move|p1a: Giratina|Thunder Wave|p2a: Necrozma
|-status|p2a: Necrozma|par
|
|-weather|RainDance|[upkeep]
|upkeep
|turn|14
|
|t:|1608782268
|move|p1a: Giratina|Hex|p2a: Necrozma
|-supereffective|p2a: Necrozma
|-damage|p2a: Necrozma|0 fnt
|faint|p2a: Necrozma
|
|-weather|RainDance|[upkeep]
|upkeep
|
|t:|1608782278
|switch|p2a: Zacian|Zacian-Crowned|100/100
|-ability|p2a: Zacian|Intrepid Sword|boost
|-boost|p2a: Zacian|atk|1
|turn|15
|
|t:|1608782285
|switch|p1a: Eternatus|Eternatus|3/100
|-ability|p1a: Eternatus|Pressure
|move|p2a: Zacian|Crunch|p1a: Eternatus
|-damage|p1a: Eternatus|0 fnt
|faint|p1a: Eternatus
|
|-weather|RainDance|[upkeep]
|upkeep
|
|t:|1608782292
|switch|p1a: Giratina|Giratina-Origin|100/100
|turn|16
|
|t:|1608782295
|move|p2a: Zacian|Crunch|p1a: Giratina
|-supereffective|p1a: Giratina
|-damage|p1a: Giratina|36/100
|move|p1a: Giratina|Thunder Wave|p2a: Zacian
|-status|p2a: Zacian|par
|
|-weather|none
|upkeep
|turn|17
|
|t:|1608782299
|move|p2a: Zacian|Crunch|p1a: Giratina
|-supereffective|p1a: Giratina
|-damage|p1a: Giratina|0 fnt
|faint|p1a: Giratina
|
|upkeep
|
|t:|1608782301
|switch|p1a: Yveltal|Yveltal|71/100
|-ability|p1a: Yveltal|Dark Aura
|turn|18
|
|t:|1608782306
|move|p1a: Yveltal|Dark Pulse|p2a: Zacian
|-resisted|p2a: Zacian
|-crit|p2a: Zacian
|-damage|p2a: Zacian|56/100 par
|-damage|p1a: Yveltal|61/100|[from] item: Life Orb
|cant|p2a: Zacian|par
|
|upkeep
|turn|19
|
|t:|1608782313
|move|p1a: Yveltal|Dark Pulse|p2a: Zacian
|-resisted|p2a: Zacian
|-crit|p2a: Zacian
|-damage|p2a: Zacian|4/100 par
|-damage|p1a: Yveltal|51/100|[from] item: Life Orb
|move|p2a: Zacian|Behemoth Blade|p1a: Yveltal
|-damage|p1a: Yveltal|0 fnt
|faint|p1a: Yveltal
|
|upkeep
|
|t:|1608782317
|switch|p1a: Calyrex|Calyrex-Shadow|100/100
|-ability|p1a: Calyrex|As One
|-ability|p1a: Calyrex|Unnerve|p2: tonton nykos
|turn|20
|
|t:|1608782320
|move|p1a: Calyrex|Substitute|p1a: Calyrex
|-start|p1a: Calyrex|Substitute
|-damage|p1a: Calyrex|75/100
|cant|p2a: Zacian|par
|
|-heal|p1a: Calyrex|82/100|[from] item: Leftovers
|upkeep
|turn|21
|
|t:|1608782324
|move|p1a: Calyrex|Astral Barrage|p2a: Zacian
|-damage|p2a: Zacian|0 fnt
|faint|p2a: Zacian
|-ability|p1a: Calyrex|Grim Neigh|boost
|-boost|p1a: Calyrex|spa|1
|
|-heal|p1a: Calyrex|88/100|[from] item: Leftovers
|upkeep
|
|t:|1608782328
|switch|p2a: Kyogre|Kyogre|100/100
|-weather|RainDance|[from] ability: Drizzle|[of] p2a: Kyogre
|turn|22
|
|t:|1608782332
|move|p2a: Kyogre|Water Spout|p1a: Calyrex
|-end|p1a: Calyrex|Substitute
|move|p1a: Calyrex|Astral Barrage|p2a: Kyogre
|-damage|p2a: Kyogre|18/100
|
|-weather|RainDance|[upkeep]
|-heal|p1a: Calyrex|94/100|[from] item: Leftovers
|upkeep
|turn|23
|
|t:|1608782338
|move|p2a: Kyogre|Water Spout|p1a: Calyrex
|-damage|p1a: Calyrex|74/100
|move|p1a: Calyrex|Leech Seed|p2a: Kyogre
|-start|p2a: Kyogre|move: Leech Seed
|
|-weather|RainDance|[upkeep]
|-heal|p1a: Calyrex|80/100|[from] item: Leftovers
|-damage|p2a: Kyogre|6/100|[from] Leech Seed|[of] p1a: Calyrex
|-heal|p1a: Calyrex|91/100|[silent]
|upkeep
|turn|24
|
|t:|1608782345
|move|p2a: Kyogre|Water Spout|p1a: Calyrex
|-crit|p1a: Calyrex
|-damage|p1a: Calyrex|81/100
|move|p1a: Calyrex|Substitute|p1a: Calyrex
|-start|p1a: Calyrex|Substitute
|-damage|p1a: Calyrex|56/100
|
|-weather|RainDance|[upkeep]
|-heal|p1a: Calyrex|62/100|[from] item: Leftovers
|-damage|p2a: Kyogre|0 fnt|[from] Leech Seed|[of] p1a: Calyrex
|-heal|p1a: Calyrex|67/100|[silent]
|faint|p2a: Kyogre
|upkeep
|
|t:|1608782348
|switch|p2a: Calyrex|Calyrex-Shadow|100/100
|-ability|p2a: Calyrex|As One
|-ability|p2a: Calyrex|Unnerve|p1: Rell27
|turn|25
|
|t:|1608782352
|move|p2a: Calyrex|Astral Barrage|p1a: Calyrex
|-supereffective|p1a: Calyrex
|-end|p1a: Calyrex|Substitute
|move|p1a: Calyrex|Astral Barrage|p2a: Calyrex
|-supereffective|p2a: Calyrex
|-damage|p2a: Calyrex|0 fnt
|faint|p2a: Calyrex
|
|win|Rell27
|raw|Rell27's rating: 1535 &rarr; <strong>1550</strong><br />(+15 for winning)
|raw|tonton nykos's rating: 1433 &rarr; <strong>1419</strong><br />(-14 for losing)
