|j|☆jusemato
|j|☆Zerotti
|t:|1666485837
|gametype|singles
|player|p1|jusemato|169|
|player|p2|Zerotti|lusamine-nihilego|
|teamsize|p1|6
|teamsize|p2|6
|gen|8
|tier|[Gen 8] Ubers
|rule|Sleep Clause Mod: Limit one foe put to sleep
|rule|Species Clause: Limit one of each Pokémon
|rule|OHKO Clause: OHKO moves are banned
|rule|Evasion Items Clause: Evasion items are banned
|rule|Evasion Moves Clause: Evasion moves are banned
|rule|Endless Battle Clause: Forcing endless battles is banned
|rule|HP Percentage Mod: HP is shown in percentages
|rule|Dynamax Clause: You cannot dynamax
|clearpoke
|poke|p1|Marshadow|
|poke|p1|Ferrothorn, M|
|poke|p1|Darmanitan-Galar, M|
|poke|p1|Ho-Oh|
|poke|p1|Calyrex-Shadow|
|poke|p1|Eternatus|
|poke|p2|Ho-Oh|
|poke|p2|Groudon|
|poke|p2|Calyrex-Shadow|
|poke|p2|Eternatus|
|poke|p2|Yveltal|
|poke|p2|Necrozma-Dusk-Mane|
|teampreview
|c|☆jusemato|Suerte!
|c|☆Zerotti|Igualmente
|
|t:|1666485868
|start
|switch|p1a: Darmanitan|Darmanitan-Galar, M|100/100
|switch|p2a: Calyrex|Calyrex-Shadow|100/100
|-ability|p2a: Calyrex|As One
|-ability|p2a: Calyrex|Unnerve
|turn|1
|
|t:|1666485876
|switch|p1a: Ho-Oh|Ho-Oh|100/100
|move|p2a: Calyrex|Astral Barrage|p1a: Ho-Oh
|-damage|p1a: Ho-Oh|34/100
|
|upkeep
|turn|2
|
|t:|1666485911
|switch|p1a: Ferrothorn|Ferrothorn, M, shiny|100/100
|move|p2a: Calyrex|Astral Barrage|p1a: Ferrothorn
|-damage|p1a: Ferrothorn|15/100
|
|-heal|p1a: Ferrothorn|22/100|[from] item: Leftovers
|upkeep
|turn|3
|
|t:|1666485916
|move|p2a: Calyrex|Astral Barrage|p1a: Ferrothorn
|-damage|p1a: Ferrothorn|0 fnt
|faint|p1a: Ferrothorn
|-ability|p2a: Calyrex|Grim Neigh|boost
|-boost|p2a: Calyrex|spa|1
|
|upkeep
|
|t:|1666485919
|switch|p1a: Marshadow|Marshadow|100/100
|turn|4
|
|t:|1666485937
|switch|p2a: Groudon|Groudon|100/100
|-weather|SunnyDay|[from] ability: Drought|[of] p2a: Groudon
|switch|p1a: Eternatus|Eternatus|100/100
|-ability|p1a: Eternatus|Pressure
|
|-weather|SunnyDay|[upkeep]
|upkeep
|turn|5
|
|t:|1666485966
|switch|p2a: Ho-Oh|Ho-Oh|100/100
|move|p1a: Eternatus|Substitute|p1a: Eternatus
|-start|p1a: Eternatus|Substitute
|-damage|p1a: Eternatus|76/100
|
|-weather|SunnyDay|[upkeep]
|upkeep
|turn|6
|
|t:|1666485997
|switch|p2a: Calyrex|Calyrex-Shadow|100/100
|-ability|p2a: Calyrex|As One
|-ability|p2a: Calyrex|Unnerve
|move|p1a: Eternatus|Meteor Beam||[still]
|-prepare|p1a: Eternatus|Meteor Beam
|-boost|p1a: Eternatus|spa|1
|-enditem|p1a: Eternatus|Power Herb
|-anim|p1a: Eternatus|Meteor Beam|p2a: Calyrex
|-damage|p2a: Calyrex|27/100
|
|-weather|SunnyDay|[upkeep]
|upkeep
|turn|7
|
|t:|1666486060
|switch|p2a: Ho-Oh|Ho-Oh|100/100
|move|p1a: Eternatus|Flamethrower|p2a: Ho-Oh
|-resisted|p2a: Ho-Oh
|-damage|p2a: Ho-Oh|77/100
|
|-weather|SunnyDay|[upkeep]
|upkeep
|turn|8
|
|t:|1666486067
|move|p1a: Eternatus|Meteor Beam||[still]
|-prepare|p1a: Eternatus|Meteor Beam
|-boost|p1a: Eternatus|spa|1
|move|p2a: Ho-Oh|Brave Bird|p1a: Eternatus
|-end|p1a: Eternatus|Substitute
|-damage|p2a: Ho-Oh|68/100|[from] Recoil|[of] p1a: Eternatus
|
|-weather|none
|upkeep
|turn|9
|
|t:|1666486076
|switch|p2a: Necrozma|Necrozma-Dusk-Mane|100/100
|move|p1a: Eternatus|Meteor Beam|p2a: Necrozma|[from]lockedmove
|-resisted|p2a: Necrozma
|-damage|p2a: Necrozma|63/100
|
|upkeep
|turn|10
|
|t:|1666486093
|move|p1a: Eternatus|Flamethrower|p2a: Necrozma
|-supereffective|p2a: Necrozma
|-damage|p2a: Necrozma|0 fnt
|faint|p2a: Necrozma
|
|upkeep
|
|t:|1666486095
|switch|p2a: Calyrex|Calyrex-Shadow|27/100
|-ability|p2a: Calyrex|As One
|-ability|p2a: Calyrex|Unnerve
|turn|11
|
|t:|1666486164
|move|p2a: Calyrex|Astral Barrage|p1a: Eternatus
|-crit|p1a: Eternatus
|-damage|p1a: Eternatus|0 fnt
|faint|p1a: Eternatus
|-ability|p2a: Calyrex|Grim Neigh|boost
|-boost|p2a: Calyrex|spa|1
|
|upkeep
|
|t:|1666486168
|switch|p1a: Darmanitan|Darmanitan-Galar, M|100/100
|turn|12
|
|t:|1666486175
|switch|p2a: Ho-Oh|Ho-Oh|100/100
|move|p1a: Darmanitan|U-turn|p2a: Ho-Oh
|-resisted|p2a: Ho-Oh
|-damage|p2a: Ho-Oh|91/100
|
|t:|1666486181
|switch|p1a: Calyrex|Calyrex-Shadow|100/100|[from]move: U-turn
|-ability|p1a: Calyrex|As One
|-ability|p1a: Calyrex|Unnerve
|
|upkeep
|turn|13
|
|t:|1666486191
|move|p1a: Calyrex|Substitute|p1a: Calyrex
|-start|p1a: Calyrex|Substitute
|-damage|p1a: Calyrex|76/100
|move|p2a: Ho-Oh|Thunder Wave||[still]
|-fail|p2a: Ho-Oh
|
|-heal|p1a: Calyrex|82/100|[from] item: Leftovers
|upkeep
|turn|14
|
|t:|1666486196
|move|p1a: Calyrex|Nasty Plot|p1a: Calyrex
|-boost|p1a: Calyrex|spa|2
|move|p2a: Ho-Oh|Brave Bird|p1a: Calyrex
|-end|p1a: Calyrex|Substitute
|-damage|p2a: Ho-Oh|84/100|[from] Recoil|[of] p1a: Calyrex
|
|-heal|p1a: Calyrex|88/100|[from] item: Leftovers
|upkeep
|turn|15
|
|t:|1666486210
|move|p1a: Calyrex|Substitute|p1a: Calyrex
|-start|p1a: Calyrex|Substitute
|-damage|p1a: Calyrex|63/100
|move|p2a: Ho-Oh|Sacred Fire|p1a: Calyrex
|-end|p1a: Calyrex|Substitute
|
|-heal|p1a: Calyrex|69/100|[from] item: Leftovers
|upkeep
|turn|16
|
|t:|1666486227
|switch|p2a: Yveltal|Yveltal|100/100
|-ability|p2a: Yveltal|Dark Aura
|move|p1a: Calyrex|Disable||[still]
|-fail|p1a: Calyrex
|
|-heal|p1a: Calyrex|76/100|[from] item: Leftovers
|upkeep
|turn|17
|
|t:|1666486236
|move|p1a: Calyrex|Substitute|p1a: Calyrex
|-start|p1a: Calyrex|Substitute
|-damage|p1a: Calyrex|51/100
|move|p2a: Yveltal|Knock Off|p1a: Calyrex
|-supereffective|p1a: Calyrex
|-end|p1a: Calyrex|Substitute
|
|-heal|p1a: Calyrex|57/100|[from] item: Leftovers
|upkeep
|turn|18
|
|t:|1666486247
|switch|p2a: Ho-Oh|Ho-Oh|100/100
|move|p1a: Calyrex|Astral Barrage|p2a: Ho-Oh
|-crit|p2a: Ho-Oh
|-damage|p2a: Ho-Oh|0 fnt
|faint|p2a: Ho-Oh
|-ability|p1a: Calyrex|Grim Neigh|boost
|-boost|p1a: Calyrex|spa|1
|
|-heal|p1a: Calyrex|63/100|[from] item: Leftovers
|upkeep
|
|t:|1666486249
|switch|p2a: Yveltal|Yveltal|100/100
|-ability|p2a: Yveltal|Dark Aura
|turn|19
|
|t:|1666486263
|move|p1a: Calyrex|Substitute|p1a: Calyrex
|-start|p1a: Calyrex|Substitute
|-damage|p1a: Calyrex|38/100
|move|p2a: Yveltal|Knock Off|p1a: Calyrex
|-supereffective|p1a: Calyrex
|-end|p1a: Calyrex|Substitute
|
|-heal|p1a: Calyrex|44/100|[from] item: Leftovers
|upkeep
|turn|20
|
|t:|1666486274
|move|p2a: Yveltal|Sucker Punch||[still]
|-fail|p2a: Yveltal
|move|p1a: Calyrex|Disable|p2a: Yveltal
|-start|p2a: Yveltal|Disable|Sucker Punch
|
|-heal|p1a: Calyrex|51/100|[from] item: Leftovers
|upkeep
|turn|21
|
|t:|1666486326
|switch|p1a: Ho-Oh|Ho-Oh|67/100
|move|p2a: Yveltal|Knock Off|p1a: Ho-Oh
|-damage|p1a: Ho-Oh|28/100
|-enditem|p1a: Ho-Oh|Heavy-Duty Boots|[from] move: Knock Off|[of] p2a: Yveltal
|
|upkeep
|turn|22
|
|t:|1666486344
|switch|p2a: Eternatus|Eternatus|100/100
|-ability|p2a: Eternatus|Pressure
|move|p1a: Ho-Oh|Roost|p1a: Ho-Oh
|-heal|p1a: Ho-Oh|78/100
|-singleturn|p1a: Ho-Oh|move: Roost
|
|upkeep
|turn|23
|
|t:|1666486393
|move|p2a: Eternatus|Sludge Bomb|p1a: Ho-Oh
|-damage|p1a: Ho-Oh|55/100
|-status|p1a: Ho-Oh|psn
|move|p1a: Ho-Oh|Brave Bird|p2a: Eternatus
|-damage|p2a: Eternatus|66/100
|-damage|p1a: Ho-Oh|42/100 psn|[from] Recoil
|
|-heal|p2a: Eternatus|72/100|[from] item: Black Sludge
|-damage|p1a: Ho-Oh|29/100 psn|[from] psn
|upkeep
|turn|24
|
|t:|1666486423
|switch|p1a: Marshadow|Marshadow|100/100
|move|p2a: Eternatus|Sludge Bomb|p1a: Marshadow
|-resisted|p1a: Marshadow
|-damage|p1a: Marshadow|75/100
|
|-heal|p2a: Eternatus|78/100|[from] item: Black Sludge
|upkeep
|turn|25
|
|t:|1666486433
|move|p1a: Marshadow|Ice Punch|p2a: Eternatus
|-supereffective|p2a: Eternatus
|-damage|p2a: Eternatus|46/100
|move|p2a: Eternatus|Recover|p2a: Eternatus
|-heal|p2a: Eternatus|96/100
|
|-heal|p2a: Eternatus|100/100|[from] item: Black Sludge
|upkeep
|turn|26
|
|t:|1666486445
|move|p1a: Marshadow|Ice Punch|p2a: Eternatus
|-supereffective|p2a: Eternatus
|-damage|p2a: Eternatus|68/100
|move|p2a: Eternatus|Sludge Bomb|p1a: Marshadow
|-resisted|p1a: Marshadow
|-damage|p1a: Marshadow|50/100
|-status|p1a: Marshadow|psn
|
|-heal|p2a: Eternatus|74/100|[from] item: Black Sludge
|-damage|p1a: Marshadow|38/100 psn|[from] psn
|upkeep
|turn|27
|
|t:|1666486456
|switch|p1a: Calyrex|Calyrex-Shadow|51/100
|-ability|p1a: Calyrex|As One
|-ability|p1a: Calyrex|Unnerve
|move|p2a: Eternatus|Recover|p2a: Eternatus
|-heal|p2a: Eternatus|100/100
|
|-heal|p1a: Calyrex|57/100|[from] item: Leftovers
|upkeep
|turn|28
|
|t:|1666486475
|move|p1a: Calyrex|Substitute|p1a: Calyrex
|-start|p1a: Calyrex|Substitute
|-damage|p1a: Calyrex|32/100
|move|p2a: Eternatus|Flamethrower|p1a: Calyrex
|-end|p1a: Calyrex|Substitute
|
|-heal|p1a: Calyrex|38/100|[from] item: Leftovers
|upkeep
|turn|29
|
|t:|1666486499
|switch|p2a: Yveltal|Yveltal|100/100
|-ability|p2a: Yveltal|Dark Aura
|move|p1a: Calyrex|Astral Barrage|p2a: Yveltal
|-resisted|p2a: Yveltal
|-damage|p2a: Yveltal|76/100
|
|-heal|p1a: Calyrex|44/100|[from] item: Leftovers
|upkeep
|turn|30
|
|t:|1666486522
|move|p1a: Calyrex|Substitute|p1a: Calyrex
|-start|p1a: Calyrex|Substitute
|-damage|p1a: Calyrex|19/100
|move|p2a: Yveltal|Knock Off|p1a: Calyrex
|-supereffective|p1a: Calyrex
|-end|p1a: Calyrex|Substitute
|
|-heal|p1a: Calyrex|26/100|[from] item: Leftovers
|upkeep
|turn|31
|
|t:|1666486542
|move|p1a: Calyrex|Substitute|p1a: Calyrex
|-start|p1a: Calyrex|Substitute
|-damage|p1a: Calyrex|1/100
|move|p2a: Yveltal|Knock Off|p1a: Calyrex
|-supereffective|p1a: Calyrex
|-end|p1a: Calyrex|Substitute
|
|-heal|p1a: Calyrex|7/100|[from] item: Leftovers
|upkeep
|turn|32
|
|t:|1666486551
|move|p1a: Calyrex|Disable|p2a: Yveltal
|-start|p2a: Yveltal|Disable|Knock Off
|cant|p2a: Yveltal|Disable|Knock Off
|
|-heal|p1a: Calyrex|13/100|[from] item: Leftovers
|upkeep
|turn|33
|
|t:|1666486578
|switch|p1a: Darmanitan|Darmanitan-Galar, M|100/100
|switch|p2a: Calyrex|Calyrex-Shadow|27/100
|-ability|p2a: Calyrex|As One
|-ability|p2a: Calyrex|Unnerve
|
|upkeep
|turn|34
|
|t:|1666486590
|move|p1a: Darmanitan|Ice Punch|p2a: Calyrex
|-damage|p2a: Calyrex|0 fnt
|faint|p2a: Calyrex
|
|upkeep
|
|t:|1666486713
|switch|p2a: Groudon|Groudon|100/100
|-weather|SunnyDay|[from] ability: Drought|[of] p2a: Groudon
|turn|35
|
|t:|1666486733
|switch|p1a: Marshadow|Marshadow|38/100 psn
|move|p2a: Groudon|Stealth Rock|p1a: Marshadow
|-sidestart|p1: jusemato|move: Stealth Rock
|
|-weather|SunnyDay|[upkeep]
|-damage|p1a: Marshadow|25/100 psn|[from] psn
|upkeep
|turn|36
|
|t:|1666486752
|switch|p2a: Eternatus|Eternatus|100/100
|-ability|p2a: Eternatus|Pressure
|move|p1a: Marshadow|Ice Punch|p2a: Eternatus
|-supereffective|p2a: Eternatus
|-damage|p2a: Eternatus|68/100
|
|-weather|SunnyDay|[upkeep]
|-heal|p2a: Eternatus|74/100|[from] item: Black Sludge
|-damage|p1a: Marshadow|13/100 psn|[from] psn
|upkeep
|turn|37
|
|t:|1666486764
|switch|p1a: Calyrex|Calyrex-Shadow|13/100
|-ability|p1a: Calyrex|As One
|-ability|p1a: Calyrex|Unnerve
|-damage|p1a: Calyrex|1/100|[from] Stealth Rock
|move|p2a: Eternatus|Recover|p2a: Eternatus
|-heal|p2a: Eternatus|100/100
|
|-weather|SunnyDay|[upkeep]
|-heal|p1a: Calyrex|7/100|[from] item: Leftovers
|upkeep
|turn|38
|
|t:|1666486778
|switch|p2a: Yveltal|Yveltal|76/100
|-ability|p2a: Yveltal|Dark Aura
|move|p1a: Calyrex|Astral Barrage|p2a: Yveltal
|-resisted|p2a: Yveltal
|-damage|p2a: Yveltal|51/100
|
|-weather|SunnyDay|[upkeep]
|-heal|p1a: Calyrex|13/100|[from] item: Leftovers
|upkeep
|turn|39
|
|t:|1666486856
|switch|p1a: Marshadow|Marshadow|13/100 psn
|-damage|p1a: Marshadow|6/100 psn|[from] Stealth Rock
|move|p2a: Yveltal|Knock Off|p1a: Marshadow
|-damage|p1a: Marshadow|0 fnt
|-enditem|p1a: Marshadow|Focus Sash|[from] move: Knock Off|[of] p2a: Yveltal
|faint|p1a: Marshadow
|
|-weather|none
|upkeep
|
|t:|1666486887
|switch|p1a: Darmanitan|Darmanitan-Galar, M|100/100
|-damage|p1a: Darmanitan|76/100|[from] Stealth Rock
|turn|40
|
|t:|1666486961
|switch|p2a: Groudon|Groudon|100/100
|-weather|SunnyDay|[from] ability: Drought|[of] p2a: Groudon
|move|p1a: Darmanitan|Ice Punch|p2a: Groudon
|-supereffective|p2a: Groudon
|-damage|p2a: Groudon|38/100
|
|-weather|SunnyDay|[upkeep]
|-heal|p2a: Groudon|44/100|[from] item: Leftovers
|upkeep
|turn|41
|
|t:|1666486971
|move|p1a: Darmanitan|Ice Punch|p2a: Groudon
|-supereffective|p2a: Groudon
|-damage|p2a: Groudon|0 fnt
|faint|p2a: Groudon
|
|-weather|SunnyDay|[upkeep]
|upkeep
|
|t:|1666486982
|switch|p2a: Eternatus|Eternatus|100/100
|-ability|p2a: Eternatus|Pressure
|turn|42
|
|t:|1666487012
|switch|p1a: Ho-Oh|Ho-Oh|63/100 psn
|-damage|p1a: Ho-Oh|13/100 psn|[from] Stealth Rock
|move|p2a: Eternatus|Flamethrower|p1a: Ho-Oh
|-resisted|p1a: Ho-Oh
|-damage|p1a: Ho-Oh|1/100 psn
|
|-weather|SunnyDay|[upkeep]
|-damage|p1a: Ho-Oh|0 fnt|[from] psn
|faint|p1a: Ho-Oh
|upkeep
|
|t:|1666487014
|switch|p1a: Calyrex|Calyrex-Shadow|13/100
|-ability|p1a: Calyrex|As One
|-ability|p1a: Calyrex|Unnerve
|-damage|p1a: Calyrex|1/100|[from] Stealth Rock
|turn|43
|c|☆jusemato|Hola?
|
|t:|1666487163
|move|p1a: Calyrex|Astral Barrage|p2a: Eternatus
|-damage|p2a: Eternatus|53/100
|move|p2a: Eternatus|Flamethrower|p1a: Calyrex
|-damage|p1a: Calyrex|0 fnt
|faint|p1a: Calyrex
|
|-weather|SunnyDay|[upkeep]
|-heal|p2a: Eternatus|59/100|[from] item: Black Sludge
|upkeep
|c|☆Zerotti|Perdon, mala net
|
|t:|1666487174
|switch|p1a: Darmanitan|Darmanitan-Galar, M|76/100
|-damage|p1a: Darmanitan|51/100|[from] Stealth Rock
|turn|44
|
|t:|1666487178
|move|p1a: Darmanitan|Ice Punch|p2a: Eternatus
|-supereffective|p2a: Eternatus
|-damage|p2a: Eternatus|0 fnt
|faint|p2a: Eternatus
|
|-weather|none
|upkeep
|
|t:|1666487180
|switch|p2a: Yveltal|Yveltal|51/100
|-ability|p2a: Yveltal|Dark Aura
|turn|45
|
|t:|1666487188
|move|p2a: Yveltal|Sucker Punch|p1a: Darmanitan
|-damage|p1a: Darmanitan|0 fnt
|faint|p1a: Darmanitan
|
|win|Zerotti
|c|☆jusemato|Buena :)
|c|☆Zerotti|Ufff muy buenas
|l|☆jusemato
|j|☆jusemato
|player|p1|jusemato|169
|l|☆jusemato
|player|p1|
