|j|☆CA!0NAMAX
|j|☆PokeDuels
|t:|1631908601
|gametype|singles
|player|p1|CA!0NAMAX|richboy|1527
|player|p2|PokeDuels|265|1463
|teamsize|p1|6
|teamsize|p2|6
|gen|8
|tier|[Gen 8] Ubers
|rated|
|rule|Sleep Clause Mod: Limit one foe put to sleep
|rule|Species Clause: Limit one of each Pokémon
|rule|OHKO Clause: OHKO moves are banned
|rule|Evasion Moves Clause: Evasion moves are banned
|rule|Endless Battle Clause: Forcing endless battles is banned
|rule|HP Percentage Mod: HP is shown in percentages
|rule|Dynamax Clause: You cannot dynamax
|clearpoke
|poke|p1|Kyogre|
|poke|p1|Marshadow|
|poke|p1|Yveltal|
|poke|p1|Eternatus|
|poke|p1|Necrozma-Dusk-Mane|
|poke|p1|Lunala|
|poke|p2|Landorus-Therian, M|
|poke|p2|Toxapex, M|
|poke|p2|Blissey, F|
|poke|p2|Tyranitar, F|
|poke|p2|Buzzwole|
|poke|p2|Ho-Oh|
|teampreview
|c|☆CA!0NAMAX|this seems a great stall
|c|☆CA!0NAMAX|have fun
|
|t:|1631908629
|start
|switch|p1a: Marshadow|Marshadow|100/100
|switch|p2a: Toxapex|Toxapex, M|100/100
|turn|1
|
|t:|1631908637
|switch|p1a: Eternatus|Eternatus|100/100
|-ability|p1a: Eternatus|Pressure
|move|p2a: Toxapex|Knock Off|p1a: Eternatus
|-damage|p1a: Eternatus|89/100
|-enditem|p1a: Eternatus|Black Sludge|[from] move: Knock Off|[of] p2a: Toxapex
|
|upkeep
|turn|2
|
|t:|1631908641
|move|p1a: Eternatus|Toxic|p2a: Toxapex
|-immune|p2a: Toxapex
|move|p2a: Toxapex|Toxic Spikes|p1a: Eternatus
|-sidestart|p1: CA!0NAMAX|move: Toxic Spikes
|
|upkeep
|turn|3
|
|t:|1631908646
|move|p1a: Eternatus|Toxic|p2a: Toxapex
|-immune|p2a: Toxapex
|move|p2a: Toxapex|Knock Off|p1a: Eternatus
|-damage|p1a: Eternatus|81/100
|
|upkeep
|turn|4
|
|t:|1631908649
|move|p1a: Eternatus|Toxic|p2a: Toxapex
|-immune|p2a: Toxapex
|move|p2a: Toxapex|Toxic Spikes|p1a: Eternatus
|-sidestart|p1: CA!0NAMAX|move: Toxic Spikes
|
|upkeep
|turn|5
|
|t:|1631908655
|move|p1a: Eternatus|Toxic|p2a: Toxapex
|-immune|p2a: Toxapex
|move|p2a: Toxapex|Haze|p2a: Toxapex
|-clearallboost
|
|upkeep
|turn|6
|
|t:|1631908660
|switch|p1a: Yveltal|Yveltal|100/100
|-ability|p1a: Yveltal|Dark Aura
|move|p2a: Toxapex|Knock Off|p1a: Yveltal
|-resisted|p1a: Yveltal
|-damage|p1a: Yveltal|92/100
|-enditem|p1a: Yveltal|Heavy-Duty Boots|[from] move: Knock Off|[of] p2a: Toxapex
|
|upkeep
|turn|7
|
|t:|1631908668
|switch|p2a: Tyranitar|Tyranitar, F|100/100
|-weather|Sandstorm|[from] ability: Sand Stream|[of] p2a: Tyranitar
|move|p1a: Yveltal|U-turn|p2a: Tyranitar
|-supereffective|p2a: Tyranitar
|-damage|p2a: Tyranitar|77/100
|
|t:|1631908685
|switch|p1a: Eternatus|Eternatus|81/100|[from]move: U-turn
|-sideend|p1: CA!0NAMAX|move: Toxic Spikes|[of] p1a: Eternatus
|-ability|p1a: Eternatus|Pressure
|
|-weather|Sandstorm|[upkeep]
|-damage|p1a: Eternatus|75/100|[from] Sandstorm
|-heal|p2a: Tyranitar|83/100|[from] item: Leftovers
|upkeep
|turn|8
|
|t:|1631908690
|switch|p1a: Necrozma|Necrozma-Dusk-Mane|100/100
|move|p2a: Tyranitar|Stealth Rock|p1a: Necrozma
|-sidestart|p1: CA!0NAMAX|move: Stealth Rock
|
|-weather|Sandstorm|[upkeep]
|-heal|p2a: Tyranitar|90/100|[from] item: Leftovers
|upkeep
|turn|9
|
|t:|1631908703
|switch|p2a: Landorus|Landorus-Therian, M|100/100
|-ability|p2a: Landorus|Intimidate|boost
|-unboost|p1a: Necrozma|atk|1
|move|p1a: Necrozma|Stealth Rock|p2a: Landorus
|-sidestart|p2: PokeDuels|move: Stealth Rock
|
|-weather|Sandstorm|[upkeep]
|upkeep
|turn|10
|
|t:|1631908718
|switch|p1a: Lunala|Lunala|100/100
|move|p2a: Landorus|Knock Off|p1a: Lunala
|-supereffective|p1a: Lunala
|-damage|p1a: Lunala|52/100
|-enditem|p1a: Lunala|Heavy-Duty Boots|[from] move: Knock Off|[of] p2a: Landorus
|
|-weather|Sandstorm|[upkeep]
|-damage|p1a: Lunala|46/100|[from] Sandstorm
|upkeep
|turn|11
|
|t:|1631908725
|move|p1a: Lunala|Roost|p1a: Lunala
|-heal|p1a: Lunala|96/100
|-singleturn|p1a: Lunala|move: Roost
|move|p2a: Landorus|Knock Off|p1a: Lunala
|-supereffective|p1a: Lunala
|-damage|p1a: Lunala|29/100
|
|-weather|none
|upkeep
|turn|12
|
|t:|1631908734
|switch|p2a: Ho-Oh|Ho-Oh|100/100
|move|p1a: Lunala|Ice Beam|p2a: Ho-Oh
|-damage|p2a: Ho-Oh|84/100
|
|upkeep
|turn|13
|
|t:|1631908738
|move|p1a: Lunala|Roost|p1a: Lunala
|-heal|p1a: Lunala|79/100
|-singleturn|p1a: Lunala|move: Roost
|move|p2a: Ho-Oh|Brave Bird|p1a: Lunala
|-damage|p1a: Lunala|28/100
|-damage|p2a: Ho-Oh|65/100|[from] Recoil
|
|upkeep
|turn|14
|
|t:|1631908743
|move|p1a: Lunala|Roost|p1a: Lunala
|-heal|p1a: Lunala|78/100
|-singleturn|p1a: Lunala|move: Roost
|move|p2a: Ho-Oh|Sacred Fire|p1a: Lunala
|-damage|p1a: Lunala|31/100
|-status|p1a: Lunala|brn
|
|-damage|p1a: Lunala|25/100 brn|[from] brn
|upkeep
|turn|15
|
|t:|1631908749
|switch|p1a: Eternatus|Eternatus|75/100
|-damage|p1a: Eternatus|62/100|[from] Stealth Rock
|-ability|p1a: Eternatus|Pressure
|move|p2a: Ho-Oh|Brave Bird|p1a: Eternatus
|-damage|p1a: Eternatus|17/100
|-damage|p2a: Ho-Oh|48/100|[from] Recoil
|
|upkeep
|turn|16
|
|t:|1631908758
|switch|p2a: Toxapex|Toxapex, M|100/100
|-damage|p2a: Toxapex|88/100|[from] Stealth Rock
|move|p1a: Eternatus|Recover|p1a: Eternatus
|-heal|p1a: Eternatus|67/100
|
|upkeep
|turn|17
|
|t:|1631908764
|switch|p1a: Necrozma|Necrozma-Dusk-Mane|100/100
|-damage|p1a: Necrozma|94/100|[from] Stealth Rock
|move|p2a: Toxapex|Toxic Spikes|p1a: Necrozma
|-sidestart|p1: CA!0NAMAX|move: Toxic Spikes
|
|-heal|p1a: Necrozma|100/100|[from] item: Leftovers
|upkeep
|turn|18
|
|t:|1631908767
|switch|p1a: Eternatus|Eternatus|67/100
|-sideend|p1: CA!0NAMAX|move: Toxic Spikes|[of] p1a: Eternatus
|-damage|p1a: Eternatus|55/100|[from] Stealth Rock
|-ability|p1a: Eternatus|Pressure
|move|p2a: Toxapex|Knock Off|p1a: Eternatus
|-damage|p1a: Eternatus|47/100
|
|upkeep
|turn|19
|
|t:|1631908772
|move|p1a: Eternatus|Recover|p1a: Eternatus
|-heal|p1a: Eternatus|97/100
|move|p2a: Toxapex|Toxic Spikes|p1a: Eternatus
|-sidestart|p1: CA!0NAMAX|move: Toxic Spikes
|
|upkeep
|turn|20
|
|t:|1631908775
|switch|p1a: Necrozma|Necrozma-Dusk-Mane|100/100
|-damage|p1a: Necrozma|94/100|[from] Stealth Rock
|move|p2a: Toxapex|Knock Off|p1a: Necrozma
|-supereffective|p1a: Necrozma
|-damage|p1a: Necrozma|78/100
|-enditem|p1a: Necrozma|Leftovers|[from] move: Knock Off|[of] p2a: Toxapex
|
|upkeep
|turn|21
|
|t:|1631908784
|switch|p2a: Landorus|Landorus-Therian, M|100/100
|-damage|p2a: Landorus|88/100|[from] Stealth Rock
|-ability|p2a: Landorus|Intimidate|boost
|-unboost|p1a: Necrozma|atk|1
|move|p1a: Necrozma|Thunder Wave|p2a: Landorus
|-immune|p2a: Landorus
|
|-heal|p2a: Landorus|94/100|[from] item: Leftovers
|upkeep
|turn|22
|
|t:|1631908799
|switch|p1a: Yveltal|Yveltal|92/100
|-damage|p1a: Yveltal|68/100|[from] Stealth Rock
|-ability|p1a: Yveltal|Dark Aura
|move|p2a: Landorus|Earthquake|p1a: Yveltal
|-immune|p1a: Yveltal
|
|-heal|p2a: Landorus|99/100|[from] item: Leftovers
|upkeep
|turn|23
|
|t:|1631908810
|switch|p2a: Tyranitar|Tyranitar, F|90/100
|-damage|p2a: Tyranitar|77/100|[from] Stealth Rock
|-weather|Sandstorm|[from] ability: Sand Stream|[of] p2a: Tyranitar
|move|p1a: Yveltal|U-turn|p2a: Tyranitar
|-supereffective|p2a: Tyranitar
|-damage|p2a: Tyranitar|55/100
|
|t:|1631908820
|switch|p1a: Eternatus|Eternatus|97/100|[from]move: U-turn
|-sideend|p1: CA!0NAMAX|move: Toxic Spikes|[of] p1a: Eternatus
|-damage|p1a: Eternatus|85/100|[from] Stealth Rock
|-ability|p1a: Eternatus|Pressure
|
|-weather|Sandstorm|[upkeep]
|-damage|p1a: Eternatus|78/100|[from] Sandstorm
|-heal|p2a: Tyranitar|62/100|[from] item: Leftovers
|upkeep
|turn|24
|
|t:|1631908832
|switch|p1a: Necrozma|Necrozma-Dusk-Mane|78/100
|-damage|p1a: Necrozma|72/100|[from] Stealth Rock
|move|p2a: Tyranitar|Foul Play|p1a: Necrozma
|-supereffective|p1a: Necrozma
|-damage|p1a: Necrozma|24/100
|
|-weather|Sandstorm|[upkeep]
|-heal|p2a: Tyranitar|68/100|[from] item: Leftovers
|upkeep
|turn|25
|
|t:|1631908850
|switch|p1a: Eternatus|Eternatus|78/100
|-damage|p1a: Eternatus|66/100|[from] Stealth Rock
|-ability|p1a: Eternatus|Pressure
|switch|p2a: Ho-Oh|Ho-Oh|81/100
|
|-weather|Sandstorm|[upkeep]
|-damage|p1a: Eternatus|60/100|[from] Sandstorm
|-damage|p2a: Ho-Oh|75/100|[from] Sandstorm
|upkeep
|turn|26
|
|t:|1631908862
|switch|p1a: Marshadow|Marshadow|100/100
|-damage|p1a: Marshadow|94/100|[from] Stealth Rock
|switch|p2a: Tyranitar|Tyranitar, F|68/100
|-damage|p2a: Tyranitar|55/100|[from] Stealth Rock
|
|-weather|Sandstorm|[upkeep]
|-damage|p1a: Marshadow|88/100|[from] Sandstorm
|-heal|p2a: Tyranitar|62/100|[from] item: Leftovers
|upkeep
|turn|27
|
|t:|1631908875
|switch|p2a: Buzzwole|Buzzwole, shiny|100/100
|move|p1a: Marshadow|Spectral Thief|p2a: Buzzwole
|-damage|p2a: Buzzwole|66/100
|
|-weather|none
|upkeep
|turn|28
|c|☆CA!0NAMAX|I can't break your core
|c|☆PokeDuels|probably not
|c|☆CA!0NAMAX|just to know
|c|☆CA!0NAMAX|what's the set of lando?
|c|☆PokeDuels|rocks eq knock rest
|c|☆CA!0NAMAX|physically defensive eq knock u turn defog?
|c|☆CA!0NAMAX|oh rest
|c|☆CA!0NAMAX|interesting
|c|☆CA!0NAMAX|bb
|c|☆CA!0NAMAX|have a good day
|c|☆PokeDuels|u2
|-message|CA!0NAMAX forfeited.
|
|win|PokeDuels
|raw|CA!0NAMAX's rating: 1527 &rarr; <strong>1503</strong><br />(-24 for losing)
|raw|PokeDuels's rating: 1463 &rarr; <strong>1487</strong><br />(+24 for winning)
|l|☆CA!0NAMAX
||Ladder isn't responding, score probably updated but might not have (Request timeout).
