|j|☆Chunkomucho
|j|☆ZtakeR
|player|p1|Chunkomucho|erika|1431
|player|p2|ZtakeR|lance|1442
|teamsize|p1|6
|teamsize|p2|6
|gametype|singles
|gen|8
|tier|[Gen 8] Ubers
|rated|
|clearpoke
|poke|p1|Eternatus|
|poke|p1|Hatterene, F|
|poke|p1|Toxapex, M|
|poke|p1|Corviknight, M|
|poke|p1|Quagsire, M|
|poke|p1|Tyranitar, M|
|poke|p2|Zacian-Crowned|
|poke|p2|Lunala|
|poke|p2|Tyranitar, F|
|poke|p2|Excadrill, F|
|poke|p2|Dracovish|
|poke|p2|Ditto|
|rule|Sleep Clause Mod: Limit one foe put to sleep
|rule|Species Clause: Limit one of each Pokémon
|rule|OHKO Clause: OHKO moves are banned
|rule|Evasion Moves Clause: Evasion moves are banned
|rule|Endless Battle Clause: Forcing endless battles is banned
|rule|HP Percentage Mod: HP is shown in percentages
|html|Ubers Dynamax Clause: Pokémon on the <a href="https://www.smogon.com/dex/ss/formats/uber/">Ubers Dynamax Banlist</a> cannot Dynamax.
|teampreview
|inactive|Battle timer is ON: inactive players will automatically lose when time's up. (requested by Chunkomucho)
|inactive|ZtakeR also wants the timer to be on.
|
|start
|switch|p1a: Toxapex|Toxapex, M|100/100
|switch|p2a: Lunala|Lunala, shiny|100/100
|turn|1
|
|switch|p1a: Tyranitar|Tyranitar, M|100/100
|-weather|Sandstorm|[from] ability: Sand Stream|[of] p1a: Tyranitar
|move|p2a: Lunala|Will-O-Wisp|p1a: Tyranitar
|-status|p1a: Tyranitar|brn
|
|-weather|Sandstorm|[upkeep]
|-damage|p2a: Lunala|94/100|[from] Sandstorm
|-damage|p1a: Tyranitar|94/100 brn|[from] brn
|upkeep
|turn|2
|
|move|p2a: Lunala|Hex|p1a: Tyranitar
|-resisted|p1a: Tyranitar
|-crit|p1a: Tyranitar
|-damage|p1a: Tyranitar|77/100 brn
|move|p1a: Tyranitar|Stealth Rock|p2a: Lunala
|-sidestart|p2: ZtakeR|move: Stealth Rock
|
|-weather|Sandstorm|[upkeep]
|-damage|p2a: Lunala|88/100|[from] Sandstorm
|-damage|p1a: Tyranitar|71/100 brn|[from] brn
|upkeep
|turn|3
|
|switch|p2a: Excadrill|Excadrill, F|100/100
|-damage|p2a: Excadrill|97/100|[from] Stealth Rock
|move|p1a: Tyranitar|Snarl|p2a: Excadrill
|-damage|p2a: Excadrill|74/100
|-unboost|p2a: Excadrill|spa|1
|
|-weather|Sandstorm|[upkeep]
|-damage|p1a: Tyranitar|65/100 brn|[from] brn
|upkeep
|turn|4
|
|switch|p1a: Corviknight|Corviknight, M|100/100
|-ability|p1a: Corviknight|Pressure
|move|p2a: Excadrill|Earthquake|p1a: Corviknight
|-immune|p1a: Corviknight
|
|-weather|Sandstorm|[upkeep]
|upkeep
|turn|5
|
|switch|p2a: Ditto|Ditto, shiny|100/100
|-damage|p2a: Ditto|88/100|[from] Stealth Rock
|-transform|p2a: Ditto|p1a: Corviknight|[from] ability: Imposter
|-ability|p2a: Ditto|Pressure
|move|p1a: Corviknight|Body Press|p2a: Ditto
|-damage|p2a: Ditto|68/100
|
|-weather|none
|upkeep
|turn|6
|
|move|p2a: Ditto|Defog|p1a: Corviknight
|-unboost|p1a: Corviknight|evasion|1
|-sideend|p2: ZtakeR|Stealth Rock|[from] move: Defog|[of] p2a: Ditto
|move|p1a: Corviknight|U-turn|p2a: Ditto
|-resisted|p2a: Ditto
|-damage|p2a: Ditto|65/100
|
|switch|p1a: Tyranitar|Tyranitar, M|65/100 brn|[from]move: U-turn
|-weather|Sandstorm|[from] ability: Sand Stream|[of] p1a: Tyranitar
|
|-weather|Sandstorm|[upkeep]
|-damage|p1a: Tyranitar|58/100 brn|[from] brn
|upkeep
|turn|7
|
|switch|p2a: Tyranitar|Tyranitar, F, shiny|100/100
|move|p1a: Tyranitar|Rest|p1a: Tyranitar
|-status|p1a: Tyranitar|slp|[from] move: Rest
|-heal|p1a: Tyranitar|100/100 slp|[silent]
|
|-weather|Sandstorm|[upkeep]
|upkeep
|turn|8
|
|switch|p1a: Corviknight|Corviknight, M|100/100
|-ability|p1a: Corviknight|Pressure
|move|p2a: Tyranitar|Stealth Rock|p1a: Corviknight
|-sidestart|p1: Chunkomucho|move: Stealth Rock
|
|-weather|Sandstorm|[upkeep]
|upkeep
|turn|9
|
|move|p1a: Corviknight|Defog|p2a: Tyranitar
|-unboost|p2a: Tyranitar|evasion|1
|-sideend|p1: Chunkomucho|Stealth Rock|[from] move: Defog|[of] p1a: Corviknight
|move|p2a: Tyranitar|Thunder Wave|p1a: Corviknight
|-status|p1a: Corviknight|par
|
|-weather|Sandstorm|[upkeep]
|upkeep
|turn|10
|
|switch|p2a: Lunala|Lunala, shiny|88/100
|move|p1a: Corviknight|Body Press|p2a: Lunala
|-immune|p2a: Lunala
|
|-weather|none
|upkeep
|turn|11
|
|switch|p1a: Tyranitar|Tyranitar, M|100/100 slp
|-weather|Sandstorm|[from] ability: Sand Stream|[of] p1a: Tyranitar
|move|p2a: Lunala|Hex|p1a: Tyranitar
|-resisted|p1a: Tyranitar
|-damage|p1a: Tyranitar|89/100 slp
|
|-weather|Sandstorm|[upkeep]
|-damage|p2a: Lunala|82/100|[from] Sandstorm
|upkeep
|turn|12
|
|switch|p2a: Excadrill|Excadrill, F|74/100
|cant|p1a: Tyranitar|slp
|
|-weather|Sandstorm|[upkeep]
|upkeep
|turn|13
|
|switch|p2a: Tyranitar|Tyranitar, F, shiny|100/100
|switch|p1a: Corviknight|Corviknight, M|100/100 par
|-ability|p1a: Corviknight|Pressure
|
|-weather|Sandstorm|[upkeep]
|upkeep
|turn|14
|
|move|p2a: Tyranitar|Stealth Rock|p1a: Corviknight
|-sidestart|p1: Chunkomucho|move: Stealth Rock
|move|p1a: Corviknight|U-turn|p2a: Tyranitar
|-supereffective|p2a: Tyranitar
|-damage|p2a: Tyranitar|79/100
|
|switch|p1a: Tyranitar|Tyranitar, M|89/100 slp|[from]move: U-turn
|-damage|p1a: Tyranitar|76/100 slp|[from] Stealth Rock
|
|-weather|Sandstorm|[upkeep]
|upkeep
|turn|15
|
|switch|p2a: Dracovish|Dracovish|100/100
|cant|p1a: Tyranitar|slp
|
|-weather|none
|upkeep
|turn|16
|
|switch|p1a: Toxapex|Toxapex, M|100/100
|-damage|p1a: Toxapex|88/100|[from] Stealth Rock
|move|p2a: Dracovish|Psychic Fangs|p1a: Toxapex
|-supereffective|p1a: Toxapex
|-damage|p1a: Toxapex|48/100
|
|upkeep
|turn|17
|
|switch|p2a: Ditto|Ditto, shiny|65/100
|-transform|p2a: Ditto|p1a: Toxapex|[from] ability: Imposter
|switch|p1a: Corviknight|Corviknight, M|100/100 par
|-damage|p1a: Corviknight|88/100 par|[from] Stealth Rock
|-ability|p1a: Corviknight|Pressure
|
|upkeep
|turn|18
|
|move|p2a: Ditto|Knock Off|p1a: Corviknight
|-damage|p1a: Corviknight|79/100 par
|-damage|p2a: Ditto|49/100|[from] item: Rocky Helmet|[of] p1a: Corviknight
|-enditem|p1a: Corviknight|Rocky Helmet|[from] move: Knock Off|[of] p2a: Ditto
|cant|p1a: Corviknight|par
|
|upkeep
|turn|19
|
|switch|p2a: Tyranitar|Tyranitar, F, shiny|79/100
|-weather|Sandstorm|[from] ability: Sand Stream|[of] p2a: Tyranitar
|cant|p1a: Corviknight|par
|
|-weather|Sandstorm|[upkeep]
|upkeep
|turn|20
|
|move|p2a: Tyranitar|Flamethrower|p1a: Corviknight
|-supereffective|p1a: Corviknight
|-damage|p1a: Corviknight|42/100 par
|cant|p1a: Corviknight|par
|
|-weather|Sandstorm|[upkeep]
|upkeep
|turn|21
|
|move|p2a: Tyranitar|Flamethrower|p1a: Corviknight
|-supereffective|p1a: Corviknight
|-damage|p1a: Corviknight|5/100 par
|move|p1a: Corviknight|Defog|p2a: Tyranitar
|-unboost|p2a: Tyranitar|evasion|1
|-sideend|p1: Chunkomucho|Stealth Rock|[from] move: Defog|[of] p1a: Corviknight
|
|-weather|Sandstorm|[upkeep]
|upkeep
|turn|22
|
|switch|p2a: Lunala|Lunala, shiny|82/100
|switch|p1a: Tyranitar|Tyranitar, M|76/100 slp
|
|-weather|Sandstorm|[upkeep]
|-damage|p2a: Lunala|76/100|[from] Sandstorm
|upkeep
|turn|23
|
|move|p2a: Lunala|Roost|p2a: Lunala
|-heal|p2a: Lunala|100/100
|-singleturn|p2a: Lunala|move: Roost
|-curestatus|p1a: Tyranitar|slp|[msg]
|move|p1a: Tyranitar|Stealth Rock|p2a: Lunala
|-sidestart|p2: ZtakeR|move: Stealth Rock
|
|-weather|none
|upkeep
|turn|24
|
|move|p2a: Lunala|Will-O-Wisp|p1a: Tyranitar
|-status|p1a: Tyranitar|brn
|move|p1a: Tyranitar|Earthquake|p2a: Lunala
|-damage|p2a: Lunala|95/100
|
|-damage|p1a: Tyranitar|70/100 brn|[from] brn
|upkeep
|turn|25
|
|switch|p1a: Toxapex|Toxapex, M|81/100
|move|p2a: Lunala|Hex|p1a: Toxapex
|-damage|p1a: Toxapex|56/100
|
|upkeep
|turn|26
|
|switch|p2a: Ditto|Ditto, shiny|82/100
|-damage|p2a: Ditto|70/100|[from] Stealth Rock
|-transform|p2a: Ditto|p1a: Toxapex|[from] ability: Imposter
|switch|p1a: Tyranitar|Tyranitar, M|70/100 brn
|-weather|Sandstorm|[from] ability: Sand Stream|[of] p1a: Tyranitar
|
|-weather|Sandstorm|[upkeep]
|-damage|p2a: Ditto|64/100|[from] Sandstorm
|-damage|p1a: Tyranitar|64/100 brn|[from] brn
|upkeep
|turn|27
|
|switch|p2a: Lunala|Lunala, shiny|95/100
|move|p1a: Tyranitar|Earthquake|p2a: Lunala
|-damage|p2a: Lunala|83/100
|
|-weather|Sandstorm|[upkeep]
|-damage|p2a: Lunala|77/100|[from] Sandstorm
|-damage|p1a: Tyranitar|58/100 brn|[from] brn
|upkeep
|turn|28
|
|move|p2a: Lunala|Roost|p2a: Lunala
|-heal|p2a: Lunala|100/100
|-singleturn|p2a: Lunala|move: Roost
|move|p1a: Tyranitar|Snarl|p2a: Lunala
|-supereffective|p2a: Lunala
|-damage|p2a: Lunala|76/100
|-unboost|p2a: Lunala|spa|1
|
|-weather|Sandstorm|[upkeep]
|-damage|p2a: Lunala|70/100|[from] Sandstorm
|-damage|p1a: Tyranitar|52/100 brn|[from] brn
|upkeep
|turn|29
|
|move|p2a: Lunala|Roost|p2a: Lunala
|-heal|p2a: Lunala|100/100
|-singleturn|p2a: Lunala|move: Roost
|move|p1a: Tyranitar|Snarl|p2a: Lunala
|-supereffective|p2a: Lunala
|-damage|p2a: Lunala|75/100
|-unboost|p2a: Lunala|spa|1
|
|-weather|Sandstorm|[upkeep]
|-damage|p2a: Lunala|69/100|[from] Sandstorm
|-damage|p1a: Tyranitar|46/100 brn|[from] brn
|upkeep
|turn|30
|
|move|p2a: Lunala|Roost|p2a: Lunala
|-heal|p2a: Lunala|100/100
|-singleturn|p2a: Lunala|move: Roost
|move|p1a: Tyranitar|Rest|p1a: Tyranitar
|-status|p1a: Tyranitar|slp|[from] move: Rest
|-heal|p1a: Tyranitar|100/100 slp|[silent]
|
|-weather|none
|upkeep
|turn|31
|
|switch|p2a: Dracovish|Dracovish|100/100
|-damage|p2a: Dracovish|88/100|[from] Stealth Rock
|switch|p1a: Toxapex|Toxapex, M|90/100
|
|upkeep
|turn|32
|
|move|p2a: Dracovish|Outrage|p1a: Toxapex
|-crit|p1a: Toxapex
|-damage|p1a: Toxapex|42/100
|move|p1a: Toxapex|Knock Off|p2a: Dracovish
|-damage|p2a: Dracovish|74/100
|-enditem|p2a: Dracovish|Choice Scarf|[from] move: Knock Off|[of] p1a: Toxapex
|
|upkeep
|turn|33
|
|move|p2a: Dracovish|Outrage|p1a: Toxapex|[from]lockedmove
|-damage|p1a: Toxapex|12/100
|-start|p2a: Dracovish|confusion|[fatigue]
|move|p1a: Toxapex|Recover|p1a: Toxapex
|-heal|p1a: Toxapex|62/100
|
|upkeep
|turn|34
|
|switch|p2a: Tyranitar|Tyranitar, F, shiny|79/100
|-damage|p2a: Tyranitar|66/100|[from] Stealth Rock
|-weather|Sandstorm|[from] ability: Sand Stream|[of] p2a: Tyranitar
|move|p1a: Toxapex|Recover|p1a: Toxapex
|-heal|p1a: Toxapex|100/100
|
|-weather|Sandstorm|[upkeep]
|-damage|p1a: Toxapex|94/100|[from] Sandstorm
|upkeep
|turn|35
|
|switch|p1a: Himiko|Hatterene, F, shiny|100/100
|move|p2a: Tyranitar|Stealth Rock|p1a: Himiko
|move|p1a: Himiko|Stealth Rock||[from]Magic Bounce|[still]
|-fail|p1a: Himiko
|
|-weather|Sandstorm|[upkeep]
|-damage|p1a: Himiko|95/100|[from] Sandstorm
|upkeep
|turn|36
|
|switch|p2a: Ditto|Ditto, shiny|97/100
|-damage|p2a: Ditto|84/100|[from] Stealth Rock
|-transform|p2a: Ditto|p1a: Himiko|[from] ability: Imposter
|move|p1a: Himiko|Trick Room|p1a: Himiko
|-fieldstart|move: Trick Room|[of] p1a: Himiko
|
|-weather|Sandstorm|[upkeep]
|-damage|p1a: Himiko|89/100|[from] Sandstorm
|-damage|p2a: Ditto|78/100|[from] Sandstorm
|upkeep
|turn|37
|
|-start|p1a: Himiko|Dynamax
|-formechange|p1a: Himiko|Hatterene-Gmax
|-heal|p1a: Himiko|89/100|[silent]
|move|p1a: Himiko|G-Max Smite|p2a: Ditto
|-damage|p2a: Ditto|0 fnt
|-damage|p1a: Himiko|84/100|[from] item: Life Orb
|faint|p2a: Ditto
|
|-weather|Sandstorm|[upkeep]
|-damage|p1a: Himiko|81/100|[from] Sandstorm
|upkeep
|
|switch|p2a: Lunala|Lunala, shiny|100/100
|turn|38
|
|move|p1a: Himiko|G-Max Smite|p2a: Lunala
|-damage|p2a: Lunala|69/100
|-start|p2a: Lunala|confusion
|-damage|p1a: Himiko|76/100|[from] item: Life Orb
|-activate|p2a: Lunala|confusion
|move|p2a: Lunala|Toxic|p1a: Himiko
|move|p1a: Himiko|Toxic|p2a: Lunala|[from]Magic Bounce|[miss]
|-miss|p1a: Himiko|p2a: Lunala
|
|-weather|none
|upkeep
|turn|39
|
|move|p1a: Himiko|G-Max Smite|p2a: Lunala
|-damage|p2a: Lunala|0 fnt
|-damage|p1a: Himiko|71/100|[from] item: Life Orb
|faint|p2a: Lunala
|
|-end|p1a: Himiko|Dynamax
|-formechange|p1a: Himiko|Hatterene
|-heal|p1a: Himiko|71/100|[silent]
|upkeep
|-message|ZtakeR forfeited.
|
|win|Chunkomucho
|l|☆ZtakeR
||Ladder (probably) updated, but score could not be retrieved (Response not received).
