|j|☆Teamsfortesting
|j|☆Mooch99
|player|p1|Teamsfortesting|170|1000
|player|p2|Mooch99|168|1000
|teamsize|p1|6
|teamsize|p2|6
|gametype|singles
|gen|8
|tier|[Gen 8] Ubers
|rated|
|rule|Sleep Clause Mod: Limit one foe put to sleep
|rule|Species Clause: Limit one of each Pokémon
|rule|OHKO Clause: OHKO moves are banned
|rule|Evasion Moves Clause: Evasion moves are banned
|rule|Endless Battle Clause: Forcing endless battles is banned
|rule|HP Percentage Mod: HP is shown in percentages
|clearpoke
|poke|p1|Toxapex, M|
|poke|p1|Darmanitan-Galar, M|
|poke|p1|Togekiss, M|
|poke|p1|Aegislash, M|
|poke|p1|Avalugg, F|
|poke|p1|Cinderace, M|
|poke|p2|Ninjask, F|
|poke|p2|Morpeko, F|
|poke|p2|Mandibuzz, F|
|poke|p2|Zacian-*|
|poke|p2|Tyranitar, M|
|poke|p2|Arcanine, F|
|teampreview
|
|start
|switch|p1a: Darmanitan|Darmanitan-Galar, M|100/100
|switch|p2a: Ninjask|Ninjask, F|100/100
|turn|1
|
|move|p2a: Ninjask|Protect|p2a: Ninjask
|-singleturn|p2a: Ninjask|Protect
|move|p1a: Darmanitan|U-turn|p2a: Ninjask
|-activate|p2a: Ninjask|move: Protect
|
|-ability|p2a: Ninjask|Speed Boost|boost
|-boost|p2a: Ninjask|spe|1
|upkeep
|turn|2
|
|switch|p1a: Aegislash|Aegislash, M|100/100
|move|p2a: Ninjask|Substitute|p2a: Ninjask
|-start|p2a: Ninjask|Substitute
|-damage|p2a: Ninjask|76/100
|
|-ability|p2a: Ninjask|Speed Boost|boost
|-boost|p2a: Ninjask|spe|1
|upkeep
|turn|3
|
|move|p2a: Ninjask|Baton Pass|p2a: Ninjask
|
|switch|p2a: Tyranitar|Tyranitar, M|100/100|[from]move: Baton Pass
|-weather|Sandstorm|[from] ability: Sand Stream|[of] p2a: Tyranitar
|-formechange|p1a: Aegislash|Aegislash-Blade||[from] ability: Stance Change
|move|p1a: Aegislash|Shadow Ball|p2a: Tyranitar
|-resisted|p2a: Tyranitar
|-activate|p2a: Tyranitar|move: Substitute|[damage]
|
|-weather|Sandstorm|[upkeep]
|upkeep
|turn|4
|
|switch|p1a: Toxapex|Toxapex, M|100/100
|move|p2a: Tyranitar|Stealth Rock|p1a: Toxapex
|-sidestart|p1: Teamsfortesting|move: Stealth Rock
|
|-weather|Sandstorm|[upkeep]
|-damage|p1a: Toxapex|94/100|[from] Sandstorm
|-heal|p1a: Toxapex|100/100|[from] item: Black Sludge
|upkeep
|turn|5
|
|-end|p2a: Tyranitar|Substitute
|-start|p2a: Tyranitar|Dynamax
|-heal|p2a: Tyranitar|100/100|[silent]
|move|p2a: Tyranitar|Max Quake|p1a: Toxapex
|-supereffective|p1a: Toxapex
|-damage|p1a: Toxapex|43/100
|-boost|p2a: Tyranitar|spd|1
|move|p1a: Toxapex|Haze|p1a: Toxapex
|-clearallboost
|
|-weather|Sandstorm|[upkeep]
|-damage|p1a: Toxapex|37/100|[from] Sandstorm
|-heal|p1a: Toxapex|43/100|[from] item: Black Sludge
|upkeep
|turn|6
|
|switch|p1a: Avalugg|Avalugg, F|100/100
|move|p2a: Tyranitar|Max Rockfall|p1a: Avalugg
|-supereffective|p1a: Avalugg
|-damage|p1a: Avalugg|38/100
|
|-weather|Sandstorm|[upkeep]
|-damage|p1a: Avalugg|32/100|[from] Sandstorm
|upkeep
|turn|7
|
|switch|p1a: Aegislash|Aegislash, M|100/100
|-damage|p1a: Aegislash|94/100|[from] Stealth Rock
|move|p2a: Tyranitar|Max Rockfall|p1a: Aegislash
|-resisted|p1a: Aegislash
|-crit|p1a: Aegislash
|-damage|p1a: Aegislash|52/100
|
|-weather|none
|-heal|p1a: Aegislash|59/100|[from] item: Leftovers
|-end|p2a: Tyranitar|Dynamax
|-heal|p2a: Tyranitar|100/100|[silent]
|upkeep
|turn|8
|
|move|p2a: Tyranitar|Earthquake|p1a: Aegislash
|-supereffective|p1a: Aegislash
|-damage|p1a: Aegislash|0 fnt
|faint|p1a: Aegislash
|
|upkeep
|
|switch|p1a: Cinderace|Cinderace, M|100/100
|turn|9
|
|switch|p2a: Ninjask|Ninjask, F|76/100
|move|p1a: Cinderace|Court Change|p1a: Cinderace
|-sideend|p1: Teamsfortesting|Stealth Rock|[silent]
|-sidestart|p2: Mooch99|Stealth Rock|[silent]
|-activate|p1a: Cinderace|move: Court Change
|
|upkeep
|turn|10
|
|move|p2a: Ninjask|Protect|p2a: Ninjask
|-singleturn|p2a: Ninjask|Protect
|move|p1a: Cinderace|Taunt|p2a: Ninjask
|-activate|p2a: Ninjask|move: Protect
|
|-ability|p2a: Ninjask|Speed Boost|boost
|-boost|p2a: Ninjask|spe|1
|upkeep
|turn|11
|
|move|p2a: Ninjask|Baton Pass|p2a: Ninjask
|
|switch|p2a: Morpeko|Morpeko, F|100/100|[from]move: Baton Pass
|-damage|p2a: Morpeko|88/100|[from] Stealth Rock
|move|p1a: Cinderace|Pyro Ball|p2a: Morpeko
|-crit|p2a: Morpeko
|-damage|p2a: Morpeko|0 fnt
|faint|p2a: Morpeko
|
|upkeep
|
|switch|p2a: Mandibuzz|Mandibuzz, F|100/100
|turn|12
|
|move|p1a: Cinderace|Taunt|p2a: Mandibuzz
|-start|p2a: Mandibuzz|move: Taunt
|cant|p2a: Mandibuzz|move: Taunt|Defog
|
|upkeep
|turn|13
|
|switch|p1a: Darmanitan|Darmanitan-Galar, M|100/100
|switch|p2a: Ninjask|Ninjask, F|76/100
|-damage|p2a: Ninjask|26/100|[from] Stealth Rock
|
|upkeep
|turn|14
|
|switch|p1a: Avalugg|Avalugg, F|32/100
|move|p2a: Ninjask|Protect||[still]
|-fail|p2a: Ninjask
|
|-ability|p2a: Ninjask|Speed Boost|boost
|-boost|p2a: Ninjask|spe|1
|upkeep
|turn|15
|
|move|p2a: Ninjask|Substitute|p2a: Ninjask
|-start|p2a: Ninjask|Substitute
|-damage|p2a: Ninjask|1/100
|move|p1a: Avalugg|Recover|p1a: Avalugg
|-heal|p1a: Avalugg|82/100
|
|-ability|p2a: Ninjask|Speed Boost|boost
|-boost|p2a: Ninjask|spe|1
|upkeep
|turn|16
|
|move|p2a: Ninjask|Swords Dance|p2a: Ninjask
|-boost|p2a: Ninjask|atk|2
|move|p1a: Avalugg|Crunch|p2a: Ninjask
|-end|p2a: Ninjask|Substitute
|
|-ability|p2a: Ninjask|Speed Boost|boost
|-boost|p2a: Ninjask|spe|1
|upkeep
|turn|17
|
|move|p2a: Ninjask|Baton Pass|p2a: Ninjask
|
|switch|p2a: Zacian|Zacian-Crowned|100/100|[from]move: Baton Pass
|-damage|p2a: Zacian|94/100|[from] Stealth Rock
|-ability|p2a: Zacian|Intrepid Sword|boost
|-boost|p2a: Zacian|atk|1
|move|p1a: Avalugg|Body Press|p2a: Zacian
|-damage|p2a: Zacian|58/100
|
|upkeep
|turn|18
|
|move|p2a: Zacian|Behemoth Blade|p1a: Avalugg
|-supereffective|p1a: Avalugg
|-damage|p1a: Avalugg|0 fnt
|faint|p1a: Avalugg
|
|upkeep
|
|switch|p1a: Toxapex|Toxapex, M|76/100
|turn|19
|
|switch|p1a: Cinderace|Cinderace, M|100/100
|move|p2a: Zacian|Behemoth Blade|p1a: Cinderace
|-resisted|p1a: Cinderace
|-damage|p1a: Cinderace|0 fnt
|faint|p1a: Cinderace
|
|upkeep
|
|switch|p1a: Toxapex|Toxapex, M|100/100
|turn|20
|
|move|p2a: Zacian|Behemoth Blade|p1a: Toxapex
|-resisted|p1a: Toxapex
|-damage|p1a: Toxapex|50/100
|move|p1a: Toxapex|Haze|p1a: Toxapex
|-clearallboost
|
|-heal|p1a: Toxapex|57/100|[from] item: Black Sludge
|upkeep
|turn|21
|
|switch|p2a: Mandibuzz|Mandibuzz, F|100/100
|move|p1a: Toxapex|Scald|p2a: Mandibuzz
|-damage|p2a: Mandibuzz|88/100
|-status|p2a: Mandibuzz|brn
|
|-heal|p1a: Toxapex|63/100|[from] item: Black Sludge
|-damage|p2a: Mandibuzz|82/100 brn|[from] brn
|upkeep
|turn|22
|
|switch|p1a: Darmanitan|Darmanitan-Galar, M|100/100
|move|p2a: Mandibuzz|Defog|p1a: Darmanitan
|-unboost|p1a: Darmanitan|evasion|1
|-sideend|p2: Mooch99|Stealth Rock|[from] move: Defog|[of] p2a: Mandibuzz
|
|-damage|p2a: Mandibuzz|75/100 brn|[from] brn
|upkeep
|turn|23
|
|switch|p2a: Arcanine|Arcanine, F|100/100
|-ability|p2a: Arcanine|Intimidate|boost
|-unboost|p1a: Darmanitan|atk|1
|move|p1a: Darmanitan|U-turn|p2a: Arcanine
|-resisted|p2a: Arcanine
|-damage|p2a: Arcanine|92/100
|
|switch|p1a: Togekiss|Togekiss, M|100/100|[from]move: U-turn
|
|upkeep
|turn|24
|
|switch|p2a: Ninjask|Ninjask, F|1/100
|move|p1a: Togekiss|Nasty Plot|p1a: Togekiss
|-boost|p1a: Togekiss|spa|2
|
|upkeep
|turn|25
|
|-start|p1a: Togekiss|Dynamax
|-heal|p1a: Togekiss|100/100|[silent]
|move|p2a: Ninjask|Protect|p2a: Ninjask
|-singleturn|p2a: Ninjask|Protect
|move|p1a: Togekiss|Max Airstream|p2a: Ninjask
|-supereffective|p2a: Ninjask
|-zbroken|p2a: Ninjask
|-damage|p2a: Ninjask|0 fnt
|-boost|p1a: Togekiss|spe|1
|faint|p2a: Ninjask
|
|upkeep
|
|switch|p2a: Tyranitar|Tyranitar, M|100/100
|-weather|Sandstorm|[from] ability: Sand Stream|[of] p2a: Tyranitar
|turn|26
|
|move|p1a: Togekiss|Max Knuckle|p2a: Tyranitar
|-supereffective|p2a: Tyranitar
|-crit|p2a: Tyranitar
|-enditem|p2a: Tyranitar|Chople Berry|[eat]
|-enditem|p2a: Tyranitar|Chople Berry|[weaken]
|-damage|p2a: Tyranitar|13/100
|-boost|p1a: Togekiss|atk|1
|move|p2a: Tyranitar|Stone Edge|p1a: Togekiss|[miss]
|-miss|p2a: Tyranitar|p1a: Togekiss
|
|-weather|Sandstorm|[upkeep]
|-damage|p1a: Togekiss|97/100|[from] Sandstorm
|upkeep
|turn|27
|
|move|p1a: Togekiss|Max Airstream|p2a: Tyranitar
|-resisted|p2a: Tyranitar
|-damage|p2a: Tyranitar|0 fnt
|-boost|p1a: Togekiss|spe|1
|faint|p2a: Tyranitar
|
|-weather|Sandstorm|[upkeep]
|-damage|p1a: Togekiss|94/100|[from] Sandstorm
|-end|p1a: Togekiss|Dynamax
|-heal|p1a: Togekiss|94/100|[silent]
|upkeep
|
|switch|p2a: Mandibuzz|Mandibuzz, F|75/100 brn
|turn|28
|
|move|p1a: Togekiss|Nasty Plot|p1a: Togekiss
|-boost|p1a: Togekiss|spa|2
|move|p2a: Mandibuzz|Toxic|p1a: Togekiss
|-status|p1a: Togekiss|tox
|-enditem|p1a: Togekiss|Lum Berry|[eat]
|-curestatus|p1a: Togekiss|tox|[msg]
|
|-weather|Sandstorm|[upkeep]
|-damage|p1a: Togekiss|88/100|[from] Sandstorm
|-damage|p2a: Mandibuzz|69/100 brn|[from] brn
|upkeep
|turn|29
|
|move|p1a: Togekiss|Air Slash|p2a: Mandibuzz|[miss]
|-miss|p1a: Togekiss|p2a: Mandibuzz
|move|p2a: Mandibuzz|Toxic|p1a: Togekiss
|-status|p1a: Togekiss|tox
|
|-weather|Sandstorm|[upkeep]
|-damage|p1a: Togekiss|82/100 tox|[from] Sandstorm
|-damage|p1a: Togekiss|76/100 tox|[from] psn
|-damage|p2a: Mandibuzz|63/100 brn|[from] brn
|upkeep
|turn|30
|
|move|p1a: Togekiss|Air Slash|p2a: Mandibuzz
|-damage|p2a: Mandibuzz|0 fnt
|faint|p2a: Mandibuzz
|
|-weather|none
|-damage|p1a: Togekiss|64/100 tox|[from] psn
|upkeep
|
|switch|p2a: Arcanine|Arcanine, F|92/100
|-ability|p2a: Arcanine|Intimidate|boost
|-unboost|p1a: Togekiss|atk|1
|turn|31
|
|move|p2a: Arcanine|Extreme Speed|p1a: Togekiss
|-damage|p1a: Togekiss|41/100 tox
|move|p1a: Togekiss|Air Slash|p2a: Arcanine
|-damage|p2a: Arcanine|0 fnt
|faint|p2a: Arcanine
|
|-damage|p1a: Togekiss|23/100 tox|[from] psn
|upkeep
|
|switch|p2a: Zacian|Zacian-Crowned|58/100
|-ability|p2a: Zacian|Intrepid Sword|boost
|-boost|p2a: Zacian|atk|1
|turn|32
|
|move|p1a: Togekiss|Flamethrower|p2a: Zacian
|-supereffective|p2a: Zacian
|-damage|p2a: Zacian|0 fnt
|faint|p2a: Zacian
|
|win|Teamsfortesting
|l|☆Mooch99
|raw|Teamsfortesting's rating: 1040 &rarr; <strong>1070</strong><br />(+30 for winning)
|raw|Mooch99's rating: 1000 &rarr; <strong>1000</strong><br />(+0 for losing)
