|j|☆I like Lovely
|j|☆New ladder hero
|player|p1|I like Lovely|pokemonbreederf-gen4|1802
|player|p2|New ladder hero|84|1822
|teamsize|p1|6
|teamsize|p2|6
|gametype|singles
|gen|8
|tier|[Gen 8] Ubers
|rated|
|clearpoke
|poke|p1|Lunala|
|poke|p1|Necrozma-Dusk-Mane|
|poke|p1|Ditto|
|poke|p1|Ferrothorn, M|
|poke|p1|Eternatus|
|poke|p1|Mandibuzz, F|
|poke|p2|Necrozma-Dusk-Mane|
|poke|p2|Mandibuzz, F|
|poke|p2|Lunala|
|poke|p2|Darmanitan-Galar, F|
|poke|p2|Eternatus|
|poke|p2|Ditto|
|rule|Sleep Clause Mod: Limit one foe put to sleep
|rule|Species Clause: Limit one of each Pokémon
|rule|OHKO Clause: OHKO moves are banned
|rule|Evasion Moves Clause: Evasion moves are banned
|rule|Endless Battle Clause: Forcing endless battles is banned
|rule|HP Percentage Mod: HP is shown in percentages
|teampreview
|inactive|Battle timer is ON: inactive players will automatically lose when time's up. (requested by New ladder hero)
|c|☆I like Lovely|Hewwo
|c|☆New ladder hero|hey
|c|☆New ladder hero|gl hf
|
|start
|switch|p1a: Lunala|Lunala|100/100
|switch|p2a: Darmanitan|Darmanitan-Galar, F|100/100
|turn|1
|
|switch|p2a: Mandibuzz|Mandibuzz, F|100/100
|move|p1a: Lunala|Roost||[still]
|-fail|p1a: Lunala|heal
|
|upkeep
|turn|2
|c|☆I like Lovely|U2
|inactive|I like Lovely has 120 seconds left.
|
|switch|p1a: Necrozma|Necrozma-Dusk-Mane|100/100
|move|p2a: Mandibuzz|Knock Off|p1a: Necrozma
|-supereffective|p1a: Necrozma
|-damage|p1a: Necrozma|84/100
|-enditem|p1a: Necrozma|Leftovers|[from] move: Knock Off|[of] p2a: Mandibuzz
|
|upkeep
|turn|3
|
|move|p2a: Mandibuzz|U-turn|p1a: Necrozma
|-damage|p1a: Necrozma|77/100
|
|switch|p2a: Necrozma|Necrozma-Dusk-Mane|100/100|[from]move: U-turn
|move|p1a: Necrozma|Stealth Rock|p2a: Necrozma
|-sidestart|p2: New ladder hero|move: Stealth Rock
|
|upkeep
|turn|4
|
|switch|p1a: Ferrothorn|Ferrothorn, M|100/100
|move|p2a: Necrozma|Stealth Rock|p1a: Ferrothorn
|-sidestart|p1: I like Lovely|move: Stealth Rock
|
|upkeep
|turn|5
|
|switch|p2a: Eternatus|Eternatus|100/100
|-damage|p2a: Eternatus|88/100|[from] Stealth Rock
|-ability|p2a: Eternatus|Pressure
|move|p1a: Ferrothorn|Spikes|p2a: Eternatus
|-sidestart|p2: New ladder hero|Spikes
|
|-heal|p2a: Eternatus|94/100|[from] item: Black Sludge
|upkeep
|turn|6
|
|switch|p1a: Mandibuzz|Mandibuzz, F|100/100
|move|p2a: Eternatus|Flamethrower|p1a: Mandibuzz
|-damage|p1a: Mandibuzz|84/100
|
|-heal|p2a: Eternatus|100/100|[from] item: Black Sludge
|upkeep
|turn|7
|j|‽azerbaijian
|
|move|p2a: Eternatus|Toxic Spikes|p1a: Mandibuzz
|-sidestart|p1: I like Lovely|move: Toxic Spikes
|move|p1a: Mandibuzz|Knock Off|p2a: Eternatus
|-damage|p2a: Eternatus|82/100
|-enditem|p2a: Eternatus|Black Sludge|[from] move: Knock Off|[of] p1a: Mandibuzz
|
|upkeep
|turn|8
|
|move|p2a: Eternatus|Dynamax Cannon|p1a: Mandibuzz
|-damage|p1a: Mandibuzz|56/100
|move|p1a: Mandibuzz|U-turn|p2a: Eternatus
|-resisted|p2a: Eternatus
|-crit|p2a: Eternatus
|-damage|p2a: Eternatus|76/100
|
|switch|p1a: Eternatus|Eternatus|100/100|[from]move: U-turn
|-damage|p1a: Eternatus|88/100|[from] Stealth Rock
|-sideend|p1: I like Lovely|move: Toxic Spikes|[of] p1a: Eternatus
|-ability|p1a: Eternatus|Pressure
|
|-heal|p1a: Eternatus|94/100|[from] item: Black Sludge
|upkeep
|turn|9
|
|move|p2a: Eternatus|Dynamax Cannon|p1a: Eternatus
|-supereffective|p1a: Eternatus
|-damage|p1a: Eternatus|19/100
|move|p1a: Eternatus|Dynamax Cannon|p2a: Eternatus
|-supereffective|p2a: Eternatus
|-damage|p2a: Eternatus|4/100
|
|-heal|p1a: Eternatus|25/100|[from] item: Black Sludge
|upkeep
|turn|10
|
|switch|p1a: Lunala|Lunala|100/100
|move|p2a: Eternatus|Dynamax Cannon|p1a: Lunala
|-damage|p1a: Lunala|81/100
|
|upkeep
|turn|11
|
|move|p2a: Eternatus|Recover|p2a: Eternatus
|-heal|p2a: Eternatus|54/100
|move|p1a: Lunala|Calm Mind|p1a: Lunala
|-boost|p1a: Lunala|spa|1
|-boost|p1a: Lunala|spd|1
|
|upkeep
|turn|12
|
|switch|p2a: Mandibuzz|Mandibuzz, F|100/100
|-start|p1a: Lunala|Dynamax
|-heal|p1a: Lunala|81/100|[silent]
|move|p1a: Lunala|Max Starfall|p2a: Mandibuzz
|-supereffective|p2a: Mandibuzz
|-crit|p2a: Mandibuzz
|-damage|p2a: Mandibuzz|0 fnt
|-fieldstart|move: Misty Terrain
|faint|p2a: Mandibuzz
|
|upkeep
|
|switch|p2a: Ditto|Ditto|100/100
|-damage|p2a: Ditto|88/100|[from] Spikes
|-damage|p2a: Ditto|76/100|[from] Stealth Rock
|-transform|p2a: Ditto|p1a: Lunala|[from] ability: Imposter
|turn|13
|
|move|p1a: Lunala|Max Guard|p1a: Lunala
|-singleturn|p1a: Lunala|Max Guard
|move|p2a: Ditto|Moongeist Beam|p1a: Lunala
|-activate|p1a: Lunala|move: Max Guard
|
|upkeep
|turn|14
|
|-end|p1a: Lunala|Dynamax
|-heal|p1a: Lunala|81/100|[silent]
|switch|p1a: Eternatus|Eternatus|25/100
|-damage|p1a: Eternatus|13/100|[from] Stealth Rock
|-ability|p1a: Eternatus|Pressure
|move|p2a: Ditto|Moongeist Beam|p1a: Eternatus
|-crit|p1a: Eternatus
|-damage|p1a: Eternatus|0 fnt
|faint|p1a: Eternatus
|
|upkeep
|j| AgressivEbolAidCOV
|
|switch|p1a: Mandibuzz|Mandibuzz, F|56/100
|turn|15
|
|switch|p1a: Ferrothorn|Ferrothorn, M|100/100
|-damage|p1a: Ferrothorn|94/100|[from] Stealth Rock
|-start|p2a: Ditto|Dynamax
|-heal|p2a: Ditto|76/100|[silent]
|move|p2a: Ditto|Max Starfall|p1a: Ferrothorn
|-resisted|p1a: Ferrothorn
|-damage|p1a: Ferrothorn|64/100
|
|-heal|p1a: Ferrothorn|70/100|[from] item: Leftovers
|upkeep
|turn|16
|inactive|I like Lovely has 120 seconds left.
|
|switch|p1a: Ditto|Ditto|100/100
|-damage|p1a: Ditto|88/100|[from] Stealth Rock
|move|p2a: Ditto|Max Phantasm|p1a: Ditto
|-immune|p1a: Ditto
|
|-fieldend|Misty Terrain
|upkeep
|turn|17
|inactive|I like Lovely has 120 seconds left.
|c| AgressivEbolAidCOV|id dyez
|
|switch|p1a: Ferrothorn|Ferrothorn, M|70/100
|-damage|p1a: Ferrothorn|64/100|[from] Stealth Rock
|move|p2a: Ditto|Max Phantasm|p1a: Ferrothorn
|-damage|p1a: Ferrothorn|0 fnt
|faint|p1a: Ferrothorn
|
|-end|p2a: Ditto|Dynamax
|-heal|p2a: Ditto|76/100|[silent]
|upkeep
|c| AgressivEbolAidCOV|id dynamaxed just not to get killed
|
|switch|p1a: Mandibuzz|Mandibuzz, F|56/100
|turn|18
|c| AgressivEbolAidCOV|ferro
|inactive|I like Lovely has 120 seconds left.
|
|switch|p2a: Darmanitan|Darmanitan-Galar, F|100/100
|-damage|p2a: Darmanitan|76/100|[from] Stealth Rock
|-damage|p2a: Darmanitan|63/100|[from] Spikes
|move|p1a: Mandibuzz|U-turn|p2a: Darmanitan
|-damage|p2a: Darmanitan|47/100
|
|switch|p1a: Necrozma|Necrozma-Dusk-Mane|77/100|[from]move: U-turn
|-damage|p1a: Necrozma|71/100|[from] Stealth Rock
|
|upkeep
|turn|19
|
|move|p2a: Darmanitan|Flare Blitz|p1a: Necrozma
|-supereffective|p1a: Necrozma
|-crit|p1a: Necrozma
|-damage|p1a: Necrozma|0 fnt
|-damage|p2a: Darmanitan|20/100|[from] Recoil
|faint|p1a: Necrozma
|
|upkeep
|c|☆I like Lovely|Ouch
|c|☆New ladder hero|doesnt matter
|inactive|I like Lovely has 120 seconds left.
|c|☆New ladder hero|im band
|c|☆I like Lovely|Ah
|
|switch|p1a: Lunala|Lunala|81/100
|turn|20
|c| AgressivEbolAidCOV|ah
|
|move|p1a: Lunala|Moongeist Beam|p2a: Darmanitan
|-damage|p2a: Darmanitan|0 fnt
|faint|p2a: Darmanitan
|
|upkeep
|
|switch|p2a: Lunala|Lunala|100/100
|turn|21
|
|switch|p1a: Mandibuzz|Mandibuzz, F|56/100
|move|p2a: Lunala|Moongeist Beam|p1a: Mandibuzz
|-resisted|p1a: Mandibuzz
|-damage|p1a: Mandibuzz|43/100
|
|upkeep
|turn|22
|l|‽azerbaijian
|
|switch|p2a: Eternatus|Eternatus|54/100
|-damage|p2a: Eternatus|42/100|[from] Stealth Rock
|-damage|p2a: Eternatus|29/100|[from] Spikes
|-ability|p2a: Eternatus|Pressure
|move|p1a: Mandibuzz|Roost|p1a: Mandibuzz
|-heal|p1a: Mandibuzz|93/100
|-singleturn|p1a: Mandibuzz|move: Roost
|
|upkeep
|turn|23
|
|move|p2a: Eternatus|Toxic Spikes|p1a: Mandibuzz
|-sidestart|p1: I like Lovely|move: Toxic Spikes
|move|p1a: Mandibuzz|U-turn|p2a: Eternatus
|-resisted|p2a: Eternatus
|-damage|p2a: Eternatus|25/100
|
|switch|p1a: Lunala|Lunala|81/100|[from]move: U-turn
|
|upkeep
|turn|24
|
|move|p2a: Eternatus|Dynamax Cannon|p1a: Lunala
|-damage|p1a: Lunala|43/100
|move|p1a: Lunala|Roost|p1a: Lunala
|-heal|p1a: Lunala|93/100
|-singleturn|p1a: Lunala|move: Roost
|
|upkeep
|turn|25
|
|move|p2a: Eternatus|Recover|p2a: Eternatus
|-heal|p2a: Eternatus|75/100
|move|p1a: Lunala|Roost|p1a: Lunala
|-heal|p1a: Lunala|100/100
|-singleturn|p1a: Lunala|move: Roost
|
|upkeep
|turn|26
|
|move|p2a: Eternatus|Flamethrower|p1a: Lunala
|-damage|p1a: Lunala|90/100
|move|p1a: Lunala|Calm Mind|p1a: Lunala
|-boost|p1a: Lunala|spa|1
|-boost|p1a: Lunala|spd|1
|
|upkeep
|turn|27
|
|switch|p2a: Lunala|Lunala|100/100
|move|p1a: Lunala|Moongeist Beam|p2a: Lunala
|-supereffective|p2a: Lunala
|-damage|p2a: Lunala|0 fnt
|faint|p2a: Lunala
|
|upkeep
|
|switch|p2a: Ditto|Ditto|76/100
|-damage|p2a: Ditto|63/100|[from] Spikes
|-damage|p2a: Ditto|51/100|[from] Stealth Rock
|-transform|p2a: Ditto|p1a: Lunala|[from] ability: Imposter
|turn|28
|inactive|I like Lovely has 120 seconds left.
|inactive|New ladder hero has 120 seconds left.
|
|switch|p1a: Ditto|Ditto|88/100
|-damage|p1a: Ditto|76/100|[from] Stealth Rock
|-status|p1a: Ditto|psn
|move|p2a: Ditto|Moongeist Beam|p1a: Ditto
|-immune|p1a: Ditto
|
|-damage|p1a: Ditto|63/100 psn|[from] psn
|upkeep
|turn|29
|
|switch|p1a: Mandibuzz|Mandibuzz, F|93/100
|move|p2a: Ditto|Moongeist Beam|p1a: Mandibuzz
|-resisted|p1a: Mandibuzz
|-damage|p1a: Mandibuzz|69/100
|
|upkeep
|turn|30
|
|switch|p2a: Necrozma|Necrozma-Dusk-Mane|100/100
|-damage|p2a: Necrozma|94/100|[from] Stealth Rock
|-damage|p2a: Necrozma|82/100|[from] Spikes
|move|p1a: Mandibuzz|U-turn|p2a: Necrozma
|-damage|p2a: Necrozma|77/100
|inactive|I like Lovely has 90 seconds left.
|
|switch|p1a: Ditto|Ditto|63/100 psn|[from]move: U-turn
|-damage|p1a: Ditto|51/100 psn|[from] Stealth Rock
|-transform|p1a: Ditto|p2a: Necrozma|[from] ability: Imposter
|
|-heal|p2a: Necrozma|83/100|[from] item: Leftovers
|-damage|p1a: Ditto|39/100 psn|[from] psn
|upkeep
|turn|31
|inactive|I like Lovely has 90 seconds left.
|
|move|p1a: Ditto|Morning Sun|p1a: Ditto
|-heal|p1a: Ditto|88/100 psn
|move|p2a: Necrozma|Sunsteel Strike|p1a: Ditto
|-resisted|p1a: Ditto
|-damage|p1a: Ditto|70/100 psn
|
|-heal|p2a: Necrozma|89/100|[from] item: Leftovers
|-damage|p1a: Ditto|57/100 psn|[from] psn
|upkeep
|turn|32
|
|move|p1a: Ditto|Morning Sun|p1a: Ditto
|-heal|p1a: Ditto|100/100 psn
|move|p2a: Necrozma|Thunder Wave||[still]
|-fail|p2a: Necrozma
|
|-heal|p2a: Necrozma|95/100|[from] item: Leftovers
|-damage|p1a: Ditto|88/100 psn|[from] psn
|upkeep
|turn|33
|
|switch|p1a: Mandibuzz|Mandibuzz, F|69/100
|move|p2a: Necrozma|Thunder Wave|p1a: Mandibuzz|[miss]
|-miss|p2a: Necrozma|p1a: Mandibuzz
|
|-heal|p2a: Necrozma|100/100|[from] item: Leftovers
|upkeep
|turn|34
|
|move|p1a: Mandibuzz|Taunt|p2a: Necrozma
|-start|p2a: Necrozma|move: Taunt
|cant|p2a: Necrozma|move: Taunt|Thunder Wave
|
|upkeep
|turn|35
|
|switch|p2a: Eternatus|Eternatus|75/100
|-damage|p2a: Eternatus|63/100|[from] Stealth Rock
|-damage|p2a: Eternatus|51/100|[from] Spikes
|-ability|p2a: Eternatus|Pressure
|move|p1a: Mandibuzz|Knock Off|p2a: Eternatus
|-damage|p2a: Eternatus|39/100
|
|upkeep
|turn|36
|
|move|p2a: Eternatus|Recover|p2a: Eternatus
|-heal|p2a: Eternatus|90/100
|move|p1a: Mandibuzz|Roost|p1a: Mandibuzz
|-heal|p1a: Mandibuzz|100/100
|-singleturn|p1a: Mandibuzz|move: Roost
|
|upkeep
|turn|37
|inactive|I like Lovely has 120 seconds left.
|
|move|p2a: Eternatus|Flamethrower|p1a: Mandibuzz
|-damage|p1a: Mandibuzz|84/100
|move|p1a: Mandibuzz|U-turn|p2a: Eternatus
|-resisted|p2a: Eternatus
|-damage|p2a: Eternatus|86/100
|
|switch|p1a: Lunala|Lunala|90/100|[from]move: U-turn
|
|upkeep
|turn|38
|
|switch|p2a: Necrozma|Necrozma-Dusk-Mane|100/100
|-damage|p2a: Necrozma|94/100|[from] Stealth Rock
|-damage|p2a: Necrozma|82/100|[from] Spikes
|move|p1a: Lunala|Roost|p1a: Lunala
|-heal|p1a: Lunala|100/100
|-singleturn|p1a: Lunala|move: Roost
|
|-heal|p2a: Necrozma|88/100|[from] item: Leftovers
|upkeep
|turn|39
|
|switch|p1a: Ditto|Ditto|88/100 psn
|-damage|p1a: Ditto|76/100 psn|[from] Stealth Rock
|-transform|p1a: Ditto|p2a: Necrozma|[from] ability: Imposter
|move|p2a: Necrozma|Thunder Wave||[still]
|-fail|p2a: Necrozma
|
|-heal|p2a: Necrozma|94/100|[from] item: Leftovers
|-damage|p1a: Ditto|63/100 psn|[from] psn
|upkeep
|turn|40
|
|move|p1a: Ditto|Morning Sun|p1a: Ditto
|-heal|p1a: Ditto|100/100 psn
|move|p2a: Necrozma|Thunder Wave|p1a: Ditto|[miss]
|-miss|p2a: Necrozma|p1a: Ditto
|
|-heal|p2a: Necrozma|99/100|[from] item: Leftovers
|-damage|p1a: Ditto|88/100 psn|[from] psn
|upkeep
|turn|41
|
|move|p1a: Ditto|Morning Sun|p1a: Ditto
|-heal|p1a: Ditto|100/100 psn
|move|p2a: Necrozma|Thunder Wave||[still]
|-fail|p2a: Necrozma
|
|-heal|p2a: Necrozma|100/100|[from] item: Leftovers
|-damage|p1a: Ditto|88/100 psn|[from] psn
|upkeep
|turn|42
|
|move|p1a: Ditto|Morning Sun|p1a: Ditto
|-heal|p1a: Ditto|100/100 psn
|move|p2a: Necrozma|Thunder Wave|p1a: Ditto|[miss]
|-miss|p2a: Necrozma|p1a: Ditto
|
|-damage|p1a: Ditto|88/100 psn|[from] psn
|upkeep
|turn|43
|
|move|p1a: Ditto|Morning Sun|p1a: Ditto
|-heal|p1a: Ditto|100/100 psn
|move|p2a: Necrozma|Thunder Wave||[still]
|-fail|p2a: Necrozma
|
|-damage|p1a: Ditto|88/100 psn|[from] psn
|upkeep
|turn|44
|
|move|p1a: Ditto|Morning Sun|p1a: Ditto
|-heal|p1a: Ditto|100/100 psn
|move|p2a: Necrozma|Thunder Wave||[still]
|-fail|p2a: Necrozma
|
|-damage|p1a: Ditto|88/100 psn|[from] psn
|upkeep
|turn|45
|
|switch|p1a: Mandibuzz|Mandibuzz, F|84/100
|move|p2a: Necrozma|Thunder Wave|p1a: Mandibuzz
|-status|p1a: Mandibuzz|par
|
|upkeep
|turn|46
|
|move|p2a: Necrozma|Sunsteel Strike|p1a: Mandibuzz
|-damage|p1a: Mandibuzz|42/100 par
|move|p1a: Mandibuzz|U-turn|p2a: Necrozma
|-crit|p2a: Necrozma
|-damage|p2a: Necrozma|91/100
|
|switch|p1a: Lunala|Lunala|100/100|[from]move: U-turn
|
|-heal|p2a: Necrozma|97/100|[from] item: Leftovers
|upkeep
|turn|47
|
|move|p1a: Lunala|Moongeist Beam|p2a: Necrozma
|-supereffective|p2a: Necrozma
|-damage|p2a: Necrozma|28/100
|move|p2a: Necrozma|Thunder Wave|p1a: Lunala
|-status|p1a: Lunala|par
|
|-heal|p2a: Necrozma|34/100|[from] item: Leftovers
|upkeep
|turn|48
|
|move|p2a: Necrozma|Morning Sun|p2a: Necrozma
|-heal|p2a: Necrozma|84/100
|move|p1a: Lunala|Calm Mind|p1a: Lunala
|-boost|p1a: Lunala|spa|1
|-boost|p1a: Lunala|spd|1
|
|-heal|p2a: Necrozma|90/100|[from] item: Leftovers
|upkeep
|turn|49
|
|switch|p2a: Eternatus|Eternatus|86/100
|-damage|p2a: Eternatus|73/100|[from] Stealth Rock
|-damage|p2a: Eternatus|61/100|[from] Spikes
|-ability|p2a: Eternatus|Pressure
|move|p1a: Lunala|Moongeist Beam|p2a: Eternatus
|-damage|p2a: Eternatus|0 fnt
|faint|p2a: Eternatus
|
|upkeep
|
|switch|p2a: Ditto|Ditto|51/100
|-damage|p2a: Ditto|39/100|[from] Spikes
|-damage|p2a: Ditto|26/100|[from] Stealth Rock
|-transform|p2a: Ditto|p1a: Lunala|[from] ability: Imposter
|turn|50
|inactive|I like Lovely has 120 seconds left.
|
|move|p2a: Ditto|Moongeist Beam|p1a: Lunala
|-supereffective|p1a: Lunala
|-damage|p1a: Lunala|12/100 par
|move|p1a: Lunala|Moongeist Beam|p2a: Ditto
|-supereffective|p2a: Ditto
|-damage|p2a: Ditto|0 fnt
|faint|p2a: Ditto
|
|upkeep
|
|switch|p2a: Necrozma|Necrozma-Dusk-Mane|90/100
|-damage|p2a: Necrozma|78/100|[from] Spikes
|-damage|p2a: Necrozma|72/100|[from] Stealth Rock
|turn|51
|inactive|I like Lovely has 120 seconds left.
|
|move|p2a: Necrozma|Sunsteel Strike|p1a: Lunala
|-damage|p1a: Lunala|0 fnt
|faint|p1a: Lunala
|
|-heal|p2a: Necrozma|78/100|[from] item: Leftovers
|upkeep
|inactive|I like Lovely has 120 seconds left.
|
|switch|p1a: Ditto|Ditto|88/100 psn
|-damage|p1a: Ditto|76/100 psn|[from] Stealth Rock
|-transform|p1a: Ditto|p2a: Necrozma|[from] ability: Imposter
|turn|52
|
|move|p1a: Ditto|Thunder Wave|p2a: Necrozma
|-status|p2a: Necrozma|par
|move|p2a: Necrozma|Thunder Wave||[still]
|-fail|p2a: Necrozma
|
|-heal|p2a: Necrozma|84/100 par|[from] item: Leftovers
|-damage|p1a: Ditto|63/100 psn|[from] psn
|upkeep
|turn|53
|
|switch|p1a: Mandibuzz|Mandibuzz, F|42/100 par
|move|p2a: Necrozma|Sunsteel Strike|p1a: Mandibuzz
|-damage|p1a: Mandibuzz|5/100 par
|
|-heal|p2a: Necrozma|90/100 par|[from] item: Leftovers
|upkeep
|turn|54
|
|move|p1a: Mandibuzz|Roost|p1a: Mandibuzz
|-heal|p1a: Mandibuzz|55/100 par
|-singleturn|p1a: Mandibuzz|move: Roost
|move|p2a: Necrozma|Sunsteel Strike|p1a: Mandibuzz
|-damage|p1a: Mandibuzz|14/100 par
|
|-heal|p2a: Necrozma|96/100 par|[from] item: Leftovers
|upkeep
|turn|55
|
|move|p1a: Mandibuzz|Roost|p1a: Mandibuzz
|-heal|p1a: Mandibuzz|64/100 par
|-singleturn|p1a: Mandibuzz|move: Roost
|move|p2a: Necrozma|Sunsteel Strike|p1a: Mandibuzz
|-damage|p1a: Mandibuzz|22/100 par
|
|-heal|p2a: Necrozma|100/100 par|[from] item: Leftovers
|upkeep
|turn|56
|
|move|p1a: Mandibuzz|Roost|p1a: Mandibuzz
|-heal|p1a: Mandibuzz|72/100 par
|-singleturn|p1a: Mandibuzz|move: Roost
|move|p2a: Necrozma|Sunsteel Strike|p1a: Mandibuzz
|-damage|p1a: Mandibuzz|33/100 par
|
|upkeep
|turn|57
|
|move|p1a: Mandibuzz|Roost|p1a: Mandibuzz
|-heal|p1a: Mandibuzz|83/100 par
|-singleturn|p1a: Mandibuzz|move: Roost
|move|p2a: Necrozma|Sunsteel Strike|p1a: Mandibuzz
|-damage|p1a: Mandibuzz|43/100 par
|
|upkeep
|turn|58
|c|☆I like Lovely|Gg
|
|move|p1a: Mandibuzz|Roost|p1a: Mandibuzz
|-heal|p1a: Mandibuzz|93/100 par
|-singleturn|p1a: Mandibuzz|move: Roost
|move|p2a: Necrozma|Thunder Wave|p1a: Mandibuzz
|-fail|p1a: Mandibuzz|par
|
|upkeep
|turn|59
|
|cant|p1a: Mandibuzz|par
|move|p2a: Necrozma|Stealth Rock||[still]
|-fail|p2a: Necrozma
|
|upkeep
|turn|60
|c|☆New ladder hero|gg
|
|cant|p1a: Mandibuzz|par
|cant|p2a: Necrozma|par
|
|upkeep
|turn|61
|
|move|p1a: Mandibuzz|Taunt|p2a: Necrozma
|-start|p2a: Necrozma|move: Taunt
|cant|p2a: Necrozma|move: Taunt|Stealth Rock
|
|upkeep
|turn|62
|
|move|p1a: Mandibuzz|Knock Off|p2a: Necrozma
|-supereffective|p2a: Necrozma
|-damage|p2a: Necrozma|80/100 par
|-enditem|p2a: Necrozma|Leftovers|[from] move: Knock Off|[of] p1a: Mandibuzz
|-activate|p2a: Necrozma|move: Struggle
|move|p2a: Necrozma|Struggle|p1a: Mandibuzz
|-damage|p1a: Mandibuzz|81/100 par
|-damage|p2a: Necrozma|55/100 par|[from] recoil
|
|upkeep
|turn|63
|
|move|p1a: Mandibuzz|Knock Off|p2a: Necrozma
|-supereffective|p2a: Necrozma
|-damage|p2a: Necrozma|43/100 par
|-activate|p2a: Necrozma|move: Struggle
|move|p2a: Necrozma|Struggle|p1a: Mandibuzz
|-damage|p1a: Mandibuzz|68/100 par
|-damage|p2a: Necrozma|18/100 par|[from] recoil
|
|-end|p2a: Necrozma|move: Taunt
|upkeep
|turn|64
|
|move|p1a: Mandibuzz|Taunt|p2a: Necrozma
|-start|p2a: Necrozma|move: Taunt
|cant|p2a: Necrozma|move: Taunt|Morning Sun
|
|upkeep
|turn|65
|
|move|p1a: Mandibuzz|Knock Off|p2a: Necrozma
|-supereffective|p2a: Necrozma
|-damage|p2a: Necrozma|4/100 par
|-activate|p2a: Necrozma|move: Struggle
|move|p2a: Necrozma|Struggle|p1a: Mandibuzz
|-damage|p1a: Mandibuzz|56/100 par
|-damage|p2a: Necrozma|0 fnt|[from] recoil
|faint|p2a: Necrozma
|
|win|I like Lovely
|l|☆New ladder hero
|l|☆I like Lovely
|j|☆I like Lovely
|player|p1|I like Lovely|pokemonbreederf-gen4
||Ladder (probably) updated, but score could not be retrieved (Response not received).
|l|☆I like Lovely
|player|p1|
