|j|☆Supreme_Toast
|j|☆Mekontchou111
|t:|1664704925
|gametype|singles
|player|p1|Supreme_Toast|265|1134
|player|p2|Mekontchou111|169|1167
|teamsize|p1|6
|teamsize|p2|6
|gen|8
|tier|[Gen 8] Ubers
|rated|
|rule|Sleep Clause Mod: Limit one foe put to sleep
|rule|Species Clause: Limit one of each Pokémon
|rule|OHKO Clause: OHKO moves are banned
|rule|Evasion Items Clause: Evasion items are banned
|rule|Evasion Moves Clause: Evasion moves are banned
|rule|Endless Battle Clause: Forcing endless battles is banned
|rule|HP Percentage Mod: HP is shown in percentages
|rule|Dynamax Clause: You cannot dynamax
|clearpoke
|poke|p1|Yveltal|
|poke|p1|Necrozma-Dusk-Mane|
|poke|p1|Marshadow|
|poke|p1|Eternatus|
|poke|p1|Regieleki|
|poke|p1|Xerneas-*|
|poke|p2|Hatterene, F|
|poke|p2|Dracovish|
|poke|p2|Melmetal|
|poke|p2|Porygon2|
|poke|p2|Calyrex-Ice|
|poke|p2|Magearna|
|teampreview
|
|t:|1664704942
|start
|switch|p1a: Regieleki|Regieleki|100/100
|switch|p2a: Hatterene|Hatterene, F|100/100
|turn|1
|
|t:|1664704948
|move|p1a: Regieleki|Volt Switch|p2a: Hatterene
|-damage|p2a: Hatterene|30/100
|
|t:|1664704957
|switch|p1a: Necrozma|Necrozma-Dusk-Mane|100/100|[from]move: Volt Switch
|move|p2a: Hatterene|Trick Room|p2a: Hatterene
|-fieldstart|move: Trick Room|[of] p2a: Hatterene
|
|upkeep
|turn|2
|
|t:|1664704966
|move|p2a: Hatterene|Misty Explosion|p1a: Necrozma
|-resisted|p1a: Necrozma
|-damage|p1a: Necrozma|75/100
|faint|p2a: Hatterene
|move|p1a: Necrozma|Earthquake|p2: Hatterene|[notarget]
|-fail|p1a: Necrozma
|
|upkeep
|
|t:|1664704985
|switch|p2a: Dracovish|Dracovish|100/100
|turn|3
|
|t:|1664704991
|move|p2a: Dracovish|Fishious Rend|p1a: Necrozma
|-damage|p1a: Necrozma|0 fnt
|faint|p1a: Necrozma
|
|upkeep
|
|t:|1664705001
|switch|p1a: Yveltal|Yveltal|100/100
|-ability|p1a: Yveltal|Dark Aura
|turn|4
|
|t:|1664705006
|move|p2a: Dracovish|Fishious Rend|p1a: Yveltal
|-damage|p1a: Yveltal|0 fnt
|faint|p1a: Yveltal
|
|upkeep
|
|t:|1664705014
|switch|p1a: Eternatus|Eternatus|100/100
|-ability|p1a: Eternatus|Pressure
|turn|5
|
|t:|1664705023
|switch|p2a: Magearna|Magearna|100/100
|move|p1a: Eternatus|Dynamax Cannon|p2a: Magearna
|-immune|p2a: Magearna
|
|-fieldend|move: Trick Room
|upkeep
|turn|6
|
|t:|1664705030
|move|p1a: Eternatus|Flamethrower|p2a: Magearna
|-supereffective|p2a: Magearna
|-damage|p2a: Magearna|48/100
|move|p2a: Magearna|Trick Room|p2a: Magearna
|-fieldstart|move: Trick Room|[of] p2a: Magearna
|
|upkeep
|turn|7
|
|t:|1664705040
|move|p2a: Magearna|Steel Beam|p1a: Eternatus
|-damage|p1a: Eternatus|35/100
|-damage|p2a: Magearna|0 fnt|[from] mindblown
|faint|p2a: Magearna
|move|p1a: Eternatus|Flamethrower|p2: Magearna|[notarget]
|-fail|p1a: Eternatus
|
|-heal|p1a: Eternatus|41/100|[from] item: Black Sludge
|upkeep
|
|t:|1664705050
|switch|p2a: Calyrex|Calyrex-Ice|100/100
|-ability|p2a: Calyrex|As One
|-ability|p2a: Calyrex|Unnerve
|turn|8
|
|t:|1664705056
|move|p2a: Calyrex|Glacial Lance|p1a: Eternatus
|-supereffective|p1a: Eternatus
|-damage|p1a: Eternatus|0 fnt
|faint|p1a: Eternatus
|-ability|p2a: Calyrex|Chilling Neigh|boost
|-boost|p2a: Calyrex|atk|1
|
|upkeep
|
|t:|1664705070
|switch|p1a: Xerneas|Xerneas|100/100
|-ability|p1a: Xerneas|Fairy Aura
|turn|9
|
|t:|1664705090
|move|p2a: Calyrex|Glacial Lance|p1a: Xerneas
|-damage|p1a: Xerneas|0 fnt
|faint|p1a: Xerneas
|-ability|p2a: Calyrex|Chilling Neigh|boost
|-boost|p2a: Calyrex|atk|1
|
|upkeep
|
|t:|1664705099
|switch|p1a: Marshadow|Marshadow|100/100
|turn|10
|
|t:|1664705104
|switch|p2a: Porygon2|Porygon2|100/100
|move|p1a: Marshadow|Spectral Thief|p2a: Porygon2
|-immune|p2a: Porygon2
|
|-fieldend|move: Trick Room
|upkeep
|turn|11
|
|t:|1664705116
|switch|p1a: Regieleki|Regieleki|100/100
|move|p2a: Porygon2|Trick Room|p2a: Porygon2
|-fieldstart|move: Trick Room|[of] p2a: Porygon2
|
|upkeep
|turn|12
|
|t:|1664705125
|move|p1a: Regieleki|Hyper Beam|p2a: Porygon2
|-damage|p2a: Porygon2|61/100
|-mustrecharge|p1a: Regieleki
|move|p2a: Porygon2|Teleport|p2a: Porygon2
|
|t:|1664705132
|switch|p2a: Melmetal|Melmetal|100/100|[from]move: Teleport
|
|upkeep
|turn|13
|
|t:|1664705141
|move|p2a: Melmetal|Double Iron Bash|p1a: Regieleki
|-resisted|p1a: Regieleki
|-damage|p1a: Regieleki|39/100
|-resisted|p1a: Regieleki
|-damage|p1a: Regieleki|0 fnt
|faint|p1a: Regieleki
|-hitcount|p1: Regieleki|2
|
|upkeep
|
|t:|1664705149
|switch|p1a: Marshadow|Marshadow|100/100
|turn|14
|
|t:|1664705159
|move|p2a: Melmetal|Double Iron Bash|p1a: Marshadow
|-damage|p1a: Marshadow|18/100
|-damage|p1a: Marshadow|0 fnt
|faint|p1a: Marshadow
|-hitcount|p1: Marshadow|2
|
|win|Mekontchou111
|raw|Supreme_Toast's rating: 1134 &rarr; <strong>1111</strong><br />(-23 for losing)
|raw|Mekontchou111's rating: 1167 &rarr; <strong>1190</strong><br />(+23 for winning)
|l|☆Supreme_Toast
