|j|☆iamnotagenius
|j|☆njrenj
|inactive|Battle timer is ON: inactive players will automatically lose when time's up.
|t:|1633425878
|gametype|singles
|player|p1|iamnotagenius|1|
|player|p2|njrenj|swimmerf-gen4dp|
|teamsize|p1|6
|teamsize|p2|6
|gen|8
|tier|[Gen 8] Ubers
|rated|Tournament battle
|rule|Sleep Clause Mod: Limit one foe put to sleep
|rule|Species Clause: Limit one of each Pokémon
|rule|OHKO Clause: OHKO moves are banned
|rule|Evasion Moves Clause: Evasion moves are banned
|rule|Endless Battle Clause: Forcing endless battles is banned
|rule|HP Percentage Mod: HP is shown in percentages
|rule|Dynamax Clause: You cannot dynamax
|clearpoke
|poke|p1|Lunala|
|poke|p1|Yveltal|
|poke|p1|Xerneas-*|
|poke|p1|Necrozma-Dusk-Mane|
|poke|p1|Eternatus|
|poke|p1|Calyrex-Shadow|
|poke|p2|Dragapult, F|
|poke|p2|Melmetal|
|poke|p2|Garchomp, F|
|poke|p2|Genesect|
|poke|p2|Toxapex, F|
|poke|p2|Lugia|
|teampreview
|j|*Lady Monita
|j| Giove97
|c|☆njrenj|full legend come on
|l| Giove97
|j| Dire3692
|c|☆iamnotagenius|my guy
|c|☆iamnotagenius|it's ubers
|c|☆iamnotagenius|what do you expect
|inactive|iamnotagenius has 120 seconds left.
|l| Dire3692
|
|t:|1633425917
|start
|switch|p1a: Lunala|Lunala|100/100
|switch|p2a: Garchomp|Garchomp, F|100/100
|turn|1
|c|☆njrenj|at least ag was better
|j| TanishqTrainer
|c|☆njrenj|except for the fact that zacian just sweeps your whole entire team
|inactive|njrenj has 120 seconds left.
|
|t:|1633425951
|move|p2a: Garchomp|Crunch|p1a: Lunala
|-supereffective|p1a: Lunala
|-damage|p1a: Lunala|47/100
|move|p1a: Lunala|Ice Beam|p2a: Garchomp
|-supereffective|p2a: Garchomp
|-damage|p2a: Garchomp|0 fnt
|faint|p2a: Garchomp
|
|upkeep
|inactive|njrenj has 120 seconds left.
|
|t:|1633425958
|switch|p2a: Dragapult|Dragapult, F|100/100
|turn|2
|
|t:|1633425969
|switch|p1a: Yveltal|Yveltal|100/100
|-ability|p1a: Yveltal|Dark Aura
|move|p2a: Dragapult|Dragon Darts|p1a: Yveltal
|-damage|p1a: Yveltal|77/100
|-anim|p2a: Dragapult|Dragon Darts|p1a: Yveltal
|-damage|p1a: Yveltal|56/100
|
|upkeep
|turn|3
|
|t:|1633425977
|move|p2a: Dragapult|Dragon Dance|p2a: Dragapult
|-boost|p2a: Dragapult|atk|1
|-boost|p2a: Dragapult|spe|1
|move|p1a: Yveltal|Knock Off|p2a: Dragapult
|-supereffective|p2a: Dragapult
|-crit|p2a: Dragapult
|-damage|p2a: Dragapult|0 fnt
|-enditem|p2a: Dragapult|Aguav Berry|[from] move: Knock Off|[of] p1a: Yveltal
|faint|p2a: Dragapult
|
|upkeep
|inactive|njrenj has 120 seconds left.
|
|t:|1633425997
|switch|p2a: Genesect|Genesect, shiny|100/100
|-ability|p2a: Genesect|Download|boost
|-boost|p2a: Genesect|atk|1
|turn|4
|j| Giove97
|inactive|njrenj has 120 seconds left.
|
|t:|1633426022
|move|p2a: Genesect|Shift Gear|p2a: Genesect
|-boost|p2a: Genesect|spe|2
|-boost|p2a: Genesect|atk|1
|move|p1a: Yveltal|Roost|p1a: Yveltal
|-heal|p1a: Yveltal|100/100
|-singleturn|p1a: Yveltal|move: Roost
|
|upkeep
|turn|5
|
|t:|1633426027
|move|p2a: Genesect|Shift Gear|p2a: Genesect
|-boost|p2a: Genesect|spe|2
|-boost|p2a: Genesect|atk|1
|move|p1a: Yveltal|Knock Off|p2a: Genesect
|-damage|p2a: Genesect|27/100
|-enditem|p2a: Genesect|Focus Sash|[from] move: Knock Off|[of] p1a: Yveltal
|
|upkeep
|turn|6
|
|t:|1633426035
|move|p2a: Genesect|Leech Life|p1a: Yveltal
|-damage|p1a: Yveltal|15/100
|-heal|p2a: Genesect|96/100|[from] drain|[of] p1a: Yveltal
|move|p1a: Yveltal|Knock Off|p2a: Genesect
|-damage|p2a: Genesect|49/100
|
|upkeep
|turn|7
|
|t:|1633426048
|move|p2a: Genesect|Extreme Speed|p1a: Yveltal
|-damage|p1a: Yveltal|0 fnt
|faint|p1a: Yveltal
|
|upkeep
|
|t:|1633426050
|switch|p1a: Eternatus|Eternatus|100/100
|-ability|p1a: Eternatus|Pressure
|turn|8
|
|t:|1633426055
|move|p2a: Genesect|Extreme Speed|p1a: Eternatus
|-damage|p1a: Eternatus|38/100
|move|p1a: Eternatus|Flamethrower|p2a: Genesect
|-supereffective|p2a: Genesect
|-damage|p2a: Genesect|0 fnt
|faint|p2a: Genesect
|
|upkeep
|
|t:|1633426063
|switch|p2a: Melmetal|Melmetal|100/100
|turn|9
|
|t:|1633426069
|move|p1a: Eternatus|Flamethrower|p2a: Melmetal
|-supereffective|p2a: Melmetal
|-damage|p2a: Melmetal|31/100
|-enditem|p2a: Melmetal|Weakness Policy
|-boost|p2a: Melmetal|atk|2|[from] item: Weakness Policy
|-boost|p2a: Melmetal|spa|2|[from] item: Weakness Policy
|move|p2a: Melmetal|Earthquake|p1a: Eternatus
|-supereffective|p1a: Eternatus
|-damage|p1a: Eternatus|0 fnt
|faint|p1a: Eternatus
|
|upkeep
|
|t:|1633426076
|switch|p1a: Calyrex|Calyrex-Shadow|100/100
|-ability|p1a: Calyrex|As One
|-ability|p1a: Calyrex|Unnerve
|turn|10
|
|t:|1633426079
|move|p1a: Calyrex|Astral Barrage|p2a: Melmetal
|-damage|p2a: Melmetal|0 fnt
|faint|p2a: Melmetal
|-ability|p1a: Calyrex|Grim Neigh|boost
|-boost|p1a: Calyrex|spa|1
|
|upkeep
|
|t:|1633426082
|switch|p2a: Lugia|Lugia|100/100
|turn|11
|
|t:|1633426086
|move|p1a: Calyrex|Astral Barrage|p2a: Lugia
|-supereffective|p2a: Lugia
|-damage|p2a: Lugia|7/100
|move|p2a: Lugia|Aeroblast|p1a: Calyrex
|-damage|p1a: Calyrex|71/100
|
|-heal|p2a: Lugia|13/100|[from] item: Leftovers
|upkeep
|turn|12
|c|☆iamnotagenius|gg
|
|t:|1633426094
|move|p1a: Calyrex|Astral Barrage|p2a: Lugia
|-supereffective|p2a: Lugia
|-damage|p2a: Lugia|0 fnt
|faint|p2a: Lugia
|-ability|p1a: Calyrex|Grim Neigh|boost
|-boost|p1a: Calyrex|spa|1
|
|upkeep
|
|t:|1633426096
|switch|p2a: Toxapex|Toxapex, F|100/100
|turn|13
|
|t:|1633426101
|move|p2a: Toxapex|Baneful Bunker|p2a: Toxapex
|-singleturn|p2a: Toxapex|move: Protect
|move|p1a: Calyrex|Astral Barrage|p2a: Toxapex
|-activate|p2a: Toxapex|move: Protect
|
|upkeep
|turn|14
|l| Giove97
|
|t:|1633426104
|move|p1a: Calyrex|Astral Barrage|p2a: Toxapex
|-damage|p2a: Toxapex|0 fnt
|faint|p2a: Toxapex
|
|win|iamnotagenius
|n|☆iamnotagenius|iamnotagenius
|n|☆njrenj|njrenj
|n|*Lady Monita|ladymonita
|n| TanishqTrainer|tanishqtrainer
