|j|☆PokeDuels Blue
|j|☆Pkmn3443
|t:|1634937477
|gametype|singles
|player|p1|PokeDuels Blue|266|1419
|player|p2|Pkmn3443|265|1597
|teamsize|p1|6
|teamsize|p2|6
|gen|8
|tier|[Gen 8] Ubers
|rated|
|rule|Sleep Clause Mod: Limit one foe put to sleep
|rule|Species Clause: Limit one of each Pokémon
|rule|OHKO Clause: OHKO moves are banned
|rule|Evasion Moves Clause: Evasion moves are banned
|rule|Endless Battle Clause: Forcing endless battles is banned
|rule|HP Percentage Mod: HP is shown in percentages
|rule|Dynamax Clause: You cannot dynamax
|clearpoke
|poke|p1|Eternatus|
|poke|p1|Zygarde|
|poke|p1|Audino, L99, M|
|poke|p1|Toxapex, F|
|poke|p1|Ho-Oh|
|poke|p1|Slowking-Galar, M|
|poke|p2|Blissey, F|
|poke|p2|Necrozma-Dusk-Mane|
|poke|p2|Ho-Oh|
|poke|p2|Eternatus|
|poke|p2|Ditto|
|poke|p2|Yveltal|
|teampreview
|
|t:|1634937522
|start
|switch|p1a: Ho-Oh|Ho-Oh|100/100
|switch|p2a: Ditto|Ditto|100/100
|-transform|p2a: Ditto|p1a: Ho-Oh|[from] ability: Imposter
|turn|1
|
|t:|1634937531
|switch|p2a: Ho-Oh|Ho-Oh|100/100
|switch|p1a: Zygarde|Zygarde, shiny|100/100
|
|upkeep
|turn|2
|
|t:|1634937535
|move|p1a: Zygarde|Glare|p2a: Ho-Oh
|-status|p2a: Ho-Oh|par
|move|p2a: Ho-Oh|Toxic|p1a: Zygarde
|-status|p1a: Zygarde|tox
|
|-damage|p1a: Zygarde|94/100 tox|[from] psn
|upkeep
|turn|3
|
|t:|1634937540
|move|p1a: Zygarde|Glare|p2a: Ho-Oh
|-fail|p2a: Ho-Oh|par
|move|p2a: Ho-Oh|Whirlwind|p1a: Zygarde
|drag|p1a: Toxapex|Toxapex, F|100/100
|
|upkeep
|turn|4
|
|t:|1634937547
|switch|p2a: Ditto|Ditto|100/100
|-transform|p2a: Ditto|p1a: Toxapex|[from] ability: Imposter
|move|p1a: Toxapex|Scald|p2a: Ditto
|-resisted|p2a: Ditto
|-damage|p2a: Ditto|95/100
|
|upkeep
|turn|5
|
|t:|1634937557
|move|p2a: Ditto|Knock Off|p1a: Toxapex
|-damage|p1a: Toxapex|92/100
|move|p1a: Toxapex|Scald|p2a: Ditto
|-resisted|p2a: Ditto
|-damage|p2a: Ditto|90/100
|
|upkeep
|turn|6
|
|t:|1634937562
|move|p2a: Ditto|Knock Off|p1a: Toxapex
|-damage|p1a: Toxapex|85/100
|move|p1a: Toxapex|Scald|p2a: Ditto
|-resisted|p2a: Ditto
|-damage|p2a: Ditto|86/100
|
|upkeep
|turn|7
|
|t:|1634937566
|move|p2a: Ditto|Knock Off|p1a: Toxapex
|-damage|p1a: Toxapex|77/100
|move|p1a: Toxapex|Scald|p2a: Ditto
|-resisted|p2a: Ditto
|-damage|p2a: Ditto|80/100
|
|upkeep
|turn|8
|
|t:|1634937568
|move|p2a: Ditto|Knock Off|p1a: Toxapex
|-damage|p1a: Toxapex|69/100
|move|p1a: Toxapex|Scald|p2a: Ditto
|-resisted|p2a: Ditto
|-damage|p2a: Ditto|75/100
|-status|p2a: Ditto|brn
|
|-damage|p2a: Ditto|69/100 brn|[from] brn
|upkeep
|turn|9
|
|t:|1634937572
|move|p2a: Ditto|Knock Off|p1a: Toxapex
|-damage|p1a: Toxapex|65/100
|move|p1a: Toxapex|Knock Off|p2a: Ditto
|-damage|p2a: Ditto|58/100 brn
|-enditem|p2a: Ditto|Choice Scarf|[from] move: Knock Off|[of] p1a: Toxapex
|
|-damage|p2a: Ditto|52/100 brn|[from] brn
|upkeep
|turn|10
|
|t:|1634937582
|switch|p2a: Blissey|Blissey, F|100/100
|move|p1a: Toxapex|Knock Off|p2a: Blissey
|-damage|p2a: Blissey|68/100
|-enditem|p2a: Blissey|Utility Umbrella|[from] move: Knock Off|[of] p1a: Toxapex
|
|upkeep
|turn|11
|
|t:|1634937589
|switch|p1a: Slowking|Slowking-Galar, M|100/100
|move|p2a: Blissey|Aromatherapy|p2a: Blissey
|-activate|p2a: Blissey|move: Aromatherapy
|-curestatus|p2: Ho-Oh|par|[msg]
|-curestatus|p2: Ditto|brn|[msg]
|
|upkeep
|turn|12
|
|t:|1634937593
|switch|p2a: Necrozma|Necrozma-Dusk-Mane|100/100
|move|p1a: Slowking|Thunder Wave|p2a: Necrozma
|-status|p2a: Necrozma|par
|
|upkeep
|turn|13
|
|t:|1634937596
|move|p1a: Slowking|Trick|p2a: Necrozma
|-activate|p1a: Slowking|move: Trick|[of] p2a: Necrozma
|-item|p2a: Necrozma|Black Sludge|[from] move: Trick
|-item|p1a: Slowking|Rocky Helmet|[from] move: Trick
|move|p2a: Necrozma|Stealth Rock|p1a: Slowking
|-sidestart|p1: PokeDuels Blue|move: Stealth Rock
|
|-damage|p2a: Necrozma|88/100 par|[from] item: Black Sludge
|upkeep
|turn|14
|
|t:|1634937606
|switch|p1a: Ho-Oh|Ho-Oh|100/100
|move|p2a: Necrozma|Knock Off|p1a: Ho-Oh
|-damage|p1a: Ho-Oh|77/100
|-enditem|p1a: Ho-Oh|Heavy-Duty Boots|[from] move: Knock Off|[of] p2a: Necrozma
|
|-damage|p2a: Necrozma|76/100 par|[from] item: Black Sludge
|upkeep
|turn|15
|
|t:|1634937612
|switch|p2a: Ho-Oh|Ho-Oh|100/100
|move|p1a: Ho-Oh|Defog|p2a: Ho-Oh
|-unboost|p2a: Ho-Oh|evasion|1
|-sideend|p1: PokeDuels Blue|Stealth Rock|[from] move: Defog|[of] p1a: Ho-Oh
|
|upkeep
|turn|16
|
|t:|1634937619
|switch|p1a: Slowking|Slowking-Galar, M|100/100
|move|p2a: Ho-Oh|Toxic|p1a: Slowking|[miss]
|-miss|p2a: Ho-Oh|p1a: Slowking
|
|upkeep
|turn|17
|
|t:|1634937625
|move|p2a: Ho-Oh|Toxic|p1a: Slowking
|-immune|p1a: Slowking
|move|p1a: Slowking|Thunder Wave|p2a: Ho-Oh
|-status|p2a: Ho-Oh|par
|
|upkeep
|turn|18
|
|t:|1634937633
|switch|p1a: Toxapex|Toxapex, F|99/100
|move|p2a: Ho-Oh|Sacred Fire|p1a: Toxapex
|-resisted|p1a: Toxapex
|-crit|p1a: Toxapex
|-damage|p1a: Toxapex|72/100
|-status|p1a: Toxapex|brn
|
|-damage|p1a: Toxapex|67/100 brn|[from] brn
|upkeep
|turn|19
|
|t:|1634937639
|switch|p2a: Ditto|Ditto|85/100
|-transform|p2a: Ditto|p1a: Toxapex|[from] ability: Imposter
|move|p1a: Toxapex|Scald|p2a: Ditto
|-resisted|p2a: Ditto
|-damage|p2a: Ditto|80/100
|
|-damage|p1a: Toxapex|61/100 brn|[from] brn
|upkeep
|turn|20
|
|t:|1634937645
|move|p1a: Toxapex|Scald|p2a: Ditto
|-resisted|p2a: Ditto
|-damage|p2a: Ditto|75/100
|move|p2a: Ditto|Knock Off|p1a: Toxapex
|-damage|p1a: Toxapex|53/100 brn
|
|-damage|p1a: Toxapex|47/100 brn|[from] brn
|upkeep
|turn|21
|
|t:|1634937648
|move|p1a: Toxapex|Scald|p2a: Ditto
|-resisted|p2a: Ditto
|-damage|p2a: Ditto|70/100
|move|p2a: Ditto|Knock Off|p1a: Toxapex
|-damage|p1a: Toxapex|39/100 brn
|
|-damage|p1a: Toxapex|33/100 brn|[from] brn
|upkeep
|turn|22
|
|t:|1634937650
|move|p1a: Toxapex|Scald|p2a: Ditto
|-resisted|p2a: Ditto
|-damage|p2a: Ditto|65/100
|move|p2a: Ditto|Knock Off|p1a: Toxapex
|-damage|p1a: Toxapex|26/100 brn
|
|-damage|p1a: Toxapex|20/100 brn|[from] brn
|upkeep
|turn|23
|
|t:|1634937654
|move|p2a: Ditto|Knock Off|p1a: Toxapex
|-damage|p1a: Toxapex|12/100 brn
|move|p1a: Toxapex|Recover|p1a: Toxapex
|-heal|p1a: Toxapex|62/100 brn
|
|-damage|p1a: Toxapex|56/100 brn|[from] brn
|upkeep
|turn|24
|
|t:|1634937657
|move|p1a: Toxapex|Scald|p2a: Ditto
|-resisted|p2a: Ditto
|-damage|p2a: Ditto|60/100
|move|p2a: Ditto|Recover|p2a: Ditto
|-heal|p2a: Ditto|100/100
|
|-damage|p1a: Toxapex|50/100 brn|[from] brn
|upkeep
|turn|25
|
|t:|1634937660
|move|p1a: Toxapex|Scald|p2a: Ditto
|-resisted|p2a: Ditto
|-damage|p2a: Ditto|95/100
|move|p2a: Ditto|Scald|p1a: Toxapex
|-resisted|p1a: Toxapex
|-damage|p1a: Toxapex|45/100 brn
|
|-damage|p1a: Toxapex|39/100 brn|[from] brn
|upkeep
|turn|26
|
|t:|1634937661
|move|p1a: Toxapex|Scald|p2a: Ditto
|-resisted|p2a: Ditto
|-damage|p2a: Ditto|90/100
|move|p2a: Ditto|Knock Off|p1a: Toxapex
|-damage|p1a: Toxapex|32/100 brn
|
|-damage|p1a: Toxapex|26/100 brn|[from] brn
|upkeep
|turn|27
|
|t:|1634937663
|move|p2a: Ditto|Scald|p1a: Toxapex
|-resisted|p1a: Toxapex
|-damage|p1a: Toxapex|21/100 brn
|move|p1a: Toxapex|Scald|p2a: Ditto
|-resisted|p2a: Ditto
|-damage|p2a: Ditto|85/100
|-status|p2a: Ditto|brn
|
|-damage|p2a: Ditto|79/100 brn|[from] brn
|-damage|p1a: Toxapex|15/100 brn|[from] brn
|upkeep
|turn|28
|
|t:|1634937669
|switch|p1a: Slowking|Slowking-Galar, M|100/100
|move|p2a: Ditto|Scald|p1a: Slowking
|-damage|p1a: Slowking|91/100
|-status|p1a: Slowking|brn
|
|-damage|p2a: Ditto|73/100 brn|[from] brn
|-damage|p1a: Slowking|85/100 brn|[from] brn
|upkeep
|turn|29
|
|t:|1634937679
|switch|p2a: Necrozma|Necrozma-Dusk-Mane|76/100 par
|move|p1a: Slowking|Psyshock|p2a: Necrozma
|-resisted|p2a: Necrozma
|-damage|p2a: Necrozma|72/100 par
|
|-damage|p2a: Necrozma|60/100 par|[from] item: Black Sludge
|-damage|p1a: Slowking|79/100 brn|[from] brn
|upkeep
|turn|30
|
|t:|1634937685
|switch|p1a: Ho-Oh|Ho-Oh|100/100
|cant|p2a: Necrozma|par
|
|-damage|p2a: Necrozma|47/100 par|[from] item: Black Sludge
|upkeep
|turn|31
|
|t:|1634937689
|switch|p2a: Ho-Oh|Ho-Oh|100/100 par
|move|p1a: Ho-Oh|Brave Bird|p2a: Ho-Oh
|-damage|p2a: Ho-Oh|66/100 par
|-damage|p1a: Ho-Oh|89/100|[from] Recoil
|
|upkeep
|turn|32
|
|t:|1634937693
|switch|p2a: Ditto|Ditto|100/100 brn
|-transform|p2a: Ditto|p1a: Ho-Oh|[from] ability: Imposter
|move|p1a: Ho-Oh|Brave Bird|p2a: Ditto
|-crit|p2a: Ditto
|-damage|p2a: Ditto|28/100 brn
|-damage|p1a: Ho-Oh|72/100|[from] Recoil
|
|-damage|p2a: Ditto|22/100 brn|[from] brn
|upkeep
|turn|33
|
|t:|1634937697
|switch|p2a: Ho-Oh|Ho-Oh|99/100 par
|move|p1a: Ho-Oh|Brave Bird|p2a: Ho-Oh
|-damage|p2a: Ho-Oh|64/100 par
|-damage|p1a: Ho-Oh|60/100|[from] Recoil
|
|upkeep
|turn|34
|
|t:|1634937700
|switch|p2a: Eternatus|Eternatus|100/100
|-ability|p2a: Eternatus|Pressure
|move|p1a: Ho-Oh|Brave Bird|p2a: Eternatus
|-damage|p2a: Eternatus|66/100
|-damage|p1a: Ho-Oh|47/100|[from] Recoil
|
|-heal|p2a: Eternatus|72/100|[from] item: Black Sludge
|upkeep
|turn|35
|
|t:|1634937703
|move|p2a: Eternatus|Toxic|p1a: Ho-Oh
|-status|p1a: Ho-Oh|tox
|move|p1a: Ho-Oh|Thunder Wave|p2a: Eternatus
|-status|p2a: Eternatus|par
|
|-heal|p2a: Eternatus|78/100 par|[from] item: Black Sludge
|-damage|p1a: Ho-Oh|40/100 tox|[from] psn
|upkeep
|turn|36
|
|t:|1634937710
|switch|p1a: Toxapex|Toxapex, F|48/100 brn
|switch|p2a: Ho-Oh|Ho-Oh|97/100 par
|
|-damage|p1a: Toxapex|42/100 brn|[from] brn
|upkeep
|turn|37
|
|t:|1634937715
|switch|p2a: Blissey|Blissey, F|68/100
|switch|p1a: Ho-Oh|Ho-Oh|74/100 tox
|
|-damage|p1a: Ho-Oh|67/100 tox|[from] psn
|upkeep
|turn|38
|
|t:|1634937722
|switch|p2a: Ho-Oh|Ho-Oh|100/100 par
|move|p1a: Ho-Oh|Brave Bird|p2a: Ho-Oh
|-damage|p2a: Ho-Oh|67/100 par
|-damage|p1a: Ho-Oh|56/100 tox|[from] Recoil
|
|-damage|p1a: Ho-Oh|44/100 tox|[from] psn
|upkeep
|turn|39
|
|t:|1634937732
|switch|p1a: Toxapex|Toxapex, F|75/100 brn
|switch|p2a: Eternatus|Eternatus|78/100 par
|-ability|p2a: Eternatus|Pressure
|
|-heal|p2a: Eternatus|84/100 par|[from] item: Black Sludge
|-damage|p1a: Toxapex|69/100 brn|[from] brn
|upkeep
|turn|40
|
|t:|1634937744
|switch|p2a: Blissey|Blissey, F|68/100
|switch|p1a: Ho-Oh|Ho-Oh|77/100 tox
|
|-damage|p1a: Ho-Oh|71/100 tox|[from] psn
|upkeep
|turn|41
|
|t:|1634937750
|switch|p1a: Eternatus|Eternatus|100/100
|-ability|p1a: Eternatus|Pressure
|switch|p2a: Ho-Oh|Ho-Oh|99/100 par
|
|upkeep
|turn|42
|
|t:|1634937753
|switch|p2a: Blissey|Blissey, F|68/100
|move|p1a: Eternatus|Toxic Spikes|p2a: Blissey
|-sidestart|p2: Pkmn3443|move: Toxic Spikes
|
|upkeep
|turn|43
|
|t:|1634937762
|switch|p1a: Audino|Audino, L99, M|100/100
|move|p2a: Blissey|Aromatherapy|p2a: Blissey
|-activate|p2a: Blissey|move: Aromatherapy
|-curestatus|p2: Eternatus|par|[msg]
|-curestatus|p2: Ditto|brn|[msg]
|-curestatus|p2: Ho-Oh|par|[msg]
|-curestatus|p2: Necrozma|par|[msg]
|
|upkeep
|turn|44
|
|t:|1634937779
|move|p2a: Blissey|Soft-Boiled|p2a: Blissey
|-heal|p2a: Blissey|100/100
|move|p1a: Audino|Knock Off|p2a: Blissey
|-damage|p2a: Blissey|81/100
|
|upkeep
|turn|45
|
|t:|1634937783
|move|p2a: Blissey|Seismic Toss|p1a: Audino
|-damage|p1a: Audino|76/100
|move|p1a: Audino|Knock Off|p2a: Blissey
|-damage|p2a: Blissey|64/100
|
|upkeep
|turn|46
|
|t:|1634937786
|move|p2a: Blissey|Seismic Toss|p1a: Audino
|-damage|p1a: Audino|51/100
|move|p1a: Audino|Heal Bell|p1a: Audino
|-activate|p1a: Audino|move: Heal Bell
|-curestatus|p1: Slowking|brn|[msg]
|-curestatus|p1: Zygarde|tox|[msg]
|-curestatus|p1: Ho-Oh|tox|[msg]
|-curestatus|p1: Toxapex|brn|[msg]
|
|upkeep
|turn|47
|
|t:|1634937791
|move|p2a: Blissey|Seismic Toss|p1a: Audino
|-damage|p1a: Audino|27/100
|move|p1a: Audino|Knock Off|p2a: Blissey
|-damage|p2a: Blissey|46/100
|
|upkeep
|turn|48
|
|t:|1634937797
|switch|p1a: Ho-Oh|Ho-Oh|100/100
|move|p2a: Blissey|Soft-Boiled|p2a: Blissey
|-heal|p2a: Blissey|96/100
|
|upkeep
|turn|49
|
|t:|1634937801
|switch|p2a: Eternatus|Eternatus|84/100
|-sideend|p2: Pkmn3443|move: Toxic Spikes|[of] p2a: Eternatus
|-ability|p2a: Eternatus|Pressure
|move|p1a: Ho-Oh|Thunder Wave|p2a: Eternatus
|-status|p2a: Eternatus|par
|
|-heal|p2a: Eternatus|90/100 par|[from] item: Black Sludge
|upkeep
|turn|50
|
|t:|1634937805
|switch|p1a: Audino|Audino, L99, M|60/100
|move|p2a: Eternatus|Toxic|p1a: Audino
|-status|p1a: Audino|tox
|
|-heal|p2a: Eternatus|97/100 par|[from] item: Black Sludge
|-damage|p1a: Audino|54/100 tox|[from] psn
|upkeep
|turn|51
|
|t:|1634937809
|switch|p2a: Necrozma|Necrozma-Dusk-Mane|47/100
|move|p1a: Audino|Thunder Wave|p2a: Necrozma
|-status|p2a: Necrozma|par
|
|-damage|p2a: Necrozma|35/100 par|[from] item: Black Sludge
|-damage|p1a: Audino|41/100 tox|[from] psn
|upkeep
|turn|52
|
|t:|1634937815
|switch|p1a: Toxapex|Toxapex, F|100/100
|move|p2a: Necrozma|Morning Sun|p2a: Necrozma
|-heal|p2a: Necrozma|85/100 par
|
|-damage|p2a: Necrozma|73/100 par|[from] item: Black Sludge
|upkeep
|turn|53
|
|t:|1634937820
|switch|p1a: Ho-Oh|Ho-Oh|100/100
|switch|p2a: Ditto|Ditto|55/100
|-transform|p2a: Ditto|p1a: Ho-Oh|[from] ability: Imposter
|
|upkeep
|turn|54
|
|t:|1634937826
|switch|p2a: Eternatus|Eternatus|97/100 par
|-ability|p2a: Eternatus|Pressure
|move|p1a: Ho-Oh|Thunder Wave|p2a: Eternatus
|-fail|p2a: Eternatus|par
|
|-heal|p2a: Eternatus|100/100 par|[from] item: Black Sludge
|upkeep
|turn|55
|
|t:|1634937835
|switch|p1a: Eternatus|Eternatus|100/100
|-ability|p1a: Eternatus|Pressure
|switch|p2a: Ho-Oh|Ho-Oh|100/100
|
|upkeep
|turn|56
|
|t:|1634937842
|switch|p1a: Audino|Audino, L99, M|75/100 tox
|switch|p2a: Blissey|Blissey, F|96/100
|
|-damage|p1a: Audino|68/100 tox|[from] psn
|upkeep
|turn|57
|
|t:|1634937849
|switch|p1a: Ho-Oh|Ho-Oh|100/100
|move|p2a: Blissey|Seismic Toss|p1a: Ho-Oh
|-damage|p1a: Ho-Oh|76/100
|
|upkeep
|turn|58
|
|t:|1634937854
|switch|p2a: Eternatus|Eternatus|100/100 par
|-ability|p2a: Eternatus|Pressure
|move|p1a: Ho-Oh|Brave Bird|p2a: Eternatus
|-damage|p2a: Eternatus|62/100 par
|-damage|p1a: Ho-Oh|62/100|[from] Recoil
|
|-heal|p2a: Eternatus|68/100 par|[from] item: Black Sludge
|upkeep
|turn|59
|
|t:|1634937859
|move|p1a: Ho-Oh|Brave Bird|p2a: Eternatus
|-damage|p2a: Eternatus|27/100 par
|-damage|p1a: Ho-Oh|46/100|[from] Recoil
|move|p2a: Eternatus|Recover|p2a: Eternatus
|-heal|p2a: Eternatus|77/100 par
|
|-heal|p2a: Eternatus|83/100 par|[from] item: Black Sludge
|upkeep
|turn|60
|
|t:|1634937870
|switch|p2a: Ho-Oh|Ho-Oh|100/100
|move|p1a: Ho-Oh|Brave Bird|p2a: Ho-Oh
|-damage|p2a: Ho-Oh|66/100
|-damage|p1a: Ho-Oh|34/100|[from] Recoil
|
|upkeep
|turn|61
|
|t:|1634937881
|switch|p1a: Toxapex|Toxapex, F|100/100
|switch|p2a: Eternatus|Eternatus|83/100 par
|-ability|p2a: Eternatus|Pressure
|
|-heal|p2a: Eternatus|90/100 par|[from] item: Black Sludge
|upkeep
|turn|62
|
|t:|1634937889
|switch|p2a: Ditto|Ditto|88/100
|-transform|p2a: Ditto|p1a: Toxapex|[from] ability: Imposter
|move|p1a: Toxapex|Knock Off|p2a: Ditto
|-damage|p2a: Ditto|80/100
|
|upkeep
|turn|63
|
|t:|1634937893
|move|p2a: Ditto|Knock Off|p1a: Toxapex
|-damage|p1a: Toxapex|93/100
|move|p1a: Toxapex|Scald|p2a: Ditto
|-resisted|p2a: Ditto
|-damage|p2a: Ditto|76/100
|-status|p2a: Ditto|brn
|
|-damage|p2a: Ditto|70/100 brn|[from] brn
|upkeep
|turn|64
|
|t:|1634937900
|switch|p1a: Slowking|Slowking-Galar, M|100/100
|move|p2a: Ditto|Scald|p1a: Slowking
|-damage|p1a: Slowking|92/100
|
|-damage|p2a: Ditto|64/100 brn|[from] brn
|upkeep
|turn|65
|
|t:|1634937916
|switch|p2a: Ho-Oh|Ho-Oh|99/100
|switch|p1a: Ho-Oh|Ho-Oh|68/100
|
|upkeep
|turn|66
|
|t:|1634937924
|move|p1a: Ho-Oh|Thunder Wave|p2a: Ho-Oh
|-status|p2a: Ho-Oh|par
|cant|p2a: Ho-Oh|par
|
|upkeep
|turn|67
|
|t:|1634937928
|switch|p1a: Toxapex|Toxapex, F|100/100
|move|p2a: Ho-Oh|Toxic|p1a: Toxapex
|-immune|p1a: Toxapex
|
|upkeep
|turn|68
|
|t:|1634937935
|switch|p2a: Ditto|Ditto|97/100 brn
|-transform|p2a: Ditto|p1a: Toxapex|[from] ability: Imposter
|switch|p1a: Zygarde|Zygarde, shiny|94/100
|
|-heal|p1a: Zygarde|100/100|[from] item: Leftovers
|-damage|p2a: Ditto|91/100 brn|[from] brn
|upkeep
|turn|69
|
|t:|1634937942
|switch|p1a: Toxapex|Toxapex, F|100/100
|switch|p2a: Ho-Oh|Ho-Oh|100/100 par
|
|upkeep
|turn|70
|
|t:|1634937951
|switch|p2a: Ditto|Ditto|100/100 brn
|-transform|p2a: Ditto|p1a: Toxapex|[from] ability: Imposter
|switch|p1a: Slowking|Slowking-Galar, M|100/100
|
|-damage|p2a: Ditto|94/100 brn|[from] brn
|upkeep
|turn|71
|
|t:|1634937958
|switch|p2a: Necrozma|Necrozma-Dusk-Mane|73/100 par
|switch|p1a: Toxapex|Toxapex, F|100/100
|
|-damage|p2a: Necrozma|61/100 par|[from] item: Black Sludge
|upkeep
|turn|72
|
|t:|1634937968
|switch|p1a: Ho-Oh|Ho-Oh|100/100
|switch|p2a: Ditto|Ditto|100/100 brn
|-transform|p2a: Ditto|p1a: Ho-Oh|[from] ability: Imposter
|
|-damage|p2a: Ditto|94/100 brn|[from] brn
|upkeep
|turn|73
|
|t:|1634937978
|move|p2a: Ditto|Thunder Wave|p1a: Ho-Oh
|-status|p1a: Ho-Oh|par
|move|p1a: Ho-Oh|Brave Bird|p2a: Ditto
|-damage|p2a: Ditto|45/100 brn
|-damage|p1a: Ho-Oh|89/100 par|[from] Recoil
|
|-damage|p2a: Ditto|39/100 brn|[from] brn
|upkeep
|turn|74
|
|t:|1634937985
|switch|p2a: Ho-Oh|Ho-Oh|100/100 par
|move|p1a: Ho-Oh|Brave Bird|p2a: Ho-Oh
|-damage|p2a: Ho-Oh|65/100 par
|-damage|p1a: Ho-Oh|77/100 par|[from] Recoil
|
|upkeep
|turn|75
|-message|PokeDuels Blue forfeited.
|
|win|Pkmn3443
|raw|PokeDuels Blue's rating: 1419 &rarr; <strong>1408</strong><br />(-11 for losing)
|raw|Pkmn3443's rating: 1597 &rarr; <strong>1608</strong><br />(+11 for winning)
|l|☆PokeDuels Blue
