|raw|<div class="broadcast-blue"><strong>This battle is required to be public due to a player having a name starting with 'ult9ns'.</div>
|j|☆ULT9NS Orchid
|j|☆Yati426
|t:|1653419850
|gametype|singles
|player|p1|ULT9NS Orchid|winona-gen6|1472
|player|p2|Yati426|falkner|1678
|teamsize|p1|6
|teamsize|p2|6
|gen|8
|tier|[Gen 8] Ubers
|rated|
|rule|Sleep Clause Mod: Limit one foe put to sleep
|rule|Species Clause: Limit one of each Pokémon
|rule|OHKO Clause: OHKO moves are banned
|rule|Evasion Moves Clause: Evasion moves are banned
|rule|Endless Battle Clause: Forcing endless battles is banned
|rule|HP Percentage Mod: HP is shown in percentages
|rule|Dynamax Clause: You cannot dynamax
|clearpoke
|poke|p1|Aerodactyl, F|
|poke|p1|Yveltal|
|poke|p1|Calyrex-Shadow|
|poke|p1|Weavile, F|
|poke|p1|Xerneas-*|
|poke|p1|Necrozma-Dusk-Mane|
|poke|p2|Yveltal|
|poke|p2|Toxapex, M|
|poke|p2|Shedinja|
|poke|p2|Steelix, F|
|poke|p2|Blissey, F|
|poke|p2|Corviknight, M|
|teampreview
|
|t:|1653419853
|start
|switch|p1a: Aerodactyl|Aerodactyl, F|100/100
|switch|p2a: Toxapex|Toxapex, M|100/100
|-ability|p1a: Aerodactyl|Unnerve
|turn|1
|
|t:|1653419863
|move|p1a: Aerodactyl|Taunt|p2a: Toxapex
|-start|p2a: Toxapex|move: Taunt
|move|p2a: Toxapex|Scald|p1a: Aerodactyl
|-supereffective|p1a: Aerodactyl
|-damage|p1a: Aerodactyl|54/100
|
|upkeep
|turn|2
|
|t:|1653419866
|move|p1a: Aerodactyl|Stealth Rock|p2a: Toxapex
|-sidestart|p2: Yati426|move: Stealth Rock
|move|p2a: Toxapex|Scald|p1a: Aerodactyl
|-supereffective|p1a: Aerodactyl
|-damage|p1a: Aerodactyl|10/100
|
|upkeep
|turn|3
|
|t:|1653419875
|move|p1a: Aerodactyl|Rock Tomb|p2a: Toxapex
|-damage|p2a: Toxapex|83/100
|-unboost|p2a: Toxapex|spe|1
|move|p2a: Toxapex|Scald|p1a: Aerodactyl
|-supereffective|p1a: Aerodactyl
|-damage|p1a: Aerodactyl|0 fnt
|faint|p1a: Aerodactyl
|
|-end|p2a: Toxapex|move: Taunt
|upkeep
|
|t:|1653419886
|switch|p1a: Necrozma|Necrozma-Dusk-Mane|100/100
|turn|4
|
|t:|1653419888
|switch|p2a: Corviknight|Corviknight, M|100/100
|-damage|p2a: Corviknight|88/100|[from] Stealth Rock
|-ability|p2a: Corviknight|Pressure
|move|p1a: Necrozma|Dragon Dance|p1a: Necrozma
|-boost|p1a: Necrozma|atk|1
|-boost|p1a: Necrozma|spe|1
|
|-heal|p2a: Corviknight|94/100|[from] item: Leftovers
|upkeep
|turn|5
|
|t:|1653419892
|move|p1a: Necrozma|Dragon Dance|p1a: Necrozma
|-boost|p1a: Necrozma|atk|1
|-boost|p1a: Necrozma|spe|1
|move|p2a: Corviknight|Defog|p1a: Necrozma
|-unboost|p1a: Necrozma|evasion|1
|-sideend|p2: Yati426|Stealth Rock|[from] move: Defog|[of] p2a: Corviknight
|
|-heal|p2a: Corviknight|100/100|[from] item: Leftovers
|upkeep
|turn|6
|
|t:|1653419894
|move|p1a: Necrozma|Dragon Dance|p1a: Necrozma
|-boost|p1a: Necrozma|atk|1
|-boost|p1a: Necrozma|spe|1
|move|p2a: Corviknight|Iron Defense|p2a: Corviknight
|-boost|p2a: Corviknight|def|2
|
|upkeep
|turn|7
|
|t:|1653419898
|move|p1a: Necrozma|Stone Edge|p2a: Corviknight
|-damage|p2a: Corviknight|55/100
|-damage|p1a: Necrozma|91/100|[from] item: Life Orb
|move|p2a: Corviknight|Body Press|p1a: Necrozma
|-damage|p1a: Necrozma|47/100
|
|-heal|p2a: Corviknight|61/100|[from] item: Leftovers
|upkeep
|turn|8
|
|t:|1653419902
|switch|p1a: Calyrex|Calyrex-Shadow|100/100
|-ability|p1a: Calyrex|As One
|-ability|p1a: Calyrex|Unnerve
|move|p2a: Corviknight|Roost|p2a: Corviknight
|-heal|p2a: Corviknight|100/100
|-singleturn|p2a: Corviknight|move: Roost
|
|upkeep
|turn|9
|
|t:|1653419904
|switch|p2a: Yveltal|Yveltal|100/100
|-ability|p2a: Yveltal|Dark Aura
|move|p1a: Calyrex|Nasty Plot|p1a: Calyrex
|-boost|p1a: Calyrex|spa|2
|
|upkeep
|turn|10
|
|t:|1653419906
|move|p1a: Calyrex|Nasty Plot|p1a: Calyrex
|-boost|p1a: Calyrex|spa|2
|move|p2a: Yveltal|Knock Off|p1a: Calyrex
|-supereffective|p1a: Calyrex
|-enditem|p1a: Calyrex|Focus Sash
|-damage|p1a: Calyrex|1/100
|
|upkeep
|turn|11
|
|t:|1653419908
|move|p1a: Calyrex|Draining Kiss|p2a: Yveltal
|-supereffective|p2a: Yveltal
|-damage|p2a: Yveltal|36/100
|-heal|p1a: Calyrex|65/100|[from] drain|[of] p2a: Yveltal
|move|p2a: Yveltal|Knock Off|p1a: Calyrex
|-supereffective|p1a: Calyrex
|-damage|p1a: Calyrex|0 fnt
|faint|p1a: Calyrex
|
|upkeep
|
|t:|1653419911
|switch|p1a: Yveltal|Yveltal|100/100
|-ability|p1a: Yveltal|Dark Aura
|turn|12
|
|t:|1653419915
|move|p1a: Yveltal|Oblivion Wing|p2a: Yveltal
|-damage|p2a: Yveltal|5/100
|-damage|p1a: Yveltal|91/100|[from] item: Life Orb
|move|p2a: Yveltal|Roost|p2a: Yveltal
|-heal|p2a: Yveltal|55/100
|-singleturn|p2a: Yveltal|move: Roost
|
|upkeep
|turn|13
|
|t:|1653419920
|move|p1a: Yveltal|Taunt|p2a: Yveltal
|-start|p2a: Yveltal|move: Taunt
|move|p2a: Yveltal|Knock Off|p1a: Yveltal
|-resisted|p1a: Yveltal
|-damage|p1a: Yveltal|69/100
|-enditem|p1a: Yveltal|Life Orb|[from] move: Knock Off|[of] p2a: Yveltal
|
|upkeep
|turn|14
|
|t:|1653419924
|move|p1a: Yveltal|Oblivion Wing|p2a: Yveltal
|-damage|p2a: Yveltal|31/100
|-heal|p1a: Yveltal|90/100|[from] drain|[of] p2a: Yveltal
|move|p2a: Yveltal|Oblivion Wing|p1a: Yveltal
|-damage|p1a: Yveltal|58/100
|-heal|p2a: Yveltal|52/100|[from] drain|[of] p1a: Yveltal
|
|upkeep
|turn|15
|
|t:|1653419931
|move|p1a: Yveltal|Oblivion Wing|p2a: Yveltal
|-damage|p2a: Yveltal|27/100
|-heal|p1a: Yveltal|79/100|[from] drain|[of] p2a: Yveltal
|move|p2a: Yveltal|Oblivion Wing|p1a: Yveltal
|-damage|p1a: Yveltal|46/100
|-heal|p2a: Yveltal|49/100|[from] drain|[of] p1a: Yveltal
|
|-end|p2a: Yveltal|move: Taunt
|upkeep
|turn|16
|
|t:|1653419933
|move|p1a: Yveltal|Taunt|p2a: Yveltal
|-start|p2a: Yveltal|move: Taunt
|move|p2a: Yveltal|Oblivion Wing|p1a: Yveltal
|-damage|p1a: Yveltal|17/100
|-heal|p2a: Yveltal|68/100|[from] drain|[of] p1a: Yveltal
|
|upkeep
|turn|17
|
|t:|1653419935
|move|p1a: Yveltal|Oblivion Wing|p2a: Yveltal
|-damage|p2a: Yveltal|46/100
|-heal|p1a: Yveltal|36/100|[from] drain|[of] p2a: Yveltal
|move|p2a: Yveltal|Oblivion Wing|p1a: Yveltal
|-damage|p1a: Yveltal|5/100
|-heal|p2a: Yveltal|66/100|[from] drain|[of] p1a: Yveltal
|
|upkeep
|turn|18
|
|t:|1653419938
|move|p1a: Yveltal|Oblivion Wing|p2a: Yveltal
|-damage|p2a: Yveltal|42/100
|-heal|p1a: Yveltal|26/100|[from] drain|[of] p2a: Yveltal
|move|p2a: Yveltal|Oblivion Wing|p1a: Yveltal
|-damage|p1a: Yveltal|0 fnt
|-heal|p2a: Yveltal|58/100|[from] drain|[of] p1a: Yveltal
|faint|p1a: Yveltal
|
|-end|p2a: Yveltal|move: Taunt
|upkeep
|
|t:|1653419942
|switch|p1a: Xerneas|Xerneas|100/100
|-ability|p1a: Xerneas|Fairy Aura
|turn|19
|
|t:|1653419945
|switch|p2a: Blissey|Blissey, F|100/100
|move|p1a: Xerneas|Substitute|p1a: Xerneas
|-start|p1a: Xerneas|Substitute
|-damage|p1a: Xerneas|76/100
|
|upkeep
|turn|20
|
|t:|1653419947
|move|p1a: Xerneas|Geomancy||[still]
|-prepare|p1a: Xerneas|Geomancy
|-enditem|p1a: Xerneas|Power Herb
|-anim|p1a: Xerneas|Geomancy|p1a: Xerneas
|-boost|p1a: Xerneas|spa|2
|-boost|p1a: Xerneas|spd|2
|-boost|p1a: Xerneas|spe|2
|move|p2a: Blissey|Confide|p1a: Xerneas
|-unboost|p1a: Xerneas|spa|1
|
|upkeep
|turn|21
|
|t:|1653419950
|switch|p1a: Weavile|Weavile, F|100/100
|-ability|p1a: Weavile|Pressure
|move|p2a: Blissey|Confide|p1a: Weavile
|-unboost|p1a: Weavile|spa|1
|
|upkeep
|turn|22
|-message|ULT9NS Orchid forfeited.
|
|win|Yati426
|raw|ULT9NS Orchid's rating: 1455 &rarr; <strong>1446</strong><br />(-9 for losing)
|raw|Yati426's rating: 1678 &rarr; <strong>1687</strong><br />(+9 for winning)
|l|☆ULT9NS Orchid
|c|☆Yati426|gg
