|j|☆Dante Grimm
|j|☆dupakupa169
|t:|1663858179
|gametype|singles
|player|p1|Dante Grimm|170|1662
|player|p2|dupakupa169|101|1539
|teamsize|p1|6
|teamsize|p2|6
|gen|8
|tier|[Gen 8] Ubers
|rated|
|rule|Sleep Clause Mod: Limit one foe put to sleep
|rule|Species Clause: Limit one of each Pokémon
|rule|OHKO Clause: OHKO moves are banned
|rule|Evasion Items Clause: Evasion items are banned
|rule|Evasion Moves Clause: Evasion moves are banned
|rule|Endless Battle Clause: Forcing endless battles is banned
|rule|HP Percentage Mod: HP is shown in percentages
|rule|Dynamax Clause: You cannot dynamax
|clearpoke
|poke|p1|Necrozma-Dusk-Mane|
|poke|p1|Kyogre|
|poke|p1|Yveltal|
|poke|p1|Calyrex-Shadow|
|poke|p1|Zygarde|
|poke|p1|Xerneas-*|
|poke|p2|Tyranitar, F|
|poke|p2|Xerneas-*|
|poke|p2|Ho-Oh|
|poke|p2|Darmanitan-Galar, M|
|poke|p2|Necrozma-Dusk-Mane|
|poke|p2|Urshifu-*, F|
|teampreview
|
|t:|1663858205
|start
|switch|p1a: Kyogre|Kyogre|100/100
|switch|p2a: Urshifu|Urshifu, F|100/100
|-weather|RainDance|[from] ability: Drizzle|[of] p1a: Kyogre
|turn|1
|
|t:|1663858214
|switch|p1a: Xerneas|Xerneas|100/100
|-ability|p1a: Xerneas|Fairy Aura
|move|p2a: Urshifu|Sucker Punch||[still]
|-fail|p2a: Urshifu
|
|-weather|RainDance|[upkeep]
|upkeep
|turn|2
|
|t:|1663858224
|switch|p2a: Necrozma|Necrozma-Dusk-Mane|100/100
|move|p1a: Xerneas|Moonblast|p2a: Necrozma
|-resisted|p2a: Necrozma
|-damage|p2a: Necrozma|79/100
|
|-weather|RainDance|[upkeep]
|-heal|p2a: Necrozma|85/100|[from] item: Leftovers
|upkeep
|turn|3
|
|t:|1663858243
|switch|p1a: Zygarde|Zygarde|100/100
|switch|p2a: Darmanitan|Darmanitan-Galar, M|100/100
|
|-weather|RainDance|[upkeep]
|upkeep
|turn|4
|
|t:|1663858261
|switch|p1a: Necrozma|Necrozma-Dusk-Mane|100/100
|move|p2a: Darmanitan|U-turn|p1a: Necrozma
|-damage|p1a: Necrozma|74/100
|
|t:|1663858263
|switch|p2a: Urshifu|Urshifu, F|100/100|[from]move: U-turn
|
|-weather|RainDance|[upkeep]
|-heal|p1a: Necrozma|80/100|[from] item: Leftovers
|upkeep
|turn|5
|
|t:|1663858270
|switch|p1a: Calyrex|Calyrex-Shadow|100/100
|-ability|p1a: Calyrex|As One
|-ability|p1a: Calyrex|Unnerve
|move|p2a: Urshifu|Wicked Blow|p1a: Calyrex
|-supereffective|p1a: Calyrex
|-crit|p1a: Calyrex
|-damage|p1a: Calyrex|0 fnt
|faint|p1a: Calyrex
|
|-weather|none
|upkeep
|
|t:|1663858281
|switch|p1a: Xerneas|Xerneas|100/100
|-ability|p1a: Xerneas|Fairy Aura
|turn|6
|
|t:|1663858285
|switch|p2a: Necrozma|Necrozma-Dusk-Mane|85/100
|switch|p1a: Kyogre|Kyogre|100/100
|-weather|RainDance|[from] ability: Drizzle|[of] p1a: Kyogre
|
|-weather|RainDance|[upkeep]
|-heal|p2a: Necrozma|91/100|[from] item: Leftovers
|upkeep
|turn|7
|
|t:|1663858311
|switch|p2a: Tyranitar|Tyranitar, F|100/100
|-weather|Sandstorm|[from] ability: Sand Stream|[of] p2a: Tyranitar
|move|p1a: Kyogre|Water Spout|p2a: Tyranitar
|-supereffective|p2a: Tyranitar
|-damage|p2a: Tyranitar|0 fnt
|faint|p2a: Tyranitar
|
|-weather|Sandstorm|[upkeep]
|-damage|p1a: Kyogre|94/100|[from] Sandstorm
|upkeep
|
|t:|1663858341
|switch|p2a: Urshifu|Urshifu, F|100/100
|turn|8
|
|t:|1663858351
|switch|p1a: Yveltal|Yveltal|100/100
|-ability|p1a: Yveltal|Dark Aura
|move|p2a: Urshifu|U-turn|p1a: Yveltal
|-crit|p1a: Yveltal
|-damage|p1a: Yveltal|61/100
|
|t:|1663858366
|switch|p2a: Xerneas|Xerneas|100/100|[from]move: U-turn
|-ability|p2a: Xerneas|Fairy Aura
|
|-weather|Sandstorm|[upkeep]
|-damage|p2a: Xerneas|94/100|[from] Sandstorm
|-damage|p1a: Yveltal|55/100|[from] Sandstorm
|upkeep
|turn|9
|
|t:|1663858376
|switch|p2a: Urshifu|Urshifu, F|100/100
|switch|p1a: Necrozma|Necrozma-Dusk-Mane|80/100
|
|-weather|Sandstorm|[upkeep]
|-damage|p2a: Urshifu|94/100|[from] Sandstorm
|-heal|p1a: Necrozma|86/100|[from] item: Leftovers
|upkeep
|turn|10
|
|t:|1663858382
|switch|p1a: Xerneas|Xerneas|100/100
|-ability|p1a: Xerneas|Fairy Aura
|move|p2a: Urshifu|Wicked Blow|p1a: Xerneas
|-resisted|p1a: Xerneas
|-crit|p1a: Xerneas
|-damage|p1a: Xerneas|64/100
|
|-weather|Sandstorm|[upkeep]
|-damage|p2a: Urshifu|88/100|[from] Sandstorm
|-damage|p1a: Xerneas|58/100|[from] Sandstorm
|upkeep
|turn|11
|inactive|Battle timer is ON: inactive players will automatically lose when time's up. (requested by dupakupa169)
|
|t:|1663858401
|switch|p2a: Necrozma|Necrozma-Dusk-Mane|91/100
|move|p1a: Xerneas|Moonblast|p2a: Necrozma
|-resisted|p2a: Necrozma
|-damage|p2a: Necrozma|71/100
|
|-weather|none
|-heal|p2a: Necrozma|77/100|[from] item: Leftovers
|upkeep
|turn|12
|
|t:|1663858435
|switch|p2a: Urshifu|Urshifu, F|88/100
|move|p1a: Xerneas|Moonblast|p2a: Urshifu
|-supereffective|p2a: Urshifu
|-damage|p2a: Urshifu|0 fnt
|faint|p2a: Urshifu
|
|upkeep
|
|t:|1663858446
|switch|p2a: Ho-Oh|Ho-Oh|100/100
|turn|13
|
|t:|1663858453
|switch|p1a: Kyogre|Kyogre|94/100
|-weather|RainDance|[from] ability: Drizzle|[of] p1a: Kyogre
|move|p2a: Ho-Oh|Toxic|p1a: Kyogre
|-status|p1a: Kyogre|tox
|
|-weather|RainDance|[upkeep]
|-damage|p1a: Kyogre|88/100 tox|[from] psn
|upkeep
|turn|14
|
|t:|1663858462
|move|p1a: Kyogre|Water Spout|p2a: Ho-Oh
|-supereffective|p2a: Ho-Oh
|-damage|p2a: Ho-Oh|0 fnt
|faint|p2a: Ho-Oh
|
|-weather|RainDance|[upkeep]
|-damage|p1a: Kyogre|76/100 tox|[from] psn
|upkeep
|
|t:|1663858475
|switch|p2a: Necrozma|Necrozma-Dusk-Mane|77/100
|turn|15
|
|t:|1663858492
|move|p1a: Kyogre|Water Spout|p2a: Necrozma
|-damage|p2a: Necrozma|0 fnt
|faint|p2a: Necrozma
|
|-weather|RainDance|[upkeep]
|-damage|p1a: Kyogre|57/100 tox|[from] psn
|upkeep
|inactive|dupakupa169 has 120 seconds left.
|
|t:|1663858511
|switch|p2a: Darmanitan|Darmanitan-Galar, M|100/100
|turn|16
|inactive|dupakupa169 has 120 seconds left.
|
|t:|1663858549
|switch|p1a: Zygarde|Zygarde|100/100
|move|p2a: Darmanitan|U-turn|p1a: Zygarde
|-damage|p1a: Zygarde|75/100
|
|t:|1663858551
|switch|p2a: Xerneas|Xerneas|94/100|[from]move: U-turn
|-ability|p2a: Xerneas|Fairy Aura
|
|-weather|RainDance|[upkeep]
|-heal|p1a: Zygarde|81/100|[from] item: Leftovers
|upkeep
|turn|17
|
|t:|1663858556
|move|p2a: Xerneas|Substitute|p2a: Xerneas
|-start|p2a: Xerneas|Substitute
|-damage|p2a: Xerneas|69/100
|move|p1a: Zygarde|Glare||[still]
|-fail|p1a: Zygarde
|
|-weather|none
|-heal|p1a: Zygarde|87/100|[from] item: Leftovers
|upkeep
|turn|18
|
|t:|1663858571
|move|p2a: Xerneas|Geomancy||[still]
|-prepare|p2a: Xerneas|Geomancy
|-enditem|p2a: Xerneas|Power Herb
|-anim|p2a: Xerneas|Geomancy|p2a: Xerneas
|-boost|p2a: Xerneas|spa|2
|-boost|p2a: Xerneas|spd|2
|-boost|p2a: Xerneas|spe|2
|move|p1a: Zygarde|Thousand Arrows|p2a: Xerneas
|-end|p2a: Xerneas|Substitute
|
|-heal|p1a: Zygarde|93/100|[from] item: Leftovers
|upkeep
|turn|19
|
|t:|1663858580
|move|p2a: Xerneas|Moonblast|p1a: Zygarde
|-supereffective|p1a: Zygarde
|-damage|p1a: Zygarde|0 fnt
|faint|p1a: Zygarde
|
|upkeep
|
|t:|1663858583
|switch|p1a: Necrozma|Necrozma-Dusk-Mane|86/100
|turn|20
|
|t:|1663858590
|move|p2a: Xerneas|Thunder|p1a: Necrozma|[miss]
|-miss|p2a: Xerneas|p1a: Necrozma
|move|p1a: Necrozma|Thunder Wave|p2a: Xerneas
|-status|p2a: Xerneas|par
|
|-heal|p1a: Necrozma|92/100|[from] item: Leftovers
|upkeep
|turn|21
|
|t:|1663858593
|move|p2a: Xerneas|Thunder|p1a: Necrozma|[miss]
|-miss|p2a: Xerneas|p1a: Necrozma
|move|p1a: Necrozma|Iron Head|p2a: Xerneas
|-supereffective|p2a: Xerneas
|-damage|p2a: Xerneas|0 fnt
|faint|p2a: Xerneas
|
|-heal|p1a: Necrozma|98/100|[from] item: Leftovers
|upkeep
|
|t:|1663858596
|switch|p2a: Darmanitan|Darmanitan-Galar, M|100/100
|turn|22
|
|t:|1663858603
|move|p2a: Darmanitan|Flare Blitz|p1a: Necrozma
|-supereffective|p1a: Necrozma
|-damage|p1a: Necrozma|25/100
|-damage|p2a: Darmanitan|73/100|[from] Recoil
|move|p1a: Necrozma|Iron Head|p2a: Darmanitan
|-supereffective|p2a: Darmanitan
|-damage|p2a: Darmanitan|0 fnt
|faint|p2a: Darmanitan
|
|win|Dante Grimm
|raw|Dante Grimm's rating: 1662 &rarr; <strong>1675</strong><br />(+13 for winning)
|raw|dupakupa169's rating: 1539 &rarr; <strong>1526</strong><br />(-13 for losing)
|c|☆dupakupa169|Nice
|l|☆dupakupa169
|c|☆Dante Grimm|Gg
||Ladder isn't responding, score probably updated but might not have (Request timeout).
