|j|☆GalacticEclipse999
|j|☆puissance du feu
|t:|1666340864
|gametype|singles
|player|p1|GalacticEclipse999|spenser-gen3|1162
|player|p2|puissance du feu|blackbelt-gen4dp|1119
|teamsize|p1|6
|teamsize|p2|6
|gen|8
|tier|[Gen 8] Ubers
|rated|
|rule|Sleep Clause Mod: Limit one foe put to sleep
|rule|Species Clause: Limit one of each Pokémon
|rule|OHKO Clause: OHKO moves are banned
|rule|Evasion Items Clause: Evasion items are banned
|rule|Evasion Moves Clause: Evasion moves are banned
|rule|Endless Battle Clause: Forcing endless battles is banned
|rule|HP Percentage Mod: HP is shown in percentages
|rule|Dynamax Clause: You cannot dynamax
|clearpoke
|poke|p1|Dracovish|
|poke|p1|Kyogre|
|poke|p1|Landorus-Therian, M|
|poke|p1|Blissey, F|
|poke|p1|Xerneas-*|
|poke|p1|Zygarde|
|poke|p2|Dialga|
|poke|p2|Yveltal|
|poke|p2|Mewtwo|
|poke|p2|Lugia|
|poke|p2|Wobbuffet, F|
|poke|p2|Ditto|
|teampreview
|inactive|Battle timer is ON: inactive players will automatically lose when time's up. (requested by puissance du feu)
|
|t:|1666340871
|start
|switch|p1a: Landorus|Landorus-Therian, M|100/100
|switch|p2a: Wobalo|Wobbuffet, F|100/100
|-ability|p1a: Landorus|Intimidate|boost
|-unboost|p2a: Wobalo|atk|1
|turn|1
|
|t:|1666340885
|move|p1a: Landorus|Stealth Rock|p2a: Wobalo
|-sidestart|p2: puissance du feu|move: Stealth Rock
|move|p2a: Wobalo|Encore|p1a: Landorus
|-start|p1a: Landorus|Encore
|
|upkeep
|turn|2
|
|t:|1666340894
|switch|p2a: Fen|Dialga|100/100
|-damage|p2a: Fen|94/100|[from] Stealth Rock
|-ability|p2a: Fen|Pressure
|move|p1a: Landorus|Stealth Rock||[still]
|-fail|p1a: Landorus
|
|-heal|p2a: Fen|100/100|[from] item: Leftovers
|upkeep
|turn|3
|
|t:|1666340905
|switch|p1a: Blissey|Blissey, F|100/100
|move|p2a: Fen|Toxic|p1a: Blissey
|-status|p1a: Blissey|tox
|
|-damage|p1a: Blissey|94/100 tox|[from] psn
|upkeep
|turn|4
|
|t:|1666340916
|move|p2a: Fen|Steel Beam|p1a: Blissey
|-damage|p1a: Blissey|67/100 tox
|-damage|p2a: Fen|50/100|[from] mindblown
|move|p1a: Blissey|Aromatherapy|p1a: Blissey
|-activate|p1a: Blissey|move: Aromatherapy
|-curestatus|p1a: Blissey|tox|[msg]
|
|-heal|p2a: Fen|57/100|[from] item: Leftovers
|upkeep
|turn|5
|
|t:|1666340930
|move|p2a: Fen|Toxic|p1a: Blissey
|-status|p1a: Blissey|tox
|move|p1a: Blissey|Thunder Wave|p2a: Fen
|-status|p2a: Fen|par
|
|-heal|p2a: Fen|63/100 par|[from] item: Leftovers
|-damage|p1a: Blissey|61/100 tox|[from] psn
|upkeep
|turn|6
|
|t:|1666340942
|move|p1a: Blissey|Aromatherapy|p1a: Blissey
|-activate|p1a: Blissey|move: Aromatherapy
|-curestatus|p1a: Blissey|tox|[msg]
|move|p2a: Fen|Draco Meteor|p1a: Blissey
|-damage|p1a: Blissey|37/100
|-unboost|p2a: Fen|spa|2
|
|-heal|p2a: Fen|69/100 par|[from] item: Leftovers
|upkeep
|turn|7
|
|t:|1666340953
|move|p1a: Blissey|Soft-Boiled|p1a: Blissey
|-heal|p1a: Blissey|87/100
|move|p2a: Fen|Toxic|p1a: Blissey
|-status|p1a: Blissey|tox
|
|-heal|p2a: Fen|75/100 par|[from] item: Leftovers
|-damage|p1a: Blissey|81/100 tox|[from] psn
|upkeep
|turn|8
|
|t:|1666340963
|switch|p2a: Po Fa|Mewtwo|100/100
|-damage|p2a: Po Fa|88/100|[from] Stealth Rock
|-ability|p2a: Po Fa|Pressure
|move|p1a: Blissey|Aromatherapy|p1a: Blissey
|-activate|p1a: Blissey|move: Aromatherapy
|-curestatus|p1a: Blissey|tox|[msg]
|
|upkeep
|turn|9
|
|t:|1666340973
|move|p2a: Po Fa|Psystrike|p1a: Blissey
|-damage|p1a: Blissey|22/100
|move|p1a: Blissey|Thunder Wave|p2a: Po Fa
|-status|p2a: Po Fa|par
|
|upkeep
|turn|10
|
|t:|1666340983
|cant|p2a: Po Fa|par
|move|p1a: Blissey|Confide|p2a: Po Fa
|-unboost|p2a: Po Fa|spa|1
|
|upkeep
|turn|11
|
|t:|1666340990
|switch|p1a: Landorus|Landorus-Therian, M|100/100
|-ability|p1a: Landorus|Intimidate|boost
|-unboost|p2a: Po Fa|atk|1
|move|p2a: Po Fa|Psystrike|p1a: Landorus
|-damage|p1a: Landorus|74/100
|
|-heal|p1a: Landorus|80/100|[from] item: Leftovers
|upkeep
|turn|12
|
|t:|1666341002
|move|p1a: Landorus|Earthquake|p2a: Po Fa
|-damage|p2a: Po Fa|38/100 par
|move|p2a: Po Fa|Ice Beam|p1a: Landorus
|-supereffective|p1a: Landorus
|-damage|p1a: Landorus|0 fnt
|faint|p1a: Landorus
|
|upkeep
|
|t:|1666341007
|switch|p1a: Xerneas|Xerneas|100/100
|-ability|p1a: Xerneas|Fairy Aura
|turn|13
|
|t:|1666341016
|move|p1a: Xerneas|Moonblast|p2a: Po Fa
|-damage|p2a: Po Fa|0 fnt
|faint|p2a: Po Fa
|
|upkeep
|
|t:|1666341028
|switch|p2a: Fen|Dialga|75/100 par
|-damage|p2a: Fen|69/100 par|[from] Stealth Rock
|-ability|p2a: Fen|Pressure
|turn|14
|
|t:|1666341034
|switch|p1a: Zygarde|Zygarde|100/100
|move|p2a: Fen|Steel Beam|p1a: Zygarde
|-damage|p1a: Zygarde|20/100
|-damage|p2a: Fen|19/100 par|[from] mindblown
|
|-heal|p1a: Zygarde|26/100|[from] item: Leftovers
|-heal|p2a: Fen|25/100 par|[from] item: Leftovers
|-activate|p1a: Zygarde|ability: Power Construct
|detailschange|p1a: Zygarde|Zygarde-Complete
|-heal|p1a: Zygarde|54/100|[silent]
|upkeep
|turn|15
|
|t:|1666341052
|move|p1a: Zygarde|Thousand Arrows|p2a: Fen
|-supereffective|p2a: Fen
|-damage|p2a: Fen|0 fnt
|faint|p2a: Fen
|
|-heal|p1a: Zygarde|60/100|[from] item: Leftovers
|upkeep
|
|t:|1666341068
|switch|p2a: Belofana|Ditto|100/100
|-damage|p2a: Belofana|88/100|[from] Stealth Rock
|-transform|p2a: Belofana|p1a: Zygarde|[from] ability: Imposter
|turn|16
|
|t:|1666341083
|switch|p1a: Kyogre|Kyogre|100/100
|-weather|RainDance|[from] ability: Drizzle|[of] p1a: Kyogre
|move|p2a: Belofana|Thousand Arrows|p1a: Kyogre
|-damage|p1a: Kyogre|77/100
|
|-weather|RainDance|[upkeep]
|-heal|p1a: Kyogre|83/100|[from] item: Leftovers
|upkeep
|turn|17
|inactive|puissance du feu has 120 seconds left.
|
|t:|1666341099
|move|p2a: Belofana|Thousand Arrows|p1a: Kyogre
|-damage|p1a: Kyogre|58/100
|move|p1a: Kyogre|Ice Beam|p2a: Belofana
|-supereffective|p2a: Belofana
|-damage|p2a: Belofana|0 fnt
|faint|p2a: Belofana
|
|-weather|RainDance|[upkeep]
|-heal|p1a: Kyogre|64/100|[from] item: Leftovers
|upkeep
|inactive|puissance du feu has 120 seconds left.
|
|t:|1666341111
|switch|p2a: Wobalo|Wobbuffet, F|100/100
|-damage|p2a: Wobalo|88/100|[from] Stealth Rock
|turn|18
|inactive|puissance du feu has 120 seconds left.
|
|t:|1666341119
|move|p1a: Kyogre|Scald|p2a: Wobalo
|-damage|p2a: Wobalo|51/100
|-status|p2a: Wobalo|brn
|move|p2a: Wobalo|Mirror Coat|p1a: Kyogre
|-damage|p1a: Kyogre|0 fnt
|faint|p1a: Kyogre
|
|-weather|RainDance|[upkeep]
|-heal|p2a: Wobalo|57/100 brn|[from] item: Leftovers
|-damage|p2a: Wobalo|51/100 brn|[from] brn
|upkeep
|
|t:|1666341123
|switch|p1a: Dracovish|Dracovish|100/100
|turn|19
|inactive|puissance du feu has 120 seconds left.
|
|t:|1666341140
|move|p1a: Dracovish|Fishious Rend|p2a: Wobalo
|-damage|p2a: Wobalo|0 fnt
|faint|p2a: Wobalo
|
|-weather|RainDance|[upkeep]
|upkeep
|inactive|puissance du feu has 120 seconds left.
|
|t:|1666341146
|switch|p2a: Houla|Yveltal|100/100
|-damage|p2a: Houla|76/100|[from] Stealth Rock
|-ability|p2a: Houla|Dark Aura
|turn|20
|inactive|puissance du feu has 120 seconds left.
|
|t:|1666341160
|move|p1a: Dracovish|Fishious Rend|p2a: Houla
|-damage|p2a: Houla|0 fnt
|faint|p2a: Houla
|
|-weather|none
|upkeep
|inactive|puissance du feu has 120 seconds left.
|
|t:|1666341166
|switch|p2a: Suivant|Lugia|100/100
|-damage|p2a: Suivant|76/100|[from] Stealth Rock
|turn|21
|
|t:|1666341176
|move|p2a: Suivant|Calm Mind|p2a: Suivant
|-boost|p2a: Suivant|spa|1
|-boost|p2a: Suivant|spd|1
|move|p1a: Dracovish|Fishious Rend|p2a: Suivant
|-damage|p2a: Suivant|15/100
|
|-heal|p2a: Suivant|21/100|[from] item: Leftovers
|upkeep
|turn|22
|
|t:|1666341185
|move|p2a: Suivant|Roost|p2a: Suivant
|-heal|p2a: Suivant|71/100
|-singleturn|p2a: Suivant|move: Roost
|move|p1a: Dracovish|Fishious Rend|p2a: Suivant
|-damage|p2a: Suivant|16/100
|
|-heal|p2a: Suivant|22/100|[from] item: Leftovers
|upkeep
|turn|23
|
|t:|1666341197
|move|p2a: Suivant|Roost|p2a: Suivant
|-heal|p2a: Suivant|72/100
|-singleturn|p2a: Suivant|move: Roost
|move|p1a: Dracovish|Fishious Rend|p2a: Suivant
|-damage|p2a: Suivant|15/100
|
|-heal|p2a: Suivant|21/100|[from] item: Leftovers
|upkeep
|turn|24
|
|t:|1666341207
|move|p2a: Suivant|Roost|p2a: Suivant
|-heal|p2a: Suivant|71/100
|-singleturn|p2a: Suivant|move: Roost
|move|p1a: Dracovish|Fishious Rend|p2a: Suivant
|-damage|p2a: Suivant|8/100
|
|-heal|p2a: Suivant|14/100|[from] item: Leftovers
|upkeep
|turn|25
|
|t:|1666341217
|move|p2a: Suivant|Roost|p2a: Suivant
|-heal|p2a: Suivant|65/100
|-singleturn|p2a: Suivant|move: Roost
|move|p1a: Dracovish|Fishious Rend|p2a: Suivant
|-damage|p2a: Suivant|4/100
|
|-heal|p2a: Suivant|10/100|[from] item: Leftovers
|upkeep
|turn|26
|
|t:|1666341228
|move|p2a: Suivant|Roost|p2a: Suivant
|-heal|p2a: Suivant|60/100
|-singleturn|p2a: Suivant|move: Roost
|move|p1a: Dracovish|Fishious Rend|p2a: Suivant
|-damage|p2a: Suivant|0 fnt
|faint|p2a: Suivant
|
|win|GalacticEclipse999
|raw|GalacticEclipse999's rating: 1162 &rarr; <strong>1184</strong><br />(+22 for winning)
|raw|puissance du feu's rating: 1119 &rarr; <strong>1097</strong><br />(-22 for losing)
|l|☆puissance du feu
