|j|☆hjuyttdd
|j|☆Ubers' Ruthless
|t:|1633662788
|gametype|singles
|player|p1|hjuyttdd|aromalady|
|player|p2|Ubers' Ruthless|silver|
|teamsize|p1|6
|teamsize|p2|6
|gen|8
|tier|[Gen 8] Ubers
|rated|Tournament battle
|rule|Sleep Clause Mod: Limit one foe put to sleep
|rule|Species Clause: Limit one of each Pokémon
|rule|OHKO Clause: OHKO moves are banned
|rule|Evasion Moves Clause: Evasion moves are banned
|rule|Endless Battle Clause: Forcing endless battles is banned
|rule|HP Percentage Mod: HP is shown in percentages
|rule|Dynamax Clause: You cannot dynamax
|clearpoke
|poke|p1|Cloyster, M|
|poke|p1|Slurpuff, F|
|poke|p1|Xerneas-*|
|poke|p1|Yveltal|
|poke|p1|Necrozma-Dusk-Mane|
|poke|p1|Eternatus|
|poke|p2|Calyrex-Ice|
|poke|p2|Kyogre|
|poke|p2|Dracovish|
|poke|p2|Magearna|
|poke|p2|Necrozma-Dusk-Mane|
|poke|p2|Porygon2|
|teampreview
|j| FavMon=Garchomp
|c|☆Ubers' Ruthless|cope with coppain
|c|☆hjuyttdd|webs vs tr
|l| FavMon=Garchomp
|c|☆hjuyttdd|ouch
|c|☆Ubers' Ruthless|knew ud bring webs vs me
|c|☆Ubers' Ruthless|lmao
|inactive|Battle timer is ON: inactive players will automatically lose when time's up. (requested by hjuyttdd)
|
|t:|1633662822
|start
|switch|p1a: Yveltal|Yveltal|100/100
|switch|p2a: Magearna|Magearna|100/100
|-ability|p1a: Yveltal|Dark Aura
|turn|1
|j| 531 nebnebs
|
|t:|1633662827
|move|p1a: Yveltal|Taunt|p2a: Magearna
|-start|p2a: Magearna|move: Taunt
|move|p2a: Magearna|Fleur Cannon|p1a: Yveltal
|-supereffective|p1a: Yveltal
|-damage|p1a: Yveltal|0 fnt
|-unboost|p2a: Magearna|spa|2
|faint|p1a: Yveltal
|-ability|p2a: Magearna|Soul-Heart|boost
|-boost|p2a: Magearna|spa|1
|-damage|p2a: Magearna|91/100|[from] item: Life Orb
|
|upkeep
|j| FearNeverDies
|c|☆Ubers' Ruthless|ahem
|
|t:|1633662845
|switch|p1a: Xerneas|Xerneas|100/100
|-ability|p1a: Xerneas|Fairy Aura
|turn|2
|
|t:|1633662853
|move|p1a: Xerneas|Thunder|p2a: Magearna
|-damage|p2a: Magearna|53/100
|move|p2a: Magearna|Flash Cannon|p1a: Xerneas
|-supereffective|p1a: Xerneas
|-damage|p1a: Xerneas|27/100
|-unboost|p1a: Xerneas|spd|1
|-damage|p2a: Magearna|43/100|[from] item: Life Orb
|
|upkeep
|turn|3
|
|t:|1633662862
|switch|p1a: Necrozma|Necrozma-Dusk-Mane|100/100
|move|p2a: Magearna|Flash Cannon|p1a: Necrozma
|-resisted|p1a: Necrozma
|-damage|p1a: Necrozma|82/100
|-damage|p2a: Magearna|33/100|[from] item: Life Orb
|
|-end|p2a: Magearna|move: Taunt
|upkeep
|turn|4
|
|t:|1633662867
|move|p1a: Necrozma|Sunsteel Strike|p2a: Magearna
|-damage|p2a: Magearna|0 fnt
|faint|p2a: Magearna
|
|upkeep
|
|t:|1633662880
|switch|p2a: Porygon2|Porygon2|100/100
|turn|5
|
|t:|1633662892
|switch|p1a: Eternatus|Eternatus|100/100
|-ability|p1a: Eternatus|Pressure
|move|p2a: Porygon2|Trick Room|p2a: Porygon2
|-fieldstart|move: Trick Room|[of] p2a: Porygon2
|
|upkeep
|turn|6
|
|t:|1633662898
|move|p1a: Eternatus|Substitute|p1a: Eternatus
|-start|p1a: Eternatus|Substitute
|-damage|p1a: Eternatus|76/100
|move|p2a: Porygon2|Teleport|p2a: Porygon2
|
|t:|1633662906
|switch|p2a: Calyrex|Calyrex-Ice|100/100|[from]move: Teleport
|-ability|p2a: Calyrex|As One
|-ability|p2a: Calyrex|Unnerve
|
|upkeep
|turn|7
|
|t:|1633662910
|move|p2a: Calyrex|Glacial Lance|p1a: Eternatus
|-supereffective|p1a: Eternatus
|-end|p1a: Eternatus|Substitute
|move|p1a: Eternatus|Meteor Beam||[still]
|-prepare|p1a: Eternatus|Meteor Beam
|-boost|p1a: Eternatus|spa|1
|-enditem|p1a: Eternatus|Power Herb
|-anim|p1a: Eternatus|Meteor Beam|p2a: Calyrex|[miss]
|-miss|p1a: Eternatus|p2a: Calyrex
|
|upkeep
|turn|8
|c|☆hjuyttdd|f
|
|t:|1633662919
|switch|p1a: Cloyster|Cloyster, M|100/100
|move|p2a: Calyrex|Glacial Lance|p1a: Cloyster
|-resisted|p1a: Cloyster
|-damage|p1a: Cloyster|83/100
|
|upkeep
|turn|9
|c|☆Ubers' Ruthless|mb bro
|
|t:|1633662924
|move|p2a: Calyrex|Swords Dance|p2a: Calyrex
|-boost|p2a: Calyrex|atk|2
|move|p1a: Cloyster|Shell Smash|p1a: Cloyster
|-unboost|p1a: Cloyster|def|1
|-unboost|p1a: Cloyster|spd|1
|-boost|p1a: Cloyster|atk|2
|-boost|p1a: Cloyster|spa|2
|-boost|p1a: Cloyster|spe|2
|
|-fieldend|move: Trick Room
|upkeep
|turn|10
|
|t:|1633662933
|move|p1a: Cloyster|Rock Blast|p2a: Calyrex|[miss]
|-miss|p1a: Cloyster|p2a: Calyrex
|move|p2a: Calyrex|Trick Room|p2a: Calyrex
|-fieldstart|move: Trick Room|[of] p2a: Calyrex
|
|upkeep
|turn|11
|c|☆Ubers' Ruthless|holy fuck
|c|☆hjuyttdd|......
|
|t:|1633662944
|move|p2a: Calyrex|High Horsepower|p1a: Cloyster
|-damage|p1a: Cloyster|0 fnt
|faint|p1a: Cloyster
|-ability|p2a: Calyrex|Chilling Neigh|boost
|-boost|p2a: Calyrex|atk|1
|
|upkeep
|
|t:|1633662949
|switch|p1a: Slurpuff|Slurpuff, F|100/100
|turn|12
|
|t:|1633662953
|move|p2a: Calyrex|Glacial Lance|p1a: Slurpuff
|-enditem|p1a: Slurpuff|Focus Sash
|-damage|p1a: Slurpuff|1/100
|move|p1a: Slurpuff|Endeavor|p2a: Calyrex
|-damage|p2a: Calyrex|1/100
|
|upkeep
|turn|13
|
|t:|1633662957
|move|p2a: Calyrex|Glacial Lance|p1a: Slurpuff
|-damage|p1a: Slurpuff|0 fnt
|faint|p1a: Slurpuff
|-ability|p2a: Calyrex|Chilling Neigh|boost
|-boost|p2a: Calyrex|atk|1
|
|upkeep
|c|☆hjuyttdd|bro u haxxed all my guys
|c|☆hjuyttdd|tf
|
|t:|1633662969
|switch|p1a: Xerneas|Xerneas|27/100
|-ability|p1a: Xerneas|Fairy Aura
|turn|14
|
|t:|1633662974
|move|p2a: Calyrex|Glacial Lance|p1a: Xerneas
|-damage|p1a: Xerneas|0 fnt
|faint|p1a: Xerneas
|-ability|p2a: Calyrex|Chilling Neigh|boost
|-boost|p2a: Calyrex|atk|1
|
|-fieldend|move: Trick Room
|upkeep
|
|t:|1633662978
|switch|p1a: Necrozma|Necrozma-Dusk-Mane|82/100
|turn|15
|
|t:|1633662982
|move|p1a: Necrozma|Knock Off|p2a: Calyrex
|-supereffective|p2a: Calyrex
|-damage|p2a: Calyrex|0 fnt
|-enditem|p2a: Calyrex|Heavy-Duty Boots|[from] move: Knock Off|[of] p1a: Necrozma
|faint|p2a: Calyrex
|
|upkeep
|
|t:|1633662985
|switch|p2a: Porygon2|Porygon2|100/100
|turn|16
|
|t:|1633662989
|move|p1a: Necrozma|Knock Off|p2a: Porygon2
|-damage|p2a: Porygon2|82/100
|-enditem|p2a: Porygon2|Eviolite|[from] move: Knock Off|[of] p1a: Necrozma
|move|p2a: Porygon2|Trick Room|p2a: Porygon2
|-fieldstart|move: Trick Room|[of] p2a: Porygon2
|
|upkeep
|turn|17
|j| Cahampion ash 2
|
|t:|1633663004
|switch|p1a: Eternatus|Eternatus|76/100
|-ability|p1a: Eternatus|Pressure
|move|p2a: Porygon2|Teleport|p2a: Porygon2
|
|t:|1633663012
|switch|p2a: Necrozma|Necrozma-Dusk-Mane|100/100|[from]move: Teleport
|
|upkeep
|turn|18
|j| Lolfe
|
|t:|1633663025
|move|p2a: Necrozma|Earthquake|p1a: Eternatus
|-supereffective|p1a: Eternatus
|-damage|p1a: Eternatus|0 fnt
|faint|p1a: Eternatus
|
|upkeep
|
|t:|1633663027
|switch|p1a: Necrozma|Necrozma-Dusk-Mane|82/100
|turn|19
|l| Lolfe
|
|t:|1633663035
|move|p2a: Necrozma|Swords Dance|p2a: Necrozma
|-boost|p2a: Necrozma|atk|2
|move|p1a: Necrozma|Dragon Dance|p1a: Necrozma
|-boost|p1a: Necrozma|atk|1
|-boost|p1a: Necrozma|spe|1
|
|upkeep
|turn|20
|
|t:|1633663040
|move|p2a: Necrozma|Earthquake|p1a: Necrozma
|-supereffective|p1a: Necrozma
|-damage|p1a: Necrozma|0 fnt
|faint|p1a: Necrozma
|
|win|Ubers' Ruthless
|n|☆hjuyttdd|hjuyttdd
|n|☆Ubers' Ruthless|ubersruthless
|n| 531 nebnebs|531nebnebs
|n| FearNeverDies|fearneverdies
|n| Cahampion ash 2|cahampionash2
