|j|‽ox04
|j|☆WintyBird
|t:|1666585624
|gametype|singles
|player|p1|ox04|red-gen7|1580
|player|p2|WintyBird|psychic-gen4|1563
|teamsize|p1|6
|teamsize|p2|6
|gen|8
|tier|[Gen 8] Ubers
|rated|
|rule|Sleep Clause Mod: Limit one foe put to sleep
|rule|Species Clause: Limit one of each Pokémon
|rule|OHKO Clause: OHKO moves are banned
|rule|Evasion Items Clause: Evasion items are banned
|rule|Evasion Moves Clause: Evasion moves are banned
|rule|Endless Battle Clause: Forcing endless battles is banned
|rule|HP Percentage Mod: HP is shown in percentages
|rule|Dynamax Clause: You cannot dynamax
|clearpoke
|poke|p1|Rayquaza|
|poke|p1|Yveltal|
|poke|p1|Emolga, F|
|poke|p1|Eternatus|
|poke|p1|Ho-Oh|
|poke|p1|Genesect|
|poke|p2|Yveltal|
|poke|p2|Marshadow|
|poke|p2|Ho-Oh|
|poke|p2|Necrozma-Dusk-Mane|
|poke|p2|Kyogre|
|poke|p2|Eternatus|
|teampreview
|inactive|Battle timer is ON: inactive players will automatically lose when time's up. (requested by ox04)
|
|t:|1666585633
|start
|switch|p1a: Genesect|Genesect, shiny|100/100
|switch|p2a: Marshadow|Marshadow|100/100
|-ability|p1a: Genesect|Download|boost
|-boost|p1a: Genesect|atk|1
|turn|1
|
|t:|1666585639
|switch|p1a: Ho-Oh|Ho-Oh|100/100
|move|p2a: Marshadow|Spectral Thief|p1a: Ho-Oh
|-damage|p1a: Ho-Oh|59/100
|
|upkeep
|turn|2
|
|t:|1666585659
|switch|p1a: Emolga|Emolga, F|100/100
|move|p2a: Marshadow|Rock Tomb|p1a: Emolga
|-supereffective|p1a: Emolga
|-damage|p1a: Emolga|0 fnt
|faint|p1a: Emolga
|
|upkeep
|
|t:|1666585662
|switch|p1a: Yveltal|Yveltal, shiny|100/100
|-ability|p1a: Yveltal|Dark Aura
|turn|3
|
|t:|1666585665
|move|p2a: Marshadow|Rock Tomb|p1a: Yveltal
|-supereffective|p1a: Yveltal
|-damage|p1a: Yveltal|46/100
|-unboost|p1a: Yveltal|spe|1
|move|p1a: Yveltal|Oblivion Wing|p2a: Marshadow
|-supereffective|p2a: Marshadow
|-enditem|p2a: Marshadow|Focus Sash
|-damage|p2a: Marshadow|1/100
|-heal|p1a: Yveltal|100/100|[from] drain|[of] p2a: Marshadow
|-damage|p1a: Yveltal|91/100|[from] item: Life Orb
|
|upkeep
|turn|4
|
|t:|1666585674
|move|p2a: Marshadow|Shadow Sneak|p1a: Yveltal
|-resisted|p1a: Yveltal
|-damage|p1a: Yveltal|77/100
|move|p1a: Yveltal|Sucker Punch||[still]
|-fail|p1a: Yveltal
|
|upkeep
|turn|5
|
|t:|1666585678
|move|p1a: Yveltal|Sucker Punch|p2a: Marshadow
|-damage|p2a: Marshadow|0 fnt
|faint|p2a: Marshadow
|-damage|p1a: Yveltal|67/100|[from] item: Life Orb
|
|upkeep
|
|t:|1666585682
|switch|p2a: Eternatus|Eternatus|100/100
|-ability|p2a: Eternatus|Pressure
|turn|6
|
|t:|1666585688
|switch|p1a: Genesect|Genesect, shiny|100/100
|-ability|p1a: Genesect|Download|boost
|-boost|p1a: Genesect|spa|1
|move|p2a: Eternatus|Flamethrower|p1a: Genesect
|-supereffective|p1a: Genesect
|-damage|p1a: Genesect|0 fnt
|faint|p1a: Genesect
|
|upkeep
|
|t:|1666585697
|switch|p1a: Eternatus|Eternatus|100/100
|-ability|p1a: Eternatus|Pressure
|turn|7
|
|t:|1666585699
|move|p2a: Eternatus|Dynamax Cannon|p1a: Eternatus
|-supereffective|p1a: Eternatus
|-damage|p1a: Eternatus|18/100
|move|p1a: Eternatus|Dynamax Cannon|p2a: Eternatus
|-supereffective|p2a: Eternatus
|-damage|p2a: Eternatus|20/100
|
|-heal|p2a: Eternatus|26/100|[from] item: Black Sludge
|upkeep
|turn|8
|
|t:|1666585704
|move|p2a: Eternatus|Dynamax Cannon|p1a: Eternatus
|-supereffective|p1a: Eternatus
|-damage|p1a: Eternatus|0 fnt
|faint|p1a: Eternatus
|
|-heal|p2a: Eternatus|32/100|[from] item: Black Sludge
|upkeep
|
|t:|1666585712
|switch|p1a: Rayquaza|Rayquaza|100/100
|-ability|p1a: Rayquaza|Air Lock
|turn|9
|
|t:|1666585715
|switch|p2a: Necrozma|Necrozma-Dusk-Mane|100/100
|move|p1a: Rayquaza|Extreme Speed|p2a: Necrozma
|-resisted|p2a: Necrozma
|-damage|p2a: Necrozma|88/100
|-damage|p1a: Rayquaza|84/100|[from] item: Rocky Helmet|[of] p2a: Necrozma
|
|upkeep
|turn|10
|
|t:|1666585719
|switch|p1a: Ho-Oh|Ho-Oh|92/100
|move|p2a: Necrozma|Sunsteel Strike|p1a: Ho-Oh
|-resisted|p1a: Ho-Oh
|-damage|p1a: Ho-Oh|68/100
|
|upkeep
|turn|11
|
|t:|1666585723
|switch|p2a: Eternatus|Eternatus|32/100
|-ability|p2a: Eternatus|Pressure
|move|p1a: Ho-Oh|Sacred Fire|p2a: Eternatus
|-resisted|p2a: Eternatus
|-damage|p2a: Eternatus|11/100
|-status|p2a: Eternatus|brn
|
|-heal|p2a: Eternatus|17/100 brn|[from] item: Black Sludge
|-damage|p2a: Eternatus|11/100 brn|[from] brn
|upkeep
|turn|12
|
|t:|1666585726
|move|p2a: Eternatus|Recover|p2a: Eternatus
|-heal|p2a: Eternatus|61/100 brn
|move|p1a: Ho-Oh|Brave Bird|p2a: Eternatus
|-damage|p2a: Eternatus|17/100 brn
|-damage|p1a: Ho-Oh|51/100|[from] Recoil
|
|-heal|p2a: Eternatus|23/100 brn|[from] item: Black Sludge
|-damage|p2a: Eternatus|17/100 brn|[from] brn
|upkeep
|turn|13
|
|t:|1666585730
|switch|p1a: Yveltal|Yveltal, shiny|67/100
|-ability|p1a: Yveltal|Dark Aura
|move|p2a: Eternatus|Recover|p2a: Eternatus
|-heal|p2a: Eternatus|67/100 brn
|
|-heal|p2a: Eternatus|73/100 brn|[from] item: Black Sludge
|-damage|p2a: Eternatus|67/100 brn|[from] brn
|upkeep
|turn|14
|
|t:|1666585734
|move|p2a: Eternatus|Dynamax Cannon|p1a: Yveltal
|-damage|p1a: Yveltal|25/100
|move|p1a: Yveltal|Oblivion Wing|p2a: Eternatus
|-damage|p2a: Eternatus|27/100 brn
|-heal|p1a: Yveltal|62/100|[from] drain|[of] p2a: Eternatus
|-damage|p1a: Yveltal|52/100|[from] item: Life Orb
|
|-heal|p2a: Eternatus|34/100 brn|[from] item: Black Sludge
|-damage|p2a: Eternatus|27/100 brn|[from] brn
|upkeep
|turn|15
|
|t:|1666585738
|move|p2a: Eternatus|Recover|p2a: Eternatus
|-heal|p2a: Eternatus|77/100 brn
|move|p1a: Yveltal|Oblivion Wing|p2a: Eternatus
|-damage|p2a: Eternatus|40/100 brn
|-heal|p1a: Yveltal|86/100|[from] drain|[of] p2a: Eternatus
|-damage|p1a: Yveltal|76/100|[from] item: Life Orb
|
|-heal|p2a: Eternatus|47/100 brn|[from] item: Black Sludge
|-damage|p2a: Eternatus|40/100 brn|[from] brn
|upkeep
|turn|16
|
|t:|1666585741
|move|p2a: Eternatus|Recover|p2a: Eternatus
|-heal|p2a: Eternatus|90/100 brn
|move|p1a: Yveltal|Oblivion Wing|p2a: Eternatus
|-damage|p2a: Eternatus|47/100 brn
|-heal|p1a: Yveltal|100/100|[from] drain|[of] p2a: Eternatus
|-damage|p1a: Yveltal|91/100|[from] item: Life Orb
|
|-heal|p2a: Eternatus|53/100 brn|[from] item: Black Sludge
|-damage|p2a: Eternatus|47/100 brn|[from] brn
|upkeep
|turn|17
|
|t:|1666585743
|move|p2a: Eternatus|Recover|p2a: Eternatus
|-heal|p2a: Eternatus|97/100 brn
|move|p1a: Yveltal|Taunt|p2a: Eternatus
|-start|p2a: Eternatus|move: Taunt
|
|-heal|p2a: Eternatus|100/100 brn|[from] item: Black Sludge
|-damage|p2a: Eternatus|94/100 brn|[from] brn
|upkeep
|turn|18
|
|t:|1666585747
|switch|p2a: Necrozma|Necrozma-Dusk-Mane|88/100
|switch|p1a: Ho-Oh|Ho-Oh|84/100
|
|upkeep
|turn|19
|
|t:|1666585751
|move|p1a: Ho-Oh|Brave Bird|p2a: Necrozma
|-resisted|p2a: Necrozma
|-damage|p2a: Necrozma|72/100
|-damage|p1a: Ho-Oh|67/100|[from] item: Rocky Helmet|[of] p2a: Necrozma
|-damage|p1a: Ho-Oh|63/100|[from] Recoil
|move|p2a: Necrozma|Photon Geyser|p1a: Ho-Oh
|-damage|p1a: Ho-Oh|14/100
|
|upkeep
|turn|20
|
|t:|1666585755
|move|p1a: Ho-Oh|Brave Bird|p2a: Necrozma
|-resisted|p2a: Necrozma
|-damage|p2a: Necrozma|56/100
|-damage|p1a: Ho-Oh|0 fnt|[from] item: Rocky Helmet|[of] p2a: Necrozma
|faint|p1a: Ho-Oh
|move|p2a: Necrozma|Stealth Rock|p1: Ho-Oh
|-sidestart|p1: ox04|move: Stealth Rock
|
|upkeep
|
|t:|1666585757
|switch|p1a: Rayquaza|Rayquaza|84/100
|-damage|p1a: Rayquaza|59/100|[from] Stealth Rock
|-ability|p1a: Rayquaza|Air Lock
|turn|21
|
|t:|1666585760
|move|p1a: Rayquaza|V-create|p2a: Necrozma|[miss]
|-miss|p1a: Rayquaza|p2a: Necrozma
|move|p2a: Necrozma|Photon Geyser|p1a: Rayquaza
|-damage|p1a: Rayquaza|4/100
|
|upkeep
|turn|22
|
|t:|1666585762
|move|p1a: Rayquaza|V-create|p2a: Necrozma
|-supereffective|p2a: Necrozma
|-damage|p2a: Necrozma|0 fnt
|-unboost|p1a: Rayquaza|spe|1
|-unboost|p1a: Rayquaza|def|1
|-unboost|p1a: Rayquaza|spd|1
|-damage|p1a: Rayquaza|0 fnt|[from] item: Rocky Helmet|[of] p2a: Necrozma
|faint|p2a: Necrozma
|faint|p1a: Rayquaza
|
|upkeep
|
|t:|1666585767
|switch|p1a: Yveltal|Yveltal, shiny|91/100
|switch|p2a: Yveltal|Yveltal|100/100
|-damage|p1a: Yveltal|66/100|[from] Stealth Rock
|-ability|p1a: Yveltal|Dark Aura
|-ability|p2a: Yveltal|Dark Aura
|turn|23
|
|t:|1666585771
|move|p1a: Yveltal|Oblivion Wing|p2a: Yveltal
|-damage|p2a: Yveltal|72/100
|-heal|p1a: Yveltal|90/100|[from] drain|[of] p2a: Yveltal
|-damage|p1a: Yveltal|80/100|[from] item: Life Orb
|move|p2a: Yveltal|Knock Off|p1a: Yveltal
|-resisted|p1a: Yveltal
|-damage|p1a: Yveltal|55/100
|-enditem|p1a: Yveltal|Life Orb|[from] move: Knock Off|[of] p2a: Yveltal
|
|upkeep
|turn|24
|
|t:|1666585773
|move|p1a: Yveltal|Oblivion Wing|p2a: Yveltal
|-damage|p2a: Yveltal|47/100
|-heal|p1a: Yveltal|77/100|[from] drain|[of] p2a: Yveltal
|move|p2a: Yveltal|Oblivion Wing|p1a: Yveltal
|-damage|p1a: Yveltal|48/100
|-heal|p2a: Yveltal|66/100|[from] drain|[of] p1a: Yveltal
|
|upkeep
|turn|25
|
|t:|1666585776
|move|p1a: Yveltal|Oblivion Wing|p2a: Yveltal
|-damage|p2a: Yveltal|44/100
|-heal|p1a: Yveltal|67/100|[from] drain|[of] p2a: Yveltal
|move|p2a: Yveltal|Oblivion Wing|p1a: Yveltal
|-damage|p1a: Yveltal|36/100
|-heal|p2a: Yveltal|64/100|[from] drain|[of] p1a: Yveltal
|
|upkeep
|turn|26
|
|t:|1666585779
|move|p1a: Yveltal|Oblivion Wing|p2a: Yveltal
|-damage|p2a: Yveltal|39/100
|-heal|p1a: Yveltal|58/100|[from] drain|[of] p2a: Yveltal
|move|p2a: Yveltal|Oblivion Wing|p1a: Yveltal
|-damage|p1a: Yveltal|30/100
|-heal|p2a: Yveltal|57/100|[from] drain|[of] p1a: Yveltal
|
|upkeep
|turn|27
|
|t:|1666585782
|move|p1a: Yveltal|Oblivion Wing|p2a: Yveltal
|-damage|p2a: Yveltal|33/100
|-heal|p1a: Yveltal|51/100|[from] drain|[of] p2a: Yveltal
|move|p2a: Yveltal|Oblivion Wing|p1a: Yveltal
|-crit|p1a: Yveltal
|-damage|p1a: Yveltal|6/100
|-heal|p2a: Yveltal|62/100|[from] drain|[of] p1a: Yveltal
|
|upkeep
|turn|28
|
|t:|1666585783
|move|p1a: Yveltal|Oblivion Wing|p2a: Yveltal
|-crit|p2a: Yveltal
|-damage|p2a: Yveltal|26/100
|-heal|p1a: Yveltal|38/100|[from] drain|[of] p2a: Yveltal
|move|p2a: Yveltal|Oblivion Wing|p1a: Yveltal
|-damage|p1a: Yveltal|8/100
|-heal|p2a: Yveltal|45/100|[from] drain|[of] p1a: Yveltal
|
|upkeep
|turn|29
|c|☆WintyBird|gg
|
|t:|1666585790
|move|p1a: Yveltal|Oblivion Wing|p2a: Yveltal
|-damage|p2a: Yveltal|20/100
|-heal|p1a: Yveltal|30/100|[from] drain|[of] p2a: Yveltal
|move|p2a: Yveltal|Oblivion Wing|p1a: Yveltal
|-damage|p1a: Yveltal|0 fnt
|-heal|p2a: Yveltal|39/100|[from] drain|[of] p1a: Yveltal
|faint|p1a: Yveltal
|
|win|WintyBird
|raw|ox04's rating: 1580 &rarr; <strong>1559</strong><br />(-21 for losing)
|raw|WintyBird's rating: 1563 &rarr; <strong>1584</strong><br />(+21 for winning)
|l|‽ox04
