|j|☆done questin
|j|☆4gent 1234
|t:|1611087297
|player|p1|done questin|265|1426
|player|p2|4gent 1234|lucas|1566
|teamsize|p1|6
|teamsize|p2|6
|gametype|singles
|gen|8
|tier|[Gen 8] Ubers
|rated|
|clearpoke
|poke|p1|Yveltal|
|poke|p1|Kyogre|
|poke|p1|Zygarde|
|poke|p1|Darmanitan-Galar, F|
|poke|p1|Xerneas|
|poke|p1|Ditto|
|poke|p2|Excadrill, M|
|poke|p2|Calyrex-Shadow|
|poke|p2|Magearna|
|poke|p2|Ferrothorn, F|
|poke|p2|Tyranitar, F|
|poke|p2|Kyogre|
|rule|Sleep Clause Mod: Limit one foe put to sleep
|rule|Species Clause: Limit one of each Pokémon
|rule|OHKO Clause: OHKO moves are banned
|rule|Evasion Moves Clause: Evasion moves are banned
|rule|Endless Battle Clause: Forcing endless battles is banned
|rule|HP Percentage Mod: HP is shown in percentages
|rule|Dynamax Clause: You cannot dynamax
|teampreview
|inactive|Battle timer is ON: inactive players will automatically lose when time's up. (requested by done questin)
|j| Asb05
|
|t:|1611087339
|start
|switch|p1a: Yveltal|Yveltal|100/100
|switch|p2a: Kyogre|Kyogre|100/100
|-weather|RainDance|[from] ability: Drizzle|[of] p2a: Kyogre
|-ability|p1a: Yveltal|Dark Aura
|turn|1
|
|t:|1611087346
|switch|p2a: Magearna|Magearna|100/100
|move|p1a: Yveltal|Sucker Punch||[still]
|-fail|p1a: Yveltal
|
|-weather|RainDance|[upkeep]
|upkeep
|turn|2
|
|t:|1611087354
|move|p1a: Yveltal|Knock Off|p2a: Magearna
|-resisted|p2a: Magearna
|-damage|p2a: Magearna|80/100
|-enditem|p2a: Magearna|Leftovers|[from] move: Knock Off|[of] p1a: Yveltal
|move|p2a: Magearna|Draining Kiss|p1a: Yveltal
|-supereffective|p1a: Yveltal
|-damage|p1a: Yveltal|64/100
|-heal|p2a: Magearna|100/100|[from] drain|[of] p1a: Yveltal
|-damage|p2a: Magearna|84/100|[from] item: Rocky Helmet|[of] p1a: Yveltal
|
|-weather|RainDance|[upkeep]
|upkeep
|turn|3
|
|t:|1611087363
|move|p1a: Yveltal|Dark Pulse|p2a: Magearna
|-resisted|p2a: Magearna
|-damage|p2a: Magearna|57/100
|move|p2a: Magearna|Calm Mind|p2a: Magearna
|-boost|p2a: Magearna|spa|1
|-boost|p2a: Magearna|spd|1
|
|-weather|RainDance|[upkeep]
|upkeep
|turn|4
|
|t:|1611087370
|switch|p1a: Darmanitan|Darmanitan-Galar, F|100/100
|move|p2a: Magearna|Draining Kiss|p1a: Darmanitan
|-damage|p1a: Darmanitan|51/100
|-heal|p2a: Magearna|93/100|[from] drain|[of] p1a: Darmanitan
|
|-weather|RainDance|[upkeep]
|upkeep
|turn|5
|
|t:|1611087381
|move|p1a: Darmanitan|Earthquake|p2a: Magearna
|-supereffective|p2a: Magearna
|-crit|p2a: Magearna
|-damage|p2a: Magearna|0 fnt
|faint|p2a: Magearna
|
|-weather|none
|upkeep
|
|t:|1611087392
|switch|p2a: Excadrill|Excadrill, M|100/100
|-item|p2a: Excadrill|Air Balloon
|turn|6
|
|t:|1611087407
|switch|p1a: Zygarde|Zygarde|100/100
|switch|p2a: Kyogre|Kyogre|100/100
|-weather|RainDance|[from] ability: Drizzle|[of] p2a: Kyogre
|
|-weather|RainDance|[upkeep]
|upkeep
|turn|7
|
|t:|1611087411
|move|p1a: Zygarde|Glare|p2a: Kyogre
|-status|p2a: Kyogre|par
|move|p2a: Kyogre|Ice Beam|p1a: Zygarde
|-supereffective|p1a: Zygarde
|-damage|p1a: Zygarde|0 fnt
|faint|p1a: Zygarde
|
|-weather|RainDance|[upkeep]
|upkeep
|
|t:|1611087415
|switch|p1a: YallbannedzacLMAO|Xerneas|100/100
|-ability|p1a: YallbannedzacLMAO|Fairy Aura
|turn|8
|
|t:|1611087423
|switch|p2a: Tyranitar|Tyranitar, F|100/100
|-weather|Sandstorm|[from] ability: Sand Stream|[of] p2a: Tyranitar
|move|p1a: YallbannedzacLMAO|Geomancy||[still]
|-prepare|p1a: YallbannedzacLMAO|Geomancy
|-enditem|p1a: YallbannedzacLMAO|Power Herb
|-anim|p1a: YallbannedzacLMAO|Geomancy|p1a: YallbannedzacLMAO
|-boost|p1a: YallbannedzacLMAO|spa|2
|-boost|p1a: YallbannedzacLMAO|spd|2
|-boost|p1a: YallbannedzacLMAO|spe|2
|
|-weather|Sandstorm|[upkeep]
|-damage|p1a: YallbannedzacLMAO|94/100|[from] Sandstorm
|upkeep
|turn|9
|
|t:|1611087439
|move|p1a: YallbannedzacLMAO|Substitute|p1a: YallbannedzacLMAO
|-start|p1a: YallbannedzacLMAO|Substitute
|-damage|p1a: YallbannedzacLMAO|69/100
|move|p2a: Tyranitar|Rock Slide|p1a: YallbannedzacLMAO|[miss]
|-miss|p2a: Tyranitar|p1a: YallbannedzacLMAO
|
|-weather|Sandstorm|[upkeep]
|-damage|p1a: YallbannedzacLMAO|63/100|[from] Sandstorm
|upkeep
|turn|10
|
|t:|1611087447
|move|p1a: YallbannedzacLMAO|Moonblast|p2a: Tyranitar
|-supereffective|p2a: Tyranitar
|-crit|p2a: Tyranitar
|-damage|p2a: Tyranitar|0 fnt
|faint|p2a: Tyranitar
|
|-weather|Sandstorm|[upkeep]
|-damage|p1a: YallbannedzacLMAO|57/100|[from] Sandstorm
|upkeep
|c|☆4gent 1234|Lmao
|c|☆4gent 1234|good god man
|
|t:|1611087455
|switch|p2a: Excadrill|Excadrill, M|100/100
|-item|p2a: Excadrill|Air Balloon
|turn|11
|
|t:|1611087463
|move|p2a: Excadrill|Iron Head|p1a: YallbannedzacLMAO
|-supereffective|p1a: YallbannedzacLMAO
|-end|p1a: YallbannedzacLMAO|Substitute
|move|p1a: YallbannedzacLMAO|Moonblast|p2a: Excadrill
|-resisted|p2a: Excadrill
|-damage|p2a: Excadrill|5/100
|-unboost|p2a: Excadrill|spa|1
|-enditem|p2a: Excadrill|Air Balloon
|
|-weather|Sandstorm|[upkeep]
|-damage|p1a: YallbannedzacLMAO|51/100|[from] Sandstorm
|upkeep
|turn|12
|
|t:|1611087467
|switch|p1a: Yveltal|Yveltal|64/100
|-ability|p1a: Yveltal|Dark Aura
|move|p2a: Excadrill|Iron Head|p1a: Yveltal
|-damage|p1a: Yveltal|18/100
|-damage|p2a: Excadrill|0 fnt|[from] item: Rocky Helmet|[of] p1a: Yveltal
|faint|p2a: Excadrill
|
|-weather|none
|upkeep
|
|t:|1611087492
|switch|p2a: Calyrex|Calyrex-Shadow|100/100
|-ability|p2a: Calyrex|As One
|-ability|p2a: Calyrex|Unnerve|p1: done questin
|turn|13
|
|t:|1611087496
|move|p2a: Calyrex|Trick|p1a: Yveltal
|-activate|p2a: Calyrex|move: Trick|[of] p1a: Yveltal
|-item|p1a: Yveltal|Choice Specs|[from] move: Trick
|-item|p2a: Calyrex|Rocky Helmet|[from] move: Trick
|move|p1a: Yveltal|Knock Off|p2a: Calyrex
|-supereffective|p2a: Calyrex
|-damage|p2a: Calyrex|0 fnt
|-damage|p1a: Yveltal|2/100|[from] item: Rocky Helmet|[of] p2a: Calyrex
|-enditem|p2a: Calyrex|Rocky Helmet|[from] move: Knock Off|[of] p1a: Yveltal
|faint|p2a: Calyrex
|
|upkeep
|
|t:|1611087507
|switch|p2a: Kyogre|Kyogre|100/100 par
|-weather|RainDance|[from] ability: Drizzle|[of] p2a: Kyogre
|turn|14
|
|t:|1611087520
|switch|p1a: YallbannedzacLMAO|Xerneas|51/100
|-ability|p1a: YallbannedzacLMAO|Fairy Aura
|move|p2a: Kyogre|Calm Mind|p2a: Kyogre
|-boost|p2a: Kyogre|spa|1
|-boost|p2a: Kyogre|spd|1
|
|-weather|RainDance|[upkeep]
|upkeep
|turn|15
|
|t:|1611087527
|move|p1a: YallbannedzacLMAO|Thunderbolt|p2a: Kyogre
|-supereffective|p2a: Kyogre
|-damage|p2a: Kyogre|72/100 par
|move|p2a: Kyogre|Scald|p1a: YallbannedzacLMAO
|-damage|p1a: YallbannedzacLMAO|0 fnt
|faint|p1a: YallbannedzacLMAO
|
|-weather|RainDance|[upkeep]
|-heal|p2a: Kyogre|78/100 par|[from] item: Leftovers
|upkeep
|
|t:|1611087530
|switch|p1a: Yveltal|Yveltal|2/100
|-ability|p1a: Yveltal|Dark Aura
|turn|16
|
|t:|1611087535
|move|p1a: Yveltal|Dark Pulse|p2a: Kyogre
|-damage|p2a: Kyogre|41/100 par
|move|p2a: Kyogre|Calm Mind|p2a: Kyogre
|-boost|p2a: Kyogre|spa|1
|-boost|p2a: Kyogre|spd|1
|
|-weather|RainDance|[upkeep]
|-heal|p2a: Kyogre|48/100 par|[from] item: Leftovers
|upkeep
|turn|17
|
|t:|1611087540
|move|p1a: Yveltal|Dark Pulse|p2a: Kyogre
|-damage|p2a: Kyogre|21/100 par
|move|p2a: Kyogre|Rest|p2a: Kyogre
|-status|p2a: Kyogre|slp|[from] move: Rest
|-heal|p2a: Kyogre|100/100 slp|[silent]
|
|-weather|RainDance|[upkeep]
|upkeep
|turn|18
|
|t:|1611087546
|cant|p2a: Kyogre|slp
|move|p1a: Yveltal|Dark Pulse|p2a: Kyogre
|-damage|p2a: Kyogre|74/100 slp
|
|-weather|none
|-heal|p2a: Kyogre|80/100 slp|[from] item: Leftovers
|upkeep
|turn|19
|
|t:|1611087548
|cant|p2a: Kyogre|slp
|move|p1a: Yveltal|Dark Pulse|p2a: Kyogre
|-damage|p2a: Kyogre|53/100 slp
|
|-heal|p2a: Kyogre|59/100 slp|[from] item: Leftovers
|upkeep
|turn|20
|
|t:|1611087551
|-curestatus|p2a: Kyogre|slp|[msg]
|move|p2a: Kyogre|Scald|p1a: Yveltal
|-damage|p1a: Yveltal|0 fnt
|faint|p1a: Yveltal
|
|-heal|p2a: Kyogre|66/100|[from] item: Leftovers
|upkeep
|
|t:|1611087553
|switch|p1a: Ditto|Ditto|100/100
|-transform|p1a: Ditto|p2a: Kyogre|[from] ability: Imposter
|-weather|RainDance|[from] ability: Drizzle|[of] p1a: Ditto
|turn|21
|
|t:|1611087563
|move|p1a: Ditto|Ice Beam|p2a: Kyogre
|-resisted|p2a: Kyogre
|-damage|p2a: Kyogre|57/100
|move|p2a: Kyogre|Rest|p2a: Kyogre
|-status|p2a: Kyogre|slp|[from] move: Rest
|-heal|p2a: Kyogre|100/100 slp|[silent]
|
|-weather|RainDance|[upkeep]
|upkeep
|turn|22
|
|t:|1611087566
|switch|p1a: Darmanitan|Darmanitan-Galar, F|51/100
|cant|p2a: Kyogre|slp
|
|-weather|RainDance|[upkeep]
|upkeep
|turn|23
|
|t:|1611087568
|move|p1a: Darmanitan|Earthquake|p2a: Kyogre
|-damage|p2a: Kyogre|61/100 slp
|cant|p2a: Kyogre|slp
|
|-weather|RainDance|[upkeep]
|-heal|p2a: Kyogre|67/100 slp|[from] item: Leftovers
|upkeep
|turn|24
|
|t:|1611087571
|move|p1a: Darmanitan|Earthquake|p2a: Kyogre
|-damage|p2a: Kyogre|30/100 slp
|-curestatus|p2a: Kyogre|slp|[msg]
|move|p2a: Kyogre|Scald|p1a: Darmanitan
|-damage|p1a: Darmanitan|0 fnt
|faint|p1a: Darmanitan
|
|-weather|RainDance|[upkeep]
|-heal|p2a: Kyogre|36/100|[from] item: Leftovers
|upkeep
|
|t:|1611087575
|switch|p1a: Kyogre|Kyogre|100/100
|turn|25
|
|t:|1611087577
|move|p1a: Kyogre|Thunder|p2a: Kyogre
|-supereffective|p2a: Kyogre
|-damage|p2a: Kyogre|5/100
|move|p2a: Kyogre|Rest|p2a: Kyogre
|-status|p2a: Kyogre|slp|[from] move: Rest
|-heal|p2a: Kyogre|100/100 slp|[silent]
|
|-weather|none
|upkeep
|turn|26
|
|t:|1611087583
|switch|p1a: Ditto|Ditto|100/100
|-transform|p1a: Ditto|p2a: Kyogre|[from] ability: Imposter
|-weather|RainDance|[from] ability: Drizzle|[of] p1a: Ditto
|cant|p2a: Kyogre|slp
|
|-weather|RainDance|[upkeep]
|upkeep
|turn|27
|
|t:|1611087591
|move|p1a: Ditto|Scald|p2a: Kyogre
|-resisted|p2a: Kyogre
|-damage|p2a: Kyogre|83/100 slp
|cant|p2a: Kyogre|slp
|
|-weather|RainDance|[upkeep]
|-heal|p2a: Kyogre|90/100 slp|[from] item: Leftovers
|upkeep
|turn|28
|c|☆4gent 1234|Ur awful
|c|☆4gent 1234|haxed me and still couldn’t win
|c|☆4gent 1234|good lord
|
|t:|1611087609
|move|p1a: Ditto|Scald|p2a: Kyogre
|-resisted|p2a: Kyogre
|-damage|p2a: Kyogre|70/100 slp
|-curestatus|p2a: Kyogre|slp|[msg]
|move|p2a: Kyogre|Calm Mind|p2a: Kyogre
|-boost|p2a: Kyogre|spa|1
|-boost|p2a: Kyogre|spd|1
|
|-weather|RainDance|[upkeep]
|-heal|p2a: Kyogre|76/100|[from] item: Leftovers
|upkeep
|turn|29
|c|☆done questin|Bruh
|c|☆done questin|Its pokemon
|c|☆done questin|Dont get tight lmfao
|
|t:|1611087618
|move|p1a: Ditto|Scald|p2a: Kyogre
|-resisted|p2a: Kyogre
|-damage|p2a: Kyogre|61/100
|-status|p2a: Kyogre|brn
|move|p2a: Kyogre|Calm Mind|p2a: Kyogre
|-boost|p2a: Kyogre|spa|1
|-boost|p2a: Kyogre|spd|1
|
|-weather|RainDance|[upkeep]
|-heal|p2a: Kyogre|67/100 brn|[from] item: Leftovers
|-damage|p2a: Kyogre|61/100 brn|[from] brn
|upkeep
|turn|30
|
|t:|1611087623
|move|p1a: Ditto|Scald|p2a: Kyogre
|-resisted|p2a: Kyogre
|-damage|p2a: Kyogre|48/100 brn
|move|p2a: Kyogre|Rest|p2a: Kyogre
|-status|p2a: Kyogre|slp|[from] move: Rest
|-heal|p2a: Kyogre|100/100 slp|[silent]
|
|-weather|none
|upkeep
|turn|31
|c|☆4gent 1234|That excuse is shit too
|c|☆done questin|Spamming rest stall aint the pinnacle of extravagant Ws
|c|☆4gent 1234|”it’s Pokémon”
|c|☆done questin|Here ill forfiet
|c|☆4gent 1234|ITS NOT STALL
|c|☆done questin|So you feel better bro lnao
|c|☆4gent 1234|good
|inactive|4gent 1234 has 120 seconds left.
|-message|done questin forfeited.
|
|win|4gent 1234
|c|☆4gent 1234|ty
|l|☆done questin
|c|☆4gent 1234|fuckin moron
