|j|☆ox084
|j|☆random random alt
|t:|1658198341
|gametype|singles
|player|p1|ox084|red-gen7|1528
|player|p2|random random alt|ballguy|1374
|teamsize|p1|6
|teamsize|p2|6
|gen|8
|tier|[Gen 8] Ubers
|rated|
|rule|Sleep Clause Mod: Limit one foe put to sleep
|rule|Species Clause: Limit one of each Pokémon
|rule|OHKO Clause: OHKO moves are banned
|rule|Evasion Moves Clause: Evasion moves are banned
|rule|Endless Battle Clause: Forcing endless battles is banned
|rule|HP Percentage Mod: HP is shown in percentages
|rule|Dynamax Clause: You cannot dynamax
|clearpoke
|poke|p1|Marshadow|
|poke|p1|Yveltal|
|poke|p1|Zekrom|
|poke|p1|Reshiram|
|poke|p1|Necrozma-Dusk-Mane|
|poke|p1|Genesect|
|poke|p2|Zekrom|
|poke|p2|Necrozma-Dusk-Mane|
|poke|p2|Yveltal|
|poke|p2|Eternatus|
|poke|p2|Lunala|
|poke|p2|Kyogre|
|teampreview
|inactive|Battle timer is ON: inactive players will automatically lose when time's up. (requested by random random alt)
|
|t:|1658198351
|start
|switch|p1a: Genesect|Genesect, shiny|100/100
|switch|p2a: Zekrom|Zekrom|100/100
|-ability|p1a: Genesect|Download|boost
|-boost|p1a: Genesect|spa|1
|-ability|p2a: Zekrom|Teravolt
|turn|1
|
|t:|1658198359
|move|p1a: Genesect|U-turn|p2a: Zekrom
|-crit|p2a: Zekrom
|-damage|p2a: Zekrom|57/100
|
|t:|1658198361
|switch|p1a: Zekrom|Zekrom|100/100|[from]move: U-turn
|-ability|p1a: Zekrom|Teravolt
|move|p2a: Zekrom|Bolt Strike|p1a: Zekrom
|-resisted|p1a: Zekrom
|-damage|p1a: Zekrom|79/100
|-damage|p2a: Zekrom|47/100|[from] item: Life Orb
|
|upkeep
|turn|2
|j| Max_97
|
|t:|1658198368
|move|p1a: Zekrom|Volt Switch|p2a: Zekrom
|-resisted|p2a: Zekrom
|-damage|p2a: Zekrom|34/100
|
|t:|1658198371
|switch|p1a: Genesect|Genesect, shiny|100/100|[from]move: Volt Switch
|-ability|p1a: Genesect|Download|boost
|-boost|p1a: Genesect|spa|1
|move|p2a: Zekrom|Draco Meteor|p1a: Genesect
|-resisted|p1a: Genesect
|-damage|p1a: Genesect|55/100
|-unboost|p2a: Zekrom|spa|2
|-damage|p2a: Zekrom|24/100|[from] item: Life Orb
|
|upkeep
|turn|3
|
|t:|1658198378
|move|p1a: Genesect|U-turn|p2a: Zekrom
|-damage|p2a: Zekrom|0 fnt
|faint|p2a: Zekrom
|
|t:|1658198384
|switch|p1a: Zekrom|Zekrom|79/100|[from]move: U-turn
|-ability|p1a: Zekrom|Teravolt
|
|upkeep
|
|t:|1658198395
|switch|p2a: Eternatus|Eternatus|100/100
|-ability|p2a: Eternatus|Pressure
|turn|4
|
|t:|1658198398
|switch|p1a: Necrozma|Necrozma-Dusk-Mane|100/100
|move|p2a: Eternatus|Dynamax Cannon|p1a: Necrozma
|-resisted|p1a: Necrozma
|-damage|p1a: Necrozma|80/100
|
|-heal|p1a: Necrozma|86/100|[from] item: Leftovers
|upkeep
|turn|5
|
|t:|1658198407
|switch|p2a: Kyogre|Kyogre|100/100
|-weather|RainDance|[from] ability: Drizzle|[of] p2a: Kyogre
|switch|p1a: Zekrom|Zekrom|79/100
|-ability|p1a: Zekrom|Teravolt
|
|-weather|RainDance|[upkeep]
|upkeep
|turn|6
|
|t:|1658198412
|move|p1a: Zekrom|Bolt Strike|p2a: Kyogre
|-supereffective|p2a: Kyogre
|-damage|p2a: Kyogre|0 fnt
|faint|p2a: Kyogre
|
|-weather|RainDance|[upkeep]
|upkeep
|-message|random random alt forfeited.
|
|win|ox084
|raw|ox084's rating: 1528 &rarr; <strong>1540</strong><br />(+12 for winning)
|raw|random random alt's rating: 1374 &rarr; <strong>1362</strong><br />(-12 for losing)
|l|☆random random alt
