|j|☆Hoennseptile
|j|☆TheDivaDollHerself
|t:|1668755005
|gametype|singles
|player|p1|Hoennseptile|lance-gen2|
|player|p2|TheDivaDollHerself|iris-gen5bw2|
|teamsize|p1|6
|teamsize|p2|6
|gen|8
|tier|[Gen 8] Ubers
|rated|Tournament battle
|rule|Sleep Clause Mod: Limit one foe put to sleep
|rule|Species Clause: Limit one of each Pokémon
|rule|OHKO Clause: OHKO moves are banned
|rule|Evasion Items Clause: Evasion items are banned
|rule|Evasion Moves Clause: Evasion moves are banned
|rule|Endless Battle Clause: Forcing endless battles is banned
|rule|HP Percentage Mod: HP is shown in percentages
|rule|Dynamax Clause: You cannot dynamax
|clearpoke
|poke|p1|Yveltal|
|poke|p1|Necrozma-Dusk-Mane|
|poke|p1|Eternatus|
|poke|p1|Ho-Oh|
|poke|p1|Marshadow|
|poke|p1|Ferrothorn, F|
|poke|p2|Slurpuff, M|
|poke|p2|Eternatus|
|poke|p2|Yveltal|
|poke|p2|Necrozma-Dusk-Mane|
|poke|p2|Kyogre|
|poke|p2|Calyrex-Shadow|
|teampreview
|j| BB-8-NU
|j| theegreenone
|c|☆TheDivaDollHerself|gl;hf
|c|☆Hoennseptile|Hf
|
|t:|1668755043
|start
|switch|p1a: Ho-Oh|Ho-Oh|100/100
|switch|p2a: Eternatus|Eternatus|100/100
|-ability|p2a: Eternatus|Pressure
|turn|1
|c|☆TheDivaDollHerself|and happy new gen lol
|
|t:|1668755051
|switch|p1a: Necrozma|Necrozma-Dusk-Mane|100/100
|move|p2a: Eternatus|Meteor Beam||[still]
|-prepare|p2a: Eternatus|Meteor Beam
|-boost|p2a: Eternatus|spa|1
|-enditem|p2a: Eternatus|Power Herb
|-anim|p2a: Eternatus|Meteor Beam|p1a: Necrozma
|-resisted|p1a: Necrozma
|-damage|p1a: Necrozma|78/100
|
|-heal|p1a: Necrozma|84/100|[from] item: Leftovers
|upkeep
|turn|2
|c|☆Hoennseptile|Thanks
|
|t:|1668755060
|move|p2a: Eternatus|Flamethrower|p1a: Necrozma
|-supereffective|p1a: Necrozma
|-damage|p1a: Necrozma|32/100
|move|p1a: Necrozma|Thunder Wave|p2a: Eternatus
|-status|p2a: Eternatus|par
|
|-heal|p1a: Necrozma|38/100|[from] item: Leftovers
|upkeep
|turn|3
|j| BATTTmann
|l| BATTTmann
|
|t:|1668755093
|move|p1a: Necrozma|Moonlight|p1a: Necrozma
|-heal|p1a: Necrozma|88/100
|move|p2a: Eternatus|Flamethrower|p1a: Necrozma
|-supereffective|p1a: Necrozma
|-damage|p1a: Necrozma|38/100
|
|-heal|p1a: Necrozma|44/100|[from] item: Leftovers
|upkeep
|turn|4
|
|t:|1668755101
|move|p1a: Necrozma|Moonlight|p1a: Necrozma
|-heal|p1a: Necrozma|94/100
|move|p2a: Eternatus|Meteor Beam||[still]
|-prepare|p2a: Eternatus|Meteor Beam
|-boost|p2a: Eternatus|spa|1
|
|-heal|p1a: Necrozma|100/100|[from] item: Leftovers
|upkeep
|turn|5
|
|t:|1668755110
|move|p1a: Necrozma|Stealth Rock|p2a: Eternatus
|-sidestart|p2: TheDivaDollHerself|move: Stealth Rock
|move|p2a: Eternatus|Meteor Beam|p1a: Necrozma|[from]lockedmove
|-resisted|p1a: Necrozma
|-damage|p1a: Necrozma|71/100
|
|-heal|p1a: Necrozma|77/100|[from] item: Leftovers
|upkeep
|turn|6
|
|t:|1668755116
|move|p1a: Necrozma|Iron Head|p2a: Eternatus
|-damage|p2a: Eternatus|65/100 par
|move|p2a: Eternatus|Flamethrower|p1a: Necrozma
|-supereffective|p1a: Necrozma
|-damage|p1a: Necrozma|9/100
|
|-heal|p1a: Necrozma|15/100|[from] item: Leftovers
|upkeep
|turn|7
|
|t:|1668755123
|move|p1a: Necrozma|Iron Head|p2a: Eternatus
|-damage|p2a: Eternatus|29/100 par
|cant|p2a: Eternatus|flinch
|
|-heal|p1a: Necrozma|21/100|[from] item: Leftovers
|upkeep
|turn|8
|
|t:|1668755129
|move|p1a: Necrozma|Iron Head|p2a: Eternatus
|-damage|p2a: Eternatus|0 fnt
|faint|p2a: Eternatus
|
|-heal|p1a: Necrozma|27/100|[from] item: Leftovers
|upkeep
|
|t:|1668755137
|switch|p2a: Kyogre|Kyogre|100/100
|-damage|p2a: Kyogre|88/100|[from] Stealth Rock
|-weather|RainDance|[from] ability: Drizzle|[of] p2a: Kyogre
|turn|9
|
|t:|1668755152
|switch|p2a: Slurpuff|Slurpuff, M|100/100
|-damage|p2a: Slurpuff|88/100|[from] Stealth Rock
|move|p1a: Necrozma|Iron Head|p2a: Slurpuff
|-supereffective|p2a: Slurpuff
|-damage|p2a: Slurpuff|0 fnt
|faint|p2a: Slurpuff
|
|-weather|RainDance|[upkeep]
|-heal|p1a: Necrozma|33/100|[from] item: Leftovers
|upkeep
|
|t:|1668755161
|switch|p2a: Kyogre|Kyogre|88/100
|-damage|p2a: Kyogre|76/100|[from] Stealth Rock
|turn|10
|
|t:|1668755167
|switch|p1a: Eternatus|Eternatus|100/100
|-ability|p1a: Eternatus|Pressure
|move|p2a: Kyogre|Thunder|p1a: Eternatus
|-resisted|p1a: Eternatus
|-damage|p1a: Eternatus|77/100
|
|-weather|RainDance|[upkeep]
|upkeep
|turn|11
|
|t:|1668755176
|switch|p1a: Ferrothorn|Ferrothorn, F|100/100
|move|p2a: Kyogre|Thunder|p1a: Ferrothorn
|-resisted|p1a: Ferrothorn
|-damage|p1a: Ferrothorn|74/100
|-status|p1a: Ferrothorn|par
|
|-weather|RainDance|[upkeep]
|-heal|p1a: Ferrothorn|81/100 par|[from] item: Leftovers
|upkeep
|turn|12
|
|t:|1668755188
|switch|p2a: Yveltal|Yveltal|100/100
|-damage|p2a: Yveltal|76/100|[from] Stealth Rock
|-ability|p2a: Yveltal|Dark Aura
|move|p1a: Ferrothorn|Leech Seed|p2a: Yveltal
|-start|p2a: Yveltal|move: Leech Seed
|
|-weather|RainDance|[upkeep]
|-heal|p1a: Ferrothorn|87/100 par|[from] item: Leftovers
|-damage|p2a: Yveltal|63/100|[from] Leech Seed|[of] p1a: Ferrothorn
|-heal|p1a: Ferrothorn|100/100 par|[silent]
|upkeep
|turn|13
|
|t:|1668755198
|switch|p1a: Eternatus|Eternatus|77/100
|-ability|p1a: Eternatus|Pressure
|move|p2a: Yveltal|Oblivion Wing|p1a: Eternatus
|-damage|p1a: Eternatus|34/100
|-heal|p2a: Yveltal|100/100|[from] drain|[of] p1a: Eternatus
|-damage|p2a: Yveltal|91/100|[from] item: Life Orb
|
|-weather|none
|-damage|p2a: Yveltal|78/100|[from] Leech Seed|[of] p1a: Eternatus
|-heal|p1a: Eternatus|44/100|[silent]
|upkeep
|turn|14
|
|t:|1668755209
|move|p2a: Yveltal|Sucker Punch||[still]
|-fail|p2a: Yveltal
|move|p1a: Eternatus|Recover|p1a: Eternatus
|-heal|p1a: Eternatus|94/100
|
|-damage|p2a: Yveltal|66/100|[from] Leech Seed|[of] p1a: Eternatus
|-heal|p1a: Eternatus|100/100|[silent]
|upkeep
|turn|15
|
|t:|1668755215
|move|p1a: Eternatus|Draco Meteor|p2a: Yveltal
|-damage|p2a: Yveltal|15/100
|-unboost|p1a: Eternatus|spa|2
|move|p2a: Yveltal|Taunt|p1a: Eternatus
|-start|p1a: Eternatus|move: Taunt
|
|-damage|p2a: Yveltal|3/100|[from] Leech Seed|[of] p1a: Eternatus
|upkeep
|turn|16
|
|t:|1668755227
|switch|p1a: Ho-Oh|Ho-Oh|100/100
|switch|p2a: Necrozma|Necrozma-Dusk-Mane|100/100
|-damage|p2a: Necrozma|94/100|[from] Stealth Rock
|
|upkeep
|turn|17
|
|t:|1668755234
|move|p1a: Ho-Oh|Sacred Fire|p2a: Necrozma
|-supereffective|p2a: Necrozma
|-damage|p2a: Necrozma|35/100
|move|p2a: Necrozma|Dragon Dance|p2a: Necrozma
|-boost|p2a: Necrozma|atk|1
|-boost|p2a: Necrozma|spe|1
|
|upkeep
|turn|18
|j| corvere
|
|t:|1668755242
|switch|p1a: Ferrothorn|Ferrothorn, F|100/100 par
|move|p2a: Necrozma|Stone Edge|p1a: Ferrothorn
|-resisted|p1a: Ferrothorn
|-damage|p1a: Ferrothorn|75/100 par
|-damage|p2a: Necrozma|26/100|[from] item: Life Orb
|
|-heal|p1a: Ferrothorn|82/100 par|[from] item: Leftovers
|upkeep
|turn|19
|
|t:|1668755251
|move|p2a: Necrozma|Earthquake|p1a: Ferrothorn
|-damage|p1a: Ferrothorn|31/100 par
|-damage|p2a: Necrozma|16/100|[from] item: Life Orb
|cant|p1a: Ferrothorn|par
|
|-heal|p1a: Ferrothorn|38/100 par|[from] item: Leftovers
|upkeep
|turn|20
|
|t:|1668755270
|move|p2a: Necrozma|Earthquake|p1a: Ferrothorn
|-damage|p1a: Ferrothorn|0 fnt
|faint|p1a: Ferrothorn
|-damage|p2a: Necrozma|6/100|[from] item: Life Orb
|
|upkeep
|
|t:|1668755273
|switch|p1a: Marshadow|Marshadow|100/100
|turn|21
|c|☆Hoennseptile|Gg
|
|t:|1668755281
|switch|p2a: Yveltal|Yveltal|3/100
|-damage|p2a: Yveltal|0 fnt|[from] Stealth Rock
|faint|p2a: Yveltal
|move|p1a: Marshadow|Shadow Sneak|p2: Yveltal|[notarget]
|-fail|p1a: Marshadow
|
|upkeep
|
|t:|1668755288
|switch|p2a: Kyogre|Kyogre|76/100
|-damage|p2a: Kyogre|64/100|[from] Stealth Rock
|-weather|RainDance|[from] ability: Drizzle|[of] p2a: Kyogre
|turn|22
|c|☆TheDivaDollHerself|gg
|-message|TheDivaDollHerself forfeited.
|
|win|Hoennseptile
|n|☆Hoennseptile|hoennseptile
|n|☆TheDivaDollHerself|thedivadollherself
|n| BB-8-NU|bb8nu
|n| theegreenone|theegreenone
|n| corvere|corvere
