|j|☆WhalesAreAwesome!
|j|☆Malkobaran
|t:|1617808479
|gametype|singles
|player|p1|WhalesAreAwesome!|hiker|1320
|player|p2|Malkobaran|2|1534
|teamsize|p1|6
|teamsize|p2|6
|gen|8
|tier|[Gen 8] Ubers
|rated|
|clearpoke
|poke|p1|Necrozma-Dusk-Mane|
|poke|p1|Darmanitan-Galar, F|
|poke|p1|Slurpuff, M|
|poke|p1|Yveltal|
|poke|p1|Calyrex-Shadow|
|poke|p1|Zapdos-Galar|
|poke|p2|Zygarde|
|poke|p2|Xerneas|
|poke|p2|Genesect|
|poke|p2|Groudon|
|poke|p2|Grimmsnarl, M|
|poke|p2|Regieleki|
|rule|Sleep Clause Mod: Limit one foe put to sleep
|rule|Species Clause: Limit one of each Pokémon
|rule|OHKO Clause: OHKO moves are banned
|rule|Evasion Moves Clause: Evasion moves are banned
|rule|Endless Battle Clause: Forcing endless battles is banned
|rule|HP Percentage Mod: HP is shown in percentages
|rule|Dynamax Clause: You cannot dynamax
|teampreview
|
|t:|1617808495
|start
|switch|p1a: Slurpuff|Slurpuff, M|100/100
|switch|p2a: Grimmsnarl|Grimmsnarl, M, shiny|100/100
|turn|1
|
|t:|1617808506
|move|p2a: Grimmsnarl|Taunt|p1a: Slurpuff
|-start|p1a: Slurpuff|move: Taunt
|cant|p1a: Slurpuff|move: Taunt|Sticky Web
|
|upkeep
|turn|2
|
|t:|1617808512
|move|p2a: Grimmsnarl|Reflect|p2a: Grimmsnarl
|-sidestart|p2: Malkobaran|Reflect
|move|p1a: Slurpuff|Endeavor|p2a: Grimmsnarl
|-damage|p2a: Grimmsnarl|70/100
|
|upkeep
|turn|3
|inactive|Battle timer is ON: inactive players will automatically lose when time's up. (requested by Malkobaran)
|
|t:|1617808517
|switch|p1a: Necrozma|Necrozma-Dusk-Mane|100/100
|move|p2a: Grimmsnarl|Light Screen|p2a: Grimmsnarl
|-sidestart|p2: Malkobaran|move: Light Screen
|
|upkeep
|turn|4
|
|t:|1617808520
|move|p2a: Grimmsnarl|Thunder Wave|p1a: Necrozma
|-status|p1a: Necrozma|par
|move|p1a: Necrozma|Toxic|p2a: Grimmsnarl
|-status|p2a: Grimmsnarl|tox
|
|-damage|p2a: Grimmsnarl|64/100 tox|[from] psn
|upkeep
|turn|5
|
|t:|1617808525
|move|p2a: Grimmsnarl|Taunt|p1a: Necrozma
|-start|p1a: Necrozma|move: Taunt
|cant|p1a: Necrozma|move: Taunt|Toxic
|
|-damage|p2a: Grimmsnarl|52/100 tox|[from] psn
|upkeep
|turn|6
|
|t:|1617808532
|switch|p2a: Groudon|Groudon, shiny|100/100
|-weather|SunnyDay|[from] ability: Drought|[of] p2a: Groudon
|move|p1a: Necrozma|Sunsteel Strike|p2a: Groudon
|-damage|p2a: Groudon|83/100
|
|-weather|SunnyDay|[upkeep]
|-heal|p2a: Groudon|89/100|[from] item: Leftovers
|upkeep
|turn|7
|
|t:|1617808538
|switch|p1a: Slurpuff|Slurpuff, M|100/100
|move|p2a: Groudon|Rock Polish|p2a: Groudon
|-boost|p2a: Groudon|spe|2
|
|-weather|SunnyDay|[upkeep]
|-heal|p2a: Groudon|95/100|[from] item: Leftovers
|upkeep
|turn|8
|
|t:|1617808546
|move|p2a: Groudon|Earthquake|p1a: Slurpuff
|-damage|p1a: Slurpuff|18/100
|move|p1a: Slurpuff|Sticky Web|p2a: Groudon
|-sidestart|p2: Malkobaran|move: Sticky Web
|
|-weather|SunnyDay|[upkeep]
|-heal|p2a: Groudon|100/100|[from] item: Leftovers
|upkeep
|turn|9
|
|t:|1617808556
|move|p2a: Groudon|Heat Crash|p1a: Slurpuff
|-crit|p1a: Slurpuff
|-damage|p1a: Slurpuff|0 fnt
|faint|p1a: Slurpuff
|
|-weather|SunnyDay|[upkeep]
|-sideend|p2: Malkobaran|Reflect
|upkeep
|
|t:|1617808568
|switch|p1a: Necrozma|Necrozma-Dusk-Mane|100/100 par
|turn|10
|
|t:|1617808572
|move|p2a: Groudon|Swords Dance|p2a: Groudon
|-boost|p2a: Groudon|atk|2
|move|p1a: Necrozma|Toxic|p2a: Groudon
|-status|p2a: Groudon|tox
|
|-weather|none
|-damage|p2a: Groudon|94/100 tox|[from] psn
|-sideend|p2: Malkobaran|move: Light Screen
|upkeep
|turn|11
|
|t:|1617808578
|move|p2a: Groudon|Earthquake|p1a: Necrozma
|-supereffective|p1a: Necrozma
|-damage|p1a: Necrozma|0 fnt
|faint|p1a: Necrozma
|
|-heal|p2a: Groudon|100/100 tox|[from] item: Leftovers
|-damage|p2a: Groudon|88/100 tox|[from] psn
|upkeep
|
|t:|1617808588
|switch|p1a: Zapdos|Zapdos-Galar|100/100
|turn|12
|
|t:|1617808594
|move|p2a: Groudon|Heat Crash|p1a: Zapdos
|-damage|p1a: Zapdos|0 fnt
|faint|p1a: Zapdos
|
|-heal|p2a: Groudon|94/100 tox|[from] item: Leftovers
|-damage|p2a: Groudon|76/100 tox|[from] psn
|upkeep
|
|t:|1617808599
|switch|p1a: Yveltal|Yveltal|100/100
|-ability|p1a: Yveltal|Dark Aura
|turn|13
|
|t:|1617808604
|move|p2a: Groudon|Heat Crash|p1a: Yveltal
|-damage|p1a: Yveltal|31/100
|move|p1a: Yveltal|Oblivion Wing|p2a: Groudon
|-damage|p2a: Groudon|37/100 tox
|-heal|p1a: Yveltal|56/100|[from] drain|[of] p2a: Groudon
|
|-heal|p2a: Groudon|43/100 tox|[from] item: Leftovers
|-damage|p2a: Groudon|19/100 tox|[from] psn
|upkeep
|turn|14
|
|t:|1617808621
|move|p2a: Groudon|Heat Crash|p1a: Yveltal
|-damage|p1a: Yveltal|0 fnt
|faint|p1a: Yveltal
|
|-heal|p2a: Groudon|25/100 tox|[from] item: Leftovers
|-damage|p2a: Groudon|0 fnt|[from] psn
|faint|p2a: Groudon
|upkeep
|
|t:|1617808625
|switch|p1a: Darmanitan|Darmanitan-Galar, F|100/100
|switch|p2a: Grimmsnarl|Grimmsnarl, M, shiny|52/100 tox
|-activate|p2a: Grimmsnarl|move: Sticky Web
|-unboost|p2a: Grimmsnarl|spe|1
|turn|15
|
|t:|1617808631
|move|p2a: Grimmsnarl|Reflect|p2a: Grimmsnarl
|-sidestart|p2: Malkobaran|Reflect
|move|p1a: Darmanitan|U-turn|p2a: Grimmsnarl
|-damage|p2a: Grimmsnarl|18/100 tox
|
|t:|1617808634
|switch|p1a: Calyrex|Calyrex-Shadow|100/100|[from]move: U-turn
|-ability|p1a: Calyrex|As One
|-ability|p1a: Calyrex|Unnerve
|
|-damage|p2a: Grimmsnarl|12/100 tox|[from] psn
|upkeep
|turn|16
|
|t:|1617808639
|move|p2a: Grimmsnarl|Light Screen|p2a: Grimmsnarl
|-sidestart|p2: Malkobaran|move: Light Screen
|move|p1a: Calyrex|Substitute|p1a: Calyrex
|-start|p1a: Calyrex|Substitute
|-damage|p1a: Calyrex|76/100
|
|-heal|p1a: Calyrex|82/100|[from] item: Leftovers
|-damage|p2a: Grimmsnarl|0 fnt|[from] psn
|faint|p2a: Grimmsnarl
|upkeep
|
|t:|1617808647
|switch|p2a: Xerneas|Xerneas, shiny|100/100
|-activate|p2a: Xerneas|move: Sticky Web
|-unboost|p2a: Xerneas|spe|1
|-ability|p2a: Xerneas|Fairy Aura
|turn|17
|
|t:|1617808650
|move|p1a: Calyrex|Will-O-Wisp|p2a: Xerneas
|-status|p2a: Xerneas|brn
|move|p2a: Xerneas|Geomancy||[still]
|-prepare|p2a: Xerneas|Geomancy
|-enditem|p2a: Xerneas|Power Herb
|-anim|p2a: Xerneas|Geomancy|p2a: Xerneas
|-boost|p2a: Xerneas|spa|2
|-boost|p2a: Xerneas|spd|2
|-boost|p2a: Xerneas|spe|2
|
|-heal|p1a: Calyrex|88/100|[from] item: Leftovers
|-damage|p2a: Xerneas|94/100 brn|[from] brn
|upkeep
|turn|18
|
|t:|1617808660
|move|p2a: Xerneas|Moonblast|p1a: Calyrex
|-end|p1a: Calyrex|Substitute
|move|p1a: Calyrex|Substitute|p1a: Calyrex
|-start|p1a: Calyrex|Substitute
|-damage|p1a: Calyrex|63/100
|
|-heal|p1a: Calyrex|69/100|[from] item: Leftovers
|-damage|p2a: Xerneas|88/100 brn|[from] brn
|upkeep
|turn|19
|
|t:|1617808669
|move|p2a: Xerneas|Moonblast|p1a: Calyrex
|-end|p1a: Calyrex|Substitute
|move|p1a: Calyrex|Substitute|p1a: Calyrex
|-start|p1a: Calyrex|Substitute
|-damage|p1a: Calyrex|44/100
|
|-heal|p1a: Calyrex|50/100|[from] item: Leftovers
|-damage|p2a: Xerneas|82/100 brn|[from] brn
|upkeep
|turn|20
|
|t:|1617808673
|move|p2a: Xerneas|Moonblast|p1a: Calyrex
|-end|p1a: Calyrex|Substitute
|move|p1a: Calyrex|Substitute|p1a: Calyrex
|-start|p1a: Calyrex|Substitute
|-damage|p1a: Calyrex|25/100
|
|-heal|p1a: Calyrex|32/100|[from] item: Leftovers
|-damage|p2a: Xerneas|76/100 brn|[from] brn
|upkeep
|turn|21
|
|t:|1617808676
|move|p2a: Xerneas|Moonblast|p1a: Calyrex
|-end|p1a: Calyrex|Substitute
|move|p1a: Calyrex|Substitute|p1a: Calyrex
|-start|p1a: Calyrex|Substitute
|-damage|p1a: Calyrex|7/100
|
|-heal|p1a: Calyrex|13/100|[from] item: Leftovers
|-damage|p2a: Xerneas|70/100 brn|[from] brn
|upkeep
|turn|22
|
|t:|1617808679
|move|p2a: Xerneas|Moonblast|p1a: Calyrex
|-end|p1a: Calyrex|Substitute
|move|p1a: Calyrex|Hex|p2a: Xerneas
|-damage|p2a: Xerneas|52/100 brn
|
|-heal|p1a: Calyrex|19/100|[from] item: Leftovers
|-damage|p2a: Xerneas|46/100 brn|[from] brn
|-sideend|p2: Malkobaran|Reflect
|upkeep
|turn|23
|
|t:|1617808681
|move|p2a: Xerneas|Moonblast|p1a: Calyrex
|-damage|p1a: Calyrex|0 fnt
|faint|p1a: Calyrex
|
|-damage|p2a: Xerneas|40/100 brn|[from] brn
|-sideend|p2: Malkobaran|move: Light Screen
|upkeep
|c|☆WhalesAreAwesome!|gg
|
|t:|1617808686
|switch|p1a: Darmanitan|Darmanitan-Galar, F|100/100
|turn|24
|
|t:|1617808687
|move|p2a: Xerneas|Moonblast|p1a: Darmanitan
|-damage|p1a: Darmanitan|0 fnt
|faint|p1a: Darmanitan
|
|win|Malkobaran
|raw|WhalesAreAwesome!'s rating: 1320 &rarr; <strong>1311</strong><br />(-9 for losing)
|raw|Malkobaran's rating: 1534 &rarr; <strong>1543</strong><br />(+9 for winning)
|l|☆WhalesAreAwesome!
||Ladder isn't responding, score probably updated but might not have (Request timeout).
