|j|☆Drabrine
|j|☆Slowpokeke
|t:|1605006725
|player|p1|Drabrine|burglar|1299
|player|p2|Slowpokeke|pokefanf-gen4|1171
|teamsize|p1|6
|teamsize|p2|6
|gametype|singles
|gen|8
|tier|[Gen 8] Ubers
|rated|
|clearpoke
|poke|p1|Eternatus|
|poke|p1|Shuckle, F|
|poke|p1|Blaziken, F|
|poke|p1|Aggron, M|
|poke|p1|Azumarill, F|
|poke|p1|Ditto|
|poke|p2|Calyrex-Ice|
|poke|p2|Magearna|
|poke|p2|Azelf|
|poke|p2|Ditto|
|poke|p2|Melmetal|
|poke|p2|Yveltal|
|rule|Sleep Clause Mod: Limit one foe put to sleep
|rule|Species Clause: Limit one of each Pokémon
|rule|OHKO Clause: OHKO moves are banned
|rule|Evasion Moves Clause: Evasion moves are banned
|rule|Endless Battle Clause: Forcing endless battles is banned
|rule|HP Percentage Mod: HP is shown in percentages
|teampreview
|inactive|Battle timer is ON: inactive players will automatically lose when time's up. (requested by Slowpokeke)
|
|t:|1605006731
|start
|switch|p1a: Shuckle|Shuckle, F|100/100
|switch|p2a: Melmetal|Melmetal|100/100
|turn|1
|
|t:|1605006736
|move|p2a: Melmetal|Double Iron Bash|p1a: Shuckle
|-supereffective|p1a: Shuckle
|-damage|p1a: Shuckle|17/100
|-supereffective|p1a: Shuckle
|-damage|p1a: Shuckle|0 fnt
|-hitcount|p1a: Shuckle|2
|faint|p1a: Shuckle
|
|upkeep
|
|t:|1605006742
|switch|p1a: Blaziken|Blaziken, F, shiny|100/100
|turn|2
|
|t:|1605006746
|-start|p1a: Blaziken|Dynamax
|-heal|p1a: Blaziken|100/100|[silent]
|-start|p2a: Melmetal|Dynamax
|-heal|p2a: Melmetal|100/100|[silent]
|move|p1a: Blaziken|Max Flare|p2a: Melmetal
|-supereffective|p2a: Melmetal
|-damage|p2a: Melmetal|51/100
|-weather|SunnyDay
|-damage|p1a: Blaziken|96/100|[from] item: Life Orb
|move|p2a: Melmetal|Max Quake|p1a: Blaziken
|-supereffective|p1a: Blaziken
|-damage|p1a: Blaziken|19/100
|-boost|p2a: Melmetal|spd|1
|
|-weather|SunnyDay|[upkeep]
|-ability|p1a: Blaziken|Speed Boost|boost
|-boost|p1a: Blaziken|spe|1
|upkeep
|turn|3
|
|t:|1605006762
|-end|p2a: Melmetal|Dynamax
|-heal|p2a: Melmetal|51/100|[silent]
|switch|p2a: Yveltal|Yveltal|100/100
|-ability|p2a: Yveltal|Dark Aura
|move|p1a: Blaziken|Max Flare|p2a: Yveltal
|-damage|p2a: Yveltal|0 fnt
|-damage|p1a: Blaziken|14/100|[from] item: Life Orb
|faint|p2a: Yveltal
|
|-weather|SunnyDay|[upkeep]
|-ability|p1a: Blaziken|Speed Boost|boost
|-boost|p1a: Blaziken|spe|1
|upkeep
|
|t:|1605006763
|switch|p2a: Azelf|Azelf|100/100
|turn|4
|
|t:|1605006777
|move|p1a: Blaziken|Max Airstream|p2a: Azelf
|-enditem|p2a: Azelf|Focus Sash
|-damage|p2a: Azelf|1/100
|-boost|p1a: Blaziken|spe|1
|-damage|p1a: Blaziken|9/100|[from] item: Life Orb
|move|p2a: Azelf|Trick Room|p2a: Azelf
|-fieldstart|move: Trick Room|[of] p2a: Azelf
|
|-weather|SunnyDay|[upkeep]
|-ability|p1a: Blaziken|Speed Boost|boost
|-boost|p1a: Blaziken|spe|1
|-end|p1a: Blaziken|Dynamax
|-heal|p1a: Blaziken|9/100|[silent]
|upkeep
|turn|5
|
|t:|1605006790
|move|p2a: Azelf|Psychic|p1a: Blaziken
|-supereffective|p1a: Blaziken
|-damage|p1a: Blaziken|0 fnt
|faint|p1a: Blaziken
|
|-weather|SunnyDay|[upkeep]
|upkeep
|
|t:|1605006799
|switch|p1a: Eternatus|Eternatus|100/100
|-ability|p1a: Eternatus|Pressure
|turn|6
|
|t:|1605006805
|move|p1a: Eternatus|Flamethrower|p2a: Azelf
|-damage|p2a: Azelf|0 fnt
|faint|p2a: Azelf
|
|-weather|none
|upkeep
|
|t:|1605006808
|switch|p2a: Calyrex|Calyrex-Ice|100/100
|-ability|p2a: Calyrex|As One
|-ability|p2a: Calyrex|Unnerve|p1: Drabrine
|turn|7
|
|t:|1605006814
|move|p2a: Calyrex|Glacial Lance|p1a: Eternatus
|-supereffective|p1a: Eternatus
|-damage|p1a: Eternatus|0 fnt
|-damage|p2a: Calyrex|91/100|[from] item: Life Orb
|faint|p1a: Eternatus
|-ability|p2a: Calyrex|Chilling Neigh|boost
|-boost|p2a: Calyrex|atk|1
|
|upkeep
|
|t:|1605006821
|switch|p1a: thx for the boost|Ditto, shiny|100/100
|-transform|p1a: thx for the boost|p2a: Calyrex|[from] ability: Imposter
|turn|8
|
|t:|1605006832
|move|p2a: Calyrex|Close Combat|p1a: thx for the boost
|-damage|p1a: thx for the boost|8/100
|-unboost|p2a: Calyrex|def|1
|-unboost|p2a: Calyrex|spd|1
|-damage|p2a: Calyrex|81/100|[from] item: Life Orb
|move|p1a: thx for the boost|Glacial Lance|p2a: Calyrex
|-resisted|p2a: Calyrex
|-damage|p2a: Calyrex|18/100
|
|-fieldend|move: Trick Room
|upkeep
|turn|9
|
|t:|1605006847
|switch|p2a: Melmetal|Melmetal|51/100
|move|p1a: thx for the boost|Glacial Lance|p2a: Melmetal
|-resisted|p2a: Melmetal
|-damage|p2a: Melmetal|16/100
|
|upkeep
|turn|10
|
|t:|1605006853
|move|p1a: thx for the boost|Glacial Lance|p2a: Melmetal
|-resisted|p2a: Melmetal
|-damage|p2a: Melmetal|0 fnt
|faint|p2a: Melmetal
|-ability|p1a: thx for the boost|Chilling Neigh|boost
|-boost|p1a: thx for the boost|atk|1
|
|upkeep
|
|t:|1605006854
|switch|p2a: Magearna|Magearna|100/100
|turn|11
|
|t:|1605006860
|move|p1a: thx for the boost|Glacial Lance|p2a: Magearna
|-resisted|p2a: Magearna
|-damage|p2a: Magearna|29/100
|move|p2a: Magearna|Flash Cannon|p1a: thx for the boost
|-supereffective|p1a: thx for the boost
|-damage|p1a: thx for the boost|0 fnt
|faint|p1a: thx for the boost
|-ability|p2a: Magearna|Soul-Heart|boost
|-boost|p2a: Magearna|spa|1
|
|upkeep
|
|t:|1605006869
|switch|p1a: Aggron|Aggron, M, shiny|100/100
|-item|p1a: Aggron|Air Balloon
|turn|12
|
|t:|1605006875
|move|p2a: Magearna|Flash Cannon|p1a: Aggron
|-ability|p1a: Aggron|Sturdy
|-damage|p1a: Aggron|1/100
|-unboost|p1a: Aggron|spd|1
|-enditem|p1a: Aggron|Air Balloon
|move|p1a: Aggron|Earthquake|p2a: Magearna
|-supereffective|p2a: Magearna
|-damage|p2a: Magearna|0 fnt
|faint|p2a: Magearna
|
|upkeep
|
|t:|1605006879
|switch|p2a: Calyrex|Calyrex-Ice|18/100
|-ability|p2a: Calyrex|As One
|-ability|p2a: Calyrex|Unnerve|p1: Drabrine
|turn|13
|
|t:|1605006890
|move|p2a: Calyrex|Glacial Lance|p1a: Aggron
|-resisted|p1a: Aggron
|-damage|p1a: Aggron|0 fnt
|-damage|p2a: Calyrex|8/100|[from] item: Life Orb
|faint|p1a: Aggron
|-ability|p2a: Calyrex|Chilling Neigh|boost
|-boost|p2a: Calyrex|atk|1
|
|upkeep
|
|t:|1605006897
|switch|p1a: Azumarill|Azumarill, F|100/100
|turn|14
|
|t:|1605006900
|move|p1a: Azumarill|Aqua Jet|p2a: Calyrex
|-damage|p2a: Calyrex|0 fnt
|faint|p2a: Calyrex
|
|upkeep
|
|t:|1605006902
|switch|p2a: Ditto|Ditto|100/100
|-transform|p2a: Ditto|p1a: Azumarill|[from] ability: Imposter
|turn|15
|
|t:|1605006908
|move|p2a: Ditto|Play Rough|p1a: Azumarill
|-damage|p1a: Azumarill|42/100
|-enditem|p1a: Azumarill|Sitrus Berry|[eat]
|-heal|p1a: Azumarill|67/100|[from] item: Sitrus Berry
|move|p1a: Azumarill|Knock Off|p2a: Ditto
|-resisted|p2a: Ditto
|-damage|p2a: Ditto|73/100
|-enditem|p2a: Ditto|Choice Scarf|[from] move: Knock Off|[of] p1a: Azumarill
|
|upkeep
|turn|16
|
|t:|1605006917
|move|p1a: Azumarill|Play Rough|p2a: Ditto
|-damage|p2a: Ditto|0 fnt
|faint|p2a: Ditto
|
|win|Drabrine
|raw|Drabrine's rating: 1300 &rarr; <strong>1316</strong><br />(+16 for winning)
|raw|Slowpokeke's rating: 1172 &rarr; <strong>1155</strong><br />(-17 for losing)
|l|☆Slowpokeke
