|j|☆AUSTINPOPPRS
|j|☆PokeDuels
|t:|1640567363
|gametype|singles
|player|p1|AUSTINPOPPRS|swimmer-gen4dp|1536
|player|p2|PokeDuels|2|1653
|teamsize|p1|6
|teamsize|p2|6
|gen|8
|tier|[Gen 8] Ubers
|rated|
|rule|Sleep Clause Mod: Limit one foe put to sleep
|rule|Species Clause: Limit one of each Pokémon
|rule|OHKO Clause: OHKO moves are banned
|rule|Evasion Moves Clause: Evasion moves are banned
|rule|Endless Battle Clause: Forcing endless battles is banned
|rule|HP Percentage Mod: HP is shown in percentages
|rule|Dynamax Clause: You cannot dynamax
|clearpoke
|poke|p1|Necrozma-Dusk-Mane|
|poke|p1|Yveltal|
|poke|p1|Dracovish|
|poke|p1|Dialga|
|poke|p1|Lunala|
|poke|p1|Calyrex-Shadow|
|poke|p2|Weavile, F|
|poke|p2|Yveltal|
|poke|p2|Cloyster, F|
|poke|p2|Calyrex-Shadow|
|poke|p2|Necrozma-Dusk-Mane|
|poke|p2|Xerneas-*|
|teampreview
|j| Arkington
|l| Arkington
|
|t:|1640567414
|start
|switch|p1a: Lunala|Lunala|100/100
|switch|p2a: Yveltal|Yveltal|100/100
|-ability|p2a: Yveltal|Dark Aura
|turn|1
|
|t:|1640567419
|switch|p1a: Yveltal|Yveltal|100/100
|-ability|p1a: Yveltal|Dark Aura
|move|p2a: Yveltal|Knock Off|p1a: Yveltal
|-resisted|p1a: Yveltal
|-damage|p1a: Yveltal|66/100
|-enditem|p1a: Yveltal|Heavy-Duty Boots|[from] move: Knock Off|[of] p2a: Yveltal
|
|upkeep
|turn|2
|
|t:|1640567424
|move|p2a: Yveltal|Taunt|p1a: Yveltal
|-start|p1a: Yveltal|move: Taunt
|move|p1a: Yveltal|Knock Off|p2a: Yveltal
|-resisted|p2a: Yveltal
|-damage|p2a: Yveltal|73/100
|-enditem|p2a: Yveltal|Black Glasses|[from] move: Knock Off|[of] p1a: Yveltal
|
|upkeep
|turn|3
|
|t:|1640567426
|move|p2a: Yveltal|Knock Off|p1a: Yveltal
|-resisted|p1a: Yveltal
|-damage|p1a: Yveltal|47/100
|move|p1a: Yveltal|Oblivion Wing|p2a: Yveltal
|-damage|p2a: Yveltal|36/100
|-heal|p1a: Yveltal|71/100|[from] drain|[of] p2a: Yveltal
|
|upkeep
|turn|4
|
|t:|1640567435
|move|p2a: Yveltal|Sucker Punch|p1a: Yveltal
|-resisted|p1a: Yveltal
|-damage|p1a: Yveltal|52/100
|move|p1a: Yveltal|U-turn|p2a: Yveltal
|-damage|p2a: Yveltal|14/100
|
|t:|1640567442
|switch|p1a: Dialga|Dialga|100/100|[from]move: U-turn
|-ability|p1a: Dialga|Pressure
|
|upkeep
|turn|5
|
|t:|1640567445
|move|p2a: Yveltal|Knock Off|p1a: Dialga
|-damage|p1a: Dialga|47/100
|-enditem|p1a: Dialga|Leftovers|[from] move: Knock Off|[of] p2a: Yveltal
|move|p1a: Dialga|Iron Head|p2a: Yveltal
|-damage|p2a: Yveltal|0 fnt
|faint|p2a: Yveltal
|
|upkeep
|
|t:|1640567449
|switch|p2a: Calyrex|Calyrex-Shadow|100/100
|-ability|p2a: Calyrex|As One
|-ability|p2a: Calyrex|Unnerve
|turn|6
|
|t:|1640567453
|move|p2a: Calyrex|Astral Barrage|p1a: Dialga
|-damage|p1a: Dialga|0 fnt
|faint|p1a: Dialga
|-ability|p2a: Calyrex|Grim Neigh|boost
|-boost|p2a: Calyrex|spa|1
|
|upkeep
|
|t:|1640567457
|switch|p1a: Yveltal|Yveltal|52/100
|-ability|p1a: Yveltal|Dark Aura
|turn|7
|
|t:|1640567460
|move|p2a: Calyrex|Encore||[still]
|-fail|p2a: Calyrex
|move|p1a: Yveltal|Knock Off|p2a: Calyrex
|-supereffective|p2a: Calyrex
|-enditem|p2a: Calyrex|Focus Sash
|-damage|p2a: Calyrex|1/100
|
|upkeep
|turn|8
|
|t:|1640567466
|move|p2a: Calyrex|Encore|p1a: Yveltal
|-start|p1a: Yveltal|Encore
|move|p1a: Yveltal|Knock Off|p2a: Calyrex
|-supereffective|p2a: Calyrex
|-damage|p2a: Calyrex|0 fnt
|faint|p2a: Calyrex
|
|upkeep
|
|t:|1640567474
|switch|p2a: Cloyster|Cloyster, F|100/100
|turn|9
|
|t:|1640567480
|move|p2a: Cloyster|Shell Smash|p2a: Cloyster
|-unboost|p2a: Cloyster|def|1
|-unboost|p2a: Cloyster|spd|1
|-boost|p2a: Cloyster|atk|2
|-boost|p2a: Cloyster|spa|2
|-boost|p2a: Cloyster|spe|2
|move|p1a: Yveltal|Knock Off|p2a: Cloyster
|-damage|p2a: Cloyster|21/100
|-enditem|p2a: Cloyster|Focus Sash|[from] move: Knock Off|[of] p1a: Yveltal
|
|upkeep
|turn|10
|
|t:|1640567488
|move|p2a: Cloyster|Icicle Spear|p1a: Yveltal
|-supereffective|p1a: Yveltal
|-damage|p1a: Yveltal|12/100
|-supereffective|p1a: Yveltal
|-damage|p1a: Yveltal|0 fnt
|faint|p1a: Yveltal
|-hitcount|p1: Yveltal|2
|
|upkeep
|
|t:|1640567491
|switch|p1a: Lunala|Lunala|100/100
|turn|11
|
|t:|1640567492
|move|p2a: Cloyster|Icicle Spear|p1a: Lunala
|-damage|p1a: Lunala|92/100
|-damage|p1a: Lunala|72/100
|-damage|p1a: Lunala|53/100
|-damage|p1a: Lunala|34/100
|-damage|p1a: Lunala|15/100
|-hitcount|p1a: Lunala|5
|move|p1a: Lunala|Trick Room|p1a: Lunala
|-fieldstart|move: Trick Room|[of] p1a: Lunala
|
|upkeep
|turn|12
|
|t:|1640567502
|move|p1a: Lunala|Moongeist Beam|p2a: Cloyster
|-damage|p2a: Cloyster|0 fnt
|faint|p2a: Cloyster
|
|upkeep
|
|t:|1640567505
|switch|p2a: Weavile|Weavile, F|100/100
|turn|13
|
|t:|1640567510
|move|p2a: Weavile|Ice Shard|p1a: Lunala
|-damage|p1a: Lunala|0 fnt
|faint|p1a: Lunala
|
|upkeep
|
|t:|1640567518
|switch|p1a: Necrozma|Necrozma-Dusk-Mane|100/100
|turn|14
|
|t:|1640567521
|move|p1a: Necrozma|Sunsteel Strike|p2a: Weavile
|-supereffective|p2a: Weavile
|-enditem|p2a: Weavile|Focus Sash
|-damage|p2a: Weavile|1/100
|-enditem|p1a: Necrozma|Weakness Policy|[silent]|[from] ability: Pickpocket|[of] p1a: Necrozma
|-item|p2a: Weavile|Weakness Policy|[from] ability: Pickpocket|[of] p1a: Necrozma
|move|p2a: Weavile|Knock Off|p1a: Necrozma
|-supereffective|p1a: Necrozma
|-damage|p1a: Necrozma|64/100
|
|upkeep
|turn|15
|
|t:|1640567535
|move|p1a: Necrozma|Sunsteel Strike|p2a: Weavile
|-supereffective|p2a: Weavile
|-damage|p2a: Weavile|0 fnt
|faint|p2a: Weavile
|
|-fieldend|move: Trick Room
|upkeep
|
|t:|1640567541
|switch|p2a: Necrozma|Necrozma-Dusk-Mane|100/100
|turn|16
|
|t:|1640567552
|move|p2a: Necrozma|Earthquake|p1a: Necrozma
|-supereffective|p1a: Necrozma
|-damage|p1a: Necrozma|4/100
|-damage|p2a: Necrozma|91/100|[from] item: Life Orb
|move|p1a: Necrozma|Trick Room|p1a: Necrozma
|-fieldstart|move: Trick Room|[of] p1a: Necrozma
|
|upkeep
|turn|17
|
|t:|1640567558
|move|p1a: Necrozma|Earthquake|p2a: Necrozma
|-supereffective|p2a: Necrozma
|-damage|p2a: Necrozma|51/100
|move|p2a: Necrozma|Substitute|p2a: Necrozma
|-start|p2a: Necrozma|Substitute
|-damage|p2a: Necrozma|26/100
|
|upkeep
|turn|18
|
|t:|1640567566
|move|p1a: Necrozma|Earthquake|p2a: Necrozma
|-supereffective|p2a: Necrozma
|-end|p2a: Necrozma|Substitute
|move|p2a: Necrozma|Substitute|p2a: Necrozma
|-start|p2a: Necrozma|Substitute
|-damage|p2a: Necrozma|2/100
|
|upkeep
|turn|19
|
|t:|1640567594
|move|p1a: Necrozma|Earthquake|p2a: Necrozma
|-supereffective|p2a: Necrozma
|-end|p2a: Necrozma|Substitute
|move|p2a: Necrozma|Sunsteel Strike|p1a: Necrozma
|-resisted|p1a: Necrozma
|-damage|p1a: Necrozma|0 fnt
|faint|p1a: Necrozma
|-damage|p2a: Necrozma|0 fnt|[from] item: Life Orb
|faint|p2a: Necrozma
|
|upkeep
|
|t:|1640567600
|switch|p1a: Dracovish|Dracovish|100/100
|switch|p2a: Xerneas|Xerneas|100/100
|-ability|p2a: Xerneas|Fairy Aura
|turn|20
|
|t:|1640567602
|move|p1a: Dracovish|Fishious Rend|p2a: Xerneas
|-damage|p2a: Xerneas|0 fnt
|faint|p2a: Xerneas
|
|win|AUSTINPOPPRS
|raw|AUSTINPOPPRS's rating: 1536 &rarr; <strong>1562</strong><br />(+26 for winning)
|raw|PokeDuels's rating: 1653 &rarr; <strong>1627</strong><br />(-26 for losing)
|c|☆AUSTINPOPPRS|gg
