|raw|<div class="broadcast-blue"><strong>This battle is required to be public due to a player having a name starting with 'ult9ns'.</div>
|j|☆rburburbu
|j|☆ULT9NSFlatemo
|t:|1653367731
|gametype|singles
|player|p1|rburburbu|erika|1499
|player|p2|ULT9NSFlatemo|evelyn|1418
|teamsize|p1|6
|teamsize|p2|6
|gen|8
|tier|[Gen 8] Ubers
|rated|
|rule|Sleep Clause Mod: Limit one foe put to sleep
|rule|Species Clause: Limit one of each Pokémon
|rule|OHKO Clause: OHKO moves are banned
|rule|Evasion Moves Clause: Evasion moves are banned
|rule|Endless Battle Clause: Forcing endless battles is banned
|rule|HP Percentage Mod: HP is shown in percentages
|rule|Dynamax Clause: You cannot dynamax
|clearpoke
|poke|p1|Yveltal|
|poke|p1|Eternatus|
|poke|p1|Necrozma-Dusk-Mane|
|poke|p1|Magnezone|
|poke|p1|Xerneas-*|
|poke|p1|Kyurem-Black|
|poke|p2|Necrozma-Dusk-Mane|
|poke|p2|Yveltal|
|poke|p2|Eternatus|
|poke|p2|Giratina-Origin|
|poke|p2|Xerneas-*|
|poke|p2|Marshadow|
|teampreview
|inactive|Battle timer is ON: inactive players will automatically lose when time's up. (requested by ULT9NSFlatemo)
|
|t:|1653367742
|start
|switch|p1a: Eternatus|Eternatus|100/100
|switch|p2a: Yveltal|Yveltal|100/100
|-ability|p1a: Eternatus|Pressure
|-ability|p2a: Yveltal|Dark Aura
|turn|1
|
|t:|1653367748
|switch|p1a: Yveltal|Yveltal|100/100
|-ability|p1a: Yveltal|Dark Aura
|switch|p2a: Necrozma|Necrozma-Dusk-Mane|100/100
|
|upkeep
|turn|2
|
|t:|1653367754
|move|p1a: Yveltal|U-turn|p2a: Necrozma
|-damage|p2a: Necrozma|85/100
|
|t:|1653367757
|switch|p1a: Magnezone|Magnezone|100/100|[from]move: U-turn
|-item|p1a: Magnezone|Air Balloon
|move|p2a: Necrozma|Stealth Rock|p1a: Magnezone
|-sidestart|p1: rburburbu|move: Stealth Rock
|
|-heal|p2a: Necrozma|91/100|[from] item: Leftovers
|upkeep
|turn|3
|
|t:|1653367762
|move|p1a: Magnezone|Magnet Rise|p1a: Magnezone
|-start|p1a: Magnezone|Magnet Rise
|move|p2a: Necrozma|Swords Dance|p2a: Necrozma
|-boost|p2a: Necrozma|atk|2
|
|-heal|p2a: Necrozma|97/100|[from] item: Leftovers
|upkeep
|turn|4
|
|t:|1653367767
|move|p1a: Magnezone|Iron Defense|p1a: Magnezone
|-boost|p1a: Magnezone|def|2
|move|p2a: Necrozma|Swords Dance|p2a: Necrozma
|-boost|p2a: Necrozma|atk|2
|
|-heal|p2a: Necrozma|100/100|[from] item: Leftovers
|upkeep
|turn|5
|
|t:|1653367771
|move|p1a: Magnezone|Iron Defense|p1a: Magnezone
|-boost|p1a: Magnezone|def|2
|move|p2a: Necrozma|Swords Dance|p2a: Necrozma
|-boost|p2a: Necrozma|atk|2
|
|upkeep
|turn|6
|
|t:|1653367774
|move|p1a: Magnezone|Iron Defense|p1a: Magnezone
|-boost|p1a: Magnezone|def|2
|move|p2a: Necrozma|Sunsteel Strike|p1a: Magnezone
|-resisted|p1a: Magnezone
|-damage|p1a: Magnezone|90/100
|-enditem|p1a: Magnezone|Air Balloon
|
|upkeep
|turn|7
|
|t:|1653367779
|move|p1a: Magnezone|Body Press|p2a: Necrozma
|-damage|p2a: Necrozma|38/100
|move|p2a: Necrozma|Sunsteel Strike|p1a: Magnezone
|-resisted|p1a: Magnezone
|-damage|p1a: Magnezone|79/100
|
|-heal|p2a: Necrozma|44/100|[from] item: Leftovers
|-end|p1a: Magnezone|Magnet Rise
|upkeep
|turn|8
|
|t:|1653367804
|move|p1a: Magnezone|Body Press|p2a: Necrozma
|-damage|p2a: Necrozma|0 fnt
|faint|p2a: Necrozma
|
|upkeep
|
|t:|1653367807
|switch|p2a: Marshadow|Marshadow|100/100
|turn|9
|
|t:|1653367818
|switch|p1a: Eternatus|Eternatus|100/100
|-damage|p1a: Eternatus|88/100|[from] Stealth Rock
|-ability|p1a: Eternatus|Pressure
|move|p2a: Marshadow|Spectral Thief|p1a: Eternatus
|-damage|p1a: Eternatus|38/100
|
|upkeep
|turn|10
|
|t:|1653367829
|switch|p1a: Yveltal|Yveltal|100/100
|-ability|p1a: Yveltal|Dark Aura
|move|p2a: Marshadow|Spectral Thief|p1a: Yveltal
|-resisted|p1a: Yveltal
|-damage|p1a: Yveltal|69/100
|
|upkeep
|turn|11
|
|t:|1653367836
|switch|p2a: Yveltal|Yveltal|100/100
|-ability|p2a: Yveltal|Dark Aura
|move|p1a: Yveltal|Defog|p2a: Yveltal
|-unboost|p2a: Yveltal|evasion|1
|-sideend|p1: rburburbu|Stealth Rock|[from] move: Defog|[of] p1a: Yveltal
|
|upkeep
|turn|12
|j| Chjjhfhv
|
|t:|1653367840
|move|p2a: Yveltal|Toxic|p1a: Yveltal|[miss]
|-miss|p2a: Yveltal|p1a: Yveltal
|move|p1a: Yveltal|Roost|p1a: Yveltal
|-heal|p1a: Yveltal|100/100
|-singleturn|p1a: Yveltal|move: Roost
|
|upkeep
|turn|13
|
|t:|1653367847
|move|p2a: Yveltal|Toxic|p1a: Yveltal
|-status|p1a: Yveltal|tox
|move|p1a: Yveltal|U-turn|p2a: Yveltal
|-damage|p2a: Yveltal|84/100
|
|t:|1653367855
|switch|p1a: Xerneas|Xerneas|100/100|[from]move: U-turn
|-ability|p1a: Xerneas|Fairy Aura
|
|upkeep
|turn|14
|
|t:|1653367858
|move|p2a: Yveltal|Knock Off|p1a: Xerneas
|-resisted|p1a: Xerneas
|-damage|p1a: Xerneas|79/100
|-enditem|p1a: Xerneas|Power Herb|[from] move: Knock Off|[of] p2a: Yveltal
|move|p1a: Xerneas|Geomancy||[still]
|-prepare|p1a: Xerneas|Geomancy
|
|upkeep
|turn|15
|
|t:|1653367862
|move|p2a: Yveltal|Toxic|p1a: Xerneas
|-status|p1a: Xerneas|tox
|move|p1a: Xerneas|Geomancy|p1a: Xerneas|[from]lockedmove
|-boost|p1a: Xerneas|spa|2
|-boost|p1a: Xerneas|spd|2
|-boost|p1a: Xerneas|spe|2
|
|-damage|p1a: Xerneas|73/100 tox|[from] psn
|upkeep
|turn|16
|j| Ul nerd
|
|t:|1653367865
|switch|p2a: Eternatus|Eternatus|100/100
|-ability|p2a: Eternatus|Pressure
|move|p1a: Xerneas|Block|p2a: Eternatus
|-activate|p2a: Eternatus|trapped
|
|-damage|p1a: Xerneas|61/100 tox|[from] psn
|upkeep
|turn|17
|
|t:|1653367869
|move|p1a: Xerneas|Rest|p1a: Xerneas
|-status|p1a: Xerneas|slp|[from] move: Rest
|-heal|p1a: Xerneas|100/100 slp|[silent]
|move|p2a: Eternatus|Flamethrower|p1a: Xerneas
|-damage|p1a: Xerneas|88/100 slp
|
|upkeep
|turn|18
|-message|ULT9NSFlatemo forfeited.
|
|win|rburburbu
|raw|rburburbu's rating: 1499 &rarr; <strong>1514</strong><br />(+15 for winning)
|raw|ULT9NSFlatemo's rating: 1418 &rarr; <strong>1403</strong><br />(-15 for losing)
|l|☆ULT9NSFlatemo
|l| Chjjhfhv
|j| Chjjhfhv
|l| Chjjhfhv
