|j|☆palapapop
|j|☆TaKuTo-SeNpAi
|player|p1|palapapop|benga|1691
|player|p2|TaKuTo-SeNpAi|anabel|1502
|teamsize|p1|6
|teamsize|p2|6
|gametype|singles
|gen|8
|tier|[Gen 8] Ubers
|rated|
|clearpoke
|poke|p1|Umbreon, M|
|poke|p1|Eternatus|
|poke|p1|Ditto|
|poke|p1|Zacian-Crowned|
|poke|p1|Dracovish|
|poke|p1|Quagsire, M|
|poke|p2|Reshiram|
|poke|p2|Lunala|
|poke|p2|Quagsire, M|
|poke|p2|Tyranitar, M|
|poke|p2|Corviknight, M|
|poke|p2|Excadrill, M|
|rule|Sleep Clause Mod: Limit one foe put to sleep
|rule|Species Clause: Limit one of each Pokémon
|rule|OHKO Clause: OHKO moves are banned
|rule|Evasion Moves Clause: Evasion moves are banned
|rule|Endless Battle Clause: Forcing endless battles is banned
|rule|HP Percentage Mod: HP is shown in percentages
|teampreview
|
|start
|switch|p1a: Dracovish|Dracovish|100/100
|switch|p2a: Tyranitar|Tyranitar, M, shiny|100/100
|-weather|Sandstorm|[from] ability: Sand Stream|[of] p2a: Tyranitar
|turn|1
|
|switch|p2a: Corviknight|Corviknight, M, shiny|100/100
|-ability|p2a: Corviknight|Pressure
|move|p1a: Dracovish|Fishious Rend|p2a: Corviknight
|-damage|p2a: Corviknight|7/100
|
|-weather|Sandstorm|[upkeep]
|-damage|p1a: Dracovish|94/100|[from] Sandstorm
|-heal|p2a: Corviknight|13/100|[from] item: Leftovers
|upkeep
|turn|2
|
|move|p1a: Dracovish|Fishious Rend|p2a: Corviknight
|-crit|p2a: Corviknight
|-damage|p2a: Corviknight|0 fnt
|faint|p2a: Corviknight
|
|-weather|Sandstorm|[upkeep]
|-damage|p1a: Dracovish|88/100|[from] Sandstorm
|upkeep
|
|switch|p2a: Excadrill|Excadrill, M, shiny|100/100
|turn|3
|
|-start|p1a: Dracovish|Dynamax
|-heal|p1a: Dracovish|88/100|[silent]
|move|p2a: Excadrill|Earthquake|p1a: Dracovish
|-damage|p1a: Dracovish|48/100
|-damage|p2a: Excadrill|91/100|[from] item: Life Orb
|move|p1a: Dracovish|Max Geyser|p2a: Excadrill
|-supereffective|p2a: Excadrill
|-damage|p2a: Excadrill|0 fnt
|-weather|RainDance
|faint|p2a: Excadrill
|
|-weather|RainDance|[upkeep]
|upkeep
|j| CHESSMAN13
|
|switch|p2a: Reshiram|Reshiram, shiny|100/100
|-ability|p2a: Reshiram|Turboblaze
|turn|4
|
|-end|p1a: Dracovish|Dynamax
|-heal|p1a: Dracovish|48/100|[silent]
|switch|p1a: Zacian|Zacian-Crowned|100/100
|-ability|p1a: Zacian|Intrepid Sword|boost
|-boost|p1a: Zacian|atk|1
|move|p2a: Reshiram|Draco Meteor|p1a: Zacian
|-immune|p1a: Zacian
|
|-weather|RainDance|[upkeep]
|upkeep
|turn|5
|
|switch|p2a: Quagsire|Quagsire, M, shiny|100/100
|move|p1a: Zacian|Psychic Fangs|p2a: Quagsire
|-damage|p2a: Quagsire|75/100
|
|-weather|RainDance|[upkeep]
|-heal|p2a: Quagsire|81/100|[from] item: Leftovers
|upkeep
|turn|6
|l| CHESSMAN13
|
|switch|p1a: Dracovish|Dracovish|48/100
|move|p2a: Quagsire|Curse|p2a: Quagsire
|-unboost|p2a: Quagsire|spe|1
|-boost|p2a: Quagsire|atk|1
|-boost|p2a: Quagsire|def|1
|
|-weather|RainDance|[upkeep]
|-heal|p2a: Quagsire|87/100|[from] item: Leftovers
|upkeep
|turn|7
|
|move|p1a: Dracovish|Fishious Rend|p2a: Quagsire
|-damage|p2a: Quagsire|0 fnt
|faint|p2a: Quagsire
|
|-weather|none
|upkeep
|
|switch|p2a: Reshiram|Reshiram, shiny|100/100
|-ability|p2a: Reshiram|Turboblaze
|turn|8
|
|switch|p1a: Umbreon|Umbreon, M|100/100
|move|p2a: Reshiram|Blue Flare|p1a: Umbreon
|-damage|p1a: Umbreon|59/100
|
|-heal|p1a: Umbreon|65/100|[from] item: Leftovers
|upkeep
|turn|9
|
|move|p2a: Reshiram|Blue Flare|p1a: Umbreon
|-damage|p1a: Umbreon|23/100
|-status|p1a: Umbreon|brn
|-activate|p1a: Umbreon|ability: Synchronize
|-immune|p2a: Reshiram
|move|p1a: Umbreon|Wish|p1a: Umbreon
|
|-heal|p1a: Umbreon|29/100 brn|[from] item: Leftovers
|-damage|p1a: Umbreon|23/100 brn|[from] brn
|upkeep
|turn|10
|
|-start|p2a: Reshiram|Dynamax
|-heal|p2a: Reshiram|100/100|[silent]
|move|p1a: Umbreon|Protect|p1a: Umbreon
|-singleturn|p1a: Umbreon|Protect
|move|p2a: Reshiram|Max Flare|p1a: Umbreon
|-zbroken|p1a: Umbreon
|-damage|p1a: Umbreon|13/100 brn
|-weather|SunnyDay
|
|-weather|SunnyDay|[upkeep]
|-heal|p1a: Umbreon|63/100 brn|[from] move: Wish|[wisher] Umbreon
|-heal|p1a: Umbreon|69/100 brn|[from] item: Leftovers
|-damage|p1a: Umbreon|63/100 brn|[from] brn
|upkeep
|turn|11
|inactive|Battle timer is ON: inactive players will automatically lose when time's up. (requested by TaKuTo-SeNpAi)
|
|move|p2a: Reshiram|Max Wyrmwind|p1a: Umbreon
|-damage|p1a: Umbreon|23/100 brn
|-unboost|p1a: Umbreon|atk|1
|move|p1a: Umbreon|Wish|p1a: Umbreon
|
|-weather|SunnyDay|[upkeep]
|-heal|p1a: Umbreon|29/100 brn|[from] item: Leftovers
|-damage|p1a: Umbreon|23/100 brn|[from] brn
|upkeep
|turn|12
|
|move|p1a: Umbreon|Protect|p1a: Umbreon
|-singleturn|p1a: Umbreon|Protect
|move|p2a: Reshiram|Max Flare|p1a: Umbreon
|-zbroken|p1a: Umbreon
|-damage|p1a: Umbreon|7/100 brn
|
|-weather|SunnyDay|[upkeep]
|-heal|p1a: Umbreon|57/100 brn|[from] move: Wish|[wisher] Umbreon
|-heal|p1a: Umbreon|63/100 brn|[from] item: Leftovers
|-damage|p1a: Umbreon|57/100 brn|[from] brn
|-end|p2a: Reshiram|Dynamax
|-heal|p2a: Reshiram|100/100|[silent]
|upkeep
|turn|13
|
|move|p2a: Reshiram|Blue Flare|p1a: Umbreon
|-damage|p1a: Umbreon|3/100 brn
|move|p1a: Umbreon|Wish|p1a: Umbreon
|
|-weather|SunnyDay|[upkeep]
|-heal|p1a: Umbreon|9/100 brn|[from] item: Leftovers
|-damage|p1a: Umbreon|3/100 brn|[from] brn
|upkeep
|turn|14
|
|move|p1a: Umbreon|Protect|p1a: Umbreon
|-singleturn|p1a: Umbreon|Protect
|move|p2a: Reshiram|Blue Flare|p1a: Umbreon
|-activate|p1a: Umbreon|move: Protect
|
|-weather|none
|-heal|p1a: Umbreon|53/100 brn|[from] move: Wish|[wisher] Umbreon
|-heal|p1a: Umbreon|59/100 brn|[from] item: Leftovers
|-damage|p1a: Umbreon|53/100 brn|[from] brn
|upkeep
|turn|15
|
|switch|p2a: Tyranitar|Tyranitar, M, shiny|100/100
|-weather|Sandstorm|[from] ability: Sand Stream|[of] p2a: Tyranitar
|move|p1a: Umbreon|Wish|p1a: Umbreon
|
|-weather|Sandstorm|[upkeep]
|-damage|p1a: Umbreon|47/100 brn|[from] Sandstorm
|-heal|p1a: Umbreon|53/100 brn|[from] item: Leftovers
|-damage|p1a: Umbreon|47/100 brn|[from] brn
|upkeep
|turn|16
|
|move|p2a: Tyranitar|Sand Tomb|p1a: Umbreon|[miss]
|-miss|p2a: Tyranitar|p1a: Umbreon
|move|p1a: Umbreon|Baton Pass|p1a: Umbreon
|
|switch|p1a: Dracovish|Dracovish|48/100|[from]move: Baton Pass
|
|-weather|Sandstorm|[upkeep]
|-damage|p1a: Dracovish|42/100|[from] Sandstorm
|-heal|p1a: Dracovish|100/100|[from] move: Wish|[wisher] Umbreon
|upkeep
|turn|17
|
|move|p1a: Dracovish|Fishious Rend|p2a: Tyranitar
|-supereffective|p2a: Tyranitar
|-damage|p2a: Tyranitar|0 fnt
|faint|p2a: Tyranitar
|
|-weather|Sandstorm|[upkeep]
|-damage|p1a: Dracovish|94/100|[from] Sandstorm
|upkeep
|
|switch|p2a: Lunala|Lunala, shiny|100/100
|turn|18
|
|move|p2a: Lunala|Thunder Wave|p1a: Dracovish
|-status|p1a: Dracovish|par
|move|p1a: Dracovish|Fishious Rend|p2a: Lunala
|-crit|p2a: Lunala
|-damage|p2a: Lunala|52/100
|
|-weather|Sandstorm|[upkeep]
|-damage|p2a: Lunala|45/100|[from] Sandstorm
|-damage|p1a: Dracovish|88/100 par|[from] Sandstorm
|upkeep
|turn|19
|
|move|p2a: Lunala|Hex|p1a: Dracovish
|-damage|p1a: Dracovish|16/100 par
|move|p1a: Dracovish|Fishious Rend|p2a: Lunala
|-damage|p2a: Lunala|0 fnt
|faint|p2a: Lunala
|
|-weather|none
|upkeep
|
|switch|p2a: Reshiram|Reshiram, shiny|100/100
|-ability|p2a: Reshiram|Turboblaze
|turn|20
|
|move|p2a: Reshiram|Blue Flare|p1a: Dracovish
|-resisted|p1a: Dracovish
|-damage|p1a: Dracovish|0 fnt
|faint|p1a: Dracovish
|
|upkeep
|
|switch|p1a: Eternatus|Eternatus|100/100
|-ability|p1a: Eternatus|Pressure
|turn|21
|c|☆palapapop|specs ?
|c|☆TaKuTo-SeNpAi|scarf
|c|☆palapapop|ah :/
|c|☆TaKuTo-SeNpAi|good team
|c|☆palapapop|gg
|
|move|p2a: Reshiram|Blue Flare|p1a: Eternatus
|-resisted|p1a: Eternatus
|-damage|p1a: Eternatus|69/100
|-status|p1a: Eternatus|brn
|move|p1a: Eternatus|Dynamax Cannon|p2a: Reshiram
|-supereffective|p2a: Reshiram
|-damage|p2a: Reshiram|0 fnt
|-damage|p1a: Eternatus|59/100 brn|[from] item: Life Orb
|faint|p2a: Reshiram
|
|win|palapapop
|raw|palapapop's rating: 1692 &rarr; <strong>1702</strong><br />(+10 for winning)
|raw|TaKuTo-SeNpAi's rating: 1502 &rarr; <strong>1492</strong><br />(-10 for losing)
|l|☆palapapop
