|j|☆biteenfeu
|j|☆4125al41
|t:|1614593039
|player|p1|biteenfeu|swimmerf-gen4|1694
|player|p2|4125al41|steven|1762
|teamsize|p1|6
|teamsize|p2|6
|gametype|singles
|gen|8
|tier|[Gen 8] Ubers
|rated|
|clearpoke
|poke|p1|Yveltal|
|poke|p1|Palkia|
|poke|p1|Groudon|
|poke|p1|Slowbro, M|
|poke|p1|Calyrex-Shadow|
|poke|p1|Ho-Oh|
|poke|p2|Marshadow|
|poke|p2|Eternatus|
|poke|p2|Calyrex-Shadow|
|poke|p2|Ho-Oh|
|poke|p2|Groudon|
|poke|p2|Zacian|
|rule|Sleep Clause Mod: Limit one foe put to sleep
|rule|Species Clause: Limit one of each Pokémon
|rule|OHKO Clause: OHKO moves are banned
|rule|Evasion Moves Clause: Evasion moves are banned
|rule|Endless Battle Clause: Forcing endless battles is banned
|rule|HP Percentage Mod: HP is shown in percentages
|rule|Dynamax Clause: You cannot dynamax
|teampreview
|
|t:|1614593058
|start
|switch|p1a: Horse Enjoyer|Calyrex-Shadow|100/100
|switch|p2a: Groudon|Groudon|100/100
|-ability|p1a: Horse Enjoyer|As One
|-ability|p1a: Horse Enjoyer|Unnerve|p2: 4125al41
|-weather|SunnyDay|[from] ability: Drought|[of] p2a: Groudon
|turn|1
|
|t:|1614593066
|switch|p2a: Ho-Oh|Ho-Oh|100/100
|move|p1a: Horse Enjoyer|Astral Barrage|p2a: Ho-Oh
|-damage|p2a: Ho-Oh|61/100
|
|-weather|SunnyDay|[upkeep]
|upkeep
|turn|2
|
|t:|1614593081
|switch|p1a: Robo|Groudon|100/100
|move|p2a: Ho-Oh|Toxic|p1a: Robo
|-status|p1a: Robo|tox
|
|-weather|SunnyDay|[upkeep]
|-damage|p1a: Robo|94/100 tox|[from] psn
|upkeep
|turn|3
|
|t:|1614593088
|switch|p2a: Groudon|Groudon|100/100
|move|p1a: Robo|Swords Dance|p1a: Robo
|-boost|p1a: Robo|atk|2
|
|-weather|SunnyDay|[upkeep]
|-damage|p1a: Robo|82/100 tox|[from] psn
|upkeep
|turn|4
|
|t:|1614593095
|move|p1a: Robo|Precipice Blades|p2a: Groudon
|-damage|p2a: Groudon|2/100
|-damage|p1a: Robo|72/100 tox|[from] item: Life Orb
|move|p2a: Groudon|Precipice Blades|p1a: Robo
|-damage|p1a: Robo|29/100 tox
|
|-weather|SunnyDay|[upkeep]
|-heal|p2a: Groudon|8/100|[from] item: Leftovers
|-damage|p1a: Robo|10/100 tox|[from] psn
|upkeep
|turn|5
|
|t:|1614593103
|move|p1a: Robo|Stone Edge|p2a: Groudon|[miss]
|-miss|p1a: Robo|p2a: Groudon
|move|p2a: Groudon|Stealth Rock|p1a: Robo
|-sidestart|p1: biteenfeu|move: Stealth Rock
|
|-weather|none
|-heal|p2a: Groudon|14/100|[from] item: Leftovers
|-damage|p1a: Robo|0 fnt|[from] psn
|faint|p1a: Robo
|upkeep
|
|t:|1614593109
|switch|p1a: Horse Enjoyer|Calyrex-Shadow|100/100
|-ability|p1a: Horse Enjoyer|As One
|-ability|p1a: Horse Enjoyer|Unnerve|p2: 4125al41
|-damage|p1a: Horse Enjoyer|88/100|[from] Stealth Rock
|turn|6
|
|t:|1614593113
|move|p1a: Horse Enjoyer|Astral Barrage|p2a: Groudon
|-damage|p2a: Groudon|0 fnt
|faint|p2a: Groudon
|-ability|p1a: Horse Enjoyer|Grim Neigh|boost
|-boost|p1a: Horse Enjoyer|spa|1
|
|upkeep
|
|t:|1614593115
|switch|p2a: Marshadow|Marshadow|100/100
|turn|7
|
|t:|1614593121
|switch|p1a: Rebirdh|Ho-Oh, shiny|100/100
|switch|p2a: Zacian|Zacian|100/100
|-ability|p2a: Zacian|Intrepid Sword|boost
|-boost|p2a: Zacian|atk|1
|
|upkeep
|turn|8
|
|t:|1614593131
|move|p2a: Zacian|Wild Charge|p1a: Rebirdh
|-supereffective|p1a: Rebirdh
|-damage|p1a: Rebirdh|33/100
|-damage|p2a: Zacian|79/100|[from] Recoil
|move|p1a: Rebirdh|Thunder Wave|p2a: Zacian
|-status|p2a: Zacian|par
|
|upkeep
|turn|9
|
|t:|1614593140
|switch|p1a: Degenerator|Slowbro, M|100/100
|-damage|p1a: Degenerator|88/100|[from] Stealth Rock
|cant|p2a: Zacian|par
|
|upkeep
|turn|10
|
|t:|1614593145
|move|p2a: Zacian|Wild Charge|p1a: Degenerator
|-supereffective|p1a: Degenerator
|-enditem|p1a: Degenerator|Wacan Berry|[eat]
|-enditem|p1a: Degenerator|Wacan Berry|[weaken]
|-damage|p1a: Degenerator|59/100
|-damage|p2a: Zacian|70/100 par|[from] Recoil
|move|p1a: Degenerator|Teleport|p1a: Degenerator
|
|t:|1614593165
|switch|p1a: Palika|Palkia|100/100|[from]move: Teleport
|-damage|p1a: Palika|88/100|[from] Stealth Rock
|-ability|p1a: Palika|Pressure
|
|upkeep
|turn|11
|
|t:|1614593168
|switch|p2a: Eternatus|Eternatus|100/100
|-ability|p2a: Eternatus|Pressure
|move|p1a: Palika|Substitute|p1a: Palika
|-start|p1a: Palika|Substitute
|-damage|p1a: Palika|63/100
|
|upkeep
|turn|12
|
|t:|1614593173
|move|p2a: Eternatus|Dynamax Cannon|p1a: Palika
|-supereffective|p1a: Palika
|-end|p1a: Palika|Substitute
|-damage|p2a: Eternatus|91/100|[from] item: Life Orb
|move|p1a: Palika|Spacial Rend|p2a: Eternatus|[miss]
|-miss|p1a: Palika|p2a: Eternatus
|
|upkeep
|turn|13
|
|t:|1614593181
|switch|p1a: Looming Darkness|Yveltal|100/100
|-ability|p1a: Looming Darkness|Dark Aura
|move|p2a: Eternatus|Dynamax Cannon|p1a: Looming Darkness
|-damage|p1a: Looming Darkness|53/100
|-damage|p2a: Eternatus|81/100|[from] item: Life Orb
|
|upkeep
|turn|14
|
|t:|1614593189
|switch|p2a: Zacian|Zacian|70/100 par
|-ability|p2a: Zacian|Intrepid Sword|boost
|-boost|p2a: Zacian|atk|1
|move|p1a: Looming Darkness|Roost|p1a: Looming Darkness
|-heal|p1a: Looming Darkness|100/100
|-singleturn|p1a: Looming Darkness|move: Roost
|
|upkeep
|turn|15
|inactive|Battle timer is ON: inactive players will automatically lose when time's up. (requested by biteenfeu)
|
|t:|1614593196
|switch|p1a: Degenerator|Slowbro, M|93/100
|-damage|p1a: Degenerator|80/100|[from] Stealth Rock
|move|p2a: Zacian|Wild Charge|p1a: Degenerator
|-supereffective|p1a: Degenerator
|-damage|p1a: Degenerator|19/100
|-damage|p2a: Zacian|52/100 par|[from] Recoil
|
|upkeep
|turn|16
|
|t:|1614593203
|move|p2a: Zacian|Wild Charge|p1a: Degenerator
|-supereffective|p1a: Degenerator
|-damage|p1a: Degenerator|0 fnt
|-damage|p2a: Zacian|46/100 par|[from] Recoil
|faint|p1a: Degenerator
|
|upkeep
|
|t:|1614593221
|switch|p1a: Palika|Palkia|63/100
|-damage|p1a: Palika|51/100|[from] Stealth Rock
|-ability|p1a: Palika|Pressure
|turn|17
|
|t:|1614593226
|switch|p2a: Eternatus|Eternatus|81/100
|-ability|p2a: Eternatus|Pressure
|move|p1a: Palika|Fire Blast|p2a: Eternatus|[miss]
|-miss|p1a: Palika|p2a: Eternatus
|
|upkeep
|turn|18
|
|t:|1614593230
|switch|p1a: Looming Darkness|Yveltal|100/100
|-ability|p1a: Looming Darkness|Dark Aura
|move|p2a: Eternatus|Dynamax Cannon|p1a: Looming Darkness
|-damage|p1a: Looming Darkness|51/100
|-damage|p2a: Eternatus|71/100|[from] item: Life Orb
|
|upkeep
|turn|19
|
|t:|1614593235
|move|p2a: Eternatus|Dynamax Cannon|p1a: Looming Darkness
|-damage|p1a: Looming Darkness|3/100
|-damage|p2a: Eternatus|61/100|[from] item: Life Orb
|move|p1a: Looming Darkness|Roost|p1a: Looming Darkness
|-heal|p1a: Looming Darkness|53/100
|-singleturn|p1a: Looming Darkness|move: Roost
|
|upkeep
|turn|20
|
|t:|1614593240
|switch|p2a: Calyrex|Calyrex-Shadow|100/100
|-ability|p2a: Calyrex|As One
|-ability|p2a: Calyrex|Unnerve|p1: biteenfeu
|move|p1a: Looming Darkness|Roost|p1a: Looming Darkness
|-heal|p1a: Looming Darkness|100/100
|-singleturn|p1a: Looming Darkness|move: Roost
|
|upkeep
|turn|21
|
|t:|1614593246
|move|p2a: Calyrex|Aromatherapy|p2a: Calyrex
|-activate|p2a: Calyrex|move: Aromatherapy
|-curestatus|p2: Zacian|par|[msg]
|move|p1a: Looming Darkness|Knock Off|p2a: Calyrex
|-supereffective|p2a: Calyrex
|-damage|p2a: Calyrex|0 fnt
|-enditem|p2a: Calyrex|Choice Specs|[from] move: Knock Off|[of] p1a: Looming Darkness
|faint|p2a: Calyrex
|
|upkeep
|
|t:|1614593248
|switch|p2a: Zacian|Zacian|46/100
|-ability|p2a: Zacian|Intrepid Sword|boost
|-boost|p2a: Zacian|atk|1
|turn|22
|
|t:|1614593268
|switch|p1a: Palika|Palkia|51/100
|-damage|p1a: Palika|38/100|[from] Stealth Rock
|-ability|p1a: Palika|Pressure
|move|p2a: Zacian|Play Rough|p1a: Palika
|-supereffective|p1a: Palika
|-damage|p1a: Palika|0 fnt
|faint|p1a: Palika
|
|upkeep
|j|+rosa
|inactive|biteenfeu has 120 seconds left.
|
|t:|1614593287
|switch|p1a: Rebirdh|Ho-Oh, shiny|66/100
|turn|23
|
|t:|1614593290
|switch|p2a: Ho-Oh|Ho-Oh|94/100
|move|p1a: Rebirdh|Thunder Wave|p2a: Ho-Oh
|-status|p2a: Ho-Oh|par
|
|upkeep
|turn|24
|
|t:|1614593298
|switch|p1a: Looming Darkness|Yveltal|100/100
|-ability|p1a: Looming Darkness|Dark Aura
|move|p2a: Ho-Oh|Toxic|p1a: Looming Darkness|[miss]
|-miss|p2a: Ho-Oh|p1a: Looming Darkness
|
|upkeep
|turn|25
|
|t:|1614593302
|move|p1a: Looming Darkness|Knock Off|p2a: Ho-Oh
|-damage|p2a: Ho-Oh|51/100 par
|-enditem|p2a: Ho-Oh|Heavy-Duty Boots|[from] move: Knock Off|[of] p1a: Looming Darkness
|cant|p2a: Ho-Oh|par
|
|upkeep
|turn|26
|
|t:|1614593307
|move|p1a: Looming Darkness|Knock Off|p2a: Ho-Oh
|-damage|p2a: Ho-Oh|23/100 par
|cant|p2a: Ho-Oh|par
|
|upkeep
|turn|27
|
|t:|1614593310
|switch|p2a: Eternatus|Eternatus|61/100
|-ability|p2a: Eternatus|Pressure
|move|p1a: Looming Darkness|Knock Off|p2a: Eternatus
|-damage|p2a: Eternatus|11/100
|-enditem|p2a: Eternatus|Life Orb|[from] move: Knock Off|[of] p1a: Looming Darkness
|
|upkeep
|turn|28
|
|t:|1614593314
|move|p2a: Eternatus|Recover|p2a: Eternatus
|-heal|p2a: Eternatus|61/100
|move|p1a: Looming Darkness|U-turn|p2a: Eternatus
|-resisted|p2a: Eternatus
|-damage|p2a: Eternatus|52/100
|
|t:|1614593316
|switch|p1a: Horse Enjoyer|Calyrex-Shadow|88/100|[from]move: U-turn
|-ability|p1a: Horse Enjoyer|As One
|-ability|p1a: Horse Enjoyer|Unnerve|p2: 4125al41
|-damage|p1a: Horse Enjoyer|76/100|[from] Stealth Rock
|
|upkeep
|turn|29
|
|t:|1614593323
|switch|p2a: Marshadow|Marshadow|100/100
|move|p1a: Horse Enjoyer|Psyshock|p2a: Marshadow
|-supereffective|p2a: Marshadow
|-enditem|p2a: Marshadow|Focus Sash
|-damage|p2a: Marshadow|1/100
|
|upkeep
|turn|30
|
|t:|1614593327
|switch|p1a: Rebirdh|Ho-Oh, shiny|99/100
|move|p2a: Marshadow|Shadow Sneak|p1a: Rebirdh
|-damage|p1a: Rebirdh|79/100
|
|upkeep
|turn|31
|
|t:|1614593330
|move|p2a: Marshadow|Endeavor|p1a: Rebirdh
|-damage|p1a: Rebirdh|1/100
|move|p1a: Rebirdh|Sacred Fire|p2a: Marshadow
|-damage|p2a: Marshadow|0 fnt
|faint|p2a: Marshadow
|
|upkeep
|
|t:|1614593341
|switch|p2a: Zacian|Zacian|46/100
|-ability|p2a: Zacian|Intrepid Sword|boost
|-boost|p2a: Zacian|atk|1
|turn|32
|
|t:|1614593349
|move|p2a: Zacian|Play Rough|p1a: Rebirdh
|-resisted|p1a: Rebirdh
|-damage|p1a: Rebirdh|0 fnt
|faint|p1a: Rebirdh
|
|upkeep
|
|t:|1614593351
|switch|p1a: Horse Enjoyer|Calyrex-Shadow|76/100
|-ability|p1a: Horse Enjoyer|As One
|-ability|p1a: Horse Enjoyer|Unnerve|p2: 4125al41
|-damage|p1a: Horse Enjoyer|64/100|[from] Stealth Rock
|turn|33
|
|t:|1614593352
|move|p1a: Horse Enjoyer|Astral Barrage|p2a: Zacian
|-damage|p2a: Zacian|0 fnt
|faint|p2a: Zacian
|-ability|p1a: Horse Enjoyer|Grim Neigh|boost
|-boost|p1a: Horse Enjoyer|spa|1
|
|upkeep
|
|t:|1614593356
|switch|p2a: Ho-Oh|Ho-Oh|56/100 par
|turn|34
|
|t:|1614593358
|move|p1a: Horse Enjoyer|Astral Barrage|p2a: Ho-Oh
|-damage|p2a: Ho-Oh|0 fnt
|faint|p2a: Ho-Oh
|-ability|p1a: Horse Enjoyer|Grim Neigh|boost
|-boost|p1a: Horse Enjoyer|spa|1
|
|upkeep
|
|t:|1614593362
|switch|p2a: Eternatus|Eternatus|52/100
|-ability|p2a: Eternatus|Pressure
|turn|35
|c|☆biteenfeu|gg
|
|t:|1614593369
|move|p1a: Horse Enjoyer|Astral Barrage|p2a: Eternatus
|-damage|p2a: Eternatus|0 fnt
|faint|p2a: Eternatus
|
|win|biteenfeu
|c|☆4125al41|Gg
|l|+rosa
|l|☆4125al41
|raw|biteenfeu's rating: 1694 &rarr; <strong>1718</strong><br />(+24 for winning)
|raw|4125al41's rating: 1762 &rarr; <strong>1739</strong><br />(-23 for losing)
|c|☆biteenfeu|did palkia even hit any move lol
