|raw|<div class="broadcast-blue"><strong>This battle is required to be public due to a player having a name starting with 'ULT8RQ'.</div>
|j|☆I Crit My Panties
|j|☆ULT8RQ Quintuplets
|t:|1620696538
|gametype|singles
|player|p1|I Crit My Panties|266|1626
|player|p2|ULT8RQ Quintuplets|dawn-gen4pt|1539
|teamsize|p1|6
|teamsize|p2|6
|gen|8
|tier|[Gen 8] Ubers
|rated|
|rule|Sleep Clause Mod: Limit one foe put to sleep
|rule|Species Clause: Limit one of each Pokémon
|rule|OHKO Clause: OHKO moves are banned
|rule|Evasion Moves Clause: Evasion moves are banned
|rule|Endless Battle Clause: Forcing endless battles is banned
|rule|HP Percentage Mod: HP is shown in percentages
|rule|Dynamax Clause: You cannot dynamax
|clearpoke
|poke|p1|Yveltal|
|poke|p1|Necrozma-Dusk-Mane|
|poke|p1|Eternatus|
|poke|p1|Xerneas-*|
|poke|p1|Ho-Oh|
|poke|p1|Calyrex-Shadow|
|poke|p2|Slurpuff, M|
|poke|p2|Eternatus|
|poke|p2|Yveltal|
|poke|p2|Necrozma-Dusk-Mane|
|poke|p2|Kyogre|
|poke|p2|Calyrex-Shadow|
|teampreview
|inactive|Battle timer is ON: inactive players will automatically lose when time's up. (requested by ULT8RQ Quintuplets)
|j| yeetium
|
|t:|1620696547
|start
|updatepoke|p1: Xerneas|Xerneas
|switch|p1a: Calyrex|Calyrex-Shadow|100/100
|switch|p2a: Slurpuff|Slurpuff, M|100/100
|-ability|p1a: Calyrex|As One
|-ability|p1a: Calyrex|Unnerve
|turn|1
|
|t:|1620696551
|move|p1a: Calyrex|Trick|p2a: Slurpuff
|-activate|p1a: Calyrex|move: Trick|[of] p2a: Slurpuff
|-item|p2a: Slurpuff|Choice Scarf|[from] move: Trick
|-item|p1a: Calyrex|Focus Sash|[from] move: Trick
|move|p2a: Slurpuff|Sticky Web|p1a: Calyrex
|-sidestart|p1: I Crit My Panties|move: Sticky Web
|
|upkeep
|turn|2
|j|+Staxi
|
|t:|1620696559
|switch|p1a: Xerneas|Xerneas|100/100
|-activate|p1a: Xerneas|move: Sticky Web
|-unboost|p1a: Xerneas|spe|1
|-ability|p1a: Xerneas|Fairy Aura
|switch|p2a: Eternatus|Eternatus|100/100
|-ability|p2a: Eternatus|Pressure
|
|upkeep
|turn|3
|
|t:|1620696564
|move|p2a: Eternatus|Sludge Bomb|p1a: Xerneas
|-supereffective|p1a: Xerneas
|-damage|p1a: Xerneas|9/100
|move|p1a: Xerneas|Defog|p2a: Eternatus
|-unboost|p2a: Eternatus|evasion|1
|-sideend|p1: I Crit My Panties|Sticky Web|[from] move: Defog|[of] p1a: Xerneas
|
|-heal|p1a: Xerneas|15/100|[from] item: Leftovers
|upkeep
|turn|4
|
|t:|1620696569
|switch|p1a: Ho-Oh|Ho-Oh|100/100
|move|p2a: Eternatus|Flamethrower|p1a: Ho-Oh
|-resisted|p1a: Ho-Oh
|-damage|p1a: Ho-Oh|91/100
|
|upkeep
|turn|5
|
|t:|1620696573
|switch|p1a: Necrozma|Necrozma-Dusk-Mane|100/100
|move|p2a: Eternatus|Flamethrower|p1a: Necrozma
|-supereffective|p1a: Necrozma
|-damage|p1a: Necrozma|60/100
|
|upkeep
|turn|6
|
|t:|1620696577
|switch|p2a: Kyogre|Kyogre|100/100
|-weather|RainDance|[from] ability: Drizzle|[of] p2a: Kyogre
|switch|p1a: Eternatus|Eternatus|100/100
|-ability|p1a: Eternatus|Pressure
|
|-weather|RainDance|[upkeep]
|upkeep
|turn|7
|
|t:|1620696581
|switch|p2a: Slurpuff|Slurpuff, M|100/100
|move|p1a: Eternatus|Toxic|p2a: Slurpuff
|-status|p2a: Slurpuff|tox
|
|-weather|RainDance|[upkeep]
|-damage|p2a: Slurpuff|94/100 tox|[from] psn
|upkeep
|turn|8
|j| SuperEpicAmpharos
|
|t:|1620696589
|switch|p2a: Necrozma|Necrozma-Dusk-Mane|100/100
|switch|p1a: Xerneas|Xerneas|15/100
|-ability|p1a: Xerneas|Fairy Aura
|
|-weather|RainDance|[upkeep]
|-heal|p1a: Xerneas|22/100|[from] item: Leftovers
|upkeep
|turn|9
|j| MudkipBeans
|
|t:|1620696599
|switch|p1a: Ho-Oh|Ho-Oh|100/100
|move|p2a: Necrozma|Sunsteel Strike|p1a: Ho-Oh
|-resisted|p1a: Ho-Oh
|-damage|p1a: Ho-Oh|71/100
|-damage|p2a: Necrozma|91/100|[from] item: Life Orb
|
|-weather|RainDance|[upkeep]
|upkeep
|turn|10
|
|t:|1620696607
|move|p2a: Necrozma|Stone Edge|p1a: Ho-Oh
|-supereffective|p1a: Ho-Oh
|-damage|p1a: Ho-Oh|0 fnt
|faint|p1a: Ho-Oh
|-damage|p2a: Necrozma|81/100|[from] item: Life Orb
|
|-weather|none
|upkeep
|
|t:|1620696611
|switch|p1a: Calyrex|Calyrex-Shadow|100/100
|-ability|p1a: Calyrex|As One
|-ability|p1a: Calyrex|Unnerve
|turn|11
|j| ULT8RQ Crad
|
|t:|1620696615
|switch|p1a: Xerneas|Xerneas|22/100
|-ability|p1a: Xerneas|Fairy Aura
|switch|p2a: Yveltal|Yveltal|100/100
|-ability|p2a: Yveltal|Dark Aura
|
|-heal|p1a: Xerneas|28/100|[from] item: Leftovers
|upkeep
|turn|12
|-message|I Crit My Panties forfeited.
|
|win|ULT8RQ Quintuplets
|raw|I Crit My Panties's rating: 1626 &rarr; <strong>1601</strong><br />(-25 for losing)
|raw|ULT8RQ Quintuplets's rating: 1539 &rarr; <strong>1564</strong><br />(+25 for winning)
|l|☆I Crit My Panties
|c|☆ULT8RQ Quintuplets|fast
|l|☆ULT8RQ Quintuplets
|l| SuperEpicAmpharos
|l| MudkipBeans
|j| plat27
|l| yeetium
|j|☆ULT8RQ Quintuplets
|player|p2|ULT8RQ Quintuplets|dawn-gen4pt
|inactive|Battle timer is ON: inactive players will automatically lose when time's up. (requested by ULT8RQ Quintuplets)
|l|☆ULT8RQ Quintuplets
|player|p2|
|l| ULT8RQ Crad
|j| ULT8RQ Crad
|l| ULT8RQ Crad
|l|+Staxi
|j|☆ULT8RQ Quintuplets
|player|p2|ULT8RQ Quintuplets|dawn-gen4pt
