|j|☆Hypercurve
|j|☆yesman.90
|t:|1613672883
|player|p1|Hypercurve|hiker|1084
|player|p2|yesman.90|1|1046
|teamsize|p1|6
|teamsize|p2|6
|gametype|singles
|gen|8
|tier|[Gen 8] Ubers
|rated|
|clearpoke
|poke|p1|Crawdaunt, M|
|poke|p1|Regieleki|
|poke|p1|Durant, M|
|poke|p1|Tangrowth, M|
|poke|p1|Cofagrigus, M|
|poke|p1|Palkia|
|poke|p2|Garchomp, M|
|poke|p2|Azumarill, M|
|poke|p2|Grimmsnarl, M|
|poke|p2|Crobat, F|
|poke|p2|Cinderace, M|
|poke|p2|Metagross|
|rule|Sleep Clause Mod: Limit one foe put to sleep
|rule|Species Clause: Limit one of each Pokémon
|rule|OHKO Clause: OHKO moves are banned
|rule|Evasion Moves Clause: Evasion moves are banned
|rule|Endless Battle Clause: Forcing endless battles is banned
|rule|HP Percentage Mod: HP is shown in percentages
|rule|Dynamax Clause: You cannot dynamax
|teampreview
|
|t:|1613672893
|start
|switch|p1a: Cofagrigus|Cofagrigus, M|100/100
|switch|p2a: Grimmsnarl|Grimmsnarl, M|100/100
|turn|1
|
|t:|1613672903
|move|p2a: Grimmsnarl|Light Screen|p2a: Grimmsnarl
|-sidestart|p2: yesman.90|move: Light Screen
|move|p1a: Cofagrigus|Body Press|p2a: Grimmsnarl
|-damage|p2a: Grimmsnarl|71/100
|
|upkeep
|turn|2
|
|t:|1613672914
|move|p2a: Grimmsnarl|Reflect|p2a: Grimmsnarl
|-sidestart|p2: yesman.90|Reflect
|move|p1a: Cofagrigus|Will-O-Wisp|p2a: Grimmsnarl
|-status|p2a: Grimmsnarl|brn
|
|-damage|p2a: Grimmsnarl|65/100 brn|[from] brn
|upkeep
|turn|3
|
|t:|1613672932
|switch|p2a: Cinderace|Cinderace, M|100/100
|move|p1a: Cofagrigus|Hex|p2a: Cinderace
|-damage|p2a: Cinderace|85/100
|
|upkeep
|turn|4
|
|t:|1613672941
|move|p1a: Cofagrigus|Protect|p1a: Cofagrigus
|-singleturn|p1a: Cofagrigus|Protect
|move|p2a: Cinderace|Zen Headbutt|p1a: Cofagrigus
|-start|p2a: Cinderace|typechange|Psychic|[from] ability: Libero
|-activate|p1a: Cofagrigus|move: Protect
|
|upkeep
|turn|5
|
|t:|1613672951
|move|p2a: Cinderace|Zen Headbutt|p1a: Cofagrigus
|-damage|p1a: Cofagrigus|70/100
|-damage|p2a: Cinderace|68/100|[from] item: Rocky Helmet|[of] p1a: Cofagrigus
|-activate|p1a: Cofagrigus|ability: Mummy|Libero|[of] p2a: Cinderace
|move|p1a: Cofagrigus|Will-O-Wisp|p2a: Cinderace
|-status|p2a: Cinderace|brn
|
|-damage|p2a: Cinderace|62/100 brn|[from] brn
|upkeep
|turn|6
|
|t:|1613672969
|switch|p2a: Azumarill|Azumarill, M|100/100
|move|p1a: Cofagrigus|Hex|p2a: Azumarill
|-damage|p2a: Azumarill|89/100
|
|upkeep
|turn|7
|
|t:|1613672977
|move|p2a: Azumarill|Belly Drum|p2a: Azumarill
|-damage|p2a: Azumarill|39/100
|-setboost|p2a: Azumarill|atk|6|[from] move: Belly Drum
|-enditem|p2a: Azumarill|Sitrus Berry|[eat]
|-heal|p2a: Azumarill|63/100|[from] item: Sitrus Berry
|move|p1a: Cofagrigus|Will-O-Wisp|p2a: Azumarill
|-status|p2a: Azumarill|brn
|
|-damage|p2a: Azumarill|57/100 brn|[from] brn
|upkeep
|turn|8
|
|t:|1613672990
|move|p1a: Cofagrigus|Protect|p1a: Cofagrigus
|-singleturn|p1a: Cofagrigus|Protect
|move|p2a: Azumarill|Play Rough|p1a: Cofagrigus
|-activate|p1a: Cofagrigus|move: Protect
|
|-damage|p2a: Azumarill|51/100 brn|[from] brn
|-sideend|p2: yesman.90|move: Light Screen
|upkeep
|turn|9
|
|t:|1613673001
|move|p2a: Azumarill|Play Rough|p1a: Cofagrigus
|-damage|p1a: Cofagrigus|0 fnt
|-damage|p2a: Azumarill|34/100 brn|[from] item: Rocky Helmet|[of] p1a: Cofagrigus
|-activate|p1a: Cofagrigus|ability: Mummy|Huge Power|[of] p2a: Azumarill
|faint|p1a: Cofagrigus
|
|-damage|p2a: Azumarill|28/100 brn|[from] brn
|-sideend|p2: yesman.90|Reflect
|upkeep
|
|t:|1613673013
|switch|p1a: Palkia|Palkia|100/100
|-ability|p1a: Palkia|Pressure
|turn|10
|
|t:|1613673027
|move|p1a: Palkia|Earth Power|p2a: Azumarill
|-damage|p2a: Azumarill|0 fnt
|faint|p2a: Azumarill
|
|upkeep
|
|t:|1613673051
|switch|p2a: Garchomp|Garchomp, M|100/100
|turn|11
|
|t:|1613673059
|move|p2a: Garchomp|Outrage|p1a: Palkia
|-supereffective|p1a: Palkia
|-damage|p1a: Palkia|0 fnt
|faint|p1a: Palkia
|
|upkeep
|
|t:|1613673065
|switch|p1a: Durant|Durant, M|100/100
|turn|12
|
|t:|1613673071
|move|p1a: Durant|Iron Head|p2a: Garchomp
|-damage|p2a: Garchomp|41/100
|-damage|p1a: Durant|88/100|[from] ability: Rough Skin|[of] p2a: Garchomp
|move|p2a: Garchomp|Outrage|p1a: Durant|[from]lockedmove
|-resisted|p1a: Durant
|-damage|p1a: Durant|47/100
|
|upkeep
|turn|13
|
|t:|1613673080
|move|p1a: Durant|Iron Head|p2a: Garchomp
|-damage|p2a: Garchomp|0 fnt
|-damage|p1a: Durant|35/100|[from] ability: Rough Skin|[of] p2a: Garchomp
|faint|p2a: Garchomp
|
|upkeep
|
|t:|1613673089
|switch|p2a: Metagross|Metagross|100/100
|turn|14
|
|t:|1613673103
|move|p1a: Durant|Iron Head|p2a: Metagross
|-resisted|p2a: Metagross
|-damage|p2a: Metagross|74/100
|move|p2a: Metagross|Agility|p2a: Metagross
|-boost|p2a: Metagross|spe|2
|
|upkeep
|turn|15
|
|t:|1613673119
|move|p1a: Durant|Iron Head|p2a: Metagross
|-resisted|p2a: Metagross
|-damage|p2a: Metagross|51/100
|move|p2a: Metagross|Earthquake|p1a: Durant
|-damage|p1a: Durant|0 fnt
|-damage|p2a: Metagross|41/100|[from] item: Life Orb
|faint|p1a: Durant
|
|upkeep
|
|t:|1613673129
|switch|p1a: Regieleki|Regieleki|100/100
|turn|16
|
|t:|1613673133
|move|p1a: Regieleki|Thunder Cage|p2a: Metagross
|-damage|p2a: Metagross|0 fnt
|faint|p2a: Metagross
|
|upkeep
|
|t:|1613673141
|switch|p2a: Crobat|Crobat, F|100/100
|turn|17
|
|t:|1613673146
|move|p1a: Regieleki|Thunder Cage|p2a: Crobat
|-supereffective|p2a: Crobat
|-enditem|p2a: Crobat|Focus Sash
|-damage|p2a: Crobat|1/100
|-activate|p2a: Crobat|move: Thunder Cage|[of] p1a: Regieleki
|move|p2a: Crobat|Brave Bird|p1a: Regieleki
|-resisted|p1a: Regieleki
|-damage|p1a: Regieleki|43/100
|-damage|p2a: Crobat|0 fnt|[from] Recoil
|faint|p2a: Crobat
|
|upkeep
|
|t:|1613673166
|switch|p2a: Grimmsnarl|Grimmsnarl, M|65/100 brn
|turn|18
|
|t:|1613673171
|move|p2a: Grimmsnarl|Light Screen|p2a: Grimmsnarl
|-sidestart|p2: yesman.90|move: Light Screen
|move|p1a: Regieleki|Thunder Cage|p2a: Grimmsnarl
|-damage|p2a: Grimmsnarl|25/100 brn
|-activate|p2a: Grimmsnarl|move: Thunder Cage|[of] p1a: Regieleki
|
|-damage|p2a: Grimmsnarl|19/100 brn|[from] brn
|-damage|p2a: Grimmsnarl|6/100 brn|[from] move: Thunder Cage|[partiallytrapped]
|upkeep
|turn|19
|
|t:|1613673183
|move|p2a: Grimmsnarl|Reflect|p2a: Grimmsnarl
|-sidestart|p2: yesman.90|Reflect
|move|p1a: Regieleki|Thunder Cage|p2a: Grimmsnarl
|-damage|p2a: Grimmsnarl|0 fnt
|faint|p2a: Grimmsnarl
|
|upkeep
|
|t:|1613673189
|switch|p2a: Cinderace|Cinderace, M|62/100 brn
|turn|20
|
|t:|1613673193
|move|p1a: Regieleki|Thunder Cage|p2a: Cinderace
|-damage|p2a: Cinderace|4/100 brn
|-activate|p2a: Cinderace|move: Thunder Cage|[of] p1a: Regieleki
|move|p2a: Cinderace|Pyro Ball|p1a: Regieleki|[miss]
|-miss|p2a: Cinderace|p1a: Regieleki
|
|-damage|p2a: Cinderace|0 fnt|[from] brn
|faint|p2a: Cinderace
|
|win|Hypercurve
|upkeep
|l|☆yesman.90
||Ladder (probably) updated, but score could not be retrieved (Request timeout).
