|raw|<div class="broadcast-blue"><strong>This battle is required to be public due to a player having a name starting with 'ult9ns'.</div>
|j|☆Bald ben
|j|☆ULT9NS time
|t:|1653565738
|gametype|singles
|player|p1|Bald ben|170|1634
|player|p2|ULT9NS time|266|1536
|teamsize|p1|6
|teamsize|p2|6
|gen|8
|tier|[Gen 8] Ubers
|rated|
|rule|Sleep Clause Mod: Limit one foe put to sleep
|rule|Species Clause: Limit one of each Pokémon
|rule|OHKO Clause: OHKO moves are banned
|rule|Evasion Moves Clause: Evasion moves are banned
|rule|Endless Battle Clause: Forcing endless battles is banned
|rule|HP Percentage Mod: HP is shown in percentages
|rule|Dynamax Clause: You cannot dynamax
|clearpoke
|poke|p1|Yveltal|
|poke|p1|Eternatus|
|poke|p1|Calyrex-Shadow|
|poke|p1|Aerodactyl, F|
|poke|p1|Weavile, F|
|poke|p1|Necrozma-Dusk-Mane|
|poke|p2|Aerodactyl, F|
|poke|p2|Slurpuff, F|
|poke|p2|Eternatus|
|poke|p2|Kyogre|
|poke|p2|Zekrom|
|poke|p2|Groudon|
|teampreview
|inactive|Battle timer is ON: inactive players will automatically lose when time's up. (requested by Bald ben)
|inactive|ULT9NS time also wants the timer to be on.
|
|t:|1653565756
|start
|switch|p1a: Eternatus|Eternatus|100/100
|switch|p2a: Aerodactyl|Aerodactyl, F|100/100
|-ability|p2a: Aerodactyl|Pressure
|-ability|p1a: Eternatus|Pressure
|turn|1
|j| angrrry
|
|t:|1653565773
|move|p2a: Aerodactyl|Stealth Rock|p1a: Eternatus
|-sidestart|p1: Bald ben|move: Stealth Rock
|move|p1a: Eternatus|Flamethrower|p2a: Aerodactyl
|-resisted|p2a: Aerodactyl
|-damage|p2a: Aerodactyl|77/100
|
|upkeep
|turn|2
|
|t:|1653565778
|move|p2a: Aerodactyl|Rock Tomb|p1a: Eternatus
|-damage|p1a: Eternatus|78/100
|-unboost|p1a: Eternatus|spe|1
|move|p1a: Eternatus|Dynamax Cannon|p2a: Aerodactyl
|-damage|p2a: Aerodactyl|1/100
|
|upkeep
|turn|3
|
|t:|1653565788
|switch|p1a: Necrozma|Necrozma-Dusk-Mane|100/100
|-damage|p1a: Necrozma|95/100|[from] Stealth Rock
|move|p2a: Aerodactyl|Rock Tomb|p1a: Necrozma
|-resisted|p1a: Necrozma
|-damage|p1a: Necrozma|84/100
|-unboost|p1a: Necrozma|spe|1
|
|upkeep
|turn|4
|
|t:|1653565795
|switch|p1a: Calyrex|Calyrex-Shadow|100/100
|-ability|p1a: Calyrex|As One
|-ability|p1a: Calyrex|Unnerve
|-damage|p1a: Calyrex|88/100|[from] Stealth Rock
|move|p2a: Aerodactyl|Taunt|p1a: Calyrex
|-start|p1a: Calyrex|move: Taunt
|
|upkeep
|turn|5
|
|t:|1653565808
|move|p1a: Calyrex|Astral Barrage|p2a: Aerodactyl
|-damage|p2a: Aerodactyl|0 fnt
|faint|p2a: Aerodactyl
|-ability|p1a: Calyrex|Grim Neigh|boost
|-boost|p1a: Calyrex|spa|1
|
|upkeep
|
|t:|1653565810
|switch|p2a: Slurpuff|Slurpuff, F|100/100
|turn|6
|
|t:|1653565817
|switch|p1a: Aerodactyl|Aerodactyl, F|100/100
|-damage|p1a: Aerodactyl|76/100|[from] Stealth Rock
|-ability|p1a: Aerodactyl|Pressure
|move|p2a: Slurpuff|Yawn|p1a: Aerodactyl
|-start|p1a: Aerodactyl|move: Yawn|[of] p2a: Slurpuff
|
|upkeep
|turn|7
|
|t:|1653565823
|move|p1a: Aerodactyl|Defog|p2a: Slurpuff
|-unboost|p2a: Slurpuff|evasion|1
|-sideend|p1: Bald ben|Stealth Rock|[from] move: Defog|[of] p1a: Aerodactyl
|move|p2a: Slurpuff|Sticky Web|p1a: Aerodactyl
|-sidestart|p1: Bald ben|move: Sticky Web
|
|-end|p1a: Aerodactyl|move: Yawn|[silent]
|-status|p1a: Aerodactyl|slp
|upkeep
|turn|8
|inactive|ULT9NS time has 120 seconds left.
|
|t:|1653565864
|cant|p1a: Aerodactyl|slp
|move|p2a: Slurpuff|Dazzling Gleam|p1a: Aerodactyl
|-damage|p1a: Aerodactyl|32/100 slp
|
|upkeep
|turn|9
|
|t:|1653565868
|-curestatus|p1a: Aerodactyl|slp|[msg]
|move|p1a: Aerodactyl|Defog|p2a: Slurpuff
|-unboost|p2a: Slurpuff|evasion|1
|-sideend|p1: Bald ben|Sticky Web|[from] move: Defog|[of] p1a: Aerodactyl
|move|p2a: Slurpuff|Dazzling Gleam|p1a: Aerodactyl
|-damage|p1a: Aerodactyl|0 fnt
|faint|p1a: Aerodactyl
|
|upkeep
|
|t:|1653565890
|switch|p1a: Eternatus|Eternatus|78/100
|-ability|p1a: Eternatus|Pressure
|turn|10
|
|t:|1653565901
|move|p1a: Eternatus|Substitute|p1a: Eternatus
|-start|p1a: Eternatus|Substitute
|-damage|p1a: Eternatus|53/100
|move|p2a: Slurpuff|Sticky Web|p1a: Eternatus
|-sidestart|p1: Bald ben|move: Sticky Web
|
|upkeep
|turn|11
|
|t:|1653565905
|move|p1a: Eternatus|Flamethrower|p2a: Slurpuff
|-damage|p2a: Slurpuff|36/100
|move|p2a: Slurpuff|Dazzling Gleam|p1a: Eternatus
|-end|p1a: Eternatus|Substitute
|
|upkeep
|turn|12
|
|t:|1653565912
|move|p1a: Eternatus|Meteor Beam||[still]
|-prepare|p1a: Eternatus|Meteor Beam
|-boost|p1a: Eternatus|spa|1
|-enditem|p1a: Eternatus|Power Herb
|-anim|p1a: Eternatus|Meteor Beam|p2a: Slurpuff
|-crit|p2a: Slurpuff
|-damage|p2a: Slurpuff|0 fnt
|faint|p2a: Slurpuff
|
|upkeep
|
|t:|1653565939
|switch|p2a: Kyogre|Kyogre|100/100
|-weather|RainDance|[from] ability: Drizzle|[of] p2a: Kyogre
|turn|13
|
|t:|1653565942
|move|p1a: Eternatus|Dynamax Cannon|p2a: Kyogre
|-damage|p2a: Kyogre|35/100
|move|p2a: Kyogre|Ice Beam|p1a: Eternatus
|-supereffective|p1a: Eternatus
|-damage|p1a: Eternatus|0 fnt
|faint|p1a: Eternatus
|
|-weather|RainDance|[upkeep]
|upkeep
|
|t:|1653565944
|switch|p1a: Calyrex|Calyrex-Shadow|88/100
|-ability|p1a: Calyrex|As One
|-ability|p1a: Calyrex|Unnerve
|-activate|p1a: Calyrex|move: Sticky Web
|-unboost|p1a: Calyrex|spe|1
|turn|14
|
|t:|1653565951
|move|p1a: Calyrex|Astral Barrage|p2a: Kyogre
|-damage|p2a: Kyogre|0 fnt
|faint|p2a: Kyogre
|-ability|p1a: Calyrex|Grim Neigh|boost
|-boost|p1a: Calyrex|spa|1
|
|-weather|RainDance|[upkeep]
|upkeep
|inactive|ULT9NS time has 120 seconds left.
|
|t:|1653565989
|switch|p2a: Eternatus|Eternatus|100/100
|-ability|p2a: Eternatus|Pressure
|turn|15
|
|t:|1653565993
|switch|p1a: Yveltal|Yveltal|100/100
|-ability|p1a: Yveltal|Dark Aura
|move|p2a: Eternatus|Meteor Beam||[still]
|-prepare|p2a: Eternatus|Meteor Beam
|-boost|p2a: Eternatus|spa|1
|-enditem|p2a: Eternatus|Power Herb
|-anim|p2a: Eternatus|Meteor Beam|p1a: Yveltal
|-supereffective|p1a: Yveltal
|-damage|p1a: Yveltal|0 fnt
|faint|p1a: Yveltal
|
|-weather|RainDance|[upkeep]
|upkeep
|
|t:|1653565996
|switch|p1a: Weavile|Weavile, F|100/100
|-activate|p1a: Weavile|move: Sticky Web
|-unboost|p1a: Weavile|spe|1
|-ability|p1a: Weavile|Pressure
|turn|16
|
|t:|1653566008
|move|p1a: Weavile|Ice Shard|p2a: Eternatus
|-supereffective|p2a: Eternatus
|-damage|p2a: Eternatus|60/100
|-damage|p1a: Weavile|91/100|[from] item: Life Orb
|move|p2a: Eternatus|Flamethrower|p1a: Weavile
|-supereffective|p1a: Weavile
|-damage|p1a: Weavile|16/100
|
|-weather|RainDance|[upkeep]
|upkeep
|turn|17
|
|t:|1653566012
|move|p1a: Weavile|Ice Shard|p2a: Eternatus
|-supereffective|p2a: Eternatus
|-crit|p2a: Eternatus
|-damage|p2a: Eternatus|0 fnt
|faint|p2a: Eternatus
|-damage|p1a: Weavile|6/100|[from] item: Life Orb
|
|-weather|none
|upkeep
|
|t:|1653566016
|switch|p2a: Groudon|Groudon|100/100
|-weather|SunnyDay|[from] ability: Drought|[of] p2a: Groudon
|turn|18
|
|t:|1653566019
|move|p2a: Groudon|Rock Polish|p2a: Groudon
|-boost|p2a: Groudon|spe|2
|move|p1a: Weavile|Triple Axel|p2a: Groudon
|-supereffective|p2a: Groudon
|-damage|p2a: Groudon|79/100
|-supereffective|p2a: Groudon
|-damage|p2a: Groudon|38/100
|-supereffective|p2a: Groudon
|-damage|p2a: Groudon|0 fnt
|faint|p2a: Groudon
|-hitcount|p2: Groudon|3
|-damage|p1a: Weavile|0 fnt|[from] item: Life Orb
|faint|p1a: Weavile
|
|-weather|SunnyDay|[upkeep]
|upkeep
|
|t:|1653566026
|switch|p1a: Calyrex|Calyrex-Shadow|88/100
|switch|p2a: Zekrom|Zekrom|100/100
|-ability|p1a: Calyrex|As One
|-ability|p1a: Calyrex|Unnerve
|-activate|p1a: Calyrex|move: Sticky Web
|-unboost|p1a: Calyrex|spe|1
|-ability|p2a: Zekrom|Teravolt
|turn|19
|
|t:|1653566033
|move|p1a: Calyrex|Trick|p2a: Zekrom
|-activate|p1a: Calyrex|move: Trick|[of] p2a: Zekrom
|-item|p2a: Zekrom|Choice Scarf|[from] move: Trick
|-item|p1a: Calyrex|Life Orb|[from] move: Trick
|move|p2a: Zekrom|Bolt Strike|p1a: Calyrex|[miss]
|-miss|p2a: Zekrom|p1a: Calyrex
|
|-weather|SunnyDay|[upkeep]
|upkeep
|turn|20
|
|t:|1653566038
|move|p2a: Zekrom|Bolt Strike|p1a: Calyrex
|-damage|p1a: Calyrex|0 fnt
|faint|p1a: Calyrex
|
|-weather|SunnyDay|[upkeep]
|upkeep
|
|t:|1653566040
|switch|p1a: Necrozma|Necrozma-Dusk-Mane|84/100
|-activate|p1a: Necrozma|move: Sticky Web
|-unboost|p1a: Necrozma|spe|1
|turn|21
|
|t:|1653566047
|move|p2a: Zekrom|Bolt Strike|p1a: Necrozma
|-damage|p1a: Necrozma|22/100
|move|p1a: Necrozma|Photon Geyser|p2a: Zekrom
|-damage|p2a: Zekrom|46/100
|
|-weather|SunnyDay|[upkeep]
|upkeep
|turn|22
|
|t:|1653566050
|move|p2a: Zekrom|Bolt Strike|p1a: Necrozma
|-damage|p1a: Necrozma|0 fnt
|faint|p1a: Necrozma
|
|win|ULT9NS time
|raw|Bald ben's rating: 1634 &rarr; <strong>1605</strong><br />(-29 for losing)
|raw|ULT9NS time's rating: 1474 &rarr; <strong>1503</strong><br />(+29 for winning)
|l|☆Bald ben
|l|☆ULT9NS time
|j|☆Bald ben
|player|p1|Bald ben|170
||Ladder isn't responding, score probably updated but might not have (Request timeout).
