|j|☆ClaraLuna
|j|☆TogeBirlHQ
|t:|1660404418
|gametype|singles
|player|p1|ClaraLuna|clair|1303
|player|p2|TogeBirlHQ|nate|1511
|teamsize|p1|6
|teamsize|p2|6
|gen|8
|tier|[Gen 8] Ubers
|rated|
|rule|Sleep Clause Mod: Limit one foe put to sleep
|rule|Species Clause: Limit one of each Pokémon
|rule|OHKO Clause: OHKO moves are banned
|rule|Evasion Items Clause: Evasion items are banned
|rule|Evasion Moves Clause: Evasion moves are banned
|rule|Endless Battle Clause: Forcing endless battles is banned
|rule|HP Percentage Mod: HP is shown in percentages
|rule|Dynamax Clause: You cannot dynamax
|clearpoke
|poke|p1|Celesteela|
|poke|p1|Toxapex, M|
|poke|p1|Shuckle, F|
|poke|p1|Umbreon, M|
|poke|p1|Blissey, F|
|poke|p1|Ferrothorn, M|
|poke|p2|Rayquaza|
|poke|p2|Xerneas-*|
|poke|p2|Yveltal|
|poke|p2|Eternatus|
|poke|p2|Necrozma-Dusk-Mane|
|poke|p2|Darmanitan-Galar, M|
|teampreview
|inactive|Battle timer is ON: inactive players will automatically lose when time's up. (requested by ClaraLuna)
|
|t:|1660404445
|start
|switch|p1a: Toxapex|Toxapex, M|100/100
|switch|p2a: Necrozma|Necrozma-Dusk-Mane|100/100
|turn|1
|
|t:|1660404458
|move|p2a: Necrozma|Stealth Rock|p1a: Toxapex
|-sidestart|p1: ClaraLuna|move: Stealth Rock
|move|p1a: Toxapex|Scald|p2a: Necrozma
|-damage|p2a: Necrozma|90/100
|
|-heal|p2a: Necrozma|96/100|[from] item: Leftovers
|upkeep
|turn|2
|c|☆ClaraLuna|Good luck to you!
|inactive|TogeBirlHQ has 120 seconds left.
|
|t:|1660404493
|move|p2a: Necrozma|Iron Head|p1a: Toxapex
|-resisted|p1a: Toxapex
|-damage|p1a: Toxapex|89/100
|cant|p1a: Toxapex|flinch
|
|-heal|p2a: Necrozma|100/100|[from] item: Leftovers
|-heal|p1a: Toxapex|96/100|[from] item: Black Sludge
|upkeep
|turn|3
|
|t:|1660404502
|move|p2a: Necrozma|Iron Head|p1a: Toxapex
|-resisted|p1a: Toxapex
|-damage|p1a: Toxapex|83/100
|move|p1a: Toxapex|Scald|p2a: Necrozma
|-damage|p2a: Necrozma|91/100
|
|-heal|p2a: Necrozma|97/100|[from] item: Leftovers
|-heal|p1a: Toxapex|89/100|[from] item: Black Sludge
|upkeep
|turn|4
|inactive|TogeBirlHQ has 120 seconds left.
|
|t:|1660404519
|move|p2a: Necrozma|Iron Head|p1a: Toxapex
|-resisted|p1a: Toxapex
|-damage|p1a: Toxapex|77/100
|cant|p1a: Toxapex|flinch
|
|-heal|p2a: Necrozma|100/100|[from] item: Leftovers
|-heal|p1a: Toxapex|83/100|[from] item: Black Sludge
|upkeep
|turn|5
|
|t:|1660404524
|move|p2a: Necrozma|Iron Head|p1a: Toxapex
|-resisted|p1a: Toxapex
|-damage|p1a: Toxapex|72/100
|move|p1a: Toxapex|Scald|p2a: Necrozma
|-damage|p2a: Necrozma|91/100
|
|-heal|p2a: Necrozma|97/100|[from] item: Leftovers
|-heal|p1a: Toxapex|78/100|[from] item: Black Sludge
|upkeep
|turn|6
|
|t:|1660404530
|move|p2a: Necrozma|Iron Head|p1a: Toxapex
|-resisted|p1a: Toxapex
|-damage|p1a: Toxapex|65/100
|cant|p1a: Toxapex|flinch
|
|-heal|p2a: Necrozma|100/100|[from] item: Leftovers
|-heal|p1a: Toxapex|71/100|[from] item: Black Sludge
|upkeep
|turn|7
|c|☆ClaraLuna|Oh my goodness please burn
|c|☆ClaraLuna|crispy crispy burnt necrozma
|c|☆ClaraLuna|nom nom nom
|
|t:|1660404543
|move|p2a: Necrozma|Iron Head|p1a: Toxapex
|-resisted|p1a: Toxapex
|-damage|p1a: Toxapex|58/100
|move|p1a: Toxapex|Scald|p2a: Necrozma
|-damage|p2a: Necrozma|91/100
|
|-heal|p2a: Necrozma|97/100|[from] item: Leftovers
|-heal|p1a: Toxapex|65/100|[from] item: Black Sludge
|upkeep
|turn|8
|c|☆ClaraLuna|BURN BABY BURN
|c|☆ClaraLuna|ughhhh
|c|☆ClaraLuna|I am shocked.
|c|☆TogeBirlHQ|You know burning my necrzoma does do much
|c|☆ClaraLuna|I know
|c|☆TogeBirlHQ|Because he not offencive
|inactive|TogeBirlHQ has 120 seconds left.
|c|☆ClaraLuna|I just decided at the start I wanted to burn it
|
|t:|1660404577
|move|p2a: Necrozma|Iron Head|p1a: Toxapex
|-resisted|p1a: Toxapex
|-damage|p1a: Toxapex|53/100
|cant|p1a: Toxapex|flinch
|
|-heal|p2a: Necrozma|100/100|[from] item: Leftovers
|-heal|p1a: Toxapex|59/100|[from] item: Black Sludge
|upkeep
|turn|9
|c|☆ClaraLuna|And I am very stubborn :)
|
|t:|1660404585
|move|p2a: Necrozma|Iron Head|p1a: Toxapex
|-resisted|p1a: Toxapex
|-damage|p1a: Toxapex|47/100
|move|p1a: Toxapex|Recover|p1a: Toxapex
|-heal|p1a: Toxapex|97/100
|
|-heal|p1a: Toxapex|100/100|[from] item: Black Sludge
|upkeep
|turn|10
|
|t:|1660404592
|switch|p1a: Ferrothorn|Ferrothorn, M|100/100
|-damage|p1a: Ferrothorn|95/100|[from] Stealth Rock
|move|p2a: Necrozma|Iron Head|p1a: Ferrothorn
|-resisted|p1a: Ferrothorn
|-damage|p1a: Ferrothorn|80/100
|-damage|p2a: Necrozma|88/100|[from] ability: Iron Barbs|[of] p1a: Ferrothorn
|-damage|p2a: Necrozma|72/100|[from] item: Rocky Helmet|[of] p1a: Ferrothorn
|
|-heal|p2a: Necrozma|78/100|[from] item: Leftovers
|upkeep
|turn|11
|
|t:|1660404597
|switch|p2a: Eternatus|Eternatus|100/100
|-ability|p2a: Eternatus|Pressure
|move|p1a: Ferrothorn|Leech Seed|p2a: Eternatus
|-start|p2a: Eternatus|move: Leech Seed
|
|-damage|p2a: Eternatus|88/100|[from] Leech Seed|[of] p1a: Ferrothorn
|-heal|p1a: Ferrothorn|96/100|[silent]
|upkeep
|turn|12
|
|t:|1660404604
|switch|p2a: Rayquaza|Rayquaza|100/100
|-ability|p2a: Rayquaza|Air Lock
|switch|p1a: Blissey|Blissey, F|100/100
|-damage|p1a: Blissey|88/100|[from] Stealth Rock
|
|-heal|p1a: Blissey|94/100|[from] item: Leftovers
|upkeep
|turn|13
|
|t:|1660404610
|move|p2a: Rayquaza|Dragon Ascent|p1a: Blissey
|-damage|p1a: Blissey|12/100
|-unboost|p2a: Rayquaza|def|1
|-unboost|p2a: Rayquaza|spd|1
|-damage|p2a: Rayquaza|91/100|[from] item: Life Orb
|move|p1a: Blissey|Toxic|p2a: Rayquaza
|-status|p2a: Rayquaza|tox
|
|-heal|p1a: Blissey|18/100|[from] item: Leftovers
|-damage|p2a: Rayquaza|85/100 tox|[from] psn
|upkeep
|turn|14
|
|t:|1660404621
|move|p2a: Rayquaza|V-create|p1a: Blissey
|-damage|p1a: Blissey|0 fnt
|-unboost|p2a: Rayquaza|spe|1
|-unboost|p2a: Rayquaza|def|1
|-unboost|p2a: Rayquaza|spd|1
|faint|p1a: Blissey
|-damage|p2a: Rayquaza|75/100 tox|[from] item: Life Orb
|
|-damage|p2a: Rayquaza|63/100 tox|[from] psn
|upkeep
|
|t:|1660404637
|switch|p1a: Umbreon|Umbreon, M|100/100
|-damage|p1a: Umbreon|88/100|[from] Stealth Rock
|turn|15
|
|t:|1660404643
|switch|p2a: Darmanitan|Darmanitan-Galar, M|100/100
|move|p1a: Umbreon|Foul Play|p2a: Darmanitan
|-damage|p2a: Darmanitan|18/100
|
|-heal|p1a: Umbreon|94/100|[from] item: Leftovers
|upkeep
|turn|16
|
|t:|1660404649
|move|p2a: Darmanitan|U-turn|p1a: Umbreon
|-supereffective|p1a: Umbreon
|-damage|p1a: Umbreon|30/100
|
|t:|1660404653
|switch|p2a: Yveltal|Yveltal|100/100|[from]move: U-turn
|-ability|p2a: Yveltal|Dark Aura
|move|p1a: Umbreon|Foul Play|p2a: Yveltal
|-resisted|p2a: Yveltal
|-damage|p2a: Yveltal|78/100
|
|-heal|p1a: Umbreon|36/100|[from] item: Leftovers
|upkeep
|turn|17
|c|☆ClaraLuna|Oh goodness what a damaging ice thing
|
|t:|1660404667
|move|p1a: Umbreon|Protect|p1a: Umbreon
|-singleturn|p1a: Umbreon|Protect
|move|p2a: Yveltal|U-turn|p1a: Umbreon
|-activate|p1a: Umbreon|move: Protect
|
|-heal|p1a: Umbreon|42/100|[from] item: Leftovers
|upkeep
|turn|18
|
|t:|1660404676
|switch|p1a: Toxapex|Toxapex, M|100/100
|-damage|p1a: Toxapex|88/100|[from] Stealth Rock
|move|p2a: Yveltal|U-turn|p1a: Toxapex
|-resisted|p1a: Toxapex
|-damage|p1a: Toxapex|81/100
|
|t:|1660404683
|switch|p2a: Xerneas|Xerneas|100/100|[from]move: U-turn
|-ability|p2a: Xerneas|Fairy Aura
|
|-heal|p1a: Toxapex|88/100|[from] item: Black Sludge
|upkeep
|turn|19
|
|t:|1660404694
|switch|p1a: Ferrothorn|Ferrothorn, M|96/100
|-damage|p1a: Ferrothorn|90/100|[from] Stealth Rock
|move|p2a: Xerneas|Thunder|p1a: Ferrothorn|[miss]
|-miss|p2a: Xerneas|p1a: Ferrothorn
|
|upkeep
|turn|20
|
|t:|1660404703
|switch|p2a: Eternatus|Eternatus|88/100
|-ability|p2a: Eternatus|Pressure
|move|p1a: Ferrothorn|Leech Seed|p2a: Eternatus|[miss]
|-miss|p1a: Ferrothorn|p2a: Eternatus
|
|upkeep
|turn|21
|
|t:|1660404717
|move|p2a: Eternatus|Mystical Fire|p1a: Ferrothorn
|-supereffective|p1a: Ferrothorn
|-damage|p1a: Ferrothorn|30/100
|-unboost|p1a: Ferrothorn|spa|1
|move|p1a: Ferrothorn|Stealth Rock|p2a: Eternatus
|-sidestart|p2: TogeBirlHQ|move: Stealth Rock
|
|upkeep
|turn|22
|
|t:|1660404729
|move|p2a: Eternatus|Mystical Fire|p1a: Ferrothorn
|-supereffective|p1a: Ferrothorn
|-damage|p1a: Ferrothorn|0 fnt
|faint|p1a: Ferrothorn
|
|upkeep
|
|t:|1660404738
|switch|p1a: Shuckle|Shuckle, F|100/100
|-damage|p1a: Shuckle|75/100|[from] Stealth Rock
|turn|23
|
|t:|1660404743
|move|p1a: Shuckle|Shell Smash|p1a: Shuckle
|-boost|p1a: Shuckle|def|1
|-boost|p1a: Shuckle|spd|1
|-unboost|p1a: Shuckle|atk|2
|-unboost|p1a: Shuckle|spa|2
|-unboost|p1a: Shuckle|spe|2
|move|p2a: Eternatus|Dragon Tail|p1a: Shuckle
|-damage|p1a: Shuckle|69/100
|drag|p1a: Umbreon|Umbreon, M|42/100
|-damage|p1a: Umbreon|29/100|[from] Stealth Rock
|
|-heal|p1a: Umbreon|36/100|[from] item: Leftovers
|upkeep
|turn|24
|
|t:|1660404748
|move|p1a: Umbreon|Protect|p1a: Umbreon
|-singleturn|p1a: Umbreon|Protect
|move|p2a: Eternatus|Draco Meteor|p1a: Umbreon
|-activate|p1a: Umbreon|move: Protect
|
|-heal|p1a: Umbreon|42/100|[from] item: Leftovers
|upkeep
|turn|25
|
|t:|1660404755
|switch|p1a: Toxapex|Toxapex, M|100/100
|-damage|p1a: Toxapex|88/100|[from] Stealth Rock
|move|p2a: Eternatus|Draco Meteor|p1a: Toxapex
|-damage|p1a: Toxapex|41/100
|-unboost|p2a: Eternatus|spa|2
|-enditem|p2a: Eternatus|Eject Pack
|c|☆ClaraLuna|Such an interesting set!
|c|☆ClaraLuna|You are absolutely going to win
|
|t:|1660404775
|switch|p2a: Rayquaza|Rayquaza|63/100 tox
|-damage|p2a: Rayquaza|38/100 tox|[from] Stealth Rock
|-ability|p2a: Rayquaza|Air Lock
|
|-heal|p1a: Toxapex|47/100|[from] item: Black Sludge
|-damage|p2a: Rayquaza|32/100 tox|[from] psn
|upkeep
|turn|26
|c|☆ClaraLuna|But it is going to take you a while :)
|
|t:|1660404787
|move|p2a: Rayquaza|Dragon Ascent|p1a: Toxapex
|-damage|p1a: Toxapex|0 fnt
|-unboost|p2a: Rayquaza|def|1
|-unboost|p2a: Rayquaza|spd|1
|faint|p1a: Toxapex
|-damage|p2a: Rayquaza|22/100 tox|[from] item: Life Orb
|
|-damage|p2a: Rayquaza|10/100 tox|[from] psn
|upkeep
|
|t:|1660404794
|switch|p1a: Umbreon|Umbreon, M|42/100
|-damage|p1a: Umbreon|29/100|[from] Stealth Rock
|turn|27
|c|☆TogeBirlHQ|Thanks
|
|t:|1660404800
|move|p1a: Umbreon|Protect|p1a: Umbreon
|-singleturn|p1a: Umbreon|Protect
|move|p2a: Rayquaza|Dragon Ascent|p1a: Umbreon
|-activate|p1a: Umbreon|move: Protect
|
|-heal|p1a: Umbreon|35/100|[from] item: Leftovers
|-damage|p2a: Rayquaza|0 fnt|[from] psn
|faint|p2a: Rayquaza
|upkeep
|
|t:|1660404804
|switch|p2a: Xerneas|Xerneas|100/100
|-damage|p2a: Xerneas|88/100|[from] Stealth Rock
|-ability|p2a: Xerneas|Fairy Aura
|turn|28
|
|t:|1660404808
|move|p2a: Xerneas|Geomancy||[still]
|-prepare|p2a: Xerneas|Geomancy
|-enditem|p2a: Xerneas|Power Herb
|-anim|p2a: Xerneas|Geomancy|p2a: Xerneas
|-boost|p2a: Xerneas|spa|2
|-boost|p2a: Xerneas|spd|2
|-boost|p2a: Xerneas|spe|2
|move|p1a: Umbreon|Toxic|p2a: Xerneas
|-status|p2a: Xerneas|tox
|
|-heal|p1a: Umbreon|41/100|[from] item: Leftovers
|-damage|p2a: Xerneas|82/100 tox|[from] psn
|upkeep
|turn|29
|
|t:|1660404816
|move|p1a: Umbreon|Protect|p1a: Umbreon
|-singleturn|p1a: Umbreon|Protect
|move|p2a: Xerneas|Ingrain|p2a: Xerneas
|-start|p2a: Xerneas|move: Ingrain
|
|-heal|p1a: Umbreon|47/100|[from] item: Leftovers
|-heal|p2a: Xerneas|88/100 tox|[from] Ingrain
|-damage|p2a: Xerneas|76/100 tox|[from] psn
|upkeep
|turn|30
|
|t:|1660404825
|move|p2a: Xerneas|Moonblast|p1a: Umbreon
|-supereffective|p1a: Umbreon
|-damage|p1a: Umbreon|0 fnt
|faint|p1a: Umbreon
|
|-heal|p2a: Xerneas|82/100 tox|[from] Ingrain
|-damage|p2a: Xerneas|64/100 tox|[from] psn
|upkeep
|
|t:|1660404827
|switch|p1a: Celesteela|Celesteela|100/100
|-damage|p1a: Celesteela|88/100|[from] Stealth Rock
|turn|31
|c|☆TogeBirlHQ|If your asking why ingrain
|c|☆ClaraLuna|Yes I was wondering!
|inactive|TogeBirlHQ has 120 seconds left.
|c|☆TogeBirlHQ|It's because this make roar and whilwhind does not work
|c|☆ClaraLuna|Ah very clever!
|c|☆ClaraLuna|Never seen it on a Xerneas before
|c|☆TogeBirlHQ|So basically ho-oh does not beat this
|
|t:|1660404881
|move|p2a: Xerneas|Thunder|p1a: Celesteela
|-supereffective|p1a: Celesteela
|-damage|p1a: Celesteela|0 fnt
|faint|p1a: Celesteela
|
|-heal|p2a: Xerneas|70/100 tox|[from] Ingrain
|-damage|p2a: Xerneas|45/100 tox|[from] psn
|upkeep
|c|☆ClaraLuna|I enjoy these unexpected things
|
|t:|1660404887
|switch|p1a: Shuckle|Shuckle, F|69/100
|-damage|p1a: Shuckle|44/100|[from] Stealth Rock
|turn|32
|
|t:|1660404891
|move|p2a: Xerneas|Moonblast|p1a: Shuckle
|-damage|p1a: Shuckle|0 fnt
|faint|p1a: Shuckle
|
|win|TogeBirlHQ
|raw|ClaraLuna's rating: 1303 &rarr; <strong>1294</strong><br />(-9 for losing)
|raw|TogeBirlHQ's rating: 1511 &rarr; <strong>1520</strong><br />(+9 for winning)
|c|☆ClaraLuna|gg
|c|☆ClaraLuna|Have a lovely day :)
|c|☆TogeBirlHQ|Gg nice team btw buddy
|c|☆ClaraLuna|Thank you! Doing research on walls
|c|☆TogeBirlHQ|That god protect you from haxs
|c|☆ClaraLuna|So not serious battling, but definitely need to try out some other mons :)
|l|☆ClaraLuna
||Ladder isn't responding, score probably updated but might not have (Request timeout).
