|j|☆RuthlessDragon6
|j|☆erikus
|t:|1632897852
|gametype|singles
|player|p1|RuthlessDragon6|silver|1308
|player|p2|erikus|266|1264
|teamsize|p1|6
|teamsize|p2|6
|gen|8
|tier|[Gen 8] Ubers
|rated|
|rule|Sleep Clause Mod: Limit one foe put to sleep
|rule|Species Clause: Limit one of each Pokémon
|rule|OHKO Clause: OHKO moves are banned
|rule|Evasion Moves Clause: Evasion moves are banned
|rule|Endless Battle Clause: Forcing endless battles is banned
|rule|HP Percentage Mod: HP is shown in percentages
|rule|Dynamax Clause: You cannot dynamax
|clearpoke
|poke|p1|Groudon|
|poke|p1|Calyrex-Shadow|
|poke|p1|Eternatus|
|poke|p1|Necrozma-Dusk-Mane|
|poke|p1|Marshadow|
|poke|p1|Yveltal|
|poke|p2|Yveltal|
|poke|p2|Xerneas-*|
|poke|p2|Giratina|
|poke|p2|Blissey, F|
|poke|p2|Ho-Oh|
|poke|p2|Necrozma-Dusk-Mane|
|teampreview
|j| IoSonoNeon
|inactive|Battle timer is ON: inactive players will automatically lose when time's up. (requested by erikus)
|
|t:|1632897914
|start
|switch|p1a: Groudon|Groudon|100/100
|switch|p2a: Giratina|Giratina|100/100
|-weather|SunnyDay|[from] ability: Drought|[of] p1a: Groudon
|-ability|p2a: Giratina|Pressure
|turn|1
|c|☆RuthlessDragon6|hf
|inactive|erikus has 120 seconds left.
|inactive|erikus has 90 seconds left.
|inactive|erikus has 60 seconds left.
|
|t:|1632898009
|move|p1a: Groudon|Stealth Rock|p2a: Giratina
|-sidestart|p2: erikus|move: Stealth Rock
|move|p2a: Giratina|Toxic|p1a: Groudon
|-status|p1a: Groudon|tox
|
|-weather|SunnyDay|[upkeep]
|-damage|p1a: Groudon|94/100 tox|[from] psn
|upkeep
|turn|2
|c|☆erikus|glhf bro
|
|t:|1632898037
|move|p1a: Groudon|Thunder Wave|p2a: Giratina
|-status|p2a: Giratina|par
|move|p2a: Giratina|Defog|p1a: Groudon
|-unboost|p1a: Groudon|evasion|1
|-sideend|p2: erikus|Stealth Rock|[from] move: Defog|[of] p2a: Giratina
|
|-weather|SunnyDay|[upkeep]
|-heal|p1a: Groudon|100/100 tox|[from] item: Leftovers
|-damage|p1a: Groudon|88/100 tox|[from] psn
|upkeep
|turn|3
|inactive|erikus has 60 seconds left.
|
|t:|1632898065
|switch|p1a: Yveltal|Yveltal|100/100
|-ability|p1a: Yveltal|Dark Aura
|cant|p2a: Giratina|par
|
|-weather|SunnyDay|[upkeep]
|upkeep
|turn|4
|
|t:|1632898074
|switch|p2a: Xerneas|Xerneas|100/100
|-ability|p2a: Xerneas|Fairy Aura
|move|p1a: Yveltal|Knock Off|p2a: Xerneas
|-resisted|p2a: Xerneas
|-damage|p2a: Xerneas|85/100
|-enditem|p2a: Xerneas|Leftovers|[from] move: Knock Off|[of] p1a: Yveltal
|
|-weather|SunnyDay|[upkeep]
|upkeep
|turn|5
|
|t:|1632898080
|switch|p1a: Necrozma|Necrozma-Dusk-Mane|100/100
|move|p2a: Xerneas|Moonblast|p1a: Necrozma
|-resisted|p1a: Necrozma
|-damage|p1a: Necrozma|84/100
|
|-weather|none
|-heal|p1a: Necrozma|90/100|[from] item: Leftovers
|upkeep
|turn|6
|
|t:|1632898089
|switch|p2a: Giratina|Giratina|100/100 par
|-ability|p2a: Giratina|Pressure
|move|p1a: Necrozma|Thunder Wave|p2a: Giratina
|-fail|p2a: Giratina|par
|
|-heal|p1a: Necrozma|96/100|[from] item: Leftovers
|upkeep
|turn|7
|
|t:|1632898094
|switch|p1a: Yveltal|Yveltal|100/100
|-ability|p1a: Yveltal|Dark Aura
|cant|p2a: Giratina|par
|
|upkeep
|turn|8
|
|t:|1632898113
|switch|p2a: Xerneas|Xerneas|85/100
|-ability|p2a: Xerneas|Fairy Aura
|move|p1a: Yveltal|Knock Off|p2a: Xerneas
|-resisted|p2a: Xerneas
|-damage|p2a: Xerneas|74/100
|
|upkeep
|turn|9
|
|t:|1632898122
|switch|p1a: Necrozma|Necrozma-Dusk-Mane|96/100
|switch|p2a: Yveltal|Yveltal|100/100
|-ability|p2a: Yveltal|Dark Aura
|
|-heal|p1a: Necrozma|100/100|[from] item: Leftovers
|upkeep
|turn|10
|
|t:|1632898148
|switch|p1a: Eternatus|Eternatus|100/100
|-ability|p1a: Eternatus|Pressure
|move|p2a: Yveltal|Knock Off|p1a: Eternatus
|-damage|p1a: Eternatus|61/100
|-enditem|p1a: Eternatus|Black Sludge|[from] move: Knock Off|[of] p2a: Yveltal
|
|upkeep
|turn|11
|inactive|RuthlessDragon6 has 120 seconds left.
|
|t:|1632898189
|switch|p2a: Blissey|Blissey, F|100/100
|move|p1a: Eternatus|Recover|p1a: Eternatus
|-heal|p1a: Eternatus|100/100
|
|upkeep
|turn|12
|
|t:|1632898196
|move|p1a: Eternatus|Cosmic Power|p1a: Eternatus
|-boost|p1a: Eternatus|def|1
|-boost|p1a: Eternatus|spd|1
|move|p2a: Blissey|Seismic Toss|p1a: Eternatus
|-damage|p1a: Eternatus|80/100
|
|upkeep
|turn|13
|
|t:|1632898218
|move|p1a: Eternatus|Cosmic Power|p1a: Eternatus
|-boost|p1a: Eternatus|def|1
|-boost|p1a: Eternatus|spd|1
|move|p2a: Blissey|Seismic Toss|p1a: Eternatus
|-damage|p1a: Eternatus|59/100
|
|upkeep
|turn|14
|
|t:|1632898229
|move|p1a: Eternatus|Cosmic Power|p1a: Eternatus
|-boost|p1a: Eternatus|def|1
|-boost|p1a: Eternatus|spd|1
|move|p2a: Blissey|Confide|p1a: Eternatus
|-unboost|p1a: Eternatus|spa|1
|
|upkeep
|turn|15
|
|t:|1632898240
|move|p1a: Eternatus|Toxic|p2a: Blissey
|-status|p2a: Blissey|tox
|move|p2a: Blissey|Seismic Toss|p1a: Eternatus
|-damage|p1a: Eternatus|39/100
|
|-damage|p2a: Blissey|94/100 tox|[from] psn
|upkeep
|turn|16
|inactive|erikus has 120 seconds left.
|
|t:|1632898251
|switch|p2a: Ho-Oh|Ho-Oh|100/100
|move|p1a: Eternatus|Recover|p1a: Eternatus
|-heal|p1a: Eternatus|89/100
|
|upkeep
|turn|17
|inactive|erikus has 120 seconds left.
|
|t:|1632898279
|move|p1a: Eternatus|Toxic|p2a: Ho-Oh
|-status|p2a: Ho-Oh|tox
|move|p2a: Ho-Oh|Sacred Fire|p1a: Eternatus
|-resisted|p1a: Eternatus
|-damage|p1a: Eternatus|83/100
|
|-damage|p2a: Ho-Oh|94/100 tox|[from] psn
|upkeep
|turn|18
|inactive|RuthlessDragon6 has 90 seconds left.
|
|t:|1632898313
|move|p1a: Eternatus|Cosmic Power|p1a: Eternatus
|-boost|p1a: Eternatus|def|1
|-boost|p1a: Eternatus|spd|1
|move|p2a: Ho-Oh|Sacred Fire|p1a: Eternatus
|-resisted|p1a: Eternatus
|-damage|p1a: Eternatus|78/100
|-status|p1a: Eternatus|brn
|
|-damage|p2a: Ho-Oh|82/100 tox|[from] psn
|-damage|p1a: Eternatus|71/100 brn|[from] brn
|upkeep
|turn|19
|inactive|RuthlessDragon6 has 60 seconds left.
|
|t:|1632898349
|switch|p2a: Blissey|Blissey, F|94/100
|move|p1a: Eternatus|Cosmic Power|p1a: Eternatus
|-boost|p1a: Eternatus|def|1
|-boost|p1a: Eternatus|spd|1
|
|-heal|p2a: Blissey|100/100|[from] item: Leftovers
|-damage|p1a: Eternatus|65/100 brn|[from] brn
|upkeep
|turn|20
|inactive|RuthlessDragon6 has 60 seconds left.
|
|t:|1632898355
|switch|p2a: Ho-Oh|Ho-Oh|100/100 tox
|move|p1a: Eternatus|Cosmic Power|p1a: Eternatus
|-boost|p1a: Eternatus|def|1
|-boost|p1a: Eternatus|spd|1
|
|-damage|p2a: Ho-Oh|94/100 tox|[from] psn
|-damage|p1a: Eternatus|59/100 brn|[from] brn
|upkeep
|turn|21
|
|t:|1632898360
|move|p1a: Eternatus|Recover|p1a: Eternatus
|-heal|p1a: Eternatus|100/100 brn
|move|p2a: Ho-Oh|Whirlwind|p1a: Eternatus
|drag|p1a: Calyrex|Calyrex-Shadow|100/100
|-ability|p1a: Calyrex|As One
|-ability|p1a: Calyrex|Unnerve
|
|-damage|p2a: Ho-Oh|82/100 tox|[from] psn
|upkeep
|turn|22
|inactive|RuthlessDragon6 has 60 seconds left.
|
|t:|1632898401
|switch|p2a: Yveltal|Yveltal|100/100
|-ability|p2a: Yveltal|Dark Aura
|move|p1a: Calyrex|Trick|p2a: Yveltal
|-activate|p1a: Calyrex|move: Trick|[of] p2a: Yveltal
|-item|p2a: Yveltal|Choice Scarf|[from] move: Trick
|-item|p1a: Calyrex|Heavy-Duty Boots|[from] move: Trick
|
|upkeep
|turn|23
|
|t:|1632898413
|switch|p1a: Eternatus|Eternatus|100/100 brn
|-ability|p1a: Eternatus|Pressure
|move|p2a: Yveltal|Knock Off|p1a: Eternatus
|-damage|p1a: Eternatus|74/100 brn
|
|-damage|p1a: Eternatus|68/100 brn|[from] brn
|upkeep
|turn|24
|
|t:|1632898419
|move|p1a: Eternatus|Cosmic Power|p1a: Eternatus
|-boost|p1a: Eternatus|def|1
|-boost|p1a: Eternatus|spd|1
|move|p2a: Yveltal|Knock Off|p1a: Eternatus
|-damage|p1a: Eternatus|49/100 brn
|
|-damage|p1a: Eternatus|43/100 brn|[from] brn
|upkeep
|turn|25
|
|t:|1632898427
|switch|p2a: Necrozma|Necrozma-Dusk-Mane|100/100
|move|p1a: Eternatus|Recover|p1a: Eternatus
|-heal|p1a: Eternatus|93/100 brn
|
|-damage|p1a: Eternatus|86/100 brn|[from] brn
|upkeep
|turn|26
|inactive|RuthlessDragon6 has 60 seconds left.
|
|t:|1632898433
|switch|p1a: Groudon|Groudon|88/100 tox
|-weather|SunnyDay|[from] ability: Drought|[of] p1a: Groudon
|move|p2a: Necrozma|Stealth Rock|p1a: Groudon
|-sidestart|p1: RuthlessDragon6|move: Stealth Rock
|
|-weather|SunnyDay|[upkeep]
|-heal|p1a: Groudon|94/100 tox|[from] item: Leftovers
|-damage|p1a: Groudon|88/100 tox|[from] psn
|upkeep
|turn|27
|
|t:|1632898439
|switch|p2a: Giratina|Giratina|100/100 par
|-ability|p2a: Giratina|Pressure
|move|p1a: Groudon|Stealth Rock|p2a: Giratina
|-sidestart|p2: erikus|move: Stealth Rock
|
|-weather|SunnyDay|[upkeep]
|-heal|p1a: Groudon|94/100 tox|[from] item: Leftovers
|-damage|p1a: Groudon|82/100 tox|[from] psn
|upkeep
|turn|28
|
|t:|1632898445
|switch|p1a: Yveltal|Yveltal|100/100
|-ability|p1a: Yveltal|Dark Aura
|move|p2a: Giratina|Defog|p1a: Yveltal
|-unboost|p1a: Yveltal|evasion|1
|-sideend|p1: RuthlessDragon6|Stealth Rock|[from] move: Defog|[of] p2a: Giratina
|-sideend|p2: erikus|Stealth Rock|[from] move: Defog|[of] p2a: Giratina
|
|-weather|SunnyDay|[upkeep]
|upkeep
|turn|29
|
|t:|1632898454
|switch|p2a: Xerneas|Xerneas|74/100
|-ability|p2a: Xerneas|Fairy Aura
|move|p1a: Yveltal|Knock Off|p2a: Xerneas
|-resisted|p2a: Xerneas
|-damage|p2a: Xerneas|64/100
|
|-weather|SunnyDay|[upkeep]
|upkeep
|turn|30
|
|t:|1632898463
|switch|p1a: Necrozma|Necrozma-Dusk-Mane|100/100
|move|p2a: Xerneas|Aromatherapy|p2a: Xerneas
|-activate|p2a: Xerneas|move: Aromatherapy
|-curestatus|p2: Giratina|par|[msg]
|-curestatus|p2: Ho-Oh|tox|[msg]
|
|-weather|none
|upkeep
|turn|31
|
|t:|1632898473
|switch|p2a: Giratina|Giratina|100/100
|-ability|p2a: Giratina|Pressure
|move|p1a: Necrozma|Thunder Wave|p2a: Giratina
|-status|p2a: Giratina|par
|
|upkeep
|turn|32
|
|t:|1632898486
|switch|p1a: Yveltal|Yveltal|100/100
|-ability|p1a: Yveltal|Dark Aura
|move|p2a: Giratina|Toxic|p1a: Yveltal
|-status|p1a: Yveltal|tox
|
|-damage|p1a: Yveltal|94/100 tox|[from] psn
|upkeep
|turn|33
|
|t:|1632898497
|switch|p2a: Xerneas|Xerneas|64/100
|-ability|p2a: Xerneas|Fairy Aura
|move|p1a: Yveltal|Knock Off|p2a: Xerneas
|-resisted|p2a: Xerneas
|-damage|p2a: Xerneas|52/100
|
|-damage|p1a: Yveltal|82/100 tox|[from] psn
|upkeep
|turn|34
|
|t:|1632898505
|switch|p1a: Necrozma|Necrozma-Dusk-Mane|100/100
|move|p2a: Xerneas|Rest|p2a: Xerneas
|-status|p2a: Xerneas|slp|[from] move: Rest
|-heal|p2a: Xerneas|100/100 slp|[silent]
|
|upkeep
|turn|35
|inactive|RuthlessDragon6 has 90 seconds left.
|
|t:|1632898519
|switch|p2a: Giratina|Giratina|100/100 par
|-ability|p2a: Giratina|Pressure
|move|p1a: Necrozma|Sunsteel Strike|p2a: Giratina
|-damage|p2a: Giratina|78/100 par
|
|-heal|p2a: Giratina|84/100 par|[from] item: Leftovers
|upkeep
|turn|36
|
|t:|1632898530
|switch|p1a: Eternatus|Eternatus|86/100 brn
|-ability|p1a: Eternatus|Pressure
|move|p2a: Giratina|Will-O-Wisp|p1a: Eternatus
|-fail|p1a: Eternatus|brn
|
|-heal|p2a: Giratina|90/100 par|[from] item: Leftovers
|-damage|p1a: Eternatus|80/100 brn|[from] brn
|upkeep
|turn|37
|
|t:|1632898537
|switch|p2a: Necrozma|Necrozma-Dusk-Mane|100/100
|move|p1a: Eternatus|Cosmic Power|p1a: Eternatus
|-boost|p1a: Eternatus|def|1
|-boost|p1a: Eternatus|spd|1
|
|-damage|p1a: Eternatus|74/100 brn|[from] brn
|upkeep
|turn|38
|
|t:|1632898543
|switch|p1a: Calyrex|Calyrex-Shadow|100/100
|-ability|p1a: Calyrex|As One
|-ability|p1a: Calyrex|Unnerve
|move|p2a: Necrozma|Stealth Rock|p1a: Calyrex
|-sidestart|p1: RuthlessDragon6|move: Stealth Rock
|
|upkeep
|turn|39
|
|t:|1632898551
|switch|p2a: Yveltal|Yveltal|100/100
|-ability|p2a: Yveltal|Dark Aura
|move|p1a: Calyrex|Aromatherapy|p1a: Calyrex
|-activate|p1a: Calyrex|move: Aromatherapy
|-curestatus|p1: Eternatus|brn|[msg]
|-curestatus|p1: Yveltal|tox|[msg]
|-curestatus|p1: Groudon|tox|[msg]
|
|upkeep
|turn|40
|
|t:|1632898568
|switch|p1a: Yveltal|Yveltal|82/100
|-ability|p1a: Yveltal|Dark Aura
|move|p2a: Yveltal|Knock Off|p1a: Yveltal
|-resisted|p1a: Yveltal
|-damage|p1a: Yveltal|57/100
|-enditem|p1a: Yveltal|Heavy-Duty Boots|[from] move: Knock Off|[of] p2a: Yveltal
|
|upkeep
|turn|41
|
|t:|1632898576
|switch|p2a: Xerneas|Xerneas|100/100 slp
|-ability|p2a: Xerneas|Fairy Aura
|move|p1a: Yveltal|Defog|p2a: Xerneas
|-unboost|p2a: Xerneas|evasion|1
|-sideend|p1: RuthlessDragon6|Stealth Rock|[from] move: Defog|[of] p1a: Yveltal
|
|upkeep
|turn|42
|
|t:|1632898584
|switch|p1a: Groudon|Groudon|82/100
|-weather|SunnyDay|[from] ability: Drought|[of] p1a: Groudon
|cant|p2a: Xerneas|slp
|move|p2a: Xerneas|Sleep Talk|p2a: Xerneas
|move|p2a: Xerneas|Moonblast|p1a: Groudon|[from]move: Sleep Talk
|-damage|p1a: Groudon|29/100
|-unboost|p1a: Groudon|spa|1
|
|-weather|SunnyDay|[upkeep]
|-heal|p1a: Groudon|36/100|[from] item: Leftovers
|upkeep
|turn|43
|inactive|RuthlessDragon6 has 120 seconds left.
|
|t:|1632898601
|cant|p2a: Xerneas|slp
|move|p2a: Xerneas|Sleep Talk|p2a: Xerneas
|move|p2a: Xerneas|Rest||[from]move: Sleep Talk|[still]
|-fail|p2a: Xerneas
|move|p1a: Groudon|Stealth Rock|p2a: Xerneas
|-sidestart|p2: erikus|move: Stealth Rock
|
|-weather|SunnyDay|[upkeep]
|-heal|p1a: Groudon|42/100|[from] item: Leftovers
|upkeep
|turn|44
|
|t:|1632898609
|switch|p2a: Giratina|Giratina|90/100 par
|-damage|p2a: Giratina|77/100 par|[from] Stealth Rock
|-ability|p2a: Giratina|Pressure
|switch|p1a: Necrozma|Necrozma-Dusk-Mane|100/100
|
|-weather|SunnyDay|[upkeep]
|-heal|p2a: Giratina|84/100 par|[from] item: Leftovers
|upkeep
|turn|45
|inactive|RuthlessDragon6 has 120 seconds left.
|
|t:|1632898622
|switch|p1a: Yveltal|Yveltal|57/100
|-ability|p1a: Yveltal|Dark Aura
|move|p2a: Giratina|Defog|p1a: Yveltal
|-unboost|p1a: Yveltal|evasion|1
|-sideend|p2: erikus|Stealth Rock|[from] move: Defog|[of] p2a: Giratina
|
|-weather|SunnyDay|[upkeep]
|-heal|p2a: Giratina|90/100 par|[from] item: Leftovers
|upkeep
|turn|46
|
|t:|1632898628
|switch|p2a: Xerneas|Xerneas|100/100 slp
|-ability|p2a: Xerneas|Fairy Aura
|move|p1a: Yveltal|Roost|p1a: Yveltal
|-heal|p1a: Yveltal|100/100
|-singleturn|p1a: Yveltal|move: Roost
|
|-weather|none
|upkeep
|turn|47
|
|t:|1632898645
|switch|p1a: Necrozma|Necrozma-Dusk-Mane|100/100
|-curestatus|p2a: Xerneas|slp|[msg]
|move|p2a: Xerneas|Moonblast|p1a: Necrozma
|-resisted|p1a: Necrozma
|-damage|p1a: Necrozma|84/100
|-unboost|p1a: Necrozma|spa|1
|
|-heal|p1a: Necrozma|90/100|[from] item: Leftovers
|upkeep
|turn|48
|inactive|RuthlessDragon6 has 120 seconds left.
|
|t:|1632898662
|switch|p2a: Giratina|Giratina|90/100 par
|-ability|p2a: Giratina|Pressure
|switch|p1a: Yveltal|Yveltal|100/100
|-ability|p1a: Yveltal|Dark Aura
|
|-heal|p2a: Giratina|96/100 par|[from] item: Leftovers
|upkeep
|turn|49
|
|t:|1632898672
|switch|p2a: Xerneas|Xerneas|100/100
|-ability|p2a: Xerneas|Fairy Aura
|move|p1a: Yveltal|Knock Off|p2a: Xerneas
|-resisted|p2a: Xerneas
|-damage|p2a: Xerneas|89/100
|
|upkeep
|turn|50
|inactive|erikus has 120 seconds left.
|
|t:|1632898702
|switch|p1a: Necrozma|Necrozma-Dusk-Mane|90/100
|switch|p2a: Yveltal|Yveltal|100/100
|-ability|p2a: Yveltal|Dark Aura
|
|-heal|p1a: Necrozma|96/100|[from] item: Leftovers
|upkeep
|turn|51
|inactive|erikus has 120 seconds left.
|
|t:|1632898716
|switch|p2a: Ho-Oh|Ho-Oh|100/100
|move|p1a: Necrozma|Thunder Wave|p2a: Ho-Oh
|-status|p2a: Ho-Oh|par
|
|-heal|p1a: Necrozma|100/100|[from] item: Leftovers
|upkeep
|turn|52
|
|t:|1632898728
|switch|p1a: Eternatus|Eternatus|74/100
|-ability|p1a: Eternatus|Pressure
|move|p2a: Ho-Oh|Toxic|p1a: Eternatus
|-immune|p1a: Eternatus
|
|upkeep
|turn|53
|
|t:|1632898737
|switch|p2a: Blissey|Blissey, F|100/100
|move|p1a: Eternatus|Cosmic Power|p1a: Eternatus
|-boost|p1a: Eternatus|def|1
|-boost|p1a: Eternatus|spd|1
|
|upkeep
|turn|54
|
|t:|1632898744
|move|p1a: Eternatus|Dragon Pulse|p2a: Blissey
|-damage|p2a: Blissey|87/100
|move|p2a: Blissey|Seismic Toss|p1a: Eternatus
|-damage|p1a: Eternatus|53/100
|
|-heal|p2a: Blissey|93/100|[from] item: Leftovers
|upkeep
|turn|55
|
|t:|1632898751
|switch|p2a: Necrozma|Necrozma-Dusk-Mane|100/100
|move|p1a: Eternatus|Recover|p1a: Eternatus
|-heal|p1a: Eternatus|100/100
|
|upkeep
|turn|56
|
|t:|1632898764
|switch|p1a: Marshadow|Marshadow|100/100
|move|p2a: Necrozma|Earthquake|p1a: Marshadow
|-damage|p1a: Marshadow|53/100
|
|upkeep
|turn|57
|
|t:|1632898776
|move|p1a: Marshadow|Poltergeist|p2a: Necrozma
|-activate|p2a: Necrozma|move: Poltergeist|Rocky Helmet
|-supereffective|p2a: Necrozma
|-damage|p2a: Necrozma|39/100
|-damage|p1a: Marshadow|43/100|[from] item: Life Orb
|move|p2a: Necrozma|Earthquake|p1a: Marshadow
|-damage|p1a: Marshadow|0 fnt
|faint|p1a: Marshadow
|
|upkeep
|
|t:|1632898802
|switch|p1a: Yveltal|Yveltal|100/100
|-ability|p1a: Yveltal|Dark Aura
|turn|58
|
|t:|1632898809
|switch|p2a: Xerneas|Xerneas|89/100
|-ability|p2a: Xerneas|Fairy Aura
|move|p1a: Yveltal|Knock Off|p2a: Xerneas
|-resisted|p2a: Xerneas
|-damage|p2a: Xerneas|78/100
|
|upkeep
|turn|59
|inactive|erikus has 120 seconds left.
|
|t:|1632898841
|switch|p1a: Eternatus|Eternatus|100/100
|-ability|p1a: Eternatus|Pressure
|move|p2a: Xerneas|Moonblast|p1a: Eternatus
|-damage|p1a: Eternatus|61/100
|
|upkeep
|turn|60
|
|t:|1632898850
|switch|p2a: Necrozma|Necrozma-Dusk-Mane|39/100
|move|p1a: Eternatus|Cosmic Power|p1a: Eternatus
|-boost|p1a: Eternatus|def|1
|-boost|p1a: Eternatus|spd|1
|
|upkeep
|turn|61
|
|t:|1632898858
|switch|p1a: Yveltal|Yveltal|100/100
|-ability|p1a: Yveltal|Dark Aura
|move|p2a: Necrozma|Morning Sun|p2a: Necrozma
|-heal|p2a: Necrozma|89/100
|
|upkeep
|turn|62
|
|t:|1632898864
|switch|p2a: Xerneas|Xerneas|78/100
|-ability|p2a: Xerneas|Fairy Aura
|move|p1a: Yveltal|Knock Off|p2a: Xerneas
|-resisted|p2a: Xerneas
|-damage|p2a: Xerneas|67/100
|
|upkeep
|turn|63
|
|t:|1632898868
|switch|p1a: Necrozma|Necrozma-Dusk-Mane|100/100
|move|p2a: Xerneas|Moonblast|p1a: Necrozma
|-resisted|p1a: Necrozma
|-damage|p1a: Necrozma|82/100
|
|-heal|p1a: Necrozma|88/100|[from] item: Leftovers
|upkeep
|turn|64
|
|t:|1632898876
|switch|p2a: Yveltal|Yveltal|100/100
|-ability|p2a: Yveltal|Dark Aura
|move|p1a: Necrozma|Sunsteel Strike|p2a: Yveltal
|-damage|p2a: Yveltal|62/100
|
|-heal|p1a: Necrozma|94/100|[from] item: Leftovers
|upkeep
|turn|65
|
|t:|1632898886
|switch|p1a: Eternatus|Eternatus|61/100
|-ability|p1a: Eternatus|Pressure
|move|p2a: Yveltal|Knock Off|p1a: Eternatus
|-damage|p1a: Eternatus|31/100
|
|upkeep
|turn|66
|
|t:|1632898893
|move|p1a: Eternatus|Recover|p1a: Eternatus
|-heal|p1a: Eternatus|81/100
|move|p2a: Yveltal|Knock Off|p1a: Eternatus
|-damage|p1a: Eternatus|56/100
|
|upkeep
|turn|67
|
|t:|1632898899
|switch|p2a: Necrozma|Necrozma-Dusk-Mane|89/100
|move|p1a: Eternatus|Toxic|p2a: Necrozma
|-immune|p2a: Necrozma
|
|upkeep
|turn|68
|
|t:|1632898915
|switch|p1a: Calyrex|Calyrex-Shadow|100/100
|-ability|p1a: Calyrex|As One
|-ability|p1a: Calyrex|Unnerve
|move|p2a: Necrozma|Stealth Rock|p1a: Calyrex
|-sidestart|p1: RuthlessDragon6|move: Stealth Rock
|
|upkeep
|turn|69
|
|t:|1632898930
|switch|p2a: Ho-Oh|Ho-Oh|100/100 par
|move|p1a: Calyrex|Astral Barrage|p2a: Ho-Oh
|-damage|p2a: Ho-Oh|58/100 par
|
|upkeep
|turn|70
|
|t:|1632898941
|switch|p2a: Yveltal|Yveltal|62/100
|-ability|p2a: Yveltal|Dark Aura
|move|p1a: Calyrex|Astral Barrage|p2a: Yveltal
|-resisted|p2a: Yveltal
|-damage|p2a: Yveltal|40/100
|
|upkeep
|turn|71
|
|t:|1632898952
|switch|p1a: Eternatus|Eternatus|56/100
|-damage|p1a: Eternatus|43/100|[from] Stealth Rock
|-ability|p1a: Eternatus|Pressure
|move|p2a: Yveltal|Roost|p2a: Yveltal
|-heal|p2a: Yveltal|90/100
|-singleturn|p2a: Yveltal|move: Roost
|
|upkeep
|turn|72
|
|t:|1632898957
|switch|p2a: Blissey|Blissey, F|93/100
|move|p1a: Eternatus|Recover|p1a: Eternatus
|-heal|p1a: Eternatus|93/100
|
|-heal|p2a: Blissey|99/100|[from] item: Leftovers
|upkeep
|turn|73
|
|t:|1632898961
|move|p1a: Eternatus|Toxic|p2a: Blissey
|-status|p2a: Blissey|tox
|move|p2a: Blissey|Seismic Toss|p1a: Eternatus
|-damage|p1a: Eternatus|73/100
|
|-heal|p2a: Blissey|100/100 tox|[from] item: Leftovers
|-damage|p2a: Blissey|94/100 tox|[from] psn
|upkeep
|turn|74
|
|t:|1632898969
|-curestatus|p2a: Blissey|tox|[from] ability: Natural Cure
|switch|p2a: Necrozma|Necrozma-Dusk-Mane|89/100
|move|p1a: Eternatus|Dragon Pulse|p2a: Necrozma
|-resisted|p2a: Necrozma
|-damage|p2a: Necrozma|71/100
|
|upkeep
|turn|75
|
|t:|1632898977
|switch|p1a: Yveltal|Yveltal|100/100
|-damage|p1a: Yveltal|75/100|[from] Stealth Rock
|-ability|p1a: Yveltal|Dark Aura
|move|p2a: Necrozma|Sunsteel Strike|p1a: Yveltal
|-damage|p1a: Yveltal|34/100
|
|upkeep
|turn|76
|
|t:|1632898984
|switch|p2a: Xerneas|Xerneas|67/100
|-ability|p2a: Xerneas|Fairy Aura
|move|p1a: Yveltal|Roost|p1a: Yveltal
|-heal|p1a: Yveltal|84/100
|-singleturn|p1a: Yveltal|move: Roost
|
|upkeep
|turn|77
|
|t:|1632898991
|switch|p1a: Necrozma|Necrozma-Dusk-Mane|94/100
|-damage|p1a: Necrozma|88/100|[from] Stealth Rock
|switch|p2a: Yveltal|Yveltal|90/100
|-ability|p2a: Yveltal|Dark Aura
|
|-heal|p1a: Necrozma|94/100|[from] item: Leftovers
|upkeep
|turn|78
|
|t:|1632898996
|move|p2a: Yveltal|Knock Off|p1a: Necrozma
|-supereffective|p1a: Necrozma
|-damage|p1a: Necrozma|44/100
|-enditem|p1a: Necrozma|Leftovers|[from] move: Knock Off|[of] p2a: Yveltal
|move|p1a: Necrozma|Thunder Wave|p2a: Yveltal
|-status|p2a: Yveltal|par
|
|upkeep
|turn|79
|
|t:|1632899012
|switch|p2a: Ho-Oh|Ho-Oh|91/100 par
|move|p1a: Necrozma|Morning Sun|p1a: Necrozma
|-heal|p1a: Necrozma|94/100
|
|upkeep
|turn|80
|
|t:|1632899021
|switch|p1a: Yveltal|Yveltal|84/100
|-damage|p1a: Yveltal|59/100|[from] Stealth Rock
|-ability|p1a: Yveltal|Dark Aura
|cant|p2a: Ho-Oh|par
|
|upkeep
|turn|81
|
|t:|1632899027
|switch|p2a: Xerneas|Xerneas|67/100
|-ability|p2a: Xerneas|Fairy Aura
|move|p1a: Yveltal|Defog|p2a: Xerneas
|-unboost|p2a: Xerneas|evasion|1
|-sideend|p1: RuthlessDragon6|Stealth Rock|[from] move: Defog|[of] p1a: Yveltal
|
|upkeep
|turn|82
|
|t:|1632899032
|switch|p1a: Necrozma|Necrozma-Dusk-Mane|94/100
|move|p2a: Xerneas|Aromatherapy|p2a: Xerneas
|-activate|p2a: Xerneas|move: Aromatherapy
|-curestatus|p2: Giratina|par|[msg]
|-curestatus|p2: Yveltal|par|[msg]
|-curestatus|p2: Ho-Oh|par|[msg]
|
|upkeep
|turn|83
|
|t:|1632899039
|switch|p2a: Giratina|Giratina|96/100
|-ability|p2a: Giratina|Pressure
|move|p1a: Necrozma|Thunder Wave|p2a: Giratina
|-status|p2a: Giratina|par
|
|-heal|p2a: Giratina|100/100 par|[from] item: Leftovers
|upkeep
|turn|84
|
|t:|1632899049
|switch|p1a: Groudon|Groudon|42/100
|-weather|SunnyDay|[from] ability: Drought|[of] p1a: Groudon
|cant|p2a: Giratina|par
|
|-weather|SunnyDay|[upkeep]
|-heal|p1a: Groudon|48/100|[from] item: Leftovers
|upkeep
|turn|85
|
|t:|1632899060
|move|p1a: Groudon|Stealth Rock|p2a: Giratina
|-sidestart|p2: erikus|move: Stealth Rock
|move|p2a: Giratina|Will-O-Wisp|p1a: Groudon
|-status|p1a: Groudon|brn
|
|-weather|SunnyDay|[upkeep]
|-heal|p1a: Groudon|54/100 brn|[from] item: Leftovers
|-damage|p1a: Groudon|48/100 brn|[from] brn
|upkeep
|turn|86
|inactive|RuthlessDragon6 has 120 seconds left.
|
|t:|1632899096
|switch|p1a: Yveltal|Yveltal|59/100
|-ability|p1a: Yveltal|Dark Aura
|move|p2a: Giratina|Defog|p1a: Yveltal
|-unboost|p1a: Yveltal|evasion|1
|-sideend|p2: erikus|Stealth Rock|[from] move: Defog|[of] p2a: Giratina
|
|-weather|SunnyDay|[upkeep]
|upkeep
|turn|87
|
|t:|1632899103
|switch|p2a: Xerneas|Xerneas|67/100
|-ability|p2a: Xerneas|Fairy Aura
|move|p1a: Yveltal|Roost|p1a: Yveltal
|-heal|p1a: Yveltal|100/100
|-singleturn|p1a: Yveltal|move: Roost
|
|-weather|SunnyDay|[upkeep]
|upkeep
|turn|88
|
|t:|1632899129
|switch|p1a: Necrozma|Necrozma-Dusk-Mane|94/100
|switch|p2a: Ho-Oh|Ho-Oh|100/100
|
|-weather|none
|upkeep
|turn|89
|inactive|erikus has 120 seconds left.
|j| PikaAbuser
|
|t:|1632899149
|switch|p2a: Giratina|Giratina|100/100 par
|-ability|p2a: Giratina|Pressure
|switch|p1a: Eternatus|Eternatus|73/100
|-ability|p1a: Eternatus|Pressure
|
|upkeep
|turn|90
|
|t:|1632899158
|move|p1a: Eternatus|Dragon Pulse|p2a: Giratina
|-supereffective|p2a: Giratina
|-damage|p2a: Giratina|47/100 par
|move|p2a: Giratina|Will-O-Wisp|p1a: Eternatus|[miss]
|-miss|p2a: Giratina|p1a: Eternatus
|
|-heal|p2a: Giratina|53/100 par|[from] item: Leftovers
|upkeep
|turn|91
|
|t:|1632899165
|switch|p2a: Blissey|Blissey, F|94/100
|move|p1a: Eternatus|Dragon Pulse|p2a: Blissey
|-damage|p2a: Blissey|81/100
|
|-heal|p2a: Blissey|87/100|[from] item: Leftovers
|upkeep
|turn|92
|
|t:|1632899172
|move|p1a: Eternatus|Toxic|p2a: Blissey
|-status|p2a: Blissey|tox
|move|p2a: Blissey|Seismic Toss|p1a: Eternatus
|-damage|p1a: Eternatus|52/100
|
|-heal|p2a: Blissey|93/100 tox|[from] item: Leftovers
|-damage|p2a: Blissey|87/100 tox|[from] psn
|upkeep
|turn|93
|
|t:|1632899180
|-curestatus|p2a: Blissey|tox|[from] ability: Natural Cure
|switch|p2a: Necrozma|Necrozma-Dusk-Mane|71/100
|move|p1a: Eternatus|Dragon Pulse|p2a: Necrozma
|-resisted|p2a: Necrozma
|-damage|p2a: Necrozma|53/100
|
|upkeep
|turn|94
|
|t:|1632899187
|move|p1a: Eternatus|Recover|p1a: Eternatus
|-heal|p1a: Eternatus|100/100
|move|p2a: Necrozma|Stealth Rock|p1a: Eternatus
|-sidestart|p1: RuthlessDragon6|move: Stealth Rock
|
|upkeep
|turn|95
|
|t:|1632899197
|switch|p1a: Groudon|Groudon|48/100 brn
|-damage|p1a: Groudon|42/100 brn|[from] Stealth Rock
|-weather|SunnyDay|[from] ability: Drought|[of] p1a: Groudon
|move|p2a: Necrozma|Sunsteel Strike|p1a: Groudon
|-damage|p1a: Groudon|17/100 brn
|
|-weather|SunnyDay|[upkeep]
|-heal|p1a: Groudon|23/100 brn|[from] item: Leftovers
|-damage|p1a: Groudon|17/100 brn|[from] brn
|upkeep
|turn|96
|
|t:|1632899208
|move|p1a: Groudon|Precipice Blades|p2a: Necrozma
|-supereffective|p2a: Necrozma
|-damage|p2a: Necrozma|29/100
|move|p2a: Necrozma|Sunsteel Strike|p1a: Groudon
|-damage|p1a: Groudon|0 fnt
|faint|p1a: Groudon
|
|-weather|SunnyDay|[upkeep]
|upkeep
|
|t:|1632899216
|switch|p1a: Calyrex|Calyrex-Shadow|100/100
|-ability|p1a: Calyrex|As One
|-ability|p1a: Calyrex|Unnerve
|turn|97
|
|t:|1632899221
|switch|p2a: Yveltal|Yveltal|90/100
|-ability|p2a: Yveltal|Dark Aura
|move|p1a: Calyrex|Astral Barrage|p2a: Yveltal
|-resisted|p2a: Yveltal
|-damage|p2a: Yveltal|69/100
|
|-weather|SunnyDay|[upkeep]
|upkeep
|turn|98
|
|t:|1632899234
|switch|p1a: Yveltal|Yveltal|100/100
|-damage|p1a: Yveltal|75/100|[from] Stealth Rock
|-ability|p1a: Yveltal|Dark Aura
|move|p2a: Yveltal|Knock Off|p1a: Yveltal
|-resisted|p1a: Yveltal
|-damage|p1a: Yveltal|60/100
|
|-weather|SunnyDay|[upkeep]
|upkeep
|turn|99
|
|t:|1632899239
|switch|p2a: Xerneas|Xerneas|67/100
|-ability|p2a: Xerneas|Fairy Aura
|move|p1a: Yveltal|Defog|p2a: Xerneas
|-unboost|p2a: Xerneas|evasion|1
|-sideend|p1: RuthlessDragon6|Stealth Rock|[from] move: Defog|[of] p1a: Yveltal
|
|-weather|none
|upkeep
|turn|100
|
|t:|1632899255
|switch|p1a: Necrozma|Necrozma-Dusk-Mane|94/100
|move|p2a: Xerneas|Moonblast|p1a: Necrozma
|-resisted|p1a: Necrozma
|-damage|p1a: Necrozma|76/100
|-unboost|p1a: Necrozma|spa|1
|
|upkeep
|turn|101
|
|t:|1632899261
|switch|p2a: Giratina|Giratina|53/100 par
|-ability|p2a: Giratina|Pressure
|switch|p1a: Calyrex|Calyrex-Shadow|100/100
|-ability|p1a: Calyrex|As One
|-ability|p1a: Calyrex|Unnerve
|
|-heal|p2a: Giratina|59/100 par|[from] item: Leftovers
|upkeep
|turn|102
|inactive|erikus has 120 seconds left.
|
|t:|1632899291
|switch|p2a: Yveltal|Yveltal|69/100
|-ability|p2a: Yveltal|Dark Aura
|move|p1a: Calyrex|Astral Barrage|p2a: Yveltal
|-resisted|p2a: Yveltal
|-damage|p2a: Yveltal|48/100
|
|upkeep
|turn|103
|
|t:|1632899297
|switch|p1a: Eternatus|Eternatus|100/100
|-ability|p1a: Eternatus|Pressure
|move|p2a: Yveltal|Roost|p2a: Yveltal
|-heal|p2a: Yveltal|98/100
|-singleturn|p2a: Yveltal|move: Roost
|
|upkeep
|turn|104
|inactive|erikus has 120 seconds left.
|inactive|erikus has 90 seconds left.
|inactive|erikus has 60 seconds left.
|
|t:|1632899391
|switch|p2a: Xerneas|Xerneas|67/100
|-ability|p2a: Xerneas|Fairy Aura
|move|p1a: Eternatus|Toxic|p2a: Xerneas
|-status|p2a: Xerneas|tox
|
|-damage|p2a: Xerneas|60/100 tox|[from] psn
|upkeep
|turn|105
|
|t:|1632899405
|move|p1a: Eternatus|Cosmic Power|p1a: Eternatus
|-boost|p1a: Eternatus|def|1
|-boost|p1a: Eternatus|spd|1
|move|p2a: Xerneas|Rest|p2a: Xerneas
|-status|p2a: Xerneas|slp|[from] move: Rest
|-heal|p2a: Xerneas|100/100 slp|[silent]
|
|upkeep
|turn|106
|inactive|erikus has 30 seconds left.
|
|t:|1632899425
|switch|p1a: Necrozma|Necrozma-Dusk-Mane|76/100
|cant|p2a: Xerneas|slp
|move|p2a: Xerneas|Sleep Talk|p2a: Xerneas
|move|p2a: Xerneas|Aromatherapy|p2a: Xerneas|[from]move: Sleep Talk
|-activate|p2a: Xerneas|move: Aromatherapy
|-curestatus|p2a: Xerneas|slp|[msg]
|-curestatus|p2: Giratina|par|[msg]
|
|upkeep
|turn|107
|inactive|erikus has 30 seconds left this turn.
|inactive|RuthlessDragon6 has 120 seconds left.
|
|t:|1632899453
|switch|p2a: Giratina|Giratina|59/100
|-ability|p2a: Giratina|Pressure
|move|p1a: Necrozma|Thunder Wave|p2a: Giratina
|-status|p2a: Giratina|par
|
|-heal|p2a: Giratina|65/100 par|[from] item: Leftovers
|upkeep
|turn|108
|inactive|RuthlessDragon6 has 120 seconds left.
|inactive|erikus has 30 seconds left.
|inactive|erikus has 20 seconds left.
|inactive|erikus has 15 seconds left.
|inactive|erikus has 10 seconds left.
|
|t:|1632899482
|switch|p1a: Calyrex|Calyrex-Shadow|100/100
|-ability|p1a: Calyrex|As One
|-ability|p1a: Calyrex|Unnerve
|move|p2a: Giratina|Will-O-Wisp|p1a: Calyrex
|-status|p1a: Calyrex|brn
|
|-heal|p2a: Giratina|72/100 par|[from] item: Leftovers
|-damage|p1a: Calyrex|94/100 brn|[from] brn
|upkeep
|turn|109
|inactive|erikus has 15 seconds left this turn.
|
|t:|1632899507
|switch|p2a: Yveltal|Yveltal|98/100
|-ability|p2a: Yveltal|Dark Aura
|move|p1a: Calyrex|Astral Barrage|p2a: Yveltal
|-resisted|p2a: Yveltal
|-damage|p2a: Yveltal|78/100
|
|-damage|p1a: Calyrex|88/100 brn|[from] brn
|upkeep
|turn|110
|inactive|erikus has 20 seconds left this turn.
|inactive|erikus has 15 seconds left.
|inactive|erikus has 10 seconds left.
|
|t:|1632899519
|move|p1a: Calyrex|Astral Barrage|p2a: Yveltal
|-resisted|p2a: Yveltal
|-damage|p2a: Yveltal|55/100
|move|p2a: Yveltal|Knock Off|p1a: Calyrex
|-supereffective|p1a: Calyrex
|-damage|p1a: Calyrex|0 fnt
|-enditem|p1a: Calyrex|Heavy-Duty Boots|[from] move: Knock Off|[of] p2a: Yveltal
|faint|p1a: Calyrex
|
|upkeep
|inactive|erikus has 15 seconds left this turn.
|c|☆RuthlessDragon6|ah damn
|c|☆RuthlessDragon6|wrong predict
|inactive|RuthlessDragon6 has 90 seconds left.
|
|t:|1632899535
|switch|p1a: Eternatus|Eternatus|100/100
|-ability|p1a: Eternatus|Pressure
|turn|111
|inactive|erikus has 20 seconds left this turn.
|
|t:|1632899539
|switch|p2a: Xerneas|Xerneas|100/100
|-ability|p2a: Xerneas|Fairy Aura
|move|p1a: Eternatus|Dragon Pulse|p2a: Xerneas
|-immune|p2a: Xerneas
|
|upkeep
|turn|112
|inactive|erikus has 25 seconds left this turn.
|
|t:|1632899542
|move|p1a: Eternatus|Toxic|p2a: Xerneas
|-status|p2a: Xerneas|tox
|move|p2a: Xerneas|Moonblast|p1a: Eternatus
|-damage|p1a: Eternatus|60/100
|
|-damage|p2a: Xerneas|94/100 tox|[from] psn
|upkeep
|turn|113
|inactive|erikus has 30 seconds left this turn.
|inactive|erikus has 20 seconds left.
|
|t:|1632899557
|move|p1a: Eternatus|Recover|p1a: Eternatus
|-heal|p1a: Eternatus|100/100
|move|p2a: Xerneas|Moonblast|p1a: Eternatus
|-damage|p1a: Eternatus|58/100
|
|-damage|p2a: Xerneas|82/100 tox|[from] psn
|upkeep
|turn|114
|inactive|erikus has 25 seconds left this turn.
|inactive|erikus has 20 seconds left.
|
|t:|1632899567
|switch|p2a: Necrozma|Necrozma-Dusk-Mane|29/100
|move|p1a: Eternatus|Cosmic Power|p1a: Eternatus
|-boost|p1a: Eternatus|def|1
|-boost|p1a: Eternatus|spd|1
|
|upkeep
|turn|115
|inactive|erikus has 25 seconds left this turn.
|
|t:|1632899575
|move|p1a: Eternatus|Recover|p1a: Eternatus
|-heal|p1a: Eternatus|100/100
|move|p2a: Necrozma|Morning Sun|p2a: Necrozma
|-heal|p2a: Necrozma|79/100
|
|upkeep
|turn|116
|inactive|erikus has 30 seconds left this turn.
|
|t:|1632899584
|move|p1a: Eternatus|Dragon Pulse|p2a: Necrozma
|-resisted|p2a: Necrozma
|-damage|p2a: Necrozma|63/100
|move|p2a: Necrozma|Stealth Rock|p1a: Eternatus
|-sidestart|p1: RuthlessDragon6|move: Stealth Rock
|
|upkeep
|turn|117
|inactive|erikus has 30 seconds left this turn.
|
|t:|1632899597
|switch|p2a: Blissey|Blissey, F|87/100
|move|p1a: Eternatus|Cosmic Power|p1a: Eternatus
|-boost|p1a: Eternatus|def|1
|-boost|p1a: Eternatus|spd|1
|
|-heal|p2a: Blissey|93/100|[from] item: Leftovers
|upkeep
|turn|118
|inactive|erikus has 30 seconds left this turn.
|
|t:|1632899604
|move|p1a: Eternatus|Toxic|p2a: Blissey
|-status|p2a: Blissey|tox
|move|p2a: Blissey|Seismic Toss|p1a: Eternatus
|-damage|p1a: Eternatus|80/100
|
|-heal|p2a: Blissey|99/100 tox|[from] item: Leftovers
|-damage|p2a: Blissey|93/100 tox|[from] psn
|upkeep
|turn|119
|inactive|erikus has 30 seconds left this turn.
|
|t:|1632899613
|-curestatus|p2a: Blissey|tox|[from] ability: Natural Cure
|switch|p2a: Ho-Oh|Ho-Oh|100/100
|move|p1a: Eternatus|Cosmic Power|p1a: Eternatus
|-boost|p1a: Eternatus|def|1
|-boost|p1a: Eternatus|spd|1
|
|upkeep
|turn|120
|inactive|erikus has 30 seconds left.
|inactive|RuthlessDragon6 has 90 seconds left.
|inactive|erikus has 20 seconds left.
|
|t:|1632899631
|switch|p2a: Necrozma|Necrozma-Dusk-Mane|63/100
|move|p1a: Eternatus|Dragon Pulse|p2a: Necrozma
|-resisted|p2a: Necrozma
|-crit|p2a: Necrozma
|-damage|p2a: Necrozma|36/100
|
|upkeep
|turn|121
|inactive|erikus has 25 seconds left this turn.
|inactive|erikus has 20 seconds left.
|inactive|erikus has 15 seconds left.
|inactive|erikus has 10 seconds left.
|inactive|erikus has 5 seconds left.
|-message|erikus lost due to inactivity.
|
|win|RuthlessDragon6
|raw|RuthlessDragon6's rating: 1308 &rarr; <strong>1325</strong><br />(+17 for winning)
|raw|erikus's rating: 1264 &rarr; <strong>1242</strong><br />(-22 for losing)
|l|☆erikus
