|j|☆Mekontchou111
|j|☆Soulja92x
|t:|1664704321
|gametype|singles
|player|p1|Mekontchou111|169|1104
|player|p2|Soulja92x|sailor|1194
|teamsize|p1|6
|teamsize|p2|6
|gen|8
|tier|[Gen 8] Ubers
|rated|
|rule|Sleep Clause Mod: Limit one foe put to sleep
|rule|Species Clause: Limit one of each Pokémon
|rule|OHKO Clause: OHKO moves are banned
|rule|Evasion Items Clause: Evasion items are banned
|rule|Evasion Moves Clause: Evasion moves are banned
|rule|Endless Battle Clause: Forcing endless battles is banned
|rule|HP Percentage Mod: HP is shown in percentages
|rule|Dynamax Clause: You cannot dynamax
|clearpoke
|poke|p1|Hatterene, F|
|poke|p1|Dracovish|
|poke|p1|Melmetal|
|poke|p1|Porygon2|
|poke|p1|Calyrex-Ice|
|poke|p1|Magearna|
|poke|p2|Tapu Koko|
|poke|p2|Ferrothorn, M|
|poke|p2|Stunfisk, F|
|poke|p2|Dracovish|
|poke|p2|Pelipper, F|
|poke|p2|Shiftry, F|
|teampreview
|inactive|Battle timer is ON: inactive players will automatically lose when time's up. (requested by Soulja92x)
|
|t:|1664704337
|start
|switch|p1a: Calyrex|Calyrex-Ice|100/100
|switch|p2a: Tapu Koko|Tapu Koko|100/100
|-ability|p1a: Calyrex|As One
|-ability|p1a: Calyrex|Unnerve
|-fieldstart|move: Electric Terrain|[from] ability: Electric Surge|[of] p2a: Tapu Koko
|turn|1
|
|t:|1664704345
|move|p2a: Tapu Koko|Volt Switch|p1a: Calyrex
|-damage|p1a: Calyrex|69/100
|
|t:|1664704349
|switch|p2a: Pelipper|Pelipper, F|100/100|[from]move: Volt Switch
|-weather|RainDance|[from] ability: Drizzle|[of] p2a: Pelipper
|move|p1a: Calyrex|Trick Room|p1a: Calyrex
|-fieldstart|move: Trick Room|[of] p1a: Calyrex
|
|-weather|RainDance|[upkeep]
|upkeep
|turn|2
|
|t:|1664704357
|move|p1a: Calyrex|Glacial Lance|p2a: Pelipper
|-damage|p2a: Pelipper|18/100
|move|p2a: Pelipper|Hurricane|p1a: Calyrex
|-damage|p1a: Calyrex|42/100
|
|-weather|RainDance|[upkeep]
|upkeep
|turn|3
|
|t:|1664704366
|move|p1a: Calyrex|Glacial Lance|p2a: Pelipper
|-damage|p2a: Pelipper|0 fnt
|faint|p2a: Pelipper
|-ability|p1a: Calyrex|Chilling Neigh|boost
|-boost|p1a: Calyrex|atk|1
|
|-weather|RainDance|[upkeep]
|upkeep
|
|t:|1664704372
|switch|p2a: Ferrothorn|Ferrothorn, M|100/100
|turn|4
|
|t:|1664704376
|move|p2a: Ferrothorn|Gyro Ball|p1a: Calyrex
|-supereffective|p1a: Calyrex
|-damage|p1a: Calyrex|11/100
|-enditem|p1a: Calyrex|Weakness Policy
|-boost|p1a: Calyrex|atk|2|[from] item: Weakness Policy
|-boost|p1a: Calyrex|spa|2|[from] item: Weakness Policy
|move|p1a: Calyrex|Glacial Lance|p2a: Ferrothorn
|-damage|p2a: Ferrothorn|0 fnt
|faint|p2a: Ferrothorn
|-ability|p1a: Calyrex|Chilling Neigh|boost
|-boost|p1a: Calyrex|atk|1
|
|-weather|RainDance|[upkeep]
|upkeep
|
|t:|1664704387
|switch|p2a: Stunfisk|Stunfisk, F|100/100
|turn|5
|
|t:|1664704392
|move|p2a: Stunfisk|Sucker Punch|p1a: Calyrex
|-supereffective|p1a: Calyrex
|-damage|p1a: Calyrex|0 fnt
|faint|p1a: Calyrex
|-damage|p2a: Stunfisk|91/100|[from] item: Life Orb
|
|-weather|RainDance|[upkeep]
|-fieldend|move: Trick Room
|-fieldend|move: Electric Terrain
|upkeep
|inactive|Mekontchou111 has 120 seconds left.
|
|t:|1664704423
|switch|p1a: Hatterene|Hatterene, F|100/100
|turn|6
|
|t:|1664704432
|move|p2a: Stunfisk|Yawn|p1a: Hatterene
|move|p1a: Hatterene|Yawn|p2a: Stunfisk|[from]ability: Magic Bounce
|-start|p2a: Stunfisk|move: Yawn|[of] p1a: Hatterene
|move|p1a: Hatterene|Trick Room|p1a: Hatterene
|-fieldstart|move: Trick Room|[of] p1a: Hatterene
|
|-weather|RainDance|[upkeep]
|upkeep
|turn|7
|c|☆Soulja92x|ooops
|
|t:|1664704443
|switch|p2a: Dracovish|Dracovish|100/100
|move|p1a: Hatterene|Misty Explosion|p2a: Dracovish
|-supereffective|p2a: Dracovish
|-damage|p2a: Dracovish|0 fnt
|faint|p1a: Hatterene
|faint|p2a: Dracovish
|
|-weather|RainDance|[upkeep]
|upkeep
|c|☆Soulja92x|double oops
|
|t:|1664704454
|switch|p1a: Dracovish|Dracovish|100/100
|switch|p2a: Stunfisk|Stunfisk, F|91/100
|turn|8
|
|t:|1664704459
|move|p2a: Stunfisk|Spark|p1a: Dracovish
|-damage|p1a: Dracovish|75/100
|-status|p1a: Dracovish|par
|-damage|p2a: Stunfisk|81/100|[from] item: Life Orb
|move|p1a: Dracovish|Fishious Rend|p2a: Stunfisk
|-supereffective|p2a: Stunfisk
|-damage|p2a: Stunfisk|0 fnt
|faint|p2a: Stunfisk
|
|-weather|none
|upkeep
|
|t:|1664704470
|switch|p2a: Shiftry|Shiftry, F|100/100
|turn|9
|
|t:|1664704475
|move|p1a: Dracovish|Fishious Rend|p2a: Shiftry
|-resisted|p2a: Shiftry
|-damage|p2a: Shiftry|0 fnt
|faint|p2a: Shiftry
|
|upkeep
|
|t:|1664704479
|switch|p2a: Tapu Koko|Tapu Koko|100/100
|-fieldstart|move: Electric Terrain|[from] ability: Electric Surge|[of] p2a: Tapu Koko
|turn|10
|
|t:|1664704485
|move|p1a: Dracovish|Fishious Rend|p2a: Tapu Koko
|-enditem|p2a: Tapu Koko|Focus Sash
|-damage|p2a: Tapu Koko|1/100
|move|p2a: Tapu Koko|Thunder|p1a: Dracovish
|-damage|p1a: Dracovish|5/100 par
|
|-fieldend|move: Trick Room
|upkeep
|turn|11
|
|t:|1664704492
|move|p2a: Tapu Koko|Dazzling Gleam|p1a: Dracovish
|-supereffective|p1a: Dracovish
|-damage|p1a: Dracovish|0 fnt
|faint|p1a: Dracovish
|
|upkeep
|
|t:|1664704497
|switch|p1a: Magearna|Magearna|100/100
|turn|12
|
|t:|1664704500
|move|p2a: Tapu Koko|Thunder|p1a: Magearna|[miss]
|-miss|p2a: Tapu Koko|p1a: Magearna
|move|p1a: Magearna|Trick Room|p1a: Magearna
|-fieldstart|move: Trick Room|[of] p1a: Magearna
|
|upkeep
|turn|13
|
|t:|1664704506
|move|p1a: Magearna|Steel Beam|p2a: Tapu Koko
|-damage|p2a: Tapu Koko|0 fnt
|-damage|p1a: Magearna|50/100|[from] mindblown
|faint|p2a: Tapu Koko
|
|win|Mekontchou111
|raw|Mekontchou111's rating: 1122 &rarr; <strong>1152</strong><br />(+30 for winning)
|raw|Soulja92x's rating: 1194 &rarr; <strong>1164</strong><br />(-30 for losing)
|l|☆Soulja92x
