|raw|<div class="broadcast-blue"><strong>This battle is required to be public due to a player having a name starting with 'ult4pdr'.</div>
|j|☆USAMO 2021
|j|☆ULT4PDR Fc
|t:|1654395753
|gametype|singles
|player|p1|USAMO 2021|bruno|1411
|player|p2|ULT4PDR Fc|#wcop2022canada|1605
|teamsize|p1|6
|teamsize|p2|6
|gen|8
|tier|[Gen 8] Ubers
|rated|
|rule|Sleep Clause Mod: Limit one foe put to sleep
|rule|Species Clause: Limit one of each Pokémon
|rule|OHKO Clause: OHKO moves are banned
|rule|Evasion Moves Clause: Evasion moves are banned
|rule|Endless Battle Clause: Forcing endless battles is banned
|rule|HP Percentage Mod: HP is shown in percentages
|rule|Dynamax Clause: You cannot dynamax
|clearpoke
|poke|p1|Kyurem-Black|
|poke|p1|Blissey, F|
|poke|p1|Magnezone|
|poke|p1|Shedinja|
|poke|p1|Xerneas-*|
|poke|p1|Yveltal|
|poke|p2|Ho-Oh|
|poke|p2|Chansey, F|
|poke|p2|Yveltal|
|poke|p2|Xatu, M|
|poke|p2|Skarmory, F|
|poke|p2|Groudon|
|teampreview
|inactive|Battle timer is ON: inactive players will automatically lose when time's up. (requested by USAMO 2021)
|
|t:|1654395783
|start
|switch|p1a: Kyurem|Kyurem-Black|100/100
|switch|p2a: Yveltal|Yveltal|100/100
|-ability|p2a: Yveltal|Dark Aura
|-ability|p1a: Kyurem|Teravolt
|turn|1
|
|t:|1654395787
|move|p2a: Yveltal|Knock Off|p1a: Kyurem
|-damage|p1a: Kyurem|29/100
|-enditem|p1a: Kyurem|Life Orb|[from] move: Knock Off|[of] p2a: Yveltal
|move|p1a: Kyurem|Dragon Dance|p1a: Kyurem
|-boost|p1a: Kyurem|atk|1
|-boost|p1a: Kyurem|spe|1
|
|upkeep
|turn|2
|
|t:|1654395790
|move|p2a: Yveltal|Sucker Punch||[still]
|-fail|p2a: Yveltal
|move|p1a: Kyurem|Roost|p1a: Kyurem
|-heal|p1a: Kyurem|79/100
|-singleturn|p1a: Kyurem|move: Roost
|
|upkeep
|turn|3
|
|t:|1654395803
|switch|p2a: Skarmory|Skarmory, F|100/100
|move|p1a: Kyurem|Dragon Dance|p1a: Kyurem
|-boost|p1a: Kyurem|atk|1
|-boost|p1a: Kyurem|spe|1
|
|upkeep
|turn|4
|
|t:|1654395815
|move|p1a: Kyurem|Icicle Spear|p2a: Skarmory
|-damage|p2a: Skarmory|83/100
|-damage|p2a: Skarmory|64/100
|-hitcount|p2a: Skarmory|2
|move|p2a: Skarmory|Whirlwind|p1a: Kyurem
|drag|p1a: Yveltal|Yveltal|100/100
|-ability|p1a: Yveltal|Dark Aura
|
|upkeep
|turn|5
|
|t:|1654395822
|switch|p2a: Groudon|Groudon|100/100
|-weather|SunnyDay|[from] ability: Drought|[of] p2a: Groudon
|move|p1a: Yveltal|Knock Off|p2a: Groudon
|-damage|p2a: Groudon|75/100
|-enditem|p2a: Groudon|Leftovers|[from] move: Knock Off|[of] p1a: Yveltal
|
|-weather|SunnyDay|[upkeep]
|upkeep
|turn|6
|
|t:|1654395826
|switch|p1a: Xerneas|Xerneas|100/100
|-ability|p1a: Xerneas|Fairy Aura
|move|p2a: Groudon|Stealth Rock|p1a: Xerneas
|-sidestart|p1: USAMO 2021|move: Stealth Rock
|
|-weather|SunnyDay|[upkeep]
|upkeep
|turn|7
|
|t:|1654395844
|switch|p2a: Ho-Oh|Ho-Oh, shiny|100/100
|move|p1a: Xerneas|Geomancy||[still]
|-prepare|p1a: Xerneas|Geomancy
|-enditem|p1a: Xerneas|Power Herb
|-anim|p1a: Xerneas|Geomancy|p1a: Xerneas
|-boost|p1a: Xerneas|spa|2
|-boost|p1a: Xerneas|spd|2
|-boost|p1a: Xerneas|spe|2
|
|-weather|SunnyDay|[upkeep]
|upkeep
|turn|8
|
|t:|1654395847
|move|p1a: Xerneas|Moonblast|p2a: Ho-Oh
|-resisted|p2a: Ho-Oh
|-damage|p2a: Ho-Oh|58/100
|-unboost|p2a: Ho-Oh|spa|1
|move|p2a: Ho-Oh|Sacred Fire|p1a: Xerneas
|-damage|p1a: Xerneas|0 fnt
|faint|p1a: Xerneas
|
|-weather|SunnyDay|[upkeep]
|upkeep
|
|t:|1654395854
|switch|p1a: Kyurem|Kyurem-Black|79/100
|-damage|p1a: Kyurem|54/100|[from] Stealth Rock
|-ability|p1a: Kyurem|Teravolt
|turn|9
|j| ULT4PDR gostop
|
|t:|1654395863
|move|p1a: Kyurem|Icicle Spear|p2a: Ho-Oh
|-damage|p2a: Ho-Oh|42/100
|-damage|p2a: Ho-Oh|27/100
|-hitcount|p2a: Ho-Oh|2
|move|p2a: Ho-Oh|Sacred Fire|p1a: Kyurem
|-damage|p1a: Kyurem|0 fnt
|faint|p1a: Kyurem
|
|-weather|none
|upkeep
|-message|USAMO 2021 forfeited.
|
|win|ULT4PDR Fc
|raw|USAMO 2021's rating: 1411 &rarr; <strong>1401</strong><br />(-10 for losing)
|raw|ULT4PDR Fc's rating: 1605 &rarr; <strong>1615</strong><br />(+10 for winning)
|l|☆USAMO 2021
|l|☆ULT4PDR Fc
