|j|☆Ivyon
|j|☆cxcould
|t:|1640436764
|gametype|singles
|player|p1|Ivyon|blue|1207
|player|p2|cxcould|dawn|1461
|teamsize|p1|6
|teamsize|p2|6
|gen|8
|tier|[Gen 8] Ubers
|rated|
|rule|Sleep Clause Mod: Limit one foe put to sleep
|rule|Species Clause: Limit one of each Pokémon
|rule|OHKO Clause: OHKO moves are banned
|rule|Evasion Moves Clause: Evasion moves are banned
|rule|Endless Battle Clause: Forcing endless battles is banned
|rule|HP Percentage Mod: HP is shown in percentages
|rule|Dynamax Clause: You cannot dynamax
|clearpoke
|poke|p1|Shuckle, M|
|poke|p1|Ninjask, M|
|poke|p1|Delibird, M|
|poke|p1|Espeon, F|
|poke|p1|Dragonite, F|
|poke|p1|Blaziken, M|
|poke|p2|Groudon|
|poke|p2|Calyrex-Shadow|
|poke|p2|Necrozma-Dusk-Mane|
|poke|p2|Xerneas-*|
|poke|p2|Yveltal|
|poke|p2|Kyogre|
|teampreview
|inactive|Battle timer is ON: inactive players will automatically lose when time's up. (requested by Ivyon)
|inactive|cxcould has 120 seconds left.
|
|t:|1640436816
|start
|switch|p1a: Shuckle|Shuckle, M, shiny|100/100
|switch|p2a: Kyogre|Kyogre|100/100
|-weather|RainDance|[from] ability: Drizzle|[of] p2a: Kyogre
|turn|1
|
|t:|1640436832
|move|p2a: Kyogre|Calm Mind|p2a: Kyogre
|-boost|p2a: Kyogre|spa|1
|-boost|p2a: Kyogre|spd|1
|move|p1a: Shuckle|Sticky Web|p2a: Kyogre
|-sidestart|p2: cxcould|move: Sticky Web
|
|-weather|RainDance|[upkeep]
|upkeep
|turn|2
|
|t:|1640436838
|move|p2a: Kyogre|Scald|p1a: Shuckle
|-supereffective|p1a: Shuckle
|-crit|p1a: Shuckle
|-ability|p1a: Shuckle|Sturdy
|-damage|p1a: Shuckle|1/100
|-status|p1a: Shuckle|brn
|move|p1a: Shuckle|Encore|p2a: Kyogre
|-start|p2a: Kyogre|Encore
|
|-weather|RainDance|[upkeep]
|-damage|p1a: Shuckle|0 fnt|[from] brn
|faint|p1a: Shuckle
|upkeep
|
|t:|1640436848
|switch|p1a: Delibird|Delibird, M|100/100
|turn|3
|
|t:|1640436851
|move|p1a: Delibird|Rapid Spin|p2a: Kyogre
|-damage|p2a: Kyogre|96/100
|-boost|p1a: Delibird|spe|1
|move|p2a: Kyogre|Scald|p1a: Delibird
|-enditem|p1a: Delibird|Focus Sash
|-damage|p1a: Delibird|1/100
|-status|p1a: Delibird|brn
|
|-weather|RainDance|[upkeep]
|-heal|p2a: Kyogre|100/100|[from] item: Leftovers
|-damage|p1a: Delibird|0 fnt|[from] brn
|faint|p1a: Delibird
|upkeep
|
|t:|1640436866
|switch|p1a: Espeon|Espeon, F|100/100
|turn|4
|
|t:|1640436869
|move|p1a: Espeon|Yawn|p2a: Kyogre
|-start|p2a: Kyogre|move: Yawn|[of] p1a: Espeon
|move|p2a: Kyogre|Scald|p1a: Espeon
|-crit|p1a: Espeon
|-enditem|p1a: Espeon|Focus Sash
|-damage|p1a: Espeon|1/100
|
|-weather|RainDance|[upkeep]
|upkeep
|turn|5
|
|t:|1640436878
|move|p1a: Espeon|Yawn||[still]
|-fail|p1a: Espeon
|move|p2a: Kyogre|Scald|p1a: Espeon
|-damage|p1a: Espeon|0 fnt
|faint|p1a: Espeon
|
|-weather|none
|-end|p2a: Kyogre|Encore
|-end|p2a: Kyogre|move: Yawn|[silent]
|-status|p2a: Kyogre|slp
|upkeep
|
|t:|1640436893
|switch|p1a: Blaziken|Blaziken, M, shiny|100/100
|turn|6
|
|t:|1640436896
|move|p1a: Blaziken|Swords Dance|p1a: Blaziken
|-boost|p1a: Blaziken|atk|2
|cant|p2a: Kyogre|slp
|move|p2a: Kyogre|Sleep Talk|p2a: Kyogre
|move|p2a: Kyogre|Calm Mind|p2a: Kyogre|[from]move: Sleep Talk
|-boost|p2a: Kyogre|spa|1
|-boost|p2a: Kyogre|spd|1
|
|-ability|p1a: Blaziken|Speed Boost|boost
|-boost|p1a: Blaziken|spe|1
|upkeep
|turn|7
|
|t:|1640436905
|move|p1a: Blaziken|Swords Dance|p1a: Blaziken
|-boost|p1a: Blaziken|atk|2
|cant|p2a: Kyogre|slp
|move|p2a: Kyogre|Sleep Talk|p2a: Kyogre
|move|p2a: Kyogre|Calm Mind|p2a: Kyogre|[from]move: Sleep Talk
|-boost|p2a: Kyogre|spa|1
|-boost|p2a: Kyogre|spd|1
|
|-ability|p1a: Blaziken|Speed Boost|boost
|-boost|p1a: Blaziken|spe|1
|upkeep
|turn|8
|
|t:|1640436917
|move|p1a: Blaziken|Knock Off|p2a: Kyogre
|-damage|p2a: Kyogre|28/100 slp
|-enditem|p2a: Kyogre|Leftovers|[from] move: Knock Off|[of] p1a: Blaziken
|cant|p2a: Kyogre|slp
|move|p2a: Kyogre|Sleep Talk|p2a: Kyogre
|move|p2a: Kyogre|Scald|p1a: Blaziken|[from]move: Sleep Talk
|-supereffective|p1a: Blaziken
|-enditem|p1a: Blaziken|Focus Sash
|-damage|p1a: Blaziken|1/100
|
|-ability|p1a: Blaziken|Speed Boost|boost
|-boost|p1a: Blaziken|spe|1
|upkeep
|turn|9
|
|t:|1640436935
|move|p1a: Blaziken|Knock Off|p2a: Kyogre
|-damage|p2a: Kyogre|0 fnt
|faint|p2a: Kyogre
|
|-ability|p1a: Blaziken|Speed Boost|boost
|-boost|p1a: Blaziken|spe|1
|upkeep
|
|t:|1640436937
|switch|p2a: Groudon|Groudon|100/100
|-activate|p2a: Groudon|move: Sticky Web
|-unboost|p2a: Groudon|spe|1
|-weather|SunnyDay|[from] ability: Drought|[of] p2a: Groudon
|turn|10
|
|t:|1640436945
|move|p1a: Blaziken|Close Combat|p2a: Groudon
|-damage|p2a: Groudon|0 fnt
|-unboost|p1a: Blaziken|def|1
|-unboost|p1a: Blaziken|spd|1
|faint|p2a: Groudon
|
|-weather|SunnyDay|[upkeep]
|-ability|p1a: Blaziken|Speed Boost|boost
|-boost|p1a: Blaziken|spe|1
|upkeep
|
|t:|1640436955
|switch|p2a: Xerneas|Xerneas|100/100
|-activate|p2a: Xerneas|move: Sticky Web
|-unboost|p2a: Xerneas|spe|1
|-ability|p2a: Xerneas|Fairy Aura
|turn|11
|
|t:|1640436960
|move|p1a: Blaziken|Blaze Kick|p2a: Xerneas
|-damage|p2a: Xerneas|0 fnt
|faint|p2a: Xerneas
|
|-weather|SunnyDay|[upkeep]
|-ability|p1a: Blaziken|Speed Boost|boost
|-boost|p1a: Blaziken|spe|1
|upkeep
|
|t:|1640436967
|switch|p2a: Calyrex|Calyrex-Shadow|100/100
|-ability|p2a: Calyrex|As One
|-ability|p2a: Calyrex|Unnerve
|-activate|p2a: Calyrex|move: Sticky Web
|-unboost|p2a: Calyrex|spe|1
|turn|12
|
|t:|1640436973
|move|p1a: Blaziken|Knock Off|p2a: Calyrex
|-supereffective|p2a: Calyrex
|-damage|p2a: Calyrex|0 fnt
|-enditem|p2a: Calyrex|Choice Scarf|[from] move: Knock Off|[of] p1a: Blaziken
|faint|p2a: Calyrex
|
|-weather|SunnyDay|[upkeep]
|upkeep
|-message|cxcould forfeited.
|
|win|Ivyon
|raw|Ivyon's rating: 1207 &rarr; <strong>1248</strong><br />(+41 for winning)
|raw|cxcould's rating: 1461 &rarr; <strong>1429</strong><br />(-32 for losing)
|l|☆cxcould
|j|☆cxcould
|player|p2|cxcould|dawn
