|j|‽Kingnick0825
|j|☆Rell27
|t:|1636354917
|gametype|singles
|player|p1|Kingnick0825|266|1404
|player|p2|Rell27|169|1545
|teamsize|p1|6
|teamsize|p2|6
|gen|8
|tier|[Gen 8] Ubers
|rated|
|rule|Sleep Clause Mod: Limit one foe put to sleep
|rule|Species Clause: Limit one of each Pokémon
|rule|OHKO Clause: OHKO moves are banned
|rule|Evasion Moves Clause: Evasion moves are banned
|rule|Endless Battle Clause: Forcing endless battles is banned
|rule|HP Percentage Mod: HP is shown in percentages
|rule|Dynamax Clause: You cannot dynamax
|clearpoke
|poke|p1|Dialga|
|poke|p1|Necrozma-Dusk-Mane|
|poke|p1|Yveltal|
|poke|p1|Cinderace, F|
|poke|p1|Xerneas-*|
|poke|p1|Kyogre|
|poke|p2|Eternatus|
|poke|p2|Necrozma-Dusk-Mane|
|poke|p2|Ho-Oh|
|poke|p2|Yveltal|
|poke|p2|Calyrex-Shadow|
|poke|p2|Groudon|
|teampreview
|inactive|Battle timer is ON: inactive players will automatically lose when time's up. (requested by Kingnick0825)
|
|t:|1636354941
|start
|switch|p1a: Kyogre|Kyogre|100/100
|switch|p2a: Groudon|Groudon|100/100
|-weather|RainDance|[from] ability: Drizzle|[of] p1a: Kyogre
|-weather|SunnyDay|[from] ability: Drought|[of] p2a: Groudon
|turn|1
|
|t:|1636354947
|switch|p2a: Eternatus|Eternatus|100/100
|-ability|p2a: Eternatus|Pressure
|move|p1a: Kyogre|Ice Beam|p2a: Eternatus
|-supereffective|p2a: Eternatus
|-damage|p2a: Eternatus|48/100
|
|-weather|SunnyDay|[upkeep]
|upkeep
|turn|2
|
|t:|1636354953
|switch|p2a: Ho-Oh|Ho-Oh|100/100
|move|p1a: Kyogre|Ice Beam|p2a: Ho-Oh
|-damage|p2a: Ho-Oh|84/100
|
|-weather|SunnyDay|[upkeep]
|upkeep
|turn|3
|
|t:|1636354955
|move|p1a: Kyogre|Scald|p2a: Ho-Oh
|-supereffective|p2a: Ho-Oh
|-damage|p2a: Ho-Oh|57/100
|move|p2a: Ho-Oh|Sacred Fire|p1a: Kyogre
|-resisted|p1a: Kyogre
|-damage|p1a: Kyogre|68/100
|
|-weather|SunnyDay|[upkeep]
|upkeep
|turn|4
|
|t:|1636354965
|move|p1a: Kyogre|Scald|p2a: Ho-Oh
|-supereffective|p2a: Ho-Oh
|-damage|p2a: Ho-Oh|30/100
|move|p2a: Ho-Oh|Brave Bird|p1a: Kyogre
|-damage|p1a: Kyogre|6/100
|-damage|p2a: Ho-Oh|13/100|[from] Recoil
|
|-weather|SunnyDay|[upkeep]
|upkeep
|turn|5
|
|t:|1636354978
|switch|p2a: Yveltal|Yveltal|100/100
|-ability|p2a: Yveltal|Dark Aura
|move|p1a: Kyogre|Rest|p1a: Kyogre
|-status|p1a: Kyogre|slp|[from] move: Rest
|-heal|p1a: Kyogre|100/100 slp|[silent]
|
|-weather|none
|upkeep
|turn|6
|
|t:|1636354986
|move|p2a: Yveltal|Dark Pulse|p1a: Kyogre
|-damage|p1a: Kyogre|48/100 slp
|-damage|p2a: Yveltal|91/100|[from] item: Life Orb
|cant|p1a: Kyogre|slp
|move|p1a: Kyogre|Sleep Talk|p1a: Kyogre
|move|p1a: Kyogre|Ice Beam|p2a: Yveltal|[from]move: Sleep Talk
|-supereffective|p2a: Yveltal
|-damage|p2a: Yveltal|27/100
|
|upkeep
|turn|7
|
|t:|1636354992
|switch|p1a: Dialga|Dialga|100/100
|-ability|p1a: Dialga|Pressure
|move|p2a: Yveltal|Dark Pulse|p1a: Dialga
|-damage|p1a: Dialga|49/100
|-damage|p2a: Yveltal|17/100|[from] item: Life Orb
|
|-heal|p1a: Dialga|55/100|[from] item: Leftovers
|upkeep
|turn|8
|
|t:|1636354998
|move|p2a: Yveltal|Dark Pulse|p1a: Dialga
|-damage|p1a: Dialga|0 fnt
|faint|p1a: Dialga
|-damage|p2a: Yveltal|7/100|[from] item: Life Orb
|
|upkeep
|
|t:|1636355005
|switch|p1a: Cinderace|Cinderace, F, shiny|100/100
|turn|9
|
|t:|1636355013
|switch|p2a: Ho-Oh|Ho-Oh|46/100
|move|p1a: Cinderace|Pyro Ball|p2a: Ho-Oh
|-resisted|p2a: Ho-Oh
|-damage|p2a: Ho-Oh|19/100
|
|upkeep
|turn|10
|
|t:|1636355017
|switch|p2a: Eternatus|Eternatus|48/100
|-ability|p2a: Eternatus|Pressure
|move|p1a: Cinderace|Sucker Punch||[still]
|-fail|p1a: Cinderace
|
|upkeep
|turn|11
|
|t:|1636355023
|switch|p1a: Necrozma|Necrozma-Dusk-Mane|100/100
|move|p2a: Eternatus|Dynamax Cannon|p1a: Necrozma
|-resisted|p1a: Necrozma
|-damage|p1a: Necrozma|77/100
|-damage|p2a: Eternatus|38/100|[from] item: Life Orb
|
|-heal|p1a: Necrozma|84/100|[from] item: Leftovers
|upkeep
|turn|12
|
|t:|1636355044
|move|p2a: Eternatus|Recover|p2a: Eternatus
|-heal|p2a: Eternatus|88/100
|move|p1a: Necrozma|Knock Off|p2a: Eternatus
|-damage|p2a: Eternatus|59/100
|-enditem|p2a: Eternatus|Life Orb|[from] move: Knock Off|[of] p1a: Necrozma
|
|-heal|p1a: Necrozma|90/100|[from] item: Leftovers
|upkeep
|turn|13
|
|t:|1636355048
|switch|p2a: Groudon|Groudon|100/100
|-weather|SunnyDay|[from] ability: Drought|[of] p2a: Groudon
|move|p1a: Necrozma|Thunder Wave|p2a: Groudon
|-immune|p2a: Groudon
|
|-weather|SunnyDay|[upkeep]
|-heal|p1a: Necrozma|96/100|[from] item: Leftovers
|upkeep
|turn|14
|
|t:|1636355056
|switch|p1a: Yveltal|Yveltal, shiny|100/100
|-ability|p1a: Yveltal|Dark Aura
|move|p2a: Groudon|Stealth Rock|p1a: Yveltal
|-sidestart|p1: Kingnick0825|move: Stealth Rock
|
|-weather|SunnyDay|[upkeep]
|upkeep
|turn|15
|
|t:|1636355060
|move|p1a: Yveltal|Dark Pulse|p2a: Groudon
|-damage|p2a: Groudon|52/100
|move|p2a: Groudon|Thunder Wave|p1a: Yveltal
|-status|p1a: Yveltal|par
|
|-weather|SunnyDay|[upkeep]
|-heal|p2a: Groudon|58/100|[from] item: Leftovers
|upkeep
|turn|16
|inactive|Kingnick0825 has 120 seconds left.
|
|t:|1636355104
|move|p2a: Groudon|Stone Edge|p1a: Yveltal|[miss]
|-miss|p2a: Groudon|p1a: Yveltal
|move|p1a: Yveltal|Dark Pulse|p2a: Groudon
|-damage|p2a: Groudon|6/100
|
|-weather|SunnyDay|[upkeep]
|-heal|p2a: Groudon|12/100|[from] item: Leftovers
|upkeep
|turn|17
|
|t:|1636355106
|move|p2a: Groudon|Stone Edge|p1a: Yveltal
|-supereffective|p1a: Yveltal
|-damage|p1a: Yveltal|40/100 par
|cant|p1a: Yveltal|par
|
|-weather|none
|-heal|p2a: Groudon|18/100|[from] item: Leftovers
|upkeep
|turn|18
|
|t:|1636355110
|move|p2a: Groudon|Stone Edge|p1a: Yveltal|[miss]
|-miss|p2a: Groudon|p1a: Yveltal
|move|p1a: Yveltal|Oblivion Wing|p2a: Groudon
|-damage|p2a: Groudon|0 fnt
|-heal|p1a: Yveltal|53/100 par|[from] drain|[of] p2a: Groudon
|faint|p2a: Groudon
|
|upkeep
|
|t:|1636355120
|switch|p2a: Ho-Oh|Ho-Oh|52/100
|turn|19
|
|t:|1636355139
|move|p2a: Ho-Oh|Brave Bird|p1a: Yveltal
|-damage|p1a: Yveltal|0 fnt
|faint|p1a: Yveltal
|-damage|p2a: Ho-Oh|35/100|[from] Recoil
|
|upkeep
|inactive|Kingnick0825 has 120 seconds left.
|
|t:|1636355159
|switch|p1a: Kyogre|Kyogre|48/100 slp
|-damage|p1a: Kyogre|35/100 slp|[from] Stealth Rock
|-weather|RainDance|[from] ability: Drizzle|[of] p1a: Kyogre
|turn|20
|
|t:|1636355171
|cant|p1a: Kyogre|slp
|move|p1a: Kyogre|Sleep Talk|p1a: Kyogre
|move|p1a: Kyogre|Scald|p2a: Ho-Oh|[from]move: Sleep Talk
|-supereffective|p2a: Ho-Oh
|-damage|p2a: Ho-Oh|0 fnt
|faint|p2a: Ho-Oh
|
|-weather|RainDance|[upkeep]
|upkeep
|
|t:|1636355178
|switch|p2a: Calyrex|Calyrex-Shadow|100/100
|-ability|p2a: Calyrex|As One
|-ability|p2a: Calyrex|Unnerve
|turn|21
|
|t:|1636355194
|move|p2a: Calyrex|Astral Barrage|p1a: Kyogre
|-damage|p1a: Kyogre|0 fnt
|faint|p1a: Kyogre
|-ability|p2a: Calyrex|Grim Neigh|boost
|-boost|p2a: Calyrex|spa|1
|
|-weather|RainDance|[upkeep]
|upkeep
|
|t:|1636355196
|switch|p1a: Cinderace|Cinderace, F, shiny|100/100
|-damage|p1a: Cinderace|76/100|[from] Stealth Rock
|turn|22
|
|t:|1636355206
|switch|p2a: Necrozma|Necrozma-Dusk-Mane|100/100
|move|p1a: Cinderace|Sucker Punch||[still]
|-fail|p1a: Cinderace
|
|-weather|RainDance|[upkeep]
|upkeep
|turn|23
|
|t:|1636355209
|switch|p1a: Necrozma|Necrozma-Dusk-Mane|96/100
|-damage|p1a: Necrozma|90/100|[from] Stealth Rock
|move|p2a: Necrozma|Dragon Dance|p2a: Necrozma
|-boost|p2a: Necrozma|atk|1
|-boost|p2a: Necrozma|spe|1
|
|-weather|RainDance|[upkeep]
|-heal|p1a: Necrozma|96/100|[from] item: Leftovers
|upkeep
|turn|24
|
|t:|1636355226
|move|p2a: Necrozma|Earthquake|p1a: Necrozma
|-supereffective|p1a: Necrozma
|-damage|p1a: Necrozma|23/100
|move|p1a: Necrozma|Thunder Wave|p2a: Necrozma
|-status|p2a: Necrozma|par
|
|-weather|none
|-heal|p1a: Necrozma|29/100|[from] item: Leftovers
|upkeep
|turn|25
|
|t:|1636355232
|switch|p2a: Calyrex|Calyrex-Shadow|100/100
|-ability|p2a: Calyrex|As One
|-ability|p2a: Calyrex|Unnerve
|move|p1a: Necrozma|Knock Off|p2a: Calyrex
|-supereffective|p2a: Calyrex
|-damage|p2a: Calyrex|0 fnt
|-enditem|p2a: Calyrex|Choice Scarf|[from] move: Knock Off|[of] p1a: Necrozma
|faint|p2a: Calyrex
|
|-heal|p1a: Necrozma|35/100|[from] item: Leftovers
|upkeep
|
|t:|1636355238
|switch|p2a: Eternatus|Eternatus|59/100
|-ability|p2a: Eternatus|Pressure
|turn|26
|
|t:|1636355242
|move|p2a: Eternatus|Flamethrower|p1a: Necrozma
|-supereffective|p1a: Necrozma
|-damage|p1a: Necrozma|5/100
|move|p1a: Necrozma|Earthquake|p2a: Eternatus
|-supereffective|p2a: Eternatus
|-damage|p2a: Eternatus|0 fnt
|faint|p2a: Eternatus
|
|-heal|p1a: Necrozma|11/100|[from] item: Leftovers
|upkeep
|
|t:|1636355246
|switch|p2a: Yveltal|Yveltal|7/100
|-ability|p2a: Yveltal|Dark Aura
|turn|27
|
|t:|1636355254
|switch|p1a: Xerneas|Xerneas, shiny|100/100
|-ability|p1a: Xerneas|Fairy Aura
|move|p2a: Yveltal|Oblivion Wing|p1a: Xerneas
|-damage|p1a: Xerneas|52/100
|-heal|p2a: Yveltal|40/100|[from] drain|[of] p1a: Xerneas
|-damage|p2a: Yveltal|31/100|[from] item: Life Orb
|
|upkeep
|turn|28
|
|t:|1636355260
|move|p1a: Xerneas|Defog|p2a: Yveltal
|-unboost|p2a: Yveltal|evasion|1
|-sideend|p1: Kingnick0825|Stealth Rock|[from] move: Defog|[of] p1a: Xerneas
|move|p2a: Yveltal|Oblivion Wing|p1a: Xerneas
|-damage|p1a: Xerneas|3/100
|-heal|p2a: Yveltal|65/100|[from] drain|[of] p1a: Xerneas
|-damage|p2a: Yveltal|55/100|[from] item: Life Orb
|
|upkeep
|turn|29
|
|t:|1636355265
|move|p2a: Yveltal|Sucker Punch|p1a: Xerneas
|-resisted|p1a: Xerneas
|-damage|p1a: Xerneas|0 fnt
|faint|p1a: Xerneas
|-damage|p2a: Yveltal|45/100|[from] item: Life Orb
|
|upkeep
|
|t:|1636355269
|switch|p1a: Cinderace|Cinderace, F, shiny|76/100
|turn|30
|
|t:|1636355276
|move|p2a: Yveltal|Sucker Punch|p1a: Cinderace
|-damage|p1a: Cinderace|7/100
|-damage|p2a: Yveltal|35/100|[from] item: Life Orb
|move|p1a: Cinderace|Gunk Shot|p2a: Yveltal
|-start|p1a: Cinderace|typechange|Poison|[from] ability: Libero
|-damage|p2a: Yveltal|0 fnt
|faint|p2a: Yveltal
|
|upkeep
|
|t:|1636355279
|switch|p2a: Necrozma|Necrozma-Dusk-Mane|100/100 par
|turn|31
|
|t:|1636355284
|move|p1a: Cinderace|Pyro Ball|p2a: Necrozma
|-start|p1a: Cinderace|typechange|Fire|[from] ability: Libero
|-supereffective|p2a: Necrozma
|-damage|p2a: Necrozma|43/100 par
|move|p2a: Necrozma|Earthquake|p1a: Cinderace
|-supereffective|p1a: Cinderace
|-damage|p1a: Cinderace|0 fnt
|faint|p1a: Cinderace
|
|upkeep
|
|t:|1636355286
|switch|p1a: Necrozma|Necrozma-Dusk-Mane|11/100
|turn|32
|
|t:|1636355289
|move|p1a: Necrozma|Earthquake|p2a: Necrozma
|-supereffective|p2a: Necrozma
|-damage|p2a: Necrozma|0 fnt
|faint|p2a: Necrozma
|
|win|Kingnick0825
|raw|Kingnick0825's rating: 1404 &rarr; <strong>1432</strong><br />(+28 for winning)
|raw|Rell27's rating: 1545 &rarr; <strong>1517</strong><br />(-28 for losing)
|l|☆Rell27
