|j|☆Magikarp4000
|j|☆rng loser
|t:|1607069454
|player|p1|Magikarp4000|steven|1616
|player|p2|rng loser|wally|1634
|teamsize|p1|6
|teamsize|p2|6
|gametype|singles
|gen|8
|tier|[Gen 8] Ubers
|rated|
|clearpoke
|poke|p1|Yveltal|
|poke|p1|Zacian-Crowned|
|poke|p1|Calyrex-Shadow|
|poke|p1|Zygarde|
|poke|p1|Necrozma-Dusk-Mane|
|poke|p1|Eternatus|
|poke|p2|Zacian-Crowned|
|poke|p2|Calyrex-Shadow|
|poke|p2|Kyogre|
|poke|p2|Yveltal|
|poke|p2|Eternatus|
|poke|p2|Necrozma-Dusk-Mane|
|rule|Sleep Clause Mod: Limit one foe put to sleep
|rule|Species Clause: Limit one of each Pokémon
|rule|OHKO Clause: OHKO moves are banned
|rule|Evasion Moves Clause: Evasion moves are banned
|rule|Endless Battle Clause: Forcing endless battles is banned
|rule|HP Percentage Mod: HP is shown in percentages
|rule|Dynamax Clause: You cannot dynamax
|teampreview
|c|☆rng loser|lol
|c|☆rng loser|hi
|c|☆Magikarp4000|lol
|c|☆Magikarp4000|glhf
|c|☆Magikarp4000|hi
|
|t:|1607069487
|start
|switch|p1a: Yveltal|Yveltal|100/100
|switch|p2a: Necrozma|Necrozma-Dusk-Mane|100/100
|-ability|p1a: Yveltal|Dark Aura
|turn|1
|c|☆rng loser|u2
|
|t:|1607069497
|switch|p1a: Zacian|Zacian-Crowned|100/100
|-ability|p1a: Zacian|Intrepid Sword|boost
|-boost|p1a: Zacian|atk|1
|switch|p2a: Eternatus|Eternatus|100/100
|-ability|p2a: Eternatus|Pressure
|
|upkeep
|turn|2
|
|t:|1607069501
|switch|p2a: Necrozma|Necrozma-Dusk-Mane|100/100
|move|p1a: Zacian|Behemoth Blade|p2a: Necrozma
|-resisted|p2a: Necrozma
|-damage|p2a: Necrozma|77/100
|-damage|p1a: Zacian|84/100|[from] item: Rocky Helmet|[of] p2a: Necrozma
|
|upkeep
|turn|3
|
|t:|1607069512
|switch|p1a: Zygarde|Zygarde|100/100
|move|p2a: Necrozma|Stealth Rock|p1a: Zygarde
|-sidestart|p1: Magikarp4000|move: Stealth Rock
|
|upkeep
|turn|4
|
|t:|1607069518
|switch|p2a: Kyogre|Kyogre|100/100
|-weather|RainDance|[from] ability: Drizzle|[of] p2a: Kyogre
|move|p1a: Zygarde|Thousand Waves|p2a: Kyogre
|-damage|p2a: Kyogre|54/100
|-activate|p2a: Kyogre|trapped
|
|-weather|RainDance|[upkeep]
|upkeep
|turn|5
|
|t:|1607069530
|switch|p1a: Eternatus|Eternatus|100/100
|-damage|p1a: Eternatus|88/100|[from] Stealth Rock
|-ability|p1a: Eternatus|Pressure
|move|p2a: Kyogre|Ice Beam|p1a: Eternatus
|-supereffective|p1a: Eternatus
|-damage|p1a: Eternatus|29/100
|
|-weather|RainDance|[upkeep]
|-heal|p1a: Eternatus|35/100|[from] item: Black Sludge
|upkeep
|turn|6
|
|t:|1607069541
|switch|p1a: Necrozma|Necrozma-Dusk-Mane|100/100
|-damage|p1a: Necrozma|94/100|[from] Stealth Rock
|move|p2a: Kyogre|Ice Beam|p1a: Necrozma
|-resisted|p1a: Necrozma
|-damage|p1a: Necrozma|74/100
|
|-weather|RainDance|[upkeep]
|upkeep
|turn|7
|
|t:|1607069560
|switch|p2a: Eternatus|Eternatus|100/100
|-ability|p2a: Eternatus|Pressure
|move|p1a: Necrozma|Stealth Rock|p2a: Eternatus
|-sidestart|p2: rng loser|move: Stealth Rock
|
|-weather|RainDance|[upkeep]
|upkeep
|turn|8
|
|t:|1607069570
|move|p2a: Eternatus|Toxic Spikes|p1a: Necrozma
|-sidestart|p1: Magikarp4000|move: Toxic Spikes
|move|p1a: Necrozma|Knock Off|p2a: Eternatus
|-damage|p2a: Eternatus|77/100
|-enditem|p2a: Eternatus|Heavy-Duty Boots|[from] move: Knock Off|[of] p1a: Necrozma
|
|-weather|none
|upkeep
|turn|9
|
|t:|1607069577
|switch|p1a: Eternatus|Eternatus|35/100
|-damage|p1a: Eternatus|23/100|[from] Stealth Rock
|-sideend|p1: Magikarp4000|move: Toxic Spikes|[of] p1a: Eternatus
|-ability|p1a: Eternatus|Pressure
|move|p2a: Eternatus|Flamethrower|p1a: Eternatus
|-resisted|p1a: Eternatus
|-damage|p1a: Eternatus|14/100
|
|-heal|p1a: Eternatus|20/100|[from] item: Black Sludge
|upkeep
|turn|10
|
|t:|1607069583
|move|p2a: Eternatus|Dynamax Cannon|p1a: Eternatus
|-supereffective|p1a: Eternatus
|-crit|p1a: Eternatus
|-damage|p1a: Eternatus|0 fnt
|faint|p1a: Eternatus
|
|upkeep
|
|t:|1607069587
|switch|p1a: Zacian|Zacian-Crowned|84/100
|-damage|p1a: Zacian|78/100|[from] Stealth Rock
|-ability|p1a: Zacian|Intrepid Sword|boost
|-boost|p1a: Zacian|atk|1
|turn|11
|
|t:|1607069604
|move|p1a: Zacian|Swords Dance|p1a: Zacian
|-boost|p1a: Zacian|atk|2
|move|p2a: Eternatus|Flamethrower|p1a: Zacian
|-supereffective|p1a: Zacian
|-damage|p1a: Zacian|23/100
|-status|p1a: Zacian|brn
|
|-damage|p1a: Zacian|17/100 brn|[from] brn
|upkeep
|turn|12
|c|☆rng loser|mb
|c|☆Magikarp4000|why
|
|t:|1607069613
|move|p1a: Zacian|Behemoth Blade|p2a: Eternatus
|-damage|p2a: Eternatus|21/100
|move|p2a: Eternatus|Flamethrower|p1a: Zacian
|-supereffective|p1a: Zacian
|-damage|p1a: Zacian|0 fnt
|faint|p1a: Zacian
|
|upkeep
|
|t:|1607069621
|switch|p1a: Calyrex|Calyrex-Shadow|100/100
|-ability|p1a: Calyrex|As One
|-ability|p1a: Calyrex|Unnerve|p2: rng loser
|-damage|p1a: Calyrex|88/100|[from] Stealth Rock
|turn|13
|c|☆Magikarp4000|gg
|c|☆Magikarp4000|wp
|c|☆rng loser|gg
|c|☆rng loser|sorry about burn
|c|☆Magikarp4000|its ok lol
|
|t:|1607069643
|move|p1a: Calyrex|Trick|p2a: Eternatus
|-activate|p1a: Calyrex|move: Trick|[of] p2a: Eternatus
|-item|p2a: Eternatus|Choice Scarf|[from] move: Trick
|-enditem|p1a: Calyrex|Choice Scarf|[silent]|[from] move: Trick
|move|p2a: Eternatus|Toxic Spikes|p1a: Calyrex
|-sidestart|p1: Magikarp4000|move: Toxic Spikes
|
|upkeep
|turn|14
|
|t:|1607069657
|move|p2a: Eternatus|Toxic Spikes|p1a: Calyrex
|-sidestart|p1: Magikarp4000|move: Toxic Spikes
|move|p1a: Calyrex|Trick|p2a: Eternatus
|-activate|p1a: Calyrex|move: Trick|[of] p2a: Eternatus
|-enditem|p2a: Eternatus|Choice Scarf|[silent]|[from] move: Trick
|-item|p1a: Calyrex|Choice Scarf|[from] move: Trick
|
|upkeep
|turn|15
|
|t:|1607069664
|move|p1a: Calyrex|Trick|p2a: Eternatus
|-activate|p1a: Calyrex|move: Trick|[of] p2a: Eternatus
|-item|p2a: Eternatus|Choice Scarf|[from] move: Trick
|-enditem|p1a: Calyrex|Choice Scarf|[silent]|[from] move: Trick
|move|p2a: Eternatus|Dynamax Cannon|p1a: Calyrex
|-damage|p1a: Calyrex|39/100
|
|upkeep
|turn|16
|
|t:|1607069671
|switch|p1a: Yveltal|Yveltal|100/100
|-ability|p1a: Yveltal|Dark Aura
|move|p2a: Eternatus|Dynamax Cannon|p1a: Yveltal
|-damage|p1a: Yveltal|73/100
|
|upkeep
|turn|17
|
|t:|1607069674
|move|p2a: Eternatus|Dynamax Cannon|p1a: Yveltal
|-damage|p1a: Yveltal|45/100
|move|p1a: Yveltal|Foul Play|p2a: Eternatus
|-damage|p2a: Eternatus|0 fnt
|faint|p2a: Eternatus
|
|upkeep
|
|t:|1607069687
|switch|p2a: Zacian|Zacian-Crowned|100/100
|-damage|p2a: Zacian|94/100|[from] Stealth Rock
|-ability|p2a: Zacian|Intrepid Sword|boost
|-boost|p2a: Zacian|atk|1
|turn|18
|
|t:|1607069690
|switch|p1a: Necrozma|Necrozma-Dusk-Mane|74/100
|-damage|p1a: Necrozma|68/100|[from] Stealth Rock
|move|p2a: Zacian|Play Rough|p1a: Necrozma
|-resisted|p1a: Necrozma
|-damage|p1a: Necrozma|43/100
|-damage|p2a: Zacian|78/100|[from] item: Rocky Helmet|[of] p1a: Necrozma
|
|upkeep
|turn|19
|
|t:|1607069696
|move|p2a: Zacian|Crunch|p1a: Necrozma
|-supereffective|p1a: Necrozma
|-damage|p1a: Necrozma|0 fnt
|-damage|p2a: Zacian|61/100|[from] item: Rocky Helmet|[of] p1a: Necrozma
|faint|p1a: Necrozma
|
|upkeep
|
|t:|1607069701
|switch|p1a: Calyrex|Calyrex-Shadow|39/100
|-ability|p1a: Calyrex|As One
|-ability|p1a: Calyrex|Unnerve|p2: rng loser
|-status|p1a: Calyrex|tox
|-damage|p1a: Calyrex|27/100 tox|[from] Stealth Rock
|turn|20
|
|t:|1607069710
|switch|p2a: Yveltal|Yveltal|100/100
|-ability|p2a: Yveltal|Dark Aura
|move|p1a: Calyrex|Astral Barrage|p2a: Yveltal
|-resisted|p2a: Yveltal
|-damage|p2a: Yveltal|78/100
|
|-damage|p1a: Calyrex|20/100 tox|[from] psn
|upkeep
|turn|21
|
|t:|1607069723
|move|p1a: Calyrex|Trick|p2a: Yveltal
|-activate|p1a: Calyrex|move: Trick|[of] p2a: Yveltal
|-enditem|p2a: Yveltal|Heavy-Duty Boots|[silent]|[from] move: Trick
|-item|p1a: Calyrex|Heavy-Duty Boots|[from] move: Trick
|move|p2a: Yveltal|Snarl|p1a: Calyrex
|-supereffective|p1a: Calyrex
|-damage|p1a: Calyrex|0 fnt
|faint|p1a: Calyrex
|
|upkeep
|
|t:|1607069729
|switch|p1a: Yveltal|Yveltal|45/100
|-ability|p1a: Yveltal|Dark Aura
|turn|22
|
|t:|1607069735
|move|p1a: Yveltal|Foul Play|p2a: Yveltal
|-resisted|p2a: Yveltal
|-damage|p2a: Yveltal|58/100
|move|p2a: Yveltal|Toxic|p1a: Yveltal
|-status|p1a: Yveltal|tox
|
|-damage|p1a: Yveltal|39/100 tox|[from] psn
|upkeep
|turn|23
|
|t:|1607069738
|move|p1a: Yveltal|Foul Play|p2a: Yveltal
|-resisted|p2a: Yveltal
|-damage|p2a: Yveltal|37/100
|move|p2a: Yveltal|Roost|p2a: Yveltal
|-heal|p2a: Yveltal|87/100
|-singleturn|p2a: Yveltal|move: Roost
|
|-damage|p1a: Yveltal|26/100 tox|[from] psn
|upkeep
|turn|24
|
|t:|1607069743
|move|p1a: Yveltal|Roost|p1a: Yveltal
|-heal|p1a: Yveltal|77/100 tox
|-singleturn|p1a: Yveltal|move: Roost
|move|p2a: Yveltal|Roost|p2a: Yveltal
|-heal|p2a: Yveltal|100/100
|-singleturn|p2a: Yveltal|move: Roost
|
|-damage|p1a: Yveltal|58/100 tox|[from] psn
|upkeep
|turn|25
|
|t:|1607069751
|move|p1a: Yveltal|Roost|p1a: Yveltal
|-heal|p1a: Yveltal|100/100 tox
|-singleturn|p1a: Yveltal|move: Roost
|move|p2a: Yveltal|Snarl|p1a: Yveltal
|-resisted|p1a: Yveltal
|-damage|p1a: Yveltal|93/100 tox
|-unboost|p1a: Yveltal|spa|1
|
|-damage|p1a: Yveltal|69/100 tox|[from] psn
|upkeep
|turn|26
|
|t:|1607069754
|switch|p1a: Zygarde|Zygarde|100/100
|-damage|p1a: Zygarde|94/100|[from] Stealth Rock
|-status|p1a: Zygarde|tox
|move|p2a: Yveltal|Snarl|p1a: Zygarde
|-crit|p1a: Zygarde
|-damage|p1a: Zygarde|56/100 tox
|-unboost|p1a: Zygarde|spa|1
|
|-heal|p1a: Zygarde|63/100 tox|[from] item: Leftovers
|-damage|p1a: Zygarde|56/100 tox|[from] psn
|upkeep
|turn|27
|
|t:|1607069759
|move|p2a: Yveltal|Snarl|p1a: Zygarde
|-damage|p1a: Zygarde|30/100 tox
|-unboost|p1a: Zygarde|spa|1
|move|p1a: Zygarde|Thousand Arrows|p2a: Yveltal
|-damage|p2a: Yveltal|68/100
|-start|p2a: Yveltal|Smack Down
|
|-heal|p1a: Zygarde|37/100 tox|[from] item: Leftovers
|-damage|p1a: Zygarde|24/100 tox|[from] psn
|-activate|p1a: Zygarde|ability: Power Construct
|detailschange|p1a: Zygarde|Zygarde-Complete
|-heal|p1a: Zygarde|50/100 tox|[silent]
|upkeep
|turn|28
|c|☆rng loser|does thousand waves hit flying pokes?
|c|☆rng loser|no right
|c|☆Magikarp4000|hmm
|c|☆rng loser|but after smack down it would
|c|☆Magikarp4000|yea
|
|t:|1607069782
|move|p2a: Yveltal|Roost|p2a: Yveltal
|-heal|p2a: Yveltal|100/100
|-singleturn|p2a: Yveltal|move: Roost
|move|p1a: Zygarde|Thousand Waves|p2a: Yveltal
|-damage|p2a: Yveltal|69/100
|-activate|p2a: Yveltal|trapped
|
|-heal|p1a: Zygarde|56/100 tox|[from] item: Leftovers
|-damage|p1a: Zygarde|38/100 tox|[from] psn
|upkeep
|turn|29
|c|☆Magikarp4000|:)
|c|☆rng loser|what does this zyg do?
|c|☆rng loser|trap me and then coil?
|c|☆Magikarp4000|this might be my only chance
|c|☆Magikarp4000|you'll see
|c|☆Magikarp4000|:)
|c|☆rng loser|oh crp
|c|☆rng loser|it has rest
|
|t:|1607069814
|move|p2a: Yveltal|Snarl|p1a: Zygarde
|-damage|p1a: Zygarde|23/100 tox
|-unboost|p1a: Zygarde|spa|1
|move|p1a: Zygarde|Rest|p1a: Zygarde
|-status|p1a: Zygarde|slp|[from] move: Rest
|-heal|p1a: Zygarde|100/100 slp|[silent]
|
|upkeep
|turn|30
|c|☆Magikarp4000|and ddance
|
|t:|1607069824
|move|p2a: Yveltal|Snarl|p1a: Zygarde
|-damage|p1a: Zygarde|85/100 slp
|-unboost|p1a: Zygarde|spa|1
|cant|p1a: Zygarde|slp
|
|-heal|p1a: Zygarde|91/100 slp|[from] item: Leftovers
|upkeep
|turn|31
|
|t:|1607069831
|move|p2a: Yveltal|Snarl|p1a: Zygarde
|-damage|p1a: Zygarde|74/100 slp
|-unboost|p1a: Zygarde|spa|1
|cant|p1a: Zygarde|slp
|
|-heal|p1a: Zygarde|80/100 slp|[from] item: Leftovers
|upkeep
|turn|32
|
|t:|1607069836
|move|p2a: Yveltal|Roost|p2a: Yveltal
|-heal|p2a: Yveltal|100/100
|-singleturn|p2a: Yveltal|move: Roost
|-curestatus|p1a: Zygarde|slp|[msg]
|move|p1a: Zygarde|Dragon Dance|p1a: Zygarde
|-boost|p1a: Zygarde|atk|1
|-boost|p1a: Zygarde|spe|1
|
|-heal|p1a: Zygarde|86/100|[from] item: Leftovers
|upkeep
|turn|33
|
|t:|1607069840
|move|p1a: Zygarde|Dragon Dance|p1a: Zygarde
|-boost|p1a: Zygarde|atk|1
|-boost|p1a: Zygarde|spe|1
|move|p2a: Yveltal|Toxic|p1a: Zygarde
|-status|p1a: Zygarde|tox
|
|-heal|p1a: Zygarde|92/100 tox|[from] item: Leftovers
|-damage|p1a: Zygarde|86/100 tox|[from] psn
|upkeep
|turn|34
|
|t:|1607069844
|move|p1a: Zygarde|Dragon Dance|p1a: Zygarde
|-boost|p1a: Zygarde|atk|1
|-boost|p1a: Zygarde|spe|1
|move|p2a: Yveltal|Snarl|p1a: Zygarde
|-damage|p1a: Zygarde|69/100 tox
|-unboost|p1a: Zygarde|spa|1
|
|-heal|p1a: Zygarde|75/100 tox|[from] item: Leftovers
|-damage|p1a: Zygarde|63/100 tox|[from] psn
|upkeep
|turn|35
|
|t:|1607069849
|move|p1a: Zygarde|Dragon Dance|p1a: Zygarde
|-boost|p1a: Zygarde|atk|1
|-boost|p1a: Zygarde|spe|1
|move|p2a: Yveltal|Snarl|p1a: Zygarde
|-damage|p1a: Zygarde|48/100 tox
|
|-heal|p1a: Zygarde|54/100 tox|[from] item: Leftovers
|-damage|p1a: Zygarde|35/100 tox|[from] psn
|upkeep
|turn|36
|
|t:|1607069853
|move|p1a: Zygarde|Rest|p1a: Zygarde
|-status|p1a: Zygarde|slp|[from] move: Rest
|-heal|p1a: Zygarde|100/100 slp|[silent]
|move|p2a: Yveltal|Snarl|p1a: Zygarde
|-damage|p1a: Zygarde|83/100 slp
|
|-heal|p1a: Zygarde|89/100 slp|[from] item: Leftovers
|upkeep
|turn|37
|
|t:|1607069856
|cant|p1a: Zygarde|slp
|move|p2a: Yveltal|Snarl|p1a: Zygarde
|-damage|p1a: Zygarde|73/100 slp
|
|-heal|p1a: Zygarde|79/100 slp|[from] item: Leftovers
|upkeep
|turn|38
|
|t:|1607069862
|cant|p1a: Zygarde|slp
|move|p2a: Yveltal|Snarl|p1a: Zygarde
|-damage|p1a: Zygarde|63/100 slp
|
|-heal|p1a: Zygarde|69/100 slp|[from] item: Leftovers
|upkeep
|turn|39
|c|☆rng loser|i need to try that
|c|☆rng loser|let my guard down
|c|☆Magikarp4000|:D
|
|t:|1607069874
|-curestatus|p1a: Zygarde|slp|[msg]
|move|p1a: Zygarde|Dragon Dance|p1a: Zygarde
|-boost|p1a: Zygarde|atk|1
|-boost|p1a: Zygarde|spe|1
|move|p2a: Yveltal|Snarl|p1a: Zygarde
|-damage|p1a: Zygarde|52/100
|
|-heal|p1a: Zygarde|59/100|[from] item: Leftovers
|upkeep
|turn|40
|c|☆Magikarp4000|yep
|
|t:|1607069884
|move|p1a: Zygarde|Dragon Dance|p1a: Zygarde
|-boost|p1a: Zygarde|atk|1
|-boost|p1a: Zygarde|spe|1
|move|p2a: Yveltal|Toxic|p1a: Zygarde
|-status|p1a: Zygarde|tox
|
|-heal|p1a: Zygarde|65/100 tox|[from] item: Leftovers
|-damage|p1a: Zygarde|59/100 tox|[from] psn
|upkeep
|turn|41
|
|t:|1607069891
|move|p1a: Zygarde|Rest|p1a: Zygarde
|-status|p1a: Zygarde|slp|[from] move: Rest
|-heal|p1a: Zygarde|100/100 slp|[silent]
|move|p2a: Yveltal|Snarl|p1a: Zygarde
|-damage|p1a: Zygarde|84/100 slp
|
|-heal|p1a: Zygarde|90/100 slp|[from] item: Leftovers
|upkeep
|turn|42
|
|t:|1607069894
|cant|p1a: Zygarde|slp
|move|p2a: Yveltal|Snarl|p1a: Zygarde
|-damage|p1a: Zygarde|74/100 slp
|
|-heal|p1a: Zygarde|81/100 slp|[from] item: Leftovers
|upkeep
|turn|43
|
|t:|1607069901
|cant|p1a: Zygarde|slp
|move|p2a: Yveltal|Snarl|p1a: Zygarde
|-damage|p1a: Zygarde|63/100 slp
|
|-heal|p1a: Zygarde|69/100 slp|[from] item: Leftovers
|upkeep
|turn|44
|c|☆rng loser|maybe i should run foul play instead lol
|c|☆Magikarp4000|now here we go
|c|☆Magikarp4000|yep
|c|☆Magikarp4000|i run foul play
|c|☆Magikarp4000|its fun especially on zacian
|inactive|Battle timer is ON: inactive players will automatically lose when time's up. (requested by Magikarp4000)
|c|☆rng loser|snarl is good for sub caly
|c|☆rng loser|but i dont se that now
|c|☆Magikarp4000|yea
|c|☆rng loser|see
|
|t:|1607069949
|-curestatus|p1a: Zygarde|slp|[msg]
|move|p1a: Zygarde|Thousand Arrows|p2a: Yveltal
|-damage|p2a: Yveltal|0 fnt
|faint|p2a: Yveltal
|
|-heal|p1a: Zygarde|75/100|[from] item: Leftovers
|upkeep
|c|☆Magikarp4000|subseed can be very annoying
|
|t:|1607069959
|switch|p2a: Calyrex|Calyrex-Shadow|100/100
|-ability|p2a: Calyrex|As One
|-ability|p2a: Calyrex|Unnerve|p1: Magikarp4000
|-damage|p2a: Calyrex|88/100|[from] Stealth Rock
|turn|45
|
|t:|1607069963
|move|p1a: Zygarde|Thousand Arrows|p2a: Calyrex
|-damage|p2a: Calyrex|0 fnt
|faint|p2a: Calyrex
|
|-heal|p1a: Zygarde|81/100|[from] item: Leftovers
|upkeep
|c|☆Magikarp4000|welp gg
|c|☆Magikarp4000|wp
|c|☆rng loser|gg
|c|☆rng loser|shouldve been my win lol
|c|☆Magikarp4000|yea lol
|c|☆rng loser|but i misplay hard
|
|t:|1607069979
|switch|p2a: Kyogre|Kyogre|54/100
|-damage|p2a: Kyogre|41/100|[from] Stealth Rock
|-weather|RainDance|[from] ability: Drizzle|[of] p2a: Kyogre
|turn|46
|c|☆rng loser|what is good to trap?
|c|☆Magikarp4000|i knew this zyg wont let me down lol
|
|t:|1607070004
|move|p1a: Zygarde|Thousand Arrows|p2a: Kyogre
|-damage|p2a: Kyogre|0 fnt
|faint|p2a: Kyogre
|
|-weather|RainDance|[upkeep]
|-heal|p1a: Zygarde|88/100|[from] item: Leftovers
|upkeep
|
|t:|1607070011
|switch|p2a: Zacian|Zacian-Crowned|61/100
|-damage|p2a: Zacian|55/100|[from] Stealth Rock
|-ability|p2a: Zacian|Intrepid Sword|boost
|-boost|p2a: Zacian|atk|1
|turn|47
|
|t:|1607070015
|move|p1a: Zygarde|Thousand Arrows|p2a: Zacian
|-supereffective|p2a: Zacian
|-damage|p2a: Zacian|0 fnt
|faint|p2a: Zacian
|
|-weather|RainDance|[upkeep]
|-heal|p1a: Zygarde|94/100|[from] item: Leftovers
|upkeep
|c|☆rng loser|yveltal without foul play, necrozma
|c|☆rng loser|anything else
|c|☆Magikarp4000|wym
|inactive|rng loser has 120 seconds left.
|c|☆rng loser|that zygarde wants to trap
|
|t:|1607070048
|switch|p2a: Necrozma|Necrozma-Dusk-Mane|77/100
|-damage|p2a: Necrozma|71/100|[from] Stealth Rock
|turn|48
|c|☆Magikarp4000|oh yea hooh without bbird
|inactive|Magikarp4000 has 120 seconds left.
|c|☆rng loser|i think u can tank bbird
|c|☆Magikarp4000|and any set up mon
|
|t:|1607070099
|move|p1a: Zygarde|Thousand Arrows|p2a: Necrozma
|-supereffective|p2a: Necrozma
|-damage|p2a: Necrozma|0 fnt
|faint|p2a: Necrozma
|
|win|Magikarp4000
|raw|Magikarp4000's rating: 1616 &rarr; <strong>1637</strong><br />(+21 for winning)
|raw|rng loser's rating: 1634 &rarr; <strong>1613</strong><br />(-21 for losing)
|c|☆Magikarp4000|nah bbird does i think 30-40
|c|☆rng loser|u can just rest and they take recoil
|c|☆Magikarp4000|cause u dont hav the def stats
|c|☆rng loser|is this 0 def?
|c|☆Magikarp4000|yep
|c|☆rng loser|oh so full attack ands peed?
|c|☆Magikarp4000|252+ atk 252 hp
|c|☆rng loser|ah
|c|☆Magikarp4000|dont need the speed
|c|☆rng loser|anyways gg
|c|☆Magikarp4000|i think this everything maybe except scarf eleki
|c|☆Magikarp4000|yea
|c|☆rng loser|gonna try that set lol
|c|☆Magikarp4000|*outspeeds
|c|☆rng loser|nah even eleki cant outspeed +6
|c|☆rng loser|and eleki cant do anything
|c|☆Magikarp4000|yea lol
|c|☆Magikarp4000|oh it cant?
|c|☆rng loser|electric moves useless
|c|☆rng loser|ancient power and explosion arent gonna do much
|c|☆Magikarp4000|i mean the speed
|c|☆Magikarp4000|oh
|c|☆Magikarp4000|822
|c|☆rng loser|its 548*1.5 i think
|c|☆rng loser|nvm
|c|☆rng loser|!math 548*1.5
|c| rng loser|/raw <div class="infobox">548*1.5<br />= <strong>822</strong></div>
|c|☆Magikarp4000|and this is 824
|c|☆Magikarp4000|anyway yea that was fun lol
|c|☆Magikarp4000|gg cya
|c|☆rng loser|yea
|c|☆rng loser|see u around
