|j|☆HikaruMaxwell_004
|j|‽neptune732
|t:|1626863922
|gametype|singles
|player|p1|HikaruMaxwell_004|hilbert|1397
|player|p2|neptune732|169|1517
|teamsize|p1|6
|teamsize|p2|6
|gen|8
|tier|[Gen 8] Ubers
|rated|
|rule|Sleep Clause Mod: Limit one foe put to sleep
|rule|Species Clause: Limit one of each Pokémon
|rule|OHKO Clause: OHKO moves are banned
|rule|Evasion Moves Clause: Evasion moves are banned
|rule|Endless Battle Clause: Forcing endless battles is banned
|rule|HP Percentage Mod: HP is shown in percentages
|rule|Dynamax Clause: You cannot dynamax
|clearpoke
|poke|p1|Kyurem-White|
|poke|p1|Yveltal|
|poke|p1|Calyrex-Ice|
|poke|p1|Regigigas|
|poke|p1|Eternatus|
|poke|p1|Galvantula, M|
|poke|p2|Mewtwo|
|poke|p2|Marshadow|
|poke|p2|Reshiram|
|poke|p2|Ditto|
|poke|p2|Shuckle, F|
|poke|p2|Eternatus|
|teampreview
|
|t:|1626863935
|start
|switch|p1a: Galvantula|Galvantula, M|100/100
|switch|p2a: Shuckle|Shuckle, F|100/100
|turn|1
|
|t:|1626863941
|move|p1a: Galvantula|Sticky Web|p2a: Shuckle
|-sidestart|p2: neptune732|move: Sticky Web
|move|p2a: Shuckle|Sticky Web|p1a: Galvantula
|-sidestart|p1: HikaruMaxwell_004|move: Sticky Web
|
|upkeep
|turn|2
|
|t:|1626863949
|move|p1a: Galvantula|Thunder|p2a: Shuckle
|-damage|p2a: Shuckle|75/100
|-enditem|p2a: Shuckle|Red Card|[of] p1a: Galvantula
|drag|p1a: Eternatus|Eternatus|100/100
|-activate|p1a: Eternatus|move: Sticky Web
|-unboost|p1a: Eternatus|spe|1
|-ability|p1a: Eternatus|Pressure
|move|p2a: Shuckle|Knock Off|p1a: Eternatus
|-damage|p1a: Eternatus|96/100
|-enditem|p1a: Eternatus|Power Herb|[from] move: Knock Off|[of] p2a: Shuckle
|
|upkeep
|turn|3
|
|t:|1626863960
|move|p1a: Eternatus|Meteor Beam||[still]
|-prepare|p1a: Eternatus|Meteor Beam
|-boost|p1a: Eternatus|spa|1
|move|p2a: Shuckle|Stealth Rock|p1a: Eternatus
|-sidestart|p1: HikaruMaxwell_004|move: Stealth Rock
|
|upkeep
|turn|4
|
|t:|1626863987
|move|p1a: Eternatus|Meteor Beam|p2a: Shuckle|[from]lockedmove|[miss]
|-miss|p1a: Eternatus|p2a: Shuckle
|move|p2a: Shuckle|Infestation|p1a: Eternatus
|-resisted|p1a: Eternatus
|-damage|p1a: Eternatus|95/100
|-activate|p1a: Eternatus|move: Infestation|[of] p2a: Shuckle
|
|-damage|p1a: Eternatus|83/100|[from] move: Infestation|[partiallytrapped]
|upkeep
|turn|5
|
|t:|1626864004
|move|p1a: Eternatus|Dynamax Cannon|p2a: Shuckle
|-damage|p2a: Shuckle|18/100
|move|p2a: Shuckle|Knock Off|p1a: Eternatus
|-damage|p1a: Eternatus|80/100
|
|-damage|p1a: Eternatus|67/100|[from] move: Infestation|[partiallytrapped]
|upkeep
|turn|6
|
|t:|1626864012
|move|p1a: Eternatus|Flamethrower|p2a: Shuckle
|-damage|p2a: Shuckle|0 fnt
|faint|p2a: Shuckle
|
|-end|p1a: Eternatus|Infestation|[partiallytrapped]|[silent]
|upkeep
|
|t:|1626864024
|switch|p2a: Ditto|Ditto|100/100
|-activate|p2a: Ditto|move: Sticky Web
|-unboost|p2a: Ditto|spe|1
|-transform|p2a: Ditto|p1a: Eternatus|[from] ability: Imposter
|-ability|p2a: Ditto|Pressure
|turn|7
|
|t:|1626864034
|move|p2a: Ditto|Dynamax Cannon|p1a: Eternatus
|-supereffective|p1a: Eternatus
|-damage|p1a: Eternatus|0 fnt
|faint|p1a: Eternatus
|
|upkeep
|
|t:|1626864037
|switch|p1a: Galvantula|Galvantula, M|100/100
|-activate|p1a: Galvantula|move: Sticky Web
|-unboost|p1a: Galvantula|spe|1
|-damage|p1a: Galvantula|76/100|[from] Stealth Rock
|turn|8
|
|t:|1626864043
|move|p2a: Ditto|Dynamax Cannon|p1a: Galvantula
|-damage|p1a: Galvantula|0 fnt
|faint|p1a: Galvantula
|
|upkeep
|
|t:|1626864051
|switch|p1a: Regigigas|Regigigas|100/100
|-damage|p1a: Regigigas|88/100|[from] Stealth Rock
|-activate|p1a: Regigigas|move: Sticky Web
|-unboost|p1a: Regigigas|spe|1
|-start|p1a: Regigigas|ability: Slow Start
|turn|9
|
|t:|1626864058
|move|p2a: Ditto|Dynamax Cannon|p1a: Regigigas
|-damage|p1a: Regigigas|23/100
|move|p1a: Regigigas|Thunder Wave|p2a: Ditto
|-status|p2a: Ditto|par
|
|-heal|p1a: Regigigas|30/100|[from] item: Leftovers
|upkeep
|turn|10
|
|t:|1626864072
|move|p2a: Ditto|Dynamax Cannon|p1a: Regigigas
|-damage|p1a: Regigigas|0 fnt
|faint|p1a: Regigigas
|-end|p1a: Regigigas|Slow Start|[silent]
|
|upkeep
|
|t:|1626864086
|switch|p1a: Yveltal|Yveltal|100/100
|-damage|p1a: Yveltal|76/100|[from] Stealth Rock
|-ability|p1a: Yveltal|Dark Aura
|turn|11
|
|t:|1626864102
|switch|p2a: Eternatus|Eternatus|100/100
|-activate|p2a: Eternatus|move: Sticky Web
|-unboost|p2a: Eternatus|spe|1
|-ability|p2a: Eternatus|Pressure
|move|p1a: Yveltal|Hone Claws|p1a: Yveltal
|-boost|p1a: Yveltal|atk|1
|-boost|p1a: Yveltal|accuracy|1
|
|-heal|p1a: Yveltal|82/100|[from] item: Leftovers
|upkeep
|turn|12
|
|t:|1626864116
|move|p1a: Yveltal|Knock Off|p2a: Eternatus
|-damage|p2a: Eternatus|20/100
|-enditem|p2a: Eternatus|Power Herb|[from] move: Knock Off|[of] p1a: Yveltal
|move|p2a: Eternatus|Sludge Bomb|p1a: Yveltal
|-damage|p1a: Yveltal|40/100
|
|-heal|p1a: Yveltal|47/100|[from] item: Leftovers
|upkeep
|turn|13
|
|t:|1626864126
|move|p1a: Yveltal|Knock Off|p2a: Eternatus
|-crit|p2a: Eternatus
|-damage|p2a: Eternatus|0 fnt
|faint|p2a: Eternatus
|
|-heal|p1a: Yveltal|53/100|[from] item: Leftovers
|upkeep
|
|t:|1626864136
|switch|p2a: Reshiram|Reshiram|100/100
|-activate|p2a: Reshiram|move: Sticky Web
|-unboost|p2a: Reshiram|spe|1
|-ability|p2a: Reshiram|Turboblaze
|turn|14
|
|t:|1626864142
|move|p1a: Yveltal|Knock Off|p2a: Reshiram
|-damage|p2a: Reshiram|0 fnt
|-enditem|p2a: Reshiram|Life Orb|[from] move: Knock Off|[of] p1a: Yveltal
|faint|p2a: Reshiram
|
|-heal|p1a: Yveltal|59/100|[from] item: Leftovers
|upkeep
|-message|neptune732 forfeited.
|
|win|HikaruMaxwell_004
|raw|HikaruMaxwell_004's rating: 1397 &rarr; <strong>1424</strong><br />(+27 for winning)
|raw|neptune732's rating: 1517 &rarr; <strong>1490</strong><br />(-27 for losing)
|l|‽neptune732
