|j|☆woopre
|j|☆Grace-sas
|t:|1660519072
|gametype|singles
|player|p1|woopre|fairytalegirl|1541
|player|p2|Grace-sas|170|1833
|teamsize|p1|6
|teamsize|p2|6
|gen|8
|tier|[Gen 8] Ubers
|rated|
|rule|Sleep Clause Mod: Limit one foe put to sleep
|rule|Species Clause: Limit one of each Pokémon
|rule|OHKO Clause: OHKO moves are banned
|rule|Evasion Items Clause: Evasion items are banned
|rule|Evasion Moves Clause: Evasion moves are banned
|rule|Endless Battle Clause: Forcing endless battles is banned
|rule|HP Percentage Mod: HP is shown in percentages
|rule|Dynamax Clause: You cannot dynamax
|clearpoke
|poke|p1|Groudon|
|poke|p1|Kyurem-White|
|poke|p1|Yveltal|
|poke|p1|Necrozma-Dusk-Mane|
|poke|p1|Eternatus|
|poke|p1|Marshadow|
|poke|p2|Eternatus|
|poke|p2|Necrozma-Dusk-Mane|
|poke|p2|Yveltal|
|poke|p2|Excadrill, M|
|poke|p2|Marshadow|
|poke|p2|Xerneas-*|
|teampreview
|inactive|Battle timer is ON: inactive players will automatically lose when time's up. (requested by Grace-sas)
|
|t:|1660519080
|start
|switch|p1a: little dark age|Yveltal, shiny|100/100
|switch|p2a: Excadrill|Excadrill, M|100/100
|-ability|p2a: Excadrill|Mold Breaker
|-ability|p1a: little dark age|Dark Aura
|turn|1
|c|☆Grace-sas|Hf
|
|t:|1660519089
|move|p2a: Excadrill|Rock Tomb|p1a: little dark age
|-supereffective|p1a: little dark age
|-damage|p1a: little dark age|70/100
|-unboost|p1a: little dark age|spe|1
|move|p1a: little dark age|Knock Off|p2a: Excadrill
|-damage|p2a: Excadrill|23/100
|-enditem|p2a: Excadrill|Focus Sash|[from] move: Knock Off|[of] p1a: little dark age
|
|upkeep
|turn|2
|
|t:|1660519094
|move|p2a: Excadrill|Stealth Rock|p1a: little dark age
|-sidestart|p1: woopre|move: Stealth Rock
|move|p1a: little dark age|Defog|p2a: Excadrill
|-unboost|p2a: Excadrill|evasion|1
|-sideend|p1: woopre|Stealth Rock|[from] move: Defog|[of] p1a: little dark age
|
|upkeep
|turn|3
|
|t:|1660519098
|move|p2a: Excadrill|Stealth Rock|p1a: little dark age
|-sidestart|p1: woopre|move: Stealth Rock
|move|p1a: little dark age|Roost|p1a: little dark age
|-heal|p1a: little dark age|100/100
|-singleturn|p1a: little dark age|move: Roost
|
|upkeep
|turn|4
|
|t:|1660519100
|move|p2a: Excadrill|Rock Tomb|p1a: little dark age|[miss]
|-miss|p2a: Excadrill|p1a: little dark age
|move|p1a: little dark age|Defog|p2a: Excadrill
|-unboost|p2a: Excadrill|evasion|1
|-sideend|p1: woopre|Stealth Rock|[from] move: Defog|[of] p1a: little dark age
|
|upkeep
|turn|5
|
|t:|1660519105
|move|p2a: Excadrill|Stealth Rock|p1a: little dark age
|-sidestart|p1: woopre|move: Stealth Rock
|move|p1a: little dark age|Knock Off|p2a: Excadrill
|-damage|p2a: Excadrill|0 fnt
|faint|p2a: Excadrill
|
|upkeep
|
|t:|1660519108
|switch|p2a: Eternatus|Eternatus|100/100
|-ability|p2a: Eternatus|Pressure
|turn|6
|
|t:|1660519110
|switch|p1a: oh klahoma|Necrozma-Dusk-Mane|100/100
|-damage|p1a: oh klahoma|94/100|[from] Stealth Rock
|move|p2a: Eternatus|Meteor Beam||[still]
|-prepare|p2a: Eternatus|Meteor Beam
|-boost|p2a: Eternatus|spa|1
|-enditem|p2a: Eternatus|Power Herb
|-anim|p2a: Eternatus|Meteor Beam|p1a: oh klahoma
|-resisted|p1a: oh klahoma
|-damage|p1a: oh klahoma|74/100
|
|-heal|p1a: oh klahoma|80/100|[from] item: Leftovers
|upkeep
|turn|7
|
|t:|1660519113
|move|p2a: Eternatus|Substitute|p2a: Eternatus
|-start|p2a: Eternatus|Substitute
|-damage|p2a: Eternatus|76/100
|move|p1a: oh klahoma|Thunder Wave||[still]
|-fail|p1a: oh klahoma
|
|-heal|p1a: oh klahoma|86/100|[from] item: Leftovers
|upkeep
|turn|8
|
|t:|1660519115
|move|p2a: Eternatus|Flamethrower|p1a: oh klahoma
|-supereffective|p1a: oh klahoma
|-damage|p1a: oh klahoma|36/100
|move|p1a: oh klahoma|Iron Head|p2a: Eternatus
|-end|p2a: Eternatus|Substitute
|
|-heal|p1a: oh klahoma|42/100|[from] item: Leftovers
|upkeep
|turn|9
|
|t:|1660519119
|move|p2a: Eternatus|Flamethrower|p1a: oh klahoma
|-supereffective|p1a: oh klahoma
|-damage|p1a: oh klahoma|0 fnt
|faint|p1a: oh klahoma
|
|upkeep
|
|t:|1660519128
|switch|p1a: estranger|Groudon|100/100
|-damage|p1a: estranger|94/100|[from] Stealth Rock
|-weather|SunnyDay|[from] ability: Drought|[of] p1a: estranger
|turn|10
|
|t:|1660519132
|move|p2a: Eternatus|Dynamax Cannon|p1a: estranger
|-damage|p1a: estranger|16/100
|move|p1a: estranger|Precipice Blades|p2a: Eternatus|[miss]
|-miss|p1a: estranger|p2a: Eternatus
|
|-weather|SunnyDay|[upkeep]
|-heal|p1a: estranger|22/100|[from] item: Leftovers
|upkeep
|turn|11
|c|☆woopre|....
|c|☆Grace-sas|Sry
|
|t:|1660519141
|move|p2a: Eternatus|Dynamax Cannon|p1a: estranger
|-damage|p1a: estranger|0 fnt
|faint|p1a: estranger
|
|-weather|SunnyDay|[upkeep]
|upkeep
|
|t:|1660519144
|switch|p1a: petty papercuts|Marshadow|100/100
|-damage|p1a: petty papercuts|94/100|[from] Stealth Rock
|turn|12
|
|t:|1660519149
|move|p2a: Eternatus|Dynamax Cannon|p1a: petty papercuts
|-damage|p1a: petty papercuts|2/100
|move|p1a: petty papercuts|Ice Punch|p2a: Eternatus
|-supereffective|p2a: Eternatus
|-damage|p2a: Eternatus|12/100
|
|-weather|SunnyDay|[upkeep]
|upkeep
|turn|13
|c|☆woopre|now i lose
|c|☆woopre|stupid as fuck
|-message|woopre forfeited.
|
|win|Grace-sas
|raw|woopre's rating: 1541 &rarr; <strong>1535</strong><br />(-6 for losing)
|raw|Grace-sas's rating: 1833 &rarr; <strong>1839</strong><br />(+6 for winning)
|l|☆woopre
|c|☆Grace-sas|Yah
||Ladder isn't responding, score probably updated but might not have (Request timeout).
