|j|☆KyogreF4N
|j|☆willcoxw
|player|p1|KyogreF4N|battlegirl-gen4|1807
|player|p2|willcoxw|clair|1714
|teamsize|p1|6
|teamsize|p2|6
|gametype|singles
|gen|8
|tier|[Gen 8] Ubers
|rated|
|clearpoke
|poke|p1|Drednaw, F|
|poke|p1|Pelipper, M|
|poke|p1|Necrozma-Dusk-Mane|
|poke|p1|Melmetal|
|poke|p1|Lunala|
|poke|p1|Dracovish|
|poke|p2|Eternatus|
|poke|p2|Lunala|
|poke|p2|Ferrothorn, M|
|poke|p2|Dragapult, M|
|poke|p2|Necrozma-Dusk-Mane|
|poke|p2|Zacian-Crowned|
|rule|Sleep Clause Mod: Limit one foe put to sleep
|rule|Species Clause: Limit one of each Pokémon
|rule|OHKO Clause: OHKO moves are banned
|rule|Evasion Moves Clause: Evasion moves are banned
|rule|Endless Battle Clause: Forcing endless battles is banned
|rule|HP Percentage Mod: HP is shown in percentages
|html|Ubers Dynamax Clause: Pokémon on the <a href="https://www.smogon.com/dex/ss/formats/uber/">Ubers Dynamax Banlist</a> cannot Dynamax.
|teampreview
|c|☆KyogreF4N|Glhf
|c|☆willcoxw|SALUT
|
|start
|switch|p1a: Lunala|Lunala|100/100
|switch|p2a: Ferrothorn|Ferrothorn, M|100/100
|turn|1
|j| Dimitri Serafim
|
|move|p1a: Lunala|Moongeist Beam|p2a: Ferrothorn
|-damage|p2a: Ferrothorn|52/100
|move|p2a: Ferrothorn|Stealth Rock|p1a: Lunala
|-sidestart|p1: KyogreF4N|move: Stealth Rock
|
|-heal|p2a: Ferrothorn|59/100|[from] item: Leftovers
|upkeep
|turn|2
|j| Waterboy17
|
|move|p1a: Lunala|Moongeist Beam|p2a: Ferrothorn
|-damage|p2a: Ferrothorn|6/100
|move|p2a: Ferrothorn|Leech Seed|p1a: Lunala
|-start|p1a: Lunala|move: Leech Seed
|
|-heal|p2a: Ferrothorn|12/100|[from] item: Leftovers
|-damage|p1a: Lunala|88/100|[from] Leech Seed|[of] p2a: Ferrothorn
|-heal|p2a: Ferrothorn|29/100|[silent]
|upkeep
|turn|3
|
|switch|p2a: Eternatus|Eternatus|100/100
|-ability|p2a: Eternatus|Pressure
|move|p1a: Lunala|Moongeist Beam|p2a: Eternatus
|-damage|p2a: Eternatus|46/100
|
|-heal|p2a: Eternatus|52/100|[from] item: Black Sludge
|-damage|p1a: Lunala|76/100|[from] Leech Seed|[of] p2a: Eternatus
|-heal|p2a: Eternatus|66/100|[silent]
|upkeep
|turn|4
|
|move|p2a: Eternatus|Substitute|p2a: Eternatus
|-start|p2a: Eternatus|Substitute
|-damage|p2a: Eternatus|41/100
|move|p1a: Lunala|Trick Room|p1a: Lunala
|-fieldstart|move: Trick Room|[of] p1a: Lunala
|
|-heal|p2a: Eternatus|47/100|[from] item: Black Sludge
|-damage|p1a: Lunala|63/100|[from] Leech Seed|[of] p2a: Eternatus
|-heal|p2a: Eternatus|61/100|[silent]
|upkeep
|turn|5
|c| Waterboy17|i go for the trick room one
|
|move|p2a: Eternatus|Dynamax Cannon|p1a: Lunala
|-damage|p1a: Lunala|28/100
|move|p1a: Lunala|Teleport|p1a: Lunala
|
|switch|p1a: Melmetal|Melmetal|100/100|[from]move: Teleport
|-damage|p1a: Melmetal|94/100|[from] Stealth Rock
|
|-heal|p2a: Eternatus|67/100|[from] item: Black Sludge
|upkeep
|turn|6
|
|switch|p2a: Necrozma|Necrozma-Dusk-Mane|100/100
|move|p1a: Melmetal|Double Iron Bash|p2a: Necrozma
|-resisted|p2a: Necrozma
|-damage|p2a: Necrozma|83/100
|-resisted|p2a: Necrozma
|-damage|p2a: Necrozma|65/100
|-hitcount|p2a: Necrozma|2
|
|-heal|p2a: Necrozma|71/100|[from] item: Leftovers
|upkeep
|turn|7
|
|switch|p1a: Pelipper|Pelipper, M|100/100
|-damage|p1a: Pelipper|76/100|[from] Stealth Rock
|-weather|RainDance|[from] ability: Drizzle|[of] p1a: Pelipper
|move|p2a: Necrozma|Thunder Wave|p1a: Pelipper|[miss]
|-miss|p2a: Necrozma|p1a: Pelipper
|
|-weather|RainDance|[upkeep]
|-heal|p2a: Necrozma|77/100|[from] item: Leftovers
|upkeep
|turn|8
|
|move|p1a: Pelipper|Defog|p2a: Necrozma
|-unboost|p2a: Necrozma|evasion|1
|-sideend|p1: KyogreF4N|Stealth Rock|[from] move: Defog|[of] p1a: Pelipper
|move|p2a: Necrozma|Knock Off|p1a: Pelipper
|-damage|p1a: Pelipper|50/100
|-enditem|p1a: Pelipper|Damp Rock|[from] move: Knock Off|[of] p2a: Necrozma
|
|-weather|RainDance|[upkeep]
|-heal|p2a: Necrozma|83/100|[from] item: Leftovers
|-fieldend|move: Trick Room
|upkeep
|turn|9
|
|move|p2a: Necrozma|Thunder Wave|p1a: Pelipper
|-status|p1a: Pelipper|par
|move|p1a: Pelipper|U-turn|p2a: Necrozma
|-damage|p2a: Necrozma|79/100
|
|switch|p1a: Necrozma|Necrozma-Dusk-Mane|100/100|[from]move: U-turn
|
|-weather|RainDance|[upkeep]
|-heal|p2a: Necrozma|85/100|[from] item: Leftovers
|upkeep
|turn|10
|
|move|p2a: Necrozma|Thunder Wave|p1a: Necrozma
|-status|p1a: Necrozma|par
|cant|p1a: Necrozma|par
|
|-weather|RainDance|[upkeep]
|-heal|p2a: Necrozma|91/100|[from] item: Leftovers
|upkeep
|turn|11
|
|switch|p2a: Ferrothorn|Ferrothorn, M|29/100
|move|p1a: Necrozma|Swords Dance|p1a: Necrozma
|-boost|p1a: Necrozma|atk|2
|
|-weather|RainDance|[upkeep]
|-heal|p2a: Ferrothorn|35/100|[from] item: Leftovers
|upkeep
|turn|12
|
|move|p2a: Ferrothorn|Stealth Rock|p1a: Necrozma
|-sidestart|p1: KyogreF4N|move: Stealth Rock
|move|p1a: Necrozma|Earthquake|p2a: Ferrothorn
|-damage|p2a: Ferrothorn|0 fnt
|faint|p2a: Ferrothorn
|
|-weather|RainDance|[upkeep]
|upkeep
|
|switch|p2a: Lunala|Lunala|100/100
|turn|13
|
|move|p2a: Lunala|Calm Mind|p2a: Lunala
|-boost|p2a: Lunala|spa|1
|-boost|p2a: Lunala|spd|1
|move|p1a: Necrozma|Trick Room|p1a: Necrozma
|-fieldstart|move: Trick Room|[of] p1a: Necrozma
|
|-weather|RainDance|[upkeep]
|upkeep
|turn|14
|
|move|p1a: Necrozma|Earthquake|p2a: Lunala
|-damage|p2a: Lunala|61/100
|move|p2a: Lunala|Moongeist Beam|p1a: Necrozma
|-supereffective|p1a: Necrozma
|-damage|p1a: Necrozma|0 fnt
|faint|p1a: Necrozma
|
|-weather|none
|upkeep
|
|switch|p1a: Dracovish|Dracovish|100/100
|-damage|p1a: Dracovish|88/100|[from] Stealth Rock
|turn|15
|
|move|p1a: Dracovish|Fishious Rend|p2a: Lunala
|-damage|p2a: Lunala|0 fnt
|faint|p2a: Lunala
|
|upkeep
|
|switch|p2a: Necrozma|Necrozma-Dusk-Mane|91/100
|turn|16
|
|move|p1a: Dracovish|Fishious Rend|p2a: Necrozma
|-damage|p2a: Necrozma|0 fnt
|faint|p2a: Necrozma
|
|upkeep
|c| Waterboy17|XD
|
|switch|p2a: Dragapult|Dragapult, M|100/100
|turn|17
|c|☆KyogreF4N|Bop
|c| Dimitri Serafim|yh its gg
|
|-start|p2a: Dragapult|Dynamax
|-heal|p2a: Dragapult|100/100|[silent]
|move|p2a: Dragapult|Max Guard|p2a: Dragapult
|-singleturn|p2a: Dragapult|Max Guard
|move|p1a: Dracovish|Fishious Rend|p2a: Dragapult
|-activate|p2a: Dragapult|move: Max Guard
|
|-fieldend|move: Trick Room
|upkeep
|turn|18
|
|switch|p1a: Lunala|Lunala|28/100
|move|p2a: Dragapult|Max Phantasm|p1a: Lunala
|-supereffective|p1a: Lunala
|-damage|p1a: Lunala|0 fnt
|faint|p1a: Lunala
|
|upkeep
|
|switch|p1a: Melmetal|Melmetal|94/100
|-damage|p1a: Melmetal|88/100|[from] Stealth Rock
|turn|19
|
|move|p2a: Dragapult|Max Phantasm|p1a: Melmetal
|-damage|p1a: Melmetal|47/100
|-unboost|p1a: Melmetal|def|1
|move|p1a: Melmetal|Double Iron Bash|p2a: Dragapult
|-damage|p2a: Dragapult|55/100
|-damage|p2a: Dragapult|10/100
|-hitcount|p2a: Dragapult|2
|
|-end|p2a: Dragapult|Dynamax
|-heal|p2a: Dragapult|10/100|[silent]
|upkeep
|turn|20
|
|move|p2a: Dragapult|Phantom Force||[still]
|-prepare|p2a: Dragapult|Phantom Force|p1a: Melmetal
|move|p1a: Melmetal|Double Iron Bash|p2a: Dragapult|[miss]
|-miss|p1a: Melmetal|p2a: Dragapult
|
|upkeep
|turn|21
|
|switch|p1a: Pelipper|Pelipper, M|50/100 par
|-damage|p1a: Pelipper|26/100 par|[from] Stealth Rock
|-weather|RainDance|[from] ability: Drizzle|[of] p1a: Pelipper
|move|p2a: Dragapult|Phantom Force|p1a: Pelipper|[from]lockedmove
|-damage|p1a: Pelipper|0 fnt
|faint|p1a: Pelipper
|
|-weather|RainDance|[upkeep]
|upkeep
|
|switch|p1a: Drednaw|Drednaw, F|100/100
|-damage|p1a: Drednaw|88/100|[from] Stealth Rock
|turn|22
|
|-start|p1a: Drednaw|Dynamax
|-formechange|p1a: Drednaw|Drednaw-Gmax
|-heal|p1a: Drednaw|88/100|[silent]
|move|p1a: Drednaw|G-Max Stonesurge|p2a: Dragapult
|-resisted|p2a: Dragapult
|-damage|p2a: Dragapult|0 fnt
|-sidestart|p2: willcoxw|move: Stealth Rock
|-damage|p1a: Drednaw|83/100|[from] item: Life Orb
|faint|p2a: Dragapult
|
|-weather|RainDance|[upkeep]
|upkeep
|
|switch|p2a: Zacian|Zacian-Crowned|100/100
|-damage|p2a: Zacian|94/100|[from] Stealth Rock
|-ability|p2a: Zacian|Intrepid Sword|boost
|-boost|p2a: Zacian|atk|1
|turn|23
|
|move|p1a: Drednaw|G-Max Stonesurge|p2a: Zacian
|-damage|p2a: Zacian|0 fnt
|-damage|p1a: Drednaw|78/100|[from] item: Life Orb
|faint|p2a: Zacian
|
|-weather|RainDance|[upkeep]
|upkeep
|c|☆KyogreF4N|Gg
|-message|willcoxw forfeited.
|
|win|KyogreF4N
|l|☆willcoxw
|l| Dimitri Serafim
|raw|KyogreF4N's rating: 1807 &rarr; <strong>1822</strong><br />(+15 for winning)
|raw|willcoxw's rating: 1714 &rarr; <strong>1699</strong><br />(-15 for losing)
