|j|☆caionamax
|j|☆Mystimaniaque
|t:|1646912937
|gametype|singles
|player|p1|caionamax|leon|1496
|player|p2|Mystimaniaque|veteranf|1467
|teamsize|p1|6
|teamsize|p2|6
|gen|8
|tier|[Gen 8] Ubers
|rated|
|rule|Sleep Clause Mod: Limit one foe put to sleep
|rule|Species Clause: Limit one of each Pokémon
|rule|OHKO Clause: OHKO moves are banned
|rule|Evasion Moves Clause: Evasion moves are banned
|rule|Endless Battle Clause: Forcing endless battles is banned
|rule|HP Percentage Mod: HP is shown in percentages
|rule|Dynamax Clause: You cannot dynamax
|clearpoke
|poke|p1|Arctozolt|
|poke|p1|Abomasnow, M|
|poke|p1|Eternatus|
|poke|p1|Clefable, F|
|poke|p1|Yveltal|
|poke|p1|Ho-Oh|
|poke|p2|Dialga|
|poke|p2|Ho-Oh|
|poke|p2|Giratina-Origin|
|poke|p2|Necrozma-Dusk-Mane|
|poke|p2|Xerneas-*|
|poke|p2|Yveltal|
|teampreview
|inactive|Battle timer is ON: inactive players will automatically lose when time's up. (requested by caionamax)
|
|t:|1646912950
|start
|switch|p1a: Abomasnow|Abomasnow, M|100/100
|switch|p2a: Dialga|Dialga|100/100
|-ability|p2a: Dialga|Pressure
|-weather|Hail|[from] ability: Snow Warning|[of] p1a: Abomasnow
|turn|1
|
|t:|1646912958
|switch|p1a: Ho-Oh|Ho-Oh|100/100
|move|p2a: Dialga|Stealth Rock|p1a: Ho-Oh
|-sidestart|p1: caionamax|move: Stealth Rock
|
|-weather|Hail|[upkeep]
|-damage|p1a: Ho-Oh|94/100|[from] Hail
|-damage|p2a: Dialga|94/100|[from] Hail
|-heal|p2a: Dialga|100/100|[from] item: Leftovers
|upkeep
|turn|2
|l|☆Mystimaniaque
|inactive|Mystimaniaque disconnected and has a minute to reconnect!
|player|p2|
|j|☆Mystimaniaque
|inactive|Mystimaniaque reconnected and has 130 seconds left.
|player|p2|Mystimaniaque|veteranf
|
|t:|1646912986
|move|p2a: Dialga|Thunder|p1a: Ho-Oh
|-supereffective|p1a: Ho-Oh
|-damage|p1a: Ho-Oh|55/100
|move|p1a: Ho-Oh|Defog|p2a: Dialga
|-unboost|p2a: Dialga|evasion|1
|-sideend|p1: caionamax|Stealth Rock|[from] move: Defog|[of] p1a: Ho-Oh
|
|-weather|Hail|[upkeep]
|-damage|p1a: Ho-Oh|49/100|[from] Hail
|-damage|p2a: Dialga|94/100|[from] Hail
|-heal|p2a: Dialga|100/100|[from] item: Leftovers
|upkeep
|turn|3
|
|t:|1646912994
|switch|p1a: Eternatus|Eternatus|100/100
|-ability|p1a: Eternatus|Pressure
|move|p2a: Dialga|Dragon Pulse|p1a: Eternatus
|-supereffective|p1a: Eternatus
|-damage|p1a: Eternatus|55/100
|
|-weather|Hail|[upkeep]
|-damage|p2a: Dialga|94/100|[from] Hail
|-heal|p2a: Dialga|100/100|[from] item: Leftovers
|upkeep
|turn|4
|
|t:|1646913006
|move|p1a: Eternatus|Recover|p1a: Eternatus
|-heal|p1a: Eternatus|100/100
|move|p2a: Dialga|Stealth Rock|p1a: Eternatus
|-sidestart|p1: caionamax|move: Stealth Rock
|
|-weather|Hail|[upkeep]
|-damage|p2a: Dialga|94/100|[from] Hail
|-heal|p2a: Dialga|100/100|[from] item: Leftovers
|upkeep
|turn|5
|
|t:|1646913015
|move|p1a: Eternatus|Dynamax Cannon|p2a: Dialga
|-damage|p2a: Dialga|61/100
|move|p2a: Dialga|Thunder|p1a: Eternatus
|-resisted|p1a: Eternatus
|-damage|p1a: Eternatus|90/100
|
|-weather|Hail|[upkeep]
|-damage|p2a: Dialga|55/100|[from] Hail
|-heal|p2a: Dialga|61/100|[from] item: Leftovers
|upkeep
|turn|6
|
|t:|1646913028
|move|p1a: Eternatus|Flamethrower|p2a: Dialga
|-damage|p2a: Dialga|36/100
|move|p2a: Dialga|Thunder|p1a: Eternatus
|-resisted|p1a: Eternatus
|-damage|p1a: Eternatus|80/100
|
|-weather|Hail|[upkeep]
|-damage|p2a: Dialga|29/100|[from] Hail
|-heal|p2a: Dialga|36/100|[from] item: Leftovers
|upkeep
|turn|7
|
|t:|1646913037
|move|p1a: Eternatus|Dynamax Cannon|p2a: Dialga
|-damage|p2a: Dialga|0 fnt
|faint|p2a: Dialga
|
|-weather|Hail|[upkeep]
|upkeep
|
|t:|1646913041
|switch|p2a: Ho-Oh|Ho-Oh|100/100
|turn|8
|
|t:|1646913046
|move|p1a: Eternatus|Toxic|p2a: Ho-Oh
|-status|p2a: Ho-Oh|tox
|move|p2a: Ho-Oh|Earthquake|p1a: Eternatus
|-supereffective|p1a: Eternatus
|-damage|p1a: Eternatus|7/100
|-damage|p2a: Ho-Oh|91/100 tox|[from] item: Life Orb
|
|-weather|none
|-damage|p2a: Ho-Oh|84/100 tox|[from] psn
|upkeep
|turn|9
|
|t:|1646913055
|switch|p1a: Ho-Oh|Ho-Oh|82/100
|move|p2a: Ho-Oh|Brave Bird|p1a: Ho-Oh
|-damage|p1a: Ho-Oh|21/100
|-damage|p2a: Ho-Oh|61/100 tox|[from] Recoil
|-damage|p2a: Ho-Oh|51/100 tox|[from] item: Life Orb
|
|-damage|p2a: Ho-Oh|38/100 tox|[from] psn
|upkeep
|turn|10
|
|t:|1646913066
|switch|p1a: Abomasnow|Abomasnow, M|100/100
|-damage|p1a: Abomasnow|76/100|[from] Stealth Rock
|-weather|Hail|[from] ability: Snow Warning|[of] p1a: Abomasnow
|move|p2a: Ho-Oh|Sacred Fire|p1a: Abomasnow
|-supereffective|p1a: Abomasnow
|-damage|p1a: Abomasnow|0 fnt
|faint|p1a: Abomasnow
|-damage|p2a: Ho-Oh|29/100 tox|[from] item: Life Orb
|
|-weather|Hail|[upkeep]
|-damage|p2a: Ho-Oh|22/100 tox|[from] Hail
|-damage|p2a: Ho-Oh|4/100 tox|[from] psn
|upkeep
|
|t:|1646913068
|switch|p1a: Arctozolt|Arctozolt|100/100
|turn|11
|inactive|Mystimaniaque has 120 seconds left.
|
|t:|1646913100
|switch|p2a: Yveltal|Yveltal|100/100
|-ability|p2a: Yveltal|Dark Aura
|move|p1a: Arctozolt|Bolt Beak|p2a: Yveltal
|-supereffective|p2a: Yveltal
|-damage|p2a: Yveltal|0 fnt
|faint|p2a: Yveltal
|
|-weather|Hail|[upkeep]
|upkeep
|
|t:|1646913104
|switch|p2a: Xerneas|Xerneas|100/100
|-ability|p2a: Xerneas|Fairy Aura
|turn|12
|
|t:|1646913109
|move|p2a: Xerneas|Moonblast|p1a: Arctozolt
|-damage|p1a: Arctozolt|0 fnt
|faint|p1a: Arctozolt
|
|-weather|Hail|[upkeep]
|-damage|p2a: Xerneas|94/100|[from] Hail
|upkeep
|
|t:|1646913124
|switch|p1a: Ho-Oh|Ho-Oh|54/100
|turn|13
|
|t:|1646913126
|switch|p2a: Ho-Oh|Ho-Oh|37/100 tox
|move|p1a: Ho-Oh|Defog|p2a: Ho-Oh
|-unboost|p2a: Ho-Oh|evasion|1
|-sideend|p1: caionamax|Stealth Rock|[from] move: Defog|[of] p1a: Ho-Oh
|
|-weather|Hail|[upkeep]
|-damage|p2a: Ho-Oh|31/100 tox|[from] Hail
|-damage|p1a: Ho-Oh|48/100|[from] Hail
|-damage|p2a: Ho-Oh|24/100 tox|[from] psn
|upkeep
|turn|14
|
|t:|1646913138
|switch|p2a: Xerneas|Xerneas|94/100
|-ability|p2a: Xerneas|Fairy Aura
|switch|p1a: Eternatus|Eternatus|7/100
|-ability|p1a: Eternatus|Pressure
|
|-weather|Hail|[upkeep]
|-damage|p2a: Xerneas|88/100|[from] Hail
|upkeep
|turn|15
|
|t:|1646913146
|switch|p1a: Ho-Oh|Ho-Oh|81/100
|move|p2a: Xerneas|Moonblast|p1a: Ho-Oh
|-resisted|p1a: Ho-Oh
|-damage|p1a: Ho-Oh|63/100
|
|-weather|Hail|[upkeep]
|-damage|p2a: Xerneas|82/100|[from] Hail
|-damage|p1a: Ho-Oh|57/100|[from] Hail
|upkeep
|turn|16
|
|t:|1646913156
|switch|p2a: Giratina|Giratina-Origin|100/100
|move|p1a: Ho-Oh|Toxic|p2a: Giratina
|-status|p2a: Giratina|tox
|
|-weather|Hail|[upkeep]
|-damage|p2a: Giratina|94/100 tox|[from] Hail
|-damage|p1a: Ho-Oh|50/100|[from] Hail
|-damage|p2a: Giratina|88/100 tox|[from] psn
|upkeep
|turn|17
|
|t:|1646913162
|switch|p1a: Yveltal|Yveltal|100/100
|-ability|p1a: Yveltal|Dark Aura
|move|p2a: Giratina|Stone Edge|p1a: Yveltal
|-supereffective|p1a: Yveltal
|-crit|p1a: Yveltal
|-damage|p1a: Yveltal|17/100
|
|-weather|none
|-damage|p2a: Giratina|76/100 tox|[from] psn
|upkeep
|turn|18
|
|t:|1646913171
|move|p2a: Giratina|Shadow Sneak|p1a: Yveltal
|-resisted|p1a: Yveltal
|-damage|p1a: Yveltal|7/100
|move|p1a: Yveltal|Roost|p1a: Yveltal
|-heal|p1a: Yveltal|57/100
|-singleturn|p1a: Yveltal|move: Roost
|
|-damage|p2a: Giratina|58/100 tox|[from] psn
|upkeep
|turn|19
|
|t:|1646913177
|switch|p2a: Xerneas|Xerneas|82/100
|-ability|p2a: Xerneas|Fairy Aura
|switch|p1a: Clefable|Clefable, F|100/100
|
|upkeep
|turn|20
|
|t:|1646913184
|move|p2a: Xerneas|Aromatherapy|p2a: Xerneas
|-activate|p2a: Xerneas|move: Aromatherapy
|-curestatus|p2: Giratina|tox|[msg]
|-curestatus|p2: Ho-Oh|tox|[msg]
|move|p1a: Clefable|Thunder Wave|p2a: Xerneas
|-status|p2a: Xerneas|par
|
|upkeep
|turn|21
|
|t:|1646913191
|switch|p2a: Necrozma|Necrozma-Dusk-Mane|100/100
|move|p1a: Clefable|Stealth Rock|p2a: Necrozma
|-sidestart|p2: Mystimaniaque|move: Stealth Rock
|
|upkeep
|turn|22
|
|t:|1646913196
|switch|p1a: Ho-Oh|Ho-Oh|83/100
|move|p2a: Necrozma|Substitute|p2a: Necrozma
|-start|p2a: Necrozma|Substitute
|-damage|p2a: Necrozma|76/100
|
|upkeep
|turn|23
|
|t:|1646913199
|move|p2a: Necrozma|Dragon Dance|p2a: Necrozma
|-boost|p2a: Necrozma|atk|1
|-boost|p2a: Necrozma|spe|1
|move|p1a: Ho-Oh|Sacred Fire|p2a: Necrozma
|-supereffective|p2a: Necrozma
|-end|p2a: Necrozma|Substitute
|
|upkeep
|turn|24
|
|t:|1646913214
|switch|p2a: Ho-Oh|Ho-Oh|57/100
|-damage|p2a: Ho-Oh|8/100|[from] Stealth Rock
|move|p1a: Ho-Oh|Whirlwind|p2a: Ho-Oh
|drag|p2a: Necrozma|Necrozma-Dusk-Mane|76/100
|-damage|p2a: Necrozma|70/100|[from] Stealth Rock
|
|upkeep
|turn|25
|
|t:|1646913223
|move|p2a: Necrozma|Sunsteel Strike|p1a: Ho-Oh
|-resisted|p1a: Ho-Oh
|-damage|p1a: Ho-Oh|64/100
|move|p1a: Ho-Oh|Sacred Fire|p2a: Necrozma
|-supereffective|p2a: Necrozma
|-damage|p2a: Necrozma|27/100
|-status|p2a: Necrozma|brn
|-enditem|p2a: Necrozma|Weakness Policy
|-boost|p2a: Necrozma|atk|2|[from] item: Weakness Policy
|-boost|p2a: Necrozma|spa|2|[from] item: Weakness Policy
|
|-damage|p2a: Necrozma|21/100 brn|[from] brn
|upkeep
|turn|26
|
|t:|1646913235
|move|p2a: Necrozma|Sunsteel Strike|p1a: Ho-Oh
|-resisted|p1a: Ho-Oh
|-damage|p1a: Ho-Oh|45/100
|move|p1a: Ho-Oh|Whirlwind|p2a: Necrozma
|drag|p2a: Ho-Oh|Ho-Oh|41/100
|-damage|p2a: Ho-Oh|0 fnt|[from] Stealth Rock
|faint|p2a: Ho-Oh
|
|upkeep
|
|t:|1646913238
|switch|p2a: Giratina|Giratina-Origin|58/100
|-damage|p2a: Giratina|45/100|[from] Stealth Rock
|turn|27
|
|t:|1646913246
|switch|p1a: Clefable|Clefable, F|100/100
|move|p2a: Giratina|Defog|p1a: Clefable
|-unboost|p1a: Clefable|evasion|1
|-sideend|p2: Mystimaniaque|Stealth Rock|[from] move: Defog|[of] p2a: Giratina
|
|upkeep
|turn|28
|
|t:|1646913252
|switch|p2a: Xerneas|Xerneas|82/100 par
|-ability|p2a: Xerneas|Fairy Aura
|move|p1a: Clefable|Moonblast|p2a: Xerneas
|-damage|p2a: Xerneas|42/100 par
|
|upkeep
|turn|29
|
|t:|1646913260
|move|p2a: Xerneas|Aromatherapy|p2a: Xerneas
|-activate|p2a: Xerneas|move: Aromatherapy
|-curestatus|p2a: Xerneas|par|[msg]
|-curestatus|p2: Necrozma|brn|[msg]
|move|p1a: Clefable|Stealth Rock|p2a: Xerneas
|-sidestart|p2: Mystimaniaque|move: Stealth Rock
|
|upkeep
|turn|30
|
|t:|1646913269
|switch|p2a: Giratina|Giratina-Origin|45/100
|-damage|p2a: Giratina|33/100|[from] Stealth Rock
|move|p1a: Clefable|Moonblast|p2a: Giratina
|-supereffective|p2a: Giratina
|-damage|p2a: Giratina|0 fnt
|faint|p2a: Giratina
|
|upkeep
|-message|Mystimaniaque forfeited.
|
|win|caionamax
|raw|caionamax's rating: 1496 &rarr; <strong>1514</strong><br />(+18 for winning)
|raw|Mystimaniaque's rating: 1467 &rarr; <strong>1449</strong><br />(-18 for losing)
|l|☆Mystimaniaque
