|raw|<div class="broadcast-blue"><strong>This battle is required to be public due to a player having a name starting with 'ult4pdr'.</div>
|j|☆bald ben
|j|‽ULT4PDR Silk Road
|t:|1654167537
|gametype|singles
|player|p1|bald ben|102|1520
|player|p2|ULT4PDR Silk Road|lass-gen8|1651
|teamsize|p1|6
|teamsize|p2|6
|gen|8
|tier|[Gen 8] Ubers
|rated|
|rule|Sleep Clause Mod: Limit one foe put to sleep
|rule|Species Clause: Limit one of each Pokémon
|rule|OHKO Clause: OHKO moves are banned
|rule|Evasion Moves Clause: Evasion moves are banned
|rule|Endless Battle Clause: Forcing endless battles is banned
|rule|HP Percentage Mod: HP is shown in percentages
|rule|Dynamax Clause: You cannot dynamax
|clearpoke
|poke|p1|Yveltal|
|poke|p1|Xerneas-*|
|poke|p1|Scolipede, F|
|poke|p1|Zamazenta-*|
|poke|p1|Eternatus|
|poke|p1|Calyrex-Shadow|
|poke|p2|Mew|
|poke|p2|Zygarde|
|poke|p2|Yveltal|
|poke|p2|Marshadow|
|poke|p2|Kyogre|
|poke|p2|Necrozma-Dusk-Mane|
|teampreview
|inactive|Battle timer is ON: inactive players will automatically lose when time's up. (requested by bald ben)
|
|t:|1654167544
|start
|switch|p1a: Scolipede|Scolipede, F|100/100
|switch|p2a: Mew|Mew|100/100
|turn|1
|
|t:|1654167546
|move|p1a: Scolipede|Spikes|p2a: Mew
|-sidestart|p2: ULT4PDR Silk Road|Spikes
|move|p2a: Mew|Thunder Wave|p1a: Scolipede
|-status|p1a: Scolipede|par
|
|-ability|p1a: Scolipede|Speed Boost|boost
|-boost|p1a: Scolipede|spe|1
|upkeep
|turn|2
|j| German111 sux
|
|t:|1654167552
|move|p2a: Mew|Taunt|p1a: Scolipede
|-start|p1a: Scolipede|move: Taunt
|cant|p1a: Scolipede|par
|
|-ability|p1a: Scolipede|Speed Boost|boost
|-boost|p1a: Scolipede|spe|1
|upkeep
|turn|3
|
|t:|1654167557
|move|p1a: Scolipede|Rock Tomb|p2a: Mew
|-damage|p2a: Mew|86/100
|-unboost|p2a: Mew|spe|1
|move|p2a: Mew|Spikes|p1a: Scolipede
|-sidestart|p1: bald ben|Spikes
|
|-ability|p1a: Scolipede|Speed Boost|boost
|-boost|p1a: Scolipede|spe|1
|upkeep
|turn|4
|
|t:|1654167561
|switch|p1a: Xerneas|Xerneas|100/100
|-damage|p1a: Xerneas|88/100|[from] Spikes
|-ability|p1a: Xerneas|Fairy Aura
|move|p2a: Mew|Spikes|p1a: Xerneas
|-sidestart|p1: bald ben|Spikes
|
|upkeep
|turn|5
|j| ColonSpaceD@!
|
|t:|1654167566
|move|p1a: Xerneas|Substitute|p1a: Xerneas
|-start|p1a: Xerneas|Substitute
|-damage|p1a: Xerneas|63/100
|move|p2a: Mew|Explosion|p1a: Xerneas
|-end|p1a: Xerneas|Substitute
|faint|p2a: Mew
|
|upkeep
|
|t:|1654167578
|switch|p2a: Kyogre|Kyogre|100/100
|-damage|p2a: Kyogre|88/100|[from] Spikes
|-weather|RainDance|[from] ability: Drizzle|[of] p2a: Kyogre
|turn|6
|
|t:|1654167581
|switch|p1a: Scolipede|Scolipede, F|100/100 par
|-damage|p1a: Scolipede|84/100 par|[from] Spikes
|move|p2a: Kyogre|Water Spout|p1a: Scolipede
|-damage|p1a: Scolipede|0 fnt
|faint|p1a: Scolipede
|
|-weather|RainDance|[upkeep]
|upkeep
|
|t:|1654167588
|switch|p1a: Eternatus|Eternatus|100/100
|-damage|p1a: Eternatus|84/100|[from] Spikes
|-ability|p1a: Eternatus|Pressure
|turn|7
|
|t:|1654167592
|switch|p2a: Necrozma|Necrozma-Dusk-Mane|100/100
|-damage|p2a: Necrozma|88/100|[from] Spikes
|move|p1a: Eternatus|Dynamax Cannon|p2a: Necrozma
|-resisted|p2a: Necrozma
|-damage|p2a: Necrozma|60/100
|
|-weather|RainDance|[upkeep]
|-heal|p2a: Necrozma|66/100|[from] item: Leftovers
|upkeep
|turn|8
|
|t:|1654167602
|switch|p1a: Yveltal|Yveltal|100/100
|-ability|p1a: Yveltal|Dark Aura
|move|p2a: Necrozma|Sunsteel Strike|p1a: Yveltal
|-damage|p1a: Yveltal|43/100
|
|-weather|RainDance|[upkeep]
|-heal|p2a: Necrozma|72/100|[from] item: Leftovers
|upkeep
|turn|9
|
|t:|1654167606
|switch|p2a: Yveltal|Yveltal|100/100
|-ability|p2a: Yveltal|Dark Aura
|move|p1a: Yveltal|Roost|p1a: Yveltal
|-heal|p1a: Yveltal|93/100
|-singleturn|p1a: Yveltal|move: Roost
|
|-weather|RainDance|[upkeep]
|upkeep
|turn|10
|
|t:|1654167611
|switch|p1a: Zamazenta|Zamazenta-Crowned|100/100
|-damage|p1a: Zamazenta|84/100|[from] Spikes
|-ability|p1a: Zamazenta|Dauntless Shield|boost
|-boost|p1a: Zamazenta|def|1
|move|p2a: Yveltal|Oblivion Wing|p1a: Zamazenta
|-damage|p1a: Zamazenta|42/100
|-damage|p2a: Yveltal|91/100|[from] item: Life Orb
|
|-weather|none
|upkeep
|turn|11
|
|t:|1654167616
|switch|p2a: Zygarde|Zygarde|100/100
|-damage|p2a: Zygarde|88/100|[from] Spikes
|move|p1a: Zamazenta|Behemoth Bash|p2a: Zygarde
|-damage|p2a: Zygarde|58/100
|
|-heal|p2a: Zygarde|64/100|[from] item: Leftovers
|upkeep
|turn|12
|
|t:|1654167625
|move|p1a: Zamazenta|Behemoth Bash|p2a: Zygarde
|-damage|p2a: Zygarde|32/100
|move|p2a: Zygarde|Glare|p1a: Zamazenta
|-status|p1a: Zamazenta|par
|
|-heal|p2a: Zygarde|39/100|[from] item: Leftovers
|-activate|p2a: Zygarde|ability: Power Construct
|detailschange|p2a: Zygarde|Zygarde-Complete
|-heal|p2a: Zygarde|60/100|[silent]
|upkeep
|turn|13
|
|t:|1654167629
|move|p2a: Zygarde|Substitute|p2a: Zygarde
|-start|p2a: Zygarde|Substitute
|-damage|p2a: Zygarde|35/100
|cant|p1a: Zamazenta|par
|
|-heal|p2a: Zygarde|41/100|[from] item: Leftovers
|upkeep
|turn|14
|
|t:|1654167634
|switch|p1a: Calyrex|Calyrex-Shadow|100/100
|-ability|p1a: Calyrex|As One
|-ability|p1a: Calyrex|Unnerve
|-damage|p1a: Calyrex|84/100|[from] Spikes
|move|p2a: Zygarde|Coil|p2a: Zygarde
|-boost|p2a: Zygarde|atk|1
|-boost|p2a: Zygarde|def|1
|-boost|p2a: Zygarde|accuracy|1
|
|-heal|p2a: Zygarde|47/100|[from] item: Leftovers
|upkeep
|turn|15
|
|t:|1654167637
|move|p1a: Calyrex|Encore|p2a: Zygarde
|-start|p2a: Zygarde|Encore
|move|p2a: Zygarde|Coil|p2a: Zygarde
|-boost|p2a: Zygarde|atk|1
|-boost|p2a: Zygarde|def|1
|-boost|p2a: Zygarde|accuracy|1
|
|-heal|p2a: Zygarde|53/100|[from] item: Leftovers
|upkeep
|turn|16
|
|t:|1654167648
|switch|p1a: Eternatus|Eternatus|84/100
|-damage|p1a: Eternatus|67/100|[from] Spikes
|-ability|p1a: Eternatus|Pressure
|switch|p2a: Yveltal|Yveltal|91/100
|-ability|p2a: Yveltal|Dark Aura
|
|upkeep
|turn|17
|c| German111 sux|lol no need to switch
|
|t:|1654167676
|move|p1a: Eternatus|Meteor Beam||[still]
|-prepare|p1a: Eternatus|Meteor Beam
|-boost|p1a: Eternatus|spa|1
|-enditem|p1a: Eternatus|Power Herb
|-anim|p1a: Eternatus|Meteor Beam|p2a: Yveltal
|-supereffective|p2a: Yveltal
|-damage|p2a: Yveltal|0 fnt
|faint|p2a: Yveltal
|
|upkeep
|
|t:|1654167681
|switch|p2a: Kyogre|Kyogre|88/100
|-damage|p2a: Kyogre|76/100|[from] Spikes
|-weather|RainDance|[from] ability: Drizzle|[of] p2a: Kyogre
|turn|18
|
|t:|1654167683
|move|p1a: Eternatus|Dynamax Cannon|p2a: Kyogre
|-damage|p2a: Kyogre|10/100
|move|p2a: Kyogre|Ice Beam|p1a: Eternatus
|-supereffective|p1a: Eternatus
|-damage|p1a: Eternatus|0 fnt
|faint|p1a: Eternatus
|
|-weather|RainDance|[upkeep]
|upkeep
|
|t:|1654167689
|switch|p1a: Yveltal|Yveltal|93/100
|-ability|p1a: Yveltal|Dark Aura
|turn|19
|
|t:|1654167693
|move|p1a: Yveltal|Knock Off|p2a: Kyogre
|-damage|p2a: Kyogre|0 fnt
|-enditem|p2a: Kyogre|Choice Specs|[from] move: Knock Off|[of] p1a: Yveltal
|faint|p2a: Kyogre
|
|-weather|RainDance|[upkeep]
|upkeep
|
|t:|1654167696
|switch|p2a: Zygarde|Zygarde-Complete|53/100
|-damage|p2a: Zygarde|41/100|[from] Spikes
|turn|20
|
|t:|1654167699
|move|p1a: Yveltal|Taunt|p2a: Zygarde
|-start|p2a: Zygarde|move: Taunt
|move|p2a: Zygarde|Thousand Arrows|p1a: Yveltal
|-damage|p1a: Yveltal|66/100
|-start|p1a: Yveltal|Smack Down
|
|-weather|RainDance|[upkeep]
|-heal|p2a: Zygarde|47/100|[from] item: Leftovers
|upkeep
|turn|21
|
|t:|1654167702
|move|p1a: Yveltal|Knock Off|p2a: Zygarde
|-damage|p2a: Zygarde|23/100
|-enditem|p2a: Zygarde|Leftovers|[from] move: Knock Off|[of] p1a: Yveltal
|move|p2a: Zygarde|Thousand Arrows|p1a: Yveltal
|-damage|p1a: Yveltal|39/100
|
|-weather|RainDance|[upkeep]
|upkeep
|turn|22
|
|t:|1654167708
|move|p1a: Yveltal|Roost|p1a: Yveltal
|-heal|p1a: Yveltal|89/100
|-singleturn|p1a: Yveltal|move: Roost
|move|p2a: Zygarde|Thousand Arrows|p1a: Yveltal
|-damage|p1a: Yveltal|62/100
|
|-weather|none
|-end|p2a: Zygarde|move: Taunt
|upkeep
|turn|23
|
|t:|1654167713
|switch|p2a: Marshadow|Marshadow|100/100
|-damage|p2a: Marshadow|88/100|[from] Spikes
|move|p1a: Yveltal|Taunt|p2a: Marshadow
|-start|p2a: Marshadow|move: Taunt
|
|upkeep
|turn|24
|
|t:|1654167721
|move|p1a: Yveltal|Sucker Punch|p2a: Marshadow
|-damage|p2a: Marshadow|31/100
|move|p2a: Marshadow|Low Kick|p1a: Yveltal
|-damage|p1a: Yveltal|0 fnt
|faint|p1a: Yveltal
|-damage|p2a: Marshadow|21/100|[from] item: Life Orb
|
|upkeep
|j| ULT9NSfushunwario
|
|t:|1654167727
|switch|p1a: Xerneas|Xerneas|63/100
|-damage|p1a: Xerneas|47/100|[from] Spikes
|-ability|p1a: Xerneas|Fairy Aura
|turn|25
|
|t:|1654167735
|move|p2a: Marshadow|Spectral Thief|p1a: Xerneas
|-damage|p1a: Xerneas|0 fnt
|faint|p1a: Xerneas
|-damage|p2a: Marshadow|11/100|[from] item: Life Orb
|
|-end|p2a: Marshadow|move: Taunt
|upkeep
|-message|bald ben forfeited.
|
|win|ULT4PDR Silk Road
|raw|bald ben's rating: 1520 &rarr; <strong>1507</strong><br />(-13 for losing)
|raw|ULT4PDR Silk Road's rating: 1651 &rarr; <strong>1664</strong><br />(+13 for winning)
|l|☆bald ben
|l|‽ULT4PDR Silk Road
|j| pannuracotta
|l| pannuracotta
|l| ColonSpaceD
|l| ULT9NSfushunwario
|j| ULT9NSfushunwario
|l| ULT9NSfushunwario
|j| skimmythegod
|j| longhiep341
|l| skimmythegod
|l| longhiep341
|l|german111sux
|j| Entrocefalo
|j| basementkey
