|j|☆Black Shadow 666
|j|☆Bunrphenix
|t:|1660329523
|gametype|singles
|player|p1|Black Shadow 666|unknown|1606
|player|p2|Bunrphenix|cynthia|1628
|teamsize|p1|6
|teamsize|p2|6
|gen|8
|tier|[Gen 8] Ubers
|rated|
|rule|Sleep Clause Mod: Limit one foe put to sleep
|rule|Species Clause: Limit one of each Pokémon
|rule|OHKO Clause: OHKO moves are banned
|rule|Evasion Items Clause: Evasion items are banned
|rule|Evasion Moves Clause: Evasion moves are banned
|rule|Endless Battle Clause: Forcing endless battles is banned
|rule|HP Percentage Mod: HP is shown in percentages
|rule|Dynamax Clause: You cannot dynamax
|clearpoke
|poke|p1|Calyrex-Shadow|
|poke|p1|Yveltal|
|poke|p1|Groudon|
|poke|p1|Necrozma-Dusk-Mane|
|poke|p1|Zekrom|
|poke|p1|Ho-Oh|
|poke|p2|Yveltal|
|poke|p2|Zygarde|
|poke|p2|Groudon|
|poke|p2|Necrozma-Dusk-Mane|
|poke|p2|Kyogre|
|poke|p2|Dracovish|
|teampreview
|inactive|Battle timer is ON: inactive players will automatically lose when time's up. (requested by Black Shadow 666)
|inactive|Black Shadow 666 has 120 seconds left.
|inactive|Bunrphenix has 120 seconds left.
|
|t:|1660329567
|start
|switch|p1a: Groudon|Groudon|100/100
|switch|p2a: Kyogre|Kyogre|100/100
|-weather|RainDance|[from] ability: Drizzle|[of] p2a: Kyogre
|-weather|SunnyDay|[from] ability: Drought|[of] p1a: Groudon
|turn|1
|l|☆Bunrphenix
|inactive|Bunrphenix disconnected and has a minute to reconnect!
|player|p2|
|inactive|Bunrphenix has 30 seconds to reconnect!
|inactive|Bunrphenix has 20 seconds to reconnect!
|inactive|Bunrphenix has 15 seconds to reconnect!
|inactive|Bunrphenix has 10 seconds to reconnect!
|j|☆Bunrphenix
|inactive|Bunrphenix reconnected and has 95 seconds left.
|player|p2|Bunrphenix|cynthia
|inactive|Bunrphenix has 90 seconds left.
|
|t:|1660329629
|move|p2a: Kyogre|Water Spout|p1a: Groudon
|-supereffective|p1a: Groudon
|-damage|p1a: Groudon|21/100
|move|p1a: Groudon|Stealth Rock|p2a: Kyogre
|-sidestart|p2: Bunrphenix|move: Stealth Rock
|
|-weather|SunnyDay|[upkeep]
|-heal|p1a: Groudon|27/100|[from] item: Leftovers
|upkeep
|turn|2
|
|t:|1660329633
|switch|p1a: Zekrom|Zekrom, shiny|100/100
|-ability|p1a: Zekrom|Teravolt
|move|p2a: Kyogre|Water Spout|p1a: Zekrom
|-resisted|p1a: Zekrom
|-damage|p1a: Zekrom|79/100
|
|-weather|SunnyDay|[upkeep]
|upkeep
|turn|3
|inactive|Black Shadow 666 has 120 seconds left.
|
|t:|1660329673
|switch|p2a: Groudon|Groudon|100/100
|-damage|p2a: Groudon|94/100|[from] Stealth Rock
|switch|p1a: Ho-Oh|Ho-Oh|100/100
|
|-weather|SunnyDay|[upkeep]
|-heal|p2a: Groudon|100/100|[from] item: Leftovers
|upkeep
|turn|4
|inactive|Bunrphenix has 90 seconds left.
|
|t:|1660329695
|move|p2a: Groudon|Stone Edge|p1a: Ho-Oh
|-supereffective|p1a: Ho-Oh
|-damage|p1a: Ho-Oh|0 fnt
|faint|p1a: Ho-Oh
|
|-weather|SunnyDay|[upkeep]
|upkeep
|
|t:|1660329701
|switch|p1a: Yveltal|Yveltal|100/100
|-ability|p1a: Yveltal|Dark Aura
|turn|5
|
|t:|1660329714
|switch|p2a: Yveltal|Yveltal|100/100
|-ability|p2a: Yveltal|Dark Aura
|move|p1a: Yveltal|Dark Pulse|p2a: Yveltal
|-resisted|p2a: Yveltal
|-damage|p2a: Yveltal|71/100
|-damage|p1a: Yveltal|91/100|[from] item: Life Orb
|
|-weather|none
|upkeep
|turn|6
|
|t:|1660329717
|move|p2a: Yveltal|Defog|p1a: Yveltal
|-unboost|p1a: Yveltal|evasion|1
|-sideend|p2: Bunrphenix|Stealth Rock|[from] move: Defog|[of] p2a: Yveltal
|move|p1a: Yveltal|Oblivion Wing|p2a: Yveltal
|-damage|p2a: Yveltal|30/100
|-heal|p1a: Yveltal|100/100|[from] drain|[of] p2a: Yveltal
|-damage|p1a: Yveltal|91/100|[from] item: Life Orb
|
|upkeep
|turn|7
|
|t:|1660329720
|move|p2a: Yveltal|Roost|p2a: Yveltal
|-heal|p2a: Yveltal|80/100
|-singleturn|p2a: Yveltal|move: Roost
|move|p1a: Yveltal|Focus Blast|p2a: Yveltal
|-supereffective|p2a: Yveltal
|-damage|p2a: Yveltal|0 fnt
|faint|p2a: Yveltal
|-damage|p1a: Yveltal|81/100|[from] item: Life Orb
|
|upkeep
|
|t:|1660329725
|switch|p2a: Kyogre|Kyogre|100/100
|-weather|RainDance|[from] ability: Drizzle|[of] p2a: Kyogre
|turn|8
|
|t:|1660329728
|switch|p1a: Groudon|Groudon|27/100
|-weather|SunnyDay|[from] ability: Drought|[of] p1a: Groudon
|move|p2a: Kyogre|Water Spout|p1a: Groudon
|-supereffective|p1a: Groudon
|-damage|p1a: Groudon|0 fnt
|faint|p1a: Groudon
|
|-weather|SunnyDay|[upkeep]
|upkeep
|inactive|Black Shadow 666 has 120 seconds left.
|inactive|Black Shadow 666 has 90 seconds left.
|
|t:|1660329791
|switch|p1a: Calyrex|Calyrex-Shadow|100/100
|-ability|p1a: Calyrex|As One
|-ability|p1a: Calyrex|Unnerve
|turn|9
|
|t:|1660329795
|move|p2a: Kyogre|Water Spout|p1a: Calyrex
|-damage|p1a: Calyrex|57/100
|move|p1a: Calyrex|Nasty Plot|p1a: Calyrex
|-boost|p1a: Calyrex|spa|2
|
|-weather|SunnyDay|[upkeep]
|upkeep
|turn|10
|
|t:|1660329807
|switch|p2a: Necrozma|Necrozma-Dusk-Mane|100/100
|move|p1a: Calyrex|Psyshock|p2a: Necrozma
|-resisted|p2a: Necrozma
|-damage|p2a: Necrozma|83/100
|
|-weather|SunnyDay|[upkeep]
|-heal|p2a: Necrozma|89/100|[from] item: Leftovers
|upkeep
|turn|11
|l|☆Bunrphenix
|inactive|Bunrphenix disconnected and has a minute to reconnect!
|player|p2|
|inactive|Bunrphenix has 30 seconds to reconnect!
|inactive|Bunrphenix has 20 seconds to reconnect!
|inactive|Bunrphenix has 15 seconds to reconnect!
|inactive|Bunrphenix has 10 seconds to reconnect!
|inactive|Bunrphenix has 5 seconds to reconnect!
|j|☆Bunrphenix
|inactive|Bunrphenix reconnected and has 75 seconds left.
|player|p2|Bunrphenix|hilda-wonderlauncher
|
|t:|1660329889
|move|p1a: Calyrex|Astral Barrage|p2a: Necrozma
|-supereffective|p2a: Necrozma
|-crit|p2a: Necrozma
|-damage|p2a: Necrozma|0 fnt
|faint|p2a: Necrozma
|-ability|p1a: Calyrex|Grim Neigh|boost
|-boost|p1a: Calyrex|spa|1
|
|-weather|SunnyDay|[upkeep]
|upkeep
|
|t:|1660329892
|switch|p2a: Kyogre|Kyogre|100/100
|-weather|RainDance|[from] ability: Drizzle|[of] p2a: Kyogre
|turn|12
|inactive|Black Shadow 666 has 120 seconds left.
|
|t:|1660329900
|switch|p1a: Necrozma|Necrozma-Dusk-Mane|100/100
|move|p2a: Kyogre|Water Spout|p1a: Necrozma
|-damage|p1a: Necrozma|25/100
|
|-weather|RainDance|[upkeep]
|-heal|p1a: Necrozma|31/100|[from] item: Leftovers
|upkeep
|turn|13
|inactive|Bunrphenix has 90 seconds left.
|
|t:|1660329920
|move|p2a: Kyogre|Water Spout|p1a: Necrozma
|-damage|p1a: Necrozma|0 fnt
|faint|p1a: Necrozma
|
|-weather|RainDance|[upkeep]
|upkeep
|inactive|Black Shadow 666 has 120 seconds left.
|
|t:|1660329958
|switch|p1a: Zekrom|Zekrom, shiny|79/100
|-ability|p1a: Zekrom|Teravolt
|turn|14
|
|t:|1660329962
|switch|p2a: Groudon|Groudon|100/100
|-weather|SunnyDay|[from] ability: Drought|[of] p2a: Groudon
|switch|p1a: Calyrex|Calyrex-Shadow|57/100
|-ability|p1a: Calyrex|As One
|-ability|p1a: Calyrex|Unnerve
|
|-weather|SunnyDay|[upkeep]
|upkeep
|turn|15
|inactive|Bunrphenix has 90 seconds left.
|
|t:|1660329978
|switch|p2a: Dracovish|Dracovish|100/100
|move|p1a: Calyrex|Astral Barrage|p2a: Dracovish
|-damage|p2a: Dracovish|9/100
|
|-weather|SunnyDay|[upkeep]
|upkeep
|turn|16
|
|t:|1660329985
|move|p1a: Calyrex|Draining Kiss|p2a: Dracovish
|-supereffective|p2a: Dracovish
|-damage|p2a: Dracovish|0 fnt
|-heal|p1a: Calyrex|63/100|[from] drain|[of] p2a: Dracovish
|faint|p2a: Dracovish
|-ability|p1a: Calyrex|Grim Neigh|boost
|-boost|p1a: Calyrex|spa|1
|
|-weather|SunnyDay|[upkeep]
|upkeep
|
|t:|1660329988
|switch|p2a: Kyogre|Kyogre|100/100
|-weather|RainDance|[from] ability: Drizzle|[of] p2a: Kyogre
|turn|17
|j| notaking777
|
|t:|1660329996
|switch|p1a: Zekrom|Zekrom, shiny|79/100
|-ability|p1a: Zekrom|Teravolt
|move|p2a: Kyogre|Water Spout|p1a: Zekrom
|-resisted|p1a: Zekrom
|-damage|p1a: Zekrom|15/100
|
|-weather|RainDance|[upkeep]
|upkeep
|turn|18
|inactive|Bunrphenix has 120 seconds left.
|inactive|Black Shadow 666 has 120 seconds left.
|
|t:|1660330033
|switch|p2a: Groudon|Groudon|100/100
|-weather|SunnyDay|[from] ability: Drought|[of] p2a: Groudon
|switch|p1a: Calyrex|Calyrex-Shadow|63/100
|-ability|p1a: Calyrex|As One
|-ability|p1a: Calyrex|Unnerve
|
|-weather|SunnyDay|[upkeep]
|upkeep
|turn|19
|
|t:|1660330049
|move|p1a: Calyrex|Astral Barrage|p2a: Groudon
|-damage|p2a: Groudon|30/100
|move|p2a: Groudon|Precipice Blades|p1a: Calyrex
|-damage|p1a: Calyrex|0 fnt
|faint|p1a: Calyrex
|
|-weather|SunnyDay|[upkeep]
|-heal|p2a: Groudon|36/100|[from] item: Leftovers
|upkeep
|l| notaking777
|inactive|Black Shadow 666 has 120 seconds left.
|
|t:|1660330070
|switch|p1a: Yveltal|Yveltal|81/100
|-ability|p1a: Yveltal|Dark Aura
|turn|20
|inactive|Black Shadow 666 has 120 seconds left.
|
|t:|1660330086
|move|p1a: Yveltal|Sucker Punch||[still]
|-fail|p1a: Yveltal
|move|p2a: Groudon|Thunder Wave|p1a: Yveltal
|-status|p1a: Yveltal|par
|
|-weather|SunnyDay|[upkeep]
|-heal|p2a: Groudon|42/100|[from] item: Leftovers
|upkeep
|turn|21
|
|t:|1660330100
|cant|p1a: Yveltal|par
|move|p2a: Groudon|Stone Edge|p1a: Yveltal|[miss]
|-miss|p2a: Groudon|p1a: Yveltal
|
|-weather|SunnyDay|[upkeep]
|-heal|p2a: Groudon|49/100|[from] item: Leftovers
|upkeep
|turn|22
|inactive|Black Shadow 666 has 120 seconds left.
|
|t:|1660330123
|move|p2a: Groudon|Stone Edge|p1a: Yveltal
|-supereffective|p1a: Yveltal
|-damage|p1a: Yveltal|9/100 par
|cant|p1a: Yveltal|par
|
|-weather|none
|-heal|p2a: Groudon|55/100|[from] item: Leftovers
|upkeep
|turn|23
|
|t:|1660330133
|move|p1a: Yveltal|Sucker Punch|p2a: Groudon
|-damage|p2a: Groudon|22/100
|-damage|p1a: Yveltal|0 fnt|[from] item: Life Orb
|faint|p1a: Yveltal
|move|p2a: Groudon|Stone Edge|p1: Yveltal|[notarget]
|-fail|p2a: Groudon
|
|-heal|p2a: Groudon|29/100|[from] item: Leftovers
|upkeep
|
|t:|1660330137
|switch|p1a: Zekrom|Zekrom, shiny|15/100
|-ability|p1a: Zekrom|Teravolt
|turn|24
|
|t:|1660330145
|move|p1a: Zekrom|Dragon Dance|p1a: Zekrom
|-boost|p1a: Zekrom|atk|1
|-boost|p1a: Zekrom|spe|1
|move|p2a: Groudon|Precipice Blades|p1a: Zekrom|[miss]
|-miss|p2a: Groudon|p1a: Zekrom
|
|-heal|p2a: Groudon|35/100|[from] item: Leftovers
|upkeep
|turn|25
|
|t:|1660330152
|move|p1a: Zekrom|Dragon Claw|p2a: Groudon
|-damage|p2a: Groudon|0 fnt
|faint|p2a: Groudon
|
|upkeep
|
|t:|1660330157
|switch|p2a: Kyogre|Kyogre|100/100
|-weather|RainDance|[from] ability: Drizzle|[of] p2a: Kyogre
|turn|26
|
|t:|1660330159
|move|p2a: Kyogre|Ice Beam|p1a: Zekrom
|-supereffective|p1a: Zekrom
|-damage|p1a: Zekrom|0 fnt
|faint|p1a: Zekrom
|
|win|Bunrphenix
|raw|Black Shadow 666's rating: 1606 &rarr; <strong>1588</strong><br />(-18 for losing)
|raw|Bunrphenix's rating: 1645 &rarr; <strong>1663</strong><br />(+18 for winning)
|c|☆Black Shadow 666|max luck
|c|☆Black Shadow 666|nice
|c|☆Bunrphenix|Gg
