|j|☆4125al41
|j|☆Eledyr
|t:|1651093479
|gametype|singles
|player|p1|4125al41|steven|
|player|p2|Eledyr|lucas|
|teamsize|p1|6
|teamsize|p2|6
|gen|8
|tier|[Gen 8] Ubers
|rated|Tournament battle
|rule|Sleep Clause Mod: Limit one foe put to sleep
|rule|Species Clause: Limit one of each Pokémon
|rule|OHKO Clause: OHKO moves are banned
|rule|Evasion Moves Clause: Evasion moves are banned
|rule|Endless Battle Clause: Forcing endless battles is banned
|rule|HP Percentage Mod: HP is shown in percentages
|rule|Dynamax Clause: You cannot dynamax
|clearpoke
|poke|p1|Marshadow|
|poke|p1|Eternatus|
|poke|p1|Calyrex-Shadow|
|poke|p1|Ho-Oh|
|poke|p1|Groudon|
|poke|p1|Xerneas-*|
|poke|p2|Necrozma-Dusk-Mane|
|poke|p2|Yveltal|
|poke|p2|Eternatus|
|poke|p2|Calyrex-Shadow|
|poke|p2|Pheromosa|
|poke|p2|Kyogre|
|teampreview
|j| angrynote
|c|☆Eledyr|hf
|
|t:|1651093485
|start
|switch|p1a: Xerneas|Xerneas|100/100
|switch|p2a: Pheromosa|Pheromosa|100/100
|-ability|p1a: Xerneas|Fairy Aura
|turn|1
|c|☆4125al41|gl
|j| xLily
|
|t:|1651093492
|move|p1a: Xerneas|Play Rough|p2a: Pheromosa
|-supereffective|p2a: Pheromosa
|-damage|p2a: Pheromosa|0 fnt
|faint|p2a: Pheromosa
|
|upkeep
|c| xLily|nice
|c| xLily|scarf
|
|t:|1651093497
|switch|p2a: Necrozma|Necrozma-Dusk-Mane|100/100
|turn|2
|j| ILoveMashing❤
|c| xLily|xerneas
|
|t:|1651093505
|switch|p1a: Groudon|Groudon|100/100
|-weather|SunnyDay|[from] ability: Drought|[of] p1a: Groudon
|switch|p2a: Kyogre|Kyogre|100/100
|-weather|RainDance|[from] ability: Drizzle|[of] p2a: Kyogre
|
|-weather|RainDance|[upkeep]
|upkeep
|turn|3
|
|t:|1651093513
|switch|p1a: Ho-Oh|Ho-Oh|100/100
|move|p2a: Kyogre|Scald|p1a: Ho-Oh
|-supereffective|p1a: Ho-Oh
|-damage|p1a: Ho-Oh|41/100
|
|-weather|RainDance|[upkeep]
|upkeep
|turn|4
|
|t:|1651093523
|switch|p1a: Groudon|Groudon|100/100
|-weather|SunnyDay|[from] ability: Drought|[of] p1a: Groudon
|move|p2a: Kyogre|Scald|p1a: Groudon
|-supereffective|p1a: Groudon
|-damage|p1a: Groudon|66/100
|
|-weather|SunnyDay|[upkeep]
|-heal|p1a: Groudon|72/100|[from] item: Leftovers
|upkeep
|turn|5
|
|t:|1651093528
|switch|p2a: Yveltal|Yveltal|100/100
|-ability|p2a: Yveltal|Dark Aura
|switch|p1a: Eternatus|Eternatus|100/100
|-ability|p1a: Eternatus|Pressure
|
|-weather|SunnyDay|[upkeep]
|upkeep
|turn|6
|
|t:|1651093539
|switch|p2a: Necrozma|Necrozma-Dusk-Mane|100/100
|move|p1a: Eternatus|Meteor Beam||[still]
|-prepare|p1a: Eternatus|Meteor Beam
|-boost|p1a: Eternatus|spa|1
|-enditem|p1a: Eternatus|Power Herb
|-anim|p1a: Eternatus|Meteor Beam|p2a: Necrozma|[miss]
|-miss|p1a: Eternatus|p2a: Necrozma
|
|-weather|SunnyDay|[upkeep]
|upkeep
|turn|7
|
|t:|1651093548
|switch|p2a: Kyogre|Kyogre|100/100
|-weather|RainDance|[from] ability: Drizzle|[of] p2a: Kyogre
|move|p1a: Eternatus|Flamethrower|p2a: Kyogre
|-resisted|p2a: Kyogre
|-damage|p2a: Kyogre|92/100
|-status|p2a: Kyogre|brn
|
|-weather|RainDance|[upkeep]
|-damage|p2a: Kyogre|86/100 brn|[from] brn
|upkeep
|turn|8
|
|t:|1651093551
|switch|p2a: Necrozma|Necrozma-Dusk-Mane|100/100
|move|p1a: Eternatus|Dynamax Cannon|p2a: Necrozma
|-resisted|p2a: Necrozma
|-damage|p2a: Necrozma|73/100
|
|-weather|RainDance|[upkeep]
|-heal|p2a: Necrozma|79/100|[from] item: Leftovers
|upkeep
|turn|9
|
|t:|1651093555
|switch|p1a: Groudon|Groudon|72/100
|-weather|SunnyDay|[from] ability: Drought|[of] p1a: Groudon
|move|p2a: Necrozma|Thunder Wave|p1a: Groudon
|-immune|p1a: Groudon
|
|-weather|SunnyDay|[upkeep]
|-heal|p1a: Groudon|78/100|[from] item: Leftovers
|-heal|p2a: Necrozma|85/100|[from] item: Leftovers
|upkeep
|turn|10
|
|t:|1651093559
|switch|p2a: Yveltal|Yveltal|100/100
|-ability|p2a: Yveltal|Dark Aura
|move|p1a: Groudon|Thunder Wave|p2a: Yveltal
|-status|p2a: Yveltal|par
|
|-weather|SunnyDay|[upkeep]
|-heal|p1a: Groudon|84/100|[from] item: Leftovers
|upkeep
|turn|11
|
|t:|1651093566
|switch|p1a: Ho-Oh|Ho-Oh|74/100
|move|p2a: Yveltal|Knock Off|p1a: Ho-Oh
|-damage|p1a: Ho-Oh|30/100
|-enditem|p1a: Ho-Oh|Heavy-Duty Boots|[from] move: Knock Off|[of] p2a: Yveltal
|
|-weather|SunnyDay|[upkeep]
|upkeep
|turn|12
|
|t:|1651093576
|switch|p1a: Eternatus|Eternatus|100/100
|-ability|p1a: Eternatus|Pressure
|switch|p2a: Eternatus|Eternatus|100/100
|-ability|p2a: Eternatus|Pressure
|
|-weather|SunnyDay|[upkeep]
|upkeep
|turn|13
|
|t:|1651093579
|move|p1a: Eternatus|Dynamax Cannon|p2a: Eternatus
|-supereffective|p2a: Eternatus
|-damage|p2a: Eternatus|16/100
|move|p2a: Eternatus|Draco Meteor|p1a: Eternatus
|-supereffective|p1a: Eternatus
|-damage|p1a: Eternatus|0 fnt
|-unboost|p2a: Eternatus|spa|2
|-enditem|p2a: Eternatus|Eject Pack
|faint|p1a: Eternatus
|
|t:|1651093591
|switch|p2a: Yveltal|Yveltal|100/100 par
|-ability|p2a: Yveltal|Dark Aura
|
|-weather|none
|upkeep
|
|t:|1651093602
|switch|p1a: Groudon|Groudon|84/100
|-weather|SunnyDay|[from] ability: Drought|[of] p1a: Groudon
|turn|14
|
|t:|1651093609
|move|p1a: Groudon|Stealth Rock|p2a: Yveltal
|-sidestart|p2: Eledyr|move: Stealth Rock
|move|p2a: Yveltal|Knock Off|p1a: Groudon
|-damage|p1a: Groudon|57/100
|-enditem|p1a: Groudon|Leftovers|[from] move: Knock Off|[of] p2a: Yveltal
|
|-weather|SunnyDay|[upkeep]
|upkeep
|turn|15
|
|t:|1651093637
|move|p1a: Groudon|Stone Edge|p2a: Yveltal
|-supereffective|p2a: Yveltal
|-crit|p2a: Yveltal
|-damage|p2a: Yveltal|13/100 par
|move|p2a: Yveltal|U-turn|p1a: Groudon
|-damage|p1a: Groudon|47/100
|
|t:|1651093642
|switch|p2a: Kyogre|Kyogre|86/100 brn|[from]move: U-turn
|-damage|p2a: Kyogre|74/100 brn|[from] Stealth Rock
|-weather|RainDance|[from] ability: Drizzle|[of] p2a: Kyogre
|
|-weather|RainDance|[upkeep]
|-damage|p2a: Kyogre|68/100 brn|[from] brn
|upkeep
|turn|16
|
|t:|1651093646
|move|p2a: Kyogre|Scald|p1a: Groudon
|-supereffective|p1a: Groudon
|-damage|p1a: Groudon|0 fnt
|faint|p1a: Groudon
|
|-weather|RainDance|[upkeep]
|-damage|p2a: Kyogre|62/100 brn|[from] brn
|upkeep
|
|t:|1651093650
|switch|p1a: Calyrex|Calyrex-Shadow|100/100
|-ability|p1a: Calyrex|As One
|-ability|p1a: Calyrex|Unnerve
|turn|17
|
|t:|1651093661
|switch|p2a: Eternatus|Eternatus|16/100
|-damage|p2a: Eternatus|4/100|[from] Stealth Rock
|-ability|p2a: Eternatus|Pressure
|move|p1a: Calyrex|Astral Barrage|p2a: Eternatus
|-damage|p2a: Eternatus|0 fnt
|faint|p2a: Eternatus
|-ability|p1a: Calyrex|Grim Neigh|boost
|-boost|p1a: Calyrex|spa|1
|
|-weather|RainDance|[upkeep]
|upkeep
|
|t:|1651093663
|switch|p2a: Calyrex|Calyrex-Shadow|100/100
|-ability|p2a: Calyrex|As One
|-ability|p2a: Calyrex|Unnerve
|-damage|p2a: Calyrex|88/100|[from] Stealth Rock
|turn|18
|
|t:|1651093679
|switch|p1a: Ho-Oh|Ho-Oh|64/100
|move|p2a: Calyrex|Astral Barrage|p1a: Ho-Oh
|-damage|p1a: Ho-Oh|25/100
|
|-weather|RainDance|[upkeep]
|upkeep
|turn|19
|
|t:|1651093688
|switch|p1a: Xerneas|Xerneas|100/100
|-ability|p1a: Xerneas|Fairy Aura
|move|p2a: Calyrex|Astral Barrage|p1a: Xerneas
|-damage|p1a: Xerneas|36/100
|
|-weather|none
|upkeep
|turn|20
|
|t:|1651093691
|move|p2a: Calyrex|Astral Barrage|p1a: Xerneas
|-damage|p1a: Xerneas|0 fnt
|faint|p1a: Xerneas
|-ability|p2a: Calyrex|Grim Neigh|boost
|-boost|p2a: Calyrex|spa|1
|
|upkeep
|
|t:|1651093694
|switch|p1a: tensa-zangetsu|Marshadow|100/100
|turn|21
|
|t:|1651093696
|switch|p2a: Yveltal|Yveltal|13/100 par
|-ability|p2a: Yveltal|Dark Aura
|move|p1a: tensa-zangetsu|Shadow Sneak|p2a: Yveltal
|-resisted|p2a: Yveltal
|-damage|p2a: Yveltal|1/100 par
|
|upkeep
|turn|22
|
|t:|1651093701
|move|p1a: tensa-zangetsu|Shadow Sneak|p2a: Yveltal
|-resisted|p2a: Yveltal
|-damage|p2a: Yveltal|0 fnt
|faint|p2a: Yveltal
|
|upkeep
|
|t:|1651093702
|switch|p2a: Kyogre|Kyogre|62/100 brn
|-damage|p2a: Kyogre|50/100 brn|[from] Stealth Rock
|-weather|RainDance|[from] ability: Drizzle|[of] p2a: Kyogre
|turn|23
|
|t:|1651093708
|switch|p1a: Calyrex|Calyrex-Shadow|100/100
|-ability|p1a: Calyrex|As One
|-ability|p1a: Calyrex|Unnerve
|move|p2a: Kyogre|Scald|p1a: Calyrex
|-damage|p1a: Calyrex|42/100
|
|-weather|RainDance|[upkeep]
|-damage|p2a: Kyogre|44/100 brn|[from] brn
|upkeep
|turn|24
|
|t:|1651093713
|switch|p2a: Necrozma|Necrozma-Dusk-Mane|85/100
|-damage|p2a: Necrozma|79/100|[from] Stealth Rock
|move|p1a: Calyrex|Astral Barrage|p2a: Necrozma
|-supereffective|p2a: Necrozma
|-damage|p2a: Necrozma|0 fnt
|faint|p2a: Necrozma
|-ability|p1a: Calyrex|Grim Neigh|boost
|-boost|p1a: Calyrex|spa|1
|
|-weather|RainDance|[upkeep]
|upkeep
|
|t:|1651093715
|switch|p2a: Calyrex|Calyrex-Shadow|88/100
|-ability|p2a: Calyrex|As One
|-ability|p2a: Calyrex|Unnerve
|-damage|p2a: Calyrex|76/100|[from] Stealth Rock
|turn|25
|
|t:|1651093721
|switch|p1a: Ho-Oh|Ho-Oh|58/100
|move|p2a: Calyrex|Astral Barrage|p1a: Ho-Oh
|-damage|p1a: Ho-Oh|18/100
|
|-weather|RainDance|[upkeep]
|upkeep
|turn|26
|
|t:|1651093725
|move|p2a: Calyrex|Astral Barrage|p1a: Ho-Oh
|-damage|p1a: Ho-Oh|0 fnt
|faint|p1a: Ho-Oh
|-ability|p2a: Calyrex|Grim Neigh|boost
|-boost|p2a: Calyrex|spa|1
|
|-weather|RainDance|[upkeep]
|upkeep
|
|t:|1651093727
|switch|p1a: tensa-zangetsu|Marshadow|100/100
|turn|27
|
|t:|1651093740
|move|p1a: tensa-zangetsu|Shadow Sneak|p2a: Calyrex
|-supereffective|p2a: Calyrex
|-damage|p2a: Calyrex|0 fnt
|faint|p2a: Calyrex
|
|-weather|none
|upkeep
|
|t:|1651093741
|switch|p2a: Kyogre|Kyogre|44/100 brn
|-damage|p2a: Kyogre|31/100 brn|[from] Stealth Rock
|-weather|RainDance|[from] ability: Drizzle|[of] p2a: Kyogre
|turn|28
|
|t:|1651093755
|move|p1a: tensa-zangetsu|Close Combat|p2a: Kyogre
|-damage|p2a: Kyogre|0 fnt
|-unboost|p1a: tensa-zangetsu|def|1
|-unboost|p1a: tensa-zangetsu|spd|1
|faint|p2a: Kyogre
|
|win|4125al41
|n|☆4125al41|4125al41
|n|☆Eledyr|eledyr
|n| angrynote|angrynote
|n| xLily|xlily
|n| ILoveMashing❤|ilovemashing
