|j|☆Capri~#song
|j|☆Gali L'Alligator
|t:|1664222673
|gametype|singles
|player|p1|Capri~#song|melli|1503
|player|p2|Gali L'Alligator|blaine|1804
|teamsize|p1|6
|teamsize|p2|6
|gen|8
|tier|[Gen 8] Ubers
|rated|
|rule|Sleep Clause Mod: Limit one foe put to sleep
|rule|Species Clause: Limit one of each Pokémon
|rule|OHKO Clause: OHKO moves are banned
|rule|Evasion Items Clause: Evasion items are banned
|rule|Evasion Moves Clause: Evasion moves are banned
|rule|Endless Battle Clause: Forcing endless battles is banned
|rule|HP Percentage Mod: HP is shown in percentages
|rule|Dynamax Clause: You cannot dynamax
|clearpoke
|poke|p1|Toxapex, F|
|poke|p1|Ho-Oh|
|poke|p1|Tyranitar, M|
|poke|p1|Blissey, F|
|poke|p1|Ferrothorn, F|
|poke|p1|Lunala|
|poke|p2|Necrozma-Dusk-Mane|
|poke|p2|Landorus-Therian, M|
|poke|p2|Eternatus|
|poke|p2|Calyrex-Shadow|
|poke|p2|Yveltal|
|poke|p2|Darmanitan-Galar, F|
|teampreview
|inactive|Battle timer is ON: inactive players will automatically lose when time's up. (requested by Capri~#song)
|c|☆Capri~#song|wtf matchmaking
|inactive|Gali L'Alligator has 120 seconds left.
|c|☆Gali L'Alligator|I'm bad and lucku
|c|☆Gali L'Alligator|lucky
|inactive|Gali L'Alligator has 90 seconds left.
|
|t:|1664222752
|start
|switch|p1a: Toxapex|Toxapex, F|100/100
|switch|p2a: Eternatus|Eternatus|100/100
|-ability|p2a: Eternatus|Pressure
|-item|p1a: Toxapex|Air Balloon
|turn|1
|
|t:|1664222765
|move|p2a: Eternatus|Dynamax Cannon|p1a: Toxapex
|-damage|p1a: Toxapex|58/100
|-enditem|p1a: Toxapex|Air Balloon
|move|p1a: Toxapex|Knock Off|p2a: Eternatus
|-damage|p2a: Eternatus|90/100
|-enditem|p2a: Eternatus|Sitrus Berry|[from] move: Knock Off|[of] p1a: Toxapex
|
|upkeep
|turn|2
|
|t:|1664222773
|switch|p2a: Landorus|Landorus-Therian, M|100/100
|-ability|p2a: Landorus|Intimidate|boost
|-unboost|p1a: Toxapex|atk|1
|move|p1a: Toxapex|Recover|p1a: Toxapex
|-heal|p1a: Toxapex|100/100
|
|upkeep
|turn|3
|
|t:|1664222782
|switch|p1a: Ferrothorn|Ferrothorn, F|100/100
|move|p2a: Landorus|Earthquake|p1a: Ferrothorn
|-damage|p1a: Ferrothorn|72/100
|
|-heal|p1a: Ferrothorn|79/100|[from] item: Leftovers
|upkeep
|turn|4
|j| HonchkrowLover27
|
|t:|1664222788
|move|p2a: Landorus|Stealth Rock|p1a: Ferrothorn
|-sidestart|p1: Capri~#song|move: Stealth Rock
|move|p1a: Ferrothorn|Leech Seed|p2a: Landorus
|-start|p2a: Landorus|move: Leech Seed
|
|-heal|p1a: Ferrothorn|85/100|[from] item: Leftovers
|-damage|p2a: Landorus|88/100|[from] Leech Seed|[of] p1a: Ferrothorn
|-heal|p1a: Ferrothorn|98/100|[silent]
|upkeep
|turn|5
|
|t:|1664222797
|switch|p2a: Eternatus|Eternatus|90/100
|-ability|p2a: Eternatus|Pressure
|move|p1a: Ferrothorn|Spikes|p2a: Eternatus
|-sidestart|p2: Gali L'Alligator|Spikes
|
|-heal|p1a: Ferrothorn|100/100|[from] item: Leftovers
|upkeep
|turn|6
|
|t:|1664222822
|switch|p2a: Calyrex|Calyrex-Shadow|100/100
|-ability|p2a: Calyrex|As One
|-ability|p2a: Calyrex|Unnerve
|-damage|p2a: Calyrex|88/100|[from] Spikes
|switch|p1a: Tyranitar|Tyranitar, M|100/100
|-damage|p1a: Tyranitar|88/100|[from] Stealth Rock
|-weather|Sandstorm|[from] ability: Sand Stream|[of] p1a: Tyranitar
|
|-weather|Sandstorm|[upkeep]
|-damage|p2a: Calyrex|82/100|[from] Sandstorm
|-heal|p1a: Tyranitar|94/100|[from] item: Leftovers
|upkeep
|turn|7
|
|t:|1664222828
|switch|p2a: Landorus|Landorus-Therian, M|88/100
|-ability|p2a: Landorus|Intimidate|boost
|-unboost|p1a: Tyranitar|atk|1
|move|p1a: Tyranitar|Stealth Rock|p2a: Landorus
|-sidestart|p2: Gali L'Alligator|move: Stealth Rock
|
|-weather|Sandstorm|[upkeep]
|-heal|p2a: Landorus|94/100|[from] item: Leftovers
|-heal|p1a: Tyranitar|100/100|[from] item: Leftovers
|upkeep
|turn|8
|
|t:|1664222834
|switch|p1a: Ferrothorn|Ferrothorn, F|100/100
|-damage|p1a: Ferrothorn|94/100|[from] Stealth Rock
|move|p2a: Landorus|Toxic|p1a: Ferrothorn
|-immune|p1a: Ferrothorn
|
|-weather|Sandstorm|[upkeep]
|-heal|p2a: Landorus|99/100|[from] item: Leftovers
|-heal|p1a: Ferrothorn|100/100|[from] item: Leftovers
|upkeep
|turn|9
|inactive|Gali L'Alligator has 120 seconds left.
|
|t:|1664222892
|move|p2a: Landorus|Earthquake|p1a: Ferrothorn
|-damage|p1a: Ferrothorn|74/100
|move|p1a: Ferrothorn|Spikes|p2a: Landorus
|-sidestart|p2: Gali L'Alligator|Spikes
|
|-weather|Sandstorm|[upkeep]
|-heal|p2a: Landorus|100/100|[from] item: Leftovers
|-heal|p1a: Ferrothorn|80/100|[from] item: Leftovers
|upkeep
|turn|10
|
|t:|1664222901
|move|p2a: Landorus|U-turn|p1a: Ferrothorn
|-damage|p1a: Ferrothorn|68/100
|-damage|p2a: Landorus|88/100|[from] ability: Iron Barbs|[of] p1a: Ferrothorn
|
|t:|1664222905
|switch|p2a: Yveltal|Yveltal|100/100|[from]move: U-turn
|-ability|p2a: Yveltal|Dark Aura
|move|p1a: Ferrothorn|Leech Seed|p2a: Yveltal|[miss]
|-miss|p1a: Ferrothorn|p2a: Yveltal
|
|-weather|none
|-heal|p1a: Ferrothorn|74/100|[from] item: Leftovers
|upkeep
|turn|11
|
|t:|1664222911
|switch|p1a: Ho-Oh|Ho-Oh|100/100
|move|p2a: Yveltal|Knock Off|p1a: Ho-Oh
|-damage|p1a: Ho-Oh|58/100
|-enditem|p1a: Ho-Oh|Heavy-Duty Boots|[from] move: Knock Off|[of] p2a: Yveltal
|
|upkeep
|turn|12
|inactive|Gali L'Alligator has 120 seconds left.
|
|t:|1664222923
|switch|p2a: Landorus|Landorus-Therian, M|88/100
|-damage|p2a: Landorus|76/100|[from] Stealth Rock
|-ability|p2a: Landorus|Intimidate|boost
|-unboost|p1a: Ho-Oh|atk|1
|move|p1a: Ho-Oh|Sacred Fire|p2a: Landorus
|-damage|p2a: Landorus|54/100
|-status|p2a: Landorus|brn
|
|-heal|p2a: Landorus|60/100 brn|[from] item: Leftovers
|-damage|p2a: Landorus|54/100 brn|[from] brn
|upkeep
|turn|13
|inactive|Gali L'Alligator has 120 seconds left.
|
|t:|1664222932
|switch|p1a: Ferrothorn|Ferrothorn, F|74/100
|-damage|p1a: Ferrothorn|68/100|[from] Stealth Rock
|move|p2a: Landorus|U-turn|p1a: Ferrothorn
|-damage|p1a: Ferrothorn|61/100
|-damage|p2a: Landorus|41/100 brn|[from] ability: Iron Barbs|[of] p1a: Ferrothorn
|inactive|Gali L'Alligator has 120 seconds left.
|
|t:|1664222938
|switch|p2a: Calyrex|Calyrex-Shadow|82/100|[from]move: U-turn
|-ability|p2a: Calyrex|As One
|-ability|p2a: Calyrex|Unnerve
|-damage|p2a: Calyrex|66/100|[from] Spikes
|-damage|p2a: Calyrex|53/100|[from] Stealth Rock
|
|-heal|p1a: Ferrothorn|67/100|[from] item: Leftovers
|upkeep
|turn|14
|
|t:|1664222941
|switch|p1a: Tyranitar|Tyranitar, M|100/100
|-damage|p1a: Tyranitar|88/100|[from] Stealth Rock
|-weather|Sandstorm|[from] ability: Sand Stream|[of] p1a: Tyranitar
|move|p2a: Calyrex|Aromatherapy|p2a: Calyrex
|-activate|p2a: Calyrex|move: Aromatherapy
|-curestatus|p2: Landorus|brn|[msg]
|
|-weather|Sandstorm|[upkeep]
|-damage|p2a: Calyrex|47/100|[from] Sandstorm
|-heal|p1a: Tyranitar|94/100|[from] item: Leftovers
|upkeep
|turn|15
|
|t:|1664222947
|switch|p2a: Landorus|Landorus-Therian, M|41/100
|-damage|p2a: Landorus|29/100|[from] Stealth Rock
|-ability|p2a: Landorus|Intimidate|boost
|-unboost|p1a: Tyranitar|atk|1
|move|p1a: Tyranitar|Foul Play|p2a: Landorus
|-damage|p2a: Landorus|0 fnt
|faint|p2a: Landorus
|
|-weather|Sandstorm|[upkeep]
|-heal|p1a: Tyranitar|100/100|[from] item: Leftovers
|upkeep
|
|t:|1664222961
|switch|p2a: Necrozma|Necrozma-Dusk-Mane|100/100
|-damage|p2a: Necrozma|84/100|[from] Spikes
|-damage|p2a: Necrozma|78/100|[from] Stealth Rock
|turn|16
|
|t:|1664222969
|switch|p1a: Ferrothorn|Ferrothorn, F|67/100
|-damage|p1a: Ferrothorn|61/100|[from] Stealth Rock
|move|p2a: Necrozma|Knock Off|p1a: Ferrothorn
|-damage|p1a: Ferrothorn|43/100
|-damage|p2a: Necrozma|66/100|[from] ability: Iron Barbs|[of] p1a: Ferrothorn
|-enditem|p1a: Ferrothorn|Leftovers|[from] move: Knock Off|[of] p2a: Necrozma
|
|-weather|Sandstorm|[upkeep]
|-heal|p2a: Necrozma|72/100|[from] item: Leftovers
|upkeep
|turn|17
|
|t:|1664222978
|switch|p2a: Eternatus|Eternatus|90/100
|-damage|p2a: Eternatus|74/100|[from] Spikes
|-damage|p2a: Eternatus|61/100|[from] Stealth Rock
|-ability|p2a: Eternatus|Pressure
|move|p1a: Ferrothorn|Leech Seed|p2a: Eternatus
|-start|p2a: Eternatus|move: Leech Seed
|
|-weather|Sandstorm|[upkeep]
|-damage|p2a: Eternatus|55/100|[from] Sandstorm
|-damage|p2a: Eternatus|43/100|[from] Leech Seed|[of] p1a: Ferrothorn
|-heal|p1a: Ferrothorn|60/100|[silent]
|upkeep
|turn|18
|
|t:|1664222998
|switch|p1a: Lunala|Lunala|100/100
|move|p2a: Eternatus|Flamethrower|p1a: Lunala
|-damage|p1a: Lunala|90/100
|
|-weather|none
|-damage|p2a: Eternatus|31/100|[from] Leech Seed|[of] p1a: Lunala
|-heal|p1a: Lunala|100/100|[silent]
|upkeep
|turn|19
|
|t:|1664223003
|move|p2a: Eternatus|Toxic|p1a: Lunala
|-status|p1a: Lunala|tox
|move|p1a: Lunala|Ice Beam|p2a: Eternatus
|-supereffective|p2a: Eternatus
|-damage|p2a: Eternatus|0 fnt
|faint|p2a: Eternatus
|
|-damage|p1a: Lunala|94/100 tox|[from] psn
|upkeep
|
|t:|1664223008
|switch|p2a: Yveltal|Yveltal|100/100
|-ability|p2a: Yveltal|Dark Aura
|turn|20
|
|t:|1664223013
|switch|p1a: Ho-Oh|Ho-Oh|91/100
|-damage|p1a: Ho-Oh|41/100|[from] Stealth Rock
|move|p2a: Yveltal|Defog|p1a: Ho-Oh
|-unboost|p1a: Ho-Oh|evasion|1
|-sideend|p1: Capri~#song|Stealth Rock|[from] move: Defog|[of] p2a: Yveltal
|-sideend|p2: Gali L'Alligator|Spikes|[from] move: Defog|[of] p2a: Yveltal
|-sideend|p2: Gali L'Alligator|Stealth Rock|[from] move: Defog|[of] p2a: Yveltal
|
|upkeep
|turn|21
|
|t:|1664223026
|move|p2a: Yveltal|Knock Off|p1a: Ho-Oh
|-damage|p1a: Ho-Oh|12/100
|move|p1a: Ho-Oh|Roost|p1a: Ho-Oh
|-heal|p1a: Ho-Oh|62/100
|-singleturn|p1a: Ho-Oh|move: Roost
|
|upkeep
|turn|22
|
|t:|1664223042
|switch|p2a: Necrozma|Necrozma-Dusk-Mane|72/100
|move|p1a: Ho-Oh|Roost|p1a: Ho-Oh
|-heal|p1a: Ho-Oh|100/100
|-singleturn|p1a: Ho-Oh|move: Roost
|
|-heal|p2a: Necrozma|78/100|[from] item: Leftovers
|upkeep
|turn|23
|
|t:|1664223050
|move|p2a: Necrozma|Dragon Dance|p2a: Necrozma
|-boost|p2a: Necrozma|atk|1
|-boost|p2a: Necrozma|spe|1
|move|p1a: Ho-Oh|Sacred Fire|p2a: Necrozma
|-supereffective|p2a: Necrozma
|-damage|p2a: Necrozma|31/100
|
|-heal|p2a: Necrozma|37/100|[from] item: Leftovers
|upkeep
|turn|24
|
|t:|1664223057
|move|p2a: Necrozma|Morning Sun|p2a: Necrozma
|-heal|p2a: Necrozma|87/100
|move|p1a: Ho-Oh|Sacred Fire|p2a: Necrozma
|-supereffective|p2a: Necrozma
|-damage|p2a: Necrozma|39/100
|-status|p2a: Necrozma|brn
|
|-heal|p2a: Necrozma|45/100 brn|[from] item: Leftovers
|-damage|p2a: Necrozma|39/100 brn|[from] brn
|upkeep
|turn|25
|
|t:|1664223062
|switch|p1a: Tyranitar|Tyranitar, M|100/100
|-weather|Sandstorm|[from] ability: Sand Stream|[of] p1a: Tyranitar
|move|p2a: Necrozma|Morning Sun|p2a: Necrozma
|-heal|p2a: Necrozma|64/100 brn
|
|-weather|Sandstorm|[upkeep]
|-heal|p2a: Necrozma|70/100 brn|[from] item: Leftovers
|-damage|p2a: Necrozma|64/100 brn|[from] brn
|upkeep
|turn|26
|
|t:|1664223068
|move|p2a: Necrozma|Sunsteel Strike|p1a: Tyranitar
|-supereffective|p1a: Tyranitar
|-damage|p1a: Tyranitar|43/100
|move|p1a: Tyranitar|Foul Play|p2a: Necrozma
|-supereffective|p2a: Necrozma
|-damage|p2a: Necrozma|0 fnt
|faint|p2a: Necrozma
|
|-weather|Sandstorm|[upkeep]
|-heal|p1a: Tyranitar|50/100|[from] item: Leftovers
|upkeep
|
|t:|1664223073
|switch|p2a: Darmanitan|Darmanitan-Galar, F|100/100
|turn|27
|
|t:|1664223081
|switch|p1a: Lunala|Lunala|94/100 tox
|move|p2a: Darmanitan|Belly Drum|p2a: Darmanitan
|-damage|p2a: Darmanitan|50/100
|-setboost|p2a: Darmanitan|atk|6|[from] move: Belly Drum
|
|-weather|Sandstorm|[upkeep]
|-damage|p2a: Darmanitan|44/100|[from] Sandstorm
|-damage|p1a: Lunala|88/100 tox|[from] Sandstorm
|-damage|p1a: Lunala|82/100 tox|[from] psn
|-formechange|p2a: Darmanitan|Darmanitan-Galar-Zen|
|upkeep
|turn|28
|inactive|Gali L'Alligator has 120 seconds left.
|
|t:|1664223125
|move|p2a: Darmanitan|Earthquake|p1a: Lunala
|-damage|p1a: Lunala|0 fnt
|faint|p1a: Lunala
|
|-weather|Sandstorm|[upkeep]
|-damage|p2a: Darmanitan|38/100|[from] Sandstorm
|upkeep
|
|t:|1664223134
|switch|p1a: Ho-Oh|Ho-Oh|100/100
|turn|29
|
|t:|1664223137
|move|p2a: Darmanitan|Icicle Crash|p1a: Ho-Oh
|-damage|p1a: Ho-Oh|0 fnt
|faint|p1a: Ho-Oh
|
|-weather|none
|upkeep
|
|t:|1664223145
|switch|p1a: Ferrothorn|Ferrothorn, F|60/100
|turn|30
|
|t:|1664223156
|move|p2a: Darmanitan|Earthquake|p1a: Ferrothorn
|-damage|p1a: Ferrothorn|0 fnt
|faint|p1a: Ferrothorn
|
|upkeep
|-message|Capri~#song forfeited.
|
|win|Gali L'Alligator
|raw|Capri~#song's rating: 1503 &rarr; <strong>1497</strong><br />(-6 for losing)
|raw|Gali L&apos;Alligator's rating: 1804 &rarr; <strong>1810</strong><br />(+6 for winning)
|l|☆Capri~#song
||Ladder isn't responding, score probably updated but might not have (Request timeout).
