|j|☆Kage UwU
|j|☆bignooblover
|t:|1651342174
|gametype|singles
|player|p1|Kage UwU|101|1440
|player|p2|bignooblover|unknownf|1272
|teamsize|p1|6
|teamsize|p2|6
|gen|8
|tier|[Gen 8] Ubers
|rated|
|rule|Sleep Clause Mod: Limit one foe put to sleep
|rule|Species Clause: Limit one of each Pokémon
|rule|OHKO Clause: OHKO moves are banned
|rule|Evasion Moves Clause: Evasion moves are banned
|rule|Endless Battle Clause: Forcing endless battles is banned
|rule|HP Percentage Mod: HP is shown in percentages
|rule|Dynamax Clause: You cannot dynamax
|clearpoke
|poke|p1|Necrozma-Dusk-Mane|
|poke|p1|Yveltal|
|poke|p1|Marshadow|
|poke|p1|Calyrex-Shadow|
|poke|p1|Xerneas-*|
|poke|p1|Eternatus|
|poke|p2|Eternatus|
|poke|p2|Zamazenta-*|
|poke|p2|Dracovish|
|poke|p2|Necrozma-Dusk-Mane|
|poke|p2|Yveltal|
|poke|p2|Kyogre|
|teampreview
|inactive|Battle timer is ON: inactive players will automatically lose when time's up. (requested by Kage UwU)
|inactive|bignooblover has 120 seconds left.
|inactive|Kage UwU has 120 seconds left.
|
|t:|1651342222
|start
|switch|p1a: gonna|Yveltal|100/100
|switch|p2a: Zamazenta|Zamazenta-Crowned|100/100
|-ability|p2a: Zamazenta|Dauntless Shield|boost
|-boost|p2a: Zamazenta|def|1
|-ability|p1a: gonna|Dark Aura
|turn|1
|inactive|Kage UwU has 120 seconds left.
|
|t:|1651342252
|switch|p1a: !!!|Eternatus|100/100
|-ability|p1a: !!!|Pressure
|move|p2a: Zamazenta|Howl|p2a: Zamazenta
|-boost|p2a: Zamazenta|atk|1
|
|upkeep
|turn|2
|
|t:|1651342260
|move|p2a: Zamazenta|Behemoth Bash|p1a: !!!
|-damage|p1a: !!!|50/100
|move|p1a: !!!|Flamethrower|p2a: Zamazenta
|-supereffective|p2a: Zamazenta
|-damage|p2a: Zamazenta|64/100
|
|-heal|p1a: !!!|56/100|[from] item: Black Sludge
|upkeep
|turn|3
|
|t:|1651342273
|move|p2a: Zamazenta|Howl|p2a: Zamazenta
|-boost|p2a: Zamazenta|atk|1
|move|p1a: !!!|Recover|p1a: !!!
|-heal|p1a: !!!|100/100
|
|upkeep
|turn|4
|
|t:|1651342280
|move|p2a: Zamazenta|Behemoth Bash|p1a: !!!
|-damage|p1a: !!!|35/100
|move|p1a: !!!|Flamethrower|p2a: Zamazenta
|-supereffective|p2a: Zamazenta
|-damage|p2a: Zamazenta|32/100
|-status|p2a: Zamazenta|brn
|
|-heal|p1a: !!!|41/100|[from] item: Black Sludge
|-damage|p2a: Zamazenta|26/100 brn|[from] brn
|upkeep
|turn|5
|c|☆bignooblover|damn
|
|t:|1651342293
|move|p2a: Zamazenta|Rest|p2a: Zamazenta
|-status|p2a: Zamazenta|slp|[from] move: Rest
|-heal|p2a: Zamazenta|100/100 slp|[silent]
|move|p1a: !!!|Flamethrower|p2a: Zamazenta
|-supereffective|p2a: Zamazenta
|-damage|p2a: Zamazenta|64/100 slp
|
|-heal|p1a: !!!|47/100|[from] item: Black Sludge
|upkeep
|turn|6
|
|t:|1651342304
|switch|p2a: Kyogre|Kyogre|100/100
|-weather|RainDance|[from] ability: Drizzle|[of] p2a: Kyogre
|switch|p1a: give|Marshadow|100/100
|
|-weather|RainDance|[upkeep]
|upkeep
|turn|7
|
|t:|1651342318
|move|p1a: give|Shadow Sneak|p2a: Kyogre
|-damage|p2a: Kyogre|73/100
|-damage|p1a: give|91/100|[from] item: Life Orb
|move|p2a: Kyogre|Scald|p1a: give
|-damage|p1a: give|20/100
|
|-weather|RainDance|[upkeep]
|upkeep
|turn|8
|
|t:|1651342342
|move|p1a: give|Close Combat|p2a: Kyogre
|-crit|p2a: Kyogre
|-damage|p2a: Kyogre|0 fnt
|-unboost|p1a: give|def|1
|-unboost|p1a: give|spd|1
|faint|p2a: Kyogre
|-damage|p1a: give|10/100|[from] item: Life Orb
|
|-weather|RainDance|[upkeep]
|upkeep
|c|☆bignooblover|tf xD
|inactive|bignooblover has 120 seconds left.
|c|☆bignooblover|i survived that barely i think
|
|t:|1651342371
|switch|p2a: Dracovish|Dracovish|100/100
|turn|9
|
|t:|1651342384
|move|p1a: give|Shadow Sneak|p2a: Dracovish
|-damage|p2a: Dracovish|54/100
|-damage|p1a: give|0 fnt|[from] item: Life Orb
|faint|p1a: give
|move|p2a: Dracovish|Fishious Rend|p1: give|[notarget]
|-fail|p2a: Dracovish
|
|-weather|RainDance|[upkeep]
|upkeep
|
|t:|1651342392
|switch|p1a: !!!|Eternatus|47/100
|-ability|p1a: !!!|Pressure
|turn|10
|c|☆Kage UwU|yeah, with 10%
|
|t:|1651342406
|move|p2a: Dracovish|Fishious Rend|p1a: !!!
|-resisted|p1a: !!!
|-damage|p1a: !!!|0 fnt
|faint|p1a: !!!
|
|-weather|RainDance|[upkeep]
|upkeep
|
|t:|1651342412
|switch|p1a: you|Calyrex-Shadow|100/100
|-ability|p1a: you|As One
|-ability|p1a: you|Unnerve
|turn|11
|
|t:|1651342421
|switch|p2a: Yveltal|Yveltal|100/100
|-ability|p2a: Yveltal|Dark Aura
|move|p1a: you|Astral Barrage|p2a: Yveltal
|-resisted|p2a: Yveltal
|-damage|p2a: Yveltal|64/100
|
|-weather|RainDance|[upkeep]
|upkeep
|turn|12
|
|t:|1651342432
|switch|p1a: gonna|Yveltal|100/100
|-ability|p1a: gonna|Dark Aura
|move|p2a: Yveltal|Snarl|p1a: gonna
|-resisted|p1a: gonna
|-damage|p1a: gonna|90/100
|-unboost|p1a: gonna|spa|1
|
|-weather|RainDance|[upkeep]
|upkeep
|turn|13
|
|t:|1651342444
|move|p2a: Yveltal|Roost|p2a: Yveltal
|-heal|p2a: Yveltal|100/100
|-singleturn|p2a: Yveltal|move: Roost
|move|p1a: gonna|U-turn|p2a: Yveltal
|-supereffective|p2a: Yveltal
|-damage|p2a: Yveltal|66/100
|
|t:|1651342450
|switch|p1a: up|Xerneas|100/100|[from]move: U-turn
|-ability|p1a: up|Fairy Aura
|
|-weather|none
|upkeep
|turn|14
|
|t:|1651342458
|switch|p2a: Necrozma|Necrozma-Dusk-Mane|100/100
|move|p1a: up|Moonblast|p2a: Necrozma
|-resisted|p2a: Necrozma
|-damage|p2a: Necrozma|79/100
|
|-heal|p2a: Necrozma|85/100|[from] item: Leftovers
|upkeep
|turn|15
|
|t:|1651342467
|switch|p1a: Never|Necrozma-Dusk-Mane|100/100
|move|p2a: Necrozma|Stealth Rock|p1a: Never
|-sidestart|p1: Kage UwU|move: Stealth Rock
|
|-heal|p2a: Necrozma|91/100|[from] item: Leftovers
|upkeep
|turn|16
|
|t:|1651342475
|switch|p2a: Dracovish|Dracovish|54/100
|move|p1a: Never|Stealth Rock|p2a: Dracovish
|-sidestart|p2: bignooblover|move: Stealth Rock
|
|upkeep
|turn|17
|
|t:|1651342482
|move|p2a: Dracovish|Fishious Rend|p1a: Never
|-damage|p1a: Never|46/100
|move|p1a: Never|Thunder Wave|p2a: Dracovish
|-status|p2a: Dracovish|par
|
|-heal|p1a: Never|52/100|[from] item: Leftovers
|upkeep
|turn|18
|
|t:|1651342493
|switch|p2a: Zamazenta|Zamazenta-Crowned|64/100 slp
|-damage|p2a: Zamazenta|61/100 slp|[from] Stealth Rock
|-ability|p2a: Zamazenta|Dauntless Shield|boost
|-boost|p2a: Zamazenta|def|1
|move|p1a: Never|Moonlight|p1a: Never
|-heal|p1a: Never|100/100
|
|upkeep
|turn|19
|inactive|bignooblover has 120 seconds left.
|c|☆bignooblover|idk but i feel that thunder wave isnt always better than earthquake
|
|t:|1651342539
|switch|p1a: you|Calyrex-Shadow|100/100
|-ability|p1a: you|As One
|-ability|p1a: you|Unnerve
|-damage|p1a: you|88/100|[from] Stealth Rock
|cant|p2a: Zamazenta|slp
|
|upkeep
|turn|20
|inactive|Kage UwU has 120 seconds left.
|c|☆Kage UwU|It's a good for the support, earthquake is weak with a ecraozma defensive
|
|t:|1651342579
|switch|p2a: Dracovish|Dracovish|54/100 par
|-damage|p2a: Dracovish|42/100 par|[from] Stealth Rock
|move|p1a: you|Aromatherapy||[still]
|-activate|p1a: you|move: Aromatherapy
|-fail|p1a: you
|
|upkeep
|turn|21
|inactive|bignooblover has 90 seconds left.
|c|☆bignooblover|idk its a good question for better players than me
|c|☆bignooblover|i dont think they would agree with you that twave is usually better
|
|t:|1651342622
|switch|p1a: Never|Necrozma-Dusk-Mane|100/100
|-damage|p1a: Never|94/100|[from] Stealth Rock
|move|p2a: Dracovish|Fishious Rend|p1a: Never
|-damage|p1a: Never|36/100
|
|-heal|p1a: Never|42/100|[from] item: Leftovers
|upkeep
|turn|22
|inactive|Kage UwU has 120 seconds left.
|
|t:|1651342635
|switch|p2a: Zamazenta|Zamazenta-Crowned|61/100 slp
|-damage|p2a: Zamazenta|58/100 slp|[from] Stealth Rock
|-ability|p2a: Zamazenta|Dauntless Shield|boost
|-boost|p2a: Zamazenta|def|1
|move|p1a: Never|Moonlight|p1a: Never
|-heal|p1a: Never|92/100
|
|-heal|p1a: Never|98/100|[from] item: Leftovers
|upkeep
|turn|23
|inactive|Kage UwU has 120 seconds left.
|
|t:|1651342674
|cant|p2a: Zamazenta|slp
|move|p1a: Never|Thunder Wave||[still]
|-fail|p1a: Never
|
|-heal|p1a: Never|100/100|[from] item: Leftovers
|upkeep
|turn|24
|
|t:|1651342688
|-curestatus|p2a: Zamazenta|slp|[msg]
|move|p2a: Zamazenta|Howl|p2a: Zamazenta
|-boost|p2a: Zamazenta|atk|1
|move|p1a: Never|Thunder Wave|p2a: Zamazenta
|-status|p2a: Zamazenta|par
|
|upkeep
|turn|25
|c|☆Kage UwU|If you want lol
|
|t:|1651342707
|switch|p1a: gonna|Yveltal|90/100
|-ability|p1a: gonna|Dark Aura
|move|p2a: Zamazenta|Close Combat|p1a: gonna
|-damage|p1a: gonna|30/100
|-unboost|p2a: Zamazenta|def|1
|-unboost|p2a: Zamazenta|spd|1
|
|upkeep
|turn|26
|c|☆bignooblover|yeah sure against me its good so it looks like its 100% better
|
|t:|1651342737
|move|p1a: gonna|Foul Play|p2a: Zamazenta
|-resisted|p2a: Zamazenta
|-damage|p2a: Zamazenta|34/100 par
|move|p2a: Zamazenta|Rest|p2a: Zamazenta
|-status|p2a: Zamazenta|slp|[from] move: Rest
|-heal|p2a: Zamazenta|100/100 slp|[silent]
|
|upkeep
|turn|27
|
|t:|1651342745
|switch|p2a: Dracovish|Dracovish|42/100 par
|-damage|p2a: Dracovish|29/100 par|[from] Stealth Rock
|move|p1a: gonna|Foul Play|p2a: Dracovish
|-damage|p2a: Dracovish|0 fnt
|faint|p2a: Dracovish
|
|upkeep
|c|☆Kage UwU|Against you, but no one use zamazenta
|inactive|bignooblover has 60 seconds left.
|c|☆bignooblover|well i dont want to lose to band weavile, which you struggle against alot
|
|t:|1651342770
|switch|p2a: Yveltal|Yveltal|66/100
|-ability|p2a: Yveltal|Dark Aura
|turn|28
|c|☆bignooblover|you pick what you want to lose to i guess
|inactive|Kage UwU has 90 seconds left.
|
|t:|1651342805
|move|p2a: Yveltal|Oblivion Wing|p1a: gonna
|-damage|p1a: gonna|8/100
|-heal|p2a: Yveltal|83/100|[from] drain|[of] p1a: gonna
|move|p1a: gonna|Roost|p1a: gonna
|-heal|p1a: gonna|58/100
|-singleturn|p1a: gonna|move: Roost
|
|upkeep
|turn|29
|inactive|Kage UwU has 90 seconds left.
|inactive|bignooblover has 60 seconds left.
|
|t:|1651342824
|move|p2a: Yveltal|Oblivion Wing|p1a: gonna
|-damage|p1a: gonna|37/100
|-heal|p2a: Yveltal|99/100|[from] drain|[of] p1a: gonna
|move|p1a: gonna|Roost|p1a: gonna
|-heal|p1a: gonna|87/100
|-singleturn|p1a: gonna|move: Roost
|
|upkeep
|turn|30
|inactive|Kage UwU has 90 seconds left.
|
|t:|1651342837
|move|p2a: Yveltal|Oblivion Wing|p1a: gonna
|-damage|p1a: gonna|65/100
|-heal|p2a: Yveltal|100/100|[from] drain|[of] p1a: gonna
|move|p1a: gonna|U-turn|p2a: Yveltal
|-damage|p2a: Yveltal|84/100
|inactive|Kage UwU has 90 seconds left.
|
|t:|1651342855
|switch|p1a: up|Xerneas|100/100|[from]move: U-turn
|-damage|p1a: up|88/100|[from] Stealth Rock
|-ability|p1a: up|Fairy Aura
|
|upkeep
|turn|31
|
|t:|1651342862
|switch|p2a: Necrozma|Necrozma-Dusk-Mane|91/100
|-damage|p2a: Necrozma|85/100|[from] Stealth Rock
|switch|p1a: you|Calyrex-Shadow|88/100
|-ability|p1a: you|As One
|-ability|p1a: you|Unnerve
|-damage|p1a: you|76/100|[from] Stealth Rock
|
|-heal|p2a: Necrozma|91/100|[from] item: Leftovers
|upkeep
|turn|32
|inactive|Kage UwU has 90 seconds left.
|
|t:|1651342876
|switch|p2a: Yveltal|Yveltal|84/100
|-ability|p2a: Yveltal|Dark Aura
|move|p1a: you|Trick|p2a: Yveltal
|-activate|p1a: you|move: Trick|[of] p2a: Yveltal
|-item|p2a: Yveltal|Choice Specs|[from] move: Trick
|-item|p1a: you|Heavy-Duty Boots|[from] move: Trick
|
|upkeep
|turn|33
|inactive|Kage UwU has 90 seconds left.
|inactive|bignooblover has 60 seconds left.
|
|t:|1651342897
|switch|p1a: gonna|Yveltal|65/100
|-ability|p1a: gonna|Dark Aura
|move|p2a: Yveltal|Oblivion Wing|p1a: gonna
|-damage|p1a: gonna|35/100
|-heal|p2a: Yveltal|100/100|[from] drain|[of] p1a: gonna
|
|upkeep
|turn|34
|inactive|Kage UwU has 90 seconds left.
|inactive|bignooblover has 60 seconds left.
|
|t:|1651342910
|switch|p2a: Eternatus|Eternatus|100/100
|-ability|p2a: Eternatus|Pressure
|move|p1a: gonna|Roost|p1a: gonna
|-heal|p1a: gonna|85/100
|-singleturn|p1a: gonna|move: Roost
|
|upkeep
|turn|35
|inactive|bignooblover has 60 seconds left.
|inactive|Kage UwU has 90 seconds left.
|
|t:|1651342924
|move|p2a: Eternatus|Toxic|p1a: gonna
|-status|p1a: gonna|tox
|move|p1a: gonna|U-turn|p2a: Eternatus
|-resisted|p2a: Eternatus
|-damage|p2a: Eternatus|93/100
|inactive|Kage UwU has 90 seconds left.
|
|t:|1651342930
|switch|p1a: you|Calyrex-Shadow|76/100|[from]move: U-turn
|-ability|p1a: you|As One
|-ability|p1a: you|Unnerve
|
|upkeep
|turn|36
|
|t:|1651342937
|switch|p2a: Yveltal|Yveltal|100/100
|-damage|p2a: Yveltal|76/100|[from] Stealth Rock
|-ability|p2a: Yveltal|Dark Aura
|move|p1a: you|Astral Barrage|p2a: Yveltal
|-resisted|p2a: Yveltal
|-damage|p2a: Yveltal|53/100
|
|upkeep
|turn|37
|
|t:|1651342949
|switch|p1a: gonna|Yveltal|85/100 tox
|-ability|p1a: gonna|Dark Aura
|move|p2a: Yveltal|Oblivion Wing|p1a: gonna
|-damage|p1a: gonna|52/100 tox
|-heal|p2a: Yveltal|78/100|[from] drain|[of] p1a: gonna
|
|-damage|p1a: gonna|46/100 tox|[from] psn
|upkeep
|turn|38
|
|t:|1651342960
|move|p2a: Yveltal|Oblivion Wing|p1a: gonna
|-damage|p1a: gonna|13/100 tox
|-heal|p2a: Yveltal|100/100|[from] drain|[of] p1a: gonna
|move|p1a: gonna|U-turn|p2a: Yveltal
|-damage|p2a: Yveltal|84/100
|
|t:|1651342967
|switch|p1a: up|Xerneas|88/100|[from]move: U-turn
|-damage|p1a: up|76/100|[from] Stealth Rock
|-ability|p1a: up|Fairy Aura
|
|upkeep
|turn|39
|
|t:|1651342985
|switch|p2a: Necrozma|Necrozma-Dusk-Mane|91/100
|-damage|p2a: Necrozma|85/100|[from] Stealth Rock
|move|p1a: up|Moonblast|p2a: Necrozma
|-resisted|p2a: Necrozma
|-damage|p2a: Necrozma|64/100
|-unboost|p2a: Necrozma|spa|1
|
|-heal|p2a: Necrozma|70/100|[from] item: Leftovers
|upkeep
|turn|40
|inactive|bignooblover has 60 seconds left.
|
|t:|1651343004
|switch|p1a: Never|Necrozma-Dusk-Mane|100/100
|-damage|p1a: Never|94/100|[from] Stealth Rock
|move|p2a: Necrozma|Morning Sun|p2a: Necrozma
|-heal|p2a: Necrozma|100/100
|
|-heal|p1a: Never|100/100|[from] item: Leftovers
|upkeep
|turn|41
|inactive|bignooblover has 60 seconds left.
|
|t:|1651343015
|switch|p2a: Zamazenta|Zamazenta-Crowned|100/100 slp
|-damage|p2a: Zamazenta|97/100 slp|[from] Stealth Rock
|-ability|p2a: Zamazenta|Dauntless Shield|boost
|-boost|p2a: Zamazenta|def|1
|move|p1a: Never|Thunder Wave||[still]
|-fail|p1a: Never
|
|upkeep
|turn|42
|inactive|Kage UwU has 120 seconds left.
|inactive|bignooblover has 60 seconds left.
|
|t:|1651343025
|switch|p1a: you|Calyrex-Shadow|76/100
|-ability|p1a: you|As One
|-ability|p1a: you|Unnerve
|cant|p2a: Zamazenta|slp
|
|upkeep
|turn|43
|inactive|bignooblover has 60 seconds left.
|
|t:|1651343037
|switch|p2a: Yveltal|Yveltal|84/100
|-damage|p2a: Yveltal|59/100|[from] Stealth Rock
|-ability|p2a: Yveltal|Dark Aura
|move|p1a: you|Astral Barrage|p2a: Yveltal
|-resisted|p2a: Yveltal
|-damage|p2a: Yveltal|35/100
|
|upkeep
|turn|44
|inactive|bignooblover has 60 seconds left.
|inactive|Kage UwU has 120 seconds left.
|
|t:|1651343060
|switch|p1a: up|Xerneas|76/100
|-damage|p1a: up|64/100|[from] Stealth Rock
|-ability|p1a: up|Fairy Aura
|move|p2a: Yveltal|Roost|p2a: Yveltal
|-heal|p2a: Yveltal|85/100
|-singleturn|p2a: Yveltal|move: Roost
|
|upkeep
|turn|45
|inactive|Kage UwU has 120 seconds left.
|inactive|bignooblover has 60 seconds left.
|
|t:|1651343075
|switch|p2a: Zamazenta|Zamazenta-Crowned|97/100 slp
|-damage|p2a: Zamazenta|94/100 slp|[from] Stealth Rock
|-ability|p2a: Zamazenta|Dauntless Shield|boost
|-boost|p2a: Zamazenta|def|1
|move|p1a: up|Moonblast|p2a: Zamazenta
|-damage|p2a: Zamazenta|52/100 slp
|-unboost|p2a: Zamazenta|spa|1
|
|upkeep
|turn|46
|inactive|bignooblover has 60 seconds left.
|
|t:|1651343090
|switch|p2a: Necrozma|Necrozma-Dusk-Mane|100/100
|-damage|p2a: Necrozma|94/100|[from] Stealth Rock
|move|p1a: up|Moonblast|p2a: Necrozma
|-resisted|p2a: Necrozma
|-damage|p2a: Necrozma|73/100
|
|-heal|p2a: Necrozma|79/100|[from] item: Leftovers
|upkeep
|turn|47
|inactive|bignooblover has 60 seconds left.
|
|t:|1651343100
|switch|p1a: gonna|Yveltal|13/100 tox
|-ability|p1a: gonna|Dark Aura
|move|p2a: Necrozma|Earthquake|p1a: gonna
|-immune|p1a: gonna
|
|-heal|p2a: Necrozma|85/100|[from] item: Leftovers
|-damage|p1a: gonna|6/100 tox|[from] psn
|upkeep
|turn|48
|inactive|bignooblover has 60 seconds left.
|
|t:|1651343115
|switch|p2a: Zamazenta|Zamazenta-Crowned|52/100 slp
|-damage|p2a: Zamazenta|49/100 slp|[from] Stealth Rock
|-ability|p2a: Zamazenta|Dauntless Shield|boost
|-boost|p2a: Zamazenta|def|1
|move|p1a: gonna|Roost|p1a: gonna
|-heal|p1a: gonna|56/100 tox
|-singleturn|p1a: gonna|move: Roost
|
|-damage|p1a: gonna|44/100 tox|[from] psn
|upkeep
|turn|49
|inactive|bignooblover has 60 seconds left.
|
|t:|1651343129
|cant|p2a: Zamazenta|slp
|move|p1a: gonna|U-turn|p2a: Zamazenta
|-resisted|p2a: Zamazenta
|-damage|p2a: Zamazenta|47/100 slp
|
|t:|1651343134
|switch|p1a: you|Calyrex-Shadow|76/100|[from]move: U-turn
|-ability|p1a: you|As One
|-ability|p1a: you|Unnerve
|
|upkeep
|turn|50
|
|t:|1651343144
|switch|p2a: Yveltal|Yveltal|85/100
|-damage|p2a: Yveltal|60/100|[from] Stealth Rock
|-ability|p2a: Yveltal|Dark Aura
|move|p1a: you|Aromatherapy|p1a: you
|-activate|p1a: you|move: Aromatherapy
|-curestatus|p1: gonna|tox|[msg]
|
|upkeep
|turn|51
|inactive|bignooblover has 60 seconds left.
|
|t:|1651343165
|switch|p1a: gonna|Yveltal|44/100
|-ability|p1a: gonna|Dark Aura
|move|p2a: Yveltal|Defog|p1a: gonna
|-unboost|p1a: gonna|evasion|1
|-sideend|p1: Kage UwU|Stealth Rock|[from] move: Defog|[of] p2a: Yveltal
|-sideend|p2: bignooblover|Stealth Rock|[from] move: Defog|[of] p2a: Yveltal
|
|upkeep
|turn|52
|inactive|bignooblover has 60 seconds left.
|
|t:|1651343184
|switch|p2a: Eternatus|Eternatus|93/100
|-ability|p2a: Eternatus|Pressure
|move|p1a: gonna|Roost|p1a: gonna
|-heal|p1a: gonna|94/100
|-singleturn|p1a: gonna|move: Roost
|
|upkeep
|turn|53
|inactive|bignooblover has 60 seconds left.
|
|t:|1651343208
|switch|p1a: Never|Necrozma-Dusk-Mane|100/100
|move|p2a: Eternatus|Flamethrower|p1a: Never
|-supereffective|p1a: Never
|-damage|p1a: Never|67/100
|
|-heal|p1a: Never|73/100|[from] item: Leftovers
|upkeep
|turn|54
|
|t:|1651343222
|switch|p1a: up|Xerneas|64/100
|-ability|p1a: up|Fairy Aura
|move|p2a: Eternatus|Flamethrower|p1a: up
|-damage|p1a: up|40/100
|
|upkeep
|turn|55
|
|t:|1651343232
|move|p2a: Eternatus|Sludge Bomb|p1a: up
|-supereffective|p1a: up
|-damage|p1a: up|0 fnt
|faint|p1a: up
|
|upkeep
|
|t:|1651343244
|switch|p1a: Never|Necrozma-Dusk-Mane|73/100
|turn|56
|inactive|bignooblover has 60 seconds left.
|
|t:|1651343255
|move|p2a: Eternatus|Flamethrower|p1a: Never
|-supereffective|p1a: Never
|-damage|p1a: Never|41/100
|-status|p1a: Never|brn
|move|p1a: Never|Thunder Wave|p2a: Eternatus|[miss]
|-miss|p1a: Never|p2a: Eternatus
|
|-heal|p1a: Never|47/100 brn|[from] item: Leftovers
|-damage|p1a: Never|41/100 brn|[from] brn
|upkeep
|turn|57
|inactive|bignooblover has 60 seconds left.
|
|t:|1651343270
|switch|p2a: Zamazenta|Zamazenta-Crowned|47/100 slp
|-ability|p2a: Zamazenta|Dauntless Shield|boost
|-boost|p2a: Zamazenta|def|1
|move|p1a: Never|Moonlight|p1a: Never
|-heal|p1a: Never|91/100 brn
|
|-heal|p1a: Never|97/100 brn|[from] item: Leftovers
|-damage|p1a: Never|91/100 brn|[from] brn
|upkeep
|turn|58
|inactive|bignooblover has 60 seconds left.
|
|t:|1651343284
|switch|p1a: gonna|Yveltal|94/100
|-ability|p1a: gonna|Dark Aura
|-curestatus|p2a: Zamazenta|slp|[msg]
|move|p2a: Zamazenta|Rest|p2a: Zamazenta
|-status|p2a: Zamazenta|slp|[from] move: Rest
|-heal|p2a: Zamazenta|100/100 slp|[silent]
|
|upkeep
|turn|59
|inactive|bignooblover has 60 seconds left.
|
|t:|1651343294
|cant|p2a: Zamazenta|slp
|move|p1a: gonna|U-turn|p2a: Zamazenta
|-resisted|p2a: Zamazenta
|-damage|p2a: Zamazenta|98/100 slp
|
|t:|1651343298
|switch|p1a: you|Calyrex-Shadow|76/100|[from]move: U-turn
|-ability|p1a: you|As One
|-ability|p1a: you|Unnerve
|
|upkeep
|turn|60
|
|t:|1651343306
|switch|p2a: Yveltal|Yveltal|60/100
|-ability|p2a: Yveltal|Dark Aura
|move|p1a: you|Aromatherapy|p1a: you
|-activate|p1a: you|move: Aromatherapy
|-curestatus|p1: Never|brn|[msg]
|
|upkeep
|turn|61
|
|t:|1651343324
|switch|p1a: Never|Necrozma-Dusk-Mane|91/100
|move|p2a: Yveltal|Snarl|p1a: Never
|-supereffective|p1a: Never
|-damage|p1a: Never|30/100
|-unboost|p1a: Never|spa|1
|
|-heal|p1a: Never|36/100|[from] item: Leftovers
|upkeep
|turn|62
|
|t:|1651343353
|switch|p2a: Eternatus|Eternatus|93/100
|-ability|p2a: Eternatus|Pressure
|switch|p1a: gonna|Yveltal|94/100
|-ability|p1a: gonna|Dark Aura
|
|upkeep
|turn|63
|
|t:|1651343368
|move|p2a: Eternatus|Toxic|p1a: gonna
|-status|p1a: gonna|tox
|move|p1a: gonna|U-turn|p2a: Eternatus
|-resisted|p2a: Eternatus
|-damage|p2a: Eternatus|85/100
|
|t:|1651343372
|switch|p1a: Never|Necrozma-Dusk-Mane|36/100|[from]move: U-turn
|
|-heal|p1a: Never|42/100|[from] item: Leftovers
|upkeep
|turn|64
|
|t:|1651343379
|move|p2a: Eternatus|Flamethrower|p1a: Never
|-supereffective|p1a: Never
|-damage|p1a: Never|10/100
|move|p1a: Never|Moonlight|p1a: Never
|-heal|p1a: Never|60/100
|
|-heal|p1a: Never|66/100|[from] item: Leftovers
|upkeep
|turn|65
|
|t:|1651343404
|move|p2a: Eternatus|Flamethrower|p1a: Never
|-supereffective|p1a: Never
|-damage|p1a: Never|31/100
|move|p1a: Never|Stealth Rock|p2a: Eternatus
|-sidestart|p2: bignooblover|move: Stealth Rock
|
|-heal|p1a: Never|37/100|[from] item: Leftovers
|upkeep
|turn|66
|
|t:|1651343411
|move|p2a: Eternatus|Flamethrower|p1a: Never
|-supereffective|p1a: Never
|-damage|p1a: Never|4/100
|move|p1a: Never|Moonlight|p1a: Never
|-heal|p1a: Never|54/100
|
|-heal|p1a: Never|60/100|[from] item: Leftovers
|upkeep
|turn|67
|
|t:|1651343420
|move|p2a: Eternatus|Flamethrower|p1a: Never
|-supereffective|p1a: Never
|-damage|p1a: Never|27/100
|move|p1a: Never|Thunder Wave|p2a: Eternatus
|-status|p2a: Eternatus|par
|
|-heal|p1a: Never|33/100|[from] item: Leftovers
|upkeep
|turn|68
|
|t:|1651343430
|move|p1a: Never|Moonlight|p1a: Never
|-heal|p1a: Never|83/100
|move|p2a: Eternatus|Flamethrower|p1a: Never
|-supereffective|p1a: Never
|-damage|p1a: Never|48/100
|
|-heal|p1a: Never|55/100|[from] item: Leftovers
|upkeep
|turn|69
|
|t:|1651343443
|move|p1a: Never|Iron Head|p2a: Eternatus
|-damage|p2a: Eternatus|56/100 par
|move|p2a: Eternatus|Flamethrower|p1a: Never
|-supereffective|p1a: Never
|-damage|p1a: Never|18/100
|
|-heal|p1a: Never|24/100|[from] item: Leftovers
|upkeep
|turn|70
|
|t:|1651343452
|move|p1a: Never|Moonlight|p1a: Never
|-heal|p1a: Never|74/100
|move|p2a: Eternatus|Recover|p2a: Eternatus
|-heal|p2a: Eternatus|100/100 par
|
|-heal|p1a: Never|80/100|[from] item: Leftovers
|upkeep
|turn|71
|inactive|bignooblover has 90 seconds left.
|
|t:|1651343462
|switch|p2a: Necrozma|Necrozma-Dusk-Mane|85/100
|-damage|p2a: Necrozma|79/100|[from] Stealth Rock
|move|p1a: Never|Iron Head|p2a: Necrozma
|-resisted|p2a: Necrozma
|-damage|p2a: Necrozma|66/100
|
|-heal|p1a: Never|86/100|[from] item: Leftovers
|-heal|p2a: Necrozma|72/100|[from] item: Leftovers
|upkeep
|turn|72
|inactive|bignooblover has 90 seconds left.
|
|t:|1651343477
|move|p1a: Never|Thunder Wave|p2a: Necrozma
|-status|p2a: Necrozma|par
|move|p2a: Necrozma|Iron Head|p1a: Never
|-resisted|p1a: Never
|-damage|p1a: Never|75/100
|
|-heal|p1a: Never|81/100|[from] item: Leftovers
|-heal|p2a: Necrozma|78/100 par|[from] item: Leftovers
|upkeep
|turn|73
|inactive|bignooblover has 90 seconds left.
|
|t:|1651343489
|switch|p1a: gonna|Yveltal|94/100 tox
|-ability|p1a: gonna|Dark Aura
|cant|p2a: Necrozma|par
|
|-heal|p2a: Necrozma|84/100 par|[from] item: Leftovers
|-damage|p1a: gonna|88/100 tox|[from] psn
|upkeep
|turn|74
|inactive|bignooblover has 90 seconds left.
|
|t:|1651343502
|switch|p2a: Zamazenta|Zamazenta-Crowned|98/100 slp
|-damage|p2a: Zamazenta|95/100 slp|[from] Stealth Rock
|-ability|p2a: Zamazenta|Dauntless Shield|boost
|-boost|p2a: Zamazenta|def|1
|move|p1a: gonna|U-turn|p2a: Zamazenta
|-resisted|p2a: Zamazenta
|-crit|p2a: Zamazenta
|-damage|p2a: Zamazenta|91/100 slp
|
|t:|1651343509
|switch|p1a: you|Calyrex-Shadow|76/100|[from]move: U-turn
|-ability|p1a: you|As One
|-ability|p1a: you|Unnerve
|
|upkeep
|turn|75
|inactive|bignooblover has 90 seconds left.
|c|☆bignooblover|i think its game, well im not going to give up to having BO beat weavile lol
|c|☆bignooblover|i should have used  vish better too
|
|t:|1651343537
|switch|p2a: Yveltal|Yveltal|60/100
|-damage|p2a: Yveltal|35/100|[from] Stealth Rock
|-ability|p2a: Yveltal|Dark Aura
|move|p1a: you|Aromatherapy|p1a: you
|-activate|p1a: you|move: Aromatherapy
|-curestatus|p1: gonna|tox|[msg]
|
|upkeep
|turn|76
|
|t:|1651343549
|switch|p1a: gonna|Yveltal|88/100
|-ability|p1a: gonna|Dark Aura
|move|p2a: Yveltal|Roost|p2a: Yveltal
|-heal|p2a: Yveltal|86/100
|-singleturn|p2a: Yveltal|move: Roost
|
|upkeep
|turn|77
|
|t:|1651343563
|switch|p2a: Zamazenta|Zamazenta-Crowned|91/100 slp
|-damage|p2a: Zamazenta|88/100 slp|[from] Stealth Rock
|-ability|p2a: Zamazenta|Dauntless Shield|boost
|-boost|p2a: Zamazenta|def|1
|move|p1a: gonna|U-turn|p2a: Zamazenta
|-resisted|p2a: Zamazenta
|-damage|p2a: Zamazenta|86/100 slp
|
|t:|1651343587
|switch|p1a: you|Calyrex-Shadow|76/100|[from]move: U-turn
|-ability|p1a: you|As One
|-ability|p1a: you|Unnerve
|
|upkeep
|turn|78
|
|t:|1651343595
|switch|p2a: Eternatus|Eternatus|100/100 par
|-ability|p2a: Eternatus|Pressure
|move|p1a: you|Astral Barrage|p2a: Eternatus
|-damage|p2a: Eternatus|60/100 par
|
|upkeep
|turn|79
|inactive|bignooblover has 90 seconds left.
|
|t:|1651343605
|move|p1a: you|Psyshock|p2a: Eternatus
|-supereffective|p2a: Eternatus
|-damage|p2a: Eternatus|0 fnt
|faint|p2a: Eternatus
|-ability|p1a: you|Grim Neigh|boost
|-boost|p1a: you|spa|1
|
|upkeep
|
|t:|1651343615
|switch|p2a: Yveltal|Yveltal|86/100
|-damage|p2a: Yveltal|61/100|[from] Stealth Rock
|-ability|p2a: Yveltal|Dark Aura
|turn|80
|inactive|bignooblover has 90 seconds left.
|
|t:|1651343633
|switch|p1a: gonna|Yveltal|88/100
|-ability|p1a: gonna|Dark Aura
|move|p2a: Yveltal|Roost|p2a: Yveltal
|-heal|p2a: Yveltal|100/100
|-singleturn|p2a: Yveltal|move: Roost
|
|upkeep
|turn|81
|
|t:|1651343653
|switch|p2a: Necrozma|Necrozma-Dusk-Mane|84/100 par
|-damage|p2a: Necrozma|78/100 par|[from] Stealth Rock
|move|p1a: gonna|Foul Play|p2a: Necrozma
|-supereffective|p2a: Necrozma
|-damage|p2a: Necrozma|7/100 par
|
|-heal|p2a: Necrozma|13/100 par|[from] item: Leftovers
|upkeep
|turn|82
|c|☆bignooblover|gg
|-message|bignooblover forfeited.
|
|win|Kage UwU
|raw|Kage UwU's rating: 1440 &rarr; <strong>1451</strong><br />(+11 for winning)
|raw|bignooblover's rating: 1272 &rarr; <strong>1258</strong><br />(-14 for losing)
|c|☆bignooblover|you seem arrogant btw
|l|☆Kage UwU
||Ladder isn't responding, score probably updated but might not have (Request timeout).
