|j|☆Magikarp4000
|j|☆Neutralist
|t:|1605776099
|player|p1|Magikarp4000|steven|1631
|player|p2|Neutralist|hilbert-dueldisk|1459
|teamsize|p1|6
|teamsize|p2|6
|gametype|singles
|gen|8
|tier|[Gen 8] Ubers
|rated|
|clearpoke
|poke|p1|Yveltal|
|poke|p1|Kyogre|
|poke|p1|Zacian-Crowned|
|poke|p1|Calyrex-Shadow|
|poke|p1|Zygarde|
|poke|p1|Necrozma-Dusk-Mane|
|poke|p2|Dialga|
|poke|p2|Groudon|
|poke|p2|Xerneas|
|poke|p2|Zacian-Crowned|
|poke|p2|Kyogre|
|poke|p2|Marshadow|
|rule|Sleep Clause Mod: Limit one foe put to sleep
|rule|Species Clause: Limit one of each Pokémon
|rule|OHKO Clause: OHKO moves are banned
|rule|Evasion Moves Clause: Evasion moves are banned
|rule|Endless Battle Clause: Forcing endless battles is banned
|rule|HP Percentage Mod: HP is shown in percentages
|rule|Dynamax Clause: You cannot dynamax
|teampreview
|c|☆Neutralist|wait it's all calyrex
|c|☆Magikarp4000|glhf
|c|☆Neutralist|and yes i'm trying to use dialga
|c|☆Magikarp4000|wat
|c|☆Magikarp4000|ok
|c|☆Magikarp4000|lol
|
|t:|1605776141
|start
|switch|p1a: Zacian|Zacian-Crowned|100/100
|switch|p2a: Kyogre|Kyogre|100/100
|-ability|p1a: Zacian|Intrepid Sword|boost
|-boost|p1a: Zacian|atk|1
|-weather|RainDance|[from] ability: Drizzle|[of] p2a: Kyogre
|turn|1
|c|☆Neutralist|seeing if it's viable
|
|t:|1605776149
|switch|p1a: Kyogre|Kyogre|100/100
|switch|p2a: Groudon|Groudon|100/100
|-weather|SunnyDay|[from] ability: Drought|[of] p2a: Groudon
|
|-weather|SunnyDay|[upkeep]
|upkeep
|turn|2
|
|t:|1605776153
|switch|p1a: Zygarde|Zygarde|100/100
|move|p2a: Groudon|Stealth Rock|p1a: Zygarde
|-sidestart|p1: Magikarp4000|move: Stealth Rock
|
|-weather|SunnyDay|[upkeep]
|upkeep
|turn|3
|
|t:|1605776156
|move|p1a: Zygarde|Glare|p2a: Groudon
|-status|p2a: Groudon|par
|move|p2a: Groudon|Roar|p1a: Zygarde
|drag|p1a: Kyogre|Kyogre|100/100
|-damage|p1a: Kyogre|88/100|[from] Stealth Rock
|-weather|RainDance|[from] ability: Drizzle|[of] p1a: Kyogre
|
|-weather|RainDance|[upkeep]
|upkeep
|turn|4
|
|t:|1605776167
|move|p1a: Kyogre|Water Spout|p2a: Groudon
|-supereffective|p2a: Groudon
|-damage|p2a: Groudon|0 fnt
|faint|p2a: Groudon
|
|-weather|RainDance|[upkeep]
|upkeep
|c|☆Magikarp4000|ig its ok
|
|t:|1605776170
|switch|p2a: Dialga|Dialga|100/100
|-ability|p2a: Dialga|Pressure
|turn|5
|c|☆Neutralist|ty
|
|t:|1605776179
|switch|p1a: Necrozma|Necrozma-Dusk-Mane|100/100
|-damage|p1a: Necrozma|94/100|[from] Stealth Rock
|move|p2a: Dialga|Trick Room|p2a: Dialga
|-fieldstart|move: Trick Room|[of] p2a: Dialga
|
|-weather|RainDance|[upkeep]
|upkeep
|turn|6
|
|t:|1605776187
|switch|p2a: Kyogre|Kyogre|100/100
|move|p1a: Necrozma|Stealth Rock|p2a: Kyogre
|-sidestart|p2: Neutralist|move: Stealth Rock
|
|-weather|RainDance|[upkeep]
|upkeep
|turn|7
|
|t:|1605776194
|switch|p1a: Kyogre|Kyogre|88/100
|-damage|p1a: Kyogre|76/100|[from] Stealth Rock
|move|p2a: Kyogre|Water Spout|p1a: Kyogre
|-resisted|p1a: Kyogre
|-damage|p1a: Kyogre|37/100
|
|-weather|none
|upkeep
|turn|8
|
|t:|1605776200
|move|p2a: Kyogre|Thunder|p1a: Kyogre
|-supereffective|p1a: Kyogre
|-damage|p1a: Kyogre|0 fnt
|faint|p1a: Kyogre
|
|upkeep
|c|☆Magikarp4000|why
|c|☆Neutralist|F
|c|☆Neutralist|i didn't deserve that
|
|t:|1605776215
|switch|p1a: Necrozma|Necrozma-Dusk-Mane|94/100
|-damage|p1a: Necrozma|88/100|[from] Stealth Rock
|turn|9
|
|t:|1605776218
|move|p1a: Necrozma|Knock Off|p2a: Kyogre
|-damage|p2a: Kyogre|63/100
|-enditem|p2a: Kyogre|Sea Incense|[from] move: Knock Off|[of] p1a: Necrozma
|move|p2a: Kyogre|Origin Pulse|p1a: Necrozma
|-damage|p1a: Necrozma|37/100
|
|-fieldend|move: Trick Room
|upkeep
|turn|10
|
|t:|1605776252
|switch|p1a: Yveltal|Yveltal|100/100
|-ability|p1a: Yveltal|Dark Aura
|move|p2a: Kyogre|Water Spout|p1a: Yveltal
|-damage|p1a: Yveltal|71/100
|
|upkeep
|turn|11
|
|t:|1605776257
|move|p1a: Yveltal|Sucker Punch|p2a: Kyogre
|-damage|p2a: Kyogre|15/100
|move|p2a: Kyogre|Ice Beam|p1a: Yveltal
|-supereffective|p1a: Yveltal
|-crit|p1a: Yveltal
|-damage|p1a: Yveltal|13/100
|-status|p1a: Yveltal|frz
|
|upkeep
|turn|12
|c|☆Neutralist|...
|c|☆Magikarp4000|bru
|c|☆Magikarp4000|hax man 101
|c|☆Neutralist|*s h r u g s*
|
|t:|1605776268
|cant|p1a: Yveltal|frz
|move|p2a: Kyogre|Ice Beam|p1a: Yveltal
|-supereffective|p1a: Yveltal
|-damage|p1a: Yveltal|0 fnt
|faint|p1a: Yveltal
|
|upkeep
|c|☆Neutralist|F
|c|☆Neutralist|at this point i think i can sweep with dialga but dm-necrozma's still here
|c|☆Neutralist|damnit
|j| BigConns
|inactive|Battle timer is ON: inactive players will automatically lose when time's up. (requested by Neutralist)
|c|☆Neutralist|yeah let's get this done with
|
|t:|1605776382
|switch|p1a: Calyrex|Calyrex-Shadow|100/100
|-ability|p1a: Calyrex|As One
|-ability|p1a: Calyrex|Unnerve|p2: Neutralist
|-damage|p1a: Calyrex|88/100|[from] Stealth Rock
|turn|13
|
|t:|1605776385
|move|p1a: Calyrex|Astral Barrage|p2a: Kyogre
|-damage|p2a: Kyogre|0 fnt
|faint|p2a: Kyogre
|-ability|p1a: Calyrex|Grim Neigh|boost
|-boost|p1a: Calyrex|spa|1
|
|upkeep
|
|t:|1605776392
|switch|p2a: Marshadow|Marshadow|100/100
|-damage|p2a: Marshadow|94/100|[from] Stealth Rock
|turn|14
|
|t:|1605776396
|switch|p1a: Zygarde|Zygarde|100/100
|-damage|p1a: Zygarde|94/100|[from] Stealth Rock
|move|p2a: Marshadow|Spectral Thief|p1a: Zygarde
|-damage|p1a: Zygarde|69/100
|
|-heal|p1a: Zygarde|75/100|[from] item: Leftovers
|upkeep
|turn|15
|
|t:|1605776399
|move|p2a: Marshadow|Spectral Thief|p1a: Zygarde
|-damage|p1a: Zygarde|53/100
|move|p1a: Zygarde|Glare|p2a: Marshadow
|-status|p2a: Marshadow|par
|
|-heal|p1a: Zygarde|59/100|[from] item: Leftovers
|upkeep
|turn|16
|
|t:|1605776405
|move|p1a: Zygarde|Glare|p2a: Marshadow
|-fail|p2a: Marshadow|par
|move|p2a: Marshadow|Spectral Thief|p1a: Zygarde
|-damage|p1a: Zygarde|35/100
|
|-heal|p1a: Zygarde|42/100|[from] item: Leftovers
|-activate|p1a: Zygarde|ability: Power Construct
|detailschange|p1a: Zygarde|Zygarde-Complete
|-heal|p1a: Zygarde|62/100|[silent]
|upkeep
|turn|17
|
|t:|1605776407
|move|p1a: Zygarde|Glare|p2a: Marshadow
|-fail|p2a: Marshadow|par
|move|p2a: Marshadow|Spectral Thief|p1a: Zygarde
|-damage|p1a: Zygarde|45/100
|
|-heal|p1a: Zygarde|51/100|[from] item: Leftovers
|upkeep
|turn|18
|
|t:|1605776411
|move|p1a: Zygarde|Thousand Arrows|p2a: Marshadow
|-damage|p2a: Marshadow|57/100 par
|move|p2a: Marshadow|Spectral Thief|p1a: Zygarde
|-damage|p1a: Zygarde|37/100
|
|-heal|p1a: Zygarde|43/100|[from] item: Leftovers
|upkeep
|turn|19
|
|t:|1605776414
|move|p1a: Zygarde|Rest|p1a: Zygarde
|-status|p1a: Zygarde|slp|[from] move: Rest
|-heal|p1a: Zygarde|100/100 slp|[silent]
|cant|p2a: Marshadow|par
|
|upkeep
|turn|20
|
|t:|1605776416
|switch|p2a: Dialga|Dialga|100/100
|-damage|p2a: Dialga|94/100|[from] Stealth Rock
|-ability|p2a: Dialga|Pressure
|cant|p1a: Zygarde|slp
|
|upkeep
|turn|21
|
|t:|1605776422
|switch|p1a: Zacian|Zacian-Crowned|100/100
|-damage|p1a: Zacian|94/100|[from] Stealth Rock
|-ability|p1a: Zacian|Intrepid Sword|boost
|-boost|p1a: Zacian|atk|1
|move|p2a: Dialga|Trick Room|p2a: Dialga
|-fieldstart|move: Trick Room|[of] p2a: Dialga
|
|upkeep
|turn|22
|
|t:|1605776427
|move|p2a: Dialga|Fire Blast|p1a: Zacian
|-supereffective|p1a: Zacian
|-damage|p1a: Zacian|0 fnt
|-damage|p2a: Dialga|84/100|[from] item: Life Orb
|faint|p1a: Zacian
|
|upkeep
|c|☆Neutralist|hmmmm
|
|t:|1605776432
|switch|p1a: Zygarde|Zygarde-Complete|100/100 slp
|-damage|p1a: Zygarde|94/100 slp|[from] Stealth Rock
|turn|23
|
|t:|1605776434
|move|p2a: Dialga|Draco Meteor|p1a: Zygarde
|-supereffective|p1a: Zygarde
|-damage|p1a: Zygarde|0 fnt
|-unboost|p2a: Dialga|spa|2
|-damage|p2a: Dialga|75/100|[from] item: Life Orb
|faint|p1a: Zygarde
|
|upkeep
|c|☆Neutralist|hmmmmm
|c|☆Magikarp4000|ugh i am tilted
|
|t:|1605776457
|switch|p1a: Necrozma|Necrozma-Dusk-Mane|37/100
|-damage|p1a: Necrozma|31/100|[from] Stealth Rock
|turn|24
|c|☆Neutralist|yeah can see
|
|t:|1605776461
|move|p1a: Necrozma|Knock Off|p2a: Dialga
|-damage|p2a: Dialga|50/100
|-enditem|p2a: Dialga|Life Orb|[from] move: Knock Off|[of] p1a: Necrozma
|move|p2a: Dialga|Fire Blast|p1a: Necrozma
|-supereffective|p1a: Necrozma
|-damage|p1a: Necrozma|3/100
|
|upkeep
|turn|25
|
|t:|1605776468
|switch|p2a: Xerneas|Xerneas|100/100
|-damage|p2a: Xerneas|88/100|[from] Stealth Rock
|-ability|p2a: Xerneas|Fairy Aura
|move|p1a: Necrozma|Morning Sun|p1a: Necrozma
|-heal|p1a: Necrozma|53/100
|
|-fieldend|move: Trick Room
|upkeep
|turn|26
|
|t:|1605776471
|move|p2a: Xerneas|Thunder|p1a: Necrozma
|-damage|p1a: Necrozma|21/100
|move|p1a: Necrozma|Sunsteel Strike|p2a: Xerneas
|-supereffective|p2a: Xerneas
|-damage|p2a: Xerneas|0 fnt
|faint|p2a: Xerneas
|
|upkeep
|
|t:|1605776475
|switch|p2a: Dialga|Dialga|50/100
|-damage|p2a: Dialga|44/100|[from] Stealth Rock
|-ability|p2a: Dialga|Pressure
|turn|27
|c|☆Magikarp4000|and i got slightly haxed
|
|t:|1605776482
|move|p1a: Necrozma|Sunsteel Strike|p2a: Dialga
|-resisted|p2a: Dialga
|-damage|p2a: Dialga|25/100
|move|p2a: Dialga|Trick Room|p2a: Dialga
|-fieldstart|move: Trick Room|[of] p2a: Dialga
|
|upkeep
|turn|28
|
|t:|1605776492
|move|p1a: Necrozma|Morning Sun|p1a: Necrozma
|-heal|p1a: Necrozma|71/100
|move|p2a: Dialga|Fire Blast|p1a: Necrozma
|-supereffective|p1a: Necrozma
|-damage|p1a: Necrozma|13/100
|
|upkeep
|turn|29
|
|t:|1605776506
|move|p1a: Necrozma|Morning Sun|p1a: Necrozma
|-heal|p1a: Necrozma|63/100
|move|p2a: Dialga|Fire Blast|p1a: Necrozma
|-supereffective|p1a: Necrozma
|-damage|p1a: Necrozma|6/100
|
|upkeep
|turn|30
|c|☆Neutralist|man LO would have helped so much
|
|t:|1605776533
|move|p1a: Necrozma|Morning Sun|p1a: Necrozma
|-heal|p1a: Necrozma|56/100
|move|p2a: Dialga|Fire Blast|p1a: Necrozma
|-supereffective|p1a: Necrozma
|-damage|p1a: Necrozma|0 fnt
|faint|p1a: Necrozma
|
|upkeep
|
|t:|1605776538
|switch|p1a: Calyrex|Calyrex-Shadow|88/100
|-ability|p1a: Calyrex|As One
|-ability|p1a: Calyrex|Unnerve|p2: Neutralist
|-damage|p1a: Calyrex|76/100|[from] Stealth Rock
|turn|31
|
|t:|1605776543
|move|p2a: Dialga|Draco Meteor|p1a: Calyrex
|-damage|p1a: Calyrex|0 fnt
|-unboost|p2a: Dialga|spa|2
|faint|p1a: Calyrex
|
|win|Neutralist
