|j|☆godofsamurais
|j|☆iamnotagenius
|inactive|Battle timer is ON: inactive players will automatically lose when time's up.
|t:|1636703524
|gametype|singles
|player|p1|godofsamurais|red|
|player|p2|iamnotagenius|2|
|teamsize|p1|6
|teamsize|p2|6
|gen|8
|tier|[Gen 8] Ubers
|rated|Tournament battle
|rule|Sleep Clause Mod: Limit one foe put to sleep
|rule|Species Clause: Limit one of each Pokémon
|rule|OHKO Clause: OHKO moves are banned
|rule|Evasion Moves Clause: Evasion moves are banned
|rule|Endless Battle Clause: Forcing endless battles is banned
|rule|HP Percentage Mod: HP is shown in percentages
|rule|Dynamax Clause: You cannot dynamax
|clearpoke
|poke|p1|Dracovish|
|poke|p1|Calyrex-Shadow|
|poke|p1|Regidrago|
|poke|p1|Rotom-Heat|
|poke|p1|Darmanitan-Galar, M|
|poke|p1|Cinderace, M|
|poke|p2|Calyrex-Ice|
|poke|p2|Yveltal|
|poke|p2|Groudon|
|poke|p2|Blissey, F|
|poke|p2|Xerneas-*|
|poke|p2|Marshadow|
|teampreview
|j|*Lady Monita ☽
|
|t:|1636703540
|start
|switch|p1a: Dracovish|Dracovish, shiny|100/100
|switch|p2a: Marshadow|Marshadow|100/100
|turn|1
|j| GodSlayerFist41
|j| gyronaught
|
|t:|1636703554
|move|p2a: Marshadow|Shadow Sneak|p1a: Dracovish
|-damage|p1a: Dracovish|59/100
|move|p1a: Dracovish|Fishious Rend|p2a: Marshadow
|-damage|p2a: Marshadow|1/100
|
|upkeep
|turn|2
|l| GodSlayerFist41
|
|t:|1636703566
|switch|p2a: Groudon|Groudon|100/100
|-weather|SunnyDay|[from] ability: Drought|[of] p2a: Groudon
|move|p1a: Dracovish|Fishious Rend|p2a: Groudon
|-supereffective|p2a: Groudon
|-damage|p2a: Groudon|7/100
|
|-weather|SunnyDay|[upkeep]
|-heal|p2a: Groudon|13/100|[from] item: Leftovers
|upkeep
|turn|3
|
|t:|1636703573
|move|p2a: Groudon|Precipice Blades|p1a: Dracovish
|-damage|p1a: Dracovish|0 fnt
|faint|p1a: Dracovish
|
|-weather|SunnyDay|[upkeep]
|-heal|p2a: Groudon|19/100|[from] item: Leftovers
|upkeep
|
|t:|1636703577
|switch|p1a: Calyrex|Calyrex-Shadow|100/100
|-ability|p1a: Calyrex|As One
|-ability|p1a: Calyrex|Unnerve
|turn|4
|
|t:|1636703582
|switch|p2a: Yveltal|Yveltal|100/100
|-ability|p2a: Yveltal|Dark Aura
|move|p1a: Calyrex|Energy Ball|p2a: Yveltal
|-resisted|p2a: Yveltal
|-damage|p2a: Yveltal|85/100
|
|-weather|SunnyDay|[upkeep]
|upkeep
|turn|5
|
|t:|1636703588
|switch|p1a: Rotom|Rotom-Heat, shiny|100/100
|move|p2a: Yveltal|U-turn|p1a: Rotom
|-resisted|p1a: Rotom
|-damage|p1a: Rotom|91/100
|
|t:|1636703596
|switch|p2a: Xerneas|Xerneas|100/100|[from]move: U-turn
|-ability|p2a: Xerneas|Fairy Aura
|
|-weather|SunnyDay|[upkeep]
|upkeep
|turn|6
|
|t:|1636703598
|move|p1a: Rotom|Trick|p2a: Xerneas
|-activate|p1a: Rotom|move: Trick|[of] p2a: Xerneas
|-item|p2a: Xerneas|Choice Scarf|[from] move: Trick
|-item|p1a: Rotom|Power Herb|[from] move: Trick
|move|p2a: Xerneas|Geomancy||[still]
|-prepare|p2a: Xerneas|Geomancy
|
|-weather|none
|upkeep
|turn|7
|
|t:|1636703609
|switch|p1a: Cinderace|Cinderace, M|100/100
|move|p2a: Xerneas|Geomancy|p2a: Xerneas|[from]lockedmove
|-boost|p2a: Xerneas|spa|2
|-boost|p2a: Xerneas|spd|2
|-boost|p2a: Xerneas|spe|2
|
|upkeep
|turn|8
|
|t:|1636703623
|switch|p2a: Groudon|Groudon|19/100
|-weather|SunnyDay|[from] ability: Drought|[of] p2a: Groudon
|move|p1a: Cinderace|Gunk Shot|p2a: Groudon
|-start|p1a: Cinderace|typechange|Poison|[from] ability: Libero
|-resisted|p2a: Groudon
|-damage|p2a: Groudon|0 fnt
|faint|p2a: Groudon
|-damage|p1a: Cinderace|91/100|[from] item: Life Orb
|
|-weather|SunnyDay|[upkeep]
|upkeep
|
|t:|1636703631
|switch|p2a: Yveltal|Yveltal|85/100
|-ability|p2a: Yveltal|Dark Aura
|turn|9
|
|t:|1636703636
|move|p1a: Cinderace|Pyro Ball|p2a: Yveltal
|-start|p1a: Cinderace|typechange|Fire|[from] ability: Libero
|-damage|p2a: Yveltal|0 fnt
|faint|p2a: Yveltal
|-damage|p1a: Cinderace|81/100|[from] item: Life Orb
|
|-weather|SunnyDay|[upkeep]
|upkeep
|inactive|iamnotagenius has 120 seconds left.
|
|t:|1636703693
|switch|p2a: Xerneas|Xerneas|100/100
|-ability|p2a: Xerneas|Fairy Aura
|turn|10
|
|t:|1636703707
|move|p2a: Xerneas|Moonblast|p1a: Cinderace
|-resisted|p1a: Cinderace
|-damage|p1a: Cinderace|34/100
|move|p1a: Cinderace|Gunk Shot|p2a: Xerneas
|-start|p1a: Cinderace|typechange|Poison|[from] ability: Libero
|-supereffective|p2a: Xerneas
|-damage|p2a: Xerneas|0 fnt
|faint|p2a: Xerneas
|-damage|p1a: Cinderace|24/100|[from] item: Life Orb
|
|-weather|SunnyDay|[upkeep]
|upkeep
|
|t:|1636703710
|switch|p2a: Marshadow|Marshadow|1/100
|turn|11
|
|t:|1636703715
|move|p2a: Marshadow|Shadow Sneak|p1a: Cinderace
|-damage|p1a: Cinderace|0 fnt
|faint|p1a: Cinderace
|
|-weather|SunnyDay|[upkeep]
|upkeep
|
|t:|1636703722
|switch|p1a: Darmanitan|Darmanitan-Galar, M, shiny|100/100
|turn|12
|inactive|iamnotagenius has 120 seconds left.
|
|t:|1636703727
|switch|p2a: Calyrex|Calyrex-Ice|100/100
|-ability|p2a: Calyrex|As One
|-ability|p2a: Calyrex|Unnerve
|move|p1a: Darmanitan|Fire Punch|p2a: Calyrex
|-supereffective|p2a: Calyrex
|-damage|p2a: Calyrex|11/100
|
|-weather|none
|upkeep
|turn|13
|
|t:|1636703735
|move|p1a: Darmanitan|Fire Punch|p2a: Calyrex
|-supereffective|p2a: Calyrex
|-damage|p2a: Calyrex|0 fnt
|faint|p2a: Calyrex
|
|upkeep
|
|t:|1636703738
|switch|p2a: Marshadow|Marshadow|1/100
|turn|14
|
|t:|1636703747
|move|p1a: Darmanitan|Fire Punch|p2a: Marshadow
|-damage|p2a: Marshadow|0 fnt
|faint|p2a: Marshadow
|
|upkeep
|
|t:|1636703749
|switch|p2a: Blissey|Blissey, F|100/100
|turn|15
|
|t:|1636703754
|move|p1a: Darmanitan|Fire Punch|p2a: Blissey
|-damage|p2a: Blissey|52/100
|move|p2a: Blissey|Thunder Wave|p1a: Darmanitan|[miss]
|-miss|p2a: Blissey|p1a: Darmanitan
|
|upkeep
|turn|16
|
|t:|1636703757
|move|p1a: Darmanitan|Fire Punch|p2a: Blissey
|-damage|p2a: Blissey|3/100
|move|p2a: Blissey|Thunder Wave|p1a: Darmanitan|[miss]
|-miss|p2a: Blissey|p1a: Darmanitan
|
|upkeep
|turn|17
|
|t:|1636703760
|move|p1a: Darmanitan|Fire Punch|p2a: Blissey
|-damage|p2a: Blissey|0 fnt
|faint|p2a: Blissey
|
|win|godofsamurais
|n|☆godofsamurais|godofsamurais
|n|☆iamnotagenius|iamnotagenius
|n|*Lady Monita ☽|ladymonita
|n| gyronaught|gyronaught
|l|*Lady Monita ☽
|l|☆iamnotagenius
|c|☆godofsamurais|gg
