|j|☆ray713testteam
|j|☆SauceTartareWars
|player|p1|ray713testteam|ethan|1317
|player|p2|SauceTartareWars|102|1156
|teamsize|p1|6
|teamsize|p2|6
|gametype|singles
|gen|8
|tier|[Gen 8] Ubers
|rated|
|rule|Sleep Clause Mod: Limit one foe put to sleep
|rule|Species Clause: Limit one of each Pokémon
|rule|OHKO Clause: OHKO moves are banned
|rule|Evasion Moves Clause: Evasion moves are banned
|rule|Endless Battle Clause: Forcing endless battles is banned
|rule|HP Percentage Mod: HP is shown in percentages
|clearpoke
|poke|p1|Ninetales, M|item
|poke|p1|Eternatus|item
|poke|p1|Zacian-Crowned|item
|poke|p1|Ditto|item
|poke|p1|Claydol|item
|poke|p1|Rotom-Heat|item
|poke|p2|Charizard, M|item
|poke|p2|Dugtrio, F|item
|poke|p2|Zamazenta-Crowned|item
|poke|p2|Ditto|item
|poke|p2|Zacian-Crowned|item
|poke|p2|Eternatus|item
|teampreview
|
|start
|switch|p1a: Claydol|Claydol|100/100
|switch|p2a: Dugtrio|Dugtrio, F|100/100
|turn|1
|
|move|p2a: Dugtrio|Stealth Rock|p1a: Claydol
|-sidestart|p1: ray713testteam|move: Stealth Rock
|move|p1a: Claydol|Rapid Spin|p2a: Dugtrio
|-damage|p2a: Dugtrio|69/100
|-sideend|p1: ray713testteam|Stealth Rock|[from] move: Rapid Spin|[of] p1a: Claydol
|-boost|p1a: Claydol|spe|1
|
|upkeep
|turn|2
|
|-start|p2a: Dugtrio|Dynamax
|-heal|p2a: Dugtrio|69/100|[silent]
|move|p1a: Claydol|Stealth Rock|p2a: Dugtrio
|-sidestart|p2: SauceTartareWars|move: Stealth Rock
|move|p2a: Dugtrio|Max Rockfall|p1a: Claydol
|-resisted|p1a: Claydol
|-damage|p1a: Claydol|78/100
|-weather|Sandstorm
|
|-weather|Sandstorm|[upkeep]
|upkeep
|turn|3
|
|-hint|Dynamax ended.
|switch|p2a: Charizard|Charizard, M|100/100
|-damage|p2a: Charizard|51/100|[from] Stealth Rock
|move|p1a: Claydol|Explosion|p2a: Charizard
|-damage|p2a: Charizard|0 fnt
|faint|p1a: Claydol
|faint|p2a: Charizard
|
|-weather|Sandstorm|[upkeep]
|upkeep
|
|switch|p2a: Dugtrio|Dugtrio, F|69/100
|switch|p1a: Zacian|Zacian-Crowned|100/100
|-damage|p2a: Dugtrio|63/100|[from] Stealth Rock
|-ability|p1a: Zacian|Intrepid Sword|boost
|-boost|p1a: Zacian|atk|1
|turn|4
|
|move|p2a: Dugtrio|Memento|p1a: Zacian
|-unboost|p1a: Zacian|atk|2
|-unboost|p1a: Zacian|spa|2
|faint|p2a: Dugtrio
|move|p1a: Zacian|Play Rough|p2: Dugtrio|[notarget]
|-fail|p1a: Zacian
|
|-weather|Sandstorm|[upkeep]
|upkeep
|
|switch|p2a: Eternatus|Eternatus|100/100
|-damage|p2a: Eternatus|88/100|[from] Stealth Rock
|-ability|p2a: Eternatus|Pressure
|turn|5
|
|switch|p1a: Ninetales|Ninetales, M|100/100
|-weather|SunnyDay|[from] ability: Drought|[of] p1a: Ninetales
|move|p2a: Eternatus|Substitute|p2a: Eternatus
|-start|p2a: Eternatus|Substitute
|-damage|p2a: Eternatus|63/100
|
|-weather|SunnyDay|[upkeep]
|upkeep
|turn|6
|
|move|p1a: Ninetales|Dark Pulse|p2a: Eternatus
|-activate|p2a: Eternatus|move: Substitute|[damage]
|move|p2a: Eternatus|Dynamax Cannon|p1a: Ninetales
|-damage|p1a: Ninetales|10/100
|-damage|p2a: Eternatus|53/100|[from] item: Life Orb
|
|-weather|SunnyDay|[upkeep]
|upkeep
|turn|7
|
|move|p1a: Ninetales|Dark Pulse|p2a: Eternatus
|-end|p2a: Eternatus|Substitute
|move|p2a: Eternatus|Dynamax Cannon|p1a: Ninetales
|-damage|p1a: Ninetales|0 fnt
|-damage|p2a: Eternatus|43/100|[from] item: Life Orb
|faint|p1a: Ninetales
|
|-weather|SunnyDay|[upkeep]
|upkeep
|
|switch|p1a: Zacian|Zacian-Crowned|100/100
|-ability|p1a: Zacian|Intrepid Sword|boost
|-boost|p1a: Zacian|atk|1
|turn|8
|
|move|p1a: Zacian|Psychic Fangs|p2a: Eternatus
|-supereffective|p2a: Eternatus
|-damage|p2a: Eternatus|0 fnt
|faint|p2a: Eternatus
|
|-weather|SunnyDay|[upkeep]
|upkeep
|
|switch|p2a: Ditto|Ditto|100/100
|-damage|p2a: Ditto|88/100|[from] Stealth Rock
|-transform|p2a: Ditto|p1a: Zacian|[from] ability: Imposter
|-ability|p2a: Ditto|Intrepid Sword|boost
|-boost|p2a: Ditto|atk|1
|turn|9
|
|move|p2a: Ditto|Fire Fang|p1a: Zacian
|-supereffective|p1a: Zacian
|-damage|p1a: Zacian|0 fnt
|faint|p1a: Zacian
|
|-weather|SunnyDay|[upkeep]
|upkeep
|
|switch|p1a: Rotom|Rotom-Heat|100/100
|turn|10
|
|move|p2a: Ditto|Fire Fang|p1a: Rotom
|-resisted|p1a: Rotom
|-damage|p1a: Rotom|45/100
|cant|p1a: Rotom|flinch
|
|-weather|SunnyDay|[upkeep]
|upkeep
|turn|11
|
|switch|p1a: Eternatus|Eternatus|100/100
|-ability|p1a: Eternatus|Pressure
|move|p2a: Ditto|Fire Fang|p1a: Eternatus
|-resisted|p1a: Eternatus
|-damage|p1a: Eternatus|68/100
|
|-weather|SunnyDay|[upkeep]
|upkeep
|turn|12
|
|move|p2a: Ditto|Fire Fang|p1a: Eternatus
|-resisted|p1a: Eternatus
|-damage|p1a: Eternatus|33/100
|move|p1a: Eternatus|Recover|p1a: Eternatus
|-heal|p1a: Eternatus|83/100
|
|-weather|none
|upkeep
|turn|13
|
|-activate|p2a: Ditto|move: Struggle
|move|p2a: Ditto|Struggle|p1a: Eternatus
|-damage|p1a: Eternatus|44/100
|-damage|p2a: Ditto|63/100|[from] recoil
|move|p1a: Eternatus|Substitute|p1a: Eternatus
|-start|p1a: Eternatus|Substitute
|-damage|p1a: Eternatus|19/100
|
|upkeep
|turn|14
|
|-activate|p2a: Ditto|move: Struggle
|move|p2a: Ditto|Struggle|p1a: Eternatus
|-end|p1a: Eternatus|Substitute
|-damage|p2a: Ditto|38/100|[from] recoil
|move|p1a: Eternatus|Recover|p1a: Eternatus
|-heal|p1a: Eternatus|69/100
|
|upkeep
|turn|15
|c|☆SauceTartareWars|a struggle that can break a sub
|
|-activate|p2a: Ditto|move: Struggle
|move|p2a: Ditto|Struggle|p1a: Eternatus
|-damage|p1a: Eternatus|32/100
|-damage|p2a: Ditto|13/100|[from] recoil
|move|p1a: Eternatus|Recover|p1a: Eternatus
|-heal|p1a: Eternatus|82/100
|
|upkeep
|turn|16
|c|☆SauceTartareWars|*who can
|
|switch|p1a: Rotom|Rotom-Heat|45/100
|-activate|p2a: Ditto|move: Struggle
|move|p2a: Ditto|Struggle|p1a: Rotom
|-damage|p1a: Rotom|0 fnt
|-damage|p2a: Ditto|0 fnt|[from] recoil
|faint|p1a: Rotom
|faint|p2a: Ditto
|
|upkeep
|
|switch|p1a: Ditto|Ditto|100/100
|switch|p2a: Zamazenta|Zamazenta-Crowned|100/100
|-damage|p2a: Zamazenta|97/100|[from] Stealth Rock
|-ability|p2a: Zamazenta|Dauntless Shield|boost
|-boost|p2a: Zamazenta|def|1
|-transform|p1a: Ditto|p2a: Zamazenta|[from] ability: Imposter
|-ability|p1a: Ditto|Dauntless Shield|boost
|-boost|p1a: Ditto|def|1
|turn|17
|
|switch|p1a: Eternatus|Eternatus|82/100
|-ability|p1a: Eternatus|Pressure
|move|p2a: Zamazenta|Metal Burst||[still]
|-fail|p2a: Zamazenta
|
|upkeep
|turn|18
|
|move|p1a: Eternatus|Substitute|p1a: Eternatus
|-start|p1a: Eternatus|Substitute
|-damage|p1a: Eternatus|57/100
|move|p2a: Zamazenta|Behemoth Bash|p1a: Eternatus
|-end|p1a: Eternatus|Substitute
|
|upkeep
|turn|19
|
|move|p1a: Eternatus|Recover|p1a: Eternatus
|-heal|p1a: Eternatus|100/100
|move|p2a: Zamazenta|Behemoth Bash|p1a: Eternatus
|-damage|p1a: Eternatus|66/100
|
|upkeep
|turn|20
|
|move|p1a: Eternatus|Recover|p1a: Eternatus
|-heal|p1a: Eternatus|100/100
|move|p2a: Zamazenta|Behemoth Bash|p1a: Eternatus
|-crit|p1a: Eternatus
|-damage|p1a: Eternatus|43/100
|
|upkeep
|turn|21
|
|switch|p2a: Zacian|Zacian-Crowned|100/100
|-damage|p2a: Zacian|94/100|[from] Stealth Rock
|-ability|p2a: Zacian|Intrepid Sword|boost
|-boost|p2a: Zacian|atk|1
|move|p1a: Eternatus|Substitute|p1a: Eternatus
|-start|p1a: Eternatus|Substitute
|-damage|p1a: Eternatus|18/100
|
|upkeep
|turn|22
|
|move|p2a: Zacian|Psychic Fangs|p1a: Eternatus
|-supereffective|p1a: Eternatus
|-end|p1a: Eternatus|Substitute
|move|p1a: Eternatus|Flamethrower|p2a: Zacian
|-supereffective|p2a: Zacian
|-damage|p2a: Zacian|17/100
|-damage|p1a: Eternatus|8/100|[from] item: Life Orb
|
|upkeep
|turn|23
|
|move|p2a: Zacian|Fire Fang|p1a: Eternatus
|-resisted|p1a: Eternatus
|-damage|p1a: Eternatus|0 fnt
|faint|p1a: Eternatus
|
|upkeep
|
|switch|p1a: Ditto|Ditto|100/100
|-transform|p1a: Ditto|p2a: Zacian|[from] ability: Imposter
|-ability|p1a: Ditto|Intrepid Sword|boost
|-boost|p1a: Ditto|atk|1
|turn|24
|
|move|p1a: Ditto|Fire Fang|p2a: Zacian
|-supereffective|p2a: Zacian
|-damage|p2a: Zacian|0 fnt
|faint|p2a: Zacian
|
|upkeep
|
|switch|p2a: Zamazenta|Zamazenta-Crowned|97/100
|-damage|p2a: Zamazenta|94/100|[from] Stealth Rock
|-ability|p2a: Zamazenta|Dauntless Shield|boost
|-boost|p2a: Zamazenta|def|1
|turn|25
|
|move|p1a: Ditto|Fire Fang|p2a: Zamazenta
|-supereffective|p2a: Zamazenta
|-damage|p2a: Zamazenta|54/100
|move|p2a: Zamazenta|Metal Burst|p1a: Ditto
|-damage|p1a: Ditto|22/100
|
|upkeep
|turn|26
|
|move|p1a: Ditto|Fire Fang|p2a: Zamazenta
|-supereffective|p2a: Zamazenta
|-damage|p2a: Zamazenta|14/100
|move|p2a: Zamazenta|Metal Burst|p1a: Ditto
|-damage|p1a: Ditto|0 fnt
|faint|p1a: Ditto
|
|win|SauceTartareWars
|raw|ray713testteam's rating: 1317 &rarr; <strong>1288</strong><br />(-29 for losing)
|raw|SauceTartareWars's rating: 1156 &rarr; <strong>1192</strong><br />(+36 for winning)
|c|☆SauceTartareWars|gg
|l|☆ray713testteam
