|j|☆getess
|j|☆4125al41
|t:|1655387577
|gametype|singles
|player|p1|getess|psychicf-gen4|
|player|p2|4125al41|steven|
|teamsize|p1|6
|teamsize|p2|6
|gen|8
|tier|[Gen 8] Ubers
|rated|Tournament battle
|rule|Sleep Clause Mod: Limit one foe put to sleep
|rule|Species Clause: Limit one of each Pokémon
|rule|OHKO Clause: OHKO moves are banned
|rule|Evasion Moves Clause: Evasion moves are banned
|rule|Endless Battle Clause: Forcing endless battles is banned
|rule|HP Percentage Mod: HP is shown in percentages
|rule|Dynamax Clause: You cannot dynamax
|clearpoke
|poke|p1|Ditto|
|poke|p1|Porygon-Z|
|poke|p1|Yveltal|
|poke|p1|Calyrex-Ice|
|poke|p1|Ho-Oh|
|poke|p1|Lugia|
|poke|p2|Marshadow|
|poke|p2|Eternatus|
|poke|p2|Calyrex-Shadow|
|poke|p2|Ho-Oh|
|poke|p2|Xerneas-*|
|poke|p2|Groudon|
|teampreview
|j| NeonJolteonWasUsed
|
|t:|1655387599
|start
|switch|p1a: Lugia|Lugia|100/100
|switch|p2a: Ho-Oh|Ho-Oh|100/100
|turn|1
|
|t:|1655387603
|move|p1a: Lugia|Toxic|p2a: Ho-Oh
|-status|p2a: Ho-Oh|tox
|move|p2a: Ho-Oh|Toxic|p1a: Lugia|[miss]
|-miss|p2a: Ho-Oh|p1a: Lugia
|
|-damage|p2a: Ho-Oh|94/100 tox|[from] psn
|upkeep
|turn|2
|inactive|Battle timer is ON: inactive players will automatically lose when time's up. (requested by 4125al41)
|
|t:|1655387610
|switch|p1a: Porygon-Z|Porygon-Z|100/100
|move|p2a: Ho-Oh|Sacred Fire|p1a: Porygon-Z
|-damage|p1a: Porygon-Z|29/100
|
|-damage|p2a: Ho-Oh|82/100 tox|[from] psn
|upkeep
|turn|3
|
|t:|1655387619
|switch|p2a: Groudon|Groudon|100/100
|-weather|SunnyDay|[from] ability: Drought|[of] p2a: Groudon
|move|p1a: Porygon-Z|Hyper Beam|p2a: Groudon
|-damage|p2a: Groudon|0 fnt
|-mustrecharge|p1a: Porygon-Z
|faint|p2a: Groudon
|
|-weather|SunnyDay|[upkeep]
|upkeep
|
|t:|1655387627
|switch|p2a: Ho-Oh|Ho-Oh|100/100 tox
|turn|4
|
|t:|1655387630
|cant|p1a: Porygon-Z|recharge
|move|p2a: Ho-Oh|Sacred Fire|p1a: Porygon-Z
|-damage|p1a: Porygon-Z|0 fnt
|faint|p1a: Porygon-Z
|
|-weather|SunnyDay|[upkeep]
|-damage|p2a: Ho-Oh|94/100 tox|[from] psn
|upkeep
|
|t:|1655387636
|switch|p1a: Ho-Oh|Ho-Oh|100/100
|turn|5
|
|t:|1655387641
|switch|p2a: Eternatus|Eternatus|100/100
|-ability|p2a: Eternatus|Pressure
|move|p1a: Ho-Oh|Brave Bird|p2a: Eternatus
|-damage|p2a: Eternatus|53/100
|-damage|p1a: Ho-Oh|84/100|[from] Recoil
|
|-weather|SunnyDay|[upkeep]
|upkeep
|turn|6
|
|t:|1655387646
|switch|p1a: Ditto|Ditto|100/100
|-transform|p1a: Ditto|p2a: Eternatus|[from] ability: Imposter
|-ability|p1a: Ditto|Pressure
|move|p2a: Eternatus|Recover|p2a: Eternatus
|-heal|p2a: Eternatus|100/100
|
|-weather|SunnyDay|[upkeep]
|upkeep
|turn|7
|
|t:|1655387656
|switch|p1a: Ho-Oh|Ho-Oh|100/100
|move|p2a: Eternatus|Dynamax Cannon|p1a: Ho-Oh
|-damage|p1a: Ho-Oh|66/100
|
|-weather|none
|upkeep
|turn|8
|
|t:|1655387670
|switch|p1a: Calyrex|Calyrex-Ice|100/100
|-ability|p1a: Calyrex|As One
|-ability|p1a: Calyrex|Unnerve
|move|p2a: Eternatus|Dynamax Cannon|p1a: Calyrex
|-damage|p1a: Calyrex|49/100
|
|-heal|p1a: Calyrex|55/100|[from] item: Leftovers
|upkeep
|turn|9
|
|t:|1655387674
|move|p2a: Eternatus|Meteor Beam||[still]
|-prepare|p2a: Eternatus|Meteor Beam
|-boost|p2a: Eternatus|spa|1
|-enditem|p2a: Eternatus|Power Herb
|-anim|p2a: Eternatus|Meteor Beam|p1a: Calyrex
|-supereffective|p1a: Calyrex
|-damage|p1a: Calyrex|0 fnt
|faint|p1a: Calyrex
|
|upkeep
|
|t:|1655387677
|switch|p1a: Ditto|Ditto|100/100
|-transform|p1a: Ditto|p2a: Eternatus|[from] ability: Imposter
|-ability|p1a: Ditto|Pressure
|turn|10
|
|t:|1655387681
|switch|p2a: Ho-Oh|Ho-Oh|100/100 tox
|move|p1a: Ditto|Dynamax Cannon|p2a: Ho-Oh
|-damage|p2a: Ho-Oh|54/100 tox
|
|-damage|p2a: Ho-Oh|47/100 tox|[from] psn
|upkeep
|turn|11
|
|t:|1655387693
|switch|p1a: Ho-Oh|Ho-Oh|99/100
|switch|p2a: Xerneas|Xerneas|100/100
|-ability|p2a: Xerneas|Fairy Aura
|
|upkeep
|turn|12
|
|t:|1655387697
|move|p2a: Xerneas|Rock Slide|p1a: Ho-Oh
|-supereffective|p1a: Ho-Oh
|-damage|p1a: Ho-Oh|15/100
|move|p1a: Ho-Oh|Thunder Wave|p2a: Xerneas
|-status|p2a: Xerneas|par
|
|upkeep
|turn|13
|l| NeonJolteonWasUsed
|
|t:|1655387708
|switch|p1a: Yveltal|Yveltal|100/100
|-ability|p1a: Yveltal|Dark Aura
|cant|p2a: Xerneas|par
|
|upkeep
|turn|14
|
|t:|1655387716
|switch|p2a: Eternatus|Eternatus|100/100
|-ability|p2a: Eternatus|Pressure
|move|p1a: Yveltal|Hone Claws|p1a: Yveltal
|-boost|p1a: Yveltal|atk|1
|-boost|p1a: Yveltal|accuracy|1
|
|upkeep
|turn|15
|
|t:|1655387727
|move|p2a: Eternatus|Meteor Beam||[still]
|-prepare|p2a: Eternatus|Meteor Beam
|-boost|p2a: Eternatus|spa|1
|move|p1a: Yveltal|Knock Off|p2a: Eternatus
|-crit|p2a: Eternatus
|-damage|p2a: Eternatus|0 fnt
|faint|p2a: Eternatus
|
|upkeep
|
|t:|1655387742
|switch|p2a: Calyrex|Calyrex-Shadow|100/100
|-ability|p2a: Calyrex|As One
|-ability|p2a: Calyrex|Unnerve
|turn|16
|
|t:|1655387746
|move|p2a: Calyrex|Aromatherapy|p2a: Calyrex
|-activate|p2a: Calyrex|move: Aromatherapy
|-curestatus|p2: Xerneas|par|[msg]
|-curestatus|p2: Ho-Oh|tox|[msg]
|move|p1a: Yveltal|Knock Off|p2a: Calyrex
|-supereffective|p2a: Calyrex
|-damage|p2a: Calyrex|0 fnt
|-enditem|p2a: Calyrex|Choice Specs|[from] move: Knock Off|[of] p1a: Yveltal
|faint|p2a: Calyrex
|
|upkeep
|
|t:|1655387748
|switch|p2a: Xerneas|Xerneas|100/100
|-ability|p2a: Xerneas|Fairy Aura
|turn|17
|
|t:|1655387755
|switch|p1a: Ho-Oh|Ho-Oh|49/100
|move|p2a: Xerneas|Play Rough|p1a: Ho-Oh
|-resisted|p1a: Ho-Oh
|-damage|p1a: Ho-Oh|25/100
|
|upkeep
|turn|18
|
|t:|1655387761
|switch|p2a: Ho-Oh|Ho-Oh|81/100
|switch|p1a: Lugia|Lugia|100/100
|
|upkeep
|turn|19
|
|t:|1655387766
|move|p1a: Lugia|Toxic|p2a: Ho-Oh
|-status|p2a: Ho-Oh|tox
|move|p2a: Ho-Oh|Toxic|p1a: Lugia
|-status|p1a: Lugia|tox
|
|-damage|p1a: Lugia|94/100 tox|[from] psn
|-damage|p2a: Ho-Oh|75/100 tox|[from] psn
|upkeep
|turn|20
|
|t:|1655387776
|switch|p2a: tensa-zangetsu|Marshadow|100/100
|move|p1a: Lugia|Toxic|p2a: tensa-zangetsu
|-status|p2a: tensa-zangetsu|tox
|
|-damage|p2a: tensa-zangetsu|94/100 tox|[from] psn
|-damage|p1a: Lugia|82/100 tox|[from] psn
|upkeep
|turn|21
|
|t:|1655387789
|move|p2a: tensa-zangetsu|Close Combat|p1a: Lugia
|-resisted|p1a: Lugia
|-damage|p1a: Lugia|73/100 tox
|-unboost|p2a: tensa-zangetsu|def|1
|-unboost|p2a: tensa-zangetsu|spd|1
|move|p1a: Lugia|Roost|p1a: Lugia
|-heal|p1a: Lugia|100/100 tox
|-singleturn|p1a: Lugia|move: Roost
|
|-damage|p2a: tensa-zangetsu|82/100 tox|[from] psn
|-damage|p1a: Lugia|82/100 tox|[from] psn
|upkeep
|turn|22
|
|t:|1655387796
|switch|p2a: Ho-Oh|Ho-Oh|100/100 tox
|move|p1a: Lugia|Toxic|p2a: Ho-Oh
|-fail|p2a: Ho-Oh|tox
|
|-damage|p1a: Lugia|58/100 tox|[from] psn
|-damage|p2a: Ho-Oh|94/100 tox|[from] psn
|upkeep
|turn|23
|
|t:|1655387803
|switch|p1a: Ho-Oh|Ho-Oh|58/100
|switch|p2a: tensa-zangetsu|Marshadow|82/100 tox
|
|-damage|p2a: tensa-zangetsu|76/100 tox|[from] psn
|upkeep
|turn|24
|
|t:|1655387810
|switch|p1a: Lugia|Lugia|58/100 tox
|move|p2a: tensa-zangetsu|Spectral Thief|p1a: Lugia
|-supereffective|p1a: Lugia
|-damage|p1a: Lugia|0 fnt
|faint|p1a: Lugia
|
|-damage|p2a: tensa-zangetsu|63/100 tox|[from] psn
|upkeep
|
|t:|1655387818
|switch|p1a: Ho-Oh|Ho-Oh|91/100
|turn|25
|
|t:|1655387822
|switch|p2a: Ho-Oh|Ho-Oh|100/100 tox
|move|p1a: Ho-Oh|Brave Bird|p2a: Ho-Oh
|-damage|p2a: Ho-Oh|63/100 tox
|-damage|p1a: Ho-Oh|78/100|[from] Recoil
|
|-damage|p2a: Ho-Oh|56/100 tox|[from] psn
|upkeep
|turn|26
|
|t:|1655387831
|switch|p2a: Xerneas|Xerneas|100/100
|-ability|p2a: Xerneas|Fairy Aura
|move|p1a: Ho-Oh|Brave Bird|p2a: Xerneas
|-damage|p2a: Xerneas|52/100
|-damage|p1a: Ho-Oh|63/100|[from] Recoil
|
|upkeep
|turn|27
|
|t:|1655387836
|switch|p1a: Ditto|Ditto|100/100
|-transform|p1a: Ditto|p2a: Xerneas|[from] ability: Imposter
|-ability|p1a: Ditto|Fairy Aura
|move|p2a: Xerneas|Rock Slide|p1a: Ditto
|-damage|p1a: Ditto|64/100
|
|upkeep
|turn|28
|
|t:|1655387851
|move|p1a: Ditto|Rock Slide|p2a: Xerneas
|-crit|p2a: Xerneas
|-damage|p2a: Xerneas|12/100
|move|p2a: Xerneas|Rock Slide|p1a: Ditto
|-damage|p1a: Ditto|32/100
|
|upkeep
|turn|29
|
|t:|1655387859
|switch|p2a: tensa-zangetsu|Marshadow|63/100 tox
|move|p1a: Ditto|Rock Slide|p2a: tensa-zangetsu
|-resisted|p2a: tensa-zangetsu
|-damage|p2a: tensa-zangetsu|46/100 tox
|
|-damage|p2a: tensa-zangetsu|40/100 tox|[from] psn
|upkeep
|turn|30
|
|t:|1655387866
|switch|p1a: Yveltal|Yveltal|100/100
|-ability|p1a: Yveltal|Dark Aura
|move|p2a: tensa-zangetsu|Endeavor|p1a: Yveltal
|-damage|p1a: Yveltal|28/100
|
|-damage|p2a: tensa-zangetsu|27/100 tox|[from] psn
|upkeep
|turn|31
|
|t:|1655387874
|switch|p1a: Ditto|Ditto|32/100
|-transform|p1a: Ditto|p2a: tensa-zangetsu|[from] ability: Imposter
|move|p2a: tensa-zangetsu|Shadow Sneak|p1a: Ditto
|-supereffective|p1a: Ditto
|-damage|p1a: Ditto|0 fnt
|faint|p1a: Ditto
|
|-damage|p2a: tensa-zangetsu|9/100 tox|[from] psn
|upkeep
|
|t:|1655387882
|switch|p1a: Yveltal|Yveltal|28/100
|-ability|p1a: Yveltal|Dark Aura
|turn|32
|
|t:|1655387888
|switch|p2a: Ho-Oh|Ho-Oh|90/100 tox
|move|p1a: Yveltal|Roost|p1a: Yveltal
|-heal|p1a: Yveltal|78/100
|-singleturn|p1a: Yveltal|move: Roost
|
|-damage|p2a: Ho-Oh|84/100 tox|[from] psn
|upkeep
|turn|33
|
|t:|1655387894
|move|p1a: Yveltal|Knock Off|p2a: Ho-Oh
|-damage|p2a: Ho-Oh|13/100 tox
|-enditem|p2a: Ho-Oh|Heavy-Duty Boots|[from] move: Knock Off|[of] p1a: Yveltal
|move|p2a: Ho-Oh|Sacred Fire|p1a: Yveltal
|-damage|p1a: Yveltal|40/100
|
|-damage|p2a: Ho-Oh|1/100 tox|[from] psn
|upkeep
|turn|34
|
|t:|1655387903
|move|p1a: Yveltal|Roost|p1a: Yveltal
|-heal|p1a: Yveltal|90/100
|-singleturn|p1a: Yveltal|move: Roost
|move|p2a: Ho-Oh|Sacred Fire|p1a: Yveltal
|-damage|p1a: Yveltal|53/100
|-status|p1a: Yveltal|brn
|
|-damage|p2a: Ho-Oh|0 fnt|[from] psn
|faint|p2a: Ho-Oh
|-damage|p1a: Yveltal|47/100 brn|[from] brn
|upkeep
|
|t:|1655387909
|switch|p2a: Xerneas|Xerneas|12/100
|-ability|p2a: Xerneas|Fairy Aura
|turn|35
|
|t:|1655387915
|move|p2a: Xerneas|Play Rough|p1a: Yveltal
|-supereffective|p1a: Yveltal
|-damage|p1a: Yveltal|0 fnt
|faint|p1a: Yveltal
|
|upkeep
|
|t:|1655387919
|switch|p1a: Ho-Oh|Ho-Oh|96/100
|turn|36
|
|t:|1655387924
|switch|p2a: tensa-zangetsu|Marshadow|9/100 tox
|move|p1a: Ho-Oh|Sacred Fire|p2a: tensa-zangetsu
|-damage|p2a: tensa-zangetsu|0 fnt
|faint|p2a: tensa-zangetsu
|
|upkeep
|
|t:|1655387926
|switch|p2a: Xerneas|Xerneas|12/100
|-ability|p2a: Xerneas|Fairy Aura
|turn|37
|
|t:|1655387930
|move|p2a: Xerneas|Rock Slide|p1a: Ho-Oh
|-supereffective|p1a: Ho-Oh
|-damage|p1a: Ho-Oh|12/100
|move|p1a: Ho-Oh|Brave Bird|p2a: Xerneas
|-damage|p2a: Xerneas|0 fnt
|faint|p2a: Xerneas
|-damage|p1a: Ho-Oh|8/100|[from] Recoil
|
|win|getess
|n|☆getess|getess
|n|☆4125al41|4125al41
