|j|☆Minimaxify
|j|☆Ryriss
|t:|1647625250
|gametype|singles
|player|p1|Minimaxify|veteranf|1271
|player|p2|Ryriss|hilbert|1394
|teamsize|p1|6
|teamsize|p2|6
|gen|8
|tier|[Gen 8] Ubers
|rated|
|rule|Sleep Clause Mod: Limit one foe put to sleep
|rule|Species Clause: Limit one of each Pokémon
|rule|OHKO Clause: OHKO moves are banned
|rule|Evasion Moves Clause: Evasion moves are banned
|rule|Endless Battle Clause: Forcing endless battles is banned
|rule|HP Percentage Mod: HP is shown in percentages
|rule|Dynamax Clause: You cannot dynamax
|clearpoke
|poke|p1|Weavile, M|
|poke|p1|Groudon|
|poke|p1|Yveltal|
|poke|p1|Zekrom|
|poke|p1|Rayquaza|
|poke|p1|Necrozma-Dusk-Mane|
|poke|p2|Giratina-Origin|
|poke|p2|Groudon|
|poke|p2|Genesect|
|poke|p2|Kyurem-Black|
|poke|p2|Lugia|
|poke|p2|Yveltal|
|teampreview
|inactive|Battle timer is ON: inactive players will automatically lose when time's up. (requested by Ryriss)
|
|t:|1647625263
|start
|switch|p1a: Weavile|Weavile, M|100/100
|switch|p2a: Lugia|Lugia|100/100
|-ability|p2a: Lugia|Pressure
|turn|1
|
|t:|1647625270
|move|p2a: Lugia|Thunder Wave|p1a: Weavile
|-status|p1a: Weavile|par
|move|p1a: Weavile|Beat Up|p2a: Lugia
|-supereffective|p2a: Lugia
|-damage|p2a: Lugia|83/100
|-supereffective|p2a: Lugia
|-damage|p2a: Lugia|61/100
|-supereffective|p2a: Lugia
|-damage|p2a: Lugia|41/100
|-supereffective|p2a: Lugia
|-damage|p2a: Lugia|20/100
|-supereffective|p2a: Lugia
|-damage|p2a: Lugia|0 fnt
|faint|p2a: Lugia
|-hitcount|p2: Lugia|5
|
|upkeep
|
|t:|1647625294
|switch|p2a: Genesect|Genesect, shiny|100/100
|-ability|p2a: Genesect|Download|boost
|-boost|p2a: Genesect|atk|1
|turn|2
|
|t:|1647625305
|switch|p1a: Yveltal|Yveltal|100/100
|-ability|p1a: Yveltal|Dark Aura
|move|p2a: Genesect|Iron Head|p1a: Yveltal
|-damage|p1a: Yveltal|60/100
|
|upkeep
|turn|3
|
|t:|1647625314
|switch|p1a: Groudon|Groudon|100/100
|-weather|SunnyDay|[from] ability: Drought|[of] p1a: Groudon
|move|p2a: Genesect|Iron Head|p1a: Groudon
|-damage|p1a: Groudon|74/100
|
|-weather|SunnyDay|[upkeep]
|upkeep
|turn|4
|
|t:|1647625330
|switch|p2a: Yveltal|Yveltal|100/100
|-ability|p2a: Yveltal|Dark Aura
|move|p1a: Groudon|Overheat|p2a: Yveltal
|-damage|p2a: Yveltal|64/100
|-unboost|p1a: Groudon|spa|2
|
|-weather|SunnyDay|[upkeep]
|upkeep
|turn|5
|
|t:|1647625340
|move|p2a: Yveltal|Oblivion Wing|p1a: Groudon
|-damage|p1a: Groudon|38/100
|-heal|p2a: Yveltal|92/100|[from] drain|[of] p1a: Groudon
|move|p1a: Groudon|Toxic|p2a: Yveltal
|-status|p2a: Yveltal|tox
|
|-weather|SunnyDay|[upkeep]
|-damage|p2a: Yveltal|86/100 tox|[from] psn
|upkeep
|turn|6
|
|t:|1647625350
|switch|p1a: Yveltal|Yveltal|60/100
|-ability|p1a: Yveltal|Dark Aura
|move|p2a: Yveltal|Dark Pulse|p1a: Yveltal
|-resisted|p1a: Yveltal
|-damage|p1a: Yveltal|45/100
|
|-weather|SunnyDay|[upkeep]
|-damage|p2a: Yveltal|74/100 tox|[from] psn
|upkeep
|turn|7
|
|t:|1647625360
|move|p2a: Yveltal|Oblivion Wing|p1a: Yveltal
|-damage|p1a: Yveltal|23/100
|-heal|p2a: Yveltal|92/100 tox|[from] drain|[of] p1a: Yveltal
|move|p1a: Yveltal|Roost|p1a: Yveltal
|-heal|p1a: Yveltal|73/100
|-singleturn|p1a: Yveltal|move: Roost
|
|-weather|none
|-damage|p2a: Yveltal|74/100 tox|[from] psn
|upkeep
|turn|8
|
|t:|1647625372
|move|p2a: Yveltal|Oblivion Wing|p1a: Yveltal
|-damage|p1a: Yveltal|46/100
|-heal|p2a: Yveltal|98/100 tox|[from] drain|[of] p1a: Yveltal
|move|p1a: Yveltal|Roost|p1a: Yveltal
|-heal|p1a: Yveltal|96/100
|-singleturn|p1a: Yveltal|move: Roost
|
|-damage|p2a: Yveltal|74/100 tox|[from] psn
|upkeep
|turn|9
|
|t:|1647625386
|move|p2a: Yveltal|Oblivion Wing|p1a: Yveltal
|-damage|p1a: Yveltal|65/100
|-heal|p2a: Yveltal|100/100 tox|[from] drain|[of] p1a: Yveltal
|move|p1a: Yveltal|U-turn|p2a: Yveltal
|-damage|p2a: Yveltal|84/100 tox
|
|t:|1647625401
|switch|p1a: Rayquaza|Rayquaza|100/100|[from]move: U-turn
|-ability|p1a: Rayquaza|Air Lock
|
|-damage|p2a: Yveltal|54/100 tox|[from] psn
|upkeep
|turn|10
|
|t:|1647625408
|move|p2a: Yveltal|Oblivion Wing|p1a: Rayquaza
|-damage|p1a: Rayquaza|31/100
|-heal|p2a: Yveltal|99/100 tox|[from] drain|[of] p1a: Rayquaza
|move|p1a: Rayquaza|Swords Dance|p1a: Rayquaza
|-boost|p1a: Rayquaza|atk|2
|
|-damage|p2a: Yveltal|64/100 tox|[from] psn
|upkeep
|turn|11
|
|t:|1647625421
|switch|p1a: Yveltal|Yveltal|65/100
|-ability|p1a: Yveltal|Dark Aura
|move|p2a: Yveltal|Oblivion Wing|p1a: Yveltal
|-damage|p1a: Yveltal|23/100
|-heal|p2a: Yveltal|99/100 tox|[from] drain|[of] p1a: Yveltal
|
|-damage|p2a: Yveltal|57/100 tox|[from] psn
|upkeep
|turn|12
|
|t:|1647625433
|switch|p1a: Necrozma|Necrozma-Dusk-Mane|100/100
|move|p2a: Yveltal|Oblivion Wing|p1a: Necrozma
|-resisted|p1a: Necrozma
|-damage|p1a: Necrozma|63/100
|-heal|p2a: Yveltal|84/100 tox|[from] drain|[of] p1a: Necrozma
|
|-heal|p1a: Necrozma|69/100|[from] item: Leftovers
|-damage|p2a: Yveltal|35/100 tox|[from] psn
|upkeep
|turn|13
|
|t:|1647625450
|move|p2a: Yveltal|Oblivion Wing|p1a: Necrozma
|-resisted|p1a: Necrozma
|-damage|p1a: Necrozma|32/100
|-heal|p2a: Yveltal|61/100 tox|[from] drain|[of] p1a: Necrozma
|move|p1a: Necrozma|Dragon Dance|p1a: Necrozma
|-boost|p1a: Necrozma|atk|1
|-boost|p1a: Necrozma|spe|1
|
|-heal|p1a: Necrozma|38/100|[from] item: Leftovers
|-damage|p2a: Yveltal|7/100 tox|[from] psn
|upkeep
|turn|14
|
|t:|1647625462
|move|p2a: Yveltal|Sucker Punch||[still]
|-fail|p2a: Yveltal
|move|p1a: Necrozma|Dragon Dance|p1a: Necrozma
|-boost|p1a: Necrozma|atk|1
|-boost|p1a: Necrozma|spe|1
|
|-heal|p1a: Necrozma|44/100|[from] item: Leftovers
|-damage|p2a: Yveltal|0 fnt|[from] psn
|faint|p2a: Yveltal
|upkeep
|
|t:|1647625473
|switch|p2a: Giratina|Giratina-Origin|100/100
|turn|15
|
|t:|1647625478
|move|p1a: Necrozma|Knock Off|p2a: Giratina
|-supereffective|p2a: Giratina
|-damage|p2a: Giratina|22/100
|move|p2a: Giratina|Will-O-Wisp|p1a: Necrozma
|-status|p1a: Necrozma|brn
|
|-heal|p1a: Necrozma|51/100 brn|[from] item: Leftovers
|-damage|p1a: Necrozma|44/100 brn|[from] brn
|upkeep
|turn|16
|
|t:|1647625498
|move|p2a: Giratina|Shadow Sneak|p1a: Necrozma
|-supereffective|p1a: Necrozma
|-damage|p1a: Necrozma|19/100 brn
|move|p1a: Necrozma|Sunsteel Strike|p2a: Giratina
|-damage|p2a: Giratina|0 fnt
|faint|p2a: Giratina
|
|-heal|p1a: Necrozma|25/100 brn|[from] item: Leftovers
|-damage|p1a: Necrozma|19/100 brn|[from] brn
|upkeep
|
|t:|1647625510
|switch|p2a: Genesect|Genesect, shiny|100/100
|-ability|p2a: Genesect|Download|boost
|-boost|p2a: Genesect|spa|1
|turn|17
|
|t:|1647625520
|switch|p2a: Groudon|Groudon|100/100
|-weather|SunnyDay|[from] ability: Drought|[of] p2a: Groudon
|move|p1a: Necrozma|Morning Sun|p1a: Necrozma
|-heal|p1a: Necrozma|86/100 brn
|
|-weather|SunnyDay|[upkeep]
|-heal|p1a: Necrozma|92/100 brn|[from] item: Leftovers
|-damage|p1a: Necrozma|86/100 brn|[from] brn
|upkeep
|turn|18
|
|t:|1647625531
|move|p1a: Necrozma|Knock Off|p2a: Groudon
|-damage|p2a: Groudon|72/100
|-enditem|p2a: Groudon|Heavy-Duty Boots|[from] move: Knock Off|[of] p1a: Necrozma
|move|p2a: Groudon|Rock Polish|p2a: Groudon
|-boost|p2a: Groudon|spe|2
|
|-weather|SunnyDay|[upkeep]
|-heal|p1a: Necrozma|92/100 brn|[from] item: Leftovers
|-damage|p1a: Necrozma|86/100 brn|[from] brn
|upkeep
|turn|19
|inactive|Minimaxify has 120 seconds left.
|
|t:|1647625569
|move|p2a: Groudon|Swords Dance|p2a: Groudon
|-boost|p2a: Groudon|atk|2
|move|p1a: Necrozma|Sunsteel Strike|p2a: Groudon
|-damage|p2a: Groudon|31/100
|
|-weather|SunnyDay|[upkeep]
|-heal|p1a: Necrozma|92/100 brn|[from] item: Leftovers
|-damage|p1a: Necrozma|86/100 brn|[from] brn
|upkeep
|turn|20
|inactive|Minimaxify has 120 seconds left.
|
|t:|1647625579
|move|p2a: Groudon|Earthquake|p1a: Necrozma
|-supereffective|p1a: Necrozma
|-damage|p1a: Necrozma|0 fnt
|faint|p1a: Necrozma
|
|-weather|SunnyDay|[upkeep]
|upkeep
|
|t:|1647625582
|switch|p1a: Weavile|Weavile, M|100/100 par
|turn|21
|
|t:|1647625588
|move|p1a: Weavile|Ice Shard|p2a: Groudon
|-supereffective|p2a: Groudon
|-damage|p2a: Groudon|0 fnt
|faint|p2a: Groudon
|
|-weather|none
|upkeep
|
|t:|1647625594
|switch|p2a: Genesect|Genesect, shiny|100/100
|-ability|p2a: Genesect|Download|boost
|-boost|p2a: Genesect|atk|1
|turn|22
|
|t:|1647625603
|switch|p1a: Groudon|Groudon|38/100
|-weather|SunnyDay|[from] ability: Drought|[of] p1a: Groudon
|move|p2a: Genesect|Shift Gear|p2a: Genesect
|-boost|p2a: Genesect|spe|2
|-boost|p2a: Genesect|atk|1
|
|-weather|SunnyDay|[upkeep]
|upkeep
|turn|23
|
|t:|1647625612
|move|p2a: Genesect|Iron Head|p1a: Groudon
|-damage|p1a: Groudon|2/100
|move|p1a: Groudon|Overheat|p2a: Genesect
|-supereffective|p2a: Genesect
|-damage|p2a: Genesect|0 fnt
|-unboost|p1a: Groudon|spa|2
|faint|p2a: Genesect
|
|-weather|SunnyDay|[upkeep]
|upkeep
|
|t:|1647625622
|switch|p2a: Kyurem|Kyurem-Black|100/100
|-ability|p2a: Kyurem|Teravolt
|turn|24
|
|t:|1647625631
|move|p2a: Kyurem|Dragon Dance|p2a: Kyurem
|-boost|p2a: Kyurem|atk|1
|-boost|p2a: Kyurem|spe|1
|move|p1a: Groudon|Toxic|p2a: Kyurem
|-status|p2a: Kyurem|tox
|
|-weather|SunnyDay|[upkeep]
|-damage|p2a: Kyurem|94/100 tox|[from] psn
|upkeep
|turn|25
|
|t:|1647625642
|move|p2a: Kyurem|Icicle Spear|p1a: Groudon
|-supereffective|p1a: Groudon
|-damage|p1a: Groudon|0 fnt
|faint|p1a: Groudon
|-hitcount|p1: Groudon|1
|
|-weather|SunnyDay|[upkeep]
|-damage|p2a: Kyurem|82/100 tox|[from] psn
|upkeep
|
|t:|1647625661
|switch|p1a: Zekrom|Zekrom|100/100
|-ability|p1a: Zekrom|Teravolt
|turn|26
|
|t:|1647625669
|move|p2a: Kyurem|Dragon Claw|p1a: Zekrom
|-supereffective|p1a: Zekrom
|-damage|p1a: Zekrom|0 fnt
|faint|p1a: Zekrom
|
|-weather|none
|-damage|p2a: Kyurem|64/100 tox|[from] psn
|upkeep
|
|t:|1647625675
|switch|p1a: Yveltal|Yveltal|23/100
|-ability|p1a: Yveltal|Dark Aura
|turn|27
|
|t:|1647625681
|move|p2a: Kyurem|Icicle Spear|p1a: Yveltal
|-supereffective|p1a: Yveltal
|-damage|p1a: Yveltal|0 fnt
|faint|p1a: Yveltal
|-hitcount|p1: Yveltal|1
|
|-damage|p2a: Kyurem|39/100 tox|[from] psn
|upkeep
|
|t:|1647625683
|switch|p1a: Rayquaza|Rayquaza|31/100
|-ability|p1a: Rayquaza|Air Lock
|turn|28
|
|t:|1647625691
|move|p2a: Kyurem|Icicle Spear|p1a: Rayquaza
|-supereffective|p1a: Rayquaza
|-damage|p1a: Rayquaza|0 fnt
|faint|p1a: Rayquaza
|-hitcount|p1: Rayquaza|1
|
|-damage|p2a: Kyurem|9/100 tox|[from] psn
|upkeep
|
|t:|1647625696
|switch|p1a: Weavile|Weavile, M|100/100 par
|turn|29
|
|t:|1647625700
|cant|p1a: Weavile|par
|move|p2a: Kyurem|Dragon Claw|p1a: Weavile
|-damage|p1a: Weavile|0 fnt
|faint|p1a: Weavile
|
|win|Ryriss
|raw|Minimaxify's rating: 1271 &rarr; <strong>1254</strong><br />(-17 for losing)
|raw|Ryriss's rating: 1394 &rarr; <strong>1407</strong><br />(+13 for winning)
|c|☆Minimaxify|FUCK
|l|☆Ryriss
|l|☆Minimaxify
||Ladder isn't responding, score probably updated but might not have (Request timeout).
|j|☆Minimaxify
|player|p1|Minimaxify|veteranf
