|j|‽Capital Cruiser
|j|☆Bunrphenix
|t:|1661547149
|gametype|singles
|player|p1|Capital Cruiser|cheren-gen5bw2|
|player|p2|Bunrphenix|hilda-wonderlauncher|
|teamsize|p1|6
|teamsize|p2|6
|gen|8
|tier|[Gen 8] Ubers
|rated|Tournament battle
|rule|Sleep Clause Mod: Limit one foe put to sleep
|rule|Species Clause: Limit one of each Pokémon
|rule|OHKO Clause: OHKO moves are banned
|rule|Evasion Items Clause: Evasion items are banned
|rule|Evasion Moves Clause: Evasion moves are banned
|rule|Endless Battle Clause: Forcing endless battles is banned
|rule|HP Percentage Mod: HP is shown in percentages
|rule|Dynamax Clause: You cannot dynamax
|clearpoke
|poke|p1|Magearna|
|poke|p1|Necrozma-Dusk-Mane|
|poke|p1|Yveltal|
|poke|p1|Palkia|
|poke|p1|Xerneas-*|
|poke|p1|Ditto|
|poke|p2|Yveltal|
|poke|p2|Zygarde|
|poke|p2|Groudon|
|poke|p2|Necrozma-Dusk-Mane|
|poke|p2|Kyogre|
|poke|p2|Dracovish|
|teampreview
|inactive|Battle timer is ON: inactive players will automatically lose when time's up. (requested by Capital Cruiser)
|
|t:|1661547156
|start
|switch|p1a: Palkia|Palkia, shiny|100/100
|switch|p2a: Yveltal|Yveltal|100/100
|-ability|p2a: Yveltal|Dark Aura
|-ability|p1a: Palkia|Pressure
|turn|1
|
|t:|1661547162
|switch|p1a: Magearna|Magearna|100/100
|move|p2a: Yveltal|Knock Off|p1a: Magearna
|-resisted|p1a: Magearna
|-damage|p1a: Magearna|79/100
|-enditem|p1a: Magearna|Assault Vest|[from] move: Knock Off|[of] p2a: Yveltal
|
|upkeep
|turn|2
|
|t:|1661547165
|switch|p2a: Necrozma|Necrozma-Dusk-Mane|100/100
|move|p1a: Magearna|Ice Beam|p2a: Necrozma
|-resisted|p2a: Necrozma
|-damage|p2a: Necrozma|92/100
|
|-heal|p2a: Necrozma|98/100|[from] item: Leftovers
|upkeep
|turn|3
|
|t:|1661547168
|switch|p1a: Necrozma|Necrozma-Dusk-Mane, shiny|100/100
|move|p2a: Necrozma|Stealth Rock|p1a: Necrozma
|-sidestart|p1: Capital Cruiser|move: Stealth Rock
|
|-heal|p2a: Necrozma|100/100|[from] item: Leftovers
|upkeep
|turn|4
|
|t:|1661547170
|switch|p2a: Zygarde|Zygarde|100/100
|move|p1a: Necrozma|Stealth Rock|p2a: Zygarde
|-sidestart|p2: Bunrphenix|move: Stealth Rock
|
|upkeep
|turn|5
|
|t:|1661547190
|switch|p1a: Palkia|Palkia, shiny|100/100
|-damage|p1a: Palkia|88/100|[from] Stealth Rock
|-ability|p1a: Palkia|Pressure
|move|p2a: Zygarde|Substitute|p2a: Zygarde
|-start|p2a: Zygarde|Substitute
|-damage|p2a: Zygarde|76/100
|
|-heal|p2a: Zygarde|82/100|[from] item: Leftovers
|upkeep
|turn|6
|
|t:|1661547192
|move|p2a: Zygarde|Glare|p1a: Palkia
|-status|p1a: Palkia|par
|move|p1a: Palkia|Surf|p2a: Zygarde
|-end|p2a: Zygarde|Substitute
|
|-heal|p2a: Zygarde|88/100|[from] item: Leftovers
|upkeep
|turn|7
|
|t:|1661547197
|move|p2a: Zygarde|Substitute|p2a: Zygarde
|-start|p2a: Zygarde|Substitute
|-damage|p2a: Zygarde|63/100
|cant|p1a: Palkia|par
|
|-heal|p2a: Zygarde|69/100|[from] item: Leftovers
|upkeep
|turn|8
|
|t:|1661547203
|move|p2a: Zygarde|Thousand Arrows|p1a: Palkia
|-damage|p1a: Palkia|59/100 par
|move|p1a: Palkia|Surf|p2a: Zygarde
|-end|p2a: Zygarde|Substitute
|
|-heal|p2a: Zygarde|75/100|[from] item: Leftovers
|upkeep
|turn|9
|
|t:|1661547205
|move|p2a: Zygarde|Substitute|p2a: Zygarde
|-start|p2a: Zygarde|Substitute
|-damage|p2a: Zygarde|50/100
|cant|p1a: Palkia|par
|
|-heal|p2a: Zygarde|56/100|[from] item: Leftovers
|upkeep
|turn|10
|
|t:|1661547209
|move|p2a: Zygarde|Thousand Arrows|p1a: Palkia
|-damage|p1a: Palkia|27/100 par
|cant|p1a: Palkia|par
|
|-heal|p2a: Zygarde|62/100|[from] item: Leftovers
|upkeep
|turn|11
|
|t:|1661547214
|move|p2a: Zygarde|Thousand Arrows|p1a: Palkia
|-crit|p1a: Palkia
|-damage|p1a: Palkia|0 fnt
|faint|p1a: Palkia
|
|-heal|p2a: Zygarde|68/100|[from] item: Leftovers
|upkeep
|-message|Capital Cruiser forfeited.
|
|win|Bunrphenix
|n|‽Capital Cruiser|capitalcruiser
|n|☆Bunrphenix|bunrphenix
