|j|☆comradesquidwar
|j|☆PokeDuels Blue
|t:|1634354190
|gametype|singles
|player|p1|comradesquidwar|janitor|1528
|player|p2|PokeDuels Blue|1|1504
|teamsize|p1|6
|teamsize|p2|6
|gen|8
|tier|[Gen 8] Ubers
|rated|
|rule|Sleep Clause Mod: Limit one foe put to sleep
|rule|Species Clause: Limit one of each Pokémon
|rule|OHKO Clause: OHKO moves are banned
|rule|Evasion Moves Clause: Evasion moves are banned
|rule|Endless Battle Clause: Forcing endless battles is banned
|rule|HP Percentage Mod: HP is shown in percentages
|rule|Dynamax Clause: You cannot dynamax
|clearpoke
|poke|p1|Skarmory, F|
|poke|p1|Blissey, F|
|poke|p1|Necrozma-Dusk-Mane|
|poke|p1|Yveltal|
|poke|p1|Xerneas-*|
|poke|p1|Giratina|
|poke|p2|Tyranitar, F|
|poke|p2|Necrozma-Dusk-Mane|
|poke|p2|Excadrill, M|
|poke|p2|Audino, L99, M|
|poke|p2|Giratina|
|poke|p2|Eternatus|
|teampreview
|inactive|Battle timer is ON: inactive players will automatically lose when time's up. (requested by comradesquidwar)
|
|t:|1634354216
|start
|switch|p1a: Skarmory|Skarmory, F, shiny|100/100
|switch|p2a: Giratina|Giratina|100/100
|-ability|p2a: Giratina|Pressure
|turn|1
|
|t:|1634354220
|move|p2a: Giratina|Will-O-Wisp|p1a: Skarmory|[miss]
|-miss|p2a: Giratina|p1a: Skarmory
|move|p1a: Skarmory|Spikes|p2a: Giratina
|-sidestart|p2: PokeDuels Blue|Spikes
|
|upkeep
|turn|2
|
|t:|1634354223
|move|p2a: Giratina|Will-O-Wisp|p1a: Skarmory
|-status|p1a: Skarmory|brn
|move|p1a: Skarmory|Spikes|p2a: Giratina
|-sidestart|p2: PokeDuels Blue|Spikes
|
|-damage|p1a: Skarmory|95/100 brn|[from] brn
|upkeep
|turn|3
|
|t:|1634354225
|move|p2a: Giratina|Defog|p1a: Skarmory
|-unboost|p1a: Skarmory|evasion|1
|-sideend|p2: PokeDuels Blue|Spikes|[from] move: Defog|[of] p2a: Giratina
|move|p1a: Skarmory|Spikes|p2a: Giratina
|-sidestart|p2: PokeDuels Blue|Spikes
|
|-damage|p1a: Skarmory|89/100 brn|[from] brn
|upkeep
|turn|4
|
|t:|1634354228
|move|p2a: Giratina|Defog|p1a: Skarmory
|-unboost|p1a: Skarmory|evasion|1
|-sideend|p2: PokeDuels Blue|Spikes|[from] move: Defog|[of] p2a: Giratina
|move|p1a: Skarmory|Spikes|p2a: Giratina
|-sidestart|p2: PokeDuels Blue|Spikes
|
|-damage|p1a: Skarmory|83/100 brn|[from] brn
|upkeep
|turn|5
|
|t:|1634354233
|switch|p1a: Giratina|Giratina|100/100
|-ability|p1a: Giratina|Pressure
|move|p2a: Giratina|Defog|p1a: Giratina
|-unboost|p1a: Giratina|evasion|1
|-sideend|p2: PokeDuels Blue|Spikes|[from] move: Defog|[of] p2a: Giratina
|
|upkeep
|turn|6
|
|t:|1634354236
|switch|p1a: Skarmory|Skarmory, F, shiny|83/100 brn
|move|p2a: Giratina|Draco Meteor|p1a: Skarmory
|-resisted|p1a: Skarmory
|-damage|p1a: Skarmory|55/100 brn
|-unboost|p2a: Giratina|spa|2
|
|-damage|p1a: Skarmory|49/100 brn|[from] brn
|upkeep
|turn|7
|
|t:|1634354245
|switch|p2a: Excadrill|Excadrill, M|100/100
|move|p1a: Skarmory|Roost|p1a: Skarmory
|-heal|p1a: Skarmory|99/100 brn
|-singleturn|p1a: Skarmory|move: Roost
|
|-damage|p1a: Skarmory|93/100 brn|[from] brn
|upkeep
|turn|8
|
|t:|1634354249
|move|p2a: Excadrill|Swords Dance|p2a: Excadrill
|-boost|p2a: Excadrill|atk|2
|move|p1a: Skarmory|Whirlwind|p2a: Excadrill
|drag|p2a: Eternatus|Eternatus|100/100
|-ability|p2a: Eternatus|Pressure
|
|-damage|p1a: Skarmory|87/100 brn|[from] brn
|upkeep
|turn|9
|
|t:|1634354254
|switch|p1a: Blissey|Blissey, F|100/100
|move|p2a: Eternatus|Toxic Spikes|p1a: Blissey
|-sidestart|p1: comradesquidwar|move: Toxic Spikes
|
|upkeep
|turn|10
|
|t:|1634354258
|switch|p2a: Tyranitar|Tyranitar, F|100/100
|-weather|Sandstorm|[from] ability: Sand Stream|[of] p2a: Tyranitar
|move|p1a: Blissey|Stealth Rock|p2a: Tyranitar
|-sidestart|p2: PokeDuels Blue|move: Stealth Rock
|
|-weather|Sandstorm|[upkeep]
|-damage|p1a: Blissey|94/100|[from] Sandstorm
|upkeep
|turn|11
|
|t:|1634354265
|switch|p1a: Necrozma|Necrozma-Dusk-Mane|100/100
|move|p2a: Tyranitar|Crunch|p1a: Necrozma
|-supereffective|p1a: Necrozma
|-damage|p1a: Necrozma|23/100
|
|-weather|Sandstorm|[upkeep]
|-heal|p1a: Necrozma|29/100|[from] item: Leftovers
|upkeep
|turn|12
|
|t:|1634354278
|switch|p1a: Xerneas|Xerneas|100/100
|-ability|p1a: Xerneas|Fairy Aura
|switch|p2a: Necrozma|Necrozma-Dusk-Mane|100/100
|-damage|p2a: Necrozma|94/100|[from] Stealth Rock
|
|-weather|Sandstorm|[upkeep]
|-damage|p1a: Xerneas|94/100|[from] Sandstorm
|upkeep
|turn|13
|
|t:|1634354281
|switch|p1a: Skarmory|Skarmory, F, shiny|87/100 brn
|move|p2a: Necrozma|Knock Off|p1a: Skarmory
|-damage|p1a: Skarmory|65/100 brn
|-damage|p2a: Necrozma|78/100|[from] item: Rocky Helmet|[of] p1a: Skarmory
|-enditem|p1a: Skarmory|Rocky Helmet|[from] move: Knock Off|[of] p2a: Necrozma
|
|-weather|Sandstorm|[upkeep]
|-damage|p1a: Skarmory|59/100 brn|[from] brn
|upkeep
|turn|14
|
|t:|1634354287
|switch|p2a: Giratina|Giratina|100/100
|-damage|p2a: Giratina|88/100|[from] Stealth Rock
|-ability|p2a: Giratina|Pressure
|move|p1a: Skarmory|Roost|p1a: Skarmory
|-heal|p1a: Skarmory|100/100 brn
|-singleturn|p1a: Skarmory|move: Roost
|
|-weather|none
|-heal|p2a: Giratina|94/100|[from] item: Leftovers
|-damage|p1a: Skarmory|95/100 brn|[from] brn
|upkeep
|turn|15
|
|t:|1634354291
|move|p2a: Giratina|Defog|p1a: Skarmory
|-unboost|p1a: Skarmory|evasion|1
|-sideend|p1: comradesquidwar|Toxic Spikes|[from] move: Defog|[of] p2a: Giratina
|-sideend|p2: PokeDuels Blue|Stealth Rock|[from] move: Defog|[of] p2a: Giratina
|move|p1a: Skarmory|Spikes|p2a: Giratina
|-sidestart|p2: PokeDuels Blue|Spikes
|
|-heal|p2a: Giratina|100/100|[from] item: Leftovers
|-damage|p1a: Skarmory|89/100 brn|[from] brn
|upkeep
|turn|16
|
|t:|1634354296
|switch|p1a: Giratina|Giratina|100/100
|-ability|p1a: Giratina|Pressure
|move|p2a: Giratina|Defog|p1a: Giratina
|-unboost|p1a: Giratina|evasion|1
|-sideend|p2: PokeDuels Blue|Spikes|[from] move: Defog|[of] p2a: Giratina
|
|upkeep
|turn|17
|
|t:|1634354318
|switch|p2a: Audino|Audino, L99, M|100/100
|switch|p1a: Skarmory|Skarmory, F, shiny|89/100 brn
|
|-damage|p1a: Skarmory|83/100 brn|[from] brn
|upkeep
|turn|18
|
|t:|1634354328
|switch|p2a: Eternatus|Eternatus|100/100
|-ability|p2a: Eternatus|Pressure
|move|p1a: Skarmory|Spikes|p2a: Eternatus
|-sidestart|p2: PokeDuels Blue|Spikes
|
|-damage|p1a: Skarmory|77/100 brn|[from] brn
|upkeep
|turn|19
|
|t:|1634354331
|switch|p1a: Blissey|Blissey, F|94/100
|move|p2a: Eternatus|Toxic Spikes|p1a: Blissey
|-sidestart|p1: comradesquidwar|move: Toxic Spikes
|
|upkeep
|turn|20
|
|t:|1634354342
|switch|p2a: Giratina|Giratina|100/100
|-damage|p2a: Giratina|88/100|[from] Spikes
|-ability|p2a: Giratina|Pressure
|move|p1a: Blissey|Stealth Rock|p2a: Giratina
|-sidestart|p2: PokeDuels Blue|move: Stealth Rock
|
|-heal|p2a: Giratina|94/100|[from] item: Leftovers
|upkeep
|turn|21
|
|t:|1634354345
|move|p2a: Giratina|Defog|p1a: Blissey
|-unboost|p1a: Blissey|evasion|1
|-sideend|p1: comradesquidwar|Toxic Spikes|[from] move: Defog|[of] p2a: Giratina
|-sideend|p2: PokeDuels Blue|Spikes|[from] move: Defog|[of] p2a: Giratina
|-sideend|p2: PokeDuels Blue|Stealth Rock|[from] move: Defog|[of] p2a: Giratina
|move|p1a: Blissey|Toxic|p2a: Giratina
|-status|p2a: Giratina|tox
|
|-heal|p2a: Giratina|100/100 tox|[from] item: Leftovers
|-damage|p2a: Giratina|94/100 tox|[from] psn
|upkeep
|turn|22
|
|t:|1634354352
|switch|p1a: Xerneas|Xerneas|94/100
|-ability|p1a: Xerneas|Fairy Aura
|move|p2a: Giratina|Will-O-Wisp|p1a: Xerneas
|-status|p1a: Xerneas|brn
|
|-heal|p2a: Giratina|100/100 tox|[from] item: Leftovers
|-damage|p2a: Giratina|88/100 tox|[from] psn
|-damage|p1a: Xerneas|88/100 brn|[from] brn
|upkeep
|turn|23
|
|t:|1634354356
|switch|p2a: Necrozma|Necrozma-Dusk-Mane|78/100
|move|p1a: Xerneas|Aromatherapy|p1a: Xerneas
|-activate|p1a: Xerneas|move: Aromatherapy
|-curestatus|p1a: Xerneas|brn|[msg]
|-curestatus|p1: Skarmory|brn|[msg]
|
|upkeep
|turn|24
|
|t:|1634354363
|switch|p1a: Skarmory|Skarmory, F, shiny|77/100
|switch|p2a: Eternatus|Eternatus|100/100
|-ability|p2a: Eternatus|Pressure
|
|upkeep
|turn|25
|
|t:|1634354369
|switch|p1a: Necrozma|Necrozma-Dusk-Mane|29/100
|move|p2a: Eternatus|Toxic Spikes|p1a: Necrozma
|-sidestart|p1: comradesquidwar|move: Toxic Spikes
|
|-heal|p1a: Necrozma|35/100|[from] item: Leftovers
|upkeep
|turn|26
|
|t:|1634354373
|move|p2a: Eternatus|Mystical Fire|p1a: Necrozma
|-supereffective|p1a: Necrozma
|-damage|p1a: Necrozma|13/100
|-unboost|p1a: Necrozma|spa|1
|move|p1a: Necrozma|Moonlight|p1a: Necrozma
|-heal|p1a: Necrozma|63/100
|
|-heal|p1a: Necrozma|69/100|[from] item: Leftovers
|upkeep
|turn|27
|
|t:|1634354382
|switch|p2a: Audino|Audino, L99, M|100/100
|move|p1a: Necrozma|Thunder Wave|p2a: Audino
|-status|p2a: Audino|par
|
|-heal|p1a: Necrozma|75/100|[from] item: Leftovers
|upkeep
|turn|28
|
|t:|1634354384
|move|p1a: Necrozma|Dragon Dance|p1a: Necrozma
|-boost|p1a: Necrozma|atk|1
|-boost|p1a: Necrozma|spe|1
|move|p2a: Audino|Knock Off|p1a: Necrozma
|-supereffective|p1a: Necrozma
|-damage|p1a: Necrozma|60/100
|-enditem|p1a: Necrozma|Leftovers|[from] move: Knock Off|[of] p2a: Audino
|
|upkeep
|turn|29
|
|t:|1634354389
|move|p1a: Necrozma|Moonlight|p1a: Necrozma
|-heal|p1a: Necrozma|100/100
|cant|p2a: Audino|par
|
|upkeep
|turn|30
|
|t:|1634354393
|move|p1a: Necrozma|Dragon Dance|p1a: Necrozma
|-boost|p1a: Necrozma|atk|1
|-boost|p1a: Necrozma|spe|1
|move|p2a: Audino|Encore|p1a: Necrozma
|-start|p1a: Necrozma|Encore
|
|upkeep
|turn|31
|
|t:|1634354398
|switch|p2a: Tyranitar|Tyranitar, F|100/100
|-weather|Sandstorm|[from] ability: Sand Stream|[of] p2a: Tyranitar
|move|p1a: Necrozma|Dragon Dance|p1a: Necrozma
|-boost|p1a: Necrozma|atk|1
|-boost|p1a: Necrozma|spe|1
|
|-weather|Sandstorm|[upkeep]
|upkeep
|turn|32
|
|t:|1634354403
|move|p1a: Necrozma|Dragon Dance|p1a: Necrozma
|-boost|p1a: Necrozma|atk|1
|-boost|p1a: Necrozma|spe|1
|move|p2a: Tyranitar|Crunch|p1a: Necrozma
|-supereffective|p1a: Necrozma
|-damage|p1a: Necrozma|29/100
|
|-weather|Sandstorm|[upkeep]
|upkeep
|turn|33
|
|t:|1634354407
|switch|p1a: Xerneas|Xerneas|88/100
|-ability|p1a: Xerneas|Fairy Aura
|move|p2a: Tyranitar|Crunch|p1a: Xerneas
|-resisted|p1a: Xerneas
|-damage|p1a: Xerneas|68/100
|
|-weather|Sandstorm|[upkeep]
|-damage|p1a: Xerneas|62/100|[from] Sandstorm
|upkeep
|turn|34
|
|t:|1634354413
|switch|p1a: Skarmory|Skarmory, F, shiny|77/100
|switch|p2a: Excadrill|Excadrill, M|100/100
|
|-weather|Sandstorm|[upkeep]
|upkeep
|turn|35
|
|t:|1634354418
|move|p2a: Excadrill|Swords Dance|p2a: Excadrill
|-boost|p2a: Excadrill|atk|2
|move|p1a: Skarmory|Whirlwind|p2a: Excadrill
|drag|p2a: Tyranitar|Tyranitar, F|100/100
|
|-weather|none
|upkeep
|turn|36
|
|t:|1634354423
|switch|p2a: Giratina|Giratina|88/100 tox
|-ability|p2a: Giratina|Pressure
|move|p1a: Skarmory|Body Press|p2a: Giratina
|-immune|p2a: Giratina
|
|-heal|p2a: Giratina|94/100 tox|[from] item: Leftovers
|-damage|p2a: Giratina|88/100 tox|[from] psn
|upkeep
|turn|37
|
|t:|1634354433
|switch|p1a: Xerneas|Xerneas|62/100
|-ability|p1a: Xerneas|Fairy Aura
|move|p2a: Giratina|Will-O-Wisp|p1a: Xerneas
|-status|p1a: Xerneas|brn
|
|-heal|p2a: Giratina|94/100 tox|[from] item: Leftovers
|-damage|p2a: Giratina|82/100 tox|[from] psn
|-damage|p1a: Xerneas|56/100 brn|[from] brn
|upkeep
|turn|38
|
|t:|1634354460
|switch|p2a: Necrozma|Necrozma-Dusk-Mane|78/100
|move|p1a: Xerneas|Rest|p1a: Xerneas
|-status|p1a: Xerneas|slp|[from] move: Rest
|-heal|p1a: Xerneas|100/100 slp|[silent]
|
|upkeep
|turn|39
|
|t:|1634354474
|switch|p1a: Yveltal|Yveltal, shiny|100/100
|-ability|p1a: Yveltal|Dark Aura
|move|p2a: Necrozma|Dragon Dance|p2a: Necrozma
|-boost|p2a: Necrozma|atk|1
|-boost|p2a: Necrozma|spe|1
|
|upkeep
|turn|40
|
|t:|1634354479
|move|p2a: Necrozma|Sunsteel Strike|p1a: Yveltal
|-damage|p1a: Yveltal|10/100
|move|p1a: Yveltal|Knock Off|p2a: Necrozma
|-supereffective|p2a: Necrozma
|-damage|p2a: Necrozma|14/100
|-enditem|p2a: Necrozma|Metal Coat|[from] move: Knock Off|[of] p1a: Yveltal
|
|upkeep
|turn|41
|
|t:|1634354486
|move|p1a: Yveltal|Sucker Punch||[still]
|-fail|p1a: Yveltal
|move|p2a: Necrozma|Moonlight|p2a: Necrozma
|-heal|p2a: Necrozma|64/100
|
|upkeep
|turn|42
|
|t:|1634354496
|switch|p1a: Giratina|Giratina|100/100
|-ability|p1a: Giratina|Pressure
|move|p2a: Necrozma|Sunsteel Strike|p1a: Giratina
|-damage|p1a: Giratina|60/100
|
|upkeep
|turn|43
|
|t:|1634354502
|move|p2a: Necrozma|Knock Off|p1a: Giratina
|-supereffective|p1a: Giratina
|-damage|p1a: Giratina|9/100
|-enditem|p1a: Giratina|Heavy-Duty Boots|[from] move: Knock Off|[of] p2a: Necrozma
|move|p1a: Giratina|Will-O-Wisp|p2a: Necrozma
|-status|p2a: Necrozma|brn
|
|-damage|p2a: Necrozma|58/100 brn|[from] brn
|upkeep
|turn|44
|
|t:|1634354506
|switch|p2a: Audino|Audino, L99, M|100/100 par
|switch|p1a: Skarmory|Skarmory, F, shiny|77/100
|
|upkeep
|turn|45
|
|t:|1634354512
|move|p1a: Skarmory|Body Press|p2a: Audino
|-supereffective|p2a: Audino
|-damage|p2a: Audino|56/100 par
|move|p2a: Audino|Heal Bell|p2a: Audino
|-activate|p2a: Audino|move: Heal Bell
|-curestatus|p2a: Audino|par|[msg]
|-curestatus|p2: Necrozma|brn|[msg]
|-curestatus|p2: Giratina|tox|[msg]
|
|upkeep
|turn|46
|
|t:|1634354520
|switch|p1a: Yveltal|Yveltal, shiny|10/100
|-ability|p1a: Yveltal|Dark Aura
|switch|p2a: Giratina|Giratina|82/100
|-ability|p2a: Giratina|Pressure
|
|-heal|p2a: Giratina|88/100|[from] item: Leftovers
|upkeep
|turn|47
|
|t:|1634354527
|switch|p2a: Eternatus|Eternatus|100/100
|-ability|p2a: Eternatus|Pressure
|move|p1a: Yveltal|Roost|p1a: Yveltal
|-heal|p1a: Yveltal|60/100
|-singleturn|p1a: Yveltal|move: Roost
|
|upkeep
|turn|48
|
|t:|1634354533
|move|p2a: Eternatus|Draco Meteor|p1a: Yveltal
|-damage|p1a: Yveltal|9/100
|-unboost|p2a: Eternatus|spa|2
|move|p1a: Yveltal|Taunt|p2a: Eternatus
|-start|p2a: Eternatus|move: Taunt
|
|upkeep
|turn|49
|
|t:|1634354541
|switch|p2a: Tyranitar|Tyranitar, F|100/100
|-weather|Sandstorm|[from] ability: Sand Stream|[of] p2a: Tyranitar
|switch|p1a: Xerneas|Xerneas|100/100 slp
|-ability|p1a: Xerneas|Fairy Aura
|
|-weather|Sandstorm|[upkeep]
|-damage|p1a: Xerneas|94/100 slp|[from] Sandstorm
|upkeep
|turn|50
|
|t:|1634354545
|cant|p1a: Xerneas|slp
|move|p1a: Xerneas|Sleep Talk|p1a: Xerneas
|move|p1a: Xerneas|Moonblast|p2a: Tyranitar|[from]move: Sleep Talk
|-supereffective|p2a: Tyranitar
|-damage|p2a: Tyranitar|46/100
|move|p2a: Tyranitar|Stone Edge|p1a: Xerneas
|-crit|p1a: Xerneas
|-damage|p1a: Xerneas|20/100 slp
|
|-weather|Sandstorm|[upkeep]
|-damage|p1a: Xerneas|14/100 slp|[from] Sandstorm
|upkeep
|turn|51
|j| ngnngg
|
|t:|1634354558
|switch|p2a: Necrozma|Necrozma-Dusk-Mane|58/100
|cant|p1a: Xerneas|slp
|move|p1a: Xerneas|Sleep Talk|p1a: Xerneas
|move|p1a: Xerneas|Moonblast|p2a: Necrozma|[from]move: Sleep Talk
|-resisted|p2a: Necrozma
|-damage|p2a: Necrozma|35/100
|
|-weather|Sandstorm|[upkeep]
|-damage|p1a: Xerneas|8/100 slp|[from] Sandstorm
|upkeep
|turn|52
|
|t:|1634354567
|switch|p1a: Skarmory|Skarmory, F, shiny|77/100
|move|p2a: Necrozma|Moonlight|p2a: Necrozma
|-heal|p2a: Necrozma|60/100
|
|-weather|Sandstorm|[upkeep]
|upkeep
|turn|53
|
|t:|1634354572
|switch|p2a: Giratina|Giratina|88/100
|-ability|p2a: Giratina|Pressure
|move|p1a: Skarmory|Spikes|p2a: Giratina
|-sidestart|p2: PokeDuels Blue|Spikes
|
|-weather|none
|-heal|p2a: Giratina|94/100|[from] item: Leftovers
|upkeep
|turn|54
|
|t:|1634354578
|switch|p1a: Giratina|Giratina|9/100
|-status|p1a: Giratina|psn
|-ability|p1a: Giratina|Pressure
|move|p2a: Giratina|Defog|p1a: Giratina
|-unboost|p1a: Giratina|evasion|1
|-sideend|p1: comradesquidwar|Toxic Spikes|[from] move: Defog|[of] p2a: Giratina
|-sideend|p2: PokeDuels Blue|Spikes|[from] move: Defog|[of] p2a: Giratina
|
|-heal|p2a: Giratina|100/100|[from] item: Leftovers
|-damage|p1a: Giratina|0 fnt|[from] psn
|faint|p1a: Giratina
|upkeep
|
|t:|1634354584
|switch|p1a: Yveltal|Yveltal, shiny|9/100
|-ability|p1a: Yveltal|Dark Aura
|turn|55
|
|t:|1634354591
|switch|p2a: Eternatus|Eternatus|100/100
|-ability|p2a: Eternatus|Pressure
|move|p1a: Yveltal|Roost|p1a: Yveltal
|-heal|p1a: Yveltal|59/100
|-singleturn|p1a: Yveltal|move: Roost
|
|upkeep
|turn|56
|
|t:|1634354601
|move|p2a: Eternatus|Toxic Spikes|p1a: Yveltal
|-sidestart|p1: comradesquidwar|move: Toxic Spikes
|move|p1a: Yveltal|Roost|p1a: Yveltal
|-heal|p1a: Yveltal|100/100
|-singleturn|p1a: Yveltal|move: Roost
|
|upkeep
|turn|57
|
|t:|1634354607
|move|p2a: Eternatus|Mystical Fire|p1a: Yveltal
|-damage|p1a: Yveltal|83/100
|-unboost|p1a: Yveltal|spa|1
|move|p1a: Yveltal|Knock Off|p2a: Eternatus
|-damage|p2a: Eternatus|67/100
|-enditem|p2a: Eternatus|Heavy-Duty Boots|[from] move: Knock Off|[of] p1a: Yveltal
|
|upkeep
|turn|58
|
|t:|1634354615
|move|p2a: Eternatus|Mystical Fire|p1a: Yveltal
|-damage|p1a: Yveltal|65/100
|-unboost|p1a: Yveltal|spa|1
|move|p1a: Yveltal|Taunt|p2a: Eternatus
|-start|p2a: Eternatus|move: Taunt
|
|upkeep
|turn|59
|
|t:|1634354621
|switch|p2a: Audino|Audino, L99, M|89/100
|move|p1a: Yveltal|Roost|p1a: Yveltal
|-heal|p1a: Yveltal|100/100
|-singleturn|p1a: Yveltal|move: Roost
|
|upkeep
|turn|60
|
|t:|1634354628
|move|p1a: Yveltal|Taunt|p2a: Audino
|-start|p2a: Audino|move: Taunt
|cant|p2a: Audino|move: Taunt|Thunder Wave
|
|upkeep
|turn|61
|
|t:|1634354629
|move|p1a: Yveltal|Knock Off|p2a: Audino
|-damage|p2a: Audino|51/100
|-enditem|p2a: Audino|Heavy-Duty Boots|[from] move: Knock Off|[of] p1a: Yveltal
|move|p2a: Audino|Knock Off|p1a: Yveltal
|-resisted|p1a: Yveltal
|-damage|p1a: Yveltal|93/100
|-enditem|p1a: Yveltal|Heavy-Duty Boots|[from] move: Knock Off|[of] p2a: Audino
|
|upkeep
|turn|62
|
|t:|1634354635
|switch|p2a: Eternatus|Eternatus|67/100
|-ability|p2a: Eternatus|Pressure
|move|p1a: Yveltal|Knock Off|p2a: Eternatus
|-damage|p2a: Eternatus|46/100
|
|upkeep
|turn|63
|
|t:|1634354637
|move|p2a: Eternatus|Recover|p2a: Eternatus
|-heal|p2a: Eternatus|96/100
|move|p1a: Yveltal|Taunt|p2a: Eternatus
|-start|p2a: Eternatus|move: Taunt
|
|upkeep
|turn|64
|
|t:|1634354641
|switch|p2a: Audino|Audino, L99, M|84/100
|move|p1a: Yveltal|Knock Off|p2a: Audino
|-damage|p2a: Audino|60/100
|
|upkeep
|turn|65
|
|t:|1634354646
|switch|p1a: Necrozma|Necrozma-Dusk-Mane|29/100
|switch|p2a: Eternatus|Eternatus|96/100
|-ability|p2a: Eternatus|Pressure
|
|upkeep
|turn|66
|
|t:|1634354663
|switch|p2a: Excadrill|Excadrill, M|100/100
|move|p1a: Necrozma|Dragon Dance|p1a: Necrozma
|-boost|p1a: Necrozma|atk|1
|-boost|p1a: Necrozma|spe|1
|
|upkeep
|turn|67
|
|t:|1634354666
|switch|p1a: Skarmory|Skarmory, F, shiny|77/100
|move|p2a: Excadrill|Earthquake|p1a: Skarmory
|-immune|p1a: Skarmory
|
|upkeep
|turn|68
|
|t:|1634354677
|switch|p2a: Giratina|Giratina|100/100
|-ability|p2a: Giratina|Pressure
|switch|p1a: Xerneas|Xerneas|8/100 slp
|-ability|p1a: Xerneas|Fairy Aura
|
|upkeep
|turn|69
|
|t:|1634354689
|switch|p2a: Excadrill|Excadrill, M|100/100
|-curestatus|p1a: Xerneas|slp|[msg]
|move|p1a: Xerneas|Rest|p1a: Xerneas
|-status|p1a: Xerneas|slp|[from] move: Rest
|-heal|p1a: Xerneas|100/100 slp|[silent]
|
|upkeep
|turn|70
|
|t:|1634354692
|switch|p1a: Skarmory|Skarmory, F, shiny|77/100
|move|p2a: Excadrill|Swords Dance|p2a: Excadrill
|-boost|p2a: Excadrill|atk|2
|
|upkeep
|turn|71
|
|t:|1634354696
|move|p2a: Excadrill|Iron Head|p1a: Skarmory
|-resisted|p1a: Skarmory
|-damage|p1a: Skarmory|54/100
|move|p1a: Skarmory|Whirlwind|p2a: Excadrill
|drag|p2a: Audino|Audino, L99, M|93/100
|
|upkeep
|turn|72
|
|t:|1634354702
|move|p1a: Skarmory|Roost|p1a: Skarmory
|-heal|p1a: Skarmory|100/100
|-singleturn|p1a: Skarmory|move: Roost
|move|p2a: Audino|Thunder Wave|p1a: Skarmory|[miss]
|-miss|p2a: Audino|p1a: Skarmory
|
|upkeep
|turn|73
|
|t:|1634354708
|switch|p1a: Blissey|Blissey, F|94/100
|-status|p1a: Blissey|psn
|move|p2a: Audino|Thunder Wave||[still]
|-fail|p2a: Audino
|
|-damage|p1a: Blissey|82/100 psn|[from] psn
|upkeep
|turn|74
|
|t:|1634354712
|move|p1a: Blissey|Stealth Rock|p2a: Audino
|-sidestart|p2: PokeDuels Blue|move: Stealth Rock
|move|p2a: Audino|Knock Off|p1a: Blissey
|-damage|p1a: Blissey|70/100 psn
|-enditem|p1a: Blissey|Utility Umbrella|[from] move: Knock Off|[of] p2a: Audino
|
|-damage|p1a: Blissey|57/100 psn|[from] psn
|upkeep
|turn|75
|
|t:|1634354719
|switch|p2a: Tyranitar|Tyranitar, F|46/100
|-damage|p2a: Tyranitar|34/100|[from] Stealth Rock
|-weather|Sandstorm|[from] ability: Sand Stream|[of] p2a: Tyranitar
|move|p1a: Blissey|Soft-Boiled|p1a: Blissey
|-heal|p1a: Blissey|100/100 psn
|
|-weather|Sandstorm|[upkeep]
|-damage|p1a: Blissey|94/100 psn|[from] Sandstorm
|-damage|p1a: Blissey|82/100 psn|[from] psn
|upkeep
|turn|76
|
|t:|1634354740
|move|p1a: Blissey|Toxic|p2a: Tyranitar
|-status|p2a: Tyranitar|tox
|move|p2a: Tyranitar|Rest|p2a: Tyranitar
|-status|p2a: Tyranitar|slp|[from] move: Rest
|-heal|p2a: Tyranitar|100/100 slp|[silent]
|
|-weather|Sandstorm|[upkeep]
|-damage|p1a: Blissey|76/100 psn|[from] Sandstorm
|-damage|p1a: Blissey|63/100 psn|[from] psn
|upkeep
|turn|77
|
|t:|1634354750
|-curestatus|p1a: Blissey|psn|[from] ability: Natural Cure
|switch|p1a: Skarmory|Skarmory, F, shiny|100/100
|switch|p2a: Audino|Audino, L99, M|100/100
|-damage|p2a: Audino|88/100|[from] Stealth Rock
|
|-weather|Sandstorm|[upkeep]
|-damage|p2a: Audino|82/100|[from] Sandstorm
|upkeep
|turn|78
|
|t:|1634354755
|switch|p2a: Giratina|Giratina|100/100
|-damage|p2a: Giratina|88/100|[from] Stealth Rock
|-ability|p2a: Giratina|Pressure
|move|p1a: Skarmory|Body Press|p2a: Giratina
|-immune|p2a: Giratina
|
|-weather|Sandstorm|[upkeep]
|-damage|p2a: Giratina|82/100|[from] Sandstorm
|-heal|p2a: Giratina|88/100|[from] item: Leftovers
|upkeep
|turn|79
|
|t:|1634354760
|switch|p1a: Necrozma|Necrozma-Dusk-Mane|29/100
|move|p2a: Giratina|Defog|p1a: Necrozma
|-unboost|p1a: Necrozma|evasion|1
|-sideend|p1: comradesquidwar|Toxic Spikes|[from] move: Defog|[of] p2a: Giratina
|-sideend|p2: PokeDuels Blue|Stealth Rock|[from] move: Defog|[of] p2a: Giratina
|
|-weather|none
|-heal|p2a: Giratina|94/100|[from] item: Leftovers
|upkeep
|turn|80
|
|t:|1634354763
|move|p2a: Giratina|Will-O-Wisp|p1a: Necrozma
|-status|p1a: Necrozma|brn
|move|p1a: Necrozma|Moonlight|p1a: Necrozma
|-heal|p1a: Necrozma|79/100 brn
|
|-heal|p2a: Giratina|100/100|[from] item: Leftovers
|-damage|p1a: Necrozma|73/100 brn|[from] brn
|upkeep
|turn|81
|
|t:|1634354773
|switch|p2a: Audino|Audino, L99, M|100/100
|switch|p1a: Xerneas|Xerneas|100/100 slp
|-ability|p1a: Xerneas|Fairy Aura
|
|upkeep
|turn|82
|
|t:|1634354776
|cant|p1a: Xerneas|slp
|move|p1a: Xerneas|Sleep Talk|p1a: Xerneas
|move|p1a: Xerneas|Rest||[from]move: Sleep Talk|[still]
|-fail|p1a: Xerneas
|move|p2a: Audino|Heal Bell|p2a: Audino
|-activate|p2a: Audino|move: Heal Bell
|-curestatus|p2: Tyranitar|slp|[msg]
|
|upkeep
|turn|83
|
|t:|1634354780
|cant|p1a: Xerneas|slp
|move|p1a: Xerneas|Sleep Talk|p1a: Xerneas
|move|p1a: Xerneas|Rest||[from]move: Sleep Talk|[still]
|-fail|p1a: Xerneas
|move|p2a: Audino|Knock Off|p1a: Xerneas
|-resisted|p1a: Xerneas
|-damage|p1a: Xerneas|97/100 slp
|-enditem|p1a: Xerneas|Heavy-Duty Boots|[from] move: Knock Off|[of] p2a: Audino
|
|upkeep
|turn|84
|j| Black Stone 542
|
|t:|1634354786
|-curestatus|p1a: Xerneas|slp|[msg]
|move|p1a: Xerneas|Aromatherapy|p1a: Xerneas
|-activate|p1a: Xerneas|move: Aromatherapy
|-curestatus|p1: Necrozma|brn|[msg]
|move|p2a: Audino|Thunder Wave|p1a: Xerneas
|-status|p1a: Xerneas|par
|
|upkeep
|turn|85
|
|t:|1634354796
|switch|p1a: Blissey|Blissey, F|63/100
|move|p2a: Audino|Thunder Wave|p1a: Blissey
|-status|p1a: Blissey|par
|
|upkeep
|turn|86
|
|t:|1634354801
|switch|p2a: Necrozma|Necrozma-Dusk-Mane|60/100
|cant|p1a: Blissey|par
|
|upkeep
|turn|87
|l| Black Stone 542
|
|t:|1634354813
|switch|p2a: Eternatus|Eternatus|96/100
|-ability|p2a: Eternatus|Pressure
|move|p1a: Blissey|Stealth Rock|p2a: Eternatus
|-sidestart|p2: PokeDuels Blue|move: Stealth Rock
|
|upkeep
|turn|88
|
|t:|1634354818
|move|p2a: Eternatus|Toxic Spikes|p1a: Blissey
|-sidestart|p1: comradesquidwar|move: Toxic Spikes
|cant|p1a: Blissey|par
|
|upkeep
|turn|89
|
|t:|1634354821
|move|p2a: Eternatus|Toxic Spikes|p1a: Blissey
|-sidestart|p1: comradesquidwar|move: Toxic Spikes
|move|p1a: Blissey|Soft-Boiled|p1a: Blissey
|-heal|p1a: Blissey|100/100 par
|
|upkeep
|turn|90
|l| ngnngg
|j| equenimeus
|
|t:|1634354831
|switch|p2a: Necrozma|Necrozma-Dusk-Mane|60/100
|-damage|p2a: Necrozma|54/100|[from] Stealth Rock
|-curestatus|p1a: Blissey|par|[from] ability: Natural Cure
|switch|p1a: Necrozma|Necrozma-Dusk-Mane|73/100
|
|upkeep
|turn|91
|
|t:|1634354839
|move|p2a: Necrozma|Moonlight|p2a: Necrozma
|-heal|p2a: Necrozma|100/100
|move|p1a: Necrozma|Thunder Wave|p2a: Necrozma
|-status|p2a: Necrozma|par
|
|upkeep
|turn|92
|
|t:|1634354843
|switch|p2a: Giratina|Giratina|100/100
|-damage|p2a: Giratina|88/100|[from] Stealth Rock
|-ability|p2a: Giratina|Pressure
|move|p1a: Necrozma|Dragon Dance|p1a: Necrozma
|-boost|p1a: Necrozma|atk|1
|-boost|p1a: Necrozma|spe|1
|
|-heal|p2a: Giratina|94/100|[from] item: Leftovers
|upkeep
|turn|93
|
|t:|1634354848
|move|p1a: Necrozma|Thunder Wave|p2a: Giratina
|-status|p2a: Giratina|par
|move|p2a: Giratina|Will-O-Wisp|p1a: Necrozma
|-status|p1a: Necrozma|brn
|
|-heal|p2a: Giratina|100/100 par|[from] item: Leftovers
|-damage|p1a: Necrozma|67/100 brn|[from] brn
|upkeep
|turn|94
|
|t:|1634354855
|switch|p1a: Skarmory|Skarmory, F, shiny|100/100
|switch|p2a: Audino|Audino, L99, M|100/100
|-damage|p2a: Audino|88/100|[from] Stealth Rock
|
|upkeep
|turn|95
|
|t:|1634354861
|move|p1a: Skarmory|Spikes|p2a: Audino
|-sidestart|p2: PokeDuels Blue|Spikes
|move|p2a: Audino|Heal Bell|p2a: Audino
|-activate|p2a: Audino|move: Heal Bell
|-curestatus|p2: Necrozma|par|[msg]
|-curestatus|p2: Giratina|par|[msg]
|
|upkeep
|turn|96
|
|t:|1634354864
|switch|p2a: Giratina|Giratina|100/100
|-damage|p2a: Giratina|88/100|[from] Stealth Rock
|-damage|p2a: Giratina|76/100|[from] Spikes
|-ability|p2a: Giratina|Pressure
|move|p1a: Skarmory|Whirlwind|p2a: Giratina
|drag|p2a: Tyranitar|Tyranitar, F|100/100
|-damage|p2a: Tyranitar|88/100|[from] Spikes
|-damage|p2a: Tyranitar|76/100|[from] Stealth Rock
|-weather|Sandstorm|[from] ability: Sand Stream|[of] p2a: Tyranitar
|
|-weather|Sandstorm|[upkeep]
|upkeep
|turn|97
|
|t:|1634354869
|switch|p2a: Giratina|Giratina|76/100
|-damage|p2a: Giratina|64/100|[from] Spikes
|-damage|p2a: Giratina|51/100|[from] Stealth Rock
|-ability|p2a: Giratina|Pressure
|move|p1a: Skarmory|Body Press|p2a: Giratina
|-immune|p2a: Giratina
|
|-weather|Sandstorm|[upkeep]
|-damage|p2a: Giratina|45/100|[from] Sandstorm
|-heal|p2a: Giratina|51/100|[from] item: Leftovers
|upkeep
|turn|98
|
|t:|1634354872
|move|p2a: Giratina|Defog|p1a: Skarmory
|-unboost|p1a: Skarmory|evasion|1
|-sideend|p1: comradesquidwar|Toxic Spikes|[from] move: Defog|[of] p2a: Giratina
|-sideend|p2: PokeDuels Blue|Spikes|[from] move: Defog|[of] p2a: Giratina
|-sideend|p2: PokeDuels Blue|Stealth Rock|[from] move: Defog|[of] p2a: Giratina
|move|p1a: Skarmory|Whirlwind|p2a: Giratina
|drag|p2a: Audino|Audino, L99, M|100/100
|
|-weather|Sandstorm|[upkeep]
|-damage|p2a: Audino|94/100|[from] Sandstorm
|upkeep
|turn|99
|
|t:|1634354879
|switch|p1a: Blissey|Blissey, F|100/100
|switch|p2a: Giratina|Giratina|51/100
|-ability|p2a: Giratina|Pressure
|
|-weather|Sandstorm|[upkeep]
|-damage|p2a: Giratina|45/100|[from] Sandstorm
|-damage|p1a: Blissey|94/100|[from] Sandstorm
|-heal|p2a: Giratina|51/100|[from] item: Leftovers
|upkeep
|turn|100
|
|t:|1634354885
|move|p2a: Giratina|Rest|p2a: Giratina
|-status|p2a: Giratina|slp|[from] move: Rest
|-heal|p2a: Giratina|100/100 slp|[silent]
|move|p1a: Blissey|Stealth Rock|p2a: Giratina
|-sidestart|p2: PokeDuels Blue|move: Stealth Rock
|
|-weather|none
|upkeep
|turn|101
|
|t:|1634354888
|switch|p1a: Skarmory|Skarmory, F, shiny|100/100
|cant|p2a: Giratina|slp
|
|upkeep
|turn|102
|
|t:|1634354891
|cant|p2a: Giratina|slp
|move|p1a: Skarmory|Whirlwind|p2a: Giratina
|drag|p2a: Audino|Audino, L99, M|100/100
|-damage|p2a: Audino|88/100|[from] Stealth Rock
|
|upkeep
|turn|103
|
|t:|1634354894
|switch|p2a: Giratina|Giratina|100/100 slp
|-damage|p2a: Giratina|88/100 slp|[from] Stealth Rock
|-ability|p2a: Giratina|Pressure
|move|p1a: Skarmory|Spikes|p2a: Giratina
|-sidestart|p2: PokeDuels Blue|Spikes
|
|-heal|p2a: Giratina|94/100 slp|[from] item: Leftovers
|upkeep
|turn|104
|
|t:|1634354896
|-curestatus|p2a: Giratina|slp|[msg]
|move|p2a: Giratina|Defog|p1a: Skarmory
|-unboost|p1a: Skarmory|evasion|1
|-sideend|p2: PokeDuels Blue|Spikes|[from] move: Defog|[of] p2a: Giratina
|-sideend|p2: PokeDuels Blue|Stealth Rock|[from] move: Defog|[of] p2a: Giratina
|move|p1a: Skarmory|Whirlwind|p2a: Giratina
|drag|p2a: Necrozma|Necrozma-Dusk-Mane|100/100
|
|upkeep
|turn|105
|
|t:|1634354910
|switch|p2a: Giratina|Giratina|94/100
|-ability|p2a: Giratina|Pressure
|switch|p1a: Yveltal|Yveltal, shiny|93/100
|-ability|p1a: Yveltal|Dark Aura
|
|-heal|p2a: Giratina|100/100|[from] item: Leftovers
|upkeep
|turn|106
|
|t:|1634354913
|switch|p2a: Eternatus|Eternatus|96/100
|-ability|p2a: Eternatus|Pressure
|move|p1a: Yveltal|Taunt|p2a: Eternatus
|-start|p2a: Eternatus|move: Taunt
|
|upkeep
|turn|107
|
|t:|1634354916
|switch|p2a: Audino|Audino, L99, M|100/100
|move|p1a: Yveltal|Knock Off|p2a: Audino
|-damage|p2a: Audino|72/100
|
|upkeep
|turn|108
|
|t:|1634354918
|move|p1a: Yveltal|Taunt|p2a: Audino
|-start|p2a: Audino|move: Taunt
|cant|p2a: Audino|move: Taunt|Thunder Wave
|
|upkeep
|turn|109
|
|t:|1634354920
|switch|p2a: Eternatus|Eternatus|96/100
|-ability|p2a: Eternatus|Pressure
|move|p1a: Yveltal|Knock Off|p2a: Eternatus
|-damage|p2a: Eternatus|74/100
|
|upkeep
|turn|110
|
|t:|1634354923
|move|p2a: Eternatus|Toxic Spikes|p1a: Yveltal
|-sidestart|p1: comradesquidwar|move: Toxic Spikes
|move|p1a: Yveltal|Knock Off|p2a: Eternatus
|-damage|p2a: Eternatus|53/100
|
|upkeep
|turn|111
|
|t:|1634354928
|switch|p1a: Necrozma|Necrozma-Dusk-Mane|67/100 brn
|move|p2a: Eternatus|Recover|p2a: Eternatus
|-heal|p2a: Eternatus|100/100
|
|-damage|p1a: Necrozma|61/100 brn|[from] brn
|upkeep
|turn|112
|
|t:|1634354936
|switch|p2a: Excadrill|Excadrill, M|100/100
|move|p1a: Necrozma|Moonlight|p1a: Necrozma
|-heal|p1a: Necrozma|100/100 brn
|
|-damage|p1a: Necrozma|94/100 brn|[from] brn
|upkeep
|turn|113
|
|t:|1634354945
|switch|p2a: Giratina|Giratina|100/100
|-ability|p2a: Giratina|Pressure
|switch|p1a: Skarmory|Skarmory, F, shiny|100/100
|
|upkeep
|turn|114
|
|t:|1634354949
|switch|p1a: Necrozma|Necrozma-Dusk-Mane|94/100 brn
|move|p2a: Giratina|Will-O-Wisp|p1a: Necrozma
|-fail|p1a: Necrozma|brn
|
|-damage|p1a: Necrozma|88/100 brn|[from] brn
|upkeep
|turn|115
|
|t:|1634354953
|switch|p2a: Excadrill|Excadrill, M|100/100
|switch|p1a: Blissey|Blissey, F|94/100
|-status|p1a: Blissey|psn
|
|-damage|p1a: Blissey|82/100 psn|[from] psn
|upkeep
|turn|116
|
|t:|1634354956
|move|p2a: Excadrill|Swords Dance|p2a: Excadrill
|-boost|p2a: Excadrill|atk|2
|move|p1a: Blissey|Stealth Rock|p2a: Excadrill
|-sidestart|p2: PokeDuels Blue|move: Stealth Rock
|
|-damage|p1a: Blissey|69/100 psn|[from] psn
|upkeep
|turn|117
|
|t:|1634354958
|-curestatus|p1a: Blissey|psn|[from] ability: Natural Cure
|switch|p1a: Skarmory|Skarmory, F, shiny|100/100
|move|p2a: Excadrill|Swords Dance|p2a: Excadrill
|-boost|p2a: Excadrill|atk|2
|
|upkeep
|turn|118
|
|t:|1634354962
|move|p2a: Excadrill|Iron Head|p1a: Skarmory
|-resisted|p1a: Skarmory
|-damage|p1a: Skarmory|67/100
|move|p1a: Skarmory|Whirlwind|p2a: Excadrill
|drag|p2a: Giratina|Giratina|100/100
|-damage|p2a: Giratina|88/100|[from] Stealth Rock
|-ability|p2a: Giratina|Pressure
|
|-heal|p2a: Giratina|94/100|[from] item: Leftovers
|upkeep
|turn|119
|
|t:|1634354965
|move|p2a: Giratina|Defog|p1a: Skarmory
|-unboost|p1a: Skarmory|evasion|1
|-sideend|p1: comradesquidwar|Toxic Spikes|[from] move: Defog|[of] p2a: Giratina
|-sideend|p2: PokeDuels Blue|Stealth Rock|[from] move: Defog|[of] p2a: Giratina
|move|p1a: Skarmory|Roost|p1a: Skarmory
|-heal|p1a: Skarmory|100/100
|-singleturn|p1a: Skarmory|move: Roost
|
|-heal|p2a: Giratina|100/100|[from] item: Leftovers
|upkeep
|turn|120
|
|t:|1634354970
|switch|p1a: Blissey|Blissey, F|69/100
|move|p2a: Giratina|Will-O-Wisp|p1a: Blissey
|-status|p1a: Blissey|brn
|
|-damage|p1a: Blissey|63/100 brn|[from] brn
|upkeep
|turn|121
|
|t:|1634354974
|switch|p2a: Tyranitar|Tyranitar, F|76/100
|-weather|Sandstorm|[from] ability: Sand Stream|[of] p2a: Tyranitar
|move|p1a: Blissey|Stealth Rock|p2a: Tyranitar
|-sidestart|p2: PokeDuels Blue|move: Stealth Rock
|
|-weather|Sandstorm|[upkeep]
|-damage|p1a: Blissey|57/100 brn|[from] Sandstorm
|-damage|p1a: Blissey|51/100 brn|[from] brn
|upkeep
|turn|122
|
|t:|1634354980
|-curestatus|p1a: Blissey|brn|[from] ability: Natural Cure
|switch|p1a: Skarmory|Skarmory, F, shiny|100/100
|move|p2a: Tyranitar|Crunch|p1a: Skarmory
|-damage|p1a: Skarmory|60/100
|
|-weather|Sandstorm|[upkeep]
|upkeep
|turn|123
|
|t:|1634354995
|switch|p2a: Giratina|Giratina|100/100
|-damage|p2a: Giratina|88/100|[from] Stealth Rock
|-ability|p2a: Giratina|Pressure
|move|p1a: Skarmory|Body Press|p2a: Giratina
|-immune|p2a: Giratina
|
|-weather|Sandstorm|[upkeep]
|-damage|p2a: Giratina|82/100|[from] Sandstorm
|-heal|p2a: Giratina|88/100|[from] item: Leftovers
|upkeep
|turn|124
|
|t:|1634355001
|switch|p1a: Blissey|Blissey, F|51/100
|move|p2a: Giratina|Will-O-Wisp|p1a: Blissey|[miss]
|-miss|p2a: Giratina|p1a: Blissey
|
|-weather|Sandstorm|[upkeep]
|-damage|p2a: Giratina|82/100|[from] Sandstorm
|-damage|p1a: Blissey|45/100|[from] Sandstorm
|-heal|p2a: Giratina|88/100|[from] item: Leftovers
|upkeep
|turn|125
|
|t:|1634355011
|switch|p2a: Necrozma|Necrozma-Dusk-Mane|100/100
|-damage|p2a: Necrozma|94/100|[from] Stealth Rock
|switch|p1a: Skarmory|Skarmory, F, shiny|60/100
|
|-weather|none
|upkeep
|turn|126
|
|t:|1634355017
|switch|p2a: Giratina|Giratina|88/100
|-damage|p2a: Giratina|76/100|[from] Stealth Rock
|-ability|p2a: Giratina|Pressure
|move|p1a: Skarmory|Roost|p1a: Skarmory
|-heal|p1a: Skarmory|100/100
|-singleturn|p1a: Skarmory|move: Roost
|
|-heal|p2a: Giratina|82/100|[from] item: Leftovers
|upkeep
|turn|127
|
|t:|1634355026
|switch|p1a: Blissey|Blissey, F|45/100
|move|p2a: Giratina|Will-O-Wisp|p1a: Blissey
|-status|p1a: Blissey|brn
|
|-heal|p2a: Giratina|88/100|[from] item: Leftovers
|-damage|p1a: Blissey|38/100 brn|[from] brn
|upkeep
|turn|128
|
|t:|1634355030
|switch|p2a: Tyranitar|Tyranitar, F|76/100
|-damage|p2a: Tyranitar|64/100|[from] Stealth Rock
|-weather|Sandstorm|[from] ability: Sand Stream|[of] p2a: Tyranitar
|move|p1a: Blissey|Soft-Boiled|p1a: Blissey
|-heal|p1a: Blissey|89/100 brn
|
|-weather|Sandstorm|[upkeep]
|-damage|p1a: Blissey|82/100 brn|[from] Sandstorm
|-damage|p1a: Blissey|76/100 brn|[from] brn
|upkeep
|turn|129
|
|t:|1634355036
|-curestatus|p1a: Blissey|brn|[from] ability: Natural Cure
|switch|p1a: Skarmory|Skarmory, F, shiny|100/100
|move|p2a: Tyranitar|Crunch|p1a: Skarmory
|-damage|p1a: Skarmory|59/100
|
|-weather|Sandstorm|[upkeep]
|upkeep
|turn|130
|
|t:|1634355047
|switch|p2a: Eternatus|Eternatus|100/100
|-damage|p2a: Eternatus|88/100|[from] Stealth Rock
|-ability|p2a: Eternatus|Pressure
|move|p1a: Skarmory|Whirlwind|p2a: Eternatus
|drag|p2a: Necrozma|Necrozma-Dusk-Mane|94/100
|-damage|p2a: Necrozma|88/100|[from] Stealth Rock
|
|-weather|Sandstorm|[upkeep]
|upkeep
|turn|131
|
|t:|1634355058
|switch|p2a: Giratina|Giratina|88/100
|-damage|p2a: Giratina|76/100|[from] Stealth Rock
|-ability|p2a: Giratina|Pressure
|move|p1a: Skarmory|Whirlwind|p2a: Giratina
|drag|p2a: Audino|Audino, L99, M|100/100
|-damage|p2a: Audino|88/100|[from] Stealth Rock
|
|-weather|Sandstorm|[upkeep]
|-damage|p2a: Audino|82/100|[from] Sandstorm
|upkeep
|turn|132
|
|t:|1634355065
|move|p1a: Skarmory|Spikes|p2a: Audino
|-sidestart|p2: PokeDuels Blue|Spikes
|move|p2a: Audino|Thunder Wave|p1a: Skarmory
|-status|p1a: Skarmory|par
|
|-weather|none
|upkeep
|turn|133
|
|t:|1634355068
|switch|p2a: Necrozma|Necrozma-Dusk-Mane|88/100
|-damage|p2a: Necrozma|82/100|[from] Stealth Rock
|-damage|p2a: Necrozma|70/100|[from] Spikes
|move|p1a: Skarmory|Whirlwind|p2a: Necrozma
|drag|p2a: Excadrill|Excadrill, M|100/100
|-damage|p2a: Excadrill|97/100|[from] Stealth Rock
|-damage|p2a: Excadrill|85/100|[from] Spikes
|
|-heal|p2a: Excadrill|91/100|[from] item: Leftovers
|upkeep
|turn|134
|
|t:|1634355073
|switch|p2a: Giratina|Giratina|76/100
|-damage|p2a: Giratina|64/100|[from] Stealth Rock
|-damage|p2a: Giratina|51/100|[from] Spikes
|-ability|p2a: Giratina|Pressure
|move|p1a: Skarmory|Body Press|p2a: Giratina
|-immune|p2a: Giratina
|
|-heal|p2a: Giratina|57/100|[from] item: Leftovers
|upkeep
|turn|135
|
|t:|1634355075
|move|p2a: Giratina|Defog|p1a: Skarmory
|-unboost|p1a: Skarmory|evasion|1
|-sideend|p2: PokeDuels Blue|Spikes|[from] move: Defog|[of] p2a: Giratina
|-sideend|p2: PokeDuels Blue|Stealth Rock|[from] move: Defog|[of] p2a: Giratina
|move|p1a: Skarmory|Roost|p1a: Skarmory
|-heal|p1a: Skarmory|100/100 par
|-singleturn|p1a: Skarmory|move: Roost
|
|-heal|p2a: Giratina|64/100|[from] item: Leftovers
|upkeep
|turn|136
|
|t:|1634355087
|switch|p2a: Tyranitar|Tyranitar, F|64/100
|-weather|Sandstorm|[from] ability: Sand Stream|[of] p2a: Tyranitar
|switch|p1a: Xerneas|Xerneas|97/100 par
|-ability|p1a: Xerneas|Fairy Aura
|
|-weather|Sandstorm|[upkeep]
|-damage|p1a: Xerneas|90/100 par|[from] Sandstorm
|upkeep
|turn|137
|
|t:|1634355095
|switch|p2a: Excadrill|Excadrill, M|91/100
|move|p1a: Xerneas|Aromatherapy|p1a: Xerneas
|-activate|p1a: Xerneas|move: Aromatherapy
|-curestatus|p1a: Xerneas|par|[msg]
|-curestatus|p1: Skarmory|par|[msg]
|-curestatus|p1: Necrozma|brn|[msg]
|
|-weather|Sandstorm|[upkeep]
|-damage|p1a: Xerneas|84/100|[from] Sandstorm
|-heal|p2a: Excadrill|97/100|[from] item: Leftovers
|upkeep
|turn|138
|
|t:|1634355104
|switch|p2a: Eternatus|Eternatus|88/100
|-ability|p2a: Eternatus|Pressure
|switch|p1a: Skarmory|Skarmory, F, shiny|100/100
|
|-weather|Sandstorm|[upkeep]
|-damage|p2a: Eternatus|82/100|[from] Sandstorm
|upkeep
|turn|139
|
|t:|1634355107
|switch|p1a: Xerneas|Xerneas|84/100
|-ability|p1a: Xerneas|Fairy Aura
|move|p2a: Eternatus|Mystical Fire|p1a: Xerneas
|-crit|p1a: Xerneas
|-damage|p1a: Xerneas|55/100
|-unboost|p1a: Xerneas|spa|1
|
|-weather|Sandstorm|[upkeep]
|-damage|p2a: Eternatus|76/100|[from] Sandstorm
|-damage|p1a: Xerneas|49/100|[from] Sandstorm
|upkeep
|turn|140
|
|t:|1634355119
|move|p2a: Eternatus|Toxic Spikes|p1a: Xerneas
|-sidestart|p1: comradesquidwar|move: Toxic Spikes
|move|p1a: Xerneas|Rest|p1a: Xerneas
|-status|p1a: Xerneas|slp|[from] move: Rest
|-heal|p1a: Xerneas|100/100 slp|[silent]
|
|-weather|none
|upkeep
|turn|141
|
|t:|1634355121
|move|p2a: Eternatus|Toxic Spikes|p1a: Xerneas
|-sidestart|p1: comradesquidwar|move: Toxic Spikes
|cant|p1a: Xerneas|slp
|move|p1a: Xerneas|Sleep Talk|p1a: Xerneas
|move|p1a: Xerneas|Rest||[from]move: Sleep Talk|[still]
|-fail|p1a: Xerneas
|
|upkeep
|turn|142
|
|t:|1634355128
|switch|p2a: Audino|Audino, L99, M|100/100
|cant|p1a: Xerneas|slp
|move|p1a: Xerneas|Sleep Talk|p1a: Xerneas
|move|p1a: Xerneas|Rest||[from]move: Sleep Talk|[still]
|-fail|p1a: Xerneas
|
|upkeep
|turn|143
|
|t:|1634355134
|switch|p1a: Blissey|Blissey, F|76/100
|-status|p1a: Blissey|tox
|move|p2a: Audino|Thunder Wave||[still]
|-fail|p2a: Audino
|
|-damage|p1a: Blissey|70/100 tox|[from] psn
|upkeep
|turn|144
|
|t:|1634355139
|switch|p2a: Tyranitar|Tyranitar, F|64/100
|-weather|Sandstorm|[from] ability: Sand Stream|[of] p2a: Tyranitar
|move|p1a: Blissey|Stealth Rock|p2a: Tyranitar
|-sidestart|p2: PokeDuels Blue|move: Stealth Rock
|
|-weather|Sandstorm|[upkeep]
|-damage|p1a: Blissey|64/100 tox|[from] Sandstorm
|-damage|p1a: Blissey|51/100 tox|[from] psn
|upkeep
|turn|145
|
|t:|1634355149
|-curestatus|p1a: Blissey|tox|[from] ability: Natural Cure
|switch|p1a: Skarmory|Skarmory, F, shiny|100/100
|move|p2a: Tyranitar|Stone Edge|p1a: Skarmory
|-damage|p1a: Skarmory|54/100
|
|-weather|Sandstorm|[upkeep]
|upkeep
|turn|146
|
|t:|1634355158
|switch|p2a: Giratina|Giratina|64/100
|-damage|p2a: Giratina|51/100|[from] Stealth Rock
|-ability|p2a: Giratina|Pressure
|move|p1a: Skarmory|Roost|p1a: Skarmory
|-heal|p1a: Skarmory|100/100
|-singleturn|p1a: Skarmory|move: Roost
|
|-weather|Sandstorm|[upkeep]
|-damage|p2a: Giratina|45/100|[from] Sandstorm
|-heal|p2a: Giratina|51/100|[from] item: Leftovers
|upkeep
|turn|147
|
|t:|1634355165
|move|p2a: Giratina|Will-O-Wisp|p1a: Skarmory
|-status|p1a: Skarmory|brn
|move|p1a: Skarmory|Whirlwind|p2a: Giratina
|drag|p2a: Excadrill|Excadrill, M|97/100
|-damage|p2a: Excadrill|94/100|[from] Stealth Rock
|
|-weather|Sandstorm|[upkeep]
|-heal|p2a: Excadrill|99/100|[from] item: Leftovers
|-damage|p1a: Skarmory|95/100 brn|[from] brn
|upkeep
|turn|148
|
|t:|1634355170
|switch|p2a: Giratina|Giratina|51/100
|-damage|p2a: Giratina|39/100|[from] Stealth Rock
|-ability|p2a: Giratina|Pressure
|move|p1a: Skarmory|Whirlwind|p2a: Giratina
|drag|p2a: Necrozma|Necrozma-Dusk-Mane|70/100
|-damage|p2a: Necrozma|64/100|[from] Stealth Rock
|
|-weather|none
|-damage|p1a: Skarmory|89/100 brn|[from] brn
|upkeep
|turn|149
|
|t:|1634355176
|switch|p2a: Giratina|Giratina|39/100
|-damage|p2a: Giratina|27/100|[from] Stealth Rock
|-ability|p2a: Giratina|Pressure
|move|p1a: Skarmory|Spikes|p2a: Giratina
|-sidestart|p2: PokeDuels Blue|Spikes
|
|-heal|p2a: Giratina|33/100|[from] item: Leftovers
|-damage|p1a: Skarmory|83/100 brn|[from] brn
|upkeep
|turn|150
|
|t:|1634355183
|switch|p1a: Yveltal|Yveltal, shiny|93/100
|-ability|p1a: Yveltal|Dark Aura
|move|p2a: Giratina|Defog|p1a: Yveltal
|-unboost|p1a: Yveltal|evasion|1
|-sideend|p1: comradesquidwar|Toxic Spikes|[from] move: Defog|[of] p2a: Giratina
|-sideend|p2: PokeDuels Blue|Spikes|[from] move: Defog|[of] p2a: Giratina
|-sideend|p2: PokeDuels Blue|Stealth Rock|[from] move: Defog|[of] p2a: Giratina
|
|-heal|p2a: Giratina|39/100|[from] item: Leftovers
|upkeep
|turn|151
|
|t:|1634355186
|switch|p2a: Eternatus|Eternatus|76/100
|-ability|p2a: Eternatus|Pressure
|move|p1a: Yveltal|Taunt|p2a: Eternatus
|-start|p2a: Eternatus|move: Taunt
|
|upkeep
|turn|152
|
|t:|1634355189
|switch|p2a: Audino|Audino, L99, M|100/100
|move|p1a: Yveltal|Knock Off|p2a: Audino
|-damage|p2a: Audino|76/100
|
|upkeep
|turn|153
|
|t:|1634355193
|switch|p2a: Eternatus|Eternatus|76/100
|-ability|p2a: Eternatus|Pressure
|move|p1a: Yveltal|Taunt|p2a: Eternatus
|-start|p2a: Eternatus|move: Taunt
|
|upkeep
|turn|154
|
|t:|1634355195
|move|p2a: Eternatus|Mystical Fire|p1a: Yveltal
|-damage|p1a: Yveltal|74/100
|-unboost|p1a: Yveltal|spa|1
|move|p1a: Yveltal|Taunt||[still]
|-fail|p1a: Yveltal
|
|upkeep
|turn|155
|
|t:|1634355199
|switch|p2a: Audino|Audino, L99, M|100/100
|move|p1a: Yveltal|Knock Off|p2a: Audino
|-damage|p2a: Audino|76/100
|
|upkeep
|turn|156
|
|t:|1634355205
|switch|p1a: Necrozma|Necrozma-Dusk-Mane|88/100
|switch|p2a: Eternatus|Eternatus|76/100
|-ability|p2a: Eternatus|Pressure
|
|upkeep
|turn|157
|
|t:|1634355218
|switch|p2a: Audino|Audino, L99, M|100/100
|move|p1a: Necrozma|Dragon Dance|p1a: Necrozma
|-boost|p1a: Necrozma|atk|1
|-boost|p1a: Necrozma|spe|1
|
|upkeep
|turn|158
|
|t:|1634355220
|move|p1a: Necrozma|Iron Head|p2a: Audino
|-damage|p2a: Audino|58/100
|move|p2a: Audino|Encore|p1a: Necrozma
|-start|p1a: Necrozma|Encore
|
|upkeep
|turn|159
|
|t:|1634355233
|switch|p2a: Necrozma|Necrozma-Dusk-Mane|64/100
|move|p1a: Necrozma|Iron Head|p2a: Necrozma
|-resisted|p2a: Necrozma
|-damage|p2a: Necrozma|41/100
|
|upkeep
|turn|160
|
|t:|1634355242
|move|p1a: Necrozma|Iron Head|p2a: Necrozma
|-resisted|p2a: Necrozma
|-damage|p2a: Necrozma|18/100
|move|p2a: Necrozma|Moonlight|p2a: Necrozma
|-heal|p2a: Necrozma|68/100
|
|upkeep
|turn|161
|
|t:|1634355247
|move|p1a: Necrozma|Iron Head|p2a: Necrozma
|-resisted|p2a: Necrozma
|-damage|p2a: Necrozma|49/100
|move|p2a: Necrozma|Dragon Dance|p2a: Necrozma
|-boost|p2a: Necrozma|atk|1
|-boost|p2a: Necrozma|spe|1
|
|-end|p1a: Necrozma|Encore
|upkeep
|turn|162
|
|t:|1634355250
|move|p2a: Necrozma|Moonlight|p2a: Necrozma
|-heal|p2a: Necrozma|99/100
|move|p1a: Necrozma|Dragon Dance|p1a: Necrozma
|-boost|p1a: Necrozma|atk|1
|-boost|p1a: Necrozma|spe|1
|
|upkeep
|turn|163
|
|t:|1634355252
|move|p1a: Necrozma|Thunder Wave|p2a: Necrozma
|-status|p2a: Necrozma|par
|move|p2a: Necrozma|Dragon Dance|p2a: Necrozma
|-boost|p2a: Necrozma|atk|1
|-boost|p2a: Necrozma|spe|1
|
|upkeep
|turn|164
|
|t:|1634355255
|move|p1a: Necrozma|Iron Head|p2a: Necrozma
|-resisted|p2a: Necrozma
|-damage|p2a: Necrozma|68/100 par
|move|p2a: Necrozma|Dragon Dance|p2a: Necrozma
|-boost|p2a: Necrozma|atk|1
|-boost|p2a: Necrozma|spe|1
|
|upkeep
|turn|165
|
|t:|1634355260
|move|p1a: Necrozma|Iron Head|p2a: Necrozma
|-resisted|p2a: Necrozma
|-damage|p2a: Necrozma|39/100 par
|cant|p2a: Necrozma|flinch
|
|upkeep
|turn|166
|
|t:|1634355263
|move|p1a: Necrozma|Iron Head|p2a: Necrozma
|-resisted|p2a: Necrozma
|-damage|p2a: Necrozma|12/100 par
|cant|p2a: Necrozma|flinch
|
|upkeep
|turn|167
|
|t:|1634355271
|move|p1a: Necrozma|Iron Head|p2a: Necrozma
|-resisted|p2a: Necrozma
|-damage|p2a: Necrozma|0 fnt
|faint|p2a: Necrozma
|
|upkeep
|
|t:|1634355279
|switch|p2a: Audino|Audino, L99, M|91/100
|turn|168
|
|t:|1634355282
|move|p1a: Necrozma|Iron Head|p2a: Audino
|-damage|p2a: Audino|36/100
|move|p2a: Audino|Thunder Wave|p1a: Necrozma
|-status|p1a: Necrozma|par
|
|upkeep
|turn|169
|
|t:|1634355291
|switch|p2a: Eternatus|Eternatus|76/100
|-ability|p2a: Eternatus|Pressure
|move|p1a: Necrozma|Iron Head|p2a: Eternatus
|-damage|p2a: Eternatus|27/100
|
|upkeep
|turn|170
|
|t:|1634355296
|move|p2a: Eternatus|Recover|p2a: Eternatus
|-heal|p2a: Eternatus|77/100
|move|p1a: Necrozma|Thunder Wave|p2a: Eternatus
|-status|p2a: Eternatus|par
|
|upkeep
|turn|171
|
|t:|1634355302
|switch|p2a: Excadrill|Excadrill, M|99/100
|move|p1a: Necrozma|Iron Head|p2a: Excadrill
|-resisted|p2a: Excadrill
|-damage|p2a: Excadrill|57/100
|
|-heal|p2a: Excadrill|63/100|[from] item: Leftovers
|upkeep
|turn|172
|
|t:|1634355307
|switch|p1a: Skarmory|Skarmory, F, shiny|83/100 brn
|move|p2a: Excadrill|Earthquake|p1a: Skarmory
|-immune|p1a: Skarmory
|
|-heal|p2a: Excadrill|69/100|[from] item: Leftovers
|-damage|p1a: Skarmory|77/100 brn|[from] brn
|upkeep
|turn|173
|
|t:|1634355313
|switch|p2a: Audino|Audino, L99, M|70/100
|switch|p1a: Xerneas|Xerneas|100/100 slp
|-ability|p1a: Xerneas|Fairy Aura
|
|upkeep
|turn|174
|
|t:|1634355317
|-curestatus|p1a: Xerneas|slp|[msg]
|move|p1a: Xerneas|Aromatherapy|p1a: Xerneas
|-activate|p1a: Xerneas|move: Aromatherapy
|-curestatus|p1: Skarmory|brn|[msg]
|-curestatus|p1: Necrozma|par|[msg]
|move|p2a: Audino|Heal Bell|p2a: Audino
|-activate|p2a: Audino|move: Heal Bell
|-curestatus|p2: Eternatus|par|[msg]
|
|upkeep
|turn|175
|
|t:|1634355320
|move|p1a: Xerneas|Moonblast|p2a: Audino
|-damage|p2a: Audino|14/100
|move|p2a: Audino|Thunder Wave|p1a: Xerneas
|-status|p1a: Xerneas|par
|
|upkeep
|turn|176
|
|t:|1634355326
|switch|p2a: Eternatus|Eternatus|77/100
|-ability|p2a: Eternatus|Pressure
|move|p1a: Xerneas|Moonblast|p2a: Eternatus
|-damage|p2a: Eternatus|34/100
|-unboost|p2a: Eternatus|spa|1
|
|upkeep
|turn|177
|
|t:|1634355332
|move|p2a: Eternatus|Recover|p2a: Eternatus
|-heal|p2a: Eternatus|84/100
|move|p1a: Xerneas|Moonblast|p2a: Eternatus
|-damage|p2a: Eternatus|47/100
|-unboost|p2a: Eternatus|spa|1
|
|upkeep
|turn|178
|
|t:|1634355335
|move|p2a: Eternatus|Recover|p2a: Eternatus
|-heal|p2a: Eternatus|97/100
|move|p1a: Xerneas|Moonblast|p2a: Eternatus
|-damage|p2a: Eternatus|54/100
|
|upkeep
|turn|179
|
|t:|1634355340
|move|p2a: Eternatus|Recover|p2a: Eternatus
|-heal|p2a: Eternatus|100/100
|move|p1a: Xerneas|Moonblast|p2a: Eternatus
|-damage|p2a: Eternatus|63/100
|
|upkeep
|turn|180
|
|t:|1634355345
|switch|p1a: Necrozma|Necrozma-Dusk-Mane|88/100
|move|p2a: Eternatus|Mystical Fire|p1a: Necrozma
|-supereffective|p1a: Necrozma
|-damage|p1a: Necrozma|78/100
|-unboost|p1a: Necrozma|spa|1
|
|upkeep
|turn|181
|
|t:|1634355349
|switch|p2a: Excadrill|Excadrill, M|69/100
|move|p1a: Necrozma|Dragon Dance|p1a: Necrozma
|-boost|p1a: Necrozma|atk|1
|-boost|p1a: Necrozma|spe|1
|
|-heal|p2a: Excadrill|75/100|[from] item: Leftovers
|upkeep
|turn|182
|
|t:|1634355355
|move|p1a: Necrozma|Iron Head|p2a: Excadrill
|-resisted|p2a: Excadrill
|-damage|p2a: Excadrill|44/100
|cant|p2a: Excadrill|flinch
|
|-heal|p2a: Excadrill|50/100|[from] item: Leftovers
|upkeep
|turn|183
|
|t:|1634355358
|move|p1a: Necrozma|Iron Head|p2a: Excadrill
|-resisted|p2a: Excadrill
|-damage|p2a: Excadrill|19/100
|move|p2a: Excadrill|Earthquake|p1a: Necrozma
|-supereffective|p1a: Necrozma
|-crit|p1a: Necrozma
|-damage|p1a: Necrozma|0 fnt
|faint|p1a: Necrozma
|
|-heal|p2a: Excadrill|25/100|[from] item: Leftovers
|upkeep
|
|t:|1634355369
|switch|p1a: Yveltal|Yveltal, shiny|74/100
|-ability|p1a: Yveltal|Dark Aura
|turn|184
|
|t:|1634355372
|switch|p2a: Eternatus|Eternatus|63/100
|-ability|p2a: Eternatus|Pressure
|move|p1a: Yveltal|Taunt|p2a: Eternatus
|-start|p2a: Eternatus|move: Taunt
|
|upkeep
|turn|185
|
|t:|1634355374
|switch|p2a: Audino|Audino, L99, M|48/100
|move|p1a: Yveltal|Knock Off|p2a: Audino
|-damage|p2a: Audino|22/100
|
|upkeep
|turn|186
|
|t:|1634355377
|switch|p2a: Eternatus|Eternatus|63/100
|-ability|p2a: Eternatus|Pressure
|move|p1a: Yveltal|Knock Off|p2a: Eternatus
|-damage|p2a: Eternatus|39/100
|
|upkeep
|turn|187
|
|t:|1634355383
|move|p2a: Eternatus|Recover|p2a: Eternatus
|-heal|p2a: Eternatus|89/100
|move|p1a: Yveltal|Taunt|p2a: Eternatus
|-start|p2a: Eternatus|move: Taunt
|
|upkeep
|turn|188
|
|t:|1634355386
|switch|p2a: Audino|Audino, L99, M|55/100
|move|p1a: Yveltal|Knock Off|p2a: Audino
|-damage|p2a: Audino|29/100
|
|upkeep
|turn|189
|
|t:|1634355388
|switch|p2a: Eternatus|Eternatus|89/100
|-ability|p2a: Eternatus|Pressure
|move|p1a: Yveltal|Knock Off|p2a: Eternatus
|-damage|p2a: Eternatus|65/100
|
|upkeep
|turn|190
|
|t:|1634355393
|switch|p1a: Xerneas|Xerneas|100/100 par
|-ability|p1a: Xerneas|Fairy Aura
|move|p2a: Eternatus|Toxic Spikes|p1a: Xerneas
|-sidestart|p1: comradesquidwar|move: Toxic Spikes
|
|upkeep
|turn|191
|
|t:|1634355397
|move|p2a: Eternatus|Mystical Fire|p1a: Xerneas
|-damage|p1a: Xerneas|81/100 par
|-unboost|p1a: Xerneas|spa|1
|move|p1a: Xerneas|Moonblast|p2a: Eternatus
|-damage|p2a: Eternatus|37/100
|-unboost|p2a: Eternatus|spa|1
|
|upkeep
|turn|192
|
|t:|1634355400
|move|p2a: Eternatus|Recover|p2a: Eternatus
|-heal|p2a: Eternatus|87/100
|move|p1a: Xerneas|Aromatherapy|p1a: Xerneas
|-activate|p1a: Xerneas|move: Aromatherapy
|-curestatus|p1a: Xerneas|par|[msg]
|
|upkeep
|turn|193
|
|t:|1634355405
|switch|p2a: Audino|Audino, L99, M|63/100
|switch|p1a: Blissey|Blissey, F|51/100
|-status|p1a: Blissey|psn
|
|-damage|p1a: Blissey|39/100 psn|[from] psn
|upkeep
|turn|194
|
|t:|1634355418
|switch|p2a: Giratina|Giratina|39/100
|-ability|p2a: Giratina|Pressure
|move|p1a: Blissey|Stealth Rock|p2a: Giratina
|-sidestart|p2: PokeDuels Blue|move: Stealth Rock
|
|-heal|p2a: Giratina|45/100|[from] item: Leftovers
|-damage|p1a: Blissey|26/100 psn|[from] psn
|upkeep
|turn|195
|
|t:|1634355421
|move|p2a: Giratina|Rest|p2a: Giratina
|-status|p2a: Giratina|slp|[from] move: Rest
|-heal|p2a: Giratina|100/100 slp|[silent]
|move|p1a: Blissey|Soft-Boiled|p1a: Blissey
|-heal|p1a: Blissey|77/100 psn
|
|-damage|p1a: Blissey|64/100 psn|[from] psn
|upkeep
|turn|196
|
|t:|1634355423
|-curestatus|p1a: Blissey|psn|[from] ability: Natural Cure
|switch|p1a: Xerneas|Xerneas|81/100
|-status|p1a: Xerneas|psn
|-ability|p1a: Xerneas|Fairy Aura
|cant|p2a: Giratina|slp
|
|-damage|p1a: Xerneas|69/100 psn|[from] psn
|upkeep
|turn|197
|
|t:|1634355427
|switch|p2a: Audino|Audino, L99, M|96/100
|-damage|p2a: Audino|84/100|[from] Stealth Rock
|move|p1a: Xerneas|Moonblast|p2a: Audino
|-damage|p2a: Audino|28/100
|-unboost|p2a: Audino|spa|1
|
|-damage|p1a: Xerneas|56/100 psn|[from] psn
|upkeep
|turn|198
|
|t:|1634355435
|switch|p2a: Eternatus|Eternatus|87/100
|-damage|p2a: Eternatus|75/100|[from] Stealth Rock
|-ability|p2a: Eternatus|Pressure
|move|p1a: Xerneas|Moonblast|p2a: Eternatus
|-damage|p2a: Eternatus|36/100
|
|-damage|p1a: Xerneas|44/100 psn|[from] psn
|upkeep
|turn|199
|
|t:|1634355439
|move|p2a: Eternatus|Recover|p2a: Eternatus
|-heal|p2a: Eternatus|86/100
|move|p1a: Xerneas|Rest|p1a: Xerneas
|-status|p1a: Xerneas|slp|[from] move: Rest
|-heal|p1a: Xerneas|100/100 slp|[silent]
|
|upkeep
|turn|200
|
|t:|1634355443
|move|p2a: Eternatus|Mystical Fire|p1a: Xerneas
|-damage|p1a: Xerneas|84/100 slp
|-unboost|p1a: Xerneas|spa|1
|cant|p1a: Xerneas|slp
|move|p1a: Xerneas|Sleep Talk|p1a: Xerneas
|move|p1a: Xerneas|Aromatherapy|p1a: Xerneas|[from]move: Sleep Talk
|-activate|p1a: Xerneas|move: Aromatherapy
|-curestatus|p1a: Xerneas|slp|[msg]
|
|upkeep
|turn|201
|
|t:|1634355446
|switch|p2a: Audino|Audino, L99, M|61/100
|-damage|p2a: Audino|49/100|[from] Stealth Rock
|switch|p1a: Blissey|Blissey, F|64/100
|-status|p1a: Blissey|psn
|
|-damage|p1a: Blissey|52/100 psn|[from] psn
|upkeep
|turn|202
|
|t:|1634355454
|switch|p2a: Excadrill|Excadrill, M|25/100
|-damage|p2a: Excadrill|22/100|[from] Stealth Rock
|move|p1a: Blissey|Toxic|p2a: Excadrill
|-immune|p2a: Excadrill
|
|-heal|p2a: Excadrill|28/100|[from] item: Leftovers
|-damage|p1a: Blissey|39/100 psn|[from] psn
|upkeep
|turn|203
|
|t:|1634355469
|switch|p2a: Giratina|Giratina|100/100 slp
|-damage|p2a: Giratina|88/100 slp|[from] Stealth Rock
|-ability|p2a: Giratina|Pressure
|-curestatus|p1a: Blissey|psn|[from] ability: Natural Cure
|switch|p1a: Yveltal|Yveltal, shiny|74/100
|-ability|p1a: Yveltal|Dark Aura
|
|-heal|p2a: Giratina|94/100 slp|[from] item: Leftovers
|upkeep
|turn|204
|
|t:|1634355479
|switch|p2a: Eternatus|Eternatus|86/100
|-damage|p2a: Eternatus|74/100|[from] Stealth Rock
|-ability|p2a: Eternatus|Pressure
|move|p1a: Yveltal|Knock Off|p2a: Eternatus
|-damage|p2a: Eternatus|50/100
|
|upkeep
|turn|205
|
|t:|1634355487
|move|p2a: Eternatus|Recover|p2a: Eternatus
|-heal|p2a: Eternatus|99/100
|move|p1a: Yveltal|Taunt|p2a: Eternatus
|-start|p2a: Eternatus|move: Taunt
|
|upkeep
|turn|206
|
|t:|1634355496
|switch|p2a: Tyranitar|Tyranitar, F|64/100
|-damage|p2a: Tyranitar|51/100|[from] Stealth Rock
|-weather|Sandstorm|[from] ability: Sand Stream|[of] p2a: Tyranitar
|move|p1a: Yveltal|Roost|p1a: Yveltal
|-heal|p1a: Yveltal|100/100
|-singleturn|p1a: Yveltal|move: Roost
|
|-weather|Sandstorm|[upkeep]
|-damage|p1a: Yveltal|94/100|[from] Sandstorm
|upkeep
|turn|207
|
|t:|1634355503
|switch|p1a: Skarmory|Skarmory, F, shiny|77/100
|move|p2a: Tyranitar|Stone Edge|p1a: Skarmory
|-damage|p1a: Skarmory|29/100
|
|-weather|Sandstorm|[upkeep]
|upkeep
|turn|208
|
|t:|1634355508
|move|p1a: Skarmory|Roost|p1a: Skarmory
|-heal|p1a: Skarmory|79/100
|-singleturn|p1a: Skarmory|move: Roost
|move|p2a: Tyranitar|Stone Edge|p1a: Skarmory
|-resisted|p1a: Skarmory
|-damage|p1a: Skarmory|55/100
|
|-weather|Sandstorm|[upkeep]
|upkeep
|turn|209
|
|t:|1634355512
|switch|p2a: Giratina|Giratina|94/100 slp
|-damage|p2a: Giratina|82/100 slp|[from] Stealth Rock
|-ability|p2a: Giratina|Pressure
|move|p1a: Skarmory|Spikes|p2a: Giratina
|-sidestart|p2: PokeDuels Blue|Spikes
|
|-weather|Sandstorm|[upkeep]
|-damage|p2a: Giratina|76/100 slp|[from] Sandstorm
|-heal|p2a: Giratina|82/100 slp|[from] item: Leftovers
|upkeep
|turn|210
|
|t:|1634355515
|cant|p2a: Giratina|slp
|move|p1a: Skarmory|Whirlwind|p2a: Giratina
|drag|p2a: Excadrill|Excadrill, M|28/100
|-damage|p2a: Excadrill|25/100|[from] Stealth Rock
|-damage|p2a: Excadrill|13/100|[from] Spikes
|
|-weather|none
|-heal|p2a: Excadrill|19/100|[from] item: Leftovers
|upkeep
|turn|211
|
|t:|1634355522
|switch|p2a: Audino|Audino, L99, M|82/100
|-damage|p2a: Audino|70/100|[from] Spikes
|-damage|p2a: Audino|58/100|[from] Stealth Rock
|move|p1a: Skarmory|Whirlwind|p2a: Audino
|drag|p2a: Excadrill|Excadrill, M|19/100
|-damage|p2a: Excadrill|7/100|[from] Spikes
|-damage|p2a: Excadrill|4/100|[from] Stealth Rock
|
|-heal|p2a: Excadrill|10/100|[from] item: Leftovers
|upkeep
|turn|212
|
|t:|1634355525
|switch|p2a: Giratina|Giratina|82/100 slp
|-damage|p2a: Giratina|70/100 slp|[from] Stealth Rock
|-damage|p2a: Giratina|57/100 slp|[from] Spikes
|-ability|p2a: Giratina|Pressure
|move|p1a: Skarmory|Whirlwind|p2a: Giratina
|drag|p2a: Tyranitar|Tyranitar, F|51/100
|-damage|p2a: Tyranitar|39/100|[from] Spikes
|-damage|p2a: Tyranitar|27/100|[from] Stealth Rock
|-weather|Sandstorm|[from] ability: Sand Stream|[of] p2a: Tyranitar
|
|-weather|Sandstorm|[upkeep]
|upkeep
|turn|213
|
|t:|1634355529
|move|p1a: Skarmory|Body Press|p2a: Tyranitar
|-supereffective|p2a: Tyranitar
|-damage|p2a: Tyranitar|0 fnt
|faint|p2a: Tyranitar
|
|-weather|Sandstorm|[upkeep]
|upkeep
|
|t:|1634355533
|switch|p2a: Giratina|Giratina|57/100 slp
|-damage|p2a: Giratina|45/100 slp|[from] Stealth Rock
|-damage|p2a: Giratina|33/100 slp|[from] Spikes
|-ability|p2a: Giratina|Pressure
|turn|214
|
|t:|1634355536
|-curestatus|p2a: Giratina|slp|[msg]
|move|p2a: Giratina|Defog|p1a: Skarmory
|-unboost|p1a: Skarmory|evasion|1
|-sideend|p1: comradesquidwar|Toxic Spikes|[from] move: Defog|[of] p2a: Giratina
|-sideend|p2: PokeDuels Blue|Spikes|[from] move: Defog|[of] p2a: Giratina
|-sideend|p2: PokeDuels Blue|Stealth Rock|[from] move: Defog|[of] p2a: Giratina
|move|p1a: Skarmory|Whirlwind|p2a: Giratina
|drag|p2a: Audino|Audino, L99, M|91/100
|
|-weather|Sandstorm|[upkeep]
|-damage|p2a: Audino|85/100|[from] Sandstorm
|upkeep
|turn|215
|
|t:|1634355541
|switch|p2a: Giratina|Giratina|33/100
|-ability|p2a: Giratina|Pressure
|move|p1a: Skarmory|Roost|p1a: Skarmory
|-heal|p1a: Skarmory|100/100
|-singleturn|p1a: Skarmory|move: Roost
|
|-weather|Sandstorm|[upkeep]
|-damage|p2a: Giratina|27/100|[from] Sandstorm
|-heal|p2a: Giratina|33/100|[from] item: Leftovers
|upkeep
|turn|216
|
|t:|1634355544
|move|p2a: Giratina|Will-O-Wisp|p1a: Skarmory
|-status|p1a: Skarmory|brn
|move|p1a: Skarmory|Spikes|p2a: Giratina
|-sidestart|p2: PokeDuels Blue|Spikes
|
|-weather|none
|-heal|p2a: Giratina|39/100|[from] item: Leftovers
|-damage|p1a: Skarmory|95/100 brn|[from] brn
|upkeep
|turn|217
|
|t:|1634355548
|move|p2a: Giratina|Defog|p1a: Skarmory
|-unboost|p1a: Skarmory|evasion|1
|-sideend|p2: PokeDuels Blue|Spikes|[from] move: Defog|[of] p2a: Giratina
|move|p1a: Skarmory|Whirlwind|p2a: Giratina
|drag|p2a: Excadrill|Excadrill, M|10/100
|
|-heal|p2a: Excadrill|16/100|[from] item: Leftovers
|-damage|p1a: Skarmory|89/100 brn|[from] brn
|upkeep
|turn|218
|
|t:|1634355551
|switch|p2a: Giratina|Giratina|39/100
|-ability|p2a: Giratina|Pressure
|move|p1a: Skarmory|Spikes|p2a: Giratina
|-sidestart|p2: PokeDuels Blue|Spikes
|
|-heal|p2a: Giratina|45/100|[from] item: Leftovers
|-damage|p1a: Skarmory|83/100 brn|[from] brn
|upkeep
|turn|219
|
|t:|1634355555
|switch|p1a: Yveltal|Yveltal, shiny|94/100
|-ability|p1a: Yveltal|Dark Aura
|move|p2a: Giratina|Defog|p1a: Yveltal
|-unboost|p1a: Yveltal|evasion|1
|-sideend|p2: PokeDuels Blue|Spikes|[from] move: Defog|[of] p2a: Giratina
|
|-heal|p2a: Giratina|51/100|[from] item: Leftovers
|upkeep
|turn|220
|
|t:|1634355558
|switch|p2a: Eternatus|Eternatus|99/100
|-ability|p2a: Eternatus|Pressure
|move|p1a: Yveltal|Taunt|p2a: Eternatus
|-start|p2a: Eternatus|move: Taunt
|
|upkeep
|turn|221
|
|t:|1634355561
|switch|p2a: Audino|Audino, L99, M|100/100
|switch|p1a: Xerneas|Xerneas|84/100
|-ability|p1a: Xerneas|Fairy Aura
|
|upkeep
|turn|222
|
|t:|1634355565
|move|p1a: Xerneas|Moonblast|p2a: Audino
|-damage|p2a: Audino|43/100
|move|p2a: Audino|Thunder Wave|p1a: Xerneas|[miss]
|-miss|p2a: Audino|p1a: Xerneas
|
|upkeep
|turn|223
|
|t:|1634355572
|switch|p2a: Eternatus|Eternatus|99/100
|-ability|p2a: Eternatus|Pressure
|move|p1a: Xerneas|Moonblast|p2a: Eternatus
|-damage|p2a: Eternatus|58/100
|
|upkeep
|turn|224
|
|t:|1634355574
|move|p2a: Eternatus|Mystical Fire|p1a: Xerneas
|-damage|p1a: Xerneas|64/100
|-unboost|p1a: Xerneas|spa|1
|move|p1a: Xerneas|Aromatherapy|p1a: Xerneas
|-activate|p1a: Xerneas|move: Aromatherapy
|-curestatus|p1: Skarmory|brn|[msg]
|
|upkeep
|turn|225
|
|t:|1634355578
|switch|p2a: Audino|Audino, L99, M|77/100
|switch|p1a: Blissey|Blissey, F|39/100
|
|upkeep
|turn|226
|
|t:|1634355582
|switch|p2a: Excadrill|Excadrill, M|16/100
|move|p1a: Blissey|Soft-Boiled|p1a: Blissey
|-heal|p1a: Blissey|89/100
|
|-heal|p2a: Excadrill|22/100|[from] item: Leftovers
|upkeep
|turn|227
|
|t:|1634355587
|move|p2a: Excadrill|Iron Head|p1a: Blissey
|-damage|p1a: Blissey|55/100
|move|p1a: Blissey|Stealth Rock|p2a: Excadrill
|-sidestart|p2: PokeDuels Blue|move: Stealth Rock
|
|-heal|p2a: Excadrill|28/100|[from] item: Leftovers
|upkeep
|turn|228
|
|t:|1634355599
|switch|p1a: Skarmory|Skarmory, F, shiny|83/100
|move|p2a: Excadrill|Iron Head|p1a: Skarmory
|-resisted|p1a: Skarmory
|-damage|p1a: Skarmory|70/100
|
|-heal|p2a: Excadrill|34/100|[from] item: Leftovers
|upkeep
|turn|229
|
|t:|1634355604
|switch|p2a: Audino|Audino, L99, M|100/100
|-damage|p2a: Audino|88/100|[from] Stealth Rock
|move|p1a: Skarmory|Roost|p1a: Skarmory
|-heal|p1a: Skarmory|100/100
|-singleturn|p1a: Skarmory|move: Roost
|
|upkeep
|turn|230
|
|t:|1634355607
|move|p1a: Skarmory|Spikes|p2a: Audino
|-sidestart|p2: PokeDuels Blue|Spikes
|move|p2a: Audino|Encore|p1a: Skarmory
|-start|p1a: Skarmory|Encore
|
|upkeep
|turn|231
|
|t:|1634355610
|switch|p1a: Yveltal|Yveltal, shiny|94/100
|-ability|p1a: Yveltal|Dark Aura
|switch|p2a: Giratina|Giratina|51/100
|-damage|p2a: Giratina|39/100|[from] Spikes
|-damage|p2a: Giratina|27/100|[from] Stealth Rock
|-ability|p2a: Giratina|Pressure
|
|-heal|p2a: Giratina|33/100|[from] item: Leftovers
|upkeep
|turn|232
|
|t:|1634355614
|switch|p2a: Eternatus|Eternatus|58/100
|-damage|p2a: Eternatus|46/100|[from] Stealth Rock
|-damage|p2a: Eternatus|34/100|[from] Spikes
|-ability|p2a: Eternatus|Pressure
|move|p1a: Yveltal|Taunt|p2a: Eternatus
|-start|p2a: Eternatus|move: Taunt
|
|upkeep
|turn|233
|
|t:|1634355617
|switch|p2a: Audino|Audino, L99, M|100/100
|-damage|p2a: Audino|88/100|[from] Spikes
|-damage|p2a: Audino|76/100|[from] Stealth Rock
|move|p1a: Yveltal|Knock Off|p2a: Audino
|-damage|p2a: Audino|48/100
|
|upkeep
|turn|234
|
|t:|1634355622
|move|p1a: Yveltal|Taunt|p2a: Audino
|-start|p2a: Audino|move: Taunt
|move|p2a: Audino|Knock Off|p1a: Yveltal
|-resisted|p1a: Yveltal
|-damage|p1a: Yveltal|89/100
|
|upkeep
|turn|235
|
|t:|1634355623
|switch|p2a: Eternatus|Eternatus|34/100
|-damage|p2a: Eternatus|21/100|[from] Stealth Rock
|-damage|p2a: Eternatus|9/100|[from] Spikes
|-ability|p2a: Eternatus|Pressure
|move|p1a: Yveltal|Knock Off|p2a: Eternatus
|-crit|p2a: Eternatus
|-damage|p2a: Eternatus|0 fnt
|faint|p2a: Eternatus
|
|upkeep
|-message|PokeDuels Blue forfeited.
|
|win|comradesquidwar
|raw|comradesquidwar's rating: 1528 &rarr; <strong>1547</strong><br />(+19 for winning)
|raw|PokeDuels Blue's rating: 1504 &rarr; <strong>1485</strong><br />(-19 for losing)
|l|☆PokeDuels Blue
|c|☆comradesquidwar|gg
