|raw|<div class="broadcast-blue"><strong>This battle is required to be public due to a player having a name starting with 'ULT8RQ'.</div>
|j|☆jojos le pipi
|j|☆ULT8RQ 2EZ
|t:|1621303406
|gametype|singles
|player|p1|jojos le pipi|dawn|1576
|player|p2|ULT8RQ 2EZ|266|1744
|teamsize|p1|6
|teamsize|p2|6
|gen|8
|tier|[Gen 8] Ubers
|rated|
|rule|Sleep Clause Mod: Limit one foe put to sleep
|rule|Species Clause: Limit one of each Pokémon
|rule|OHKO Clause: OHKO moves are banned
|rule|Evasion Moves Clause: Evasion moves are banned
|rule|Endless Battle Clause: Forcing endless battles is banned
|rule|HP Percentage Mod: HP is shown in percentages
|rule|Dynamax Clause: You cannot dynamax
|clearpoke
|poke|p1|Quagsire, M|
|poke|p1|Toxapex, F|
|poke|p1|Blissey, F|
|poke|p1|Shedinja|
|poke|p1|Ho-Oh|
|poke|p1|Yveltal|
|poke|p2|Zacian-*|
|poke|p2|Eternatus|
|poke|p2|Grimmsnarl, M|
|poke|p2|Excadrill, F|
|poke|p2|Necrozma-Dusk-Mane|
|poke|p2|Zekrom|
|teampreview
|j| Based JT Yao
|j| ULT8RQ Dionysus
|j| skylink42 test
|j| CORVERE
|c|☆ULT8RQ 2EZ|ah nice brought the right team
|
|t:|1621303428
|start
|switch|p1a: Yveltal|Yveltal|100/100
|switch|p2a: Excadrill|Excadrill, F|100/100
|-ability|p1a: Yveltal|Dark Aura
|-ability|p2a: Excadrill|Mold Breaker
|turn|1
|
|t:|1621303431
|move|p1a: Yveltal|Foul Play|p2a: Excadrill
|-damage|p2a: Excadrill|9/100
|move|p2a: Excadrill|Rock Tomb|p1a: Yveltal
|-supereffective|p1a: Yveltal
|-damage|p1a: Yveltal|67/100
|-unboost|p1a: Yveltal|spe|1
|
|upkeep
|turn|2
|
|t:|1621303436
|move|p2a: Excadrill|Stealth Rock|p1a: Yveltal
|-sidestart|p1: jojos le pipi|move: Stealth Rock
|move|p1a: Yveltal|Foul Play|p2a: Excadrill
|-damage|p2a: Excadrill|0 fnt
|faint|p2a: Excadrill
|
|upkeep
|
|t:|1621303439
|switch|p2a: Zacian|Zacian|100/100
|-ability|p2a: Zacian|Intrepid Sword|boost
|-boost|p2a: Zacian|atk|1
|turn|3
|
|t:|1621303445
|switch|p1a: Toxapex|Toxapex, F|100/100
|-damage|p1a: Toxapex|88/100|[from] Stealth Rock
|move|p2a: Zacian|Wild Charge|p1a: Toxapex
|-supereffective|p1a: Toxapex
|-damage|p1a: Toxapex|9/100
|-damage|p2a: Zacian|84/100|[from] item: Rocky Helmet|[of] p1a: Toxapex
|-damage|p2a: Zacian|65/100|[from] Recoil
|
|upkeep
|turn|4
|
|t:|1621303449
|switch|p2a: Eternatus|Eternatus|100/100
|-ability|p2a: Eternatus|Pressure
|switch|p1a: Quagsire|Quagsire, M|100/100
|-damage|p1a: Quagsire|94/100|[from] Stealth Rock
|
|-heal|p1a: Quagsire|100/100|[from] item: Leftovers
|upkeep
|turn|5
|
|t:|1621303454
|switch|p1a: Ho-Oh|Ho-Oh|100/100
|move|p2a: Eternatus|Dynamax Cannon|p1a: Ho-Oh
|-damage|p1a: Ho-Oh|70/100
|
|upkeep
|turn|6
|
|t:|1621303459
|switch|p1a: Blissey|Blissey, F|100/100
|move|p2a: Eternatus|Meteor Beam||[still]
|-prepare|p2a: Eternatus|Meteor Beam
|-boost|p2a: Eternatus|spa|1
|-enditem|p2a: Eternatus|Power Herb
|-anim|p2a: Eternatus|Meteor Beam|p1a: Blissey
|-damage|p1a: Blissey|81/100
|
|upkeep
|turn|7
|
|t:|1621303461
|move|p2a: Eternatus|Dynamax Cannon|p1a: Blissey
|-damage|p1a: Blissey|57/100
|move|p1a: Blissey|Stealth Rock|p2a: Eternatus
|-sidestart|p2: ULT8RQ 2EZ|move: Stealth Rock
|
|upkeep
|turn|8
|
|t:|1621303466
|switch|p2a: Zacian|Zacian|65/100
|-damage|p2a: Zacian|53/100|[from] Stealth Rock
|-ability|p2a: Zacian|Intrepid Sword|boost
|-boost|p2a: Zacian|atk|1
|move|p1a: Blissey|Soft-Boiled|p1a: Blissey
|-heal|p1a: Blissey|100/100
|
|upkeep
|turn|9
|
|t:|1621303471
|switch|p1a: Toxapex|Toxapex, F|42/100
|-damage|p1a: Toxapex|30/100|[from] Stealth Rock
|move|p2a: Zacian|Assurance|p1a: Toxapex
|-damage|p1a: Toxapex|0 fnt
|-damage|p2a: Zacian|36/100|[from] item: Rocky Helmet|[of] p1a: Toxapex
|faint|p1a: Toxapex
|
|upkeep
|
|t:|1621303475
|switch|p1a: Yveltal|Yveltal|67/100
|-ability|p1a: Yveltal|Dark Aura
|turn|10
|
|t:|1621303479
|switch|p2a: Grimmsnarl|Grimmsnarl, M|100/100
|-damage|p2a: Grimmsnarl|88/100|[from] Stealth Rock
|move|p1a: Yveltal|Foul Play|p2a: Grimmsnarl
|-resisted|p2a: Grimmsnarl
|-crit|p2a: Grimmsnarl
|-damage|p2a: Grimmsnarl|72/100
|
|upkeep
|turn|11
|
|t:|1621303485
|switch|p1a: Ho-Oh|Ho-Oh|100/100
|move|p2a: Grimmsnarl|Reflect|p2a: Grimmsnarl
|-sidestart|p2: ULT8RQ 2EZ|Reflect
|
|upkeep
|turn|12
|
|t:|1621303488
|move|p2a: Grimmsnarl|Thunder Wave|p1a: Ho-Oh
|-status|p1a: Ho-Oh|par
|move|p1a: Ho-Oh|Sacred Fire|p2a: Grimmsnarl
|-damage|p2a: Grimmsnarl|54/100
|
|upkeep
|turn|13
|
|t:|1621303492
|switch|p2a: Eternatus|Eternatus|100/100
|-damage|p2a: Eternatus|88/100|[from] Stealth Rock
|-ability|p2a: Eternatus|Pressure
|cant|p1a: Ho-Oh|par
|
|upkeep
|turn|14
|
|t:|1621303498
|switch|p2a: Zacian|Zacian|36/100
|-damage|p2a: Zacian|24/100|[from] Stealth Rock
|-ability|p2a: Zacian|Intrepid Sword|boost
|-boost|p2a: Zacian|atk|1
|cant|p1a: Ho-Oh|par
|
|upkeep
|turn|15
|
|t:|1621303504
|switch|p1a: Shedinja|Shedinja|100/100
|move|p2a: Zacian|Assurance|p1a: Shedinja
|-supereffective|p1a: Shedinja
|-damage|p1a: Shedinja|0 fnt
|faint|p1a: Shedinja
|
|upkeep
|
|t:|1621303511
|switch|p1a: Quagsire|Quagsire, M|100/100
|-damage|p1a: Quagsire|94/100|[from] Stealth Rock
|turn|16
|j| Just respect it
|
|t:|1621303518
|switch|p2a: Eternatus|Eternatus|88/100
|-damage|p2a: Eternatus|76/100|[from] Stealth Rock
|-ability|p2a: Eternatus|Pressure
|move|p1a: Quagsire|Earthquake|p2a: Eternatus
|-supereffective|p2a: Eternatus
|-damage|p2a: Eternatus|51/100
|
|-heal|p1a: Quagsire|100/100|[from] item: Leftovers
|upkeep
|turn|17
|
|t:|1621303523
|switch|p1a: Blissey|Blissey, F|100/100
|move|p2a: Eternatus|Recover|p2a: Eternatus
|-heal|p2a: Eternatus|100/100
|
|upkeep
|turn|18
|
|t:|1621303530
|switch|p2a: Grimmsnarl|Grimmsnarl, M|54/100
|-damage|p2a: Grimmsnarl|41/100|[from] Stealth Rock
|switch|p1a: Ho-Oh|Ho-Oh|100/100 par
|
|-sideend|p2: ULT8RQ 2EZ|Reflect
|upkeep
|turn|19
|
|t:|1621303534
|move|p2a: Grimmsnarl|Reflect|p2a: Grimmsnarl
|-sidestart|p2: ULT8RQ 2EZ|Reflect
|move|p1a: Ho-Oh|Sacred Fire|p2a: Grimmsnarl
|-damage|p2a: Grimmsnarl|25/100
|
|upkeep
|turn|20
|
|t:|1621303538
|switch|p2a: Eternatus|Eternatus|100/100
|-damage|p2a: Eternatus|88/100|[from] Stealth Rock
|-ability|p2a: Eternatus|Pressure
|move|p1a: Ho-Oh|Toxic|p2a: Eternatus
|-immune|p2a: Eternatus
|
|upkeep
|turn|21
|
|t:|1621303543
|move|p2a: Eternatus|Meteor Beam||[still]
|-prepare|p2a: Eternatus|Meteor Beam
|-boost|p2a: Eternatus|spa|1
|move|p1a: Ho-Oh|Sacred Fire|p2a: Eternatus
|-resisted|p2a: Eternatus
|-damage|p2a: Eternatus|79/100
|
|upkeep
|turn|22
|
|t:|1621303546
|switch|p1a: Blissey|Blissey, F|100/100
|move|p2a: Eternatus|Meteor Beam|p1a: Blissey|[from]lockedmove
|-damage|p1a: Blissey|79/100
|
|upkeep
|turn|23
|
|t:|1621303550
|move|p2a: Eternatus|Dynamax Cannon|p1a: Blissey
|-damage|p1a: Blissey|53/100
|move|p1a: Blissey|Aromatherapy|p1a: Blissey
|-activate|p1a: Blissey|move: Aromatherapy
|-curestatus|p1: Ho-Oh|par|[msg]
|
|upkeep
|turn|24
|
|t:|1621303553
|switch|p2a: Zacian|Zacian|24/100
|-damage|p2a: Zacian|12/100|[from] Stealth Rock
|-ability|p2a: Zacian|Intrepid Sword|boost
|-boost|p2a: Zacian|atk|1
|move|p1a: Blissey|Soft-Boiled|p1a: Blissey
|-heal|p1a: Blissey|100/100
|
|upkeep
|turn|25
|
|t:|1621303561
|switch|p1a: Ho-Oh|Ho-Oh|100/100
|move|p2a: Zacian|Assurance|p1a: Ho-Oh
|-damage|p1a: Ho-Oh|69/100
|
|upkeep
|turn|26
|
|t:|1621303566
|switch|p1a: Yveltal|Yveltal|67/100
|-ability|p1a: Yveltal|Dark Aura
|move|p2a: Zacian|Assurance|p1a: Yveltal
|-resisted|p1a: Yveltal
|-damage|p1a: Yveltal|42/100
|
|-sideend|p2: ULT8RQ 2EZ|Reflect
|upkeep
|turn|27
|l| Just respect it
|
|t:|1621303571
|move|p2a: Zacian|Assurance|p1a: Yveltal
|-resisted|p1a: Yveltal
|-damage|p1a: Yveltal|18/100
|move|p1a: Yveltal|Roost|p1a: Yveltal
|-heal|p1a: Yveltal|68/100
|-singleturn|p1a: Yveltal|move: Roost
|
|upkeep
|turn|28
|
|t:|1621303575
|move|p2a: Zacian|Assurance|p1a: Yveltal
|-resisted|p1a: Yveltal
|-damage|p1a: Yveltal|45/100
|move|p1a: Yveltal|Roost|p1a: Yveltal
|-heal|p1a: Yveltal|95/100
|-singleturn|p1a: Yveltal|move: Roost
|
|upkeep
|turn|29
|j| oogaboogadk
|
|t:|1621303582
|move|p2a: Zacian|Assurance|p1a: Yveltal
|-resisted|p1a: Yveltal
|-damage|p1a: Yveltal|72/100
|move|p1a: Yveltal|Roost|p1a: Yveltal
|-heal|p1a: Yveltal|100/100
|-singleturn|p1a: Yveltal|move: Roost
|
|upkeep
|turn|30
|
|t:|1621303599
|move|p1a: Yveltal|Sucker Punch|p2a: Zacian
|-resisted|p2a: Zacian
|-damage|p2a: Zacian|0 fnt
|faint|p2a: Zacian
|
|upkeep
|
|t:|1621303607
|switch|p2a: Eternatus|Eternatus|79/100
|-damage|p2a: Eternatus|67/100|[from] Stealth Rock
|-ability|p2a: Eternatus|Pressure
|turn|31
|
|t:|1621303613
|switch|p1a: Ho-Oh|Ho-Oh|100/100
|move|p2a: Eternatus|Dynamax Cannon|p1a: Ho-Oh
|-damage|p1a: Ho-Oh|69/100
|
|upkeep
|turn|32
|
|t:|1621303616
|move|p2a: Eternatus|Dynamax Cannon|p1a: Ho-Oh
|-damage|p1a: Ho-Oh|40/100
|move|p1a: Ho-Oh|Sacred Fire|p2a: Eternatus
|-resisted|p2a: Eternatus
|-damage|p2a: Eternatus|50/100
|
|upkeep
|turn|33
|
|t:|1621303620
|move|p2a: Eternatus|Dynamax Cannon|p1a: Ho-Oh
|-damage|p1a: Ho-Oh|8/100
|move|p1a: Ho-Oh|Sacred Fire|p2a: Eternatus
|-resisted|p2a: Eternatus
|-damage|p2a: Eternatus|33/100
|-status|p2a: Eternatus|brn
|
|-damage|p2a: Eternatus|26/100 brn|[from] brn
|upkeep
|turn|34
|l| skylink42 test
|
|t:|1621303625
|switch|p2a: Grimmsnarl|Grimmsnarl, M|25/100
|-damage|p2a: Grimmsnarl|12/100|[from] Stealth Rock
|switch|p1a: Blissey|Blissey, F|100/100
|
|upkeep
|turn|35
|
|t:|1621303628
|switch|p1a: Yveltal|Yveltal|100/100
|-ability|p1a: Yveltal|Dark Aura
|move|p2a: Grimmsnarl|Reflect|p2a: Grimmsnarl
|-sidestart|p2: ULT8RQ 2EZ|Reflect
|
|upkeep
|turn|36
|
|t:|1621303635
|switch|p1a: Quagsire|Quagsire, M|100/100
|-damage|p1a: Quagsire|94/100|[from] Stealth Rock
|move|p2a: Grimmsnarl|Spirit Break|p1a: Quagsire
|-damage|p1a: Quagsire|72/100
|-unboost|p1a: Quagsire|spa|1
|
|-heal|p1a: Quagsire|78/100|[from] item: Leftovers
|upkeep
|turn|37
|
|t:|1621303643
|switch|p2a: Eternatus|Eternatus|26/100 brn
|-damage|p2a: Eternatus|14/100 brn|[from] Stealth Rock
|-ability|p2a: Eternatus|Pressure
|move|p1a: Quagsire|Curse|p1a: Quagsire
|-unboost|p1a: Quagsire|spe|1
|-boost|p1a: Quagsire|atk|1
|-boost|p1a: Quagsire|def|1
|
|-heal|p1a: Quagsire|84/100|[from] item: Leftovers
|-damage|p2a: Eternatus|8/100 brn|[from] brn
|upkeep
|turn|38
|
|t:|1621303651
|switch|p1a: Yveltal|Yveltal|100/100
|-ability|p1a: Yveltal|Dark Aura
|move|p2a: Eternatus|Recover|p2a: Eternatus
|-heal|p2a: Eternatus|58/100 brn
|
|-damage|p2a: Eternatus|52/100 brn|[from] brn
|upkeep
|turn|39
|
|t:|1621303659
|switch|p1a: Ho-Oh|Ho-Oh|42/100
|move|p2a: Eternatus|Dynamax Cannon|p1a: Ho-Oh
|-damage|p1a: Ho-Oh|10/100
|
|-damage|p2a: Eternatus|46/100 brn|[from] brn
|upkeep
|turn|40
|
|t:|1621303670
|switch|p2a: Zekrom|Zekrom|100/100
|-damage|p2a: Zekrom|88/100|[from] Stealth Rock
|-ability|p2a: Zekrom|Teravolt
|switch|p1a: Yveltal|Yveltal|100/100
|-ability|p1a: Yveltal|Dark Aura
|
|-heal|p2a: Zekrom|94/100|[from] item: Leftovers
|upkeep
|turn|41
|
|t:|1621303676
|move|p1a: Yveltal|Foul Play|p2a: Zekrom
|-damage|p2a: Zekrom|61/100
|move|p2a: Zekrom|Bolt Strike|p1a: Yveltal
|-supereffective|p1a: Yveltal
|-damage|p1a: Yveltal|0 fnt
|faint|p1a: Yveltal
|
|-heal|p2a: Zekrom|67/100|[from] item: Leftovers
|upkeep
|
|t:|1621303678
|switch|p1a: Quagsire|Quagsire, M|84/100
|-damage|p1a: Quagsire|78/100|[from] Stealth Rock
|turn|42
|
|t:|1621303688
|move|p2a: Zekrom|Dragon Dance|p2a: Zekrom
|-boost|p2a: Zekrom|atk|1
|-boost|p2a: Zekrom|spe|1
|move|p1a: Quagsire|Curse|p1a: Quagsire
|-unboost|p1a: Quagsire|spe|1
|-boost|p1a: Quagsire|atk|1
|-boost|p1a: Quagsire|def|1
|
|-heal|p2a: Zekrom|73/100|[from] item: Leftovers
|-heal|p1a: Quagsire|84/100|[from] item: Leftovers
|-sideend|p2: ULT8RQ 2EZ|Reflect
|upkeep
|turn|43
|
|t:|1621303690
|move|p2a: Zekrom|Dragon Claw|p1a: Quagsire
|-damage|p1a: Quagsire|54/100
|move|p1a: Quagsire|Curse|p1a: Quagsire
|-unboost|p1a: Quagsire|spe|1
|-boost|p1a: Quagsire|atk|1
|-boost|p1a: Quagsire|def|1
|
|-heal|p2a: Zekrom|79/100|[from] item: Leftovers
|-heal|p1a: Quagsire|60/100|[from] item: Leftovers
|upkeep
|turn|44
|j|+Lunala
|
|t:|1621303695
|switch|p2a: Grimmsnarl|Grimmsnarl, M|12/100
|-damage|p2a: Grimmsnarl|0 fnt|[from] Stealth Rock
|faint|p2a: Grimmsnarl
|move|p1a: Quagsire|Recover|p1a: Quagsire
|-heal|p1a: Quagsire|100/100
|
|upkeep
|
|t:|1621303698
|switch|p2a: Eternatus|Eternatus|46/100 brn
|-damage|p2a: Eternatus|33/100 brn|[from] Stealth Rock
|-ability|p2a: Eternatus|Pressure
|turn|45
|
|t:|1621303701
|move|p2a: Eternatus|Dynamax Cannon|p1a: Quagsire
|-damage|p1a: Quagsire|26/100
|move|p1a: Quagsire|Recover|p1a: Quagsire
|-heal|p1a: Quagsire|76/100
|
|-heal|p1a: Quagsire|82/100|[from] item: Leftovers
|-damage|p2a: Eternatus|27/100 brn|[from] brn
|upkeep
|turn|46
|
|t:|1621303706
|move|p2a: Eternatus|Recover|p2a: Eternatus
|-heal|p2a: Eternatus|77/100 brn
|move|p1a: Quagsire|Recover|p1a: Quagsire
|-heal|p1a: Quagsire|100/100
|
|-damage|p2a: Eternatus|71/100 brn|[from] brn
|upkeep
|turn|47
|c|☆ULT8RQ 2EZ|gg
|-message|ULT8RQ 2EZ forfeited.
|
|win|jojos le pipi
|raw|jojos le pipi's rating: 1576 &rarr; <strong>1605</strong><br />(+29 for winning)
|raw|ULT8RQ 2EZ's rating: 1744 &rarr; <strong>1715</strong><br />(-29 for losing)
|l|+Lunala
|l|☆ULT8RQ 2EZ
|l| CORVERE
