|j|☆xander073
|j|☆La Room a Panur
|t:|1607803720
|player|p1|xander073|gladion-stance|
|player|p2|La Room a Panur|lucy-gen3|
|teamsize|p1|6
|teamsize|p2|6
|gametype|singles
|gen|8
|tier|[Gen 8] Ubers
|clearpoke
|poke|p1|Zygarde|
|poke|p1|Aegislash, F|
|poke|p1|Mewtwo|
|poke|p1|Dialga|
|poke|p1|Tapu Fini|
|poke|p1|Ho-Oh|
|poke|p2|Shedinja|
|poke|p2|Quagsire, M|
|poke|p2|Eternatus|
|poke|p2|Skarmory, F|
|poke|p2|Diancie|
|poke|p2|Yveltal|
|rule|Sleep Clause Mod: Limit one foe put to sleep
|rule|Species Clause: Limit one of each Pokémon
|rule|OHKO Clause: OHKO moves are banned
|rule|Evasion Moves Clause: Evasion moves are banned
|rule|Endless Battle Clause: Forcing endless battles is banned
|rule|HP Percentage Mod: HP is shown in percentages
|rule|Dynamax Clause: You cannot dynamax
|teampreview
|c|☆xander073|glhf
|c|☆La Room a Panur|gl
|
|t:|1607803746
|start
|switch|p1a: Temporal Guardian|Dialga|100/100
|switch|p2a: Skarmory|Skarmory, F|100/100
|-ability|p1a: Temporal Guardian|Pressure
|turn|1
|inactive|Battle timer is ON: inactive players will automatically lose when time's up. (requested by La Room a Panur)
|j| Nuzleafwarrior7778
|c| Nuzleafwarrior7778|0-0
|
|t:|1607803758
|switch|p2a: Yveltal|Yveltal|100/100
|-ability|p2a: Yveltal|Dark Aura
|move|p1a: Temporal Guardian|Stealth Rock|p2a: Yveltal
|-sidestart|p2: La Room a Panur|move: Stealth Rock
|
|upkeep
|turn|2
|j| December Right ❄
|
|t:|1607803763
|move|p2a: Yveltal|Knock Off|p1a: Temporal Guardian
|-damage|p1a: Temporal Guardian|66/100
|-enditem|p1a: Temporal Guardian|Leftovers|[from] move: Knock Off|[of] p2a: Yveltal
|move|p1a: Temporal Guardian|Draco Meteor|p2a: Yveltal
|-damage|p2a: Yveltal|63/100
|-unboost|p1a: Temporal Guardian|spa|2
|
|upkeep
|turn|3
|j|%Kipkluif
|
|t:|1607803784
|switch|p1a: snek|Zygarde|100/100
|move|p2a: Yveltal|Roost|p2a: Yveltal
|-heal|p2a: Yveltal|100/100
|-singleturn|p2a: Yveltal|move: Roost
|
|upkeep
|turn|4
|
|t:|1607803792
|move|p2a: Yveltal|Knock Off|p1a: snek
|-damage|p1a: snek|62/100
|-enditem|p1a: snek|Leftovers|[from] move: Knock Off|[of] p2a: Yveltal
|move|p1a: snek|Glare|p2a: Yveltal
|-status|p2a: Yveltal|par
|
|upkeep
|turn|5
|
|t:|1607803801
|switch|p2a: Skarmory|Skarmory, F|100/100
|move|p1a: snek|Coil|p1a: snek
|-boost|p1a: snek|atk|1
|-boost|p1a: snek|def|1
|-boost|p1a: snek|accuracy|1
|
|upkeep
|turn|6
|
|t:|1607803808
|move|p1a: snek|Glare|p2a: Skarmory
|-status|p2a: Skarmory|par
|move|p2a: Skarmory|Toxic|p1a: snek
|-status|p1a: snek|tox
|
|-damage|p1a: snek|56/100 tox|[from] psn
|upkeep
|turn|7
|
|t:|1607803812
|move|p1a: snek|Coil|p1a: snek
|-boost|p1a: snek|atk|1
|-boost|p1a: snek|def|1
|-boost|p1a: snek|accuracy|1
|cant|p2a: Skarmory|par
|
|-damage|p1a: snek|43/100 tox|[from] psn
|-activate|p1a: snek|ability: Power Construct
|detailschange|p1a: snek|Zygarde-Complete
|-heal|p1a: snek|63/100 tox|[silent]
|upkeep
|turn|8
|
|t:|1607803819
|switch|p2a: Shedinja|Shedinja|100/100
|move|p1a: snek|Thousand Arrows|p2a: Shedinja
|-immune|p2a: Shedinja|[from] ability: Wonder Guard
|
|-damage|p1a: snek|44/100 tox|[from] psn
|upkeep
|turn|9
|
|t:|1607803829
|switch|p1a: Chicken|Ho-Oh|100/100
|switch|p2a: Skarmory|Skarmory, F|100/100 par
|
|upkeep
|turn|10
|
|t:|1607803833
|switch|p2a: Eternatus|Eternatus|100/100
|-ability|p2a: Eternatus|Pressure
|move|p1a: Chicken|Sacred Fire|p2a: Eternatus
|-resisted|p2a: Eternatus
|-damage|p2a: Eternatus|85/100
|-status|p2a: Eternatus|brn
|
|-damage|p2a: Eternatus|79/100 brn|[from] brn
|upkeep
|turn|11
|
|t:|1607803847
|move|p2a: Eternatus|Toxic Spikes|p1a: Chicken
|-sidestart|p1: xander073|move: Toxic Spikes
|move|p1a: Chicken|Roost||[still]
|-fail|p1a: Chicken|heal
|
|-damage|p2a: Eternatus|73/100 brn|[from] brn
|upkeep
|turn|12
|
|t:|1607803853
|move|p2a: Eternatus|Toxic Spikes|p1a: Chicken
|-sidestart|p1: xander073|move: Toxic Spikes
|move|p1a: Chicken|Defog|p2a: Eternatus
|-unboost|p2a: Eternatus|evasion|1
|-sideend|p2: La Room a Panur|Stealth Rock|[from] move: Defog|[of] p1a: Chicken
|-sideend|p1: xander073|Toxic Spikes|[from] move: Defog|[of] p1a: Chicken
|
|-damage|p2a: Eternatus|67/100 brn|[from] brn
|upkeep
|turn|13
|
|t:|1607803858
|move|p2a: Eternatus|Toxic Spikes|p1a: Chicken
|-sidestart|p1: xander073|move: Toxic Spikes
|move|p1a: Chicken|Brave Bird|p2a: Eternatus
|-damage|p2a: Eternatus|25/100 brn
|-damage|p1a: Chicken|85/100|[from] Recoil
|
|-damage|p2a: Eternatus|19/100 brn|[from] brn
|upkeep
|turn|14
|
|t:|1607803864
|move|p2a: Eternatus|Recover|p2a: Eternatus
|-heal|p2a: Eternatus|69/100 brn
|move|p1a: Chicken|Brave Bird|p2a: Eternatus
|-damage|p2a: Eternatus|32/100 brn
|-damage|p1a: Chicken|70/100|[from] Recoil
|
|-damage|p2a: Eternatus|26/100 brn|[from] brn
|upkeep
|turn|15
|
|t:|1607803873
|switch|p1a: Temporal Guardian|Dialga|66/100
|-ability|p1a: Temporal Guardian|Pressure
|move|p2a: Eternatus|Recover|p2a: Eternatus
|-heal|p2a: Eternatus|76/100 brn
|
|-damage|p2a: Eternatus|70/100 brn|[from] brn
|upkeep
|turn|16
|j| Pompersse couche
|j| ironwater@!
|
|t:|1607803892
|switch|p2a: Yveltal|Yveltal|100/100 par
|-ability|p2a: Yveltal|Dark Aura
|move|p1a: Temporal Guardian|Draco Meteor|p2a: Yveltal
|-damage|p2a: Yveltal|59/100 par
|-unboost|p1a: Temporal Guardian|spa|2
|
|upkeep
|turn|17
|
|t:|1607803897
|switch|p1a: Chicken|Ho-Oh|100/100
|move|p2a: Yveltal|Roost|p2a: Yveltal
|-heal|p2a: Yveltal|100/100 par
|-singleturn|p2a: Yveltal|move: Roost
|
|upkeep
|turn|18
|
|t:|1607803903
|switch|p2a: Eternatus|Eternatus|70/100 brn
|-ability|p2a: Eternatus|Pressure
|move|p1a: Chicken|Defog|p2a: Eternatus
|-unboost|p2a: Eternatus|evasion|1
|-sideend|p1: xander073|Toxic Spikes|[from] move: Defog|[of] p1a: Chicken
|
|-damage|p2a: Eternatus|63/100 brn|[from] brn
|upkeep
|turn|19
|
|t:|1607803910
|switch|p1a: haxcelibur|Aegislash, F|100/100
|move|p2a: Eternatus|Recover|p2a: Eternatus
|-heal|p2a: Eternatus|100/100 brn
|
|-damage|p2a: Eternatus|94/100 brn|[from] brn
|upkeep
|turn|20
|
|t:|1607803922
|switch|p2a: Yveltal|Yveltal|100/100 par
|-ability|p2a: Yveltal|Dark Aura
|-formechange|p1a: haxcelibur|Aegislash-Blade||[from] ability: Stance Change
|move|p1a: haxcelibur|Flash Cannon|p2a: Yveltal
|-damage|p2a: Yveltal|79/100 par
|-unboost|p2a: Yveltal|spd|1
|
|upkeep
|turn|21
|
|t:|1607803933
|-formechange|p1a: haxcelibur|Aegislash||[from] ability: Stance Change
|move|p1a: haxcelibur|King's Shield|p1a: haxcelibur
|-singleturn|p1a: haxcelibur|Protect
|move|p2a: Yveltal|Knock Off|p1a: haxcelibur
|-activate|p1a: haxcelibur|move: Protect
|-unboost|p2a: Yveltal|atk|1
|
|upkeep
|turn|22
|n| ironwater|ironwater
|
|t:|1607803943
|switch|p1a: snek|Zygarde-Complete|44/100 tox
|move|p2a: Yveltal|Knock Off|p1a: snek
|-damage|p1a: snek|33/100 tox
|
|-damage|p1a: snek|27/100 tox|[from] psn
|upkeep
|turn|23
|
|t:|1607803947
|switch|p2a: Skarmory|Skarmory, F|100/100 par
|move|p1a: snek|Rest|p1a: snek
|-status|p1a: snek|slp|[from] move: Rest
|-heal|p1a: snek|100/100 slp|[silent]
|
|upkeep
|turn|24
|
|t:|1607803958
|switch|p1a: haxcelibur|Aegislash, F|100/100
|move|p2a: Skarmory|Stealth Rock|p1a: haxcelibur
|-sidestart|p1: xander073|move: Stealth Rock
|
|upkeep
|turn|25
|
|t:|1607803971
|switch|p2a: Eternatus|Eternatus|94/100 brn
|-ability|p2a: Eternatus|Pressure
|-formechange|p1a: haxcelibur|Aegislash-Blade||[from] ability: Stance Change
|move|p1a: haxcelibur|Shadow Ball|p2a: Eternatus
|-damage|p2a: Eternatus|74/100 brn
|
|-damage|p2a: Eternatus|68/100 brn|[from] brn
|upkeep
|turn|26
|
|t:|1607803982
|-formechange|p1a: haxcelibur|Aegislash||[from] ability: Stance Change
|move|p1a: haxcelibur|King's Shield|p1a: haxcelibur
|-singleturn|p1a: haxcelibur|Protect
|move|p2a: Eternatus|Recover|p2a: Eternatus
|-heal|p2a: Eternatus|100/100 brn
|
|-damage|p2a: Eternatus|94/100 brn|[from] brn
|upkeep
|turn|27
|
|t:|1607803987
|move|p2a: Eternatus|Toxic Spikes|p1a: haxcelibur
|-sidestart|p1: xander073|move: Toxic Spikes
|-formechange|p1a: haxcelibur|Aegislash-Blade||[from] ability: Stance Change
|move|p1a: haxcelibur|Flash Cannon|p2a: Eternatus
|-damage|p2a: Eternatus|71/100 brn
|
|-damage|p2a: Eternatus|64/100 brn|[from] brn
|upkeep
|turn|28
|c| Pompersse couche|Kipkluif you are shy and bieutifull
|
|t:|1607803996
|move|p2a: Eternatus|Recover|p2a: Eternatus
|-heal|p2a: Eternatus|100/100 brn
|move|p1a: haxcelibur|Flash Cannon|p2a: Eternatus
|-damage|p2a: Eternatus|77/100 brn
|
|-damage|p2a: Eternatus|71/100 brn|[from] brn
|upkeep
|turn|29
|c|%Kipkluif|oke dan
|
|t:|1607804007
|switch|p1a: Chicken|Ho-Oh|100/100
|move|p2a: Eternatus|Dynamax Cannon|p1a: Chicken
|-damage|p1a: Chicken|74/100
|
|-damage|p2a: Eternatus|64/100 brn|[from] brn
|upkeep
|turn|30
|
|t:|1607804016
|move|p2a: Eternatus|Toxic|p1a: Chicken
|-status|p1a: Chicken|tox
|move|p1a: Chicken|Defog|p2a: Eternatus
|-unboost|p2a: Eternatus|evasion|1
|-sideend|p1: xander073|Toxic Spikes|[from] move: Defog|[of] p1a: Chicken
|-sideend|p1: xander073|Stealth Rock|[from] move: Defog|[of] p1a: Chicken
|
|-damage|p2a: Eternatus|58/100 brn|[from] brn
|-damage|p1a: Chicken|68/100 tox|[from] psn
|upkeep
|turn|31
|
|t:|1607804021
|switch|p1a: Psych|Mewtwo|100/100
|-ability|p1a: Psych|Unnerve|p2: La Room a Panur
|move|p2a: Eternatus|Recover|p2a: Eternatus
|-heal|p2a: Eternatus|100/100 brn
|
|-damage|p2a: Eternatus|94/100 brn|[from] brn
|upkeep
|turn|32
|
|t:|1607804026
|switch|p2a: Diancie|Diancie|100/100
|move|p1a: Psych|Substitute|p1a: Psych
|-start|p1a: Psych|Substitute
|-damage|p1a: Psych|76/100
|
|upkeep
|turn|33
|
|t:|1607804036
|move|p1a: Psych|Nasty Plot|p1a: Psych
|-boost|p1a: Psych|spa|2
|move|p2a: Diancie|Power Gem|p1a: Psych
|-end|p1a: Psych|Substitute
|
|upkeep
|turn|34
|c| Nuzleafwarrior7778|kip 0-0
|
|t:|1607804054
|move|p1a: Psych|Substitute|p1a: Psych
|-start|p1a: Psych|Substitute
|-damage|p1a: Psych|51/100
|move|p2a: Diancie|Power Gem|p1a: Psych
|-end|p1a: Psych|Substitute
|
|upkeep
|turn|35
|c| Nuzleafwarrior7778|fans
|
|t:|1607804061
|move|p1a: Psych|Psystrike|p2a: Diancie
|-damage|p2a: Diancie|0 fnt
|-damage|p1a: Psych|41/100|[from] item: Life Orb
|faint|p2a: Diancie
|
|upkeep
|
|t:|1607804082
|switch|p2a: Shedinja|Shedinja|100/100
|turn|36
|
|t:|1607804087
|switch|p1a: Chicken|Ho-Oh|100/100 tox
|move|p2a: Shedinja|Shadow Sneak|p1a: Chicken
|-damage|p1a: Chicken|89/100 tox
|
|-damage|p1a: Chicken|83/100 tox|[from] psn
|upkeep
|turn|37
|
|t:|1607804093
|switch|p2a: Eternatus|Eternatus|94/100 brn
|-ability|p2a: Eternatus|Pressure
|move|p1a: Chicken|Brave Bird|p2a: Eternatus
|-damage|p2a: Eternatus|59/100 brn
|-damage|p1a: Chicken|69/100 tox|[from] Recoil
|
|-damage|p2a: Eternatus|53/100 brn|[from] brn
|-damage|p1a: Chicken|57/100 tox|[from] psn
|upkeep
|turn|38
|
|t:|1607804097
|switch|p1a: Psych|Mewtwo|41/100
|-ability|p1a: Psych|Unnerve|p2: La Room a Panur
|move|p2a: Eternatus|Recover|p2a: Eternatus
|-heal|p2a: Eternatus|100/100 brn
|
|-damage|p2a: Eternatus|94/100 brn|[from] brn
|upkeep
|turn|39
|
|t:|1607804107
|switch|p2a: Yveltal|Yveltal|79/100 par
|-ability|p2a: Yveltal|Dark Aura
|move|p1a: Psych|Psystrike|p2a: Yveltal
|-immune|p2a: Yveltal
|
|upkeep
|turn|40
|j| t F cP!
|inactive|La Room a Panur has 270 seconds left.
|
|t:|1607804139
|switch|p1a: Temporal Guardian|Dialga|66/100
|-ability|p1a: Temporal Guardian|Pressure
|move|p2a: Yveltal|Knock Off|p1a: Temporal Guardian
|-damage|p1a: Temporal Guardian|41/100
|
|upkeep
|turn|41
|inactive|La Room a Panur has 270 seconds left.
|
|t:|1607804155
|move|p1a: Temporal Guardian|Stealth Rock|p2a: Yveltal
|-sidestart|p2: La Room a Panur|move: Stealth Rock
|move|p2a: Yveltal|Knock Off|p1a: Temporal Guardian
|-damage|p1a: Temporal Guardian|17/100
|
|upkeep
|turn|42
|
|t:|1607804162
|switch|p1a: snek|Zygarde-Complete|100/100 slp
|move|p2a: Yveltal|Roost|p2a: Yveltal
|-heal|p2a: Yveltal|100/100 par
|-singleturn|p2a: Yveltal|move: Roost
|
|upkeep
|turn|43
|
|t:|1607804169
|switch|p2a: Skarmory|Skarmory, F|100/100 par
|cant|p1a: snek|slp
|
|upkeep
|turn|44
|
|t:|1607804174
|cant|p1a: snek|slp
|move|p2a: Skarmory|Stealth Rock|p1a: snek
|-sidestart|p1: xander073|move: Stealth Rock
|
|upkeep
|turn|45
|
|t:|1607804184
|switch|p2a: Shedinja|Shedinja|100/100
|-curestatus|p1a: snek|slp|[msg]
|move|p1a: snek|Thousand Arrows|p2a: Shedinja
|-immune|p2a: Shedinja|[from] ability: Wonder Guard
|
|upkeep
|turn|46
|
|t:|1607804204
|switch|p1a: haxcelibur|Aegislash, F|100/100
|-damage|p1a: haxcelibur|94/100|[from] Stealth Rock
|move|p2a: Shedinja|Toxic|p1a: haxcelibur
|-immune|p1a: haxcelibur
|
|upkeep
|turn|47
|
|t:|1607804213
|switch|p2a: Yveltal|Yveltal|100/100 par
|-ability|p2a: Yveltal|Dark Aura
|-formechange|p1a: haxcelibur|Aegislash-Blade||[from] ability: Stance Change
|move|p1a: haxcelibur|Shadow Sneak|p2a: Yveltal
|-resisted|p2a: Yveltal
|-damage|p2a: Yveltal|93/100 par
|
|upkeep
|turn|48
|
|t:|1607804232
|switch|p1a: snek|Zygarde-Complete|100/100
|-damage|p1a: snek|94/100|[from] Stealth Rock
|move|p2a: Yveltal|Knock Off|p1a: snek
|-damage|p1a: snek|77/100
|
|upkeep
|turn|49
|
|t:|1607804249
|switch|p1a: Chicken|Ho-Oh|91/100 tox
|switch|p2a: Shedinja|Shedinja|100/100
|
|-damage|p1a: Chicken|85/100 tox|[from] psn
|upkeep
|turn|50
|
|t:|1607804259
|move|p2a: Shedinja|Protect|p2a: Shedinja
|-singleturn|p2a: Shedinja|Protect
|move|p1a: Chicken|Defog|p2a: Shedinja
|-activate|p2a: Shedinja|move: Protect
|
|-damage|p1a: Chicken|73/100 tox|[from] psn
|upkeep
|turn|51
|
|t:|1607804270
|switch|p2a: Eternatus|Eternatus|94/100 brn
|-ability|p2a: Eternatus|Pressure
|move|p1a: Chicken|Brave Bird|p2a: Eternatus
|-crit|p2a: Eternatus
|-damage|p2a: Eternatus|35/100 brn
|-damage|p1a: Chicken|50/100 tox|[from] Recoil
|
|-damage|p2a: Eternatus|29/100 brn|[from] brn
|-damage|p1a: Chicken|32/100 tox|[from] psn
|upkeep
|turn|52
|
|t:|1607804281
|move|p2a: Eternatus|Recover|p2a: Eternatus
|-heal|p2a: Eternatus|79/100 brn
|move|p1a: Chicken|Defog|p2a: Eternatus
|-unboost|p2a: Eternatus|evasion|1
|-sideend|p2: La Room a Panur|Stealth Rock|[from] move: Defog|[of] p1a: Chicken
|-sideend|p1: xander073|Stealth Rock|[from] move: Defog|[of] p1a: Chicken
|
|-damage|p2a: Eternatus|73/100 brn|[from] brn
|-damage|p1a: Chicken|8/100 tox|[from] psn
|upkeep
|turn|53
|
|t:|1607804296
|switch|p1a: Fish?|Tapu Fini|100/100
|-fieldstart|move: Misty Terrain|[from] ability: Misty Surge|[of] p1a: Fish?
|move|p2a: Eternatus|Dynamax Cannon|p1a: Fish?
|-immune|p1a: Fish?
|
|-damage|p2a: Eternatus|67/100 brn|[from] brn
|upkeep
|turn|54
|j|+boe(^-^)♪
|
|t:|1607804308
|switch|p2a: Shedinja|Shedinja|100/100
|switch|p1a: snek|Zygarde-Complete|77/100
|
|upkeep
|turn|55
|
|t:|1607804321
|switch|p2a: Quagsire|Quagsire, M|100/100
|move|p1a: snek|Glare|p2a: Quagsire
|-activate|p2a: Quagsire|move: Misty Terrain
|
|upkeep
|turn|56
|
|t:|1607804334
|move|p1a: snek|Thousand Arrows|p2a: Quagsire
|-damage|p2a: Quagsire|72/100
|move|p2a: Quagsire|Scald|p1a: snek
|-damage|p1a: snek|66/100
|
|upkeep
|turn|57
|
|t:|1607804356
|switch|p1a: haxcelibur|Aegislash, F|94/100
|move|p2a: Quagsire|Scald|p1a: haxcelibur
|-damage|p1a: haxcelibur|80/100
|
|-fieldend|Misty Terrain
|upkeep
|turn|58
|
|t:|1607804364
|switch|p2a: Yveltal|Yveltal|93/100 par
|-ability|p2a: Yveltal|Dark Aura
|-formechange|p1a: haxcelibur|Aegislash-Blade||[from] ability: Stance Change
|move|p1a: haxcelibur|Shadow Ball|p2a: Yveltal
|-resisted|p2a: Yveltal
|-damage|p2a: Yveltal|82/100 par
|-unboost|p2a: Yveltal|spd|1
|
|upkeep
|turn|59
|
|t:|1607804375
|-formechange|p1a: haxcelibur|Aegislash||[from] ability: Stance Change
|move|p1a: haxcelibur|King's Shield|p1a: haxcelibur
|-singleturn|p1a: haxcelibur|Protect
|cant|p2a: Yveltal|par
|
|upkeep
|turn|60
|inactive|xander073 has 270 seconds left.
|
|t:|1607804408
|-formechange|p1a: haxcelibur|Aegislash-Blade||[from] ability: Stance Change
|move|p1a: haxcelibur|Flash Cannon|p2a: Yveltal
|-damage|p2a: Yveltal|50/100 par
|cant|p2a: Yveltal|par
|
|upkeep
|turn|61
|
|t:|1607804418
|move|p2a: Yveltal|Sucker Punch|p1a: haxcelibur
|-supereffective|p1a: haxcelibur
|-damage|p1a: haxcelibur|0 fnt
|faint|p1a: haxcelibur
|
|upkeep
|
|t:|1607804427
|switch|p1a: Chicken|Ho-Oh|41/100 tox
|turn|62
|
|t:|1607804452
|switch|p2a: Eternatus|Eternatus|67/100 brn
|-ability|p2a: Eternatus|Pressure
|move|p1a: Chicken|Sacred Fire|p2a: Eternatus
|-resisted|p2a: Eternatus
|-damage|p2a: Eternatus|50/100 brn
|
|-damage|p2a: Eternatus|44/100 brn|[from] brn
|-damage|p1a: Chicken|35/100 tox|[from] psn
|upkeep
|turn|63
|
|t:|1607804462
|switch|p1a: Psych|Mewtwo|41/100
|-ability|p1a: Psych|Unnerve|p2: La Room a Panur
|move|p2a: Eternatus|Recover|p2a: Eternatus
|-heal|p2a: Eternatus|94/100 brn
|
|-damage|p2a: Eternatus|88/100 brn|[from] brn
|upkeep
|turn|64
|c| Pompersse couche|Chiken wings
|
|t:|1607804472
|switch|p2a: Quagsire|Quagsire, M|72/100
|move|p1a: Psych|Psystrike|p2a: Quagsire
|-crit|p2a: Quagsire
|-damage|p2a: Quagsire|0 fnt
|-damage|p1a: Psych|31/100|[from] item: Life Orb
|faint|p2a: Quagsire
|
|upkeep
|
|t:|1607804489
|switch|p2a: Yveltal|Yveltal|50/100 par
|-ability|p2a: Yveltal|Dark Aura
|turn|65
|
|t:|1607804494
|move|p1a: Psych|Substitute|p1a: Psych
|-start|p1a: Psych|Substitute
|-damage|p1a: Psych|6/100
|cant|p2a: Yveltal|par
|
|upkeep
|turn|66
|
|t:|1607804504
|move|p1a: Psych|Aura Sphere|p2a: Yveltal
|-damage|p2a: Yveltal|29/100 par
|-damage|p1a: Psych|0 fnt|[from] item: Life Orb
|faint|p1a: Psych
|move|p2a: Yveltal|Roost|p2a: Yveltal
|-heal|p2a: Yveltal|79/100 par
|-singleturn|p2a: Yveltal|move: Roost
|
|upkeep
|
|t:|1607804533
|switch|p1a: snek|Zygarde-Complete|66/100
|turn|67
|
|t:|1607804547
|switch|p2a: Shedinja|Shedinja|100/100
|move|p1a: snek|Coil|p1a: snek
|-boost|p1a: snek|atk|1
|-boost|p1a: snek|def|1
|-boost|p1a: snek|accuracy|1
|
|upkeep
|turn|68
|
|t:|1607804556
|switch|p1a: Fish?|Tapu Fini|100/100
|-fieldstart|move: Misty Terrain|[from] ability: Misty Surge|[of] p1a: Fish?
|switch|p2a: Skarmory|Skarmory, F|100/100 par
|
|upkeep
|turn|69
|
|t:|1607804562
|move|p1a: Fish?|Iron Defense|p1a: Fish?
|-boost|p1a: Fish?|def|2
|cant|p2a: Skarmory|par
|
|upkeep
|turn|70
|
|t:|1607804567
|move|p1a: Fish?|Iron Defense|p1a: Fish?
|-boost|p1a: Fish?|def|2
|move|p2a: Skarmory|Stealth Rock|p1a: Fish?
|-sidestart|p1: xander073|move: Stealth Rock
|
|upkeep
|turn|71
|
|t:|1607804578
|switch|p2a: Shedinja|Shedinja|100/100
|move|p1a: Fish?|Iron Defense|p1a: Fish?
|-boost|p1a: Fish?|def|2
|
|upkeep
|turn|72
|
|t:|1607804584
|switch|p1a: Chicken|Ho-Oh|68/100 tox
|move|p2a: Shedinja|Protect||[still]
|-fail|p2a: Shedinja
|
|-damage|p1a: Chicken|62/100 tox|[from] psn
|-fieldend|Misty Terrain
|upkeep
|turn|73
|
|t:|1607804590
|move|p2a: Shedinja|Protect|p2a: Shedinja
|-singleturn|p2a: Shedinja|Protect
|move|p1a: Chicken|Defog|p2a: Shedinja
|-activate|p2a: Shedinja|move: Protect
|
|-damage|p1a: Chicken|50/100 tox|[from] psn
|upkeep
|turn|74
|
|t:|1607804603
|switch|p2a: Eternatus|Eternatus|88/100 brn
|-ability|p2a: Eternatus|Pressure
|move|p1a: Chicken|Defog|p2a: Eternatus
|-unboost|p2a: Eternatus|evasion|1
|-sideend|p1: xander073|Stealth Rock|[from] move: Defog|[of] p1a: Chicken
|
|-damage|p2a: Eternatus|82/100 brn|[from] brn
|-damage|p1a: Chicken|32/100 tox|[from] psn
|upkeep
|turn|75
|
|t:|1607804612
|switch|p1a: Fish?|Tapu Fini|100/100
|-fieldstart|move: Misty Terrain|[from] ability: Misty Surge|[of] p1a: Fish?
|move|p2a: Eternatus|Toxic Spikes|p1a: Fish?
|-sidestart|p1: xander073|move: Toxic Spikes
|
|-damage|p2a: Eternatus|75/100 brn|[from] brn
|upkeep
|turn|76
|
|t:|1607804618
|switch|p2a: Skarmory|Skarmory, F|100/100 par
|switch|p1a: Temporal Guardian|Dialga|17/100
|-ability|p1a: Temporal Guardian|Pressure
|
|upkeep
|turn|77
|l| t F cP!
|
|t:|1607804643
|move|p1a: Temporal Guardian|Stealth Rock|p2a: Skarmory
|-sidestart|p2: La Room a Panur|move: Stealth Rock
|move|p2a: Skarmory|Stealth Rock|p1a: Temporal Guardian
|-sidestart|p1: xander073|move: Stealth Rock
|
|upkeep
|turn|78
|
|t:|1607804654
|switch|p2a: Yveltal|Yveltal|79/100 par
|-ability|p2a: Yveltal|Dark Aura
|move|p1a: Temporal Guardian|Flash Cannon|p2a: Yveltal
|-damage|p2a: Yveltal|54/100 par
|
|upkeep
|turn|79
|
|t:|1607804664
|move|p2a: Yveltal|Sucker Punch|p1a: Temporal Guardian
|-damage|p1a: Temporal Guardian|0 fnt
|faint|p1a: Temporal Guardian
|
|-fieldend|Misty Terrain
|upkeep
|
|t:|1607804669
|switch|p1a: Chicken|Ho-Oh|65/100 tox
|turn|80
|
|t:|1607804673
|move|p1a: Chicken|Defog|p2a: Yveltal
|-unboost|p2a: Yveltal|evasion|1
|-sideend|p2: La Room a Panur|Stealth Rock|[from] move: Defog|[of] p1a: Chicken
|-sideend|p1: xander073|Toxic Spikes|[from] move: Defog|[of] p1a: Chicken
|-sideend|p1: xander073|Stealth Rock|[from] move: Defog|[of] p1a: Chicken
|move|p2a: Yveltal|Roost|p2a: Yveltal
|-heal|p2a: Yveltal|100/100 par
|-singleturn|p2a: Yveltal|move: Roost
|
|-damage|p1a: Chicken|59/100 tox|[from] psn
|upkeep
|turn|81
|
|t:|1607804684
|switch|p1a: snek|Zygarde-Complete|66/100
|move|p2a: Yveltal|Knock Off|p1a: snek
|-damage|p1a: snek|49/100
|
|upkeep
|turn|82
|
|t:|1607804690
|switch|p2a: Skarmory|Skarmory, F|100/100 par
|move|p1a: snek|Thousand Arrows|p2a: Skarmory
|-damage|p2a: Skarmory|75/100 par
|-start|p2a: Skarmory|Smack Down
|
|upkeep
|turn|83
|
|t:|1607804698
|switch|p1a: Fish?|Tapu Fini|100/100
|-fieldstart|move: Misty Terrain|[from] ability: Misty Surge|[of] p1a: Fish?
|switch|p2a: Shedinja|Shedinja|100/100
|
|upkeep
|turn|84
|
|t:|1607804704
|switch|p1a: Chicken|Ho-Oh|93/100 tox
|move|p2a: Shedinja|Protect||[still]
|-fail|p2a: Shedinja
|
|-damage|p1a: Chicken|87/100 tox|[from] psn
|upkeep
|turn|85
|
|t:|1607804710
|move|p2a: Shedinja|Protect|p2a: Shedinja
|-singleturn|p2a: Shedinja|Protect
|move|p1a: Chicken|Brave Bird|p2a: Shedinja
|-activate|p2a: Shedinja|move: Protect
|
|-damage|p1a: Chicken|74/100 tox|[from] psn
|upkeep
|turn|86
|
|t:|1607804713
|switch|p2a: Eternatus|Eternatus|75/100 brn
|-ability|p2a: Eternatus|Pressure
|move|p1a: Chicken|Brave Bird|p2a: Eternatus
|-damage|p2a: Eternatus|35/100 brn
|-damage|p1a: Chicken|59/100 tox|[from] Recoil
|
|-damage|p2a: Eternatus|29/100 brn|[from] brn
|-damage|p1a: Chicken|41/100 tox|[from] psn
|upkeep
|turn|87
|
|t:|1607804721
|switch|p1a: snek|Zygarde-Complete|49/100
|move|p2a: Eternatus|Recover|p2a: Eternatus
|-heal|p2a: Eternatus|79/100 brn
|
|-damage|p2a: Eternatus|73/100 brn|[from] brn
|-fieldend|Misty Terrain
|upkeep
|turn|88
|
|t:|1607804728
|switch|p1a: Fish?|Tapu Fini|100/100
|-fieldstart|move: Misty Terrain|[from] ability: Misty Surge|[of] p1a: Fish?
|move|p2a: Eternatus|Dynamax Cannon|p1a: Fish?
|-immune|p1a: Fish?
|
|-damage|p2a: Eternatus|66/100 brn|[from] brn
|upkeep
|turn|89
|
|t:|1607804734
|switch|p2a: Shedinja|Shedinja|100/100
|switch|p1a: Chicken|Ho-Oh|74/100 tox
|
|-damage|p1a: Chicken|68/100 tox|[from] psn
|upkeep
|turn|90
|
|t:|1607804739
|move|p2a: Shedinja|Protect|p2a: Shedinja
|-singleturn|p2a: Shedinja|Protect
|move|p1a: Chicken|Roost|p1a: Chicken
|-heal|p1a: Chicken|100/100 tox
|-singleturn|p1a: Chicken|move: Roost
|
|-damage|p1a: Chicken|88/100 tox|[from] psn
|upkeep
|turn|91
|
|t:|1607804752
|switch|p2a: Yveltal|Yveltal|100/100 par
|-ability|p2a: Yveltal|Dark Aura
|move|p1a: Chicken|Brave Bird|p2a: Yveltal
|-damage|p2a: Yveltal|61/100 par
|-damage|p1a: Chicken|74/100 tox|[from] Recoil
|
|-damage|p1a: Chicken|56/100 tox|[from] psn
|upkeep
|turn|92
|
|t:|1607804758
|switch|p1a: snek|Zygarde-Complete|49/100
|move|p2a: Yveltal|Roost|p2a: Yveltal
|-heal|p2a: Yveltal|100/100 par
|-singleturn|p2a: Yveltal|move: Roost
|
|-fieldend|Misty Terrain
|upkeep
|turn|93
|
|t:|1607804766
|move|p1a: snek|Thousand Arrows|p2a: Yveltal
|-damage|p2a: Yveltal|66/100 par
|-start|p2a: Yveltal|Smack Down
|move|p2a: Yveltal|Knock Off|p1a: snek
|-damage|p1a: snek|31/100
|
|upkeep
|turn|94
|
|t:|1607804771
|move|p1a: snek|Thousand Arrows|p2a: Yveltal
|-damage|p2a: Yveltal|30/100 par
|cant|p2a: Yveltal|par
|
|upkeep
|turn|95
|
|t:|1607804788
|move|p1a: snek|Thousand Arrows|p2a: Yveltal
|-damage|p2a: Yveltal|0 fnt
|faint|p2a: Yveltal
|
|upkeep
|
|t:|1607804793
|switch|p2a: Shedinja|Shedinja|100/100
|turn|96
|
|t:|1607804810
|switch|p1a: Fish?|Tapu Fini|100/100
|-fieldstart|move: Misty Terrain|[from] ability: Misty Surge|[of] p1a: Fish?
|switch|p2a: Eternatus|Eternatus|66/100 brn
|-ability|p2a: Eternatus|Pressure
|
|-damage|p2a: Eternatus|60/100 brn|[from] brn
|upkeep
|turn|97
|
|t:|1607804818
|switch|p1a: Chicken|Ho-Oh|89/100 tox
|move|p2a: Eternatus|Recover|p2a: Eternatus
|-heal|p2a: Eternatus|100/100 brn
|
|-damage|p2a: Eternatus|94/100 brn|[from] brn
|-damage|p1a: Chicken|83/100 tox|[from] psn
|upkeep
|turn|98
|
|t:|1607804827
|move|p2a: Eternatus|Toxic Spikes|p1a: Chicken
|-sidestart|p1: xander073|move: Toxic Spikes
|move|p1a: Chicken|Brave Bird|p2a: Eternatus
|-damage|p2a: Eternatus|53/100 brn
|-damage|p1a: Chicken|67/100 tox|[from] Recoil
|
|-damage|p2a: Eternatus|47/100 brn|[from] brn
|-damage|p1a: Chicken|55/100 tox|[from] psn
|upkeep
|turn|99
|
|t:|1607804837
|move|p2a: Eternatus|Recover|p2a: Eternatus
|-heal|p2a: Eternatus|97/100 brn
|move|p1a: Chicken|Defog|p2a: Eternatus
|-unboost|p2a: Eternatus|evasion|1
|-sideend|p1: xander073|Toxic Spikes|[from] move: Defog|[of] p1a: Chicken
|-fieldend|Misty Terrain
|
|-damage|p2a: Eternatus|90/100 brn|[from] brn
|-damage|p1a: Chicken|37/100 tox|[from] psn
|upkeep
|turn|100
|inactive|La Room a Panur has 270 seconds left.
|j| OranBerryBlissey10
|
|t:|1607804860
|switch|p2a: Skarmory|Skarmory, F|75/100 par
|switch|p1a: Fish?|Tapu Fini|100/100
|-fieldstart|move: Misty Terrain|[from] ability: Misty Surge|[of] p1a: Fish?
|
|upkeep
|turn|101
|
|t:|1607804869
|switch|p1a: Chicken|Ho-Oh|71/100 tox
|move|p2a: Skarmory|Stealth Rock|p1a: Chicken
|-sidestart|p1: xander073|move: Stealth Rock
|
|-damage|p1a: Chicken|65/100 tox|[from] psn
|upkeep
|turn|102
|
|t:|1607804874
|switch|p2a: Eternatus|Eternatus|90/100 brn
|-ability|p2a: Eternatus|Pressure
|move|p1a: Chicken|Defog|p2a: Eternatus
|-unboost|p2a: Eternatus|evasion|1
|-sideend|p1: xander073|Stealth Rock|[from] move: Defog|[of] p1a: Chicken
|-fieldend|Misty Terrain
|
|-damage|p2a: Eternatus|84/100 brn|[from] brn
|-damage|p1a: Chicken|53/100 tox|[from] psn
|upkeep
|turn|103
|
|t:|1607804883
|move|p2a: Eternatus|Dynamax Cannon|p1a: Chicken
|-damage|p1a: Chicken|27/100 tox
|move|p1a: Chicken|Roost|p1a: Chicken
|-heal|p1a: Chicken|77/100 tox
|-singleturn|p1a: Chicken|move: Roost
|
|-damage|p2a: Eternatus|78/100 brn|[from] brn
|-damage|p1a: Chicken|59/100 tox|[from] psn
|upkeep
|turn|104
|
|t:|1607804890
|switch|p2a: Skarmory|Skarmory, F|75/100 par
|switch|p1a: Fish?|Tapu Fini|100/100
|-fieldstart|move: Misty Terrain|[from] ability: Misty Surge|[of] p1a: Fish?
|
|upkeep
|turn|105
|
|t:|1607804898
|move|p1a: Fish?|Iron Defense|p1a: Fish?
|-boost|p1a: Fish?|def|2
|move|p2a: Skarmory|Stealth Rock|p1a: Fish?
|-sidestart|p1: xander073|move: Stealth Rock
|
|upkeep
|turn|106
|l| December Right ❄
|inactive|La Room a Panur has 270 seconds left.
|
|t:|1607804904
|move|p1a: Fish?|Calm Mind|p1a: Fish?
|-boost|p1a: Fish?|spa|1
|-boost|p1a: Fish?|spd|1
|move|p2a: Skarmory|Roost|p2a: Skarmory
|-heal|p2a: Skarmory|100/100 par
|-singleturn|p2a: Skarmory|move: Roost
|
|upkeep
|turn|107
|
|t:|1607804909
|move|p1a: Fish?|Calm Mind|p1a: Fish?
|-boost|p1a: Fish?|spa|1
|-boost|p1a: Fish?|spd|1
|move|p2a: Skarmory|Spikes|p1a: Fish?
|-sidestart|p1: xander073|Spikes
|
|upkeep
|turn|108
|
|t:|1607804913
|switch|p2a: Shedinja|Shedinja|100/100
|move|p1a: Fish?|Iron Defense|p1a: Fish?
|-boost|p1a: Fish?|def|2
|
|-fieldend|Misty Terrain
|upkeep
|turn|109
|
|t:|1607804924
|switch|p1a: Chicken|Ho-Oh|93/100 tox
|move|p2a: Shedinja|Shadow Sneak|p1a: Chicken
|-crit|p1a: Chicken
|-damage|p1a: Chicken|77/100 tox
|
|-damage|p1a: Chicken|71/100 tox|[from] psn
|upkeep
|turn|110
|inactive|La Room a Panur has 270 seconds left.
|
|t:|1607804940
|switch|p2a: Eternatus|Eternatus|78/100 brn
|-ability|p2a: Eternatus|Pressure
|move|p1a: Chicken|Roost|p1a: Chicken
|-heal|p1a: Chicken|100/100 tox
|-singleturn|p1a: Chicken|move: Roost
|
|-damage|p2a: Eternatus|72/100 brn|[from] brn
|-damage|p1a: Chicken|88/100 tox|[from] psn
|upkeep
|turn|111
|
|t:|1607804950
|move|p2a: Eternatus|Toxic Spikes|p1a: Chicken
|-sidestart|p1: xander073|move: Toxic Spikes
|move|p1a: Chicken|Defog|p2a: Eternatus
|-unboost|p2a: Eternatus|evasion|1
|-sideend|p1: xander073|Spikes|[from] move: Defog|[of] p1a: Chicken
|-sideend|p1: xander073|Toxic Spikes|[from] move: Defog|[of] p1a: Chicken
|-sideend|p1: xander073|Stealth Rock|[from] move: Defog|[of] p1a: Chicken
|
|-damage|p2a: Eternatus|66/100 brn|[from] brn
|-damage|p1a: Chicken|70/100 tox|[from] psn
|upkeep
|turn|112
|
|t:|1607804958
|switch|p1a: Fish?|Tapu Fini|100/100
|-fieldstart|move: Misty Terrain|[from] ability: Misty Surge|[of] p1a: Fish?
|move|p2a: Eternatus|Toxic Spikes|p1a: Fish?
|-sidestart|p1: xander073|move: Toxic Spikes
|
|-damage|p2a: Eternatus|59/100 brn|[from] brn
|upkeep
|turn|113
|
|t:|1607804963
|switch|p1a: Chicken|Ho-Oh|100/100 tox
|move|p2a: Eternatus|Recover|p2a: Eternatus
|-heal|p2a: Eternatus|100/100 brn
|
|-damage|p2a: Eternatus|94/100 brn|[from] brn
|-damage|p1a: Chicken|94/100 tox|[from] psn
|upkeep
|turn|114
|
|t:|1607804969
|move|p2a: Eternatus|Toxic Spikes|p1a: Chicken
|-sidestart|p1: xander073|move: Toxic Spikes
|move|p1a: Chicken|Brave Bird|p2a: Eternatus
|-damage|p2a: Eternatus|55/100 brn
|-damage|p1a: Chicken|79/100 tox|[from] Recoil
|
|-damage|p2a: Eternatus|49/100 brn|[from] brn
|-damage|p1a: Chicken|67/100 tox|[from] psn
|upkeep
|turn|115
|
|t:|1607804977
|move|p2a: Eternatus|Recover|p2a: Eternatus
|-heal|p2a: Eternatus|99/100 brn
|move|p1a: Chicken|Defog|p2a: Eternatus
|-unboost|p2a: Eternatus|evasion|1
|-sideend|p1: xander073|Toxic Spikes|[from] move: Defog|[of] p1a: Chicken
|-fieldend|Misty Terrain
|
|-damage|p2a: Eternatus|93/100 brn|[from] brn
|-damage|p1a: Chicken|49/100 tox|[from] psn
|upkeep
|turn|116
|
|t:|1607804992
|switch|p1a: Fish?|Tapu Fini|100/100
|-fieldstart|move: Misty Terrain|[from] ability: Misty Surge|[of] p1a: Fish?
|move|p2a: Eternatus|Toxic Spikes|p1a: Fish?
|-sidestart|p1: xander073|move: Toxic Spikes
|
|-damage|p2a: Eternatus|86/100 brn|[from] brn
|upkeep
|turn|117
|
|t:|1607805011
|switch|p2a: Shedinja|Shedinja|100/100
|switch|p1a: Chicken|Ho-Oh|82/100 tox
|
|-damage|p1a: Chicken|76/100 tox|[from] psn
|upkeep
|turn|118
|
|t:|1607805021
|move|p2a: Shedinja|Shadow Sneak|p1a: Chicken
|-damage|p1a: Chicken|65/100 tox
|move|p1a: Chicken|Roost|p1a: Chicken
|-heal|p1a: Chicken|100/100 tox
|-singleturn|p1a: Chicken|move: Roost
|
|-damage|p1a: Chicken|88/100 tox|[from] psn
|upkeep
|turn|119
|
|t:|1607805030
|switch|p2a: Eternatus|Eternatus|86/100 brn
|-ability|p2a: Eternatus|Pressure
|move|p1a: Chicken|Brave Bird|p2a: Eternatus
|-crit|p2a: Eternatus
|-damage|p2a: Eternatus|27/100 brn
|-damage|p1a: Chicken|66/100 tox|[from] Recoil
|
|-damage|p2a: Eternatus|21/100 brn|[from] brn
|-damage|p1a: Chicken|47/100 tox|[from] psn
|upkeep
|turn|120
|c| Nuzleafwarrior7778|damn
|
|t:|1607805042
|switch|p1a: Fish?|Tapu Fini|100/100
|move|p2a: Eternatus|Recover|p2a: Eternatus
|-heal|p2a: Eternatus|71/100 brn
|
|-damage|p2a: Eternatus|65/100 brn|[from] brn
|-fieldend|Misty Terrain
|upkeep
|turn|121
|
|t:|1607805054
|switch|p1a: Chicken|Ho-Oh|81/100 tox
|move|p2a: Eternatus|Toxic|p1a: Chicken
|-fail|p1a: Chicken|tox
|
|-damage|p2a: Eternatus|58/100 brn|[from] brn
|-damage|p1a: Chicken|75/100 tox|[from] psn
|upkeep
|turn|122
|
|t:|1607805060
|move|p2a: Eternatus|Dynamax Cannon|p1a: Chicken
|-damage|p1a: Chicken|46/100 tox
|move|p1a: Chicken|Defog|p2a: Eternatus
|-unboost|p2a: Eternatus|evasion|1
|-sideend|p1: xander073|Toxic Spikes|[from] move: Defog|[of] p1a: Chicken
|
|-damage|p2a: Eternatus|52/100 brn|[from] brn
|-damage|p1a: Chicken|34/100 tox|[from] psn
|upkeep
|turn|123
|
|t:|1607805066
|switch|p1a: Fish?|Tapu Fini|100/100
|-fieldstart|move: Misty Terrain|[from] ability: Misty Surge|[of] p1a: Fish?
|move|p2a: Eternatus|Toxic Spikes|p1a: Fish?
|-sidestart|p1: xander073|move: Toxic Spikes
|
|-damage|p2a: Eternatus|46/100 brn|[from] brn
|upkeep
|turn|124
|
|t:|1607805077
|switch|p2a: Shedinja|Shedinja|100/100
|switch|p1a: Chicken|Ho-Oh|67/100 tox
|
|-damage|p1a: Chicken|61/100 tox|[from] psn
|upkeep
|turn|125
|c| Nuzleafwarrior7778|na turn 50 zou ik gwn opgeven lol
|inactive|La Room a Panur has 240 seconds left.
|
|t:|1607805102
|switch|p2a: Skarmory|Skarmory, F|100/100 par
|move|p1a: Chicken|Roost|p1a: Chicken
|-heal|p1a: Chicken|100/100 tox
|-singleturn|p1a: Chicken|move: Roost
|
|-damage|p1a: Chicken|88/100 tox|[from] psn
|upkeep
|turn|126
|
|t:|1607805108
|switch|p2a: Eternatus|Eternatus|46/100 brn
|-ability|p2a: Eternatus|Pressure
|move|p1a: Chicken|Defog|p2a: Eternatus
|-unboost|p2a: Eternatus|evasion|1
|-sideend|p1: xander073|Toxic Spikes|[from] move: Defog|[of] p1a: Chicken
|-fieldend|Misty Terrain
|
|-damage|p2a: Eternatus|40/100 brn|[from] brn
|-damage|p1a: Chicken|70/100 tox|[from] psn
|upkeep
|turn|127
|inactive|xander073 has 270 seconds left.
|
|t:|1607805140
|move|p2a: Eternatus|Recover|p2a: Eternatus
|-heal|p2a: Eternatus|90/100 brn
|move|p1a: Chicken|Brave Bird|p2a: Eternatus
|-damage|p2a: Eternatus|51/100 brn
|-damage|p1a: Chicken|55/100 tox|[from] Recoil
|
|-damage|p2a: Eternatus|45/100 brn|[from] brn
|-damage|p1a: Chicken|31/100 tox|[from] psn
|upkeep
|turn|128
|
|t:|1607805147
|switch|p1a: Fish?|Tapu Fini|100/100
|-fieldstart|move: Misty Terrain|[from] ability: Misty Surge|[of] p1a: Fish?
|move|p2a: Eternatus|Toxic Spikes|p1a: Fish?
|-sidestart|p1: xander073|move: Toxic Spikes
|
|-damage|p2a: Eternatus|39/100 brn|[from] brn
|upkeep
|turn|129
|
|t:|1607805166
|switch|p2a: Shedinja|Shedinja|100/100
|switch|p1a: Chicken|Ho-Oh|65/100 tox
|
|-damage|p1a: Chicken|59/100 tox|[from] psn
|upkeep
|turn|130
|inactive|La Room a Panur has 210 seconds left.
|
|t:|1607805205
|switch|p2a: Eternatus|Eternatus|39/100 brn
|-ability|p2a: Eternatus|Pressure
|move|p1a: Chicken|Brave Bird|p2a: Eternatus
|-damage|p2a: Eternatus|0 fnt
|-damage|p1a: Chicken|44/100 tox|[from] Recoil
|faint|p2a: Eternatus
|
|-damage|p1a: Chicken|32/100 tox|[from] psn
|upkeep
|
|t:|1607805211
|switch|p2a: Skarmory|Skarmory, F|100/100 par
|turn|131
|
|t:|1607805222
|move|p1a: Chicken|Roost|p1a: Chicken
|-heal|p1a: Chicken|82/100 tox
|-singleturn|p1a: Chicken|move: Roost
|cant|p2a: Skarmory|par
|
|-damage|p1a: Chicken|64/100 tox|[from] psn
|upkeep
|turn|132
|
|t:|1607805230
|switch|p1a: snek|Zygarde-Complete|31/100
|cant|p2a: Skarmory|par
|
|-fieldend|Misty Terrain
|upkeep
|turn|133
|
|t:|1607805238
|switch|p1a: Chicken|Ho-Oh|97/100 tox
|cant|p2a: Skarmory|par
|
|-damage|p1a: Chicken|91/100 tox|[from] psn
|upkeep
|turn|134
|
|t:|1607805247
|move|p1a: Chicken|Sacred Fire|p2a: Skarmory
|-supereffective|p2a: Skarmory
|-damage|p2a: Skarmory|47/100 par
|cant|p2a: Skarmory|par
|
|-damage|p1a: Chicken|79/100 tox|[from] psn
|upkeep
|turn|135
|c| Nuzleafwarrior7778|0-0
|c|☆xander073|gg
|inactive|La Room a Panur has 180 seconds left.
|c|☆La Room a Panur|!dt sacred fire
|raw|<ul class="utilichart"><li class="result"><span class="col movenamecol"><a href="https://dex.pokemonshowdown.com/moves/sacredfire">Sacred Fire</a></span> <span class="col typecol"><img src="//play.pokemonshowdown.com/sprites/types/Fire.png" alt="Fire" width="32" height="14"><img src="//play.pokemonshowdown.com/sprites/categories/Physical.png" alt="Physical" width="32" height="14"></span> <span class="col labelcol"><em>Power</em><br>100</span> <span class="col widelabelcol"><em>Accuracy</em><br>95%</span> <span class="col pplabelcol"><em>PP</em><br>8</span> <span class="col movedesccol">50% chance to burn the target. Thaws user.</span> </li><li style="clear:both"></li></ul>
|raw|<font size="1"><font color="#686868">Priority:</font> 0&nbsp;|&ThickSpace;<font color="#686868">Gen:</font> 2&nbsp;|&ThickSpace;&#10003; Secondary effect&nbsp;|&ThickSpace;&#10003; Thaws user&nbsp;|&ThickSpace;<font color="#686868">Z-Power:</font> 180&nbsp;|&ThickSpace;<font color="#686868">Dynamax Power:</font> 130&nbsp;|&ThickSpace;<font color="#686868">Target:</font> One Adjacent Pokémon</font>

|
|t:|1607805272
|move|p1a: Chicken|Sacred Fire|p2a: Skarmory
|-supereffective|p2a: Skarmory
|-damage|p2a: Skarmory|0 fnt
|faint|p2a: Skarmory
|
|-damage|p1a: Chicken|61/100 tox|[from] psn
|upkeep
|c|☆La Room a Panur|gg
|
|t:|1607805280
|switch|p2a: Shedinja|Shedinja|100/100
|turn|136
|c| Nuzleafwarrior7778|crit
|j| LikeSosaInThisAudi
|l|+boe(^-^)♪
|c|☆La Room a Panur|lol
|
|t:|1607805301
|move|p1a: Chicken|Brave Bird|p2a: Shedinja
|-supereffective|p2a: Shedinja
|-damage|p2a: Shedinja|0 fnt
|-damage|p1a: Chicken|61/100 tox|[from] Recoil
|faint|p2a: Shedinja
|
|win|xander073
|l| LikeSosaInThisAudi
|l|☆La Room a Panur
