|j|☆youssef4871
|j|☆Orepharus
|t:|1595589392
|player|p1|youssef4871|bruno|1350
|player|p2|Orepharus|rancher|1387
|teamsize|p1|6
|teamsize|p2|6
|gametype|singles
|gen|8
|tier|[Gen 8] Ubers
|rated|
|clearpoke
|poke|p1|Zacian-Crowned|
|poke|p1|Lunala|
|poke|p1|Tyranitar, M|
|poke|p1|Toxapex, F|
|poke|p1|Corviknight, F|
|poke|p1|Necrozma-Dusk-Mane|
|poke|p2|Azumarill, F|
|poke|p2|Magearna|
|poke|p2|Mewtwo|
|poke|p2|Mandibuzz, F|
|poke|p2|Dracovish|
|poke|p2|Cinderace, M|
|rule|Sleep Clause Mod: Limit one foe put to sleep
|rule|Species Clause: Limit one of each Pokémon
|rule|OHKO Clause: OHKO moves are banned
|rule|Evasion Moves Clause: Evasion moves are banned
|rule|Endless Battle Clause: Forcing endless battles is banned
|rule|HP Percentage Mod: HP is shown in percentages
|html|Ubers Dynamax Clause: Pokémon on the <a href="https://www.smogon.com/dex/ss/formats/uber/">Ubers Dynamax Banlist</a> cannot Dynamax.
|teampreview
|inactive|Battle timer is ON: inactive players will automatically lose when time's up. (requested by Orepharus)
|
|t:|1595589406
|start
|switch|p1a: Necrozma|Necrozma-Dusk-Mane|100/100
|switch|p2a: Magearna|Magearna|100/100
|turn|1
|
|t:|1595589414
|move|p1a: Necrozma|Rock Polish|p1a: Necrozma
|-boost|p1a: Necrozma|spe|2
|move|p2a: Magearna|Shift Gear|p2a: Magearna
|-boost|p2a: Magearna|spe|2
|-boost|p2a: Magearna|atk|1
|
|upkeep
|turn|2
|
|t:|1595589430
|move|p1a: Necrozma|Swords Dance|p1a: Necrozma
|-boost|p1a: Necrozma|atk|2
|move|p2a: Magearna|Calm Mind|p2a: Magearna
|-boost|p2a: Magearna|spa|1
|-boost|p2a: Magearna|spd|1
|
|upkeep
|turn|3
|
|t:|1595589439
|-start|p2a: Magearna|Dynamax
|-heal|p2a: Magearna|100/100|[silent]
|move|p1a: Necrozma|Rock Polish|p1a: Necrozma
|-boost|p1a: Necrozma|spe|2
|move|p2a: Magearna|Max Lightning|p1a: Necrozma
|-damage|p1a: Necrozma|28/100
|-fieldstart|move: Electric Terrain
|
|upkeep
|turn|4
|
|t:|1595589449
|move|p1a: Necrozma|Earthquake|p2a: Magearna
|-supereffective|p2a: Magearna
|-damage|p2a: Magearna|18/100
|-enditem|p2a: Magearna|Weakness Policy
|-boost|p2a: Magearna|atk|2|[from] item: Weakness Policy
|-boost|p2a: Magearna|spa|2|[from] item: Weakness Policy
|move|p2a: Magearna|Max Lightning|p1a: Necrozma
|-damage|p1a: Necrozma|0 fnt
|faint|p1a: Necrozma
|-ability|p2a: Magearna|Soul-Heart|boost
|-boost|p2a: Magearna|spa|1
|
|upkeep
|
|t:|1595589467
|switch|p1a: Tyranitar|Tyranitar, M|100/100
|-weather|Sandstorm|[from] ability: Sand Stream|[of] p1a: Tyranitar
|turn|5
|
|t:|1595589485
|switch|p1a: Toxapex|Toxapex, F|100/100
|move|p2a: Magearna|Max Lightning|p1a: Toxapex
|-supereffective|p1a: Toxapex
|-damage|p1a: Toxapex|0 fnt
|faint|p1a: Toxapex
|-ability|p2a: Magearna|Soul-Heart|boost
|-boost|p2a: Magearna|spa|1
|
|-weather|Sandstorm|[upkeep]
|-end|p2a: Magearna|Dynamax
|-heal|p2a: Magearna|18/100|[silent]
|upkeep
|
|t:|1595589496
|switch|p1a: Lunala|Lunala|100/100
|turn|6
|
|t:|1595589499
|move|p1a: Lunala|Moongeist Beam|p2a: Magearna
|-crit|p2a: Magearna
|-damage|p2a: Magearna|0 fnt
|faint|p2a: Magearna
|
|-weather|Sandstorm|[upkeep]
|-damage|p1a: Lunala|94/100|[from] Sandstorm
|upkeep
|
|t:|1595589505
|switch|p2a: Mandibuzz|Mandibuzz, F|100/100
|turn|7
|
|t:|1595589512
|switch|p1a: Zacian|Zacian-Crowned|100/100
|-ability|p1a: Zacian|Intrepid Sword|boost
|-boost|p1a: Zacian|atk|1
|switch|p2a: Dracovish|Dracovish|100/100
|
|-weather|Sandstorm|[upkeep]
|-damage|p2a: Dracovish|94/100|[from] Sandstorm
|-fieldend|move: Electric Terrain
|upkeep
|turn|8
|
|t:|1595589530
|move|p1a: Zacian|Play Rough|p2a: Dracovish
|-supereffective|p2a: Dracovish
|-damage|p2a: Dracovish|0 fnt
|faint|p2a: Dracovish
|
|-weather|Sandstorm|[upkeep]
|upkeep
|
|t:|1595589534
|switch|p2a: Cinderace|Cinderace, M|100/100
|turn|9
|
|t:|1595589545
|switch|p1a: Tyranitar|Tyranitar, M|100/100
|move|p2a: Cinderace|Pyro Ball|p1a: Tyranitar
|-resisted|p1a: Tyranitar
|-damage|p1a: Tyranitar|72/100
|-damage|p2a: Cinderace|91/100|[from] item: Life Orb
|
|-weather|none
|-heal|p1a: Tyranitar|78/100|[from] item: Leftovers
|upkeep
|turn|10
|
|t:|1595589557
|switch|p2a: Azumarill|Azumarill, F|100/100
|move|p1a: Tyranitar|Stealth Rock|p2a: Azumarill
|-sidestart|p2: Orepharus|move: Stealth Rock
|
|-heal|p1a: Tyranitar|84/100|[from] item: Leftovers
|upkeep
|turn|11
|
|t:|1595589565
|move|p1a: Tyranitar|Thunder Wave|p2a: Azumarill
|-status|p2a: Azumarill|par
|move|p2a: Azumarill|Belly Drum|p2a: Azumarill
|-damage|p2a: Azumarill|50/100 par
|-setboost|p2a: Azumarill|atk|6|[from] move: Belly Drum
|-enditem|p2a: Azumarill|Sitrus Berry|[eat]
|-heal|p2a: Azumarill|75/100 par|[from] item: Sitrus Berry
|
|-heal|p1a: Tyranitar|90/100|[from] item: Leftovers
|upkeep
|turn|12
|
|t:|1595589579
|move|p2a: Azumarill|Aqua Jet|p1a: Tyranitar
|-supereffective|p1a: Tyranitar
|-damage|p1a: Tyranitar|0 fnt
|faint|p1a: Tyranitar
|
|upkeep
|
|t:|1595589584
|switch|p1a: Corviknight|Corviknight, F|100/100
|-ability|p1a: Corviknight|Pressure
|turn|13
|
|t:|1595589590
|move|p1a: Corviknight|Iron Defense|p1a: Corviknight
|-boost|p1a: Corviknight|def|2
|move|p2a: Azumarill|Knock Off|p1a: Corviknight
|-damage|p1a: Corviknight|51/100
|-damage|p2a: Azumarill|59/100 par|[from] item: Rocky Helmet|[of] p1a: Corviknight
|-enditem|p1a: Corviknight|Rocky Helmet|[from] move: Knock Off|[of] p2a: Azumarill
|
|upkeep
|turn|14
|
|t:|1595589601
|move|p2a: Azumarill|Aqua Jet|p1a: Corviknight
|-damage|p1a: Corviknight|22/100
|move|p1a: Corviknight|Roost|p1a: Corviknight
|-heal|p1a: Corviknight|72/100
|-singleturn|p1a: Corviknight|move: Roost
|
|upkeep
|turn|15
|
|t:|1595589618
|switch|p2a: Mewtwo|Mewtwo|100/100
|-damage|p2a: Mewtwo|88/100|[from] Stealth Rock
|-ability|p2a: Mewtwo|Pressure
|move|p1a: Corviknight|Iron Defense|p1a: Corviknight
|-boost|p1a: Corviknight|def|2
|
|upkeep
|turn|16
|
|t:|1595589636
|move|p2a: Mewtwo|Nasty Plot|p2a: Mewtwo
|-boost|p2a: Mewtwo|spa|2
|move|p1a: Corviknight|Body Press|p2a: Mewtwo
|-resisted|p2a: Mewtwo
|-damage|p2a: Mewtwo|44/100
|
|upkeep
|turn|17
|
|t:|1595589645
|move|p2a: Mewtwo|Fire Blast|p1a: Corviknight
|-supereffective|p1a: Corviknight
|-damage|p1a: Corviknight|0 fnt
|faint|p1a: Corviknight
|
|upkeep
|
|t:|1595589654
|switch|p1a: Zacian|Zacian-Crowned|100/100
|-ability|p1a: Zacian|Intrepid Sword|boost
|-boost|p1a: Zacian|atk|1
|turn|18
|
|t:|1595589666
|move|p1a: Zacian|Behemoth Blade|p2a: Mewtwo
|-damage|p2a: Mewtwo|0 fnt
|faint|p2a: Mewtwo
|
|upkeep
|
|t:|1595589669
|switch|p2a: Cinderace|Cinderace, M|91/100
|-damage|p2a: Cinderace|66/100|[from] Stealth Rock
|turn|19
|
|t:|1595589673
|move|p1a: Zacian|Close Combat|p2a: Cinderace
|-damage|p2a: Cinderace|0 fnt
|-unboost|p1a: Zacian|def|1
|-unboost|p1a: Zacian|spd|1
|faint|p2a: Cinderace
|
|upkeep
|
|t:|1595589681
|switch|p2a: Mandibuzz|Mandibuzz, F|100/100
|turn|20
|
|t:|1595589684
|move|p1a: Zacian|Play Rough|p2a: Mandibuzz
|-supereffective|p2a: Mandibuzz
|-damage|p2a: Mandibuzz|0 fnt
|faint|p2a: Mandibuzz
|
|upkeep
|
|t:|1595589689
|switch|p2a: Azumarill|Azumarill, F|59/100 par
|-damage|p2a: Azumarill|47/100 par|[from] Stealth Rock
|turn|21
|
|t:|1595589693
|move|p2a: Azumarill|Aqua Jet|p1a: Zacian
|-damage|p1a: Zacian|65/100
|move|p1a: Zacian|Behemoth Blade|p2a: Azumarill
|-damage|p2a: Azumarill|0 fnt
|faint|p2a: Azumarill
|
|win|youssef4871
|raw|youssef4871's rating: 1350 &rarr; <strong>1372</strong><br />(+22 for winning)
|raw|Orepharus's rating: 1387 &rarr; <strong>1365</strong><br />(-22 for losing)
|c|☆Orepharus|gg
|c|☆youssef4871|gg
