|j|☆GagagA925474
|j|☆Na-K-ATPase
|player|p1|GagagA925474|102|1379
|player|p2|Na-K-ATPase|266|1535
|teamsize|p1|6
|teamsize|p2|6
|gametype|singles
|gen|8
|tier|[Gen 8] Ubers
|rated|
|clearpoke
|poke|p1|Marshadow|
|poke|p1|Clefable, M|
|poke|p1|Eternatus|
|poke|p1|Melmetal|
|poke|p1|Quagsire, F|
|poke|p1|Necrozma-Dawn-Wings|
|poke|p2|Dugtrio, M|
|poke|p2|Kommo-o, M|
|poke|p2|Melmetal|
|poke|p2|Lunala|
|poke|p2|Necrozma-Dusk-Mane|
|poke|p2|Zeraora|
|rule|Sleep Clause Mod: Limit one foe put to sleep
|rule|Species Clause: Limit one of each Pokémon
|rule|OHKO Clause: OHKO moves are banned
|rule|Evasion Moves Clause: Evasion moves are banned
|rule|Endless Battle Clause: Forcing endless battles is banned
|rule|HP Percentage Mod: HP is shown in percentages
|html|Ubers Dynamax Clause: Pokémon on the <a href="https://www.smogon.com/dex/ss/formats/uber/">Ubers Dynamax Banlist</a> cannot Dynamax.
|teampreview
|
|start
|switch|p1a: Melmetal|Melmetal|100/100
|switch|p2a: Dugtrio|Dugtrio, M|100/100
|turn|1
|
|move|p2a: Dugtrio|Stealth Rock|p1a: Melmetal
|-sidestart|p1: GagagA925474|move: Stealth Rock
|move|p1a: Melmetal|Double Iron Bash|p2a: Dugtrio
|-enditem|p2a: Dugtrio|Focus Sash
|-damage|p2a: Dugtrio|1/100
|-damage|p2a: Dugtrio|0 fnt
|-hitcount|p2a: Dugtrio|2
|faint|p2a: Dugtrio
|
|upkeep
|
|switch|p2a: Lunala|Lunala|100/100
|turn|2
|
|switch|p1a: Clefable|Clefable, M|100/100
|move|p2a: Lunala|Will-O-Wisp|p1a: Clefable
|-status|p1a: Clefable|brn
|
|upkeep
|turn|3
|
|move|p1a: Clefable|Protect|p1a: Clefable
|-singleturn|p1a: Clefable|Protect
|move|p2a: Lunala|Moongeist Beam|p1a: Clefable
|-activate|p1a: Clefable|move: Protect
|
|upkeep
|turn|4
|
|move|p2a: Lunala|Moongeist Beam|p1a: Clefable
|-damage|p1a: Clefable|63/100 brn
|move|p1a: Clefable|Wish|p1a: Clefable
|
|-heal|p1a: Clefable|69/100 brn|[from] item: Leftovers
|upkeep
|turn|5
|
|switch|p2a: Melmetal|Melmetal|100/100
|move|p1a: Clefable|Protect||[still]
|-fail|p1a: Clefable
|
|-heal|p1a: Clefable|100/100 brn|[from] move: Wish|[wisher] Clefable
|upkeep
|turn|6
|
|switch|p1a: Melmetal|Melmetal|100/100
|-damage|p1a: Melmetal|94/100|[from] Stealth Rock
|switch|p2a: Necrozma|Necrozma-Dusk-Mane|100/100
|
|upkeep
|turn|7
|
|switch|p1a: Quagsire|Quagsire, F|100/100
|-damage|p1a: Quagsire|94/100|[from] Stealth Rock
|move|p2a: Necrozma|Autotomize|p2a: Necrozma
|-boost|p2a: Necrozma|spe|2
|-start|p2a: Necrozma|Autotomize
|
|-heal|p1a: Quagsire|100/100|[from] item: Leftovers
|upkeep
|turn|8
|
|move|p2a: Necrozma|Knock Off|p1a: Quagsire
|-damage|p1a: Quagsire|80/100
|-enditem|p1a: Quagsire|Leftovers|[from] move: Knock Off|[of] p2a: Necrozma
|move|p1a: Quagsire|Earthquake|p2a: Necrozma
|-supereffective|p2a: Necrozma
|-damage|p2a: Necrozma|64/100
|-enditem|p2a: Necrozma|Weakness Policy
|-boost|p2a: Necrozma|atk|2|[from] item: Weakness Policy
|-boost|p2a: Necrozma|spa|2|[from] item: Weakness Policy
|
|upkeep
|turn|9
|
|move|p2a: Necrozma|Psychic|p1a: Quagsire
|-damage|p1a: Quagsire|32/100
|move|p1a: Quagsire|Earthquake|p2a: Necrozma
|-supereffective|p2a: Necrozma
|-damage|p2a: Necrozma|30/100
|
|upkeep
|turn|10
|
|move|p2a: Necrozma|Psychic|p1a: Quagsire
|-damage|p1a: Quagsire|0 fnt
|faint|p1a: Quagsire
|
|upkeep
|
|switch|p1a: Necrozma-Dawn-Wing|Necrozma-Dawn-Wings|100/100
|-damage|p1a: Necrozma-Dawn-Wing|88/100|[from] Stealth Rock
|turn|11
|
|move|p2a: Necrozma|Knock Off|p1a: Necrozma-Dawn-Wing
|-supereffective|p1a: Necrozma-Dawn-Wing
|-damage|p1a: Necrozma-Dawn-Wing|0 fnt
|-enditem|p1a: Necrozma-Dawn-Wing|Life Orb|[from] move: Knock Off|[of] p2a: Necrozma
|faint|p1a: Necrozma-Dawn-Wing
|
|upkeep
|
|switch|p1a: Marshadow|Marshadow|100/100
|-damage|p1a: Marshadow|94/100|[from] Stealth Rock
|turn|12
|
|move|p1a: Marshadow|Shadow Sneak|p2a: Necrozma
|-supereffective|p2a: Necrozma
|-damage|p2a: Necrozma|0 fnt
|faint|p2a: Necrozma
|
|upkeep
|
|switch|p2a: Melmetal|Melmetal|100/100
|turn|13
|
|switch|p1a: Melmetal|Melmetal|94/100
|-damage|p1a: Melmetal|88/100|[from] Stealth Rock
|move|p2a: Melmetal|Double Iron Bash|p1a: Melmetal
|-resisted|p1a: Melmetal
|-damage|p1a: Melmetal|78/100
|-resisted|p1a: Melmetal
|-damage|p1a: Melmetal|67/100
|-hitcount|p1a: Melmetal|2
|
|upkeep
|turn|14
|
|switch|p2a: Lunala|Lunala|100/100
|move|p1a: Melmetal|Double Iron Bash|p2a: Lunala
|-crit|p2a: Lunala
|-damage|p2a: Lunala|63/100
|-damage|p2a: Lunala|11/100
|-hitcount|p2a: Lunala|2
|
|upkeep
|turn|15
|
|switch|p1a: Clefable|Clefable, M|100/100 brn
|move|p2a: Lunala|Will-O-Wisp|p1a: Clefable
|-fail|p1a: Clefable|brn
|
|upkeep
|turn|16
|
|move|p1a: Clefable|Moonblast|p2a: Lunala
|-damage|p2a: Lunala|0 fnt
|faint|p2a: Lunala
|
|upkeep
|
|switch|p2a: Melmetal|Melmetal|100/100
|turn|17
|
|-start|p2a: Melmetal|Dynamax
|-heal|p2a: Melmetal|100/100|[silent]
|move|p1a: Clefable|Protect|p1a: Clefable
|-singleturn|p1a: Clefable|Protect
|move|p2a: Melmetal|Max Steelspike|p1a: Clefable
|-supereffective|p1a: Clefable
|-zbroken|p1a: Clefable
|-damage|p1a: Clefable|54/100 brn
|-boost|p2a: Melmetal|def|1
|
|-heal|p1a: Clefable|60/100 brn|[from] item: Leftovers
|upkeep
|turn|18
|
|move|p1a: Clefable|Protect||[still]
|-fail|p1a: Clefable
|move|p2a: Melmetal|Max Steelspike|p1a: Clefable
|-supereffective|p1a: Clefable
|-damage|p1a: Clefable|0 fnt
|-boost|p2a: Melmetal|def|1
|faint|p1a: Clefable
|
|upkeep
|
|switch|p1a: Eternatus|Eternatus|100/100
|-damage|p1a: Eternatus|88/100|[from] Stealth Rock
|-ability|p1a: Eternatus|Pressure
|turn|19
|
|move|p1a: Eternatus|Dynamax Cannon|p2a: Melmetal
|-resisted|p2a: Melmetal
|-damage|p2a: Melmetal|83/100
|move|p2a: Melmetal|Max Quake|p1a: Eternatus
|-supereffective|p1a: Eternatus
|-damage|p1a: Eternatus|0 fnt
|-boost|p2a: Melmetal|spd|1
|faint|p1a: Eternatus
|
|-end|p2a: Melmetal|Dynamax
|-heal|p2a: Melmetal|83/100|[silent]
|upkeep
|
|switch|p1a: Marshadow|Marshadow|94/100
|-damage|p1a: Marshadow|88/100|[from] Stealth Rock
|turn|20
|
|move|p1a: Marshadow|Spectral Thief||[still]
|-clearpositiveboost|p2a: Melmetal|p1a: Marshadow|move: Spectral Thief
|-boost|p1a: Marshadow|def|2
|-boost|p1a: Marshadow|spd|1
|-anim|p1a: Marshadow|Spectral Thief|p2a: Melmetal
|-damage|p2a: Melmetal|56/100
|move|p2a: Melmetal|Double Iron Bash|p1a: Marshadow
|-damage|p1a: Marshadow|60/100
|-damage|p1a: Marshadow|30/100
|-hitcount|p1a: Marshadow|2
|
|upkeep
|turn|21
|
|move|p1a: Marshadow|Close Combat|p2a: Melmetal
|-supereffective|p2a: Melmetal
|-damage|p2a: Melmetal|0 fnt
|-unboost|p1a: Marshadow|def|1
|-unboost|p1a: Marshadow|spd|1
|faint|p2a: Melmetal
|
|upkeep
|
|switch|p2a: Kommo-o|Kommo-o, M|100/100
|turn|22
|
|move|p1a: Marshadow|Close Combat|p2a: Kommo-o
|-damage|p2a: Kommo-o|43/100
|-unboost|p1a: Marshadow|def|1
|-unboost|p1a: Marshadow|spd|1
|move|p2a: Kommo-o|Clanging Scales|p1a: Marshadow
|-damage|p1a: Marshadow|0 fnt
|-unboost|p2a: Kommo-o|def|1
|-enditem|p2a: Kommo-o|Throat Spray
|-boost|p2a: Kommo-o|spa|1|[from] item: Throat Spray
|faint|p1a: Marshadow
|
|upkeep
|
|switch|p1a: Melmetal|Melmetal|67/100
|-damage|p1a: Melmetal|61/100|[from] Stealth Rock
|turn|23
|
|-start|p1a: Melmetal|Dynamax
|-heal|p1a: Melmetal|61/100|[silent]
|move|p2a: Kommo-o|Flamethrower|p1a: Melmetal
|-supereffective|p1a: Melmetal
|-damage|p1a: Melmetal|12/100
|move|p1a: Melmetal|Max Steelspike|p2a: Kommo-o
|-damage|p2a: Kommo-o|0 fnt
|-boost|p1a: Melmetal|def|1
|faint|p2a: Kommo-o
|
|upkeep
|
|switch|p2a: Zeraora|Zeraora|100/100
|turn|24
|
|move|p2a: Zeraora|Plasma Fists|p1a: Melmetal
|-damage|p1a: Melmetal|4/100
|-fieldactivate|move: Ion Deluge
|move|p1a: Melmetal|Max Quake|p2a: Zeraora
|-supereffective|p2a: Zeraora
|-damage|p2a: Zeraora|0 fnt
|-boost|p1a: Melmetal|spd|1
|faint|p2a: Zeraora
|
|win|GagagA925474
|l|☆Na-K-ATPase
|c|☆GagagA925474|ggggggg
||Ladder (probably) updated, but score could not be retrieved (Response not received).
