|j|☆GG Khushu
|j|☆Ryriss
|t:|1645194927
|gametype|singles
|player|p1|GG Khushu|265|1224
|player|p2|Ryriss|hilbert|1463
|teamsize|p1|6
|teamsize|p2|6
|gen|8
|tier|[Gen 8] Ubers
|rated|
|rule|Sleep Clause Mod: Limit one foe put to sleep
|rule|Species Clause: Limit one of each Pokémon
|rule|OHKO Clause: OHKO moves are banned
|rule|Evasion Moves Clause: Evasion moves are banned
|rule|Endless Battle Clause: Forcing endless battles is banned
|rule|HP Percentage Mod: HP is shown in percentages
|rule|Dynamax Clause: You cannot dynamax
|clearpoke
|poke|p1|Yveltal|
|poke|p1|Eternatus|
|poke|p1|Necrozma-Dusk-Mane|
|poke|p1|Xerneas-*|
|poke|p1|Marshadow|
|poke|p1|Pheromosa|
|poke|p2|Giratina-Origin|
|poke|p2|Groudon|
|poke|p2|Genesect|
|poke|p2|Kyurem-Black|
|poke|p2|Lugia|
|poke|p2|Yveltal|
|teampreview
|inactive|Battle timer is ON: inactive players will automatically lose when time's up. (requested by Ryriss)
|c|☆GG Khushu|gl hf
|inactive|GG Khushu has 120 seconds left.
|
|t:|1645194958
|start
|switch|p1a: Pheromosa|Pheromosa|100/100
|switch|p2a: Lugia|Lugia|100/100
|-ability|p2a: Lugia|Pressure
|turn|1
|
|t:|1645194967
|move|p1a: Pheromosa|U-turn|p2a: Lugia
|-damage|p2a: Lugia|76/100
|
|t:|1645194972
|switch|p1a: Yveltal|Yveltal|100/100|[from]move: U-turn
|-ability|p1a: Yveltal|Dark Aura
|move|p2a: Lugia|Thunder Wave|p1a: Yveltal
|-status|p1a: Yveltal|par
|
|upkeep
|turn|2
|
|t:|1645194982
|move|p2a: Lugia|Reflect|p2a: Lugia
|-sidestart|p2: Ryriss|Reflect
|move|p1a: Yveltal|Dark Pulse|p2a: Lugia
|-supereffective|p2a: Lugia
|-damage|p2a: Lugia|12/100
|
|upkeep
|turn|3
|
|t:|1645194990
|move|p2a: Lugia|Light Screen|p2a: Lugia
|-sidestart|p2: Ryriss|move: Light Screen
|move|p1a: Yveltal|Dark Pulse|p2a: Lugia
|-supereffective|p2a: Lugia
|-damage|p2a: Lugia|0 fnt
|faint|p2a: Lugia
|
|upkeep
|
|t:|1645195000
|switch|p2a: Groudon|Groudon|100/100
|-weather|SunnyDay|[from] ability: Drought|[of] p2a: Groudon
|turn|4
|
|t:|1645195006
|move|p2a: Groudon|Rock Polish|p2a: Groudon
|-boost|p2a: Groudon|spe|2
|cant|p1a: Yveltal|par
|
|-weather|SunnyDay|[upkeep]
|upkeep
|turn|5
|
|t:|1645195015
|move|p2a: Groudon|Swords Dance|p2a: Groudon
|-boost|p2a: Groudon|atk|2
|move|p1a: Yveltal|U-turn|p2a: Groudon
|-damage|p2a: Groudon|94/100
|
|t:|1645195026
|switch|p1a: Marshadow|Marshadow|100/100|[from]move: U-turn
|
|-weather|SunnyDay|[upkeep]
|upkeep
|turn|6
|
|t:|1645195032
|switch|p2a: Yveltal|Yveltal|100/100
|-ability|p2a: Yveltal|Dark Aura
|move|p1a: Marshadow|Spectral Thief|p2a: Yveltal
|-resisted|p2a: Yveltal
|-damage|p2a: Yveltal|90/100
|
|-weather|SunnyDay|[upkeep]
|upkeep
|turn|7
|
|t:|1645195043
|switch|p1a: Yveltal|Yveltal|100/100 par
|-ability|p1a: Yveltal|Dark Aura
|move|p2a: Yveltal|Oblivion Wing|p1a: Yveltal
|-damage|p1a: Yveltal|80/100 par
|-heal|p2a: Yveltal|100/100|[from] drain|[of] p1a: Yveltal
|
|-weather|SunnyDay|[upkeep]
|upkeep
|turn|8
|
|t:|1645195057
|move|p2a: Yveltal|Oblivion Wing|p1a: Yveltal
|-damage|p1a: Yveltal|56/100 par
|move|p1a: Yveltal|U-turn|p2a: Yveltal
|-damage|p2a: Yveltal|93/100
|
|t:|1645195062
|switch|p1a: Xerneas|Xerneas|100/100|[from]move: U-turn
|-ability|p1a: Xerneas|Fairy Aura
|
|-weather|none
|upkeep
|turn|9
|
|t:|1645195073
|move|p2a: Yveltal|Oblivion Wing|p1a: Xerneas
|-damage|p1a: Xerneas|59/100
|-heal|p2a: Yveltal|100/100|[from] drain|[of] p1a: Xerneas
|move|p1a: Xerneas|Geomancy||[still]
|-prepare|p1a: Xerneas|Geomancy
|-enditem|p1a: Xerneas|Power Herb
|-anim|p1a: Xerneas|Geomancy|p1a: Xerneas
|-boost|p1a: Xerneas|spa|2
|-boost|p1a: Xerneas|spd|2
|-boost|p1a: Xerneas|spe|2
|
|-sideend|p2: Ryriss|Reflect
|upkeep
|turn|10
|
|t:|1645195087
|move|p2a: Yveltal|Sucker Punch|p1a: Xerneas
|-resisted|p1a: Xerneas
|-damage|p1a: Xerneas|46/100
|move|p1a: Xerneas|Moonblast|p2a: Yveltal
|-supereffective|p2a: Yveltal
|-damage|p2a: Yveltal|0 fnt
|faint|p2a: Yveltal
|
|-sideend|p2: Ryriss|move: Light Screen
|upkeep
|
|t:|1645195099
|switch|p2a: Genesect|Genesect, shiny|100/100
|-ability|p2a: Genesect|Download|boost
|-boost|p2a: Genesect|atk|1
|turn|11
|
|t:|1645195113
|move|p1a: Xerneas|Focus Blast|p2a: Genesect
|-damage|p2a: Genesect|11/100
|move|p2a: Genesect|Shift Gear|p2a: Genesect
|-boost|p2a: Genesect|spe|2
|-boost|p2a: Genesect|atk|1
|
|upkeep
|turn|12
|
|t:|1645195120
|move|p2a: Genesect|Iron Head|p1a: Xerneas
|-supereffective|p1a: Xerneas
|-damage|p1a: Xerneas|0 fnt
|faint|p1a: Xerneas
|
|upkeep
|
|t:|1645195125
|switch|p1a: Marshadow|Marshadow|100/100
|turn|13
|
|t:|1645195132
|move|p2a: Genesect|Iron Head|p1a: Marshadow
|-damage|p1a: Marshadow|13/100
|move|p1a: Marshadow|Spectral Thief||[still]
|-clearpositiveboost|p2a: Genesect|p1a: Marshadow|move: Spectral Thief
|-boost|p1a: Marshadow|atk|2
|-boost|p1a: Marshadow|spe|2
|-anim|p1a: Marshadow|Spectral Thief|p2a: Genesect
|-damage|p2a: Genesect|0 fnt
|faint|p2a: Genesect
|
|upkeep
|
|t:|1645195155
|switch|p2a: Groudon|Groudon|94/100
|-weather|SunnyDay|[from] ability: Drought|[of] p2a: Groudon
|turn|14
|-message|Ryriss forfeited.
|
|win|GG Khushu
|raw|GG Khushu's rating: 1224 &rarr; <strong>1264</strong><br />(+40 for winning)
|raw|Ryriss's rating: 1463 &rarr; <strong>1431</strong><br />(-32 for losing)
|l|☆Ryriss
||Ladder isn't responding, score probably updated but might not have (Request timeout).
