|j|☆4125al41
|j|☆KeldeoCrowned
|t:|1650739015
|gametype|singles
|player|p1|4125al41|steven|
|player|p2|KeldeoCrowned|#ptpl3medicham|
|teamsize|p1|6
|teamsize|p2|6
|gen|8
|tier|[Gen 8] Ubers
|rated|Tournament battle
|rule|Sleep Clause Mod: Limit one foe put to sleep
|rule|Species Clause: Limit one of each Pokémon
|rule|OHKO Clause: OHKO moves are banned
|rule|Evasion Moves Clause: Evasion moves are banned
|rule|Endless Battle Clause: Forcing endless battles is banned
|rule|HP Percentage Mod: HP is shown in percentages
|rule|Dynamax Clause: You cannot dynamax
|clearpoke
|poke|p1|Marshadow|
|poke|p1|Eternatus|
|poke|p1|Calyrex-Shadow|
|poke|p1|Ho-Oh|
|poke|p1|Groudon|
|poke|p1|Xerneas-*|
|poke|p2|Xerneas-*|
|poke|p2|Magnezone|
|poke|p2|Eternatus|
|poke|p2|Yveltal|
|poke|p2|Necrozma-Dusk-Mane|
|poke|p2|Calyrex-Shadow|
|teampreview
|
|t:|1650739040
|start
|switch|p1a: Calyrex|Calyrex-Shadow|100/100
|switch|p2a: Calyrex|Calyrex-Shadow|100/100
|-ability|p2a: Calyrex|As One
|-ability|p2a: Calyrex|Unnerve
|-ability|p1a: Calyrex|As One
|-ability|p1a: Calyrex|Unnerve
|turn|1
|
|t:|1650739047
|switch|p1a: Ho-Oh|Ho-Oh|100/100
|switch|p2a: Yveltal|Yveltal|100/100
|-ability|p2a: Yveltal|Dark Aura
|
|upkeep
|turn|2
|
|t:|1650739051
|switch|p2a: Eternatus|Eternatus|100/100
|-ability|p2a: Eternatus|Pressure
|switch|p1a: Groudon|Groudon|100/100
|-weather|SunnyDay|[from] ability: Drought|[of] p1a: Groudon
|
|-weather|SunnyDay|[upkeep]
|upkeep
|turn|3
|
|t:|1650739066
|move|p2a: Eternatus|Toxic|p1a: Groudon
|-status|p1a: Groudon|tox
|move|p1a: Groudon|Thunder Wave|p2a: Eternatus
|-status|p2a: Eternatus|par
|
|-weather|SunnyDay|[upkeep]
|-damage|p1a: Groudon|94/100 tox|[from] psn
|upkeep
|turn|4
|
|t:|1650739071
|switch|p2a: Yveltal|Yveltal|100/100
|-ability|p2a: Yveltal|Dark Aura
|move|p1a: Groudon|Stealth Rock|p2a: Yveltal
|-sidestart|p2: KeldeoCrowned|move: Stealth Rock
|
|-weather|SunnyDay|[upkeep]
|-heal|p1a: Groudon|100/100 tox|[from] item: Leftovers
|-damage|p1a: Groudon|88/100 tox|[from] psn
|upkeep
|turn|5
|
|t:|1650739081
|switch|p1a: Eternatus|Eternatus|100/100
|-ability|p1a: Eternatus|Pressure
|move|p2a: Yveltal|U-turn|p1a: Eternatus
|-resisted|p1a: Eternatus
|-damage|p1a: Eternatus|92/100
|
|t:|1650739089
|switch|p2a: Calyrex|Calyrex-Shadow|100/100|[from]move: U-turn
|-ability|p2a: Calyrex|As One
|-ability|p2a: Calyrex|Unnerve
|-damage|p2a: Calyrex|88/100|[from] Stealth Rock
|
|-weather|SunnyDay|[upkeep]
|upkeep
|turn|6
|
|t:|1650739091
|switch|p1a: Xerneas|Xerneas|100/100
|-ability|p1a: Xerneas|Fairy Aura
|move|p2a: Calyrex|Psyshock|p1a: Xerneas
|-damage|p1a: Xerneas|30/100
|
|-weather|none
|upkeep
|turn|7
|
|t:|1650739094
|move|p1a: Xerneas|Night Slash|p2a: Calyrex
|-supereffective|p2a: Calyrex
|-damage|p2a: Calyrex|0 fnt
|faint|p2a: Calyrex
|
|upkeep
|c|☆KeldeoCrowned|WTF
|
|t:|1650739104
|switch|p2a: Xerneas|Xerneas|100/100
|-damage|p2a: Xerneas|88/100|[from] Stealth Rock
|-ability|p2a: Xerneas|Fairy Aura
|turn|8
|
|t:|1650739125
|switch|p1a: Ho-Oh|Ho-Oh|100/100
|move|p2a: Xerneas|Thunder|p1a: Ho-Oh
|-supereffective|p1a: Ho-Oh
|-damage|p1a: Ho-Oh|58/100
|
|upkeep
|turn|9
|inactive|Battle timer is ON: inactive players will automatically lose when time's up. (requested by KeldeoCrowned)
|
|t:|1650739210
|move|p2a: Xerneas|Thunder|p1a: Ho-Oh|[miss]
|-miss|p2a: Xerneas|p1a: Ho-Oh
|move|p1a: Ho-Oh|Roost|p1a: Ho-Oh
|-heal|p1a: Ho-Oh|100/100
|-singleturn|p1a: Ho-Oh|move: Roost
|
|upkeep
|turn|10
|
|t:|1650739215
|move|p2a: Xerneas|Thunder|p1a: Ho-Oh|[miss]
|-miss|p2a: Xerneas|p1a: Ho-Oh
|move|p1a: Ho-Oh|Sacred Fire|p2a: Xerneas
|-damage|p2a: Xerneas|51/100
|-status|p2a: Xerneas|brn
|
|-damage|p2a: Xerneas|45/100 brn|[from] brn
|upkeep
|turn|11
|
|t:|1650739222
|switch|p2a: Eternatus|Eternatus|100/100 par
|-damage|p2a: Eternatus|88/100 par|[from] Stealth Rock
|-ability|p2a: Eternatus|Pressure
|switch|p1a: Groudon|Groudon|88/100 tox
|-weather|SunnyDay|[from] ability: Drought|[of] p1a: Groudon
|
|-weather|SunnyDay|[upkeep]
|-heal|p1a: Groudon|94/100 tox|[from] item: Leftovers
|-heal|p2a: Eternatus|94/100 par|[from] item: Black Sludge
|-damage|p1a: Groudon|88/100 tox|[from] psn
|upkeep
|turn|12
|
|t:|1650739226
|switch|p2a: Yveltal|Yveltal|100/100
|-ability|p2a: Yveltal|Dark Aura
|move|p1a: Groudon|Precipice Blades|p2a: Yveltal
|-immune|p2a: Yveltal
|
|-weather|SunnyDay|[upkeep]
|-heal|p1a: Groudon|94/100 tox|[from] item: Leftovers
|-damage|p1a: Groudon|82/100 tox|[from] psn
|upkeep
|turn|13
|
|t:|1650739230
|move|p2a: Yveltal|U-turn|p1a: Groudon
|-damage|p1a: Groudon|72/100 tox
|
|t:|1650739235
|switch|p2a: Eternatus|Eternatus|94/100 par|[from]move: U-turn
|-damage|p2a: Eternatus|82/100 par|[from] Stealth Rock
|-ability|p2a: Eternatus|Pressure
|move|p1a: Groudon|Stone Edge|p2a: Eternatus
|-damage|p2a: Eternatus|58/100 par
|
|-weather|SunnyDay|[upkeep]
|-heal|p1a: Groudon|78/100 tox|[from] item: Leftovers
|-heal|p2a: Eternatus|64/100 par|[from] item: Black Sludge
|-damage|p1a: Groudon|59/100 tox|[from] psn
|upkeep
|turn|14
|
|t:|1650739245
|move|p1a: Groudon|Stone Edge|p2a: Eternatus
|-damage|p2a: Eternatus|39/100 par
|move|p2a: Eternatus|Recover|p2a: Eternatus
|-heal|p2a: Eternatus|89/100 par
|
|-weather|SunnyDay|[upkeep]
|-heal|p1a: Groudon|66/100 tox|[from] item: Leftovers
|-heal|p2a: Eternatus|95/100 par|[from] item: Black Sludge
|-damage|p1a: Groudon|41/100 tox|[from] psn
|upkeep
|turn|15
|
|t:|1650739250
|switch|p1a: Calyrex|Calyrex-Shadow|100/100
|-ability|p1a: Calyrex|As One
|-ability|p1a: Calyrex|Unnerve
|switch|p2a: Yveltal|Yveltal|100/100
|-ability|p2a: Yveltal|Dark Aura
|
|-weather|none
|upkeep
|turn|16
|
|t:|1650739256
|switch|p1a: Ho-Oh|Ho-Oh|100/100
|move|p2a: Yveltal|Defog|p1a: Ho-Oh
|-unboost|p1a: Ho-Oh|evasion|1
|-sideend|p2: KeldeoCrowned|Stealth Rock|[from] move: Defog|[of] p2a: Yveltal
|
|upkeep
|turn|17
|
|t:|1650739264
|switch|p1a: Calyrex|Calyrex-Shadow|100/100
|-ability|p1a: Calyrex|As One
|-ability|p1a: Calyrex|Unnerve
|move|p2a: Yveltal|U-turn|p1a: Calyrex
|-damage|p1a: Calyrex|76/100
|
|t:|1650739270
|switch|p2a: Necrozma|Necrozma-Dusk-Mane|100/100|[from]move: U-turn
|
|upkeep
|turn|18
|
|t:|1650739273
|switch|p2a: Yveltal|Yveltal|100/100
|-ability|p2a: Yveltal|Dark Aura
|move|p1a: Calyrex|Trick|p2a: Yveltal
|-activate|p1a: Calyrex|move: Trick|[of] p2a: Yveltal
|-item|p2a: Yveltal|Choice Specs|[from] move: Trick
|-item|p1a: Calyrex|Heavy-Duty Boots|[from] move: Trick
|
|upkeep
|turn|19
|
|t:|1650739278
|switch|p1a: Ho-Oh|Ho-Oh|100/100
|move|p2a: Yveltal|U-turn|p1a: Ho-Oh
|-resisted|p1a: Ho-Oh
|-damage|p1a: Ho-Oh|96/100
|
|t:|1650739288
|switch|p2a: Eternatus|Eternatus|95/100 par|[from]move: U-turn
|-ability|p2a: Eternatus|Pressure
|
|-heal|p2a: Eternatus|100/100 par|[from] item: Black Sludge
|upkeep
|turn|20
|
|t:|1650739294
|switch|p1a: Eternatus|Eternatus|92/100
|-ability|p1a: Eternatus|Pressure
|move|p2a: Eternatus|Dynamax Cannon|p1a: Eternatus
|-supereffective|p1a: Eternatus
|-damage|p1a: Eternatus|9/100
|
|upkeep
|turn|21
|
|t:|1650739298
|switch|p1a: Groudon|Groudon|41/100 tox
|-weather|SunnyDay|[from] ability: Drought|[of] p1a: Groudon
|switch|p2a: Necrozma|Necrozma-Dusk-Mane|100/100
|
|-weather|SunnyDay|[upkeep]
|-heal|p1a: Groudon|47/100 tox|[from] item: Leftovers
|-damage|p1a: Groudon|41/100 tox|[from] psn
|upkeep
|turn|22
|
|t:|1650739306
|move|p1a: Groudon|Stealth Rock|p2a: Necrozma
|-sidestart|p2: KeldeoCrowned|move: Stealth Rock
|move|p2a: Necrozma|Sunsteel Strike|p1a: Groudon
|-damage|p1a: Groudon|15/100 tox
|
|-weather|SunnyDay|[upkeep]
|-heal|p1a: Groudon|22/100 tox|[from] item: Leftovers
|-damage|p1a: Groudon|9/100 tox|[from] psn
|upkeep
|turn|23
|
|t:|1650739314
|move|p1a: Groudon|Thunder Wave|p2a: Necrozma
|-status|p2a: Necrozma|par
|cant|p2a: Necrozma|par
|
|-weather|SunnyDay|[upkeep]
|-heal|p1a: Groudon|15/100 tox|[from] item: Leftovers
|-damage|p1a: Groudon|0 fnt|[from] psn
|faint|p1a: Groudon
|upkeep
|
|t:|1650739321
|switch|p1a: Eternatus|Eternatus|9/100
|-ability|p1a: Eternatus|Pressure
|turn|24
|
|t:|1650739326
|move|p1a: Eternatus|Flamethrower|p2a: Necrozma
|-supereffective|p2a: Necrozma
|-damage|p2a: Necrozma|54/100 par
|cant|p2a: Necrozma|par
|
|-weather|SunnyDay|[upkeep]
|-heal|p2a: Necrozma|60/100 par|[from] item: Leftovers
|upkeep
|turn|25
|
|t:|1650739330
|move|p1a: Eternatus|Meteor Beam||[still]
|-prepare|p1a: Eternatus|Meteor Beam
|-boost|p1a: Eternatus|spa|1
|-enditem|p1a: Eternatus|Power Herb
|-anim|p1a: Eternatus|Meteor Beam|p2a: Necrozma
|-resisted|p2a: Necrozma
|-damage|p2a: Necrozma|39/100 par
|cant|p2a: Necrozma|par
|
|-weather|none
|-heal|p2a: Necrozma|45/100 par|[from] item: Leftovers
|upkeep
|turn|26
|
|t:|1650739334
|move|p1a: Eternatus|Flamethrower|p2a: Necrozma
|-supereffective|p2a: Necrozma
|-damage|p2a: Necrozma|0 fnt
|faint|p2a: Necrozma
|
|upkeep
|
|t:|1650739347
|switch|p2a: Yveltal|Yveltal|100/100
|-damage|p2a: Yveltal|76/100|[from] Stealth Rock
|-ability|p2a: Yveltal|Dark Aura
|turn|27
|
|t:|1650739350
|move|p1a: Eternatus|Recover|p1a: Eternatus
|-heal|p1a: Eternatus|59/100
|move|p2a: Yveltal|Foul Play|p1a: Eternatus
|-damage|p1a: Eternatus|35/100
|
|upkeep
|turn|28
|-message|KeldeoCrowned forfeited.
|
|win|4125al41
|n|☆4125al41|4125al41
|n|☆KeldeoCrowned|keldeocrowned
