|j|☆Joestarz11
|j|☆crabbyink
|t:|1650032144
|gametype|singles
|player|p1|Joestarz11|101|1243
|player|p2|crabbyink|benga|1312
|teamsize|p1|6
|teamsize|p2|6
|gen|8
|tier|[Gen 8] Ubers
|rated|
|rule|Sleep Clause Mod: Limit one foe put to sleep
|rule|Species Clause: Limit one of each Pokémon
|rule|OHKO Clause: OHKO moves are banned
|rule|Evasion Moves Clause: Evasion moves are banned
|rule|Endless Battle Clause: Forcing endless battles is banned
|rule|HP Percentage Mod: HP is shown in percentages
|rule|Dynamax Clause: You cannot dynamax
|clearpoke
|poke|p1|Weavile, F|
|poke|p1|Aerodactyl, F|
|poke|p1|Calyrex-Shadow|
|poke|p1|Necrozma-Dusk-Mane|
|poke|p1|Kyogre|
|poke|p1|Yveltal|
|poke|p2|Urshifu-*, M|
|poke|p2|Necrozma-Dusk-Mane|
|poke|p2|Calyrex-Ice|
|poke|p2|Kyogre|
|poke|p2|Landorus-Therian, M|
|poke|p2|Lunala|
|teampreview
|c|☆crabbyink|hi
|
|t:|1650032151
|start
|switch|p1a: Aerodactyl|Aerodactyl, F|100/100
|switch|p2a: Landorus|Landorus-Therian, M|100/100
|-ability|p1a: Aerodactyl|Unnerve
|-ability|p2a: Landorus|Intimidate|boost
|-unboost|p1a: Aerodactyl|atk|1
|turn|1
|
|t:|1650032159
|move|p1a: Aerodactyl|Taunt|p2a: Landorus
|-start|p2a: Landorus|move: Taunt
|cant|p2a: Landorus|move: Taunt|Defog
|
|upkeep
|turn|2
|c|☆crabbyink|oof
|
|t:|1650032179
|move|p1a: Aerodactyl|Tailwind|p1a: Aerodactyl
|-sidestart|p1: Joestarz11|move: Tailwind
|move|p2a: Landorus|U-turn|p1a: Aerodactyl
|-resisted|p1a: Aerodactyl
|-damage|p1a: Aerodactyl|84/100
|c|☆Joestarz11|its ok trick room squads scare me
|
|t:|1650032193
|switch|p2a: Kyogre|Kyogre, shiny|100/100|[from]move: U-turn
|-weather|RainDance|[from] ability: Drizzle|[of] p2a: Kyogre
|
|-weather|RainDance|[upkeep]
|upkeep
|turn|3
|c|☆crabbyink|oh i dont have trick room
|c|☆Joestarz11|ah i just guessed the lunala calyrex was a trickroom setup
|
|t:|1650032227
|move|p1a: Aerodactyl|Stealth Rock|p2a: Kyogre
|-sidestart|p2: crabbyink|move: Stealth Rock
|move|p2a: Kyogre|Thunder Wave|p1a: Aerodactyl
|-status|p1a: Aerodactyl|par
|
|-weather|RainDance|[upkeep]
|upkeep
|turn|4
|c|☆crabbyink|ohh
|c|☆crabbyink|i think its only necrozma lunala fusion form that runs trick room
|
|t:|1650032246
|move|p1a: Aerodactyl|Rock Tomb|p2a: Kyogre
|-damage|p2a: Kyogre|82/100
|-unboost|p2a: Kyogre|spe|1
|move|p2a: Kyogre|Substitute|p2a: Kyogre
|-start|p2a: Kyogre|Substitute
|-damage|p2a: Kyogre|57/100
|
|-weather|RainDance|[upkeep]
|-heal|p2a: Kyogre|63/100|[from] item: Leftovers
|upkeep
|turn|5
|
|t:|1650032255
|cant|p1a: Aerodactyl|par
|move|p2a: Kyogre|Calm Mind|p2a: Kyogre
|-boost|p2a: Kyogre|spa|1
|-boost|p2a: Kyogre|spd|1
|
|-weather|RainDance|[upkeep]
|-heal|p2a: Kyogre|69/100|[from] item: Leftovers
|-sideend|p1: Joestarz11|move: Tailwind
|upkeep
|turn|6
|
|t:|1650032263
|move|p1a: Aerodactyl|Taunt|p2a: Kyogre
|-start|p2a: Kyogre|move: Taunt
|cant|p2a: Kyogre|move: Taunt|Calm Mind
|
|-weather|none
|-heal|p2a: Kyogre|75/100|[from] item: Leftovers
|upkeep
|turn|7
|c|☆crabbyink|oh i thoughs usb blocked it
|
|t:|1650032271
|cant|p1a: Aerodactyl|par
|move|p2a: Kyogre|Surf|p1a: Aerodactyl
|-supereffective|p1a: Aerodactyl
|-damage|p1a: Aerodactyl|0 fnt
|faint|p1a: Aerodactyl
|
|-heal|p2a: Kyogre|82/100|[from] item: Leftovers
|upkeep
|c|☆crabbyink|sub
|
|t:|1650032284
|switch|p1a: Kyogre|Kyogre|100/100
|-weather|RainDance|[from] ability: Drizzle|[of] p1a: Kyogre
|turn|8
|c|☆Joestarz11|tbh i thought it did too
|
|t:|1650032297
|move|p1a: Kyogre|Thunder|p2a: Kyogre
|-supereffective|p2a: Kyogre
|-end|p2a: Kyogre|Substitute
|move|p2a: Kyogre|Surf|p1a: Kyogre
|-resisted|p1a: Kyogre
|-damage|p1a: Kyogre|52/100
|
|-weather|RainDance|[upkeep]
|-heal|p2a: Kyogre|88/100|[from] item: Leftovers
|-end|p2a: Kyogre|move: Taunt
|upkeep
|turn|9
|
|t:|1650032310
|move|p1a: Kyogre|Ice Beam|p2a: Kyogre
|-resisted|p2a: Kyogre
|-damage|p2a: Kyogre|81/100
|move|p2a: Kyogre|Surf|p1a: Kyogre
|-resisted|p1a: Kyogre
|-damage|p1a: Kyogre|4/100
|
|-weather|RainDance|[upkeep]
|-heal|p2a: Kyogre|87/100|[from] item: Leftovers
|upkeep
|turn|10
|c|☆Joestarz11|ffs
|c|☆Joestarz11|why stay in
|
|t:|1650032320
|move|p1a: Kyogre|Thunder|p2a: Kyogre
|-supereffective|p2a: Kyogre
|-damage|p2a: Kyogre|53/100
|-status|p2a: Kyogre|par
|move|p2a: Kyogre|Surf|p1a: Kyogre
|-resisted|p1a: Kyogre
|-damage|p1a: Kyogre|0 fnt
|faint|p1a: Kyogre
|
|-weather|RainDance|[upkeep]
|-heal|p2a: Kyogre|59/100 par|[from] item: Leftovers
|upkeep
|c|☆crabbyink|cos tanky
|c|☆Joestarz11|oh bulk right
|c|☆Joestarz11|lol
|c|☆crabbyink|lol
|
|t:|1650032333
|switch|p1a: Weavile|Weavile, F|100/100
|-ability|p1a: Weavile|Pressure
|turn|11
|
|t:|1650032340
|move|p1a: Weavile|Knock Off|p2a: Kyogre
|-damage|p2a: Kyogre|13/100 par
|-enditem|p2a: Kyogre|Leftovers|[from] move: Knock Off|[of] p1a: Weavile
|cant|p2a: Kyogre|par
|
|-weather|RainDance|[upkeep]
|upkeep
|turn|12
|
|t:|1650032347
|move|p1a: Weavile|Knock Off|p2a: Kyogre
|-damage|p2a: Kyogre|0 fnt
|faint|p2a: Kyogre
|
|-weather|none
|upkeep
|
|t:|1650032385
|switch|p2a: Urshifu|Urshifu, M|100/100
|-damage|p2a: Urshifu|94/100|[from] Stealth Rock
|turn|13
|c|☆Joestarz11|anyone is about to have a tough time against weavile lol
|c|☆crabbyink|yh
|c|☆crabbyink|thts why i took so long
|c|☆Joestarz11|cept him...
|
|t:|1650032401
|switch|p1a: Wild Card|Yveltal|100/100
|-ability|p1a: Wild Card|Dark Aura
|move|p2a: Urshifu|U-turn|p1a: Wild Card
|-damage|p1a: Wild Card|60/100
|c|☆Joestarz11|haha
|c|☆Joestarz11|damn
|c|☆Joestarz11|that did a lot
|
|t:|1650032419
|switch|p2a: Landorus|Landorus-Therian, M|100/100|[from]move: U-turn
|-damage|p2a: Landorus|88/100|[from] Stealth Rock
|-ability|p2a: Landorus|Intimidate|boost
|-unboost|p1a: Wild Card|atk|1
|
|-heal|p2a: Landorus|94/100|[from] item: Leftovers
|upkeep
|turn|14
|c|☆crabbyink|yh
|
|t:|1650032428
|move|p1a: Wild Card|Oblivion Wing|p2a: Landorus
|-damage|p2a: Landorus|25/100
|-heal|p1a: Wild Card|100/100|[from] drain|[of] p2a: Landorus
|-damage|p1a: Wild Card|91/100|[from] item: Life Orb
|move|p2a: Landorus|Defog|p1a: Wild Card
|-unboost|p1a: Wild Card|evasion|1
|-sideend|p2: crabbyink|Stealth Rock|[from] move: Defog|[of] p2a: Landorus
|
|-heal|p2a: Landorus|31/100|[from] item: Leftovers
|upkeep
|turn|15
|
|t:|1650032438
|move|p1a: Wild Card|Oblivion Wing|p2a: Landorus
|-damage|p2a: Landorus|0 fnt
|-heal|p1a: Wild Card|100/100|[from] drain|[of] p2a: Landorus
|faint|p2a: Landorus
|-damage|p1a: Wild Card|91/100|[from] item: Life Orb
|
|upkeep
|
|t:|1650032453
|switch|p2a: Lunala|Lunala, shiny|100/100
|turn|16
|
|t:|1650032459
|move|p2a: Lunala|Meteor Beam||[still]
|-prepare|p2a: Lunala|Meteor Beam
|-boost|p2a: Lunala|spa|1
|-enditem|p2a: Lunala|Power Herb
|-anim|p2a: Lunala|Meteor Beam|p1a: Wild Card
|-supereffective|p1a: Wild Card
|-damage|p1a: Wild Card|0 fnt
|faint|p1a: Wild Card
|
|upkeep
|
|t:|1650032467
|switch|p1a: Necrozma|Necrozma-Dusk-Mane|100/100
|turn|17
|c|☆Joestarz11|spooky hours
|c|☆crabbyink|yh
|
|t:|1650032480
|move|p2a: Lunala|Moongeist Beam|p1a: Necrozma
|-supereffective|p1a: Necrozma
|-damage|p1a: Necrozma|0 fnt
|faint|p1a: Necrozma
|
|upkeep
|
|t:|1650032487
|switch|p1a: Calyrex|Calyrex-Shadow|100/100
|-ability|p1a: Calyrex|As One
|-ability|p1a: Calyrex|Unnerve
|turn|18
|
|t:|1650032494
|move|p1a: Calyrex|Astral Barrage|p2a: Lunala
|-supereffective|p2a: Lunala
|-damage|p2a: Lunala|0 fnt
|faint|p2a: Lunala
|-ability|p1a: Calyrex|Grim Neigh|boost
|-boost|p1a: Calyrex|spa|1
|
|upkeep
|
|t:|1650032508
|switch|p2a: Urshifu|Urshifu, M|94/100
|turn|19
|
|t:|1650032514
|move|p2a: Urshifu|Sucker Punch|p1a: Calyrex
|-supereffective|p1a: Calyrex
|-enditem|p1a: Calyrex|Focus Sash
|-damage|p1a: Calyrex|1/100
|move|p1a: Calyrex|Astral Barrage|p2a: Urshifu
|-resisted|p2a: Urshifu
|-damage|p2a: Urshifu|14/100
|
|upkeep
|turn|20
|c|☆Joestarz11|ahhhhh
|
|t:|1650032527
|move|p2a: Urshifu|Sucker Punch||[still]
|-fail|p2a: Urshifu
|move|p1a: Calyrex|Nasty Plot|p1a: Calyrex
|-boost|p1a: Calyrex|spa|2
|
|upkeep
|turn|21
|c|☆crabbyink|OH NO
|
|t:|1650032534
|move|p2a: Urshifu|Sucker Punch||[still]
|-fail|p2a: Urshifu
|move|p1a: Calyrex|Nasty Plot|p1a: Calyrex
|-boost|p1a: Calyrex|spa|2
|
|upkeep
|turn|22
|c|☆crabbyink|PLS
|
|t:|1650032541
|move|p2a: Urshifu|Sucker Punch||[still]
|-fail|p2a: Urshifu
|move|p1a: Calyrex|Nasty Plot|p1a: Calyrex
|-boost|p1a: Calyrex|spa|1
|
|upkeep
|turn|23
|c|☆crabbyink|XD
|c|☆Joestarz11|hehe
|
|t:|1650032546
|move|p2a: Urshifu|Sucker Punch||[still]
|-fail|p2a: Urshifu
|move|p1a: Calyrex|Nasty Plot|p1a: Calyrex
|-boost|p1a: Calyrex|spa|0
|
|upkeep
|turn|24
|c|☆crabbyink|Y
|c|☆Joestarz11|theres a chance
|
|t:|1650032558
|move|p2a: Urshifu|Sucker Punch|p1a: Calyrex
|-supereffective|p1a: Calyrex
|-damage|p1a: Calyrex|0 fnt
|faint|p1a: Calyrex
|
|upkeep
|c|☆Joestarz11|L
|c|☆Joestarz11|hahaha
|c|☆crabbyink|rip
|
|t:|1650032566
|switch|p1a: Weavile|Weavile, F|100/100
|-ability|p1a: Weavile|Pressure
|turn|25
|c|☆crabbyink|tht was bout to send my team to brazil
|
|t:|1650032574
|move|p1a: Weavile|Ice Shard|p2a: Urshifu
|-damage|p2a: Urshifu|0 fnt
|faint|p2a: Urshifu
|
|upkeep
|
|t:|1650032578
|switch|p2a: Calyrex|Calyrex-Ice|100/100
|-ability|p2a: Calyrex|As One
|-ability|p2a: Calyrex|Unnerve
|turn|26
|c|☆Joestarz11|it got close
|c|☆crabbyink|yh for sure
|
|t:|1650032591
|move|p1a: Weavile|Knock Off|p2a: Calyrex
|-supereffective|p2a: Calyrex
|-damage|p2a: Calyrex|44/100
|-enditem|p2a: Calyrex|Choice Band|[from] move: Knock Off|[of] p1a: Weavile
|move|p2a: Calyrex|Close Combat|p1a: Weavile
|-supereffective|p1a: Weavile
|-damage|p1a: Weavile|0 fnt
|-unboost|p2a: Calyrex|def|1
|-unboost|p2a: Calyrex|spd|1
|faint|p1a: Weavile
|
|win|crabbyink
|raw|Joestarz11's rating: 1243 &rarr; <strong>1223</strong><br />(-20 for losing)
|raw|crabbyink's rating: 1312 &rarr; <strong>1328</strong><br />(+16 for winning)
|c|☆Joestarz11|gg
|c|☆crabbyink|oh i thought ur weavile was choice band the whole tme
|c|☆crabbyink|gg
|c|☆Joestarz11|never melt ice just in case
|c|☆crabbyink|yh
|c|☆Joestarz11|but should i have gone for drainign kiss on urshifu
|c|☆Joestarz11|yes
|c|☆Joestarz11|with calyrex
|c|☆crabbyink|yh
||Ladder isn't responding, score probably updated but might not have (Request timeout).
