|html|<div class="broadcast-blue"><strong>[Gen 8] Ubers is currently suspecting Shadow Tag! For information on how to participate check out the <a href="https://www.smogon.com/forums/threads/np-ss-ubers-stage-6-tag-youre-it.3679546/">suspect thread</a>.</strong></div>
|j|☆QiYu4
|j|☆368mike
|t:|1615080249
|player|p1|QiYu4|bugcatcher|
|player|p2|368mike|101|
|teamsize|p1|6
|teamsize|p2|6
|gametype|singles
|gen|8
|tier|[Gen 8] Ubers
|rated|Tournament battle
|clearpoke
|poke|p1|Corviknight, M|
|poke|p1|Eternatus|
|poke|p1|Yveltal|
|poke|p1|Zacian|
|poke|p1|Necrozma-Dusk-Mane|
|poke|p1|Xerneas|
|poke|p2|Blaziken, M|
|poke|p2|Venusaur, F|
|poke|p2|Zeraora|
|poke|p2|Volcanion|
|poke|p2|Aegislash, M|
|poke|p2|Calyrex-Shadow|
|rule|Sleep Clause Mod: Limit one foe put to sleep
|rule|Species Clause: Limit one of each Pokémon
|rule|OHKO Clause: OHKO moves are banned
|rule|Evasion Moves Clause: Evasion moves are banned
|rule|Endless Battle Clause: Forcing endless battles is banned
|rule|HP Percentage Mod: HP is shown in percentages
|rule|Dynamax Clause: You cannot dynamax
|teampreview
|j| WarCruyff
|
|t:|1615080259
|start
|switch|p1a: 套汉子滴马|Zacian|100/100
|switch|p2a: Zeraora|Zeraora|100/100
|-ability|p1a: 套汉子滴马|Intrepid Sword|boost
|-boost|p1a: 套汉子滴马|atk|1
|turn|1
|j| yourwelcomethank
|
|t:|1615080273
|move|p2a: Zeraora|Close Combat|p1a: 套汉子滴马
|-resisted|p1a: 套汉子滴马
|-damage|p1a: 套汉子滴马|83/100
|-unboost|p2a: Zeraora|def|1
|-unboost|p2a: Zeraora|spd|1
|move|p1a: 套汉子滴马|Play Rough|p2a: Zeraora
|-enditem|p2a: Zeraora|Focus Sash
|-damage|p2a: Zeraora|1/100
|
|upkeep
|turn|2
|
|t:|1615080289
|switch|p1a: 空中一霸|Corviknight, M|100/100
|-ability|p1a: 空中一霸|Pressure
|move|p2a: Zeraora|Play Rough|p1a: 空中一霸
|-resisted|p1a: 空中一霸
|-damage|p1a: 空中一霸|92/100
|-damage|p2a: Zeraora|0 fnt|[from] item: Rocky Helmet|[of] p1a: 空中一霸
|faint|p2a: Zeraora
|
|upkeep
|c| WarCruyff|lol
|
|t:|1615080299
|switch|p2a: Blaziken|Blaziken, M|100/100
|turn|3
|
|t:|1615080342
|move|p2a: Blaziken|Blaze Kick|p1a: 空中一霸
|-supereffective|p1a: 空中一霸
|-damage|p1a: 空中一霸|40/100
|-damage|p2a: Blaziken|84/100|[from] item: Rocky Helmet|[of] p1a: 空中一霸
|move|p1a: 空中一霸|U-turn|p2a: Blaziken
|-resisted|p2a: Blaziken
|-damage|p2a: Blaziken|79/100
|inactive|Battle timer is ON: inactive players will automatically lose when time's up. (requested by 368mike)
|
|t:|1615080378
|switch|p1a: 套汉子滴马|Zacian|83/100|[from]move: U-turn
|-ability|p1a: 套汉子滴马|Intrepid Sword|boost
|-boost|p1a: 套汉子滴马|atk|1
|
|-ability|p2a: Blaziken|Speed Boost|boost
|-boost|p2a: Blaziken|spe|1
|upkeep
|turn|4
|j| Purplemace121
|
|t:|1615080385
|move|p2a: Blaziken|Blaze Kick|p1a: 套汉子滴马
|-damage|p1a: 套汉子滴马|37/100
|move|p1a: 套汉子滴马|Play Rough|p2a: Blaziken
|-damage|p2a: Blaziken|0 fnt
|faint|p2a: Blaziken
|
|upkeep
|
|t:|1615080394
|switch|p2a: Venusaur|Venusaur, F|100/100
|turn|5
|j| Diklac
|
|t:|1615080399
|switch|p1a: 空中一霸|Corviknight, M|40/100
|-ability|p1a: 空中一霸|Pressure
|move|p2a: Venusaur|Sunny Day|p2a: Venusaur
|-weather|SunnyDay
|
|-weather|SunnyDay|[upkeep]
|upkeep
|turn|6
|
|t:|1615080409
|switch|p1a: 我的滑板鞋最时尚|Eternatus|100/100
|-ability|p1a: 我的滑板鞋最时尚|Pressure
|move|p2a: Venusaur|Energy Ball|p1a: 我的滑板鞋最时尚
|-resisted|p1a: 我的滑板鞋最时尚
|-damage|p1a: 我的滑板鞋最时尚|94/100
|
|-weather|SunnyDay|[upkeep]
|upkeep
|turn|7
|
|t:|1615080418
|move|p2a: Venusaur|Earthquake|p1a: 我的滑板鞋最时尚
|-supereffective|p1a: 我的滑板鞋最时尚
|-damage|p1a: 我的滑板鞋最时尚|67/100
|move|p1a: 我的滑板鞋最时尚|Flamethrower|p2a: Venusaur
|-supereffective|p2a: Venusaur
|-crit|p2a: Venusaur
|-damage|p2a: Venusaur|0 fnt
|faint|p2a: Venusaur
|
|-weather|SunnyDay|[upkeep]
|upkeep
|
|t:|1615080430
|switch|p2a: Volcanion|Volcanion|100/100
|turn|8
|
|t:|1615080436
|move|p1a: 我的滑板鞋最时尚|Cosmic Power|p1a: 我的滑板鞋最时尚
|-boost|p1a: 我的滑板鞋最时尚|def|1
|-boost|p1a: 我的滑板鞋最时尚|spd|1
|move|p2a: Volcanion|Steam Eruption|p1a: 我的滑板鞋最时尚
|-resisted|p1a: 我的滑板鞋最时尚
|-damage|p1a: 我的滑板鞋最时尚|61/100
|
|-weather|SunnyDay|[upkeep]
|upkeep
|turn|9
|
|t:|1615080448
|move|p1a: 我的滑板鞋最时尚|Cosmic Power|p1a: 我的滑板鞋最时尚
|-boost|p1a: 我的滑板鞋最时尚|def|1
|-boost|p1a: 我的滑板鞋最时尚|spd|1
|move|p2a: Volcanion|Earthquake|p1a: 我的滑板鞋最时尚
|-supereffective|p1a: 我的滑板鞋最时尚
|-damage|p1a: 我的滑板鞋最时尚|44/100
|
|-weather|none
|upkeep
|turn|10
|
|t:|1615080457
|move|p1a: 我的滑板鞋最时尚|Dragon Pulse|p2a: Volcanion
|-damage|p2a: Volcanion|57/100
|move|p2a: Volcanion|Brick Break|p1a: 我的滑板鞋最时尚
|-resisted|p1a: 我的滑板鞋最时尚
|-damage|p1a: 我的滑板鞋最时尚|41/100
|
|upkeep
|turn|11
|l| WarCruyff
|
|t:|1615080466
|move|p1a: 我的滑板鞋最时尚|Dragon Pulse|p2a: Volcanion
|-damage|p2a: Volcanion|18/100
|move|p2a: Volcanion|Flamethrower|p1a: 我的滑板鞋最时尚
|-resisted|p1a: 我的滑板鞋最时尚
|-damage|p1a: 我的滑板鞋最时尚|33/100
|
|upkeep
|turn|12
|
|t:|1615080475
|switch|p2a: Calyrex|Calyrex-Shadow|100/100
|-ability|p2a: Calyrex|As One
|-ability|p2a: Calyrex|Unnerve|p1: QiYu4
|move|p1a: 我的滑板鞋最时尚|Recover|p1a: 我的滑板鞋最时尚
|-heal|p1a: 我的滑板鞋最时尚|83/100
|
|upkeep
|turn|13
|
|t:|1615080487
|move|p2a: Calyrex|Astral Barrage|p1a: 我的滑板鞋最时尚
|-damage|p1a: 我的滑板鞋最时尚|59/100
|move|p1a: 我的滑板鞋最时尚|Dragon Pulse|p2a: Calyrex
|-damage|p2a: Calyrex|57/100
|
|upkeep
|turn|14
|l| Diklac
|
|t:|1615080509
|move|p2a: Calyrex|Psychic|p1a: 我的滑板鞋最时尚
|-supereffective|p1a: 我的滑板鞋最时尚
|-crit|p1a: 我的滑板鞋最时尚
|-damage|p1a: 我的滑板鞋最时尚|0 fnt
|faint|p1a: 我的滑板鞋最时尚
|-ability|p2a: Calyrex|Grim Neigh|boost
|-boost|p2a: Calyrex|spa|1
|
|upkeep
|c|☆368mike|hhey
|
|t:|1615080513
|switch|p1a: 飞天小女警|Yveltal|100/100
|-ability|p1a: 飞天小女警|Dark Aura
|turn|15
|
|t:|1615080520
|move|p1a: 飞天小女警|Sucker Punch|p2a: Calyrex
|-supereffective|p2a: Calyrex
|-damage|p2a: Calyrex|0 fnt
|faint|p2a: Calyrex
|
|upkeep
|
|t:|1615080526
|switch|p2a: Aegislash|Aegislash, M|100/100
|turn|16
|
|t:|1615080531
|move|p2a: Aegislash|King's Shield|p2a: Aegislash
|-singleturn|p2a: Aegislash|Protect
|move|p1a: 飞天小女警|Knock Off|p2a: Aegislash
|-activate|p2a: Aegislash|move: Protect
|-unboost|p1a: 飞天小女警|atk|1
|
|upkeep
|turn|17
|
|t:|1615080540
|move|p1a: 飞天小女警|Knock Off|p2a: Aegislash
|-supereffective|p2a: Aegislash
|-damage|p2a: Aegislash|43/100
|-enditem|p2a: Aegislash|Focus Sash|[from] move: Knock Off|[of] p1a: 飞天小女警
|-formechange|p2a: Aegislash|Aegislash-Blade||[from] ability: Stance Change
|move|p2a: Aegislash|Shadow Ball|p1a: 飞天小女警
|-resisted|p1a: 飞天小女警
|-damage|p1a: 飞天小女警|89/100
|
|upkeep
|turn|18
|
|t:|1615080551
|switch|p1a: 套汉子滴马|Zacian|37/100
|-ability|p1a: 套汉子滴马|Intrepid Sword|boost
|-boost|p1a: 套汉子滴马|atk|1
|-formechange|p2a: Aegislash|Aegislash||[from] ability: Stance Change
|move|p2a: Aegislash|King's Shield||[still]
|-fail|p2a: Aegislash
|
|upkeep
|turn|19
|
|t:|1615080564
|move|p1a: 套汉子滴马|Crunch|p2a: Aegislash
|-supereffective|p2a: Aegislash
|-damage|p2a: Aegislash|0 fnt
|faint|p2a: Aegislash
|
|upkeep
|
|t:|1615080569
|switch|p2a: Volcanion|Volcanion|18/100
|turn|20
|
|t:|1615080573
|move|p1a: 套汉子滴马|Crunch|p2a: Volcanion
|-damage|p2a: Volcanion|0 fnt
|faint|p2a: Volcanion
|
|win|QiYu4
|n|☆QiYu4|qiyu4
|n|☆368mike|368mike
|n| yourwelcomethank|yourwelcomethank
|n| Purplemace121|purplemace121
