|j|☆JamboreeJourney
|j|☆Rell27
|t:|1603900436
|player|p1|JamboreeJourney|mina|1568
|player|p2|Rell27|1|1429
|teamsize|p1|6
|teamsize|p2|6
|gametype|singles
|gen|8
|tier|[Gen 8] Ubers
|rated|
|clearpoke
|poke|p1|Regieleki|
|poke|p1|Groudon|
|poke|p1|Ho-Oh|
|poke|p1|Kyogre|
|poke|p1|Yveltal|
|poke|p1|Marshadow|
|poke|p2|Zacian-Crowned|
|poke|p2|Eternatus|
|poke|p2|Necrozma-Dusk-Mane|
|poke|p2|Calyrex-Shadow|
|poke|p2|Yveltal|
|poke|p2|Zygarde|
|rule|Sleep Clause Mod: Limit one foe put to sleep
|rule|Species Clause: Limit one of each Pokémon
|rule|OHKO Clause: OHKO moves are banned
|rule|Evasion Moves Clause: Evasion moves are banned
|rule|Endless Battle Clause: Forcing endless battles is banned
|rule|HP Percentage Mod: HP is shown in percentages
|teampreview
|
|t:|1603900445
|start
|switch|p1a: Kyogre|Kyogre|100/100
|switch|p2a: Necrozma|Necrozma-Dusk-Mane|100/100
|-weather|RainDance|[from] ability: Drizzle|[of] p1a: Kyogre
|turn|1
|
|t:|1603900456
|move|p1a: Kyogre|Water Spout|p2a: Necrozma
|-crit|p2a: Necrozma
|-damage|p2a: Necrozma|0 fnt
|faint|p2a: Necrozma
|
|-weather|RainDance|[upkeep]
|upkeep
|
|t:|1603900467
|switch|p2a: Yveltal|Yveltal|100/100
|-ability|p2a: Yveltal|Dark Aura
|turn|2
|
|t:|1603900476
|move|p2a: Yveltal|Sucker Punch|p1a: Kyogre
|-damage|p1a: Kyogre|47/100
|-damage|p2a: Yveltal|91/100|[from] item: Life Orb
|move|p1a: Kyogre|Water Spout|p2a: Yveltal
|-damage|p2a: Yveltal|36/100
|
|-weather|RainDance|[upkeep]
|upkeep
|turn|3
|
|t:|1603900484
|switch|p1a: Yveltal|Yveltal|100/100
|-ability|p1a: Yveltal|Dark Aura
|move|p2a: Yveltal|Sucker Punch||[still]
|-fail|p2a: Yveltal
|
|-weather|RainDance|[upkeep]
|upkeep
|turn|4
|
|t:|1603900493
|move|p1a: Yveltal|Oblivion Wing|p2a: Yveltal
|-damage|p2a: Yveltal|0 fnt
|faint|p2a: Yveltal
|
|-weather|RainDance|[upkeep]
|upkeep
|
|t:|1603900498
|switch|p2a: Zacian|Zacian-Crowned|100/100
|-ability|p2a: Zacian|Intrepid Sword|boost
|-boost|p2a: Zacian|atk|1
|turn|5
|
|t:|1603900503
|switch|p1a: Ho-Oh|Ho-Oh|100/100
|move|p2a: Zacian|Play Rough|p1a: Ho-Oh|[miss]
|-miss|p2a: Zacian|p1a: Ho-Oh
|
|-weather|none
|upkeep
|turn|6
|
|t:|1603900507
|switch|p2a: Zygarde|Zygarde|100/100
|move|p1a: Ho-Oh|Sacred Fire|p2a: Zygarde
|-resisted|p2a: Zygarde
|-damage|p2a: Zygarde|80/100
|
|upkeep
|turn|7
|
|t:|1603900515
|move|p1a: Ho-Oh|Toxic|p2a: Zygarde
|-status|p2a: Zygarde|tox
|move|p2a: Zygarde|Substitute|p2a: Zygarde
|-start|p2a: Zygarde|Substitute
|-damage|p2a: Zygarde|55/100 tox
|
|-damage|p2a: Zygarde|48/100 tox|[from] psn
|-activate|p2a: Zygarde|ability: Power Construct
|detailschange|p2a: Zygarde|Zygarde-Complete
|-heal|p2a: Zygarde|67/100 tox|[silent]
|upkeep
|turn|8
|
|t:|1603900527
|switch|p1a: Yveltal|Yveltal|100/100
|-ability|p1a: Yveltal|Dark Aura
|move|p2a: Zygarde|Glare|p1a: Yveltal
|-status|p1a: Yveltal|par
|
|-damage|p2a: Zygarde|54/100 tox|[from] psn
|upkeep
|turn|9
|
|t:|1603900542
|switch|p2a: Zacian|Zacian-Crowned|100/100
|-ability|p2a: Zacian|Intrepid Sword|boost
|-boost|p2a: Zacian|atk|1
|move|p1a: Yveltal|Oblivion Wing|p2a: Zacian
|-resisted|p2a: Zacian
|-damage|p2a: Zacian|80/100
|
|upkeep
|turn|10
|
|t:|1603900546
|switch|p1a: Ho-Oh|Ho-Oh|100/100
|move|p2a: Zacian|Play Rough|p1a: Ho-Oh
|-resisted|p1a: Ho-Oh
|-damage|p1a: Ho-Oh|57/100
|
|upkeep
|turn|11
|
|t:|1603900556
|switch|p2a: Zygarde|Zygarde-Complete|54/100 tox
|move|p1a: Ho-Oh|Sacred Fire|p2a: Zygarde
|-resisted|p2a: Zygarde
|-damage|p2a: Zygarde|41/100 tox
|
|-damage|p2a: Zygarde|35/100 tox|[from] psn
|upkeep
|turn|12
|
|t:|1603900571
|move|p1a: Ho-Oh|Brave Bird|p2a: Zygarde
|-damage|p2a: Zygarde|6/100 tox
|-damage|p1a: Ho-Oh|42/100|[from] Recoil
|move|p2a: Zygarde|Thousand Arrows|p1a: Ho-Oh
|-damage|p1a: Ho-Oh|0 fnt
|faint|p1a: Ho-Oh
|
|-damage|p2a: Zygarde|0 fnt|[from] psn
|faint|p2a: Zygarde
|upkeep
|
|t:|1603900583
|switch|p1a: Marshadow|Marshadow|100/100
|switch|p2a: Eternatus|Eternatus|100/100
|-ability|p2a: Eternatus|Pressure
|turn|13
|
|t:|1603900588
|switch|p1a: Groudon|Groudon|100/100
|-weather|SunnyDay|[from] ability: Drought|[of] p1a: Groudon
|move|p2a: Eternatus|Mystical Fire|p1a: Groudon
|-damage|p1a: Groudon|51/100
|-unboost|p1a: Groudon|spa|1
|-damage|p2a: Eternatus|91/100|[from] item: Life Orb
|
|-weather|SunnyDay|[upkeep]
|-heal|p1a: Groudon|57/100|[from] item: Leftovers
|upkeep
|turn|14
|
|t:|1603900592
|move|p2a: Eternatus|Dynamax Cannon|p1a: Groudon
|-damage|p1a: Groudon|0 fnt
|-damage|p2a: Eternatus|81/100|[from] item: Life Orb
|faint|p1a: Groudon
|
|-weather|SunnyDay|[upkeep]
|upkeep
|
|t:|1603900601
|switch|p1a: Regieleki|Regieleki|100/100
|turn|15
|
|t:|1603900608
|-start|p1a: Regieleki|Dynamax
|-heal|p1a: Regieleki|100/100|[silent]
|move|p1a: Regieleki|Max Lightning|p2a: Eternatus
|-resisted|p2a: Eternatus
|-damage|p2a: Eternatus|44/100
|-fieldstart|move: Electric Terrain
|move|p2a: Eternatus|Dynamax Cannon|p1a: Regieleki
|-damage|p1a: Regieleki|0 fnt
|-damage|p2a: Eternatus|34/100|[from] item: Life Orb
|faint|p1a: Regieleki
|
|-weather|SunnyDay|[upkeep]
|upkeep
|
|t:|1603900622
|switch|p1a: Kyogre|Kyogre|47/100
|-weather|RainDance|[from] ability: Drizzle|[of] p1a: Kyogre
|turn|16
|
|t:|1603900628
|move|p1a: Kyogre|Origin Pulse|p2a: Eternatus
|-resisted|p2a: Eternatus
|-damage|p2a: Eternatus|0 fnt
|faint|p2a: Eternatus
|
|-weather|RainDance|[upkeep]
|upkeep
|
|t:|1603900631
|switch|p2a: Calyrex|Calyrex-Shadow|100/100
|-ability|p2a: Calyrex|As One
|-ability|p2a: Calyrex|Unnerve|p1: JamboreeJourney
|turn|17
|
|t:|1603900640
|-start|p2a: Calyrex|Dynamax
|-heal|p2a: Calyrex|100/100|[silent]
|move|p1a: Kyogre|Origin Pulse|p2a: Calyrex
|-damage|p2a: Calyrex|52/100
|move|p2a: Calyrex|Max Mindstorm|p1a: Kyogre
|-damage|p1a: Kyogre|0 fnt
|-fieldstart|move: Psychic Terrain
|-damage|p2a: Calyrex|47/100|[from] item: Life Orb
|faint|p1a: Kyogre
|-boost|p2a: Calyrex|spa|1
|
|-weather|RainDance|[upkeep]
|upkeep
|
|t:|1603900646
|switch|p1a: Yveltal|Yveltal|100/100 par
|-ability|p1a: Yveltal|Dark Aura
|turn|18
|
|t:|1603900665
|-end|p2a: Calyrex|Dynamax
|-heal|p2a: Calyrex|48/100|[silent]
|switch|p2a: Zacian|Zacian-Crowned|80/100
|-ability|p2a: Zacian|Intrepid Sword|boost
|-boost|p2a: Zacian|atk|1
|move|p1a: Yveltal|Dark Pulse|p2a: Zacian
|-resisted|p2a: Zacian
|-damage|p2a: Zacian|51/100
|
|-weather|RainDance|[upkeep]
|upkeep
|turn|19
|
|t:|1603900667
|move|p2a: Zacian|Play Rough|p1a: Yveltal
|-supereffective|p1a: Yveltal
|-damage|p1a: Yveltal|0 fnt
|faint|p1a: Yveltal
|
|-weather|RainDance|[upkeep]
|upkeep
|
|t:|1603900669
|switch|p1a: Marshadow|Marshadow|100/100
|turn|20
|
|t:|1603900673
|move|p2a: Zacian|Behemoth Blade|p1a: Marshadow
|-enditem|p1a: Marshadow|Focus Sash
|-damage|p1a: Marshadow|1/100
|move|p1a: Marshadow|Spectral Thief||[still]
|-clearpositiveboost|p2a: Zacian|p1a: Marshadow|move: Spectral Thief
|-boost|p1a: Marshadow|atk|1
|-anim|p1a: Marshadow|Spectral Thief|p2a: Zacian
|-damage|p2a: Zacian|0 fnt
|faint|p2a: Zacian
|
|-weather|none
|upkeep
|
|t:|1603900677
|switch|p2a: Calyrex|Calyrex-Shadow|48/100
|-ability|p2a: Calyrex|As One
|-ability|p2a: Calyrex|Unnerve|p1: JamboreeJourney
|turn|21
|
|t:|1603900682
|move|p2a: Calyrex|Astral Barrage|p1a: Marshadow
|-supereffective|p1a: Marshadow
|-damage|p1a: Marshadow|0 fnt
|-damage|p2a: Calyrex|38/100|[from] item: Life Orb
|faint|p1a: Marshadow
|
|win|Rell27
|l|☆JamboreeJourney
