|j|‽moonlit waves
|j|☆Meminger21
|inactive|Battle timer is ON: inactive players will automatically lose when time's up.
|t:|1659315330
|gametype|singles
|player|p1|moonlit waves|marnie-masters2|
|player|p2|Meminger21|#dpl8ducks|
|teamsize|p1|6
|teamsize|p2|6
|gen|8
|tier|[Gen 8] Ubers
|rated|Tournament battle
|rule|Sleep Clause Mod: Limit one foe put to sleep
|rule|Species Clause: Limit one of each Pokémon
|rule|OHKO Clause: OHKO moves are banned
|rule|Evasion Moves Clause: Evasion moves are banned
|rule|Endless Battle Clause: Forcing endless battles is banned
|rule|HP Percentage Mod: HP is shown in percentages
|rule|Dynamax Clause: You cannot dynamax
|clearpoke
|poke|p1|Landorus-Therian, M|
|poke|p1|Groudon|
|poke|p1|Necrozma-Dusk-Mane|
|poke|p1|Yveltal|
|poke|p1|Eternatus|
|poke|p1|Calyrex-Shadow|
|poke|p2|Giratina-Origin|
|poke|p2|Yveltal|
|poke|p2|Blissey, F|
|poke|p2|Buzzwole|
|poke|p2|Necrozma-Dusk-Mane|
|poke|p2|Marshadow|
|teampreview
|j|*Lady Monita ☀
|inactive|moonlit waves also wants the timer to be on.
|j| Adam the gun
|
|t:|1659315350
|start
|switch|p1a: Yveltal|Yveltal|100/100
|switch|p2a: Yveltal|Yveltal|100/100
|-ability|p2a: Yveltal|Dark Aura
|-ability|p1a: Yveltal|Dark Aura
|turn|1
|j| iSaiyan
|
|t:|1659315356
|switch|p2a: Buzzwole|Buzzwole|100/100
|move|p1a: Yveltal|Knock Off|p2a: Buzzwole
|-resisted|p2a: Buzzwole
|-damage|p2a: Buzzwole|86/100
|-enditem|p2a: Buzzwole|Heavy-Duty Boots|[from] move: Knock Off|[of] p1a: Yveltal
|
|upkeep
|turn|2
|
|t:|1659315362
|switch|p1a: Eternatus|Eternatus|100/100
|-ability|p1a: Eternatus|Pressure
|move|p2a: Buzzwole|Ice Punch|p1a: Eternatus
|-supereffective|p1a: Eternatus
|-damage|p1a: Eternatus|64/100
|
|upkeep
|turn|3
|
|t:|1659315366
|switch|p1a: Landorus|Landorus-Therian, M|100/100
|-ability|p1a: Landorus|Intimidate|boost
|-unboost|p2a: Buzzwole|atk|1
|switch|p2a: Blissey|Blissey, F|100/100
|
|upkeep
|turn|4
|
|t:|1659315371
|switch|p2a: Buzzwole|Buzzwole|86/100
|move|p1a: Landorus|Stealth Rock|p2a: Buzzwole
|-sidestart|p2: Meminger21|move: Stealth Rock
|
|upkeep
|turn|5
|
|t:|1659315373
|move|p1a: Landorus|U-turn|p2a: Buzzwole
|-resisted|p2a: Buzzwole
|-damage|p2a: Buzzwole|81/100
|
|t:|1659315375
|switch|p1a: Eternatus|Eternatus|64/100|[from]move: U-turn
|-ability|p1a: Eternatus|Pressure
|move|p2a: Buzzwole|Ice Punch|p1a: Eternatus
|-supereffective|p1a: Eternatus
|-damage|p1a: Eternatus|32/100
|
|upkeep
|turn|6
|
|t:|1659315377
|switch|p2a: Blissey|Blissey, F|100/100
|-damage|p2a: Blissey|88/100|[from] Stealth Rock
|move|p1a: Eternatus|Recover|p1a: Eternatus
|-heal|p1a: Eternatus|82/100
|
|upkeep
|turn|7
|
|t:|1659315382
|switch|p1a: Necrozma|Necrozma-Dusk-Mane|100/100
|move|p2a: Blissey|Teleport|p2a: Blissey
|
|t:|1659315391
|switch|p2a: Giratina|Giratina-Origin|100/100|[from]move: Teleport
|-damage|p2a: Giratina|88/100|[from] Stealth Rock
|
|upkeep
|turn|8
|
|t:|1659315396
|switch|p1a: Yveltal|Yveltal|100/100
|-ability|p1a: Yveltal|Dark Aura
|move|p2a: Giratina|Thunder Wave|p1a: Yveltal
|-status|p1a: Yveltal|par
|
|upkeep
|turn|9
|
|t:|1659315402
|switch|p2a: Buzzwole|Buzzwole|81/100
|-damage|p2a: Buzzwole|69/100|[from] Stealth Rock
|switch|p1a: Eternatus|Eternatus|82/100
|-ability|p1a: Eternatus|Pressure
|
|upkeep
|turn|10
|
|t:|1659315406
|switch|p1a: Groudon|Groudon|100/100
|-weather|SunnyDay|[from] ability: Drought|[of] p1a: Groudon
|switch|p2a: Blissey|Blissey, F|88/100
|-damage|p2a: Blissey|76/100|[from] Stealth Rock
|
|-weather|SunnyDay|[upkeep]
|upkeep
|turn|11
|
|t:|1659315410
|switch|p2a: Giratina|Giratina-Origin|88/100
|-damage|p2a: Giratina|76/100|[from] Stealth Rock
|move|p1a: Groudon|Swords Dance|p1a: Groudon
|-boost|p1a: Groudon|atk|2
|
|-weather|SunnyDay|[upkeep]
|upkeep
|turn|12
|
|t:|1659315413
|move|p1a: Groudon|Stone Edge|p2a: Giratina
|-damage|p2a: Giratina|8/100
|-damage|p1a: Groudon|91/100|[from] item: Life Orb
|move|p2a: Giratina|Draco Meteor|p1a: Groudon
|-damage|p1a: Groudon|0 fnt
|-unboost|p2a: Giratina|spa|2
|faint|p1a: Groudon
|
|-weather|SunnyDay|[upkeep]
|upkeep
|c| Adam the gun|☺Im tired
|
|t:|1659315422
|switch|p1a: Eternatus|Eternatus|82/100
|-ability|p1a: Eternatus|Pressure
|turn|13
|raw|<div class="broadcast-red"><strong>Moderated chat was set to +!</strong><br />Only users of rank + and higher can talk.</div>
|
|t:|1659315434
|switch|p1a: Necrozma|Necrozma-Dusk-Mane|100/100
|move|p2a: Giratina|Thunder Wave|p1a: Necrozma
|-status|p1a: Necrozma|par
|
|-weather|SunnyDay|[upkeep]
|upkeep
|turn|14
|
|t:|1659315440
|switch|p1a: Eternatus|Eternatus|82/100
|-ability|p1a: Eternatus|Pressure
|move|p2a: Giratina|Rest|p2a: Giratina
|-status|p2a: Giratina|slp|[from] move: Rest
|-heal|p2a: Giratina|100/100 slp|[silent]
|
|-weather|none
|upkeep
|turn|15
|
|t:|1659315445
|switch|p1a: Calyrex|Calyrex-Shadow|100/100
|-ability|p1a: Calyrex|As One
|-ability|p1a: Calyrex|Unnerve
|switch|p2a: Blissey|Blissey, F|76/100
|-damage|p2a: Blissey|63/100|[from] Stealth Rock
|
|upkeep
|turn|16
|
|t:|1659315454
|move|p1a: Calyrex|Trick|p2a: Blissey
|-activate|p1a: Calyrex|move: Trick|[of] p2a: Blissey
|-item|p2a: Blissey|Choice Specs|[from] move: Trick
|-item|p1a: Calyrex|Utility Umbrella|[from] move: Trick
|move|p2a: Blissey|Teleport|p2a: Blissey
|
|t:|1659315456
|switch|p2a: Yveltal|Yveltal|100/100|[from]move: Teleport
|-ability|p2a: Yveltal|Dark Aura
|
|upkeep
|turn|17
|
|t:|1659315461
|switch|p1a: Eternatus|Eternatus|82/100
|-ability|p1a: Eternatus|Pressure
|move|p2a: Yveltal|Defog|p1a: Eternatus
|-unboost|p1a: Eternatus|evasion|1
|-sideend|p2: Meminger21|Stealth Rock|[from] move: Defog|[of] p2a: Yveltal
|
|upkeep
|turn|18
|
|t:|1659315469
|move|p1a: Eternatus|Toxic|p2a: Yveltal
|-status|p2a: Yveltal|tox
|move|p2a: Yveltal|Knock Off|p1a: Eternatus
|-damage|p1a: Eternatus|39/100
|-enditem|p1a: Eternatus|Heavy-Duty Boots|[from] move: Knock Off|[of] p2a: Yveltal
|
|-damage|p2a: Yveltal|94/100 tox|[from] psn
|upkeep
|turn|19
|
|t:|1659315473
|switch|p2a: Necrozma|Necrozma-Dusk-Mane|100/100
|move|p1a: Eternatus|Recover|p1a: Eternatus
|-heal|p1a: Eternatus|89/100
|
|upkeep
|turn|20
|
|t:|1659315476
|switch|p1a: Landorus|Landorus-Therian, M|100/100
|-ability|p1a: Landorus|Intimidate|boost
|-unboost|p2a: Necrozma|atk|1
|move|p2a: Necrozma|Stealth Rock|p1a: Landorus
|-sidestart|p1: moonlit waves|move: Stealth Rock
|
|upkeep
|turn|21
|
|t:|1659315479
|move|p2a: Necrozma|Toxic|p1a: Landorus
|-status|p1a: Landorus|tox
|move|p1a: Landorus|Stealth Rock|p2a: Necrozma
|-sidestart|p2: Meminger21|move: Stealth Rock
|
|-damage|p1a: Landorus|94/100 tox|[from] psn
|upkeep
|turn|22
|
|t:|1659315486
|move|p2a: Necrozma|Sunsteel Strike|p1a: Landorus
|-damage|p1a: Landorus|71/100 tox
|move|p1a: Landorus|U-turn|p2a: Necrozma
|-damage|p2a: Necrozma|86/100
|
|t:|1659315490
|switch|p1a: Calyrex|Calyrex-Shadow|100/100|[from]move: U-turn
|-ability|p1a: Calyrex|As One
|-ability|p1a: Calyrex|Unnerve
|-damage|p1a: Calyrex|88/100|[from] Stealth Rock
|
|-heal|p2a: Necrozma|92/100|[from] item: Leftovers
|upkeep
|turn|23
|
|t:|1659315496
|switch|p2a: Blissey|Blissey, F|63/100
|-damage|p2a: Blissey|51/100|[from] Stealth Rock
|move|p1a: Calyrex|Aromatherapy|p1a: Calyrex
|-activate|p1a: Calyrex|move: Aromatherapy
|-curestatus|p1: Yveltal|par|[msg]
|-curestatus|p1: Necrozma|par|[msg]
|-curestatus|p1: Landorus|tox|[msg]
|
|upkeep
|turn|24
|
|t:|1659315500
|move|p1a: Calyrex|Psyshock|p2a: Blissey
|-damage|p2a: Blissey|0 fnt
|faint|p2a: Blissey
|-ability|p1a: Calyrex|Grim Neigh|boost
|-boost|p1a: Calyrex|spa|1
|
|upkeep
|
|t:|1659315502
|switch|p2a: Yveltal|Yveltal|94/100 tox
|-ability|p2a: Yveltal|Dark Aura
|turn|25
|
|t:|1659315510
|switch|p1a: Eternatus|Eternatus|89/100
|-damage|p1a: Eternatus|77/100|[from] Stealth Rock
|-ability|p1a: Eternatus|Pressure
|switch|p2a: Marshadow|Marshadow|100/100
|-damage|p2a: Marshadow|94/100|[from] Stealth Rock
|
|upkeep
|turn|26
|
|t:|1659315524
|move|p2a: Marshadow|Spectral Thief|p1a: Eternatus
|-damage|p1a: Eternatus|22/100
|move|p1a: Eternatus|Flamethrower|p2a: Marshadow
|-damage|p2a: Marshadow|62/100
|
|upkeep
|turn|27
|
|t:|1659315529
|switch|p1a: Yveltal|Yveltal|100/100
|-ability|p1a: Yveltal|Dark Aura
|move|p2a: Marshadow|Spectral Thief|p1a: Yveltal
|-resisted|p1a: Yveltal
|-damage|p1a: Yveltal|76/100
|
|upkeep
|turn|28
|
|t:|1659315535
|switch|p2a: Buzzwole|Buzzwole|69/100
|-damage|p2a: Buzzwole|56/100|[from] Stealth Rock
|switch|p1a: Calyrex|Calyrex-Shadow|88/100
|-ability|p1a: Calyrex|As One
|-ability|p1a: Calyrex|Unnerve
|-damage|p1a: Calyrex|76/100|[from] Stealth Rock
|
|upkeep
|turn|29
|
|t:|1659315538
|switch|p2a: Yveltal|Yveltal|94/100 tox
|-ability|p2a: Yveltal|Dark Aura
|move|p1a: Calyrex|Astral Barrage|p2a: Yveltal
|-resisted|p2a: Yveltal
|-crit|p2a: Yveltal
|-damage|p2a: Yveltal|57/100 tox
|
|-damage|p2a: Yveltal|51/100 tox|[from] psn
|upkeep
|turn|30
|
|t:|1659315552
|switch|p1a: Eternatus|Eternatus|22/100
|-damage|p1a: Eternatus|10/100|[from] Stealth Rock
|-ability|p1a: Eternatus|Pressure
|move|p2a: Yveltal|Knock Off|p1a: Eternatus
|-damage|p1a: Eternatus|0 fnt
|faint|p1a: Eternatus
|
|-damage|p2a: Yveltal|39/100 tox|[from] psn
|upkeep
|
|t:|1659315563
|switch|p1a: Necrozma|Necrozma-Dusk-Mane|100/100
|-damage|p1a: Necrozma|94/100|[from] Stealth Rock
|turn|31
|
|t:|1659315569
|switch|p2a: Buzzwole|Buzzwole|56/100
|-damage|p2a: Buzzwole|44/100|[from] Stealth Rock
|move|p1a: Necrozma|Dragon Dance|p1a: Necrozma
|-boost|p1a: Necrozma|atk|1
|-boost|p1a: Necrozma|spe|1
|
|-heal|p1a: Necrozma|100/100|[from] item: Leftovers
|upkeep
|turn|32
|
|t:|1659315573
|move|p1a: Necrozma|Sunsteel Strike|p2a: Buzzwole
|-damage|p2a: Buzzwole|7/100
|move|p2a: Buzzwole|Roost|p2a: Buzzwole
|-heal|p2a: Buzzwole|57/100
|-singleturn|p2a: Buzzwole|move: Roost
|
|upkeep
|turn|33
|
|t:|1659315580
|switch|p1a: Calyrex|Calyrex-Shadow|76/100
|-ability|p1a: Calyrex|As One
|-ability|p1a: Calyrex|Unnerve
|-damage|p1a: Calyrex|64/100|[from] Stealth Rock
|move|p2a: Buzzwole|Bulk Up|p2a: Buzzwole
|-boost|p2a: Buzzwole|atk|1
|-boost|p2a: Buzzwole|def|1
|
|upkeep
|turn|34
|
|t:|1659315584
|switch|p2a: Giratina|Giratina-Origin|100/100 slp
|-damage|p2a: Giratina|88/100 slp|[from] Stealth Rock
|move|p1a: Calyrex|Astral Barrage|p2a: Giratina
|-supereffective|p2a: Giratina
|-damage|p2a: Giratina|0 fnt
|faint|p2a: Giratina
|-ability|p1a: Calyrex|Grim Neigh|boost
|-boost|p1a: Calyrex|spa|1
|
|upkeep
|
|t:|1659315587
|switch|p2a: Marshadow|Marshadow|62/100
|-damage|p2a: Marshadow|56/100|[from] Stealth Rock
|turn|35
|
|t:|1659315593
|switch|p1a: Landorus|Landorus-Therian, M|71/100
|-damage|p1a: Landorus|59/100|[from] Stealth Rock
|-ability|p1a: Landorus|Intimidate|boost
|-unboost|p2a: Marshadow|atk|1
|move|p2a: Marshadow|Low Kick|p1a: Landorus
|-resisted|p1a: Landorus
|-damage|p1a: Landorus|46/100
|
|-heal|p1a: Landorus|52/100|[from] item: Leftovers
|upkeep
|turn|36
|
|t:|1659315599
|switch|p2a: Yveltal|Yveltal|39/100 tox
|-ability|p2a: Yveltal|Dark Aura
|move|p1a: Landorus|U-turn|p2a: Yveltal
|-damage|p2a: Yveltal|21/100 tox
|
|t:|1659315602
|switch|p1a: Necrozma|Necrozma-Dusk-Mane|100/100|[from]move: U-turn
|-damage|p1a: Necrozma|94/100|[from] Stealth Rock
|
|-heal|p1a: Necrozma|100/100|[from] item: Leftovers
|-damage|p2a: Yveltal|15/100 tox|[from] psn
|upkeep
|turn|37
|
|t:|1659315605
|move|p2a: Yveltal|Roost|p2a: Yveltal
|-heal|p2a: Yveltal|65/100 tox
|-singleturn|p2a: Yveltal|move: Roost
|move|p1a: Necrozma|Sunsteel Strike|p2a: Yveltal
|-damage|p2a: Yveltal|23/100 tox
|
|-damage|p2a: Yveltal|11/100 tox|[from] psn
|upkeep
|turn|38
|
|t:|1659315613
|move|p2a: Yveltal|Roost|p2a: Yveltal
|-heal|p2a: Yveltal|61/100 tox
|-singleturn|p2a: Yveltal|move: Roost
|move|p1a: Necrozma|Sunsteel Strike|p2a: Yveltal
|-damage|p2a: Yveltal|14/100 tox
|
|-damage|p2a: Yveltal|0 fnt|[from] psn
|faint|p2a: Yveltal
|upkeep
|
|t:|1659315618
|switch|p2a: Marshadow|Marshadow|56/100
|-damage|p2a: Marshadow|50/100|[from] Stealth Rock
|turn|39
|
|t:|1659315626
|move|p2a: Marshadow|Spectral Thief|p1a: Necrozma
|-supereffective|p1a: Necrozma
|-damage|p1a: Necrozma|30/100
|move|p1a: Necrozma|Sunsteel Strike|p2a: Marshadow
|-damage|p2a: Marshadow|0 fnt
|faint|p2a: Marshadow
|
|-heal|p1a: Necrozma|36/100|[from] item: Leftovers
|upkeep
|c|☆Meminger21|gg
|-message|Meminger21 forfeited.
|
|win|moonlit waves
|n|‽moonlit waves|moonlitwaves
|n|☆Meminger21|meminger21
|n|*Lady Monita ☀|ladymonita
|l|*Lady Monita ☀
|l|☆Meminger21
