|j|☆Atomicbevo
|j|☆ox04
|t:|1663940585
|gametype|singles
|player|p1|Atomicbevo|zinnia|1558
|player|p2|ox04|red-gen7|1720
|teamsize|p1|6
|teamsize|p2|6
|gen|8
|tier|[Gen 8] Ubers
|rated|
|rule|Sleep Clause Mod: Limit one foe put to sleep
|rule|Species Clause: Limit one of each Pokémon
|rule|OHKO Clause: OHKO moves are banned
|rule|Evasion Items Clause: Evasion items are banned
|rule|Evasion Moves Clause: Evasion moves are banned
|rule|Endless Battle Clause: Forcing endless battles is banned
|rule|HP Percentage Mod: HP is shown in percentages
|rule|Dynamax Clause: You cannot dynamax
|clearpoke
|poke|p1|Calyrex-Shadow|
|poke|p1|Necrozma-Dusk-Mane|
|poke|p1|Xerneas-*|
|poke|p1|Yveltal|
|poke|p1|Kyogre|
|poke|p1|Dracovish|
|poke|p2|Marshadow|
|poke|p2|Yveltal|
|poke|p2|Reshiram|
|poke|p2|Necrozma-Dusk-Mane|
|poke|p2|Groudon|
|poke|p2|Zekrom|
|teampreview
|inactive|Battle timer is ON: inactive players will automatically lose when time's up. (requested by Atomicbevo)
|
|t:|1663940599
|start
|switch|p1a: Kyogre|Kyogre|100/100
|switch|p2a: Groudon|Groudon|100/100
|-weather|RainDance|[from] ability: Drizzle|[of] p1a: Kyogre
|-weather|SunnyDay|[from] ability: Drought|[of] p2a: Groudon
|turn|1
|
|t:|1663940609
|switch|p2a: Zekrom|Zekrom|100/100
|-ability|p2a: Zekrom|Teravolt
|move|p1a: Kyogre|Water Spout|p2a: Zekrom
|-resisted|p2a: Zekrom
|-damage|p2a: Zekrom|68/100
|
|-weather|SunnyDay|[upkeep]
|upkeep
|turn|2
|
|t:|1663940619
|switch|p1a: Calyrex|Calyrex-Shadow|100/100
|-ability|p1a: Calyrex|As One
|-ability|p1a: Calyrex|Unnerve
|move|p2a: Zekrom|Volt Switch|p1a: Calyrex
|-damage|p1a: Calyrex|65/100
|
|t:|1663940623
|switch|p2a: Yveltal|Yveltal, shiny|100/100|[from]move: Volt Switch
|-ability|p2a: Yveltal|Dark Aura
|
|-weather|SunnyDay|[upkeep]
|upkeep
|turn|3
|
|t:|1663940626
|switch|p1a: Yveltal|Yveltal, shiny|100/100
|-ability|p1a: Yveltal|Dark Aura
|move|p2a: Yveltal|Oblivion Wing|p1a: Yveltal
|-damage|p1a: Yveltal|73/100
|-damage|p2a: Yveltal|91/100|[from] item: Life Orb
|
|-weather|SunnyDay|[upkeep]
|upkeep
|turn|4
|
|t:|1663940630
|switch|p2a: Reshiram|Reshiram|100/100
|-ability|p2a: Reshiram|Turboblaze
|move|p1a: Yveltal|Knock Off|p2a: Reshiram
|-damage|p2a: Reshiram|48/100
|-enditem|p2a: Reshiram|Life Orb|[from] move: Knock Off|[of] p1a: Yveltal
|
|-weather|SunnyDay|[upkeep]
|upkeep
|turn|5
|
|t:|1663940639
|switch|p1a: Kyogre|Kyogre|100/100
|-weather|RainDance|[from] ability: Drizzle|[of] p1a: Kyogre
|move|p2a: Reshiram|Blue Flare|p1a: Kyogre
|-resisted|p1a: Kyogre
|-damage|p1a: Kyogre|87/100
|
|-weather|RainDance|[upkeep]
|upkeep
|turn|6
|
|t:|1663940646
|move|p1a: Kyogre|Water Spout|p2a: Reshiram
|-damage|p2a: Reshiram|0 fnt
|faint|p2a: Reshiram
|
|-weather|RainDance|[upkeep]
|upkeep
|
|t:|1663940649
|switch|p2a: Zekrom|Zekrom|68/100
|-ability|p2a: Zekrom|Teravolt
|turn|7
|
|t:|1663940654
|switch|p1a: Calyrex|Calyrex-Shadow|65/100
|-ability|p1a: Calyrex|As One
|-ability|p1a: Calyrex|Unnerve
|move|p2a: Zekrom|Bolt Strike|p1a: Calyrex
|-damage|p1a: Calyrex|0 fnt
|faint|p1a: Calyrex
|
|-weather|RainDance|[upkeep]
|upkeep
|
|t:|1663940662
|switch|p1a: Xerneas|Xerneas|100/100
|-ability|p1a: Xerneas|Fairy Aura
|turn|8
|
|t:|1663940665
|switch|p2a: Necrozma|Necrozma-Dusk-Mane|100/100
|switch|p1a: Dracovish|Dracovish|100/100
|
|-weather|RainDance|[upkeep]
|upkeep
|turn|9
|
|t:|1663940670
|switch|p2a: Groudon|Groudon|100/100
|-weather|SunnyDay|[from] ability: Drought|[of] p2a: Groudon
|move|p1a: Dracovish|Fishious Rend|p2a: Groudon
|-supereffective|p2a: Groudon
|-damage|p2a: Groudon|29/100
|
|-weather|SunnyDay|[upkeep]
|-heal|p2a: Groudon|35/100|[from] item: Leftovers
|upkeep
|turn|10
|
|t:|1663940676
|switch|p1a: Kyogre|Kyogre|87/100
|-weather|RainDance|[from] ability: Drizzle|[of] p1a: Kyogre
|switch|p2a: Zekrom|Zekrom|68/100
|-ability|p2a: Zekrom|Teravolt
|
|-weather|RainDance|[upkeep]
|upkeep
|turn|11
|
|t:|1663940682
|move|p2a: Zekrom|Bolt Strike|p1a: Kyogre
|-supereffective|p1a: Kyogre
|-damage|p1a: Kyogre|0 fnt
|faint|p1a: Kyogre
|
|-weather|RainDance|[upkeep]
|upkeep
|
|t:|1663940689
|switch|p1a: Necrozma|Necrozma-Dusk-Mane|100/100
|turn|12
|
|t:|1663940695
|switch|p2a: Groudon|Groudon|35/100
|-weather|SunnyDay|[from] ability: Drought|[of] p2a: Groudon
|move|p1a: Necrozma|Earthquake|p2a: Groudon
|-damage|p2a: Groudon|15/100
|
|-weather|SunnyDay|[upkeep]
|-heal|p2a: Groudon|21/100|[from] item: Leftovers
|upkeep
|turn|13
|
|t:|1663940698
|switch|p1a: Yveltal|Yveltal, shiny|73/100
|-ability|p1a: Yveltal|Dark Aura
|move|p2a: Groudon|Thunder Wave|p1a: Yveltal
|-status|p1a: Yveltal|par
|
|-weather|SunnyDay|[upkeep]
|-heal|p2a: Groudon|27/100|[from] item: Leftovers
|upkeep
|turn|14
|
|t:|1663940704
|switch|p2a: Yveltal|Yveltal, shiny|91/100
|-ability|p2a: Yveltal|Dark Aura
|move|p1a: Yveltal|U-turn|p2a: Yveltal
|-damage|p2a: Yveltal|71/100
|
|t:|1663940707
|switch|p1a: Xerneas|Xerneas|100/100|[from]move: U-turn
|-ability|p1a: Xerneas|Fairy Aura
|
|-weather|SunnyDay|[upkeep]
|upkeep
|turn|15
|
|t:|1663940713
|switch|p2a: Necrozma|Necrozma-Dusk-Mane|100/100
|move|p1a: Xerneas|Geomancy||[still]
|-prepare|p1a: Xerneas|Geomancy
|-enditem|p1a: Xerneas|Power Herb
|-anim|p1a: Xerneas|Geomancy|p1a: Xerneas
|-boost|p1a: Xerneas|spa|2
|-boost|p1a: Xerneas|spd|2
|-boost|p1a: Xerneas|spe|2
|
|-weather|SunnyDay|[upkeep]
|upkeep
|turn|16
|
|t:|1663940717
|move|p1a: Xerneas|Moonblast|p2a: Necrozma
|-resisted|p2a: Necrozma
|-damage|p2a: Necrozma|48/100
|-unboost|p2a: Necrozma|spa|1
|move|p2a: Necrozma|Sunsteel Strike|p1a: Xerneas
|-supereffective|p1a: Xerneas
|-damage|p1a: Xerneas|6/100
|
|-weather|none
|-heal|p2a: Necrozma|54/100|[from] item: Leftovers
|upkeep
|turn|17
|
|t:|1663940732
|switch|p2a: Groudon|Groudon|27/100
|-weather|SunnyDay|[from] ability: Drought|[of] p2a: Groudon
|move|p1a: Xerneas|Thunder|p2a: Groudon
|-immune|p2a: Groudon
|
|-weather|SunnyDay|[upkeep]
|-heal|p2a: Groudon|33/100|[from] item: Leftovers
|upkeep
|turn|18
|
|t:|1663940736
|move|p1a: Xerneas|Moonblast|p2a: Groudon
|-damage|p2a: Groudon|0 fnt
|faint|p2a: Groudon
|
|-weather|SunnyDay|[upkeep]
|upkeep
|
|t:|1663940738
|switch|p2a: Marshadow|Marshadow|100/100
|turn|19
|
|t:|1663940741
|switch|p1a: Yveltal|Yveltal, shiny|73/100 par
|-ability|p1a: Yveltal|Dark Aura
|move|p2a: Marshadow|Shadow Sneak|p1a: Yveltal
|-resisted|p1a: Yveltal
|-damage|p1a: Yveltal|58/100 par
|-damage|p2a: Marshadow|91/100|[from] item: Life Orb
|
|-weather|SunnyDay|[upkeep]
|upkeep
|turn|20
|
|t:|1663940745
|move|p2a: Marshadow|Low Kick|p1a: Yveltal
|-damage|p1a: Yveltal|0 fnt
|faint|p1a: Yveltal
|-damage|p2a: Marshadow|81/100|[from] item: Life Orb
|
|-weather|SunnyDay|[upkeep]
|upkeep
|
|t:|1663940750
|switch|p1a: Dracovish|Dracovish|100/100
|turn|21
|
|t:|1663940753
|move|p2a: Marshadow|Low Kick|p1a: Dracovish
|-damage|p1a: Dracovish|23/100
|-damage|p2a: Marshadow|71/100|[from] item: Life Orb
|move|p1a: Dracovish|Psychic Fangs|p2a: Marshadow
|-supereffective|p2a: Marshadow
|-damage|p2a: Marshadow|0 fnt
|faint|p2a: Marshadow
|
|-weather|none
|upkeep
|
|t:|1663940760
|switch|p2a: Zekrom|Zekrom|68/100
|-ability|p2a: Zekrom|Teravolt
|turn|22
|
|t:|1663940762
|switch|p1a: Xerneas|Xerneas|6/100
|-ability|p1a: Xerneas|Fairy Aura
|move|p2a: Zekrom|Volt Switch|p1a: Xerneas
|-damage|p1a: Xerneas|0 fnt
|faint|p1a: Xerneas
|
|t:|1663940764
|switch|p2a: Yveltal|Yveltal, shiny|71/100|[from]move: Volt Switch
|-ability|p2a: Yveltal|Dark Aura
|
|upkeep
|
|t:|1663940767
|switch|p1a: Necrozma|Necrozma-Dusk-Mane|100/100
|turn|23
|
|t:|1663940772
|move|p2a: Yveltal|Taunt|p1a: Necrozma
|-start|p1a: Necrozma|move: Taunt
|move|p1a: Necrozma|Sunsteel Strike|p2a: Yveltal
|-damage|p2a: Yveltal|28/100
|
|upkeep
|turn|24
|
|t:|1663940775
|move|p2a: Yveltal|Dark Pulse|p1a: Necrozma
|-supereffective|p1a: Necrozma
|-damage|p1a: Necrozma|40/100
|-enditem|p1a: Necrozma|Weakness Policy
|-boost|p1a: Necrozma|atk|2|[from] item: Weakness Policy
|-boost|p1a: Necrozma|spa|2|[from] item: Weakness Policy
|-damage|p2a: Yveltal|18/100|[from] item: Life Orb
|move|p1a: Necrozma|Sunsteel Strike|p2a: Yveltal
|-damage|p2a: Yveltal|0 fnt
|faint|p2a: Yveltal
|
|upkeep
|
|t:|1663940780
|switch|p2a: Zekrom|Zekrom|68/100
|-ability|p2a: Zekrom|Teravolt
|turn|25
|
|t:|1663940782
|move|p2a: Zekrom|Volt Switch|p1a: Necrozma
|-crit|p1a: Necrozma
|-damage|p1a: Necrozma|8/100
|
|t:|1663940786
|switch|p2a: Necrozma|Necrozma-Dusk-Mane|54/100|[from]move: Volt Switch
|move|p1a: Necrozma|Earthquake|p2a: Necrozma
|-supereffective|p2a: Necrozma
|-damage|p2a: Necrozma|0 fnt
|faint|p2a: Necrozma
|
|-end|p1a: Necrozma|move: Taunt
|upkeep
|
|t:|1663940787
|switch|p2a: Zekrom|Zekrom|68/100
|-ability|p2a: Zekrom|Teravolt
|turn|26
|c|☆ox04|gg
|
|t:|1663940790
|move|p2a: Zekrom|Volt Switch|p1a: Necrozma
|-damage|p1a: Necrozma|0 fnt
|faint|p1a: Necrozma
|
|upkeep
|
|t:|1663940792
|switch|p1a: Dracovish|Dracovish|23/100
|turn|27
|
|t:|1663940794
|move|p2a: Zekrom|Volt Switch|p1a: Dracovish
|-damage|p1a: Dracovish|0 fnt
|faint|p1a: Dracovish
|
|win|ox04
|raw|Atomicbevo's rating: 1558 &rarr; <strong>1547</strong><br />(-11 for losing)
|raw|ox04's rating: 1720 &rarr; <strong>1731</strong><br />(+11 for winning)
|l|☆Atomicbevo
||Ladder isn't responding, score probably updated but might not have (Request timeout).
