|j|☆Ryrissu
|j|☆GorLeon
|t:|1668266091
|gametype|singles
|player|p1|Ryrissu|hilbert-wonderlauncher|1577
|player|p2|GorLeon|dragontamer|1450
|teamsize|p1|6
|teamsize|p2|6
|gen|8
|tier|[Gen 8] Ubers
|rated|
|rule|Sleep Clause Mod: Limit one foe put to sleep
|rule|Species Clause: Limit one of each Pokémon
|rule|OHKO Clause: OHKO moves are banned
|rule|Evasion Items Clause: Evasion items are banned
|rule|Evasion Moves Clause: Evasion moves are banned
|rule|Endless Battle Clause: Forcing endless battles is banned
|rule|HP Percentage Mod: HP is shown in percentages
|rule|Dynamax Clause: You cannot dynamax
|clearpoke
|poke|p1|Kyogre|
|poke|p1|Kyurem-Black|
|poke|p1|Groudon|
|poke|p1|Zekrom|
|poke|p1|Yveltal|
|poke|p1|Necrozma-Dusk-Mane|
|poke|p2|Calyrex-Ice|
|poke|p2|Hatterene, F|
|poke|p2|Porygon2|
|poke|p2|Kyogre|
|poke|p2|Melmetal|
|poke|p2|Xatu, M|
|teampreview
|inactive|Battle timer is ON: inactive players will automatically lose when time's up. (requested by GorLeon)
|c|☆GorLeon|gl hf
|
|t:|1668266104
|start
|switch|p1a: Kyogre|Kyogre|100/100
|switch|p2a: Xatu|Xatu, M|100/100
|-weather|RainDance|[from] ability: Drizzle|[of] p1a: Kyogre
|turn|1
|inactive|Ryrissu has 120 seconds left.
|
|t:|1668266159
|switch|p1a: Zekrom|Zekrom|100/100
|-ability|p1a: Zekrom|Teravolt
|move|p2a: Xatu|Trick Room|p2a: Xatu
|-fieldstart|move: Trick Room|[of] p2a: Xatu
|
|-weather|RainDance|[upkeep]
|upkeep
|turn|2
|
|t:|1668266166
|move|p1a: Zekrom|Bolt Strike|p2a: Xatu
|-supereffective|p2a: Xatu
|-enditem|p2a: Xatu|Focus Sash
|-damage|p2a: Xatu|1/100
|-status|p2a: Xatu|par
|move|p2a: Xatu|Teleport|p2a: Xatu
|
|t:|1668266172
|switch|p2a: Calyrex|Calyrex-Ice|100/100|[from]move: Teleport
|-ability|p2a: Calyrex|As One
|-ability|p2a: Calyrex|Unnerve
|
|-weather|RainDance|[upkeep]
|upkeep
|turn|3
|j| mandada90
|
|t:|1668266179
|switch|p1a: Kyogre|Kyogre|100/100
|move|p2a: Calyrex|Glacial Lance|p1a: Kyogre
|-resisted|p1a: Kyogre
|-damage|p1a: Kyogre|49/100
|
|-weather|RainDance|[upkeep]
|-heal|p1a: Kyogre|55/100|[from] item: Leftovers
|upkeep
|turn|4
|
|t:|1668266190
|move|p2a: Calyrex|Glacial Lance|p1a: Kyogre
|-resisted|p1a: Kyogre
|-damage|p1a: Kyogre|7/100
|move|p1a: Kyogre|Origin Pulse|p2a: Calyrex|[miss]
|-miss|p1a: Kyogre|p2a: Calyrex
|
|-weather|RainDance|[upkeep]
|-heal|p1a: Kyogre|14/100|[from] item: Leftovers
|upkeep
|turn|5
|
|t:|1668266197
|move|p2a: Calyrex|Glacial Lance|p1a: Kyogre
|-resisted|p1a: Kyogre
|-damage|p1a: Kyogre|0 fnt
|faint|p1a: Kyogre
|-ability|p2a: Calyrex|Chilling Neigh|boost
|-boost|p2a: Calyrex|atk|1
|
|-weather|none
|-fieldend|move: Trick Room
|upkeep
|
|t:|1668266199
|switch|p1a: Necrozma|Necrozma-Dusk-Mane|100/100
|turn|6
|
|t:|1668266204
|switch|p2a: Xatu|Xatu, M|1/100 par
|move|p1a: Necrozma|Sunsteel Strike|p2a: Xatu
|-damage|p2a: Xatu|0 fnt
|faint|p2a: Xatu
|
|upkeep
|
|t:|1668266211
|switch|p2a: Porygon2|Porygon2|100/100
|-ability|p2a: Porygon2|Prism Armor|[from] ability: Trace|[of] p1a: Necrozma
|turn|7
|
|t:|1668266216
|switch|p1a: Zekrom|Zekrom|100/100
|-ability|p1a: Zekrom|Teravolt
|move|p2a: Porygon2|Trick Room|p2a: Porygon2
|-fieldstart|move: Trick Room|[of] p2a: Porygon2
|
|upkeep
|turn|8
|
|t:|1668266222
|move|p1a: Zekrom|Bolt Strike|p2a: Porygon2
|-damage|p2a: Porygon2|58/100
|move|p2a: Porygon2|Teleport|p2a: Porygon2
|
|t:|1668266226
|switch|p2a: Calyrex|Calyrex-Ice|100/100|[from]move: Teleport
|-ability|p2a: Calyrex|As One
|-ability|p2a: Calyrex|Unnerve
|
|upkeep
|turn|9
|
|t:|1668266229
|switch|p1a: Necrozma|Necrozma-Dusk-Mane|100/100
|move|p2a: Calyrex|Glacial Lance|p1a: Necrozma
|-resisted|p1a: Necrozma
|-damage|p1a: Necrozma|66/100
|
|-heal|p1a: Necrozma|72/100|[from] item: Leftovers
|upkeep
|turn|10
|
|t:|1668266242
|move|p2a: Calyrex|High Horsepower|p1a: Necrozma
|-supereffective|p1a: Necrozma
|-damage|p1a: Necrozma|27/100
|move|p1a: Necrozma|Sunsteel Strike|p2a: Calyrex
|-supereffective|p2a: Calyrex
|-damage|p2a: Calyrex|36/100
|
|-heal|p1a: Necrozma|33/100|[from] item: Leftovers
|upkeep
|turn|11
|l| mandada90
|
|t:|1668266252
|switch|p1a: Yveltal|Yveltal|100/100
|-ability|p1a: Yveltal|Dark Aura
|move|p2a: Calyrex|Glacial Lance|p1a: Yveltal
|-supereffective|p1a: Yveltal
|-damage|p1a: Yveltal|0 fnt
|faint|p1a: Yveltal
|-ability|p2a: Calyrex|Chilling Neigh|boost
|-boost|p2a: Calyrex|atk|1
|
|-fieldend|move: Trick Room
|upkeep
|
|t:|1668266254
|switch|p1a: Necrozma|Necrozma-Dusk-Mane|33/100
|turn|12
|j| mandada90
|inactive|GorLeon has 120 seconds left.
|l| mandada90
|
|t:|1668266296
|switch|p2a: Melmetal|Melmetal|100/100
|move|p1a: Necrozma|Morning Sun|p1a: Necrozma
|-heal|p1a: Necrozma|83/100
|
|-heal|p1a: Necrozma|89/100|[from] item: Leftovers
|upkeep
|turn|13
|
|t:|1668266319
|switch|p1a: Zekrom|Zekrom|100/100
|-ability|p1a: Zekrom|Teravolt
|move|p2a: Melmetal|Earthquake|p1a: Zekrom
|-supereffective|p1a: Zekrom
|-damage|p1a: Zekrom|14/100
|
|upkeep
|turn|14
|
|t:|1668266323
|move|p1a: Zekrom|Bolt Strike|p2a: Melmetal
|-damage|p2a: Melmetal|55/100
|move|p2a: Melmetal|Earthquake|p1a: Zekrom
|-supereffective|p1a: Zekrom
|-damage|p1a: Zekrom|0 fnt
|faint|p1a: Zekrom
|
|upkeep
|
|t:|1668266332
|switch|p1a: Groudon|Groudon|100/100
|-weather|SunnyDay|[from] ability: Drought|[of] p1a: Groudon
|turn|15
|
|t:|1668266343
|move|p1a: Groudon|Precipice Blades|p2a: Melmetal
|-supereffective|p2a: Melmetal
|-damage|p2a: Melmetal|0 fnt
|faint|p2a: Melmetal
|
|-weather|SunnyDay|[upkeep]
|upkeep
|
|t:|1668266346
|switch|p2a: Kyogre|Kyogre|100/100
|-weather|RainDance|[from] ability: Drizzle|[of] p2a: Kyogre
|turn|16
|
|t:|1668266355
|switch|p1a: Kyurem|Kyurem-Black|100/100
|-ability|p1a: Kyurem|Teravolt
|move|p2a: Kyogre|Origin Pulse|p1a: Kyurem
|-resisted|p1a: Kyurem
|-damage|p1a: Kyurem|31/100
|
|-weather|RainDance|[upkeep]
|upkeep
|turn|17
|
|t:|1668266363
|switch|p2a: Porygon2|Porygon2|58/100
|-ability|p2a: Porygon2|Teravolt|[from] ability: Trace|[of] p1a: Kyurem
|-ability|p2a: Porygon2|Teravolt
|move|p1a: Kyurem|Fusion Bolt|p2a: Porygon2
|-damage|p2a: Porygon2|37/100
|
|-weather|RainDance|[upkeep]
|upkeep
|turn|18
|
|t:|1668266372
|move|p1a: Kyurem|Dragon Claw|p2a: Porygon2
|-damage|p2a: Porygon2|15/100
|move|p2a: Porygon2|Trick Room|p2a: Porygon2
|-fieldstart|move: Trick Room|[of] p2a: Porygon2
|
|-weather|RainDance|[upkeep]
|upkeep
|turn|19
|
|t:|1668266383
|move|p1a: Kyurem|Fusion Bolt|p2a: Porygon2
|-damage|p2a: Porygon2|0 fnt
|faint|p2a: Porygon2
|
|-weather|RainDance|[upkeep]
|upkeep
|
|t:|1668266388
|switch|p2a: Calyrex|Calyrex-Ice|36/100
|-ability|p2a: Calyrex|As One
|-ability|p2a: Calyrex|Unnerve
|turn|20
|
|t:|1668266393
|move|p2a: Calyrex|High Horsepower|p1a: Kyurem
|-damage|p1a: Kyurem|0 fnt
|faint|p1a: Kyurem
|-ability|p2a: Calyrex|Chilling Neigh|boost
|-boost|p2a: Calyrex|atk|1
|
|-weather|none
|upkeep
|
|t:|1668266395
|switch|p1a: Necrozma|Necrozma-Dusk-Mane|89/100
|turn|21
|
|t:|1668266400
|move|p2a: Calyrex|High Horsepower|p1a: Necrozma
|-supereffective|p1a: Necrozma
|-damage|p1a: Necrozma|23/100
|move|p1a: Necrozma|Morning Sun|p1a: Necrozma
|-heal|p1a: Necrozma|73/100
|
|-heal|p1a: Necrozma|79/100|[from] item: Leftovers
|upkeep
|turn|22
|
|t:|1668266407
|move|p2a: Calyrex|Swords Dance|p2a: Calyrex
|-boost|p2a: Calyrex|atk|2
|move|p1a: Necrozma|Morning Sun|p1a: Necrozma
|-heal|p1a: Necrozma|100/100
|
|-fieldend|move: Trick Room
|upkeep
|turn|23
|
|t:|1668266410
|move|p1a: Necrozma|Sunsteel Strike|p2a: Calyrex
|-supereffective|p2a: Calyrex
|-damage|p2a: Calyrex|0 fnt
|faint|p2a: Calyrex
|
|upkeep
|
|t:|1668266414
|switch|p2a: Hatterene|Hatterene, F|100/100
|turn|24
|
|t:|1668266416
|move|p1a: Necrozma|Cosmic Power|p1a: Necrozma
|-boost|p1a: Necrozma|def|1
|-boost|p1a: Necrozma|spd|1
|move|p2a: Hatterene|Trick Room|p2a: Hatterene
|-fieldstart|move: Trick Room|[of] p2a: Hatterene
|
|upkeep
|turn|25
|
|t:|1668266420
|move|p2a: Hatterene|Misty Explosion|p1a: Necrozma
|-resisted|p1a: Necrozma
|-damage|p1a: Necrozma|89/100
|faint|p2a: Hatterene
|move|p1a: Necrozma|Cosmic Power|p1a: Necrozma
|-boost|p1a: Necrozma|def|1
|-boost|p1a: Necrozma|spd|1
|
|-heal|p1a: Necrozma|95/100|[from] item: Leftovers
|upkeep
|
|t:|1668266426
|switch|p2a: Kyogre|Kyogre|100/100
|-weather|RainDance|[from] ability: Drizzle|[of] p2a: Kyogre
|turn|26
|
|t:|1668266429
|move|p2a: Kyogre|Water Spout|p1a: Necrozma
|-damage|p1a: Necrozma|36/100
|move|p1a: Necrozma|Sunsteel Strike|p2a: Kyogre
|-resisted|p2a: Kyogre
|-damage|p2a: Kyogre|77/100
|
|-weather|RainDance|[upkeep]
|-heal|p1a: Necrozma|42/100|[from] item: Leftovers
|upkeep
|turn|27
|
|t:|1668266434
|move|p2a: Kyogre|Water Spout|p1a: Necrozma
|-damage|p1a: Necrozma|0 fnt
|faint|p1a: Necrozma
|
|-weather|RainDance|[upkeep]
|upkeep
|
|t:|1668266437
|switch|p1a: Groudon|Groudon|100/100
|-weather|SunnyDay|[from] ability: Drought|[of] p1a: Groudon
|turn|28
|
|t:|1668266443
|move|p2a: Kyogre|Water Spout|p1a: Groudon
|-supereffective|p1a: Groudon
|-damage|p1a: Groudon|0 fnt
|faint|p1a: Groudon
|
|win|GorLeon
|raw|Ryrissu's rating: 1577 &rarr; <strong>1550</strong><br />(-27 for losing)
|raw|GorLeon's rating: 1450 &rarr; <strong>1477</strong><br />(+27 for winning)
|c|☆GorLeon|gg
|l|☆Ryrissu
