|j|☆LycanrocLover745
|j|☆Rhmsitb
|inactive|Battle timer is ON: inactive players will automatically lose when time's up.
|t:|1628231828
|gametype|singles
|player|p1|LycanrocLover745|169|
|player|p2|Rhmsitb|unknown|
|teamsize|p1|6
|teamsize|p2|6
|gen|8
|tier|[Gen 8] Ubers
|rated|Tournament battle
|rule|Sleep Clause Mod: Limit one foe put to sleep
|rule|Species Clause: Limit one of each Pokémon
|rule|OHKO Clause: OHKO moves are banned
|rule|Evasion Moves Clause: Evasion moves are banned
|rule|Endless Battle Clause: Forcing endless battles is banned
|rule|HP Percentage Mod: HP is shown in percentages
|rule|Dynamax Clause: You cannot dynamax
|clearpoke
|poke|p1|Lycanroc, F|
|poke|p1|Cloyster, F|
|poke|p1|Yveltal|
|poke|p1|Marshadow|
|poke|p1|Kyogre|
|poke|p1|Necrozma-Dusk-Mane|
|poke|p2|Accelgor, M|
|poke|p2|Necrozma-Dusk-Mane|
|poke|p2|Calyrex-Ice|
|poke|p2|Marshadow|
|poke|p2|Xerneas-*|
|poke|p2|Zekrom|
|teampreview
|j|*Lady Monita
|j| adhiraj.saini
|
|t:|1628231842
|start
|switch|p1a: Cloyster|Cloyster, F|100/100
|switch|p2a: Accelgor|Accelgor, M|100/100
|turn|1
|
|t:|1628231849
|move|p2a: Accelgor|Spikes|p1a: Cloyster
|-sidestart|p1: LycanrocLover745|Spikes
|move|p1a: Cloyster|Shell Smash|p1a: Cloyster
|-unboost|p1a: Cloyster|def|1
|-unboost|p1a: Cloyster|spd|1
|-boost|p1a: Cloyster|atk|2
|-boost|p1a: Cloyster|spa|2
|-boost|p1a: Cloyster|spe|2
|
|upkeep
|turn|2
|
|t:|1628231855
|move|p1a: Cloyster|Rapid Spin|p2a: Accelgor
|-damage|p2a: Accelgor|25/100
|-boost|p1a: Cloyster|spe|1
|-sideend|p1: LycanrocLover745|Spikes|[from] move: Rapid Spin|[of] p1a: Cloyster
|move|p2a: Accelgor|Encore|p1a: Cloyster
|-start|p1a: Cloyster|Encore
|
|upkeep
|turn|3
|
|t:|1628231861
|switch|p2a: Marshadow|Marshadow|100/100
|move|p1a: Cloyster|Rapid Spin|p2a: Marshadow
|-immune|p2a: Marshadow
|
|upkeep
|turn|4
|
|t:|1628231876
|switch|p1a: Yveltal|Yveltal|100/100
|-ability|p1a: Yveltal|Dark Aura
|move|p2a: Marshadow|Close Combat|p1a: Yveltal
|-damage|p1a: Yveltal|26/100
|-unboost|p2a: Marshadow|def|1
|-unboost|p2a: Marshadow|spd|1
|-damage|p2a: Marshadow|91/100|[from] item: Life Orb
|
|upkeep
|turn|5
|
|t:|1628231884
|move|p1a: Yveltal|Sucker Punch|p2a: Marshadow
|-damage|p2a: Marshadow|0 fnt
|faint|p2a: Marshadow
|-damage|p1a: Yveltal|16/100|[from] item: Life Orb
|
|upkeep
|
|t:|1628231890
|switch|p2a: Accelgor|Accelgor, M|25/100
|turn|6
|
|t:|1628231894
|switch|p1a: Cloyster|Cloyster, F|100/100
|move|p2a: Accelgor|Encore||[still]
|-fail|p2a: Accelgor
|
|upkeep
|turn|7
|
|t:|1628231903
|move|p2a: Accelgor|Knock Off|p1a: Cloyster
|-damage|p1a: Cloyster|80/100
|-enditem|p1a: Cloyster|Focus Sash|[from] move: Knock Off|[of] p2a: Accelgor
|move|p1a: Cloyster|Shell Smash|p1a: Cloyster
|-unboost|p1a: Cloyster|def|1
|-unboost|p1a: Cloyster|spd|1
|-boost|p1a: Cloyster|atk|2
|-boost|p1a: Cloyster|spa|2
|-boost|p1a: Cloyster|spe|2
|
|upkeep
|turn|8
|
|t:|1628231908
|move|p1a: Cloyster|Icicle Spear|p2a: Accelgor
|-damage|p2a: Accelgor|0 fnt
|faint|p2a: Accelgor
|-hitcount|p2: Accelgor|1
|
|upkeep
|
|t:|1628231914
|switch|p2a: Xerneas|Xerneas|100/100
|-ability|p2a: Xerneas|Fairy Aura
|turn|9
|
|t:|1628231918
|move|p1a: Cloyster|Icicle Spear|p2a: Xerneas
|-damage|p2a: Xerneas|84/100
|-damage|p2a: Xerneas|68/100
|-damage|p2a: Xerneas|51/100
|-damage|p2a: Xerneas|36/100
|-damage|p2a: Xerneas|20/100
|-hitcount|p2a: Xerneas|5
|move|p2a: Xerneas|Geomancy||[still]
|-prepare|p2a: Xerneas|Geomancy
|-enditem|p2a: Xerneas|Power Herb
|-anim|p2a: Xerneas|Geomancy|p2a: Xerneas
|-boost|p2a: Xerneas|spa|2
|-boost|p2a: Xerneas|spd|2
|-boost|p2a: Xerneas|spe|2
|
|upkeep
|turn|10
|
|t:|1628231930
|move|p1a: Cloyster|Spikes|p2a: Xerneas
|-sidestart|p2: Rhmsitb|Spikes
|move|p2a: Xerneas|Moonblast|p1a: Cloyster
|-damage|p1a: Cloyster|0 fnt
|faint|p1a: Cloyster
|
|upkeep
|c|☆LycanrocLover745|lol
|c|☆LycanrocLover745|i outsped
|c|☆Rhmsitb|yh
|c|☆Rhmsitb|im slow
|
|t:|1628231950
|switch|p1a: Marshadow|Marshadow|100/100
|turn|11
|
|t:|1628231953
|move|p1a: Marshadow|Shadow Sneak|p2a: Xerneas
|-damage|p2a: Xerneas|0 fnt
|faint|p2a: Xerneas
|
|upkeep
|
|t:|1628231966
|switch|p2a: Calyrex|Calyrex-Ice|100/100
|-ability|p2a: Calyrex|As One
|-ability|p2a: Calyrex|Unnerve
|turn|12
|l| adhiraj.saini
|
|t:|1628231972
|switch|p1a: Yveltal|Yveltal|16/100
|-ability|p1a: Yveltal|Dark Aura
|move|p2a: Calyrex|Trick Room|p2a: Calyrex
|-fieldstart|move: Trick Room|[of] p2a: Calyrex
|
|upkeep
|turn|13
|
|t:|1628231977
|move|p1a: Yveltal|Sucker Punch|p2a: Calyrex
|-supereffective|p2a: Calyrex
|-damage|p2a: Calyrex|21/100
|-damage|p1a: Yveltal|6/100|[from] item: Life Orb
|move|p2a: Calyrex|Glacial Lance|p1a: Yveltal
|-supereffective|p1a: Yveltal
|-damage|p1a: Yveltal|0 fnt
|faint|p1a: Yveltal
|-ability|p2a: Calyrex|Chilling Neigh|boost
|-boost|p2a: Calyrex|atk|1
|
|upkeep
|
|t:|1628231989
|switch|p1a: Necrozma|Necrozma-Dusk-Mane|100/100
|turn|14
|
|t:|1628231995
|move|p2a: Calyrex|High Horsepower|p1a: Necrozma
|-supereffective|p1a: Necrozma
|-damage|p1a: Necrozma|31/100
|-enditem|p1a: Necrozma|Weakness Policy
|-boost|p1a: Necrozma|atk|2|[from] item: Weakness Policy
|-boost|p1a: Necrozma|spa|2|[from] item: Weakness Policy
|move|p1a: Necrozma|Sunsteel Strike|p2a: Calyrex
|-supereffective|p2a: Calyrex
|-damage|p2a: Calyrex|0 fnt
|faint|p2a: Calyrex
|
|upkeep
|
|t:|1628232002
|switch|p2a: Necrozma|Necrozma-Dusk-Mane|100/100
|-damage|p2a: Necrozma|88/100|[from] Spikes
|turn|15
|c|☆Rhmsitb|gg
|
|t:|1628232010
|move|p1a: Necrozma|Sunsteel Strike|p2a: Necrozma
|-resisted|p2a: Necrozma
|-damage|p2a: Necrozma|29/100
|move|p2a: Necrozma|Earthquake|p1a: Necrozma
|-supereffective|p1a: Necrozma
|-damage|p1a: Necrozma|0 fnt
|faint|p1a: Necrozma
|-damage|p2a: Necrozma|19/100|[from] item: Life Orb
|
|upkeep
|
|t:|1628232016
|switch|p1a: Marshadow|Marshadow|100/100
|turn|16
|c|☆LycanrocLover745|gg
|
|t:|1628232024
|move|p1a: Marshadow|Shadow Sneak|p2a: Necrozma
|-supereffective|p2a: Necrozma
|-damage|p2a: Necrozma|0 fnt
|faint|p2a: Necrozma
|
|-fieldend|move: Trick Room
|upkeep
|
|t:|1628232028
|switch|p2a: Zekrom|Zekrom|100/100
|-damage|p2a: Zekrom|88/100|[from] Spikes
|-ability|p2a: Zekrom|Teravolt
|turn|17
|
|t:|1628232032
|move|p1a: Marshadow|Spectral Thief|p2a: Zekrom
|-damage|p2a: Zekrom|52/100
|move|p2a: Zekrom|Bolt Strike|p1a: Marshadow
|-enditem|p1a: Marshadow|Focus Sash
|-damage|p1a: Marshadow|1/100
|-damage|p2a: Zekrom|42/100|[from] item: Life Orb
|
|upkeep
|turn|18
|
|t:|1628232041
|move|p1a: Marshadow|Close Combat|p2a: Zekrom
|-damage|p2a: Zekrom|0 fnt
|-unboost|p1a: Marshadow|def|1
|-unboost|p1a: Marshadow|spd|1
|faint|p2a: Zekrom
|
|win|LycanrocLover745
|n|☆LycanrocLover745|lycanroclover745
|n|☆Rhmsitb|rhmsitb
|n|*Lady Monita|ladymonita
|l|*Lady Monita
