|raw|<div class="broadcast-blue"><strong>This battle is required to be public due to a player having a name starting with 'ult9ns'.</div>
|j|☆ult9ns Gros Nul
|j|☆ult9ns cringe
|t:|1653743314
|gametype|singles
|player|p1|ult9ns Gros Nul|biker-gen4|1550
|player|p2|ult9ns cringe|lass-gen4|1625
|teamsize|p1|6
|teamsize|p2|6
|gen|8
|tier|[Gen 8] Ubers
|rated|
|rule|Sleep Clause Mod: Limit one foe put to sleep
|rule|Species Clause: Limit one of each Pokémon
|rule|OHKO Clause: OHKO moves are banned
|rule|Evasion Moves Clause: Evasion moves are banned
|rule|Endless Battle Clause: Forcing endless battles is banned
|rule|HP Percentage Mod: HP is shown in percentages
|rule|Dynamax Clause: You cannot dynamax
|clearpoke
|poke|p1|Calyrex-Shadow|
|poke|p1|Ho-Oh|
|poke|p1|Yveltal|
|poke|p1|Necrozma-Dusk-Mane|
|poke|p1|Ferrothorn, M|
|poke|p1|Groudon|
|poke|p2|Corviknight, M|
|poke|p2|Yveltal|
|poke|p2|Blissey, F|
|poke|p2|Toxapex, F|
|poke|p2|Lunala|
|poke|p2|Zygarde|
|teampreview
|c|☆ult9ns Gros Nul|pas cool
|inactive|Battle timer is ON: inactive players will automatically lose when time's up. (requested by ult9ns cringe)
|
|t:|1653743333
|start
|switch|p1a: Calyrex|Calyrex-Shadow|100/100
|switch|p2a: Yveltal|Yveltal|100/100
|-ability|p1a: Calyrex|As One
|-ability|p1a: Calyrex|Unnerve
|-ability|p2a: Yveltal|Dark Aura
|turn|1
|
|t:|1653743341
|switch|p1a: Yveltal|Yveltal|100/100
|-ability|p1a: Yveltal|Dark Aura
|move|p2a: Yveltal|Knock Off|p1a: Yveltal
|-resisted|p1a: Yveltal
|-damage|p1a: Yveltal|76/100
|-enditem|p1a: Yveltal|Choice Scarf|[from] move: Knock Off|[of] p2a: Yveltal
|
|upkeep
|turn|2
|
|t:|1653743346
|switch|p2a: Toxapex|Toxapex, F|100/100
|move|p1a: Yveltal|Knock Off|p2a: Toxapex
|-damage|p2a: Toxapex|64/100
|-enditem|p2a: Toxapex|Wacan Berry|[from] move: Knock Off|[of] p1a: Yveltal
|
|upkeep
|turn|3
|
|t:|1653743349
|move|p1a: Yveltal|U-turn|p2a: Toxapex
|-resisted|p2a: Toxapex
|-damage|p2a: Toxapex|57/100
|
|t:|1653743354
|switch|p1a: Calyrex|Calyrex-Shadow|100/100|[from]move: U-turn
|-ability|p1a: Calyrex|As One
|-ability|p1a: Calyrex|Unnerve
|move|p2a: Toxapex|Toxic Spikes|p1a: Calyrex
|-sidestart|p1: ult9ns Gros Nul|move: Toxic Spikes
|
|upkeep
|turn|4
|j| ULT9NS time
|
|t:|1653743362
|switch|p2a: Blissey|Blissey, F|100/100
|move|p1a: Calyrex|Trick|p2a: Blissey
|-activate|p1a: Calyrex|move: Trick|[of] p2a: Blissey
|-item|p2a: Blissey|Choice Specs|[from] move: Trick
|-item|p1a: Calyrex|Heavy-Duty Boots|[from] move: Trick
|
|upkeep
|turn|5
|
|t:|1653743368
|switch|p1a: Ho-Oh|Ho-Oh|100/100
|switch|p2a: Yveltal|Yveltal|100/100
|-ability|p2a: Yveltal|Dark Aura
|
|upkeep
|turn|6
|
|t:|1653743374
|move|p1a: Ho-Oh|Sacred Fire|p2a: Yveltal
|-damage|p2a: Yveltal|56/100
|move|p2a: Yveltal|Knock Off|p1a: Ho-Oh
|-damage|p1a: Ho-Oh|52/100
|-enditem|p1a: Ho-Oh|Heavy-Duty Boots|[from] move: Knock Off|[of] p2a: Yveltal
|
|upkeep
|turn|7
|
|t:|1653743383
|move|p1a: Ho-Oh|Sacred Fire|p2a: Yveltal|[miss]
|-miss|p1a: Ho-Oh|p2a: Yveltal
|move|p2a: Yveltal|Roost|p2a: Yveltal
|-heal|p2a: Yveltal|100/100
|-singleturn|p2a: Yveltal|move: Roost
|
|upkeep
|turn|8
|c|☆ult9ns Gros Nul|f
|j| MORPIONMASTERX9
|
|t:|1653743396
|switch|p2a: Zygarde|Zygarde|100/100
|move|p1a: Ho-Oh|Sacred Fire|p2a: Zygarde
|-resisted|p2a: Zygarde
|-damage|p2a: Zygarde|85/100
|-status|p2a: Zygarde|brn
|
|-heal|p2a: Zygarde|92/100 brn|[from] item: Leftovers
|-damage|p2a: Zygarde|85/100 brn|[from] brn
|upkeep
|turn|9
|
|t:|1653743404
|switch|p2a: Toxapex|Toxapex, F|90/100
|move|p1a: Ho-Oh|Defog|p2a: Toxapex
|-unboost|p2a: Toxapex|evasion|1
|-sideend|p1: ult9ns Gros Nul|Toxic Spikes|[from] move: Defog|[of] p1a: Ho-Oh
|
|upkeep
|turn|10
|l| MORPIONMASTERX9
|
|t:|1653743408
|move|p1a: Ho-Oh|Brave Bird|p2a: Toxapex
|-damage|p2a: Toxapex|49/100
|-damage|p1a: Ho-Oh|42/100|[from] Recoil
|move|p2a: Toxapex|Toxic Spikes|p1a: Ho-Oh
|-sidestart|p1: ult9ns Gros Nul|move: Toxic Spikes
|
|upkeep
|turn|11
|l| ULT9NS time
|
|t:|1653743413
|switch|p2a: Zygarde|Zygarde|85/100 brn
|move|p1a: Ho-Oh|Defog|p2a: Zygarde
|-unboost|p2a: Zygarde|evasion|1
|-sideend|p1: ult9ns Gros Nul|Toxic Spikes|[from] move: Defog|[of] p1a: Ho-Oh
|
|-heal|p2a: Zygarde|92/100 brn|[from] item: Leftovers
|-damage|p2a: Zygarde|85/100 brn|[from] brn
|upkeep
|turn|12
|
|t:|1653743418
|switch|p1a: Groudon|Groudon|100/100
|-weather|SunnyDay|[from] ability: Drought|[of] p1a: Groudon
|switch|p2a: Toxapex|Toxapex, F|82/100
|
|-weather|SunnyDay|[upkeep]
|upkeep
|turn|13
|
|t:|1653743424
|switch|p2a: Lunala|Lunala|100/100
|move|p1a: Groudon|Earthquake|p2a: Lunala
|-damage|p2a: Lunala|83/100
|
|-weather|SunnyDay|[upkeep]
|upkeep
|turn|14
|
|t:|1653743431
|switch|p2a: Toxapex|Toxapex, F|100/100
|move|p1a: Groudon|Stealth Rock|p2a: Toxapex
|-sidestart|p2: ult9ns cringe|move: Stealth Rock
|
|-weather|SunnyDay|[upkeep]
|upkeep
|turn|15
|
|t:|1653743437
|move|p1a: Groudon|Earthquake|p2a: Toxapex
|-supereffective|p2a: Toxapex
|-damage|p2a: Toxapex|47/100
|move|p2a: Toxapex|Toxic Spikes|p1a: Groudon
|-sidestart|p1: ult9ns Gros Nul|move: Toxic Spikes
|
|-weather|SunnyDay|[upkeep]
|upkeep
|turn|16
|
|t:|1653743444
|switch|p2a: Corviknight|Corviknight, M|100/100
|-ability|p2a: Corviknight|Pressure
|move|p1a: Groudon|Toxic|p2a: Corviknight
|-immune|p2a: Corviknight
|
|-weather|none
|upkeep
|turn|17
|
|t:|1653743453
|switch|p1a: Ho-Oh|Ho-Oh|75/100
|move|p2a: Corviknight|Iron Defense|p2a: Corviknight
|-boost|p2a: Corviknight|def|2
|
|upkeep
|turn|18
|
|t:|1653743456
|move|p1a: Ho-Oh|Sacred Fire|p2a: Corviknight
|-supereffective|p2a: Corviknight
|-damage|p2a: Corviknight|67/100
|move|p2a: Corviknight|Iron Defense|p2a: Corviknight
|-boost|p2a: Corviknight|def|2
|
|upkeep
|turn|19
|
|t:|1653743462
|move|p1a: Ho-Oh|Defog|p2a: Corviknight
|-unboost|p2a: Corviknight|evasion|1
|-sideend|p2: ult9ns cringe|Stealth Rock|[from] move: Defog|[of] p1a: Ho-Oh
|-sideend|p1: ult9ns Gros Nul|Toxic Spikes|[from] move: Defog|[of] p1a: Ho-Oh
|move|p2a: Corviknight|Roost|p2a: Corviknight
|-heal|p2a: Corviknight|100/100
|-singleturn|p2a: Corviknight|move: Roost
|
|upkeep
|turn|20
|
|t:|1653743466
|switch|p1a: Calyrex|Calyrex-Shadow|100/100
|-ability|p1a: Calyrex|As One
|-ability|p1a: Calyrex|Unnerve
|switch|p2a: Zygarde|Zygarde|85/100 brn
|
|-heal|p2a: Zygarde|92/100 brn|[from] item: Leftovers
|-damage|p2a: Zygarde|85/100 brn|[from] brn
|upkeep
|turn|21
|
|t:|1653743478
|switch|p1a: Groudon|Groudon|100/100
|-weather|SunnyDay|[from] ability: Drought|[of] p1a: Groudon
|switch|p2a: Yveltal|Yveltal|100/100
|-ability|p2a: Yveltal|Dark Aura
|
|-weather|SunnyDay|[upkeep]
|upkeep
|turn|22
|
|t:|1653743487
|move|p1a: Groudon|Toxic|p2a: Yveltal
|-status|p2a: Yveltal|tox
|move|p2a: Yveltal|Knock Off|p1a: Groudon
|-damage|p1a: Groudon|75/100
|-enditem|p1a: Groudon|Leftovers|[from] move: Knock Off|[of] p2a: Yveltal
|
|-weather|SunnyDay|[upkeep]
|-damage|p2a: Yveltal|94/100 tox|[from] psn
|upkeep
|turn|23
|
|t:|1653743497
|switch|p2a: Lunala|Lunala|83/100
|move|p1a: Groudon|Dragon Tail|p2a: Lunala
|-damage|p2a: Lunala|68/100
|drag|p2a: Blissey|Blissey, F|100/100
|
|-weather|SunnyDay|[upkeep]
|upkeep
|turn|24
|
|t:|1653743503
|move|p1a: Groudon|Earthquake|p2a: Blissey
|-damage|p2a: Blissey|46/100
|move|p2a: Blissey|Aromatherapy|p2a: Blissey
|-activate|p2a: Blissey|move: Aromatherapy
|-curestatus|p2: Yveltal|tox|[msg]
|-curestatus|p2: Zygarde|brn|[msg]
|
|-weather|SunnyDay|[upkeep]
|upkeep
|turn|25
|
|t:|1653743512
|switch|p2a: Corviknight|Corviknight, M|100/100
|-ability|p2a: Corviknight|Pressure
|move|p1a: Groudon|Stealth Rock|p2a: Corviknight
|-sidestart|p2: ult9ns cringe|move: Stealth Rock
|
|-weather|none
|upkeep
|turn|26
|
|t:|1653743523
|switch|p1a: Calyrex|Calyrex-Shadow|100/100
|-ability|p1a: Calyrex|As One
|-ability|p1a: Calyrex|Unnerve
|move|p2a: Corviknight|Body Press|p1a: Calyrex
|-immune|p1a: Calyrex
|
|upkeep
|turn|27
|
|t:|1653743538
|switch|p1a: Ferrothorn|Ferrothorn, M|100/100
|switch|p2a: Yveltal|Yveltal|94/100
|-ability|p2a: Yveltal|Dark Aura
|
|upkeep
|turn|28
|
|t:|1653743544
|move|p2a: Yveltal|Knock Off|p1a: Ferrothorn
|-damage|p1a: Ferrothorn|55/100
|-damage|p2a: Yveltal|82/100|[from] ability: Iron Barbs|[of] p1a: Ferrothorn
|-enditem|p1a: Ferrothorn|Leftovers|[from] move: Knock Off|[of] p2a: Yveltal
|move|p1a: Ferrothorn|Spikes|p2a: Yveltal
|-sidestart|p2: ult9ns cringe|Spikes
|
|upkeep
|turn|29
|
|t:|1653743549
|move|p2a: Yveltal|Taunt|p1a: Ferrothorn
|-start|p1a: Ferrothorn|move: Taunt
|cant|p1a: Ferrothorn|move: Taunt|Leech Seed
|
|upkeep
|turn|30
|
|t:|1653743552
|move|p2a: Yveltal|Oblivion Wing|p1a: Ferrothorn
|-damage|p1a: Ferrothorn|35/100
|-heal|p2a: Yveltal|94/100|[from] drain|[of] p1a: Ferrothorn
|move|p1a: Ferrothorn|Knock Off|p2a: Yveltal
|-resisted|p2a: Yveltal
|-damage|p2a: Yveltal|84/100
|-enditem|p2a: Yveltal|Heavy-Duty Boots|[from] move: Knock Off|[of] p1a: Ferrothorn
|
|upkeep
|turn|31
|
|t:|1653743561
|switch|p1a: Ho-Oh|Ho-Oh|100/100
|move|p2a: Yveltal|Oblivion Wing|p1a: Ho-Oh
|-damage|p1a: Ho-Oh|80/100
|-heal|p2a: Yveltal|98/100|[from] drain|[of] p1a: Ho-Oh
|
|upkeep
|turn|32
|
|t:|1653743571
|switch|p1a: Calyrex|Calyrex-Shadow|100/100
|-ability|p1a: Calyrex|As One
|-ability|p1a: Calyrex|Unnerve
|switch|p2a: Zygarde|Zygarde|85/100
|-damage|p2a: Zygarde|79/100|[from] Stealth Rock
|-damage|p2a: Zygarde|67/100|[from] Spikes
|
|-heal|p2a: Zygarde|73/100|[from] item: Leftovers
|upkeep
|turn|33
|
|t:|1653743583
|switch|p1a: Ho-Oh|Ho-Oh|100/100
|switch|p2a: Yveltal|Yveltal|98/100
|-damage|p2a: Yveltal|73/100|[from] Stealth Rock
|-ability|p2a: Yveltal|Dark Aura
|
|upkeep
|turn|34
|
|t:|1653743589
|switch|p2a: Zygarde|Zygarde|73/100
|-damage|p2a: Zygarde|67/100|[from] Stealth Rock
|-damage|p2a: Zygarde|55/100|[from] Spikes
|move|p1a: Ho-Oh|Brave Bird|p2a: Zygarde
|-damage|p2a: Zygarde|22/100
|-damage|p1a: Ho-Oh|90/100|[from] Recoil
|
|-heal|p2a: Zygarde|28/100|[from] item: Leftovers
|-activate|p2a: Zygarde|ability: Power Construct
|detailschange|p2a: Zygarde|Zygarde-Complete
|-heal|p2a: Zygarde|53/100|[silent]
|upkeep
|turn|35
|
|t:|1653743599
|move|p1a: Ho-Oh|Brave Bird|p2a: Zygarde
|-damage|p2a: Zygarde|30/100
|-damage|p1a: Ho-Oh|78/100|[from] Recoil
|move|p2a: Zygarde|Rest|p2a: Zygarde
|-status|p2a: Zygarde|slp|[from] move: Rest
|-heal|p2a: Zygarde|100/100 slp|[silent]
|
|upkeep
|turn|36
|
|t:|1653743606
|switch|p1a: Calyrex|Calyrex-Shadow|100/100
|-ability|p1a: Calyrex|As One
|-ability|p1a: Calyrex|Unnerve
|switch|p2a: Corviknight|Corviknight, M|100/100
|-ability|p2a: Corviknight|Pressure
|
|upkeep
|turn|37
|
|t:|1653743613
|move|p1a: Calyrex|Nasty Plot|p1a: Calyrex
|-boost|p1a: Calyrex|spa|2
|move|p2a: Corviknight|Defog|p1a: Calyrex
|-unboost|p1a: Calyrex|evasion|1
|-sideend|p2: ult9ns cringe|Spikes|[from] move: Defog|[of] p2a: Corviknight
|-sideend|p2: ult9ns cringe|Stealth Rock|[from] move: Defog|[of] p2a: Corviknight
|
|upkeep
|turn|38
|
|t:|1653743628
|switch|p2a: Yveltal|Yveltal|73/100
|-ability|p2a: Yveltal|Dark Aura
|move|p1a: Calyrex|Astral Barrage|p2a: Yveltal
|-resisted|p2a: Yveltal
|-damage|p2a: Yveltal|31/100
|
|upkeep
|turn|39
|c|☆ult9ns cringe|f
|-message|ult9ns cringe forfeited.
|
|win|ult9ns Gros Nul
|raw|ult9ns Gros Nul's rating: 1550 &rarr; <strong>1574</strong><br />(+24 for winning)
|raw|ult9ns cringe's rating: 1625 &rarr; <strong>1601</strong><br />(-24 for losing)
|c|☆ult9ns Gros Nul|j'aime caly
|l|☆ult9ns cringe
|l|☆ult9ns Gros Nul
|j|☆ult9ns Gros Nul
|player|p1|ult9ns Gros Nul|biker-gen4
