|html|<div class="broadcast-blue"><strong>[Gen 8] Ubers is currently suspecting Zacian-Crowned! For information on how to participate check out the <a href="https://www.smogon.com/forums/threads/np-ss-ubers-stage-5-hound-dog.3675589/">suspect thread</a>.</strong></div>
|j|☆EWQW
|j|☆Chorley Cakes
|t:|1610119802
|player|p1|EWQW|102|1103
|player|p2|Chorley Cakes|eusine|1090
|teamsize|p1|6
|teamsize|p2|6
|gametype|singles
|gen|8
|tier|[Gen 8] Ubers
|rated|
|clearpoke
|poke|p1|Quagsire, F|
|poke|p1|Regieleki|
|poke|p1|Ferrothorn, F|
|poke|p1|Yveltal|
|poke|p1|Toxapex, M|
|poke|p1|Slowking-Galar, F|
|poke|p2|Dracovish|
|poke|p2|Landorus, M|
|poke|p2|Tyranitar, M|
|poke|p2|Dialga|
|poke|p2|Darmanitan-Galar, M|
|poke|p2|Calyrex-Shadow|
|rule|Sleep Clause Mod: Limit one foe put to sleep
|rule|Species Clause: Limit one of each Pokémon
|rule|OHKO Clause: OHKO moves are banned
|rule|Evasion Moves Clause: Evasion moves are banned
|rule|Endless Battle Clause: Forcing endless battles is banned
|rule|HP Percentage Mod: HP is shown in percentages
|rule|Dynamax Clause: You cannot dynamax
|teampreview
|
|t:|1610119816
|start
|switch|p1a: Ferrothorn|Ferrothorn, F|100/100
|switch|p2a: Calyrex|Calyrex-Shadow|100/100
|-ability|p2a: Calyrex|As One
|-ability|p2a: Calyrex|Unnerve|p1: EWQW
|turn|1
|
|t:|1610119828
|move|p2a: Calyrex|Shadow Ball|p1a: Ferrothorn
|-damage|p1a: Ferrothorn|71/100
|move|p1a: Ferrothorn|Gyro Ball|p2a: Calyrex
|-damage|p2a: Calyrex|40/100
|
|-heal|p1a: Ferrothorn|77/100|[from] item: Leftovers
|upkeep
|turn|2
|
|t:|1610119841
|switch|p2a: Dialga|Dialga|100/100
|-ability|p2a: Dialga|Pressure
|move|p1a: Ferrothorn|Leech Seed|p2a: Dialga
|-start|p2a: Dialga|move: Leech Seed
|
|-heal|p1a: Ferrothorn|83/100|[from] item: Leftovers
|-damage|p2a: Dialga|88/100|[from] Leech Seed|[of] p1a: Ferrothorn
|-heal|p1a: Ferrothorn|95/100|[silent]
|upkeep
|turn|3
|
|t:|1610119851
|move|p1a: Ferrothorn|Protect|p1a: Ferrothorn
|-singleturn|p1a: Ferrothorn|Protect
|move|p2a: Dialga|Stealth Rock|p1a: Ferrothorn
|-sidestart|p1: EWQW|move: Stealth Rock
|
|-heal|p1a: Ferrothorn|100/100|[from] item: Leftovers
|-damage|p2a: Dialga|76/100|[from] Leech Seed|[of] p1a: Ferrothorn
|upkeep
|turn|4
|
|t:|1610119864
|switch|p2a: Tyranitar|Tyranitar, M|100/100
|-weather|Sandstorm|[from] ability: Sand Stream|[of] p2a: Tyranitar
|switch|p1a: Toxapex|Toxapex, M|100/100
|-damage|p1a: Toxapex|88/100|[from] Stealth Rock
|
|-weather|Sandstorm|[upkeep]
|-damage|p1a: Toxapex|82/100|[from] Sandstorm
|-heal|p1a: Toxapex|88/100|[from] item: Black Sludge
|upkeep
|turn|5
|
|t:|1610119883
|switch|p2a: Darmanitan|Darmanitan-Galar, M|100/100
|move|p1a: Toxapex|Scald|p2a: Darmanitan
|-damage|p2a: Darmanitan|73/100
|
|-weather|Sandstorm|[upkeep]
|-damage|p2a: Darmanitan|67/100|[from] Sandstorm
|-damage|p1a: Toxapex|82/100|[from] Sandstorm
|-heal|p1a: Toxapex|88/100|[from] item: Black Sludge
|upkeep
|turn|6
|
|t:|1610119906
|move|p2a: Darmanitan|Earthquake|p1a: Toxapex
|-supereffective|p1a: Toxapex
|-damage|p1a: Toxapex|0 fnt
|faint|p1a: Toxapex
|
|-weather|Sandstorm|[upkeep]
|-damage|p2a: Darmanitan|61/100|[from] Sandstorm
|upkeep
|
|t:|1610119910
|switch|p1a: Yveltal|Yveltal|100/100
|-damage|p1a: Yveltal|75/100|[from] Stealth Rock
|-ability|p1a: Yveltal|Dark Aura
|turn|7
|
|t:|1610119932
|switch|p2a: Dracovish|Dracovish|100/100
|move|p1a: Yveltal|Defog|p2a: Dracovish
|-unboost|p2a: Dracovish|evasion|1
|-sideend|p1: EWQW|Stealth Rock|[from] move: Defog|[of] p1a: Yveltal
|
|-weather|Sandstorm|[upkeep]
|-damage|p1a: Yveltal|69/100|[from] Sandstorm
|-heal|p1a: Yveltal|75/100|[from] item: Leftovers
|upkeep
|turn|8
|
|t:|1610119940
|switch|p1a: Ferrothorn|Ferrothorn, F|100/100
|move|p2a: Dracovish|Fishious Rend|p1a: Ferrothorn
|-resisted|p1a: Ferrothorn
|-damage|p1a: Ferrothorn|56/100
|-damage|p2a: Dracovish|88/100|[from] ability: Iron Barbs|[of] p1a: Ferrothorn
|
|-weather|none
|-heal|p1a: Ferrothorn|63/100|[from] item: Leftovers
|upkeep
|turn|9
|
|t:|1610119949
|move|p2a: Dracovish|Fishious Rend|p1a: Ferrothorn
|-resisted|p1a: Ferrothorn
|-damage|p1a: Ferrothorn|21/100
|-damage|p2a: Dracovish|76/100|[from] ability: Iron Barbs|[of] p1a: Ferrothorn
|move|p1a: Ferrothorn|Leech Seed|p2a: Dracovish
|-start|p2a: Dracovish|move: Leech Seed
|
|-heal|p1a: Ferrothorn|27/100|[from] item: Leftovers
|-damage|p2a: Dracovish|63/100|[from] Leech Seed|[of] p1a: Ferrothorn
|-heal|p1a: Ferrothorn|38/100|[silent]
|upkeep
|turn|10
|
|t:|1610119958
|switch|p2a: Tyranitar|Tyranitar, M|100/100
|-weather|Sandstorm|[from] ability: Sand Stream|[of] p2a: Tyranitar
|move|p1a: Ferrothorn|Protect||[still]
|-fail|p1a: Ferrothorn
|
|-weather|Sandstorm|[upkeep]
|-heal|p1a: Ferrothorn|45/100|[from] item: Leftovers
|upkeep
|turn|11
|
|t:|1610119966
|switch|p1a: Quagsire|Quagsire, F|100/100
|move|p2a: Tyranitar|Fire Punch|p1a: Quagsire
|-resisted|p1a: Quagsire
|-damage|p1a: Quagsire|91/100
|
|-weather|Sandstorm|[upkeep]
|-heal|p1a: Quagsire|97/100|[from] item: Leftovers
|upkeep
|turn|12
|
|t:|1610119975
|move|p2a: Tyranitar|Stealth Rock|p1a: Quagsire
|-sidestart|p1: EWQW|move: Stealth Rock
|move|p1a: Quagsire|Scald|p2a: Tyranitar
|-supereffective|p2a: Tyranitar
|-damage|p2a: Tyranitar|82/100
|
|-weather|Sandstorm|[upkeep]
|-heal|p1a: Quagsire|100/100|[from] item: Leftovers
|upkeep
|turn|13
|
|t:|1610120005
|switch|p2a: Darmanitan|Darmanitan-Galar, M|61/100
|move|p1a: Quagsire|Scald|p2a: Darmanitan
|-damage|p2a: Darmanitan|34/100
|
|-weather|Sandstorm|[upkeep]
|-damage|p2a: Darmanitan|28/100|[from] Sandstorm
|upkeep
|turn|14
|
|t:|1610120014
|move|p1a: Quagsire|Protect|p1a: Quagsire
|-singleturn|p1a: Quagsire|Protect
|move|p2a: Darmanitan|Icicle Crash|p1a: Quagsire
|-activate|p1a: Quagsire|move: Protect
|
|-weather|none
|upkeep
|turn|15
|
|t:|1610120021
|move|p2a: Darmanitan|Icicle Crash|p1a: Quagsire
|-damage|p1a: Quagsire|9/100
|move|p1a: Quagsire|Scald|p2a: Darmanitan
|-damage|p2a: Darmanitan|0 fnt
|faint|p2a: Darmanitan
|
|-heal|p1a: Quagsire|15/100|[from] item: Leftovers
|upkeep
|
|t:|1610120030
|switch|p2a: Calyrex|Calyrex-Shadow|40/100
|-ability|p2a: Calyrex|As One
|-ability|p2a: Calyrex|Unnerve|p1: EWQW
|turn|16
|
|t:|1610120035
|switch|p1a: Yveltal|Yveltal|75/100
|-damage|p1a: Yveltal|50/100|[from] Stealth Rock
|-ability|p1a: Yveltal|Dark Aura
|move|p2a: Calyrex|Shadow Ball|p1a: Yveltal
|-resisted|p1a: Yveltal
|-damage|p1a: Yveltal|37/100
|-unboost|p1a: Yveltal|spd|1
|
|-heal|p1a: Yveltal|43/100|[from] item: Leftovers
|upkeep
|turn|17
|
|t:|1610120055
|move|p2a: Calyrex|Shadow Ball|p1a: Yveltal
|-resisted|p1a: Yveltal
|-damage|p1a: Yveltal|21/100
|move|p1a: Yveltal|Defog|p2a: Calyrex
|-unboost|p2a: Calyrex|evasion|1
|-sideend|p1: EWQW|Stealth Rock|[from] move: Defog|[of] p1a: Yveltal
|
|-heal|p1a: Yveltal|27/100|[from] item: Leftovers
|upkeep
|turn|18
|
|t:|1610120067
|switch|p2a: Landorus|Landorus, M|100/100
|move|p1a: Yveltal|Roost|p1a: Yveltal
|-heal|p1a: Yveltal|77/100
|-singleturn|p1a: Yveltal|move: Roost
|
|-heal|p1a: Yveltal|84/100|[from] item: Leftovers
|upkeep
|turn|19
|
|t:|1610120080
|move|p2a: Landorus|Focus Blast|p1a: Yveltal|[miss]
|-miss|p2a: Landorus|p1a: Yveltal
|move|p1a: Yveltal|Substitute|p1a: Yveltal
|-start|p1a: Yveltal|Substitute
|-damage|p1a: Yveltal|59/100
|
|-heal|p1a: Yveltal|65/100|[from] item: Leftovers
|upkeep
|turn|20
|
|t:|1610120088
|move|p2a: Landorus|Focus Blast|p1a: Yveltal|[miss]
|-miss|p2a: Landorus|p1a: Yveltal
|move|p1a: Yveltal|Knock Off|p2a: Landorus
|-damage|p2a: Landorus|37/100
|-enditem|p2a: Landorus|Choice Scarf|[from] move: Knock Off|[of] p1a: Yveltal
|
|-heal|p1a: Yveltal|71/100|[from] item: Leftovers
|upkeep
|turn|21
|
|t:|1610120098
|move|p2a: Landorus|Focus Blast|p1a: Yveltal
|-end|p1a: Yveltal|Substitute
|move|p1a: Yveltal|Substitute|p1a: Yveltal
|-start|p1a: Yveltal|Substitute
|-damage|p1a: Yveltal|46/100
|
|-heal|p1a: Yveltal|52/100|[from] item: Leftovers
|upkeep
|turn|22
|
|t:|1610120106
|move|p2a: Landorus|Focus Blast|p1a: Yveltal|[miss]
|-miss|p2a: Landorus|p1a: Yveltal
|move|p1a: Yveltal|Knock Off|p2a: Landorus
|-crit|p2a: Landorus
|-damage|p2a: Landorus|0 fnt
|faint|p2a: Landorus
|
|-heal|p1a: Yveltal|58/100|[from] item: Leftovers
|upkeep
|
|t:|1610120121
|switch|p2a: Tyranitar|Tyranitar, M|82/100
|-weather|Sandstorm|[from] ability: Sand Stream|[of] p2a: Tyranitar
|turn|23
|
|t:|1610120128
|move|p1a: Yveltal|Roost|p1a: Yveltal
|-heal|p1a: Yveltal|100/100
|-singleturn|p1a: Yveltal|move: Roost
|move|p2a: Tyranitar|Stone Edge|p1a: Yveltal
|-end|p1a: Yveltal|Substitute
|
|-weather|Sandstorm|[upkeep]
|-damage|p1a: Yveltal|94/100|[from] Sandstorm
|-heal|p1a: Yveltal|100/100|[from] item: Leftovers
|upkeep
|turn|24
|
|t:|1610120138
|move|p1a: Yveltal|Substitute|p1a: Yveltal
|-start|p1a: Yveltal|Substitute
|-damage|p1a: Yveltal|75/100
|move|p2a: Tyranitar|Stealth Rock|p1a: Yveltal
|-sidestart|p1: EWQW|move: Stealth Rock
|
|-weather|Sandstorm|[upkeep]
|-damage|p1a: Yveltal|69/100|[from] Sandstorm
|-heal|p1a: Yveltal|75/100|[from] item: Leftovers
|upkeep
|turn|25
|
|t:|1610120149
|move|p1a: Yveltal|Knock Off|p2a: Tyranitar
|-resisted|p2a: Tyranitar
|-damage|p2a: Tyranitar|55/100
|-enditem|p2a: Tyranitar|Focus Sash|[from] move: Knock Off|[of] p1a: Yveltal
|move|p2a: Tyranitar|Stone Edge|p1a: Yveltal
|-supereffective|p1a: Yveltal
|-end|p1a: Yveltal|Substitute
|
|-weather|Sandstorm|[upkeep]
|-damage|p1a: Yveltal|69/100|[from] Sandstorm
|-heal|p1a: Yveltal|75/100|[from] item: Leftovers
|upkeep
|turn|26
|
|t:|1610120159
|move|p1a: Yveltal|Substitute|p1a: Yveltal
|-start|p1a: Yveltal|Substitute
|-damage|p1a: Yveltal|50/100
|move|p2a: Tyranitar|Stone Edge|p1a: Yveltal
|-supereffective|p1a: Yveltal
|-end|p1a: Yveltal|Substitute
|
|-weather|Sandstorm|[upkeep]
|-damage|p1a: Yveltal|44/100|[from] Sandstorm
|-heal|p1a: Yveltal|50/100|[from] item: Leftovers
|upkeep
|turn|27
|
|t:|1610120168
|move|p1a: Yveltal|Roost|p1a: Yveltal
|-heal|p1a: Yveltal|100/100
|-singleturn|p1a: Yveltal|move: Roost
|move|p2a: Tyranitar|Stone Edge|p1a: Yveltal
|-damage|p1a: Yveltal|57/100
|
|-weather|none
|-heal|p1a: Yveltal|63/100|[from] item: Leftovers
|upkeep
|turn|28
|
|t:|1610120179
|switch|p2a: Dialga|Dialga|76/100
|-ability|p2a: Dialga|Pressure
|move|p1a: Yveltal|Substitute|p1a: Yveltal
|-start|p1a: Yveltal|Substitute
|-damage|p1a: Yveltal|38/100
|
|-heal|p1a: Yveltal|44/100|[from] item: Leftovers
|upkeep
|turn|29
|
|t:|1610120191
|move|p1a: Yveltal|Knock Off|p2a: Dialga
|-damage|p2a: Dialga|32/100
|-enditem|p2a: Dialga|Shuca Berry|[from] move: Knock Off|[of] p1a: Yveltal
|move|p2a: Dialga|Thunder|p1a: Yveltal
|-supereffective|p1a: Yveltal
|-end|p1a: Yveltal|Substitute
|
|-heal|p1a: Yveltal|50/100|[from] item: Leftovers
|upkeep
|turn|30
|
|t:|1610120205
|move|p1a: Yveltal|Substitute|p1a: Yveltal
|-start|p1a: Yveltal|Substitute
|-damage|p1a: Yveltal|25/100
|move|p2a: Dialga|Thunder|p1a: Yveltal
|-supereffective|p1a: Yveltal
|-end|p1a: Yveltal|Substitute
|
|-heal|p1a: Yveltal|32/100|[from] item: Leftovers
|upkeep
|turn|31
|
|t:|1610120215
|move|p1a: Yveltal|Substitute|p1a: Yveltal
|-start|p1a: Yveltal|Substitute
|-damage|p1a: Yveltal|7/100
|move|p2a: Dialga|Draco Meteor|p1a: Yveltal
|-end|p1a: Yveltal|Substitute
|-unboost|p2a: Dialga|spa|2
|
|-heal|p1a: Yveltal|13/100|[from] item: Leftovers
|upkeep
|turn|32
|
|t:|1610120224
|move|p1a: Yveltal|Roost|p1a: Yveltal
|-heal|p1a: Yveltal|63/100
|-singleturn|p1a: Yveltal|move: Roost
|move|p2a: Dialga|Thunder|p1a: Yveltal
|-damage|p1a: Yveltal|45/100
|
|-heal|p1a: Yveltal|51/100|[from] item: Leftovers
|upkeep
|turn|33
|
|t:|1610120233
|move|p1a: Yveltal|Substitute|p1a: Yveltal
|-start|p1a: Yveltal|Substitute
|-damage|p1a: Yveltal|26/100
|move|p2a: Dialga|Draco Meteor|p1a: Yveltal|[miss]
|-miss|p2a: Dialga|p1a: Yveltal
|
|-heal|p1a: Yveltal|33/100|[from] item: Leftovers
|upkeep
|turn|34
|
|t:|1610120246
|move|p1a: Yveltal|Roost|p1a: Yveltal
|-heal|p1a: Yveltal|83/100
|-singleturn|p1a: Yveltal|move: Roost
|move|p2a: Dialga|Thunder|p1a: Yveltal|[miss]
|-miss|p2a: Dialga|p1a: Yveltal
|
|-heal|p1a: Yveltal|89/100|[from] item: Leftovers
|upkeep
|turn|35
|
|t:|1610120256
|move|p1a: Yveltal|Knock Off|p2a: Dialga
|-damage|p2a: Dialga|0 fnt
|faint|p2a: Dialga
|
|-heal|p1a: Yveltal|95/100|[from] item: Leftovers
|upkeep
|
|t:|1610120262
|switch|p2a: Tyranitar|Tyranitar, M|55/100
|-weather|Sandstorm|[from] ability: Sand Stream|[of] p2a: Tyranitar
|turn|36
|
|t:|1610120270
|switch|p2a: Dracovish|Dracovish|63/100
|move|p1a: Yveltal|Knock Off|p2a: Dracovish
|-damage|p2a: Dracovish|0 fnt
|-enditem|p2a: Dracovish|Choice Band|[from] move: Knock Off|[of] p1a: Yveltal
|faint|p2a: Dracovish
|
|-weather|Sandstorm|[upkeep]
|-damage|p1a: Yveltal|89/100|[from] Sandstorm
|-heal|p1a: Yveltal|95/100|[from] item: Leftovers
|upkeep
|c|☆Chorley Cakes|there's a lot of small dick energy coming off this strategy
|
|t:|1610120315
|switch|p2a: Calyrex|Calyrex-Shadow|40/100
|-ability|p2a: Calyrex|As One
|-ability|p2a: Calyrex|Unnerve|p1: EWQW
|turn|37
|c|☆EWQW|lol
|
|t:|1610120322
|move|p2a: Calyrex|Will-O-Wisp||[still]
|-fail|p2a: Calyrex
|move|p1a: Yveltal|Knock Off|p2a: Calyrex
|-supereffective|p2a: Calyrex
|-damage|p2a: Calyrex|0 fnt
|-enditem|p2a: Calyrex|Choice Scarf|[from] move: Knock Off|[of] p1a: Yveltal
|faint|p2a: Calyrex
|
|-weather|Sandstorm|[upkeep]
|-damage|p1a: Yveltal|89/100|[from] Sandstorm
|-heal|p1a: Yveltal|95/100|[from] item: Leftovers
|upkeep
|
|t:|1610120332
|switch|p2a: Tyranitar|Tyranitar, M|55/100
|turn|38
|-message|Chorley Cakes forfeited.
|
|win|EWQW
|l|☆Chorley Cakes
