|j|☆Jojos
|j|☆Exi0022
|inactive|Battle timer is ON: inactive players will automatically lose when time's up.
|t:|1656276822
|gametype|singles
|player|p1|Jojos|kimonogirl|
|player|p2|Exi0022|clown|
|teamsize|p1|6
|teamsize|p2|6
|gen|8
|tier|[Gen 8] Ubers
|rated|Tournament battle
|rule|Sleep Clause Mod: Limit one foe put to sleep
|rule|Species Clause: Limit one of each Pokémon
|rule|OHKO Clause: OHKO moves are banned
|rule|Evasion Moves Clause: Evasion moves are banned
|rule|Endless Battle Clause: Forcing endless battles is banned
|rule|HP Percentage Mod: HP is shown in percentages
|rule|Dynamax Clause: You cannot dynamax
|clearpoke
|poke|p1|Azelf|
|poke|p1|Yveltal|
|poke|p1|Necrozma-Dusk-Mane|
|poke|p1|Groudon|
|poke|p1|Xerneas-*|
|poke|p1|Garchomp, M|
|poke|p2|Shuckle, F|
|poke|p2|Zekrom|
|poke|p2|Yveltal|
|poke|p2|Necrozma-Dusk-Mane|
|poke|p2|Eternatus|
|poke|p2|Xerneas-*|
|teampreview
|
|t:|1656276829
|start
|switch|p1a: Azelf|Azelf|100/100
|switch|p2a: Shuckle|Shuckle, F|100/100
|turn|1
|c|☆Jojos|gl
|c|☆Exi0022|u 2
|
|t:|1656276834
|move|p1a: Azelf|Taunt|p2a: Shuckle
|-start|p2a: Shuckle|move: Taunt
|cant|p2a: Shuckle|move: Taunt|Encore
|
|upkeep
|turn|2
|j| guilleng23
|c| guilleng23|exi ganale
|
|t:|1656276854
|switch|p2a: Yveltal|Yveltal|100/100
|-ability|p2a: Yveltal|Dark Aura
|move|p1a: Azelf|Thunder Wave|p2a: Yveltal|[miss]
|-miss|p1a: Azelf|p2a: Yveltal
|
|upkeep
|turn|3
|
|t:|1656276864
|move|p1a: Azelf|Stealth Rock|p2a: Yveltal
|-sidestart|p2: Exi0022|move: Stealth Rock
|move|p2a: Yveltal|Taunt|p1a: Azelf
|-start|p1a: Azelf|move: Taunt
|
|upkeep
|turn|4
|c| guilleng23|vengame
|
|t:|1656276868
|move|p1a: Azelf|Explosion|p2a: Yveltal
|-damage|p2a: Yveltal|21/100
|faint|p1a: Azelf
|move|p2a: Yveltal|Knock Off|p1: Azelf|[notarget]
|-fail|p2a: Yveltal
|
|upkeep
|
|t:|1656276887
|switch|p1a: Yveltal|Yveltal|100/100
|-ability|p1a: Yveltal|Dark Aura
|turn|5
|
|t:|1656276894
|move|p1a: Yveltal|Knock Off|p2a: Yveltal
|-resisted|p2a: Yveltal
|-damage|p2a: Yveltal|0 fnt
|-enditem|p2a: Yveltal|Heavy-Duty Boots|[from] move: Knock Off|[of] p1a: Yveltal
|faint|p2a: Yveltal
|
|upkeep
|
|t:|1656276912
|switch|p2a: Zekrom|Zekrom|100/100
|-damage|p2a: Zekrom|88/100|[from] Stealth Rock
|-ability|p2a: Zekrom|Teravolt
|turn|6
|
|t:|1656276924
|move|p1a: Yveltal|Taunt|p2a: Zekrom
|-start|p2a: Zekrom|move: Taunt
|move|p2a: Zekrom|Dragon Claw|p1a: Yveltal
|-damage|p1a: Yveltal|43/100
|-damage|p2a: Zekrom|78/100|[from] item: Life Orb
|
|upkeep
|turn|7
|
|t:|1656276939
|move|p1a: Yveltal|Knock Off|p2a: Zekrom
|-damage|p2a: Zekrom|16/100
|-enditem|p2a: Zekrom|Life Orb|[from] move: Knock Off|[of] p1a: Yveltal
|move|p2a: Zekrom|Bolt Strike|p1a: Yveltal
|-supereffective|p1a: Yveltal
|-damage|p1a: Yveltal|0 fnt
|faint|p1a: Yveltal
|
|upkeep
|
|t:|1656276967
|switch|p1a: Garchomp|Garchomp, M|100/100
|turn|8
|
|t:|1656276975
|move|p1a: Garchomp|Scale Shot|p2a: Zekrom|[miss]
|-miss|p1a: Garchomp|p2a: Zekrom
|move|p2a: Zekrom|Dragon Claw|p1a: Garchomp
|-supereffective|p1a: Garchomp
|-damage|p1a: Garchomp|8/100
|-damage|p2a: Zekrom|4/100|[from] ability: Rough Skin|[of] p1a: Garchomp
|
|-end|p2a: Zekrom|move: Taunt
|upkeep
|turn|9
|c|☆Exi0022|sry
|
|t:|1656276988
|move|p1a: Garchomp|Earthquake|p2a: Zekrom
|-supereffective|p2a: Zekrom
|-damage|p2a: Zekrom|0 fnt
|faint|p2a: Zekrom
|-damage|p1a: Garchomp|0 fnt|[from] item: Life Orb
|faint|p1a: Garchomp
|
|upkeep
|
|t:|1656277002
|switch|p1a: Necrozma|Necrozma-Dusk-Mane|100/100
|switch|p2a: Shuckle|Shuckle, F|100/100
|-damage|p2a: Shuckle|75/100|[from] Stealth Rock
|turn|10
|
|t:|1656277012
|move|p1a: Necrozma|Sunsteel Strike|p2a: Shuckle
|-supereffective|p2a: Shuckle
|-damage|p2a: Shuckle|0 fnt
|faint|p2a: Shuckle
|-damage|p1a: Necrozma|91/100|[from] item: Life Orb
|
|upkeep
|
|t:|1656277035
|switch|p2a: Necrozma|Necrozma-Dusk-Mane|100/100
|-damage|p2a: Necrozma|95/100|[from] Stealth Rock
|turn|11
|
|t:|1656277041
|move|p2a: Necrozma|Earthquake|p1a: Necrozma
|-supereffective|p1a: Necrozma
|-damage|p1a: Necrozma|39/100
|move|p1a: Necrozma|Dragon Dance|p1a: Necrozma
|-boost|p1a: Necrozma|atk|1
|-boost|p1a: Necrozma|spe|1
|
|upkeep
|turn|12
|inactive|Exi0022 has 120 seconds left.
|c|☆Exi0022|bueno rip
|
|t:|1656277070
|move|p1a: Necrozma|Earthquake|p2a: Necrozma
|-supereffective|p2a: Necrozma
|-damage|p2a: Necrozma|0 fnt
|faint|p2a: Necrozma
|-damage|p1a: Necrozma|29/100|[from] item: Life Orb
|
|upkeep
|
|t:|1656277074
|switch|p2a: Eternatus|Eternatus|100/100
|-damage|p2a: Eternatus|88/100|[from] Stealth Rock
|-ability|p2a: Eternatus|Pressure
|turn|13
|
|t:|1656277077
|move|p2a: Eternatus|Flamethrower|p1a: Necrozma
|-supereffective|p1a: Necrozma
|-damage|p1a: Necrozma|0 fnt
|faint|p1a: Necrozma
|
|upkeep
|
|t:|1656277083
|switch|p1a: Groudon|Groudon|100/100
|-weather|SunnyDay|[from] ability: Drought|[of] p1a: Groudon
|turn|14
|c|☆Exi0022|lo esperaba con más speed la verdad
|inactive|Exi0022 has 120 seconds left.
|
|t:|1656277118
|switch|p2a: Xerneas|Xerneas|100/100
|-damage|p2a: Xerneas|88/100|[from] Stealth Rock
|-ability|p2a: Xerneas|Fairy Aura
|move|p1a: Groudon|Rock Polish|p1a: Groudon
|-boost|p1a: Groudon|spe|2
|
|-weather|SunnyDay|[upkeep]
|upkeep
|turn|15
|j| Diossasuke
|inactive|Exi0022 has 120 seconds left.
|inactive|Jojos has 120 seconds left.
|j| Asswoofer
|inactive|Jojos has 90 seconds left.
|l| Asswoofer
|
|t:|1656277190
|move|p1a: Groudon|Precipice Blades|p2a: Xerneas
|-damage|p2a: Xerneas|26/100
|move|p2a: Xerneas|Geomancy||[still]
|-prepare|p2a: Xerneas|Geomancy
|-enditem|p2a: Xerneas|Power Herb
|-anim|p2a: Xerneas|Geomancy|p2a: Xerneas
|-boost|p2a: Xerneas|spa|2
|-boost|p2a: Xerneas|spd|2
|-boost|p2a: Xerneas|spe|2
|
|-weather|SunnyDay|[upkeep]
|upkeep
|turn|16
|
|t:|1656277194
|move|p2a: Xerneas|Moonblast|p1a: Groudon
|-damage|p1a: Groudon|0 fnt
|faint|p1a: Groudon
|
|-weather|SunnyDay|[upkeep]
|upkeep
|
|t:|1656277197
|switch|p1a: Xerneas|Xerneas|100/100
|-ability|p1a: Xerneas|Fairy Aura
|turn|17
|
|t:|1656277204
|move|p2a: Xerneas|Moonblast|p1a: Xerneas
|-damage|p1a: Xerneas|0 fnt
|faint|p1a: Xerneas
|
|win|Exi0022
|n|☆Jojos|jojos
|n|☆Exi0022|exi0022
|n| guilleng23|guilleng23
|n| Diossasuke|diossasuke
