|j|☆GEDO RINNE TENSEI
|j|☆Alex Amaterasu
|player|p1|GEDO RINNE TENSEI|169|1451
|player|p2|Alex Amaterasu|265|1151
|teamsize|p1|6
|teamsize|p2|6
|gametype|singles
|gen|8
|tier|[Gen 8] Ubers
|rated|
|clearpoke
|poke|p1|Zacian-Crowned|
|poke|p1|Zamazenta|
|poke|p1|Darmanitan-Galar, F|
|poke|p1|Ditto|
|poke|p1|Marshadow|
|poke|p1|Corsola-Galar, M|
|poke|p2|Alcremie, F|
|poke|p2|Snorlax, F|
|poke|p2|Pikachu, M|
|poke|p2|Darmanitan-Galar, M|
|poke|p2|Zacian-Crowned|
|poke|p2|Melmetal|
|rule|Sleep Clause Mod: Limit one foe put to sleep
|rule|Species Clause: Limit one of each Pokémon
|rule|OHKO Clause: OHKO moves are banned
|rule|Evasion Moves Clause: Evasion moves are banned
|rule|Endless Battle Clause: Forcing endless battles is banned
|rule|HP Percentage Mod: HP is shown in percentages
|teampreview
|
|start
|switch|p1a: Marshadow|Marshadow|100/100
|switch|p2a: Darmanitan|Darmanitan-Galar, M, shiny|100/100
|turn|1
|
|-start|p2a: Darmanitan|Dynamax
|-heal|p2a: Darmanitan|100/100|[silent]
|move|p1a: Marshadow|Close Combat|p2a: Darmanitan
|-supereffective|p2a: Darmanitan
|-damage|p2a: Darmanitan|22/100
|-unboost|p1a: Marshadow|def|1
|-unboost|p1a: Marshadow|spd|1
|move|p2a: Darmanitan|Max Flare|p1a: Marshadow
|-enditem|p1a: Marshadow|Focus Sash
|-damage|p1a: Marshadow|1/100
|-weather|SunnyDay
|
|-weather|SunnyDay|[upkeep]
|upkeep
|turn|2
|
|move|p1a: Marshadow|Close Combat|p2a: Darmanitan
|-supereffective|p2a: Darmanitan
|-damage|p2a: Darmanitan|0 fnt
|-unboost|p1a: Marshadow|def|1
|-unboost|p1a: Marshadow|spd|1
|faint|p2a: Darmanitan
|
|-weather|SunnyDay|[upkeep]
|upkeep
|
|switch|p2a: Pikachu|Pikachu, M|100/100
|turn|3
|
|move|p1a: Marshadow|Shadow Sneak|p2a: Pikachu
|-damage|p2a: Pikachu|28/100
|-status|p1a: Marshadow|par|[from] ability: Static|[of] p2a: Pikachu
|move|p2a: Pikachu|Volt Switch|p1a: Marshadow
|-damage|p1a: Marshadow|0 fnt
|faint|p1a: Marshadow
|
|switch|p2a: Alcremie|Alcremie, F, shiny|100/100|[from]move: Volt Switch
|
|-weather|SunnyDay|[upkeep]
|upkeep
|
|switch|p1a: Zacian|Zacian-Crowned|100/100
|-ability|p1a: Zacian|Intrepid Sword|boost
|-boost|p1a: Zacian|atk|1
|turn|4
|
|switch|p2a: Pikachu|Pikachu, M|28/100
|move|p1a: Zacian|Behemoth Blade|p2a: Pikachu
|-resisted|p2a: Pikachu
|-damage|p2a: Pikachu|0 fnt
|faint|p2a: Pikachu
|
|-weather|SunnyDay|[upkeep]
|upkeep
|
|switch|p2a: Melmetal|Melmetal, shiny|100/100
|turn|5
|
|switch|p1a: Corsola|Corsola-Galar, M|100/100
|move|p2a: Melmetal|Thunder Wave|p1a: Corsola
|-status|p1a: Corsola|par
|
|-weather|none
|upkeep
|turn|6
|
|switch|p2a: Zacian|Zacian-Crowned, shiny|100/100
|-ability|p2a: Zacian|Intrepid Sword|boost
|-boost|p2a: Zacian|atk|1
|move|p1a: Corsola|Stealth Rock|p2a: Zacian
|-sidestart|p2: Alex Amaterasu|move: Stealth Rock
|
|upkeep
|turn|7
|
|move|p2a: Zacian|Swords Dance|p2a: Zacian
|-boost|p2a: Zacian|atk|2
|move|p1a: Corsola|Night Shade|p2a: Zacian
|-damage|p2a: Zacian|72/100
|
|upkeep
|turn|8
|
|move|p2a: Zacian|Behemoth Blade|p1a: Corsola
|-damage|p1a: Corsola|13/100 par
|move|p1a: Corsola|Night Shade|p2a: Zacian
|-damage|p2a: Zacian|43/100
|
|upkeep
|turn|9
|
|move|p2a: Zacian|Behemoth Blade|p1a: Corsola
|-damage|p1a: Corsola|0 fnt
|faint|p1a: Corsola
|
|upkeep
|
|switch|p1a: Ditto|Ditto|100/100
|-transform|p1a: Ditto|p2a: Zacian|[from] ability: Imposter
|-ability|p1a: Ditto|Intrepid Sword|boost
|-boost|p1a: Ditto|atk|1
|turn|10
|inactive|Battle timer is ON: inactive players will automatically lose when time's up. (requested by GEDO RINNE TENSEI)
|
|move|p1a: Ditto|Behemoth Blade|p2a: Zacian
|-damage|p2a: Zacian|0 fnt
|faint|p2a: Zacian
|
|upkeep
|
|switch|p2a: Snorlax|Snorlax, F, shiny|100/100
|-damage|p2a: Snorlax|88/100|[from] Stealth Rock
|turn|11
|
|move|p1a: Ditto|Behemoth Blade|p2a: Snorlax
|-damage|p2a: Snorlax|0 fnt
|faint|p2a: Snorlax
|
|upkeep
|
|switch|p2a: Melmetal|Melmetal, shiny|100/100
|-damage|p2a: Melmetal|94/100|[from] Stealth Rock
|turn|12
|
|move|p1a: Ditto|Behemoth Blade|p2a: Melmetal
|-resisted|p2a: Melmetal
|-damage|p2a: Melmetal|42/100
|move|p2a: Melmetal|Double Iron Bash|p1a: Ditto
|-damage|p1a: Ditto|44/100
|-damage|p1a: Ditto|0 fnt
|-hitcount|p1a: Ditto|2
|faint|p1a: Ditto
|
|upkeep
|
|switch|p1a: Darmanitan|Darmanitan-Galar, F|100/100
|turn|13
|c|☆Alex Amaterasu|ahahahaa, "gotcha"
|c|☆Alex Amaterasu|"some"
|c|☆Alex Amaterasu|call me the greatest
|c|☆Alex Amaterasu|-Alex Amaterasu
|
|-start|p1a: Darmanitan|Dynamax
|-heal|p1a: Darmanitan|100/100|[silent]
|move|p1a: Darmanitan|Max Flare|p2a: Melmetal
|-supereffective|p2a: Melmetal
|-damage|p2a: Melmetal|0 fnt
|-weather|SunnyDay
|faint|p2a: Melmetal
|
|-weather|SunnyDay|[upkeep]
|upkeep
|
|switch|p2a: Alcremie|Alcremie, F, shiny|100/100
|-damage|p2a: Alcremie|88/100|[from] Stealth Rock
|turn|14
|c|☆GEDO RINNE TENSEI|ahahahaa, "gotcha"
|
|move|p1a: Darmanitan|Max Hailstorm|p2a: Alcremie
|-damage|p2a: Alcremie|0 fnt
|-weather|Hail
|faint|p2a: Alcremie
|
|win|GEDO RINNE TENSEI
|raw|GEDO RINNE TENSEI's rating: 1451 &rarr; <strong>1457</strong><br />(+6 for winning)
|raw|Alex Amaterasu's rating: 1151 &rarr; <strong>1143</strong><br />(-8 for losing)
|c|☆Alex Amaterasu|*uploaded*
|c|☆Alex Amaterasu|-Alex Amaterasu
