|j|☆RIP_Player
|j|☆Rafaella210599
|t:|1617038465
|player|p1|RIP_Player|firebreather|1399
|player|p2|Rafaella210599|phoebe-gen3|1297
|teamsize|p1|6
|teamsize|p2|6
|gametype|singles
|gen|8
|tier|[Gen 8] Ubers
|rated|
|clearpoke
|poke|p1|Eternatus|
|poke|p1|Toxapex, M|
|poke|p1|Yveltal|
|poke|p1|Ferrothorn, M|
|poke|p1|Marshadow|
|poke|p1|Heatran, F|
|poke|p2|Eternatus|
|poke|p2|Necrozma-Dusk-Mane|
|poke|p2|Yveltal|
|poke|p2|Zygarde|
|poke|p2|Zacian|
|poke|p2|Calyrex-Shadow|
|rule|Sleep Clause Mod: Limit one foe put to sleep
|rule|Species Clause: Limit one of each Pokémon
|rule|OHKO Clause: OHKO moves are banned
|rule|Evasion Moves Clause: Evasion moves are banned
|rule|Endless Battle Clause: Forcing endless battles is banned
|rule|HP Percentage Mod: HP is shown in percentages
|rule|Dynamax Clause: You cannot dynamax
|teampreview
|inactive|Battle timer is ON: inactive players will automatically lose when time's up. (requested by Rafaella210599)
|inactive|RIP_Player also wants the timer to be on.
|
|t:|1617038487
|start
|switch|p1a: Ferrothorn|Ferrothorn, M|100/100
|switch|p2a: Zacian|Zacian|100/100
|-ability|p2a: Zacian|Intrepid Sword|boost
|-boost|p2a: Zacian|atk|1
|turn|1
|inactive|RIP_Player has 120 seconds left.
|
|t:|1617038526
|switch|p2a: Yveltal|Yveltal|100/100
|-ability|p2a: Yveltal|Dark Aura
|switch|p1a: Toxapex|Toxapex, M|100/100
|
|upkeep
|turn|2
|
|t:|1617038530
|move|p2a: Yveltal|Dark Pulse|p1a: Toxapex
|-damage|p1a: Toxapex|51/100
|cant|p1a: Toxapex|flinch
|
|-heal|p1a: Toxapex|57/100|[from] item: Black Sludge
|upkeep
|turn|3
|
|t:|1617038539
|move|p2a: Yveltal|Dark Pulse|p1a: Toxapex
|-damage|p1a: Toxapex|5/100
|move|p1a: Toxapex|Toxic|p2a: Yveltal
|-status|p2a: Yveltal|tox
|
|-heal|p1a: Toxapex|11/100|[from] item: Black Sludge
|-damage|p2a: Yveltal|94/100 tox|[from] psn
|upkeep
|turn|4
|
|t:|1617038544
|move|p1a: Toxapex|Baneful Bunker|p1a: Toxapex
|-singleturn|p1a: Toxapex|move: Protect
|move|p2a: Yveltal|Dark Pulse|p1a: Toxapex
|-activate|p1a: Toxapex|move: Protect
|
|-heal|p1a: Toxapex|17/100|[from] item: Black Sludge
|-damage|p2a: Yveltal|82/100 tox|[from] psn
|upkeep
|turn|5
|
|t:|1617038555
|switch|p2a: Zygarde|Zygarde|100/100
|switch|p1a: Yveltal|Yveltal|100/100
|-ability|p1a: Yveltal|Dark Aura
|
|upkeep
|turn|6
|
|t:|1617038571
|move|p1a: Yveltal|Knock Off|p2a: Zygarde
|-damage|p2a: Zygarde|24/100
|-enditem|p2a: Zygarde|Leftovers|[from] move: Knock Off|[of] p1a: Yveltal
|move|p2a: Zygarde|Glare|p1a: Yveltal
|-status|p1a: Yveltal|par
|
|-activate|p2a: Zygarde|ability: Power Construct
|detailschange|p2a: Zygarde|Zygarde-Complete
|-heal|p2a: Zygarde|50/100|[silent]
|upkeep
|turn|7
|
|t:|1617038581
|switch|p2a: Yveltal|Yveltal|82/100 tox
|-ability|p2a: Yveltal|Dark Aura
|move|p1a: Yveltal|Knock Off|p2a: Yveltal
|-resisted|p2a: Yveltal
|-damage|p2a: Yveltal|44/100 tox
|-enditem|p2a: Yveltal|Heavy-Duty Boots|[from] move: Knock Off|[of] p1a: Yveltal
|
|-damage|p2a: Yveltal|38/100 tox|[from] psn
|upkeep
|turn|8
|
|t:|1617038590
|switch|p1a: Heatran|Heatran, F|100/100
|move|p2a: Yveltal|Oblivion Wing|p1a: Heatran
|-resisted|p1a: Heatran
|-damage|p1a: Heatran|86/100
|-heal|p2a: Yveltal|47/100 tox|[from] drain|[of] p1a: Heatran
|
|-heal|p1a: Heatran|92/100|[from] item: Leftovers
|-damage|p2a: Yveltal|35/100 tox|[from] psn
|upkeep
|turn|9
|
|t:|1617038600
|move|p2a: Yveltal|Dark Pulse|p1a: Heatran
|-damage|p1a: Heatran|53/100
|move|p1a: Heatran|Stealth Rock|p2a: Yveltal
|-sidestart|p2: Rafaella210599|move: Stealth Rock
|
|-heal|p1a: Heatran|59/100|[from] item: Leftovers
|-damage|p2a: Yveltal|17/100 tox|[from] psn
|upkeep
|turn|10
|
|t:|1617038608
|switch|p1a: Yveltal|Yveltal|100/100 par
|-ability|p1a: Yveltal|Dark Aura
|move|p2a: Yveltal|Defog|p1a: Yveltal
|-unboost|p1a: Yveltal|evasion|1
|-sideend|p2: Rafaella210599|Stealth Rock|[from] move: Defog|[of] p2a: Yveltal
|
|-damage|p2a: Yveltal|0 fnt|[from] psn
|faint|p2a: Yveltal
|upkeep
|
|t:|1617038618
|switch|p2a: Zacian|Zacian|100/100
|-ability|p2a: Zacian|Intrepid Sword|boost
|-boost|p2a: Zacian|atk|1
|turn|11
|
|t:|1617038624
|switch|p1a: Toxapex|Toxapex, M|50/100
|move|p2a: Zacian|Wild Charge|p1a: Toxapex
|-supereffective|p1a: Toxapex
|-damage|p1a: Toxapex|0 fnt
|-damage|p2a: Zacian|89/100|[from] Recoil
|faint|p1a: Toxapex
|
|upkeep
|
|t:|1617038634
|switch|p1a: Marshadow|Marshadow|100/100
|turn|12
|
|t:|1617038640
|switch|p2a: Eternatus|Eternatus|100/100
|-ability|p2a: Eternatus|Pressure
|move|p1a: Marshadow|Spectral Thief|p2a: Eternatus
|-damage|p2a: Eternatus|65/100
|
|-heal|p2a: Eternatus|71/100|[from] item: Black Sludge
|upkeep
|turn|13
|
|t:|1617038645
|switch|p1a: Heatran|Heatran, F|59/100
|move|p2a: Eternatus|Toxic|p1a: Heatran
|-immune|p1a: Heatran
|
|-heal|p2a: Eternatus|78/100|[from] item: Black Sludge
|-heal|p1a: Heatran|65/100|[from] item: Leftovers
|upkeep
|turn|14
|
|t:|1617038653
|switch|p2a: Calyrex|Calyrex-Shadow|100/100
|-ability|p2a: Calyrex|As One
|-ability|p2a: Calyrex|Unnerve|p1: RIP_Player
|move|p1a: Heatran|Stealth Rock|p2a: Calyrex
|-sidestart|p2: Rafaella210599|move: Stealth Rock
|
|-heal|p1a: Heatran|71/100|[from] item: Leftovers
|upkeep
|turn|15
|
|t:|1617038678
|switch|p1a: Yveltal|Yveltal|100/100 par
|-ability|p1a: Yveltal|Dark Aura
|move|p2a: Calyrex|Substitute|p2a: Calyrex
|-start|p2a: Calyrex|Substitute
|-damage|p2a: Calyrex|76/100
|
|upkeep
|turn|16
|
|t:|1617038682
|move|p2a: Calyrex|Nasty Plot|p2a: Calyrex
|-boost|p2a: Calyrex|spa|2
|cant|p1a: Yveltal|par
|
|upkeep
|turn|17
|
|t:|1617038686
|move|p2a: Calyrex|Draining Kiss|p1a: Yveltal
|-supereffective|p1a: Yveltal
|-damage|p1a: Yveltal|22/100 par
|-heal|p2a: Calyrex|100/100|[from] drain|[of] p1a: Yveltal
|cant|p1a: Yveltal|par
|
|upkeep
|turn|18
|
|t:|1617038693
|move|p2a: Calyrex|Draining Kiss|p1a: Yveltal
|-supereffective|p1a: Yveltal
|-damage|p1a: Yveltal|0 fnt
|faint|p1a: Yveltal
|-ability|p2a: Calyrex|Grim Neigh|boost
|-boost|p2a: Calyrex|spa|1
|
|upkeep
|
|t:|1617038697
|switch|p1a: Ferrothorn|Ferrothorn, M|100/100
|turn|19
|
|t:|1617038702
|move|p2a: Calyrex|Astral Barrage|p1a: Ferrothorn
|-damage|p1a: Ferrothorn|0 fnt
|faint|p1a: Ferrothorn
|-ability|p2a: Calyrex|Grim Neigh|boost
|-boost|p2a: Calyrex|spa|1
|
|upkeep
|
|t:|1617038706
|switch|p1a: Marshadow|Marshadow|100/100
|turn|20
|inactive|Rafaella210599 has 120 seconds left.
|
|t:|1617038751
|switch|p2a: Eternatus|Eternatus|78/100
|-damage|p2a: Eternatus|65/100|[from] Stealth Rock
|-ability|p2a: Eternatus|Pressure
|move|p1a: Marshadow|Shadow Sneak|p2a: Eternatus
|-damage|p2a: Eternatus|43/100
|
|-heal|p2a: Eternatus|49/100|[from] item: Black Sludge
|upkeep
|turn|21
|
|t:|1617038767
|move|p2a: Eternatus|Recover|p2a: Eternatus
|-heal|p2a: Eternatus|99/100
|move|p1a: Marshadow|Swagger|p2a: Eternatus
|-boost|p2a: Eternatus|atk|2
|-start|p2a: Eternatus|confusion
|
|-heal|p2a: Eternatus|100/100|[from] item: Black Sludge
|upkeep
|turn|22
|
|t:|1617038775
|switch|p2a: Zygarde|Zygarde-Complete|50/100
|-damage|p2a: Zygarde|44/100|[from] Stealth Rock
|move|p1a: Marshadow|Spectral Thief|p2a: Zygarde
|-damage|p2a: Zygarde|25/100
|
|upkeep
|turn|23
|
|t:|1617038782
|move|p1a: Marshadow|Close Combat|p2a: Zygarde
|-damage|p2a: Zygarde|0 fnt
|-unboost|p1a: Marshadow|def|1
|-unboost|p1a: Marshadow|spd|1
|faint|p2a: Zygarde
|
|upkeep
|
|t:|1617038788
|switch|p2a: Eternatus|Eternatus|100/100
|-damage|p2a: Eternatus|88/100|[from] Stealth Rock
|-ability|p2a: Eternatus|Pressure
|turn|24
|
|t:|1617038792
|switch|p1a: Heatran|Heatran, F|71/100
|move|p2a: Eternatus|Dynamax Cannon|p1a: Heatran
|-resisted|p1a: Heatran
|-damage|p1a: Heatran|57/100
|
|-heal|p2a: Eternatus|94/100|[from] item: Black Sludge
|-heal|p1a: Heatran|63/100|[from] item: Leftovers
|upkeep
|turn|25
|
|t:|1617038798
|switch|p2a: Necrozma|Necrozma-Dusk-Mane|100/100
|-damage|p2a: Necrozma|94/100|[from] Stealth Rock
|move|p1a: Heatran|Earth Power|p2a: Necrozma
|-supereffective|p2a: Necrozma
|-damage|p2a: Necrozma|65/100
|-enditem|p2a: Necrozma|Weakness Policy
|-boost|p2a: Necrozma|atk|2|[from] item: Weakness Policy
|-boost|p2a: Necrozma|spa|2|[from] item: Weakness Policy
|
|-heal|p1a: Heatran|69/100|[from] item: Leftovers
|upkeep
|turn|26
|
|t:|1617038805
|move|p1a: Heatran|Lava Plume|p2a: Necrozma
|-supereffective|p2a: Necrozma
|-damage|p2a: Necrozma|22/100
|move|p2a: Necrozma|Earthquake|p1a: Heatran
|-supereffective|p1a: Heatran
|-damage|p1a: Heatran|0 fnt
|faint|p1a: Heatran
|
|upkeep
|
|t:|1617038808
|switch|p1a: Marshadow|Marshadow|100/100
|turn|27
|
|t:|1617038816
|switch|p2a: Eternatus|Eternatus|94/100
|-damage|p2a: Eternatus|82/100|[from] Stealth Rock
|-ability|p2a: Eternatus|Pressure
|move|p1a: Marshadow|Spectral Thief|p2a: Eternatus
|-damage|p2a: Eternatus|50/100
|
|-heal|p2a: Eternatus|56/100|[from] item: Black Sludge
|upkeep
|turn|28
|
|t:|1617038819
|move|p2a: Eternatus|Dynamax Cannon|p1a: Marshadow
|-damage|p1a: Marshadow|48/100
|move|p1a: Marshadow|Swagger|p2a: Eternatus
|-boost|p2a: Eternatus|atk|2
|-start|p2a: Eternatus|confusion
|
|-heal|p2a: Eternatus|63/100|[from] item: Black Sludge
|upkeep
|turn|29
|
|t:|1617038835
|-activate|p2a: Eternatus|confusion
|move|p2a: Eternatus|Recover|p2a: Eternatus
|-heal|p2a: Eternatus|100/100
|move|p1a: Marshadow|Spectral Thief||[still]
|-clearpositiveboost|p2a: Eternatus|p1a: Marshadow|move: Spectral Thief
|-boost|p1a: Marshadow|atk|2
|-anim|p1a: Marshadow|Spectral Thief|p2a: Eternatus
|-damage|p2a: Eternatus|29/100
|
|-heal|p2a: Eternatus|35/100|[from] item: Black Sludge
|upkeep
|turn|30
|
|t:|1617038850
|move|p1a: Marshadow|Shadow Sneak|p2a: Eternatus
|-damage|p2a: Eternatus|0 fnt
|faint|p2a: Eternatus
|
|upkeep
|
|t:|1617038854
|switch|p2a: Zacian|Zacian|89/100
|-damage|p2a: Zacian|76/100|[from] Stealth Rock
|-ability|p2a: Zacian|Intrepid Sword|boost
|-boost|p2a: Zacian|atk|1
|turn|31
|
|t:|1617038858
|move|p1a: Marshadow|Shadow Sneak|p2a: Zacian
|-crit|p2a: Zacian
|-damage|p2a: Zacian|0 fnt
|faint|p2a: Zacian
|
|upkeep
|
|t:|1617038863
|switch|p2a: Necrozma|Necrozma-Dusk-Mane|22/100
|-damage|p2a: Necrozma|16/100|[from] Stealth Rock
|turn|32
|
|t:|1617038866
|move|p1a: Marshadow|Shadow Sneak|p2a: Necrozma
|-supereffective|p2a: Necrozma
|-damage|p2a: Necrozma|0 fnt
|faint|p2a: Necrozma
|
|upkeep
|-message|Rafaella210599 forfeited.
|
|win|RIP_Player
|l|☆Rafaella210599
|raw|RIP_Player's rating: 1399 &rarr; <strong>1413</strong><br />(+14 for winning)
|raw|Rafaella210599's rating: 1297 &rarr; <strong>1279</strong><br />(-18 for losing)
