|j|☆Chunkomucho
|j|☆Tyson4592
|player|p1|Chunkomucho|erika|1463
|player|p2|Tyson4592|102|1275
|teamsize|p1|6
|teamsize|p2|6
|gametype|singles
|gen|8
|tier|[Gen 8] Ubers
|rated|
|clearpoke
|poke|p1|Eternatus|
|poke|p1|Hatterene, F|
|poke|p1|Toxapex, M|
|poke|p1|Corviknight, M|
|poke|p1|Quagsire, M|
|poke|p1|Tyranitar, M|
|poke|p2|Zacian-Crowned|
|poke|p2|Necrozma-Dusk-Mane|
|poke|p2|Mewtwo|
|poke|p2|Marshadow|
|poke|p2|Pelipper, M|
|poke|p2|Ludicolo, F|
|rule|Sleep Clause Mod: Limit one foe put to sleep
|rule|Species Clause: Limit one of each Pokémon
|rule|OHKO Clause: OHKO moves are banned
|rule|Evasion Moves Clause: Evasion moves are banned
|rule|Endless Battle Clause: Forcing endless battles is banned
|rule|HP Percentage Mod: HP is shown in percentages
|html|Ubers Dynamax Clause: Pokémon on the <a href="https://www.smogon.com/dex/ss/formats/uber/">Ubers Dynamax Banlist</a> cannot Dynamax.
|teampreview
|inactive|Battle timer is ON: inactive players will automatically lose when time's up. (requested by Chunkomucho)
|
|start
|switch|p1a: Eternatus|Eternatus|100/100
|switch|p2a: Zacian|Zacian-Crowned|100/100
|-ability|p2a: Zacian|Intrepid Sword|boost
|-boost|p2a: Zacian|atk|1
|-ability|p1a: Eternatus|Pressure
|turn|1
|
|switch|p1a: Quagsire|Quagsire, M|100/100
|move|p2a: Zacian|Psychic Fangs|p1a: Quagsire
|-damage|p1a: Quagsire|74/100
|
|upkeep
|turn|2
|
|switch|p2a: Ludicolo|Ludicolo, F|100/100
|move|p1a: Quagsire|Scald|p2a: Ludicolo
|-resisted|p2a: Ludicolo
|-damage|p2a: Ludicolo|96/100
|
|upkeep
|turn|3
|
|switch|p1a: Toxapex|Toxapex, M|100/100
|move|p2a: Ludicolo|Fake Out|p1a: Toxapex
|-crit|p1a: Toxapex
|-damage|p1a: Toxapex|95/100
|
|upkeep
|turn|4
|
|switch|p2a: Zacian|Zacian-Crowned|100/100
|-ability|p2a: Zacian|Intrepid Sword|boost
|-boost|p2a: Zacian|atk|1
|move|p1a: Toxapex|Knock Off|p2a: Zacian
|-resisted|p2a: Zacian
|-damage|p2a: Zacian|96/100
|
|upkeep
|turn|5
|
|switch|p1a: Quagsire|Quagsire, M|74/100
|move|p2a: Zacian|Psychic Fangs|p1a: Quagsire
|-damage|p1a: Quagsire|51/100
|
|upkeep
|turn|6
|
|move|p2a: Zacian|Crunch|p1a: Quagsire
|-damage|p1a: Quagsire|25/100
|move|p1a: Quagsire|Recover|p1a: Quagsire
|-heal|p1a: Quagsire|75/100
|
|upkeep
|turn|7
|
|switch|p2a: Ludicolo|Ludicolo, F|96/100
|move|p1a: Quagsire|Recover|p1a: Quagsire
|-heal|p1a: Quagsire|100/100
|
|upkeep
|turn|8
|
|switch|p1a: Toxapex|Toxapex, M|100/100
|move|p2a: Ludicolo|Giga Drain|p1a: Toxapex
|-damage|p1a: Toxapex|73/100
|-heal|p2a: Ludicolo|100/100|[from] drain|[of] p1a: Toxapex
|
|upkeep
|turn|9
|
|switch|p2a: Necrozma|Necrozma-Dusk-Mane|100/100
|move|p1a: Toxapex|Scald|p2a: Necrozma
|-damage|p2a: Necrozma|86/100
|
|upkeep
|turn|10
|
|move|p2a: Necrozma|Dragon Dance|p2a: Necrozma
|-boost|p2a: Necrozma|atk|1
|-boost|p2a: Necrozma|spe|1
|move|p1a: Toxapex|Scald|p2a: Necrozma
|-damage|p2a: Necrozma|73/100
|-status|p2a: Necrozma|brn
|
|-damage|p2a: Necrozma|67/100 brn|[from] brn
|upkeep
|turn|11
|
|move|p2a: Necrozma|Bulldoze|p1a: Toxapex
|-supereffective|p1a: Toxapex
|-damage|p1a: Toxapex|45/100
|-unboost|p1a: Toxapex|spe|1
|move|p1a: Toxapex|Haze|p1a: Toxapex
|-clearallboost
|
|-damage|p2a: Necrozma|61/100 brn|[from] brn
|upkeep
|turn|12
|
|move|p2a: Necrozma|Bulldoze|p1a: Toxapex
|-supereffective|p1a: Toxapex
|-damage|p1a: Toxapex|25/100
|-unboost|p1a: Toxapex|spe|1
|move|p1a: Toxapex|Recover|p1a: Toxapex
|-heal|p1a: Toxapex|75/100
|
|-damage|p2a: Necrozma|55/100 brn|[from] brn
|upkeep
|turn|13
|
|switch|p1a: Corviknight|Corviknight, M|100/100
|-ability|p1a: Corviknight|Pressure
|move|p2a: Necrozma|Dragon Dance|p2a: Necrozma
|-boost|p2a: Necrozma|atk|1
|-boost|p2a: Necrozma|spe|1
|
|-damage|p2a: Necrozma|49/100 brn|[from] brn
|upkeep
|turn|14
|
|move|p2a: Necrozma|Photon Geyser|p1a: Corviknight
|-resisted|p1a: Corviknight
|-damage|p1a: Corviknight|85/100
|move|p1a: Corviknight|U-turn|p2a: Necrozma
|-damage|p2a: Necrozma|38/100 brn
|
|switch|p1a: Toxapex|Toxapex, M|100/100|[from]move: U-turn
|
|-damage|p2a: Necrozma|32/100 brn|[from] brn
|upkeep
|turn|15
|
|move|p2a: Necrozma|Photon Geyser|p1a: Toxapex
|-supereffective|p1a: Toxapex
|-damage|p1a: Toxapex|35/100
|move|p1a: Toxapex|Scald|p2a: Necrozma
|-damage|p2a: Necrozma|18/100 brn
|
|-damage|p2a: Necrozma|12/100 brn|[from] brn
|upkeep
|turn|16
|
|switch|p1a: Corviknight|Corviknight, M|85/100
|-ability|p1a: Corviknight|Pressure
|move|p2a: Necrozma|Photon Geyser|p1a: Corviknight
|-resisted|p1a: Corviknight
|-damage|p1a: Corviknight|70/100
|
|-damage|p2a: Necrozma|6/100 brn|[from] brn
|upkeep
|turn|17
|
|move|p2a: Necrozma|Sunsteel Strike|p1a: Corviknight
|-resisted|p1a: Corviknight
|-damage|p1a: Corviknight|54/100
|-damage|p2a: Necrozma|0 fnt|[from] item: Rocky Helmet|[of] p1a: Corviknight
|faint|p2a: Necrozma
|move|p1a: Corviknight|Roost|p1a: Corviknight
|-heal|p1a: Corviknight|100/100
|-singleturn|p1a: Corviknight|move: Roost
|
|upkeep
|
|switch|p2a: Pelipper|Pelipper, M|100/100
|-weather|RainDance|[from] ability: Drizzle|[of] p2a: Pelipper
|turn|18
|
|move|p1a: Corviknight|U-turn|p2a: Pelipper
|-resisted|p2a: Pelipper
|-damage|p2a: Pelipper|93/100
|
|switch|p1a: Tyranitar|Tyranitar, M|100/100|[from]move: U-turn
|-weather|Sandstorm|[from] ability: Sand Stream|[of] p1a: Tyranitar
|move|p2a: Pelipper|Tailwind|p2a: Pelipper
|-sidestart|p2: Tyson4592|move: Tailwind
|
|-weather|Sandstorm|[upkeep]
|-damage|p2a: Pelipper|87/100|[from] Sandstorm
|upkeep
|turn|19
|
|switch|p2a: Zacian|Zacian-Crowned|96/100
|-ability|p2a: Zacian|Intrepid Sword|boost
|-boost|p2a: Zacian|atk|1
|move|p1a: Tyranitar|Stealth Rock|p2a: Zacian
|-sidestart|p2: Tyson4592|move: Stealth Rock
|
|-weather|Sandstorm|[upkeep]
|upkeep
|turn|20
|
|switch|p1a: Quagsire|Quagsire, M|100/100
|move|p2a: Zacian|Behemoth Blade|p1a: Quagsire
|-resisted|p1a: Quagsire
|-damage|p1a: Quagsire|78/100
|
|-weather|Sandstorm|[upkeep]
|upkeep
|turn|21
|
|move|p2a: Zacian|Psychic Fangs|p1a: Quagsire
|-damage|p1a: Quagsire|52/100
|move|p1a: Quagsire|Earthquake|p2a: Zacian
|-supereffective|p2a: Zacian
|-damage|p2a: Zacian|39/100
|
|-weather|Sandstorm|[upkeep]
|-sideend|p2: Tyson4592|move: Tailwind
|upkeep
|turn|22
|
|move|p2a: Zacian|Close Combat|p1a: Quagsire
|-damage|p1a: Quagsire|18/100
|-unboost|p2a: Zacian|def|1
|-unboost|p2a: Zacian|spd|1
|move|p1a: Quagsire|Recover|p1a: Quagsire
|-heal|p1a: Quagsire|68/100
|
|-weather|none
|upkeep
|turn|23
|-message|Tyson4592 forfeited.
|
|win|Chunkomucho
|l|☆Tyson4592
|raw|Chunkomucho's rating: 1463 &rarr; <strong>1473</strong><br />(+10 for winning)
|raw|Tyson4592's rating: 1275 &rarr; <strong>1263</strong><br />(-12 for losing)
