|j|☆Rell27
|j|☆Dun 26
|t:|1618095023
|gametype|singles
|player|p1|Rell27|102|1529
|player|p2|Dun 26|skyla|1610
|teamsize|p1|6
|teamsize|p2|6
|gen|8
|tier|[Gen 8] Ubers
|rated|
|clearpoke
|poke|p1|Eternatus|
|poke|p1|Necrozma-Dusk-Mane|
|poke|p1|Calyrex-Shadow|
|poke|p1|Yveltal|
|poke|p1|Zygarde|
|poke|p1|Xerneas|
|poke|p2|Kyogre|
|poke|p2|Necrozma-Dusk-Mane|
|poke|p2|Ho-Oh|
|poke|p2|Yveltal|
|poke|p2|Calyrex-Shadow|
|poke|p2|Eternatus|
|rule|Sleep Clause Mod: Limit one foe put to sleep
|rule|Species Clause: Limit one of each Pokémon
|rule|OHKO Clause: OHKO moves are banned
|rule|Evasion Moves Clause: Evasion moves are banned
|rule|Endless Battle Clause: Forcing endless battles is banned
|rule|HP Percentage Mod: HP is shown in percentages
|rule|Dynamax Clause: You cannot dynamax
|teampreview
|
|t:|1618095045
|start
|switch|p1a: Eternatus|Eternatus|100/100
|switch|p2a: BAN CALYREX|Yveltal|100/100
|-ability|p1a: Eternatus|Pressure
|-ability|p2a: BAN CALYREX|Dark Aura
|turn|1
|inactive|Battle timer is ON: inactive players will automatically lose when time's up. (requested by Dun 26)
|
|t:|1618095067
|switch|p2a: Tankyki|Necrozma-Dusk-Mane|100/100
|move|p1a: Eternatus|Sludge Bomb|p2a: Tankyki
|-immune|p2a: Tankyki
|
|upkeep
|turn|2
|
|t:|1618095075
|switch|p1a: Necrozma|Necrozma-Dusk-Mane|100/100
|move|p2a: Tankyki|Earthquake|p1a: Necrozma
|-supereffective|p1a: Necrozma
|-damage|p1a: Necrozma|64/100
|
|upkeep
|turn|3
|
|t:|1618095078
|move|p1a: Necrozma|Thunder Wave|p2a: Tankyki
|-status|p2a: Tankyki|par
|move|p2a: Tankyki|Earthquake|p1a: Necrozma
|-supereffective|p1a: Necrozma
|-damage|p1a: Necrozma|28/100
|
|upkeep
|turn|4
|
|t:|1618095081
|move|p1a: Necrozma|Morning Sun|p1a: Necrozma
|-heal|p1a: Necrozma|78/100
|move|p2a: Tankyki|Earthquake|p1a: Necrozma
|-supereffective|p1a: Necrozma
|-damage|p1a: Necrozma|37/100
|
|upkeep
|turn|5
|
|t:|1618095085
|move|p1a: Necrozma|Stealth Rock|p2a: Tankyki
|-sidestart|p2: Dun 26|move: Stealth Rock
|cant|p2a: Tankyki|par
|
|upkeep
|turn|6
|
|t:|1618095087
|move|p1a: Necrozma|Morning Sun|p1a: Necrozma
|-heal|p1a: Necrozma|87/100
|move|p2a: Tankyki|Earthquake|p1a: Necrozma
|-supereffective|p1a: Necrozma
|-damage|p1a: Necrozma|49/100
|
|upkeep
|turn|7
|
|t:|1618095090
|move|p1a: Necrozma|Morning Sun|p1a: Necrozma
|-heal|p1a: Necrozma|99/100
|move|p2a: Tankyki|Earthquake|p1a: Necrozma
|-supereffective|p1a: Necrozma
|-damage|p1a: Necrozma|58/100
|
|upkeep
|turn|8
|
|t:|1618095092
|move|p1a: Necrozma|Morning Sun|p1a: Necrozma
|-heal|p1a: Necrozma|100/100
|move|p2a: Tankyki|Earthquake|p1a: Necrozma
|-supereffective|p1a: Necrozma
|-damage|p1a: Necrozma|62/100
|
|upkeep
|turn|9
|
|t:|1618095094
|move|p1a: Necrozma|Morning Sun|p1a: Necrozma
|-heal|p1a: Necrozma|100/100
|cant|p2a: Tankyki|par
|
|upkeep
|turn|10
|
|t:|1618095096
|switch|p1a: Zygarde|Zygarde|100/100
|cant|p2a: Tankyki|par
|
|upkeep
|turn|11
|
|t:|1618095099
|switch|p2a: Big Blue|Kyogre|100/100
|-damage|p2a: Big Blue|88/100|[from] Stealth Rock
|-weather|RainDance|[from] ability: Drizzle|[of] p2a: Big Blue
|move|p1a: Zygarde|Thousand Waves|p2a: Big Blue
|-damage|p2a: Big Blue|66/100
|-activate|p2a: Big Blue|trapped
|
|-weather|RainDance|[upkeep]
|-heal|p2a: Big Blue|72/100|[from] item: Leftovers
|upkeep
|turn|12
|
|t:|1618095108
|switch|p1a: Eternatus|Eternatus|100/100
|-ability|p1a: Eternatus|Pressure
|move|p2a: Big Blue|Ice Beam|p1a: Eternatus
|-supereffective|p1a: Eternatus
|-crit|p1a: Eternatus
|-damage|p1a: Eternatus|38/100
|
|-weather|RainDance|[upkeep]
|-heal|p2a: Big Blue|78/100|[from] item: Leftovers
|upkeep
|turn|13
|
|t:|1618095114
|move|p1a: Eternatus|Recover|p1a: Eternatus
|-heal|p1a: Eternatus|88/100
|move|p2a: Big Blue|Ice Beam|p1a: Eternatus
|-supereffective|p1a: Eternatus
|-damage|p1a: Eternatus|50/100
|
|-weather|RainDance|[upkeep]
|-heal|p2a: Big Blue|84/100|[from] item: Leftovers
|upkeep
|turn|14
|
|t:|1618095117
|move|p1a: Eternatus|Recover|p1a: Eternatus
|-heal|p1a: Eternatus|100/100
|move|p2a: Big Blue|Calm Mind|p2a: Big Blue
|-boost|p2a: Big Blue|spa|1
|-boost|p2a: Big Blue|spd|1
|
|-weather|RainDance|[upkeep]
|-heal|p2a: Big Blue|90/100|[from] item: Leftovers
|upkeep
|turn|15
|
|t:|1618095125
|switch|p1a: Yveltal|Yveltal|100/100
|-ability|p1a: Yveltal|Dark Aura
|move|p2a: Big Blue|Calm Mind|p2a: Big Blue
|-boost|p2a: Big Blue|spa|1
|-boost|p2a: Big Blue|spd|1
|
|-weather|none
|-heal|p2a: Big Blue|97/100|[from] item: Leftovers
|upkeep
|turn|16
|
|t:|1618095129
|move|p1a: Yveltal|Knock Off|p2a: Big Blue
|-damage|p2a: Big Blue|50/100
|-enditem|p2a: Big Blue|Leftovers|[from] move: Knock Off|[of] p1a: Yveltal
|-damage|p1a: Yveltal|91/100|[from] item: Life Orb
|move|p2a: Big Blue|Ice Beam|p1a: Yveltal
|-supereffective|p1a: Yveltal
|-damage|p1a: Yveltal|15/100
|-status|p1a: Yveltal|frz
|
|upkeep
|turn|17
|
|t:|1618095134
|cant|p1a: Yveltal|frz
|move|p2a: Big Blue|Scald|p1a: Yveltal
|-damage|p1a: Yveltal|0 fnt
|faint|p1a: Yveltal
|
|upkeep
|
|t:|1618095137
|switch|p1a: Calyrex|Calyrex-Shadow|100/100
|-ability|p1a: Calyrex|As One
|-ability|p1a: Calyrex|Unnerve
|turn|18
|
|t:|1618095139
|switch|p2a: BAN CALYREX|Yveltal|100/100
|-ability|p2a: BAN CALYREX|Dark Aura
|move|p1a: Calyrex|Psyshock|p2a: BAN CALYREX
|-immune|p2a: BAN CALYREX
|
|upkeep
|turn|19
|
|t:|1618095143
|switch|p1a: Xerneas|Xerneas|100/100
|-ability|p1a: Xerneas|Fairy Aura
|move|p2a: BAN CALYREX|Knock Off|p1a: Xerneas
|-resisted|p1a: Xerneas
|-crit|p1a: Xerneas
|-damage|p1a: Xerneas|69/100
|-enditem|p1a: Xerneas|Power Herb|[from] move: Knock Off|[of] p2a: BAN CALYREX
|
|upkeep
|turn|20
|
|t:|1618095147
|switch|p2a: Tankyki|Necrozma-Dusk-Mane|100/100 par
|-damage|p2a: Tankyki|94/100 par|[from] Stealth Rock
|move|p1a: Xerneas|Moonblast|p2a: Tankyki
|-resisted|p2a: Tankyki
|-damage|p2a: Tankyki|69/100 par
|-unboost|p2a: Tankyki|spa|1
|
|-heal|p2a: Tankyki|75/100 par|[from] item: Leftovers
|upkeep
|turn|21
|
|t:|1618095156
|switch|p1a: Zygarde|Zygarde|100/100
|move|p2a: Tankyki|Sunsteel Strike|p1a: Zygarde
|-damage|p1a: Zygarde|63/100
|
|-heal|p1a: Zygarde|69/100|[from] item: Leftovers
|-heal|p2a: Tankyki|81/100 par|[from] item: Leftovers
|upkeep
|turn|22
|
|t:|1618095160
|switch|p2a: Big Blue|Kyogre|50/100
|-damage|p2a: Big Blue|38/100|[from] Stealth Rock
|-weather|RainDance|[from] ability: Drizzle|[of] p2a: Big Blue
|move|p1a: Zygarde|Scale Shot|p2a: Big Blue
|-damage|p2a: Big Blue|30/100
|-damage|p2a: Big Blue|23/100
|-damage|p2a: Big Blue|15/100
|-damage|p2a: Big Blue|8/100
|-hitcount|p2a: Big Blue|4
|-unboost|p1a: Zygarde|def|1
|-boost|p1a: Zygarde|spe|1
|
|-weather|RainDance|[upkeep]
|-heal|p1a: Zygarde|75/100|[from] item: Leftovers
|upkeep
|turn|23
|
|t:|1618095164
|move|p1a: Zygarde|Thousand Waves|p2a: Big Blue
|-damage|p2a: Big Blue|0 fnt
|faint|p2a: Big Blue
|
|-weather|RainDance|[upkeep]
|-heal|p1a: Zygarde|82/100|[from] item: Leftovers
|upkeep
|
|t:|1618095171
|switch|p2a: BAN CALYREX|Yveltal|100/100
|-ability|p2a: BAN CALYREX|Dark Aura
|turn|24
|
|t:|1618095175
|switch|p1a: Xerneas|Xerneas|69/100
|-ability|p1a: Xerneas|Fairy Aura
|move|p2a: BAN CALYREX|Knock Off|p1a: Xerneas
|-resisted|p1a: Xerneas
|-damage|p1a: Xerneas|56/100
|
|-weather|RainDance|[upkeep]
|upkeep
|turn|25
|
|t:|1618095183
|switch|p1a: Zygarde|Zygarde|82/100
|switch|p2a: Tankyki|Necrozma-Dusk-Mane|81/100 par
|-damage|p2a: Tankyki|75/100 par|[from] Stealth Rock
|
|-weather|RainDance|[upkeep]
|-heal|p1a: Zygarde|88/100|[from] item: Leftovers
|-heal|p2a: Tankyki|81/100 par|[from] item: Leftovers
|upkeep
|turn|26
|
|t:|1618095191
|switch|p2a: BAN CALYREX|Yveltal|100/100
|-ability|p2a: BAN CALYREX|Dark Aura
|move|p1a: Zygarde|Scale Shot|p2a: BAN CALYREX
|-damage|p2a: BAN CALYREX|93/100
|-damage|p2a: BAN CALYREX|85/100
|-damage|p2a: BAN CALYREX|76/100
|-damage|p2a: BAN CALYREX|68/100
|-damage|p2a: BAN CALYREX|60/100
|-hitcount|p2a: BAN CALYREX|5
|-unboost|p1a: Zygarde|def|1
|-boost|p1a: Zygarde|spe|1
|
|-weather|none
|-heal|p1a: Zygarde|94/100|[from] item: Leftovers
|upkeep
|turn|27
|
|t:|1618095194
|move|p1a: Zygarde|Coil|p1a: Zygarde
|-boost|p1a: Zygarde|atk|1
|-boost|p1a: Zygarde|def|1
|-boost|p1a: Zygarde|accuracy|1
|move|p2a: BAN CALYREX|Defog|p1a: Zygarde
|-unboost|p1a: Zygarde|evasion|1
|-sideend|p2: Dun 26|Stealth Rock|[from] move: Defog|[of] p2a: BAN CALYREX
|
|-heal|p1a: Zygarde|100/100|[from] item: Leftovers
|upkeep
|turn|28
|
|t:|1618095198
|move|p1a: Zygarde|Coil|p1a: Zygarde
|-boost|p1a: Zygarde|atk|1
|-boost|p1a: Zygarde|def|1
|-boost|p1a: Zygarde|accuracy|1
|move|p2a: BAN CALYREX|Knock Off|p1a: Zygarde
|-damage|p1a: Zygarde|76/100
|-enditem|p1a: Zygarde|Leftovers|[from] move: Knock Off|[of] p2a: BAN CALYREX
|
|upkeep
|turn|29
|
|t:|1618095207
|move|p1a: Zygarde|Scale Shot|p2a: BAN CALYREX
|-damage|p2a: BAN CALYREX|44/100
|-damage|p2a: BAN CALYREX|28/100
|-damage|p2a: BAN CALYREX|11/100
|-hitcount|p2a: BAN CALYREX|3
|-unboost|p1a: Zygarde|def|1
|-boost|p1a: Zygarde|spe|1
|move|p2a: BAN CALYREX|U-turn|p1a: Zygarde
|-damage|p1a: Zygarde|64/100
|
|t:|1618095211
|switch|p2a: See u|Calyrex-Shadow|100/100|[from]move: U-turn
|-ability|p2a: See u|As One
|-ability|p2a: See u|Unnerve
|
|upkeep
|turn|30
|
|t:|1618095221
|move|p2a: See u|Astral Barrage|p1a: Zygarde
|-damage|p1a: Zygarde|0 fnt
|faint|p1a: Zygarde
|-ability|p2a: See u|Grim Neigh|boost
|-boost|p2a: See u|spa|1
|
|upkeep
|
|t:|1618095225
|switch|p1a: Calyrex|Calyrex-Shadow|100/100
|-ability|p1a: Calyrex|As One
|-ability|p1a: Calyrex|Unnerve
|turn|31
|
|t:|1618095231
|move|p2a: See u|Astral Barrage|p1a: Calyrex
|-supereffective|p1a: Calyrex
|-enditem|p1a: Calyrex|Focus Sash
|-damage|p1a: Calyrex|1/100
|move|p1a: Calyrex|Astral Barrage|p2a: See u
|-supereffective|p2a: See u
|-damage|p2a: See u|0 fnt
|faint|p2a: See u
|-ability|p1a: Calyrex|Grim Neigh|boost
|-boost|p1a: Calyrex|spa|1
|
|upkeep
|
|t:|1618095236
|switch|p2a: BOOUM|Ho-Oh|100/100
|turn|32
|
|t:|1618095247
|switch|p1a: Eternatus|Eternatus|100/100
|-ability|p1a: Eternatus|Pressure
|move|p2a: BOOUM|Earthquake|p1a: Eternatus
|-supereffective|p1a: Eternatus
|-damage|p1a: Eternatus|19/100
|
|upkeep
|turn|33
|
|t:|1618095257
|switch|p1a: Xerneas|Xerneas|56/100
|-ability|p1a: Xerneas|Fairy Aura
|move|p2a: BOOUM|Earthquake|p1a: Xerneas
|-damage|p1a: Xerneas|14/100
|
|upkeep
|turn|34
|
|t:|1618095261
|move|p2a: BOOUM|Earthquake|p1a: Xerneas
|-damage|p1a: Xerneas|0 fnt
|faint|p1a: Xerneas
|
|upkeep
|
|t:|1618095265
|switch|p1a: Necrozma|Necrozma-Dusk-Mane|100/100
|turn|35
|
|t:|1618095271
|switch|p2a: BAN CALYREX|Yveltal|11/100
|-ability|p2a: BAN CALYREX|Dark Aura
|move|p1a: Necrozma|Thunder Wave|p2a: BAN CALYREX|[miss]
|-miss|p1a: Necrozma|p2a: BAN CALYREX
|
|upkeep
|turn|36
|
|t:|1618095278
|move|p2a: BAN CALYREX|Knock Off|p1a: Necrozma
|-supereffective|p1a: Necrozma
|-damage|p1a: Necrozma|49/100
|-enditem|p1a: Necrozma|Metal Coat|[from] move: Knock Off|[of] p2a: BAN CALYREX
|move|p1a: Necrozma|Morning Sun|p1a: Necrozma
|-heal|p1a: Necrozma|99/100
|
|upkeep
|turn|37
|
|t:|1618095284
|move|p2a: BAN CALYREX|Knock Off|p1a: Necrozma
|-supereffective|p1a: Necrozma
|-damage|p1a: Necrozma|69/100
|move|p1a: Necrozma|Thunder Wave|p2a: BAN CALYREX|[miss]
|-miss|p1a: Necrozma|p2a: BAN CALYREX
|
|upkeep
|turn|38
|
|t:|1618095289
|move|p2a: BAN CALYREX|Knock Off|p1a: Necrozma
|-supereffective|p1a: Necrozma
|-damage|p1a: Necrozma|39/100
|move|p1a: Necrozma|Thunder Wave|p2a: BAN CALYREX
|-status|p2a: BAN CALYREX|par
|
|upkeep
|turn|39
|
|t:|1618095296
|move|p1a: Necrozma|Morning Sun|p1a: Necrozma
|-heal|p1a: Necrozma|89/100
|move|p2a: BAN CALYREX|Knock Off|p1a: Necrozma
|-supereffective|p1a: Necrozma
|-damage|p1a: Necrozma|60/100
|
|upkeep
|turn|40
|
|t:|1618095299
|move|p1a: Necrozma|Stealth Rock|p2a: BAN CALYREX
|-sidestart|p2: Dun 26|move: Stealth Rock
|cant|p2a: BAN CALYREX|par
|
|upkeep
|turn|41
|
|t:|1618095307
|move|p1a: Necrozma|Morning Sun|p1a: Necrozma
|-heal|p1a: Necrozma|100/100
|move|p2a: BAN CALYREX|Defog|p1a: Necrozma
|-unboost|p1a: Necrozma|evasion|1
|-sideend|p2: Dun 26|Stealth Rock|[from] move: Defog|[of] p2a: BAN CALYREX
|
|upkeep
|turn|42
|
|t:|1618095310
|move|p1a: Necrozma|Stealth Rock|p2a: BAN CALYREX
|-sidestart|p2: Dun 26|move: Stealth Rock
|cant|p2a: BAN CALYREX|par
|
|upkeep
|turn|43
|
|t:|1618095314
|move|p1a: Necrozma|Sunsteel Strike|p2a: BAN CALYREX
|-damage|p2a: BAN CALYREX|0 fnt
|faint|p2a: BAN CALYREX
|
|upkeep
|
|t:|1618095316
|switch|p2a: BOOUM|Ho-Oh|100/100
|-damage|p2a: BOOUM|50/100|[from] Stealth Rock
|turn|44
|
|t:|1618095323
|move|p2a: BOOUM|Sacred Fire|p1a: Necrozma
|-supereffective|p1a: Necrozma
|-damage|p1a: Necrozma|27/100
|-status|p1a: Necrozma|brn
|move|p1a: Necrozma|Thunder Wave|p2a: BOOUM
|-status|p2a: BOOUM|par
|
|-damage|p1a: Necrozma|21/100 brn|[from] brn
|upkeep
|turn|45
|
|t:|1618095328
|move|p1a: Necrozma|Sunsteel Strike|p2a: BOOUM
|-resisted|p2a: BOOUM
|-damage|p2a: BOOUM|37/100 par
|move|p2a: BOOUM|Sacred Fire|p1a: Necrozma
|-supereffective|p1a: Necrozma
|-damage|p1a: Necrozma|0 fnt
|faint|p1a: Necrozma
|
|upkeep
|
|t:|1618095339
|switch|p1a: Calyrex|Calyrex-Shadow|1/100
|-ability|p1a: Calyrex|As One
|-ability|p1a: Calyrex|Unnerve
|turn|46
|
|t:|1618095343
|move|p1a: Calyrex|Astral Barrage|p2a: BOOUM
|-damage|p2a: BOOUM|0 fnt
|faint|p2a: BOOUM
|-ability|p1a: Calyrex|Grim Neigh|boost
|-boost|p1a: Calyrex|spa|1
|
|upkeep
|
|t:|1618095346
|switch|p2a: Baby Dragoun|Eternatus|100/100
|-damage|p2a: Baby Dragoun|88/100|[from] Stealth Rock
|-ability|p2a: Baby Dragoun|Pressure
|turn|47
|
|t:|1618095348
|move|p1a: Calyrex|Psyshock|p2a: Baby Dragoun
|-supereffective|p2a: Baby Dragoun
|-damage|p2a: Baby Dragoun|0 fnt
|faint|p2a: Baby Dragoun
|-ability|p1a: Calyrex|Grim Neigh|boost
|-boost|p1a: Calyrex|spa|1
|
|upkeep
|
|t:|1618095350
|switch|p2a: Tankyki|Necrozma-Dusk-Mane|81/100 par
|-damage|p2a: Tankyki|75/100 par|[from] Stealth Rock
|turn|48
|
|t:|1618095352
|move|p1a: Calyrex|Astral Barrage|p2a: Tankyki
|-supereffective|p2a: Tankyki
|-damage|p2a: Tankyki|0 fnt
|faint|p2a: Tankyki
|
|win|Rell27
|raw|Rell27's rating: 1529 &rarr; <strong>1554</strong><br />(+25 for winning)
|raw|Dun 26's rating: 1610 &rarr; <strong>1585</strong><br />(-25 for losing)
|l|☆Dun 26
