|html|<div class="broadcast-blue"><strong>[Gen 8] Ubers is currently suspecting Calyrex-Shadow! For information on how to participate check out the <a href="https://www.smogon.com/forums/threads/np-ss-ubers-stage-8-ridin-dirty-calyrex-shadow-suspect-test.3704200/">suspect thread</a>.</strong></div>
|j|☆Ryriss
|j|☆TestingTeams02604
|t:|1657657084
|gametype|singles
|player|p1|Ryriss|hilbert|1382
|player|p2|TestingTeams02604|cheren|1447
|teamsize|p1|6
|teamsize|p2|6
|gen|8
|tier|[Gen 8] Ubers
|rated|
|rule|Sleep Clause Mod: Limit one foe put to sleep
|rule|Species Clause: Limit one of each Pokémon
|rule|OHKO Clause: OHKO moves are banned
|rule|Evasion Moves Clause: Evasion moves are banned
|rule|Endless Battle Clause: Forcing endless battles is banned
|rule|HP Percentage Mod: HP is shown in percentages
|rule|Dynamax Clause: You cannot dynamax
|clearpoke
|poke|p1|Giratina-Origin|
|poke|p1|Zekrom|
|poke|p1|Necrozma-Dusk-Mane|
|poke|p1|Kyurem-Black|
|poke|p1|Kyogre|
|poke|p1|Yveltal|
|poke|p2|Calyrex-Ice|
|poke|p2|Yveltal|
|poke|p2|Zygarde|
|poke|p2|Slowbro, M|
|poke|p2|Giratina|
|poke|p2|Magearna|
|teampreview
|inactive|Battle timer is ON: inactive players will automatically lose when time's up. (requested by TestingTeams02604)
|
|t:|1657657095
|start
|switch|p1a: Giratina|Giratina-Origin|100/100
|switch|p2a: Giratina|Giratina|100/100
|-ability|p2a: Giratina|Pressure
|turn|1
|
|t:|1657657102
|switch|p2a: Yveltal|Yveltal|100/100
|-ability|p2a: Yveltal|Dark Aura
|move|p1a: Giratina|Poltergeist|p2a: Yveltal
|-activate|p2a: Yveltal|move: Poltergeist|Heavy-Duty Boots
|-resisted|p2a: Yveltal
|-damage|p2a: Yveltal|84/100
|
|upkeep
|turn|2
|
|t:|1657657111
|move|p2a: Yveltal|U-turn|p1a: Giratina
|-resisted|p1a: Giratina
|-damage|p1a: Giratina|94/100
|
|t:|1657657119
|switch|p2a: Magearna|Magearna|100/100|[from]move: U-turn
|move|p1a: Giratina|Will-O-Wisp|p2a: Magearna
|-status|p2a: Magearna|brn
|
|-damage|p2a: Magearna|94/100 brn|[from] brn
|upkeep
|turn|3
|
|t:|1657657129
|move|p1a: Giratina|Poltergeist|p2a: Magearna
|-activate|p2a: Magearna|move: Poltergeist|Leftovers
|-damage|p2a: Magearna|46/100 brn
|move|p2a: Magearna|Trick Room|p2a: Magearna
|-fieldstart|move: Trick Room|[of] p2a: Magearna
|
|-heal|p2a: Magearna|52/100 brn|[from] item: Leftovers
|-damage|p2a: Magearna|46/100 brn|[from] brn
|upkeep
|turn|4
|
|t:|1657657140
|switch|p1a: Necrozma|Necrozma-Dusk-Mane|100/100
|move|p2a: Magearna|Fleur Cannon|p1a: Necrozma
|-resisted|p1a: Necrozma
|-damage|p1a: Necrozma|79/100
|-unboost|p2a: Magearna|spa|2
|
|-heal|p2a: Magearna|52/100 brn|[from] item: Leftovers
|-damage|p2a: Magearna|46/100 brn|[from] brn
|upkeep
|turn|5
|
|t:|1657657152
|switch|p1a: Giratina|Giratina-Origin|94/100
|move|p2a: Magearna|Volt Switch|p1a: Giratina
|-resisted|p1a: Giratina
|-damage|p1a: Giratina|90/100
|
|t:|1657657157
|switch|p2a: Calyrex|Calyrex-Ice|100/100|[from]move: Volt Switch
|-ability|p2a: Calyrex|As One
|-ability|p2a: Calyrex|Unnerve
|
|upkeep
|turn|6
|
|t:|1657657167
|switch|p1a: Kyogre|Kyogre|100/100
|-weather|RainDance|[from] ability: Drizzle|[of] p1a: Kyogre
|move|p2a: Calyrex|Glacial Lance|p1a: Kyogre
|-resisted|p1a: Kyogre
|-damage|p1a: Kyogre|63/100
|
|-weather|RainDance|[upkeep]
|-heal|p1a: Kyogre|69/100|[from] item: Leftovers
|upkeep
|turn|7
|
|t:|1657657181
|switch|p2a: Giratina|Giratina|100/100
|-ability|p2a: Giratina|Pressure
|move|p1a: Kyogre|Origin Pulse|p2a: Giratina
|-resisted|p2a: Giratina
|-damage|p2a: Giratina|77/100
|
|-weather|RainDance|[upkeep]
|-heal|p1a: Kyogre|75/100|[from] item: Leftovers
|-fieldend|move: Trick Room
|upkeep
|turn|8
|
|t:|1657657191
|switch|p2a: Magearna|Magearna|46/100 brn
|move|p1a: Kyogre|Calm Mind|p1a: Kyogre
|-boost|p1a: Kyogre|spa|1
|-boost|p1a: Kyogre|spd|1
|
|-weather|RainDance|[upkeep]
|-heal|p1a: Kyogre|81/100|[from] item: Leftovers
|-heal|p2a: Magearna|52/100 brn|[from] item: Leftovers
|-damage|p2a: Magearna|46/100 brn|[from] brn
|upkeep
|turn|9
|
|t:|1657657202
|switch|p2a: Giratina|Giratina|77/100
|-ability|p2a: Giratina|Pressure
|move|p1a: Kyogre|Origin Pulse|p2a: Giratina
|-resisted|p2a: Giratina
|-damage|p2a: Giratina|43/100
|
|-weather|RainDance|[upkeep]
|-heal|p1a: Kyogre|87/100|[from] item: Leftovers
|upkeep
|turn|10
|
|t:|1657657212
|move|p2a: Giratina|Rest|p2a: Giratina
|-status|p2a: Giratina|slp|[from] move: Rest
|-enditem|p2a: Giratina|Lum Berry|[eat]
|-curestatus|p2a: Giratina|slp|[msg]
|-heal|p2a: Giratina|100/100|[silent]
|move|p1a: Kyogre|Ice Beam|p2a: Giratina
|-supereffective|p2a: Giratina
|-damage|p2a: Giratina|50/100
|
|-weather|none
|-heal|p1a: Kyogre|94/100|[from] item: Leftovers
|upkeep
|turn|11
|
|t:|1657657225
|move|p2a: Giratina|Toxic|p1a: Kyogre
|-status|p1a: Kyogre|tox
|move|p1a: Kyogre|Calm Mind|p1a: Kyogre
|-boost|p1a: Kyogre|spa|1
|-boost|p1a: Kyogre|spd|1
|
|-heal|p1a: Kyogre|99/100 tox|[from] item: Leftovers
|-damage|p1a: Kyogre|94/100 tox|[from] psn
|upkeep
|turn|12
|
|t:|1657657234
|switch|p2a: Slowbro|Slowbro, M|100/100
|move|p1a: Kyogre|Ice Beam|p2a: Slowbro
|-resisted|p2a: Slowbro
|-damage|p2a: Slowbro|60/100
|
|-heal|p1a: Kyogre|99/100 tox|[from] item: Leftovers
|-heal|p2a: Slowbro|66/100|[from] item: Leftovers
|-damage|p1a: Kyogre|87/100 tox|[from] psn
|upkeep
|turn|13
|
|t:|1657657245
|switch|p2a: Giratina|Giratina|50/100
|-ability|p2a: Giratina|Pressure
|move|p1a: Kyogre|Thunder|p2a: Giratina
|-resisted|p2a: Giratina
|-damage|p2a: Giratina|30/100
|-status|p2a: Giratina|par
|
|-heal|p1a: Kyogre|94/100 tox|[from] item: Leftovers
|-damage|p1a: Kyogre|75/100 tox|[from] psn
|upkeep
|turn|14
|
|t:|1657657257
|switch|p2a: Slowbro|Slowbro, M|99/100
|move|p1a: Kyogre|Ice Beam|p2a: Slowbro
|-resisted|p2a: Slowbro
|-damage|p2a: Slowbro|58/100
|-status|p2a: Slowbro|frz
|
|-heal|p1a: Kyogre|81/100 tox|[from] item: Leftovers
|-heal|p2a: Slowbro|64/100 frz|[from] item: Leftovers
|-damage|p1a: Kyogre|56/100 tox|[from] psn
|upkeep
|turn|15
|
|t:|1657657271
|switch|p2a: Giratina|Giratina|30/100 par
|-ability|p2a: Giratina|Pressure
|move|p1a: Kyogre|Origin Pulse|p2a: Giratina
|-resisted|p2a: Giratina
|-damage|p2a: Giratina|2/100 par
|
|-heal|p1a: Kyogre|63/100 tox|[from] item: Leftovers
|-damage|p1a: Kyogre|32/100 tox|[from] psn
|upkeep
|turn|16
|
|t:|1657657283
|move|p1a: Kyogre|Ice Beam|p2a: Giratina
|-supereffective|p2a: Giratina
|-damage|p2a: Giratina|0 fnt
|faint|p2a: Giratina
|
|-heal|p1a: Kyogre|38/100 tox|[from] item: Leftovers
|-damage|p1a: Kyogre|1/100 tox|[from] psn
|upkeep
|
|t:|1657657287
|switch|p2a: Yveltal|Yveltal|84/100
|-ability|p2a: Yveltal|Dark Aura
|turn|17
|
|t:|1657657294
|move|p2a: Yveltal|Sucker Punch|p1a: Kyogre
|-damage|p1a: Kyogre|0 fnt
|faint|p1a: Kyogre
|
|upkeep
|
|t:|1657657300
|switch|p1a: Zekrom|Zekrom|100/100
|-ability|p1a: Zekrom|Teravolt
|turn|18
|
|t:|1657657313
|move|p1a: Zekrom|Dragon Dance|p1a: Zekrom
|-boost|p1a: Zekrom|atk|1
|-boost|p1a: Zekrom|spe|1
|move|p2a: Yveltal|U-turn|p1a: Zekrom
|-damage|p1a: Zekrom|86/100
|
|t:|1657657329
|switch|p2a: Calyrex|Calyrex-Ice|100/100|[from]move: U-turn
|-ability|p2a: Calyrex|As One
|-ability|p2a: Calyrex|Unnerve
|
|upkeep
|turn|19
|
|t:|1657657336
|move|p1a: Zekrom|Bolt Strike|p2a: Calyrex|[miss]
|-miss|p1a: Zekrom|p2a: Calyrex
|move|p2a: Calyrex|Trick Room|p2a: Calyrex
|-fieldstart|move: Trick Room|[of] p2a: Calyrex
|
|upkeep
|turn|20
|
|t:|1657657342
|switch|p1a: Necrozma|Necrozma-Dusk-Mane|79/100
|move|p2a: Calyrex|High Horsepower|p1a: Necrozma
|-supereffective|p1a: Necrozma
|-damage|p1a: Necrozma|35/100
|
|upkeep
|turn|21
|
|t:|1657657354
|move|p2a: Calyrex|High Horsepower|p1a: Necrozma
|-supereffective|p1a: Necrozma
|-damage|p1a: Necrozma|0 fnt
|faint|p1a: Necrozma
|-ability|p2a: Calyrex|Chilling Neigh|boost
|-boost|p2a: Calyrex|atk|1
|
|upkeep
|
|t:|1657657365
|switch|p1a: Zekrom|Zekrom|86/100
|-ability|p1a: Zekrom|Teravolt
|turn|22
|
|t:|1657657372
|move|p2a: Calyrex|Glacial Lance|p1a: Zekrom
|-supereffective|p1a: Zekrom
|-damage|p1a: Zekrom|0 fnt
|faint|p1a: Zekrom
|-ability|p2a: Calyrex|Chilling Neigh|boost
|-boost|p2a: Calyrex|atk|1
|
|upkeep
|
|t:|1657657381
|switch|p1a: Kyurem|Kyurem-Black|100/100
|-ability|p1a: Kyurem|Teravolt
|turn|23
|
|t:|1657657386
|move|p2a: Calyrex|Glacial Lance|p1a: Kyurem
|-damage|p1a: Kyurem|0 fnt
|faint|p1a: Kyurem
|-ability|p2a: Calyrex|Chilling Neigh|boost
|-boost|p2a: Calyrex|atk|1
|
|-fieldend|move: Trick Room
|upkeep
|
|t:|1657657393
|switch|p1a: Yveltal|Yveltal|100/100
|-ability|p1a: Yveltal|Dark Aura
|turn|24
|
|t:|1657657403
|move|p1a: Yveltal|Dark Pulse|p2a: Calyrex
|-supereffective|p2a: Calyrex
|-damage|p2a: Calyrex|22/100
|move|p2a: Calyrex|Glacial Lance|p1a: Yveltal
|-supereffective|p1a: Yveltal
|-damage|p1a: Yveltal|0 fnt
|faint|p1a: Yveltal
|-ability|p2a: Calyrex|Chilling Neigh|boost
|-boost|p2a: Calyrex|atk|1
|
|upkeep
|
|t:|1657657413
|switch|p1a: Giratina|Giratina-Origin|90/100
|turn|25
|
|t:|1657657420
|switch|p2a: Yveltal|Yveltal|84/100
|-ability|p2a: Yveltal|Dark Aura
|move|p1a: Giratina|Poltergeist|p2a: Yveltal
|-activate|p2a: Yveltal|move: Poltergeist|Heavy-Duty Boots
|-resisted|p2a: Yveltal
|-damage|p2a: Yveltal|65/100
|
|upkeep
|turn|26
|-message|Ryriss forfeited.
|
|win|TestingTeams02604
|raw|Ryriss's rating: 1382 &rarr; <strong>1366</strong><br />(-16 for losing)
|raw|TestingTeams02604's rating: 1447 &rarr; <strong>1463</strong><br />(+16 for winning)
|l|☆Ryriss
