|j|☆Deep State
|j|☆Kyohei (Ubers)
|t:|1611910269
|player|p1|Deep State|lucas|1650
|player|p2|Kyohei (Ubers)|cheryl|1548
|teamsize|p1|6
|teamsize|p2|6
|gametype|singles
|gen|8
|tier|[Gen 8] Ubers
|rated|
|clearpoke
|poke|p1|Toxapex, F|
|poke|p1|Dugtrio, M|
|poke|p1|Ho-Oh|
|poke|p1|Ferrothorn, F|
|poke|p1|Shedinja|
|poke|p1|Grimmsnarl, M|
|poke|p2|Calyrex-Ice|
|poke|p2|Yveltal|
|poke|p2|Necrozma-Dusk-Mane|
|poke|p2|Ho-Oh|
|poke|p2|Kyogre|
|poke|p2|Eternatus|
|rule|Sleep Clause Mod: Limit one foe put to sleep
|rule|Species Clause: Limit one of each Pokémon
|rule|OHKO Clause: OHKO moves are banned
|rule|Evasion Moves Clause: Evasion moves are banned
|rule|Endless Battle Clause: Forcing endless battles is banned
|rule|HP Percentage Mod: HP is shown in percentages
|rule|Dynamax Clause: You cannot dynamax
|teampreview
|
|t:|1611910280
|start
|switch|p1a: Joe Biden|Toxapex, F|100/100
|switch|p2a: Samael|Yveltal|100/100
|-ability|p2a: Samael|Dark Aura
|-item|p1a: Joe Biden|Air Balloon
|turn|1
|
|t:|1611910286
|switch|p2a: Eternal Engine|Eternatus|100/100
|-ability|p2a: Eternal Engine|Pressure
|move|p1a: Joe Biden|Knock Off|p2a: Eternal Engine
|-damage|p2a: Eternal Engine|87/100
|-enditem|p2a: Eternal Engine|Life Orb|[from] move: Knock Off|[of] p1a: Joe Biden
|
|upkeep
|turn|2
|
|t:|1611910294
|move|p2a: Eternal Engine|Flamethrower|p1a: Joe Biden
|-resisted|p1a: Joe Biden
|-damage|p1a: Joe Biden|87/100
|-enditem|p1a: Joe Biden|Air Balloon
|move|p1a: Joe Biden|Toxic Spikes|p2a: Eternal Engine
|-sidestart|p2: Kyohei (Ubers)|move: Toxic Spikes
|
|upkeep
|turn|3
|
|t:|1611910297
|move|p2a: Eternal Engine|Dynamax Cannon|p1a: Joe Biden
|-damage|p1a: Joe Biden|42/100
|move|p1a: Joe Biden|Knock Off|p2a: Eternal Engine
|-damage|p2a: Eternal Engine|78/100
|
|upkeep
|turn|4
|
|t:|1611910300
|switch|p1a: Nancy Pelosi|Ho-Oh|100/100
|move|p2a: Eternal Engine|Flamethrower|p1a: Nancy Pelosi
|-resisted|p1a: Nancy Pelosi
|-damage|p1a: Nancy Pelosi|92/100
|
|upkeep
|turn|5
|
|t:|1611910306
|switch|p1a: Joe Biden|Toxapex, F|75/100
|move|p2a: Eternal Engine|Sludge Bomb|p1a: Joe Biden
|-resisted|p1a: Joe Biden
|-damage|p1a: Joe Biden|54/100
|
|upkeep
|turn|6
|
|t:|1611910310
|move|p2a: Eternal Engine|Dynamax Cannon|p1a: Joe Biden
|-damage|p1a: Joe Biden|11/100
|move|p1a: Joe Biden|Recover|p1a: Joe Biden
|-heal|p1a: Joe Biden|61/100
|
|upkeep
|turn|7
|
|t:|1611910324
|move|p2a: Eternal Engine|Dynamax Cannon|p1a: Joe Biden
|-damage|p1a: Joe Biden|17/100
|move|p1a: Joe Biden|Recover|p1a: Joe Biden
|-heal|p1a: Joe Biden|67/100
|
|upkeep
|turn|8
|
|t:|1611910329
|move|p2a: Eternal Engine|Sludge Bomb|p1a: Joe Biden
|-resisted|p1a: Joe Biden
|-damage|p1a: Joe Biden|47/100
|move|p1a: Joe Biden|Recover|p1a: Joe Biden
|-heal|p1a: Joe Biden|97/100
|
|upkeep
|turn|9
|
|t:|1611910336
|move|p2a: Eternal Engine|Dynamax Cannon|p1a: Joe Biden
|-damage|p1a: Joe Biden|49/100
|move|p1a: Joe Biden|Knock Off|p2a: Eternal Engine
|-damage|p2a: Eternal Engine|69/100
|
|upkeep
|turn|10
|
|t:|1611910339
|switch|p1a: Nancy Pelosi|Ho-Oh|100/100
|move|p2a: Eternal Engine|Recover|p2a: Eternal Engine
|-heal|p2a: Eternal Engine|100/100
|
|upkeep
|turn|11
|
|t:|1611910344
|switch|p1a: Joe Biden|Toxapex, F|82/100
|move|p2a: Eternal Engine|Sludge Bomb|p1a: Joe Biden
|-resisted|p1a: Joe Biden
|-damage|p1a: Joe Biden|63/100
|
|upkeep
|turn|12
|
|t:|1611910347
|switch|p2a: Dark Sun|Necrozma-Dusk-Mane|100/100
|move|p1a: Joe Biden|Recover|p1a: Joe Biden
|-heal|p1a: Joe Biden|100/100
|
|upkeep
|turn|13
|
|t:|1611910350
|switch|p1a: Fake News Media|Ferrothorn, F|100/100
|move|p2a: Dark Sun|Stealth Rock|p1a: Fake News Media
|-sidestart|p1: Deep State|move: Stealth Rock
|
|upkeep
|turn|14
|
|t:|1611910354
|switch|p2a: Eternal Engine|Eternatus|100/100
|-sideend|p2: Kyohei (Ubers)|move: Toxic Spikes|[of] p2a: Eternal Engine
|-ability|p2a: Eternal Engine|Pressure
|move|p1a: Fake News Media|Stealth Rock|p2a: Eternal Engine
|-sidestart|p2: Kyohei (Ubers)|move: Stealth Rock
|
|upkeep
|turn|15
|
|t:|1611910359
|switch|p1a: Joe Biden|Toxapex, F|100/100
|-damage|p1a: Joe Biden|88/100|[from] Stealth Rock
|move|p2a: Eternal Engine|Flamethrower|p1a: Joe Biden
|-resisted|p1a: Joe Biden
|-damage|p1a: Joe Biden|73/100
|
|upkeep
|turn|16
|
|t:|1611910364
|switch|p2a: Dark Sun|Necrozma-Dusk-Mane|100/100
|-damage|p2a: Dark Sun|94/100|[from] Stealth Rock
|switch|p1a: Nancy Pelosi|Ho-Oh|100/100
|
|upkeep
|turn|17
|
|t:|1611910370
|move|p1a: Nancy Pelosi|Flare Blitz|p2a: Dark Sun
|-supereffective|p2a: Dark Sun
|-damage|p2a: Dark Sun|57/100
|-damage|p1a: Nancy Pelosi|84/100|[from] item: Rocky Helmet|[of] p2a: Dark Sun
|-damage|p1a: Nancy Pelosi|72/100|[from] Recoil
|move|p2a: Dark Sun|Knock Off|p1a: Nancy Pelosi
|-damage|p1a: Nancy Pelosi|50/100
|-enditem|p1a: Nancy Pelosi|Heavy-Duty Boots|[from] move: Knock Off|[of] p2a: Dark Sun
|
|upkeep
|turn|18
|
|t:|1611910385
|move|p1a: Nancy Pelosi|Recover|p1a: Nancy Pelosi
|-heal|p1a: Nancy Pelosi|99/100
|move|p2a: Dark Sun|Morning Sun|p2a: Dark Sun
|-heal|p2a: Dark Sun|100/100
|
|upkeep
|turn|19
|
|t:|1611910392
|switch|p2a: Oh-Ho|Ho-Oh|100/100
|move|p1a: Nancy Pelosi|Flare Blitz|p2a: Oh-Ho
|-resisted|p2a: Oh-Ho
|-damage|p2a: Oh-Ho|84/100
|-damage|p1a: Nancy Pelosi|95/100|[from] Recoil
|
|upkeep
|turn|20
|inactive|Battle timer is ON: inactive players will automatically lose when time's up. (requested by Deep State)
|
|t:|1611910424
|move|p1a: Nancy Pelosi|Toxic|p2a: Oh-Ho
|-status|p2a: Oh-Ho|tox
|move|p2a: Oh-Ho|Toxic|p1a: Nancy Pelosi|[miss]
|-miss|p2a: Oh-Ho|p1a: Nancy Pelosi
|
|-damage|p2a: Oh-Ho|78/100 tox|[from] psn
|upkeep
|turn|21
|
|t:|1611910432
|switch|p1a: Joe Biden|Toxapex, F|100/100
|-damage|p1a: Joe Biden|88/100|[from] Stealth Rock
|move|p2a: Oh-Ho|Whirlwind|p1a: Joe Biden
|drag|p1a: Nancy Pelosi|Ho-Oh|100/100
|-damage|p1a: Nancy Pelosi|51/100|[from] Stealth Rock
|
|-damage|p2a: Oh-Ho|66/100 tox|[from] psn
|upkeep
|turn|22
|
|t:|1611910440
|switch|p1a: Joe Biden|Toxapex, F|100/100
|-damage|p1a: Joe Biden|88/100|[from] Stealth Rock
|move|p2a: Oh-Ho|Toxic|p1a: Joe Biden
|-immune|p1a: Joe Biden
|
|-damage|p2a: Oh-Ho|48/100 tox|[from] psn
|upkeep
|turn|23
|
|t:|1611910445
|switch|p2a: Samael|Yveltal|100/100
|-ability|p2a: Samael|Dark Aura
|move|p1a: Joe Biden|Knock Off|p2a: Samael
|-resisted|p2a: Samael
|-damage|p2a: Samael|92/100
|-enditem|p2a: Samael|Heavy-Duty Boots|[from] move: Knock Off|[of] p1a: Joe Biden
|
|upkeep
|turn|24
|
|t:|1611910449
|move|p2a: Samael|Knock Off|p1a: Joe Biden
|-damage|p1a: Joe Biden|66/100
|move|p1a: Joe Biden|Toxic|p2a: Samael
|-status|p2a: Samael|tox
|
|-damage|p2a: Samael|86/100 tox|[from] psn
|upkeep
|turn|25
|
|t:|1611910458
|move|p2a: Samael|U-turn|p1a: Joe Biden
|-resisted|p1a: Joe Biden
|-damage|p1a: Joe Biden|59/100
|
|t:|1611910460
|switch|p2a: Eternal Engine|Eternatus|100/100|[from]move: U-turn
|-damage|p2a: Eternal Engine|88/100|[from] Stealth Rock
|-ability|p2a: Eternal Engine|Pressure
|move|p1a: Joe Biden|Knock Off|p2a: Eternal Engine
|-damage|p2a: Eternal Engine|80/100
|
|upkeep
|turn|26
|
|t:|1611910465
|move|p2a: Eternal Engine|Sludge Bomb|p1a: Joe Biden
|-resisted|p1a: Joe Biden
|-damage|p1a: Joe Biden|39/100
|move|p1a: Joe Biden|Recover|p1a: Joe Biden
|-heal|p1a: Joe Biden|89/100
|
|upkeep
|turn|27
|inactive|Kyohei (Ubers) has 120 seconds left.
|
|t:|1611910515
|move|p2a: Eternal Engine|Sludge Bomb|p1a: Joe Biden
|-resisted|p1a: Joe Biden
|-damage|p1a: Joe Biden|69/100
|move|p1a: Joe Biden|Recover|p1a: Joe Biden
|-heal|p1a: Joe Biden|100/100
|
|upkeep
|turn|28
|
|t:|1611910522
|move|p2a: Eternal Engine|Flamethrower|p1a: Joe Biden
|-resisted|p1a: Joe Biden
|-damage|p1a: Joe Biden|87/100
|move|p1a: Joe Biden|Toxic Spikes|p2a: Eternal Engine
|-sidestart|p2: Kyohei (Ubers)|move: Toxic Spikes
|
|upkeep
|turn|29
|
|t:|1611910528
|move|p2a: Eternal Engine|Sludge Bomb|p1a: Joe Biden
|-resisted|p1a: Joe Biden
|-damage|p1a: Joe Biden|66/100
|move|p1a: Joe Biden|Knock Off|p2a: Eternal Engine
|-damage|p2a: Eternal Engine|70/100
|
|upkeep
|turn|30
|
|t:|1611910532
|move|p2a: Eternal Engine|Sludge Bomb|p1a: Joe Biden
|-resisted|p1a: Joe Biden
|-damage|p1a: Joe Biden|45/100
|move|p1a: Joe Biden|Recover|p1a: Joe Biden
|-heal|p1a: Joe Biden|95/100
|
|upkeep
|turn|31
|
|t:|1611910538
|move|p2a: Eternal Engine|Sludge Bomb|p1a: Joe Biden
|-resisted|p1a: Joe Biden
|-damage|p1a: Joe Biden|75/100
|move|p1a: Joe Biden|Knock Off|p2a: Eternal Engine
|-damage|p2a: Eternal Engine|61/100
|
|upkeep
|turn|32
|
|t:|1611910542
|move|p2a: Eternal Engine|Recover|p2a: Eternal Engine
|-heal|p2a: Eternal Engine|100/100
|move|p1a: Joe Biden|Recover|p1a: Joe Biden
|-heal|p1a: Joe Biden|100/100
|
|upkeep
|turn|33
|
|t:|1611910549
|switch|p2a: Samael|Yveltal|86/100 tox
|-damage|p2a: Samael|61/100 tox|[from] Stealth Rock
|-ability|p2a: Samael|Dark Aura
|move|p1a: Joe Biden|Knock Off|p2a: Samael
|-resisted|p2a: Samael
|-damage|p2a: Samael|56/100 tox
|
|-damage|p2a: Samael|49/100 tox|[from] psn
|upkeep
|turn|34
|
|t:|1611910556
|switch|p1a: Mitch McConnell|Grimmsnarl, M|100/100
|-damage|p1a: Mitch McConnell|88/100|[from] Stealth Rock
|move|p2a: Samael|Roost|p2a: Samael
|-heal|p2a: Samael|99/100 tox
|-singleturn|p2a: Samael|move: Roost
|
|-heal|p1a: Mitch McConnell|94/100|[from] item: Leftovers
|-damage|p2a: Samael|87/100 tox|[from] psn
|upkeep
|turn|35
|
|t:|1611910566
|move|p2a: Samael|U-turn|p1a: Mitch McConnell
|-damage|p1a: Mitch McConnell|69/100
|
|t:|1611910569
|switch|p2a: Oh-Ho|Ho-Oh|81/100 tox|[from]move: U-turn
|move|p1a: Mitch McConnell|Spirit Break|p2a: Oh-Ho
|-resisted|p2a: Oh-Ho
|-damage|p2a: Oh-Ho|71/100 tox
|-unboost|p2a: Oh-Ho|spa|1
|
|-heal|p1a: Mitch McConnell|75/100|[from] item: Leftovers
|-damage|p2a: Oh-Ho|65/100 tox|[from] psn
|upkeep
|turn|36
|
|t:|1611910582
|move|p1a: Mitch McConnell|Bulk Up|p1a: Mitch McConnell
|-boost|p1a: Mitch McConnell|atk|1
|-boost|p1a: Mitch McConnell|def|1
|move|p2a: Oh-Ho|Defog|p1a: Mitch McConnell
|-unboost|p1a: Mitch McConnell|evasion|1
|-sideend|p1: Deep State|Stealth Rock|[from] move: Defog|[of] p2a: Oh-Ho
|-sideend|p2: Kyohei (Ubers)|Toxic Spikes|[from] move: Defog|[of] p2a: Oh-Ho
|-sideend|p2: Kyohei (Ubers)|Stealth Rock|[from] move: Defog|[of] p2a: Oh-Ho
|
|-heal|p1a: Mitch McConnell|81/100|[from] item: Leftovers
|-damage|p2a: Oh-Ho|53/100 tox|[from] psn
|upkeep
|turn|37
|
|t:|1611910600
|switch|p2a: Dark Sun|Necrozma-Dusk-Mane|100/100
|move|p1a: Mitch McConnell|Spirit Break|p2a: Dark Sun
|-resisted|p2a: Dark Sun
|-crit|p2a: Dark Sun
|-damage|p2a: Dark Sun|82/100
|-unboost|p2a: Dark Sun|spa|1
|-damage|p1a: Mitch McConnell|65/100|[from] item: Rocky Helmet|[of] p2a: Dark Sun
|
|-heal|p1a: Mitch McConnell|71/100|[from] item: Leftovers
|upkeep
|turn|38
|inactive|Deep State has 120 seconds left.
|
|t:|1611910638
|switch|p1a: Nancy Pelosi|Ho-Oh|84/100
|move|p2a: Dark Sun|Stealth Rock|p1a: Nancy Pelosi
|-sidestart|p1: Deep State|move: Stealth Rock
|
|upkeep
|turn|39
|
|t:|1611910645
|switch|p2a: Smiling Whale|Kyogre|100/100
|-weather|RainDance|[from] ability: Drizzle|[of] p2a: Smiling Whale
|move|p1a: Nancy Pelosi|Defog|p2a: Smiling Whale
|-unboost|p2a: Smiling Whale|evasion|1
|-sideend|p1: Deep State|Stealth Rock|[from] move: Defog|[of] p1a: Nancy Pelosi
|
|-weather|RainDance|[upkeep]
|upkeep
|turn|40
|inactive|Deep State has 120 seconds left.
|
|t:|1611910654
|switch|p2a: Dark Sun|Necrozma-Dusk-Mane|82/100
|switch|p1a: Mark Zuckerberg|Shedinja|100/100
|
|-weather|RainDance|[upkeep]
|upkeep
|turn|41
|
|t:|1611910659
|switch|p1a: Nancy Pelosi|Ho-Oh|100/100
|move|p2a: Dark Sun|Stealth Rock|p1a: Nancy Pelosi
|-sidestart|p1: Deep State|move: Stealth Rock
|
|-weather|RainDance|[upkeep]
|upkeep
|turn|42
|
|t:|1611910665
|switch|p2a: Smiling Whale|Kyogre|100/100
|move|p1a: Nancy Pelosi|Defog|p2a: Smiling Whale
|-unboost|p2a: Smiling Whale|evasion|1
|-sideend|p1: Deep State|Stealth Rock|[from] move: Defog|[of] p1a: Nancy Pelosi
|
|-weather|RainDance|[upkeep]
|upkeep
|turn|43
|
|t:|1611910669
|switch|p2a: Dark Sun|Necrozma-Dusk-Mane|82/100
|switch|p1a: Mark Zuckerberg|Shedinja|100/100
|
|-weather|none
|upkeep
|turn|44
|
|t:|1611910674
|switch|p1a: Nancy Pelosi|Ho-Oh|100/100
|move|p2a: Dark Sun|Stealth Rock|p1a: Nancy Pelosi
|-sidestart|p1: Deep State|move: Stealth Rock
|
|upkeep
|turn|45
|
|t:|1611910680
|switch|p2a: Oh-Ho|Ho-Oh|87/100 tox
|move|p1a: Nancy Pelosi|Defog|p2a: Oh-Ho
|-unboost|p2a: Oh-Ho|evasion|1
|-sideend|p1: Deep State|Stealth Rock|[from] move: Defog|[of] p1a: Nancy Pelosi
|
|-damage|p2a: Oh-Ho|80/100 tox|[from] psn
|upkeep
|turn|46
|
|t:|1611910686
|switch|p1a: Joe Biden|Toxapex, F|100/100
|switch|p2a: Dark Sun|Necrozma-Dusk-Mane|82/100
|
|upkeep
|turn|47
|
|t:|1611910691
|move|p2a: Dark Sun|Stealth Rock|p1a: Joe Biden
|-sidestart|p1: Deep State|move: Stealth Rock
|move|p1a: Joe Biden|Knock Off|p2a: Dark Sun
|-supereffective|p2a: Dark Sun
|-damage|p2a: Dark Sun|70/100
|-damage|p1a: Joe Biden|84/100|[from] item: Rocky Helmet|[of] p2a: Dark Sun
|-enditem|p2a: Dark Sun|Rocky Helmet|[from] move: Knock Off|[of] p1a: Joe Biden
|
|upkeep
|turn|48
|
|t:|1611910697
|switch|p2a: Eternal Engine|Eternatus|100/100
|-ability|p2a: Eternal Engine|Pressure
|move|p1a: Joe Biden|Toxic Spikes|p2a: Eternal Engine
|-sidestart|p2: Kyohei (Ubers)|move: Toxic Spikes
|
|upkeep
|turn|49
|j| MrNoob424
|
|t:|1611910710
|move|p2a: Eternal Engine|Sludge Bomb|p1a: Joe Biden
|-resisted|p1a: Joe Biden
|-damage|p1a: Joe Biden|62/100
|move|p1a: Joe Biden|Recover|p1a: Joe Biden
|-heal|p1a: Joe Biden|100/100
|
|upkeep
|turn|50
|
|t:|1611910717
|move|p2a: Eternal Engine|Sludge Bomb|p1a: Joe Biden
|-resisted|p1a: Joe Biden
|-damage|p1a: Joe Biden|78/100
|move|p1a: Joe Biden|Knock Off|p2a: Eternal Engine
|-damage|p2a: Eternal Engine|92/100
|
|upkeep
|turn|51
|
|t:|1611910723
|switch|p2a: Dark Sun|Necrozma-Dusk-Mane|70/100
|move|p1a: Joe Biden|Knock Off|p2a: Dark Sun
|-supereffective|p2a: Dark Sun
|-damage|p2a: Dark Sun|61/100
|
|upkeep
|turn|52
|
|t:|1611910731
|switch|p2a: Eternal Engine|Eternatus|92/100
|-sideend|p2: Kyohei (Ubers)|move: Toxic Spikes|[of] p2a: Eternal Engine
|-ability|p2a: Eternal Engine|Pressure
|move|p1a: Joe Biden|Knock Off|p2a: Eternal Engine
|-damage|p2a: Eternal Engine|82/100
|
|upkeep
|turn|53
|
|t:|1611910754
|switch|p1a: Jack Dorsey|Dugtrio, M|100/100
|-damage|p1a: Jack Dorsey|94/100|[from] Stealth Rock
|move|p2a: Eternal Engine|Recover|p2a: Eternal Engine
|-heal|p2a: Eternal Engine|100/100
|
|upkeep
|turn|54
|
|t:|1611910760
|switch|p1a: Fake News Media|Ferrothorn, F|100/100
|-damage|p1a: Fake News Media|94/100|[from] Stealth Rock
|move|p2a: Eternal Engine|Dynamax Cannon|p1a: Fake News Media
|-resisted|p1a: Fake News Media
|-damage|p1a: Fake News Media|72/100
|
|-heal|p1a: Fake News Media|78/100|[from] item: Leftovers
|upkeep
|turn|55
|
|t:|1611910770
|switch|p1a: Joe Biden|Toxapex, F|100/100
|-damage|p1a: Joe Biden|88/100|[from] Stealth Rock
|move|p2a: Eternal Engine|Flamethrower|p1a: Joe Biden
|-resisted|p1a: Joe Biden
|-damage|p1a: Joe Biden|75/100
|
|upkeep
|turn|56
|l| MrNoob424
|
|t:|1611910785
|switch|p2a: Oh-Ho|Ho-Oh|100/100 tox
|move|p1a: Joe Biden|Toxic Spikes|p2a: Oh-Ho
|-sidestart|p2: Kyohei (Ubers)|move: Toxic Spikes
|
|-damage|p2a: Oh-Ho|94/100 tox|[from] psn
|upkeep
|turn|57
|
|t:|1611910790
|move|p1a: Joe Biden|Knock Off|p2a: Oh-Ho
|-damage|p2a: Oh-Ho|85/100 tox
|-enditem|p2a: Oh-Ho|Heavy-Duty Boots|[from] move: Knock Off|[of] p1a: Joe Biden
|move|p2a: Oh-Ho|Whirlwind|p1a: Joe Biden
|drag|p1a: Mitch McConnell|Grimmsnarl, M|71/100
|-damage|p1a: Mitch McConnell|59/100|[from] Stealth Rock
|
|-heal|p1a: Mitch McConnell|65/100|[from] item: Leftovers
|-damage|p2a: Oh-Ho|73/100 tox|[from] psn
|upkeep
|turn|58
|
|t:|1611910797
|move|p1a: Mitch McConnell|Bulk Up|p1a: Mitch McConnell
|-boost|p1a: Mitch McConnell|atk|1
|-boost|p1a: Mitch McConnell|def|1
|move|p2a: Oh-Ho|Sacred Fire|p1a: Mitch McConnell
|-damage|p1a: Mitch McConnell|28/100
|-status|p1a: Mitch McConnell|brn
|
|-heal|p1a: Mitch McConnell|34/100 brn|[from] item: Leftovers
|-damage|p2a: Oh-Ho|54/100 tox|[from] psn
|-damage|p1a: Mitch McConnell|28/100 brn|[from] brn
|upkeep
|turn|59
|
|t:|1611910807
|move|p1a: Mitch McConnell|Rest|p1a: Mitch McConnell
|-status|p1a: Mitch McConnell|slp|[from] move: Rest
|-heal|p1a: Mitch McConnell|100/100 slp|[silent]
|move|p2a: Oh-Ho|Sacred Fire|p1a: Mitch McConnell|[miss]
|-miss|p2a: Oh-Ho|p1a: Mitch McConnell
|
|-damage|p2a: Oh-Ho|30/100 tox|[from] psn
|upkeep
|turn|60
|
|t:|1611910815
|switch|p2a: Eternal Engine|Eternatus|100/100
|-sideend|p2: Kyohei (Ubers)|move: Toxic Spikes|[of] p2a: Eternal Engine
|-ability|p2a: Eternal Engine|Pressure
|cant|p1a: Mitch McConnell|slp
|move|p1a: Mitch McConnell|Sleep Talk|p1a: Mitch McConnell
|move|p1a: Mitch McConnell|Spirit Break|p2a: Eternal Engine|[from]move: Sleep Talk
|-damage|p2a: Eternal Engine|61/100
|-unboost|p2a: Eternal Engine|spa|1
|
|upkeep
|turn|61
|
|t:|1611910822
|switch|p1a: Jack Dorsey|Dugtrio, M|94/100
|-damage|p1a: Jack Dorsey|88/100|[from] Stealth Rock
|move|p2a: Eternal Engine|Recover|p2a: Eternal Engine
|-heal|p2a: Eternal Engine|100/100
|
|upkeep
|turn|62
|
|t:|1611910833
|switch|p1a: Joe Biden|Toxapex, F|100/100
|-damage|p1a: Joe Biden|88/100|[from] Stealth Rock
|move|p2a: Eternal Engine|Flamethrower|p1a: Joe Biden
|-resisted|p1a: Joe Biden
|-damage|p1a: Joe Biden|78/100
|
|upkeep
|turn|63
|
|t:|1611910842
|switch|p2a: Dark Sun|Necrozma-Dusk-Mane|61/100
|move|p1a: Joe Biden|Toxic Spikes|p2a: Dark Sun
|-sidestart|p2: Kyohei (Ubers)|move: Toxic Spikes
|
|upkeep
|turn|64
|
|t:|1611910850
|switch|p1a: Fake News Media|Ferrothorn, F|78/100
|-damage|p1a: Fake News Media|72/100|[from] Stealth Rock
|move|p2a: Dark Sun|Morning Sun|p2a: Dark Sun
|-heal|p2a: Dark Sun|100/100
|
|-heal|p1a: Fake News Media|78/100|[from] item: Leftovers
|upkeep
|turn|65
|
|t:|1611910853
|switch|p2a: Eternal Engine|Eternatus|100/100
|-sideend|p2: Kyohei (Ubers)|move: Toxic Spikes|[of] p2a: Eternal Engine
|-ability|p2a: Eternal Engine|Pressure
|move|p1a: Fake News Media|Leech Seed|p2a: Eternal Engine
|-start|p2a: Eternal Engine|move: Leech Seed
|
|-heal|p1a: Fake News Media|85/100|[from] item: Leftovers
|-damage|p2a: Eternal Engine|88/100|[from] Leech Seed|[of] p1a: Fake News Media
|-heal|p1a: Fake News Media|99/100|[silent]
|upkeep
|turn|66
|
|t:|1611910859
|switch|p1a: Joe Biden|Toxapex, F|100/100
|-damage|p1a: Joe Biden|88/100|[from] Stealth Rock
|move|p2a: Eternal Engine|Flamethrower|p1a: Joe Biden
|-resisted|p1a: Joe Biden
|-damage|p1a: Joe Biden|74/100
|
|-damage|p2a: Eternal Engine|76/100|[from] Leech Seed|[of] p1a: Joe Biden
|-heal|p1a: Joe Biden|91/100|[silent]
|upkeep
|turn|67
|
|t:|1611910867
|switch|p2a: Dark Sun|Necrozma-Dusk-Mane|100/100
|move|p1a: Joe Biden|Toxic Spikes|p2a: Dark Sun
|-sidestart|p2: Kyohei (Ubers)|move: Toxic Spikes
|
|upkeep
|turn|68
|
|t:|1611910871
|switch|p1a: Fake News Media|Ferrothorn, F|99/100
|-damage|p1a: Fake News Media|93/100|[from] Stealth Rock
|move|p2a: Dark Sun|Knock Off|p1a: Fake News Media
|-damage|p1a: Fake News Media|73/100
|-damage|p2a: Dark Sun|88/100|[from] ability: Iron Barbs|[of] p1a: Fake News Media
|-enditem|p1a: Fake News Media|Leftovers|[from] move: Knock Off|[of] p2a: Dark Sun
|
|upkeep
|turn|69
|
|t:|1611910875
|switch|p2a: Eternal Engine|Eternatus|76/100
|-sideend|p2: Kyohei (Ubers)|move: Toxic Spikes|[of] p2a: Eternal Engine
|-ability|p2a: Eternal Engine|Pressure
|move|p1a: Fake News Media|Stealth Rock|p2a: Eternal Engine
|-sidestart|p2: Kyohei (Ubers)|move: Stealth Rock
|
|upkeep
|turn|70
|
|t:|1611910880
|switch|p1a: Joe Biden|Toxapex, F|100/100
|-damage|p1a: Joe Biden|88/100|[from] Stealth Rock
|move|p2a: Eternal Engine|Flamethrower|p1a: Joe Biden
|-resisted|p1a: Joe Biden
|-damage|p1a: Joe Biden|75/100
|
|upkeep
|turn|71
|
|t:|1611910895
|move|p2a: Eternal Engine|Recover|p2a: Eternal Engine
|-heal|p2a: Eternal Engine|100/100
|move|p1a: Joe Biden|Toxic Spikes|p2a: Eternal Engine
|-sidestart|p2: Kyohei (Ubers)|move: Toxic Spikes
|
|upkeep
|turn|72
|
|t:|1611910902
|switch|p2a: Dark Sun|Necrozma-Dusk-Mane|88/100
|-damage|p2a: Dark Sun|82/100|[from] Stealth Rock
|move|p1a: Joe Biden|Knock Off|p2a: Dark Sun
|-supereffective|p2a: Dark Sun
|-damage|p2a: Dark Sun|74/100
|
|upkeep
|turn|73
|
|t:|1611910911
|move|p2a: Dark Sun|Morning Sun|p2a: Dark Sun
|-heal|p2a: Dark Sun|100/100
|move|p1a: Joe Biden|Knock Off|p2a: Dark Sun
|-supereffective|p2a: Dark Sun
|-damage|p2a: Dark Sun|91/100
|
|upkeep
|turn|74
|
|t:|1611910921
|switch|p2a: Eternal Engine|Eternatus|100/100
|-damage|p2a: Eternal Engine|88/100|[from] Stealth Rock
|-sideend|p2: Kyohei (Ubers)|move: Toxic Spikes|[of] p2a: Eternal Engine
|-ability|p2a: Eternal Engine|Pressure
|switch|p1a: Nancy Pelosi|Ho-Oh|100/100
|-damage|p1a: Nancy Pelosi|51/100|[from] Stealth Rock
|
|upkeep
|turn|75
|
|t:|1611910928
|move|p2a: Eternal Engine|Sludge Bomb|p1a: Nancy Pelosi
|-damage|p1a: Nancy Pelosi|23/100
|move|p1a: Nancy Pelosi|Recover|p1a: Nancy Pelosi
|-heal|p1a: Nancy Pelosi|73/100
|
|upkeep
|turn|76
|
|t:|1611910936
|switch|p1a: Joe Biden|Toxapex, F|100/100
|-damage|p1a: Joe Biden|88/100|[from] Stealth Rock
|move|p2a: Eternal Engine|Sludge Bomb|p1a: Joe Biden
|-resisted|p1a: Joe Biden
|-damage|p1a: Joe Biden|69/100
|
|upkeep
|turn|77
|
|t:|1611910944
|switch|p2a: Dark Sun|Necrozma-Dusk-Mane|91/100
|-damage|p2a: Dark Sun|85/100|[from] Stealth Rock
|move|p1a: Joe Biden|Toxic Spikes|p2a: Dark Sun
|-sidestart|p2: Kyohei (Ubers)|move: Toxic Spikes
|
|upkeep
|turn|78
|
|t:|1611910949
|switch|p1a: Nancy Pelosi|Ho-Oh|100/100
|-damage|p1a: Nancy Pelosi|51/100|[from] Stealth Rock
|move|p2a: Dark Sun|Knock Off|p1a: Nancy Pelosi
|-damage|p1a: Nancy Pelosi|36/100
|
|upkeep
|turn|79
|
|t:|1611910955
|switch|p2a: Eternal Engine|Eternatus|88/100
|-sideend|p2: Kyohei (Ubers)|move: Toxic Spikes|[of] p2a: Eternal Engine
|-damage|p2a: Eternal Engine|76/100|[from] Stealth Rock
|-ability|p2a: Eternal Engine|Pressure
|move|p1a: Nancy Pelosi|Recover|p1a: Nancy Pelosi
|-heal|p1a: Nancy Pelosi|86/100
|
|upkeep
|turn|80
|
|t:|1611910960
|switch|p1a: Joe Biden|Toxapex, F|100/100
|-damage|p1a: Joe Biden|88/100|[from] Stealth Rock
|move|p2a: Eternal Engine|Flamethrower|p1a: Joe Biden
|-resisted|p1a: Joe Biden
|-crit|p1a: Joe Biden
|-damage|p1a: Joe Biden|66/100
|
|upkeep
|turn|81
|
|t:|1611910969
|switch|p2a: Dark Sun|Necrozma-Dusk-Mane|85/100
|-damage|p2a: Dark Sun|79/100|[from] Stealth Rock
|move|p1a: Joe Biden|Recover|p1a: Joe Biden
|-heal|p1a: Joe Biden|100/100
|
|upkeep
|turn|82
|
|t:|1611910976
|switch|p2a: Eternal Engine|Eternatus|76/100
|-damage|p2a: Eternal Engine|63/100|[from] Stealth Rock
|-ability|p2a: Eternal Engine|Pressure
|move|p1a: Joe Biden|Knock Off|p2a: Eternal Engine
|-damage|p2a: Eternal Engine|55/100
|
|upkeep
|turn|83
|
|t:|1611910984
|switch|p1a: Nancy Pelosi|Ho-Oh|100/100
|-damage|p1a: Nancy Pelosi|51/100|[from] Stealth Rock
|move|p2a: Eternal Engine|Recover|p2a: Eternal Engine
|-heal|p2a: Eternal Engine|100/100
|
|upkeep
|turn|84
|
|t:|1611911000
|move|p2a: Eternal Engine|Sludge Bomb|p1a: Nancy Pelosi
|-damage|p1a: Nancy Pelosi|20/100
|move|p1a: Nancy Pelosi|Recover|p1a: Nancy Pelosi
|-heal|p1a: Nancy Pelosi|70/100
|
|upkeep
|turn|85
|
|t:|1611911006
|switch|p1a: Joe Biden|Toxapex, F|100/100
|-damage|p1a: Joe Biden|88/100|[from] Stealth Rock
|move|p2a: Eternal Engine|Dynamax Cannon|p1a: Joe Biden
|-damage|p1a: Joe Biden|42/100
|
|upkeep
|turn|86
|
|t:|1611911018
|switch|p1a: Mark Zuckerberg|Shedinja|100/100
|move|p2a: Eternal Engine|Sludge Bomb|p1a: Mark Zuckerberg
|-immune|p1a: Mark Zuckerberg|[from] ability: Wonder Guard
|
|upkeep
|turn|87
|
|t:|1611911025
|switch|p2a: King Valgard|Calyrex-Ice|100/100
|-ability|p2a: King Valgard|As One
|-ability|p2a: King Valgard|Unnerve|p1: Deep State
|move|p1a: Mark Zuckerberg|Protect||[still]
|-fail|p1a: Mark Zuckerberg
|
|upkeep
|turn|88
|
|t:|1611911033
|switch|p2a: Eternal Engine|Eternatus|100/100
|-damage|p2a: Eternal Engine|88/100|[from] Stealth Rock
|-ability|p2a: Eternal Engine|Pressure
|move|p1a: Mark Zuckerberg|Protect||[still]
|-fail|p1a: Mark Zuckerberg
|
|upkeep
|turn|89
|
|t:|1611911040
|switch|p2a: King Valgard|Calyrex-Ice|100/100
|-ability|p2a: King Valgard|As One
|-ability|p2a: King Valgard|Unnerve|p1: Deep State
|switch|p1a: Joe Biden|Toxapex, F|75/100
|-damage|p1a: Joe Biden|63/100|[from] Stealth Rock
|
|upkeep
|turn|90
|
|t:|1611911045
|move|p2a: King Valgard|High Horsepower|p1a: Joe Biden
|-supereffective|p1a: Joe Biden
|-damage|p1a: Joe Biden|15/100
|move|p1a: Joe Biden|Toxic|p2a: King Valgard
|-status|p2a: King Valgard|tox
|
|-damage|p2a: King Valgard|94/100 tox|[from] psn
|upkeep
|turn|91
|
|t:|1611911050
|switch|p2a: Eternal Engine|Eternatus|88/100
|-damage|p2a: Eternal Engine|76/100|[from] Stealth Rock
|-ability|p2a: Eternal Engine|Pressure
|switch|p1a: Nancy Pelosi|Ho-Oh|100/100
|-damage|p1a: Nancy Pelosi|51/100|[from] Stealth Rock
|
|upkeep
|turn|92
|
|t:|1611911060
|move|p2a: Eternal Engine|Sludge Bomb|p1a: Nancy Pelosi
|-damage|p1a: Nancy Pelosi|23/100
|move|p1a: Nancy Pelosi|Recover|p1a: Nancy Pelosi
|-heal|p1a: Nancy Pelosi|73/100
|
|upkeep
|turn|93
|
|t:|1611911079
|move|p2a: Eternal Engine|Flamethrower|p1a: Nancy Pelosi
|-resisted|p1a: Nancy Pelosi
|-damage|p1a: Nancy Pelosi|64/100
|move|p1a: Nancy Pelosi|Recover|p1a: Nancy Pelosi
|-heal|p1a: Nancy Pelosi|100/100
|
|upkeep
|turn|94
|
|t:|1611911092
|switch|p2a: Dark Sun|Necrozma-Dusk-Mane|79/100
|-damage|p2a: Dark Sun|73/100|[from] Stealth Rock
|move|p1a: Nancy Pelosi|Flare Blitz|p2a: Dark Sun
|-supereffective|p2a: Dark Sun
|-damage|p2a: Dark Sun|35/100
|-damage|p1a: Nancy Pelosi|88/100|[from] Recoil
|
|upkeep
|turn|95
|
|t:|1611911099
|switch|p2a: Eternal Engine|Eternatus|76/100
|-damage|p2a: Eternal Engine|63/100|[from] Stealth Rock
|-ability|p2a: Eternal Engine|Pressure
|move|p1a: Nancy Pelosi|Flare Blitz|p2a: Eternal Engine
|-resisted|p2a: Eternal Engine
|-damage|p2a: Eternal Engine|41/100
|-damage|p1a: Nancy Pelosi|81/100|[from] Recoil
|
|upkeep
|turn|96
|
|t:|1611911110
|switch|p1a: Jack Dorsey|Dugtrio, M|88/100
|-damage|p1a: Jack Dorsey|82/100|[from] Stealth Rock
|move|p2a: Eternal Engine|Recover|p2a: Eternal Engine
|-heal|p2a: Eternal Engine|91/100
|
|upkeep
|turn|97
|l|☆Deep State
|inactive|Deep State disconnected and has a minute to reconnect!
|player|p1|
|j|☆Deep State
|inactive|Deep State reconnected and has 105 seconds left.
|player|p1|Deep State|lucas
|inactive|Deep State has 90 seconds left.
|
|t:|1611911170
|move|p1a: Jack Dorsey|Earthquake|p2a: Eternal Engine
|-supereffective|p2a: Eternal Engine
|-damage|p2a: Eternal Engine|6/100
|move|p2a: Eternal Engine|Dynamax Cannon|p1a: Jack Dorsey
|-damage|p1a: Jack Dorsey|0 fnt
|faint|p1a: Jack Dorsey
|
|upkeep
|inactive|Deep State has 90 seconds left.
|
|t:|1611911178
|switch|p1a: Joe Biden|Toxapex, F|48/100
|-damage|p1a: Joe Biden|36/100|[from] Stealth Rock
|turn|98
|inactive|Deep State has 90 seconds left.
|
|t:|1611911189
|switch|p1a: Fake News Media|Ferrothorn, F|73/100
|-damage|p1a: Fake News Media|67/100|[from] Stealth Rock
|move|p2a: Eternal Engine|Recover|p2a: Eternal Engine
|-heal|p2a: Eternal Engine|56/100
|
|upkeep
|turn|99
|
|t:|1611911197
|switch|p1a: Nancy Pelosi|Ho-Oh|100/100
|-damage|p1a: Nancy Pelosi|51/100|[from] Stealth Rock
|move|p2a: Eternal Engine|Flamethrower|p1a: Nancy Pelosi
|-resisted|p1a: Nancy Pelosi
|-damage|p1a: Nancy Pelosi|41/100
|
|upkeep
|turn|100
|
|t:|1611911224
|move|p2a: Eternal Engine|Recover|p2a: Eternal Engine
|-heal|p2a: Eternal Engine|100/100
|move|p1a: Nancy Pelosi|Recover|p1a: Nancy Pelosi
|-heal|p1a: Nancy Pelosi|91/100
|
|upkeep
|turn|101
|inactive|Deep State has 90 seconds left.
|
|t:|1611911233
|switch|p2a: Smiling Whale|Kyogre|100/100
|-damage|p2a: Smiling Whale|88/100|[from] Stealth Rock
|-weather|RainDance|[from] ability: Drizzle|[of] p2a: Smiling Whale
|move|p1a: Nancy Pelosi|Flare Blitz|p2a: Smiling Whale
|-resisted|p2a: Smiling Whale
|-damage|p2a: Smiling Whale|75/100
|-damage|p1a: Nancy Pelosi|87/100|[from] Recoil
|
|-weather|RainDance|[upkeep]
|upkeep
|turn|102
|inactive|Deep State has 90 seconds left.
|
|t:|1611911238
|switch|p2a: Dark Sun|Necrozma-Dusk-Mane|35/100
|-damage|p2a: Dark Sun|29/100|[from] Stealth Rock
|switch|p1a: Mark Zuckerberg|Shedinja|100/100
|
|-weather|RainDance|[upkeep]
|upkeep
|turn|103
|inactive|Deep State has 90 seconds left.
|
|t:|1611911247
|switch|p1a: Joe Biden|Toxapex, F|69/100
|-damage|p1a: Joe Biden|56/100|[from] Stealth Rock
|move|p2a: Dark Sun|Knock Off|p1a: Joe Biden
|-damage|p1a: Joe Biden|43/100
|
|-weather|RainDance|[upkeep]
|upkeep
|turn|104
|inactive|Deep State has 90 seconds left.
|inactive|Kyohei (Ubers) has 120 seconds left.
|
|t:|1611911269
|move|p2a: Dark Sun|Morning Sun|p2a: Dark Sun
|-heal|p2a: Dark Sun|54/100
|move|p1a: Joe Biden|Recover|p1a: Joe Biden
|-heal|p1a: Joe Biden|93/100
|
|-weather|RainDance|[upkeep]
|upkeep
|turn|105
|inactive|Deep State has 90 seconds left.
|
|t:|1611911275
|move|p2a: Dark Sun|Morning Sun|p2a: Dark Sun
|-heal|p2a: Dark Sun|79/100
|move|p1a: Joe Biden|Toxic Spikes|p2a: Dark Sun
|-sidestart|p2: Kyohei (Ubers)|move: Toxic Spikes
|
|-weather|none
|upkeep
|turn|106
|inactive|Deep State has 90 seconds left.
|
|t:|1611911281
|move|p2a: Dark Sun|Knock Off|p1a: Joe Biden
|-damage|p1a: Joe Biden|79/100
|move|p1a: Joe Biden|Knock Off|p2a: Dark Sun
|-supereffective|p2a: Dark Sun
|-damage|p2a: Dark Sun|70/100
|
|upkeep
|turn|107
|inactive|Deep State has 90 seconds left.
|
|t:|1611911288
|switch|p1a: Fake News Media|Ferrothorn, F|67/100
|-damage|p1a: Fake News Media|61/100|[from] Stealth Rock
|move|p2a: Dark Sun|Knock Off|p1a: Fake News Media
|-damage|p1a: Fake News Media|48/100
|-damage|p2a: Dark Sun|58/100|[from] ability: Iron Barbs|[of] p1a: Fake News Media
|
|upkeep
|turn|108
|
|t:|1611911292
|move|p2a: Dark Sun|Morning Sun|p2a: Dark Sun
|-heal|p2a: Dark Sun|100/100
|move|p1a: Fake News Media|Leech Seed|p2a: Dark Sun
|-start|p2a: Dark Sun|move: Leech Seed
|
|-damage|p2a: Dark Sun|88/100|[from] Leech Seed|[of] p1a: Fake News Media
|-heal|p1a: Fake News Media|62/100|[silent]
|upkeep
|turn|109
|
|t:|1611911295
|switch|p2a: Eternal Engine|Eternatus|100/100
|-sideend|p2: Kyohei (Ubers)|move: Toxic Spikes|[of] p2a: Eternal Engine
|-damage|p2a: Eternal Engine|88/100|[from] Stealth Rock
|-ability|p2a: Eternal Engine|Pressure
|move|p1a: Fake News Media|Leech Seed|p2a: Eternal Engine|[miss]
|-miss|p1a: Fake News Media|p2a: Eternal Engine
|
|upkeep
|turn|110
|
|t:|1611911300
|switch|p1a: Joe Biden|Toxapex, F|100/100
|-damage|p1a: Joe Biden|88/100|[from] Stealth Rock
|move|p2a: Eternal Engine|Flamethrower|p1a: Joe Biden
|-resisted|p1a: Joe Biden
|-damage|p1a: Joe Biden|74/100
|
|upkeep
|turn|111
|
|t:|1611911307
|switch|p2a: Dark Sun|Necrozma-Dusk-Mane|88/100
|-damage|p2a: Dark Sun|82/100|[from] Stealth Rock
|move|p1a: Joe Biden|Toxic Spikes|p2a: Dark Sun
|-sidestart|p2: Kyohei (Ubers)|move: Toxic Spikes
|
|upkeep
|turn|112
|
|t:|1611911319
|move|p2a: Dark Sun|Knock Off|p1a: Joe Biden
|-damage|p1a: Joe Biden|62/100
|move|p1a: Joe Biden|Knock Off|p2a: Dark Sun
|-supereffective|p2a: Dark Sun
|-damage|p2a: Dark Sun|74/100
|
|upkeep
|turn|113
|
|t:|1611911327
|switch|p2a: Eternal Engine|Eternatus|88/100
|-sideend|p2: Kyohei (Ubers)|move: Toxic Spikes|[of] p2a: Eternal Engine
|-damage|p2a: Eternal Engine|76/100|[from] Stealth Rock
|-ability|p2a: Eternal Engine|Pressure
|switch|p1a: Fake News Media|Ferrothorn, F|62/100
|-damage|p1a: Fake News Media|56/100|[from] Stealth Rock
|
|upkeep
|turn|114
|
|t:|1611911336
|switch|p1a: Joe Biden|Toxapex, F|95/100
|-damage|p1a: Joe Biden|82/100|[from] Stealth Rock
|move|p2a: Eternal Engine|Flamethrower|p1a: Joe Biden
|-resisted|p1a: Joe Biden
|-damage|p1a: Joe Biden|68/100
|
|upkeep
|turn|115
|
|t:|1611911341
|switch|p2a: Dark Sun|Necrozma-Dusk-Mane|74/100
|-damage|p2a: Dark Sun|68/100|[from] Stealth Rock
|move|p1a: Joe Biden|Toxic Spikes|p2a: Dark Sun
|-sidestart|p2: Kyohei (Ubers)|move: Toxic Spikes
|
|upkeep
|turn|116
|
|t:|1611911356
|switch|p1a: Fake News Media|Ferrothorn, F|56/100
|-damage|p1a: Fake News Media|49/100|[from] Stealth Rock
|move|p2a: Dark Sun|Morning Sun|p2a: Dark Sun
|-heal|p2a: Dark Sun|100/100
|
|upkeep
|turn|117
|
|t:|1611911364
|switch|p2a: Eternal Engine|Eternatus|76/100
|-sideend|p2: Kyohei (Ubers)|move: Toxic Spikes|[of] p2a: Eternal Engine
|-damage|p2a: Eternal Engine|63/100|[from] Stealth Rock
|-ability|p2a: Eternal Engine|Pressure
|move|p1a: Fake News Media|Leech Seed|p2a: Eternal Engine
|-start|p2a: Eternal Engine|move: Leech Seed
|
|-damage|p2a: Eternal Engine|51/100|[from] Leech Seed|[of] p1a: Fake News Media
|-heal|p1a: Fake News Media|64/100|[silent]
|upkeep
|turn|118
|
|t:|1611911368
|switch|p1a: Joe Biden|Toxapex, F|100/100
|-damage|p1a: Joe Biden|88/100|[from] Stealth Rock
|move|p2a: Eternal Engine|Recover|p2a: Eternal Engine
|-heal|p2a: Eternal Engine|100/100
|
|-damage|p2a: Eternal Engine|88/100|[from] Leech Seed|[of] p1a: Joe Biden
|-heal|p1a: Joe Biden|100/100|[silent]
|upkeep
|turn|119
|
|t:|1611911375
|switch|p2a: Dark Sun|Necrozma-Dusk-Mane|100/100
|-damage|p2a: Dark Sun|94/100|[from] Stealth Rock
|move|p1a: Joe Biden|Toxic Spikes|p2a: Dark Sun
|-sidestart|p2: Kyohei (Ubers)|move: Toxic Spikes
|
|upkeep
|turn|120
|
|t:|1611911386
|switch|p1a: Fake News Media|Ferrothorn, F|64/100
|-damage|p1a: Fake News Media|58/100|[from] Stealth Rock
|move|p2a: Dark Sun|Knock Off|p1a: Fake News Media
|-damage|p1a: Fake News Media|45/100
|-damage|p2a: Dark Sun|82/100|[from] ability: Iron Barbs|[of] p1a: Fake News Media
|
|upkeep
|turn|121
|
|t:|1611911389
|switch|p2a: Eternal Engine|Eternatus|88/100
|-damage|p2a: Eternal Engine|76/100|[from] Stealth Rock
|-sideend|p2: Kyohei (Ubers)|move: Toxic Spikes|[of] p2a: Eternal Engine
|-ability|p2a: Eternal Engine|Pressure
|move|p1a: Fake News Media|Leech Seed|p2a: Eternal Engine|[miss]
|-miss|p1a: Fake News Media|p2a: Eternal Engine
|
|upkeep
|turn|122
|
|t:|1611911401
|switch|p2a: Oh-Ho|Ho-Oh|64/100 tox
|-damage|p2a: Oh-Ho|14/100 tox|[from] Stealth Rock
|switch|p1a: Joe Biden|Toxapex, F|100/100
|-damage|p1a: Joe Biden|88/100|[from] Stealth Rock
|
|-damage|p2a: Oh-Ho|8/100 tox|[from] psn
|upkeep
|turn|123
|
|t:|1611911411
|move|p2a: Oh-Ho|Defog|p1a: Joe Biden
|-unboost|p1a: Joe Biden|evasion|1
|-sideend|p1: Deep State|Stealth Rock|[from] move: Defog|[of] p2a: Oh-Ho
|-sideend|p2: Kyohei (Ubers)|Stealth Rock|[from] move: Defog|[of] p2a: Oh-Ho
|move|p1a: Joe Biden|Knock Off|p2a: Oh-Ho
|-damage|p2a: Oh-Ho|0 fnt
|faint|p2a: Oh-Ho
|
|upkeep
|
|t:|1611911413
|switch|p2a: Dark Sun|Necrozma-Dusk-Mane|82/100
|turn|124
|
|t:|1611911418
|switch|p2a: Eternal Engine|Eternatus|76/100
|-ability|p2a: Eternal Engine|Pressure
|switch|p1a: Fake News Media|Ferrothorn, F|45/100
|
|upkeep
|turn|125
|
|t:|1611911423
|switch|p1a: Joe Biden|Toxapex, F|100/100
|move|p2a: Eternal Engine|Flamethrower|p1a: Joe Biden
|-resisted|p1a: Joe Biden
|-damage|p1a: Joe Biden|87/100
|
|upkeep
|turn|126
|
|t:|1611911429
|switch|p1a: Nancy Pelosi|Ho-Oh|100/100
|move|p2a: Eternal Engine|Recover|p2a: Eternal Engine
|-heal|p2a: Eternal Engine|100/100
|
|upkeep
|turn|127
|
|t:|1611911435
|switch|p2a: Smiling Whale|Kyogre|75/100
|-weather|RainDance|[from] ability: Drizzle|[of] p2a: Smiling Whale
|switch|p1a: Joe Biden|Toxapex, F|100/100
|
|-weather|RainDance|[upkeep]
|upkeep
|turn|128
|
|t:|1611911442
|switch|p2a: Dark Sun|Necrozma-Dusk-Mane|82/100
|switch|p1a: Mark Zuckerberg|Shedinja|100/100
|
|-weather|RainDance|[upkeep]
|upkeep
|turn|129
|
|t:|1611911447
|switch|p2a: Eternal Engine|Eternatus|100/100
|-ability|p2a: Eternal Engine|Pressure
|switch|p1a: Fake News Media|Ferrothorn, F|45/100
|
|-weather|RainDance|[upkeep]
|upkeep
|turn|130
|
|t:|1611911452
|switch|p1a: Joe Biden|Toxapex, F|100/100
|move|p2a: Eternal Engine|Flamethrower|p1a: Joe Biden
|-resisted|p1a: Joe Biden
|-damage|p1a: Joe Biden|94/100
|
|-weather|RainDance|[upkeep]
|upkeep
|turn|131
|
|t:|1611911460
|switch|p2a: Dark Sun|Necrozma-Dusk-Mane|82/100
|move|p1a: Joe Biden|Toxic Spikes|p2a: Dark Sun
|-sidestart|p2: Kyohei (Ubers)|move: Toxic Spikes
|
|-weather|none
|upkeep
|turn|132
|
|t:|1611911464
|switch|p2a: Eternal Engine|Eternatus|100/100
|-sideend|p2: Kyohei (Ubers)|move: Toxic Spikes|[of] p2a: Eternal Engine
|-ability|p2a: Eternal Engine|Pressure
|switch|p1a: Fake News Media|Ferrothorn, F|45/100
|
|upkeep
|turn|133
|
|t:|1611911469
|switch|p2a: Dark Sun|Necrozma-Dusk-Mane|82/100
|switch|p1a: Joe Biden|Toxapex, F|100/100
|
|upkeep
|turn|134
|
|t:|1611911475
|switch|p2a: Eternal Engine|Eternatus|100/100
|-ability|p2a: Eternal Engine|Pressure
|switch|p1a: Fake News Media|Ferrothorn, F|45/100
|
|upkeep
|turn|135
|
|t:|1611911479
|switch|p1a: Joe Biden|Toxapex, F|100/100
|move|p2a: Eternal Engine|Flamethrower|p1a: Joe Biden
|-resisted|p1a: Joe Biden
|-damage|p1a: Joe Biden|88/100
|
|upkeep
|turn|136
|
|t:|1611911485
|switch|p2a: Dark Sun|Necrozma-Dusk-Mane|82/100
|switch|p1a: Nancy Pelosi|Ho-Oh|100/100
|
|upkeep
|turn|137
|
|t:|1611911489
|switch|p1a: Fake News Media|Ferrothorn, F|45/100
|switch|p2a: Eternal Engine|Eternatus|100/100
|-ability|p2a: Eternal Engine|Pressure
|
|upkeep
|turn|138
|
|t:|1611911495
|switch|p2a: Dark Sun|Necrozma-Dusk-Mane|82/100
|switch|p1a: Joe Biden|Toxapex, F|100/100
|
|upkeep
|turn|139
|
|t:|1611911499
|switch|p2a: Eternal Engine|Eternatus|100/100
|-ability|p2a: Eternal Engine|Pressure
|switch|p1a: Fake News Media|Ferrothorn, F|45/100
|
|upkeep
|turn|140
|
|t:|1611911509
|switch|p1a: Joe Biden|Toxapex, F|100/100
|move|p2a: Eternal Engine|Dynamax Cannon|p1a: Joe Biden
|-damage|p1a: Joe Biden|58/100
|
|upkeep
|turn|141
|
|t:|1611911517
|switch|p2a: Dark Sun|Necrozma-Dusk-Mane|82/100
|move|p1a: Joe Biden|Knock Off|p2a: Dark Sun
|-supereffective|p2a: Dark Sun
|-damage|p2a: Dark Sun|75/100
|
|upkeep
|turn|142
|
|t:|1611911522
|switch|p2a: Eternal Engine|Eternatus|100/100
|-ability|p2a: Eternal Engine|Pressure
|switch|p1a: Fake News Media|Ferrothorn, F|45/100
|
|upkeep
|turn|143
|
|t:|1611911528
|switch|p2a: Dark Sun|Necrozma-Dusk-Mane|75/100
|switch|p1a: Joe Biden|Toxapex, F|91/100
|
|upkeep
|turn|144
|
|t:|1611911535
|switch|p2a: Eternal Engine|Eternatus|100/100
|-ability|p2a: Eternal Engine|Pressure
|switch|p1a: Fake News Media|Ferrothorn, F|45/100
|
|upkeep
|turn|145
|
|t:|1611911540
|switch|p2a: Dark Sun|Necrozma-Dusk-Mane|75/100
|switch|p1a: Joe Biden|Toxapex, F|100/100
|
|upkeep
|turn|146
|
|t:|1611911545
|switch|p2a: Eternal Engine|Eternatus|100/100
|-ability|p2a: Eternal Engine|Pressure
|switch|p1a: Nancy Pelosi|Ho-Oh|100/100
|
|upkeep
|turn|147
|
|t:|1611911554
|switch|p2a: Smiling Whale|Kyogre|75/100
|-weather|RainDance|[from] ability: Drizzle|[of] p2a: Smiling Whale
|switch|p1a: Joe Biden|Toxapex, F|100/100
|
|-weather|RainDance|[upkeep]
|upkeep
|turn|148
|
|t:|1611911561
|switch|p2a: Eternal Engine|Eternatus|100/100
|-ability|p2a: Eternal Engine|Pressure
|switch|p1a: Mark Zuckerberg|Shedinja|100/100
|
|-weather|RainDance|[upkeep]
|upkeep
|turn|149
|j| 3e c+
|
|t:|1611911567
|switch|p2a: Dark Sun|Necrozma-Dusk-Mane|75/100
|switch|p1a: Joe Biden|Toxapex, F|100/100
|
|-weather|RainDance|[upkeep]
|upkeep
|turn|150
|
|t:|1611911576
|switch|p2a: Eternal Engine|Eternatus|100/100
|-ability|p2a: Eternal Engine|Pressure
|switch|p1a: Fake News Media|Ferrothorn, F|45/100
|
|-weather|RainDance|[upkeep]
|upkeep
|turn|151
|
|t:|1611911586
|switch|p2a: Dark Sun|Necrozma-Dusk-Mane|75/100
|switch|p1a: Joe Biden|Toxapex, F|100/100
|
|-weather|none
|upkeep
|turn|152
|
|t:|1611911590
|switch|p2a: Eternal Engine|Eternatus|100/100
|-ability|p2a: Eternal Engine|Pressure
|switch|p1a: Fake News Media|Ferrothorn, F|45/100
|
|upkeep
|turn|153
|c| 3e c+|xd
|
|t:|1611911595
|switch|p2a: Dark Sun|Necrozma-Dusk-Mane|75/100
|switch|p1a: Joe Biden|Toxapex, F|100/100
|
|upkeep
|turn|154
|l| 3e c+
|
|t:|1611911602
|switch|p2a: Eternal Engine|Eternatus|100/100
|-ability|p2a: Eternal Engine|Pressure
|switch|p1a: Fake News Media|Ferrothorn, F|45/100
|
|upkeep
|turn|155
|
|t:|1611911611
|switch|p1a: Joe Biden|Toxapex, F|100/100
|move|p2a: Eternal Engine|Flamethrower|p1a: Joe Biden
|-resisted|p1a: Joe Biden
|-damage|p1a: Joe Biden|86/100
|
|upkeep
|turn|156
|
|t:|1611911623
|switch|p2a: Dark Sun|Necrozma-Dusk-Mane|75/100
|switch|p1a: Nancy Pelosi|Ho-Oh|100/100
|
|upkeep
|turn|157
|
|t:|1611911627
|switch|p2a: Eternal Engine|Eternatus|100/100
|-ability|p2a: Eternal Engine|Pressure
|move|p1a: Nancy Pelosi|Flare Blitz|p2a: Eternal Engine
|-resisted|p2a: Eternal Engine
|-damage|p2a: Eternal Engine|79/100
|-damage|p1a: Nancy Pelosi|94/100|[from] Recoil
|
|upkeep
|turn|158
|
|t:|1611911635
|switch|p2a: Dark Sun|Necrozma-Dusk-Mane|75/100
|switch|p1a: Joe Biden|Toxapex, F|100/100
|
|upkeep
|turn|159
|
|t:|1611911639
|switch|p2a: Eternal Engine|Eternatus|79/100
|-ability|p2a: Eternal Engine|Pressure
|switch|p1a: Nancy Pelosi|Ho-Oh|100/100
|
|upkeep
|turn|160
|
|t:|1611911645
|move|p2a: Eternal Engine|Recover|p2a: Eternal Engine
|-heal|p2a: Eternal Engine|100/100
|move|p1a: Nancy Pelosi|Flare Blitz|p2a: Eternal Engine
|-resisted|p2a: Eternal Engine
|-damage|p2a: Eternal Engine|81/100
|-damage|p1a: Nancy Pelosi|94/100|[from] Recoil
|
|upkeep
|turn|161
|
|t:|1611911651
|switch|p2a: Dark Sun|Necrozma-Dusk-Mane|75/100
|move|p1a: Nancy Pelosi|Flare Blitz|p2a: Dark Sun
|-supereffective|p2a: Dark Sun
|-damage|p2a: Dark Sun|35/100
|-damage|p1a: Nancy Pelosi|81/100|[from] Recoil
|
|upkeep
|turn|162
|
|t:|1611911658
|switch|p2a: Eternal Engine|Eternatus|81/100
|-ability|p2a: Eternal Engine|Pressure
|move|p1a: Nancy Pelosi|Flare Blitz|p2a: Eternal Engine
|-resisted|p2a: Eternal Engine
|-damage|p2a: Eternal Engine|59/100
|-damage|p1a: Nancy Pelosi|74/100|[from] Recoil
|
|upkeep
|turn|163
|
|t:|1611911663
|switch|p1a: Joe Biden|Toxapex, F|100/100
|move|p2a: Eternal Engine|Recover|p2a: Eternal Engine
|-heal|p2a: Eternal Engine|100/100
|
|upkeep
|turn|164
|
|t:|1611911668
|switch|p2a: Dark Sun|Necrozma-Dusk-Mane|35/100
|move|p1a: Joe Biden|Knock Off|p2a: Dark Sun
|-supereffective|p2a: Dark Sun
|-damage|p2a: Dark Sun|26/100
|
|upkeep
|turn|165
|
|t:|1611911675
|switch|p2a: Eternal Engine|Eternatus|100/100
|-ability|p2a: Eternal Engine|Pressure
|switch|p1a: Fake News Media|Ferrothorn, F|45/100
|
|upkeep
|turn|166
|
|t:|1611911680
|switch|p2a: Dark Sun|Necrozma-Dusk-Mane|26/100
|switch|p1a: Joe Biden|Toxapex, F|100/100
|
|upkeep
|turn|167
|
|t:|1611911686
|switch|p1a: Fake News Media|Ferrothorn, F|45/100
|move|p2a: Dark Sun|Stealth Rock|p1a: Fake News Media
|-sidestart|p1: Deep State|move: Stealth Rock
|
|upkeep
|turn|168
|
|t:|1611911691
|move|p2a: Dark Sun|Morning Sun|p2a: Dark Sun
|-heal|p2a: Dark Sun|76/100
|move|p1a: Fake News Media|Stealth Rock|p2a: Dark Sun
|-sidestart|p2: Kyohei (Ubers)|move: Stealth Rock
|
|upkeep
|turn|169
|
|t:|1611911694
|move|p2a: Dark Sun|Knock Off|p1a: Fake News Media
|-damage|p1a: Fake News Media|33/100
|-damage|p2a: Dark Sun|64/100|[from] ability: Iron Barbs|[of] p1a: Fake News Media
|move|p1a: Fake News Media|Leech Seed|p2a: Dark Sun
|-start|p2a: Dark Sun|move: Leech Seed
|
|-damage|p2a: Dark Sun|52/100|[from] Leech Seed|[of] p1a: Fake News Media
|-heal|p1a: Fake News Media|47/100|[silent]
|upkeep
|turn|170
|
|t:|1611911699
|switch|p2a: King Valgard|Calyrex-Ice|94/100 tox
|-ability|p2a: King Valgard|As One
|-ability|p2a: King Valgard|Unnerve|p1: Deep State
|move|p1a: Fake News Media|Leech Seed|p2a: King Valgard
|-start|p2a: King Valgard|move: Leech Seed
|
|-damage|p2a: King Valgard|82/100 tox|[from] Leech Seed|[of] p1a: Fake News Media
|-heal|p1a: Fake News Media|61/100|[silent]
|-damage|p2a: King Valgard|76/100 tox|[from] psn
|upkeep
|turn|171
|-message|Kyohei (Ubers) forfeited.
|
|win|Deep State
|l|☆Kyohei (Ubers)
||Ladder (probably) updated, but score could not be retrieved (Request timeout).
