|j|☆Kodansha
|j|☆malkobaran
|t:|1660067820
|gametype|singles
|player|p1|Kodansha|blackbelt-gen4|1462
|player|p2|malkobaran|1|1634
|teamsize|p1|6
|teamsize|p2|6
|gen|8
|tier|[Gen 8] Ubers
|rated|
|rule|Sleep Clause Mod: Limit one foe put to sleep
|rule|Species Clause: Limit one of each Pokémon
|rule|OHKO Clause: OHKO moves are banned
|rule|Evasion Items Clause: Evasion items are banned
|rule|Evasion Moves Clause: Evasion moves are banned
|rule|Endless Battle Clause: Forcing endless battles is banned
|rule|HP Percentage Mod: HP is shown in percentages
|rule|Dynamax Clause: You cannot dynamax
|clearpoke
|poke|p1|Eternatus|
|poke|p1|Groudon|
|poke|p1|Zekrom|
|poke|p1|Xerneas-*|
|poke|p1|Yveltal|
|poke|p1|Necrozma-Dusk-Mane|
|poke|p2|Calyrex-Shadow|
|poke|p2|Eternatus|
|poke|p2|Marshadow|
|poke|p2|Necrozma-Dusk-Mane|
|poke|p2|Yveltal|
|poke|p2|Regieleki|
|teampreview
|
|t:|1660067853
|start
|switch|p1a: Groudon|Groudon, shiny|100/100
|switch|p2a: Necrozma|Necrozma-Dusk-Mane|100/100
|-weather|SunnyDay|[from] ability: Drought|[of] p1a: Groudon
|turn|1
|inactive|Battle timer is ON: inactive players will automatically lose when time's up. (requested by malkobaran)
|
|t:|1660067869
|move|p1a: Groudon|Rock Polish|p1a: Groudon
|-boost|p1a: Groudon|spe|2
|move|p2a: Necrozma|Stealth Rock|p1a: Groudon
|-sidestart|p1: Kodansha|move: Stealth Rock
|
|-weather|SunnyDay|[upkeep]
|upkeep
|turn|2
|j| donsanchez
|
|t:|1660067883
|move|p1a: Groudon|Precipice Blades|p2a: Necrozma
|-supereffective|p2a: Necrozma
|-damage|p2a: Necrozma|23/100
|-damage|p1a: Groudon|91/100|[from] item: Life Orb
|move|p2a: Necrozma|Toxic|p1a: Groudon|[miss]
|-miss|p2a: Necrozma|p1a: Groudon
|
|-weather|SunnyDay|[upkeep]
|-heal|p2a: Necrozma|29/100|[from] item: Leftovers
|upkeep
|turn|3
|l| donsanchez
|
|t:|1660067890
|move|p1a: Groudon|Precipice Blades|p2a: Necrozma|[miss]
|-miss|p1a: Groudon|p2a: Necrozma
|move|p2a: Necrozma|Morning Sun|p2a: Necrozma
|-heal|p2a: Necrozma|95/100
|
|-weather|SunnyDay|[upkeep]
|-heal|p2a: Necrozma|100/100|[from] item: Leftovers
|upkeep
|turn|4
|
|t:|1660067896
|move|p1a: Groudon|Swords Dance|p1a: Groudon
|-boost|p1a: Groudon|atk|2
|move|p2a: Necrozma|Toxic|p1a: Groudon
|-status|p1a: Groudon|tox
|
|-weather|SunnyDay|[upkeep]
|-damage|p1a: Groudon|84/100 tox|[from] psn
|upkeep
|turn|5
|
|t:|1660067904
|switch|p2a: Yveltal|Yveltal|100/100
|-ability|p2a: Yveltal|Dark Aura
|move|p1a: Groudon|Precipice Blades|p2a: Yveltal
|-immune|p2a: Yveltal
|
|-weather|none
|-damage|p1a: Groudon|72/100 tox|[from] psn
|upkeep
|turn|6
|
|t:|1660067910
|switch|p2a: Necrozma|Necrozma-Dusk-Mane|100/100
|move|p1a: Groudon|Stone Edge|p2a: Necrozma
|-resisted|p2a: Necrozma
|-damage|p2a: Necrozma|72/100
|-damage|p1a: Groudon|62/100 tox|[from] item: Life Orb
|
|-heal|p2a: Necrozma|78/100|[from] item: Leftovers
|-damage|p1a: Groudon|44/100 tox|[from] psn
|upkeep
|turn|7
|
|t:|1660067923
|switch|p2a: Yveltal|Yveltal|100/100
|-ability|p2a: Yveltal|Dark Aura
|move|p1a: Groudon|Stone Edge|p2a: Yveltal|[miss]
|-miss|p1a: Groudon|p2a: Yveltal
|
|-damage|p1a: Groudon|19/100 tox|[from] psn
|upkeep
|turn|8
|
|t:|1660067938
|move|p2a: Yveltal|Sucker Punch|p1a: Groudon
|-damage|p1a: Groudon|0 fnt
|faint|p1a: Groudon
|
|upkeep
|
|t:|1660067950
|switch|p1a: Zekrom|Zekrom, shiny|100/100
|-damage|p1a: Zekrom|88/100|[from] Stealth Rock
|-ability|p1a: Zekrom|Teravolt
|turn|9
|
|t:|1660067958
|move|p1a: Zekrom|Bolt Strike|p2a: Yveltal
|-supereffective|p2a: Yveltal
|-crit|p2a: Yveltal
|-damage|p2a: Yveltal|0 fnt
|faint|p2a: Yveltal
|
|upkeep
|
|t:|1660067963
|switch|p2a: Calyrex|Calyrex-Shadow|100/100
|-ability|p2a: Calyrex|As One
|-ability|p2a: Calyrex|Unnerve
|turn|10
|
|t:|1660067967
|switch|p1a: Yveltal|Yveltal, shiny|100/100
|-ability|p1a: Yveltal|Dark Aura
|move|p2a: Calyrex|Astral Barrage|p1a: Yveltal
|-resisted|p1a: Yveltal
|-damage|p1a: Yveltal|69/100
|
|upkeep
|turn|11
|
|t:|1660067973
|switch|p2a: Eternatus|Eternatus|100/100
|-ability|p2a: Eternatus|Pressure
|move|p1a: Yveltal|Knock Off|p2a: Eternatus
|-damage|p2a: Eternatus|52/100
|-enditem|p2a: Eternatus|Heavy-Duty Boots|[from] move: Knock Off|[of] p1a: Yveltal
|
|upkeep
|turn|12
|
|t:|1660067988
|switch|p1a: Necrozma|Necrozma-Dusk-Mane|100/100
|-damage|p1a: Necrozma|94/100|[from] Stealth Rock
|move|p2a: Eternatus|Toxic|p1a: Necrozma
|-immune|p1a: Necrozma
|
|-heal|p1a: Necrozma|100/100|[from] item: Leftovers
|upkeep
|turn|13
|
|t:|1660068006
|move|p2a: Eternatus|Recover|p2a: Eternatus
|-heal|p2a: Eternatus|100/100
|move|p1a: Necrozma|Thunder Wave|p2a: Eternatus
|-status|p2a: Eternatus|par
|
|upkeep
|turn|14
|
|t:|1660068012
|switch|p2a: Calyrex|Calyrex-Shadow|100/100
|-ability|p2a: Calyrex|As One
|-ability|p2a: Calyrex|Unnerve
|move|p1a: Necrozma|Stealth Rock|p2a: Calyrex
|-sidestart|p2: malkobaran|move: Stealth Rock
|
|upkeep
|turn|15
|
|t:|1660068035
|switch|p1a: Yveltal|Yveltal, shiny|69/100
|-ability|p1a: Yveltal|Dark Aura
|move|p2a: Calyrex|Astral Barrage|p1a: Yveltal
|-resisted|p1a: Yveltal
|-damage|p1a: Yveltal|34/100
|
|upkeep
|turn|16
|inactive|malkobaran has 120 seconds left.
|
|t:|1660068057
|switch|p2a: Regieleki|Regieleki|100/100
|move|p1a: Yveltal|Roost|p1a: Yveltal
|-heal|p1a: Yveltal|84/100
|-singleturn|p1a: Yveltal|move: Roost
|
|upkeep
|turn|17
|
|t:|1660068069
|switch|p1a: Zekrom|Zekrom, shiny|88/100
|-damage|p1a: Zekrom|76/100|[from] Stealth Rock
|-ability|p1a: Zekrom|Teravolt
|move|p2a: Regieleki|Volt Switch|p1a: Zekrom
|-resisted|p1a: Zekrom
|-damage|p1a: Zekrom|65/100
|
|t:|1660068073
|switch|p2a: Calyrex|Calyrex-Shadow|100/100|[from]move: Volt Switch
|-ability|p2a: Calyrex|As One
|-ability|p2a: Calyrex|Unnerve
|-damage|p2a: Calyrex|88/100|[from] Stealth Rock
|
|upkeep
|turn|18
|
|t:|1660068087
|switch|p1a: Yveltal|Yveltal, shiny|84/100
|-ability|p1a: Yveltal|Dark Aura
|switch|p2a: Regieleki|Regieleki|100/100
|
|upkeep
|turn|19
|
|t:|1660068093
|switch|p1a: Zekrom|Zekrom, shiny|65/100
|-damage|p1a: Zekrom|53/100|[from] Stealth Rock
|-ability|p1a: Zekrom|Teravolt
|move|p2a: Regieleki|Volt Switch|p1a: Zekrom
|-resisted|p1a: Zekrom
|-damage|p1a: Zekrom|42/100
|
|t:|1660068098
|switch|p2a: Calyrex|Calyrex-Shadow|88/100|[from]move: Volt Switch
|-ability|p2a: Calyrex|As One
|-ability|p2a: Calyrex|Unnerve
|-damage|p2a: Calyrex|76/100|[from] Stealth Rock
|
|upkeep
|turn|20
|
|t:|1660068102
|switch|p1a: Yveltal|Yveltal, shiny|84/100
|-ability|p1a: Yveltal|Dark Aura
|move|p2a: Calyrex|Astral Barrage|p1a: Yveltal
|-resisted|p1a: Yveltal
|-damage|p1a: Yveltal|53/100
|
|upkeep
|turn|21
|
|t:|1660068113
|switch|p2a: Eternatus|Eternatus|100/100 par
|-damage|p2a: Eternatus|88/100 par|[from] Stealth Rock
|-ability|p2a: Eternatus|Pressure
|move|p1a: Yveltal|Knock Off|p2a: Eternatus
|-damage|p2a: Eternatus|60/100 par
|
|upkeep
|turn|22
|
|t:|1660068135
|switch|p1a: Eternatus|Eternatus|100/100
|-damage|p1a: Eternatus|88/100|[from] Stealth Rock
|-ability|p1a: Eternatus|Pressure
|move|p2a: Eternatus|Toxic|p1a: Eternatus
|-immune|p1a: Eternatus
|
|upkeep
|turn|23
|
|t:|1660068148
|move|p1a: Eternatus|Cosmic Power|p1a: Eternatus
|-boost|p1a: Eternatus|def|1
|-boost|p1a: Eternatus|spd|1
|move|p2a: Eternatus|Dynamax Cannon|p1a: Eternatus
|-supereffective|p1a: Eternatus
|-damage|p1a: Eternatus|41/100
|
|upkeep
|turn|24
|
|t:|1660068158
|switch|p2a: Regieleki|Regieleki|100/100
|move|p1a: Eternatus|Recover|p1a: Eternatus
|-heal|p1a: Eternatus|91/100
|
|upkeep
|turn|25
|
|t:|1660068162
|move|p2a: Regieleki|Rapid Spin|p1a: Eternatus
|-damage|p1a: Eternatus|85/100
|-boost|p2a: Regieleki|spe|1
|-sideend|p2: malkobaran|Stealth Rock|[from] move: Rapid Spin|[of] p2a: Regieleki
|move|p1a: Eternatus|Meteor Beam||[still]
|-prepare|p1a: Eternatus|Meteor Beam
|-boost|p1a: Eternatus|spa|1
|-enditem|p1a: Eternatus|Power Herb
|-anim|p1a: Eternatus|Meteor Beam|p2a: Regieleki
|-damage|p2a: Regieleki|0 fnt
|faint|p2a: Regieleki
|
|upkeep
|
|t:|1660068166
|switch|p2a: Marshadow|Marshadow|100/100
|turn|26
|inactive|Kodansha has 120 seconds left.
|
|t:|1660068207
|switch|p1a: Xerneas|Xerneas|100/100
|-damage|p1a: Xerneas|88/100|[from] Stealth Rock
|-ability|p1a: Xerneas|Fairy Aura
|move|p2a: Marshadow|Spectral Thief|p1a: Xerneas
|-damage|p1a: Xerneas|51/100
|
|upkeep
|turn|27
|
|t:|1660068218
|switch|p2a: Necrozma|Necrozma-Dusk-Mane|78/100
|move|p1a: Xerneas|Moonblast|p2a: Necrozma
|-resisted|p2a: Necrozma
|-damage|p2a: Necrozma|49/100
|-unboost|p2a: Necrozma|spa|1
|
|-heal|p2a: Necrozma|55/100|[from] item: Leftovers
|upkeep
|turn|28
|
|t:|1660068248
|switch|p1a: Necrozma|Necrozma-Dusk-Mane|100/100
|-damage|p1a: Necrozma|94/100|[from] Stealth Rock
|move|p2a: Necrozma|Morning Sun|p2a: Necrozma
|-heal|p2a: Necrozma|100/100
|
|-heal|p1a: Necrozma|100/100|[from] item: Leftovers
|upkeep
|turn|29
|
|t:|1660068257
|switch|p2a: Calyrex|Calyrex-Shadow|76/100
|-ability|p2a: Calyrex|As One
|-ability|p2a: Calyrex|Unnerve
|move|p1a: Necrozma|Stealth Rock|p2a: Calyrex
|-sidestart|p2: malkobaran|move: Stealth Rock
|
|upkeep
|turn|30
|
|t:|1660068266
|switch|p1a: Yveltal|Yveltal, shiny|53/100
|-ability|p1a: Yveltal|Dark Aura
|move|p2a: Calyrex|Astral Barrage|p1a: Yveltal
|-resisted|p1a: Yveltal
|-damage|p1a: Yveltal|23/100
|
|upkeep
|turn|31
|
|t:|1660068285
|move|p1a: Yveltal|Sucker Punch|p2a: Calyrex
|-supereffective|p2a: Calyrex
|-crit|p2a: Calyrex
|-damage|p2a: Calyrex|0 fnt
|faint|p2a: Calyrex
|
|upkeep
|
|t:|1660068299
|switch|p2a: Necrozma|Necrozma-Dusk-Mane|100/100
|-damage|p2a: Necrozma|94/100|[from] Stealth Rock
|turn|32
|inactive|Kodansha has 120 seconds left.
|-message|malkobaran forfeited.
|
|win|Kodansha
|raw|Kodansha's rating: 1462 &rarr; <strong>1491</strong><br />(+29 for winning)
|raw|malkobaran's rating: 1634 &rarr; <strong>1605</strong><br />(-29 for losing)
|l|☆malkobaran
|c|☆Kodansha|gg
||Ladder isn't responding, score probably updated but might not have (Request timeout).
