|j|☆Mr-Mongol
|j|☆Ryriss
|t:|1666956545
|gametype|singles
|player|p1|Mr-Mongol|cheren|1491
|player|p2|Ryriss|hilbert-wonderlauncher|1494
|teamsize|p1|6
|teamsize|p2|6
|gen|8
|tier|[Gen 8] Ubers
|rated|
|rule|Sleep Clause Mod: Limit one foe put to sleep
|rule|Species Clause: Limit one of each Pokémon
|rule|OHKO Clause: OHKO moves are banned
|rule|Evasion Items Clause: Evasion items are banned
|rule|Evasion Moves Clause: Evasion moves are banned
|rule|Endless Battle Clause: Forcing endless battles is banned
|rule|HP Percentage Mod: HP is shown in percentages
|rule|Dynamax Clause: You cannot dynamax
|clearpoke
|poke|p1|Aerodactyl, M|
|poke|p1|Weavile, F|
|poke|p1|Yveltal|
|poke|p1|Calyrex-Shadow|
|poke|p1|Necrozma-Dusk-Mane|
|poke|p1|Rayquaza|
|poke|p2|Kyogre|
|poke|p2|Palkia|
|poke|p2|Groudon|
|poke|p2|Zekrom|
|poke|p2|Yveltal|
|poke|p2|Necrozma-Dusk-Mane|
|teampreview
|j| SpookyM80
|c|☆Mr-Mongol|Dude
|
|t:|1666956560
|start
|switch|p1a: Aerodactyl|Aerodactyl, M|100/100
|switch|p2a: Kyogre|Kyogre|100/100
|-ability|p1a: Aerodactyl|Pressure
|-weather|RainDance|[from] ability: Drizzle|[of] p2a: Kyogre
|turn|1
|c|☆Mr-Mongol|Can I talk with you a bit while we play?
|c|☆Mr-Mongol|Or gal, whatever
|
|t:|1666956570
|move|p1a: Aerodactyl|Rock Tomb|p2a: Kyogre
|-crit|p2a: Kyogre
|-damage|p2a: Kyogre|60/100
|-unboost|p2a: Kyogre|spe|1
|move|p2a: Kyogre|Origin Pulse|p1a: Aerodactyl
|-supereffective|p1a: Aerodactyl
|-enditem|p1a: Aerodactyl|Focus Sash
|-damage|p1a: Aerodactyl|1/100
|
|-weather|RainDance|[upkeep]
|-heal|p2a: Kyogre|67/100|[from] item: Leftovers
|upkeep
|turn|2
|
|t:|1666956577
|move|p1a: Aerodactyl|Stealth Rock|p2a: Kyogre
|-sidestart|p2: Ryriss|move: Stealth Rock
|move|p2a: Kyogre|Ice Beam|p1a: Aerodactyl
|-supereffective|p1a: Aerodactyl
|-damage|p1a: Aerodactyl|0 fnt
|faint|p1a: Aerodactyl
|
|-weather|RainDance|[upkeep]
|-heal|p2a: Kyogre|73/100|[from] item: Leftovers
|upkeep
|
|t:|1666956589
|switch|p1a: Calyrex|Calyrex-Shadow|100/100
|-ability|p1a: Calyrex|As One
|-ability|p1a: Calyrex|Unnerve
|turn|3
|
|t:|1666956596
|move|p1a: Calyrex|Astral Barrage|p2a: Kyogre
|-damage|p2a: Kyogre|29/100
|move|p2a: Kyogre|Origin Pulse|p1a: Calyrex
|-crit|p1a: Calyrex
|-enditem|p1a: Calyrex|Focus Sash
|-damage|p1a: Calyrex|1/100
|
|-weather|RainDance|[upkeep]
|-heal|p2a: Kyogre|35/100|[from] item: Leftovers
|upkeep
|turn|4
|
|t:|1666956619
|switch|p2a: Yveltal|Yveltal|100/100
|-damage|p2a: Yveltal|76/100|[from] Stealth Rock
|-ability|p2a: Yveltal|Dark Aura
|move|p1a: Calyrex|Astral Barrage|p2a: Yveltal
|-resisted|p2a: Yveltal
|-damage|p2a: Yveltal|42/100
|
|-weather|RainDance|[upkeep]
|upkeep
|turn|5
|
|t:|1666956634
|switch|p1a: Yveltal|Yveltal|100/100
|-ability|p1a: Yveltal|Dark Aura
|move|p2a: Yveltal|Oblivion Wing|p1a: Yveltal
|-damage|p1a: Yveltal|68/100
|-heal|p2a: Yveltal|65/100|[from] drain|[of] p1a: Yveltal
|
|-weather|none
|upkeep
|turn|6
|
|t:|1666956641
|move|p1a: Yveltal|Knock Off|p2a: Yveltal
|-resisted|p2a: Yveltal
|-damage|p2a: Yveltal|29/100
|-enditem|p2a: Yveltal|Metronome|[from] move: Knock Off|[of] p1a: Yveltal
|move|p2a: Yveltal|Oblivion Wing|p1a: Yveltal
|-damage|p1a: Yveltal|33/100
|-heal|p2a: Yveltal|55/100|[from] drain|[of] p1a: Yveltal
|
|upkeep
|turn|7
|
|t:|1666956646
|move|p1a: Yveltal|Roost|p1a: Yveltal
|-heal|p1a: Yveltal|83/100
|-singleturn|p1a: Yveltal|move: Roost
|move|p2a: Yveltal|Oblivion Wing|p1a: Yveltal
|-damage|p1a: Yveltal|51/100
|-heal|p2a: Yveltal|78/100|[from] drain|[of] p1a: Yveltal
|
|upkeep
|turn|8
|
|t:|1666956652
|move|p1a: Yveltal|Roost|p1a: Yveltal
|-heal|p1a: Yveltal|100/100
|-singleturn|p1a: Yveltal|move: Roost
|move|p2a: Yveltal|Oblivion Wing|p1a: Yveltal
|-damage|p1a: Yveltal|65/100
|-heal|p2a: Yveltal|100/100|[from] drain|[of] p1a: Yveltal
|
|upkeep
|turn|9
|
|t:|1666956658
|switch|p1a: Necrozma|Necrozma-Dusk-Mane|100/100
|move|p2a: Yveltal|Heat Wave|p1a: Necrozma
|-supereffective|p1a: Necrozma
|-damage|p1a: Necrozma|52/100
|-enditem|p1a: Necrozma|Weakness Policy
|-boost|p1a: Necrozma|atk|2|[from] item: Weakness Policy
|-boost|p1a: Necrozma|spa|2|[from] item: Weakness Policy
|
|upkeep
|turn|10
|
|t:|1666956663
|move|p2a: Yveltal|Dark Pulse|p1a: Necrozma
|-supereffective|p1a: Necrozma
|-damage|p1a: Necrozma|0 fnt
|faint|p1a: Necrozma
|
|upkeep
|
|t:|1666956666
|switch|p1a: Weavile|Weavile, F|100/100
|-ability|p1a: Weavile|Pressure
|turn|11
|
|t:|1666956682
|switch|p2a: Kyogre|Kyogre|35/100
|-damage|p2a: Kyogre|23/100|[from] Stealth Rock
|-weather|RainDance|[from] ability: Drizzle|[of] p2a: Kyogre
|move|p1a: Weavile|Swords Dance|p1a: Weavile
|-boost|p1a: Weavile|atk|2
|
|-weather|RainDance|[upkeep]
|-heal|p2a: Kyogre|29/100|[from] item: Leftovers
|upkeep
|turn|12
|
|t:|1666956690
|move|p1a: Weavile|Knock Off|p2a: Kyogre
|-damage|p2a: Kyogre|0 fnt
|-enditem|p2a: Kyogre|Leftovers|[from] move: Knock Off|[of] p1a: Weavile
|faint|p2a: Kyogre
|
|-weather|RainDance|[upkeep]
|upkeep
|
|t:|1666956693
|switch|p2a: Necrozma|Necrozma-Dusk-Mane|100/100
|-damage|p2a: Necrozma|94/100|[from] Stealth Rock
|turn|13
|
|t:|1666956697
|move|p1a: Weavile|Knock Off|p2a: Necrozma
|-supereffective|p2a: Necrozma
|-damage|p2a: Necrozma|0 fnt
|-enditem|p2a: Necrozma|Leftovers|[from] move: Knock Off|[of] p1a: Weavile
|faint|p2a: Necrozma
|
|-weather|RainDance|[upkeep]
|upkeep
|
|t:|1666956706
|switch|p2a: Palkia|Palkia|100/100
|-damage|p2a: Palkia|88/100|[from] Stealth Rock
|-ability|p2a: Palkia|Pressure
|turn|14
|
|t:|1666956732
|switch|p1a: Yveltal|Yveltal|65/100
|-ability|p1a: Yveltal|Dark Aura
|move|p2a: Palkia|Spacial Rend|p1a: Yveltal
|-damage|p1a: Yveltal|12/100
|
|-weather|RainDance|[upkeep]
|upkeep
|turn|15
|
|t:|1666956737
|move|p1a: Yveltal|Sucker Punch|p2a: Palkia
|-damage|p2a: Palkia|32/100
|move|p2a: Palkia|Spacial Rend|p1a: Yveltal
|-damage|p1a: Yveltal|0 fnt
|faint|p1a: Yveltal
|
|-weather|none
|upkeep
|
|t:|1666956756
|switch|p1a: Weavile|Weavile, F|100/100
|-ability|p1a: Weavile|Pressure
|turn|16
|
|t:|1666956761
|move|p1a: Weavile|Knock Off|p2a: Palkia
|-damage|p2a: Palkia|0 fnt
|-enditem|p2a: Palkia|Lustrous Orb|[from] move: Knock Off|[of] p1a: Weavile
|faint|p2a: Palkia
|
|upkeep
|
|t:|1666956769
|switch|p2a: Zekrom|Zekrom|100/100
|-damage|p2a: Zekrom|88/100|[from] Stealth Rock
|-ability|p2a: Zekrom|Teravolt
|turn|17
|
|t:|1666956772
|move|p1a: Weavile|Triple Axel|p2a: Zekrom
|-supereffective|p2a: Zekrom
|-damage|p2a: Zekrom|73/100
|-supereffective|p2a: Zekrom
|-damage|p2a: Zekrom|40/100
|-supereffective|p2a: Zekrom
|-damage|p2a: Zekrom|0 fnt
|faint|p2a: Zekrom
|-hitcount|p2: Zekrom|3
|
|upkeep
|
|t:|1666956778
|switch|p2a: Groudon|Groudon|100/100
|-weather|SunnyDay|[from] ability: Drought|[of] p2a: Groudon
|turn|18
|
|t:|1666956789
|switch|p1a: Calyrex|Calyrex-Shadow|1/100
|-ability|p1a: Calyrex|As One
|-ability|p1a: Calyrex|Unnerve
|move|p2a: Groudon|Precipice Blades|p1a: Calyrex
|-damage|p1a: Calyrex|0 fnt
|faint|p1a: Calyrex
|
|-weather|SunnyDay|[upkeep]
|upkeep
|
|t:|1666956792
|switch|p1a: Rayquaza|Rayquaza|100/100
|-ability|p1a: Rayquaza|Air Lock
|turn|19
|
|t:|1666956798
|move|p1a: Rayquaza|Swords Dance|p1a: Rayquaza
|-boost|p1a: Rayquaza|atk|2
|move|p2a: Groudon|Rock Polish|p2a: Groudon
|-boost|p2a: Groudon|spe|2
|
|-weather|SunnyDay|[upkeep]
|upkeep
|turn|20
|
|t:|1666956803
|move|p2a: Groudon|Stone Edge|p1a: Rayquaza
|-supereffective|p1a: Rayquaza
|-damage|p1a: Rayquaza|10/100
|move|p1a: Rayquaza|Dragon Ascent|p2a: Groudon
|-damage|p2a: Groudon|10/100
|-unboost|p1a: Rayquaza|def|1
|-unboost|p1a: Rayquaza|spd|1
|
|-weather|SunnyDay|[upkeep]
|upkeep
|turn|21
|
|t:|1666956809
|move|p2a: Groudon|Stone Edge|p1a: Rayquaza
|-supereffective|p1a: Rayquaza
|-damage|p1a: Rayquaza|0 fnt
|faint|p1a: Rayquaza
|
|-weather|SunnyDay|[upkeep]
|upkeep
|
|t:|1666956811
|switch|p1a: Weavile|Weavile, F|100/100
|-ability|p1a: Weavile|Pressure
|turn|22
|
|t:|1666956815
|move|p1a: Weavile|Ice Shard|p2a: Groudon
|-supereffective|p2a: Groudon
|-damage|p2a: Groudon|0 fnt
|faint|p2a: Groudon
|
|-weather|none
|upkeep
|
|t:|1666956817
|switch|p2a: Yveltal|Yveltal|100/100
|-damage|p2a: Yveltal|76/100|[from] Stealth Rock
|-ability|p2a: Yveltal|Dark Aura
|turn|23
|
|t:|1666956823
|move|p1a: Weavile|Triple Axel|p2a: Yveltal
|-supereffective|p2a: Yveltal
|-damage|p2a: Yveltal|57/100
|-supereffective|p2a: Yveltal
|-damage|p2a: Yveltal|19/100
|-supereffective|p2a: Yveltal
|-damage|p2a: Yveltal|0 fnt
|faint|p2a: Yveltal
|-hitcount|p2: Yveltal|3
|
|win|Mr-Mongol
|raw|Mr-Mongol's rating: 1491 &rarr; <strong>1511</strong><br />(+20 for winning)
|raw|Ryriss's rating: 1494 &rarr; <strong>1474</strong><br />(-20 for losing)
|l|☆Ryriss
