|j|‽weyoubetry
|j|☆PokeDuels
|t:|1634089346
|gametype|singles
|player|p1|weyoubetry|101|1375
|player|p2|PokeDuels|265|1662
|teamsize|p1|6
|teamsize|p2|6
|gen|8
|tier|[Gen 8] Ubers
|rated|
|rule|Sleep Clause Mod: Limit one foe put to sleep
|rule|Species Clause: Limit one of each Pokémon
|rule|OHKO Clause: OHKO moves are banned
|rule|Evasion Moves Clause: Evasion moves are banned
|rule|Endless Battle Clause: Forcing endless battles is banned
|rule|HP Percentage Mod: HP is shown in percentages
|rule|Dynamax Clause: You cannot dynamax
|clearpoke
|poke|p1|Xerneas-*|
|poke|p1|Mewtwo|
|poke|p1|Kyurem-White|
|poke|p1|Shuckle, M|
|poke|p1|Marshadow|
|poke|p1|Klefki, F|
|poke|p2|Tyranitar, M|
|poke|p2|Eternatus|
|poke|p2|Zygarde|
|poke|p2|Ho-Oh|
|poke|p2|Necrozma-Dusk-Mane|
|poke|p2|Tapu Bulu|
|teampreview
|inactive|Battle timer is ON: inactive players will automatically lose when time's up. (requested by PokeDuels)
|inactive|weyoubetry has 120 seconds left.
|inactive|weyoubetry has 90 seconds left.
|
|t:|1634089480
|start
|switch|p1a: Kyurem|Kyurem-White|100/100
|switch|p2a: Ho-Oh|Ho-Oh|100/100
|-ability|p1a: Kyurem|Turboblaze
|turn|1
|
|t:|1634089492
|switch|p2a: Necrozma|Necrozma-Dusk-Mane|100/100
|move|p1a: Kyurem|Ice Beam|p2a: Necrozma
|-resisted|p2a: Necrozma
|-damage|p2a: Necrozma|72/100
|
|-heal|p2a: Necrozma|78/100|[from] item: Leftovers
|upkeep
|turn|2
|inactive|weyoubetry has 120 seconds left.
|
|t:|1634089545
|switch|p1a: Klefki|Klefki, F|100/100
|move|p2a: Necrozma|Stealth Rock|p1a: Klefki
|-sidestart|p1: weyoubetry|move: Stealth Rock
|
|-heal|p2a: Necrozma|84/100|[from] item: Leftovers
|upkeep
|turn|3
|
|t:|1634089550
|switch|p2a: Ho-Oh|Ho-Oh|100/100
|move|p1a: Klefki|Defog|p2a: Ho-Oh
|-unboost|p2a: Ho-Oh|evasion|1
|-sideend|p1: weyoubetry|Stealth Rock|[from] move: Defog|[of] p1a: Klefki
|
|upkeep
|turn|4
|
|t:|1634089554
|move|p1a: Klefki|Switcheroo|p2a: Ho-Oh
|-activate|p1a: Klefki|move: Trick|[of] p2a: Ho-Oh
|-item|p2a: Ho-Oh|Iron Ball|[from] move: Switcheroo
|-item|p1a: Klefki|Heavy-Duty Boots|[from] move: Switcheroo
|move|p2a: Ho-Oh|Sacred Fire|p1a: Klefki
|-supereffective|p1a: Klefki
|-damage|p1a: Klefki|0 fnt
|faint|p1a: Klefki
|
|upkeep
|inactive|weyoubetry has 120 seconds left.
|
|t:|1634089570
|switch|p1a: Marshadow|Marshadow|100/100
|turn|5
|
|t:|1634089574
|switch|p2a: Tapu Bulu|Tapu Bulu|100/100
|-fieldstart|move: Grassy Terrain|[from] ability: Grassy Surge|[of] p2a: Tapu Bulu
|move|p1a: Marshadow|Rock Tomb|p2a: Tapu Bulu
|-damage|p2a: Tapu Bulu|69/100
|-unboost|p2a: Tapu Bulu|spe|1
|
|-heal|p2a: Tapu Bulu|75/100|[from] Grassy Terrain
|-heal|p2a: Tapu Bulu|81/100|[from] item: Leftovers
|upkeep
|turn|6
|inactive|weyoubetry has 120 seconds left.
|
|t:|1634089589
|switch|p1a: Shuckle|Shuckle, M|100/100
|switch|p2a: Eternatus|Eternatus|100/100
|-ability|p2a: Eternatus|Pressure
|-item|p2a: Eternatus|Air Balloon
|
|upkeep
|turn|7
|inactive|weyoubetry has 120 seconds left.
|
|t:|1634089595
|move|p2a: Eternatus|Toxic Spikes|p1a: Shuckle
|-sidestart|p1: weyoubetry|move: Toxic Spikes
|move|p1a: Shuckle|Stealth Rock|p2a: Eternatus
|-sidestart|p2: PokeDuels|move: Stealth Rock
|
|upkeep
|turn|8
|
|t:|1634089603
|move|p2a: Eternatus|Toxic Spikes|p1a: Shuckle
|-sidestart|p1: weyoubetry|move: Toxic Spikes
|move|p1a: Shuckle|Final Gambit|p2a: Eternatus
|-damage|p2a: Eternatus|47/100
|-enditem|p2a: Eternatus|Air Balloon
|faint|p1a: Shuckle
|
|-heal|p2a: Eternatus|53/100|[from] Grassy Terrain
|upkeep
|inactive|weyoubetry has 120 seconds left.
|
|t:|1634089619
|switch|p1a: Mewtwo|Mewtwo|100/100
|-ability|p1a: Mewtwo|Unnerve
|-status|p1a: Mewtwo|tox
|turn|9
|
|t:|1634089624
|switch|p2a: Tyranitar|Tyranitar, M|100/100
|-damage|p2a: Tyranitar|88/100|[from] Stealth Rock
|-weather|Sandstorm|[from] ability: Sand Stream|[of] p2a: Tyranitar
|move|p1a: Mewtwo|Drain Punch|p2a: Tyranitar
|-supereffective|p2a: Tyranitar
|-damage|p2a: Tyranitar|30/100
|-damage|p1a: Mewtwo|91/100 tox|[from] item: Life Orb
|
|-weather|Sandstorm|[upkeep]
|-damage|p1a: Mewtwo|84/100 tox|[from] Sandstorm
|-heal|p1a: Mewtwo|91/100 tox|[from] Grassy Terrain
|-heal|p2a: Tyranitar|36/100|[from] Grassy Terrain
|-heal|p2a: Tyranitar|43/100|[from] item: Leftovers
|-damage|p1a: Mewtwo|84/100 tox|[from] psn
|-fieldend|move: Grassy Terrain
|upkeep
|turn|10
|
|t:|1634089637
|move|p1a: Mewtwo|Drain Punch|p2a: Tyranitar
|-supereffective|p2a: Tyranitar
|-damage|p2a: Tyranitar|0 fnt
|-heal|p1a: Mewtwo|100/100 tox|[from] drain|[of] p2a: Tyranitar
|faint|p2a: Tyranitar
|-damage|p1a: Mewtwo|91/100 tox|[from] item: Life Orb
|
|-weather|Sandstorm|[upkeep]
|-damage|p1a: Mewtwo|84/100 tox|[from] Sandstorm
|-damage|p1a: Mewtwo|72/100 tox|[from] psn
|upkeep
|
|t:|1634089641
|switch|p2a: Necrozma|Necrozma-Dusk-Mane|84/100
|-damage|p2a: Necrozma|78/100|[from] Stealth Rock
|turn|11
|
|t:|1634089645
|move|p1a: Mewtwo|Flamethrower|p2a: Necrozma
|-supereffective|p2a: Necrozma
|-damage|p2a: Necrozma|34/100
|-damage|p1a: Mewtwo|62/100 tox|[from] item: Life Orb
|move|p2a: Necrozma|Sunsteel Strike|p1a: Mewtwo
|-damage|p1a: Mewtwo|8/100 tox
|
|-weather|Sandstorm|[upkeep]
|-damage|p1a: Mewtwo|2/100 tox|[from] Sandstorm
|-heal|p2a: Necrozma|40/100|[from] item: Leftovers
|-damage|p1a: Mewtwo|0 fnt|[from] psn
|faint|p1a: Mewtwo
|upkeep
|
|t:|1634089666
|switch|p1a: Marshadow|Marshadow|100/100
|-status|p1a: Marshadow|tox
|turn|12
|
|t:|1634089670
|switch|p2a: Tapu Bulu|Tapu Bulu|81/100
|-damage|p2a: Tapu Bulu|69/100|[from] Stealth Rock
|-fieldstart|move: Grassy Terrain|[from] ability: Grassy Surge|[of] p2a: Tapu Bulu
|move|p1a: Marshadow|Spectral Thief|p2a: Tapu Bulu
|-damage|p2a: Tapu Bulu|20/100
|
|-weather|Sandstorm|[upkeep]
|-damage|p1a: Marshadow|94/100 tox|[from] Sandstorm
|-damage|p2a: Tapu Bulu|14/100|[from] Sandstorm
|-heal|p1a: Marshadow|100/100 tox|[from] Grassy Terrain
|-heal|p2a: Tapu Bulu|20/100|[from] Grassy Terrain
|-heal|p2a: Tapu Bulu|26/100|[from] item: Leftovers
|-damage|p1a: Marshadow|94/100 tox|[from] psn
|upkeep
|turn|13
|
|t:|1634089687
|move|p1a: Marshadow|Spectral Thief|p2a: Tapu Bulu
|-damage|p2a: Tapu Bulu|0 fnt
|faint|p2a: Tapu Bulu
|
|-weather|none
|-heal|p1a: Marshadow|100/100 tox|[from] Grassy Terrain
|-damage|p1a: Marshadow|88/100 tox|[from] psn
|upkeep
|
|t:|1634089691
|switch|p2a: Zygarde|Zygarde|100/100
|-damage|p2a: Zygarde|94/100|[from] Stealth Rock
|turn|14
|
|t:|1634089699
|switch|p1a: Xerneas|Xerneas|100/100
|-status|p1a: Xerneas|tox
|-ability|p1a: Xerneas|Fairy Aura
|move|p2a: Zygarde|Thousand Arrows|p1a: Xerneas
|-damage|p1a: Xerneas|77/100 tox
|
|-heal|p2a: Zygarde|100/100|[from] Grassy Terrain
|-heal|p1a: Xerneas|83/100 tox|[from] Grassy Terrain
|-damage|p1a: Xerneas|77/100 tox|[from] psn
|upkeep
|turn|15
|
|t:|1634089710
|move|p2a: Zygarde|Haze|p2a: Zygarde
|-clearallboost
|move|p1a: Xerneas|Geomancy||[still]
|-prepare|p1a: Xerneas|Geomancy
|-enditem|p1a: Xerneas|Power Herb
|-anim|p1a: Xerneas|Geomancy|p1a: Xerneas
|-boost|p1a: Xerneas|spa|2
|-boost|p1a: Xerneas|spd|2
|-boost|p1a: Xerneas|spe|2
|
|-heal|p1a: Xerneas|83/100 tox|[from] Grassy Terrain
|-damage|p1a: Xerneas|70/100 tox|[from] psn
|upkeep
|turn|16
|-message|PokeDuels forfeited.
|
|win|weyoubetry
|raw|weyoubetry's rating: 1374 &rarr; <strong>1408</strong><br />(+34 for winning)
|raw|PokeDuels's rating: 1662 &rarr; <strong>1628</strong><br />(-34 for losing)
|l|☆PokeDuels
