|raw|<div class="broadcast-blue"><strong>This battle is required to be public due to a player having a name starting with 'ult4pdr'.</div>
|j|☆ULT4PDR 周杰伦Jay
|j|☆ULT4PDR Fc
|t:|1654395254
|gametype|singles
|player|p1|ULT4PDR 周杰伦Jay|dawn|1700
|player|p2|ULT4PDR Fc|#wcop2022canada|1610
|teamsize|p1|6
|teamsize|p2|6
|gen|8
|tier|[Gen 8] Ubers
|rated|
|rule|Sleep Clause Mod: Limit one foe put to sleep
|rule|Species Clause: Limit one of each Pokémon
|rule|OHKO Clause: OHKO moves are banned
|rule|Evasion Moves Clause: Evasion moves are banned
|rule|Endless Battle Clause: Forcing endless battles is banned
|rule|HP Percentage Mod: HP is shown in percentages
|rule|Dynamax Clause: You cannot dynamax
|clearpoke
|poke|p1|Zekrom|
|poke|p1|Necrozma-Dusk-Mane|
|poke|p1|Yveltal|
|poke|p1|Eternatus|
|poke|p1|Lunala|
|poke|p1|Kyogre|
|poke|p2|Kyogre|
|poke|p2|Necrozma-Dusk-Mane|
|poke|p2|Zygarde|
|poke|p2|Yveltal|
|poke|p2|Ditto|
|poke|p2|Eternatus|
|teampreview
|inactive|Battle timer is ON: inactive players will automatically lose when time's up. (requested by ULT4PDR 周杰伦Jay)
|j| Call Me Plan B
|inactive|ULT4PDR 周杰伦Jay has 120 seconds left.
|
|t:|1654395293
|start
|switch|p1a: Kyogre|Kyogre|100/100
|switch|p2a: Eternatus|Eternatus|100/100
|-ability|p2a: Eternatus|Pressure
|-weather|RainDance|[from] ability: Drizzle|[of] p1a: Kyogre
|turn|1
|
|t:|1654395299
|switch|p1a: Necrozma|Necrozma-Dusk-Mane|100/100
|move|p2a: Eternatus|Toxic|p1a: Necrozma
|-immune|p1a: Necrozma
|
|-weather|RainDance|[upkeep]
|upkeep
|turn|2
|
|t:|1654395303
|switch|p2a: Necrozma|Necrozma-Dusk-Mane|100/100
|move|p1a: Necrozma|Stealth Rock|p2a: Necrozma
|-sidestart|p2: ULT4PDR Fc|move: Stealth Rock
|
|-weather|RainDance|[upkeep]
|upkeep
|turn|3
|
|t:|1654395306
|switch|p1a: Kyogre|Kyogre|100/100
|move|p2a: Necrozma|Stealth Rock|p1a: Kyogre
|-sidestart|p1: ULT4PDR 周杰伦Jay|move: Stealth Rock
|
|-weather|RainDance|[upkeep]
|upkeep
|turn|4
|
|t:|1654395317
|switch|p2a: Eternatus|Eternatus|100/100
|-damage|p2a: Eternatus|88/100|[from] Stealth Rock
|-ability|p2a: Eternatus|Pressure
|move|p1a: Kyogre|Water Spout|p2a: Eternatus
|-resisted|p2a: Eternatus
|-damage|p2a: Eternatus|19/100
|-enditem|p2a: Eternatus|Sitrus Berry|[eat]
|-heal|p2a: Eternatus|44/100|[from] item: Sitrus Berry
|
|-weather|RainDance|[upkeep]
|upkeep
|turn|5
|
|t:|1654395335
|switch|p1a: Necrozma|Necrozma-Dusk-Mane|100/100
|-damage|p1a: Necrozma|94/100|[from] Stealth Rock
|move|p2a: Eternatus|Dynamax Cannon|p1a: Necrozma
|-resisted|p1a: Necrozma
|-damage|p1a: Necrozma|79/100
|
|-weather|none
|-heal|p1a: Necrozma|85/100|[from] item: Leftovers
|upkeep
|turn|6
|
|t:|1654395341
|switch|p1a: Lunala|Lunala|100/100
|move|p2a: Eternatus|Recover|p2a: Eternatus
|-heal|p2a: Eternatus|94/100
|
|upkeep
|turn|7
|
|t:|1654395345
|switch|p1a: Necrozma|Necrozma-Dusk-Mane|85/100
|-damage|p1a: Necrozma|79/100|[from] Stealth Rock
|move|p2a: Eternatus|Toxic|p1a: Necrozma
|-immune|p1a: Necrozma
|
|-heal|p1a: Necrozma|85/100|[from] item: Leftovers
|upkeep
|turn|8
|
|t:|1654395352
|switch|p2a: Zygarde|Zygarde|100/100
|-damage|p2a: Zygarde|94/100|[from] Stealth Rock
|switch|p1a: Lunala|Lunala|100/100
|
|-heal|p2a: Zygarde|100/100|[from] item: Leftovers
|upkeep
|turn|9
|
|t:|1654395356
|switch|p2a: Yveltal|Yveltal|100/100
|-ability|p2a: Yveltal|Dark Aura
|move|p1a: Lunala|Will-O-Wisp|p2a: Yveltal
|-status|p2a: Yveltal|brn
|
|-damage|p2a: Yveltal|94/100 brn|[from] brn
|upkeep
|turn|10
|inactive|ULT4PDR 周杰伦Jay has 120 seconds left.
|
|t:|1654395386
|switch|p1a: Yveltal|Yveltal|100/100
|-ability|p1a: Yveltal|Dark Aura
|move|p2a: Yveltal|Knock Off|p1a: Yveltal
|-resisted|p1a: Yveltal
|-damage|p1a: Yveltal|91/100
|-enditem|p1a: Yveltal|Heavy-Duty Boots|[from] move: Knock Off|[of] p2a: Yveltal
|
|-damage|p2a: Yveltal|88/100 brn|[from] brn
|upkeep
|turn|11
|j| ULT4PDR gostop
|inactive|ULT4PDR Fc has 120 seconds left.
|
|t:|1654395422
|move|p2a: Yveltal|U-turn|p1a: Yveltal
|-damage|p1a: Yveltal|84/100
|
|t:|1654395423
|switch|p2a: Eternatus|Eternatus|94/100|[from]move: U-turn
|-damage|p2a: Eternatus|82/100|[from] Stealth Rock
|-ability|p2a: Eternatus|Pressure
|move|p1a: Yveltal|Defog|p2a: Eternatus
|-unboost|p2a: Eternatus|evasion|1
|-sideend|p2: ULT4PDR Fc|Stealth Rock|[from] move: Defog|[of] p1a: Yveltal
|-sideend|p1: ULT4PDR 周杰伦Jay|Stealth Rock|[from] move: Defog|[of] p1a: Yveltal
|
|upkeep
|turn|12
|
|t:|1654395427
|switch|p1a: Necrozma|Necrozma-Dusk-Mane|85/100
|move|p2a: Eternatus|Mystical Fire|p1a: Necrozma
|-supereffective|p1a: Necrozma
|-damage|p1a: Necrozma|63/100
|-unboost|p1a: Necrozma|spa|1
|
|-heal|p1a: Necrozma|69/100|[from] item: Leftovers
|upkeep
|turn|13
|
|t:|1654395432
|switch|p2a: Zygarde|Zygarde|100/100
|move|p1a: Necrozma|Stealth Rock|p2a: Zygarde
|-sidestart|p2: ULT4PDR Fc|move: Stealth Rock
|
|-heal|p1a: Necrozma|75/100|[from] item: Leftovers
|upkeep
|turn|14
|
|t:|1654395435
|switch|p1a: Lunala|Lunala|100/100
|move|p2a: Zygarde|Substitute|p2a: Zygarde
|-start|p2a: Zygarde|Substitute
|-damage|p2a: Zygarde|76/100
|
|-heal|p2a: Zygarde|82/100|[from] item: Leftovers
|upkeep
|turn|15
|
|t:|1654395455
|move|p1a: Lunala|Ice Beam|p2a: Zygarde
|-supereffective|p2a: Zygarde
|-end|p2a: Zygarde|Substitute
|move|p2a: Zygarde|Dragon Tail|p1a: Lunala
|-damage|p1a: Lunala|90/100
|drag|p1a: Eternatus|Eternatus|100/100
|-ability|p1a: Eternatus|Pressure
|
|-heal|p2a: Zygarde|88/100|[from] item: Leftovers
|upkeep
|turn|16
|
|t:|1654395465
|switch|p1a: Kyogre|Kyogre|100/100
|-weather|RainDance|[from] ability: Drizzle|[of] p1a: Kyogre
|switch|p2a: Necrozma|Necrozma-Dusk-Mane|100/100
|-damage|p2a: Necrozma|94/100|[from] Stealth Rock
|
|-weather|RainDance|[upkeep]
|-heal|p2a: Necrozma|100/100|[from] item: Leftovers
|upkeep
|turn|17
|
|t:|1654395481
|switch|p2a: Eternatus|Eternatus|82/100
|-damage|p2a: Eternatus|69/100|[from] Stealth Rock
|-ability|p2a: Eternatus|Pressure
|move|p1a: Kyogre|Water Spout|p2a: Eternatus
|-resisted|p2a: Eternatus
|-damage|p2a: Eternatus|0 fnt
|faint|p2a: Eternatus
|
|-weather|RainDance|[upkeep]
|upkeep
|
|t:|1654395486
|switch|p2a: Kyogre|Kyogre|100/100
|-damage|p2a: Kyogre|88/100|[from] Stealth Rock
|turn|18
|
|t:|1654395507
|move|p1a: Kyogre|Water Spout|p2a: Kyogre
|-resisted|p2a: Kyogre
|-damage|p2a: Kyogre|20/100
|move|p2a: Kyogre|Scald|p1a: Kyogre
|-resisted|p1a: Kyogre
|-damage|p1a: Kyogre|77/100
|-status|p1a: Kyogre|brn
|
|-weather|RainDance|[upkeep]
|-heal|p2a: Kyogre|26/100|[from] item: Leftovers
|-damage|p1a: Kyogre|71/100 brn|[from] brn
|upkeep
|turn|19
|
|t:|1654395515
|move|p1a: Kyogre|Water Spout|p2a: Kyogre
|-resisted|p2a: Kyogre
|-damage|p2a: Kyogre|0 fnt
|faint|p2a: Kyogre
|
|-weather|RainDance|[upkeep]
|-damage|p1a: Kyogre|64/100 brn|[from] brn
|upkeep
|
|t:|1654395520
|switch|p2a: Yveltal|Yveltal|88/100 brn
|-ability|p2a: Yveltal|Dark Aura
|turn|20
|
|t:|1654395530
|switch|p1a: Yveltal|Yveltal|84/100
|-ability|p1a: Yveltal|Dark Aura
|move|p2a: Yveltal|U-turn|p1a: Yveltal
|-damage|p1a: Yveltal|77/100
|
|t:|1654395532
|switch|p2a: Zygarde|Zygarde|88/100|[from]move: U-turn
|-damage|p2a: Zygarde|82/100|[from] Stealth Rock
|
|-weather|none
|-heal|p2a: Zygarde|88/100|[from] item: Leftovers
|upkeep
|turn|21
|
|t:|1654395536
|move|p2a: Zygarde|Substitute|p2a: Zygarde
|-start|p2a: Zygarde|Substitute
|-damage|p2a: Zygarde|63/100
|move|p1a: Yveltal|Knock Off|p2a: Zygarde
|-end|p2a: Zygarde|Substitute
|
|-heal|p2a: Zygarde|69/100|[from] item: Leftovers
|upkeep
|turn|22
|
|t:|1654395543
|move|p2a: Zygarde|Substitute|p2a: Zygarde
|-start|p2a: Zygarde|Substitute
|-damage|p2a: Zygarde|44/100
|move|p1a: Yveltal|Knock Off|p2a: Zygarde
|-end|p2a: Zygarde|Substitute
|
|-heal|p2a: Zygarde|50/100|[from] item: Leftovers
|-activate|p2a: Zygarde|ability: Power Construct
|detailschange|p2a: Zygarde|Zygarde-Complete
|-heal|p2a: Zygarde|69/100|[silent]
|upkeep
|turn|23
|j| lkzdax
|
|t:|1654395545
|move|p2a: Zygarde|Substitute|p2a: Zygarde
|-start|p2a: Zygarde|Substitute
|-damage|p2a: Zygarde|44/100
|move|p1a: Yveltal|Knock Off|p2a: Zygarde
|-end|p2a: Zygarde|Substitute
|
|-heal|p2a: Zygarde|50/100|[from] item: Leftovers
|upkeep
|turn|24
|
|t:|1654395548
|move|p2a: Zygarde|Substitute|p2a: Zygarde
|-start|p2a: Zygarde|Substitute
|-damage|p2a: Zygarde|25/100
|move|p1a: Yveltal|Knock Off|p2a: Zygarde
|-end|p2a: Zygarde|Substitute
|
|-heal|p2a: Zygarde|32/100|[from] item: Leftovers
|upkeep
|turn|25
|
|t:|1654395552
|move|p2a: Zygarde|Dragon Dance|p2a: Zygarde
|-boost|p2a: Zygarde|atk|1
|-boost|p2a: Zygarde|spe|1
|move|p1a: Yveltal|Knock Off|p2a: Zygarde
|-damage|p2a: Zygarde|6/100
|-enditem|p2a: Zygarde|Leftovers|[from] move: Knock Off|[of] p1a: Yveltal
|
|upkeep
|turn|26
|
|t:|1654395556
|move|p1a: Yveltal|Sucker Punch|p2a: Zygarde
|-damage|p2a: Zygarde|0 fnt
|faint|p2a: Zygarde
|
|upkeep
|-message|ULT4PDR Fc forfeited.
|
|win|ULT4PDR 周杰伦Jay
|raw|ULT4PDR 周杰伦Jay's rating: 1700 &rarr; <strong>1715</strong><br />(+15 for winning)
|raw|ULT4PDR Fc's rating: 1620 &rarr; <strong>1605</strong><br />(-15 for losing)
|l|☆ULT4PDR Fc
|l| Call Me Plan B
|l| ULT4PDR gostop
||Ladder isn't responding, score probably updated but might not have (Request timeout).
|l|☆ULT4PDR 周杰伦Jay
