|j|☆youssef4871
|j|☆nihaowohenkeai
|t:|1595590780
|player|p1|youssef4871|bruno|1385
|player|p2|nihaowohenkeai|kimonogirl|1443
|teamsize|p1|6
|teamsize|p2|6
|gametype|singles
|gen|8
|tier|[Gen 8] Ubers
|rated|
|clearpoke
|poke|p1|Zacian-Crowned|
|poke|p1|Lunala|
|poke|p1|Tyranitar, F|
|poke|p1|Toxapex, F|
|poke|p1|Corviknight, M|
|poke|p1|Necrozma-Dusk-Mane|
|poke|p2|Hydreigon, F|
|poke|p2|Zacian-Crowned|
|poke|p2|Kyurem-Black|
|poke|p2|Quagsire, F|
|poke|p2|Excadrill, M|
|poke|p2|Hippowdon, M|
|rule|Sleep Clause Mod: Limit one foe put to sleep
|rule|Species Clause: Limit one of each Pokémon
|rule|OHKO Clause: OHKO moves are banned
|rule|Evasion Moves Clause: Evasion moves are banned
|rule|Endless Battle Clause: Forcing endless battles is banned
|rule|HP Percentage Mod: HP is shown in percentages
|html|Ubers Dynamax Clause: Pokémon on the <a href="https://www.smogon.com/dex/ss/formats/uber/">Ubers Dynamax Banlist</a> cannot Dynamax.
|teampreview
|
|t:|1595590795
|start
|switch|p1a: Lunala|Lunala|100/100
|switch|p2a: Hydreigon|Hydreigon, F|100/100
|turn|1
|
|t:|1595590801
|move|p1a: Lunala|Moonblast|p2a: Hydreigon
|-supereffective|p2a: Hydreigon
|-damage|p2a: Hydreigon|0 fnt
|faint|p2a: Hydreigon
|
|upkeep
|
|t:|1595590806
|switch|p2a: Zacian|Zacian-Crowned|100/100
|-ability|p2a: Zacian|Intrepid Sword|boost
|-boost|p2a: Zacian|atk|1
|turn|2
|
|t:|1595590811
|switch|p1a: Corviknight|Corviknight, M|100/100
|-ability|p1a: Corviknight|Pressure
|move|p2a: Zacian|Close Combat|p1a: Corviknight
|-damage|p1a: Corviknight|52/100
|-unboost|p2a: Zacian|def|1
|-unboost|p2a: Zacian|spd|1
|-damage|p2a: Zacian|84/100|[from] item: Rocky Helmet|[of] p1a: Corviknight
|
|upkeep
|turn|3
|
|t:|1595590820
|move|p2a: Zacian|Wild Charge|p1a: Corviknight
|-supereffective|p1a: Corviknight
|-damage|p1a: Corviknight|0 fnt
|-damage|p2a: Zacian|67/100|[from] item: Rocky Helmet|[of] p1a: Corviknight
|-damage|p2a: Zacian|52/100|[from] Recoil
|faint|p1a: Corviknight
|
|upkeep
|
|t:|1595590827
|switch|p1a: Lunala|Lunala|100/100
|turn|4
|j| kobitz
|
|t:|1595590838
|switch|p2a: Kyurem|Kyurem-Black|100/100
|-ability|p2a: Kyurem|Teravolt
|move|p1a: Lunala|Moongeist Beam|p2a: Kyurem
|-damage|p2a: Kyurem|48/100
|
|upkeep
|turn|5
|
|t:|1595590845
|-start|p2a: Kyurem|Dynamax
|-heal|p2a: Kyurem|48/100|[silent]
|move|p1a: Lunala|Moongeist Beam|p2a: Kyurem
|-damage|p2a: Kyurem|24/100
|move|p2a: Kyurem|Max Phantasm|p1a: Lunala
|-supereffective|p1a: Lunala
|-damage|p1a: Lunala|0 fnt
|-damage|p2a: Kyurem|19/100|[from] item: Life Orb
|faint|p1a: Lunala
|
|upkeep
|
|t:|1595590858
|switch|p1a: Zacian|Zacian-Crowned|100/100
|-ability|p1a: Zacian|Intrepid Sword|boost
|-boost|p1a: Zacian|atk|1
|turn|6
|
|t:|1595590864
|move|p1a: Zacian|Behemoth Blade|p2a: Kyurem
|-supereffective|p2a: Kyurem
|-damage|p2a: Kyurem|0 fnt
|faint|p2a: Kyurem
|
|upkeep
|
|t:|1595590866
|switch|p2a: Hippowdon|Hippowdon, M|100/100
|-weather|Sandstorm|[from] ability: Sand Stream|[of] p2a: Hippowdon
|turn|7
|
|t:|1595590884
|move|p1a: Zacian|Behemoth Blade|p2a: Hippowdon
|-damage|p2a: Hippowdon|51/100
|move|p2a: Hippowdon|Earthquake|p1a: Zacian
|-supereffective|p1a: Zacian
|-damage|p1a: Zacian|32/100
|
|-weather|Sandstorm|[upkeep]
|upkeep
|turn|8
|
|t:|1595590896
|switch|p1a: Toxapex|Toxapex, F|100/100
|move|p2a: Hippowdon|Earthquake|p1a: Toxapex
|-supereffective|p1a: Toxapex
|-damage|p1a: Toxapex|58/100
|
|-weather|Sandstorm|[upkeep]
|-damage|p1a: Toxapex|52/100|[from] Sandstorm
|upkeep
|turn|9
|inactive|Battle timer is ON: inactive players will automatically lose when time's up. (requested by nihaowohenkeai)
|
|t:|1595590903
|switch|p2a: Excadrill|Excadrill, M|100/100
|move|p1a: Toxapex|Toxic Spikes|p2a: Excadrill
|-sidestart|p2: nihaowohenkeai|move: Toxic Spikes
|
|-weather|Sandstorm|[upkeep]
|-damage|p1a: Toxapex|46/100|[from] Sandstorm
|upkeep
|turn|10
|
|t:|1595590910
|-start|p1a: Toxapex|Dynamax
|-heal|p1a: Toxapex|46/100|[silent]
|move|p2a: Excadrill|Swords Dance|p2a: Excadrill
|-boost|p2a: Excadrill|atk|2
|move|p1a: Toxapex|Max Geyser|p2a: Excadrill
|-supereffective|p2a: Excadrill
|-damage|p2a: Excadrill|27/100
|-weather|RainDance
|
|-weather|RainDance|[upkeep]
|upkeep
|turn|11
|
|t:|1595590925
|move|p2a: Excadrill|Earthquake|p1a: Toxapex
|-supereffective|p1a: Toxapex
|-damage|p1a: Toxapex|0 fnt
|-damage|p2a: Excadrill|17/100|[from] item: Life Orb
|faint|p1a: Toxapex
|
|-weather|RainDance|[upkeep]
|upkeep
|
|t:|1595590935
|switch|p1a: Zacian|Zacian-Crowned|32/100
|-ability|p1a: Zacian|Intrepid Sword|boost
|-boost|p1a: Zacian|atk|1
|turn|12
|
|t:|1595590941
|switch|p2a: Hippowdon|Hippowdon, M|51/100
|-status|p2a: Hippowdon|psn
|-weather|Sandstorm|[from] ability: Sand Stream|[of] p2a: Hippowdon
|move|p1a: Zacian|Behemoth Blade|p2a: Hippowdon
|-damage|p2a: Hippowdon|0 fnt
|faint|p2a: Hippowdon
|
|-weather|Sandstorm|[upkeep]
|upkeep
|
|t:|1595590947
|switch|p2a: Excadrill|Excadrill, M|17/100
|turn|13
|
|t:|1595590953
|move|p2a: Excadrill|Earthquake|p1a: Zacian
|-supereffective|p1a: Zacian
|-damage|p1a: Zacian|0 fnt
|-damage|p2a: Excadrill|7/100|[from] item: Life Orb
|faint|p1a: Zacian
|
|-weather|Sandstorm|[upkeep]
|upkeep
|
|t:|1595590960
|switch|p1a: Tyranitar|Tyranitar, F|100/100
|turn|14
|
|t:|1595590965
|switch|p2a: Zacian|Zacian-Crowned|52/100
|-ability|p2a: Zacian|Intrepid Sword|boost
|-boost|p2a: Zacian|atk|1
|move|p1a: Tyranitar|Stealth Rock|p2a: Zacian
|-sidestart|p2: nihaowohenkeai|move: Stealth Rock
|
|-weather|Sandstorm|[upkeep]
|upkeep
|turn|15
|
|t:|1595590972
|move|p2a: Zacian|Close Combat|p1a: Tyranitar
|-supereffective|p1a: Tyranitar
|-damage|p1a: Tyranitar|0 fnt
|-unboost|p2a: Zacian|def|1
|-unboost|p2a: Zacian|spd|1
|faint|p1a: Tyranitar
|
|-weather|Sandstorm|[upkeep]
|upkeep
|
|t:|1595590978
|switch|p1a: Necrozma|Necrozma-Dusk-Mane|100/100
|turn|16
|
|t:|1595590981
|move|p2a: Zacian|Close Combat|p1a: Necrozma
|-crit|p1a: Necrozma
|-damage|p1a: Necrozma|4/100
|-unboost|p2a: Zacian|def|1
|-unboost|p2a: Zacian|spd|1
|move|p1a: Necrozma|Rock Polish|p1a: Necrozma
|-boost|p1a: Necrozma|spe|2
|
|-weather|Sandstorm|[upkeep]
|upkeep
|turn|17
|
|t:|1595590989
|move|p1a: Necrozma|Earthquake|p2a: Zacian
|-supereffective|p2a: Zacian
|-damage|p2a: Zacian|0 fnt
|faint|p2a: Zacian
|
|-weather|Sandstorm|[upkeep]
|upkeep
|
|t:|1595590991
|switch|p2a: Excadrill|Excadrill, M|7/100
|-damage|p2a: Excadrill|4/100|[from] Stealth Rock
|turn|18
|
|t:|1595590999
|move|p2a: Excadrill|Earthquake|p1a: Necrozma
|-supereffective|p1a: Necrozma
|-damage|p1a: Necrozma|0 fnt
|-damage|p2a: Excadrill|0 fnt|[from] item: Life Orb
|faint|p1a: Necrozma
|faint|p2a: Excadrill
|
|win|nihaowohenkeai
|l|☆youssef4871
|raw|youssef4871's rating: 1385 &rarr; <strong>1369</strong><br />(-16 for losing)
|raw|nihaowohenkeai's rating: 1443 &rarr; <strong>1460</strong><br />(+17 for winning)
|l| kobitz
