|j|☆HTezcat04
|j|☆rayleth
|player|p1|HTezcat04|plasmagrunt-gen5bw|1526
|player|p2|rayleth|1|1269
|teamsize|p1|6
|teamsize|p2|6
|gametype|singles
|gen|8
|tier|[Gen 8] Ubers
|rated|
|clearpoke
|poke|p1|Necrozma-Dusk-Mane|
|poke|p1|Marshadow|
|poke|p1|Zekrom|
|poke|p1|Ditto|
|poke|p1|Zacian-Crowned|
|poke|p1|Tyranitar, F|
|poke|p2|Zamazenta|
|poke|p2|Dragapult, M|
|poke|p2|Ferrothorn, M|
|poke|p2|Eternatus|
|poke|p2|Zeraora|
|poke|p2|Zacian-Crowned|
|rule|Sleep Clause Mod: Limit one foe put to sleep
|rule|Species Clause: Limit one of each Pokémon
|rule|OHKO Clause: OHKO moves are banned
|rule|Evasion Moves Clause: Evasion moves are banned
|rule|Endless Battle Clause: Forcing endless battles is banned
|rule|HP Percentage Mod: HP is shown in percentages
|html|Ubers Dynamax Clause: Pokémon on the <a href="https://www.smogon.com/dex/ss/formats/uber/">Ubers Dynamax Banlist</a> cannot Dynamax.
|teampreview
|inactive|Battle timer is ON: inactive players will automatically lose when time's up. (requested by HTezcat04)
|
|start
|switch|p1a: Er mehó|Zekrom|100/100
|switch|p2a: Izuku|Zeraora|100/100
|-ability|p1a: Er mehó|Teravolt
|turn|1
|
|-start|p2a: Izuku|Dynamax
|-heal|p2a: Izuku|100/100|[silent]
|move|p2a: Izuku|Max Starfall|p1a: Er mehó
|-supereffective|p1a: Er mehó
|-damage|p1a: Er mehó|14/100
|-fieldstart|move: Misty Terrain
|-damage|p2a: Izuku|96/100|[from] item: Life Orb
|move|p1a: Er mehó|Substitute|p1a: Er mehó
|-fail|p1a: Er mehó|move: Substitute|[weak]
|
|-heal|p1a: Er mehó|20/100|[from] item: Leftovers
|upkeep
|turn|2
|
|switch|p1a: Juan Ramírez|Necrozma-Dusk-Mane|100/100
|move|p2a: Izuku|Max Knuckle|p1a: Juan Ramírez
|-damage|p1a: Juan Ramírez|82/100
|-boost|p2a: Izuku|atk|1
|-damage|p2a: Izuku|91/100|[from] item: Life Orb
|
|upkeep
|turn|3
|
|move|p2a: Izuku|Max Lightning|p1a: Juan Ramírez
|-damage|p1a: Juan Ramírez|15/100
|-fieldstart|move: Electric Terrain
|-damage|p2a: Izuku|86/100|[from] item: Life Orb
|move|p1a: Juan Ramírez|Dragon Dance|p1a: Juan Ramírez
|-boost|p1a: Juan Ramírez|atk|1
|-boost|p1a: Juan Ramírez|spe|1
|
|-end|p2a: Izuku|Dynamax
|-heal|p2a: Izuku|86/100|[silent]
|upkeep
|turn|4
|
|move|p2a: Izuku|Plasma Fists|p1a: Juan Ramírez
|-damage|p1a: Juan Ramírez|0 fnt
|-fieldactivate|move: Ion Deluge
|-damage|p2a: Izuku|76/100|[from] item: Life Orb
|faint|p1a: Juan Ramírez
|
|upkeep
|
|switch|p1a: Antonio Sánchez|Ditto|100/100
|-transform|p1a: Antonio Sánchez|p2a: Izuku|[from] ability: Imposter
|turn|5
|
|move|p1a: Antonio Sánchez|Close Combat|p2a: Izuku
|-damage|p2a: Izuku|0 fnt
|-unboost|p1a: Antonio Sánchez|def|1
|-unboost|p1a: Antonio Sánchez|spd|1
|faint|p2a: Izuku
|
|upkeep
|
|switch|p2a: Sans|Eternatus|100/100
|-ability|p2a: Sans|Pressure
|turn|6
|
|switch|p1a: Manolo Pérez|Tyranitar, F|100/100
|-weather|Sandstorm|[from] ability: Sand Stream|[of] p1a: Manolo Pérez
|move|p2a: Sans|Dynamax Cannon|p1a: Manolo Pérez
|-damage|p1a: Manolo Pérez|77/100
|
|-weather|Sandstorm|[upkeep]
|-damage|p2a: Sans|94/100|[from] Sandstorm
|upkeep
|turn|7
|
|switch|p2a: Zamazenta|Zamazenta|100/100
|-ability|p2a: Zamazenta|Dauntless Shield|boost
|-boost|p2a: Zamazenta|def|1
|move|p1a: Manolo Pérez|Stealth Rock|p2a: Zamazenta
|-sidestart|p2: rayleth|move: Stealth Rock
|
|-weather|Sandstorm|[upkeep]
|-damage|p2a: Zamazenta|94/100|[from] Sandstorm
|-fieldend|move: Electric Terrain
|upkeep
|turn|8
|
|switch|p1a: Antonio Sánchez|Ditto|100/100
|-transform|p1a: Antonio Sánchez|p2a: Zamazenta|[from] ability: Imposter
|-ability|p1a: Antonio Sánchez|Dauntless Shield|boost
|-boost|p1a: Antonio Sánchez|def|1
|move|p2a: Zamazenta|Crunch|p1a: Antonio Sánchez
|-resisted|p1a: Antonio Sánchez
|-damage|p1a: Antonio Sánchez|91/100
|-damage|p2a: Zamazenta|84/100|[from] item: Life Orb
|
|-weather|Sandstorm|[upkeep]
|-damage|p1a: Antonio Sánchez|85/100|[from] Sandstorm
|-damage|p2a: Zamazenta|78/100|[from] Sandstorm
|upkeep
|turn|9
|
|switch|p2a: Northrop|Dragapult, M, shiny|100/100
|-damage|p2a: Northrop|88/100|[from] Stealth Rock
|move|p1a: Antonio Sánchez|Close Combat|p2a: Northrop
|-immune|p2a: Northrop
|
|-weather|Sandstorm|[upkeep]
|-damage|p1a: Antonio Sánchez|79/100|[from] Sandstorm
|-damage|p2a: Northrop|82/100|[from] Sandstorm
|upkeep
|turn|10
|
|switch|p1a: Er mehó|Zekrom|20/100
|-ability|p1a: Er mehó|Teravolt
|move|p2a: Northrop|Dragon Dance|p2a: Northrop
|-boost|p2a: Northrop|atk|1
|-boost|p2a: Northrop|spe|1
|
|-weather|none
|-heal|p1a: Er mehó|26/100|[from] item: Leftovers
|upkeep
|turn|11
|
|move|p2a: Northrop|Dragon Darts|p1a: Er mehó
|-supereffective|p1a: Er mehó
|-damage|p1a: Er mehó|0 fnt
|faint|p1a: Er mehó
|
|upkeep
|
|switch|p1a: Antonio Sánchez|Ditto|79/100
|-transform|p1a: Antonio Sánchez|p2a: Northrop|[from] ability: Imposter
|turn|12
|
|switch|p2a: Byleth|Zacian-Crowned|100/100
|-damage|p2a: Byleth|94/100|[from] Stealth Rock
|-ability|p2a: Byleth|Intrepid Sword|boost
|-boost|p2a: Byleth|atk|1
|move|p1a: Antonio Sánchez|Phantom Force||[still]
|-prepare|p1a: Antonio Sánchez|Phantom Force|p2a: Byleth
|
|upkeep
|turn|13
|
|move|p1a: Antonio Sánchez|Phantom Force|p2a: Byleth|[from]lockedmove
|-damage|p2a: Byleth|29/100
|move|p2a: Byleth|Play Rough|p1a: Antonio Sánchez
|-supereffective|p1a: Antonio Sánchez
|-damage|p1a: Antonio Sánchez|0 fnt
|faint|p1a: Antonio Sánchez
|
|upkeep
|
|switch|p1a: Javier Sarda|Marshadow|100/100
|turn|14
|
|switch|p2a: Clockever|Ferrothorn, M|100/100
|-damage|p2a: Clockever|94/100|[from] Stealth Rock
|move|p1a: Javier Sarda|Shadow Sneak|p2a: Clockever
|-damage|p2a: Clockever|72/100
|-damage|p1a: Javier Sarda|88/100|[from] ability: Iron Barbs|[of] p2a: Clockever
|-damage|p1a: Javier Sarda|78/100|[from] item: Life Orb
|
|-heal|p2a: Clockever|78/100|[from] item: Leftovers
|upkeep
|turn|15
|
|switch|p2a: Northrop|Dragapult, M, shiny|82/100
|-damage|p2a: Northrop|70/100|[from] Stealth Rock
|move|p1a: Javier Sarda|Bulk Up|p1a: Javier Sarda
|-boost|p1a: Javier Sarda|atk|1
|-boost|p1a: Javier Sarda|def|1
|
|upkeep
|turn|16
|
|move|p1a: Javier Sarda|Shadow Sneak|p2a: Northrop
|-supereffective|p2a: Northrop
|-damage|p2a: Northrop|0 fnt
|-damage|p1a: Javier Sarda|68/100|[from] item: Life Orb
|faint|p2a: Northrop
|
|upkeep
|
|switch|p2a: Sans|Eternatus|94/100
|-damage|p2a: Sans|82/100|[from] Stealth Rock
|-ability|p2a: Sans|Pressure
|turn|17
|
|switch|p1a: Manolo Pérez|Tyranitar, F|77/100
|-weather|Sandstorm|[from] ability: Sand Stream|[of] p1a: Manolo Pérez
|move|p2a: Sans|Shadow Ball|p1a: Manolo Pérez
|-resisted|p1a: Manolo Pérez
|-damage|p1a: Manolo Pérez|71/100
|
|-weather|Sandstorm|[upkeep]
|-damage|p2a: Sans|76/100|[from] Sandstorm
|upkeep
|turn|18
|
|switch|p2a: Zamazenta|Zamazenta|78/100
|-damage|p2a: Zamazenta|72/100|[from] Stealth Rock
|-ability|p2a: Zamazenta|Dauntless Shield|boost
|-boost|p2a: Zamazenta|def|1
|-start|p1a: Manolo Pérez|Dynamax
|-heal|p1a: Manolo Pérez|71/100|[silent]
|move|p1a: Manolo Pérez|Max Quake|p2a: Zamazenta
|-damage|p2a: Zamazenta|48/100
|-boost|p1a: Manolo Pérez|spd|1
|
|-weather|Sandstorm|[upkeep]
|-damage|p2a: Zamazenta|42/100|[from] Sandstorm
|upkeep
|turn|19
|
|move|p2a: Zamazenta|Close Combat|p1a: Manolo Pérez
|-supereffective|p1a: Manolo Pérez
|-enditem|p1a: Manolo Pérez|Chople Berry|[eat]
|-enditem|p1a: Manolo Pérez|Chople Berry|[weaken]
|-damage|p1a: Manolo Pérez|7/100
|-unboost|p2a: Zamazenta|def|1
|-unboost|p2a: Zamazenta|spd|1
|-damage|p2a: Zamazenta|32/100|[from] item: Life Orb
|move|p1a: Manolo Pérez|Max Quake|p2a: Zamazenta
|-damage|p2a: Zamazenta|0 fnt
|-boost|p1a: Manolo Pérez|spd|1
|faint|p2a: Zamazenta
|
|-weather|Sandstorm|[upkeep]
|upkeep
|inactive|rayleth has 120 seconds left.
|
|switch|p2a: Byleth|Zacian-Crowned|29/100
|-damage|p2a: Byleth|22/100|[from] Stealth Rock
|-ability|p2a: Byleth|Intrepid Sword|boost
|-boost|p2a: Byleth|atk|1
|turn|20
|
|move|p2a: Byleth|Behemoth Blade|p1a: Manolo Pérez
|-supereffective|p1a: Manolo Pérez
|-damage|p1a: Manolo Pérez|0 fnt
|faint|p1a: Manolo Pérez
|
|-weather|Sandstorm|[upkeep]
|upkeep
|
|switch|p1a: Javier Sarda|Marshadow|68/100
|turn|21
|
|move|p1a: Javier Sarda|Shadow Sneak|p2a: Byleth
|-damage|p2a: Byleth|0 fnt
|-damage|p1a: Javier Sarda|58/100|[from] item: Life Orb
|faint|p2a: Byleth
|
|-weather|none
|upkeep
|
|switch|p2a: Sans|Eternatus|76/100
|-damage|p2a: Sans|64/100|[from] Stealth Rock
|-ability|p2a: Sans|Pressure
|turn|22
|
|switch|p1a: Illoilloillo|Zacian-Crowned|100/100
|-ability|p1a: Illoilloillo|Intrepid Sword|boost
|-boost|p1a: Illoilloillo|atk|1
|move|p2a: Sans|Shadow Ball|p1a: Illoilloillo
|-damage|p1a: Illoilloillo|71/100
|-unboost|p1a: Illoilloillo|spd|1
|
|upkeep
|turn|23
|
|switch|p2a: Clockever|Ferrothorn, M|78/100
|-damage|p2a: Clockever|72/100|[from] Stealth Rock
|move|p1a: Illoilloillo|Behemoth Blade|p2a: Clockever
|-resisted|p2a: Clockever
|-damage|p2a: Clockever|42/100
|-damage|p1a: Illoilloillo|59/100|[from] ability: Iron Barbs|[of] p2a: Clockever
|
|-heal|p2a: Clockever|48/100|[from] item: Leftovers
|upkeep
|turn|24
|
|move|p1a: Illoilloillo|Close Combat|p2a: Clockever
|-supereffective|p2a: Clockever
|-damage|p2a: Clockever|0 fnt
|-unboost|p1a: Illoilloillo|def|1
|-unboost|p1a: Illoilloillo|spd|1
|-damage|p1a: Illoilloillo|47/100|[from] ability: Iron Barbs|[of] p2a: Clockever
|faint|p2a: Clockever
|
|upkeep
|
|switch|p2a: Sans|Eternatus|64/100
|-damage|p2a: Sans|51/100|[from] Stealth Rock
|-ability|p2a: Sans|Pressure
|turn|25
|
|move|p2a: Sans|Shadow Ball|p1a: Illoilloillo
|-damage|p1a: Illoilloillo|0 fnt
|faint|p1a: Illoilloillo
|
|upkeep
|
|switch|p1a: Javier Sarda|Marshadow|58/100
|turn|26
|
|move|p1a: Javier Sarda|Shadow Sneak|p2a: Sans
|-damage|p2a: Sans|15/100
|-damage|p1a: Javier Sarda|48/100|[from] item: Life Orb
|move|p2a: Sans|Shadow Ball|p1a: Javier Sarda
|-supereffective|p1a: Javier Sarda
|-damage|p1a: Javier Sarda|0 fnt
|faint|p1a: Javier Sarda
|
|win|rayleth
||Ladder (probably) updated, but score could not be retrieved (Response not received).
