|j|☆blue sunlight
|j|☆Magikarp4000
|player|p1|blue sunlight|riley|1635
|player|p2|Magikarp4000|bellelba|1418
|teamsize|p1|6
|teamsize|p2|6
|gametype|singles
|gen|8
|tier|[Gen 8] Ubers
|rated|
|clearpoke
|poke|p1|Lunala|
|poke|p1|Kyurem-Black|
|poke|p1|Marshadow|
|poke|p1|Necrozma-Dusk-Mane|
|poke|p1|Reshiram|
|poke|p1|Eternatus|
|poke|p2|Toxapex, F|
|poke|p2|Marshadow|
|poke|p2|Ferrothorn, M|
|poke|p2|Dracovish|
|poke|p2|Cloyster, M|
|poke|p2|Togekiss, M|
|rule|Sleep Clause Mod: Limit one foe put to sleep
|rule|Species Clause: Limit one of each Pokémon
|rule|OHKO Clause: OHKO moves are banned
|rule|Evasion Moves Clause: Evasion moves are banned
|rule|Endless Battle Clause: Forcing endless battles is banned
|rule|HP Percentage Mod: HP is shown in percentages
|html|Ubers Dynamax Clause: Pokémon on the <a href="https://www.smogon.com/dex/ss/formats/uber/">Ubers Dynamax Banlist</a> cannot Dynamax.
|teampreview
|inactive|Battle timer is ON: inactive players will automatically lose when time's up. (requested by blue sunlight)
|c|☆Magikarp4000|hi
|c|☆blue sunlight|yo
|
|start
|switch|p1a: Kyurem|Kyurem-Black|100/100
|switch|p2a: Dracovish|Dracovish|100/100
|-ability|p1a: Kyurem|Teravolt
|turn|1
|c|☆Magikarp4000|glhf
|
|move|p2a: Dracovish|Outrage|p1a: Kyurem
|-supereffective|p1a: Kyurem
|-damage|p1a: Kyurem|18/100
|move|p1a: Kyurem|Dragon Dance|p1a: Kyurem
|-boost|p1a: Kyurem|atk|1
|-boost|p1a: Kyurem|spe|1
|
|upkeep
|turn|2
|
|-start|p1a: Kyurem|Dynamax
|-heal|p1a: Kyurem|18/100|[silent]
|move|p1a: Kyurem|Max Hailstorm|p2a: Dracovish
|-damage|p2a: Dracovish|0 fnt
|-weather|Hail
|-damage|p1a: Kyurem|13/100|[from] item: Life Orb
|faint|p2a: Dracovish
|
|-weather|Hail|[upkeep]
|upkeep
|
|switch|p2a: Marshadow|Marshadow|100/100
|turn|3
|
|move|p2a: Marshadow|Spectral Thief||[still]
|-clearpositiveboost|p1a: Kyurem|p2a: Marshadow|move: Spectral Thief
|-boost|p2a: Marshadow|atk|1
|-boost|p2a: Marshadow|spe|1
|-anim|p2a: Marshadow|Spectral Thief|p1a: Kyurem
|-damage|p1a: Kyurem|0 fnt
|faint|p1a: Kyurem
|
|-weather|Hail|[upkeep]
|-damage|p2a: Marshadow|94/100|[from] Hail
|upkeep
|inactive|blue sunlight has 120 seconds left.
|
|switch|p1a: Eternatus|Eternatus|100/100
|-ability|p1a: Eternatus|Pressure
|turn|4
|
|move|p2a: Marshadow|Spectral Thief|p1a: Eternatus
|-damage|p1a: Eternatus|50/100
|move|p1a: Eternatus|Shadow Ball|p2a: Marshadow
|-supereffective|p2a: Marshadow
|-damage|p2a: Marshadow|20/100
|
|-weather|Hail|[upkeep]
|-damage|p2a: Marshadow|13/100|[from] Hail
|-damage|p1a: Eternatus|44/100|[from] Hail
|upkeep
|turn|5
|inactive|blue sunlight has 90 seconds left.
|
|move|p2a: Marshadow|Spectral Thief|p1a: Eternatus
|-damage|p1a: Eternatus|0 fnt
|faint|p1a: Eternatus
|
|-weather|Hail|[upkeep]
|-damage|p2a: Marshadow|7/100|[from] Hail
|upkeep
|inactive|blue sunlight has 90 seconds left.
|
|switch|p1a: Marshadow|Marshadow|100/100
|turn|6
|
|switch|p2a: Ferrothorn|Ferrothorn, M|100/100
|move|p1a: Marshadow|Shadow Sneak|p2a: Ferrothorn
|-damage|p2a: Ferrothorn|83/100
|-damage|p1a: Marshadow|88/100|[from] ability: Iron Barbs|[of] p2a: Ferrothorn
|-damage|p1a: Marshadow|72/100|[from] item: Rocky Helmet|[of] p2a: Ferrothorn
|
|-weather|none
|upkeep
|turn|7
|
|switch|p2a: Toxapex|Toxapex, F|100/100
|move|p1a: Marshadow|Bulk Up|p1a: Marshadow
|-boost|p1a: Marshadow|atk|1
|-boost|p1a: Marshadow|def|1
|
|upkeep
|turn|8
|
|move|p1a: Marshadow|Drain Punch|p2a: Toxapex
|-resisted|p2a: Toxapex
|-damage|p2a: Toxapex|83/100
|-heal|p1a: Marshadow|80/100|[from] drain|[of] p2a: Toxapex
|move|p2a: Toxapex|Toxic|p1a: Marshadow
|-status|p1a: Marshadow|tox
|
|-heal|p2a: Toxapex|90/100|[from] item: Black Sludge
|-damage|p1a: Marshadow|73/100 tox|[from] psn
|upkeep
|turn|9
|
|move|p1a: Marshadow|Spectral Thief|p2a: Toxapex
|-damage|p2a: Toxapex|48/100
|move|p2a: Toxapex|Haze|p2a: Toxapex
|-clearallboost
|
|-heal|p2a: Toxapex|54/100|[from] item: Black Sludge
|-damage|p1a: Marshadow|61/100 tox|[from] psn
|upkeep
|turn|10
|j| Ohagan
|inactive|blue sunlight has 120 seconds left.
|l| Ohagan
|
|switch|p1a: Necrozma|Necrozma-Dusk-Mane|100/100
|move|p2a: Toxapex|Recover|p2a: Toxapex
|-heal|p2a: Toxapex|100/100
|
|upkeep
|turn|11
|inactive|blue sunlight has 120 seconds left.
|
|move|p1a: Necrozma|Calm Mind|p1a: Necrozma
|-boost|p1a: Necrozma|spa|1
|-boost|p1a: Necrozma|spd|1
|move|p2a: Toxapex|Haze|p2a: Toxapex
|-clearallboost
|
|upkeep
|turn|12
|
|switch|p1a: Lunala|Lunala, shiny|100/100
|move|p2a: Toxapex|Haze|p2a: Toxapex
|-clearallboost
|
|upkeep
|turn|13
|
|move|p1a: Lunala|Thunder Wave|p2a: Toxapex|[miss]
|-miss|p1a: Lunala|p2a: Toxapex
|move|p2a: Toxapex|Toxic|p1a: Lunala
|-status|p1a: Lunala|tox
|
|-damage|p1a: Lunala|94/100 tox|[from] psn
|upkeep
|turn|14
|
|move|p2a: Toxapex|Baneful Bunker|p2a: Toxapex
|-singleturn|p2a: Toxapex|move: Protect
|move|p1a: Lunala|Thunder Wave|p2a: Toxapex
|-activate|p2a: Toxapex|move: Protect
|
|-damage|p1a: Lunala|82/100 tox|[from] psn
|upkeep
|turn|15
|
|move|p2a: Toxapex|Baneful Bunker||[still]
|-fail|p2a: Toxapex
|move|p1a: Lunala|Thunder Wave|p2a: Toxapex
|-status|p2a: Toxapex|par
|
|-damage|p1a: Lunala|64/100 tox|[from] psn
|upkeep
|turn|16
|
|switch|p1a: Necrozma|Necrozma-Dusk-Mane|100/100
|move|p2a: Toxapex|Baneful Bunker||[still]
|-fail|p2a: Toxapex
|
|upkeep
|turn|17
|
|move|p1a: Necrozma|Calm Mind|p1a: Necrozma
|-boost|p1a: Necrozma|spa|1
|-boost|p1a: Necrozma|spd|1
|move|p2a: Toxapex|Haze|p2a: Toxapex
|-clearallboost
|
|upkeep
|turn|18
|
|move|p1a: Necrozma|Stored Power|p2a: Toxapex
|-supereffective|p2a: Toxapex
|-damage|p2a: Toxapex|88/100 par
|move|p2a: Toxapex|Haze|p2a: Toxapex
|-clearallboost
|
|-heal|p2a: Toxapex|94/100 par|[from] item: Black Sludge
|upkeep
|turn|19
|
|move|p1a: Necrozma|Calm Mind|p1a: Necrozma
|-boost|p1a: Necrozma|spa|1
|-boost|p1a: Necrozma|spd|1
|cant|p2a: Toxapex|par
|
|-heal|p2a: Toxapex|100/100 par|[from] item: Black Sludge
|upkeep
|turn|20
|
|move|p1a: Necrozma|Stored Power|p2a: Toxapex
|-supereffective|p2a: Toxapex
|-damage|p2a: Toxapex|49/100 par
|move|p2a: Toxapex|Haze|p2a: Toxapex
|-clearallboost
|
|-heal|p2a: Toxapex|55/100 par|[from] item: Black Sludge
|upkeep
|turn|21
|
|move|p1a: Necrozma|Calm Mind|p1a: Necrozma
|-boost|p1a: Necrozma|spa|1
|-boost|p1a: Necrozma|spd|1
|move|p2a: Toxapex|Recover|p2a: Toxapex
|-heal|p2a: Toxapex|100/100 par
|
|upkeep
|turn|22
|
|move|p1a: Necrozma|Stored Power|p2a: Toxapex
|-supereffective|p2a: Toxapex
|-damage|p2a: Toxapex|45/100 par
|move|p2a: Toxapex|Haze|p2a: Toxapex
|-clearallboost
|
|-heal|p2a: Toxapex|51/100 par|[from] item: Black Sludge
|upkeep
|turn|23
|
|move|p1a: Necrozma|Calm Mind|p1a: Necrozma
|-boost|p1a: Necrozma|spa|1
|-boost|p1a: Necrozma|spd|1
|move|p2a: Toxapex|Haze|p2a: Toxapex
|-clearallboost
|
|-heal|p2a: Toxapex|57/100 par|[from] item: Black Sludge
|upkeep
|turn|24
|
|move|p1a: Necrozma|Calm Mind|p1a: Necrozma
|-boost|p1a: Necrozma|spa|1
|-boost|p1a: Necrozma|spd|1
|cant|p2a: Toxapex|par
|
|-heal|p2a: Toxapex|63/100 par|[from] item: Black Sludge
|upkeep
|turn|25
|
|move|p1a: Necrozma|Stored Power|p2a: Toxapex
|-supereffective|p2a: Toxapex
|-damage|p2a: Toxapex|5/100 par
|move|p2a: Toxapex|Haze|p2a: Toxapex
|-clearallboost
|
|-heal|p2a: Toxapex|12/100 par|[from] item: Black Sludge
|upkeep
|turn|26
|
|cant|p2a: Toxapex|par
|move|p1a: Necrozma|Calm Mind|p1a: Necrozma
|-boost|p1a: Necrozma|spa|1
|-boost|p1a: Necrozma|spd|1
|
|-heal|p2a: Toxapex|18/100 par|[from] item: Black Sludge
|upkeep
|turn|27
|
|switch|p2a: Ferrothorn|Ferrothorn, M|83/100
|move|p1a: Necrozma|Calm Mind|p1a: Necrozma
|-boost|p1a: Necrozma|spa|1
|-boost|p1a: Necrozma|spd|1
|
|upkeep
|turn|28
|
|move|p1a: Necrozma|Calm Mind|p1a: Necrozma
|-boost|p1a: Necrozma|spa|1
|-boost|p1a: Necrozma|spd|1
|move|p2a: Ferrothorn|Leech Seed|p1a: Necrozma|[miss]
|-miss|p2a: Ferrothorn|p1a: Necrozma
|
|upkeep
|turn|29
|c|☆blue sunlight|rip
|
|move|p1a: Necrozma|Stored Power|p2a: Ferrothorn
|-resisted|p2a: Ferrothorn
|-damage|p2a: Ferrothorn|30/100
|move|p2a: Ferrothorn|Leech Seed|p1a: Necrozma
|-start|p1a: Necrozma|move: Leech Seed
|
|-damage|p1a: Necrozma|88/100|[from] Leech Seed|[of] p2a: Ferrothorn
|-heal|p2a: Ferrothorn|44/100|[silent]
|upkeep
|turn|30
|c|☆Magikarp4000|oof
|
|move|p1a: Necrozma|Stored Power|p2a: Ferrothorn
|-resisted|p2a: Ferrothorn
|-damage|p2a: Ferrothorn|0 fnt
|faint|p2a: Ferrothorn
|
|-heal|p1a: Necrozma|94/100|[from] item: Leftovers
|upkeep
|
|switch|p2a: Marshadow|Marshadow|7/100
|turn|31
|
|switch|p1a: Marshadow|Marshadow|61/100 tox
|move|p2a: Marshadow|Spectral Thief|p1a: Marshadow
|-supereffective|p1a: Marshadow
|-damage|p1a: Marshadow|0 fnt
|faint|p1a: Marshadow
|
|upkeep
|
|switch|p1a: Reshiram|Reshiram|100/100
|-ability|p1a: Reshiram|Turboblaze
|turn|32
|
|switch|p1a: Necrozma|Necrozma-Dusk-Mane|94/100
|move|p2a: Marshadow|Spectral Thief|p1a: Necrozma
|-supereffective|p1a: Necrozma
|-crit|p1a: Necrozma
|-damage|p1a: Necrozma|38/100
|
|-heal|p1a: Necrozma|44/100|[from] item: Leftovers
|upkeep
|turn|33
|
|switch|p1a: Reshiram|Reshiram|100/100
|-ability|p1a: Reshiram|Turboblaze
|move|p2a: Marshadow|Spectral Thief|p1a: Reshiram
|-damage|p1a: Reshiram|74/100
|
|upkeep
|turn|34
|
|switch|p2a: Toxapex|Toxapex, F|51/100 par
|move|p1a: Reshiram|Roost|p1a: Reshiram
|-heal|p1a: Reshiram|100/100
|-singleturn|p1a: Reshiram|move: Roost
|
|-heal|p2a: Toxapex|57/100 par|[from] item: Black Sludge
|upkeep
|turn|35
|
|move|p2a: Toxapex|Baneful Bunker|p2a: Toxapex
|-singleturn|p2a: Toxapex|move: Protect
|move|p1a: Reshiram|Blue Flare|p2a: Toxapex
|-activate|p2a: Toxapex|move: Protect
|
|-heal|p2a: Toxapex|64/100 par|[from] item: Black Sludge
|upkeep
|turn|36
|
|move|p1a: Reshiram|Draco Meteor|p2a: Toxapex|[miss]
|-miss|p1a: Reshiram|p2a: Toxapex
|move|p2a: Toxapex|Recover|p2a: Toxapex
|-heal|p2a: Toxapex|100/100 par
|
|upkeep
|turn|37
|c|☆Magikarp4000|oof
|
|switch|p1a: Necrozma|Necrozma-Dusk-Mane|44/100
|cant|p2a: Toxapex|par
|
|-heal|p1a: Necrozma|50/100|[from] item: Leftovers
|upkeep
|turn|38
|
|switch|p2a: Marshadow|Marshadow|7/100
|move|p1a: Necrozma|Moonlight|p1a: Necrozma
|-heal|p1a: Necrozma|100/100
|
|upkeep
|turn|39
|
|switch|p2a: Toxapex|Toxapex, F|100/100 par
|move|p1a: Necrozma|Flash Cannon|p2a: Toxapex
|-resisted|p2a: Toxapex
|-damage|p2a: Toxapex|88/100 par
|
|-heal|p2a: Toxapex|94/100 par|[from] item: Black Sludge
|upkeep
|turn|40
|
|move|p1a: Necrozma|Calm Mind|p1a: Necrozma
|-boost|p1a: Necrozma|spa|1
|-boost|p1a: Necrozma|spd|1
|move|p2a: Toxapex|Haze|p2a: Toxapex
|-clearallboost
|
|-heal|p2a: Toxapex|100/100 par|[from] item: Black Sludge
|upkeep
|turn|41
|
|move|p1a: Necrozma|Calm Mind|p1a: Necrozma
|-boost|p1a: Necrozma|spa|1
|-boost|p1a: Necrozma|spd|1
|move|p2a: Toxapex|Haze|p2a: Toxapex
|-clearallboost
|
|upkeep
|turn|42
|
|move|p1a: Necrozma|Calm Mind|p1a: Necrozma
|-boost|p1a: Necrozma|spa|1
|-boost|p1a: Necrozma|spd|1
|move|p2a: Toxapex|Haze|p2a: Toxapex
|-clearallboost
|
|upkeep
|turn|43
|
|switch|p1a: Lunala|Lunala, shiny|64/100 tox
|move|p2a: Toxapex|Haze|p2a: Toxapex
|-clearallboost
|
|-damage|p1a: Lunala|58/100 tox|[from] psn
|upkeep
|turn|44
|
|move|p2a: Toxapex|Baneful Bunker|p2a: Toxapex
|-singleturn|p2a: Toxapex|move: Protect
|move|p1a: Lunala|Roost|p1a: Lunala
|-heal|p1a: Lunala|100/100 tox
|-singleturn|p1a: Lunala|move: Roost
|
|-damage|p1a: Lunala|88/100 tox|[from] psn
|upkeep
|turn|45
|
|switch|p2a: Togekiss|Togekiss, M|100/100
|move|p1a: Lunala|Hex|p2a: Togekiss
|-damage|p2a: Togekiss|71/100
|
|-heal|p2a: Togekiss|77/100|[from] item: Leftovers
|-damage|p1a: Lunala|70/100 tox|[from] psn
|upkeep
|turn|46
|
|-start|p2a: Togekiss|Dynamax
|-heal|p2a: Togekiss|77/100|[silent]
|move|p1a: Lunala|Thunder Wave|p2a: Togekiss
|-status|p2a: Togekiss|par
|move|p2a: Togekiss|Max Airstream|p1a: Lunala
|-damage|p1a: Lunala|25/100 tox
|-boost|p2a: Togekiss|spe|1
|
|-heal|p2a: Togekiss|80/100 par|[from] item: Leftovers
|-damage|p1a: Lunala|1/100 tox|[from] psn
|upkeep
|turn|47
|
|switch|p1a: Necrozma|Necrozma-Dusk-Mane|100/100
|move|p2a: Togekiss|Max Airstream|p1a: Necrozma
|-resisted|p1a: Necrozma
|-damage|p1a: Necrozma|76/100
|-boost|p2a: Togekiss|spe|1
|
|-heal|p2a: Togekiss|83/100 par|[from] item: Leftovers
|-heal|p1a: Necrozma|82/100|[from] item: Leftovers
|upkeep
|turn|48
|
|switch|p1a: Reshiram|Reshiram|100/100
|-ability|p1a: Reshiram|Turboblaze
|move|p2a: Togekiss|Max Flare|p1a: Reshiram
|-resisted|p1a: Reshiram
|-damage|p1a: Reshiram|93/100
|-weather|SunnyDay
|
|-weather|SunnyDay|[upkeep]
|-heal|p2a: Togekiss|86/100 par|[from] item: Leftovers
|-end|p2a: Togekiss|Dynamax
|-heal|p2a: Togekiss|86/100 par|[silent]
|upkeep
|turn|49
|
|move|p2a: Togekiss|Air Slash|p1a: Reshiram
|-damage|p1a: Reshiram|67/100
|cant|p1a: Reshiram|flinch
|
|-weather|SunnyDay|[upkeep]
|-heal|p2a: Togekiss|92/100 par|[from] item: Leftovers
|upkeep
|turn|50
|
|move|p2a: Togekiss|Air Slash|p1a: Reshiram
|-damage|p1a: Reshiram|38/100
|move|p1a: Reshiram|Blue Flare|p2a: Togekiss
|-damage|p2a: Togekiss|6/100 par
|
|-weather|SunnyDay|[upkeep]
|-heal|p2a: Togekiss|12/100 par|[from] item: Leftovers
|upkeep
|turn|51
|
|switch|p1a: Necrozma|Necrozma-Dusk-Mane|82/100
|cant|p2a: Togekiss|par
|
|-weather|SunnyDay|[upkeep]
|-heal|p2a: Togekiss|19/100 par|[from] item: Leftovers
|-heal|p1a: Necrozma|88/100|[from] item: Leftovers
|upkeep
|turn|52
|
|move|p2a: Togekiss|Flamethrower|p1a: Necrozma
|-supereffective|p1a: Necrozma
|-damage|p1a: Necrozma|33/100
|move|p1a: Necrozma|Calm Mind|p1a: Necrozma
|-boost|p1a: Necrozma|spa|1
|-boost|p1a: Necrozma|spd|1
|
|-weather|none
|-heal|p2a: Togekiss|25/100 par|[from] item: Leftovers
|-heal|p1a: Necrozma|39/100|[from] item: Leftovers
|upkeep
|turn|53
|
|move|p2a: Togekiss|Flamethrower|p1a: Necrozma
|-supereffective|p1a: Necrozma
|-damage|p1a: Necrozma|17/100
|move|p1a: Necrozma|Moonlight|p1a: Necrozma
|-heal|p1a: Necrozma|67/100
|
|-heal|p2a: Togekiss|31/100 par|[from] item: Leftovers
|-heal|p1a: Necrozma|73/100|[from] item: Leftovers
|upkeep
|turn|54
|
|move|p2a: Togekiss|Air Slash|p1a: Necrozma
|-resisted|p1a: Necrozma
|-damage|p1a: Necrozma|63/100
|move|p1a: Necrozma|Stored Power|p2a: Togekiss
|-damage|p2a: Togekiss|0 fnt
|faint|p2a: Togekiss
|
|-heal|p1a: Necrozma|69/100|[from] item: Leftovers
|upkeep
|
|switch|p2a: Marshadow|Marshadow|7/100
|turn|55
|
|switch|p1a: Lunala|Lunala, shiny|1/100 tox
|move|p2a: Marshadow|Spectral Thief|p1a: Lunala
|-supereffective|p1a: Lunala
|-crit|p1a: Lunala
|-damage|p1a: Lunala|0 fnt
|faint|p1a: Lunala
|
|upkeep
|
|switch|p1a: Reshiram|Reshiram|38/100
|-ability|p1a: Reshiram|Turboblaze
|turn|56
|
|switch|p2a: Toxapex|Toxapex, F|100/100 par
|move|p1a: Reshiram|Roost|p1a: Reshiram
|-heal|p1a: Reshiram|88/100
|-singleturn|p1a: Reshiram|move: Roost
|
|upkeep
|turn|57
|
|switch|p1a: Necrozma|Necrozma-Dusk-Mane|69/100
|move|p2a: Toxapex|Toxic|p1a: Necrozma
|-immune|p1a: Necrozma
|
|-heal|p1a: Necrozma|75/100|[from] item: Leftovers
|upkeep
|turn|58
|
|switch|p2a: Marshadow|Marshadow|7/100
|move|p1a: Necrozma|Calm Mind|p1a: Necrozma
|-boost|p1a: Necrozma|spa|1
|-boost|p1a: Necrozma|spd|1
|
|-heal|p1a: Necrozma|81/100|[from] item: Leftovers
|upkeep
|turn|59
|
|move|p2a: Marshadow|Spectral Thief||[still]
|-clearpositiveboost|p1a: Necrozma|p2a: Marshadow|move: Spectral Thief
|-boost|p2a: Marshadow|spa|1
|-boost|p2a: Marshadow|spd|1
|-anim|p2a: Marshadow|Spectral Thief|p1a: Necrozma
|-supereffective|p1a: Necrozma
|-damage|p1a: Necrozma|47/100
|move|p1a: Necrozma|Flash Cannon|p2a: Marshadow
|-damage|p2a: Marshadow|0 fnt
|faint|p2a: Marshadow
|
|-heal|p1a: Necrozma|54/100|[from] item: Leftovers
|upkeep
|
|switch|p2a: Cloyster|Cloyster, M|100/100
|turn|60
|
|move|p2a: Cloyster|Shell Smash|p2a: Cloyster
|-unboost|p2a: Cloyster|def|1
|-unboost|p2a: Cloyster|spd|1
|-boost|p2a: Cloyster|atk|2
|-boost|p2a: Cloyster|spa|2
|-boost|p2a: Cloyster|spe|2
|move|p1a: Necrozma|Flash Cannon|p2a: Cloyster
|-enditem|p2a: Cloyster|Focus Sash
|-damage|p2a: Cloyster|1/100
|
|-heal|p1a: Necrozma|60/100|[from] item: Leftovers
|upkeep
|turn|61
|
|move|p2a: Cloyster|Icicle Spear|p1a: Necrozma
|-resisted|p1a: Necrozma
|-damage|p1a: Necrozma|54/100
|-resisted|p1a: Necrozma
|-damage|p1a: Necrozma|47/100
|-resisted|p1a: Necrozma
|-damage|p1a: Necrozma|42/100
|-resisted|p1a: Necrozma
|-damage|p1a: Necrozma|36/100
|-resisted|p1a: Necrozma
|-damage|p1a: Necrozma|30/100
|-hitcount|p1a: Necrozma|5
|move|p1a: Necrozma|Flash Cannon|p2a: Cloyster
|-damage|p2a: Cloyster|0 fnt
|faint|p2a: Cloyster
|
|-heal|p1a: Necrozma|36/100|[from] item: Leftovers
|upkeep
|
|switch|p2a: Toxapex|Toxapex, F|100/100 par
|turn|62
|c|☆Magikarp4000|welp
|c|☆Magikarp4000|gg
|c|☆blue sunlight|gg
|
|move|p1a: Necrozma|Calm Mind|p1a: Necrozma
|-boost|p1a: Necrozma|spa|1
|-boost|p1a: Necrozma|spd|1
|move|p2a: Toxapex|Haze|p2a: Toxapex
|-clearallboost
|
|-heal|p1a: Necrozma|42/100|[from] item: Leftovers
|upkeep
|turn|63
|
|move|p1a: Necrozma|Calm Mind|p1a: Necrozma
|-boost|p1a: Necrozma|spa|1
|-boost|p1a: Necrozma|spd|1
|move|p2a: Toxapex|Haze|p2a: Toxapex
|-clearallboost
|
|-heal|p1a: Necrozma|48/100|[from] item: Leftovers
|upkeep
|turn|64
|
|move|p1a: Necrozma|Calm Mind|p1a: Necrozma
|-boost|p1a: Necrozma|spa|1
|-boost|p1a: Necrozma|spd|1
|cant|p2a: Toxapex|par
|
|-heal|p1a: Necrozma|55/100|[from] item: Leftovers
|upkeep
|turn|65
|
|move|p1a: Necrozma|Stored Power|p2a: Toxapex
|-supereffective|p2a: Toxapex
|-damage|p2a: Toxapex|39/100 par
|move|p2a: Toxapex|Haze|p2a: Toxapex
|-clearallboost
|
|-heal|p1a: Necrozma|61/100|[from] item: Leftovers
|-heal|p2a: Toxapex|45/100 par|[from] item: Black Sludge
|upkeep
|turn|66
|
|move|p1a: Necrozma|Calm Mind|p1a: Necrozma
|-boost|p1a: Necrozma|spa|1
|-boost|p1a: Necrozma|spd|1
|move|p2a: Toxapex|Recover|p2a: Toxapex
|-heal|p2a: Toxapex|95/100 par
|
|-heal|p1a: Necrozma|67/100|[from] item: Leftovers
|-heal|p2a: Toxapex|100/100 par|[from] item: Black Sludge
|upkeep
|turn|67
|
|move|p1a: Necrozma|Stored Power|p2a: Toxapex
|-supereffective|p2a: Toxapex
|-damage|p2a: Toxapex|39/100 par
|move|p2a: Toxapex|Haze|p2a: Toxapex
|-clearallboost
|
|-heal|p1a: Necrozma|73/100|[from] item: Leftovers
|-heal|p2a: Toxapex|45/100 par|[from] item: Black Sludge
|upkeep
|turn|68
|
|move|p1a: Necrozma|Calm Mind|p1a: Necrozma
|-boost|p1a: Necrozma|spa|1
|-boost|p1a: Necrozma|spd|1
|move|p2a: Toxapex|Recover|p2a: Toxapex
|-heal|p2a: Toxapex|95/100 par
|
|-heal|p1a: Necrozma|79/100|[from] item: Leftovers
|-heal|p2a: Toxapex|100/100 par|[from] item: Black Sludge
|upkeep
|turn|69
|
|move|p1a: Necrozma|Stored Power|p2a: Toxapex
|-supereffective|p2a: Toxapex
|-damage|p2a: Toxapex|47/100 par
|move|p2a: Toxapex|Haze|p2a: Toxapex
|-clearallboost
|
|-heal|p1a: Necrozma|85/100|[from] item: Leftovers
|-heal|p2a: Toxapex|53/100 par|[from] item: Black Sludge
|upkeep
|turn|70
|
|move|p1a: Necrozma|Calm Mind|p1a: Necrozma
|-boost|p1a: Necrozma|spa|1
|-boost|p1a: Necrozma|spd|1
|move|p2a: Toxapex|Recover|p2a: Toxapex
|-heal|p2a: Toxapex|100/100 par
|
|-heal|p1a: Necrozma|91/100|[from] item: Leftovers
|upkeep
|turn|71
|
|move|p1a: Necrozma|Stored Power|p2a: Toxapex
|-supereffective|p2a: Toxapex
|-damage|p2a: Toxapex|47/100 par
|move|p2a: Toxapex|Haze|p2a: Toxapex
|-clearallboost
|
|-heal|p1a: Necrozma|97/100|[from] item: Leftovers
|-heal|p2a: Toxapex|53/100 par|[from] item: Black Sludge
|upkeep
|turn|72
|
|move|p1a: Necrozma|Calm Mind|p1a: Necrozma
|-boost|p1a: Necrozma|spa|1
|-boost|p1a: Necrozma|spd|1
|move|p2a: Toxapex|Recover|p2a: Toxapex
|-heal|p2a: Toxapex|100/100 par
|
|-heal|p1a: Necrozma|100/100|[from] item: Leftovers
|upkeep
|turn|73
|
|move|p1a: Necrozma|Calm Mind|p1a: Necrozma
|-boost|p1a: Necrozma|spa|1
|-boost|p1a: Necrozma|spd|1
|move|p2a: Toxapex|Haze|p2a: Toxapex
|-clearallboost
|
|upkeep
|turn|74
|
|move|p1a: Necrozma|Calm Mind|p1a: Necrozma
|-boost|p1a: Necrozma|spa|1
|-boost|p1a: Necrozma|spd|1
|move|p2a: Toxapex|Haze|p2a: Toxapex
|-clearallboost
|
|upkeep
|turn|75
|
|move|p1a: Necrozma|Calm Mind|p1a: Necrozma
|-boost|p1a: Necrozma|spa|1
|-boost|p1a: Necrozma|spd|1
|move|p2a: Toxapex|Haze|p2a: Toxapex
|-clearallboost
|
|upkeep
|turn|76
|
|move|p1a: Necrozma|Calm Mind|p1a: Necrozma
|-boost|p1a: Necrozma|spa|1
|-boost|p1a: Necrozma|spd|1
|cant|p2a: Toxapex|par
|
|upkeep
|turn|77
|
|move|p1a: Necrozma|Stored Power|p2a: Toxapex
|-supereffective|p2a: Toxapex
|-damage|p2a: Toxapex|39/100 par
|move|p2a: Toxapex|Haze|p2a: Toxapex
|-clearallboost
|
|-heal|p2a: Toxapex|45/100 par|[from] item: Black Sludge
|upkeep
|turn|78
|
|switch|p1a: Reshiram|Reshiram|88/100
|-ability|p1a: Reshiram|Turboblaze
|move|p2a: Toxapex|Recover|p2a: Toxapex
|-heal|p2a: Toxapex|95/100 par
|
|-heal|p2a: Toxapex|100/100 par|[from] item: Black Sludge
|upkeep
|turn|79
|
|move|p1a: Reshiram|Draco Meteor|p2a: Toxapex
|-damage|p2a: Toxapex|51/100 par
|-unboost|p1a: Reshiram|spa|2
|move|p2a: Toxapex|Toxic|p1a: Reshiram
|-status|p1a: Reshiram|tox
|
|-heal|p2a: Toxapex|57/100 par|[from] item: Black Sludge
|-damage|p1a: Reshiram|82/100 tox|[from] psn
|upkeep
|turn|80
|
|switch|p1a: Necrozma|Necrozma-Dusk-Mane|100/100
|move|p2a: Toxapex|Recover|p2a: Toxapex
|-heal|p2a: Toxapex|100/100 par
|
|upkeep
|turn|81
|
|move|p1a: Necrozma|Flash Cannon|p2a: Toxapex
|-resisted|p2a: Toxapex
|-damage|p2a: Toxapex|87/100 par
|move|p2a: Toxapex|Haze|p2a: Toxapex
|-clearallboost
|
|-heal|p2a: Toxapex|93/100 par|[from] item: Black Sludge
|upkeep
|turn|82
|
|move|p1a: Necrozma|Flash Cannon|p2a: Toxapex
|-resisted|p2a: Toxapex
|-damage|p2a: Toxapex|81/100 par
|cant|p2a: Toxapex|par
|
|-heal|p2a: Toxapex|87/100 par|[from] item: Black Sludge
|upkeep
|turn|83
|
|move|p1a: Necrozma|Flash Cannon|p2a: Toxapex
|-resisted|p2a: Toxapex
|-damage|p2a: Toxapex|74/100 par
|move|p2a: Toxapex|Haze|p2a: Toxapex
|-clearallboost
|
|-heal|p2a: Toxapex|80/100 par|[from] item: Black Sludge
|upkeep
|turn|84
|
|cant|p2a: Toxapex|par
|move|p1a: Necrozma|Flash Cannon|p2a: Toxapex
|-resisted|p2a: Toxapex
|-damage|p2a: Toxapex|66/100 par
|-unboost|p2a: Toxapex|spd|1
|
|-heal|p2a: Toxapex|73/100 par|[from] item: Black Sludge
|upkeep
|turn|85
|
|switch|p1a: Reshiram|Reshiram|82/100 tox
|-ability|p1a: Reshiram|Turboblaze
|cant|p2a: Toxapex|par
|
|-heal|p2a: Toxapex|79/100 par|[from] item: Black Sludge
|-damage|p1a: Reshiram|76/100 tox|[from] psn
|upkeep
|turn|86
|
|move|p2a: Toxapex|Baneful Bunker|p2a: Toxapex
|-singleturn|p2a: Toxapex|move: Protect
|move|p1a: Reshiram|Draco Meteor|p2a: Toxapex
|-activate|p2a: Toxapex|move: Protect
|
|-heal|p2a: Toxapex|85/100 par|[from] item: Black Sludge
|-damage|p1a: Reshiram|63/100 tox|[from] psn
|upkeep
|turn|87
|
|move|p1a: Reshiram|Draco Meteor|p2a: Toxapex
|-damage|p2a: Toxapex|10/100 par
|-unboost|p1a: Reshiram|spa|2
|cant|p2a: Toxapex|par
|
|-heal|p2a: Toxapex|16/100 par|[from] item: Black Sludge
|-damage|p1a: Reshiram|45/100 tox|[from] psn
|upkeep
|turn|88
|c|☆blue sunlight|gg
|c|☆Magikarp4000|crapp
|c|☆Magikarp4000|gg
|
|move|p2a: Toxapex|Baneful Bunker|p2a: Toxapex
|-singleturn|p2a: Toxapex|move: Protect
|move|p1a: Reshiram|Blue Flare|p2a: Toxapex
|-activate|p2a: Toxapex|move: Protect
|
|-heal|p2a: Toxapex|22/100 par|[from] item: Black Sludge
|-damage|p1a: Reshiram|20/100 tox|[from] psn
|upkeep
|turn|89
|
|move|p2a: Toxapex|Baneful Bunker|p2a: Toxapex
|-singleturn|p2a: Toxapex|move: Protect
|move|p1a: Reshiram|Draco Meteor|p2a: Toxapex
|-activate|p2a: Toxapex|move: Protect
|
|-heal|p2a: Toxapex|28/100 par|[from] item: Black Sludge
|-damage|p1a: Reshiram|0 fnt|[from] psn
|faint|p1a: Reshiram
|upkeep
|c|☆Magikarp4000|wow
|c|☆blue sunlight|shit
|
|switch|p1a: Necrozma|Necrozma-Dusk-Mane|100/100
|turn|90
|
|move|p1a: Necrozma|Stored Power|p2a: Toxapex
|-supereffective|p2a: Toxapex
|-damage|p2a: Toxapex|10/100 par
|cant|p2a: Toxapex|par
|
|-heal|p2a: Toxapex|16/100 par|[from] item: Black Sludge
|upkeep
|turn|91
|c|☆Magikarp4000|howw
|c|☆Magikarp4000|noo
|
|move|p2a: Toxapex|Baneful Bunker|p2a: Toxapex
|-singleturn|p2a: Toxapex|move: Protect
|move|p1a: Necrozma|Stored Power|p2a: Toxapex
|-activate|p2a: Toxapex|move: Protect
|
|-heal|p2a: Toxapex|23/100 par|[from] item: Black Sludge
|upkeep
|turn|92
|
|move|p1a: Necrozma|Stored Power|p2a: Toxapex
|-supereffective|p2a: Toxapex
|-damage|p2a: Toxapex|2/100 par
|move|p2a: Toxapex|Recover|p2a: Toxapex
|-heal|p2a: Toxapex|52/100 par
|
|-heal|p2a: Toxapex|58/100 par|[from] item: Black Sludge
|upkeep
|turn|93
|
|move|p1a: Necrozma|Calm Mind|p1a: Necrozma
|-boost|p1a: Necrozma|spa|1
|-boost|p1a: Necrozma|spd|1
|cant|p2a: Toxapex|par
|
|-heal|p2a: Toxapex|65/100 par|[from] item: Black Sludge
|upkeep
|turn|94
|c|☆Magikarp4000|wow
|c|☆Magikarp4000|NOOOO
|
|move|p1a: Necrozma|Calm Mind|p1a: Necrozma
|-boost|p1a: Necrozma|spa|1
|-boost|p1a: Necrozma|spd|1
|cant|p2a: Toxapex|par
|
|-heal|p2a: Toxapex|71/100 par|[from] item: Black Sludge
|upkeep
|turn|95
|l|☆Magikarp4000
|inactive|Magikarp4000 disconnected and has a minute to reconnect!
|player|p2|
|j|☆Magikarp4000
|inactive|Magikarp4000 reconnected and has 125 seconds left.
|player|p2|Magikarp4000|bellelba
|inactive|blue sunlight has 120 seconds left.
|inactive|Magikarp4000 has 120 seconds left.
|
|cant|p2a: Toxapex|par
|move|p1a: Necrozma|Stored Power|p2a: Toxapex
|-supereffective|p2a: Toxapex
|-damage|p2a: Toxapex|0 fnt
|faint|p2a: Toxapex
|
|win|blue sunlight
|c|☆Magikarp4000|gg
|c|☆blue sunlight|lol
|raw|blue sunlight's rating: 1643 &rarr; <strong>1651</strong><br />(+8 for winning)
|raw|Magikarp4000's rating: 1407 &rarr; <strong>1399</strong><br />(-8 for losing)
|c|☆Magikarp4000|lol
|c|☆blue sunlight|what the hell
|c|☆Magikarp4000|ikr
|c|☆blue sunlight|that was so close
|c|☆blue sunlight|jezz
|c|☆Magikarp4000|i nearly won yea
|c|☆blue sunlight|gg
|c|☆Magikarp4000|gg though
