|j|☆zjzzz
|j|☆PokeDuels
|t:|1618615441
|gametype|singles
|player|p1|zjzzz|skierf|1384
|player|p2|PokeDuels|265|1442
|teamsize|p1|6
|teamsize|p2|6
|gen|8
|tier|[Gen 8] Ubers
|rated|
|clearpoke
|poke|p1|Steelix, M|
|poke|p1|Zygarde|
|poke|p1|Abomasnow, M|
|poke|p1|Xerneas|
|poke|p1|Dialga|
|poke|p1|Rayquaza|
|poke|p2|Yveltal|
|poke|p2|Necrozma-Dusk-Mane|
|poke|p2|Ho-Oh|
|poke|p2|Eternatus|
|poke|p2|Tangrowth, M|
|poke|p2|Blissey, F|
|rule|Sleep Clause Mod: Limit one foe put to sleep
|rule|Species Clause: Limit one of each Pokémon
|rule|OHKO Clause: OHKO moves are banned
|rule|Evasion Moves Clause: Evasion moves are banned
|rule|Endless Battle Clause: Forcing endless battles is banned
|rule|HP Percentage Mod: HP is shown in percentages
|rule|Dynamax Clause: You cannot dynamax
|teampreview
|inactive|Battle timer is ON: inactive players will automatically lose when time's up. (requested by zjzzz)
|inactive|PokeDuels has 120 seconds left.
|
|t:|1618615511
|start
|switch|p1a: Dialga|Dialga|100/100
|switch|p2a: Eternatus|Eternatus|100/100
|-ability|p2a: Eternatus|Pressure
|-ability|p1a: Dialga|Pressure
|turn|1
|l|☆zjzzz
|inactive|zjzzz disconnected and has a minute to reconnect!
|player|p1|
|j|☆zjzzz
|inactive|zjzzz reconnected and has 135 seconds left.
|player|p1|zjzzz|skierf
|
|t:|1618615530
|move|p2a: Eternatus|Dynamax Cannon|p1a: Dialga
|-damage|p1a: Dialga|55/100
|move|p1a: Dialga|Stealth Rock|p2a: Eternatus
|-sidestart|p2: PokeDuels|move: Stealth Rock
|
|upkeep
|turn|2
|
|t:|1618615535
|move|p2a: Eternatus|Dynamax Cannon|p1a: Dialga
|-damage|p1a: Dialga|5/100
|move|p1a: Dialga|Draco Meteor|p2a: Eternatus
|-supereffective|p2a: Eternatus
|-damage|p2a: Eternatus|8/100
|-unboost|p1a: Dialga|spa|2
|
|-heal|p2a: Eternatus|14/100|[from] item: Black Sludge
|upkeep
|turn|3
|
|t:|1618615544
|move|p2a: Eternatus|Recover|p2a: Eternatus
|-heal|p2a: Eternatus|64/100
|move|p1a: Dialga|Draco Meteor|p2a: Eternatus
|-supereffective|p2a: Eternatus
|-damage|p2a: Eternatus|20/100
|-unboost|p1a: Dialga|spa|2
|
|-heal|p2a: Eternatus|27/100|[from] item: Black Sludge
|upkeep
|turn|4
|
|t:|1618615553
|switch|p1a: Xerneas|Xerneas|100/100
|-ability|p1a: Xerneas|Fairy Aura
|move|p2a: Eternatus|Recover|p2a: Eternatus
|-heal|p2a: Eternatus|77/100
|
|-heal|p2a: Eternatus|83/100|[from] item: Black Sludge
|upkeep
|turn|5
|
|t:|1618615560
|switch|p2a: Necrozma|Necrozma-Dusk-Mane|100/100
|-damage|p2a: Necrozma|94/100|[from] Stealth Rock
|move|p1a: Xerneas|Thunder Wave|p2a: Necrozma
|-status|p2a: Necrozma|par
|
|upkeep
|turn|6
|
|t:|1618615568
|switch|p1a: Steelix|Steelix, M|100/100
|move|p2a: Necrozma|Sunsteel Strike|p1a: Steelix
|-resisted|p1a: Steelix
|-damage|p1a: Steelix|85/100
|
|upkeep
|turn|7
|
|t:|1618615573
|switch|p2a: Tangrowth|Tangrowth, M|100/100
|-damage|p2a: Tangrowth|88/100|[from] Stealth Rock
|move|p1a: Steelix|Dragon Dance|p1a: Steelix
|-boost|p1a: Steelix|atk|1
|-boost|p1a: Steelix|spe|1
|
|upkeep
|turn|8
|
|t:|1618615583
|switch|p1a: Dialga|Dialga|5/100
|-ability|p1a: Dialga|Pressure
|move|p2a: Tangrowth|Leech Seed|p1a: Dialga|[miss]
|-miss|p2a: Tangrowth|p1a: Dialga
|
|upkeep
|turn|9
|
|t:|1618615588
|switch|p2a: Blissey|Blissey, F|100/100
|-damage|p2a: Blissey|88/100|[from] Stealth Rock
|move|p1a: Dialga|Fire Blast|p2a: Blissey
|-damage|p2a: Blissey|75/100
|
|upkeep
|turn|10
|
|t:|1618615596
|move|p1a: Dialga|Flash Cannon|p2a: Blissey
|-damage|p2a: Blissey|60/100
|move|p2a: Blissey|Aromatherapy|p2a: Blissey
|-activate|p2a: Blissey|move: Aromatherapy
|-curestatus|p2: Necrozma|par|[msg]
|
|upkeep
|turn|11
|
|t:|1618615601
|move|p1a: Dialga|Flash Cannon|p2a: Blissey
|-damage|p2a: Blissey|47/100
|move|p2a: Blissey|Soft-Boiled|p2a: Blissey
|-heal|p2a: Blissey|97/100
|
|upkeep
|turn|12
|
|t:|1618615605
|switch|p2a: Ho-Oh|Ho-Oh|100/100
|move|p1a: Dialga|Flash Cannon|p2a: Ho-Oh
|-resisted|p2a: Ho-Oh
|-damage|p2a: Ho-Oh|88/100
|
|upkeep
|turn|13
|
|t:|1618615619
|move|p1a: Dialga|Draco Meteor|p2a: Ho-Oh
|-damage|p2a: Ho-Oh|46/100
|-unboost|p1a: Dialga|spa|2
|move|p2a: Ho-Oh|Defog|p1a: Dialga
|-unboost|p1a: Dialga|evasion|1
|-sideend|p2: PokeDuels|Stealth Rock|[from] move: Defog|[of] p2a: Ho-Oh
|
|upkeep
|turn|14
|
|t:|1618615623
|move|p1a: Dialga|Stealth Rock|p2a: Ho-Oh
|-sidestart|p2: PokeDuels|move: Stealth Rock
|move|p2a: Ho-Oh|Thunder Wave|p1a: Dialga
|-status|p1a: Dialga|par
|
|upkeep
|turn|15
|
|t:|1618615627
|move|p2a: Ho-Oh|Defog|p1a: Dialga
|-unboost|p1a: Dialga|evasion|1
|-sideend|p2: PokeDuels|Stealth Rock|[from] move: Defog|[of] p2a: Ho-Oh
|move|p1a: Dialga|Stealth Rock|p2a: Ho-Oh
|-sidestart|p2: PokeDuels|move: Stealth Rock
|
|upkeep
|turn|16
|
|t:|1618615629
|move|p2a: Ho-Oh|Defog|p1a: Dialga
|-unboost|p1a: Dialga|evasion|1
|-sideend|p2: PokeDuels|Stealth Rock|[from] move: Defog|[of] p2a: Ho-Oh
|move|p1a: Dialga|Stealth Rock|p2a: Ho-Oh
|-sidestart|p2: PokeDuels|move: Stealth Rock
|
|upkeep
|turn|17
|
|t:|1618615632
|switch|p1a: Rayquaza|Rayquaza|100/100
|-ability|p1a: Rayquaza|Air Lock
|move|p2a: Ho-Oh|Defog|p1a: Rayquaza
|-unboost|p1a: Rayquaza|evasion|1
|-sideend|p2: PokeDuels|Stealth Rock|[from] move: Defog|[of] p2a: Ho-Oh
|
|upkeep
|turn|18
|
|t:|1618615641
|switch|p2a: Necrozma|Necrozma-Dusk-Mane|94/100
|move|p1a: Rayquaza|Dragon Ascent|p2a: Necrozma
|-resisted|p2a: Necrozma
|-damage|p2a: Necrozma|70/100
|-unboost|p1a: Rayquaza|def|1
|-unboost|p1a: Rayquaza|spd|1
|-damage|p1a: Rayquaza|84/100|[from] item: Rocky Helmet|[of] p2a: Necrozma
|-damage|p1a: Rayquaza|74/100|[from] item: Life Orb
|
|upkeep
|turn|19
|
|t:|1618615652
|switch|p2a: Eternatus|Eternatus|83/100
|-ability|p2a: Eternatus|Pressure
|move|p1a: Rayquaza|V-create|p2a: Eternatus
|-resisted|p2a: Eternatus
|-damage|p2a: Eternatus|52/100
|-unboost|p1a: Rayquaza|spe|1
|-unboost|p1a: Rayquaza|def|1
|-unboost|p1a: Rayquaza|spd|1
|-damage|p1a: Rayquaza|64/100|[from] item: Life Orb
|
|-heal|p2a: Eternatus|58/100|[from] item: Black Sludge
|upkeep
|turn|20
|
|t:|1618615659
|switch|p1a: Dialga|Dialga|5/100 par
|-ability|p1a: Dialga|Pressure
|move|p2a: Eternatus|Recover|p2a: Eternatus
|-heal|p2a: Eternatus|100/100
|
|upkeep
|turn|21
|
|t:|1618615663
|move|p2a: Eternatus|Flamethrower|p1a: Dialga
|-damage|p1a: Dialga|0 fnt
|faint|p1a: Dialga
|
|upkeep
|
|t:|1618615674
|switch|p1a: Xerneas|Xerneas|100/100
|-ability|p1a: Xerneas|Fairy Aura
|turn|22
|inactive|PokeDuels has 120 seconds left.
|
|t:|1618615706
|switch|p2a: Necrozma|Necrozma-Dusk-Mane|70/100
|switch|p1a: Rayquaza|Rayquaza|64/100
|-ability|p1a: Rayquaza|Air Lock
|
|upkeep
|turn|23
|inactive|PokeDuels has 120 seconds left.
|
|t:|1618615717
|switch|p2a: Eternatus|Eternatus|100/100
|-ability|p2a: Eternatus|Pressure
|move|p1a: Rayquaza|Dragon Dance|p1a: Rayquaza
|-boost|p1a: Rayquaza|atk|1
|-boost|p1a: Rayquaza|spe|1
|
|upkeep
|turn|24
|
|t:|1618615725
|move|p1a: Rayquaza|Scale Shot|p2a: Eternatus
|-supereffective|p2a: Eternatus
|-damage|p2a: Eternatus|61/100
|-supereffective|p2a: Eternatus
|-damage|p2a: Eternatus|19/100
|-supereffective|p2a: Eternatus
|-damage|p2a: Eternatus|0 fnt
|-hitcount|p2a: Eternatus|3
|-unboost|p1a: Rayquaza|def|1
|-boost|p1a: Rayquaza|spe|1
|-damage|p1a: Rayquaza|54/100|[from] item: Life Orb
|faint|p2a: Eternatus
|
|upkeep
|
|t:|1618615732
|switch|p2a: Necrozma|Necrozma-Dusk-Mane|70/100
|turn|25
|
|t:|1618615745
|switch|p2a: Ho-Oh|Ho-Oh|80/100
|move|p1a: Rayquaza|V-create|p2a: Ho-Oh
|-resisted|p2a: Ho-Oh
|-damage|p2a: Ho-Oh|33/100
|-unboost|p1a: Rayquaza|spe|1
|-unboost|p1a: Rayquaza|def|1
|-unboost|p1a: Rayquaza|spd|1
|-damage|p1a: Rayquaza|44/100|[from] item: Life Orb
|
|upkeep
|turn|26
|
|t:|1618615752
|switch|p2a: Necrozma|Necrozma-Dusk-Mane|70/100
|move|p1a: Rayquaza|Dragon Ascent|p2a: Necrozma
|-resisted|p2a: Necrozma
|-damage|p2a: Necrozma|31/100
|-unboost|p1a: Rayquaza|def|1
|-unboost|p1a: Rayquaza|spd|1
|-damage|p1a: Rayquaza|28/100|[from] item: Rocky Helmet|[of] p2a: Necrozma
|-damage|p1a: Rayquaza|18/100|[from] item: Life Orb
|
|upkeep
|turn|27
|inactive|PokeDuels has 120 seconds left.
|
|t:|1618615777
|switch|p2a: Tangrowth|Tangrowth, M|100/100
|move|p1a: Rayquaza|Dragon Ascent|p2a: Tangrowth
|-supereffective|p2a: Tangrowth
|-damage|p2a: Tangrowth|0 fnt
|-unboost|p1a: Rayquaza|def|1
|-unboost|p1a: Rayquaza|spd|1
|-damage|p1a: Rayquaza|1/100|[from] item: Rocky Helmet|[of] p2a: Tangrowth
|-damage|p1a: Rayquaza|0 fnt|[from] item: Life Orb
|faint|p2a: Tangrowth
|faint|p1a: Rayquaza
|
|upkeep
|
|t:|1618615795
|switch|p1a: Steelix|Steelix, M|85/100
|switch|p2a: Necrozma|Necrozma-Dusk-Mane|31/100
|turn|28
|inactive|PokeDuels has 120 seconds left.
|
|t:|1618615829
|move|p2a: Necrozma|Morning Sun|p2a: Necrozma
|-heal|p2a: Necrozma|81/100
|move|p1a: Steelix|Dragon Dance|p1a: Steelix
|-boost|p1a: Steelix|atk|1
|-boost|p1a: Steelix|spe|1
|
|upkeep
|turn|29
|
|t:|1618615838
|switch|p2a: Ho-Oh|Ho-Oh|67/100
|move|p1a: Steelix|Dragon Dance|p1a: Steelix
|-boost|p1a: Steelix|atk|1
|-boost|p1a: Steelix|spe|1
|
|upkeep
|turn|30
|
|t:|1618615845
|move|p1a: Steelix|Head Smash|p2a: Ho-Oh
|-supereffective|p2a: Ho-Oh
|-damage|p2a: Ho-Oh|0 fnt
|-damage|p1a: Steelix|75/100|[from] item: Life Orb
|faint|p2a: Ho-Oh
|
|upkeep
|inactive|PokeDuels has 90 seconds left.
|c|☆zjzzz|t
|inactive|PokeDuels has 60 seconds left.
|
|t:|1618615930
|switch|p2a: Necrozma|Necrozma-Dusk-Mane|81/100
|turn|31
|
|t:|1618615934
|move|p1a: Steelix|Earthquake|p2a: Necrozma
|-supereffective|p2a: Necrozma
|-damage|p2a: Necrozma|0 fnt
|-damage|p1a: Steelix|65/100|[from] item: Life Orb
|faint|p2a: Necrozma
|
|upkeep
|inactive|PokeDuels has 30 seconds left.
|inactive|PokeDuels has 20 seconds left.
|inactive|PokeDuels has 15 seconds left.
|
|t:|1618615969
|switch|p2a: Yveltal|Yveltal|100/100
|-ability|p2a: Yveltal|Dark Aura
|turn|32
|inactive|PokeDuels has 25 seconds left this turn.
|
|t:|1618615973
|move|p1a: Steelix|Head Smash|p2a: Yveltal
|-supereffective|p2a: Yveltal
|-damage|p2a: Yveltal|0 fnt
|-damage|p1a: Steelix|55/100|[from] item: Life Orb
|faint|p2a: Yveltal
|
|upkeep
|inactive|PokeDuels has 30 seconds left this turn.
|-message|PokeDuels forfeited.
|
|win|zjzzz
|inactive|PokeDuels has 30 seconds left this turn.
|raw|zjzzz's rating: 1384 &rarr; <strong>1407</strong><br />(+23 for winning)
|raw|PokeDuels's rating: 1442 &rarr; <strong>1419</strong><br />(-23 for losing)
|l|☆PokeDuels
