|j|☆yesman.90
|j|☆Mykerinos
|t:|1611484900
|player|p1|yesman.90|169|1135
|player|p2|Mykerinos|lucas-gen4pt|1128
|teamsize|p1|6
|teamsize|p2|6
|gametype|singles
|gen|8
|tier|[Gen 8] Ubers
|rated|
|clearpoke
|poke|p1|Ninetales-Alola, M|
|poke|p1|Crobat, M|
|poke|p1|Mimikyu, M|
|poke|p1|Scizor, M|
|poke|p1|Garchomp, F|
|poke|p1|Coalossal, M|
|poke|p2|Darmanitan-Galar, M|
|poke|p2|Shuckle, M|
|poke|p2|Calyrex-Shadow|
|poke|p2|Xerneas|
|poke|p2|Ditto|
|poke|p2|Dracovish|
|rule|Sleep Clause Mod: Limit one foe put to sleep
|rule|Species Clause: Limit one of each Pokémon
|rule|OHKO Clause: OHKO moves are banned
|rule|Evasion Moves Clause: Evasion moves are banned
|rule|Endless Battle Clause: Forcing endless battles is banned
|rule|HP Percentage Mod: HP is shown in percentages
|rule|Dynamax Clause: You cannot dynamax
|teampreview
|l|☆Mykerinos
|player|p2|
|
|t:|1611484916
|start
|switch|p1a: Scizor|Scizor, M|100/100
|switch|p2a: STACK HAZARD BOUM|Shuckle, M|100/100
|turn|1
|j|☆Mykerinos
|player|p2|Mykerinos|lucas-gen4pt
|
|t:|1611484932
|move|p1a: Scizor|Swords Dance|p1a: Scizor
|-boost|p1a: Scizor|atk|2
|move|p2a: STACK HAZARD BOUM|Stealth Rock|p1a: Scizor
|-sidestart|p1: yesman.90|move: Stealth Rock
|
|upkeep
|turn|2
|
|t:|1611484939
|move|p1a: Scizor|Bullet Punch|p2a: STACK HAZARD BOUM
|-supereffective|p2a: STACK HAZARD BOUM
|-crit|p2a: STACK HAZARD BOUM
|-damage|p2a: STACK HAZARD BOUM|0 fnt
|faint|p2a: STACK HAZARD BOUM
|
|upkeep
|
|t:|1611484947
|switch|p2a: Impostor Among Us|Ditto, shiny|100/100
|-transform|p2a: Impostor Among Us|p1a: Scizor|[from] ability: Imposter
|turn|3
|l|☆Mykerinos
|player|p2|
|
|t:|1611484963
|move|p2a: Impostor Among Us|Bullet Punch|p1a: Scizor
|-resisted|p1a: Scizor
|-damage|p1a: Scizor|78/100
|move|p1a: Scizor|Superpower|p2a: Impostor Among Us
|-damage|p2a: Impostor Among Us|30/100
|-unboost|p1a: Scizor|atk|1
|-unboost|p1a: Scizor|def|1
|
|upkeep
|turn|4
|j|☆Mykerinos
|player|p2|Mykerinos|lucas-gen4pt
|
|t:|1611484998
|switch|p2a: TU VEUX MOURIR ?|Dracovish|100/100
|switch|p1a: Mimikyu|Mimikyu, M|100/100
|-damage|p1a: Mimikyu|88/100|[from] Stealth Rock
|
|upkeep
|turn|5
|
|t:|1611485009
|move|p1a: Mimikyu|Swords Dance|p1a: Mimikyu
|-boost|p1a: Mimikyu|atk|2
|move|p2a: TU VEUX MOURIR ?|Fishious Rend|p1a: Mimikyu
|-activate|p1a: Mimikyu|ability: Disguise
|-damage|p1a: Mimikyu|88/100
|detailschange|p1a: Mimikyu|Mimikyu-Busted, M
|-damage|p1a: Mimikyu|76/100|[from] pokemon: Mimikyu-Busted
|
|upkeep
|turn|6
|
|t:|1611485025
|move|p1a: Mimikyu|Wood Hammer|p2a: TU VEUX MOURIR ?
|-damage|p2a: TU VEUX MOURIR ?|0 fnt
|-damage|p1a: Mimikyu|34/100|[from] Recoil
|-damage|p1a: Mimikyu|24/100|[from] item: Life Orb
|faint|p2a: TU VEUX MOURIR ?
|
|upkeep
|
|t:|1611485035
|switch|p2a: Impostor Among Us|Ditto, shiny|30/100
|-transform|p2a: Impostor Among Us|p1a: Mimikyu|[from] ability: Imposter
|turn|7
|
|t:|1611485043
|move|p2a: Impostor Among Us|Shadow Sneak|p1a: Mimikyu
|-supereffective|p1a: Mimikyu
|-damage|p1a: Mimikyu|0 fnt
|faint|p1a: Mimikyu
|
|upkeep
|
|t:|1611485048
|switch|p1a: Scizor|Scizor, M|78/100
|-damage|p1a: Scizor|65/100|[from] Stealth Rock
|turn|8
|
|t:|1611485053
|move|p2a: Impostor Among Us|Shadow Sneak|p1a: Scizor
|-damage|p1a: Scizor|35/100
|move|p1a: Scizor|Swords Dance|p1a: Scizor
|-boost|p1a: Scizor|atk|2
|
|upkeep
|turn|9
|
|t:|1611485070
|switch|p2a: Je me place & BOUM|Xerneas|100/100
|-ability|p2a: Je me place & BOUM|Fairy Aura
|move|p1a: Scizor|Bullet Punch|p2a: Je me place & BOUM
|-supereffective|p2a: Je me place & BOUM
|-damage|p2a: Je me place & BOUM|7/100
|
|upkeep
|turn|10
|
|t:|1611485078
|move|p1a: Scizor|Bullet Punch|p2a: Je me place & BOUM
|-supereffective|p2a: Je me place & BOUM
|-damage|p2a: Je me place & BOUM|0 fnt
|faint|p2a: Je me place & BOUM
|
|upkeep
|
|t:|1611485083
|switch|p2a: Impostor Among Us|Ditto, shiny|30/100
|-transform|p2a: Impostor Among Us|p1a: Scizor|[from] ability: Imposter
|turn|11
|
|t:|1611485089
|move|p2a: Impostor Among Us|Superpower|p1a: Scizor
|-damage|p1a: Scizor|0 fnt
|-unboost|p2a: Impostor Among Us|atk|1
|-unboost|p2a: Impostor Among Us|def|1
|faint|p1a: Scizor
|
|upkeep
|inactive|Battle timer is ON: inactive players will automatically lose when time's up. (requested by Mykerinos)
|
|t:|1611485132
|switch|p1a: Garchomp|Garchomp, F|100/100
|-damage|p1a: Garchomp|94/100|[from] Stealth Rock
|turn|12
|
|t:|1611485138
|move|p1a: Garchomp|Earthquake|p2a: Impostor Among Us
|-damage|p2a: Impostor Among Us|0 fnt
|faint|p2a: Impostor Among Us
|
|upkeep
|
|t:|1611485143
|switch|p2a: Choice Band|Darmanitan-Galar, M|100/100
|turn|13
|
|t:|1611485162
|switch|p1a: Ninetales|Ninetales-Alola, M|100/100
|-damage|p1a: Ninetales|75/100|[from] Stealth Rock
|-weather|Hail|[from] ability: Snow Warning|[of] p1a: Ninetales
|move|p2a: Choice Band|Substitute|p2a: Choice Band
|-start|p2a: Choice Band|Substitute
|-damage|p2a: Choice Band|75/100
|
|-weather|Hail|[upkeep]
|upkeep
|turn|14
|
|t:|1611485172
|move|p1a: Ninetales|Aurora Veil|p1a: Ninetales
|-sidestart|p1: yesman.90|move: Aurora Veil
|move|p2a: Choice Band|Belly Drum|p2a: Choice Band
|-damage|p2a: Choice Band|25/100
|-setboost|p2a: Choice Band|atk|6|[from] move: Belly Drum
|-enditem|p2a: Choice Band|Salac Berry|[eat]
|-boost|p2a: Choice Band|spe|1|[from] item: Salac Berry
|
|-weather|Hail|[upkeep]
|-formechange|p2a: Choice Band|Darmanitan-Galar-Zen|
|upkeep
|turn|15
|
|t:|1611485186
|move|p2a: Choice Band|Earthquake|p1a: Ninetales
|-damage|p1a: Ninetales|0 fnt
|faint|p1a: Ninetales
|
|-weather|Hail|[upkeep]
|upkeep
|
|t:|1611485194
|switch|p1a: Crobat|Crobat, M|100/100
|-damage|p1a: Crobat|75/100|[from] Stealth Rock
|turn|16
|
|t:|1611485208
|move|p2a: Choice Band|Ice Punch|p1a: Crobat
|-supereffective|p1a: Crobat
|-damage|p1a: Crobat|0 fnt
|faint|p1a: Crobat
|
|-weather|Hail|[upkeep]
|upkeep
|
|t:|1611485218
|switch|p1a: Garchomp|Garchomp, F|94/100
|-damage|p1a: Garchomp|88/100|[from] Stealth Rock
|turn|17
|
|t:|1611485224
|move|p2a: Choice Band|Ice Punch|p1a: Garchomp
|-supereffective|p1a: Garchomp
|-damage|p1a: Garchomp|0 fnt
|-damage|p2a: Choice Band|13/100|[from] ability: Rough Skin|[of] p1a: Garchomp
|faint|p1a: Garchomp
|
|-weather|none
|upkeep
|
|t:|1611485231
|switch|p1a: Coalossal|Coalossal, M|100/100
|-damage|p1a: Coalossal|75/100|[from] Stealth Rock
|turn|18
|
|t:|1611485236
|move|p2a: Choice Band|Earthquake|p1a: Coalossal
|-supereffective|p1a: Coalossal
|-crit|p1a: Coalossal
|-damage|p1a: Coalossal|0 fnt
|faint|p1a: Coalossal
|
|win|Mykerinos
|raw|yesman.90's rating: 1135 &rarr; <strong>1110</strong><br />(-25 for losing)
|raw|Mykerinos's rating: 1128 &rarr; <strong>1154</strong><br />(+26 for winning)
