|j|☆Hats
|j|☆Scavet
|t:|1661537818
|gametype|singles
|player|p1|Hats|sabrina-masters|
|player|p2|Scavet|brock-masters|
|teamsize|p1|6
|teamsize|p2|6
|gen|8
|tier|[Gen 8] Ubers
|rule|Sleep Clause Mod: Limit one foe put to sleep
|rule|Species Clause: Limit one of each Pokémon
|rule|OHKO Clause: OHKO moves are banned
|rule|Evasion Items Clause: Evasion items are banned
|rule|Evasion Moves Clause: Evasion moves are banned
|rule|Endless Battle Clause: Forcing endless battles is banned
|rule|HP Percentage Mod: HP is shown in percentages
|rule|Dynamax Clause: You cannot dynamax
|clearpoke
|poke|p1|Gastrodon-East, F|
|poke|p1|Eternatus|
|poke|p1|Necrozma-Dusk-Mane|
|poke|p1|Yveltal|
|poke|p1|Xerneas-*|
|poke|p1|Groudon|
|poke|p2|Calyrex-Shadow|
|poke|p2|Eternatus|
|poke|p2|Yveltal|
|poke|p2|Groudon|
|poke|p2|Necrozma-Dusk-Mane|
|poke|p2|Aerodactyl, M|
|teampreview
|c|☆Scavet|Hf !
|c|☆Hats|u2
|j| SICKO MODE INDER
|j| Starfall
|l| Starfall
|c|☆Hats|Est ce que tu peux mettre en public stp
|c|☆Scavet|ah dsl
|c|☆Scavet|/log Scavet made this room public.
|c|☆Hats|Merci
|c| SICKO MODE INDER|Allez scavet
|c| SICKO MODE INDER|t’as un bon MU
|j| Akeras
|j| bilelfamilybuzz54
|
|t:|1661537931
|start
|switch|p1a: Gastrodon|Gastrodon-East, F|100/100
|switch|p2a: Aerodactyl|Aerodactyl, M|100/100
|-ability|p2a: Aerodactyl|Pressure
|turn|1
|inactive|Battle timer is ON: inactive players will automatically lose when time's up. (requested by Hats)
|c| Akeras|Go le chapeau !
|j| ApOcalpse17
|c| bilelfamilybuzz54|tveux pas lui dire c quoi ses wincons aussi inder
|c| SICKO MODE INDER|Alors en y repensant
|c| Akeras|Mdrrr non
|c| SICKO MODE INDER|tse le mec qui n’a pas peur de se faire ban
|inactive|Scavet has 270 seconds left.
|c| bilelfamilybuzz54|mdrrr c nwar
|
|t:|1661537964
|move|p2a: Aerodactyl|Stealth Rock|p1a: Gastrodon
|-sidestart|p1: Hats|move: Stealth Rock
|move|p1a: Gastrodon|Scald|p2a: Aerodactyl
|-supereffective|p2a: Aerodactyl
|-damage|p2a: Aerodactyl|33/100
|-status|p2a: Aerodactyl|brn
|
|-damage|p2a: Aerodactyl|27/100 brn|[from] brn
|upkeep
|turn|2
|c|☆Hats|chut inder snn tu vas te faire ban de la team stratégique d'emeraudelta
|
|t:|1661537987
|move|p2a: Aerodactyl|Taunt|p1a: Gastrodon
|-start|p1a: Gastrodon|move: Taunt
|move|p1a: Gastrodon|Scald|p2a: Aerodactyl
|-supereffective|p2a: Aerodactyl
|-damage|p2a: Aerodactyl|0 fnt
|faint|p2a: Aerodactyl
|
|upkeep
|c|☆Scavet|C ballot
|c| SICKO MODE INDER|Merde
|c| SICKO MODE INDER|Jrepasse en SICKO MODE
|c| Akeras|Tsé
|l| Akeras
|inactive|Scavet has 270 seconds left.
|inactive|Scavet has 240 seconds left.
|
|t:|1661538061
|switch|p2a: Calyrex|Calyrex-Shadow|100/100
|-ability|p2a: Calyrex|As One
|-ability|p2a: Calyrex|Unnerve
|turn|3
|
|t:|1661538073
|switch|p1a: Yveltal|Yveltal|100/100
|-ability|p1a: Yveltal|Dark Aura
|move|p2a: Calyrex|Substitute|p2a: Calyrex
|-start|p2a: Calyrex|Substitute
|-damage|p2a: Calyrex|76/100
|
|upkeep
|turn|4
|j| Jeza.p
|
|t:|1661538077
|move|p2a: Calyrex|Nasty Plot|p2a: Calyrex
|-boost|p2a: Calyrex|spa|2
|move|p1a: Yveltal|Foul Play|p2a: Calyrex
|-supereffective|p2a: Calyrex
|-end|p2a: Calyrex|Substitute
|
|upkeep
|turn|5
|
|t:|1661538081
|move|p2a: Calyrex|Disable|p1a: Yveltal
|-start|p1a: Yveltal|Disable|Foul Play
|cant|p1a: Yveltal|Disable|Foul Play
|
|upkeep
|turn|6
|c| SICKO MODE INDER|Scavet wallah t’as 20/30
|c| SICKO MODE INDER|20/20*
|inactive|Hats has 270 seconds left.
|c| Jeza.p|gg
|inactive|Scavet has 240 seconds left.
|c| bilelfamilybuzz54|poké très sain
|c| SICKO MODE INDER|Day 2 ca m’a dit
|
|t:|1661538144
|move|p1a: Yveltal|Sucker Punch||[still]
|-fail|p1a: Yveltal
|move|p2a: Calyrex|Substitute|p2a: Calyrex
|-start|p2a: Calyrex|Substitute
|-damage|p2a: Calyrex|51/100
|
|upkeep
|turn|7
|c| SICKO MODE INDER|« calyrex sub disable c bien? »
|c| SICKO MODE INDER|j’ai tour de suite su qu’on allait être copain
|j| bien cringe
|j| Akeras
|inactive|Scavet has 210 seconds left.
|
|t:|1661538175
|move|p1a: Yveltal|Sucker Punch||[still]
|-fail|p1a: Yveltal
|move|p2a: Calyrex|Nasty Plot|p2a: Calyrex
|-boost|p2a: Calyrex|spa|2
|
|upkeep
|turn|8
|j| Arret du coeur
|c|☆Hats|Vraiment bien ce pokemon
|c|☆Hats|Sah
|l| Akeras
|c| SICKO MODE INDER|MDRRRRRR
|c| SICKO MODE INDER|VASY
|inactive|Scavet has 180 seconds left.
|j| Ponkey D Puffy
|
|t:|1661538214
|switch|p1a: Gastrodon|Gastrodon-East, F|100/100
|move|p2a: Calyrex|Nasty Plot|p2a: Calyrex
|-boost|p2a: Calyrex|spa|2
|
|upkeep
|turn|9
|
|t:|1661538220
|move|p2a: Calyrex|Astral Barrage|p1a: Gastrodon
|-damage|p1a: Gastrodon|0 fnt
|faint|p1a: Gastrodon
|
|upkeep
|
|t:|1661538225
|switch|p1a: Yveltal|Yveltal|100/100
|-ability|p1a: Yveltal|Dark Aura
|turn|10
|
|t:|1661538230
|move|p2a: Calyrex|Astral Barrage|p1a: Yveltal
|-resisted|p1a: Yveltal
|-damage|p1a: Yveltal|12/100
|move|p1a: Yveltal|Foul Play|p2a: Calyrex
|-supereffective|p2a: Calyrex
|-end|p2a: Calyrex|Substitute
|
|upkeep
|turn|11
|
|t:|1661538241
|move|p1a: Yveltal|Sucker Punch||[still]
|-fail|p1a: Yveltal
|move|p2a: Calyrex|Disable|p1a: Yveltal
|-start|p1a: Yveltal|Disable|Sucker Punch
|
|upkeep
|turn|12
|c| bien cringe|rappellez moi pk c'est pas ban déjà ?
|c| Ponkey D Puffy|hats
|c| Ponkey D Puffy|il se passe quoi ?
|c| bilelfamilybuzz54|feur
|c| SICKO MODE INDER|20/20
|c| Ponkey D Puffy|tu m'expliques stp
|c| bien cringe|feurent
|
|t:|1661538260
|switch|p1a: Groudon|Groudon|100/100
|-damage|p1a: Groudon|94/100|[from] Stealth Rock
|-weather|SunnyDay|[from] ability: Drought|[of] p1a: Groudon
|move|p2a: Calyrex|Astral Barrage|p1a: Groudon
|-damage|p1a: Groudon|0 fnt
|faint|p1a: Groudon
|
|-weather|SunnyDay|[upkeep]
|upkeep
|c| bien cringe|rah putain
|c| Ponkey D Puffy|mature le feur
|
|t:|1661538263
|switch|p1a: Yveltal|Yveltal|12/100
|-ability|p1a: Yveltal|Dark Aura
|turn|13
|c| bien cringe|issonent
|c| bien cringe|gg
|c|☆Hats|Il se passe que je suis entrain de perdre
|inactive|Hats has 270 seconds left.
|
|t:|1661538285
|move|p2a: Calyrex|Substitute|p2a: Calyrex
|-start|p2a: Calyrex|Substitute
|-damage|p2a: Calyrex|26/100
|move|p1a: Yveltal|Foul Play|p2a: Calyrex
|-supereffective|p2a: Calyrex
|-end|p2a: Calyrex|Substitute
|
|-weather|SunnyDay|[upkeep]
|upkeep
|turn|14
|c| SICKO MODE INDER|Scavet 1sem de jeu
|inactive|Hats has 270 seconds left.
|
|t:|1661538295
|move|p1a: Yveltal|Sucker Punch||[still]
|-fail|p1a: Yveltal
|move|p2a: Calyrex|Disable|p1a: Yveltal
|-start|p1a: Yveltal|Disable|Sucker Punch
|
|-weather|SunnyDay|[upkeep]
|upkeep
|turn|15
|c| SICKO MODE INDER|il a déjà 20/20
|c| SICKO MODE INDER|pickez le fcl
|c| SICKO MODE INDER|svp
|inactive|Hats has 270 seconds left.
|c| bien cringe|20/20
|
|t:|1661538317
|switch|p1a: Necrozma|Necrozma-Dusk-Mane|100/100
|-damage|p1a: Necrozma|94/100|[from] Stealth Rock
|move|p2a: Calyrex|Astral Barrage|p1a: Necrozma
|-supereffective|p1a: Necrozma
|-damage|p1a: Necrozma|0 fnt
|faint|p1a: Necrozma
|
|-weather|SunnyDay|[upkeep]
|upkeep
|
|t:|1661538319
|switch|p1a: Yveltal|Yveltal|12/100
|-ability|p1a: Yveltal|Dark Aura
|turn|16
|c| bien cringe|item de the biding of isaac tu sabes
|
|t:|1661538326
|move|p2a: Calyrex|Substitute|p2a: Calyrex
|-start|p2a: Calyrex|Substitute
|-damage|p2a: Calyrex|1/100
|move|p1a: Yveltal|Foul Play|p2a: Calyrex
|-supereffective|p2a: Calyrex
|-end|p2a: Calyrex|Substitute
|
|-weather|none
|upkeep
|turn|17
|c| bilelfamilybuzz54|inder tu veux bo5 après ?
|inactive|Scavet has 240 seconds left.
|j| Akeras
|
|t:|1661538341
|move|p1a: Yveltal|Sucker Punch|p2a: Calyrex
|-supereffective|p2a: Calyrex
|-damage|p2a: Calyrex|0 fnt
|faint|p2a: Calyrex
|
|upkeep
|c| SICKO MODE INDER|Azy
|c| bien cringe|rooh zut
|c| SICKO MODE INDER|ah ?
|c| bilelfamilybuzz54|bv
|l| Arret du coeur
|c| bien cringe|ça a pas 6zed
|c| SICKO MODE INDER|non nac ce plat
|c| SICKO MODE INDER|play
|c| bien cringe|balanced mon tsé
|j| 2 siblings demon
|c|☆Hats|Cool ce tier
|inactive|Scavet has 210 seconds left.
|c|☆Hats|Vraiment
|c| bien cringe|counterplay tsé
|j| Abbehzt
|c| 2 siblings demon|SCAVET
|c| Ponkey D Puffy|ta perdu les 50/50
|c| 2 siblings demon|Let's go l'équipe
|c| SICKO MODE INDER|Poire
|c| Ponkey D Puffy|de quoi tu te plains
|
|t:|1661538386
|switch|p2a: Eternatus|Eternatus|100/100
|-ability|p2a: Eternatus|Pressure
|turn|18
|c| SICKO MODE INDER|Avoue le
|c| 2 siblings demon|Oui inder
|c| SICKO MODE INDER|qu’on a 20/20
|
|t:|1661538397
|move|p1a: Yveltal|Sucker Punch|p2a: Eternatus
|-damage|p2a: Eternatus|68/100
|move|p2a: Eternatus|Sludge Bomb|p1a: Yveltal
|-damage|p1a: Yveltal|0 fnt
|faint|p1a: Yveltal
|
|upkeep
|c| bien cringe|si tu gagnes ça hats je te paie un kebab
|
|t:|1661538400
|switch|p1a: Eternatus|Eternatus|100/100
|-damage|p1a: Eternatus|88/100|[from] Stealth Rock
|-ability|p1a: Eternatus|Pressure
|turn|19
|c| Ponkey D Puffy|mdr
|c| 2 siblings demon|Ofc 20/20
|l| Akeras
|c|☆Hats|Svp
|
|t:|1661538415
|move|p1a: Eternatus|Dynamax Cannon|p2a: Eternatus
|-supereffective|p2a: Eternatus
|-damage|p2a: Eternatus|0 fnt
|faint|p2a: Eternatus
|-damage|p1a: Eternatus|78/100|[from] item: Life Orb
|
|upkeep
|c|☆Hats|Je gagne
|c| SICKO MODE INDER|ah bon
|inactive|Scavet has 210 seconds left.
|c| Abbehzt|Dit Bismillah ça porte chance
|c| bien cringe|je suis sérieux hein
|c| SICKO MODE INDER|tu l’as vu ou
|c| SICKO MODE INDER|le win path
|c|☆Hats|Non
|c|☆Hats|Le 5050
|c| 2 siblings demon|Hurta path
|c| bien cringe|prochaine fois tu viens sur paris le kebab
|c|☆Hats|mdrrrr
|
|t:|1661538451
|switch|p2a: Groudon|Groudon|100/100
|-weather|SunnyDay|[from] ability: Drought|[of] p2a: Groudon
|turn|20
|c| bien cringe|si tu gagnes
|c| SICKO MODE INDER|Hurta path j’te jure mdrrr
|c|☆Hats|Inchallah je gagnes
|
|t:|1661538458
|switch|p1a: Xerneas|Xerneas|100/100
|-damage|p1a: Xerneas|88/100|[from] Stealth Rock
|-ability|p1a: Xerneas|Fairy Aura
|-item|p1a: Xerneas|Air Balloon
|move|p2a: Groudon|Rock Polish|p2a: Groudon
|-boost|p2a: Groudon|spe|2
|
|-weather|SunnyDay|[upkeep]
|upkeep
|turn|21
|
|t:|1661538462
|move|p2a: Groudon|Stone Edge|p1a: Xerneas
|-damage|p1a: Xerneas|64/100
|-enditem|p1a: Xerneas|Air Balloon
|move|p1a: Xerneas|Moonblast|p2a: Groudon
|-damage|p2a: Groudon|43/100
|
|-weather|SunnyDay|[upkeep]
|upkeep
|turn|22
|c| bien cringe|un path t'as peur
|c| bilelfamilybuzz54|LOL
|inactive|Scavet has 210 seconds left.
|
|t:|1661538469
|move|p2a: Groudon|Precipice Blades|p1a: Xerneas
|-damage|p1a: Xerneas|21/100
|move|p1a: Xerneas|Moonblast|p2a: Groudon
|-damage|p2a: Groudon|0 fnt
|faint|p2a: Groudon
|
|-weather|SunnyDay|[upkeep]
|upkeep
|
|t:|1661538473
|switch|p2a: Necrozma|Necrozma-Dusk-Mane|100/100
|turn|23
|
|t:|1661538478
|move|p1a: Xerneas|Moonblast|p2a: Necrozma
|-resisted|p2a: Necrozma
|-damage|p2a: Necrozma|78/100
|-unboost|p2a: Necrozma|spa|1
|move|p2a: Necrozma|Trick Room|p2a: Necrozma
|-fieldstart|move: Trick Room|[of] p2a: Necrozma
|
|-weather|SunnyDay|[upkeep]
|upkeep
|turn|24
|
|t:|1661538495
|move|p2a: Necrozma|Earthquake|p1a: Xerneas
|-damage|p1a: Xerneas|0 fnt
|faint|p1a: Xerneas
|
|-weather|none
|upkeep
|
|t:|1661538499
|switch|p1a: Eternatus|Eternatus|78/100
|-damage|p1a: Eternatus|66/100|[from] Stealth Rock
|-ability|p1a: Eternatus|Pressure
|turn|25
|c| bien cringe|sensationel
|
|t:|1661538504
|move|p2a: Necrozma|Earthquake|p1a: Eternatus
|-supereffective|p1a: Eternatus
|-damage|p1a: Eternatus|0 fnt
|faint|p1a: Eternatus
|
|win|Scavet
|c|☆Hats|gg
|c|☆Scavet|gg
|l| 2 siblings demon
|l|☆Hats
|c| bien cringe|pas de kebab pour Hats
|l| Jeza.p
