|raw|<div class="broadcast-blue"><strong>This battle is required to be public due to a player having a name starting with 'ult4pdr'.</div>
|j|☆ult4pdr zesti
|j|☆Entrocefalo
|t:|1653943545
|gametype|singles
|player|p1|ult4pdr zesti|102|1346
|player|p2|Entrocefalo|1|1462
|teamsize|p1|6
|teamsize|p2|6
|gen|8
|tier|[Gen 8] Ubers
|rated|
|rule|Sleep Clause Mod: Limit one foe put to sleep
|rule|Species Clause: Limit one of each Pokémon
|rule|OHKO Clause: OHKO moves are banned
|rule|Evasion Moves Clause: Evasion moves are banned
|rule|Endless Battle Clause: Forcing endless battles is banned
|rule|HP Percentage Mod: HP is shown in percentages
|rule|Dynamax Clause: You cannot dynamax
|clearpoke
|poke|p1|Zygarde|
|poke|p1|Marshadow|
|poke|p1|Aerodactyl, M|
|poke|p1|Xerneas-*|
|poke|p1|Yveltal|
|poke|p1|Necrozma-Dusk-Mane|
|poke|p2|Froslass, F|
|poke|p2|Weavile, F|
|poke|p2|Darmanitan-Galar, M|
|poke|p2|Glalie, F|
|poke|p2|Cloyster, F|
|poke|p2|Kyurem-Black|
|teampreview
|c|☆Entrocefalo|hf
|
|t:|1653943581
|start
|switch|p1a: Aerodactyl|Aerodactyl, M|100/100
|switch|p2a: Cloyster|Cloyster, F, shiny|100/100
|-ability|p1a: Aerodactyl|Pressure
|turn|1
|
|t:|1653943587
|move|p2a: Cloyster|Ice Shard|p1a: Aerodactyl
|-supereffective|p1a: Aerodactyl
|-damage|p1a: Aerodactyl|50/100
|move|p1a: Aerodactyl|Taunt|p2a: Cloyster
|-start|p2a: Cloyster|move: Taunt
|
|upkeep
|turn|2
|inactive|Battle timer is ON: inactive players will automatically lose when time's up. (requested by Entrocefalo)
|c|☆ult4pdr zesti|hfhf
|
|t:|1653943598
|switch|p1a: Xerneas|Xerneas|100/100
|-ability|p1a: Xerneas|Fairy Aura
|move|p2a: Cloyster|Ice Shard|p1a: Xerneas
|-damage|p1a: Xerneas|87/100
|
|upkeep
|turn|3
|
|t:|1653943602
|move|p2a: Cloyster|Icicle Spear|p1a: Xerneas
|-damage|p1a: Xerneas|78/100
|-damage|p1a: Xerneas|69/100
|-damage|p1a: Xerneas|61/100
|-damage|p1a: Xerneas|52/100
|-crit|p1a: Xerneas
|-damage|p1a: Xerneas|40/100
|-hitcount|p1a: Xerneas|5
|move|p1a: Xerneas|Moonblast|p2a: Cloyster
|-enditem|p2a: Cloyster|Focus Sash
|-damage|p2a: Cloyster|1/100
|-unboost|p2a: Cloyster|spa|1
|
|upkeep
|turn|4
|
|t:|1653943611
|move|p2a: Cloyster|Icicle Spear|p1a: Xerneas
|-damage|p1a: Xerneas|31/100
|-damage|p1a: Xerneas|23/100
|-damage|p1a: Xerneas|14/100
|-damage|p1a: Xerneas|7/100
|-damage|p1a: Xerneas|0 fnt
|faint|p1a: Xerneas
|-hitcount|p1: Xerneas|5
|
|-end|p2a: Cloyster|move: Taunt
|upkeep
|
|t:|1653943613
|switch|p1a: Marshadow|Marshadow|100/100
|turn|5
|
|t:|1653943618
|move|p1a: Marshadow|Shadow Sneak|p2a: Cloyster
|-damage|p2a: Cloyster|0 fnt
|faint|p2a: Cloyster
|-damage|p1a: Marshadow|91/100|[from] item: Life Orb
|
|upkeep
|
|t:|1653943623
|switch|p2a: Weavile|Weavile, F, shiny|100/100
|-ability|p2a: Weavile|Pressure
|turn|6
|
|t:|1653943636
|move|p2a: Weavile|Knock Off|p1a: Marshadow
|-damage|p1a: Marshadow|31/100
|-enditem|p1a: Marshadow|Life Orb|[from] move: Knock Off|[of] p2a: Weavile
|move|p1a: Marshadow|Close Combat|p2a: Weavile
|-supereffective|p2a: Weavile
|-crit|p2a: Weavile
|-enditem|p2a: Weavile|Focus Sash
|-damage|p2a: Weavile|1/100
|-unboost|p1a: Marshadow|def|1
|-unboost|p1a: Marshadow|spd|1
|
|upkeep
|turn|7
|
|t:|1653943640
|switch|p1a: Necrozma|Necrozma-Dusk-Mane|100/100
|move|p2a: Weavile|Ice Shard|p1a: Necrozma
|-resisted|p1a: Necrozma
|-damage|p1a: Necrozma|93/100
|
|upkeep
|turn|8
|
|t:|1653943644
|move|p2a: Weavile|Knock Off|p1a: Necrozma
|-supereffective|p1a: Necrozma
|-damage|p1a: Necrozma|34/100
|-enditem|p1a: Necrozma|Life Orb|[from] move: Knock Off|[of] p2a: Weavile
|move|p1a: Necrozma|Sunsteel Strike|p2a: Weavile
|-supereffective|p2a: Weavile
|-damage|p2a: Weavile|0 fnt
|faint|p2a: Weavile
|
|upkeep
|inactive|Entrocefalo has 120 seconds left.
|
|t:|1653943688
|switch|p2a: Darmanitan|Darmanitan-Galar, M, shiny|100/100
|turn|9
|
|t:|1653943691
|move|p2a: Darmanitan|U-turn|p1a: Necrozma
|-damage|p1a: Necrozma|3/100
|
|t:|1653943693
|switch|p2a: Froslass|Froslass, F, shiny|100/100|[from]move: U-turn
|move|p1a: Necrozma|Sunsteel Strike|p2a: Froslass
|-supereffective|p2a: Froslass
|-enditem|p2a: Froslass|Focus Sash
|-damage|p2a: Froslass|1/100
|
|upkeep
|turn|10
|
|t:|1653943697
|switch|p1a: Aerodactyl|Aerodactyl, M|50/100
|-ability|p1a: Aerodactyl|Pressure
|move|p2a: Froslass|Spikes|p1a: Aerodactyl
|-sidestart|p1: ult4pdr zesti|Spikes
|
|upkeep
|turn|11
|
|t:|1653943708
|move|p1a: Aerodactyl|Stealth Rock|p2a: Froslass
|-sidestart|p2: Entrocefalo|move: Stealth Rock
|move|p2a: Froslass|Taunt|p1a: Aerodactyl
|-start|p1a: Aerodactyl|move: Taunt
|
|upkeep
|turn|12
|
|t:|1653943712
|move|p1a: Aerodactyl|Rock Blast|p2a: Froslass
|-supereffective|p2a: Froslass
|-damage|p2a: Froslass|0 fnt
|-start|p1a: Aerodactyl|Disable|Rock Blast|[from] ability: Cursed Body|[of] p2a: Froslass
|faint|p2a: Froslass
|-hitcount|p2: Froslass|1
|
|upkeep
|
|t:|1653943714
|switch|p2a: Kyurem|Kyurem-Black|100/100
|-damage|p2a: Kyurem|75/100|[from] Stealth Rock
|-ability|p2a: Kyurem|Teravolt
|turn|13
|
|t:|1653943718
|switch|p1a: Necrozma|Necrozma-Dusk-Mane|3/100
|-damage|p1a: Necrozma|0 fnt|[from] Spikes
|faint|p1a: Necrozma
|move|p2a: Kyurem|Dragon Dance|p2a: Kyurem
|-boost|p2a: Kyurem|atk|1
|-boost|p2a: Kyurem|spe|1
|
|upkeep
|
|t:|1653943725
|switch|p1a: Aerodactyl|Aerodactyl, M|50/100
|-ability|p1a: Aerodactyl|Pressure
|turn|14
|
|t:|1653943728
|move|p2a: Kyurem|Icicle Spear|p1a: Aerodactyl
|-supereffective|p1a: Aerodactyl
|-damage|p1a: Aerodactyl|0 fnt
|faint|p1a: Aerodactyl
|-hitcount|p1: Aerodactyl|1
|
|upkeep
|
|t:|1653943732
|switch|p1a: Yveltal|Yveltal|100/100
|-ability|p1a: Yveltal|Dark Aura
|turn|15
|
|t:|1653943736
|move|p1a: Yveltal|Sucker Punch|p2a: Kyurem
|-damage|p2a: Kyurem|19/100
|-damage|p1a: Yveltal|91/100|[from] item: Life Orb
|move|p2a: Kyurem|Icicle Spear|p1a: Yveltal
|-supereffective|p1a: Yveltal
|-damage|p1a: Yveltal|48/100
|-supereffective|p1a: Yveltal
|-damage|p1a: Yveltal|5/100
|-supereffective|p1a: Yveltal
|-damage|p1a: Yveltal|0 fnt
|faint|p1a: Yveltal
|-hitcount|p1: Yveltal|3
|
|upkeep
|
|t:|1653943738
|switch|p1a: Marshadow|Marshadow|31/100
|-damage|p1a: Marshadow|19/100|[from] Spikes
|turn|16
|
|t:|1653943745
|move|p1a: Marshadow|Shadow Sneak|p2a: Kyurem
|-damage|p2a: Kyurem|0 fnt
|faint|p2a: Kyurem
|
|upkeep
|
|t:|1653943748
|switch|p2a: Darmanitan|Darmanitan-Galar, M, shiny|100/100
|-damage|p2a: Darmanitan|76/100|[from] Stealth Rock
|turn|17
|
|t:|1653943750
|move|p1a: Marshadow|Shadow Sneak|p2a: Darmanitan
|-damage|p2a: Darmanitan|21/100
|move|p2a: Darmanitan|Icicle Crash|p1a: Marshadow
|-damage|p1a: Marshadow|0 fnt
|faint|p1a: Marshadow
|
|upkeep
|
|t:|1653943752
|switch|p1a: Zygarde|Zygarde|100/100
|-damage|p1a: Zygarde|88/100|[from] Spikes
|turn|18
|
|t:|1653943754
|move|p2a: Darmanitan|Icicle Crash|p1a: Zygarde
|-supereffective|p1a: Zygarde
|-damage|p1a: Zygarde|0 fnt
|faint|p1a: Zygarde
|
|win|Entrocefalo
|raw|ult4pdr zesti's rating: 1346 &rarr; <strong>1332</strong><br />(-14 for losing)
|raw|Entrocefalo's rating: 1462 &rarr; <strong>1476</strong><br />(+14 for winning)
|l|☆ult4pdr zesti
|c|☆Entrocefalo|GG
||Ladder isn't responding, score probably updated but might not have (Request timeout).
