|j|☆4125al41
|j|☆LD8 nvzhuangkeai
|t:|1661841312
|gametype|singles
|player|p1|4125al41|steven|1618
|player|p2|LD8 nvzhuangkeai|dawn|1706
|teamsize|p1|6
|teamsize|p2|6
|gen|8
|tier|[Gen 8] Ubers
|rated|
|rule|Sleep Clause Mod: Limit one foe put to sleep
|rule|Species Clause: Limit one of each Pokémon
|rule|OHKO Clause: OHKO moves are banned
|rule|Evasion Items Clause: Evasion items are banned
|rule|Evasion Moves Clause: Evasion moves are banned
|rule|Endless Battle Clause: Forcing endless battles is banned
|rule|HP Percentage Mod: HP is shown in percentages
|rule|Dynamax Clause: You cannot dynamax
|clearpoke
|poke|p1|Marshadow|
|poke|p1|Eternatus|
|poke|p1|Calyrex-Shadow|
|poke|p1|Ho-Oh|
|poke|p1|Groudon|
|poke|p1|Xerneas-*|
|poke|p2|Groudon|
|poke|p2|Tapu Koko|
|poke|p2|Eternatus|
|poke|p2|Lunala|
|poke|p2|Necrozma-Dusk-Mane|
|poke|p2|Yveltal|
|teampreview
|
|t:|1661841328
|start
|switch|p1a: Calyrex|Calyrex-Shadow|100/100
|switch|p2a: Groudon|Groudon|100/100
|-ability|p1a: Calyrex|As One
|-ability|p1a: Calyrex|Unnerve
|-weather|SunnyDay|[from] ability: Drought|[of] p2a: Groudon
|turn|1
|
|t:|1661841333
|switch|p2a: Yveltal|Yveltal|100/100
|-ability|p2a: Yveltal|Dark Aura
|move|p1a: Calyrex|Astral Barrage|p2a: Yveltal
|-resisted|p2a: Yveltal
|-damage|p2a: Yveltal|64/100
|
|-weather|SunnyDay|[upkeep]
|upkeep
|turn|2
|
|t:|1661841336
|switch|p1a: Groudon|Groudon|100/100
|move|p2a: Yveltal|Roost|p2a: Yveltal
|-heal|p2a: Yveltal|100/100
|-singleturn|p2a: Yveltal|move: Roost
|
|-weather|SunnyDay|[upkeep]
|upkeep
|turn|3
|
|t:|1661841340
|switch|p2a: Lunala|Lunala|100/100
|move|p1a: Groudon|Stealth Rock|p2a: Lunala
|-sidestart|p2: LD8 nvzhuangkeai|move: Stealth Rock
|
|-weather|SunnyDay|[upkeep]
|upkeep
|turn|4
|
|t:|1661841345
|switch|p1a: Eternatus|Eternatus|100/100
|-ability|p1a: Eternatus|Pressure
|move|p2a: Lunala|Will-O-Wisp|p1a: Eternatus
|-status|p1a: Eternatus|brn
|
|-weather|SunnyDay|[upkeep]
|-damage|p1a: Eternatus|94/100 brn|[from] brn
|upkeep
|turn|5
|
|t:|1661841349
|switch|p1a: Ho-Oh|Ho-Oh|100/100
|switch|p2a: Necrozma|Necrozma-Dusk-Mane|100/100
|-damage|p2a: Necrozma|94/100|[from] Stealth Rock
|
|-weather|none
|-heal|p2a: Necrozma|100/100|[from] item: Leftovers
|upkeep
|turn|6
|
|t:|1661841361
|switch|p2a: Tapu Koko|Tapu Koko|100/100
|-fieldstart|move: Electric Terrain|[from] ability: Electric Surge|[of] p2a: Tapu Koko
|move|p1a: Ho-Oh|Sacred Fire|p2a: Tapu Koko
|-damage|p2a: Tapu Koko|53/100
|
|upkeep
|turn|7
|
|t:|1661841369
|switch|p1a: Groudon|Groudon|100/100
|-weather|SunnyDay|[from] ability: Drought|[of] p1a: Groudon
|move|p2a: Tapu Koko|Roost|p2a: Tapu Koko
|-heal|p2a: Tapu Koko|100/100
|-singleturn|p2a: Tapu Koko|move: Roost
|
|-weather|SunnyDay|[upkeep]
|upkeep
|turn|8
|
|t:|1661841374
|switch|p2a: Lunala|Lunala|100/100
|move|p1a: Groudon|Precipice Blades|p2a: Lunala
|-damage|p2a: Lunala|78/100
|
|-weather|SunnyDay|[upkeep]
|upkeep
|turn|9
|
|t:|1661841378
|switch|p1a: Ho-Oh|Ho-Oh|100/100
|move|p2a: Lunala|Roost|p2a: Lunala
|-heal|p2a: Lunala|100/100
|-singleturn|p2a: Lunala|move: Roost
|
|-weather|SunnyDay|[upkeep]
|upkeep
|turn|10
|
|t:|1661841381
|switch|p2a: Eternatus|Eternatus|100/100
|-damage|p2a: Eternatus|88/100|[from] Stealth Rock
|-ability|p2a: Eternatus|Pressure
|move|p1a: Ho-Oh|Sacred Fire|p2a: Eternatus
|-resisted|p2a: Eternatus
|-damage|p2a: Eternatus|62/100
|
|-weather|SunnyDay|[upkeep]
|-fieldend|move: Electric Terrain
|upkeep
|turn|11
|
|t:|1661841385
|switch|p1a: Calyrex|Calyrex-Shadow|100/100
|-ability|p1a: Calyrex|As One
|-ability|p1a: Calyrex|Unnerve
|move|p2a: Eternatus|Recover|p2a: Eternatus
|-heal|p2a: Eternatus|100/100
|
|-weather|none
|upkeep
|turn|12
|
|t:|1661841390
|switch|p1a: Groudon|Groudon|100/100
|-weather|SunnyDay|[from] ability: Drought|[of] p1a: Groudon
|switch|p2a: Yveltal|Yveltal|100/100
|-ability|p2a: Yveltal|Dark Aura
|
|-weather|SunnyDay|[upkeep]
|upkeep
|turn|13
|
|t:|1661841394
|switch|p2a: Lunala|Lunala|100/100
|move|p1a: Groudon|Thunder Wave|p2a: Lunala|[miss]
|-miss|p1a: Groudon|p2a: Lunala
|
|-weather|SunnyDay|[upkeep]
|upkeep
|turn|14
|
|t:|1661841400
|switch|p1a: Ho-Oh|Ho-Oh|100/100
|move|p2a: Lunala|Ice Beam|p1a: Ho-Oh
|-damage|p1a: Ho-Oh|86/100
|
|-weather|SunnyDay|[upkeep]
|upkeep
|turn|15
|
|t:|1661841410
|switch|p2a: Eternatus|Eternatus|100/100
|-damage|p2a: Eternatus|88/100|[from] Stealth Rock
|-ability|p2a: Eternatus|Pressure
|move|p1a: Ho-Oh|Toxic|p2a: Eternatus
|-immune|p2a: Eternatus
|
|-weather|SunnyDay|[upkeep]
|upkeep
|turn|16
|
|t:|1661841415
|switch|p1a: Groudon|Groudon|100/100
|move|p2a: Eternatus|Sludge Bomb|p1a: Groudon
|-resisted|p1a: Groudon
|-damage|p1a: Groudon|82/100
|
|-weather|none
|-heal|p1a: Groudon|89/100|[from] item: Leftovers
|upkeep
|turn|17
|
|t:|1661841425
|switch|p2a: Groudon|Groudon|100/100
|-damage|p2a: Groudon|94/100|[from] Stealth Rock
|-weather|SunnyDay|[from] ability: Drought|[of] p2a: Groudon
|move|p1a: Groudon|Thunder Wave|p2a: Groudon
|-immune|p2a: Groudon
|
|-weather|SunnyDay|[upkeep]
|-heal|p2a: Groudon|100/100|[from] item: Leftovers
|-heal|p1a: Groudon|95/100|[from] item: Leftovers
|upkeep
|turn|18
|
|t:|1661841429
|switch|p1a: Calyrex|Calyrex-Shadow|100/100
|-ability|p1a: Calyrex|As One
|-ability|p1a: Calyrex|Unnerve
|move|p2a: Groudon|Stealth Rock|p1a: Calyrex
|-sidestart|p1: 4125al41|move: Stealth Rock
|
|-weather|SunnyDay|[upkeep]
|upkeep
|turn|19
|
|t:|1661841432
|switch|p2a: Yveltal|Yveltal|100/100
|-ability|p2a: Yveltal|Dark Aura
|move|p1a: Calyrex|Trick|p2a: Yveltal
|-activate|p1a: Calyrex|move: Trick|[of] p2a: Yveltal
|-item|p2a: Yveltal|Choice Specs|[from] move: Trick
|-item|p1a: Calyrex|Heavy-Duty Boots|[from] move: Trick
|
|-weather|SunnyDay|[upkeep]
|upkeep
|turn|20
|
|t:|1661841436
|switch|p1a: Groudon|Groudon|95/100
|-damage|p1a: Groudon|89/100|[from] Stealth Rock
|move|p2a: Yveltal|Knock Off|p1a: Groudon
|-damage|p1a: Groudon|63/100
|-enditem|p1a: Groudon|Leftovers|[from] move: Knock Off|[of] p2a: Yveltal
|
|-weather|SunnyDay|[upkeep]
|upkeep
|turn|21
|
|t:|1661841451
|switch|p2a: Lunala|Lunala|100/100
|move|p1a: Groudon|Precipice Blades|p2a: Lunala
|-damage|p2a: Lunala|78/100
|
|-weather|none
|upkeep
|turn|22
|
|t:|1661841456
|switch|p1a: Ho-Oh|Ho-Oh|100/100
|move|p2a: Lunala|Roost|p2a: Lunala
|-heal|p2a: Lunala|100/100
|-singleturn|p2a: Lunala|move: Roost
|
|upkeep
|turn|23
|
|t:|1661841466
|switch|p2a: Eternatus|Eternatus|88/100
|-damage|p2a: Eternatus|76/100|[from] Stealth Rock
|-ability|p2a: Eternatus|Pressure
|switch|p1a: Calyrex|Calyrex-Shadow|100/100
|-ability|p1a: Calyrex|As One
|-ability|p1a: Calyrex|Unnerve
|
|upkeep
|turn|24
|
|t:|1661841474
|switch|p2a: Yveltal|Yveltal|100/100
|-damage|p2a: Yveltal|76/100|[from] Stealth Rock
|-ability|p2a: Yveltal|Dark Aura
|move|p1a: Calyrex|Psyshock|p2a: Yveltal
|-immune|p2a: Yveltal
|
|upkeep
|turn|25
|
|t:|1661841479
|switch|p1a: Groudon|Groudon|63/100
|-damage|p1a: Groudon|56/100|[from] Stealth Rock
|-weather|SunnyDay|[from] ability: Drought|[of] p1a: Groudon
|move|p2a: Yveltal|Roost|p2a: Yveltal
|-heal|p2a: Yveltal|100/100
|-singleturn|p2a: Yveltal|move: Roost
|
|-weather|SunnyDay|[upkeep]
|upkeep
|turn|26
|
|t:|1661841485
|switch|p2a: Groudon|Groudon|100/100
|-damage|p2a: Groudon|94/100|[from] Stealth Rock
|switch|p1a: Calyrex|Calyrex-Shadow|100/100
|-ability|p1a: Calyrex|As One
|-ability|p1a: Calyrex|Unnerve
|
|-weather|SunnyDay|[upkeep]
|-heal|p2a: Groudon|100/100|[from] item: Leftovers
|upkeep
|turn|27
|
|t:|1661841488
|move|p1a: Calyrex|Astral Barrage|p2a: Groudon
|-damage|p2a: Groudon|31/100
|move|p2a: Groudon|Precipice Blades|p1a: Calyrex
|-damage|p1a: Calyrex|36/100
|
|-weather|SunnyDay|[upkeep]
|-heal|p2a: Groudon|37/100|[from] item: Leftovers
|upkeep
|turn|28
|
|t:|1661841493
|switch|p1a: Ho-Oh|Ho-Oh|100/100
|switch|p2a: Yveltal|Yveltal|100/100
|-damage|p2a: Yveltal|76/100|[from] Stealth Rock
|-ability|p2a: Yveltal|Dark Aura
|
|-weather|SunnyDay|[upkeep]
|upkeep
|turn|29
|
|t:|1661841499
|switch|p2a: Eternatus|Eternatus|76/100
|-damage|p2a: Eternatus|63/100|[from] Stealth Rock
|-ability|p2a: Eternatus|Pressure
|move|p1a: Ho-Oh|Sacred Fire|p2a: Eternatus
|-resisted|p2a: Eternatus
|-damage|p2a: Eternatus|37/100
|-status|p2a: Eternatus|brn
|
|-weather|none
|-damage|p2a: Eternatus|30/100 brn|[from] brn
|upkeep
|turn|30
|
|t:|1661841508
|switch|p1a: Calyrex|Calyrex-Shadow|36/100
|-ability|p1a: Calyrex|As One
|-ability|p1a: Calyrex|Unnerve
|move|p2a: Eternatus|Recover|p2a: Eternatus
|-heal|p2a: Eternatus|80/100 brn
|
|-damage|p2a: Eternatus|74/100 brn|[from] brn
|upkeep
|turn|31
|
|t:|1661841516
|switch|p1a: Groudon|Groudon|56/100
|-damage|p1a: Groudon|50/100|[from] Stealth Rock
|-weather|SunnyDay|[from] ability: Drought|[of] p1a: Groudon
|move|p2a: Eternatus|Draco Meteor|p1a: Groudon|[miss]
|-miss|p2a: Eternatus|p1a: Groudon
|
|-weather|SunnyDay|[upkeep]
|-damage|p2a: Eternatus|68/100 brn|[from] brn
|upkeep
|turn|32
|
|t:|1661841521
|switch|p1a: Ho-Oh|Ho-Oh|100/100
|move|p2a: Eternatus|Draco Meteor|p1a: Ho-Oh|[miss]
|-miss|p2a: Eternatus|p1a: Ho-Oh
|
|-weather|SunnyDay|[upkeep]
|-damage|p2a: Eternatus|62/100 brn|[from] brn
|upkeep
|turn|33
|
|t:|1661841531
|switch|p1a: Calyrex|Calyrex-Shadow|36/100
|-ability|p1a: Calyrex|As One
|-ability|p1a: Calyrex|Unnerve
|move|p2a: Eternatus|Recover|p2a: Eternatus
|-heal|p2a: Eternatus|100/100 brn
|
|-weather|SunnyDay|[upkeep]
|-damage|p2a: Eternatus|94/100 brn|[from] brn
|upkeep
|turn|34
|
|t:|1661841536
|move|p1a: Calyrex|Psyshock|p2a: Eternatus
|-supereffective|p2a: Eternatus
|-damage|p2a: Eternatus|21/100 brn
|move|p2a: Eternatus|Flamethrower|p1a: Calyrex
|-damage|p1a: Calyrex|0 fnt
|faint|p1a: Calyrex
|
|-weather|SunnyDay|[upkeep]
|-damage|p2a: Eternatus|15/100 brn|[from] brn
|upkeep
|
|t:|1661841543
|switch|p1a: Eternatus|Eternatus|94/100 brn
|-damage|p1a: Eternatus|82/100 brn|[from] Stealth Rock
|-ability|p1a: Eternatus|Pressure
|turn|35
|
|t:|1661841549
|move|p2a: Eternatus|Draco Meteor|p1a: Eternatus|[miss]
|-miss|p2a: Eternatus|p1a: Eternatus
|move|p1a: Eternatus|Flamethrower|p2a: Eternatus
|-resisted|p2a: Eternatus
|-damage|p2a: Eternatus|0 fnt
|faint|p2a: Eternatus
|
|-weather|none
|-damage|p1a: Eternatus|76/100 brn|[from] brn
|upkeep
|c|☆LD8 nvzhuangkeai|wtf
|
|t:|1661841562
|switch|p2a: Necrozma|Necrozma-Dusk-Mane|100/100
|-damage|p2a: Necrozma|94/100|[from] Stealth Rock
|turn|36
|
|t:|1661841566
|switch|p1a: Groudon|Groudon|50/100
|-damage|p1a: Groudon|44/100|[from] Stealth Rock
|-weather|SunnyDay|[from] ability: Drought|[of] p1a: Groudon
|move|p2a: Necrozma|Knock Off|p1a: Groudon
|-damage|p1a: Groudon|33/100
|
|-weather|SunnyDay|[upkeep]
|-heal|p2a: Necrozma|100/100|[from] item: Leftovers
|upkeep
|turn|37
|
|t:|1661841587
|switch|p2a: Lunala|Lunala|100/100
|move|p1a: Groudon|Precipice Blades|p2a: Lunala
|-damage|p2a: Lunala|75/100
|
|-weather|SunnyDay|[upkeep]
|upkeep
|turn|38
|
|t:|1661841591
|switch|p1a: Ho-Oh|Ho-Oh|100/100
|move|p2a: Lunala|Roost|p2a: Lunala
|-heal|p2a: Lunala|100/100
|-singleturn|p2a: Lunala|move: Roost
|
|-weather|SunnyDay|[upkeep]
|upkeep
|turn|39
|
|t:|1661841605
|move|p2a: Lunala|Ice Beam|p1a: Ho-Oh
|-damage|p1a: Ho-Oh|87/100
|move|p1a: Ho-Oh|Toxic|p2a: Lunala
|-status|p2a: Lunala|tox
|
|-weather|SunnyDay|[upkeep]
|-damage|p2a: Lunala|94/100 tox|[from] psn
|upkeep
|turn|40
|
|t:|1661841608
|move|p2a: Lunala|Ice Beam|p1a: Ho-Oh
|-damage|p1a: Ho-Oh|74/100
|move|p1a: Ho-Oh|Sacred Fire|p2a: Lunala
|-crit|p2a: Lunala
|-damage|p2a: Lunala|21/100 tox
|
|-weather|none
|-damage|p2a: Lunala|9/100 tox|[from] psn
|upkeep
|turn|41
|
|t:|1661841612
|move|p2a: Lunala|Roost|p2a: Lunala
|-heal|p2a: Lunala|59/100 tox
|-singleturn|p2a: Lunala|move: Roost
|move|p1a: Ho-Oh|Roost|p1a: Ho-Oh
|-heal|p1a: Ho-Oh|100/100
|-singleturn|p1a: Ho-Oh|move: Roost
|
|-damage|p2a: Lunala|41/100 tox|[from] psn
|upkeep
|turn|42
|
|t:|1661841618
|switch|p1a: Xerneas|Xerneas|100/100
|-damage|p1a: Xerneas|88/100|[from] Stealth Rock
|-ability|p1a: Xerneas|Fairy Aura
|move|p2a: Lunala|Roost|p2a: Lunala
|-heal|p2a: Lunala|91/100 tox
|-singleturn|p2a: Lunala|move: Roost
|
|-damage|p2a: Lunala|67/100 tox|[from] psn
|upkeep
|turn|43
|
|t:|1661841622
|switch|p1a: Groudon|Groudon|33/100
|-damage|p1a: Groudon|27/100|[from] Stealth Rock
|-weather|SunnyDay|[from] ability: Drought|[of] p1a: Groudon
|switch|p2a: Necrozma|Necrozma-Dusk-Mane|100/100
|-damage|p2a: Necrozma|94/100|[from] Stealth Rock
|
|-weather|SunnyDay|[upkeep]
|-heal|p2a: Necrozma|100/100|[from] item: Leftovers
|upkeep
|turn|44
|
|t:|1661841628
|switch|p2a: Lunala|Lunala|67/100 tox
|move|p1a: Groudon|Precipice Blades|p2a: Lunala
|-damage|p2a: Lunala|19/100 tox
|
|-weather|SunnyDay|[upkeep]
|-damage|p2a: Lunala|13/100 tox|[from] psn
|upkeep
|turn|45
|
|t:|1661841633
|switch|p1a: Ho-Oh|Ho-Oh|100/100
|move|p2a: Lunala|Ice Beam|p1a: Ho-Oh
|-crit|p1a: Ho-Oh
|-damage|p1a: Ho-Oh|80/100
|
|-weather|SunnyDay|[upkeep]
|-damage|p2a: Lunala|1/100 tox|[from] psn
|upkeep
|turn|46
|
|t:|1661841641
|switch|p1a: Eternatus|Eternatus|76/100 brn
|-damage|p1a: Eternatus|63/100 brn|[from] Stealth Rock
|-ability|p1a: Eternatus|Pressure
|move|p2a: Lunala|Roost|p2a: Lunala
|-heal|p2a: Lunala|51/100 tox
|-singleturn|p2a: Lunala|move: Roost
|
|-weather|SunnyDay|[upkeep]
|-damage|p2a: Lunala|33/100 tox|[from] psn
|-damage|p1a: Eternatus|57/100 brn|[from] brn
|upkeep
|turn|47
|
|t:|1661841647
|switch|p2a: Necrozma|Necrozma-Dusk-Mane|100/100
|-damage|p2a: Necrozma|94/100|[from] Stealth Rock
|move|p1a: Eternatus|Flamethrower|p2a: Necrozma
|-supereffective|p2a: Necrozma
|-damage|p2a: Necrozma|47/100
|
|-weather|none
|-heal|p2a: Necrozma|53/100|[from] item: Leftovers
|-damage|p1a: Eternatus|51/100 brn|[from] brn
|upkeep
|turn|48
|
|t:|1661841652
|switch|p1a: Groudon|Groudon|27/100
|-damage|p1a: Groudon|21/100|[from] Stealth Rock
|-weather|SunnyDay|[from] ability: Drought|[of] p1a: Groudon
|move|p2a: Necrozma|Iron Head|p1a: Groudon
|-damage|p1a: Groudon|0 fnt
|faint|p1a: Groudon
|
|-weather|SunnyDay|[upkeep]
|-heal|p2a: Necrozma|59/100|[from] item: Leftovers
|upkeep
|
|t:|1661841664
|switch|p1a: Ho-Oh|Ho-Oh|100/100
|turn|49
|
|t:|1661841674
|switch|p2a: Lunala|Lunala|33/100 tox
|move|p1a: Ho-Oh|Sacred Fire|p2a: Lunala
|-damage|p2a: Lunala|0 fnt
|faint|p2a: Lunala
|
|-weather|SunnyDay|[upkeep]
|upkeep
|
|t:|1661841681
|switch|p2a: Tapu Koko|Tapu Koko|100/100
|-fieldstart|move: Electric Terrain|[from] ability: Electric Surge|[of] p2a: Tapu Koko
|turn|50
|
|t:|1661841685
|switch|p1a: Xerneas|Xerneas|88/100
|-damage|p1a: Xerneas|76/100|[from] Stealth Rock
|-ability|p1a: Xerneas|Fairy Aura
|move|p2a: Tapu Koko|Volt Switch|p1a: Xerneas
|-damage|p1a: Xerneas|51/100
|
|t:|1661841688
|switch|p2a: Necrozma|Necrozma-Dusk-Mane|59/100|[from]move: Volt Switch
|-damage|p2a: Necrozma|53/100|[from] Stealth Rock
|
|-weather|SunnyDay|[upkeep]
|-heal|p2a: Necrozma|59/100|[from] item: Leftovers
|upkeep
|turn|51
|
|t:|1661841694
|switch|p1a: Ho-Oh|Ho-Oh|100/100
|move|p2a: Necrozma|Moonlight|p2a: Necrozma
|-heal|p2a: Necrozma|100/100
|
|-weather|SunnyDay|[upkeep]
|upkeep
|turn|52
|
|t:|1661841700
|move|p1a: Ho-Oh|Defog|p2a: Necrozma
|-unboost|p2a: Necrozma|evasion|1
|-sideend|p2: LD8 nvzhuangkeai|Stealth Rock|[from] move: Defog|[of] p1a: Ho-Oh
|-sideend|p1: 4125al41|Stealth Rock|[from] move: Defog|[of] p1a: Ho-Oh
|-fieldend|move: Electric Terrain
|move|p2a: Necrozma|Thunder Wave|p1a: Ho-Oh|[miss]
|-miss|p2a: Necrozma|p1a: Ho-Oh
|
|-weather|none
|upkeep
|turn|53
|
|t:|1661841705
|switch|p1a: Eternatus|Eternatus|51/100 brn
|-ability|p1a: Eternatus|Pressure
|move|p2a: Necrozma|Thunder Wave||[still]
|-fail|p2a: Necrozma
|
|-damage|p1a: Eternatus|45/100 brn|[from] brn
|upkeep
|turn|54
|
|t:|1661841711
|move|p1a: Eternatus|Recover|p1a: Eternatus
|-heal|p1a: Eternatus|95/100 brn
|move|p2a: Necrozma|Knock Off|p1a: Eternatus
|-damage|p1a: Eternatus|68/100 brn
|-enditem|p1a: Eternatus|Power Herb|[from] move: Knock Off|[of] p2a: Necrozma
|
|-damage|p1a: Eternatus|62/100 brn|[from] brn
|upkeep
|turn|55
|
|t:|1661841721
|move|p1a: Eternatus|Flamethrower|p2a: Necrozma
|-supereffective|p2a: Necrozma
|-damage|p2a: Necrozma|69/100
|-status|p2a: Necrozma|brn
|move|p2a: Necrozma|Iron Head|p1a: Eternatus
|-damage|p1a: Eternatus|45/100 brn
|
|-heal|p2a: Necrozma|75/100 brn|[from] item: Leftovers
|-damage|p1a: Eternatus|39/100 brn|[from] brn
|-damage|p2a: Necrozma|69/100 brn|[from] brn
|upkeep
|turn|56
|c|☆LD8 nvzhuangkeai|？
|
|t:|1661841744
|switch|p2a: Tapu Koko|Tapu Koko|100/100
|-fieldstart|move: Electric Terrain|[from] ability: Electric Surge|[of] p2a: Tapu Koko
|move|p1a: Eternatus|Recover|p1a: Eternatus
|-heal|p1a: Eternatus|89/100 brn
|
|-damage|p1a: Eternatus|82/100 brn|[from] brn
|upkeep
|turn|57
|
|t:|1661841749
|move|p2a: Tapu Koko|Volt Switch|p1a: Eternatus
|-resisted|p1a: Eternatus
|-damage|p1a: Eternatus|69/100 brn
|
|t:|1661841750
|switch|p2a: Necrozma|Necrozma-Dusk-Mane|69/100 brn|[from]move: Volt Switch
|move|p1a: Eternatus|Flamethrower|p2a: Necrozma
|-supereffective|p2a: Necrozma
|-damage|p2a: Necrozma|36/100 brn
|
|-heal|p2a: Necrozma|42/100 brn|[from] item: Leftovers
|-damage|p1a: Eternatus|63/100 brn|[from] brn
|-damage|p2a: Necrozma|36/100 brn|[from] brn
|upkeep
|turn|58
|
|t:|1661841753
|move|p1a: Eternatus|Flamethrower|p2a: Necrozma
|-supereffective|p2a: Necrozma
|-damage|p2a: Necrozma|1/100 brn
|move|p2a: Necrozma|Moonlight|p2a: Necrozma
|-heal|p2a: Necrozma|51/100 brn
|
|-heal|p2a: Necrozma|57/100 brn|[from] item: Leftovers
|-damage|p1a: Eternatus|57/100 brn|[from] brn
|-damage|p2a: Necrozma|51/100 brn|[from] brn
|upkeep
|turn|59
|
|t:|1661841759
|move|p1a: Eternatus|Flamethrower|p2a: Necrozma
|-supereffective|p2a: Necrozma
|-damage|p2a: Necrozma|15/100 brn
|move|p2a: Necrozma|Moonlight|p2a: Necrozma
|-heal|p2a: Necrozma|65/100 brn
|
|-heal|p2a: Necrozma|71/100 brn|[from] item: Leftovers
|-damage|p1a: Eternatus|51/100 brn|[from] brn
|-damage|p2a: Necrozma|65/100 brn|[from] brn
|upkeep
|turn|60
|
|t:|1661841766
|switch|p2a: Groudon|Groudon|37/100
|-weather|SunnyDay|[from] ability: Drought|[of] p2a: Groudon
|move|p1a: Eternatus|Recover|p1a: Eternatus
|-heal|p1a: Eternatus|100/100 brn
|
|-weather|SunnyDay|[upkeep]
|-heal|p2a: Groudon|44/100|[from] item: Leftovers
|-damage|p1a: Eternatus|94/100 brn|[from] brn
|-fieldend|move: Electric Terrain
|upkeep
|turn|61
|
|t:|1661841774
|move|p1a: Eternatus|Dynamax Cannon|p2a: Groudon
|-damage|p2a: Groudon|0 fnt
|faint|p2a: Groudon
|
|-weather|SunnyDay|[upkeep]
|-damage|p1a: Eternatus|88/100 brn|[from] brn
|upkeep
|
|t:|1661841780
|switch|p2a: Tapu Koko|Tapu Koko|100/100
|-fieldstart|move: Electric Terrain|[from] ability: Electric Surge|[of] p2a: Tapu Koko
|turn|62
|
|t:|1661841783
|move|p2a: Tapu Koko|Dazzling Gleam|p1a: Eternatus
|-damage|p1a: Eternatus|65/100 brn
|move|p1a: Eternatus|Flamethrower|p2a: Tapu Koko
|-damage|p2a: Tapu Koko|27/100
|
|-weather|SunnyDay|[upkeep]
|-damage|p1a: Eternatus|59/100 brn|[from] brn
|upkeep
|turn|63
|
|t:|1661841792
|move|p2a: Tapu Koko|Volt Switch|p1a: Eternatus
|-resisted|p1a: Eternatus
|-damage|p1a: Eternatus|46/100 brn
|
|t:|1661841793
|switch|p2a: Yveltal|Yveltal|76/100|[from]move: Volt Switch
|-ability|p2a: Yveltal|Dark Aura
|move|p1a: Eternatus|Flamethrower|p2a: Yveltal
|-damage|p2a: Yveltal|38/100
|
|-weather|SunnyDay|[upkeep]
|-damage|p1a: Eternatus|40/100 brn|[from] brn
|upkeep
|turn|64
|
|t:|1661841799
|move|p1a: Eternatus|Recover|p1a: Eternatus
|-heal|p1a: Eternatus|90/100 brn
|move|p2a: Yveltal|Roost|p2a: Yveltal
|-heal|p2a: Yveltal|88/100
|-singleturn|p2a: Yveltal|move: Roost
|
|-weather|none
|-damage|p1a: Eternatus|84/100 brn|[from] brn
|upkeep
|turn|65
|
|t:|1661841804
|switch|p2a: Necrozma|Necrozma-Dusk-Mane|65/100 brn
|move|p1a: Eternatus|Flamethrower|p2a: Necrozma
|-supereffective|p2a: Necrozma
|-damage|p2a: Necrozma|33/100 brn
|
|-heal|p2a: Necrozma|39/100 brn|[from] item: Leftovers
|-damage|p1a: Eternatus|78/100 brn|[from] brn
|-damage|p2a: Necrozma|33/100 brn|[from] brn
|upkeep
|turn|66
|
|t:|1661841807
|move|p1a: Eternatus|Flamethrower|p2a: Necrozma
|-supereffective|p2a: Necrozma
|-damage|p2a: Necrozma|0 fnt
|faint|p2a: Necrozma
|
|-damage|p1a: Eternatus|72/100 brn|[from] brn
|-fieldend|move: Electric Terrain
|upkeep
|
|t:|1661841809
|switch|p2a: Tapu Koko|Tapu Koko|27/100
|-fieldstart|move: Electric Terrain|[from] ability: Electric Surge|[of] p2a: Tapu Koko
|turn|67
|
|t:|1661841820
|move|p2a: Tapu Koko|Roost|p2a: Tapu Koko
|-heal|p2a: Tapu Koko|77/100
|-singleturn|p2a: Tapu Koko|move: Roost
|move|p1a: Eternatus|Flamethrower|p2a: Tapu Koko
|-crit|p2a: Tapu Koko
|-damage|p2a: Tapu Koko|1/100
|
|-damage|p1a: Eternatus|66/100 brn|[from] brn
|upkeep
|turn|68
|
|t:|1661841824
|move|p2a: Tapu Koko|Roost|p2a: Tapu Koko
|-heal|p2a: Tapu Koko|51/100
|-singleturn|p2a: Tapu Koko|move: Roost
|move|p1a: Eternatus|Flamethrower|p2a: Tapu Koko
|-damage|p2a: Tapu Koko|5/100
|
|-damage|p1a: Eternatus|59/100 brn|[from] brn
|upkeep
|turn|69
|
|t:|1661841836
|move|p2a: Tapu Koko|Roost|p2a: Tapu Koko
|-heal|p2a: Tapu Koko|55/100
|-singleturn|p2a: Tapu Koko|move: Roost
|move|p1a: Eternatus|Recover|p1a: Eternatus
|-heal|p1a: Eternatus|100/100 brn
|
|-damage|p1a: Eternatus|94/100 brn|[from] brn
|upkeep
|turn|70
|
|t:|1661841844
|move|p2a: Tapu Koko|Roost|p2a: Tapu Koko
|-heal|p2a: Tapu Koko|100/100
|-singleturn|p2a: Tapu Koko|move: Roost
|move|p1a: Eternatus|Flamethrower|p2a: Tapu Koko
|-damage|p2a: Tapu Koko|51/100
|
|-damage|p1a: Eternatus|88/100 brn|[from] brn
|upkeep
|turn|71
|
|t:|1661841849
|move|p2a: Tapu Koko|Roost|p2a: Tapu Koko
|-heal|p2a: Tapu Koko|100/100
|-singleturn|p2a: Tapu Koko|move: Roost
|move|p1a: Eternatus|Flamethrower|p2a: Tapu Koko
|-damage|p2a: Tapu Koko|55/100
|
|-damage|p1a: Eternatus|82/100 brn|[from] brn
|-fieldend|move: Electric Terrain
|upkeep
|turn|72
|
|t:|1661841853
|switch|p1a: Ho-Oh|Ho-Oh|100/100
|move|p2a: Tapu Koko|Roost|p2a: Tapu Koko
|-heal|p2a: Tapu Koko|100/100
|-singleturn|p2a: Tapu Koko|move: Roost
|
|upkeep
|turn|73
|
|t:|1661841858
|move|p2a: Tapu Koko|Discharge|p1a: Ho-Oh
|-supereffective|p1a: Ho-Oh
|-damage|p1a: Ho-Oh|75/100
|move|p1a: Ho-Oh|Toxic|p2a: Tapu Koko
|-status|p2a: Tapu Koko|tox
|
|-damage|p2a: Tapu Koko|94/100 tox|[from] psn
|upkeep
|turn|74
|
|t:|1661841864
|move|p2a: Tapu Koko|Volt Switch|p1a: Ho-Oh
|-supereffective|p1a: Ho-Oh
|-damage|p1a: Ho-Oh|51/100
|
|t:|1661841867
|switch|p2a: Yveltal|Yveltal|88/100|[from]move: Volt Switch
|-ability|p2a: Yveltal|Dark Aura
|move|p1a: Ho-Oh|Roost|p1a: Ho-Oh
|-heal|p1a: Ho-Oh|100/100
|-singleturn|p1a: Ho-Oh|move: Roost
|
|upkeep
|turn|75
|-message|LD8 nvzhuangkeai forfeited.
|
|win|4125al41
|raw|4125al41's rating: 1618 &rarr; <strong>1643</strong><br />(+25 for winning)
|raw|LD8 nvzhuangkeai's rating: 1706 &rarr; <strong>1681</strong><br />(-25 for losing)
