|raw|<div class="broadcast-blue"><strong>This battle is required to be public due to a player having a name starting with 'ult4pdr'.</div>
|j|☆Rhmsitb
|j|☆ULT4PDR skimmy
|t:|1654229245
|gametype|singles
|player|p1|Rhmsitb|unknown|1758
|player|p2|ULT4PDR skimmy|dawn|1710
|teamsize|p1|6
|teamsize|p2|6
|gen|8
|tier|[Gen 8] Ubers
|rated|
|rule|Sleep Clause Mod: Limit one foe put to sleep
|rule|Species Clause: Limit one of each Pokémon
|rule|OHKO Clause: OHKO moves are banned
|rule|Evasion Moves Clause: Evasion moves are banned
|rule|Endless Battle Clause: Forcing endless battles is banned
|rule|HP Percentage Mod: HP is shown in percentages
|rule|Dynamax Clause: You cannot dynamax
|clearpoke
|poke|p1|Ho-Oh|
|poke|p1|Shedinja|
|poke|p1|Xerneas-*|
|poke|p1|Eternatus|
|poke|p1|Necrozma-Dusk-Mane|
|poke|p1|Yveltal|
|poke|p2|Xerneas-*|
|poke|p2|Necrozma-Dusk-Mane|
|poke|p2|Yveltal|
|poke|p2|Eternatus|
|poke|p2|Groudon|
|poke|p2|Calyrex-Shadow|
|teampreview
|inactive|Battle timer is ON: inactive players will automatically lose when time's up. (requested by ULT4PDR skimmy)
|c|☆ULT4PDR skimmy|hf
|c|☆Rhmsitb|smh
|c|☆Rhmsitb|gl
|inactive|ULT4PDR skimmy has 120 seconds left.
|
|t:|1654229281
|start
|switch|p1a: Eternatus|Eternatus|100/100
|switch|p2a: Yveltal|Yveltal|100/100
|-ability|p1a: Eternatus|Pressure
|-ability|p2a: Yveltal|Dark Aura
|turn|1
|
|t:|1654229288
|switch|p2a: Necrozma|Necrozma-Dusk-Mane|100/100
|move|p1a: Eternatus|Sludge Bomb|p2a: Necrozma
|-immune|p2a: Necrozma
|
|upkeep
|turn|2
|
|t:|1654229293
|switch|p1a: Ho-Oh|Ho-Oh|100/100
|move|p2a: Necrozma|Thunder Wave|p1a: Ho-Oh|[miss]
|-miss|p2a: Necrozma|p1a: Ho-Oh
|
|upkeep
|turn|3
|
|t:|1654229299
|switch|p2a: Eternatus|Eternatus|100/100
|-ability|p2a: Eternatus|Pressure
|move|p1a: Ho-Oh|Thunder Wave|p2a: Eternatus
|-status|p2a: Eternatus|par
|
|upkeep
|turn|4
|j| ULT4PDR Elincia
|j| ULT4PDR KB
|
|t:|1654229314
|switch|p1a: Necrozma|Necrozma-Dusk-Mane|100/100
|switch|p2a: Xerneas|Xerneas|100/100
|-ability|p2a: Xerneas|Fairy Aura
|-item|p2a: Xerneas|Air Balloon
|
|upkeep
|turn|5
|
|t:|1654229325
|switch|p2a: Yveltal|Yveltal|100/100
|-ability|p2a: Yveltal|Dark Aura
|move|p1a: Necrozma|Toxic|p2a: Yveltal
|-status|p2a: Yveltal|tox
|
|-damage|p2a: Yveltal|94/100 tox|[from] psn
|upkeep
|turn|6
|
|t:|1654229332
|move|p2a: Yveltal|U-turn|p1a: Necrozma
|-damage|p1a: Necrozma|90/100
|-damage|p2a: Yveltal|78/100 tox|[from] item: Rocky Helmet|[of] p1a: Necrozma
|
|t:|1654229334
|switch|p2a: Groudon|Groudon|100/100|[from]move: U-turn
|-weather|SunnyDay|[from] ability: Drought|[of] p2a: Groudon
|move|p1a: Necrozma|Stealth Rock|p2a: Groudon
|-sidestart|p2: ULT4PDR skimmy|move: Stealth Rock
|
|-weather|SunnyDay|[upkeep]
|upkeep
|turn|7
|
|t:|1654229337
|move|p2a: Groudon|Precipice Blades|p1a: Necrozma
|-supereffective|p1a: Necrozma
|-damage|p1a: Necrozma|35/100
|move|p1a: Necrozma|Toxic|p2a: Groudon
|-status|p2a: Groudon|tox
|
|-weather|SunnyDay|[upkeep]
|-damage|p2a: Groudon|94/100 tox|[from] psn
|upkeep
|turn|8
|
|t:|1654229342
|switch|p2a: Xerneas|Xerneas|100/100
|-damage|p2a: Xerneas|88/100|[from] Stealth Rock
|-ability|p2a: Xerneas|Fairy Aura
|-item|p2a: Xerneas|Air Balloon
|switch|p1a: Xerneas|Xerneas|100/100
|-ability|p1a: Xerneas|Fairy Aura
|-item|p1a: Xerneas|Air Balloon
|
|-weather|SunnyDay|[upkeep]
|upkeep
|turn|9
|
|t:|1654229347
|move|p2a: Xerneas|Aromatherapy|p2a: Xerneas
|-activate|p2a: Xerneas|move: Aromatherapy
|-curestatus|p2: Groudon|tox|[msg]
|-curestatus|p2: Eternatus|par|[msg]
|-curestatus|p2: Yveltal|tox|[msg]
|move|p1a: Xerneas|Moonblast|p2a: Xerneas
|-damage|p2a: Xerneas|44/100
|-enditem|p2a: Xerneas|Air Balloon
|
|-weather|SunnyDay|[upkeep]
|upkeep
|turn|10
|
|t:|1654229351
|switch|p1a: Ho-Oh|Ho-Oh|100/100
|move|p2a: Xerneas|Rest|p2a: Xerneas
|-status|p2a: Xerneas|slp|[from] move: Rest
|-heal|p2a: Xerneas|100/100 slp|[silent]
|
|-weather|none
|upkeep
|turn|11
|
|t:|1654229355
|move|p1a: Ho-Oh|Sacred Fire|p2a: Xerneas
|-damage|p2a: Xerneas|66/100 slp
|cant|p2a: Xerneas|slp
|move|p2a: Xerneas|Sleep Talk|p2a: Xerneas
|move|p2a: Xerneas|Moonblast|p1a: Ho-Oh|[from]move: Sleep Talk
|-resisted|p1a: Ho-Oh
|-damage|p1a: Ho-Oh|82/100
|
|upkeep
|turn|12
|
|t:|1654229361
|switch|p2a: Eternatus|Eternatus|100/100
|-ability|p2a: Eternatus|Pressure
|move|p1a: Ho-Oh|Sacred Fire|p2a: Eternatus
|-resisted|p2a: Eternatus
|-damage|p2a: Eternatus|78/100
|-status|p2a: Eternatus|brn
|
|-damage|p2a: Eternatus|72/100 brn|[from] brn
|upkeep
|turn|13
|
|t:|1654229370
|move|p2a: Eternatus|Toxic|p1a: Ho-Oh
|-status|p1a: Ho-Oh|tox
|move|p1a: Ho-Oh|Earthquake|p2a: Eternatus
|-supereffective|p2a: Eternatus
|-crit|p2a: Eternatus
|-damage|p2a: Eternatus|0 fnt
|faint|p2a: Eternatus
|
|-damage|p1a: Ho-Oh|75/100 tox|[from] psn
|upkeep
|
|t:|1654229374
|switch|p2a: Groudon|Groudon|94/100
|-damage|p2a: Groudon|88/100|[from] Stealth Rock
|-weather|SunnyDay|[from] ability: Drought|[of] p2a: Groudon
|turn|14
|
|t:|1654229381
|move|p1a: Ho-Oh|Earthquake|p2a: Groudon
|-damage|p2a: Groudon|63/100
|move|p2a: Groudon|Stone Edge|p1a: Ho-Oh
|-supereffective|p1a: Ho-Oh
|-damage|p1a: Ho-Oh|0 fnt
|faint|p1a: Ho-Oh
|
|-weather|SunnyDay|[upkeep]
|-heal|p2a: Groudon|69/100|[from] item: Leftovers
|upkeep
|
|t:|1654229386
|switch|p1a: Xerneas|Xerneas|100/100
|-ability|p1a: Xerneas|Fairy Aura
|-item|p1a: Xerneas|Air Balloon
|turn|15
|
|t:|1654229389
|switch|p2a: Necrozma|Necrozma-Dusk-Mane|100/100
|-damage|p2a: Necrozma|94/100|[from] Stealth Rock
|move|p1a: Xerneas|Moonblast|p2a: Necrozma
|-resisted|p2a: Necrozma
|-damage|p2a: Necrozma|77/100
|
|-weather|SunnyDay|[upkeep]
|-heal|p2a: Necrozma|83/100|[from] item: Leftovers
|upkeep
|turn|16
|
|t:|1654229396
|switch|p1a: Necrozma|Necrozma-Dusk-Mane|35/100
|move|p2a: Necrozma|Stealth Rock|p1a: Necrozma
|-sidestart|p1: Rhmsitb|move: Stealth Rock
|
|-weather|SunnyDay|[upkeep]
|-heal|p2a: Necrozma|89/100|[from] item: Leftovers
|upkeep
|turn|17
|
|t:|1654229402
|move|p2a: Necrozma|Thunder Wave|p1a: Necrozma
|-status|p1a: Necrozma|par
|move|p1a: Necrozma|Morning Sun|p1a: Necrozma
|-heal|p1a: Necrozma|100/100 par
|
|-weather|SunnyDay|[upkeep]
|-heal|p2a: Necrozma|95/100|[from] item: Leftovers
|upkeep
|turn|18
|
|t:|1654229413
|move|p2a: Necrozma|Thunder Wave|p1a: Necrozma
|-fail|p1a: Necrozma|par
|move|p1a: Necrozma|Toxic|p2a: Necrozma
|-immune|p2a: Necrozma
|
|-weather|none
|-heal|p2a: Necrozma|100/100|[from] item: Leftovers
|upkeep
|turn|19
|
|t:|1654229417
|move|p2a: Necrozma|Thunder Wave|p1a: Necrozma
|-fail|p1a: Necrozma|par
|move|p1a: Necrozma|Toxic|p2a: Necrozma|[miss]
|-miss|p1a: Necrozma|p2a: Necrozma
|
|upkeep
|turn|20
|
|t:|1654229422
|move|p2a: Necrozma|Sunsteel Strike|p1a: Necrozma
|-resisted|p1a: Necrozma
|-damage|p1a: Necrozma|87/100 par
|-damage|p2a: Necrozma|84/100|[from] item: Rocky Helmet|[of] p1a: Necrozma
|move|p1a: Necrozma|Earthquake|p2a: Necrozma
|-supereffective|p2a: Necrozma
|-damage|p2a: Necrozma|51/100
|
|-heal|p2a: Necrozma|57/100|[from] item: Leftovers
|upkeep
|turn|21
|
|t:|1654229431
|move|p2a: Necrozma|Morning Sun|p2a: Necrozma
|-heal|p2a: Necrozma|100/100
|cant|p1a: Necrozma|par
|
|upkeep
|turn|22
|
|t:|1654229441
|move|p2a: Necrozma|Thunder Wave|p1a: Necrozma
|-fail|p1a: Necrozma|par
|cant|p1a: Necrozma|par
|
|upkeep
|turn|23
|
|t:|1654229449
|switch|p2a: Yveltal|Yveltal|78/100
|-ability|p2a: Yveltal|Dark Aura
|move|p1a: Necrozma|Earthquake|p2a: Yveltal
|-immune|p2a: Yveltal
|
|upkeep
|turn|24
|
|t:|1654229457
|switch|p1a: Xerneas|Xerneas|100/100
|-damage|p1a: Xerneas|88/100|[from] Stealth Rock
|-ability|p1a: Xerneas|Fairy Aura
|-item|p1a: Xerneas|Air Balloon
|move|p2a: Yveltal|Foul Play|p1a: Xerneas
|-resisted|p1a: Xerneas
|-damage|p1a: Xerneas|76/100
|-enditem|p1a: Xerneas|Air Balloon
|
|upkeep
|turn|25
|
|t:|1654229463
|switch|p2a: Necrozma|Necrozma-Dusk-Mane|100/100
|-damage|p2a: Necrozma|94/100|[from] Stealth Rock
|move|p1a: Xerneas|Aromatherapy|p1a: Xerneas
|-activate|p1a: Xerneas|move: Aromatherapy
|-curestatus|p1: Necrozma|par|[msg]
|
|-heal|p2a: Necrozma|100/100|[from] item: Leftovers
|upkeep
|turn|26
|
|t:|1654229468
|switch|p1a: Necrozma|Necrozma-Dusk-Mane|87/100
|-damage|p1a: Necrozma|81/100|[from] Stealth Rock
|move|p2a: Necrozma|Thunder Wave|p1a: Necrozma
|-status|p1a: Necrozma|par
|
|upkeep
|turn|27
|
|t:|1654229477
|move|p2a: Necrozma|Thunder Wave|p1a: Necrozma|[miss]
|-miss|p2a: Necrozma|p1a: Necrozma
|move|p1a: Necrozma|Earthquake|p2a: Necrozma
|-supereffective|p2a: Necrozma
|-damage|p2a: Necrozma|67/100
|
|-heal|p2a: Necrozma|73/100|[from] item: Leftovers
|upkeep
|turn|28
|
|t:|1654229482
|switch|p2a: Yveltal|Yveltal|78/100
|-ability|p2a: Yveltal|Dark Aura
|move|p1a: Necrozma|Earthquake|p2a: Yveltal
|-immune|p2a: Yveltal
|
|upkeep
|turn|29
|
|t:|1654229490
|switch|p1a: Xerneas|Xerneas|76/100
|-damage|p1a: Xerneas|64/100|[from] Stealth Rock
|-ability|p1a: Xerneas|Fairy Aura
|move|p2a: Yveltal|U-turn|p1a: Xerneas
|-resisted|p1a: Xerneas
|-damage|p1a: Xerneas|58/100
|
|t:|1654229492
|switch|p2a: Necrozma|Necrozma-Dusk-Mane|73/100|[from]move: U-turn
|-damage|p2a: Necrozma|67/100|[from] Stealth Rock
|
|-heal|p2a: Necrozma|73/100|[from] item: Leftovers
|upkeep
|turn|30
|
|t:|1654229499
|switch|p1a: Necrozma|Necrozma-Dusk-Mane|81/100 par
|-damage|p1a: Necrozma|75/100 par|[from] Stealth Rock
|switch|p2a: Yveltal|Yveltal|78/100
|-ability|p2a: Yveltal|Dark Aura
|
|upkeep
|turn|31
|
|t:|1654229507
|switch|p1a: Xerneas|Xerneas|58/100
|-damage|p1a: Xerneas|45/100|[from] Stealth Rock
|-ability|p1a: Xerneas|Fairy Aura
|move|p2a: Yveltal|U-turn|p1a: Xerneas
|-resisted|p1a: Xerneas
|-damage|p1a: Xerneas|40/100
|
|t:|1654229509
|switch|p2a: Necrozma|Necrozma-Dusk-Mane|73/100|[from]move: U-turn
|-damage|p2a: Necrozma|67/100|[from] Stealth Rock
|
|-heal|p2a: Necrozma|73/100|[from] item: Leftovers
|upkeep
|turn|32
|
|t:|1654229517
|switch|p1a: Necrozma|Necrozma-Dusk-Mane|75/100 par
|-damage|p1a: Necrozma|69/100 par|[from] Stealth Rock
|move|p2a: Necrozma|Sunsteel Strike|p1a: Necrozma
|-resisted|p1a: Necrozma
|-damage|p1a: Necrozma|56/100 par
|-damage|p2a: Necrozma|57/100|[from] item: Rocky Helmet|[of] p1a: Necrozma
|
|-heal|p2a: Necrozma|63/100|[from] item: Leftovers
|upkeep
|turn|33
|
|t:|1654229522
|switch|p2a: Groudon|Groudon|69/100
|-damage|p2a: Groudon|63/100|[from] Stealth Rock
|-weather|SunnyDay|[from] ability: Drought|[of] p2a: Groudon
|move|p1a: Necrozma|Toxic|p2a: Groudon
|-status|p2a: Groudon|tox
|
|-weather|SunnyDay|[upkeep]
|-heal|p2a: Groudon|69/100 tox|[from] item: Leftovers
|-damage|p2a: Groudon|63/100 tox|[from] psn
|upkeep
|turn|34
|
|t:|1654229534
|switch|p1a: Shedinja|Shedinja|100/100
|move|p2a: Groudon|Stone Edge|p1a: Shedinja
|-supereffective|p1a: Shedinja
|-damage|p1a: Shedinja|0 fnt
|faint|p1a: Shedinja
|
|-weather|SunnyDay|[upkeep]
|-heal|p2a: Groudon|69/100 tox|[from] item: Leftovers
|-damage|p2a: Groudon|57/100 tox|[from] psn
|upkeep
|
|t:|1654229545
|switch|p1a: Eternatus|Eternatus|100/100
|-damage|p1a: Eternatus|88/100|[from] Stealth Rock
|-ability|p1a: Eternatus|Pressure
|turn|35
|
|t:|1654229550
|switch|p2a: Yveltal|Yveltal|78/100
|-ability|p2a: Yveltal|Dark Aura
|move|p1a: Eternatus|Dynamax Cannon|p2a: Yveltal
|-damage|p2a: Yveltal|37/100
|-damage|p1a: Eternatus|78/100|[from] item: Life Orb
|
|-weather|SunnyDay|[upkeep]
|upkeep
|turn|36
|
|t:|1654229554
|switch|p2a: Necrozma|Necrozma-Dusk-Mane|63/100
|-damage|p2a: Necrozma|57/100|[from] Stealth Rock
|move|p1a: Eternatus|Dynamax Cannon|p2a: Necrozma
|-resisted|p2a: Necrozma
|-damage|p2a: Necrozma|36/100
|-damage|p1a: Eternatus|68/100|[from] item: Life Orb
|
|-weather|SunnyDay|[upkeep]
|-heal|p2a: Necrozma|42/100|[from] item: Leftovers
|upkeep
|turn|37
|
|t:|1654229559
|move|p1a: Eternatus|Flamethrower|p2a: Necrozma
|-supereffective|p2a: Necrozma
|-damage|p2a: Necrozma|0 fnt
|faint|p2a: Necrozma
|-damage|p1a: Eternatus|58/100|[from] item: Life Orb
|
|-weather|none
|upkeep
|
|t:|1654229563
|switch|p2a: Calyrex|Calyrex-Shadow|100/100
|-ability|p2a: Calyrex|As One
|-ability|p2a: Calyrex|Unnerve
|-damage|p2a: Calyrex|88/100|[from] Stealth Rock
|turn|38
|
|t:|1654229568
|switch|p1a: Yveltal|Yveltal|100/100
|-ability|p1a: Yveltal|Dark Aura
|move|p2a: Calyrex|Aromatherapy|p2a: Calyrex
|-activate|p2a: Calyrex|move: Aromatherapy
|-curestatus|p2: Xerneas|slp|[msg]
|-curestatus|p2: Groudon|tox|[msg]
|
|upkeep
|turn|39
|
|t:|1654229583
|switch|p2a: Yveltal|Yveltal|37/100
|-ability|p2a: Yveltal|Dark Aura
|move|p1a: Yveltal|Knock Off|p2a: Yveltal
|-resisted|p2a: Yveltal
|-damage|p2a: Yveltal|14/100
|-enditem|p2a: Yveltal|Heavy-Duty Boots|[from] move: Knock Off|[of] p1a: Yveltal
|
|upkeep
|turn|40
|
|t:|1654229586
|move|p1a: Yveltal|Knock Off|p2a: Yveltal
|-resisted|p2a: Yveltal
|-damage|p2a: Yveltal|0 fnt
|faint|p2a: Yveltal
|
|upkeep
|
|t:|1654229588
|switch|p2a: Xerneas|Xerneas|66/100
|-damage|p2a: Xerneas|53/100|[from] Stealth Rock
|-ability|p2a: Xerneas|Fairy Aura
|turn|41
|
|t:|1654229592
|switch|p1a: Necrozma|Necrozma-Dusk-Mane|56/100 par
|-damage|p1a: Necrozma|50/100 par|[from] Stealth Rock
|move|p2a: Xerneas|Moonblast|p1a: Necrozma
|-resisted|p1a: Necrozma
|-damage|p1a: Necrozma|28/100 par
|
|upkeep
|turn|42
|
|t:|1654229598
|move|p2a: Xerneas|Moonblast|p1a: Necrozma
|-resisted|p1a: Necrozma
|-damage|p1a: Necrozma|5/100 par
|cant|p1a: Necrozma|par
|
|upkeep
|turn|43
|
|t:|1654229604
|move|p2a: Xerneas|Moonblast|p1a: Necrozma
|-resisted|p1a: Necrozma
|-damage|p1a: Necrozma|0 fnt
|faint|p1a: Necrozma
|
|upkeep
|
|t:|1654229611
|switch|p1a: Eternatus|Eternatus|58/100
|-damage|p1a: Eternatus|46/100|[from] Stealth Rock
|-ability|p1a: Eternatus|Pressure
|turn|44
|
|t:|1654229616
|move|p1a: Eternatus|Sludge Bomb|p2a: Xerneas
|-supereffective|p2a: Xerneas
|-damage|p2a: Xerneas|0 fnt
|faint|p2a: Xerneas
|-damage|p1a: Eternatus|36/100|[from] item: Life Orb
|
|upkeep
|
|t:|1654229619
|switch|p2a: Calyrex|Calyrex-Shadow|88/100
|-ability|p2a: Calyrex|As One
|-ability|p2a: Calyrex|Unnerve
|-damage|p2a: Calyrex|76/100|[from] Stealth Rock
|turn|45
|
|t:|1654229625
|switch|p1a: Yveltal|Yveltal|100/100
|-ability|p1a: Yveltal|Dark Aura
|move|p2a: Calyrex|Astral Barrage|p1a: Yveltal
|-resisted|p1a: Yveltal
|-damage|p1a: Yveltal|75/100
|
|upkeep
|turn|46
|c|☆ULT4PDR skimmy|gg
|-message|ULT4PDR skimmy forfeited.
|
|win|Rhmsitb
|raw|Rhmsitb's rating: 1758 &rarr; <strong>1775</strong><br />(+17 for winning)
|raw|ULT4PDR skimmy's rating: 1710 &rarr; <strong>1693</strong><br />(-17 for losing)
|l|☆ULT4PDR skimmy
|l|☆Rhmsitb
|l| ULT4PDR KB
|l| ULT4PDR Elincia
|j| ULT4PDR Farce
