|j|☆Magikarp4000
|j|☆Life Orb Lover
|player|p1|Magikarp4000|bellelba|1496
|player|p2|Life Orb Lover|170|1555
|teamsize|p1|6
|teamsize|p2|6
|gametype|singles
|gen|8
|tier|[Gen 8] Ubers
|rated|
|clearpoke
|poke|p1|Toxapex, F|
|poke|p1|Marshadow|
|poke|p1|Ferrothorn, F|
|poke|p1|Dracovish|
|poke|p1|Gothitelle, F|
|poke|p1|Togekiss, M|
|poke|p2|Zacian-Crowned|
|poke|p2|Ferrothorn, F|
|poke|p2|Lunala|
|poke|p2|Necrozma-Dusk-Mane|
|poke|p2|Mewtwo|
|poke|p2|Hydreigon, F|
|rule|Sleep Clause Mod: Limit one foe put to sleep
|rule|Species Clause: Limit one of each Pokémon
|rule|OHKO Clause: OHKO moves are banned
|rule|Evasion Moves Clause: Evasion moves are banned
|rule|Endless Battle Clause: Forcing endless battles is banned
|rule|HP Percentage Mod: HP is shown in percentages
|html|Ubers Dynamax Clause: Pokémon on the <a href="https://www.smogon.com/dex/ss/formats/uber/">Ubers Dynamax Banlist</a> cannot Dynamax.
|teampreview
|inactive|Battle timer is ON: inactive players will automatically lose when time's up. (requested by Magikarp4000)
|
|start
|switch|p1a: Dracovish|Dracovish|100/100
|switch|p2a: Lunala|Lunala, shiny|100/100
|turn|1
|
|switch|p1a: Toxapex|Toxapex, F|100/100
|switch|p2a: Ferrothorn|Ferrothorn, F, shiny|100/100
|
|upkeep
|turn|2
|
|switch|p1a: Ferrothorn|Ferrothorn, F|100/100
|move|p2a: Ferrothorn|Leech Seed|p1a: Ferrothorn
|-immune|p1a: Ferrothorn
|
|upkeep
|turn|3
|c|☆Magikarp4000|glhf
|
|switch|p2a: Mewtwo|Mewtwo, shiny|100/100
|-ability|p2a: Mewtwo|Unnerve|p1: Magikarp4000
|move|p1a: Ferrothorn|Stealth Rock|p2a: Mewtwo
|-sidestart|p2: Life Orb Lover|move: Stealth Rock
|
|upkeep
|turn|4
|
|switch|p1a: Toxapex|Toxapex, F|100/100
|move|p2a: Mewtwo|Psystrike|p1a: Toxapex
|-supereffective|p1a: Toxapex
|-damage|p1a: Toxapex|21/100
|
|-heal|p1a: Toxapex|27/100|[from] item: Black Sludge
|upkeep
|turn|5
|
|move|p1a: Toxapex|Baneful Bunker|p1a: Toxapex
|-singleturn|p1a: Toxapex|move: Protect
|move|p2a: Mewtwo|Psystrike|p1a: Toxapex
|-activate|p1a: Toxapex|move: Protect
|
|-heal|p1a: Toxapex|33/100|[from] item: Black Sludge
|upkeep
|turn|6
|
|switch|p1a: Gothitelle|Gothitelle, F|100/100
|move|p2a: Mewtwo|Psystrike|p1a: Gothitelle
|-resisted|p1a: Gothitelle
|-damage|p1a: Gothitelle|67/100
|
|-heal|p1a: Gothitelle|73/100|[from] item: Leftovers
|upkeep
|turn|7
|
|move|p2a: Mewtwo|Psystrike|p1a: Gothitelle
|-resisted|p1a: Gothitelle
|-damage|p1a: Gothitelle|38/100
|move|p1a: Gothitelle|Thunder Wave|p2a: Mewtwo
|-status|p2a: Mewtwo|par
|
|-heal|p1a: Gothitelle|44/100|[from] item: Leftovers
|upkeep
|turn|8
|
|move|p2a: Mewtwo|Psystrike|p1a: Gothitelle
|-resisted|p1a: Gothitelle
|-damage|p1a: Gothitelle|9/100
|move|p1a: Gothitelle|Rest|p1a: Gothitelle
|-status|p1a: Gothitelle|slp|[from] move: Rest
|-heal|p1a: Gothitelle|100/100 slp|[silent]
|
|upkeep
|turn|9
|
|move|p2a: Mewtwo|Psystrike|p1a: Gothitelle
|-resisted|p1a: Gothitelle
|-damage|p1a: Gothitelle|69/100 slp
|cant|p1a: Gothitelle|slp
|
|-heal|p1a: Gothitelle|75/100 slp|[from] item: Leftovers
|upkeep
|turn|10
|
|move|p2a: Mewtwo|Psystrike|p1a: Gothitelle
|-resisted|p1a: Gothitelle
|-damage|p1a: Gothitelle|41/100 slp
|cant|p1a: Gothitelle|slp
|
|-heal|p1a: Gothitelle|47/100 slp|[from] item: Leftovers
|upkeep
|turn|11
|
|move|p2a: Mewtwo|Psystrike|p1a: Gothitelle
|-resisted|p1a: Gothitelle
|-damage|p1a: Gothitelle|14/100 slp
|-curestatus|p1a: Gothitelle|slp|[msg]
|move|p1a: Gothitelle|Rest|p1a: Gothitelle
|-status|p1a: Gothitelle|slp|[from] move: Rest
|-heal|p1a: Gothitelle|100/100 slp|[silent]
|
|upkeep
|turn|12
|
|move|p2a: Mewtwo|Psystrike|p1a: Gothitelle
|-resisted|p1a: Gothitelle
|-crit|p1a: Gothitelle
|-damage|p1a: Gothitelle|46/100 slp
|cant|p1a: Gothitelle|slp
|
|-heal|p1a: Gothitelle|53/100 slp|[from] item: Leftovers
|upkeep
|turn|13
|
|switch|p1a: Ferrothorn|Ferrothorn, F|100/100
|move|p2a: Mewtwo|Psystrike|p1a: Ferrothorn
|-resisted|p1a: Ferrothorn
|-damage|p1a: Ferrothorn|80/100
|
|upkeep
|turn|14
|
|switch|p2a: Ferrothorn|Ferrothorn, F, shiny|100/100
|-damage|p2a: Ferrothorn|94/100|[from] Stealth Rock
|move|p1a: Ferrothorn|Leech Seed|p2a: Ferrothorn
|-immune|p2a: Ferrothorn
|
|upkeep
|turn|15
|
|move|p1a: Ferrothorn|Leech Seed|p2a: Ferrothorn
|-immune|p2a: Ferrothorn
|move|p2a: Ferrothorn|Stealth Rock|p1a: Ferrothorn
|-sidestart|p1: Magikarp4000|move: Stealth Rock
|
|upkeep
|turn|16
|
|switch|p2a: Hydreigon|Hydreigon, F|100/100
|-damage|p2a: Hydreigon|88/100|[from] Stealth Rock
|move|p1a: Ferrothorn|Leech Seed|p2a: Hydreigon
|-start|p2a: Hydreigon|move: Leech Seed
|
|-damage|p2a: Hydreigon|76/100|[from] Leech Seed|[of] p1a: Ferrothorn
|-heal|p1a: Ferrothorn|92/100|[silent]
|upkeep
|turn|17
|
|switch|p1a: Dracovish|Dracovish|100/100
|-damage|p1a: Dracovish|88/100|[from] Stealth Rock
|move|p2a: Hydreigon|Dragon Dance|p2a: Hydreigon
|-boost|p2a: Hydreigon|atk|1
|-boost|p2a: Hydreigon|spe|1
|
|-damage|p2a: Hydreigon|64/100|[from] Leech Seed|[of] p1a: Dracovish
|-heal|p1a: Dracovish|100/100|[silent]
|upkeep
|turn|18
|
|-start|p2a: Hydreigon|Dynamax
|-heal|p2a: Hydreigon|64/100|[silent]
|move|p2a: Hydreigon|Max Darkness|p1a: Dracovish
|-damage|p1a: Dracovish|0 fnt
|-damage|p2a: Hydreigon|59/100|[from] item: Life Orb
|faint|p1a: Dracovish
|
|upkeep
|
|switch|p1a: Marshadow|Marshadow|100/100
|-damage|p1a: Marshadow|94/100|[from] Stealth Rock
|turn|19
|
|move|p1a: Marshadow|Close Combat|p2a: Hydreigon
|-supereffective|p2a: Hydreigon
|-damage|p2a: Hydreigon|0 fnt
|-unboost|p1a: Marshadow|def|1
|-unboost|p1a: Marshadow|spd|1
|faint|p2a: Hydreigon
|
|upkeep
|c|☆Life Orb Lover|man
|c|☆Life Orb Lover|would have been clean 6-0 :(
|c|☆Magikarp4000|exactly why i need to prevent that lol
|inactive|Life Orb Lover has 120 seconds left.
|
|switch|p2a: Zacian|Zacian-Crowned|100/100
|-damage|p2a: Zacian|94/100|[from] Stealth Rock
|-ability|p2a: Zacian|Intrepid Sword|boost
|-boost|p2a: Zacian|atk|1
|turn|20
|c|☆Magikarp4000|bruhh
|inactive|Life Orb Lover has 120 seconds left.
|c|☆Magikarp4000|none of ur mons have life orb
|c|☆Magikarp4000|except
|c|☆Magikarp4000|hydreigon
|inactive|Life Orb Lover has 90 seconds left.
|c|☆Life Orb Lover|yeh lol
|c|☆Magikarp4000|lol
|
|switch|p1a: Ferrothorn|Ferrothorn, F|92/100
|-damage|p1a: Ferrothorn|86/100|[from] Stealth Rock
|move|p2a: Zacian|Close Combat|p1a: Ferrothorn
|-supereffective|p1a: Ferrothorn
|-damage|p1a: Ferrothorn|0 fnt
|-unboost|p2a: Zacian|def|1
|-unboost|p2a: Zacian|spd|1
|-damage|p2a: Zacian|82/100|[from] ability: Iron Barbs|[of] p1a: Ferrothorn
|-damage|p2a: Zacian|65/100|[from] item: Rocky Helmet|[of] p1a: Ferrothorn
|faint|p1a: Ferrothorn
|
|upkeep
|
|switch|p1a: Marshadow|Marshadow|94/100
|-damage|p1a: Marshadow|88/100|[from] Stealth Rock
|turn|21
|inactive|Life Orb Lover has 60 seconds left.
|
|switch|p2a: Necrozma|Necrozma-Dusk-Mane, shiny|100/100
|-damage|p2a: Necrozma|94/100|[from] Stealth Rock
|move|p1a: Marshadow|Close Combat|p2a: Necrozma
|-damage|p2a: Necrozma|65/100
|-unboost|p1a: Marshadow|def|1
|-unboost|p1a: Marshadow|spd|1
|
|-heal|p2a: Necrozma|71/100|[from] item: Leftovers
|upkeep
|turn|22
|j| Fogbound Lake
|inactive|Life Orb Lover has 60 seconds left.
|
|switch|p1a: Toxapex|Toxapex, F|67/100
|-damage|p1a: Toxapex|54/100|[from] Stealth Rock
|move|p2a: Necrozma|Morning Sun|p2a: Necrozma
|-heal|p2a: Necrozma|100/100
|
|-heal|p1a: Toxapex|60/100|[from] item: Black Sludge
|upkeep
|turn|23
|
|switch|p1a: Togekiss|Togekiss, M|100/100
|-damage|p1a: Togekiss|76/100|[from] Stealth Rock
|move|p2a: Necrozma|Swords Dance|p2a: Necrozma
|-boost|p2a: Necrozma|atk|2
|
|-heal|p1a: Togekiss|82/100|[from] item: Leftovers
|upkeep
|turn|24
|
|-start|p1a: Togekiss|Dynamax
|-heal|p1a: Togekiss|82/100|[silent]
|move|p1a: Togekiss|Max Airstream|p2a: Necrozma
|-resisted|p2a: Necrozma
|-damage|p2a: Necrozma|76/100
|-boost|p1a: Togekiss|spe|1
|move|p2a: Necrozma|Sunsteel Strike|p1a: Togekiss
|-supereffective|p1a: Togekiss
|-damage|p1a: Togekiss|0 fnt
|faint|p1a: Togekiss
|
|-heal|p2a: Necrozma|82/100|[from] item: Leftovers
|upkeep
|
|switch|p1a: Marshadow|Marshadow|88/100
|-damage|p1a: Marshadow|82/100|[from] Stealth Rock
|turn|25
|c|☆Magikarp4000|:/
|c|☆Life Orb Lover|uh
|c|☆Life Orb Lover|what were u expecting lol
|c|☆Magikarp4000|how did that not 2ko
|
|switch|p2a: Ferrothorn|Ferrothorn, F, shiny|94/100
|-damage|p2a: Ferrothorn|88/100|[from] Stealth Rock
|move|p1a: Marshadow|Spectral Thief|p2a: Ferrothorn
|-damage|p2a: Ferrothorn|63/100
|-damage|p1a: Marshadow|69/100|[from] ability: Iron Barbs|[of] p2a: Ferrothorn
|-damage|p1a: Marshadow|53/100|[from] item: Rocky Helmet|[of] p2a: Ferrothorn
|
|upkeep
|turn|26
|c|☆Magikarp4000|welp fk
|c|☆Magikarp4000|ive been playing a bit badly
|c|☆Magikarp4000|gg
|
|switch|p1a: Gothitelle|Gothitelle, F|53/100 slp
|-damage|p1a: Gothitelle|40/100 slp|[from] Stealth Rock
|switch|p2a: Necrozma|Necrozma-Dusk-Mane, shiny|82/100
|-damage|p2a: Necrozma|76/100|[from] Stealth Rock
|
|-heal|p2a: Necrozma|82/100|[from] item: Leftovers
|-heal|p1a: Gothitelle|46/100 slp|[from] item: Leftovers
|upkeep
|turn|27
|c|☆Life Orb Lover|gg
|inactive|Magikarp4000 has 120 seconds left.
|j| Vasily Zaytsev
|
|move|p2a: Necrozma|Sunsteel Strike|p1a: Gothitelle
|-damage|p1a: Gothitelle|0 fnt
|faint|p1a: Gothitelle
|
|-heal|p2a: Necrozma|88/100|[from] item: Leftovers
|upkeep
|
|switch|p1a: Marshadow|Marshadow|53/100
|-damage|p1a: Marshadow|47/100|[from] Stealth Rock
|turn|28
|inactive|Life Orb Lover has 90 seconds left.
|
|move|p1a: Marshadow|Spectral Thief|p2a: Necrozma
|-supereffective|p2a: Necrozma
|-damage|p2a: Necrozma|55/100
|move|p2a: Necrozma|Sunsteel Strike|p1a: Marshadow
|-damage|p1a: Marshadow|0 fnt
|faint|p1a: Marshadow
|
|-heal|p2a: Necrozma|61/100|[from] item: Leftovers
|upkeep
|-message|Magikarp4000 forfeited.
|
|win|Life Orb Lover
|l|☆Magikarp4000
|raw|Magikarp4000's rating: 1496 &rarr; <strong>1479</strong><br />(-17 for losing)
|raw|Life Orb Lover's rating: 1555 &rarr; <strong>1572</strong><br />(+17 for winning)
