|j|☆ovalboi
|j|☆Jrie
|t:|1662090524
|gametype|singles
|player|p1|ovalboi|102|1409
|player|p2|Jrie|wallace|1471
|teamsize|p1|6
|teamsize|p2|6
|gen|8
|tier|[Gen 8] Ubers
|rated|
|rule|Sleep Clause Mod: Limit one foe put to sleep
|rule|Species Clause: Limit one of each Pokémon
|rule|OHKO Clause: OHKO moves are banned
|rule|Evasion Items Clause: Evasion items are banned
|rule|Evasion Moves Clause: Evasion moves are banned
|rule|Endless Battle Clause: Forcing endless battles is banned
|rule|HP Percentage Mod: HP is shown in percentages
|rule|Dynamax Clause: You cannot dynamax
|clearpoke
|poke|p1|Shuckle, F|
|poke|p1|Calyrex-Shadow|
|poke|p1|Zygarde|
|poke|p1|Palkia|
|poke|p1|Necrozma-Dusk-Mane|
|poke|p1|Yveltal|
|poke|p2|Marshadow|
|poke|p2|Urshifu-*, F|
|poke|p2|Calyrex-Shadow|
|poke|p2|Yveltal|
|poke|p2|Toxapex, M|
|poke|p2|Zamazenta-*|
|teampreview
|inactive|Battle timer is ON: inactive players will automatically lose when time's up. (requested by ovalboi)
|
|t:|1662090538
|start
|switch|p1a: Shuckle|Shuckle, F|100/100
|switch|p2a: Yveltal|Yveltal|100/100
|-ability|p2a: Yveltal|Dark Aura
|turn|1
|
|t:|1662090546
|move|p2a: Yveltal|Knock Off|p1a: Shuckle
|-damage|p1a: Shuckle|64/100
|-enditem|p1a: Shuckle|Mental Herb|[from] move: Knock Off|[of] p2a: Yveltal
|move|p1a: Shuckle|Sticky Web|p2a: Yveltal
|-sidestart|p2: Jrie|move: Sticky Web
|
|upkeep
|turn|2
|
|t:|1662090552
|move|p2a: Yveltal|Defog|p1a: Shuckle
|-unboost|p1a: Shuckle|evasion|1
|-sideend|p2: Jrie|Sticky Web|[from] move: Defog|[of] p2a: Yveltal
|move|p1a: Shuckle|Encore|p2a: Yveltal
|-start|p2a: Yveltal|Encore
|
|upkeep
|turn|3
|
|t:|1662090557
|move|p2a: Yveltal|Defog|p1a: Shuckle
|-unboost|p1a: Shuckle|evasion|1
|move|p1a: Shuckle|Sticky Web|p2a: Yveltal
|-sidestart|p2: Jrie|move: Sticky Web
|
|upkeep
|turn|4
|
|t:|1662090565
|move|p2a: Yveltal|Defog|p1a: Shuckle
|-unboost|p1a: Shuckle|evasion|1
|-sideend|p2: Jrie|Sticky Web|[from] move: Defog|[of] p2a: Yveltal
|move|p1a: Shuckle|Stealth Rock|p2a: Yveltal
|-sidestart|p2: Jrie|move: Stealth Rock
|
|upkeep
|turn|5
|
|t:|1662090570
|move|p2a: Yveltal|Defog|p1a: Shuckle
|-unboost|p1a: Shuckle|evasion|1
|-sideend|p2: Jrie|Stealth Rock|[from] move: Defog|[of] p2a: Yveltal
|move|p1a: Shuckle|Sticky Web|p2a: Yveltal
|-sidestart|p2: Jrie|move: Sticky Web
|
|-end|p2a: Yveltal|Encore
|upkeep
|turn|6
|
|t:|1662090576
|move|p2a: Yveltal|Knock Off|p1a: Shuckle
|-damage|p1a: Shuckle|39/100
|move|p1a: Shuckle|Stealth Rock|p2a: Yveltal
|-sidestart|p2: Jrie|move: Stealth Rock
|
|upkeep
|turn|7
|
|t:|1662090581
|move|p2a: Yveltal|Defog|p1a: Shuckle
|-unboost|p1a: Shuckle|evasion|1
|-sideend|p2: Jrie|Stealth Rock|[from] move: Defog|[of] p2a: Yveltal
|-sideend|p2: Jrie|Sticky Web|[from] move: Defog|[of] p2a: Yveltal
|move|p1a: Shuckle|Sticky Web|p2a: Yveltal
|-sidestart|p2: Jrie|move: Sticky Web
|
|upkeep
|turn|8
|
|t:|1662090588
|move|p2a: Yveltal|Knock Off|p1a: Shuckle
|-damage|p1a: Shuckle|13/100
|move|p1a: Shuckle|Encore|p2a: Yveltal
|-start|p2a: Yveltal|Encore
|
|upkeep
|turn|9
|
|t:|1662090593
|move|p2a: Yveltal|Knock Off|p1a: Shuckle
|-damage|p1a: Shuckle|0 fnt
|faint|p1a: Shuckle
|
|upkeep
|
|t:|1662090604
|switch|p1a: Necrozma|Necrozma-Dusk-Mane|100/100
|turn|10
|
|t:|1662090608
|move|p2a: Yveltal|Knock Off|p1a: Necrozma
|-supereffective|p1a: Necrozma
|-damage|p1a: Necrozma|24/100
|-enditem|p1a: Necrozma|Choice Band|[from] move: Knock Off|[of] p2a: Yveltal
|move|p1a: Necrozma|Stone Edge|p2a: Yveltal
|-supereffective|p2a: Yveltal
|-damage|p2a: Yveltal|24/100
|
|upkeep
|turn|11
|
|t:|1662090616
|switch|p1a: Yveltal|Yveltal|100/100
|-ability|p1a: Yveltal|Dark Aura
|move|p2a: Yveltal|Knock Off|p1a: Yveltal
|-resisted|p1a: Yveltal
|-damage|p1a: Yveltal|71/100
|-enditem|p1a: Yveltal|Life Orb|[from] move: Knock Off|[of] p2a: Yveltal
|
|-end|p2a: Yveltal|Encore
|upkeep
|turn|12
|c|☆ovalboi|oops
|
|t:|1662090629
|move|p2a: Yveltal|Roost|p2a: Yveltal
|-heal|p2a: Yveltal|74/100
|-singleturn|p2a: Yveltal|move: Roost
|move|p1a: Yveltal|Oblivion Wing|p2a: Yveltal
|-damage|p2a: Yveltal|36/100
|-heal|p1a: Yveltal|99/100|[from] drain|[of] p2a: Yveltal
|
|upkeep
|turn|13
|
|t:|1662090639
|move|p1a: Yveltal|Taunt|p2a: Yveltal
|-start|p2a: Yveltal|move: Taunt
|cant|p2a: Yveltal|move: Taunt|Roost
|
|upkeep
|turn|14
|
|t:|1662090658
|switch|p2a: Zamazenta|Zamazenta-Crowned|100/100
|-activate|p2a: Zamazenta|move: Sticky Web
|-unboost|p2a: Zamazenta|spe|1
|-ability|p2a: Zamazenta|Dauntless Shield|boost
|-boost|p2a: Zamazenta|def|1
|move|p1a: Yveltal|Oblivion Wing|p2a: Zamazenta
|-damage|p2a: Zamazenta|80/100
|-heal|p1a: Yveltal|100/100|[from] drain|[of] p2a: Zamazenta
|
|upkeep
|turn|15
|
|t:|1662090688
|switch|p1a: Palkia|Palkia|100/100
|-ability|p1a: Palkia|Pressure
|move|p2a: Zamazenta|Close Combat|p1a: Palkia
|-damage|p1a: Palkia|47/100
|-unboost|p2a: Zamazenta|def|1
|-unboost|p2a: Zamazenta|spd|1
|
|upkeep
|turn|16
|
|t:|1662090700
|switch|p2a: Toxapex|Toxapex, M|100/100
|-activate|p2a: Toxapex|move: Sticky Web
|-unboost|p2a: Toxapex|spe|1
|move|p1a: Palkia|Fire Blast|p2a: Toxapex|[miss]
|-miss|p1a: Palkia|p2a: Toxapex
|
|upkeep
|turn|17
|
|t:|1662090708
|move|p1a: Palkia|Thunder|p2a: Toxapex
|-supereffective|p2a: Toxapex
|-damage|p2a: Toxapex|29/100
|move|p2a: Toxapex|Toxic|p1a: Palkia
|-status|p1a: Palkia|tox
|
|-heal|p2a: Toxapex|36/100|[from] item: Black Sludge
|-damage|p1a: Palkia|41/100 tox|[from] psn
|upkeep
|turn|18
|
|t:|1662090724
|switch|p2a: Zamazenta|Zamazenta-Crowned|80/100
|-activate|p2a: Zamazenta|move: Sticky Web
|-unboost|p2a: Zamazenta|spe|1
|-ability|p2a: Zamazenta|Dauntless Shield|boost
|-boost|p2a: Zamazenta|def|1
|move|p1a: Palkia|Spacial Rend|p2a: Zamazenta
|-resisted|p2a: Zamazenta
|-damage|p2a: Zamazenta|63/100
|
|-damage|p1a: Palkia|28/100 tox|[from] psn
|upkeep
|turn|19
|
|t:|1662090746
|move|p1a: Palkia|Fire Blast|p2a: Zamazenta
|-supereffective|p2a: Zamazenta
|-damage|p2a: Zamazenta|17/100
|move|p2a: Zamazenta|Behemoth Bash|p1a: Palkia
|-resisted|p1a: Palkia
|-damage|p1a: Palkia|7/100 tox
|
|-damage|p1a: Palkia|0 fnt|[from] psn
|faint|p1a: Palkia
|upkeep
|
|t:|1662090760
|switch|p1a: Calyrex|Calyrex-Shadow|100/100
|-ability|p1a: Calyrex|As One
|-ability|p1a: Calyrex|Unnerve
|turn|20
|
|t:|1662090771
|move|p1a: Calyrex|Astral Barrage|p2a: Zamazenta
|-damage|p2a: Zamazenta|0 fnt
|faint|p2a: Zamazenta
|-ability|p1a: Calyrex|Grim Neigh|boost
|-boost|p1a: Calyrex|spa|1
|
|upkeep
|
|t:|1662090776
|switch|p2a: Yveltal|Yveltal|36/100
|-ability|p2a: Yveltal|Dark Aura
|turn|21
|
|t:|1662090783
|switch|p1a: Yveltal|Yveltal|100/100
|-ability|p1a: Yveltal|Dark Aura
|move|p2a: Yveltal|Sucker Punch||[still]
|-fail|p2a: Yveltal
|
|upkeep
|turn|22
|
|t:|1662090796
|move|p2a: Yveltal|Defog|p1a: Yveltal
|-unboost|p1a: Yveltal|evasion|1
|-sideend|p2: Jrie|Sticky Web|[from] move: Defog|[of] p2a: Yveltal
|move|p1a: Yveltal|Taunt|p2a: Yveltal
|-start|p2a: Yveltal|move: Taunt
|
|upkeep
|turn|23
|
|t:|1662090806
|switch|p2a: Toxapex|Toxapex, M|69/100
|move|p1a: Yveltal|Oblivion Wing|p2a: Toxapex
|-damage|p2a: Toxapex|36/100
|
|-heal|p2a: Toxapex|42/100|[from] item: Black Sludge
|upkeep
|turn|24
|
|t:|1662090814
|move|p1a: Yveltal|Dark Pulse|p2a: Toxapex
|-damage|p2a: Toxapex|0 fnt
|faint|p2a: Toxapex
|
|upkeep
|
|t:|1662090823
|switch|p2a: Yveltal|Yveltal|36/100
|-ability|p2a: Yveltal|Dark Aura
|turn|25
|
|t:|1662090828
|move|p2a: Yveltal|Roost|p2a: Yveltal
|-heal|p2a: Yveltal|86/100
|-singleturn|p2a: Yveltal|move: Roost
|move|p1a: Yveltal|Taunt|p2a: Yveltal
|-start|p2a: Yveltal|move: Taunt
|
|upkeep
|turn|26
|
|t:|1662090834
|move|p1a: Yveltal|Taunt||[still]
|-fail|p1a: Yveltal
|move|p2a: Yveltal|Knock Off|p1a: Yveltal
|-resisted|p1a: Yveltal
|-damage|p1a: Yveltal|79/100
|
|upkeep
|turn|27
|
|t:|1662090840
|move|p2a: Yveltal|Sucker Punch|p1a: Yveltal
|-resisted|p1a: Yveltal
|-damage|p1a: Yveltal|59/100
|move|p1a: Yveltal|Oblivion Wing|p2a: Yveltal
|-damage|p2a: Yveltal|47/100
|-heal|p1a: Yveltal|88/100|[from] drain|[of] p2a: Yveltal
|
|upkeep
|turn|28
|
|t:|1662090849
|move|p2a: Yveltal|Knock Off|p1a: Yveltal
|-resisted|p1a: Yveltal
|-damage|p1a: Yveltal|66/100
|move|p1a: Yveltal|Oblivion Wing|p2a: Yveltal
|-damage|p2a: Yveltal|8/100
|-heal|p1a: Yveltal|96/100|[from] drain|[of] p2a: Yveltal
|
|-end|p2a: Yveltal|move: Taunt
|upkeep
|turn|29
|
|t:|1662090853
|move|p1a: Yveltal|Oblivion Wing|p2a: Yveltal
|-damage|p2a: Yveltal|0 fnt
|-heal|p1a: Yveltal|100/100|[from] drain|[of] p2a: Yveltal
|faint|p2a: Yveltal
|
|upkeep
|
|t:|1662090860
|switch|p2a: Marshadow|Marshadow|100/100
|turn|30
|
|t:|1662090869
|move|p2a: Marshadow|Ice Punch|p1a: Yveltal
|-supereffective|p1a: Yveltal
|-damage|p1a: Yveltal|52/100
|move|p1a: Yveltal|Oblivion Wing|p2a: Marshadow
|-supereffective|p2a: Marshadow
|-enditem|p2a: Marshadow|Focus Sash
|-damage|p2a: Marshadow|1/100
|-heal|p1a: Yveltal|100/100|[from] drain|[of] p2a: Marshadow
|
|upkeep
|turn|31
|
|t:|1662090880
|move|p2a: Marshadow|Close Combat|p1a: Yveltal
|-damage|p1a: Yveltal|41/100
|-unboost|p2a: Marshadow|def|1
|-unboost|p2a: Marshadow|spd|1
|move|p1a: Yveltal|Oblivion Wing|p2a: Marshadow
|-supereffective|p2a: Marshadow
|-damage|p2a: Marshadow|0 fnt
|-heal|p1a: Yveltal|41/100|[from] drain|[of] p2a: Marshadow
|faint|p2a: Marshadow
|
|upkeep
|
|t:|1662090892
|switch|p2a: Calyrex|Calyrex-Shadow|100/100
|-ability|p2a: Calyrex|As One
|-ability|p2a: Calyrex|Unnerve
|turn|32
|
|t:|1662090901
|move|p2a: Calyrex|Draining Kiss|p1a: Yveltal
|-supereffective|p1a: Yveltal
|-damage|p1a: Yveltal|2/100
|move|p1a: Yveltal|Oblivion Wing|p2a: Calyrex
|-damage|p2a: Calyrex|60/100
|-heal|p1a: Yveltal|28/100|[from] drain|[of] p2a: Calyrex
|
|upkeep
|turn|33
|
|t:|1662090908
|move|p1a: Yveltal|Sucker Punch|p2a: Calyrex
|-supereffective|p2a: Calyrex
|-damage|p2a: Calyrex|0 fnt
|faint|p2a: Calyrex
|
|upkeep
|
|t:|1662090912
|switch|p2a: Urshifu|Urshifu, F|100/100
|turn|34
|
|t:|1662090921
|move|p2a: Urshifu|Sucker Punch|p1a: Yveltal
|-resisted|p1a: Yveltal
|-damage|p1a: Yveltal|0 fnt
|faint|p1a: Yveltal
|
|upkeep
|
|t:|1662090927
|switch|p1a: Zygarde|Zygarde|100/100
|turn|35
|
|t:|1662090931
|move|p2a: Urshifu|Wicked Blow|p1a: Zygarde
|-crit|p1a: Zygarde
|-damage|p1a: Zygarde|45/100
|move|p1a: Zygarde|Thousand Waves|p2a: Urshifu
|-damage|p2a: Urshifu|58/100
|-activate|p2a: Urshifu|trapped
|
|-heal|p1a: Zygarde|51/100|[from] item: Leftovers
|upkeep
|turn|36
|
|t:|1662090943
|move|p2a: Urshifu|Wicked Blow|p1a: Zygarde
|-crit|p1a: Zygarde
|-damage|p1a: Zygarde|0 fnt
|faint|p1a: Zygarde
|
|upkeep
|c|☆ovalboi|that sucks ass
|
|t:|1662090954
|switch|p1a: Calyrex|Calyrex-Shadow|100/100
|-ability|p1a: Calyrex|As One
|-ability|p1a: Calyrex|Unnerve
|turn|37
|
|t:|1662090974
|move|p2a: Urshifu|Sucker Punch||[still]
|-fail|p2a: Urshifu
|move|p1a: Calyrex|Trick|p2a: Urshifu
|-activate|p1a: Calyrex|move: Trick|[of] p2a: Urshifu
|-item|p2a: Urshifu|Choice Specs|[from] move: Trick
|-item|p1a: Calyrex|Black Glasses|[from] move: Trick
|
|upkeep
|turn|38
|c|☆ovalboi|ggwp
|
|t:|1662090988
|move|p2a: Urshifu|Sucker Punch||[still]
|-fail|p2a: Urshifu
|move|p1a: Calyrex|Aromatherapy||[still]
|-activate|p1a: Calyrex|move: Aromatherapy
|-fail|p1a: Calyrex
|
|upkeep
|turn|39
|
|t:|1662090993
|move|p2a: Urshifu|Sucker Punch||[still]
|-fail|p2a: Urshifu
|move|p1a: Calyrex|Aromatherapy||[still]
|-activate|p1a: Calyrex|move: Aromatherapy
|-fail|p1a: Calyrex
|
|upkeep
|turn|40
|
|t:|1662090995
|move|p2a: Urshifu|Sucker Punch||[still]
|-fail|p2a: Urshifu
|move|p1a: Calyrex|Aromatherapy||[still]
|-activate|p1a: Calyrex|move: Aromatherapy
|-fail|p1a: Calyrex
|
|upkeep
|turn|41
|-message|Jrie forfeited.
|
|win|ovalboi
|raw|ovalboi's rating: 1409 &rarr; <strong>1433</strong><br />(+24 for winning)
|raw|Jrie's rating: 1471 &rarr; <strong>1447</strong><br />(-24 for losing)
|l|☆Jrie
||Ladder isn't responding, score probably updated but might not have (Request timeout).
