|j|☆caionamax
|j|☆dont look here
|t:|1652289644
|gametype|singles
|player|p1|caionamax|leon|
|player|p2|dont look here|unknown|
|teamsize|p1|6
|teamsize|p2|1
|gen|8
|tier|[Gen 8] Ubers
|rule|Sleep Clause Mod: Limit one foe put to sleep
|rule|Species Clause: Limit one of each Pokémon
|rule|OHKO Clause: OHKO moves are banned
|rule|Evasion Moves Clause: Evasion moves are banned
|rule|Endless Battle Clause: Forcing endless battles is banned
|rule|HP Percentage Mod: HP is shown in percentages
|rule|Dynamax Clause: You cannot dynamax
|clearpoke
|poke|p1|Slurpuff, M|
|poke|p1|Diggersby, M|
|poke|p1|Calyrex-Shadow|
|poke|p1|Yveltal|
|poke|p1|Eternatus|
|poke|p1|Necrozma-Dusk-Mane|
|poke|p2|Bunnelby, M|
|teampreview
|inactive|Battle timer is ON: inactive players will automatically lose when time's up. (requested by caionamax)
|
|t:|1652289654
|start
|switch|p1a: Slurpuff|Slurpuff, M, shiny|100/100
|switch|p2a: Bunnelby|Bunnelby, M|100/100
|turn|1
|
|t:|1652289669
|switch|p1a: Diggersby|Diggersby, M, shiny|100/100
|move|p2a: Bunnelby|Endure||[still]
|-fail|p2a: Bunnelby
|
|upkeep
|turn|2
|
|t:|1652289678
|move|p2a: Bunnelby|Endure|p2a: Bunnelby
|-singleturn|p2a: Bunnelby|move: Endure
|move|p1a: Diggersby|Spikes|p2a: Bunnelby
|-sidestart|p2: dont look here|Spikes
|
|upkeep
|turn|3
|
|t:|1652289681
|move|p2a: Bunnelby|Endure|p2a: Bunnelby
|-singleturn|p2a: Bunnelby|move: Endure
|move|p1a: Diggersby|Spikes|p2a: Bunnelby
|-sidestart|p2: dont look here|Spikes
|
|upkeep
|turn|4
|
|t:|1652289685
|move|p2a: Bunnelby|Endure||[still]
|-fail|p2a: Bunnelby
|move|p1a: Diggersby|Spikes|p2a: Bunnelby
|-sidestart|p2: dont look here|Spikes
|
|upkeep
|turn|5
|
|t:|1652289697
|move|p2a: Bunnelby|Endure|p2a: Bunnelby
|-singleturn|p2a: Bunnelby|move: Endure
|move|p1a: Diggersby|Earthquake|p2a: Bunnelby
|-activate|p2a: Bunnelby|move: Endure
|-damage|p2a: Bunnelby|1/100
|
|upkeep
|turn|6
|
|t:|1652289720
|move|p2a: Bunnelby|Endure|p2a: Bunnelby
|-singleturn|p2a: Bunnelby|move: Endure
|move|p1a: Diggersby|Spikes||[still]
|-fail|p1a: Diggersby
|
|upkeep
|turn|7
|
|t:|1652289724
|move|p2a: Bunnelby|Endure||[still]
|-fail|p2a: Bunnelby
|move|p1a: Diggersby|Spikes||[still]
|-fail|p1a: Diggersby
|
|upkeep
|turn|8
|
|t:|1652289732
|move|p2a: Bunnelby|Endure|p2a: Bunnelby
|-singleturn|p2a: Bunnelby|move: Endure
|move|p1a: Diggersby|Stone Edge|p2a: Bunnelby|[miss]
|-miss|p1a: Diggersby|p2a: Bunnelby
|
|upkeep
|turn|9
|
|t:|1652289739
|move|p2a: Bunnelby|Endure||[still]
|-fail|p2a: Bunnelby
|move|p1a: Diggersby|Spikes||[still]
|-fail|p1a: Diggersby
|
|upkeep
|turn|10
|
|t:|1652289743
|move|p2a: Bunnelby|Endure|p2a: Bunnelby
|-singleturn|p2a: Bunnelby|move: Endure
|move|p1a: Diggersby|Stone Edge|p2a: Bunnelby
|-activate|p2a: Bunnelby|move: Endure
|-damage|p2a: Bunnelby|1/100
|
|upkeep
|turn|11
|
|t:|1652289755
|move|p2a: Bunnelby|Endure||[still]
|-fail|p2a: Bunnelby
|move|p1a: Diggersby|Spikes||[still]
|-fail|p1a: Diggersby
|
|upkeep
|turn|12
|
|t:|1652289759
|move|p2a: Bunnelby|Endure|p2a: Bunnelby
|-singleturn|p2a: Bunnelby|move: Endure
|move|p1a: Diggersby|Quick Attack|p2a: Bunnelby
|-activate|p2a: Bunnelby|move: Endure
|-damage|p2a: Bunnelby|1/100
|
|upkeep
|turn|13
|
|t:|1652289769
|move|p2a: Bunnelby|Endure||[still]
|-fail|p2a: Bunnelby
|move|p1a: Diggersby|Earthquake|p2a: Bunnelby
|-damage|p2a: Bunnelby|0 fnt
|faint|p2a: Bunnelby
|
|win|caionamax
