|j|☆Nael222
|j|☆Royal1604
|t:|1642792716
|gametype|singles
|player|p1|Nael222|266|
|player|p2|Royal1604|#stt4toxicboys|
|teamsize|p1|6
|teamsize|p2|6
|gen|8
|tier|[Gen 8] Ubers
|rule|Sleep Clause Mod: Limit one foe put to sleep
|rule|Species Clause: Limit one of each Pokémon
|rule|OHKO Clause: OHKO moves are banned
|rule|Evasion Moves Clause: Evasion moves are banned
|rule|Endless Battle Clause: Forcing endless battles is banned
|rule|HP Percentage Mod: HP is shown in percentages
|rule|Dynamax Clause: You cannot dynamax
|clearpoke
|poke|p1|Magnezone|
|poke|p1|Darmanitan-Galar, M|
|poke|p1|Yveltal|
|poke|p1|Eternatus|
|poke|p1|Blissey, F|
|poke|p1|Xerneas-*|
|poke|p2|Aerodactyl, M|
|poke|p2|Calyrex-Shadow|
|poke|p2|Yveltal|
|poke|p2|Necrozma-Dusk-Mane|
|poke|p2|Weavile, F|
|poke|p2|Kyogre|
|teampreview
|inactive|Battle timer is ON: inactive players will automatically lose when time's up. (requested by Royal1604)
|c|☆Royal1604|hf
|c|☆Nael222|HF
|inactive|Nael222 has 270 seconds left.
|inactive|Royal1604 has 270 seconds left.
|j| Dunoks
|inactive|Nael222 has 240 seconds left.
|j| ONLY PILOTING
|j| Prodigezz
|j| Micciu20250
|inactive|Royal1604 has 240 seconds left.
|j| TaoTDW
|c| ONLY PILOTING|vamos nael
|j| Zenadark
|j| Darky~Samaa'
|j| Rodyrodounet
|c| Darky~Samaa'|go Nael
|inactive|Nael222 has 210 seconds left.
|inactive|Royal1604 has 210 seconds left.
|j| Hervalt
|l| Rodyrodounet
|inactive|Nael222 has 180 seconds left.
|
|t:|1642792860
|start
|switch|p1a: Xerneas|Xerneas|100/100
|switch|p2a: Aerodactyl|Aerodactyl, M|100/100
|-ability|p1a: Xerneas|Fairy Aura
|-ability|p2a: Aerodactyl|Pressure
|turn|1
|inactive|Royal1604 has 270 seconds left.
|
|t:|1642792872
|move|p1a: Xerneas|Moonblast|p2a: Aerodactyl
|-damage|p2a: Aerodactyl|23/100
|-unboost|p2a: Aerodactyl|spa|1
|move|p2a: Aerodactyl|Stealth Rock|p1a: Xerneas
|-sidestart|p1: Nael222|move: Stealth Rock
|
|upkeep
|turn|2
|inactive|Royal1604 has 270 seconds left.
|l| Zenadark
|
|t:|1642792894
|move|p1a: Xerneas|Moonblast|p2a: Aerodactyl
|-damage|p2a: Aerodactyl|0 fnt
|faint|p2a: Aerodactyl
|
|upkeep
|
|t:|1642792899
|switch|p2a: Necrozma|Necrozma-Dusk-Mane|100/100
|turn|3
|
|t:|1642792903
|switch|p1a: Magnezone|Magnezone|100/100
|-damage|p1a: Magnezone|94/100|[from] Stealth Rock
|-item|p1a: Magnezone|Air Balloon
|move|p2a: Necrozma|Sunsteel Strike|p1a: Magnezone
|-resisted|p1a: Magnezone
|-damage|p1a: Magnezone|82/100
|-enditem|p1a: Magnezone|Air Balloon
|
|upkeep
|turn|4
|
|t:|1642792908
|switch|p1a: Yveltal|Yveltal|100/100
|-ability|p1a: Yveltal|Dark Aura
|move|p2a: Necrozma|Earthquake|p1a: Yveltal
|-immune|p1a: Yveltal
|
|upkeep
|turn|5
|j| Hurtadoo
|
|t:|1642792919
|switch|p2a: Yveltal|Yveltal|100/100
|-ability|p2a: Yveltal|Dark Aura
|move|p1a: Yveltal|Foul Play|p2a: Yveltal
|-resisted|p2a: Yveltal
|-damage|p2a: Yveltal|67/100
|
|upkeep
|turn|6
|
|t:|1642792923
|move|p1a: Yveltal|Defog|p2a: Yveltal
|-unboost|p2a: Yveltal|evasion|1
|-sideend|p1: Nael222|Stealth Rock|[from] move: Defog|[of] p1a: Yveltal
|move|p2a: Yveltal|Taunt|p1a: Yveltal
|-start|p1a: Yveltal|move: Taunt
|
|upkeep
|turn|7
|l| Hurtadoo
|j| Alexis Corbiere
|
|t:|1642792935
|switch|p2a: Necrozma|Necrozma-Dusk-Mane|100/100
|move|p1a: Yveltal|U-turn|p2a: Necrozma
|-damage|p2a: Necrozma|83/100
|inactive|Nael222 has 270 seconds left.
|j| GoodFather01
|inactive|Nael222 has 240 seconds left.
|
|t:|1642792986
|switch|p1a: Magnezone|Magnezone|82/100|[from]move: U-turn
|
|upkeep
|turn|8
|
|t:|1642792997
|move|p2a: Necrozma|Earthquake|p1a: Magnezone
|-supereffective|p1a: Magnezone
|-crit|p1a: Magnezone
|-damage|p1a: Magnezone|0 fnt
|faint|p1a: Magnezone
|
|upkeep
|
|t:|1642793001
|switch|p1a: Yveltal|Yveltal|100/100
|-ability|p1a: Yveltal|Dark Aura
|turn|9
|
|t:|1642793015
|switch|p2a: Yveltal|Yveltal|67/100
|-ability|p2a: Yveltal|Dark Aura
|move|p1a: Yveltal|Foul Play|p2a: Yveltal
|-resisted|p2a: Yveltal
|-damage|p2a: Yveltal|34/100
|
|upkeep
|turn|10
|
|t:|1642793019
|move|p1a: Yveltal|Foul Play|p2a: Yveltal
|-resisted|p2a: Yveltal
|-damage|p2a: Yveltal|0 fnt
|faint|p2a: Yveltal
|
|upkeep
|j| Boulicrok
|inactive|Royal1604 has 270 seconds left.
|c|☆Royal1604|c'est quand même pas de pot
|
|t:|1642793068
|switch|p2a: Weavile|Weavile, F|100/100
|-ability|p2a: Weavile|Pressure
|turn|11
|
|t:|1642793072
|switch|p1a: Xerneas|Xerneas|100/100
|-ability|p1a: Xerneas|Fairy Aura
|move|p2a: Weavile|Triple Axel|p1a: Xerneas|[miss]
|-miss|p2a: Weavile|p1a: Xerneas
|
|upkeep
|turn|12
|c|☆Nael222|mb
|inactive|Royal1604 has 270 seconds left.
|inactive|Royal1604 has 240 seconds left.
|
|t:|1642793124
|move|p1a: Xerneas|Moonblast|p2a: Weavile
|-supereffective|p2a: Weavile
|-damage|p2a: Weavile|0 fnt
|faint|p2a: Weavile
|
|upkeep
|
|t:|1642793125
|switch|p2a: Necrozma|Necrozma-Dusk-Mane|83/100
|turn|13
|
|t:|1642793140
|switch|p1a: Darmanitan|Darmanitan-Galar, M|100/100
|move|p2a: Necrozma|Dragon Dance|p2a: Necrozma
|-boost|p2a: Necrozma|atk|1
|-boost|p2a: Necrozma|spe|1
|
|upkeep
|turn|14
|inactive|Royal1604 has 240 seconds left.
|j| Eccalliti
|j| AzZoCcX
|
|t:|1642793185
|move|p1a: Darmanitan|Flare Blitz|p2a: Necrozma
|-supereffective|p2a: Necrozma
|-damage|p2a: Necrozma|0 fnt
|faint|p2a: Necrozma
|-damage|p1a: Darmanitan|75/100|[from] Recoil
|
|upkeep
|c|☆Royal1604|ah c'est vraiment double scarf
|inactive|Royal1604 has 210 seconds left.
|c|☆Nael222|eh oui
|c|☆Royal1604|stylé
|c|☆Royal1604|bonne prep
|c|☆Royal1604|gg
|c|☆Nael222|mrc
|-message|Royal1604 forfeited.
|
|win|Nael222
|l|☆Royal1604
|c|☆Nael222|gg
|l| Micciu20250
