|j|☆ubersohneubers
|j|☆LeBarBURR2
|player|p1|ubersohneubers|cheryl|1675
|player|p2|LeBarBURR2|rancher|1396
|teamsize|p1|6
|teamsize|p2|6
|gametype|singles
|gen|8
|tier|[Gen 8] Ubers
|rated|
|rule|Sleep Clause Mod: Limit one foe put to sleep
|rule|Species Clause: Limit one of each Pokémon
|rule|OHKO Clause: OHKO moves are banned
|rule|Evasion Moves Clause: Evasion moves are banned
|rule|Endless Battle Clause: Forcing endless battles is banned
|rule|HP Percentage Mod: HP is shown in percentages
|clearpoke
|poke|p1|Gothitelle, M|
|poke|p1|Ditto|
|poke|p1|Quagsire, F|
|poke|p1|Eternatus|
|poke|p1|Excadrill, M|
|poke|p1|Corviknight, M|
|poke|p2|Polteageist|
|poke|p2|Weezing-Galar, M|
|poke|p2|Ditto|
|poke|p2|Eternatus|
|poke|p2|Zacian-Crowned|
|poke|p2|Excadrill, M|
|teampreview
|
|start
|switch|p1a: Corviknight|Corviknight, M|100/100
|switch|p2a: Excadrill|Excadrill, M|100/100
|-ability|p2a: Excadrill|Mold Breaker
|-ability|p1a: Corviknight|Pressure
|turn|1
|
|move|p2a: Excadrill|Rock Tomb|p1a: Corviknight
|-damage|p1a: Corviknight|84/100
|-unboost|p1a: Corviknight|spe|1
|move|p1a: Corviknight|Bulk Up|p1a: Corviknight
|-boost|p1a: Corviknight|atk|1
|-boost|p1a: Corviknight|def|1
|
|-heal|p1a: Corviknight|90/100|[from] item: Leftovers
|upkeep
|turn|2
|
|move|p2a: Excadrill|Rock Tomb|p1a: Corviknight
|-damage|p1a: Corviknight|78/100
|-unboost|p1a: Corviknight|spe|1
|move|p1a: Corviknight|Power Trip|p2a: Excadrill
|-damage|p2a: Excadrill|75/100
|
|-heal|p1a: Corviknight|85/100|[from] item: Leftovers
|upkeep
|turn|3
|
|move|p2a: Excadrill|Stealth Rock|p1a: Corviknight
|-sidestart|p1: ubersohneubers|move: Stealth Rock
|move|p1a: Corviknight|Bulk Up|p1a: Corviknight
|-boost|p1a: Corviknight|atk|1
|-boost|p1a: Corviknight|def|1
|
|-heal|p1a: Corviknight|91/100|[from] item: Leftovers
|upkeep
|turn|4
|
|move|p2a: Excadrill|Rock Tomb|p1a: Corviknight
|-damage|p1a: Corviknight|82/100
|-unboost|p1a: Corviknight|spe|1
|move|p1a: Corviknight|Brave Bird|p2a: Excadrill
|-resisted|p2a: Excadrill
|-damage|p2a: Excadrill|22/100
|-damage|p1a: Corviknight|66/100|[from] Recoil
|
|-heal|p1a: Corviknight|72/100|[from] item: Leftovers
|upkeep
|turn|5
|
|move|p2a: Excadrill|Rock Tomb|p1a: Corviknight
|-damage|p1a: Corviknight|64/100
|-unboost|p1a: Corviknight|spe|1
|move|p1a: Corviknight|Roost|p1a: Corviknight
|-heal|p1a: Corviknight|100/100
|-singleturn|p1a: Corviknight|move: Roost
|
|upkeep
|turn|6
|
|move|p2a: Excadrill|Rock Tomb|p1a: Corviknight
|-damage|p1a: Corviknight|91/100
|-unboost|p1a: Corviknight|spe|1
|move|p1a: Corviknight|Bulk Up|p1a: Corviknight
|-boost|p1a: Corviknight|atk|1
|-boost|p1a: Corviknight|def|1
|
|-heal|p1a: Corviknight|97/100|[from] item: Leftovers
|upkeep
|turn|7
|
|move|p2a: Excadrill|Rock Tomb|p1a: Corviknight
|-damage|p1a: Corviknight|89/100
|-unboost|p1a: Corviknight|spe|1
|move|p1a: Corviknight|Power Trip|p2a: Excadrill
|-damage|p2a: Excadrill|0 fnt
|faint|p2a: Excadrill
|
|-heal|p1a: Corviknight|96/100|[from] item: Leftovers
|upkeep
|
|switch|p2a: Eternatus|Eternatus|100/100
|-ability|p2a: Eternatus|Pressure
|turn|8
|
|-start|p1a: Corviknight|Dynamax
|-heal|p1a: Corviknight|96/100|[silent]
|move|p2a: Eternatus|Flamethrower|p1a: Corviknight
|-supereffective|p1a: Corviknight
|-damage|p1a: Corviknight|64/100
|-damage|p2a: Eternatus|91/100|[from] item: Life Orb
|move|p1a: Corviknight|Max Airstream|p2a: Eternatus
|-damage|p2a: Eternatus|6/100
|-boost|p1a: Corviknight|spe|1
|
|-heal|p1a: Corviknight|70/100|[from] item: Leftovers
|upkeep
|turn|9
|
|move|p2a: Eternatus|Flamethrower|p1a: Corviknight
|-supereffective|p1a: Corviknight
|-damage|p1a: Corviknight|39/100
|-status|p1a: Corviknight|brn
|-damage|p2a: Eternatus|0 fnt|[from] item: Life Orb
|faint|p2a: Eternatus
|move|p1a: Corviknight|Max Airstream|p2: Eternatus|[notarget]
|-fail|p1a: Corviknight
|
|-heal|p1a: Corviknight|45/100 brn|[from] item: Leftovers
|-damage|p1a: Corviknight|39/100 brn|[from] brn
|upkeep
|j| thesmilingfairie
|
|switch|p2a: Polteageist|Polteageist|100/100
|turn|10
|
|move|p2a: Polteageist|Shell Smash|p2a: Polteageist
|-unboost|p2a: Polteageist|def|1
|-unboost|p2a: Polteageist|spd|1
|-boost|p2a: Polteageist|atk|2
|-boost|p2a: Polteageist|spa|2
|-boost|p2a: Polteageist|spe|2
|move|p1a: Corviknight|Max Airstream|p2a: Polteageist
|-enditem|p2a: Polteageist|Focus Sash
|-damage|p2a: Polteageist|1/100
|-ability|p2a: Polteageist|Weak Armor|boost
|-unboost|p2a: Polteageist|def|1
|-boost|p2a: Polteageist|spe|2
|-boost|p1a: Corviknight|spe|1
|
|-heal|p1a: Corviknight|45/100 brn|[from] item: Leftovers
|-damage|p1a: Corviknight|39/100 brn|[from] brn
|-end|p1a: Corviknight|Dynamax
|-heal|p1a: Corviknight|39/100 brn|[silent]
|upkeep
|turn|11
|
|move|p2a: Polteageist|Baton Pass|p2a: Polteageist
|
|switch|p2a: Weezing|Weezing-Galar, M|100/100|[from]move: Baton Pass
|-enditem|p2a: Weezing|White Herb
|-clearnegativeboost|p2a: Weezing|[silent]
|-ability|p2a: Weezing|Neutralizing Gas
|move|p1a: Corviknight|Brave Bird|p2a: Weezing
|-damage|p2a: Weezing|53/100
|-damage|p1a: Corviknight|28/100 brn|[from] Recoil
|
|-heal|p1a: Corviknight|34/100 brn|[from] item: Leftovers
|-damage|p1a: Corviknight|28/100 brn|[from] brn
|upkeep
|turn|12
|
|move|p2a: Weezing|Thunderbolt|p1a: Corviknight
|-supereffective|p1a: Corviknight
|-damage|p1a: Corviknight|0 fnt
|faint|p1a: Corviknight
|
|upkeep
|
|switch|p1a: Ditto|Ditto|100/100
|-damage|p1a: Ditto|88/100|[from] Stealth Rock
|turn|13
|
|switch|p1a: Gothitelle|Gothitelle, M|100/100
|-damage|p1a: Gothitelle|88/100|[from] Stealth Rock
|move|p2a: Weezing|Sludge Wave|p1a: Gothitelle
|-damage|p1a: Gothitelle|33/100
|
|-heal|p1a: Gothitelle|39/100|[from] item: Leftovers
|upkeep
|turn|14
|
|move|p2a: Weezing|Sludge Wave|p1a: Gothitelle
|-crit|p1a: Gothitelle
|-damage|p1a: Gothitelle|0 fnt
|faint|p1a: Gothitelle
|
|upkeep
|
|switch|p1a: Quagsire|Quagsire, F|100/100
|-damage|p1a: Quagsire|94/100|[from] Stealth Rock
|turn|15
|
|-start|p2a: Weezing|Dynamax
|-heal|p2a: Weezing|53/100|[silent]
|move|p2a: Weezing|Max Starfall|p1a: Quagsire
|-damage|p1a: Quagsire|0 fnt
|-fieldstart|move: Misty Terrain
|faint|p1a: Quagsire
|
|upkeep
|c| thesmilingfairie|ok this weezing set is kinda genius
|
|switch|p1a: Excadrill|Excadrill, M|100/100
|-damage|p1a: Excadrill|97/100|[from] Stealth Rock
|turn|16
|
|move|p2a: Weezing|Max Flare|p1a: Excadrill
|-supereffective|p1a: Excadrill
|-damage|p1a: Excadrill|0 fnt
|-weather|SunnyDay
|faint|p1a: Excadrill
|
|-weather|SunnyDay|[upkeep]
|upkeep
|
|switch|p1a: Eternatus|Eternatus|100/100
|-damage|p1a: Eternatus|88/100|[from] Stealth Rock
|turn|17
|
|move|p2a: Weezing|Max Starfall|p1a: Eternatus
|-damage|p1a: Eternatus|0 fnt
|faint|p1a: Eternatus
|
|-weather|SunnyDay|[upkeep]
|-end|p2a: Weezing|Dynamax
|-heal|p2a: Weezing|53/100|[silent]
|upkeep
|
|switch|p1a: Ditto|Ditto|88/100
|-damage|p1a: Ditto|76/100|[from] Stealth Rock
|turn|18
|
|move|p2a: Weezing|Sludge Wave|p1a: Ditto
|-damage|p1a: Ditto|0 fnt
|faint|p1a: Ditto
|
|win|LeBarBURR2
|l|☆ubersohneubers
|raw|ubersohneubers's rating: 1675 &rarr; <strong>1642</strong><br />(-33 for losing)
|raw|LeBarBURR2's rating: 1396 &rarr; <strong>1429</strong><br />(+33 for winning)
