|j|☆Squatsgetbthots
|j|☆snakey77
|t:|1630133288
|gametype|singles
|player|p1|Squatsgetbthots|169|
|player|p2|snakey77|170|
|teamsize|p1|6
|teamsize|p2|6
|gen|8
|tier|[Gen 8] Ubers
|rated|Tournament battle
|rule|Sleep Clause Mod: Limit one foe put to sleep
|rule|Species Clause: Limit one of each Pokémon
|rule|OHKO Clause: OHKO moves are banned
|rule|Evasion Moves Clause: Evasion moves are banned
|rule|Endless Battle Clause: Forcing endless battles is banned
|rule|HP Percentage Mod: HP is shown in percentages
|rule|Dynamax Clause: You cannot dynamax
|clearpoke
|poke|p1|Necrozma-Dusk-Mane|
|poke|p1|Calyrex-Shadow|
|poke|p1|Kyogre|
|poke|p1|Eternatus|
|poke|p1|Yveltal|
|poke|p1|Regieleki|
|poke|p2|Necrozma-Dusk-Mane|
|poke|p2|Kyurem-Black|
|poke|p2|Zygarde|
|poke|p2|Yveltal|
|poke|p2|Hippowdon, M|
|poke|p2|Magearna|
|teampreview
|j| Sim112
|inactive|Battle timer is ON: inactive players will automatically lose when time's up. (requested by Squatsgetbthots)
|j| Mega Zygarde-200%
|
|t:|1630133312
|start
|switch|p1a: Kyogre|Kyogre|100/100
|switch|p2a: Yveltal|Yveltal|100/100
|-weather|RainDance|[from] ability: Drizzle|[of] p1a: Kyogre
|-ability|p2a: Yveltal|Dark Aura
|turn|1
|l| Mega Zygarde-200%
|
|t:|1630133319
|switch|p2a: Kyurem|Kyurem-Black|100/100
|-ability|p2a: Kyurem|Teravolt
|move|p1a: Kyogre|Water Spout|p2a: Kyurem
|-resisted|p2a: Kyurem
|-damage|p2a: Kyurem|37/100
|
|-weather|RainDance|[upkeep]
|upkeep
|turn|2
|
|t:|1630133324
|switch|p1a: Eternatus|Eternatus|100/100
|-ability|p1a: Eternatus|Pressure
|move|p2a: Kyurem|Roost|p2a: Kyurem
|-heal|p2a: Kyurem|87/100
|-singleturn|p2a: Kyurem|move: Roost
|
|-weather|RainDance|[upkeep]
|upkeep
|turn|3
|j|^Hoennseptile
|
|t:|1630133328
|switch|p2a: Necrozma|Necrozma-Dusk-Mane|100/100
|move|p1a: Eternatus|Dynamax Cannon|p2a: Necrozma
|-resisted|p2a: Necrozma
|-damage|p2a: Necrozma|85/100
|
|-weather|RainDance|[upkeep]
|upkeep
|turn|4
|
|t:|1630133336
|switch|p1a: Yveltal|Yveltal|100/100
|-ability|p1a: Yveltal|Dark Aura
|move|p2a: Necrozma|Stealth Rock|p1a: Yveltal
|-sidestart|p1: Squatsgetbthots|move: Stealth Rock
|
|-weather|RainDance|[upkeep]
|upkeep
|turn|5
|
|t:|1630133345
|switch|p2a: Hippowdon|Hippowdon, M|100/100
|-weather|Sandstorm|[from] ability: Sand Stream|[of] p2a: Hippowdon
|move|p1a: Yveltal|Knock Off|p2a: Hippowdon
|-damage|p2a: Hippowdon|68/100
|-damage|p1a: Yveltal|84/100|[from] item: Rocky Helmet|[of] p2a: Hippowdon
|-enditem|p2a: Hippowdon|Rocky Helmet|[from] move: Knock Off|[of] p1a: Yveltal
|
|-weather|Sandstorm|[upkeep]
|-damage|p1a: Yveltal|78/100|[from] Sandstorm
|upkeep
|turn|6
|
|t:|1630133350
|move|p1a: Yveltal|U-turn|p2a: Hippowdon
|-damage|p2a: Hippowdon|56/100
|
|t:|1630133354
|switch|p1a: Necrozma|Necrozma-Dusk-Mane|100/100|[from]move: U-turn
|-damage|p1a: Necrozma|94/100|[from] Stealth Rock
|move|p2a: Hippowdon|Toxic|p1a: Necrozma
|-immune|p1a: Necrozma
|
|-weather|Sandstorm|[upkeep]
|-heal|p1a: Necrozma|100/100|[from] item: Leftovers
|upkeep
|turn|7
|
|t:|1630133358
|switch|p2a: Zygarde|Zygarde|100/100
|move|p1a: Necrozma|Stealth Rock|p2a: Zygarde
|-sidestart|p2: snakey77|move: Stealth Rock
|
|-weather|Sandstorm|[upkeep]
|upkeep
|turn|8
|
|t:|1630133367
|move|p2a: Zygarde|Substitute|p2a: Zygarde
|-start|p2a: Zygarde|Substitute
|-damage|p2a: Zygarde|76/100
|move|p1a: Necrozma|Photon Geyser|p2a: Zygarde
|-end|p2a: Zygarde|Substitute
|
|-weather|Sandstorm|[upkeep]
|-heal|p2a: Zygarde|82/100|[from] item: Leftovers
|upkeep
|turn|9
|
|t:|1630133373
|move|p2a: Zygarde|Substitute|p2a: Zygarde
|-start|p2a: Zygarde|Substitute
|-damage|p2a: Zygarde|57/100
|move|p1a: Necrozma|Photon Geyser|p2a: Zygarde
|-end|p2a: Zygarde|Substitute
|
|-weather|none
|-heal|p2a: Zygarde|63/100|[from] item: Leftovers
|upkeep
|turn|10
|
|t:|1630133376
|move|p2a: Zygarde|Substitute|p2a: Zygarde
|-start|p2a: Zygarde|Substitute
|-damage|p2a: Zygarde|38/100
|move|p1a: Necrozma|Photon Geyser|p2a: Zygarde
|-end|p2a: Zygarde|Substitute
|
|-heal|p2a: Zygarde|44/100|[from] item: Leftovers
|-activate|p2a: Zygarde|ability: Power Construct
|detailschange|p2a: Zygarde|Zygarde-Complete
|-heal|p2a: Zygarde|65/100|[silent]
|upkeep
|turn|11
|
|t:|1630133382
|move|p2a: Zygarde|Substitute|p2a: Zygarde
|-start|p2a: Zygarde|Substitute
|-damage|p2a: Zygarde|40/100
|move|p1a: Necrozma|Photon Geyser|p2a: Zygarde
|-activate|p2a: Zygarde|move: Substitute|[damage]
|
|-heal|p2a: Zygarde|46/100|[from] item: Leftovers
|upkeep
|turn|12
|
|t:|1630133385
|move|p2a: Zygarde|Dragon Dance|p2a: Zygarde
|-boost|p2a: Zygarde|atk|1
|-boost|p2a: Zygarde|spe|1
|move|p1a: Necrozma|Photon Geyser|p2a: Zygarde
|-end|p2a: Zygarde|Substitute
|
|-heal|p2a: Zygarde|53/100|[from] item: Leftovers
|upkeep
|turn|13
|
|t:|1630133391
|switch|p1a: Yveltal|Yveltal|78/100
|-damage|p1a: Yveltal|53/100|[from] Stealth Rock
|-ability|p1a: Yveltal|Dark Aura
|move|p2a: Zygarde|Substitute|p2a: Zygarde
|-start|p2a: Zygarde|Substitute
|-damage|p2a: Zygarde|28/100
|
|-heal|p2a: Zygarde|34/100|[from] item: Leftovers
|upkeep
|turn|14
|
|t:|1630133397
|move|p2a: Zygarde|Thousand Arrows|p1a: Yveltal
|-damage|p1a: Yveltal|6/100
|-start|p1a: Yveltal|Smack Down
|move|p1a: Yveltal|Knock Off|p2a: Zygarde
|-end|p2a: Zygarde|Substitute
|
|-heal|p2a: Zygarde|40/100|[from] item: Leftovers
|upkeep
|turn|15
|
|t:|1630133404
|move|p2a: Zygarde|Substitute|p2a: Zygarde
|-start|p2a: Zygarde|Substitute
|-damage|p2a: Zygarde|15/100
|move|p1a: Yveltal|Knock Off|p2a: Zygarde
|-end|p2a: Zygarde|Substitute
|
|-heal|p2a: Zygarde|21/100|[from] item: Leftovers
|upkeep
|turn|16
|j| ruthless hjuy
|
|t:|1630133409
|move|p1a: Yveltal|Sucker Punch|p2a: Zygarde
|-damage|p2a: Zygarde|0 fnt
|faint|p2a: Zygarde
|
|upkeep
|
|t:|1630133416
|switch|p2a: Magearna|Magearna|100/100
|-damage|p2a: Magearna|94/100|[from] Stealth Rock
|turn|17
|
|t:|1630133421
|move|p1a: Yveltal|Knock Off|p2a: Magearna
|-resisted|p2a: Magearna
|-damage|p2a: Magearna|68/100
|-enditem|p2a: Magearna|Leftovers|[from] move: Knock Off|[of] p1a: Yveltal
|move|p2a: Magearna|Fleur Cannon|p1a: Yveltal
|-supereffective|p1a: Yveltal
|-damage|p1a: Yveltal|0 fnt
|-unboost|p2a: Magearna|spa|2
|faint|p1a: Yveltal
|-ability|p2a: Magearna|Soul-Heart|boost
|-boost|p2a: Magearna|spa|1
|
|upkeep
|
|t:|1630133442
|switch|p1a: Kyogre|Kyogre|100/100
|-damage|p1a: Kyogre|88/100|[from] Stealth Rock
|-weather|RainDance|[from] ability: Drizzle|[of] p1a: Kyogre
|turn|18
|
|t:|1630133451
|move|p1a: Kyogre|Water Spout|p2a: Magearna
|-damage|p2a: Magearna|0 fnt
|faint|p2a: Magearna
|
|-weather|RainDance|[upkeep]
|upkeep
|
|t:|1630133458
|switch|p2a: Kyurem|Kyurem-Black|87/100
|-ability|p2a: Kyurem|Teravolt
|turn|19
|
|t:|1630133466
|switch|p2a: Hippowdon|Hippowdon, M|56/100
|-damage|p2a: Hippowdon|50/100|[from] Stealth Rock
|-weather|Sandstorm|[from] ability: Sand Stream|[of] p2a: Hippowdon
|move|p1a: Kyogre|Water Spout|p2a: Hippowdon
|-supereffective|p2a: Hippowdon
|-damage|p2a: Hippowdon|0 fnt
|faint|p2a: Hippowdon
|
|-weather|Sandstorm|[upkeep]
|-damage|p1a: Kyogre|82/100|[from] Sandstorm
|upkeep
|
|t:|1630133468
|switch|p2a: Kyurem|Kyurem-Black|87/100
|-ability|p2a: Kyurem|Teravolt
|turn|20
|
|t:|1630133475
|switch|p1a: Necrozma|Necrozma-Dusk-Mane|100/100
|-damage|p1a: Necrozma|94/100|[from] Stealth Rock
|move|p2a: Kyurem|Fusion Bolt|p1a: Necrozma
|-crit|p1a: Necrozma
|-damage|p1a: Necrozma|57/100
|
|-weather|Sandstorm|[upkeep]
|-damage|p2a: Kyurem|81/100|[from] Sandstorm
|-heal|p1a: Necrozma|63/100|[from] item: Leftovers
|upkeep
|turn|21
|
|t:|1630133481
|switch|p2a: Yveltal|Yveltal|100/100
|-ability|p2a: Yveltal|Dark Aura
|move|p1a: Necrozma|Iron Head|p2a: Yveltal
|-damage|p2a: Yveltal|77/100
|
|-weather|Sandstorm|[upkeep]
|-damage|p2a: Yveltal|71/100|[from] Sandstorm
|-heal|p1a: Necrozma|69/100|[from] item: Leftovers
|upkeep
|turn|22
|
|t:|1630133493
|move|p2a: Yveltal|Knock Off|p1a: Necrozma
|-supereffective|p1a: Necrozma
|-damage|p1a: Necrozma|7/100
|-enditem|p1a: Necrozma|Leftovers|[from] move: Knock Off|[of] p2a: Yveltal
|move|p1a: Necrozma|Iron Head|p2a: Yveltal
|-damage|p2a: Yveltal|46/100
|
|-weather|Sandstorm|[upkeep]
|-damage|p2a: Yveltal|40/100|[from] Sandstorm
|upkeep
|turn|23
|
|t:|1630133501
|move|p2a: Yveltal|Knock Off|p1a: Necrozma
|-supereffective|p1a: Necrozma
|-damage|p1a: Necrozma|0 fnt
|faint|p1a: Necrozma
|
|-weather|none
|upkeep
|
|t:|1630133504
|switch|p1a: Eternatus|Eternatus|100/100
|-damage|p1a: Eternatus|88/100|[from] Stealth Rock
|-ability|p1a: Eternatus|Pressure
|turn|24
|c| ruthless hjuy|big kyu-b
|
|t:|1630133512
|switch|p2a: Necrozma|Necrozma-Dusk-Mane|85/100
|-damage|p2a: Necrozma|79/100|[from] Stealth Rock
|move|p1a: Eternatus|Meteor Beam||[still]
|-prepare|p1a: Eternatus|Meteor Beam
|-boost|p1a: Eternatus|spa|1
|-enditem|p1a: Eternatus|Power Herb
|-anim|p1a: Eternatus|Meteor Beam|p2a: Necrozma
|-resisted|p2a: Necrozma
|-damage|p2a: Necrozma|58/100
|
|upkeep
|turn|25
|
|t:|1630133518
|move|p1a: Eternatus|Flamethrower|p2a: Necrozma
|-supereffective|p2a: Necrozma
|-damage|p2a: Necrozma|10/100
|move|p2a: Necrozma|Photon Geyser|p1a: Eternatus
|-supereffective|p1a: Eternatus
|-damage|p1a: Eternatus|8/100
|
|upkeep
|turn|26
|
|t:|1630133524
|move|p1a: Eternatus|Dynamax Cannon|p2a: Necrozma
|-resisted|p2a: Necrozma
|-damage|p2a: Necrozma|0 fnt
|faint|p2a: Necrozma
|
|upkeep
|
|t:|1630133526
|switch|p2a: Yveltal|Yveltal|40/100
|-ability|p2a: Yveltal|Dark Aura
|turn|27
|
|t:|1630133528
|move|p2a: Yveltal|Sucker Punch||[still]
|-fail|p2a: Yveltal
|move|p1a: Eternatus|Recover|p1a: Eternatus
|-heal|p1a: Eternatus|58/100
|
|upkeep
|turn|28
|c|☆snakey77|gg
|l| ruthless hjuy
|-message|snakey77 forfeited.
|
|win|Squatsgetbthots
|n|☆Squatsgetbthots|squatsgetbthots
|n|☆snakey77|snakey77
|n| Sim112|sim112
|n| Hoennseptile|hoennseptile
