|j|‽liquid heroin
|j|☆Nikifu
|t:|1656332478
|gametype|singles
|player|p1|liquid heroin|gambler-gen1|
|player|p2|Nikifu|richboy|
|teamsize|p1|6
|teamsize|p2|6
|gen|8
|tier|[Gen 8] Ubers
|rated|Tournament battle
|rule|Sleep Clause Mod: Limit one foe put to sleep
|rule|Species Clause: Limit one of each Pokémon
|rule|OHKO Clause: OHKO moves are banned
|rule|Evasion Moves Clause: Evasion moves are banned
|rule|Endless Battle Clause: Forcing endless battles is banned
|rule|HP Percentage Mod: HP is shown in percentages
|rule|Dynamax Clause: You cannot dynamax
|clearpoke
|poke|p1|Barraskewda, F|
|poke|p1|Kyogre|
|poke|p1|Dugtrio, F|
|poke|p1|Necrozma-Dusk-Mane|
|poke|p1|Yveltal|
|poke|p1|Clefable, M|
|poke|p2|Zygarde|
|poke|p2|Cinderace, M|
|poke|p2|Darmanitan-Galar, M|
|poke|p2|Mewtwo|
|poke|p2|Clefable, M|
|poke|p2|Urshifu-*, F|
|teampreview
|inactive|Battle timer is ON: inactive players will automatically lose when time's up. (requested by Nikifu)
|j| PerryL'Ornitorinco
|
|t:|1656332492
|start
|switch|p1a: Kyogre|Kyogre, shiny|100/100
|switch|p2a: Cinderace|Cinderace, M|100/100
|-weather|RainDance|[from] ability: Drizzle|[of] p1a: Kyogre
|turn|1
|
|t:|1656332502
|move|p2a: Cinderace|U-turn|p1a: Kyogre
|-start|p2a: Cinderace|typechange|Bug|[from] ability: Libero
|-damage|p1a: Kyogre|64/100
|
|t:|1656332513
|switch|p2a: Clefable|Clefable, M|100/100|[from]move: U-turn
|move|p1a: Kyogre|Water Spout|p2a: Clefable
|-damage|p2a: Clefable|0 fnt
|faint|p2a: Clefable
|
|-weather|RainDance|[upkeep]
|upkeep
|
|t:|1656332528
|switch|p2a: Urshifu|Urshifu, F|100/100
|turn|2
|inactive|liquid heroin has 120 seconds left.
|j| zain-ul-hassan
|
|t:|1656332574
|switch|p1a: Clefable|Clefable, M, shiny|100/100
|move|p2a: Urshifu|Wicked Blow|p1a: Clefable
|-resisted|p1a: Clefable
|-crit|p1a: Clefable
|-damage|p1a: Clefable|62/100
|-damage|p2a: Urshifu|84/100|[from] item: Rocky Helmet|[of] p1a: Clefable
|
|-weather|RainDance|[upkeep]
|upkeep
|turn|3
|
|t:|1656332580
|switch|p2a: Cinderace|Cinderace, M|100/100
|move|p1a: Clefable|Soft-Boiled|p1a: Clefable
|-heal|p1a: Clefable|100/100
|
|-weather|RainDance|[upkeep]
|upkeep
|turn|4
|inactive|liquid heroin has 120 seconds left.
|
|t:|1656332586
|switch|p1a: Dugtrio|Dugtrio, F, shiny|100/100
|move|p2a: Cinderace|U-turn|p1a: Dugtrio
|-start|p2a: Cinderace|typechange|Bug|[from] ability: Libero
|-damage|p1a: Dugtrio|0 fnt
|faint|p1a: Dugtrio
|
|t:|1656332593
|switch|p2a: Mewtwo|Mewtwo|100/100|[from]move: U-turn
|-ability|p2a: Mewtwo|Pressure
|
|-weather|RainDance|[upkeep]
|upkeep
|l| zain-ul-hassan
|
|t:|1656332596
|switch|p1a: Barraskewda|Barraskewda, F, shiny|100/100
|turn|5
|
|t:|1656332602
|move|p1a: Barraskewda|Liquidation|p2a: Mewtwo
|-damage|p2a: Mewtwo|0 fnt
|faint|p2a: Mewtwo
|
|-weather|none
|upkeep
|j| zain-ul-hassan
|
|t:|1656332609
|switch|p2a: Cinderace|Cinderace, M|100/100
|turn|6
|
|t:|1656332611
|switch|p1a: Clefable|Clefable, M, shiny|100/100
|move|p2a: Cinderace|Sucker Punch||[still]
|-fail|p2a: Cinderace
|
|upkeep
|turn|7
|
|t:|1656332614
|move|p2a: Cinderace|U-turn|p1a: Clefable
|-start|p2a: Cinderace|typechange|Bug|[from] ability: Libero
|-resisted|p1a: Clefable
|-damage|p1a: Clefable|86/100
|-damage|p2a: Cinderace|84/100|[from] item: Rocky Helmet|[of] p1a: Clefable
|
|t:|1656332617
|switch|p2a: Darmanitan|Darmanitan-Galar, M|100/100|[from]move: U-turn
|move|p1a: Clefable|Stealth Rock|p2a: Darmanitan
|-sidestart|p2: Nikifu|move: Stealth Rock
|
|upkeep
|turn|8
|
|t:|1656332620
|switch|p1a: Necrozma|Necrozma-Dusk-Mane, shiny|100/100
|move|p2a: Darmanitan|Belly Drum|p2a: Darmanitan
|-damage|p2a: Darmanitan|50/100
|-setboost|p2a: Darmanitan|atk|6|[from] move: Belly Drum
|
|-formechange|p2a: Darmanitan|Darmanitan-Galar-Zen|
|upkeep
|turn|9
|
|t:|1656332629
|move|p2a: Darmanitan|Earthquake|p1a: Necrozma
|-supereffective|p1a: Necrozma
|-damage|p1a: Necrozma|0 fnt
|faint|p1a: Necrozma
|
|upkeep
|
|t:|1656332630
|switch|p1a: Barraskewda|Barraskewda, F, shiny|100/100
|turn|10
|
|t:|1656332646
|move|p1a: Barraskewda|Aqua Jet|p2a: Darmanitan
|-supereffective|p2a: Darmanitan
|-damage|p2a: Darmanitan|0 fnt
|faint|p2a: Darmanitan
|
|upkeep
|
|t:|1656332650
|switch|p2a: Urshifu|Urshifu, F|84/100
|-damage|p2a: Urshifu|78/100|[from] Stealth Rock
|turn|11
|
|t:|1656332655
|switch|p1a: Clefable|Clefable, M, shiny|86/100
|move|p2a: Urshifu|Wicked Blow|p1a: Clefable
|-resisted|p1a: Clefable
|-crit|p1a: Clefable
|-damage|p1a: Clefable|43/100
|-damage|p2a: Urshifu|61/100|[from] item: Rocky Helmet|[of] p1a: Clefable
|
|upkeep
|turn|12
|
|t:|1656332663
|move|p2a: Urshifu|Wicked Blow|p1a: Clefable
|-resisted|p1a: Clefable
|-crit|p1a: Clefable
|-damage|p1a: Clefable|5/100
|-damage|p2a: Urshifu|45/100|[from] item: Rocky Helmet|[of] p1a: Clefable
|move|p1a: Clefable|Soft-Boiled|p1a: Clefable
|-heal|p1a: Clefable|55/100
|
|upkeep
|turn|13
|
|t:|1656332666
|switch|p2a: Cinderace|Cinderace, M|84/100
|move|p1a: Clefable|Soft-Boiled|p1a: Clefable
|-heal|p1a: Clefable|100/100
|
|upkeep
|turn|14
|
|t:|1656332673
|move|p2a: Cinderace|High Jump Kick|p1a: Clefable
|-start|p2a: Cinderace|typechange|Fighting|[from] ability: Libero
|-resisted|p1a: Clefable
|-crit|p1a: Clefable
|-damage|p1a: Clefable|64/100
|-damage|p2a: Cinderace|67/100|[from] item: Rocky Helmet|[of] p1a: Clefable
|move|p1a: Clefable|Thunder Wave|p2a: Cinderace
|-status|p2a: Cinderace|par
|
|upkeep
|turn|15
|
|t:|1656332678
|cant|p2a: Cinderace|par
|move|p1a: Clefable|Soft-Boiled|p1a: Clefable
|-heal|p1a: Clefable|100/100
|
|upkeep
|turn|16
|
|t:|1656332680
|switch|p1a: Kyogre|Kyogre, shiny|64/100
|-weather|RainDance|[from] ability: Drizzle|[of] p1a: Kyogre
|cant|p2a: Cinderace|par
|
|-weather|RainDance|[upkeep]
|upkeep
|turn|17
|
|t:|1656332685
|move|p2a: Cinderace|Sucker Punch|p1a: Kyogre
|-start|p2a: Cinderace|typechange|Dark|[from] ability: Libero
|-damage|p1a: Kyogre|30/100
|move|p1a: Kyogre|Origin Pulse|p2a: Cinderace
|-damage|p2a: Cinderace|0 fnt
|faint|p2a: Cinderace
|
|-weather|RainDance|[upkeep]
|upkeep
|l| zain-ul-hassan
|
|t:|1656332690
|switch|p2a: Zygarde|Zygarde|100/100
|-damage|p2a: Zygarde|94/100|[from] Stealth Rock
|turn|18
|
|t:|1656332697
|move|p1a: Kyogre|Origin Pulse|p2a: Zygarde
|-damage|p2a: Zygarde|0 fnt
|faint|p2a: Zygarde
|
|-weather|RainDance|[upkeep]
|upkeep
|
|t:|1656332699
|switch|p2a: Urshifu|Urshifu, F|45/100
|-damage|p2a: Urshifu|39/100|[from] Stealth Rock
|turn|19
|
|t:|1656332701
|move|p2a: Urshifu|Sucker Punch|p1a: Kyogre
|-damage|p1a: Kyogre|0 fnt
|faint|p1a: Kyogre
|
|-weather|RainDance|[upkeep]
|upkeep
|
|t:|1656332704
|switch|p1a: Barraskewda|Barraskewda, F, shiny|100/100
|turn|20
|
|t:|1656332706
|move|p1a: Barraskewda|Aqua Jet|p2a: Urshifu
|-crit|p2a: Urshifu
|-damage|p2a: Urshifu|0 fnt
|faint|p2a: Urshifu
|
|win|liquid heroin
|n|‽liquid heroin|liquidheroin
|n|☆Nikifu|nikifu
|n| PerryL'Ornitorinco|perrylornitorinco
