|j|☆Repecc
|j|☆Bl0odbattl3
|player|p1|Repecc|170|1475
|player|p2|Bl0odbattl3|steven|1361
|teamsize|p1|6
|teamsize|p2|6
|gametype|singles
|gen|8
|tier|[Gen 8] Ubers
|rated|
|clearpoke
|poke|p1|Lunala|
|poke|p1|Necrozma-Dusk-Mane|
|poke|p1|Excadrill, F|
|poke|p1|Quagsire, F|
|poke|p1|Marshadow|
|poke|p1|Zacian-Crowned|
|poke|p2|Aegislash, M|
|poke|p2|Quagsire, F|
|poke|p2|Sableye, M|
|poke|p2|Eternatus|
|poke|p2|Zacian-Crowned|
|poke|p2|Lunala|
|rule|Sleep Clause Mod: Limit one foe put to sleep
|rule|Species Clause: Limit one of each Pokémon
|rule|OHKO Clause: OHKO moves are banned
|rule|Evasion Moves Clause: Evasion moves are banned
|rule|Endless Battle Clause: Forcing endless battles is banned
|rule|HP Percentage Mod: HP is shown in percentages
|html|Ubers Dynamax Clause: Pokémon on the <a href="https://www.smogon.com/dex/ss/formats/uber/">Ubers Dynamax Banlist</a> cannot Dynamax.
|teampreview
|inactive|Battle timer is ON: inactive players will automatically lose when time's up. (requested by Repecc)
|
|start
|switch|p1a: Excadrill|Excadrill, F|100/100
|switch|p2a: Sableye|Sableye, M|100/100
|-ability|p1a: Excadrill|Mold Breaker
|turn|1
|
|move|p2a: Sableye|Will-O-Wisp|p1a: Excadrill
|-status|p1a: Excadrill|brn
|move|p1a: Excadrill|Earthquake|p2a: Sableye
|-damage|p2a: Sableye|65/100
|
|-damage|p1a: Excadrill|94/100 brn|[from] brn
|upkeep
|turn|2
|
|move|p1a: Excadrill|Stealth Rock|p2a: Sableye
|-sidestart|p2: Bl0odbattl3|move: Stealth Rock
|move|p2a: Sableye|Foul Play|p1a: Excadrill
|-damage|p1a: Excadrill|15/100 brn
|
|-damage|p1a: Excadrill|9/100 brn|[from] brn
|upkeep
|turn|3
|
|move|p2a: Sableye|Recover|p2a: Sableye
|-heal|p2a: Sableye|100/100
|move|p1a: Excadrill|Earthquake|p2a: Sableye
|-damage|p2a: Sableye|63/100
|
|-damage|p1a: Excadrill|3/100 brn|[from] brn
|upkeep
|turn|4
|
|move|p2a: Sableye|Recover|p2a: Sableye
|-heal|p2a: Sableye|100/100
|move|p1a: Excadrill|Iron Head|p2a: Sableye
|-damage|p2a: Sableye|68/100
|-damage|p1a: Excadrill|0 fnt|[from] item: Rocky Helmet|[of] p2a: Sableye
|faint|p1a: Excadrill
|
|upkeep
|
|switch|p1a: Quagsire|Quagsire, F|100/100
|turn|5
|
|move|p2a: Sableye|Taunt|p1a: Quagsire
|-start|p1a: Quagsire|move: Taunt
|cant|p1a: Quagsire|move: Taunt|Toxic
|
|upkeep
|turn|6
|
|switch|p2a: Lunala|Lunala|100/100
|move|p1a: Quagsire|Scald|p2a: Lunala
|-damage|p2a: Lunala|94/100
|
|upkeep
|turn|7
|
|switch|p1a: Marshadow|Marshadow|100/100
|move|p2a: Lunala|Defog|p1a: Marshadow
|-unboost|p1a: Marshadow|evasion|1
|-sideend|p2: Bl0odbattl3|Stealth Rock|[from] move: Defog|[of] p2a: Lunala
|
|upkeep
|turn|8
|
|switch|p2a: Quagsire|Quagsire, F|100/100
|move|p1a: Marshadow|Spectral Thief|p2a: Quagsire
|-damage|p2a: Quagsire|67/100
|
|-heal|p2a: Quagsire|73/100|[from] item: Leftovers
|upkeep
|turn|9
|
|move|p1a: Marshadow|Close Combat|p2a: Quagsire
|-damage|p2a: Quagsire|32/100
|-unboost|p1a: Marshadow|def|1
|-unboost|p1a: Marshadow|spd|1
|move|p2a: Quagsire|Toxic|p1a: Marshadow
|-status|p1a: Marshadow|tox
|
|-heal|p2a: Quagsire|38/100|[from] item: Leftovers
|-damage|p1a: Marshadow|94/100 tox|[from] psn
|upkeep
|turn|10
|
|switch|p2a: Aegislash|Aegislash, M|100/100
|move|p1a: Marshadow|Spectral Thief|p2a: Aegislash
|-supereffective|p2a: Aegislash
|-damage|p2a: Aegislash|33/100
|
|-heal|p2a: Aegislash|39/100|[from] item: Leftovers
|-damage|p1a: Marshadow|82/100 tox|[from] psn
|upkeep
|turn|11
|
|switch|p1a: Quagsire|Quagsire, F|100/100
|move|p2a: Aegislash|King's Shield||[still]
|-fail|p2a: Aegislash
|
|-heal|p2a: Aegislash|46/100|[from] item: Leftovers
|upkeep
|turn|12
|
|move|p2a: Aegislash|Toxic|p1a: Quagsire
|-status|p1a: Quagsire|tox
|move|p1a: Quagsire|Scald|p2a: Aegislash
|-damage|p2a: Aegislash|34/100
|
|-heal|p2a: Aegislash|40/100|[from] item: Leftovers
|-damage|p1a: Quagsire|94/100 tox|[from] psn
|upkeep
|turn|13
|
|move|p2a: Aegislash|King's Shield|p2a: Aegislash
|-singleturn|p2a: Aegislash|Protect
|move|p1a: Quagsire|Scald|p2a: Aegislash
|-activate|p2a: Aegislash|move: Protect
|
|-heal|p2a: Aegislash|46/100|[from] item: Leftovers
|-heal|p1a: Quagsire|100/100 tox|[from] item: Leftovers
|-damage|p1a: Quagsire|88/100 tox|[from] psn
|upkeep
|turn|14
|
|switch|p1a: Zacian|Zacian-Crowned|100/100
|-ability|p1a: Zacian|Intrepid Sword|boost
|-boost|p1a: Zacian|atk|1
|-formechange|p2a: Aegislash|Aegislash-Blade||[from] ability: Stance Change
|move|p2a: Aegislash|Flash Cannon|p1a: Zacian
|-damage|p1a: Zacian|68/100
|
|-heal|p2a: Aegislash|52/100|[from] item: Leftovers
|upkeep
|turn|15
|
|-formechange|p2a: Aegislash|Aegislash||[from] ability: Stance Change
|move|p2a: Aegislash|King's Shield|p2a: Aegislash
|-singleturn|p2a: Aegislash|Protect
|move|p1a: Zacian|Swords Dance|p1a: Zacian
|-boost|p1a: Zacian|atk|2
|
|-heal|p2a: Aegislash|58/100|[from] item: Leftovers
|upkeep
|turn|16
|
|switch|p2a: Sableye|Sableye, M|68/100
|move|p1a: Zacian|Behemoth Blade|p2a: Sableye
|-damage|p2a: Sableye|0 fnt
|-damage|p1a: Zacian|52/100|[from] item: Rocky Helmet|[of] p2a: Sableye
|faint|p2a: Sableye
|
|upkeep
|
|switch|p2a: Quagsire|Quagsire, F|38/100
|turn|17
|
|-start|p2a: Quagsire|Dynamax
|-heal|p2a: Quagsire|38/100|[silent]
|move|p2a: Quagsire|Max Guard|p2a: Quagsire
|-singleturn|p2a: Quagsire|Max Guard
|move|p1a: Zacian|Play Rough|p2a: Quagsire
|-activate|p2a: Quagsire|move: Max Guard
|
|-heal|p2a: Quagsire|41/100|[from] item: Leftovers
|upkeep
|turn|18
|
|switch|p1a: Quagsire|Quagsire, F|88/100 tox
|move|p2a: Quagsire|Max Quake|p1a: Quagsire
|-damage|p1a: Quagsire|50/100 tox
|-boost|p2a: Quagsire|spd|1
|
|-heal|p2a: Quagsire|44/100|[from] item: Leftovers
|-heal|p1a: Quagsire|56/100 tox|[from] item: Leftovers
|-damage|p1a: Quagsire|50/100 tox|[from] psn
|upkeep
|turn|19
|
|move|p2a: Quagsire|Max Quake|p1a: Quagsire
|-damage|p1a: Quagsire|8/100 tox
|-boost|p2a: Quagsire|spd|1
|move|p1a: Quagsire|Toxic|p2a: Quagsire
|-status|p2a: Quagsire|tox
|
|-heal|p2a: Quagsire|47/100 tox|[from] item: Leftovers
|-heal|p1a: Quagsire|14/100 tox|[from] item: Leftovers
|-damage|p2a: Quagsire|44/100 tox|[from] psn
|-damage|p1a: Quagsire|2/100 tox|[from] psn
|-end|p2a: Quagsire|Dynamax
|-heal|p2a: Quagsire|44/100 tox|[silent]
|upkeep
|turn|20
|
|move|p1a: Quagsire|Haze|p1a: Quagsire
|-clearallboost
|move|p2a: Quagsire|Earth Power|p1a: Quagsire
|-damage|p1a: Quagsire|0 fnt
|faint|p1a: Quagsire
|
|-heal|p2a: Quagsire|50/100 tox|[from] item: Leftovers
|-damage|p2a: Quagsire|38/100 tox|[from] psn
|upkeep
|
|switch|p1a: Zacian|Zacian-Crowned|52/100
|-ability|p1a: Zacian|Intrepid Sword|boost
|-boost|p1a: Zacian|atk|1
|turn|21
|
|move|p1a: Zacian|Play Rough|p2a: Quagsire
|-damage|p2a: Quagsire|0 fnt
|faint|p2a: Quagsire
|
|upkeep
|
|switch|p2a: Aegislash|Aegislash, M|58/100
|turn|22
|
|move|p1a: Zacian|Swords Dance|p1a: Zacian
|-boost|p1a: Zacian|atk|2
|-formechange|p2a: Aegislash|Aegislash-Blade||[from] ability: Stance Change
|move|p2a: Aegislash|Flash Cannon|p1a: Zacian
|-damage|p1a: Zacian|19/100
|
|-heal|p2a: Aegislash|64/100|[from] item: Leftovers
|upkeep
|turn|23
|
|-formechange|p2a: Aegislash|Aegislash||[from] ability: Stance Change
|move|p2a: Aegislash|King's Shield|p2a: Aegislash
|-singleturn|p2a: Aegislash|Protect
|move|p1a: Zacian|Behemoth Blade|p2a: Aegislash
|-activate|p2a: Aegislash|move: Protect
|-unboost|p1a: Zacian|atk|1
|
|-heal|p2a: Aegislash|71/100|[from] item: Leftovers
|upkeep
|turn|24
|
|move|p1a: Zacian|Behemoth Blade|p2a: Aegislash
|-resisted|p2a: Aegislash
|-damage|p2a: Aegislash|17/100
|-formechange|p2a: Aegislash|Aegislash-Blade||[from] ability: Stance Change
|move|p2a: Aegislash|Flash Cannon|p1a: Zacian
|-damage|p1a: Zacian|0 fnt
|faint|p1a: Zacian
|
|-heal|p2a: Aegislash|23/100|[from] item: Leftovers
|upkeep
|
|switch|p1a: Necrozma|Necrozma-Dusk-Mane|100/100
|turn|25
|
|-formechange|p2a: Aegislash|Aegislash||[from] ability: Stance Change
|move|p2a: Aegislash|King's Shield|p2a: Aegislash
|-singleturn|p2a: Aegislash|Protect
|move|p1a: Necrozma|Autotomize|p1a: Necrozma
|-boost|p1a: Necrozma|spe|2
|-start|p1a: Necrozma|Autotomize
|
|-heal|p2a: Aegislash|29/100|[from] item: Leftovers
|upkeep
|turn|26
|
|-formechange|p2a: Aegislash|Aegislash-Blade||[from] ability: Stance Change
|move|p2a: Aegislash|Shadow Sneak|p1a: Necrozma
|-supereffective|p1a: Necrozma
|-crit|p1a: Necrozma
|-damage|p1a: Necrozma|71/100
|-enditem|p1a: Necrozma|Weakness Policy
|-boost|p1a: Necrozma|atk|2|[from] item: Weakness Policy
|-boost|p1a: Necrozma|spa|2|[from] item: Weakness Policy
|move|p1a: Necrozma|Earthquake|p2a: Aegislash
|-supereffective|p2a: Aegislash
|-damage|p2a: Aegislash|0 fnt
|faint|p2a: Aegislash
|
|upkeep
|
|switch|p2a: Lunala|Lunala|94/100
|turn|27
|
|move|p1a: Necrozma|Sunsteel Strike|p2a: Lunala
|-damage|p2a: Lunala|0 fnt
|faint|p2a: Lunala
|
|upkeep
|-message|Bl0odbattl3 forfeited.
|
|win|Repecc
|l|☆Bl0odbattl3
