|j|☆hanshappy
|j|☆LD8 nvzhuangkeai
|t:|1660444068
|gametype|singles
|player|p1|hanshappy|1|1434
|player|p2|LD8 nvzhuangkeai|dawn|1600
|teamsize|p1|6
|teamsize|p2|6
|gen|8
|tier|[Gen 8] Ubers
|rated|
|rule|Sleep Clause Mod: Limit one foe put to sleep
|rule|Species Clause: Limit one of each Pokémon
|rule|OHKO Clause: OHKO moves are banned
|rule|Evasion Items Clause: Evasion items are banned
|rule|Evasion Moves Clause: Evasion moves are banned
|rule|Endless Battle Clause: Forcing endless battles is banned
|rule|HP Percentage Mod: HP is shown in percentages
|rule|Dynamax Clause: You cannot dynamax
|clearpoke
|poke|p1|Yveltal|
|poke|p1|Eternatus|
|poke|p1|Necrozma-Dusk-Mane|
|poke|p1|Ferrothorn, M|
|poke|p1|Xerneas-*|
|poke|p1|Zygarde|
|poke|p2|Yveltal|
|poke|p2|Zygarde|
|poke|p2|Dialga|
|poke|p2|Eternatus|
|poke|p2|Necrozma-Dusk-Mane|
|poke|p2|Xerneas-*|
|teampreview
|c|☆hanshappy|嗨！
|
|t:|1660444082
|start
|switch|p1a: Zygarde|Zygarde|100/100
|switch|p2a: Xerneas|Xerneas|100/100
|-ability|p2a: Xerneas|Fairy Aura
|turn|1
|c|☆LD8 nvzhuangkeai|还！
|
|t:|1660444093
|switch|p1a: Necrozma|Necrozma-Dusk-Mane|100/100
|move|p2a: Xerneas|Moonblast|p1a: Necrozma
|-resisted|p1a: Necrozma
|-damage|p1a: Necrozma|68/100
|
|-heal|p1a: Necrozma|74/100|[from] item: Leftovers
|upkeep
|turn|2
|
|t:|1660444097
|switch|p2a: Zygarde|Zygarde|100/100
|move|p1a: Necrozma|Thunder Wave|p2a: Zygarde
|-immune|p2a: Zygarde
|
|-heal|p1a: Necrozma|80/100|[from] item: Leftovers
|upkeep
|turn|3
|
|t:|1660444101
|switch|p1a: Ferrothorn|Ferrothorn, M|100/100
|move|p2a: Zygarde|Thousand Waves|p1a: Ferrothorn
|-damage|p1a: Ferrothorn|61/100
|-activate|p1a: Ferrothorn|trapped
|
|-heal|p1a: Ferrothorn|68/100|[from] item: Leftovers
|upkeep
|turn|4
|
|t:|1660444104
|move|p2a: Zygarde|Coil|p2a: Zygarde
|-boost|p2a: Zygarde|atk|1
|-boost|p2a: Zygarde|def|1
|-boost|p2a: Zygarde|accuracy|1
|move|p1a: Ferrothorn|Leech Seed|p2a: Zygarde
|-start|p2a: Zygarde|move: Leech Seed
|
|-heal|p1a: Ferrothorn|74/100|[from] item: Leftovers
|-damage|p2a: Zygarde|88/100|[from] Leech Seed|[of] p1a: Ferrothorn
|-heal|p1a: Ferrothorn|87/100|[silent]
|upkeep
|turn|5
|
|t:|1660444108
|move|p2a: Zygarde|Coil|p2a: Zygarde
|-boost|p2a: Zygarde|atk|1
|-boost|p2a: Zygarde|def|1
|-boost|p2a: Zygarde|accuracy|1
|move|p1a: Ferrothorn|Knock Off|p2a: Zygarde
|-damage|p2a: Zygarde|81/100
|-enditem|p2a: Zygarde|Soft Sand|[from] move: Knock Off|[of] p1a: Ferrothorn
|
|-heal|p1a: Ferrothorn|93/100|[from] item: Leftovers
|-damage|p2a: Zygarde|68/100|[from] Leech Seed|[of] p1a: Ferrothorn
|-heal|p1a: Ferrothorn|100/100|[silent]
|upkeep
|turn|6
|c|☆hanshappy|wc
|c|☆hanshappy|怎么是demon的
|
|t:|1660444127
|move|p2a: Zygarde|Coil|p2a: Zygarde
|-boost|p2a: Zygarde|atk|1
|-boost|p2a: Zygarde|def|1
|-boost|p2a: Zygarde|accuracy|1
|move|p1a: Ferrothorn|Spikes|p2a: Zygarde
|-sidestart|p2: LD8 nvzhuangkeai|Spikes
|
|-damage|p2a: Zygarde|56/100|[from] Leech Seed|[of] p1a: Ferrothorn
|upkeep
|turn|7
|
|t:|1660444131
|move|p2a: Zygarde|Coil|p2a: Zygarde
|-boost|p2a: Zygarde|atk|1
|-boost|p2a: Zygarde|def|1
|-boost|p2a: Zygarde|accuracy|1
|move|p1a: Ferrothorn|Spikes|p2a: Zygarde
|-sidestart|p2: LD8 nvzhuangkeai|Spikes
|
|-damage|p2a: Zygarde|43/100|[from] Leech Seed|[of] p1a: Ferrothorn
|-activate|p2a: Zygarde|ability: Power Construct
|detailschange|p2a: Zygarde|Zygarde-Complete
|-heal|p2a: Zygarde|64/100|[silent]
|upkeep
|turn|8
|
|t:|1660444134
|move|p2a: Zygarde|Coil|p2a: Zygarde
|-boost|p2a: Zygarde|atk|1
|-boost|p2a: Zygarde|def|1
|-boost|p2a: Zygarde|accuracy|1
|move|p1a: Ferrothorn|Spikes|p2a: Zygarde
|-sidestart|p2: LD8 nvzhuangkeai|Spikes
|
|-damage|p2a: Zygarde|52/100|[from] Leech Seed|[of] p1a: Ferrothorn
|upkeep
|turn|9
|
|t:|1660444145
|move|p2a: Zygarde|Rest|p2a: Zygarde
|-status|p2a: Zygarde|slp|[from] move: Rest
|-heal|p2a: Zygarde|100/100 slp|[silent]
|move|p1a: Ferrothorn|Power Whip|p2a: Zygarde
|-damage|p2a: Zygarde|95/100 slp
|
|-damage|p2a: Zygarde|83/100 slp|[from] Leech Seed|[of] p1a: Ferrothorn
|upkeep
|turn|10
|
|t:|1660444149
|cant|p2a: Zygarde|slp
|move|p1a: Ferrothorn|Power Whip|p2a: Zygarde
|-damage|p2a: Zygarde|78/100 slp
|
|-damage|p2a: Zygarde|65/100 slp|[from] Leech Seed|[of] p1a: Ferrothorn
|upkeep
|turn|11
|
|t:|1660444154
|cant|p2a: Zygarde|slp
|move|p1a: Ferrothorn|Power Whip|p2a: Zygarde
|-damage|p2a: Zygarde|60/100 slp
|
|-damage|p2a: Zygarde|48/100 slp|[from] Leech Seed|[of] p1a: Ferrothorn
|upkeep
|turn|12
|
|t:|1660444157
|-curestatus|p2a: Zygarde|slp|[msg]
|move|p2a: Zygarde|Scale Shot|p1a: Ferrothorn
|-resisted|p1a: Ferrothorn
|-damage|p1a: Ferrothorn|86/100
|-resisted|p1a: Ferrothorn
|-damage|p1a: Ferrothorn|70/100
|-resisted|p1a: Ferrothorn
|-damage|p1a: Ferrothorn|54/100
|-hitcount|p1a: Ferrothorn|3
|-unboost|p2a: Zygarde|def|1
|-boost|p2a: Zygarde|spe|1
|move|p1a: Ferrothorn|Power Whip|p2a: Zygarde
|-damage|p2a: Zygarde|42/100
|
|-heal|p1a: Ferrothorn|61/100|[from] item: Leftovers
|-damage|p2a: Zygarde|30/100|[from] Leech Seed|[of] p1a: Ferrothorn
|-heal|p1a: Ferrothorn|82/100|[silent]
|upkeep
|turn|13
|
|t:|1660444177
|move|p2a: Zygarde|Rest|p2a: Zygarde
|-status|p2a: Zygarde|slp|[from] move: Rest
|-heal|p2a: Zygarde|100/100 slp|[silent]
|move|p1a: Ferrothorn|Power Whip|p2a: Zygarde
|-damage|p2a: Zygarde|94/100 slp
|
|-heal|p1a: Ferrothorn|88/100|[from] item: Leftovers
|-damage|p2a: Zygarde|81/100 slp|[from] Leech Seed|[of] p1a: Ferrothorn
|-heal|p1a: Ferrothorn|100/100|[silent]
|upkeep
|turn|14
|
|t:|1660444183
|cant|p2a: Zygarde|slp
|move|p1a: Ferrothorn|Knock Off|p2a: Zygarde
|-damage|p2a: Zygarde|79/100 slp
|
|-damage|p2a: Zygarde|67/100 slp|[from] Leech Seed|[of] p1a: Ferrothorn
|upkeep
|turn|15
|
|t:|1660444191
|cant|p2a: Zygarde|slp
|move|p1a: Ferrothorn|Spikes||[still]
|-fail|p1a: Ferrothorn
|
|-damage|p2a: Zygarde|54/100 slp|[from] Leech Seed|[of] p1a: Ferrothorn
|upkeep
|turn|16
|
|t:|1660444195
|-curestatus|p2a: Zygarde|slp|[msg]
|move|p2a: Zygarde|Coil|p2a: Zygarde
|-boost|p2a: Zygarde|atk|1
|-boost|p2a: Zygarde|def|1
|-boost|p2a: Zygarde|accuracy|1
|move|p1a: Ferrothorn|Knock Off|p2a: Zygarde
|-damage|p2a: Zygarde|52/100
|
|-damage|p2a: Zygarde|40/100|[from] Leech Seed|[of] p1a: Ferrothorn
|upkeep
|turn|17
|
|t:|1660444202
|move|p2a: Zygarde|Rest|p2a: Zygarde
|-status|p2a: Zygarde|slp|[from] move: Rest
|-heal|p2a: Zygarde|100/100 slp|[silent]
|move|p1a: Ferrothorn|Power Whip|p2a: Zygarde
|-damage|p2a: Zygarde|95/100 slp
|
|-damage|p2a: Zygarde|83/100 slp|[from] Leech Seed|[of] p1a: Ferrothorn
|upkeep
|turn|18
|
|t:|1660444208
|cant|p2a: Zygarde|slp
|move|p1a: Ferrothorn|Leech Seed||[still]
|-fail|p1a: Ferrothorn
|
|-damage|p2a: Zygarde|70/100 slp|[from] Leech Seed|[of] p1a: Ferrothorn
|upkeep
|turn|19
|
|t:|1660444211
|cant|p2a: Zygarde|slp
|move|p1a: Ferrothorn|Knock Off|p2a: Zygarde
|-damage|p2a: Zygarde|68/100 slp
|
|-damage|p2a: Zygarde|56/100 slp|[from] Leech Seed|[of] p1a: Ferrothorn
|upkeep
|turn|20
|
|t:|1660444214
|-curestatus|p2a: Zygarde|slp|[msg]
|move|p2a: Zygarde|Scale Shot|p1a: Ferrothorn
|-resisted|p1a: Ferrothorn
|-damage|p1a: Ferrothorn|82/100
|-resisted|p1a: Ferrothorn
|-damage|p1a: Ferrothorn|64/100
|-resisted|p1a: Ferrothorn
|-damage|p1a: Ferrothorn|47/100
|-resisted|p1a: Ferrothorn
|-damage|p1a: Ferrothorn|30/100
|-hitcount|p1a: Ferrothorn|4
|-unboost|p2a: Zygarde|def|1
|-boost|p2a: Zygarde|spe|1
|move|p1a: Ferrothorn|Knock Off|p2a: Zygarde
|-damage|p2a: Zygarde|53/100
|
|-heal|p1a: Ferrothorn|37/100|[from] item: Leftovers
|-damage|p2a: Zygarde|41/100|[from] Leech Seed|[of] p1a: Ferrothorn
|-heal|p1a: Ferrothorn|58/100|[silent]
|upkeep
|turn|21
|
|t:|1660444221
|move|p2a: Zygarde|Rest|p2a: Zygarde
|-status|p2a: Zygarde|slp|[from] move: Rest
|-heal|p2a: Zygarde|100/100 slp|[silent]
|move|p1a: Ferrothorn|Power Whip|p2a: Zygarde
|-damage|p2a: Zygarde|94/100 slp
|
|-heal|p1a: Ferrothorn|64/100|[from] item: Leftovers
|-damage|p2a: Zygarde|82/100 slp|[from] Leech Seed|[of] p1a: Ferrothorn
|-heal|p1a: Ferrothorn|85/100|[silent]
|upkeep
|turn|22
|
|t:|1660444225
|cant|p2a: Zygarde|slp
|move|p1a: Ferrothorn|Knock Off|p2a: Zygarde
|-damage|p2a: Zygarde|80/100 slp
|
|-heal|p1a: Ferrothorn|91/100|[from] item: Leftovers
|-damage|p2a: Zygarde|67/100 slp|[from] Leech Seed|[of] p1a: Ferrothorn
|-heal|p1a: Ferrothorn|100/100|[silent]
|upkeep
|turn|23
|
|t:|1660444231
|cant|p2a: Zygarde|slp
|move|p1a: Ferrothorn|Spikes||[still]
|-fail|p1a: Ferrothorn
|
|-damage|p2a: Zygarde|55/100 slp|[from] Leech Seed|[of] p1a: Ferrothorn
|upkeep
|turn|24
|
|t:|1660444235
|-curestatus|p2a: Zygarde|slp|[msg]
|move|p2a: Zygarde|Coil|p2a: Zygarde
|-boost|p2a: Zygarde|atk|0
|-boost|p2a: Zygarde|def|1
|-boost|p2a: Zygarde|accuracy|0
|move|p1a: Ferrothorn|Spikes||[still]
|-fail|p1a: Ferrothorn
|
|-damage|p2a: Zygarde|42/100|[from] Leech Seed|[of] p1a: Ferrothorn
|upkeep
|turn|25
|
|t:|1660444245
|move|p2a: Zygarde|Rest|p2a: Zygarde
|-status|p2a: Zygarde|slp|[from] move: Rest
|-heal|p2a: Zygarde|100/100 slp|[silent]
|move|p1a: Ferrothorn|Knock Off|p2a: Zygarde
|-damage|p2a: Zygarde|98/100 slp
|
|-damage|p2a: Zygarde|86/100 slp|[from] Leech Seed|[of] p1a: Ferrothorn
|upkeep
|turn|26
|
|t:|1660444251
|cant|p2a: Zygarde|slp
|move|p1a: Ferrothorn|Spikes||[still]
|-fail|p1a: Ferrothorn
|
|-damage|p2a: Zygarde|74/100 slp|[from] Leech Seed|[of] p1a: Ferrothorn
|upkeep
|turn|27
|
|t:|1660444255
|cant|p2a: Zygarde|slp
|move|p1a: Ferrothorn|Knock Off|p2a: Zygarde
|-damage|p2a: Zygarde|72/100 slp
|
|-damage|p2a: Zygarde|59/100 slp|[from] Leech Seed|[of] p1a: Ferrothorn
|upkeep
|turn|28
|
|t:|1660444258
|-curestatus|p2a: Zygarde|slp|[msg]
|move|p2a: Zygarde|Scale Shot|p1a: Ferrothorn
|-resisted|p1a: Ferrothorn
|-damage|p1a: Ferrothorn|82/100
|-resisted|p1a: Ferrothorn
|-damage|p1a: Ferrothorn|63/100
|-resisted|p1a: Ferrothorn
|-damage|p1a: Ferrothorn|44/100
|-hitcount|p1a: Ferrothorn|3
|-unboost|p2a: Zygarde|def|1
|-boost|p2a: Zygarde|spe|1
|move|p1a: Ferrothorn|Spikes||[still]
|-fail|p1a: Ferrothorn
|
|-heal|p1a: Ferrothorn|50/100|[from] item: Leftovers
|-damage|p2a: Zygarde|47/100|[from] Leech Seed|[of] p1a: Ferrothorn
|-heal|p1a: Ferrothorn|71/100|[silent]
|upkeep
|turn|29
|
|t:|1660444265
|move|p2a: Zygarde|Coil|p2a: Zygarde
|-boost|p2a: Zygarde|atk|0
|-boost|p2a: Zygarde|def|1
|-boost|p2a: Zygarde|accuracy|0
|move|p1a: Ferrothorn|Power Whip|p2a: Zygarde
|-damage|p2a: Zygarde|42/100
|
|-heal|p1a: Ferrothorn|77/100|[from] item: Leftovers
|-damage|p2a: Zygarde|29/100|[from] Leech Seed|[of] p1a: Ferrothorn
|-heal|p1a: Ferrothorn|98/100|[silent]
|upkeep
|turn|30
|
|t:|1660444275
|move|p2a: Zygarde|Rest|p2a: Zygarde
|-status|p2a: Zygarde|slp|[from] move: Rest
|-heal|p2a: Zygarde|100/100 slp|[silent]
|move|p1a: Ferrothorn|Power Whip|p2a: Zygarde
|-damage|p2a: Zygarde|95/100 slp
|
|-heal|p1a: Ferrothorn|100/100|[from] item: Leftovers
|-damage|p2a: Zygarde|83/100 slp|[from] Leech Seed|[of] p1a: Ferrothorn
|upkeep
|turn|31
|
|t:|1660444277
|cant|p2a: Zygarde|slp
|move|p1a: Ferrothorn|Knock Off|p2a: Zygarde
|-damage|p2a: Zygarde|81/100 slp
|
|-damage|p2a: Zygarde|68/100 slp|[from] Leech Seed|[of] p1a: Ferrothorn
|upkeep
|turn|32
|
|t:|1660444291
|cant|p2a: Zygarde|slp
|move|p1a: Ferrothorn|Spikes||[still]
|-fail|p1a: Ferrothorn
|
|-damage|p2a: Zygarde|56/100 slp|[from] Leech Seed|[of] p1a: Ferrothorn
|upkeep
|turn|33
|
|t:|1660444293
|-curestatus|p2a: Zygarde|slp|[msg]
|move|p2a: Zygarde|Coil|p2a: Zygarde
|-boost|p2a: Zygarde|atk|0
|-boost|p2a: Zygarde|def|1
|-boost|p2a: Zygarde|accuracy|0
|move|p1a: Ferrothorn|Spikes||[still]
|-fail|p1a: Ferrothorn
|
|-damage|p2a: Zygarde|44/100|[from] Leech Seed|[of] p1a: Ferrothorn
|upkeep
|turn|34
|
|t:|1660444298
|move|p2a: Zygarde|Rest|p2a: Zygarde
|-status|p2a: Zygarde|slp|[from] move: Rest
|-heal|p2a: Zygarde|100/100 slp|[silent]
|move|p1a: Ferrothorn|Leech Seed||[still]
|-fail|p1a: Ferrothorn
|
|-damage|p2a: Zygarde|88/100 slp|[from] Leech Seed|[of] p1a: Ferrothorn
|upkeep
|turn|35
|
|t:|1660444300
|cant|p2a: Zygarde|slp
|move|p1a: Ferrothorn|Spikes||[still]
|-fail|p1a: Ferrothorn
|
|-damage|p2a: Zygarde|76/100 slp|[from] Leech Seed|[of] p1a: Ferrothorn
|upkeep
|turn|36
|
|t:|1660444303
|cant|p2a: Zygarde|slp
|move|p1a: Ferrothorn|Spikes||[still]
|-fail|p1a: Ferrothorn
|
|-damage|p2a: Zygarde|63/100 slp|[from] Leech Seed|[of] p1a: Ferrothorn
|upkeep
|turn|37
|
|t:|1660444306
|-curestatus|p2a: Zygarde|slp|[msg]
|move|p2a: Zygarde|Scale Shot|p1a: Ferrothorn
|-resisted|p1a: Ferrothorn
|-damage|p1a: Ferrothorn|83/100
|-resisted|p1a: Ferrothorn
|-damage|p1a: Ferrothorn|64/100
|-resisted|p1a: Ferrothorn
|-damage|p1a: Ferrothorn|47/100
|-resisted|p1a: Ferrothorn
|-damage|p1a: Ferrothorn|28/100
|-resisted|p1a: Ferrothorn
|-damage|p1a: Ferrothorn|11/100
|-hitcount|p1a: Ferrothorn|5
|-unboost|p2a: Zygarde|def|1
|-boost|p2a: Zygarde|spe|1
|move|p1a: Ferrothorn|Spikes||[still]
|-fail|p1a: Ferrothorn
|
|-heal|p1a: Ferrothorn|17/100|[from] item: Leftovers
|-damage|p2a: Zygarde|51/100|[from] Leech Seed|[of] p1a: Ferrothorn
|-heal|p1a: Ferrothorn|38/100|[silent]
|upkeep
|turn|38
|
|t:|1660444313
|move|p2a: Zygarde|Scale Shot|p1a: Ferrothorn
|-resisted|p1a: Ferrothorn
|-damage|p1a: Ferrothorn|21/100
|-resisted|p1a: Ferrothorn
|-damage|p1a: Ferrothorn|2/100
|-resisted|p1a: Ferrothorn
|-damage|p1a: Ferrothorn|0 fnt
|faint|p1a: Ferrothorn
|-hitcount|p1: Ferrothorn|3
|-unboost|p2a: Zygarde|def|1
|-boost|p2a: Zygarde|spe|1
|
|upkeep
|
|t:|1660444320
|switch|p1a: Xerneas|Xerneas|100/100
|-ability|p1a: Xerneas|Fairy Aura
|-item|p1a: Xerneas|Air Balloon
|turn|39
|
|t:|1660444329
|switch|p2a: Necrozma|Necrozma-Dusk-Mane|100/100
|-damage|p2a: Necrozma|76/100|[from] Spikes
|switch|p1a: Necrozma|Necrozma-Dusk-Mane|80/100
|
|-heal|p1a: Necrozma|86/100|[from] item: Leftovers
|upkeep
|turn|40
|
|t:|1660444341
|move|p1a: Necrozma|Stealth Rock|p2a: Necrozma
|-sidestart|p2: LD8 nvzhuangkeai|move: Stealth Rock
|move|p2a: Necrozma|Swords Dance|p2a: Necrozma
|-boost|p2a: Necrozma|atk|2
|
|-heal|p1a: Necrozma|92/100|[from] item: Leftovers
|upkeep
|turn|41
|
|t:|1660444345
|move|p1a: Necrozma|Thunder Wave|p2a: Necrozma
|-status|p2a: Necrozma|par
|move|p2a: Necrozma|Knock Off|p1a: Necrozma
|-supereffective|p1a: Necrozma
|-damage|p1a: Necrozma|0 fnt
|-enditem|p1a: Necrozma|Leftovers|[from] move: Knock Off|[of] p2a: Necrozma
|faint|p1a: Necrozma
|
|upkeep
|
|t:|1660444350
|switch|p1a: Zygarde|Zygarde|100/100
|turn|42
|
|t:|1660444353
|switch|p2a: Yveltal|Yveltal|100/100
|-ability|p2a: Yveltal|Dark Aura
|move|p1a: Zygarde|Coil|p1a: Zygarde
|-boost|p1a: Zygarde|atk|1
|-boost|p1a: Zygarde|def|1
|-boost|p1a: Zygarde|accuracy|1
|
|upkeep
|turn|43
|
|t:|1660444357
|move|p2a: Yveltal|Defog|p1a: Zygarde
|-unboost|p1a: Zygarde|evasion|1
|-sideend|p2: LD8 nvzhuangkeai|Spikes|[from] move: Defog|[of] p2a: Yveltal
|-sideend|p2: LD8 nvzhuangkeai|Stealth Rock|[from] move: Defog|[of] p2a: Yveltal
|move|p1a: Zygarde|Glare|p2a: Yveltal
|-status|p2a: Yveltal|par
|
|upkeep
|turn|44
|
|t:|1660444359
|switch|p2a: Xerneas|Xerneas|100/100
|-ability|p2a: Xerneas|Fairy Aura
|move|p1a: Zygarde|Coil|p1a: Zygarde
|-boost|p1a: Zygarde|atk|1
|-boost|p1a: Zygarde|def|1
|-boost|p1a: Zygarde|accuracy|1
|
|upkeep
|turn|45
|
|t:|1660444366
|move|p1a: Zygarde|Thousand Arrows|p2a: Xerneas
|-damage|p2a: Xerneas|55/100
|move|p2a: Xerneas|Moonblast|p1a: Zygarde
|-supereffective|p1a: Zygarde
|-damage|p1a: Zygarde|0 fnt
|faint|p1a: Zygarde
|
|upkeep
|
|t:|1660444373
|switch|p1a: Eternatus|Eternatus|100/100
|-ability|p1a: Eternatus|Pressure
|turn|46
|
|t:|1660444378
|switch|p2a: Dialga|Dialga|100/100
|-ability|p2a: Dialga|Pressure
|move|p1a: Eternatus|Flamethrower|p2a: Dialga
|-damage|p2a: Dialga|78/100
|
|-heal|p2a: Dialga|85/100|[from] item: Leftovers
|upkeep
|turn|47
|
|t:|1660444384
|switch|p1a: Xerneas|Xerneas|100/100
|-ability|p1a: Xerneas|Fairy Aura
|-item|p1a: Xerneas|Air Balloon
|move|p2a: Dialga|Stealth Rock|p1a: Xerneas
|-sidestart|p1: hanshappy|move: Stealth Rock
|
|-heal|p2a: Dialga|91/100|[from] item: Leftovers
|upkeep
|turn|48
|
|t:|1660444391
|switch|p1a: Yveltal|Yveltal|100/100
|-ability|p1a: Yveltal|Dark Aura
|switch|p2a: Eternatus|Eternatus|100/100
|-ability|p2a: Eternatus|Pressure
|-item|p2a: Eternatus|Air Balloon
|
|upkeep
|turn|49
|
|t:|1660444403
|switch|p1a: Eternatus|Eternatus|100/100
|-damage|p1a: Eternatus|88/100|[from] Stealth Rock
|-ability|p1a: Eternatus|Pressure
|move|p2a: Eternatus|Sludge Bomb|p1a: Eternatus
|-resisted|p1a: Eternatus
|-damage|p1a: Eternatus|70/100
|
|upkeep
|turn|50
|
|t:|1660444411
|switch|p2a: Dialga|Dialga|91/100
|-ability|p2a: Dialga|Pressure
|move|p1a: Eternatus|Dynamax Cannon|p2a: Dialga
|-damage|p2a: Dialga|57/100
|
|-heal|p2a: Dialga|64/100|[from] item: Leftovers
|upkeep
|turn|51
|
|t:|1660444416
|move|p1a: Eternatus|Flamethrower|p2a: Dialga
|-damage|p2a: Dialga|41/100
|move|p2a: Dialga|Dragon Breath|p1a: Eternatus
|-supereffective|p1a: Eternatus
|-damage|p1a: Eternatus|21/100
|-status|p1a: Eternatus|par
|
|-heal|p2a: Dialga|47/100|[from] item: Leftovers
|upkeep
|turn|52
|
|t:|1660444422
|move|p2a: Dialga|Dragon Breath|p1a: Eternatus
|-supereffective|p1a: Eternatus
|-damage|p1a: Eternatus|0 fnt
|faint|p1a: Eternatus
|
|-heal|p2a: Dialga|53/100|[from] item: Leftovers
|upkeep
|
|t:|1660444425
|switch|p1a: Xerneas|Xerneas|100/100
|-damage|p1a: Xerneas|88/100|[from] Stealth Rock
|-ability|p1a: Xerneas|Fairy Aura
|-item|p1a: Xerneas|Air Balloon
|turn|53
|
|t:|1660444432
|move|p1a: Xerneas|Moonblast|p2a: Dialga
|-damage|p2a: Dialga|19/100
|move|p2a: Dialga|Rest|p2a: Dialga
|-status|p2a: Dialga|slp|[from] move: Rest
|-heal|p2a: Dialga|100/100 slp|[silent]
|
|upkeep
|turn|54
|
|t:|1660444436
|move|p1a: Xerneas|Moonblast|p2a: Dialga
|-damage|p2a: Dialga|66/100 slp
|cant|p2a: Dialga|slp
|
|-heal|p2a: Dialga|73/100 slp|[from] item: Leftovers
|upkeep
|turn|55
|
|t:|1660444441
|move|p1a: Xerneas|Moonblast|p2a: Dialga
|-damage|p2a: Dialga|38/100 slp
|-unboost|p2a: Dialga|spa|1
|cant|p2a: Dialga|slp
|
|-heal|p2a: Dialga|45/100 slp|[from] item: Leftovers
|upkeep
|turn|56
|
|t:|1660444448
|switch|p1a: Yveltal|Yveltal|100/100
|-ability|p1a: Yveltal|Dark Aura
|-curestatus|p2a: Dialga|slp|[msg]
|move|p2a: Dialga|Rest|p2a: Dialga
|-status|p2a: Dialga|slp|[from] move: Rest
|-heal|p2a: Dialga|100/100 slp|[silent]
|
|upkeep
|turn|57
|
|t:|1660444451
|switch|p2a: Eternatus|Eternatus|100/100
|-ability|p2a: Eternatus|Pressure
|-item|p2a: Eternatus|Air Balloon
|move|p1a: Yveltal|Knock Off|p2a: Eternatus
|-damage|p2a: Eternatus|64/100
|-enditem|p2a: Eternatus|Air Balloon
|
|upkeep
|turn|58
|
|t:|1660444460
|switch|p1a: Xerneas|Xerneas|88/100
|-damage|p1a: Xerneas|76/100|[from] Stealth Rock
|-ability|p1a: Xerneas|Fairy Aura
|-item|p1a: Xerneas|Air Balloon
|move|p2a: Eternatus|Sludge Bomb|p1a: Xerneas
|-supereffective|p1a: Xerneas
|-damage|p1a: Xerneas|12/100
|-enditem|p1a: Xerneas|Air Balloon
|
|upkeep
|turn|59
|
|t:|1660444470
|move|p2a: Eternatus|Sludge Bomb|p1a: Xerneas
|-supereffective|p1a: Xerneas
|-damage|p1a: Xerneas|0 fnt
|faint|p1a: Xerneas
|
|upkeep
|
|t:|1660444473
|switch|p1a: Yveltal|Yveltal|100/100
|-ability|p1a: Yveltal|Dark Aura
|turn|60
|
|t:|1660444476
|move|p2a: Eternatus|Sludge Bomb|p1a: Yveltal
|-damage|p1a: Yveltal|69/100
|move|p1a: Yveltal|Knock Off|p2a: Eternatus
|-damage|p2a: Eternatus|40/100
|
|upkeep
|turn|61
|
|t:|1660444481
|switch|p2a: Xerneas|Xerneas|55/100
|-ability|p2a: Xerneas|Fairy Aura
|move|p1a: Yveltal|Knock Off|p2a: Xerneas
|-resisted|p2a: Xerneas
|-damage|p2a: Xerneas|31/100
|-enditem|p2a: Xerneas|Choice Specs|[from] move: Knock Off|[of] p1a: Yveltal
|
|upkeep
|turn|62
|
|t:|1660444485
|move|p1a: Yveltal|Knock Off|p2a: Xerneas
|-resisted|p2a: Xerneas
|-damage|p2a: Xerneas|16/100
|move|p2a: Xerneas|Moonblast|p1a: Yveltal
|-supereffective|p1a: Yveltal
|-damage|p1a: Yveltal|0 fnt
|faint|p1a: Yveltal
|
|win|LD8 nvzhuangkeai
|raw|hanshappy's rating: 1434 &rarr; <strong>1423</strong><br />(-11 for losing)
|raw|LD8 nvzhuangkeai's rating: 1600 &rarr; <strong>1611</strong><br />(+11 for winning)
|c|☆hanshappy|666
|l|☆LD8 nvzhuangkeai
||Ladder isn't responding, score probably updated but might not have (Request timeout).
