|j|☆All hail chelsea
|j|☆TaKuTo-SeNpAi
|player|p1|All hail chelsea|molayne|
|player|p2|TaKuTo-SeNpAi|anabel|
|teamsize|p1|6
|teamsize|p2|6
|gametype|singles
|gen|8
|tier|[Gen 8] Ubers
|rated|Tournament battle
|clearpoke
|poke|p1|Necrozma-Dusk-Mane|
|poke|p1|Zekrom|
|poke|p1|Marshadow|
|poke|p1|Quagsire, F|
|poke|p1|Eternatus|
|poke|p1|Whimsicott, F|
|poke|p2|Hippowdon, M|
|poke|p2|Marshadow|
|poke|p2|Zacian-Crowned|
|poke|p2|Excadrill, M|
|poke|p2|Necrozma-Dawn-Wings|
|poke|p2|Hydreigon, M|
|rule|Sleep Clause Mod: Limit one foe put to sleep
|rule|Species Clause: Limit one of each Pokémon
|rule|OHKO Clause: OHKO moves are banned
|rule|Evasion Moves Clause: Evasion moves are banned
|rule|Endless Battle Clause: Forcing endless battles is banned
|rule|HP Percentage Mod: HP is shown in percentages
|teampreview
|j| Kabilapok
|
|start
|switch|p1a: Whimsicott|Whimsicott, F|100/100
|switch|p2a: Necrozma-Dawn-Wing|Necrozma-Dawn-Wings, shiny|100/100
|turn|1
|j| Sky nitaimei
|
|move|p1a: Whimsicott|Substitute|p1a: Whimsicott
|-start|p1a: Whimsicott|Substitute
|-damage|p1a: Whimsicott|76/100
|move|p2a: Necrozma-Dawn-Wing|Moongeist Beam|p1a: Whimsicott
|-end|p1a: Whimsicott|Substitute
|
|-heal|p1a: Whimsicott|82/100|[from] item: Leftovers
|upkeep
|turn|2
|
|switch|p1a: Eternatus|Eternatus|100/100
|-ability|p1a: Eternatus|Pressure
|move|p2a: Necrozma-Dawn-Wing|Moongeist Beam|p1a: Eternatus
|-damage|p1a: Eternatus|44/100
|
|-heal|p1a: Eternatus|50/100|[from] item: Black Sludge
|upkeep
|turn|3
|
|switch|p1a: Whimsicott|Whimsicott, F|82/100
|move|p2a: Necrozma-Dawn-Wing|Moongeist Beam|p1a: Whimsicott
|-damage|p1a: Whimsicott|0 fnt
|faint|p1a: Whimsicott
|
|upkeep
|
|switch|p1a: Necrozma|Necrozma-Dusk-Mane|100/100
|turn|4
|
|move|p1a: Necrozma|Autotomize|p1a: Necrozma
|-boost|p1a: Necrozma|spe|2
|-start|p1a: Necrozma|Autotomize
|move|p2a: Necrozma-Dawn-Wing|Moongeist Beam|p1a: Necrozma
|-supereffective|p1a: Necrozma
|-damage|p1a: Necrozma|0 fnt
|faint|p1a: Necrozma
|
|upkeep
|
|switch|p1a: Marshadow|Marshadow|100/100
|turn|5
|
|switch|p2a: Hippowdon|Hippowdon, M, shiny|100/100
|-weather|Sandstorm|[from] ability: Sand Stream|[of] p2a: Hippowdon
|move|p1a: Marshadow|Spectral Thief|p2a: Hippowdon
|-damage|p2a: Hippowdon|76/100
|
|-weather|Sandstorm|[upkeep]
|-damage|p1a: Marshadow|94/100|[from] Sandstorm
|upkeep
|turn|6
|
|switch|p1a: Eternatus|Eternatus|50/100
|-ability|p1a: Eternatus|Pressure
|move|p2a: Hippowdon|Stealth Rock|p1a: Eternatus
|-sidestart|p1: All hail chelsea|move: Stealth Rock
|
|-weather|Sandstorm|[upkeep]
|-damage|p1a: Eternatus|44/100|[from] Sandstorm
|-heal|p1a: Eternatus|50/100|[from] item: Black Sludge
|upkeep
|turn|7
|
|move|p1a: Eternatus|Recover|p1a: Eternatus
|-heal|p1a: Eternatus|99/100
|move|p2a: Hippowdon|Earthquake|p1a: Eternatus
|-supereffective|p1a: Eternatus
|-damage|p1a: Eternatus|46/100
|
|-weather|Sandstorm|[upkeep]
|-damage|p1a: Eternatus|40/100|[from] Sandstorm
|-heal|p1a: Eternatus|46/100|[from] item: Black Sludge
|upkeep
|turn|8
|-message|All hail chelsea forfeited.
|
|win|TaKuTo-SeNpAi
|l|☆All hail chelsea
|l| Kabilapok
