|html|<div class="broadcast-blue"><strong>[Gen 8] Ubers is currently suspecting Zacian-Crowned! For information on how to participate check out the <a href="https://www.smogon.com/forums/threads/np-ss-ubers-stage-5-hound-dog.3675589/">suspect thread</a>.</strong></div>
|j|☆Gang-Blasting Rock
|j|☆ewqw
|t:|1610823180
|player|p1|Gang-Blasting Rock|guzma|1470
|player|p2|ewqw|falkner|1428
|teamsize|p1|6
|teamsize|p2|6
|gametype|singles
|gen|8
|tier|[Gen 8] Ubers
|rated|
|clearpoke
|poke|p1|Necrozma-Dawn-Wings|
|poke|p1|Ribombee, F|
|poke|p1|Zacian-Crowned|
|poke|p1|Ditto|
|poke|p1|Yveltal|
|poke|p1|Dracovish|
|poke|p2|Quagsire, F|
|poke|p2|Gothitelle, F|
|poke|p2|Ferrothorn, F|
|poke|p2|Yveltal|
|poke|p2|Toxapex, M|
|poke|p2|Slowking-Galar, M|
|rule|Sleep Clause Mod: Limit one foe put to sleep
|rule|Species Clause: Limit one of each Pokémon
|rule|OHKO Clause: OHKO moves are banned
|rule|Evasion Moves Clause: Evasion moves are banned
|rule|Endless Battle Clause: Forcing endless battles is banned
|rule|HP Percentage Mod: HP is shown in percentages
|rule|Dynamax Clause: You cannot dynamax
|teampreview
|inactive|Battle timer is ON: inactive players will automatically lose when time's up. (requested by Gang-Blasting Rock)
|
|t:|1610823195
|start
|switch|p1a: Necrozma|Necrozma-Dawn-Wings, shiny|100/100
|switch|p2a: Ferrothorn|Ferrothorn, F|100/100
|turn|1
|
|t:|1610823199
|switch|p2a: Yveltal|Yveltal|100/100
|-ability|p2a: Yveltal|Dark Aura
|move|p1a: Necrozma|Heat Wave|p2a: Yveltal
|-damage|p2a: Yveltal|69/100
|-damage|p1a: Necrozma|91/100|[from] item: Life Orb
|
|-heal|p2a: Yveltal|75/100|[from] item: Leftovers
|upkeep
|turn|2
|
|t:|1610823202
|switch|p1a: Ribombee|Ribombee, F, shiny|100/100
|move|p2a: Yveltal|Substitute|p2a: Yveltal
|-start|p2a: Yveltal|Substitute
|-damage|p2a: Yveltal|50/100
|
|-heal|p2a: Yveltal|56/100|[from] item: Leftovers
|upkeep
|turn|3
|
|t:|1610823206
|move|p1a: Ribombee|Sticky Web|p2a: Yveltal
|-sidestart|p2: ewqw|move: Sticky Web
|move|p2a: Yveltal|Roost|p2a: Yveltal
|-heal|p2a: Yveltal|100/100
|-singleturn|p2a: Yveltal|move: Roost
|
|upkeep
|turn|4
|
|t:|1610823208
|move|p1a: Ribombee|Moonblast|p2a: Yveltal
|-supereffective|p2a: Yveltal
|-end|p2a: Yveltal|Substitute
|move|p2a: Yveltal|Knock Off|p1a: Ribombee
|-resisted|p1a: Ribombee
|-damage|p1a: Ribombee|48/100
|-enditem|p1a: Ribombee|Focus Sash|[from] move: Knock Off|[of] p2a: Yveltal
|
|upkeep
|turn|5
|
|t:|1610823212
|switch|p2a: Ferrothorn|Ferrothorn, F|100/100
|-activate|p2a: Ferrothorn|move: Sticky Web
|-unboost|p2a: Ferrothorn|spe|1
|move|p1a: Ribombee|U-turn|p2a: Ferrothorn
|-damage|p2a: Ferrothorn|90/100
|-damage|p1a: Ribombee|36/100|[from] ability: Iron Barbs|[of] p2a: Ferrothorn
|
|t:|1610823215
|switch|p1a: Necrozma|Necrozma-Dawn-Wings, shiny|91/100|[from]move: U-turn
|
|-heal|p2a: Ferrothorn|97/100|[from] item: Leftovers
|upkeep
|turn|6
|
|t:|1610823219
|switch|p2a: Yveltal|Yveltal|100/100
|-ability|p2a: Yveltal|Dark Aura
|move|p1a: Necrozma|Power Gem|p2a: Yveltal
|-supereffective|p2a: Yveltal
|-damage|p2a: Yveltal|46/100
|-damage|p1a: Necrozma|81/100|[from] item: Life Orb
|
|-heal|p2a: Yveltal|52/100|[from] item: Leftovers
|upkeep
|turn|7
|
|t:|1610823221
|move|p1a: Necrozma|Power Gem|p2a: Yveltal
|-supereffective|p2a: Yveltal
|-damage|p2a: Yveltal|4/100
|-damage|p1a: Necrozma|71/100|[from] item: Life Orb
|move|p2a: Yveltal|Substitute|p2a: Yveltal
|-fail|p2a: Yveltal|move: Substitute|[weak]
|
|-heal|p2a: Yveltal|11/100|[from] item: Leftovers
|upkeep
|turn|8
|
|t:|1610823231
|switch|p2a: Toxapex|Toxapex, M|100/100
|-activate|p2a: Toxapex|move: Sticky Web
|-unboost|p2a: Toxapex|spe|1
|move|p1a: Necrozma|Moongeist Beam|p2a: Toxapex
|-damage|p2a: Toxapex|29/100
|-damage|p1a: Necrozma|61/100|[from] item: Life Orb
|
|-heal|p2a: Toxapex|35/100|[from] item: Black Sludge
|upkeep
|turn|9
|j| ClaytoniousMaximus
|-message|ewqw forfeited.
|
|win|Gang-Blasting Rock
|l|☆ewqw
|c|☆Gang-Blasting Rock|Lmfao
||Ladder (probably) updated, but score could not be retrieved (Request timeout).
|l| ClaytoniousMaximus
