|j|☆ULT8RQ fardin
|j|‽ult8rq qian
|t:|1621130468
|gametype|singles
|player|p1|ULT8RQ fardin|lucas|1791
|player|p2|ult8rq qian|102|1764
|teamsize|p1|6
|teamsize|p2|6
|gen|8
|tier|[Gen 8] Ubers
|rated|
|rule|Sleep Clause Mod: Limit one foe put to sleep
|rule|Species Clause: Limit one of each Pokémon
|rule|OHKO Clause: OHKO moves are banned
|rule|Evasion Moves Clause: Evasion moves are banned
|rule|Endless Battle Clause: Forcing endless battles is banned
|rule|HP Percentage Mod: HP is shown in percentages
|rule|Dynamax Clause: You cannot dynamax
|clearpoke
|poke|p1|Lunala|
|poke|p1|Toxapex, F|
|poke|p1|Eternatus|
|poke|p1|Amoonguss, M|
|poke|p1|Tyranitar, M|
|poke|p1|Chansey, F|
|poke|p2|Calyrex-Shadow|
|poke|p2|Eternatus|
|poke|p2|Necrozma-Dusk-Mane|
|poke|p2|Yveltal|
|poke|p2|Groudon|
|poke|p2|Ho-Oh|
|teampreview
|inactive|Battle timer is ON: inactive players will automatically lose when time's up. (requested by ULT8RQ fardin)
|j| ULT8RQ spitfire
|j|+Staxi
|inactive|ULT8RQ fardin has 120 seconds left.
|inactive|ult8rq qian has 120 seconds left.
|j| bunny girl mai
|j| Manaaim
|
|t:|1621130529
|start
|switch|p1a: Lunala|Lunala|100/100
|switch|p2a: Calyrex|Calyrex-Shadow|100/100
|-ability|p2a: Calyrex|As One
|-ability|p2a: Calyrex|Unnerve
|turn|1
|
|t:|1621130544
|switch|p1a: Tyranitar|Tyranitar, M|100/100
|-weather|Sandstorm|[from] ability: Sand Stream|[of] p1a: Tyranitar
|move|p2a: Calyrex|Trick|p1a: Tyranitar
|-activate|p2a: Calyrex|move: Trick|[of] p1a: Tyranitar
|-item|p1a: Tyranitar|Choice Scarf|[from] move: Trick
|-item|p2a: Calyrex|Heavy-Duty Boots|[from] move: Trick
|
|-weather|Sandstorm|[upkeep]
|-damage|p2a: Calyrex|94/100|[from] Sandstorm
|upkeep
|turn|2
|j| ULT8RQ Bot
|
|t:|1621130553
|switch|p2a: Yveltal|Yveltal|100/100
|-ability|p2a: Yveltal|Dark Aura
|move|p1a: Tyranitar|Stealth Rock|p2a: Yveltal
|-sidestart|p2: ult8rq qian|move: Stealth Rock
|
|-weather|Sandstorm|[upkeep]
|-damage|p2a: Yveltal|94/100|[from] Sandstorm
|upkeep
|turn|3
|
|t:|1621130560
|switch|p1a: Toxapex|Toxapex, F|100/100
|move|p2a: Yveltal|Defog|p1a: Toxapex
|-unboost|p1a: Toxapex|evasion|1
|-sideend|p2: ult8rq qian|Stealth Rock|[from] move: Defog|[of] p2a: Yveltal
|
|-weather|Sandstorm|[upkeep]
|-damage|p2a: Yveltal|88/100|[from] Sandstorm
|-damage|p1a: Toxapex|95/100|[from] Sandstorm
|upkeep
|turn|4
|
|t:|1621130566
|switch|p2a: Necrozma|Necrozma-Dusk-Mane|100/100
|move|p1a: Toxapex|Knock Off|p2a: Necrozma
|-supereffective|p2a: Necrozma
|-damage|p2a: Necrozma|87/100
|-enditem|p2a: Necrozma|Leftovers|[from] move: Knock Off|[of] p1a: Toxapex
|
|-weather|Sandstorm|[upkeep]
|-damage|p1a: Toxapex|89/100|[from] Sandstorm
|upkeep
|turn|5
|
|t:|1621130578
|switch|p1a: Eternatus|Eternatus|100/100
|-ability|p1a: Eternatus|Pressure
|move|p2a: Necrozma|Stealth Rock|p1a: Eternatus
|-sidestart|p1: ULT8RQ fardin|move: Stealth Rock
|
|-weather|none
|upkeep
|turn|6
|
|t:|1621130586
|switch|p1a: Toxapex|Toxapex, F|100/100
|-damage|p1a: Toxapex|88/100|[from] Stealth Rock
|switch|p2a: Ho-Oh|Ho-Oh|100/100
|
|upkeep
|turn|7
|
|t:|1621130590
|switch|p2a: Necrozma|Necrozma-Dusk-Mane|87/100
|move|p1a: Toxapex|Toxic Spikes|p2a: Necrozma
|-sidestart|p2: ult8rq qian|move: Toxic Spikes
|
|upkeep
|turn|8
|
|t:|1621130594
|move|p2a: Necrozma|Morning Sun|p2a: Necrozma
|-heal|p2a: Necrozma|100/100
|move|p1a: Toxapex|Knock Off|p2a: Necrozma
|-supereffective|p2a: Necrozma
|-damage|p2a: Necrozma|93/100
|
|upkeep
|turn|9
|
|t:|1621130597
|move|p2a: Necrozma|Knock Off|p1a: Toxapex
|-damage|p1a: Toxapex|69/100
|-damage|p2a: Necrozma|76/100|[from] item: Rocky Helmet|[of] p1a: Toxapex
|-enditem|p1a: Toxapex|Rocky Helmet|[from] move: Knock Off|[of] p2a: Necrozma
|move|p1a: Toxapex|Knock Off|p2a: Necrozma
|-supereffective|p2a: Necrozma
|-damage|p2a: Necrozma|68/100
|
|upkeep
|turn|10
|
|t:|1621130605
|move|p2a: Necrozma|Morning Sun|p2a: Necrozma
|-heal|p2a: Necrozma|100/100
|move|p1a: Toxapex|Toxic Spikes|p2a: Necrozma
|-sidestart|p2: ult8rq qian|move: Toxic Spikes
|
|upkeep
|turn|11
|
|t:|1621130608
|switch|p2a: Eternatus|Eternatus|100/100
|-sideend|p2: ult8rq qian|move: Toxic Spikes|[of] p2a: Eternatus
|-ability|p2a: Eternatus|Pressure
|move|p1a: Toxapex|Knock Off|p2a: Eternatus
|-damage|p2a: Eternatus|88/100
|-enditem|p2a: Eternatus|Heavy-Duty Boots|[from] move: Knock Off|[of] p1a: Toxapex
|
|upkeep
|turn|12
|
|t:|1621130613
|move|p2a: Eternatus|Flamethrower|p1a: Toxapex
|-resisted|p1a: Toxapex
|-damage|p1a: Toxapex|57/100
|move|p1a: Toxapex|Knock Off|p2a: Eternatus
|-damage|p2a: Eternatus|80/100
|
|upkeep
|turn|13
|
|t:|1621130620
|switch|p1a: Tyranitar|Tyranitar, M|100/100
|-damage|p1a: Tyranitar|88/100|[from] Stealth Rock
|-weather|Sandstorm|[from] ability: Sand Stream|[of] p1a: Tyranitar
|move|p2a: Eternatus|Flamethrower|p1a: Tyranitar
|-resisted|p1a: Tyranitar
|-damage|p1a: Tyranitar|82/100
|
|-weather|Sandstorm|[upkeep]
|-damage|p2a: Eternatus|74/100|[from] Sandstorm
|upkeep
|turn|14
|
|t:|1621130624
|move|p2a: Eternatus|Toxic|p1a: Tyranitar
|-status|p1a: Tyranitar|tox
|move|p1a: Tyranitar|Stealth Rock|p2a: Eternatus
|-sidestart|p2: ult8rq qian|move: Stealth Rock
|
|-weather|Sandstorm|[upkeep]
|-damage|p2a: Eternatus|68/100|[from] Sandstorm
|-damage|p1a: Tyranitar|76/100 tox|[from] psn
|upkeep
|turn|15
|
|t:|1621130632
|switch|p2a: Groudon|Groudon|100/100
|-damage|p2a: Groudon|94/100|[from] Stealth Rock
|-weather|SunnyDay|[from] ability: Drought|[of] p2a: Groudon
|switch|p1a: Toxapex|Toxapex, F|90/100
|-damage|p1a: Toxapex|78/100|[from] Stealth Rock
|
|-weather|SunnyDay|[upkeep]
|-heal|p2a: Groudon|100/100|[from] item: Leftovers
|upkeep
|turn|16
|
|t:|1621130636
|switch|p1a: Lunala|Lunala|100/100
|move|p2a: Groudon|Precipice Blades|p1a: Lunala
|-damage|p1a: Lunala|84/100
|
|-weather|SunnyDay|[upkeep]
|upkeep
|turn|17
|
|t:|1621130639
|switch|p2a: Ho-Oh|Ho-Oh|100/100
|move|p1a: Lunala|Roost|p1a: Lunala
|-heal|p1a: Lunala|100/100
|-singleturn|p1a: Lunala|move: Roost
|
|-weather|SunnyDay|[upkeep]
|upkeep
|turn|18
|
|t:|1621130645
|switch|p1a: Toxapex|Toxapex, F|100/100
|-damage|p1a: Toxapex|88/100|[from] Stealth Rock
|move|p2a: Ho-Oh|Whirlwind|p1a: Toxapex
|drag|p1a: Chansey|Chansey, F|100/100
|-damage|p1a: Chansey|88/100|[from] Stealth Rock
|
|-weather|SunnyDay|[upkeep]
|upkeep
|turn|19
|
|t:|1621130650
|move|p2a: Ho-Oh|Sacred Fire|p1a: Chansey
|-damage|p1a: Chansey|43/100
|move|p1a: Chansey|Heal Bell|p1a: Chansey
|-activate|p1a: Chansey|move: Heal Bell
|-curestatus|p1: Tyranitar|tox|[msg]
|
|-weather|none
|upkeep
|turn|20
|
|t:|1621130654
|move|p2a: Ho-Oh|Sacred Fire|p1a: Chansey
|-damage|p1a: Chansey|7/100
|move|p1a: Chansey|Soft-Boiled|p1a: Chansey
|-heal|p1a: Chansey|57/100
|
|upkeep
|turn|21
|
|t:|1621130658
|move|p2a: Ho-Oh|Sacred Fire|p1a: Chansey
|-damage|p1a: Chansey|23/100
|move|p1a: Chansey|Soft-Boiled|p1a: Chansey
|-heal|p1a: Chansey|73/100
|
|upkeep
|turn|22
|
|t:|1621130680
|switch|p2a: Necrozma|Necrozma-Dusk-Mane|100/100
|-damage|p2a: Necrozma|94/100|[from] Stealth Rock
|move|p1a: Chansey|Soft-Boiled|p1a: Chansey
|-heal|p1a: Chansey|100/100
|
|upkeep
|turn|23
|
|t:|1621130692
|switch|p2a: Eternatus|Eternatus|68/100
|-damage|p2a: Eternatus|55/100|[from] Stealth Rock
|-ability|p2a: Eternatus|Pressure
|switch|p1a: Toxapex|Toxapex, F|100/100
|-damage|p1a: Toxapex|88/100|[from] Stealth Rock
|
|upkeep
|turn|24
|
|t:|1621130700
|switch|p1a: Eternatus|Eternatus|100/100
|-ability|p1a: Eternatus|Pressure
|move|p2a: Eternatus|Recover|p2a: Eternatus
|-heal|p2a: Eternatus|100/100
|
|upkeep
|turn|25
|
|t:|1621130707
|switch|p2a: Ho-Oh|Ho-Oh|100/100
|move|p1a: Eternatus|Recover||[still]
|-fail|p1a: Eternatus|heal
|
|upkeep
|turn|26
|
|t:|1621130712
|move|p1a: Eternatus|Toxic|p2a: Ho-Oh
|-status|p2a: Ho-Oh|tox
|move|p2a: Ho-Oh|Thunder Wave|p1a: Eternatus
|-status|p1a: Eternatus|par
|
|-damage|p2a: Ho-Oh|94/100 tox|[from] psn
|upkeep
|turn|27
|
|t:|1621130720
|switch|p2a: Necrozma|Necrozma-Dusk-Mane|94/100
|-damage|p2a: Necrozma|88/100|[from] Stealth Rock
|move|p1a: Eternatus|Toxic|p2a: Necrozma
|-immune|p2a: Necrozma
|
|upkeep
|turn|28
|
|t:|1621130725
|switch|p1a: Toxapex|Toxapex, F|100/100
|-damage|p1a: Toxapex|88/100|[from] Stealth Rock
|move|p2a: Necrozma|Sunsteel Strike|p1a: Toxapex
|-resisted|p1a: Toxapex
|-damage|p1a: Toxapex|72/100
|
|upkeep
|turn|29
|
|t:|1621130734
|move|p2a: Necrozma|Stealth Rock||[still]
|-fail|p2a: Necrozma
|move|p1a: Toxapex|Toxic Spikes|p2a: Necrozma
|-sidestart|p2: ult8rq qian|move: Toxic Spikes
|
|upkeep
|turn|30
|
|t:|1621130740
|switch|p2a: Eternatus|Eternatus|100/100
|-sideend|p2: ult8rq qian|move: Toxic Spikes|[of] p2a: Eternatus
|-damage|p2a: Eternatus|88/100|[from] Stealth Rock
|-ability|p2a: Eternatus|Pressure
|switch|p1a: Amoonguss|Amoonguss, M|100/100
|-damage|p1a: Amoonguss|88/100|[from] Stealth Rock
|
|upkeep
|turn|31
|
|t:|1621130746
|switch|p1a: Toxapex|Toxapex, F|100/100
|-damage|p1a: Toxapex|88/100|[from] Stealth Rock
|move|p2a: Eternatus|Flamethrower|p1a: Toxapex
|-resisted|p1a: Toxapex
|-damage|p1a: Toxapex|75/100
|
|upkeep
|turn|32
|
|t:|1621130755
|move|p2a: Eternatus|Flamethrower|p1a: Toxapex
|-resisted|p1a: Toxapex
|-damage|p1a: Toxapex|65/100
|-status|p1a: Toxapex|brn
|move|p1a: Toxapex|Haze|p1a: Toxapex
|-clearallboost
|
|-damage|p1a: Toxapex|59/100 brn|[from] brn
|upkeep
|turn|33
|
|t:|1621130760
|move|p2a: Eternatus|Dynamax Cannon|p1a: Toxapex
|-damage|p1a: Toxapex|21/100 brn
|move|p1a: Toxapex|Recover|p1a: Toxapex
|-heal|p1a: Toxapex|71/100 brn
|
|-damage|p1a: Toxapex|65/100 brn|[from] brn
|upkeep
|turn|34
|
|t:|1621130768
|switch|p2a: Necrozma|Necrozma-Dusk-Mane|88/100
|-damage|p2a: Necrozma|82/100|[from] Stealth Rock
|move|p1a: Toxapex|Knock Off|p2a: Necrozma
|-supereffective|p2a: Necrozma
|-damage|p2a: Necrozma|78/100
|
|-damage|p1a: Toxapex|59/100 brn|[from] brn
|upkeep
|turn|35
|
|t:|1621130775
|switch|p1a: Amoonguss|Amoonguss, M|100/100
|-damage|p1a: Amoonguss|88/100|[from] Stealth Rock
|move|p2a: Necrozma|Sunsteel Strike|p1a: Amoonguss
|-damage|p1a: Amoonguss|50/100
|-damage|p2a: Necrozma|62/100|[from] item: Rocky Helmet|[of] p1a: Amoonguss
|
|upkeep
|turn|36
|
|t:|1621130781
|move|p2a: Necrozma|Knock Off|p1a: Amoonguss
|-damage|p1a: Amoonguss|25/100
|-damage|p2a: Necrozma|45/100|[from] item: Rocky Helmet|[of] p1a: Amoonguss
|-enditem|p1a: Amoonguss|Rocky Helmet|[from] move: Knock Off|[of] p2a: Necrozma
|move|p1a: Amoonguss|Spore|p2a: Necrozma
|-status|p2a: Necrozma|slp|[from] move: Spore
|
|upkeep
|turn|37
|
|t:|1621130787
|switch|p2a: Calyrex|Calyrex-Shadow|94/100
|-ability|p2a: Calyrex|As One
|-ability|p2a: Calyrex|Unnerve
|move|p1a: Amoonguss|Foul Play|p2a: Calyrex
|-supereffective|p2a: Calyrex
|-damage|p2a: Calyrex|19/100
|
|upkeep
|turn|38
|
|t:|1621130792
|switch|p1a: Tyranitar|Tyranitar, M|76/100
|-damage|p1a: Tyranitar|64/100|[from] Stealth Rock
|-weather|Sandstorm|[from] ability: Sand Stream|[of] p1a: Tyranitar
|move|p2a: Calyrex|Aromatherapy|p2a: Calyrex
|-activate|p2a: Calyrex|move: Aromatherapy
|-curestatus|p2: Necrozma|slp|[msg]
|-curestatus|p2: Ho-Oh|tox|[msg]
|
|-weather|Sandstorm|[upkeep]
|-damage|p2a: Calyrex|13/100|[from] Sandstorm
|upkeep
|turn|39
|
|t:|1621130801
|switch|p2a: Yveltal|Yveltal|88/100
|-ability|p2a: Yveltal|Dark Aura
|move|p1a: Tyranitar|Foul Play|p2a: Yveltal
|-resisted|p2a: Yveltal
|-damage|p2a: Yveltal|65/100
|
|-weather|Sandstorm|[upkeep]
|-damage|p2a: Yveltal|59/100|[from] Sandstorm
|upkeep
|turn|40
|
|t:|1621130806
|switch|p1a: Toxapex|Toxapex, F|93/100 brn
|-damage|p1a: Toxapex|80/100 brn|[from] Stealth Rock
|move|p2a: Yveltal|U-turn|p1a: Toxapex
|-resisted|p1a: Toxapex
|-damage|p1a: Toxapex|74/100 brn
|
|t:|1621130810
|switch|p2a: Groudon|Groudon|100/100|[from]move: U-turn
|-damage|p2a: Groudon|94/100|[from] Stealth Rock
|-weather|SunnyDay|[from] ability: Drought|[of] p2a: Groudon
|
|-weather|SunnyDay|[upkeep]
|-heal|p2a: Groudon|100/100|[from] item: Leftovers
|-damage|p1a: Toxapex|68/100 brn|[from] brn
|upkeep
|turn|41
|
|t:|1621130814
|switch|p1a: Lunala|Lunala|100/100
|move|p2a: Groudon|Precipice Blades|p1a: Lunala
|-damage|p1a: Lunala|84/100
|
|-weather|SunnyDay|[upkeep]
|upkeep
|turn|42
|
|t:|1621130825
|switch|p2a: Yveltal|Yveltal|59/100
|-ability|p2a: Yveltal|Dark Aura
|move|p1a: Lunala|Will-O-Wisp|p2a: Yveltal
|-status|p2a: Yveltal|brn
|
|-weather|SunnyDay|[upkeep]
|-damage|p2a: Yveltal|53/100 brn|[from] brn
|upkeep
|turn|43
|
|t:|1621130831
|switch|p1a: Amoonguss|Amoonguss, M|58/100
|-damage|p1a: Amoonguss|46/100|[from] Stealth Rock
|move|p2a: Yveltal|U-turn|p1a: Amoonguss
|-damage|p1a: Amoonguss|38/100
|
|t:|1621130836
|switch|p2a: Ho-Oh|Ho-Oh|100/100|[from]move: U-turn
|
|-weather|SunnyDay|[upkeep]
|upkeep
|turn|44
|
|t:|1621130846
|switch|p2a: Calyrex|Calyrex-Shadow|13/100
|-ability|p2a: Calyrex|As One
|-ability|p2a: Calyrex|Unnerve
|switch|p1a: Toxapex|Toxapex, F|100/100 brn
|-damage|p1a: Toxapex|88/100 brn|[from] Stealth Rock
|
|-weather|none
|-damage|p1a: Toxapex|82/100 brn|[from] brn
|upkeep
|turn|45
|
|t:|1621130853
|switch|p2a: Necrozma|Necrozma-Dusk-Mane|45/100
|-damage|p2a: Necrozma|39/100|[from] Stealth Rock
|switch|p1a: Tyranitar|Tyranitar, M|64/100
|-damage|p1a: Tyranitar|51/100|[from] Stealth Rock
|-weather|Sandstorm|[from] ability: Sand Stream|[of] p1a: Tyranitar
|
|-weather|Sandstorm|[upkeep]
|upkeep
|turn|46
|
|t:|1621130861
|switch|p2a: Yveltal|Yveltal|53/100 brn
|-ability|p2a: Yveltal|Dark Aura
|move|p1a: Tyranitar|Foul Play|p2a: Yveltal
|-resisted|p2a: Yveltal
|-damage|p2a: Yveltal|31/100 brn
|
|-weather|Sandstorm|[upkeep]
|-damage|p2a: Yveltal|25/100 brn|[from] Sandstorm
|-damage|p2a: Yveltal|18/100 brn|[from] brn
|upkeep
|turn|47
|
|t:|1621130865
|move|p2a: Yveltal|Roost|p2a: Yveltal
|-heal|p2a: Yveltal|68/100 brn
|-singleturn|p2a: Yveltal|move: Roost
|move|p1a: Tyranitar|Foul Play|p2a: Yveltal
|-resisted|p2a: Yveltal
|-damage|p2a: Yveltal|49/100 brn
|
|-weather|Sandstorm|[upkeep]
|-damage|p2a: Yveltal|43/100 brn|[from] Sandstorm
|-damage|p2a: Yveltal|36/100 brn|[from] brn
|upkeep
|turn|48
|
|t:|1621130869
|switch|p1a: Amoonguss|Amoonguss, M|72/100
|-damage|p1a: Amoonguss|59/100|[from] Stealth Rock
|move|p2a: Yveltal|Roost|p2a: Yveltal
|-heal|p2a: Yveltal|87/100 brn
|-singleturn|p2a: Yveltal|move: Roost
|
|-weather|Sandstorm|[upkeep]
|-damage|p2a: Yveltal|80/100 brn|[from] Sandstorm
|-damage|p1a: Amoonguss|53/100|[from] Sandstorm
|-damage|p2a: Yveltal|74/100 brn|[from] brn
|upkeep
|turn|49
|
|t:|1621130875
|move|p2a: Yveltal|Foul Play|p1a: Amoonguss
|-damage|p1a: Amoonguss|43/100
|move|p1a: Amoonguss|Foul Play|p2a: Yveltal
|-resisted|p2a: Yveltal
|-damage|p2a: Yveltal|61/100 brn
|
|-weather|none
|-damage|p2a: Yveltal|54/100 brn|[from] brn
|upkeep
|turn|50
|
|t:|1621130882
|move|p2a: Yveltal|U-turn|p1a: Amoonguss
|-damage|p1a: Amoonguss|36/100
|
|t:|1621130887
|switch|p2a: Groudon|Groudon|100/100|[from]move: U-turn
|-damage|p2a: Groudon|94/100|[from] Stealth Rock
|-weather|SunnyDay|[from] ability: Drought|[of] p2a: Groudon
|move|p1a: Amoonguss|Foul Play|p2a: Groudon
|-damage|p2a: Groudon|76/100
|
|-weather|SunnyDay|[upkeep]
|-heal|p2a: Groudon|83/100|[from] item: Leftovers
|upkeep
|turn|51
|
|t:|1621130893
|switch|p1a: Lunala|Lunala|84/100
|move|p2a: Groudon|Precipice Blades|p1a: Lunala
|-damage|p1a: Lunala|51/100
|
|-weather|SunnyDay|[upkeep]
|-heal|p2a: Groudon|89/100|[from] item: Leftovers
|upkeep
|turn|52
|l| Manaaim
|
|t:|1621130899
|switch|p2a: Calyrex|Calyrex-Shadow|13/100
|-ability|p2a: Calyrex|As One
|-ability|p2a: Calyrex|Unnerve
|move|p1a: Lunala|Roost|p1a: Lunala
|-heal|p1a: Lunala|100/100
|-singleturn|p1a: Lunala|move: Roost
|
|-weather|SunnyDay|[upkeep]
|upkeep
|turn|53
|
|t:|1621130908
|switch|p2a: Yveltal|Yveltal|54/100 brn
|-ability|p2a: Yveltal|Dark Aura
|switch|p1a: Tyranitar|Tyranitar, M|51/100
|-damage|p1a: Tyranitar|39/100|[from] Stealth Rock
|-weather|Sandstorm|[from] ability: Sand Stream|[of] p1a: Tyranitar
|
|-weather|Sandstorm|[upkeep]
|-damage|p2a: Yveltal|48/100 brn|[from] Sandstorm
|-damage|p2a: Yveltal|42/100 brn|[from] brn
|upkeep
|turn|54
|
|t:|1621130913
|move|p2a: Yveltal|Roost|p2a: Yveltal
|-heal|p2a: Yveltal|92/100 brn
|-singleturn|p2a: Yveltal|move: Roost
|move|p1a: Tyranitar|Rest|p1a: Tyranitar
|-status|p1a: Tyranitar|slp|[from] move: Rest
|-heal|p1a: Tyranitar|100/100 slp|[silent]
|
|-weather|Sandstorm|[upkeep]
|-damage|p2a: Yveltal|86/100 brn|[from] Sandstorm
|-damage|p2a: Yveltal|80/100 brn|[from] brn
|upkeep
|turn|55
|
|t:|1621130917
|move|p2a: Yveltal|U-turn|p1a: Tyranitar
|-supereffective|p1a: Tyranitar
|-damage|p1a: Tyranitar|86/100 slp
|
|t:|1621130924
|switch|p2a: Necrozma|Necrozma-Dusk-Mane|39/100|[from]move: U-turn
|-damage|p2a: Necrozma|33/100|[from] Stealth Rock
|cant|p1a: Tyranitar|slp
|
|-weather|Sandstorm|[upkeep]
|upkeep
|turn|56
|l| bunny girl mai
|
|t:|1621130930
|switch|p1a: Amoonguss|Amoonguss, M|69/100
|-damage|p1a: Amoonguss|57/100|[from] Stealth Rock
|move|p2a: Necrozma|Morning Sun|p2a: Necrozma
|-heal|p2a: Necrozma|58/100
|
|-weather|Sandstorm|[upkeep]
|-damage|p1a: Amoonguss|50/100|[from] Sandstorm
|upkeep
|turn|57
|
|t:|1621130937
|switch|p1a: Toxapex|Toxapex, F|100/100 brn
|-damage|p1a: Toxapex|88/100 brn|[from] Stealth Rock
|move|p2a: Necrozma|Sunsteel Strike|p1a: Toxapex
|-resisted|p1a: Toxapex
|-damage|p1a: Toxapex|72/100 brn
|
|-weather|none
|-damage|p1a: Toxapex|66/100 brn|[from] brn
|upkeep
|turn|58
|
|t:|1621130941
|switch|p1a: Amoonguss|Amoonguss, M|84/100
|-damage|p1a: Amoonguss|71/100|[from] Stealth Rock
|move|p2a: Necrozma|Morning Sun|p2a: Necrozma
|-heal|p2a: Necrozma|100/100
|
|upkeep
|turn|59
|
|t:|1621130956
|move|p2a: Necrozma|Knock Off|p1a: Amoonguss
|-damage|p1a: Amoonguss|56/100
|move|p1a: Amoonguss|Spore|p2a: Necrozma
|-status|p2a: Necrozma|slp|[from] move: Spore
|
|upkeep
|turn|60
|
|t:|1621130960
|cant|p2a: Necrozma|slp
|move|p1a: Amoonguss|Sludge Bomb|p2a: Necrozma
|-immune|p2a: Necrozma
|
|upkeep
|turn|61
|
|t:|1621130965
|switch|p1a: Toxapex|Toxapex, F|99/100 brn
|-damage|p1a: Toxapex|87/100 brn|[from] Stealth Rock
|cant|p2a: Necrozma|slp
|
|-damage|p1a: Toxapex|81/100 brn|[from] brn
|upkeep
|turn|62
|
|t:|1621130973
|switch|p1a: Amoonguss|Amoonguss, M|90/100
|-damage|p1a: Amoonguss|77/100|[from] Stealth Rock
|cant|p2a: Necrozma|slp
|
|upkeep
|turn|63
|
|t:|1621130978
|-curestatus|p2a: Necrozma|slp|[msg]
|move|p2a: Necrozma|Knock Off|p1a: Amoonguss
|-damage|p1a: Amoonguss|61/100
|move|p1a: Amoonguss|Sludge Bomb|p2a: Necrozma
|-immune|p2a: Necrozma
|
|upkeep
|turn|64
|
|t:|1621130983
|switch|p2a: Yveltal|Yveltal|80/100 brn
|-ability|p2a: Yveltal|Dark Aura
|switch|p1a: Toxapex|Toxapex, F|100/100 brn
|-damage|p1a: Toxapex|88/100 brn|[from] Stealth Rock
|
|-damage|p2a: Yveltal|74/100 brn|[from] brn
|-damage|p1a: Toxapex|82/100 brn|[from] brn
|upkeep
|turn|65
|
|t:|1621130987
|switch|p1a: Amoonguss|Amoonguss, M|94/100
|-damage|p1a: Amoonguss|82/100|[from] Stealth Rock
|move|p2a: Yveltal|U-turn|p1a: Amoonguss
|-damage|p1a: Amoonguss|74/100
|
|t:|1621130990
|switch|p2a: Calyrex|Calyrex-Shadow|13/100|[from]move: U-turn
|-ability|p2a: Calyrex|As One
|-ability|p2a: Calyrex|Unnerve
|
|upkeep
|turn|66
|
|t:|1621130994
|switch|p2a: Necrozma|Necrozma-Dusk-Mane|100/100
|-damage|p2a: Necrozma|94/100|[from] Stealth Rock
|switch|p1a: Tyranitar|Tyranitar, M|86/100 slp
|-damage|p1a: Tyranitar|73/100 slp|[from] Stealth Rock
|-weather|Sandstorm|[from] ability: Sand Stream|[of] p1a: Tyranitar
|
|-weather|Sandstorm|[upkeep]
|upkeep
|turn|67
|
|t:|1621131004
|switch|p1a: Toxapex|Toxapex, F|100/100 brn
|-damage|p1a: Toxapex|88/100 brn|[from] Stealth Rock
|switch|p2a: Groudon|Groudon|89/100
|-damage|p2a: Groudon|83/100|[from] Stealth Rock
|-weather|SunnyDay|[from] ability: Drought|[of] p2a: Groudon
|
|-weather|SunnyDay|[upkeep]
|-heal|p2a: Groudon|89/100|[from] item: Leftovers
|-damage|p1a: Toxapex|82/100 brn|[from] brn
|upkeep
|turn|68
|
|t:|1621131009
|switch|p1a: Lunala|Lunala|100/100
|move|p2a: Groudon|Precipice Blades|p1a: Lunala
|-damage|p1a: Lunala|84/100
|
|-weather|SunnyDay|[upkeep]
|-heal|p2a: Groudon|95/100|[from] item: Leftovers
|upkeep
|turn|69
|
|t:|1621131016
|switch|p2a: Ho-Oh|Ho-Oh|100/100
|move|p1a: Lunala|Ice Beam|p2a: Ho-Oh
|-damage|p2a: Ho-Oh|86/100
|
|-weather|SunnyDay|[upkeep]
|upkeep
|turn|70
|
|t:|1621131022
|switch|p1a: Toxapex|Toxapex, F|100/100 brn
|-damage|p1a: Toxapex|88/100 brn|[from] Stealth Rock
|move|p2a: Ho-Oh|Sacred Fire|p1a: Toxapex
|-resisted|p1a: Toxapex
|-damage|p1a: Toxapex|68/100 brn
|
|-weather|SunnyDay|[upkeep]
|-damage|p1a: Toxapex|63/100 brn|[from] brn
|upkeep
|turn|71
|
|t:|1621131030
|switch|p2a: Eternatus|Eternatus|88/100
|-damage|p2a: Eternatus|76/100|[from] Stealth Rock
|-ability|p2a: Eternatus|Pressure
|move|p1a: Toxapex|Knock Off|p2a: Eternatus
|-damage|p2a: Eternatus|72/100
|
|-weather|none
|-damage|p1a: Toxapex|57/100 brn|[from] brn
|upkeep
|turn|72
|
|t:|1621131037
|switch|p1a: Chansey|Chansey, F|100/100
|-damage|p1a: Chansey|88/100|[from] Stealth Rock
|move|p2a: Eternatus|Recover|p2a: Eternatus
|-heal|p2a: Eternatus|100/100
|
|upkeep
|turn|73
|
|t:|1621131043
|move|p2a: Eternatus|Toxic|p1a: Chansey
|-status|p1a: Chansey|tox
|move|p1a: Chansey|Heal Bell|p1a: Chansey
|-activate|p1a: Chansey|move: Heal Bell
|-curestatus|p1a: Chansey|tox|[msg]
|-curestatus|p1: Eternatus|par|[msg]
|-curestatus|p1: Tyranitar|slp|[msg]
|-curestatus|p1: Toxapex|brn|[msg]
|
|upkeep
|turn|74
|
|t:|1621131048
|move|p2a: Eternatus|Dynamax Cannon|p1a: Chansey
|-damage|p1a: Chansey|77/100
|move|p1a: Chansey|Seismic Toss|p2a: Eternatus
|-damage|p2a: Eternatus|80/100
|
|upkeep
|turn|75
|
|t:|1621131050
|move|p2a: Eternatus|Toxic|p1a: Chansey
|-status|p1a: Chansey|tox
|move|p1a: Chansey|Soft-Boiled|p1a: Chansey
|-heal|p1a: Chansey|100/100 tox
|
|-damage|p1a: Chansey|94/100 tox|[from] psn
|upkeep
|turn|76
|
|t:|1621131055
|switch|p1a: Toxapex|Toxapex, F|90/100
|-damage|p1a: Toxapex|78/100|[from] Stealth Rock
|move|p2a: Eternatus|Dynamax Cannon|p1a: Toxapex
|-damage|p1a: Toxapex|35/100
|
|upkeep
|turn|77
|
|t:|1621131060
|switch|p2a: Necrozma|Necrozma-Dusk-Mane|94/100
|-damage|p2a: Necrozma|88/100|[from] Stealth Rock
|switch|p1a: Chansey|Chansey, F|94/100
|-damage|p1a: Chansey|82/100|[from] Stealth Rock
|
|upkeep
|turn|78
|
|t:|1621131068
|switch|p2a: Calyrex|Calyrex-Shadow|13/100
|-ability|p2a: Calyrex|As One
|-ability|p2a: Calyrex|Unnerve
|switch|p1a: Toxapex|Toxapex, F|68/100
|-damage|p1a: Toxapex|56/100|[from] Stealth Rock
|
|upkeep
|turn|79
|
|t:|1621131074
|switch|p2a: Groudon|Groudon|95/100
|-damage|p2a: Groudon|89/100|[from] Stealth Rock
|-weather|SunnyDay|[from] ability: Drought|[of] p2a: Groudon
|switch|p1a: Tyranitar|Tyranitar, M|73/100
|-damage|p1a: Tyranitar|61/100|[from] Stealth Rock
|-weather|Sandstorm|[from] ability: Sand Stream|[of] p1a: Tyranitar
|
|-weather|Sandstorm|[upkeep]
|-heal|p2a: Groudon|95/100|[from] item: Leftovers
|upkeep
|turn|80
|
|t:|1621131080
|switch|p1a: Lunala|Lunala|84/100
|move|p2a: Groudon|Swords Dance|p2a: Groudon
|-boost|p2a: Groudon|atk|2
|
|-weather|Sandstorm|[upkeep]
|-damage|p1a: Lunala|77/100|[from] Sandstorm
|-heal|p2a: Groudon|100/100|[from] item: Leftovers
|upkeep
|turn|81
|
|t:|1621131083
|move|p1a: Lunala|Will-O-Wisp|p2a: Groudon
|-status|p2a: Groudon|brn
|move|p2a: Groudon|Precipice Blades|p1a: Lunala
|-damage|p1a: Lunala|40/100
|
|-weather|Sandstorm|[upkeep]
|-damage|p1a: Lunala|34/100|[from] Sandstorm
|-damage|p2a: Groudon|94/100 brn|[from] brn
|upkeep
|turn|82
|
|t:|1621131090
|switch|p2a: Ho-Oh|Ho-Oh|100/100
|move|p1a: Lunala|Roost|p1a: Lunala
|-heal|p1a: Lunala|84/100
|-singleturn|p1a: Lunala|move: Roost
|
|-weather|Sandstorm|[upkeep]
|-damage|p1a: Lunala|78/100|[from] Sandstorm
|-damage|p2a: Ho-Oh|94/100|[from] Sandstorm
|upkeep
|turn|83
|
|t:|1621131095
|switch|p1a: Eternatus|Eternatus|100/100
|-ability|p1a: Eternatus|Pressure
|move|p2a: Ho-Oh|Whirlwind|p1a: Eternatus
|drag|p1a: Amoonguss|Amoonguss, M|100/100
|-damage|p1a: Amoonguss|88/100|[from] Stealth Rock
|
|-weather|none
|upkeep
|turn|84
|
|t:|1621131102
|switch|p1a: Toxapex|Toxapex, F|90/100
|-damage|p1a: Toxapex|77/100|[from] Stealth Rock
|move|p2a: Ho-Oh|Thunder Wave|p1a: Toxapex
|-status|p1a: Toxapex|par
|
|upkeep
|turn|85
|j| bunny girl mai
|
|t:|1621131107
|switch|p2a: Eternatus|Eternatus|80/100
|-damage|p2a: Eternatus|67/100|[from] Stealth Rock
|-ability|p2a: Eternatus|Pressure
|move|p1a: Toxapex|Knock Off|p2a: Eternatus
|-damage|p2a: Eternatus|59/100
|
|upkeep
|turn|86
|
|t:|1621131112
|switch|p1a: Chansey|Chansey, F|82/100
|-damage|p1a: Chansey|70/100|[from] Stealth Rock
|move|p2a: Eternatus|Recover|p2a: Eternatus
|-heal|p2a: Eternatus|100/100
|
|upkeep
|turn|87
|
|t:|1621131119
|switch|p2a: Calyrex|Calyrex-Shadow|13/100
|-ability|p2a: Calyrex|As One
|-ability|p2a: Calyrex|Unnerve
|switch|p1a: Tyranitar|Tyranitar, M|61/100
|-damage|p1a: Tyranitar|49/100|[from] Stealth Rock
|-weather|Sandstorm|[from] ability: Sand Stream|[of] p1a: Tyranitar
|
|-weather|Sandstorm|[upkeep]
|-damage|p2a: Calyrex|7/100|[from] Sandstorm
|upkeep
|turn|88
|
|t:|1621131130
|switch|p2a: Necrozma|Necrozma-Dusk-Mane|88/100
|-damage|p2a: Necrozma|82/100|[from] Stealth Rock
|move|p1a: Tyranitar|Rock Blast|p2a: Necrozma|[miss]
|-miss|p1a: Tyranitar|p2a: Necrozma
|
|-weather|Sandstorm|[upkeep]
|upkeep
|turn|89
|l| bunny girl mai
|
|t:|1621131138
|switch|p1a: Eternatus|Eternatus|100/100
|-ability|p1a: Eternatus|Pressure
|switch|p2a: Groudon|Groudon|94/100 brn
|-damage|p2a: Groudon|88/100 brn|[from] Stealth Rock
|-weather|SunnyDay|[from] ability: Drought|[of] p2a: Groudon
|
|-weather|SunnyDay|[upkeep]
|-heal|p2a: Groudon|94/100 brn|[from] item: Leftovers
|-damage|p2a: Groudon|88/100 brn|[from] brn
|upkeep
|turn|90
|
|t:|1621131146
|switch|p1a: Lunala|Lunala|78/100
|switch|p2a: Ho-Oh|Ho-Oh|100/100
|
|-weather|SunnyDay|[upkeep]
|upkeep
|turn|91
|
|t:|1621131152
|switch|p1a: Toxapex|Toxapex, F|100/100 par
|-damage|p1a: Toxapex|88/100 par|[from] Stealth Rock
|move|p2a: Ho-Oh|Whirlwind|p1a: Toxapex
|drag|p1a: Lunala|Lunala|78/100
|
|-weather|SunnyDay|[upkeep]
|upkeep
|turn|92
|
|t:|1621131157
|switch|p1a: Toxapex|Toxapex, F|100/100 par
|-damage|p1a: Toxapex|88/100 par|[from] Stealth Rock
|move|p2a: Ho-Oh|Whirlwind|p1a: Toxapex
|drag|p1a: Amoonguss|Amoonguss, M|100/100
|-damage|p1a: Amoonguss|88/100|[from] Stealth Rock
|
|-weather|SunnyDay|[upkeep]
|upkeep
|turn|93
|
|t:|1621131164
|switch|p1a: Eternatus|Eternatus|100/100
|-ability|p1a: Eternatus|Pressure
|move|p2a: Ho-Oh|Whirlwind|p1a: Eternatus
|drag|p1a: Amoonguss|Amoonguss, M|100/100
|-damage|p1a: Amoonguss|88/100|[from] Stealth Rock
|
|-weather|none
|upkeep
|turn|94
|
|t:|1621131169
|move|p1a: Amoonguss|Spore|p2a: Ho-Oh
|-status|p2a: Ho-Oh|slp|[from] move: Spore
|cant|p2a: Ho-Oh|slp
|
|upkeep
|turn|95
|
|t:|1621131184
|switch|p2a: Eternatus|Eternatus|100/100
|-damage|p2a: Eternatus|88/100|[from] Stealth Rock
|-ability|p2a: Eternatus|Pressure
|switch|p1a: Lunala|Lunala|78/100
|
|upkeep
|turn|96
|
|t:|1621131192
|switch|p1a: Eternatus|Eternatus|100/100
|-ability|p1a: Eternatus|Pressure
|move|p2a: Eternatus|Toxic|p1a: Eternatus
|-immune|p1a: Eternatus
|
|upkeep
|turn|97
|
|t:|1621131196
|switch|p2a: Ho-Oh|Ho-Oh|100/100 slp
|move|p1a: Eternatus|Shadow Ball|p2a: Ho-Oh
|-damage|p2a: Ho-Oh|87/100 slp
|
|upkeep
|turn|98
|
|t:|1621131201
|move|p1a: Eternatus|Sludge Bomb|p2a: Ho-Oh
|-damage|p2a: Ho-Oh|62/100 slp
|-curestatus|p2a: Ho-Oh|slp|[msg]
|move|p2a: Ho-Oh|Whirlwind|p1a: Eternatus
|drag|p1a: Toxapex|Toxapex, F|100/100 par
|-damage|p1a: Toxapex|88/100 par|[from] Stealth Rock
|
|upkeep
|turn|99
|
|t:|1621131210
|switch|p2a: Eternatus|Eternatus|88/100
|-damage|p2a: Eternatus|76/100|[from] Stealth Rock
|-ability|p2a: Eternatus|Pressure
|switch|p1a: Lunala|Lunala|78/100
|
|upkeep
|turn|100
|j| bunny girl mai
|
|t:|1621131215
|switch|p1a: Eternatus|Eternatus|100/100
|-ability|p1a: Eternatus|Pressure
|move|p2a: Eternatus|Dynamax Cannon|p1a: Eternatus
|-supereffective|p1a: Eternatus
|-damage|p1a: Eternatus|46/100
|
|upkeep
|turn|101
|
|t:|1621131221
|move|p2a: Eternatus|Dynamax Cannon|p1a: Eternatus
|-supereffective|p1a: Eternatus
|-crit|p1a: Eternatus
|-damage|p1a: Eternatus|0 fnt
|faint|p1a: Eternatus
|
|upkeep
|
|t:|1621131224
|switch|p1a: Tyranitar|Tyranitar, M|49/100
|-damage|p1a: Tyranitar|36/100|[from] Stealth Rock
|-weather|Sandstorm|[from] ability: Sand Stream|[of] p1a: Tyranitar
|turn|102
|
|t:|1621131239
|switch|p2a: Necrozma|Necrozma-Dusk-Mane|82/100
|-damage|p2a: Necrozma|76/100|[from] Stealth Rock
|move|p1a: Tyranitar|Rest|p1a: Tyranitar
|-status|p1a: Tyranitar|slp|[from] move: Rest
|-heal|p1a: Tyranitar|100/100 slp|[silent]
|
|-weather|Sandstorm|[upkeep]
|upkeep
|turn|103
|
|t:|1621131251
|switch|p1a: Amoonguss|Amoonguss, M|100/100
|-damage|p1a: Amoonguss|88/100|[from] Stealth Rock
|switch|p2a: Eternatus|Eternatus|76/100
|-damage|p2a: Eternatus|63/100|[from] Stealth Rock
|-ability|p2a: Eternatus|Pressure
|
|-weather|Sandstorm|[upkeep]
|-damage|p2a: Eternatus|57/100|[from] Sandstorm
|-damage|p1a: Amoonguss|82/100|[from] Sandstorm
|upkeep
|turn|104
|
|t:|1621131257
|switch|p1a: Toxapex|Toxapex, F|100/100 par
|-damage|p1a: Toxapex|88/100 par|[from] Stealth Rock
|move|p2a: Eternatus|Flamethrower|p1a: Toxapex
|-resisted|p1a: Toxapex
|-damage|p1a: Toxapex|76/100 par
|
|-weather|Sandstorm|[upkeep]
|-damage|p2a: Eternatus|51/100|[from] Sandstorm
|-damage|p1a: Toxapex|70/100 par|[from] Sandstorm
|upkeep
|turn|105
|
|t:|1621131263
|move|p2a: Eternatus|Recover|p2a: Eternatus
|-heal|p2a: Eternatus|100/100
|move|p1a: Toxapex|Haze|p1a: Toxapex
|-clearallboost
|
|-weather|Sandstorm|[upkeep]
|-damage|p2a: Eternatus|94/100|[from] Sandstorm
|-damage|p1a: Toxapex|64/100 par|[from] Sandstorm
|upkeep
|turn|106
|
|t:|1621131271
|switch|p2a: Necrozma|Necrozma-Dusk-Mane|76/100
|-damage|p2a: Necrozma|70/100|[from] Stealth Rock
|move|p1a: Toxapex|Toxic Spikes|p2a: Necrozma
|-sidestart|p2: ult8rq qian|move: Toxic Spikes
|
|-weather|none
|upkeep
|turn|107
|l| bunny girl mai
|
|t:|1621131277
|switch|p2a: Eternatus|Eternatus|94/100
|-damage|p2a: Eternatus|82/100|[from] Stealth Rock
|-sideend|p2: ult8rq qian|move: Toxic Spikes|[of] p2a: Eternatus
|-ability|p2a: Eternatus|Pressure
|switch|p1a: Amoonguss|Amoonguss, M|100/100
|-damage|p1a: Amoonguss|88/100|[from] Stealth Rock
|
|upkeep
|turn|108
|
|t:|1621131284
|switch|p2a: Calyrex|Calyrex-Shadow|7/100
|-ability|p2a: Calyrex|As One
|-ability|p2a: Calyrex|Unnerve
|switch|p1a: Toxapex|Toxapex, F|97/100 par
|-damage|p1a: Toxapex|85/100 par|[from] Stealth Rock
|
|upkeep
|turn|109
|
|t:|1621131289
|switch|p2a: Necrozma|Necrozma-Dusk-Mane|70/100
|-damage|p2a: Necrozma|64/100|[from] Stealth Rock
|switch|p1a: Amoonguss|Amoonguss, M|100/100
|-damage|p1a: Amoonguss|88/100|[from] Stealth Rock
|
|upkeep
|turn|110
|
|t:|1621131296
|switch|p2a: Eternatus|Eternatus|82/100
|-damage|p2a: Eternatus|70/100|[from] Stealth Rock
|-ability|p2a: Eternatus|Pressure
|switch|p1a: Toxapex|Toxapex, F|100/100 par
|-damage|p1a: Toxapex|88/100 par|[from] Stealth Rock
|
|upkeep
|turn|111
|
|t:|1621131302
|move|p2a: Eternatus|Recover|p2a: Eternatus
|-heal|p2a: Eternatus|100/100
|move|p1a: Toxapex|Haze|p1a: Toxapex
|-clearallboost
|
|upkeep
|turn|112
|
|t:|1621131307
|switch|p2a: Necrozma|Necrozma-Dusk-Mane|64/100
|-damage|p2a: Necrozma|58/100|[from] Stealth Rock
|move|p1a: Toxapex|Toxic Spikes|p2a: Necrozma
|-sidestart|p2: ult8rq qian|move: Toxic Spikes
|
|upkeep
|turn|113
|
|t:|1621131311
|move|p2a: Necrozma|Morning Sun|p2a: Necrozma
|-heal|p2a: Necrozma|100/100
|move|p1a: Toxapex|Knock Off|p2a: Necrozma
|-supereffective|p2a: Necrozma
|-damage|p2a: Necrozma|92/100
|
|upkeep
|turn|114
|
|t:|1621131318
|switch|p2a: Eternatus|Eternatus|100/100
|-damage|p2a: Eternatus|88/100|[from] Stealth Rock
|-sideend|p2: ult8rq qian|move: Toxic Spikes|[of] p2a: Eternatus
|-ability|p2a: Eternatus|Pressure
|switch|p1a: Amoonguss|Amoonguss, M|100/100
|-damage|p1a: Amoonguss|88/100|[from] Stealth Rock
|
|upkeep
|turn|115
|
|t:|1621131325
|switch|p2a: Calyrex|Calyrex-Shadow|7/100
|-ability|p2a: Calyrex|As One
|-ability|p2a: Calyrex|Unnerve
|switch|p1a: Toxapex|Toxapex, F|100/100 par
|-damage|p1a: Toxapex|88/100 par|[from] Stealth Rock
|
|upkeep
|turn|116
|
|t:|1621131330
|switch|p2a: Necrozma|Necrozma-Dusk-Mane|92/100
|-damage|p2a: Necrozma|86/100|[from] Stealth Rock
|switch|p1a: Amoonguss|Amoonguss, M|100/100
|-damage|p1a: Amoonguss|88/100|[from] Stealth Rock
|
|upkeep
|turn|117
|
|t:|1621131337
|switch|p2a: Yveltal|Yveltal|74/100 brn
|-ability|p2a: Yveltal|Dark Aura
|switch|p1a: Toxapex|Toxapex, F|100/100 par
|-damage|p1a: Toxapex|88/100 par|[from] Stealth Rock
|
|-damage|p2a: Yveltal|67/100 brn|[from] brn
|upkeep
|turn|118
|
|t:|1621131344
|switch|p1a: Amoonguss|Amoonguss, M|100/100
|-damage|p1a: Amoonguss|88/100|[from] Stealth Rock
|move|p2a: Yveltal|U-turn|p1a: Amoonguss
|-damage|p1a: Amoonguss|81/100
|
|t:|1621131347
|switch|p2a: Calyrex|Calyrex-Shadow|7/100|[from]move: U-turn
|-ability|p2a: Calyrex|As One
|-ability|p2a: Calyrex|Unnerve
|
|upkeep
|turn|119
|
|t:|1621131351
|switch|p2a: Necrozma|Necrozma-Dusk-Mane|86/100
|-damage|p2a: Necrozma|80/100|[from] Stealth Rock
|switch|p1a: Toxapex|Toxapex, F|100/100 par
|-damage|p1a: Toxapex|88/100 par|[from] Stealth Rock
|
|upkeep
|turn|120
|
|t:|1621131354
|switch|p2a: Ho-Oh|Ho-Oh|95/100
|switch|p1a: Amoonguss|Amoonguss, M|100/100
|-damage|p1a: Amoonguss|88/100|[from] Stealth Rock
|
|upkeep
|turn|121
|
|t:|1621131360
|switch|p1a: Lunala|Lunala|78/100
|move|p2a: Ho-Oh|Whirlwind|p1a: Lunala
|drag|p1a: Chansey|Chansey, F|70/100
|-damage|p1a: Chansey|57/100|[from] Stealth Rock
|
|upkeep
|turn|122
|
|t:|1621131365
|move|p2a: Ho-Oh|Sacred Fire|p1a: Chansey
|-damage|p1a: Chansey|23/100
|-status|p1a: Chansey|brn
|move|p1a: Chansey|Soft-Boiled|p1a: Chansey
|-heal|p1a: Chansey|73/100 brn
|
|-damage|p1a: Chansey|67/100 brn|[from] brn
|upkeep
|turn|123
|
|t:|1621131373
|move|p1a: Chansey|Soft-Boiled|p1a: Chansey
|-heal|p1a: Chansey|100/100 brn
|move|p2a: Ho-Oh|Whirlwind|p1a: Chansey
|-curestatus|p1a: Chansey|brn|[from] ability: Natural Cure
|drag|p1a: Tyranitar|Tyranitar, M|100/100 slp
|-damage|p1a: Tyranitar|88/100 slp|[from] Stealth Rock
|-weather|Sandstorm|[from] ability: Sand Stream|[of] p1a: Tyranitar
|
|-weather|Sandstorm|[upkeep]
|-damage|p2a: Ho-Oh|89/100|[from] Sandstorm
|upkeep
|turn|124
|
|t:|1621131378
|cant|p1a: Tyranitar|slp
|move|p2a: Ho-Oh|Whirlwind|p1a: Tyranitar
|drag|p1a: Amoonguss|Amoonguss, M|100/100
|-damage|p1a: Amoonguss|88/100|[from] Stealth Rock
|
|-weather|Sandstorm|[upkeep]
|-damage|p2a: Ho-Oh|83/100|[from] Sandstorm
|-damage|p1a: Amoonguss|82/100|[from] Sandstorm
|upkeep
|turn|125
|
|t:|1621131384
|switch|p1a: Toxapex|Toxapex, F|100/100 par
|-damage|p1a: Toxapex|88/100 par|[from] Stealth Rock
|move|p2a: Ho-Oh|Sacred Fire|p1a: Toxapex
|-resisted|p1a: Toxapex
|-damage|p1a: Toxapex|74/100 par
|
|-weather|Sandstorm|[upkeep]
|-damage|p2a: Ho-Oh|77/100|[from] Sandstorm
|-damage|p1a: Toxapex|68/100 par|[from] Sandstorm
|upkeep
|turn|126
|
|t:|1621131391
|switch|p1a: Tyranitar|Tyranitar, M|88/100 slp
|-damage|p1a: Tyranitar|76/100 slp|[from] Stealth Rock
|move|p2a: Ho-Oh|Whirlwind|p1a: Tyranitar
|drag|p1a: Chansey|Chansey, F|100/100
|-damage|p1a: Chansey|88/100|[from] Stealth Rock
|
|-weather|Sandstorm|[upkeep]
|-damage|p2a: Ho-Oh|71/100|[from] Sandstorm
|-damage|p1a: Chansey|82/100|[from] Sandstorm
|upkeep
|turn|127
|
|t:|1621131399
|move|p1a: Chansey|Soft-Boiled|p1a: Chansey
|-heal|p1a: Chansey|100/100
|move|p2a: Ho-Oh|Whirlwind|p1a: Chansey
|drag|p1a: Tyranitar|Tyranitar, M|76/100 slp
|-damage|p1a: Tyranitar|63/100 slp|[from] Stealth Rock
|
|-weather|none
|upkeep
|turn|128
|
|t:|1621131402
|cant|p1a: Tyranitar|slp
|move|p2a: Ho-Oh|Whirlwind|p1a: Tyranitar
|drag|p1a: Lunala|Lunala|78/100
|
|upkeep
|turn|129
|
|t:|1621131409
|move|p1a: Lunala|Roost|p1a: Lunala
|-heal|p1a: Lunala|100/100
|-singleturn|p1a: Lunala|move: Roost
|move|p2a: Ho-Oh|Thunder Wave|p1a: Lunala
|-status|p1a: Lunala|par
|
|upkeep
|turn|130
|
|t:|1621131414
|move|p1a: Lunala|Ice Beam|p2a: Ho-Oh
|-damage|p2a: Ho-Oh|57/100
|move|p2a: Ho-Oh|Whirlwind|p1a: Lunala
|drag|p1a: Chansey|Chansey, F|100/100
|-damage|p1a: Chansey|88/100|[from] Stealth Rock
|
|upkeep
|turn|131
|
|t:|1621131421
|move|p1a: Chansey|Seismic Toss|p2a: Ho-Oh
|-damage|p2a: Ho-Oh|33/100
|move|p2a: Ho-Oh|Whirlwind|p1a: Chansey
|drag|p1a: Toxapex|Toxapex, F|100/100 par
|-damage|p1a: Toxapex|88/100 par|[from] Stealth Rock
|
|upkeep
|turn|132
|
|t:|1621131429
|switch|p2a: Eternatus|Eternatus|88/100
|-damage|p2a: Eternatus|76/100|[from] Stealth Rock
|-ability|p2a: Eternatus|Pressure
|switch|p1a: Lunala|Lunala|100/100 par
|
|upkeep
|turn|133
|
|t:|1621131434
|switch|p2a: Ho-Oh|Ho-Oh|66/100
|switch|p1a: Toxapex|Toxapex, F|100/100 par
|-damage|p1a: Toxapex|88/100 par|[from] Stealth Rock
|
|upkeep
|turn|134
|
|t:|1621131439
|switch|p1a: Lunala|Lunala|100/100 par
|move|p2a: Ho-Oh|Whirlwind|p1a: Lunala
|drag|p1a: Amoonguss|Amoonguss, M|100/100
|-damage|p1a: Amoonguss|88/100|[from] Stealth Rock
|
|upkeep
|turn|135
|
|t:|1621131444
|switch|p1a: Lunala|Lunala|100/100 par
|move|p2a: Ho-Oh|Whirlwind|p1a: Lunala
|drag|p1a: Tyranitar|Tyranitar, M|63/100 slp
|-damage|p1a: Tyranitar|51/100 slp|[from] Stealth Rock
|-weather|Sandstorm|[from] ability: Sand Stream|[of] p1a: Tyranitar
|
|-weather|Sandstorm|[upkeep]
|-damage|p2a: Ho-Oh|60/100|[from] Sandstorm
|upkeep
|turn|136
|
|t:|1621131452
|switch|p2a: Groudon|Groudon|88/100 brn
|-damage|p2a: Groudon|82/100 brn|[from] Stealth Rock
|-weather|SunnyDay|[from] ability: Drought|[of] p2a: Groudon
|-curestatus|p1a: Tyranitar|slp|[msg]
|move|p1a: Tyranitar|Foul Play|p2a: Groudon
|-damage|p2a: Groudon|56/100 brn
|
|-weather|SunnyDay|[upkeep]
|-heal|p2a: Groudon|63/100 brn|[from] item: Leftovers
|-damage|p2a: Groudon|56/100 brn|[from] brn
|upkeep
|turn|137
|l| ULT8RQ spitfire
|
|t:|1621131460
|switch|p1a: Lunala|Lunala|100/100 par
|switch|p2a: Calyrex|Calyrex-Shadow|7/100
|-ability|p2a: Calyrex|As One
|-ability|p2a: Calyrex|Unnerve
|
|-weather|SunnyDay|[upkeep]
|upkeep
|turn|138
|
|t:|1621131466
|switch|p1a: Toxapex|Toxapex, F|100/100 par
|-damage|p1a: Toxapex|88/100 par|[from] Stealth Rock
|move|p2a: Calyrex|Aromatherapy|p2a: Calyrex
|-activate|p2a: Calyrex|move: Aromatherapy
|-curestatus|p2: Yveltal|brn|[msg]
|-curestatus|p2: Groudon|brn|[msg]
|
|-weather|SunnyDay|[upkeep]
|upkeep
|turn|139
|
|t:|1621131478
|move|p2a: Calyrex|Psyshock|p1a: Toxapex
|-supereffective|p1a: Toxapex
|-damage|p1a: Toxapex|26/100 par
|move|p1a: Toxapex|Toxic Spikes|p2a: Calyrex
|-sidestart|p2: ult8rq qian|move: Toxic Spikes
|
|-weather|SunnyDay|[upkeep]
|upkeep
|turn|140
|
|t:|1621131483
|switch|p2a: Necrozma|Necrozma-Dusk-Mane|80/100
|-damage|p2a: Necrozma|74/100|[from] Stealth Rock
|switch|p1a: Amoonguss|Amoonguss, M|100/100
|-damage|p1a: Amoonguss|88/100|[from] Stealth Rock
|
|-weather|none
|upkeep
|turn|141
|
|t:|1621131491
|switch|p2a: Eternatus|Eternatus|76/100
|-sideend|p2: ult8rq qian|move: Toxic Spikes|[of] p2a: Eternatus
|-damage|p2a: Eternatus|63/100|[from] Stealth Rock
|-ability|p2a: Eternatus|Pressure
|move|p1a: Amoonguss|Spore|p2a: Eternatus
|-status|p2a: Eternatus|slp|[from] move: Spore
|
|upkeep
|turn|142
|
|t:|1621131496
|switch|p2a: Ho-Oh|Ho-Oh|94/100
|move|p1a: Amoonguss|Foul Play|p2a: Ho-Oh
|-damage|p2a: Ho-Oh|74/100
|
|upkeep
|turn|143
|
|t:|1621131501
|switch|p1a: Toxapex|Toxapex, F|60/100 par
|-damage|p1a: Toxapex|47/100 par|[from] Stealth Rock
|move|p2a: Ho-Oh|Whirlwind|p1a: Toxapex
|drag|p1a: Tyranitar|Tyranitar, M|51/100
|-damage|p1a: Tyranitar|39/100|[from] Stealth Rock
|-weather|Sandstorm|[from] ability: Sand Stream|[of] p1a: Tyranitar
|
|-weather|Sandstorm|[upkeep]
|-damage|p2a: Ho-Oh|68/100|[from] Sandstorm
|upkeep
|turn|144
|
|t:|1621131507
|switch|p2a: Groudon|Groudon|56/100
|-damage|p2a: Groudon|50/100|[from] Stealth Rock
|-weather|SunnyDay|[from] ability: Drought|[of] p2a: Groudon
|move|p1a: Tyranitar|Rest|p1a: Tyranitar
|-status|p1a: Tyranitar|slp|[from] move: Rest
|-heal|p1a: Tyranitar|100/100 slp|[silent]
|
|-weather|SunnyDay|[upkeep]
|-heal|p2a: Groudon|56/100|[from] item: Leftovers
|upkeep
|turn|145
|
|t:|1621131511
|switch|p1a: Lunala|Lunala|100/100 par
|move|p2a: Groudon|Swords Dance|p2a: Groudon
|-boost|p2a: Groudon|atk|2
|
|-weather|SunnyDay|[upkeep]
|-heal|p2a: Groudon|63/100|[from] item: Leftovers
|upkeep
|turn|146
|
|t:|1621131514
|move|p2a: Groudon|Precipice Blades|p1a: Lunala
|-damage|p1a: Lunala|64/100 par
|move|p1a: Lunala|Will-O-Wisp|p2a: Groudon
|-status|p2a: Groudon|brn
|
|-weather|SunnyDay|[upkeep]
|-heal|p2a: Groudon|69/100 brn|[from] item: Leftovers
|-damage|p2a: Groudon|63/100 brn|[from] brn
|upkeep
|turn|147
|
|t:|1621131519
|move|p2a: Groudon|Precipice Blades|p1a: Lunala
|-damage|p1a: Lunala|29/100 par
|cant|p1a: Lunala|par
|
|-weather|SunnyDay|[upkeep]
|-heal|p2a: Groudon|69/100 brn|[from] item: Leftovers
|-damage|p2a: Groudon|63/100 brn|[from] brn
|upkeep
|turn|148
|j| Galarian Birds OU
|inactive|ULT8RQ fardin has 120 seconds left.
|l| Galarian Birds OU
|j| Khufi
|inactive|ULT8RQ fardin has 90 seconds left.
|
|t:|1621131585
|switch|p1a: Amoonguss|Amoonguss, M|100/100
|-damage|p1a: Amoonguss|88/100|[from] Stealth Rock
|move|p2a: Groudon|Precipice Blades|p1a: Amoonguss
|-damage|p1a: Amoonguss|43/100
|
|-weather|none
|-heal|p2a: Groudon|69/100 brn|[from] item: Leftovers
|-damage|p2a: Groudon|63/100 brn|[from] brn
|upkeep
|turn|149
|
|t:|1621131594
|move|p2a: Groudon|Precipice Blades|p1a: Amoonguss|[miss]
|-miss|p2a: Groudon|p1a: Amoonguss
|move|p1a: Amoonguss|Foul Play|p2a: Groudon
|-damage|p2a: Groudon|25/100 brn
|
|-heal|p2a: Groudon|31/100 brn|[from] item: Leftovers
|-damage|p2a: Groudon|25/100 brn|[from] brn
|upkeep
|turn|150
|inactive|ULT8RQ fardin has 60 seconds left.
|inactive|ULT8RQ fardin has 30 seconds left.
|c| Khufi|Wow
|
|t:|1621131662
|switch|p1a: Chansey|Chansey, F|88/100
|-damage|p1a: Chansey|76/100|[from] Stealth Rock
|move|p2a: Groudon|Precipice Blades|p1a: Chansey
|-damage|p1a: Chansey|24/100
|
|-heal|p2a: Groudon|31/100 brn|[from] item: Leftovers
|-damage|p2a: Groudon|25/100 brn|[from] brn
|upkeep
|turn|151
|inactive|ULT8RQ fardin has 30 seconds left this turn.
|
|t:|1621131667
|move|p2a: Groudon|Precipice Blades|p1a: Chansey
|-damage|p1a: Chansey|0 fnt
|faint|p1a: Chansey
|
|-heal|p2a: Groudon|31/100 brn|[from] item: Leftovers
|-damage|p2a: Groudon|25/100 brn|[from] brn
|upkeep
|
|t:|1621131669
|switch|p1a: Amoonguss|Amoonguss, M|77/100
|-damage|p1a: Amoonguss|64/100|[from] Stealth Rock
|turn|152
|
|t:|1621131678
|switch|p1a: Lunala|Lunala|29/100 par
|move|p2a: Groudon|Overheat|p1a: Lunala
|-damage|p1a: Lunala|11/100 par
|-unboost|p2a: Groudon|spa|2
|
|-heal|p2a: Groudon|31/100 brn|[from] item: Leftovers
|-damage|p2a: Groudon|25/100 brn|[from] brn
|upkeep
|turn|153
|
|t:|1621131686
|switch|p1a: Amoonguss|Amoonguss, M|97/100
|-damage|p1a: Amoonguss|85/100|[from] Stealth Rock
|move|p2a: Groudon|Precipice Blades|p1a: Amoonguss
|-damage|p1a: Amoonguss|37/100
|
|-heal|p2a: Groudon|31/100 brn|[from] item: Leftovers
|-damage|p2a: Groudon|25/100 brn|[from] brn
|upkeep
|turn|154
|
|t:|1621131689
|move|p2a: Groudon|Precipice Blades|p1a: Amoonguss
|-damage|p1a: Amoonguss|0 fnt
|faint|p1a: Amoonguss
|
|-heal|p2a: Groudon|31/100 brn|[from] item: Leftovers
|-damage|p2a: Groudon|25/100 brn|[from] brn
|upkeep
|-message|ULT8RQ fardin forfeited.
|
|win|ult8rq qian
|raw|ULT8RQ fardin's rating: 1791 &rarr; <strong>1769</strong><br />(-22 for losing)
|raw|ult8rq qian's rating: 1764 &rarr; <strong>1786</strong><br />(+22 for winning)
|l|☆ULT8RQ fardin
|l| Khufi
|l|‽ult8rq qian
|j| ULT8RQ spitfire
|l| ULT8RQ spitfire
|j|‽ult8rq qian
|player|p2|ult8rq qian|102
|l|‽ult8rq qian
|player|p2|
|l| ULT8RQ Bot
|j|‽ult8rq qian
|player|p2|ult8rq qian|102
