|j|☆a rabbit
|j|☆Reegychodon_64
|t:|1648327538
|gametype|singles
|player|p1|a rabbit|#scl1breakers|
|player|p2|Reegychodon_64|birdkeeper|
|teamsize|p1|6
|teamsize|p2|6
|gen|8
|tier|[Gen 8] Ubers
|rule|Sleep Clause Mod: Limit one foe put to sleep
|rule|Species Clause: Limit one of each Pokémon
|rule|OHKO Clause: OHKO moves are banned
|rule|Evasion Moves Clause: Evasion moves are banned
|rule|Endless Battle Clause: Forcing endless battles is banned
|rule|HP Percentage Mod: HP is shown in percentages
|rule|Dynamax Clause: You cannot dynamax
|clearpoke
|poke|p1|Groudon|
|poke|p1|Zekrom|
|poke|p1|Yveltal|
|poke|p1|Eternatus|
|poke|p1|Necrozma-Dusk-Mane|
|poke|p1|Landorus-Therian, M|
|poke|p2|Cinderace, F|
|poke|p2|Yveltal|
|poke|p2|Zekrom|
|poke|p2|Ho-Oh|
|poke|p2|Eternatus|
|poke|p2|Necrozma-Dusk-Mane|
|teampreview
|c|☆a rabbit|glhf
|c|☆Reegychodon_64|hf
|j| Nuage rapide
|c| Nuage rapide|hf
|
|t:|1648327569
|start
|switch|p1a: Landorus|Landorus-Therian, M|100/100
|switch|p2a: Yveltal|Yveltal|100/100
|-ability|p2a: Yveltal|Dark Aura
|-ability|p1a: Landorus|Intimidate|boost
|-unboost|p2a: Yveltal|atk|1
|turn|1
|
|t:|1648327578
|move|p2a: Yveltal|Taunt|p1a: Landorus
|-start|p1a: Landorus|move: Taunt
|move|p1a: Landorus|Rock Tomb|p2a: Yveltal
|-supereffective|p2a: Yveltal
|-damage|p2a: Yveltal|63/100
|-unboost|p2a: Yveltal|spe|1
|
|upkeep
|turn|2
|
|t:|1648327585
|move|p1a: Landorus|Rock Tomb|p2a: Yveltal
|-supereffective|p2a: Yveltal
|-damage|p2a: Yveltal|23/100
|-unboost|p2a: Yveltal|spe|1
|move|p2a: Yveltal|Roost|p2a: Yveltal
|-heal|p2a: Yveltal|73/100
|-singleturn|p2a: Yveltal|move: Roost
|
|upkeep
|turn|3
|
|t:|1648327598
|move|p1a: Landorus|Rock Tomb|p2a: Yveltal
|-supereffective|p2a: Yveltal
|-damage|p2a: Yveltal|34/100
|-unboost|p2a: Yveltal|spe|1
|move|p2a: Yveltal|Roost|p2a: Yveltal
|-heal|p2a: Yveltal|84/100
|-singleturn|p2a: Yveltal|move: Roost
|
|-end|p1a: Landorus|move: Taunt
|upkeep
|turn|4
|
|t:|1648327604
|move|p1a: Landorus|Stealth Rock|p2a: Yveltal
|-sidestart|p2: Reegychodon_64|move: Stealth Rock
|move|p2a: Yveltal|U-turn|p1a: Landorus
|-resisted|p1a: Landorus
|-damage|p1a: Landorus|90/100
|
|t:|1648327628
|switch|p2a: Ho-Oh|Ho-Oh|100/100|[from]move: U-turn
|
|upkeep
|turn|5
|
|t:|1648327633
|move|p1a: Landorus|Rock Tomb|p2a: Ho-Oh
|-supereffective|p2a: Ho-Oh
|-damage|p2a: Ho-Oh|42/100
|-unboost|p2a: Ho-Oh|spe|1
|move|p2a: Ho-Oh|Sacred Fire|p1a: Landorus
|-damage|p1a: Landorus|39/100
|
|upkeep
|turn|6
|
|t:|1648327638
|switch|p2a: Necrozma|Necrozma-Dusk-Mane|100/100
|-damage|p2a: Necrozma|94/100|[from] Stealth Rock
|move|p1a: Landorus|Rock Tomb|p2a: Necrozma
|-resisted|p2a: Necrozma
|-damage|p2a: Necrozma|86/100
|-unboost|p2a: Necrozma|spe|1
|
|-heal|p2a: Necrozma|92/100|[from] item: Leftovers
|upkeep
|turn|7
|
|t:|1648327647
|move|p1a: Landorus|Earthquake|p2a: Necrozma
|-supereffective|p2a: Necrozma
|-damage|p2a: Necrozma|28/100
|move|p2a: Necrozma|Morning Sun|p2a: Necrozma
|-heal|p2a: Necrozma|78/100
|
|-heal|p2a: Necrozma|84/100|[from] item: Leftovers
|upkeep
|turn|8
|
|t:|1648327660
|move|p1a: Landorus|Earthquake|p2a: Necrozma
|-supereffective|p2a: Necrozma
|-damage|p2a: Necrozma|21/100
|move|p2a: Necrozma|Morning Sun|p2a: Necrozma
|-heal|p2a: Necrozma|71/100
|
|-heal|p2a: Necrozma|77/100|[from] item: Leftovers
|upkeep
|turn|9
|
|t:|1648327665
|switch|p2a: Yveltal|Yveltal|84/100
|-damage|p2a: Yveltal|59/100|[from] Stealth Rock
|-ability|p2a: Yveltal|Dark Aura
|move|p1a: Landorus|Earthquake|p2a: Yveltal
|-immune|p2a: Yveltal
|
|upkeep
|turn|10
|
|t:|1648327672
|move|p2a: Yveltal|Knock Off|p1a: Landorus
|-damage|p1a: Landorus|0 fnt
|-enditem|p1a: Landorus|Focus Sash|[from] move: Knock Off|[of] p2a: Yveltal
|faint|p1a: Landorus
|
|upkeep
|
|t:|1648327682
|switch|p1a: Eternatus|Eternatus|100/100
|-ability|p1a: Eternatus|Pressure
|turn|11
|
|t:|1648327691
|switch|p2a: Necrozma|Necrozma-Dusk-Mane|77/100
|-damage|p2a: Necrozma|71/100|[from] Stealth Rock
|move|p1a: Eternatus|Meteor Beam||[still]
|-prepare|p1a: Eternatus|Meteor Beam
|-boost|p1a: Eternatus|spa|1
|-enditem|p1a: Eternatus|Power Herb
|-anim|p1a: Eternatus|Meteor Beam|p2a: Necrozma
|-resisted|p2a: Necrozma
|-damage|p2a: Necrozma|50/100
|
|-heal|p2a: Necrozma|56/100|[from] item: Leftovers
|upkeep
|turn|12
|
|t:|1648327693
|move|p1a: Eternatus|Flamethrower|p2a: Necrozma
|-supereffective|p2a: Necrozma
|-damage|p2a: Necrozma|11/100
|move|p2a: Necrozma|Morning Sun|p2a: Necrozma
|-heal|p2a: Necrozma|61/100
|
|-heal|p2a: Necrozma|67/100|[from] item: Leftovers
|upkeep
|turn|13
|
|t:|1648327699
|move|p1a: Eternatus|Flamethrower|p2a: Necrozma
|-supereffective|p2a: Necrozma
|-damage|p2a: Necrozma|21/100
|move|p2a: Necrozma|Morning Sun|p2a: Necrozma
|-heal|p2a: Necrozma|71/100
|
|-heal|p2a: Necrozma|77/100|[from] item: Leftovers
|upkeep
|turn|14
|
|t:|1648327703
|move|p1a: Eternatus|Flamethrower|p2a: Necrozma
|-supereffective|p2a: Necrozma
|-damage|p2a: Necrozma|30/100
|move|p2a: Necrozma|Thunder Wave|p1a: Eternatus
|-status|p1a: Eternatus|par
|
|-heal|p2a: Necrozma|36/100|[from] item: Leftovers
|upkeep
|turn|15
|
|t:|1648327707
|cant|p1a: Eternatus|par
|move|p2a: Necrozma|Morning Sun|p2a: Necrozma
|-heal|p2a: Necrozma|86/100
|
|-heal|p2a: Necrozma|92/100|[from] item: Leftovers
|upkeep
|turn|16
|
|t:|1648327716
|cant|p1a: Eternatus|par
|move|p2a: Necrozma|Iron Head|p1a: Eternatus
|-damage|p1a: Eternatus|64/100 par
|
|-heal|p2a: Necrozma|98/100|[from] item: Leftovers
|upkeep
|turn|17
|
|t:|1648327724
|move|p1a: Eternatus|Flamethrower|p2a: Necrozma
|-supereffective|p2a: Necrozma
|-damage|p2a: Necrozma|50/100
|move|p2a: Necrozma|Stealth Rock|p1a: Eternatus
|-sidestart|p1: a rabbit|move: Stealth Rock
|
|-heal|p2a: Necrozma|57/100|[from] item: Leftovers
|upkeep
|turn|18
|
|t:|1648327729
|move|p1a: Eternatus|Flamethrower|p2a: Necrozma
|-supereffective|p2a: Necrozma
|-damage|p2a: Necrozma|13/100
|move|p2a: Necrozma|Morning Sun|p2a: Necrozma
|-heal|p2a: Necrozma|63/100
|
|-heal|p2a: Necrozma|69/100|[from] item: Leftovers
|upkeep
|turn|19
|
|t:|1648327731
|move|p1a: Eternatus|Flamethrower|p2a: Necrozma
|-supereffective|p2a: Necrozma
|-damage|p2a: Necrozma|24/100
|move|p2a: Necrozma|Morning Sun|p2a: Necrozma
|-heal|p2a: Necrozma|74/100
|
|-heal|p2a: Necrozma|80/100|[from] item: Leftovers
|upkeep
|turn|20
|
|t:|1648327734
|move|p1a: Eternatus|Flamethrower|p2a: Necrozma
|-supereffective|p2a: Necrozma
|-damage|p2a: Necrozma|38/100
|move|p2a: Necrozma|Morning Sun|p2a: Necrozma
|-heal|p2a: Necrozma|88/100
|
|-heal|p2a: Necrozma|94/100|[from] item: Leftovers
|upkeep
|turn|21
|
|t:|1648327736
|move|p1a: Eternatus|Flamethrower|p2a: Necrozma
|-supereffective|p2a: Necrozma
|-damage|p2a: Necrozma|47/100
|move|p2a: Necrozma|Iron Head|p1a: Eternatus
|-damage|p1a: Eternatus|30/100 par
|
|-heal|p2a: Necrozma|53/100|[from] item: Leftovers
|upkeep
|turn|22
|
|t:|1648327742
|move|p1a: Eternatus|Flamethrower|p2a: Necrozma
|-supereffective|p2a: Necrozma
|-damage|p2a: Necrozma|6/100
|move|p2a: Necrozma|Iron Head|p1a: Eternatus
|-damage|p1a: Eternatus|0 fnt
|faint|p1a: Eternatus
|
|-heal|p2a: Necrozma|12/100|[from] item: Leftovers
|upkeep
|
|t:|1648327747
|switch|p1a: Zekrom|Zekrom|100/100
|-damage|p1a: Zekrom|88/100|[from] Stealth Rock
|-ability|p1a: Zekrom|Teravolt
|turn|23
|
|t:|1648327750
|switch|p2a: Zekrom|Zekrom|100/100
|-damage|p2a: Zekrom|88/100|[from] Stealth Rock
|-ability|p2a: Zekrom|Teravolt
|move|p1a: Zekrom|Dragon Dance|p1a: Zekrom
|-boost|p1a: Zekrom|atk|1
|-boost|p1a: Zekrom|spe|1
|
|upkeep
|turn|24
|
|t:|1648327753
|move|p2a: Zekrom|Outrage|p1a: Zekrom
|-supereffective|p1a: Zekrom
|-damage|p1a: Zekrom|0 fnt
|faint|p1a: Zekrom
|
|upkeep
|
|t:|1648327768
|switch|p1a: Necrozma|Necrozma-Dusk-Mane|100/100
|-damage|p1a: Necrozma|94/100|[from] Stealth Rock
|turn|25
|
|t:|1648327770
|move|p2a: Zekrom|Outrage|p1a: Necrozma|[from]lockedmove
|-resisted|p1a: Necrozma
|-damage|p1a: Necrozma|70/100
|move|p1a: Necrozma|Swords Dance|p1a: Necrozma
|-boost|p1a: Necrozma|atk|2
|
|upkeep
|turn|26
|
|t:|1648327774
|move|p2a: Zekrom|Outrage|p1a: Necrozma|[from]lockedmove
|-resisted|p1a: Necrozma
|-damage|p1a: Necrozma|48/100
|-start|p2a: Zekrom|confusion|[fatigue]
|move|p1a: Necrozma|Trick Room|p1a: Necrozma
|-fieldstart|move: Trick Room|[of] p1a: Necrozma
|
|upkeep
|turn|27
|
|t:|1648327778
|switch|p2a: Necrozma|Necrozma-Dusk-Mane|12/100
|-damage|p2a: Necrozma|6/100|[from] Stealth Rock
|move|p1a: Necrozma|Sunsteel Strike|p2a: Necrozma
|-resisted|p2a: Necrozma
|-damage|p2a: Necrozma|0 fnt
|faint|p2a: Necrozma
|
|upkeep
|inactive|Battle timer is ON: inactive players will automatically lose when time's up. (requested by a rabbit)
|
|t:|1648327862
|switch|p2a: Ho-Oh|Ho-Oh|75/100
|turn|28
|
|t:|1648327866
|switch|p2a: Eternatus|Eternatus|100/100
|-ability|p2a: Eternatus|Pressure
|move|p1a: Necrozma|Sunsteel Strike|p2a: Eternatus
|-damage|p2a: Eternatus|1/100
|
|upkeep
|turn|29
|
|t:|1648327885
|move|p1a: Necrozma|Sunsteel Strike|p2a: Eternatus
|-damage|p2a: Eternatus|0 fnt
|faint|p2a: Eternatus
|
|upkeep
|
|t:|1648327896
|switch|p2a: Ho-Oh|Ho-Oh|100/100
|turn|30
|
|t:|1648327912
|move|p1a: Necrozma|Sunsteel Strike|p2a: Ho-Oh
|-resisted|p2a: Ho-Oh
|-damage|p2a: Ho-Oh|58/100
|move|p2a: Ho-Oh|Sacred Fire|p1a: Necrozma
|-supereffective|p1a: Necrozma
|-damage|p1a: Necrozma|3/100
|-status|p1a: Necrozma|brn
|-enditem|p1a: Necrozma|Weakness Policy
|-boost|p1a: Necrozma|atk|2|[from] item: Weakness Policy
|-boost|p1a: Necrozma|spa|2|[from] item: Weakness Policy
|
|-damage|p1a: Necrozma|0 fnt|[from] brn
|faint|p1a: Necrozma
|-fieldend|move: Trick Room
|upkeep
|
|t:|1648327916
|switch|p1a: Groudon|Groudon|100/100
|-damage|p1a: Groudon|95/100|[from] Stealth Rock
|-weather|SunnyDay|[from] ability: Drought|[of] p1a: Groudon
|turn|31
|
|t:|1648327923
|move|p1a: Groudon|Stone Edge|p2a: Ho-Oh
|-supereffective|p2a: Ho-Oh
|-damage|p2a: Ho-Oh|0 fnt
|faint|p2a: Ho-Oh
|
|-weather|SunnyDay|[upkeep]
|upkeep
|
|t:|1648327933
|switch|p2a: Yveltal|Yveltal|59/100
|-damage|p2a: Yveltal|34/100|[from] Stealth Rock
|-ability|p2a: Yveltal|Dark Aura
|turn|32
|
|t:|1648327939
|move|p2a: Yveltal|Taunt|p1a: Groudon
|-start|p1a: Groudon|move: Taunt
|cant|p1a: Groudon|move: Taunt|Thunder Wave
|
|-weather|SunnyDay|[upkeep]
|upkeep
|turn|33
|
|t:|1648327943
|move|p2a: Yveltal|Roost|p2a: Yveltal
|-heal|p2a: Yveltal|84/100
|-singleturn|p2a: Yveltal|move: Roost
|move|p1a: Groudon|Stone Edge|p2a: Yveltal
|-damage|p2a: Yveltal|43/100
|
|-weather|SunnyDay|[upkeep]
|upkeep
|turn|34
|
|t:|1648327948
|move|p2a: Yveltal|Knock Off|p1a: Groudon
|-damage|p1a: Groudon|42/100
|-enditem|p1a: Groudon|Heat Rock|[from] move: Knock Off|[of] p2a: Yveltal
|move|p1a: Groudon|Precipice Blades|p2a: Yveltal
|-immune|p2a: Yveltal
|
|-weather|SunnyDay|[upkeep]
|-end|p1a: Groudon|move: Taunt
|upkeep
|turn|35
|
|t:|1648327957
|move|p2a: Yveltal|Knock Off|p1a: Groudon
|-damage|p1a: Groudon|4/100
|move|p1a: Groudon|Stone Edge|p2a: Yveltal
|-supereffective|p2a: Yveltal
|-damage|p2a: Yveltal|0 fnt
|faint|p2a: Yveltal
|
|-weather|SunnyDay|[upkeep]
|upkeep
|
|t:|1648327968
|switch|p2a: Zekrom|Zekrom|88/100
|-damage|p2a: Zekrom|76/100|[from] Stealth Rock
|-ability|p2a: Zekrom|Teravolt
|turn|36
|
|t:|1648327974
|move|p2a: Zekrom|Outrage|p1a: Groudon
|-damage|p1a: Groudon|0 fnt
|faint|p1a: Groudon
|
|-weather|SunnyDay|[upkeep]
|upkeep
|
|t:|1648327975
|switch|p1a: Yveltal|Yveltal|100/100
|-ability|p1a: Yveltal|Dark Aura
|turn|37
|
|t:|1648327980
|move|p2a: Zekrom|Outrage|p1a: Yveltal|[from]lockedmove
|-damage|p1a: Yveltal|49/100
|-start|p2a: Zekrom|confusion|[fatigue]
|move|p1a: Yveltal|Foul Play|p2a: Zekrom
|-crit|p2a: Zekrom
|-damage|p2a: Zekrom|0 fnt
|faint|p2a: Zekrom
|
|-weather|SunnyDay|[upkeep]
|upkeep
|
|t:|1648327983
|switch|p2a: Cinderace|Cinderace, F|100/100
|turn|38
|
|t:|1648327986
|move|p2a: Cinderace|Pyro Ball|p1a: Yveltal
|-damage|p1a: Yveltal|0 fnt
|faint|p1a: Yveltal
|
|win|Reegychodon_64
|c|☆a rabbit|gg
|c|☆Reegychodon_64|Gg
|l|☆a rabbit
