|j|☆kowasabii
|j|☆Reginald Chaos
|t:|1648525939
|gametype|singles
|player|p1|kowasabii|266|1385
|player|p2|Reginald Chaos|170|1573
|teamsize|p1|6
|teamsize|p2|6
|gen|8
|tier|[Gen 8] Ubers
|rated|
|rule|Sleep Clause Mod: Limit one foe put to sleep
|rule|Species Clause: Limit one of each Pokémon
|rule|OHKO Clause: OHKO moves are banned
|rule|Evasion Moves Clause: Evasion moves are banned
|rule|Endless Battle Clause: Forcing endless battles is banned
|rule|HP Percentage Mod: HP is shown in percentages
|rule|Dynamax Clause: You cannot dynamax
|clearpoke
|poke|p1|Calyrex-Ice|
|poke|p1|Hatterene, F|
|poke|p1|Porygon2|
|poke|p1|Kyogre|
|poke|p1|Melmetal|
|poke|p1|Xatu, F|
|poke|p2|Calyrex-Ice|
|poke|p2|Hatterene, F|
|poke|p2|Porygon2|
|poke|p2|Kyogre|
|poke|p2|Melmetal|
|poke|p2|Necrozma-Dusk-Mane|
|teampreview
|c|☆kowasabii|cool team lolo
|inactive|Battle timer is ON: inactive players will automatically lose when time's up. (requested by Reginald Chaos)
|
|t:|1648525972
|start
|switch|p1a: Hatterene|Hatterene, F|100/100
|switch|p2a: Melmetal|Melmetal|100/100
|turn|1
|
|t:|1648525996
|move|p2a: Melmetal|Superpower|p1a: Hatterene
|-resisted|p1a: Hatterene
|-damage|p1a: Hatterene|79/100
|-unboost|p2a: Melmetal|atk|1
|-unboost|p2a: Melmetal|def|1
|move|p1a: Hatterene|Shadow Ball|p2a: Melmetal
|-damage|p2a: Melmetal|65/100
|-unboost|p2a: Melmetal|spd|1
|
|upkeep
|turn|2
|inactive|kowasabii has 120 seconds left.
|
|t:|1648526018
|switch|p2a: Necrozma|Necrozma-Dusk-Mane|100/100
|move|p1a: Hatterene|Trick Room|p1a: Hatterene
|-fieldstart|move: Trick Room|[of] p1a: Hatterene
|
|upkeep
|turn|3
|
|t:|1648526024
|move|p1a: Hatterene|Shadow Ball|p2a: Necrozma
|-supereffective|p2a: Necrozma
|-damage|p2a: Necrozma|61/100
|-unboost|p2a: Necrozma|spd|1
|-enditem|p2a: Necrozma|Weakness Policy
|-boost|p2a: Necrozma|atk|2|[from] item: Weakness Policy
|-boost|p2a: Necrozma|spa|2|[from] item: Weakness Policy
|move|p2a: Necrozma|Sunsteel Strike|p1a: Hatterene
|-supereffective|p1a: Hatterene
|-damage|p1a: Hatterene|0 fnt
|faint|p1a: Hatterene
|
|upkeep
|inactive|kowasabii has 120 seconds left.
|
|t:|1648526057
|switch|p1a: Melmetal|Melmetal|100/100
|turn|4
|
|t:|1648526061
|move|p1a: Melmetal|Earthquake|p2a: Necrozma
|-supereffective|p2a: Necrozma
|-damage|p2a: Necrozma|0 fnt
|faint|p2a: Necrozma
|
|upkeep
|
|t:|1648526072
|switch|p2a: Melmetal|Melmetal|65/100
|turn|5
|inactive|kowasabii has 120 seconds left.
|
|t:|1648526082
|move|p2a: Melmetal|Earthquake|p1a: Melmetal
|-supereffective|p1a: Melmetal
|-damage|p1a: Melmetal|38/100
|move|p1a: Melmetal|Earthquake|p2a: Melmetal
|-supereffective|p2a: Melmetal
|-damage|p2a: Melmetal|0 fnt
|faint|p2a: Melmetal
|
|upkeep
|
|t:|1648526087
|switch|p2a: Hatterene|Hatterene, F|100/100
|turn|6
|
|t:|1648526099
|switch|p1a: Porygon2|Porygon2|100/100
|-ability|p1a: Porygon2|Magic Bounce|[from] ability: Trace|[of] p2a: Hatterene
|move|p2a: Hatterene|Mystical Fire|p1a: Porygon2
|-damage|p1a: Porygon2|80/100
|-unboost|p1a: Porygon2|spa|1
|
|-fieldend|move: Trick Room
|upkeep
|turn|7
|
|t:|1648526107
|switch|p2a: Calyrex|Calyrex-Ice|100/100
|-ability|p2a: Calyrex|As One
|-ability|p2a: Calyrex|Unnerve
|move|p1a: Porygon2|Foul Play|p2a: Calyrex
|-supereffective|p2a: Calyrex
|-crit|p2a: Calyrex
|-damage|p2a: Calyrex|21/100
|
|upkeep
|turn|8
|
|t:|1648526128
|move|p1a: Porygon2|Foul Play|p2a: Calyrex
|-supereffective|p2a: Calyrex
|-damage|p2a: Calyrex|0 fnt
|faint|p2a: Calyrex
|
|upkeep
|
|t:|1648526130
|switch|p2a: Kyogre|Kyogre|100/100
|-weather|RainDance|[from] ability: Drizzle|[of] p2a: Kyogre
|turn|9
|inactive|kowasabii has 120 seconds left.
|
|t:|1648526152
|move|p2a: Kyogre|Water Spout|p1a: Porygon2
|-damage|p1a: Porygon2|0 fnt
|faint|p1a: Porygon2
|
|-weather|RainDance|[upkeep]
|upkeep
|
|t:|1648526156
|switch|p1a: Kyogre|Kyogre|100/100
|turn|10
|
|t:|1648526168
|switch|p2a: Porygon2|Porygon2|100/100
|-ability|p2a: Porygon2|Drizzle|[from] ability: Trace|[of] p1a: Kyogre
|move|p1a: Kyogre|Thunder|p2a: Porygon2
|-damage|p2a: Porygon2|55/100
|-status|p2a: Porygon2|par
|
|-weather|RainDance|[upkeep]
|upkeep
|turn|11
|
|t:|1648526177
|move|p1a: Kyogre|Thunder|p2a: Porygon2
|-damage|p2a: Porygon2|8/100 par
|move|p2a: Porygon2|Foul Play|p1a: Kyogre
|-damage|p1a: Kyogre|82/100
|
|-weather|RainDance|[upkeep]
|upkeep
|turn|12
|
|t:|1648526182
|move|p1a: Kyogre|Thunder|p2a: Porygon2
|-crit|p2a: Porygon2
|-damage|p2a: Porygon2|0 fnt
|faint|p2a: Porygon2
|
|-weather|RainDance|[upkeep]
|upkeep
|
|t:|1648526185
|switch|p2a: Kyogre|Kyogre|100/100
|turn|13
|
|t:|1648526196
|switch|p1a: Xatu|Xatu, F|100/100
|move|p2a: Kyogre|Thunder|p1a: Xatu
|-supereffective|p1a: Xatu
|-enditem|p1a: Xatu|Focus Sash
|-damage|p1a: Xatu|1/100
|
|-weather|none
|upkeep
|turn|14
|
|t:|1648526203
|switch|p2a: Hatterene|Hatterene, F|100/100
|move|p1a: Xatu|Night Shade|p2a: Hatterene
|-damage|p2a: Hatterene|69/100
|
|upkeep
|turn|15
|
|t:|1648526208
|move|p1a: Xatu|Night Shade|p2a: Hatterene
|-damage|p2a: Hatterene|38/100
|move|p2a: Hatterene|Shadow Ball|p1a: Xatu
|-supereffective|p1a: Xatu
|-damage|p1a: Xatu|0 fnt
|faint|p1a: Xatu
|
|upkeep
|inactive|kowasabii has 120 seconds left.
|
|t:|1648526245
|switch|p1a: Melmetal|Melmetal|38/100
|turn|16
|
|t:|1648526250
|move|p1a: Melmetal|Thunder Punch|p2a: Hatterene
|-damage|p2a: Hatterene|0 fnt
|faint|p2a: Hatterene
|
|upkeep
|
|t:|1648526252
|switch|p2a: Kyogre|Kyogre|100/100
|-weather|RainDance|[from] ability: Drizzle|[of] p2a: Kyogre
|turn|17
|
|t:|1648526260
|move|p2a: Kyogre|Origin Pulse|p1a: Melmetal|[miss]
|-miss|p2a: Kyogre|p1a: Melmetal
|move|p1a: Melmetal|Thunder Punch|p2a: Kyogre
|-supereffective|p2a: Kyogre
|-damage|p2a: Kyogre|2/100
|
|-weather|RainDance|[upkeep]
|upkeep
|turn|18
|
|t:|1648526265
|move|p2a: Kyogre|Origin Pulse|p1a: Melmetal
|-damage|p1a: Melmetal|0 fnt
|faint|p1a: Melmetal
|
|-weather|RainDance|[upkeep]
|upkeep
|
|t:|1648526269
|switch|p1a: Kyogre|Kyogre|82/100
|turn|19
|
|t:|1648526274
|move|p1a: Kyogre|Thunder|p2a: Kyogre
|-supereffective|p2a: Kyogre
|-damage|p2a: Kyogre|0 fnt
|faint|p2a: Kyogre
|
|win|kowasabii
|raw|kowasabii's rating: 1385 &rarr; <strong>1415</strong><br />(+30 for winning)
|raw|Reginald Chaos's rating: 1573 &rarr; <strong>1543</strong><br />(-30 for losing)
|l|☆Reginald Chaos
|c|☆kowasabii|gg
