|j|☆Basedgod6969
|j|☆ox04
|t:|1668611613
|gametype|singles
|player|p1|Basedgod6969|lucas|
|player|p2|ox04|red-gen7|
|teamsize|p1|6
|teamsize|p2|6
|gen|8
|tier|[Gen 8] Ubers
|rated|Tournament battle
|rule|Sleep Clause Mod: Limit one foe put to sleep
|rule|Species Clause: Limit one of each Pokémon
|rule|OHKO Clause: OHKO moves are banned
|rule|Evasion Items Clause: Evasion items are banned
|rule|Evasion Moves Clause: Evasion moves are banned
|rule|Endless Battle Clause: Forcing endless battles is banned
|rule|HP Percentage Mod: HP is shown in percentages
|rule|Dynamax Clause: You cannot dynamax
|clearpoke
|poke|p1|Scolipede, F|
|poke|p1|Calyrex-Shadow|
|poke|p1|Eternatus|
|poke|p1|Xerneas-*|
|poke|p1|Zamazenta-*|
|poke|p1|Yveltal|
|poke|p2|Marshadow|
|poke|p2|Yveltal|
|poke|p2|Reshiram|
|poke|p2|Lunala|
|poke|p2|Groudon|
|poke|p2|Genesect|
|teampreview
|c|☆ox04|glhf
|j| Inder
|j| Juubilarry
|c|☆ox04|you there or?
|
|t:|1668611712
|start
|switch|p1a: Xerneas|Xerneas|100/100
|switch|p2a: Marshadow|Marshadow|100/100
|-ability|p1a: Xerneas|Fairy Aura
|turn|1
|
|t:|1668611737
|move|p2a: Marshadow|Spectral Thief|p1a: Xerneas
|-damage|p1a: Xerneas|49/100
|-damage|p2a: Marshadow|91/100|[from] item: Life Orb
|move|p1a: Xerneas|Moonblast|p2a: Marshadow
|-supereffective|p2a: Marshadow
|-damage|p2a: Marshadow|0 fnt
|faint|p2a: Marshadow
|
|upkeep
|
|t:|1668611770
|switch|p2a: Yveltal|Yveltal, shiny|100/100
|-ability|p2a: Yveltal|Dark Aura
|turn|2
|c|☆Basedgod6969|you there or
|c|☆ox04|yup
|c|☆Basedgod6969|kool
|c|☆ox04|just calcing
|
|t:|1668611783
|move|p2a: Yveltal|Oblivion Wing|p1a: Xerneas
|-damage|p1a: Xerneas|0 fnt
|faint|p1a: Xerneas
|-damage|p2a: Yveltal|91/100|[from] item: Life Orb
|
|upkeep
|
|t:|1668611789
|switch|p1a: Eternatus|Eternatus|100/100
|-ability|p1a: Eternatus|Pressure
|turn|3
|
|t:|1668611791
|switch|p2a: Lunala|Lunala, shiny|100/100
|move|p1a: Eternatus|Meteor Beam||[still]
|-prepare|p1a: Eternatus|Meteor Beam
|-boost|p1a: Eternatus|spa|1
|-enditem|p1a: Eternatus|Power Herb
|-anim|p1a: Eternatus|Meteor Beam|p2a: Lunala
|-damage|p2a: Lunala|76/100
|
|upkeep
|turn|4
|
|t:|1668611797
|switch|p1a: Zamazenta|Zamazenta-Crowned|100/100
|-ability|p1a: Zamazenta|Dauntless Shield|boost
|-boost|p1a: Zamazenta|def|1
|move|p2a: Lunala|Ice Beam|p1a: Zamazenta
|-resisted|p1a: Zamazenta
|-damage|p1a: Zamazenta|87/100
|
|upkeep
|turn|5
|
|t:|1668611807
|switch|p2a: Groudon|Groudon|100/100
|-weather|SunnyDay|[from] ability: Drought|[of] p2a: Groudon
|move|p1a: Zamazenta|Close Combat|p2a: Groudon
|-damage|p2a: Groudon|62/100
|-unboost|p1a: Zamazenta|def|1
|-unboost|p1a: Zamazenta|spd|1
|
|-weather|SunnyDay|[upkeep]
|-heal|p2a: Groudon|69/100|[from] item: Leftovers
|upkeep
|turn|6
|
|t:|1668611809
|switch|p1a: Scolipede|Scolipede, F|100/100
|move|p2a: Groudon|Thunder Wave|p1a: Scolipede
|-status|p1a: Scolipede|par
|
|-weather|SunnyDay|[upkeep]
|-heal|p2a: Groudon|75/100|[from] item: Leftovers
|upkeep
|turn|7
|j| entrocefalo
|
|t:|1668611814
|move|p2a: Groudon|Earthquake|p1a: Scolipede
|-damage|p1a: Scolipede|25/100 par
|cant|p1a: Scolipede|par
|
|-weather|SunnyDay|[upkeep]
|-heal|p2a: Groudon|81/100|[from] item: Leftovers
|-ability|p1a: Scolipede|Speed Boost|boost
|-boost|p1a: Scolipede|spe|1
|upkeep
|turn|8
|
|t:|1668611818
|cant|p1a: Scolipede|par
|move|p2a: Groudon|Earthquake|p1a: Scolipede
|-damage|p1a: Scolipede|0 fnt
|faint|p1a: Scolipede
|
|-weather|SunnyDay|[upkeep]
|-heal|p2a: Groudon|87/100|[from] item: Leftovers
|upkeep
|c|☆ox04|sorry
|
|t:|1668611830
|switch|p1a: Calyrex|Calyrex-Shadow|100/100
|-ability|p1a: Calyrex|As One
|-ability|p1a: Calyrex|Unnerve
|turn|9
|
|t:|1668611833
|switch|p2a: Yveltal|Yveltal, shiny|91/100
|-ability|p2a: Yveltal|Dark Aura
|move|p1a: Calyrex|Trick|p2a: Yveltal
|-activate|p1a: Calyrex|move: Trick|[of] p2a: Yveltal
|-item|p2a: Yveltal|Choice Scarf|[from] move: Trick
|-item|p1a: Calyrex|Life Orb|[from] move: Trick
|
|-weather|none
|upkeep
|turn|10
|
|t:|1668611839
|move|p2a: Yveltal|Oblivion Wing|p1a: Calyrex
|-damage|p1a: Calyrex|56/100
|-heal|p2a: Yveltal|100/100|[from] drain|[of] p1a: Calyrex
|move|p1a: Calyrex|Astral Barrage|p2a: Yveltal
|-resisted|p2a: Yveltal
|-damage|p2a: Yveltal|56/100
|-damage|p1a: Calyrex|46/100|[from] item: Life Orb
|
|upkeep
|turn|11
|
|t:|1668611851
|switch|p1a: Yveltal|Yveltal|100/100
|-ability|p1a: Yveltal|Dark Aura
|move|p2a: Yveltal|Oblivion Wing|p1a: Yveltal
|-damage|p1a: Yveltal|61/100
|-heal|p2a: Yveltal|86/100|[from] drain|[of] p1a: Yveltal
|
|upkeep
|turn|12
|c|☆ox04|scarf yvel is awesome
|c|☆ox04|i love when ppl trick me
|c|☆ox04|specs is amazing too
|
|t:|1668611866
|move|p2a: Yveltal|Oblivion Wing|p1a: Yveltal
|-damage|p1a: Yveltal|23/100
|-heal|p2a: Yveltal|100/100|[from] drain|[of] p1a: Yveltal
|move|p1a: Yveltal|Oblivion Wing|p2a: Yveltal
|-damage|p2a: Yveltal|54/100
|-heal|p1a: Yveltal|57/100|[from] drain|[of] p2a: Yveltal
|-damage|p1a: Yveltal|47/100|[from] item: Life Orb
|
|upkeep
|turn|13
|j|%steel....SKITTY
|
|t:|1668611875
|move|p2a: Yveltal|Oblivion Wing|p1a: Yveltal
|-damage|p1a: Yveltal|10/100
|-heal|p2a: Yveltal|82/100|[from] drain|[of] p1a: Yveltal
|move|p1a: Yveltal|Oblivion Wing|p2a: Yveltal
|-damage|p2a: Yveltal|35/100
|-heal|p1a: Yveltal|46/100|[from] drain|[of] p2a: Yveltal
|-damage|p1a: Yveltal|36/100|[from] item: Life Orb
|
|upkeep
|turn|14
|c|☆ox04|roll go
|
|t:|1668611895
|switch|p1a: Eternatus|Eternatus|100/100
|-ability|p1a: Eternatus|Pressure
|move|p2a: Yveltal|Oblivion Wing|p1a: Eternatus
|-damage|p1a: Eternatus|67/100
|-heal|p2a: Yveltal|61/100|[from] drain|[of] p1a: Eternatus
|
|upkeep
|turn|15
|
|t:|1668611902
|switch|p2a: Lunala|Lunala, shiny|76/100
|move|p1a: Eternatus|Dynamax Cannon|p2a: Lunala
|-damage|p2a: Lunala|33/100
|
|upkeep
|turn|16
|
|t:|1668611907
|move|p1a: Eternatus|Recover|p1a: Eternatus
|-heal|p1a: Eternatus|100/100
|move|p2a: Lunala|Ice Beam|p1a: Eternatus
|-supereffective|p1a: Eternatus
|-damage|p1a: Eternatus|43/100
|
|upkeep
|turn|17
|
|t:|1668611911
|switch|p2a: Genesect|Genesect, shiny|100/100
|-ability|p2a: Genesect|Download|boost
|-boost|p2a: Genesect|atk|1
|move|p1a: Eternatus|Dynamax Cannon|p2a: Genesect
|-resisted|p2a: Genesect
|-damage|p2a: Genesect|68/100
|
|upkeep
|turn|18
|
|t:|1668611918
|move|p2a: Genesect|Iron Head|p1a: Eternatus
|-damage|p1a: Eternatus|0 fnt
|faint|p1a: Eternatus
|
|upkeep
|
|t:|1668611919
|switch|p1a: Zamazenta|Zamazenta-Crowned|87/100
|-ability|p1a: Zamazenta|Dauntless Shield|boost
|-boost|p1a: Zamazenta|def|1
|turn|19
|
|t:|1668611925
|switch|p2a: Lunala|Lunala, shiny|33/100
|switch|p1a: Calyrex|Calyrex-Shadow|46/100
|-ability|p1a: Calyrex|As One
|-ability|p1a: Calyrex|Unnerve
|
|upkeep
|turn|20
|
|t:|1668611928
|switch|p2a: Yveltal|Yveltal, shiny|61/100
|-ability|p2a: Yveltal|Dark Aura
|move|p1a: Calyrex|Astral Barrage|p2a: Yveltal
|-resisted|p2a: Yveltal
|-damage|p2a: Yveltal|16/100
|-damage|p1a: Calyrex|36/100|[from] item: Life Orb
|
|upkeep
|turn|21
|
|t:|1668611932
|move|p2a: Yveltal|Oblivion Wing|p1a: Calyrex
|-damage|p1a: Calyrex|0 fnt
|-heal|p2a: Yveltal|39/100|[from] drain|[of] p1a: Calyrex
|faint|p1a: Calyrex
|
|upkeep
|
|t:|1668611935
|switch|p1a: Zamazenta|Zamazenta-Crowned|87/100
|-ability|p1a: Zamazenta|Dauntless Shield|boost
|-boost|p1a: Zamazenta|def|1
|turn|22
|
|t:|1668611940
|switch|p2a: Lunala|Lunala, shiny|33/100
|move|p1a: Zamazenta|Howl|p1a: Zamazenta
|-boost|p1a: Zamazenta|atk|1
|
|upkeep
|turn|23
|
|t:|1668611943
|move|p1a: Zamazenta|Substitute|p1a: Zamazenta
|-start|p1a: Zamazenta|Substitute
|-damage|p1a: Zamazenta|62/100
|move|p2a: Lunala|Moongeist Beam|p1a: Zamazenta
|-end|p1a: Zamazenta|Substitute
|
|upkeep
|turn|24
|
|t:|1668611946
|move|p1a: Zamazenta|Behemoth Bash|p2a: Lunala
|-damage|p2a: Lunala|0 fnt
|faint|p2a: Lunala
|
|upkeep
|
|t:|1668611949
|switch|p2a: Groudon|Groudon|87/100
|-weather|SunnyDay|[from] ability: Drought|[of] p2a: Groudon
|turn|25
|
|t:|1668611954
|move|p1a: Zamazenta|Close Combat|p2a: Groudon
|-damage|p2a: Groudon|32/100
|-unboost|p1a: Zamazenta|def|1
|-unboost|p1a: Zamazenta|spd|1
|move|p2a: Groudon|Earthquake|p1a: Zamazenta
|-supereffective|p1a: Zamazenta
|-damage|p1a: Zamazenta|0 fnt
|faint|p1a: Zamazenta
|
|-weather|SunnyDay|[upkeep]
|-heal|p2a: Groudon|38/100|[from] item: Leftovers
|upkeep
|
|t:|1668611956
|switch|p1a: Yveltal|Yveltal|36/100
|-ability|p1a: Yveltal|Dark Aura
|turn|26
|
|t:|1668611959
|move|p1a: Yveltal|Oblivion Wing|p2a: Groudon
|-damage|p2a: Groudon|0 fnt
|-heal|p1a: Yveltal|65/100|[from] drain|[of] p2a: Groudon
|faint|p2a: Groudon
|-damage|p1a: Yveltal|55/100|[from] item: Life Orb
|
|-weather|SunnyDay|[upkeep]
|upkeep
|
|t:|1668611961
|switch|p2a: Reshiram|Reshiram|100/100
|-ability|p2a: Reshiram|Turboblaze
|turn|27
|
|t:|1668611963
|move|p1a: Yveltal|Dark Pulse|p2a: Reshiram
|-damage|p2a: Reshiram|33/100
|-damage|p1a: Yveltal|45/100|[from] item: Life Orb
|move|p2a: Reshiram|Draco Meteor|p1a: Yveltal
|-damage|p1a: Yveltal|0 fnt
|-unboost|p2a: Reshiram|spa|2
|faint|p1a: Yveltal
|-damage|p2a: Reshiram|23/100|[from] item: Life Orb
|
|win|ox04
|n|☆Basedgod6969|basedgod6969
|n|☆ox04|ox04
|n| Inder|inder
|n| Juubilarry|juubilarry
|n| entrocefalo|entrocefalo
|n|+steel....SKITTY|steelskitty
