|j|☆ubersohneubers
|j|☆Boots RK9
|player|p1|ubersohneubers|cheryl|1735
|player|p2|Boots RK9|265|1543
|teamsize|p1|6
|teamsize|p2|6
|gametype|singles
|gen|8
|tier|[Gen 8] Ubers
|rated|
|clearpoke
|poke|p1|Dugtrio, M|
|poke|p1|Excadrill, F|
|poke|p1|Gothitelle, M|
|poke|p1|Corviknight, M|
|poke|p1|Eternatus|
|poke|p1|Tyranitar, M|
|poke|p2|Dugtrio, F|
|poke|p2|Dracovish|
|poke|p2|Eternatus|
|poke|p2|Quagsire, M|
|poke|p2|Corviknight, F|
|poke|p2|Tyranitar, M|
|rule|Sleep Clause Mod: Limit one foe put to sleep
|rule|Species Clause: Limit one of each Pokémon
|rule|OHKO Clause: OHKO moves are banned
|rule|Evasion Moves Clause: Evasion moves are banned
|rule|Endless Battle Clause: Forcing endless battles is banned
|rule|HP Percentage Mod: HP is shown in percentages
|teampreview
|
|start
|switch|p1a: Gothitelle|Gothitelle, M|100/100
|switch|p2a: Dracovish|Dracovish|100/100
|turn|1
|
|switch|p1a: Eternatus|Eternatus|100/100
|-ability|p1a: Eternatus|Pressure
|move|p2a: Dracovish|Fishious Rend|p1a: Eternatus
|-resisted|p1a: Eternatus
|-damage|p1a: Eternatus|53/100
|
|upkeep
|turn|2
|
|switch|p2a: Tyranitar|Tyranitar, M|100/100
|-weather|Sandstorm|[from] ability: Sand Stream|[of] p2a: Tyranitar
|move|p1a: Eternatus|Recover|p1a: Eternatus
|-heal|p1a: Eternatus|100/100
|
|-weather|Sandstorm|[upkeep]
|-damage|p1a: Eternatus|94/100|[from] Sandstorm
|upkeep
|turn|3
|
|switch|p1a: Corviknight|Corviknight, M|100/100
|-ability|p1a: Corviknight|Pressure
|move|p2a: Tyranitar|Stealth Rock|p1a: Corviknight
|-sidestart|p1: ubersohneubers|move: Stealth Rock
|
|-weather|Sandstorm|[upkeep]
|upkeep
|turn|4
|
|switch|p2a: Eternatus|Eternatus|100/100
|-ability|p2a: Eternatus|Pressure
|move|p1a: Corviknight|Defog|p2a: Eternatus
|-unboost|p2a: Eternatus|evasion|1
|-sideend|p1: ubersohneubers|Stealth Rock|[from] move: Defog|[of] p1a: Corviknight
|
|-weather|Sandstorm|[upkeep]
|-damage|p2a: Eternatus|94/100|[from] Sandstorm
|upkeep
|turn|5
|
|switch|p1a: Tyranitar|Tyranitar, M|100/100
|move|p2a: Eternatus|Toxic Spikes|p1a: Tyranitar
|-sidestart|p1: ubersohneubers|move: Toxic Spikes
|
|-weather|Sandstorm|[upkeep]
|-damage|p2a: Eternatus|88/100|[from] Sandstorm
|upkeep
|turn|6
|
|switch|p2a: Corviknight|Corviknight, F|100/100
|-ability|p2a: Corviknight|Pressure
|move|p1a: Tyranitar|Stealth Rock|p2a: Corviknight
|-sidestart|p2: Boots RK9|move: Stealth Rock
|
|-weather|none
|upkeep
|turn|7
|
|move|p2a: Corviknight|U-turn|p1a: Tyranitar
|-supereffective|p1a: Tyranitar
|-damage|p1a: Tyranitar|77/100
|
|switch|p2a: Dugtrio|Dugtrio, F|100/100|[from]move: U-turn
|-damage|p2a: Dugtrio|94/100|[from] Stealth Rock
|move|p1a: Tyranitar|Thunder Wave|p2a: Dugtrio
|-immune|p2a: Dugtrio
|
|upkeep
|turn|8
|
|-start|p2a: Dugtrio|Dynamax
|-heal|p2a: Dugtrio|94/100|[silent]
|move|p2a: Dugtrio|Max Quake|p1a: Tyranitar
|-supereffective|p1a: Tyranitar
|-enditem|p1a: Tyranitar|Shuca Berry|[eat]
|-enditem|p1a: Tyranitar|Shuca Berry|[weaken]
|-damage|p1a: Tyranitar|33/100
|-boost|p2a: Dugtrio|spd|1
|move|p1a: Tyranitar|Crunch|p2a: Dugtrio
|-damage|p2a: Dugtrio|37/100
|-unboost|p2a: Dugtrio|def|1
|
|upkeep
|turn|9
|
|move|p2a: Dugtrio|Max Quake|p1a: Tyranitar
|-supereffective|p1a: Tyranitar
|-damage|p1a: Tyranitar|0 fnt
|-boost|p2a: Dugtrio|spd|1
|faint|p1a: Tyranitar
|
|upkeep
|
|switch|p1a: Dugtrio|Dugtrio, M|100/100
|-status|p1a: Dugtrio|psn
|turn|10
|
|move|p1a: Dugtrio|Earthquake|p2a: Dugtrio
|-damage|p2a: Dugtrio|0 fnt
|faint|p2a: Dugtrio
|
|-damage|p1a: Dugtrio|88/100 psn|[from] psn
|upkeep
|
|switch|p2a: Dracovish|Dracovish|100/100
|-damage|p2a: Dracovish|88/100|[from] Stealth Rock
|turn|11
|
|switch|p1a: Eternatus|Eternatus|94/100
|-sideend|p1: ubersohneubers|move: Toxic Spikes|[of] p1a: Eternatus
|-ability|p1a: Eternatus|Pressure
|move|p2a: Dracovish|Psychic Fangs|p1a: Eternatus
|-supereffective|p1a: Eternatus
|-damage|p1a: Eternatus|29/100
|
|upkeep
|turn|12
|
|move|p1a: Eternatus|Recover|p1a: Eternatus
|-heal|p1a: Eternatus|79/100
|move|p2a: Dracovish|Psychic Fangs|p1a: Eternatus
|-supereffective|p1a: Eternatus
|-damage|p1a: Eternatus|11/100
|
|upkeep
|turn|13
|
|switch|p1a: Gothitelle|Gothitelle, M|100/100
|switch|p2a: Tyranitar|Tyranitar, M|100/100
|-damage|p2a: Tyranitar|88/100|[from] Stealth Rock
|-weather|Sandstorm|[from] ability: Sand Stream|[of] p2a: Tyranitar
|
|-weather|Sandstorm|[upkeep]
|-damage|p1a: Gothitelle|94/100|[from] Sandstorm
|upkeep
|turn|14
|
|switch|p1a: Excadrill|Excadrill, F|100/100
|move|p2a: Tyranitar|Stealth Rock|p1a: Excadrill
|-sidestart|p1: ubersohneubers|move: Stealth Rock
|
|-weather|Sandstorm|[upkeep]
|upkeep
|turn|15
|
|switch|p1a: Gothitelle|Gothitelle, M|94/100
|-damage|p1a: Gothitelle|82/100|[from] Stealth Rock
|switch|p2a: Corviknight|Corviknight, F|100/100
|-damage|p2a: Corviknight|88/100|[from] Stealth Rock
|-ability|p2a: Corviknight|Pressure
|
|-weather|Sandstorm|[upkeep]
|-damage|p1a: Gothitelle|75/100|[from] Sandstorm
|upkeep
|turn|16
|
|move|p1a: Gothitelle|Thunderbolt|p2a: Corviknight
|-supereffective|p2a: Corviknight
|-damage|p2a: Corviknight|5/100
|move|p2a: Corviknight|U-turn|p1a: Gothitelle
|-supereffective|p1a: Gothitelle
|-damage|p1a: Gothitelle|44/100
|
|switch|p2a: Dracovish|Dracovish|88/100|[from]move: U-turn
|-damage|p2a: Dracovish|76/100|[from] Stealth Rock
|
|-weather|Sandstorm|[upkeep]
|-damage|p1a: Gothitelle|38/100|[from] Sandstorm
|-damage|p2a: Dracovish|70/100|[from] Sandstorm
|upkeep
|turn|17
|
|move|p1a: Gothitelle|Thunderbolt|p2a: Dracovish
|-damage|p2a: Dracovish|28/100
|move|p2a: Dracovish|Fishious Rend|p1a: Gothitelle
|-damage|p1a: Gothitelle|0 fnt
|faint|p1a: Gothitelle
|
|-weather|none
|upkeep
|
|switch|p1a: Excadrill|Excadrill, F|100/100
|-damage|p1a: Excadrill|97/100|[from] Stealth Rock
|turn|18
|
|move|p1a: Excadrill|Earthquake|p2a: Dracovish
|-damage|p2a: Dracovish|0 fnt
|faint|p2a: Dracovish
|
|upkeep
|
|switch|p2a: Quagsire|Quagsire, M|100/100
|-damage|p2a: Quagsire|94/100|[from] Stealth Rock
|turn|19
|
|move|p1a: Excadrill|Earthquake|p2a: Quagsire
|-damage|p2a: Quagsire|35/100
|move|p2a: Quagsire|Scald|p1a: Excadrill
|-supereffective|p1a: Excadrill
|-damage|p1a: Excadrill|47/100
|-status|p1a: Excadrill|brn
|
|-damage|p1a: Excadrill|41/100 brn|[from] brn
|upkeep
|turn|20
|
|switch|p1a: Corviknight|Corviknight, M|100/100
|-damage|p1a: Corviknight|88/100|[from] Stealth Rock
|-ability|p1a: Corviknight|Pressure
|move|p2a: Quagsire|Recover|p2a: Quagsire
|-heal|p2a: Quagsire|85/100
|
|upkeep
|turn|21
|
|move|p1a: Corviknight|Defog|p2a: Quagsire
|-unboost|p2a: Quagsire|evasion|1
|-sideend|p2: Boots RK9|Stealth Rock|[from] move: Defog|[of] p1a: Corviknight
|-sideend|p1: ubersohneubers|Stealth Rock|[from] move: Defog|[of] p1a: Corviknight
|move|p2a: Quagsire|Scald|p1a: Corviknight
|-damage|p1a: Corviknight|70/100
|
|upkeep
|turn|22
|
|move|p1a: Corviknight|U-turn|p2a: Quagsire
|-damage|p2a: Quagsire|75/100
|
|switch|p1a: Excadrill|Excadrill, F|41/100 brn|[from]move: U-turn
|move|p2a: Quagsire|Earthquake|p1a: Excadrill
|-supereffective|p1a: Excadrill
|-damage|p1a: Excadrill|0 fnt
|faint|p1a: Excadrill
|
|upkeep
|
|switch|p1a: Eternatus|Eternatus|11/100
|-ability|p1a: Eternatus|Pressure
|turn|23
|
|switch|p2a: Tyranitar|Tyranitar, M|88/100
|-weather|Sandstorm|[from] ability: Sand Stream|[of] p2a: Tyranitar
|move|p1a: Eternatus|Recover|p1a: Eternatus
|-heal|p1a: Eternatus|61/100
|
|-weather|Sandstorm|[upkeep]
|-damage|p1a: Eternatus|55/100|[from] Sandstorm
|upkeep
|turn|24
|
|move|p1a: Eternatus|Recover|p1a: Eternatus
|-heal|p1a: Eternatus|100/100
|move|p2a: Tyranitar|Stealth Rock|p1a: Eternatus
|-sidestart|p1: ubersohneubers|move: Stealth Rock
|
|-weather|Sandstorm|[upkeep]
|-damage|p1a: Eternatus|94/100|[from] Sandstorm
|upkeep
|turn|25
|
|move|p1a: Eternatus|Cosmic Power|p1a: Eternatus
|-boost|p1a: Eternatus|def|1
|-boost|p1a: Eternatus|spd|1
|move|p2a: Tyranitar|Earthquake|p1a: Eternatus
|-supereffective|p1a: Eternatus
|-damage|p1a: Eternatus|75/100
|
|-weather|Sandstorm|[upkeep]
|-damage|p1a: Eternatus|68/100|[from] Sandstorm
|upkeep
|turn|26
|
|move|p1a: Eternatus|Recover|p1a: Eternatus
|-heal|p1a: Eternatus|100/100
|move|p2a: Tyranitar|Snarl|p1a: Eternatus
|-damage|p1a: Eternatus|91/100
|-unboost|p1a: Eternatus|spa|1
|
|-weather|Sandstorm|[upkeep]
|-damage|p1a: Eternatus|85/100|[from] Sandstorm
|upkeep
|turn|27
|
|move|p1a: Eternatus|Toxic|p2a: Tyranitar
|-status|p2a: Tyranitar|tox
|move|p2a: Tyranitar|Snarl|p1a: Eternatus
|-damage|p1a: Eternatus|76/100
|-unboost|p1a: Eternatus|spa|1
|
|-weather|none
|-damage|p2a: Tyranitar|82/100 tox|[from] psn
|upkeep
|turn|28
|
|move|p1a: Eternatus|Cosmic Power|p1a: Eternatus
|-boost|p1a: Eternatus|def|1
|-boost|p1a: Eternatus|spd|1
|move|p2a: Tyranitar|Snarl|p1a: Eternatus
|-damage|p1a: Eternatus|69/100
|-unboost|p1a: Eternatus|spa|1
|
|-damage|p2a: Tyranitar|70/100 tox|[from] psn
|upkeep
|turn|29
|
|move|p1a: Eternatus|Recover|p1a: Eternatus
|-heal|p1a: Eternatus|100/100
|move|p2a: Tyranitar|Snarl|p1a: Eternatus
|-damage|p1a: Eternatus|93/100
|-unboost|p1a: Eternatus|spa|1
|
|-damage|p2a: Tyranitar|51/100 tox|[from] psn
|upkeep
|turn|30
|
|switch|p1a: Corviknight|Corviknight, M|70/100
|-damage|p1a: Corviknight|57/100|[from] Stealth Rock
|-ability|p1a: Corviknight|Pressure
|move|p2a: Tyranitar|Rest|p2a: Tyranitar
|-status|p2a: Tyranitar|slp|[from] move: Rest
|-heal|p2a: Tyranitar|100/100 slp|[silent]
|
|upkeep
|turn|31
|
|switch|p2a: Quagsire|Quagsire, M|75/100
|move|p1a: Corviknight|Defog|p2a: Quagsire
|-unboost|p2a: Quagsire|evasion|1
|-sideend|p1: ubersohneubers|Stealth Rock|[from] move: Defog|[of] p1a: Corviknight
|
|upkeep
|turn|32
|
|move|p1a: Corviknight|U-turn|p2a: Quagsire
|-damage|p2a: Quagsire|66/100
|
|switch|p1a: Eternatus|Eternatus|93/100|[from]move: U-turn
|-ability|p1a: Eternatus|Pressure
|move|p2a: Quagsire|Recover|p2a: Quagsire
|-heal|p2a: Quagsire|100/100
|
|upkeep
|turn|33
|
|switch|p1a: Dugtrio|Dugtrio, M|88/100 psn
|switch|p2a: Tyranitar|Tyranitar, M|100/100 slp
|-weather|Sandstorm|[from] ability: Sand Stream|[of] p2a: Tyranitar
|
|-weather|Sandstorm|[upkeep]
|-damage|p1a: Dugtrio|75/100 psn|[from] psn
|upkeep
|turn|34
|
|switch|p2a: Quagsire|Quagsire, M|100/100
|move|p1a: Dugtrio|Earthquake|p2a: Quagsire
|-damage|p2a: Quagsire|67/100
|
|-weather|Sandstorm|[upkeep]
|-damage|p1a: Dugtrio|63/100 psn|[from] psn
|upkeep
|turn|35
|
|switch|p1a: Eternatus|Eternatus|93/100
|-ability|p1a: Eternatus|Pressure
|move|p2a: Quagsire|Recover|p2a: Quagsire
|-heal|p2a: Quagsire|100/100
|
|-weather|Sandstorm|[upkeep]
|-damage|p1a: Eternatus|87/100|[from] Sandstorm
|upkeep
|turn|36
|
|switch|p1a: Corviknight|Corviknight, M|57/100
|-ability|p1a: Corviknight|Pressure
|switch|p2a: Eternatus|Eternatus|88/100
|-ability|p2a: Eternatus|Pressure
|
|-weather|Sandstorm|[upkeep]
|-damage|p2a: Eternatus|82/100|[from] Sandstorm
|upkeep
|turn|37
|
|move|p2a: Eternatus|Flamethrower|p1a: Corviknight
|-supereffective|p1a: Corviknight
|-damage|p1a: Corviknight|3/100
|move|p1a: Corviknight|Roost|p1a: Corviknight
|-heal|p1a: Corviknight|53/100
|-singleturn|p1a: Corviknight|move: Roost
|
|-weather|none
|upkeep
|turn|38
|
|switch|p1a: Eternatus|Eternatus|87/100
|-ability|p1a: Eternatus|Pressure
|move|p2a: Eternatus|Flamethrower|p1a: Eternatus
|-resisted|p1a: Eternatus
|-damage|p1a: Eternatus|76/100
|
|upkeep
|turn|39
|
|switch|p1a: Dugtrio|Dugtrio, M|63/100 psn
|move|p2a: Eternatus|Dynamax Cannon|p1a: Dugtrio
|-damage|p1a: Dugtrio|0 fnt
|faint|p1a: Dugtrio
|
|upkeep
|-message|ubersohneubers forfeited.
|
|win|Boots RK9
|l|☆ubersohneubers
|raw|ubersohneubers's rating: 1735 &rarr; <strong>1705</strong><br />(-30 for losing)
|raw|Boots RK9's rating: 1543 &rarr; <strong>1573</strong><br />(+30 for winning)
|l|☆Boots RK9
|j|☆Boots RK9
|player|p2|Boots RK9|265
