|j|☆REAXYS
|j|☆emiyo
|t:|1650956327
|gametype|singles
|player|p1|REAXYS|265|1414
|player|p2|emiyo|1|1442
|teamsize|p1|6
|teamsize|p2|6
|gen|8
|tier|[Gen 8] Ubers
|rated|
|rule|Sleep Clause Mod: Limit one foe put to sleep
|rule|Species Clause: Limit one of each Pokémon
|rule|OHKO Clause: OHKO moves are banned
|rule|Evasion Moves Clause: Evasion moves are banned
|rule|Endless Battle Clause: Forcing endless battles is banned
|rule|HP Percentage Mod: HP is shown in percentages
|rule|Dynamax Clause: You cannot dynamax
|clearpoke
|poke|p1|Yveltal|
|poke|p1|Eternatus|
|poke|p1|Calyrex-Shadow|
|poke|p1|Necrozma-Dusk-Mane|
|poke|p1|Groudon|
|poke|p1|Kyogre|
|poke|p2|Xerneas-*|
|poke|p2|Yveltal|
|poke|p2|Calyrex-Shadow|
|poke|p2|Necrozma-Dusk-Mane|
|poke|p2|Groudon|
|poke|p2|Eternatus|
|teampreview
|inactive|Battle timer is ON: inactive players will automatically lose when time's up. (requested by emiyo)
|c|☆REAXYS|Wtf
|c|☆emiyo|oh wtf xD
|inactive|emiyo has 120 seconds left.
|
|t:|1650956377
|start
|switch|p1a: Kyogre|Kyogre|100/100
|switch|p2a: Eternatus|Eternatus|100/100
|-weather|RainDance|[from] ability: Drizzle|[of] p1a: Kyogre
|-ability|p2a: Eternatus|Pressure
|turn|1
|c|☆REAXYS|wow nice
|c|☆emiyo|xD
|
|t:|1650956394
|switch|p1a: Necrozma|Necrozma-Dusk-Mane|100/100
|move|p2a: Eternatus|Dynamax Cannon|p1a: Necrozma
|-resisted|p1a: Necrozma
|-damage|p1a: Necrozma|86/100
|
|-weather|RainDance|[upkeep]
|-heal|p1a: Necrozma|92/100|[from] item: Leftovers
|upkeep
|turn|2
|
|t:|1650956403
|switch|p2a: Groudon|Groudon|100/100
|-weather|SunnyDay|[from] ability: Drought|[of] p2a: Groudon
|move|p1a: Necrozma|Thunder Wave|p2a: Groudon
|-immune|p2a: Groudon
|
|-weather|SunnyDay|[upkeep]
|-heal|p1a: Necrozma|98/100|[from] item: Leftovers
|upkeep
|turn|3
|
|t:|1650956420
|switch|p1a: Kyogre|Kyogre|100/100
|-weather|RainDance|[from] ability: Drizzle|[of] p1a: Kyogre
|move|p2a: Groudon|Thunder Wave|p1a: Kyogre
|-status|p1a: Kyogre|par
|
|-weather|RainDance|[upkeep]
|upkeep
|turn|4
|j| yhbtrgve
|
|t:|1650956429
|switch|p2a: Eternatus|Eternatus|100/100
|-ability|p2a: Eternatus|Pressure
|move|p1a: Kyogre|Water Spout|p2a: Eternatus
|-resisted|p2a: Eternatus
|-damage|p2a: Eternatus|60/100
|
|-weather|RainDance|[upkeep]
|-heal|p2a: Eternatus|66/100|[from] item: Black Sludge
|upkeep
|turn|5
|c|☆REAXYS|oh shit
|
|t:|1650956458
|switch|p1a: Necrozma|Necrozma-Dusk-Mane|98/100
|move|p2a: Eternatus|Dynamax Cannon|p1a: Necrozma
|-resisted|p1a: Necrozma
|-damage|p1a: Necrozma|82/100
|
|-weather|RainDance|[upkeep]
|-heal|p2a: Eternatus|72/100|[from] item: Black Sludge
|-heal|p1a: Necrozma|88/100|[from] item: Leftovers
|upkeep
|turn|6
|
|t:|1650956470
|switch|p2a: Groudon|Groudon|100/100
|-weather|SunnyDay|[from] ability: Drought|[of] p2a: Groudon
|move|p1a: Necrozma|Stealth Rock|p2a: Groudon
|-sidestart|p2: emiyo|move: Stealth Rock
|
|-weather|SunnyDay|[upkeep]
|-heal|p1a: Necrozma|94/100|[from] item: Leftovers
|upkeep
|turn|7
|
|t:|1650956489
|move|p1a: Necrozma|Sunsteel Strike|p2a: Groudon
|-damage|p2a: Groudon|71/100
|move|p2a: Groudon|Stone Edge|p1a: Necrozma
|-resisted|p1a: Necrozma
|-damage|p1a: Necrozma|80/100
|
|-weather|SunnyDay|[upkeep]
|-heal|p2a: Groudon|77/100|[from] item: Leftovers
|-heal|p1a: Necrozma|86/100|[from] item: Leftovers
|upkeep
|turn|8
|
|t:|1650956500
|switch|p1a: Groudon|Groudon|100/100
|move|p2a: Groudon|Heat Crash|p1a: Groudon
|-damage|p1a: Groudon|84/100
|
|-weather|SunnyDay|[upkeep]
|-heal|p1a: Groudon|90/100|[from] item: Leftovers
|-heal|p2a: Groudon|83/100|[from] item: Leftovers
|upkeep
|turn|9
|inactive|emiyo has 120 seconds left.
|
|t:|1650956533
|move|p1a: Groudon|Swords Dance|p1a: Groudon
|-boost|p1a: Groudon|atk|2
|move|p2a: Groudon|Earthquake|p1a: Groudon
|-damage|p1a: Groudon|50/100
|
|-weather|SunnyDay|[upkeep]
|-heal|p1a: Groudon|56/100|[from] item: Leftovers
|-heal|p2a: Groudon|89/100|[from] item: Leftovers
|upkeep
|turn|10
|
|t:|1650956547
|move|p1a: Groudon|Earthquake|p2a: Groudon
|-damage|p2a: Groudon|9/100
|move|p2a: Groudon|Earthquake|p1a: Groudon
|-damage|p1a: Groudon|17/100
|
|-weather|none
|-heal|p1a: Groudon|23/100|[from] item: Leftovers
|-heal|p2a: Groudon|15/100|[from] item: Leftovers
|upkeep
|turn|11
|
|t:|1650956561
|move|p1a: Groudon|Stone Edge|p2a: Groudon
|-resisted|p2a: Groudon
|-damage|p2a: Groudon|0 fnt
|faint|p2a: Groudon
|
|-heal|p1a: Groudon|29/100|[from] item: Leftovers
|upkeep
|
|t:|1650956591
|switch|p2a: Yveltal|Yveltal|100/100
|-ability|p2a: Yveltal|Dark Aura
|turn|12
|inactive|REAXYS has 120 seconds left.
|inactive|REAXYS has 90 seconds left.
|
|t:|1650956665
|move|p2a: Yveltal|Knock Off|p1a: Groudon
|-damage|p1a: Groudon|0 fnt
|-enditem|p1a: Groudon|Leftovers|[from] move: Knock Off|[of] p2a: Yveltal
|faint|p1a: Groudon
|
|upkeep
|
|t:|1650956667
|switch|p1a: Yveltal|Yveltal|100/100
|-ability|p1a: Yveltal|Dark Aura
|turn|13
|inactive|emiyo has 90 seconds left.
|c|☆REAXYS|I totally forgot that fucking groudon has thunder wave
|
|t:|1650956698
|move|p2a: Yveltal|Knock Off|p1a: Yveltal
|-resisted|p1a: Yveltal
|-damage|p1a: Yveltal|80/100
|-enditem|p1a: Yveltal|Heavy-Duty Boots|[from] move: Knock Off|[of] p2a: Yveltal
|move|p1a: Yveltal|Knock Off|p2a: Yveltal
|-resisted|p2a: Yveltal
|-damage|p2a: Yveltal|73/100
|-enditem|p2a: Yveltal|Heavy-Duty Boots|[from] move: Knock Off|[of] p1a: Yveltal
|
|upkeep
|turn|14
|inactive|emiyo has 90 seconds left.
|c|☆REAXYS|I should've switched to gruodn
|
|t:|1650956710
|move|p2a: Yveltal|Defog|p1a: Yveltal
|-unboost|p1a: Yveltal|evasion|1
|-sideend|p2: emiyo|Stealth Rock|[from] move: Defog|[of] p2a: Yveltal
|move|p1a: Yveltal|U-turn|p2a: Yveltal
|-damage|p2a: Yveltal|55/100
|
|t:|1650956719
|switch|p1a: Eternatus|Eternatus|100/100|[from]move: U-turn
|-ability|p1a: Eternatus|Pressure
|
|upkeep
|turn|15
|c|☆emiyo|xD
|inactive|emiyo has 90 seconds left.
|
|t:|1650956735
|switch|p1a: Yveltal|Yveltal|80/100
|-ability|p1a: Yveltal|Dark Aura
|switch|p2a: Necrozma|Necrozma-Dusk-Mane|100/100
|
|upkeep
|turn|16
|inactive|emiyo has 90 seconds left.
|
|t:|1650956746
|move|p1a: Yveltal|Knock Off|p2a: Necrozma
|-supereffective|p2a: Necrozma
|-damage|p2a: Necrozma|41/100
|-enditem|p2a: Necrozma|Leftovers|[from] move: Knock Off|[of] p1a: Yveltal
|move|p2a: Necrozma|Thunder Wave|p1a: Yveltal
|-status|p1a: Yveltal|par
|
|upkeep
|turn|17
|inactive|emiyo has 90 seconds left.
|
|t:|1650956758
|move|p2a: Necrozma|Moonlight|p2a: Necrozma
|-heal|p2a: Necrozma|91/100
|move|p1a: Yveltal|U-turn|p2a: Necrozma
|-damage|p2a: Necrozma|76/100
|
|t:|1650956770
|switch|p1a: Calyrex|Calyrex-Shadow|100/100|[from]move: U-turn
|-ability|p1a: Calyrex|As One
|-ability|p1a: Calyrex|Unnerve
|
|upkeep
|turn|18
|inactive|emiyo has 90 seconds left.
|inactive|REAXYS has 90 seconds left.
|inactive|REAXYS has 60 seconds left.
|
|t:|1650956831
|switch|p1a: Kyogre|Kyogre|100/100 par
|-weather|RainDance|[from] ability: Drizzle|[of] p1a: Kyogre
|switch|p2a: Yveltal|Yveltal|55/100
|-ability|p2a: Yveltal|Dark Aura
|
|-weather|RainDance|[upkeep]
|upkeep
|turn|19
|c|☆REAXYS|Shit
|inactive|emiyo has 60 seconds left.
|c|☆REAXYS|Should've used my attack lol
|
|t:|1650956862
|move|p2a: Yveltal|Knock Off|p1a: Kyogre
|-damage|p1a: Kyogre|36/100 par
|-enditem|p1a: Kyogre|Choice Scarf|[from] move: Knock Off|[of] p2a: Yveltal
|cant|p1a: Kyogre|par
|
|-weather|RainDance|[upkeep]
|upkeep
|turn|20
|c|☆REAXYS|kekw
|inactive|REAXYS has 60 seconds left.
|c|☆emiyo|lmao
|
|t:|1650956880
|move|p2a: Yveltal|Roost|p2a: Yveltal
|-heal|p2a: Yveltal|100/100
|-singleturn|p2a: Yveltal|move: Roost
|move|p1a: Kyogre|Thunder|p2a: Yveltal
|-damage|p2a: Yveltal|71/100
|
|-weather|RainDance|[upkeep]
|upkeep
|turn|21
|inactive|emiyo has 60 seconds left.
|inactive|REAXYS has 60 seconds left.
|c|☆emiyo|oh wow thunder
|c|☆emiyo|hmm
|
|t:|1650956904
|switch|p2a: Eternatus|Eternatus|72/100
|-ability|p2a: Eternatus|Pressure
|cant|p1a: Kyogre|par
|
|-weather|RainDance|[upkeep]
|-heal|p2a: Eternatus|78/100|[from] item: Black Sludge
|upkeep
|turn|22
|c|☆REAXYS|Nice
|
|t:|1650956926
|switch|p1a: Necrozma|Necrozma-Dusk-Mane|86/100
|move|p2a: Eternatus|Recover|p2a: Eternatus
|-heal|p2a: Eternatus|100/100
|
|-weather|none
|-heal|p1a: Necrozma|92/100|[from] item: Leftovers
|upkeep
|turn|23
|c|☆REAXYS|Arey kyogre was the main mistake
|c|☆REAXYS|Then only gg
|c|☆REAXYS|the moment kyogre was thunder waved
|inactive|REAXYS has 60 seconds left.
|inactive|emiyo has 30 seconds left.
|c|☆emiyo|inka game avvaledu le ra
|inactive|emiyo has 20 seconds left.
|c|☆REAXYS|I know
|inactive|emiyo has 15 seconds left.
|
|t:|1650956957
|move|p2a: Eternatus|Flamethrower|p1a: Necrozma
|-supereffective|p1a: Necrozma
|-damage|p1a: Necrozma|63/100
|move|p1a: Necrozma|Thunder Wave|p2a: Eternatus
|-status|p2a: Eternatus|par
|
|-heal|p1a: Necrozma|69/100|[from] item: Leftovers
|upkeep
|turn|24
|inactive|emiyo has 25 seconds left this turn.
|c|☆REAXYS|But it'd have been so easy if kyogre was there
|inactive|emiyo has 20 seconds left.
|inactive|REAXYS has 60 seconds left.
|
|t:|1650956968
|move|p1a: Necrozma|Stealth Rock|p2a: Eternatus
|-sidestart|p2: emiyo|move: Stealth Rock
|move|p2a: Eternatus|Flamethrower|p1a: Necrozma
|-supereffective|p1a: Necrozma
|-damage|p1a: Necrozma|39/100
|
|-heal|p1a: Necrozma|45/100|[from] item: Leftovers
|upkeep
|turn|25
|inactive|emiyo has 30 seconds left this turn.
|
|t:|1650956977
|move|p1a: Necrozma|Moonlight|p1a: Necrozma
|-heal|p1a: Necrozma|95/100
|move|p2a: Eternatus|Flamethrower|p1a: Necrozma
|-supereffective|p1a: Necrozma
|-damage|p1a: Necrozma|68/100
|
|-heal|p1a: Necrozma|74/100|[from] item: Leftovers
|upkeep
|turn|26
|inactive|emiyo has 30 seconds left.
|
|t:|1650956987
|switch|p1a: Eternatus|Eternatus|100/100
|-ability|p1a: Eternatus|Pressure
|move|p2a: Eternatus|Flamethrower|p1a: Eternatus
|-resisted|p1a: Eternatus
|-damage|p1a: Eternatus|92/100
|
|-heal|p1a: Eternatus|98/100|[from] item: Black Sludge
|upkeep
|turn|27
|inactive|emiyo has 30 seconds left.
|
|t:|1650957004
|switch|p2a: Xerneas|Xerneas|100/100
|-damage|p2a: Xerneas|88/100|[from] Stealth Rock
|-ability|p2a: Xerneas|Fairy Aura
|move|p1a: Eternatus|Dynamax Cannon|p2a: Xerneas
|-immune|p2a: Xerneas
|
|-heal|p1a: Eternatus|100/100|[from] item: Black Sludge
|upkeep
|turn|28
|inactive|emiyo has 30 seconds left.
|inactive|emiyo has 20 seconds left.
|
|t:|1650957028
|switch|p1a: Necrozma|Necrozma-Dusk-Mane|74/100
|switch|p2a: Necrozma|Necrozma-Dusk-Mane|76/100
|-damage|p2a: Necrozma|70/100|[from] Stealth Rock
|
|-heal|p1a: Necrozma|80/100|[from] item: Leftovers
|upkeep
|turn|29
|inactive|emiyo has 30 seconds left this turn.
|inactive|emiyo has 20 seconds left.
|j| LT_Alt1
|
|t:|1650957047
|switch|p1a: Yveltal|Yveltal|80/100 par
|-ability|p1a: Yveltal|Dark Aura
|move|p2a: Necrozma|Stealth Rock|p1a: Yveltal
|-sidestart|p1: REAXYS|move: Stealth Rock
|
|upkeep
|turn|30
|inactive|emiyo has 30 seconds left this turn.
|inactive|emiyo has 20 seconds left.
|
|t:|1650957059
|move|p2a: Necrozma|Iron Head|p1a: Yveltal
|-damage|p1a: Yveltal|51/100 par
|move|p1a: Yveltal|Knock Off|p2a: Necrozma
|-supereffective|p2a: Necrozma
|-damage|p2a: Necrozma|31/100
|
|upkeep
|turn|31
|inactive|emiyo has 30 seconds left this turn.
|c|☆REAXYS|I fucked up so badly
|
|t:|1650957073
|switch|p1a: Necrozma|Necrozma-Dusk-Mane|80/100
|-damage|p1a: Necrozma|74/100|[from] Stealth Rock
|move|p2a: Necrozma|Moonlight|p2a: Necrozma
|-heal|p2a: Necrozma|81/100
|
|-heal|p1a: Necrozma|80/100|[from] item: Leftovers
|upkeep
|turn|32
|inactive|emiyo has 30 seconds left.
|
|t:|1650957085
|move|p2a: Necrozma|Thunder Wave|p1a: Necrozma
|-status|p1a: Necrozma|par
|cant|p1a: Necrozma|par
|
|-heal|p1a: Necrozma|86/100 par|[from] item: Leftovers
|upkeep
|turn|33
|c|☆REAXYS|Nice
|inactive|emiyo has 30 seconds left.
|inactive|emiyo has 20 seconds left.
|c|☆REAXYS|gg
|inactive|emiyo has 15 seconds left.
|
|t:|1650957108
|move|p2a: Necrozma|Iron Head|p1a: Necrozma
|-resisted|p1a: Necrozma
|-damage|p1a: Necrozma|73/100 par
|cant|p1a: Necrozma|flinch
|
|-heal|p1a: Necrozma|79/100 par|[from] item: Leftovers
|upkeep
|turn|34
|inactive|emiyo has 25 seconds left this turn.
|inactive|REAXYS has 90 seconds left.
|inactive|emiyo has 20 seconds left.
|
|t:|1650957116
|move|p2a: Necrozma|Iron Head|p1a: Necrozma
|-resisted|p1a: Necrozma
|-damage|p1a: Necrozma|65/100 par
|move|p1a: Necrozma|Thunder Wave|p2a: Necrozma
|-status|p2a: Necrozma|par
|
|-heal|p1a: Necrozma|71/100 par|[from] item: Leftovers
|upkeep
|turn|35
|inactive|emiyo has 30 seconds left this turn.
|
|t:|1650957124
|switch|p1a: Kyogre|Kyogre|36/100 par
|-damage|p1a: Kyogre|24/100 par|[from] Stealth Rock
|-weather|RainDance|[from] ability: Drizzle|[of] p1a: Kyogre
|move|p2a: Necrozma|Iron Head|p1a: Kyogre
|-resisted|p1a: Kyogre
|-damage|p1a: Kyogre|0 fnt
|faint|p1a: Kyogre
|
|-weather|RainDance|[upkeep]
|upkeep
|inactive|emiyo has 30 seconds left this turn.
|
|t:|1650957131
|switch|p1a: Calyrex|Calyrex-Shadow|100/100
|-ability|p1a: Calyrex|As One
|-ability|p1a: Calyrex|Unnerve
|-damage|p1a: Calyrex|88/100|[from] Stealth Rock
|turn|36
|inactive|emiyo has 30 seconds left.
|c|☆emiyo|yea it was always this 50-50
|
|t:|1650957148
|move|p1a: Calyrex|Astral Barrage|p2a: Necrozma
|-supereffective|p2a: Necrozma
|-damage|p2a: Necrozma|13/100 par
|move|p2a: Necrozma|Thunder Wave|p1a: Calyrex
|-status|p1a: Calyrex|par
|
|-weather|RainDance|[upkeep]
|upkeep
|turn|37
|inactive|emiyo has 30 seconds left.
|c|☆REAXYS|yeah now gg no
|c|☆emiyo|now g xF
|c|☆REAXYS|I was expecting you to get one paralzy ecant move
|
|t:|1650957169
|move|p1a: Calyrex|Astral Barrage|p2a: Necrozma
|-supereffective|p2a: Necrozma
|-damage|p2a: Necrozma|0 fnt
|faint|p2a: Necrozma
|-ability|p1a: Calyrex|Grim Neigh|boost
|-boost|p1a: Calyrex|spa|1
|
|-weather|RainDance|[upkeep]
|upkeep
|inactive|emiyo has 30 seconds left.
|
|t:|1650957176
|switch|p2a: Calyrex|Calyrex-Shadow|100/100
|-ability|p2a: Calyrex|As One
|-ability|p2a: Calyrex|Unnerve
|-damage|p2a: Calyrex|88/100|[from] Stealth Rock
|turn|38
|
|t:|1650957196
|move|p2a: Calyrex|Astral Barrage|p1a: Calyrex
|-supereffective|p1a: Calyrex
|-damage|p1a: Calyrex|0 fnt
|faint|p1a: Calyrex
|-ability|p2a: Calyrex|Grim Neigh|boost
|-boost|p2a: Calyrex|spa|1
|
|-weather|RainDance|[upkeep]
|upkeep
|
|t:|1650957200
|switch|p1a: Yveltal|Yveltal|51/100 par
|-damage|p1a: Yveltal|26/100 par|[from] Stealth Rock
|-ability|p1a: Yveltal|Dark Aura
|turn|39
|c|☆REAXYS|oh shit
|
|t:|1650957208
|move|p2a: Calyrex|Astral Barrage|p1a: Yveltal
|-resisted|p1a: Yveltal
|-damage|p1a: Yveltal|0 fnt
|faint|p1a: Yveltal
|-ability|p2a: Calyrex|Grim Neigh|boost
|-boost|p2a: Calyrex|spa|1
|
|-weather|none
|upkeep
|
|t:|1650957212
|switch|p1a: Eternatus|Eternatus|100/100
|-damage|p1a: Eternatus|88/100|[from] Stealth Rock
|-ability|p1a: Eternatus|Pressure
|turn|40
|
|t:|1650957219
|move|p2a: Calyrex|Astral Barrage|p1a: Eternatus
|-damage|p1a: Eternatus|0 fnt
|faint|p1a: Eternatus
|-ability|p2a: Calyrex|Grim Neigh|boost
|-boost|p2a: Calyrex|spa|1
|
|upkeep
|-message|REAXYS forfeited.
|
|win|emiyo
|raw|REAXYS's rating: 1414 &rarr; <strong>1396</strong><br />(-18 for losing)
|raw|emiyo's rating: 1442 &rarr; <strong>1460</strong><br />(+18 for winning)
|l|☆REAXYS
|l| LT_Alt1
|j|☆REAXYS
|player|p1|REAXYS|265
