|j|☆euuufuf
|j|☆REGITRUMP
|t:|1666639734
|gametype|singles
|player|p1|euuufuf|lucas|1334
|player|p2|REGITRUMP|102|1455
|teamsize|p1|6
|teamsize|p2|6
|gen|8
|tier|[Gen 8] Ubers
|rated|
|rule|Sleep Clause Mod: Limit one foe put to sleep
|rule|Species Clause: Limit one of each Pokémon
|rule|OHKO Clause: OHKO moves are banned
|rule|Evasion Items Clause: Evasion items are banned
|rule|Evasion Moves Clause: Evasion moves are banned
|rule|Endless Battle Clause: Forcing endless battles is banned
|rule|HP Percentage Mod: HP is shown in percentages
|rule|Dynamax Clause: You cannot dynamax
|clearpoke
|poke|p1|Xerneas-*|
|poke|p1|Yveltal|
|poke|p1|Marshadow|
|poke|p1|Necrozma-Dusk-Mane|
|poke|p1|Kyogre|
|poke|p1|Eternatus|
|poke|p2|Eternatus|
|poke|p2|Zamazenta-*|
|poke|p2|Yveltal|
|poke|p2|Calyrex-Shadow|
|poke|p2|Ho-Oh|
|poke|p2|Genesect|
|teampreview
|inactive|Battle timer is ON: inactive players will automatically lose when time's up. (requested by euuufuf)
|
|t:|1666639763
|start
|switch|p1a: Eternatus|Eternatus|100/100
|switch|p2a: Genesect|Genesect|100/100
|-ability|p2a: Genesect|Download|boost
|-boost|p2a: Genesect|spa|1
|-ability|p1a: Eternatus|Pressure
|turn|1
|
|t:|1666639772
|move|p2a: Genesect|Explosion|p1a: Eternatus
|-damage|p1a: Eternatus|36/100
|faint|p2a: Genesect
|move|p1a: Eternatus|Meteor Beam||[still]
|-prepare|p1a: Eternatus|Meteor Beam
|-boost|p1a: Eternatus|spa|1
|-enditem|p1a: Eternatus|Power Herb
|-anim|p1a: Eternatus|Meteor Beam|p2: Genesect|[notarget]
|-fail|p1a: Eternatus
|
|upkeep
|
|t:|1666639777
|switch|p2a: Calyrex|Calyrex-Shadow|100/100
|-ability|p2a: Calyrex|As One
|-ability|p2a: Calyrex|Unnerve
|turn|2
|
|t:|1666639784
|switch|p1a: Yveltal|Yveltal|100/100
|-ability|p1a: Yveltal|Dark Aura
|move|p2a: Calyrex|Astral Barrage|p1a: Yveltal
|-resisted|p1a: Yveltal
|-damage|p1a: Yveltal|76/100
|-damage|p2a: Calyrex|91/100|[from] item: Life Orb
|
|upkeep
|turn|3
|
|t:|1666639799
|switch|p2a: Eternatus|Eternatus|100/100
|-ability|p2a: Eternatus|Pressure
|switch|p1a: Kpyogre|Kyogre|100/100
|-weather|RainDance|[from] ability: Drizzle|[of] p1a: Kpyogre
|
|-weather|RainDance|[upkeep]
|upkeep
|turn|4
|
|t:|1666639809
|move|p2a: Eternatus|Dynamax Cannon|p1a: Kpyogre
|-damage|p1a: Kpyogre|61/100
|move|p1a: Kpyogre|Ice Beam|p2a: Eternatus
|-supereffective|p2a: Eternatus
|-damage|p2a: Eternatus|5/100
|
|-weather|RainDance|[upkeep]
|upkeep
|turn|5
|j| asdddsd
|
|t:|1666639817
|move|p2a: Eternatus|Dynamax Cannon|p1a: Kpyogre
|-damage|p1a: Kpyogre|20/100
|move|p1a: Kpyogre|Ice Beam|p2a: Eternatus
|-supereffective|p2a: Eternatus
|-damage|p2a: Eternatus|0 fnt
|faint|p2a: Eternatus
|
|-weather|RainDance|[upkeep]
|upkeep
|
|t:|1666639820
|switch|p2a: Yveltal|Yveltal|100/100
|-ability|p2a: Yveltal|Dark Aura
|turn|6
|
|t:|1666639829
|move|p1a: Kpyogre|Ice Beam|p2a: Yveltal
|-supereffective|p2a: Yveltal
|-damage|p2a: Yveltal|47/100
|move|p2a: Yveltal|Dark Pulse|p1a: Kpyogre
|-damage|p1a: Kpyogre|0 fnt
|faint|p1a: Kpyogre
|
|-weather|RainDance|[upkeep]
|upkeep
|
|t:|1666639840
|switch|p1a: Xerneas|Xerneas|100/100
|-ability|p1a: Xerneas|Fairy Aura
|turn|7
|
|t:|1666639844
|switch|p2a: Zamazenta|Zamazenta-Crowned|100/100
|-ability|p2a: Zamazenta|Dauntless Shield|boost
|-boost|p2a: Zamazenta|def|1
|move|p1a: Xerneas|Geomancy||[still]
|-prepare|p1a: Xerneas|Geomancy
|-enditem|p1a: Xerneas|Power Herb
|-anim|p1a: Xerneas|Geomancy|p1a: Xerneas
|-boost|p1a: Xerneas|spa|2
|-boost|p1a: Xerneas|spd|2
|-boost|p1a: Xerneas|spe|2
|
|-weather|none
|upkeep
|turn|8
|
|t:|1666639854
|move|p1a: Xerneas|Moonblast|p2a: Zamazenta
|-damage|p2a: Zamazenta|31/100
|move|p2a: Zamazenta|Metal Burst|p1a: Xerneas
|-damage|p1a: Xerneas|0 fnt
|faint|p1a: Xerneas
|
|upkeep
|-message|euuufuf forfeited.
|
|win|REGITRUMP
|raw|euuufuf's rating: 1334 &rarr; <strong>1321</strong><br />(-13 for losing)
|raw|REGITRUMP's rating: 1455 &rarr; <strong>1468</strong><br />(+13 for winning)
|l|☆euuufuf
