|j|☆Kiwilias
|j|☆Taimote
|t:|1660767550
|gametype|singles
|player|p1|Kiwilias|swimmer-gen4|1399
|player|p2|Taimote|1|1644
|teamsize|p1|6
|teamsize|p2|6
|gen|8
|tier|[Gen 8] Ubers
|rated|
|rule|Sleep Clause Mod: Limit one foe put to sleep
|rule|Species Clause: Limit one of each Pokémon
|rule|OHKO Clause: OHKO moves are banned
|rule|Evasion Items Clause: Evasion items are banned
|rule|Evasion Moves Clause: Evasion moves are banned
|rule|Endless Battle Clause: Forcing endless battles is banned
|rule|HP Percentage Mod: HP is shown in percentages
|rule|Dynamax Clause: You cannot dynamax
|clearpoke
|poke|p1|Xerneas-*|
|poke|p1|Groudon|
|poke|p1|Palkia|
|poke|p1|Marshadow|
|poke|p1|Calyrex-Shadow|
|poke|p1|Reshiram|
|poke|p2|Calyrex-Ice|
|poke|p2|Dialga|
|poke|p2|Yveltal|
|poke|p2|Porygon2|
|poke|p2|Necrozma-Dusk-Mane|
|poke|p2|Dracovish|
|teampreview
|inactive|Battle timer is ON: inactive players will automatically lose when time's up. (requested by Taimote)
|
|t:|1660767589
|start
|switch|p1a: Calyrex|Calyrex-Shadow|100/100
|switch|p2a: Sitting Duck|Porygon2|100/100
|-ability|p1a: Calyrex|As One
|-ability|p1a: Calyrex|Unnerve
|-ability|p2a: Sitting Duck|Download|boost
|-boost|p2a: Sitting Duck|atk|1
|turn|1
|
|t:|1660767598
|move|p1a: Calyrex|Psyshock|p2a: Sitting Duck
|-damage|p2a: Sitting Duck|68/100
|move|p2a: Sitting Duck|Trick Room|p2a: Sitting Duck
|-fieldstart|move: Trick Room|[of] p2a: Sitting Duck
|
|upkeep
|turn|2
|
|t:|1660767609
|move|p2a: Sitting Duck|Shadow Ball|p1a: Calyrex
|-supereffective|p1a: Calyrex
|-damage|p1a: Calyrex|17/100
|move|p1a: Calyrex|Psyshock|p2a: Sitting Duck
|-damage|p2a: Sitting Duck|35/100
|
|upkeep
|turn|3
|
|t:|1660767617
|switch|p1a: Palkia|Palkia|100/100
|-ability|p1a: Palkia|Pressure
|move|p2a: Sitting Duck|Shadow Ball|p1a: Palkia
|-damage|p1a: Palkia|92/100
|
|upkeep
|turn|4
|
|t:|1660767622
|switch|p2a: Lil’ Taste|Dialga|100/100
|-ability|p2a: Lil’ Taste|Pressure
|-item|p2a: Lil’ Taste|Air Balloon
|move|p1a: Palkia|Spacial Rend|p2a: Lil’ Taste|[miss]
|-miss|p1a: Palkia|p2a: Lil’ Taste
|
|upkeep
|turn|5
|
|t:|1660767633
|move|p2a: Lil’ Taste|Stealth Rock|p1a: Palkia
|-sidestart|p1: Kiwilias|move: Stealth Rock
|move|p1a: Palkia|Spacial Rend|p2a: Lil’ Taste
|-damage|p2a: Lil’ Taste|45/100
|-enditem|p2a: Lil’ Taste|Air Balloon
|
|-fieldend|move: Trick Room
|upkeep
|turn|6
|
|t:|1660767645
|switch|p2a: Space Junk|Necrozma-Dusk-Mane|100/100
|move|p1a: Palkia|Spacial Rend|p2a: Space Junk
|-resisted|p2a: Space Junk
|-damage|p2a: Space Junk|78/100
|
|upkeep
|turn|7
|
|t:|1660767649
|switch|p1a: Groudon|Groudon|100/100
|-damage|p1a: Groudon|94/100|[from] Stealth Rock
|-weather|SunnyDay|[from] ability: Drought|[of] p1a: Groudon
|move|p2a: Space Junk|Trick Room|p2a: Space Junk
|-fieldstart|move: Trick Room|[of] p2a: Space Junk
|
|-weather|SunnyDay|[upkeep]
|upkeep
|turn|8
|
|t:|1660767659
|switch|p2a: Sitting Duck|Porygon2|35/100
|-ability|p2a: Sitting Duck|Download|boost
|-boost|p2a: Sitting Duck|spa|1
|move|p1a: Groudon|Stealth Rock|p2a: Sitting Duck
|-sidestart|p2: Taimote|move: Stealth Rock
|
|-weather|SunnyDay|[upkeep]
|upkeep
|turn|9
|
|t:|1660767663
|move|p1a: Groudon|Precipice Blades|p2a: Sitting Duck
|-damage|p2a: Sitting Duck|3/100
|move|p2a: Sitting Duck|Teleport|p2a: Sitting Duck
|
|t:|1660767666
|switch|p2a: Yeehaw|Calyrex-Ice|100/100|[from]move: Teleport
|-ability|p2a: Yeehaw|As One
|-ability|p2a: Yeehaw|Unnerve
|
|-weather|SunnyDay|[upkeep]
|upkeep
|turn|10
|inactive|Kiwilias has 120 seconds left.
|
|t:|1660767697
|move|p2a: Yeehaw|Glacial Lance|p1a: Groudon
|-supereffective|p1a: Groudon
|-damage|p1a: Groudon|6/100
|move|p1a: Groudon|Toxic|p2a: Yeehaw
|-status|p2a: Yeehaw|tox
|
|-weather|SunnyDay|[upkeep]
|-damage|p2a: Yeehaw|94/100 tox|[from] psn
|upkeep
|turn|11
|
|t:|1660767710
|move|p2a: Yeehaw|Glacial Lance|p1a: Groudon
|-supereffective|p1a: Groudon
|-damage|p1a: Groudon|0 fnt
|faint|p1a: Groudon
|-ability|p2a: Yeehaw|Chilling Neigh|boost
|-boost|p2a: Yeehaw|atk|1
|
|-weather|none
|-damage|p2a: Yeehaw|82/100 tox|[from] psn
|-fieldend|move: Trick Room
|upkeep
|inactive|Kiwilias has 120 seconds left.
|
|t:|1660767732
|switch|p1a: Marshadow|Marshadow|100/100
|-damage|p1a: Marshadow|94/100|[from] Stealth Rock
|turn|12
|inactive|Kiwilias has 120 seconds left.
|
|t:|1660767745
|switch|p2a: Sitting Duck|Porygon2|3/100
|-damage|p2a: Sitting Duck|0 fnt|[from] Stealth Rock
|faint|p2a: Sitting Duck
|move|p1a: Marshadow|Spectral Thief|p2: Sitting Duck|[notarget]
|-fail|p1a: Marshadow
|
|upkeep
|
|t:|1660767759
|switch|p2a: Edgelord|Yveltal|100/100
|-ability|p2a: Edgelord|Dark Aura
|turn|13
|inactive|Kiwilias has 120 seconds left.
|
|t:|1660767778
|switch|p1a: Xerneas|Xerneas|100/100
|-damage|p1a: Xerneas|88/100|[from] Stealth Rock
|-ability|p1a: Xerneas|Fairy Aura
|move|p2a: Edgelord|Knock Off|p1a: Xerneas
|-resisted|p1a: Xerneas
|-damage|p1a: Xerneas|64/100
|-enditem|p1a: Xerneas|Power Herb|[from] move: Knock Off|[of] p2a: Edgelord
|
|upkeep
|turn|14
|inactive|Kiwilias has 120 seconds left.
|
|t:|1660767786
|switch|p2a: Space Junk|Necrozma-Dusk-Mane|78/100
|-damage|p2a: Space Junk|72/100|[from] Stealth Rock
|move|p1a: Xerneas|Moonblast|p2a: Space Junk
|-resisted|p2a: Space Junk
|-damage|p2a: Space Junk|43/100
|
|upkeep
|turn|15
|
|t:|1660767791
|switch|p1a: Calyrex|Calyrex-Shadow|17/100
|-ability|p1a: Calyrex|As One
|-ability|p1a: Calyrex|Unnerve
|-damage|p1a: Calyrex|5/100|[from] Stealth Rock
|move|p2a: Space Junk|Trick Room|p2a: Space Junk
|-fieldstart|move: Trick Room|[of] p2a: Space Junk
|
|upkeep
|turn|16
|
|t:|1660767798
|move|p2a: Space Junk|Sunsteel Strike|p1a: Calyrex
|-damage|p1a: Calyrex|0 fnt
|faint|p1a: Calyrex
|
|upkeep
|
|t:|1660767805
|switch|p1a: Marshadow|Marshadow|94/100
|-damage|p1a: Marshadow|88/100|[from] Stealth Rock
|turn|17
|
|t:|1660767810
|move|p1a: Marshadow|Shadow Sneak|p2a: Space Junk
|-supereffective|p2a: Space Junk
|-damage|p2a: Space Junk|8/100
|-enditem|p2a: Space Junk|Weakness Policy
|-boost|p2a: Space Junk|atk|2|[from] item: Weakness Policy
|-boost|p2a: Space Junk|spa|2|[from] item: Weakness Policy
|move|p2a: Space Junk|Morning Sun|p2a: Space Junk
|-heal|p2a: Space Junk|58/100
|
|upkeep
|turn|18
|-message|Kiwilias forfeited.
|
|win|Taimote
|raw|Kiwilias's rating: 1384 &rarr; <strong>1377</strong><br />(-7 for losing)
|raw|Taimote's rating: 1644 &rarr; <strong>1651</strong><br />(+7 for winning)
|l|☆Kiwilias
||Ladder isn't responding, score probably updated but might not have (Request timeout).
