|j|☆TogeBirlHQ
|j|☆Raph369
|t:|1658941160
|gametype|singles
|player|p1|TogeBirlHQ|jogger|1514
|player|p2|Raph369|archer|1471
|teamsize|p1|6
|teamsize|p2|6
|gen|8
|tier|[Gen 8] Ubers
|rated|
|rule|Sleep Clause Mod: Limit one foe put to sleep
|rule|Species Clause: Limit one of each Pokémon
|rule|OHKO Clause: OHKO moves are banned
|rule|Evasion Moves Clause: Evasion moves are banned
|rule|Endless Battle Clause: Forcing endless battles is banned
|rule|HP Percentage Mod: HP is shown in percentages
|rule|Dynamax Clause: You cannot dynamax
|clearpoke
|poke|p1|Slurpuff, F|
|poke|p1|Calyrex-Shadow|
|poke|p1|Yveltal|
|poke|p1|Necrozma-Dusk-Mane|
|poke|p1|Landorus, M|
|poke|p1|Eternatus|
|poke|p2|Darmanitan-Galar, F|
|poke|p2|Urshifu-*, F|
|poke|p2|Yveltal|
|poke|p2|Landorus, M|
|poke|p2|Palkia|
|poke|p2|Blissey, F|
|teampreview
|
|t:|1658941183
|start
|switch|p1a: Slurpuff|Slurpuff, F|100/100
|switch|p2a: Darmanitan|Darmanitan-Galar, F|100/100
|turn|1
|
|t:|1658941189
|move|p2a: Darmanitan|Icicle Crash|p1a: Slurpuff
|-enditem|p1a: Slurpuff|Focus Sash
|-damage|p1a: Slurpuff|1/100
|cant|p1a: Slurpuff|flinch
|
|upkeep
|turn|2
|
|t:|1658941194
|move|p1a: Slurpuff|Sticky Web|p2a: Darmanitan
|-sidestart|p2: Raph369|move: Sticky Web
|move|p2a: Darmanitan|Icicle Crash|p1a: Slurpuff
|-damage|p1a: Slurpuff|0 fnt
|faint|p1a: Slurpuff
|
|upkeep
|
|t:|1658941209
|switch|p1a: Necrozma|Necrozma-Dusk-Mane|100/100
|turn|3
|
|t:|1658941215
|move|p2a: Darmanitan|Icicle Crash|p1a: Necrozma
|-resisted|p1a: Necrozma
|-damage|p1a: Necrozma|67/100
|move|p1a: Necrozma|Dragon Dance|p1a: Necrozma
|-boost|p1a: Necrozma|atk|1
|-boost|p1a: Necrozma|spe|1
|
|upkeep
|turn|4
|
|t:|1658941221
|move|p2a: Darmanitan|Icicle Crash|p1a: Necrozma
|-resisted|p1a: Necrozma
|-damage|p1a: Necrozma|37/100
|cant|p1a: Necrozma|flinch
|
|upkeep
|turn|5
|
|t:|1658941227
|move|p2a: Darmanitan|Icicle Crash|p1a: Necrozma
|-resisted|p1a: Necrozma
|-damage|p1a: Necrozma|6/100
|cant|p1a: Necrozma|flinch
|
|upkeep
|turn|6
|
|t:|1658941233
|move|p2a: Darmanitan|Icicle Crash|p1a: Necrozma
|-resisted|p1a: Necrozma
|-damage|p1a: Necrozma|0 fnt
|faint|p1a: Necrozma
|
|upkeep
|
|t:|1658941238
|switch|p1a: Calyrex|Calyrex-Shadow|100/100
|-ability|p1a: Calyrex|As One
|-ability|p1a: Calyrex|Unnerve
|turn|7
|
|t:|1658941241
|move|p2a: Darmanitan|Icicle Crash|p1a: Calyrex
|-damage|p1a: Calyrex|14/100
|cant|p1a: Calyrex|flinch
|
|upkeep
|turn|8
|-message|TogeBirlHQ forfeited.
|
|win|Raph369
|raw|TogeBirlHQ's rating: 1514 &rarr; <strong>1492</strong><br />(-22 for losing)
|raw|Raph369's rating: 1471 &rarr; <strong>1493</strong><br />(+22 for winning)
|l|☆TogeBirlHQ
