|j|☆zhesiii
|j|☆TogeBirlHQ
|t:|1659739474
|gametype|singles
|player|p1|zhesiii|1|1473
|player|p2|TogeBirlHQ|266|1586
|teamsize|p1|6
|teamsize|p2|6
|gen|8
|tier|[Gen 8] Ubers
|rated|
|rule|Sleep Clause Mod: Limit one foe put to sleep
|rule|Species Clause: Limit one of each Pokémon
|rule|OHKO Clause: OHKO moves are banned
|rule|Evasion Items Clause: Evasion items are banned
|rule|Evasion Moves Clause: Evasion moves are banned
|rule|Endless Battle Clause: Forcing endless battles is banned
|rule|HP Percentage Mod: HP is shown in percentages
|rule|Dynamax Clause: You cannot dynamax
|clearpoke
|poke|p1|Necrozma-Dusk-Mane|
|poke|p1|Zygarde|
|poke|p1|Kyogre|
|poke|p1|Ferrothorn, M|
|poke|p1|Chansey, F|
|poke|p1|Marshadow|
|poke|p2|Urshifu-*, M|
|poke|p2|Calyrex-Shadow|
|poke|p2|Eternatus|
|poke|p2|Necrozma-Dusk-Mane|
|poke|p2|Yveltal|
|poke|p2|Ho-Oh|
|teampreview
|
|t:|1659739507
|start
|switch|p1a: Zygarde|Zygarde|100/100
|switch|p2a: Urshifu|Urshifu, M|100/100
|turn|1
|
|t:|1659739511
|move|p2a: Urshifu|Ice Punch|p1a: Zygarde
|-supereffective|p1a: Zygarde
|-damage|p1a: Zygarde|5/100
|-status|p1a: Zygarde|frz
|-curestatus|p1a: Zygarde|frz|[msg]
|move|p1a: Zygarde|Glare|p2a: Urshifu
|-status|p2a: Urshifu|par
|
|-heal|p1a: Zygarde|11/100|[from] item: Leftovers
|-activate|p1a: Zygarde|ability: Power Construct
|detailschange|p1a: Zygarde|Zygarde-Complete
|-heal|p1a: Zygarde|42/100|[silent]
|upkeep
|turn|2
|
|t:|1659739526
|switch|p1a: Ferrothorn|Ferrothorn, M|100/100
|switch|p2a: Calyrex|Calyrex-Shadow|100/100
|-ability|p2a: Calyrex|As One
|-ability|p2a: Calyrex|Unnerve
|
|upkeep
|turn|3
|
|t:|1659739534
|switch|p1a: Chansey|Chansey, F|100/100
|move|p2a: Calyrex|Aromatherapy|p2a: Calyrex
|-activate|p2a: Calyrex|move: Aromatherapy
|-curestatus|p2: Urshifu|par|[msg]
|
|upkeep
|turn|4
|
|t:|1659739540
|switch|p2a: Necrozma|Necrozma-Dusk-Mane|100/100
|move|p1a: Chansey|Toxic|p2a: Necrozma
|-immune|p2a: Necrozma
|
|upkeep
|turn|5
|
|t:|1659739554
|switch|p1a: Ferrothorn|Ferrothorn, M|100/100
|move|p2a: Necrozma|Stealth Rock|p1a: Ferrothorn
|-sidestart|p1: zhesiii|move: Stealth Rock
|
|upkeep
|turn|6
|
|t:|1659739564
|switch|p2a: Ho-Oh|Ho-Oh|100/100
|move|p1a: Ferrothorn|Leech Seed|p2a: Ho-Oh
|-start|p2a: Ho-Oh|move: Leech Seed
|
|-damage|p2a: Ho-Oh|88/100|[from] Leech Seed|[of] p1a: Ferrothorn
|upkeep
|turn|7
|
|t:|1659739569
|switch|p2a: Urshifu|Urshifu, M|100/100
|move|p1a: Ferrothorn|Protect||[still]
|-fail|p1a: Ferrothorn
|
|upkeep
|turn|8
|j| Waloogi67
|
|t:|1659739577
|move|p2a: Urshifu|Wicked Blow|p1a: Ferrothorn
|-crit|p1a: Ferrothorn
|-damage|p1a: Ferrothorn|35/100
|-damage|p2a: Urshifu|88/100|[from] ability: Iron Barbs|[of] p1a: Ferrothorn
|move|p1a: Ferrothorn|Leech Seed|p2a: Urshifu
|-start|p2a: Urshifu|move: Leech Seed
|
|-heal|p1a: Ferrothorn|42/100|[from] item: Leftovers
|-damage|p2a: Urshifu|76/100|[from] Leech Seed|[of] p1a: Ferrothorn
|-heal|p1a: Ferrothorn|54/100|[silent]
|upkeep
|turn|9
|
|t:|1659739600
|move|p1a: Ferrothorn|Protect|p1a: Ferrothorn
|-singleturn|p1a: Ferrothorn|Protect
|move|p2a: Urshifu|Wicked Blow|p1a: Ferrothorn
|-crit|p1a: Ferrothorn
|-damage|p1a: Ferrothorn|0 fnt
|-damage|p2a: Urshifu|64/100|[from] ability: Iron Barbs|[of] p1a: Ferrothorn
|faint|p1a: Ferrothorn
|
|upkeep
|
|t:|1659739609
|switch|p1a: Kyogre|Kyogre|100/100
|-damage|p1a: Kyogre|88/100|[from] Stealth Rock
|-weather|RainDance|[from] ability: Drizzle|[of] p1a: Kyogre
|turn|10
|
|t:|1659739612
|switch|p2a: Eternatus|Eternatus|100/100
|-ability|p2a: Eternatus|Pressure
|move|p1a: Kyogre|Water Spout|p2a: Eternatus
|-resisted|p2a: Eternatus
|-damage|p2a: Eternatus|68/100
|
|-weather|RainDance|[upkeep]
|upkeep
|turn|11
|
|t:|1659739621
|switch|p1a: Chansey|Chansey, F|100/100
|-damage|p1a: Chansey|88/100|[from] Stealth Rock
|move|p2a: Eternatus|Recover|p2a: Eternatus
|-heal|p2a: Eternatus|100/100
|
|-weather|RainDance|[upkeep]
|upkeep
|turn|12
|
|t:|1659739627
|switch|p2a: Urshifu|Urshifu, M|64/100
|move|p1a: Chansey|Stealth Rock|p2a: Urshifu
|-sidestart|p2: TogeBirlHQ|move: Stealth Rock
|
|-weather|RainDance|[upkeep]
|upkeep
|turn|13
|
|t:|1659739632
|switch|p1a: Zygarde|Zygarde-Complete|42/100
|-damage|p1a: Zygarde|36/100|[from] Stealth Rock
|move|p2a: Urshifu|Close Combat|p1a: Zygarde
|-damage|p1a: Zygarde|0 fnt
|-unboost|p2a: Urshifu|def|1
|-unboost|p2a: Urshifu|spd|1
|faint|p1a: Zygarde
|
|-weather|RainDance|[upkeep]
|upkeep
|
|t:|1659739640
|switch|p1a: Kyogre|Kyogre|88/100
|-damage|p1a: Kyogre|76/100|[from] Stealth Rock
|turn|14
|
|t:|1659739645
|switch|p2a: Necrozma|Necrozma-Dusk-Mane|100/100
|-damage|p2a: Necrozma|94/100|[from] Stealth Rock
|move|p1a: Kyogre|Water Spout|p2a: Necrozma
|-damage|p2a: Necrozma|41/100
|
|-weather|none
|-heal|p2a: Necrozma|47/100|[from] item: Leftovers
|upkeep
|turn|15
|
|t:|1659739653
|switch|p1a: Chansey|Chansey, F|88/100
|-damage|p1a: Chansey|75/100|[from] Stealth Rock
|move|p2a: Necrozma|Moonlight|p2a: Necrozma
|-heal|p2a: Necrozma|97/100
|
|-heal|p2a: Necrozma|100/100|[from] item: Leftovers
|upkeep
|turn|16
|
|t:|1659739661
|move|p2a: Necrozma|Sunsteel Strike|p1a: Chansey
|-damage|p1a: Chansey|44/100
|move|p1a: Chansey|Seismic Toss|p2a: Necrozma
|-damage|p2a: Necrozma|75/100
|
|-heal|p2a: Necrozma|81/100|[from] item: Leftovers
|upkeep
|turn|17
|
|t:|1659739713
|switch|p2a: Urshifu|Urshifu, M|64/100
|-damage|p2a: Urshifu|58/100|[from] Stealth Rock
|move|p1a: Chansey|Soft-Boiled|p1a: Chansey
|-heal|p1a: Chansey|94/100
|
|upkeep
|turn|18
|
|t:|1659739720
|move|p2a: Urshifu|Close Combat|p1a: Chansey
|-supereffective|p1a: Chansey
|-damage|p1a: Chansey|0 fnt
|-unboost|p2a: Urshifu|def|1
|-unboost|p2a: Urshifu|spd|1
|faint|p1a: Chansey
|
|upkeep
|
|t:|1659739724
|switch|p1a: Kyogre|Kyogre|76/100
|-damage|p1a: Kyogre|64/100|[from] Stealth Rock
|-weather|RainDance|[from] ability: Drizzle|[of] p1a: Kyogre
|turn|19
|
|t:|1659739729
|switch|p2a: Eternatus|Eternatus|100/100
|-damage|p2a: Eternatus|88/100|[from] Stealth Rock
|-ability|p2a: Eternatus|Pressure
|move|p1a: Kyogre|Origin Pulse|p2a: Eternatus
|-resisted|p2a: Eternatus
|-damage|p2a: Eternatus|57/100
|
|-weather|RainDance|[upkeep]
|upkeep
|turn|20
|
|t:|1659739744
|move|p1a: Kyogre|Origin Pulse|p2a: Eternatus
|-resisted|p2a: Eternatus
|-damage|p2a: Eternatus|26/100
|move|p2a: Eternatus|Recover|p2a: Eternatus
|-heal|p2a: Eternatus|76/100
|
|-weather|RainDance|[upkeep]
|upkeep
|turn|21
|
|t:|1659739749
|move|p1a: Kyogre|Origin Pulse|p2a: Eternatus
|-resisted|p2a: Eternatus
|-damage|p2a: Eternatus|49/100
|move|p2a: Eternatus|Mystical Fire|p1a: Kyogre
|-resisted|p1a: Kyogre
|-damage|p1a: Kyogre|59/100
|-unboost|p1a: Kyogre|spa|1
|
|-weather|RainDance|[upkeep]
|upkeep
|turn|22
|l| Waloogi67
|-message|zhesiii forfeited.
|
|win|TogeBirlHQ
|raw|zhesiii's rating: 1473 &rarr; <strong>1459</strong><br />(-14 for losing)
|raw|TogeBirlHQ's rating: 1586 &rarr; <strong>1600</strong><br />(+14 for winning)
|l|☆zhesiii
||Ladder isn't responding, score probably updated but might not have (Request timeout).
