|j|☆willcoxw
|j|☆KyogreF4N
|player|p1|willcoxw|clair|1716
|player|p2|KyogreF4N|battlegirl-gen4|1754
|teamsize|p1|6
|teamsize|p2|6
|gametype|singles
|gen|8
|tier|[Gen 8] Ubers
|rated|
|clearpoke
|poke|p1|Eternatus|
|poke|p1|Lunala|
|poke|p1|Zamazenta|
|poke|p1|Ferrothorn, M|
|poke|p1|Necrozma-Dusk-Mane|
|poke|p1|Zacian-Crowned|
|poke|p2|Eternatus|
|poke|p2|Tyranitar, F|
|poke|p2|Excadrill, F|
|poke|p2|Marshadow|
|poke|p2|Necrozma-Dusk-Mane|
|poke|p2|Corviknight, M|
|rule|Sleep Clause Mod: Limit one foe put to sleep
|rule|Species Clause: Limit one of each Pokémon
|rule|OHKO Clause: OHKO moves are banned
|rule|Evasion Moves Clause: Evasion moves are banned
|rule|Endless Battle Clause: Forcing endless battles is banned
|rule|HP Percentage Mod: HP is shown in percentages
|html|Ubers Dynamax Clause: Pokémon on the <a href="https://www.smogon.com/dex/ss/formats/uber/">Ubers Dynamax Banlist</a> cannot Dynamax.
|teampreview
|
|start
|switch|p1a: Ferrothorn|Ferrothorn, M|100/100
|switch|p2a: Corviknight|Corviknight, M|100/100
|-ability|p2a: Corviknight|Pressure
|turn|1
|
|switch|p2a: Eternatus|Eternatus|100/100
|-ability|p2a: Eternatus|Pressure
|move|p1a: Ferrothorn|Knock Off|p2a: Eternatus
|-damage|p2a: Eternatus|82/100
|-enditem|p2a: Eternatus|Life Orb|[from] move: Knock Off|[of] p1a: Ferrothorn
|
|upkeep
|turn|2
|
|switch|p1a: Lunala|Lunala|100/100
|move|p2a: Eternatus|Substitute|p2a: Eternatus
|-start|p2a: Eternatus|Substitute
|-damage|p2a: Eternatus|58/100
|
|upkeep
|turn|3
|
|move|p2a: Eternatus|Flamethrower|p1a: Lunala
|-damage|p1a: Lunala|88/100
|move|p1a: Lunala|Moongeist Beam|p2a: Eternatus
|-end|p2a: Eternatus|Substitute
|
|upkeep
|turn|4
|
|move|p2a: Eternatus|Recover|p2a: Eternatus
|-heal|p2a: Eternatus|100/100
|move|p1a: Lunala|Roost|p1a: Lunala
|-heal|p1a: Lunala|100/100
|-singleturn|p1a: Lunala|move: Roost
|
|upkeep
|turn|5
|
|switch|p2a: Tyranitar|Tyranitar, F|100/100
|-weather|Sandstorm|[from] ability: Sand Stream|[of] p2a: Tyranitar
|move|p1a: Lunala|Thunder Wave|p2a: Tyranitar
|-status|p2a: Tyranitar|par
|
|-weather|Sandstorm|[upkeep]
|-damage|p1a: Lunala|94/100|[from] Sandstorm
|upkeep
|turn|6
|
|switch|p1a: Ferrothorn|Ferrothorn, M|100/100
|move|p2a: Tyranitar|Stealth Rock|p1a: Ferrothorn
|-sidestart|p1: willcoxw|move: Stealth Rock
|
|-weather|Sandstorm|[upkeep]
|upkeep
|turn|7
|
|move|p1a: Ferrothorn|Stealth Rock|p2a: Tyranitar
|-sidestart|p2: KyogreF4N|move: Stealth Rock
|move|p2a: Tyranitar|Fire Blast|p1a: Ferrothorn
|-supereffective|p1a: Ferrothorn
|-damage|p1a: Ferrothorn|24/100
|
|-weather|Sandstorm|[upkeep]
|-heal|p1a: Ferrothorn|31/100|[from] item: Leftovers
|upkeep
|turn|8
|
|move|p1a: Ferrothorn|Body Press|p2a: Tyranitar
|-supereffective|p2a: Tyranitar
|-damage|p2a: Tyranitar|4/100 par
|cant|p2a: Tyranitar|par
|
|-weather|Sandstorm|[upkeep]
|-heal|p1a: Ferrothorn|37/100|[from] item: Leftovers
|upkeep
|turn|9
|
|move|p1a: Ferrothorn|Knock Off|p2a: Tyranitar
|-resisted|p2a: Tyranitar
|-damage|p2a: Tyranitar|0 fnt
|-enditem|p2a: Tyranitar|Smooth Rock|[from] move: Knock Off|[of] p1a: Ferrothorn
|faint|p2a: Tyranitar
|
|-weather|Sandstorm|[upkeep]
|-heal|p1a: Ferrothorn|43/100|[from] item: Leftovers
|upkeep
|
|switch|p2a: Excadrill|Excadrill, F|100/100
|-damage|p2a: Excadrill|97/100|[from] Stealth Rock
|turn|10
|
|-start|p1a: Ferrothorn|Dynamax
|-heal|p1a: Ferrothorn|43/100|[silent]
|move|p2a: Excadrill|Earthquake|p1a: Ferrothorn
|-damage|p1a: Ferrothorn|24/100
|-damage|p2a: Excadrill|87/100|[from] item: Life Orb
|move|p1a: Ferrothorn|Max Knuckle|p2a: Excadrill
|-supereffective|p2a: Excadrill
|-damage|p2a: Excadrill|33/100
|-boost|p1a: Ferrothorn|atk|1
|
|-weather|Sandstorm|[upkeep]
|-heal|p1a: Ferrothorn|27/100|[from] item: Leftovers
|upkeep
|turn|11
|
|-start|p2a: Excadrill|Dynamax
|-heal|p2a: Excadrill|33/100|[silent]
|move|p1a: Ferrothorn|Max Guard|p1a: Ferrothorn
|-singleturn|p1a: Ferrothorn|Max Guard
|move|p2a: Excadrill|Max Quake|p1a: Ferrothorn
|-activate|p1a: Ferrothorn|move: Max Guard
|
|-weather|Sandstorm|[upkeep]
|-heal|p1a: Ferrothorn|30/100|[from] item: Leftovers
|upkeep
|turn|12
|
|move|p2a: Excadrill|Max Quake|p1a: Ferrothorn
|-damage|p1a: Ferrothorn|2/100
|-boost|p2a: Excadrill|spd|1
|-damage|p2a: Excadrill|28/100|[from] item: Life Orb
|move|p1a: Ferrothorn|Max Knuckle|p2a: Excadrill
|-supereffective|p2a: Excadrill
|-damage|p2a: Excadrill|0 fnt
|-boost|p1a: Ferrothorn|atk|1
|faint|p2a: Excadrill
|
|-weather|none
|-heal|p1a: Ferrothorn|5/100|[from] item: Leftovers
|-end|p1a: Ferrothorn|Dynamax
|-heal|p1a: Ferrothorn|6/100|[silent]
|upkeep
|
|switch|p2a: Eternatus|Eternatus|100/100
|-damage|p2a: Eternatus|88/100|[from] Stealth Rock
|-ability|p2a: Eternatus|Pressure
|turn|13
|
|move|p2a: Eternatus|Substitute|p2a: Eternatus
|-start|p2a: Eternatus|Substitute
|-damage|p2a: Eternatus|63/100
|move|p1a: Ferrothorn|Leech Seed||[still]
|-fail|p1a: Ferrothorn
|
|-heal|p1a: Ferrothorn|12/100|[from] item: Leftovers
|upkeep
|turn|14
|
|move|p2a: Eternatus|Flamethrower|p1a: Ferrothorn
|-supereffective|p1a: Ferrothorn
|-damage|p1a: Ferrothorn|0 fnt
|faint|p1a: Ferrothorn
|
|upkeep
|
|switch|p1a: Zacian|Zacian-Crowned|100/100
|-damage|p1a: Zacian|94/100|[from] Stealth Rock
|-ability|p1a: Zacian|Intrepid Sword|boost
|-boost|p1a: Zacian|atk|1
|turn|15
|
|move|p1a: Zacian|Behemoth Blade|p2a: Eternatus
|-end|p2a: Eternatus|Substitute
|move|p2a: Eternatus|Flamethrower|p1a: Zacian
|-supereffective|p1a: Zacian
|-damage|p1a: Zacian|27/100
|
|upkeep
|turn|16
|
|switch|p2a: Corviknight|Corviknight, M|100/100
|-damage|p2a: Corviknight|88/100|[from] Stealth Rock
|-ability|p2a: Corviknight|Pressure
|move|p1a: Zacian|Behemoth Blade|p2a: Corviknight
|-resisted|p2a: Corviknight
|-damage|p2a: Corviknight|58/100
|
|-heal|p2a: Corviknight|64/100|[from] item: Leftovers
|upkeep
|turn|17
|
|move|p1a: Zacian|Close Combat|p2a: Corviknight
|-damage|p2a: Corviknight|15/100
|-unboost|p1a: Zacian|def|1
|-unboost|p1a: Zacian|spd|1
|move|p2a: Corviknight|Roost|p2a: Corviknight
|-heal|p2a: Corviknight|65/100
|-singleturn|p2a: Corviknight|move: Roost
|
|-heal|p2a: Corviknight|71/100|[from] item: Leftovers
|upkeep
|turn|18
|
|move|p1a: Zacian|Swords Dance|p1a: Zacian
|-boost|p1a: Zacian|atk|2
|move|p2a: Corviknight|Roost|p2a: Corviknight
|-heal|p2a: Corviknight|100/100
|-singleturn|p2a: Corviknight|move: Roost
|
|upkeep
|turn|19
|
|switch|p2a: Marshadow|Marshadow|100/100
|-damage|p2a: Marshadow|94/100|[from] Stealth Rock
|move|p1a: Zacian|Close Combat|p2a: Marshadow
|-immune|p2a: Marshadow
|
|upkeep
|turn|20
|
|switch|p1a: Eternatus|Eternatus|100/100
|-damage|p1a: Eternatus|88/100|[from] Stealth Rock
|-ability|p1a: Eternatus|Pressure
|move|p2a: Marshadow|Spectral Thief|p1a: Eternatus
|-damage|p1a: Eternatus|50/100
|
|upkeep
|turn|21
|
|switch|p2a: Necrozma|Necrozma-Dusk-Mane|100/100
|-damage|p2a: Necrozma|94/100|[from] Stealth Rock
|move|p1a: Eternatus|Recover|p1a: Eternatus
|-heal|p1a: Eternatus|99/100
|
|upkeep
|turn|22
|
|switch|p1a: Necrozma|Necrozma-Dusk-Mane|100/100
|-damage|p1a: Necrozma|94/100|[from] Stealth Rock
|move|p2a: Necrozma|Photon Geyser|p1a: Necrozma
|-resisted|p1a: Necrozma
|-damage|p1a: Necrozma|85/100
|
|-heal|p1a: Necrozma|91/100|[from] item: Leftovers
|upkeep
|turn|23
|
|move|p2a: Necrozma|Calm Mind|p2a: Necrozma
|-boost|p2a: Necrozma|spa|1
|-boost|p2a: Necrozma|spd|1
|move|p1a: Necrozma|Thunder Wave|p2a: Necrozma
|-status|p2a: Necrozma|par
|
|-heal|p1a: Necrozma|97/100|[from] item: Leftovers
|upkeep
|turn|24
|
|switch|p1a: Zacian|Zacian-Crowned|27/100
|-damage|p1a: Zacian|20/100|[from] Stealth Rock
|-ability|p1a: Zacian|Intrepid Sword|boost
|-boost|p1a: Zacian|atk|1
|move|p2a: Necrozma|Calm Mind|p2a: Necrozma
|-boost|p2a: Necrozma|spa|1
|-boost|p2a: Necrozma|spd|1
|
|upkeep
|turn|25
|
|move|p1a: Zacian|Close Combat|p2a: Necrozma
|-damage|p2a: Necrozma|42/100 par
|-unboost|p1a: Zacian|def|1
|-unboost|p1a: Zacian|spd|1
|cant|p2a: Necrozma|par
|
|upkeep
|turn|26
|
|move|p1a: Zacian|Close Combat|p2a: Necrozma
|-damage|p2a: Necrozma|0 fnt
|-unboost|p1a: Zacian|def|1
|-unboost|p1a: Zacian|spd|1
|faint|p2a: Necrozma
|
|upkeep
|
|switch|p2a: Marshadow|Marshadow|94/100
|-damage|p2a: Marshadow|88/100|[from] Stealth Rock
|turn|27
|c|☆willcoxw|oh oui
|
|switch|p1a: Eternatus|Eternatus|99/100
|-damage|p1a: Eternatus|88/100|[from] Stealth Rock
|-ability|p1a: Eternatus|Pressure
|move|p2a: Marshadow|Spectral Thief|p1a: Eternatus
|-damage|p1a: Eternatus|51/100
|
|upkeep
|turn|28
|
|move|p2a: Marshadow|Spectral Thief|p1a: Eternatus
|-damage|p1a: Eternatus|11/100
|move|p1a: Eternatus|Recover|p1a: Eternatus
|-heal|p1a: Eternatus|61/100
|
|upkeep
|turn|29
|
|switch|p2a: Eternatus|Eternatus|63/100
|-damage|p2a: Eternatus|51/100|[from] Stealth Rock
|-ability|p2a: Eternatus|Pressure
|move|p1a: Eternatus|Recover|p1a: Eternatus
|-heal|p1a: Eternatus|100/100
|
|upkeep
|turn|30
|
|move|p1a: Eternatus|Dynamax Cannon|p2a: Eternatus
|-supereffective|p2a: Eternatus
|-damage|p2a: Eternatus|0 fnt
|-damage|p1a: Eternatus|91/100|[from] item: Life Orb
|faint|p2a: Eternatus
|
|upkeep
|c|☆KyogreF4N|Gg
|c|☆willcoxw|gg mon pote
|c|☆KyogreF4N|C'est qui ?
|c|☆willcoxw|un joueur francais
|c|☆KyogreF4N|Kabi?
|
|switch|p2a: Marshadow|Marshadow|88/100
|-damage|p2a: Marshadow|82/100|[from] Stealth Rock
|turn|31
|c|☆willcoxw|non
|
|move|p2a: Marshadow|Outrage|p1a: Eternatus
|-supereffective|p1a: Eternatus
|-damage|p1a: Eternatus|18/100
|move|p1a: Eternatus|Dynamax Cannon|p2a: Marshadow
|-damage|p2a: Marshadow|1/100
|-damage|p1a: Eternatus|8/100|[from] item: Life Orb
|
|upkeep
|turn|32
|c|☆KyogreF4N|L'habitat?
|
|switch|p1a: Zacian|Zacian-Crowned|20/100
|-damage|p1a: Zacian|14/100|[from] Stealth Rock
|-ability|p1a: Zacian|Intrepid Sword|boost
|-boost|p1a: Zacian|atk|1
|move|p2a: Marshadow|Outrage|p1a: Zacian|[from]lockedmove
|-immune|p1a: Zacian
|-start|p2a: Marshadow|confusion|[fatigue]
|
|upkeep
|turn|33
|c|☆willcoxw|non
|
|switch|p2a: Corviknight|Corviknight, M|100/100
|-damage|p2a: Corviknight|88/100|[from] Stealth Rock
|-ability|p2a: Corviknight|Pressure
|move|p1a: Zacian|Swords Dance|p1a: Zacian
|-boost|p1a: Zacian|atk|2
|
|-heal|p2a: Corviknight|94/100|[from] item: Leftovers
|upkeep
|turn|34
|
|move|p1a: Zacian|Close Combat|p2a: Corviknight
|-damage|p2a: Corviknight|24/100
|-unboost|p1a: Zacian|def|1
|-unboost|p1a: Zacian|spd|1
|move|p2a: Corviknight|Defog|p1a: Zacian
|-unboost|p1a: Zacian|evasion|1
|-sideend|p1: willcoxw|Stealth Rock|[from] move: Defog|[of] p2a: Corviknight
|-sideend|p2: KyogreF4N|Stealth Rock|[from] move: Defog|[of] p2a: Corviknight
|
|-heal|p2a: Corviknight|30/100|[from] item: Leftovers
|upkeep
|turn|35
|c|☆KyogreF4N|Royal mdr
|
|move|p1a: Zacian|Behemoth Blade|p2a: Corviknight
|-resisted|p2a: Corviknight
|-damage|p2a: Corviknight|0 fnt
|faint|p2a: Corviknight
|
|upkeep
|
|switch|p2a: Marshadow|Marshadow|1/100
|turn|36
|j| Bobsor
|
|switch|p1a: Eternatus|Eternatus|8/100
|-ability|p1a: Eternatus|Pressure
|move|p2a: Marshadow|Spectral Thief|p1a: Eternatus
|-damage|p1a: Eternatus|0 fnt
|faint|p1a: Eternatus
|
|upkeep
|c|☆willcoxw|non plus
|
|switch|p1a: Necrozma|Necrozma-Dusk-Mane|97/100
|turn|37
|c|☆KyogreF4N|C pas sharow c sur
|c|☆willcoxw|non plus
|
|move|p2a: Marshadow|Spectral Thief|p1a: Necrozma
|-supereffective|p1a: Necrozma
|-damage|p1a: Necrozma|60/100
|move|p1a: Necrozma|Knock Off|p2a: Marshadow
|-damage|p2a: Marshadow|0 fnt
|-enditem|p2a: Marshadow|Choice Scarf|[from] move: Knock Off|[of] p1a: Necrozma
|faint|p2a: Marshadow
|
|win|willcoxw
|raw|willcoxw's rating: 1731 &rarr; <strong>1752</strong><br />(+21 for winning)
|raw|KyogreF4N's rating: 1754 &rarr; <strong>1732</strong><br />(-22 for losing)
|l| Bobsor
|c|☆KyogreF4N|Hmmmm
|c|☆willcoxw|merci
|c|☆KyogreF4N|Era?
|c|☆KyogreF4N|Exiline?
|c|☆willcoxw|je suis un nouveau
|c|☆KyogreF4N|J'avoue que jsuis a court d'idées
|c|☆willcoxw|un fan lol
|c|☆KyogreF4N|Palapapop
|c|☆KyogreF4N|KyogreF4NF4N?
|c|☆KyogreF4N|Ciel
|c|☆willcoxw|david
|c|☆KyogreF4N|Dtm?
|c|☆willcoxw|ou bleu chen
|c|☆KyogreF4N|Ahhh
|c|☆willcoxw|ou rusty bleu
|c|☆KyogreF4N|OK je t'ai déjà vu sur le ladd
|c|☆KyogreF4N|Tout ça c'est toi wow
|c|☆KyogreF4N|Ben gg
|l|☆KyogreF4N
|c|☆willcoxw|toi aussi tu remonte au ladd
