|raw|<div class="broadcast-blue"><strong>This battle is required to be public due to a player having a name starting with 'ULTBG7V'.</div>
|j|☆ULTBG7V solrock
|j|☆ULTBG7V BLAST BURN
|t:|1621932171
|gametype|singles
|player|p1|ULTBG7V solrock|101|1710
|player|p2|ULTBG7V BLAST BURN|unknown|1725
|teamsize|p1|6
|teamsize|p2|6
|gen|8
|tier|[Gen 8] Ubers
|rated|
|rule|Sleep Clause Mod: Limit one foe put to sleep
|rule|Species Clause: Limit one of each Pokémon
|rule|OHKO Clause: OHKO moves are banned
|rule|Evasion Moves Clause: Evasion moves are banned
|rule|Endless Battle Clause: Forcing endless battles is banned
|rule|HP Percentage Mod: HP is shown in percentages
|rule|Dynamax Clause: You cannot dynamax
|clearpoke
|poke|p1|Kyogre|
|poke|p1|Eternatus|
|poke|p1|Tangrowth, F|
|poke|p1|Necrozma-Dusk-Mane|
|poke|p1|Yveltal|
|poke|p1|Xerneas-*|
|poke|p2|Zygarde|
|poke|p2|Ho-Oh|
|poke|p2|Groudon|
|poke|p2|Yveltal|
|poke|p2|Necrozma-Dusk-Mane|
|poke|p2|Eternatus|
|teampreview
|inactive|Battle timer is ON: inactive players will automatically lose when time's up. (requested by ULTBG7V BLAST BURN)
|j| Oh no Im on phone
|j| EtIsh
|
|t:|1621932194
|start
|switch|p1a: Kyogre|Kyogre|100/100
|switch|p2a: Groudon|Groudon|100/100
|-weather|RainDance|[from] ability: Drizzle|[of] p1a: Kyogre
|-weather|SunnyDay|[from] ability: Drought|[of] p2a: Groudon
|turn|1
|
|t:|1621932205
|switch|p2a: Eternatus|Eternatus|100/100
|-ability|p2a: Eternatus|Pressure
|move|p1a: Kyogre|Scald|p2a: Eternatus
|-resisted|p2a: Eternatus
|-damage|p2a: Eternatus|94/100
|
|-weather|SunnyDay|[upkeep]
|upkeep
|turn|2
|
|t:|1621932213
|switch|p2a: Zygarde|Zygarde|100/100
|switch|p1a: Necrozma|Necrozma-Dusk-Mane|100/100
|
|-weather|SunnyDay|[upkeep]
|upkeep
|turn|3
|
|t:|1621932224
|switch|p1a: Tangrowth|Tangrowth, F|100/100
|move|p2a: Zygarde|Toxic|p1a: Tangrowth
|-status|p1a: Tangrowth|tox
|
|-weather|SunnyDay|[upkeep]
|-damage|p1a: Tangrowth|94/100 tox|[from] psn
|upkeep
|turn|4
|
|t:|1621932236
|move|p2a: Zygarde|Thousand Waves|p1a: Tangrowth
|-resisted|p1a: Tangrowth
|-damage|p1a: Tangrowth|87/100 tox
|-activate|p1a: Tangrowth|trapped
|move|p1a: Tangrowth|Knock Off|p2a: Zygarde
|-damage|p2a: Zygarde|88/100
|-enditem|p2a: Zygarde|Leftovers|[from] move: Knock Off|[of] p1a: Tangrowth
|
|-weather|SunnyDay|[upkeep]
|-damage|p1a: Tangrowth|75/100 tox|[from] psn
|upkeep
|turn|5
|
|t:|1621932246
|move|p2a: Zygarde|Thousand Waves|p1a: Tangrowth
|-resisted|p1a: Tangrowth
|-damage|p1a: Tangrowth|66/100 tox
|move|p1a: Tangrowth|Infestation|p2a: Zygarde
|-damage|p2a: Zygarde|84/100
|-activate|p2a: Zygarde|move: Infestation|[of] p1a: Tangrowth
|
|-weather|none
|-damage|p1a: Tangrowth|47/100 tox|[from] psn
|-damage|p2a: Zygarde|72/100|[from] move: Infestation|[partiallytrapped]
|upkeep
|turn|6
|
|t:|1621932253
|move|p2a: Zygarde|Thousand Waves|p1a: Tangrowth
|-resisted|p1a: Tangrowth
|-damage|p1a: Tangrowth|40/100 tox
|move|p1a: Tangrowth|Grass Knot|p2a: Zygarde
|-damage|p2a: Zygarde|34/100
|
|-damage|p1a: Tangrowth|15/100 tox|[from] psn
|-damage|p2a: Zygarde|21/100|[from] move: Infestation|[partiallytrapped]
|-activate|p2a: Zygarde|ability: Power Construct
|detailschange|p2a: Zygarde|Zygarde-Complete
|-heal|p2a: Zygarde|48/100|[silent]
|upkeep
|turn|7
|
|t:|1621932256
|move|p2a: Zygarde|Thousand Waves|p1a: Tangrowth
|-resisted|p1a: Tangrowth
|-damage|p1a: Tangrowth|8/100 tox
|move|p1a: Tangrowth|Grass Knot|p2a: Zygarde
|-damage|p2a: Zygarde|24/100
|
|-damage|p1a: Tangrowth|0 fnt|[from] psn
|faint|p1a: Tangrowth
|-end|p2a: Zygarde|Infestation|[partiallytrapped]|[silent]
|upkeep
|
|t:|1621932263
|switch|p1a: Eternatus|Eternatus|100/100
|-ability|p1a: Eternatus|Pressure
|turn|8
|
|t:|1621932267
|switch|p2a: Necrozma|Necrozma-Dusk-Mane|100/100
|move|p1a: Eternatus|Cosmic Power|p1a: Eternatus
|-boost|p1a: Eternatus|def|1
|-boost|p1a: Eternatus|spd|1
|
|upkeep
|turn|9
|
|t:|1621932273
|move|p1a: Eternatus|Cosmic Power|p1a: Eternatus
|-boost|p1a: Eternatus|def|1
|-boost|p1a: Eternatus|spd|1
|move|p2a: Necrozma|Stealth Rock|p1a: Eternatus
|-sidestart|p1: ULTBG7V solrock|move: Stealth Rock
|
|upkeep
|turn|10
|
|t:|1621932277
|move|p1a: Eternatus|Cosmic Power|p1a: Eternatus
|-boost|p1a: Eternatus|def|1
|-boost|p1a: Eternatus|spd|1
|move|p2a: Necrozma|Thunder Wave|p1a: Eternatus|[miss]
|-miss|p2a: Necrozma|p1a: Eternatus
|
|upkeep
|turn|11
|
|t:|1621932281
|move|p1a: Eternatus|Cosmic Power|p1a: Eternatus
|-boost|p1a: Eternatus|def|1
|-boost|p1a: Eternatus|spd|1
|move|p2a: Necrozma|Thunder Wave|p1a: Eternatus
|-status|p1a: Eternatus|par
|
|upkeep
|turn|12
|
|t:|1621932289
|switch|p2a: Eternatus|Eternatus|94/100
|-ability|p2a: Eternatus|Pressure
|move|p1a: Eternatus|Dragon Pulse|p2a: Eternatus
|-supereffective|p2a: Eternatus
|-damage|p2a: Eternatus|43/100
|
|upkeep
|turn|13
|
|t:|1621932294
|move|p2a: Eternatus|Recover|p2a: Eternatus
|-heal|p2a: Eternatus|93/100
|move|p1a: Eternatus|Dragon Pulse|p2a: Eternatus
|-supereffective|p2a: Eternatus
|-damage|p2a: Eternatus|45/100
|
|upkeep
|turn|14
|
|t:|1621932300
|move|p2a: Eternatus|Recover|p2a: Eternatus
|-heal|p2a: Eternatus|95/100
|cant|p1a: Eternatus|par
|
|upkeep
|turn|15
|
|t:|1621932311
|switch|p2a: Necrozma|Necrozma-Dusk-Mane|100/100
|move|p1a: Eternatus|Cosmic Power|p1a: Eternatus
|-boost|p1a: Eternatus|def|1
|-boost|p1a: Eternatus|spd|1
|
|upkeep
|turn|16
|
|t:|1621932317
|cant|p1a: Eternatus|par
|move|p2a: Necrozma|Thunder Wave|p1a: Eternatus
|-fail|p1a: Eternatus|par
|
|upkeep
|turn|17
|
|t:|1621932323
|move|p1a: Eternatus|Cosmic Power|p1a: Eternatus
|-boost|p1a: Eternatus|def|1
|-boost|p1a: Eternatus|spd|1
|move|p2a: Necrozma|Thunder Wave|p1a: Eternatus
|-fail|p1a: Eternatus|par
|
|upkeep
|turn|18
|
|t:|1621932328
|switch|p2a: Eternatus|Eternatus|95/100
|-ability|p2a: Eternatus|Pressure
|cant|p1a: Eternatus|par
|
|upkeep
|turn|19
|
|t:|1621932335
|switch|p2a: Necrozma|Necrozma-Dusk-Mane|100/100
|move|p1a: Eternatus|Meteor Beam||[still]
|-prepare|p1a: Eternatus|Meteor Beam
|-boost|p1a: Eternatus|spa|1
|-enditem|p1a: Eternatus|Power Herb
|-anim|p1a: Eternatus|Meteor Beam|p2a: Necrozma
|-resisted|p2a: Necrozma
|-damage|p2a: Necrozma|76/100
|
|-heal|p2a: Necrozma|82/100|[from] item: Leftovers
|upkeep
|turn|20
|
|t:|1621932354
|switch|p2a: Ho-Oh|Ho-Oh|100/100
|move|p1a: Eternatus|Meteor Beam||[still]
|-prepare|p1a: Eternatus|Meteor Beam
|-boost|p1a: Eternatus|spa|1
|
|upkeep
|turn|21
|
|t:|1621932361
|switch|p2a: Necrozma|Necrozma-Dusk-Mane|82/100
|move|p1a: Eternatus|Meteor Beam|p2a: Necrozma|[from]lockedmove
|-resisted|p2a: Necrozma
|-damage|p2a: Necrozma|54/100
|
|-heal|p2a: Necrozma|60/100|[from] item: Leftovers
|upkeep
|turn|22
|
|t:|1621932365
|move|p1a: Eternatus|Meteor Beam||[still]
|-prepare|p1a: Eternatus|Meteor Beam
|-boost|p1a: Eternatus|spa|1
|move|p2a: Necrozma|Morning Sun|p2a: Necrozma
|-heal|p2a: Necrozma|100/100
|
|upkeep
|turn|23
|j| ULTBG7V crabby
|j| ULTBG7V Gamble
|inactive|ULTBG7V BLAST BURN has 120 seconds left.
|
|t:|1621932409
|switch|p2a: Groudon|Groudon|100/100
|-weather|SunnyDay|[from] ability: Drought|[of] p2a: Groudon
|move|p1a: Eternatus|Meteor Beam|p2a: Groudon|[from]lockedmove
|-resisted|p2a: Groudon
|-damage|p2a: Groudon|56/100
|
|-weather|SunnyDay|[upkeep]
|-heal|p2a: Groudon|62/100|[from] item: Leftovers
|upkeep
|turn|24
|n| ult8rq iceman|ultbg7vcrabby
|inactive|ULTBG7V solrock has 120 seconds left.
|
|t:|1621932467
|move|p2a: Groudon|Precipice Blades|p1a: Eternatus
|-supereffective|p1a: Eternatus
|-damage|p1a: Eternatus|74/100 par
|cant|p1a: Eternatus|par
|
|-weather|SunnyDay|[upkeep]
|-heal|p2a: Groudon|69/100|[from] item: Leftovers
|upkeep
|turn|25
|
|t:|1621932480
|move|p2a: Groudon|Precipice Blades|p1a: Eternatus|[miss]
|-miss|p2a: Groudon|p1a: Eternatus
|move|p1a: Eternatus|Dragon Pulse|p2a: Groudon
|-damage|p2a: Groudon|0 fnt
|faint|p2a: Groudon
|
|-weather|SunnyDay|[upkeep]
|upkeep
|j| Holy Purgatory
|
|t:|1621932486
|switch|p2a: Zygarde|Zygarde-Complete|24/100
|turn|26
|
|t:|1621932491
|move|p2a: Zygarde|Haze|p2a: Zygarde
|-clearallboost
|move|p1a: Eternatus|Dragon Pulse|p2a: Zygarde
|-supereffective|p2a: Zygarde
|-damage|p2a: Zygarde|0 fnt
|faint|p2a: Zygarde
|
|-weather|SunnyDay|[upkeep]
|upkeep
|
|t:|1621932502
|switch|p2a: Ho-Oh|Ho-Oh|100/100
|turn|27
|
|t:|1621932506
|move|p2a: Ho-Oh|Brave Bird|p1a: Eternatus
|-damage|p1a: Eternatus|0 fnt
|faint|p1a: Eternatus
|-damage|p2a: Ho-Oh|68/100|[from] Recoil
|
|-weather|none
|upkeep
|
|t:|1621932511
|switch|p1a: Yveltal|Yveltal|100/100
|-ability|p1a: Yveltal|Dark Aura
|turn|28
|inactive|ULTBG7V BLAST BURN has 120 seconds left.
|j| King Billu
|
|t:|1621932545
|switch|p2a: Eternatus|Eternatus|95/100
|-ability|p2a: Eternatus|Pressure
|move|p1a: Yveltal|Defog|p2a: Eternatus
|-unboost|p2a: Eternatus|evasion|1
|-sideend|p1: ULTBG7V solrock|Stealth Rock|[from] move: Defog|[of] p1a: Yveltal
|
|upkeep
|turn|29
|
|t:|1621932553
|switch|p1a: Necrozma|Necrozma-Dusk-Mane|100/100
|move|p2a: Eternatus|Dynamax Cannon|p1a: Necrozma
|-resisted|p1a: Necrozma
|-damage|p1a: Necrozma|87/100
|
|-heal|p1a: Necrozma|93/100|[from] item: Leftovers
|upkeep
|turn|30
|
|t:|1621932563
|switch|p2a: Yveltal|Yveltal|100/100
|-ability|p2a: Yveltal|Dark Aura
|move|p1a: Necrozma|Stealth Rock|p2a: Yveltal
|-sidestart|p2: ULTBG7V BLAST BURN|move: Stealth Rock
|
|-heal|p1a: Necrozma|99/100|[from] item: Leftovers
|upkeep
|turn|31
|
|t:|1621932567
|move|p2a: Yveltal|Defog|p1a: Necrozma
|-unboost|p1a: Necrozma|evasion|1
|-sideend|p2: ULTBG7V BLAST BURN|Stealth Rock|[from] move: Defog|[of] p2a: Yveltal
|move|p1a: Necrozma|Knock Off|p2a: Yveltal
|-resisted|p2a: Yveltal
|-damage|p2a: Yveltal|80/100
|-enditem|p2a: Yveltal|Heavy-Duty Boots|[from] move: Knock Off|[of] p1a: Necrozma
|
|-heal|p1a: Necrozma|100/100|[from] item: Leftovers
|upkeep
|turn|32
|
|t:|1621932571
|switch|p1a: Xerneas|Xerneas|100/100
|-ability|p1a: Xerneas|Fairy Aura
|-item|p1a: Xerneas|Air Balloon
|move|p2a: Yveltal|Knock Off|p1a: Xerneas
|-resisted|p1a: Xerneas
|-damage|p1a: Xerneas|84/100
|-enditem|p1a: Xerneas|Air Balloon
|
|upkeep
|turn|33
|c| EtIsh|ballon?
|l| King Billu
|c|☆ULTBG7V BLAST BURN|Tf
|c| EtIsh|for?
|
|t:|1621932585
|switch|p2a: Necrozma|Necrozma-Dusk-Mane|100/100
|switch|p1a: Yveltal|Yveltal|100/100
|-ability|p1a: Yveltal|Dark Aura
|
|upkeep
|turn|34
|
|t:|1621932588
|switch|p2a: Yveltal|Yveltal|80/100
|-ability|p2a: Yveltal|Dark Aura
|move|p1a: Yveltal|Foul Play|p2a: Yveltal
|-resisted|p2a: Yveltal
|-damage|p2a: Yveltal|55/100
|
|upkeep
|turn|35
|j| ULTBG7V Holy
|c| ult8rq iceman|baloon
|
|t:|1621932592
|switch|p1a: Kyogre|Kyogre|100/100
|-weather|RainDance|[from] ability: Drizzle|[of] p1a: Kyogre
|move|p2a: Yveltal|Roost|p2a: Yveltal
|-heal|p2a: Yveltal|100/100
|-singleturn|p2a: Yveltal|move: Roost
|
|-weather|RainDance|[upkeep]
|upkeep
|turn|36
|c| ult8rq iceman|with tang
|c| ult8rq iceman|wierd
|c| EtIsh|probly for groundon ig
|c| EtIsh|if he got heart crash
|j| JamboreeJourney
|c| EtIsh|tang lose
|inactive|ULTBG7V solrock has 120 seconds left.
|c| ult8rq iceman|nah grass knot ohkoes
|
|t:|1621932634
|move|p2a: Yveltal|Knock Off|p1a: Kyogre
|-damage|p1a: Kyogre|61/100
|-enditem|p1a: Kyogre|Leftovers|[from] move: Knock Off|[of] p2a: Yveltal
|move|p1a: Kyogre|Block|p2a: Yveltal
|-activate|p2a: Yveltal|trapped
|
|-weather|RainDance|[upkeep]
|upkeep
|turn|37
|c| ult8rq iceman|and p sure tang lives one crash
|c| EtIsh|he can sd vs ndm
|
|t:|1621932645
|move|p2a: Yveltal|Knock Off|p1a: Kyogre
|-damage|p1a: Kyogre|37/100
|move|p1a: Kyogre|Calm Mind|p1a: Kyogre
|-boost|p1a: Kyogre|spa|1
|-boost|p1a: Kyogre|spd|1
|
|-weather|RainDance|[upkeep]
|upkeep
|turn|38
|c| EtIsh|on sun?
|
|t:|1621932649
|move|p2a: Yveltal|Knock Off|p1a: Kyogre
|-damage|p1a: Kyogre|13/100
|move|p1a: Kyogre|Rest|p1a: Kyogre
|-status|p1a: Kyogre|slp|[from] move: Rest
|-heal|p1a: Kyogre|100/100 slp|[silent]
|
|-weather|RainDance|[upkeep]
|upkeep
|turn|39
|
|t:|1621932652
|move|p2a: Yveltal|Knock Off|p1a: Kyogre
|-damage|p1a: Kyogre|78/100 slp
|cant|p1a: Kyogre|slp
|
|-weather|none
|upkeep
|turn|40
|
|t:|1621932655
|move|p2a: Yveltal|Knock Off|p1a: Kyogre
|-damage|p1a: Kyogre|53/100 slp
|cant|p1a: Kyogre|slp
|
|upkeep
|turn|41
|
|t:|1621932658
|move|p2a: Yveltal|Knock Off|p1a: Kyogre
|-damage|p1a: Kyogre|29/100 slp
|-curestatus|p1a: Kyogre|slp|[msg]
|move|p1a: Kyogre|Rest|p1a: Kyogre
|-status|p1a: Kyogre|slp|[from] move: Rest
|-heal|p1a: Kyogre|100/100 slp|[silent]
|
|upkeep
|turn|42
|
|t:|1621932661
|move|p2a: Yveltal|Knock Off|p1a: Kyogre
|-damage|p1a: Kyogre|76/100 slp
|cant|p1a: Kyogre|slp
|
|upkeep
|turn|43
|
|t:|1621932664
|move|p2a: Yveltal|Knock Off|p1a: Kyogre
|-damage|p1a: Kyogre|53/100 slp
|cant|p1a: Kyogre|slp
|
|upkeep
|turn|44
|
|t:|1621932666
|move|p2a: Yveltal|Knock Off|p1a: Kyogre
|-damage|p1a: Kyogre|30/100 slp
|-curestatus|p1a: Kyogre|slp|[msg]
|move|p1a: Kyogre|Rest|p1a: Kyogre
|-status|p1a: Kyogre|slp|[from] move: Rest
|-heal|p1a: Kyogre|100/100 slp|[silent]
|
|upkeep
|turn|45
|
|t:|1621932669
|move|p2a: Yveltal|Knock Off|p1a: Kyogre
|-damage|p1a: Kyogre|73/100 slp
|cant|p1a: Kyogre|slp
|
|upkeep
|turn|46
|
|t:|1621932695
|move|p2a: Yveltal|Knock Off|p1a: Kyogre
|-crit|p1a: Kyogre
|-damage|p1a: Kyogre|39/100 slp
|cant|p1a: Kyogre|slp
|
|upkeep
|turn|47
|
|t:|1621932700
|move|p2a: Yveltal|Knock Off|p1a: Kyogre
|-damage|p1a: Kyogre|13/100 slp
|-curestatus|p1a: Kyogre|slp|[msg]
|move|p1a: Kyogre|Rest|p1a: Kyogre
|-status|p1a: Kyogre|slp|[from] move: Rest
|-heal|p1a: Kyogre|100/100 slp|[silent]
|
|upkeep
|turn|48
|c| ult8rq iceman|2 crits
|c| ult8rq iceman|and ogre dead
|
|t:|1621932704
|move|p2a: Yveltal|Knock Off|p1a: Kyogre
|-damage|p1a: Kyogre|76/100 slp
|cant|p1a: Kyogre|slp
|
|upkeep
|turn|49
|
|t:|1621932707
|move|p2a: Yveltal|Knock Off|p1a: Kyogre
|-damage|p1a: Kyogre|52/100 slp
|cant|p1a: Kyogre|slp
|
|upkeep
|turn|50
|
|t:|1621932711
|move|p2a: Yveltal|Knock Off|p1a: Kyogre
|-damage|p1a: Kyogre|27/100 slp
|-curestatus|p1a: Kyogre|slp|[msg]
|move|p1a: Kyogre|Rest|p1a: Kyogre
|-status|p1a: Kyogre|slp|[from] move: Rest
|-heal|p1a: Kyogre|100/100 slp|[silent]
|
|upkeep
|turn|51
|
|t:|1621932715
|move|p2a: Yveltal|Knock Off|p1a: Kyogre
|-damage|p1a: Kyogre|76/100 slp
|cant|p1a: Kyogre|slp
|
|upkeep
|turn|52
|
|t:|1621932718
|move|p2a: Yveltal|Knock Off|p1a: Kyogre
|-damage|p1a: Kyogre|52/100 slp
|cant|p1a: Kyogre|slp
|
|upkeep
|turn|53
|
|t:|1621932720
|move|p2a: Yveltal|Knock Off|p1a: Kyogre
|-damage|p1a: Kyogre|25/100 slp
|-curestatus|p1a: Kyogre|slp|[msg]
|move|p1a: Kyogre|Rest|p1a: Kyogre
|-status|p1a: Kyogre|slp|[from] move: Rest
|-heal|p1a: Kyogre|100/100 slp|[silent]
|
|upkeep
|turn|54
|j| ohtk
|
|t:|1621932723
|move|p2a: Yveltal|Knock Off|p1a: Kyogre
|-damage|p1a: Kyogre|75/100 slp
|cant|p1a: Kyogre|slp
|
|upkeep
|turn|55
|
|t:|1621932726
|move|p2a: Yveltal|Knock Off|p1a: Kyogre
|-damage|p1a: Kyogre|51/100 slp
|cant|p1a: Kyogre|slp
|
|upkeep
|turn|56
|
|t:|1621932730
|move|p2a: Yveltal|Knock Off|p1a: Kyogre
|-damage|p1a: Kyogre|26/100 slp
|-curestatus|p1a: Kyogre|slp|[msg]
|move|p1a: Kyogre|Rest|p1a: Kyogre
|-status|p1a: Kyogre|slp|[from] move: Rest
|-heal|p1a: Kyogre|100/100 slp|[silent]
|
|upkeep
|turn|57
|
|t:|1621932733
|move|p2a: Yveltal|Knock Off|p1a: Kyogre
|-damage|p1a: Kyogre|76/100 slp
|cant|p1a: Kyogre|slp
|
|upkeep
|turn|58
|c| ult8rq iceman|but 2 crits back to back need real luck
|
|t:|1621932736
|move|p2a: Yveltal|Knock Off|p1a: Kyogre
|-crit|p1a: Kyogre
|-damage|p1a: Kyogre|42/100 slp
|cant|p1a: Kyogre|slp
|
|upkeep
|turn|59
|
|t:|1621932740
|move|p2a: Yveltal|Knock Off|p1a: Kyogre
|-damage|p1a: Kyogre|18/100 slp
|-curestatus|p1a: Kyogre|slp|[msg]
|move|p1a: Kyogre|Rest|p1a: Kyogre
|-status|p1a: Kyogre|slp|[from] move: Rest
|-heal|p1a: Kyogre|100/100 slp|[silent]
|
|upkeep
|turn|60
|
|t:|1621932743
|move|p2a: Yveltal|Knock Off|p1a: Kyogre
|-damage|p1a: Kyogre|76/100 slp
|cant|p1a: Kyogre|slp
|
|upkeep
|turn|61
|
|t:|1621932745
|move|p2a: Yveltal|Knock Off|p1a: Kyogre
|-damage|p1a: Kyogre|51/100 slp
|cant|p1a: Kyogre|slp
|
|upkeep
|turn|62
|
|t:|1621932749
|move|p2a: Yveltal|Knock Off|p1a: Kyogre
|-damage|p1a: Kyogre|25/100 slp
|-curestatus|p1a: Kyogre|slp|[msg]
|move|p1a: Kyogre|Rest|p1a: Kyogre
|-status|p1a: Kyogre|slp|[from] move: Rest
|-heal|p1a: Kyogre|100/100 slp|[silent]
|
|upkeep
|turn|63
|
|t:|1621932752
|move|p2a: Yveltal|Defog|p1a: Kyogre
|-unboost|p1a: Kyogre|evasion|1
|cant|p1a: Kyogre|slp
|
|upkeep
|turn|64
|
|t:|1621932755
|move|p2a: Yveltal|Defog|p1a: Kyogre
|-unboost|p1a: Kyogre|evasion|1
|cant|p1a: Kyogre|slp
|
|upkeep
|turn|65
|
|t:|1621932758
|move|p2a: Yveltal|Knock Off|p1a: Kyogre
|-damage|p1a: Kyogre|76/100 slp
|-curestatus|p1a: Kyogre|slp|[msg]
|move|p1a: Kyogre|Calm Mind|p1a: Kyogre
|-boost|p1a: Kyogre|spa|1
|-boost|p1a: Kyogre|spd|1
|
|upkeep
|turn|66
|
|t:|1621932762
|move|p2a: Yveltal|Defog|p1a: Kyogre
|-unboost|p1a: Kyogre|evasion|1
|move|p1a: Kyogre|Calm Mind|p1a: Kyogre
|-boost|p1a: Kyogre|spa|1
|-boost|p1a: Kyogre|spd|1
|
|upkeep
|turn|67
|
|t:|1621932766
|move|p2a: Yveltal|Defog|p1a: Kyogre
|-unboost|p1a: Kyogre|evasion|1
|move|p1a: Kyogre|Calm Mind|p1a: Kyogre
|-boost|p1a: Kyogre|spa|1
|-boost|p1a: Kyogre|spd|1
|
|upkeep
|turn|68
|
|t:|1621932768
|move|p2a: Yveltal|Defog|p1a: Kyogre
|-unboost|p1a: Kyogre|evasion|1
|move|p1a: Kyogre|Calm Mind|p1a: Kyogre
|-boost|p1a: Kyogre|spa|1
|-boost|p1a: Kyogre|spd|1
|
|upkeep
|turn|69
|
|t:|1621932772
|move|p2a: Yveltal|Defog|p1a: Kyogre
|-unboost|p1a: Kyogre|evasion|1
|move|p1a: Kyogre|Calm Mind|p1a: Kyogre
|-boost|p1a: Kyogre|spa|1
|-boost|p1a: Kyogre|spd|1
|
|upkeep
|turn|70
|
|t:|1621932776
|move|p2a: Yveltal|Defog||[still]
|-unboost|p1a: Kyogre|evasion|0
|-fail|p2a: Yveltal
|move|p1a: Kyogre|Rest|p1a: Kyogre
|-status|p1a: Kyogre|slp|[from] move: Rest
|-heal|p1a: Kyogre|100/100 slp|[silent]
|
|upkeep
|turn|71
|
|t:|1621932778
|move|p2a: Yveltal|Knock Off|p1a: Kyogre
|-damage|p1a: Kyogre|75/100 slp
|cant|p1a: Kyogre|slp
|
|upkeep
|turn|72
|
|t:|1621932787
|move|p2a: Yveltal|Defog||[still]
|-unboost|p1a: Kyogre|evasion|0
|-fail|p2a: Yveltal
|cant|p1a: Kyogre|slp
|
|upkeep
|turn|73
|
|t:|1621932790
|move|p2a: Yveltal|Defog||[still]
|-unboost|p1a: Kyogre|evasion|0
|-fail|p2a: Yveltal
|-curestatus|p1a: Kyogre|slp|[msg]
|move|p1a: Kyogre|Calm Mind|p1a: Kyogre
|-boost|p1a: Kyogre|spa|0
|-boost|p1a: Kyogre|spd|0
|
|upkeep
|turn|74
|
|t:|1621932806
|move|p2a: Yveltal|Defog||[still]
|-unboost|p1a: Kyogre|evasion|0
|-fail|p2a: Yveltal
|move|p1a: Kyogre|Rest|p1a: Kyogre
|-status|p1a: Kyogre|slp|[from] move: Rest
|-heal|p1a: Kyogre|100/100 slp|[silent]
|
|upkeep
|turn|75
|
|t:|1621932812
|move|p2a: Yveltal|Defog||[still]
|-unboost|p1a: Kyogre|evasion|0
|-fail|p2a: Yveltal
|cant|p1a: Kyogre|slp
|
|upkeep
|turn|76
|
|t:|1621932816
|move|p2a: Yveltal|Defog||[still]
|-unboost|p1a: Kyogre|evasion|0
|-fail|p2a: Yveltal
|cant|p1a: Kyogre|slp
|
|upkeep
|turn|77
|
|t:|1621932819
|move|p2a: Yveltal|Knock Off|p1a: Kyogre
|-damage|p1a: Kyogre|78/100 slp
|-curestatus|p1a: Kyogre|slp|[msg]
|move|p1a: Kyogre|Rest|p1a: Kyogre
|-status|p1a: Kyogre|slp|[from] move: Rest
|-heal|p1a: Kyogre|100/100 slp|[silent]
|
|upkeep
|turn|78
|
|t:|1621932823
|move|p2a: Yveltal|Defog||[still]
|-unboost|p1a: Kyogre|evasion|0
|-fail|p2a: Yveltal
|cant|p1a: Kyogre|slp
|
|upkeep
|turn|79
|
|t:|1621932829
|move|p2a: Yveltal|Defog||[still]
|-unboost|p1a: Kyogre|evasion|0
|-fail|p2a: Yveltal
|cant|p1a: Kyogre|slp
|
|upkeep
|turn|80
|
|t:|1621932832
|move|p2a: Yveltal|Knock Off|p1a: Kyogre
|-crit|p1a: Kyogre
|-damage|p1a: Kyogre|63/100 slp
|-curestatus|p1a: Kyogre|slp|[msg]
|move|p1a: Kyogre|Calm Mind|p1a: Kyogre
|-boost|p1a: Kyogre|spa|0
|-boost|p1a: Kyogre|spd|0
|
|upkeep
|turn|81
|
|t:|1621932836
|move|p2a: Yveltal|Defog||[still]
|-unboost|p1a: Kyogre|evasion|0
|-fail|p2a: Yveltal
|move|p1a: Kyogre|Rest|p1a: Kyogre
|-status|p1a: Kyogre|slp|[from] move: Rest
|-heal|p1a: Kyogre|100/100 slp|[silent]
|
|upkeep
|turn|82
|
|t:|1621932841
|move|p2a: Yveltal|Defog||[still]
|-unboost|p1a: Kyogre|evasion|0
|-fail|p2a: Yveltal
|cant|p1a: Kyogre|slp
|
|upkeep
|turn|83
|
|t:|1621932845
|move|p2a: Yveltal|Defog||[still]
|-unboost|p1a: Kyogre|evasion|0
|-fail|p2a: Yveltal
|cant|p1a: Kyogre|slp
|
|upkeep
|turn|84
|
|t:|1621932849
|move|p2a: Yveltal|Sucker Punch||[still]
|-fail|p2a: Yveltal
|-curestatus|p1a: Kyogre|slp|[msg]
|move|p1a: Kyogre|Calm Mind|p1a: Kyogre
|-boost|p1a: Kyogre|spa|0
|-boost|p1a: Kyogre|spd|0
|
|upkeep
|turn|85
|
|t:|1621932853
|move|p2a: Yveltal|Sucker Punch||[still]
|-fail|p2a: Yveltal
|move|p1a: Kyogre|Calm Mind|p1a: Kyogre
|-boost|p1a: Kyogre|spa|0
|-boost|p1a: Kyogre|spd|0
|
|upkeep
|turn|86
|
|t:|1621932856
|move|p2a: Yveltal|Sucker Punch||[still]
|-fail|p2a: Yveltal
|move|p1a: Kyogre|Calm Mind|p1a: Kyogre
|-boost|p1a: Kyogre|spa|0
|-boost|p1a: Kyogre|spd|0
|
|upkeep
|turn|87
|
|t:|1621932860
|move|p2a: Yveltal|Sucker Punch||[still]
|-fail|p2a: Yveltal
|move|p1a: Kyogre|Calm Mind|p1a: Kyogre
|-boost|p1a: Kyogre|spa|0
|-boost|p1a: Kyogre|spd|0
|
|upkeep
|turn|88
|
|t:|1621932863
|move|p2a: Yveltal|Defog||[still]
|-unboost|p1a: Kyogre|evasion|0
|-fail|p2a: Yveltal
|move|p1a: Kyogre|Calm Mind|p1a: Kyogre
|-boost|p1a: Kyogre|spa|0
|-boost|p1a: Kyogre|spd|0
|
|upkeep
|turn|89
|
|t:|1621932865
|move|p2a: Yveltal|Sucker Punch||[still]
|-fail|p2a: Yveltal
|move|p1a: Kyogre|Calm Mind|p1a: Kyogre
|-boost|p1a: Kyogre|spa|0
|-boost|p1a: Kyogre|spd|0
|
|upkeep
|turn|90
|
|t:|1621932868
|move|p2a: Yveltal|Sucker Punch||[still]
|-fail|p2a: Yveltal
|move|p1a: Kyogre|Calm Mind|p1a: Kyogre
|-boost|p1a: Kyogre|spa|0
|-boost|p1a: Kyogre|spd|0
|
|upkeep
|turn|91
|
|t:|1621932871
|move|p2a: Yveltal|Defog||[still]
|-unboost|p1a: Kyogre|evasion|0
|-fail|p2a: Yveltal
|move|p1a: Kyogre|Calm Mind|p1a: Kyogre
|-boost|p1a: Kyogre|spa|0
|-boost|p1a: Kyogre|spd|0
|
|upkeep
|turn|92
|
|t:|1621932874
|move|p2a: Yveltal|Defog||[still]
|-unboost|p1a: Kyogre|evasion|0
|-fail|p2a: Yveltal
|move|p1a: Kyogre|Calm Mind|p1a: Kyogre
|-boost|p1a: Kyogre|spa|0
|-boost|p1a: Kyogre|spd|0
|
|upkeep
|turn|93
|
|t:|1621932878
|move|p2a: Yveltal|Defog||[still]
|-unboost|p1a: Kyogre|evasion|0
|-fail|p2a: Yveltal
|move|p1a: Kyogre|Scald|p2a: Yveltal
|-crit|p2a: Yveltal
|-damage|p2a: Yveltal|0 fnt
|faint|p2a: Yveltal
|
|upkeep
|
|t:|1621932880
|switch|p2a: Ho-Oh|Ho-Oh|100/100
|turn|94
|
|t:|1621932884
|move|p2a: Ho-Oh|Brave Bird|p1a: Kyogre
|-damage|p1a: Kyogre|30/100
|-damage|p2a: Ho-Oh|74/100|[from] Recoil
|move|p1a: Kyogre|Scald|p2a: Ho-Oh
|-supereffective|p2a: Ho-Oh
|-damage|p2a: Ho-Oh|0 fnt
|faint|p2a: Ho-Oh
|
|upkeep
|
|t:|1621932893
|switch|p2a: Eternatus|Eternatus|95/100
|-ability|p2a: Eternatus|Pressure
|turn|95
|l| ohtk
|
|t:|1621932901
|move|p2a: Eternatus|Sludge Bomb|p1a: Kyogre
|-damage|p1a: Kyogre|23/100
|-status|p1a: Kyogre|psn
|move|p1a: Kyogre|Rest|p1a: Kyogre
|-status|p1a: Kyogre|slp|[from] move: Rest
|-heal|p1a: Kyogre|100/100 slp|[silent]
|
|upkeep
|turn|96
|
|t:|1621932912
|move|p2a: Eternatus|Dynamax Cannon|p1a: Kyogre
|-damage|p1a: Kyogre|92/100 slp
|cant|p1a: Kyogre|slp
|
|upkeep
|turn|97
|
|t:|1621932917
|move|p2a: Eternatus|Flamethrower|p1a: Kyogre
|-resisted|p1a: Kyogre
|-damage|p1a: Kyogre|90/100 slp
|cant|p1a: Kyogre|slp
|
|upkeep
|turn|98
|
|t:|1621932919
|move|p2a: Eternatus|Flamethrower|p1a: Kyogre
|-resisted|p1a: Kyogre
|-damage|p1a: Kyogre|87/100 slp
|-curestatus|p1a: Kyogre|slp|[msg]
|move|p1a: Kyogre|Scald|p2a: Eternatus
|-resisted|p2a: Eternatus
|-damage|p2a: Eternatus|46/100
|
|upkeep
|turn|99
|
|t:|1621932922
|move|p2a: Eternatus|Recover|p2a: Eternatus
|-heal|p2a: Eternatus|96/100
|move|p1a: Kyogre|Scald|p2a: Eternatus
|-resisted|p2a: Eternatus
|-damage|p2a: Eternatus|48/100
|
|upkeep
|turn|100
|c| ult8rq iceman|sed
|
|t:|1621932925
|move|p2a: Eternatus|Recover|p2a: Eternatus
|-heal|p2a: Eternatus|98/100
|move|p1a: Kyogre|Scald|p2a: Eternatus
|-resisted|p2a: Eternatus
|-damage|p2a: Eternatus|53/100
|
|upkeep
|turn|101
|
|t:|1621932932
|move|p2a: Eternatus|Recover|p2a: Eternatus
|-heal|p2a: Eternatus|100/100
|move|p1a: Kyogre|Scald|p2a: Eternatus
|-resisted|p2a: Eternatus
|-damage|p2a: Eternatus|58/100
|
|upkeep
|turn|102
|
|t:|1621932935
|move|p2a: Eternatus|Recover|p2a: Eternatus
|-heal|p2a: Eternatus|100/100
|move|p1a: Kyogre|Scald|p2a: Eternatus
|-resisted|p2a: Eternatus
|-damage|p2a: Eternatus|53/100
|
|upkeep
|turn|103
|
|t:|1621932938
|move|p2a: Eternatus|Recover|p2a: Eternatus
|-heal|p2a: Eternatus|100/100
|move|p1a: Kyogre|Scald|p2a: Eternatus
|-resisted|p2a: Eternatus
|-damage|p2a: Eternatus|56/100
|
|upkeep
|turn|104
|
|t:|1621932943
|move|p2a: Eternatus|Recover|p2a: Eternatus
|-heal|p2a: Eternatus|100/100
|move|p1a: Kyogre|Scald|p2a: Eternatus
|-resisted|p2a: Eternatus
|-damage|p2a: Eternatus|55/100
|-status|p2a: Eternatus|brn
|
|-damage|p2a: Eternatus|48/100 brn|[from] brn
|upkeep
|turn|105
|
|t:|1621932946
|move|p2a: Eternatus|Recover|p2a: Eternatus
|-heal|p2a: Eternatus|98/100 brn
|move|p1a: Kyogre|Calm Mind|p1a: Kyogre
|-boost|p1a: Kyogre|spa|0
|-boost|p1a: Kyogre|spd|0
|
|-damage|p2a: Eternatus|92/100 brn|[from] brn
|upkeep
|turn|106
|
|t:|1621932951
|move|p2a: Eternatus|Dynamax Cannon|p1a: Kyogre
|-damage|p1a: Kyogre|80/100
|move|p1a: Kyogre|Calm Mind|p1a: Kyogre
|-boost|p1a: Kyogre|spa|0
|-boost|p1a: Kyogre|spd|0
|
|-damage|p2a: Eternatus|86/100 brn|[from] brn
|upkeep
|turn|107
|
|t:|1621932957
|move|p2a: Eternatus|Sludge Bomb|p1a: Kyogre
|-damage|p1a: Kyogre|73/100
|-status|p1a: Kyogre|psn
|move|p1a: Kyogre|Calm Mind|p1a: Kyogre
|-boost|p1a: Kyogre|spa|0
|-boost|p1a: Kyogre|spd|0
|
|-damage|p1a: Kyogre|61/100 psn|[from] psn
|-damage|p2a: Eternatus|80/100 brn|[from] brn
|upkeep
|turn|108
|
|t:|1621932962
|move|p2a: Eternatus|Flamethrower|p1a: Kyogre
|-resisted|p1a: Kyogre
|-damage|p1a: Kyogre|58/100 psn
|move|p1a: Kyogre|Calm Mind|p1a: Kyogre
|-boost|p1a: Kyogre|spa|0
|-boost|p1a: Kyogre|spd|0
|
|-damage|p1a: Kyogre|46/100 psn|[from] psn
|-damage|p2a: Eternatus|74/100 brn|[from] brn
|upkeep
|turn|109
|
|t:|1621932970
|move|p2a: Eternatus|Flamethrower|p1a: Kyogre
|-resisted|p1a: Kyogre
|-damage|p1a: Kyogre|43/100 psn
|move|p1a: Kyogre|Calm Mind|p1a: Kyogre
|-boost|p1a: Kyogre|spa|0
|-boost|p1a: Kyogre|spd|0
|
|-damage|p1a: Kyogre|31/100 psn|[from] psn
|-damage|p2a: Eternatus|67/100 brn|[from] brn
|upkeep
|turn|110
|
|t:|1621932981
|move|p2a: Eternatus|Flamethrower|p1a: Kyogre
|-resisted|p1a: Kyogre
|-damage|p1a: Kyogre|29/100 psn
|move|p1a: Kyogre|Rest|p1a: Kyogre
|-status|p1a: Kyogre|slp|[from] move: Rest
|-heal|p1a: Kyogre|100/100 slp|[silent]
|
|-damage|p2a: Eternatus|61/100 brn|[from] brn
|upkeep
|turn|111
|
|t:|1621932986
|move|p2a: Eternatus|Recover|p2a: Eternatus
|-heal|p2a: Eternatus|100/100 brn
|cant|p1a: Kyogre|slp
|
|-damage|p2a: Eternatus|94/100 brn|[from] brn
|upkeep
|turn|112
|
|t:|1621932999
|move|p2a: Eternatus|Dynamax Cannon|p1a: Kyogre
|-damage|p1a: Kyogre|93/100 slp
|cant|p1a: Kyogre|slp
|
|-damage|p2a: Eternatus|88/100 brn|[from] brn
|upkeep
|turn|113
|
|t:|1621933002
|move|p2a: Eternatus|Dynamax Cannon|p1a: Kyogre
|-damage|p1a: Kyogre|84/100 slp
|-curestatus|p1a: Kyogre|slp|[msg]
|move|p1a: Kyogre|Calm Mind|p1a: Kyogre
|-boost|p1a: Kyogre|spa|0
|-boost|p1a: Kyogre|spd|0
|
|-damage|p2a: Eternatus|82/100 brn|[from] brn
|upkeep
|turn|114
|
|t:|1621933006
|move|p2a: Eternatus|Sludge Bomb|p1a: Kyogre
|-damage|p1a: Kyogre|77/100
|move|p1a: Kyogre|Calm Mind|p1a: Kyogre
|-boost|p1a: Kyogre|spa|0
|-boost|p1a: Kyogre|spd|0
|
|-damage|p2a: Eternatus|76/100 brn|[from] brn
|upkeep
|turn|115
|
|t:|1621933011
|move|p2a: Eternatus|Sludge Bomb|p1a: Kyogre
|-damage|p1a: Kyogre|70/100
|-status|p1a: Kyogre|psn
|move|p1a: Kyogre|Calm Mind|p1a: Kyogre
|-boost|p1a: Kyogre|spa|0
|-boost|p1a: Kyogre|spd|0
|
|-damage|p1a: Kyogre|57/100 psn|[from] psn
|-damage|p2a: Eternatus|70/100 brn|[from] brn
|upkeep
|turn|116
|
|t:|1621933019
|move|p2a: Eternatus|Sludge Bomb|p1a: Kyogre
|-damage|p1a: Kyogre|50/100 psn
|move|p1a: Kyogre|Calm Mind|p1a: Kyogre
|-boost|p1a: Kyogre|spa|0
|-boost|p1a: Kyogre|spd|0
|
|-damage|p1a: Kyogre|38/100 psn|[from] psn
|-damage|p2a: Eternatus|63/100 brn|[from] brn
|upkeep
|turn|117
|
|t:|1621933028
|move|p2a: Eternatus|Recover|p2a: Eternatus
|-heal|p2a: Eternatus|100/100 brn
|move|p1a: Kyogre|Calm Mind|p1a: Kyogre
|-boost|p1a: Kyogre|spa|0
|-boost|p1a: Kyogre|spd|0
|
|-damage|p1a: Kyogre|25/100 psn|[from] psn
|-damage|p2a: Eternatus|94/100 brn|[from] brn
|upkeep
|turn|118
|
|t:|1621933034
|move|p2a: Eternatus|Dynamax Cannon|p1a: Kyogre
|-damage|p1a: Kyogre|18/100 psn
|move|p1a: Kyogre|Rest|p1a: Kyogre
|-status|p1a: Kyogre|slp|[from] move: Rest
|-heal|p1a: Kyogre|100/100 slp|[silent]
|
|-damage|p2a: Eternatus|88/100 brn|[from] brn
|upkeep
|turn|119
|n| ultbg7v crabby|ult8rqiceman
|
|t:|1621933042
|switch|p2a: Necrozma|Necrozma-Dusk-Mane|100/100
|cant|p1a: Kyogre|slp
|
|upkeep
|turn|120
|
|t:|1621933048
|cant|p1a: Kyogre|slp
|move|p2a: Necrozma|Stealth Rock|p1a: Kyogre
|-sidestart|p1: ULTBG7V solrock|move: Stealth Rock
|
|upkeep
|turn|121
|
|t:|1621933056
|switch|p2a: Eternatus|Eternatus|88/100 brn
|-ability|p2a: Eternatus|Pressure
|-curestatus|p1a: Kyogre|slp|[msg]
|move|p1a: Kyogre|Block|p2a: Eternatus
|-activate|p2a: Eternatus|trapped
|
|-damage|p2a: Eternatus|82/100 brn|[from] brn
|upkeep
|turn|122
|
|t:|1621933068
|move|p2a: Eternatus|Sludge Bomb|p1a: Kyogre
|-damage|p1a: Kyogre|93/100
|move|p1a: Kyogre|Scald|p2a: Eternatus
|-resisted|p2a: Eternatus
|-damage|p2a: Eternatus|37/100 brn
|
|-damage|p2a: Eternatus|30/100 brn|[from] brn
|upkeep
|turn|123
|inactive|ULTBG7V solrock has 120 seconds left.
|
|t:|1621933102
|switch|p1a: Necrozma|Necrozma-Dusk-Mane|100/100
|-damage|p1a: Necrozma|94/100|[from] Stealth Rock
|move|p2a: Eternatus|Recover|p2a: Eternatus
|-heal|p2a: Eternatus|80/100 brn
|
|-heal|p1a: Necrozma|100/100|[from] item: Leftovers
|-damage|p2a: Eternatus|74/100 brn|[from] brn
|upkeep
|turn|124
|
|t:|1621933106
|move|p2a: Eternatus|Flamethrower|p1a: Necrozma
|-supereffective|p1a: Necrozma
|-damage|p1a: Necrozma|74/100
|move|p1a: Necrozma|Knock Off|p2a: Eternatus
|-crit|p2a: Eternatus
|-damage|p2a: Eternatus|40/100 brn
|-enditem|p2a: Eternatus|Heavy-Duty Boots|[from] move: Knock Off|[of] p1a: Necrozma
|
|-heal|p1a: Necrozma|80/100|[from] item: Leftovers
|-damage|p2a: Eternatus|34/100 brn|[from] brn
|upkeep
|turn|125
|
|t:|1621933111
|move|p2a: Eternatus|Recover|p2a: Eternatus
|-heal|p2a: Eternatus|84/100 brn
|move|p1a: Necrozma|Stealth Rock|p2a: Eternatus
|-sidestart|p2: ULTBG7V BLAST BURN|move: Stealth Rock
|
|-heal|p1a: Necrozma|86/100|[from] item: Leftovers
|-damage|p2a: Eternatus|78/100 brn|[from] brn
|upkeep
|turn|126
|
|t:|1621933115
|move|p2a: Eternatus|Flamethrower|p1a: Necrozma
|-supereffective|p1a: Necrozma
|-damage|p1a: Necrozma|60/100
|move|p1a: Necrozma|Knock Off|p2a: Eternatus
|-damage|p2a: Eternatus|63/100 brn
|
|-heal|p1a: Necrozma|66/100|[from] item: Leftovers
|-damage|p2a: Eternatus|56/100 brn|[from] brn
|upkeep
|turn|127
|
|t:|1621933120
|move|p2a: Eternatus|Flamethrower|p1a: Necrozma
|-supereffective|p1a: Necrozma
|-damage|p1a: Necrozma|38/100
|move|p1a: Necrozma|Knock Off|p2a: Eternatus
|-damage|p2a: Eternatus|40/100 brn
|
|-heal|p1a: Necrozma|44/100|[from] item: Leftovers
|-damage|p2a: Eternatus|34/100 brn|[from] brn
|upkeep
|turn|128
|
|t:|1621933127
|move|p2a: Eternatus|Flamethrower|p1a: Necrozma
|-supereffective|p1a: Necrozma
|-damage|p1a: Necrozma|20/100
|move|p1a: Necrozma|Rest|p1a: Necrozma
|-status|p1a: Necrozma|slp|[from] move: Rest
|-heal|p1a: Necrozma|100/100 slp|[silent]
|
|-damage|p2a: Eternatus|28/100 brn|[from] brn
|upkeep
|turn|129
|
|t:|1621933134
|move|p2a: Eternatus|Recover|p2a: Eternatus
|-heal|p2a: Eternatus|78/100 brn
|cant|p1a: Necrozma|slp
|
|-damage|p2a: Eternatus|72/100 brn|[from] brn
|upkeep
|turn|130
|
|t:|1621933137
|switch|p2a: Necrozma|Necrozma-Dusk-Mane|100/100
|-damage|p2a: Necrozma|94/100|[from] Stealth Rock
|cant|p1a: Necrozma|slp
|
|-heal|p2a: Necrozma|100/100|[from] item: Leftovers
|upkeep
|turn|131
|
|t:|1621933144
|-curestatus|p1a: Necrozma|slp|[msg]
|move|p1a: Necrozma|Knock Off|p2a: Necrozma
|-supereffective|p2a: Necrozma
|-damage|p2a: Necrozma|75/100
|-enditem|p2a: Necrozma|Leftovers|[from] move: Knock Off|[of] p1a: Necrozma
|move|p2a: Necrozma|Thunder Wave|p1a: Necrozma
|-status|p1a: Necrozma|par
|
|upkeep
|turn|132
|
|t:|1621933149
|move|p2a: Necrozma|Morning Sun|p2a: Necrozma
|-heal|p2a: Necrozma|100/100
|cant|p1a: Necrozma|par
|
|upkeep
|turn|133
|
|t:|1621933157
|switch|p2a: Eternatus|Eternatus|72/100 brn
|-damage|p2a: Eternatus|59/100 brn|[from] Stealth Rock
|-ability|p2a: Eternatus|Pressure
|move|p1a: Necrozma|Knock Off|p2a: Eternatus
|-damage|p2a: Eternatus|44/100 brn
|
|-damage|p2a: Eternatus|38/100 brn|[from] brn
|upkeep
|turn|134
|c|☆ULTBG7V solrock|gg.
|
|t:|1621933162
|move|p2a: Eternatus|Recover|p2a: Eternatus
|-heal|p2a: Eternatus|88/100 brn
|move|p1a: Necrozma|Knock Off|p2a: Eternatus
|-damage|p2a: Eternatus|72/100 brn
|
|-damage|p2a: Eternatus|66/100 brn|[from] brn
|upkeep
|turn|135
|
|t:|1621933166
|move|p2a: Eternatus|Flamethrower|p1a: Necrozma
|-supereffective|p1a: Necrozma
|-damage|p1a: Necrozma|77/100 par
|cant|p1a: Necrozma|par
|
|-heal|p1a: Necrozma|83/100 par|[from] item: Leftovers
|-damage|p2a: Eternatus|59/100 brn|[from] brn
|upkeep
|turn|136
|
|t:|1621933170
|move|p2a: Eternatus|Flamethrower|p1a: Necrozma
|-supereffective|p1a: Necrozma
|-damage|p1a: Necrozma|56/100 par
|move|p1a: Necrozma|Rest|p1a: Necrozma
|-status|p1a: Necrozma|slp|[from] move: Rest
|-heal|p1a: Necrozma|100/100 slp|[silent]
|
|-damage|p2a: Eternatus|53/100 brn|[from] brn
|upkeep
|turn|137
|
|t:|1621933174
|move|p2a: Eternatus|Flamethrower|p1a: Necrozma
|-supereffective|p1a: Necrozma
|-damage|p1a: Necrozma|74/100 slp
|cant|p1a: Necrozma|slp
|
|-heal|p1a: Necrozma|80/100 slp|[from] item: Leftovers
|-damage|p2a: Eternatus|47/100 brn|[from] brn
|upkeep
|turn|138
|
|t:|1621933177
|move|p2a: Eternatus|Flamethrower|p1a: Necrozma
|-supereffective|p1a: Necrozma
|-damage|p1a: Necrozma|54/100 slp
|cant|p1a: Necrozma|slp
|
|-heal|p1a: Necrozma|60/100 slp|[from] item: Leftovers
|-damage|p2a: Eternatus|41/100 brn|[from] brn
|upkeep
|turn|139
|l| ULTBG7V Holy
|
|t:|1621933185
|move|p2a: Eternatus|Recover|p2a: Eternatus
|-heal|p2a: Eternatus|91/100 brn
|-curestatus|p1a: Necrozma|slp|[msg]
|move|p1a: Necrozma|Rest|p1a: Necrozma
|-status|p1a: Necrozma|slp|[from] move: Rest
|-heal|p1a: Necrozma|100/100 slp|[silent]
|
|-damage|p2a: Eternatus|85/100 brn|[from] brn
|upkeep
|turn|140
|
|t:|1621933187
|move|p2a: Eternatus|Flamethrower|p1a: Necrozma
|-supereffective|p1a: Necrozma
|-damage|p1a: Necrozma|74/100 slp
|cant|p1a: Necrozma|slp
|
|-heal|p1a: Necrozma|80/100 slp|[from] item: Leftovers
|-damage|p2a: Eternatus|78/100 brn|[from] brn
|upkeep
|turn|141
|
|t:|1621933190
|move|p2a: Eternatus|Flamethrower|p1a: Necrozma
|-supereffective|p1a: Necrozma
|-damage|p1a: Necrozma|54/100 slp
|cant|p1a: Necrozma|slp
|
|-heal|p1a: Necrozma|60/100 slp|[from] item: Leftovers
|-damage|p2a: Eternatus|72/100 brn|[from] brn
|upkeep
|turn|142
|
|t:|1621933193
|move|p2a: Eternatus|Flamethrower|p1a: Necrozma
|-supereffective|p1a: Necrozma
|-damage|p1a: Necrozma|36/100 slp
|-curestatus|p1a: Necrozma|slp|[msg]
|move|p1a: Necrozma|Rest|p1a: Necrozma
|-status|p1a: Necrozma|slp|[from] move: Rest
|-heal|p1a: Necrozma|100/100 slp|[silent]
|
|-damage|p2a: Eternatus|66/100 brn|[from] brn
|upkeep
|turn|143
|
|t:|1621933195
|move|p2a: Eternatus|Flamethrower|p1a: Necrozma
|-supereffective|p1a: Necrozma
|-damage|p1a: Necrozma|75/100 slp
|cant|p1a: Necrozma|slp
|
|-heal|p1a: Necrozma|81/100 slp|[from] item: Leftovers
|-damage|p2a: Eternatus|60/100 brn|[from] brn
|upkeep
|turn|144
|
|t:|1621933197
|move|p2a: Eternatus|Flamethrower|p1a: Necrozma
|-supereffective|p1a: Necrozma
|-damage|p1a: Necrozma|54/100 slp
|cant|p1a: Necrozma|slp
|
|-heal|p1a: Necrozma|60/100 slp|[from] item: Leftovers
|-damage|p2a: Eternatus|54/100 brn|[from] brn
|upkeep
|turn|145
|
|t:|1621933199
|move|p2a: Eternatus|Flamethrower|p1a: Necrozma
|-supereffective|p1a: Necrozma
|-damage|p1a: Necrozma|35/100 slp
|-curestatus|p1a: Necrozma|slp|[msg]
|move|p1a: Necrozma|Rest|p1a: Necrozma
|-status|p1a: Necrozma|slp|[from] move: Rest
|-heal|p1a: Necrozma|100/100 slp|[silent]
|
|-damage|p2a: Eternatus|47/100 brn|[from] brn
|upkeep
|turn|146
|
|t:|1621933201
|move|p2a: Eternatus|Flamethrower|p1a: Necrozma
|-supereffective|p1a: Necrozma
|-crit|p1a: Necrozma
|-damage|p1a: Necrozma|60/100 slp
|cant|p1a: Necrozma|slp
|
|-heal|p1a: Necrozma|66/100 slp|[from] item: Leftovers
|-damage|p2a: Eternatus|41/100 brn|[from] brn
|upkeep
|turn|147
|
|t:|1621933203
|move|p2a: Eternatus|Flamethrower|p1a: Necrozma
|-supereffective|p1a: Necrozma
|-crit|p1a: Necrozma
|-damage|p1a: Necrozma|28/100 slp
|cant|p1a: Necrozma|slp
|
|-heal|p1a: Necrozma|34/100 slp|[from] item: Leftovers
|-damage|p2a: Eternatus|35/100 brn|[from] brn
|upkeep
|turn|148
|
|t:|1621933207
|move|p2a: Eternatus|Flamethrower|p1a: Necrozma
|-supereffective|p1a: Necrozma
|-damage|p1a: Necrozma|10/100 slp
|-curestatus|p1a: Necrozma|slp|[msg]
|move|p1a: Necrozma|Sunsteel Strike|p2a: Eternatus
|-crit|p2a: Eternatus
|-damage|p2a: Eternatus|0 fnt
|faint|p2a: Eternatus
|
|-heal|p1a: Necrozma|16/100|[from] item: Leftovers
|upkeep
|
|t:|1621933212
|switch|p2a: Necrozma|Necrozma-Dusk-Mane|100/100
|-damage|p2a: Necrozma|94/100|[from] Stealth Rock
|turn|149
|
|t:|1621933216
|move|p2a: Necrozma|Sunsteel Strike|p1a: Necrozma
|-resisted|p1a: Necrozma
|-damage|p1a: Necrozma|0 fnt
|faint|p1a: Necrozma
|
|upkeep
|
|t:|1621933218
|switch|p1a: Yveltal|Yveltal|100/100
|-ability|p1a: Yveltal|Dark Aura
|turn|150
|
|t:|1621933223
|move|p1a: Yveltal|Foul Play|p2a: Necrozma
|-supereffective|p2a: Necrozma
|-damage|p2a: Necrozma|48/100
|move|p2a: Necrozma|Thunder Wave|p1a: Yveltal
|-status|p1a: Yveltal|par
|
|upkeep
|turn|151
|
|t:|1621933229
|move|p2a: Necrozma|Morning Sun|p2a: Necrozma
|-heal|p2a: Necrozma|98/100
|move|p1a: Yveltal|Foul Play|p2a: Necrozma
|-supereffective|p2a: Necrozma
|-damage|p2a: Necrozma|45/100
|
|upkeep
|turn|152
|
|t:|1621933236
|move|p2a: Necrozma|Morning Sun|p2a: Necrozma
|-heal|p2a: Necrozma|95/100
|cant|p1a: Yveltal|par
|
|upkeep
|turn|153
|
|t:|1621933241
|switch|p1a: Kyogre|Kyogre|93/100
|-damage|p1a: Kyogre|81/100|[from] Stealth Rock
|-weather|RainDance|[from] ability: Drizzle|[of] p1a: Kyogre
|move|p2a: Necrozma|Sunsteel Strike|p1a: Kyogre
|-resisted|p1a: Kyogre
|-damage|p1a: Kyogre|64/100
|
|-weather|RainDance|[upkeep]
|upkeep
|turn|154
|
|t:|1621933248
|move|p1a: Kyogre|Scald|p2a: Necrozma
|-damage|p2a: Necrozma|44/100
|-status|p2a: Necrozma|brn
|move|p2a: Necrozma|Thunder Wave|p1a: Kyogre
|-status|p1a: Kyogre|par
|
|-weather|RainDance|[upkeep]
|-damage|p2a: Necrozma|38/100 brn|[from] brn
|upkeep
|turn|155
|
|t:|1621933253
|switch|p1a: Xerneas|Xerneas|84/100
|-damage|p1a: Xerneas|71/100|[from] Stealth Rock
|-ability|p1a: Xerneas|Fairy Aura
|move|p2a: Necrozma|Morning Sun|p2a: Necrozma
|-heal|p2a: Necrozma|63/100 brn
|
|-weather|RainDance|[upkeep]
|-damage|p2a: Necrozma|57/100 brn|[from] brn
|upkeep
|turn|156
|
|t:|1621933257
|move|p1a: Xerneas|Aromatherapy|p1a: Xerneas
|-activate|p1a: Xerneas|move: Aromatherapy
|-curestatus|p1: Kyogre|par|[msg]
|-curestatus|p1: Yveltal|par|[msg]
|move|p2a: Necrozma|Sunsteel Strike|p1a: Xerneas
|-supereffective|p1a: Xerneas
|-damage|p1a: Xerneas|40/100
|
|-weather|RainDance|[upkeep]
|-damage|p2a: Necrozma|51/100 brn|[from] brn
|upkeep
|turn|157
|l| Holy Purgatory
|
|t:|1621933260
|move|p1a: Xerneas|Moonblast|p2a: Necrozma
|-resisted|p2a: Necrozma
|-damage|p2a: Necrozma|29/100 brn
|-unboost|p2a: Necrozma|spa|1
|move|p2a: Necrozma|Sunsteel Strike|p1a: Xerneas
|-supereffective|p1a: Xerneas
|-damage|p1a: Xerneas|12/100
|
|-weather|none
|-damage|p2a: Necrozma|23/100 brn|[from] brn
|upkeep
|turn|158
|
|t:|1621933263
|move|p1a: Xerneas|Moonblast|p2a: Necrozma
|-resisted|p2a: Necrozma
|-damage|p2a: Necrozma|3/100 brn
|move|p2a: Necrozma|Morning Sun|p2a: Necrozma
|-heal|p2a: Necrozma|53/100 brn
|
|-damage|p2a: Necrozma|46/100 brn|[from] brn
|upkeep
|turn|159
|
|t:|1621933266
|move|p1a: Xerneas|Moonblast|p2a: Necrozma
|-resisted|p2a: Necrozma
|-damage|p2a: Necrozma|25/100 brn
|move|p2a: Necrozma|Morning Sun|p2a: Necrozma
|-heal|p2a: Necrozma|75/100 brn
|
|-damage|p2a: Necrozma|69/100 brn|[from] brn
|upkeep
|turn|160
|
|t:|1621933270
|move|p1a: Xerneas|Rest|p1a: Xerneas
|-status|p1a: Xerneas|slp|[from] move: Rest
|-heal|p1a: Xerneas|100/100 slp|[silent]
|move|p2a: Necrozma|Morning Sun|p2a: Necrozma
|-heal|p2a: Necrozma|100/100 brn
|
|-damage|p2a: Necrozma|94/100 brn|[from] brn
|upkeep
|turn|161
|
|t:|1621933273
|cant|p1a: Xerneas|slp
|move|p1a: Xerneas|Sleep Talk|p1a: Xerneas
|move|p1a: Xerneas|Aromatherapy|p1a: Xerneas|[from]move: Sleep Talk
|-activate|p1a: Xerneas|move: Aromatherapy
|-curestatus|p1a: Xerneas|slp|[msg]
|move|p2a: Necrozma|Sunsteel Strike|p1a: Xerneas
|-supereffective|p1a: Xerneas
|-damage|p1a: Xerneas|69/100
|
|-damage|p2a: Necrozma|88/100 brn|[from] brn
|upkeep
|turn|162
|
|t:|1621933276
|move|p1a: Xerneas|Moonblast|p2a: Necrozma
|-resisted|p2a: Necrozma
|-damage|p2a: Necrozma|65/100 brn
|-unboost|p2a: Necrozma|spa|1
|move|p2a: Necrozma|Sunsteel Strike|p1a: Xerneas
|-supereffective|p1a: Xerneas
|-damage|p1a: Xerneas|40/100
|
|-damage|p2a: Necrozma|59/100 brn|[from] brn
|upkeep
|turn|163
|
|t:|1621933279
|move|p1a: Xerneas|Rest|p1a: Xerneas
|-status|p1a: Xerneas|slp|[from] move: Rest
|-heal|p1a: Xerneas|100/100 slp|[silent]
|move|p2a: Necrozma|Sunsteel Strike|p1a: Xerneas
|-supereffective|p1a: Xerneas
|-damage|p1a: Xerneas|74/100 slp
|
|-damage|p2a: Necrozma|53/100 brn|[from] brn
|upkeep
|turn|164
|
|t:|1621933281
|cant|p1a: Xerneas|slp
|move|p1a: Xerneas|Sleep Talk|p1a: Xerneas
|move|p1a: Xerneas|Moonblast|p2a: Necrozma|[from]move: Sleep Talk
|-resisted|p2a: Necrozma
|-damage|p2a: Necrozma|30/100 brn
|move|p2a: Necrozma|Sunsteel Strike|p1a: Xerneas
|-supereffective|p1a: Xerneas
|-damage|p1a: Xerneas|45/100 slp
|
|-damage|p2a: Necrozma|24/100 brn|[from] brn
|upkeep
|turn|165
|
|t:|1621933287
|cant|p1a: Xerneas|slp
|move|p1a: Xerneas|Sleep Talk|p1a: Xerneas
|move|p1a: Xerneas|Rest||[from]move: Sleep Talk|[still]
|-fail|p1a: Xerneas
|move|p2a: Necrozma|Thunder Wave||[still]
|-fail|p2a: Necrozma
|
|-damage|p2a: Necrozma|18/100 brn|[from] brn
|upkeep
|turn|166
|j| AGCL3 Swastik
|
|t:|1621933291
|-curestatus|p1a: Xerneas|slp|[msg]
|move|p1a: Xerneas|Moonblast|p2a: Necrozma
|-resisted|p2a: Necrozma
|-damage|p2a: Necrozma|0 fnt
|faint|p2a: Necrozma
|
|win|ULTBG7V solrock
|raw|ULTBG7V solrock's rating: 1710 &rarr; <strong>1731</strong><br />(+21 for winning)
|raw|ULTBG7V BLAST BURN's rating: 1725 &rarr; <strong>1704</strong><br />(-21 for losing)
|l|☆ULTBG7V solrock
|l|☆ULTBG7V BLAST BURN
|l| Oh no Im on phone
|l| AGCL3 Swastik
