|j|☆eruza02
|j|☆Kage UwU
|t:|1650979913
|gametype|singles
|player|p1|eruza02|266|1401
|player|p2|Kage UwU|psychic-gen4|1381
|teamsize|p1|6
|teamsize|p2|6
|gen|8
|tier|[Gen 8] Ubers
|rated|
|rule|Sleep Clause Mod: Limit one foe put to sleep
|rule|Species Clause: Limit one of each Pokémon
|rule|OHKO Clause: OHKO moves are banned
|rule|Evasion Moves Clause: Evasion moves are banned
|rule|Endless Battle Clause: Forcing endless battles is banned
|rule|HP Percentage Mod: HP is shown in percentages
|rule|Dynamax Clause: You cannot dynamax
|clearpoke
|poke|p1|Ho-Oh|
|poke|p1|Calyrex-Shadow|
|poke|p1|Yveltal|
|poke|p1|Groudon|
|poke|p1|Kyogre|
|poke|p1|Whimsicott, F|
|poke|p2|Necrozma-Dusk-Mane|
|poke|p2|Groudon|
|poke|p2|Xerneas-*|
|poke|p2|Yveltal|
|poke|p2|Blissey, F|
|poke|p2|Eternatus|
|teampreview
|inactive|Battle timer is ON: inactive players will automatically lose when time's up. (requested by Kage UwU)
|
|t:|1650979941
|start
|switch|p1a: Ho-Oh|Ho-Oh|100/100
|switch|p2a: Sauterent|Eternatus|100/100
|-ability|p2a: Sauterent|Pressure
|turn|1
|
|t:|1650979948
|move|p2a: Sauterent|Toxic|p1a: Ho-Oh
|-status|p1a: Ho-Oh|tox
|move|p1a: Ho-Oh|Thunder Wave|p2a: Sauterent
|-status|p2a: Sauterent|par
|
|-damage|p1a: Ho-Oh|94/100 tox|[from] psn
|upkeep
|turn|2
|
|t:|1650979955
|move|p1a: Ho-Oh|Brave Bird|p2a: Sauterent
|-damage|p2a: Sauterent|66/100 par
|-damage|p1a: Ho-Oh|81/100 tox|[from] Recoil
|move|p2a: Sauterent|Dynamax Cannon|p1a: Ho-Oh
|-damage|p1a: Ho-Oh|56/100 tox
|
|-heal|p1a: Ho-Oh|62/100 tox|[from] item: Leftovers
|-heal|p2a: Sauterent|72/100 par|[from] item: Leftovers
|-damage|p1a: Ho-Oh|50/100 tox|[from] psn
|upkeep
|turn|3
|
|t:|1650979966
|move|p1a: Ho-Oh|Roost|p1a: Ho-Oh
|-heal|p1a: Ho-Oh|99/100 tox
|-singleturn|p1a: Ho-Oh|move: Roost
|move|p2a: Sauterent|Dynamax Cannon|p1a: Ho-Oh
|-damage|p1a: Ho-Oh|74/100 tox
|
|-heal|p1a: Ho-Oh|80/100 tox|[from] item: Leftovers
|-heal|p2a: Sauterent|79/100 par|[from] item: Leftovers
|-damage|p1a: Ho-Oh|61/100 tox|[from] psn
|upkeep
|turn|4
|
|t:|1650979978
|switch|p1a: Kyogre|Kyogre|100/100
|-weather|RainDance|[from] ability: Drizzle|[of] p1a: Kyogre
|move|p2a: Sauterent|Flamethrower|p1a: Kyogre
|-resisted|p1a: Kyogre
|-damage|p1a: Kyogre|95/100
|-status|p1a: Kyogre|brn
|
|-weather|RainDance|[upkeep]
|-heal|p2a: Sauterent|85/100 par|[from] item: Leftovers
|-damage|p1a: Kyogre|89/100 brn|[from] brn
|upkeep
|turn|5
|
|t:|1650979989
|switch|p2a: Euphorie|Blissey, F|100/100
|move|p1a: Kyogre|Water Spout|p2a: Euphorie
|-damage|p2a: Euphorie|62/100
|
|-weather|RainDance|[upkeep]
|-damage|p1a: Kyogre|83/100 brn|[from] brn
|upkeep
|turn|6
|
|t:|1650980000
|move|p1a: Kyogre|Water Spout|p2a: Euphorie
|-damage|p2a: Euphorie|23/100
|move|p2a: Euphorie|Soft-Boiled|p2a: Euphorie
|-heal|p2a: Euphorie|73/100
|
|-weather|RainDance|[upkeep]
|-damage|p1a: Kyogre|77/100 brn|[from] brn
|upkeep
|turn|7
|
|t:|1650980007
|switch|p1a: Groudon|Groudon|100/100
|-weather|SunnyDay|[from] ability: Drought|[of] p1a: Groudon
|move|p2a: Euphorie|Soft-Boiled|p2a: Euphorie
|-heal|p2a: Euphorie|100/100
|
|-weather|SunnyDay|[upkeep]
|upkeep
|turn|8
|
|t:|1650980032
|switch|p2a: Létal|Yveltal|100/100
|-ability|p2a: Létal|Dark Aura
|move|p1a: Groudon|Rock Polish|p1a: Groudon
|-boost|p1a: Groudon|spe|2
|
|-weather|SunnyDay|[upkeep]
|upkeep
|turn|9
|
|t:|1650980043
|switch|p2a: Goudron|Groudon|100/100
|move|p1a: Groudon|Stone Edge|p2a: Goudron
|-resisted|p2a: Goudron
|-damage|p2a: Goudron|89/100
|
|-weather|SunnyDay|[upkeep]
|-heal|p2a: Goudron|95/100|[from] item: Leftovers
|upkeep
|turn|10
|
|t:|1650980055
|move|p1a: Groudon|Swords Dance|p1a: Groudon
|-boost|p1a: Groudon|atk|2
|move|p2a: Goudron|Bulk Up|p2a: Goudron
|-boost|p2a: Goudron|atk|1
|-boost|p2a: Goudron|def|1
|
|-weather|SunnyDay|[upkeep]
|-heal|p2a: Goudron|100/100|[from] item: Leftovers
|upkeep
|turn|11
|
|t:|1650980063
|move|p1a: Groudon|Earthquake|p2a: Goudron
|-damage|p2a: Goudron|50/100
|move|p2a: Goudron|Precipice Blades|p1a: Groudon
|-damage|p1a: Groudon|10/100
|
|-weather|none
|-heal|p1a: Groudon|16/100|[from] item: Leftovers
|-heal|p2a: Goudron|56/100|[from] item: Leftovers
|upkeep
|turn|12
|
|t:|1650980071
|move|p1a: Groudon|Earthquake|p2a: Goudron
|-damage|p2a: Goudron|10/100
|move|p2a: Goudron|Precipice Blades|p1a: Groudon|[miss]
|-miss|p2a: Goudron|p1a: Groudon
|
|-heal|p1a: Groudon|22/100|[from] item: Leftovers
|-heal|p2a: Goudron|16/100|[from] item: Leftovers
|upkeep
|turn|13
|
|t:|1650980080
|move|p1a: Groudon|Earthquake|p2a: Goudron
|-damage|p2a: Goudron|0 fnt
|faint|p2a: Goudron
|
|-heal|p1a: Groudon|29/100|[from] item: Leftovers
|upkeep
|
|t:|1650980089
|switch|p2a: Arène|Xerneas|100/100
|-ability|p2a: Arène|Fairy Aura
|turn|14
|
|t:|1650980094
|move|p1a: Groudon|Earthquake|p2a: Arène
|-damage|p2a: Arène|0 fnt
|faint|p2a: Arène
|
|-heal|p1a: Groudon|35/100|[from] item: Leftovers
|upkeep
|
|t:|1650980102
|switch|p2a: Létal|Yveltal|100/100
|-ability|p2a: Létal|Dark Aura
|turn|15
|
|t:|1650980120
|move|p1a: Groudon|Stone Edge|p2a: Létal
|-supereffective|p2a: Létal
|-damage|p2a: Létal|0 fnt
|faint|p2a: Létal
|
|-heal|p1a: Groudon|41/100|[from] item: Leftovers
|upkeep
|
|t:|1650980126
|switch|p2a: Romancez|Necrozma-Dusk-Mane|100/100
|turn|16
|
|t:|1650980139
|move|p1a: Groudon|Earthquake|p2a: Romancez
|-supereffective|p2a: Romancez
|-damage|p2a: Romancez|0 fnt
|faint|p2a: Romancez
|
|-heal|p1a: Groudon|47/100|[from] item: Leftovers
|upkeep
|-message|Kage UwU forfeited.
|
|win|eruza02
|raw|eruza02's rating: 1413 &rarr; <strong>1431</strong><br />(+18 for winning)
|raw|Kage UwU's rating: 1381 &rarr; <strong>1363</strong><br />(-18 for losing)
|l|☆Kage UwU
||Ladder isn't responding, score probably updated but might not have (Request timeout).
