|j|☆ox04
|j|‽icarus's fall
|t:|1652242915
|gametype|singles
|player|p1|ox04|hugh|1836
|player|p2|icarus's fall|irida|1610
|teamsize|p1|6
|teamsize|p2|6
|gen|8
|tier|[Gen 8] Ubers
|rated|
|rule|Sleep Clause Mod: Limit one foe put to sleep
|rule|Species Clause: Limit one of each Pokémon
|rule|OHKO Clause: OHKO moves are banned
|rule|Evasion Moves Clause: Evasion moves are banned
|rule|Endless Battle Clause: Forcing endless battles is banned
|rule|HP Percentage Mod: HP is shown in percentages
|rule|Dynamax Clause: You cannot dynamax
|clearpoke
|poke|p1|Marshadow|
|poke|p1|Yveltal|
|poke|p1|Reshiram|
|poke|p1|Ho-Oh|
|poke|p1|Groudon|
|poke|p1|Palkia|
|poke|p2|Darmanitan-Galar, F|
|poke|p2|Groudon|
|poke|p2|Yveltal|
|poke|p2|Necrozma-Dusk-Mane|
|poke|p2|Ho-Oh|
|poke|p2|Eternatus|
|teampreview
|inactive|Battle timer is ON: inactive players will automatically lose when time's up. (requested by icarus's fall)
|
|t:|1652242928
|start
|switch|p1a: Palkia|Palkia|100/100
|switch|p2a: Darmanitan|Darmanitan-Galar, F|100/100
|-ability|p1a: Palkia|Pressure
|turn|1
|
|t:|1652242936
|switch|p2a: Yveltal|Yveltal|100/100
|-ability|p2a: Yveltal|Dark Aura
|move|p1a: Palkia|Fire Blast|p2a: Yveltal
|-damage|p2a: Yveltal|70/100
|
|upkeep
|turn|2
|j| 1v1 hehehe
|
|t:|1652242949
|move|p1a: Palkia|Fire Blast|p2a: Yveltal
|-damage|p2a: Yveltal|42/100
|move|p2a: Yveltal|Roost|p2a: Yveltal
|-heal|p2a: Yveltal|92/100
|-singleturn|p2a: Yveltal|move: Roost
|
|upkeep
|turn|3
|
|t:|1652242953
|switch|p1a: Yveltal|Yveltal|100/100
|-ability|p1a: Yveltal|Dark Aura
|move|p2a: Yveltal|Knock Off|p1a: Yveltal
|-resisted|p1a: Yveltal
|-damage|p1a: Yveltal|78/100
|-enditem|p1a: Yveltal|Life Orb|[from] move: Knock Off|[of] p2a: Yveltal
|
|upkeep
|turn|4
|
|t:|1652242960
|switch|p2a: Eternatus|Eternatus|100/100
|-ability|p2a: Eternatus|Pressure
|move|p1a: Yveltal|Oblivion Wing|p2a: Eternatus
|-damage|p2a: Eternatus|76/100
|-heal|p1a: Yveltal|100/100|[from] drain|[of] p2a: Eternatus
|
|-heal|p2a: Eternatus|82/100|[from] item: Black Sludge
|upkeep
|turn|5
|
|t:|1652242977
|switch|p1a: Ho-Oh|Ho-Oh|100/100
|move|p2a: Eternatus|Toxic|p1a: Ho-Oh
|-status|p1a: Ho-Oh|tox
|
|-heal|p2a: Eternatus|88/100|[from] item: Black Sludge
|-damage|p1a: Ho-Oh|94/100 tox|[from] psn
|upkeep
|turn|6
|
|t:|1652242982
|switch|p2a: Groudon|Groudon|100/100
|-weather|SunnyDay|[from] ability: Drought|[of] p2a: Groudon
|move|p1a: Ho-Oh|Thunder Wave|p2a: Groudon
|-immune|p2a: Groudon
|
|-weather|SunnyDay|[upkeep]
|-damage|p1a: Ho-Oh|82/100 tox|[from] psn
|upkeep
|turn|7
|
|t:|1652242990
|switch|p1a: Reshiram|Reshiram|100/100
|-ability|p1a: Reshiram|Turboblaze
|move|p2a: Groudon|Stealth Rock|p1a: Reshiram
|-sidestart|p1: ox04|move: Stealth Rock
|
|-weather|SunnyDay|[upkeep]
|upkeep
|turn|8
|
|t:|1652242998
|switch|p2a: Ho-Oh|Ho-Oh|100/100
|move|p1a: Reshiram|Blue Flare|p2a: Ho-Oh
|-resisted|p2a: Ho-Oh
|-damage|p2a: Ho-Oh|52/100
|
|-weather|SunnyDay|[upkeep]
|upkeep
|turn|9
|
|t:|1652243004
|move|p1a: Reshiram|Blue Flare|p2a: Ho-Oh
|-resisted|p2a: Ho-Oh
|-damage|p2a: Ho-Oh|7/100
|move|p2a: Ho-Oh|Brave Bird|p1a: Reshiram
|-damage|p1a: Reshiram|48/100
|-damage|p2a: Ho-Oh|0 fnt|[from] Recoil
|faint|p2a: Ho-Oh
|
|-weather|SunnyDay|[upkeep]
|upkeep
|
|t:|1652243010
|switch|p2a: Yveltal|Yveltal|92/100
|-ability|p2a: Yveltal|Dark Aura
|turn|10
|
|t:|1652243015
|move|p2a: Yveltal|Knock Off|p1a: Reshiram
|-damage|p1a: Reshiram|0 fnt
|-enditem|p1a: Reshiram|Choice Specs|[from] move: Knock Off|[of] p2a: Yveltal
|faint|p1a: Reshiram
|
|-weather|none
|upkeep
|
|t:|1652243019
|switch|p1a: Yveltal|Yveltal|100/100
|-damage|p1a: Yveltal|76/100|[from] Stealth Rock
|-ability|p1a: Yveltal|Dark Aura
|turn|11
|
|t:|1652243024
|switch|p2a: Eternatus|Eternatus|88/100
|-ability|p2a: Eternatus|Pressure
|move|p1a: Yveltal|Oblivion Wing|p2a: Eternatus
|-damage|p2a: Eternatus|63/100
|-heal|p1a: Yveltal|98/100|[from] drain|[of] p2a: Eternatus
|
|-heal|p2a: Eternatus|69/100|[from] item: Black Sludge
|upkeep
|turn|12
|
|t:|1652243029
|switch|p2a: Yveltal|Yveltal|92/100
|-ability|p2a: Yveltal|Dark Aura
|switch|p1a: Ho-Oh|Ho-Oh|100/100 tox
|
|-damage|p1a: Ho-Oh|94/100 tox|[from] psn
|upkeep
|turn|13
|
|t:|1652243034
|move|p2a: Yveltal|Knock Off|p1a: Ho-Oh
|-damage|p1a: Ho-Oh|46/100 tox
|-enditem|p1a: Ho-Oh|Heavy-Duty Boots|[from] move: Knock Off|[of] p2a: Yveltal
|move|p1a: Ho-Oh|Defog|p2a: Yveltal
|-unboost|p2a: Yveltal|evasion|1
|-sideend|p1: ox04|Stealth Rock|[from] move: Defog|[of] p1a: Ho-Oh
|
|-damage|p1a: Ho-Oh|33/100 tox|[from] psn
|upkeep
|turn|14
|
|t:|1652243057
|switch|p2a: Eternatus|Eternatus|69/100
|-ability|p2a: Eternatus|Pressure
|switch|p1a: Yveltal|Yveltal|98/100
|-ability|p1a: Yveltal|Dark Aura
|
|-heal|p2a: Eternatus|76/100|[from] item: Black Sludge
|upkeep
|turn|15
|
|t:|1652243066
|switch|p1a: Ho-Oh|Ho-Oh|66/100 tox
|move|p2a: Eternatus|Toxic|p1a: Ho-Oh
|-fail|p1a: Ho-Oh|tox
|
|-heal|p2a: Eternatus|82/100|[from] item: Black Sludge
|-damage|p1a: Ho-Oh|60/100 tox|[from] psn
|upkeep
|turn|16
|
|t:|1652243073
|move|p2a: Eternatus|Dynamax Cannon|p1a: Ho-Oh
|-damage|p1a: Ho-Oh|35/100 tox
|move|p1a: Ho-Oh|Brave Bird|p2a: Eternatus
|-damage|p2a: Eternatus|36/100
|-damage|p1a: Ho-Oh|17/100 tox|[from] Recoil
|
|-heal|p2a: Eternatus|42/100|[from] item: Black Sludge
|-damage|p1a: Ho-Oh|5/100 tox|[from] psn
|upkeep
|turn|17
|
|t:|1652243078
|switch|p1a: Palkia|Palkia|100/100
|-ability|p1a: Palkia|Pressure
|move|p2a: Eternatus|Recover|p2a: Eternatus
|-heal|p2a: Eternatus|92/100
|
|-heal|p2a: Eternatus|98/100|[from] item: Black Sludge
|upkeep
|turn|18
|
|t:|1652243083
|switch|p2a: Yveltal|Yveltal|92/100
|-ability|p2a: Yveltal|Dark Aura
|move|p1a: Palkia|Spacial Rend|p2a: Yveltal|[miss]
|-miss|p1a: Palkia|p2a: Yveltal
|
|upkeep
|turn|19
|
|t:|1652243089
|switch|p1a: Yveltal|Yveltal|98/100
|-ability|p1a: Yveltal|Dark Aura
|move|p2a: Yveltal|Knock Off|p1a: Yveltal
|-resisted|p1a: Yveltal
|-damage|p1a: Yveltal|82/100
|
|upkeep
|turn|20
|
|t:|1652243093
|switch|p1a: Groudon|Groudon|100/100
|-weather|SunnyDay|[from] ability: Drought|[of] p1a: Groudon
|switch|p2a: Eternatus|Eternatus|98/100
|-ability|p2a: Eternatus|Pressure
|
|-weather|SunnyDay|[upkeep]
|-heal|p2a: Eternatus|100/100|[from] item: Black Sludge
|upkeep
|turn|21
|
|t:|1652243098
|move|p2a: Eternatus|Toxic|p1a: Groudon
|-status|p1a: Groudon|tox
|move|p1a: Groudon|Thunder Wave|p2a: Eternatus
|-status|p2a: Eternatus|par
|
|-weather|SunnyDay|[upkeep]
|-damage|p1a: Groudon|94/100 tox|[from] psn
|upkeep
|turn|22
|
|t:|1652243108
|switch|p2a: Groudon|Groudon|100/100
|move|p1a: Groudon|Thunder Wave|p2a: Groudon
|-immune|p2a: Groudon
|
|-weather|SunnyDay|[upkeep]
|-damage|p1a: Groudon|82/100 tox|[from] psn
|upkeep
|turn|23
|
|t:|1652243114
|move|p2a: Groudon|Stealth Rock|p1a: Groudon
|-sidestart|p1: ox04|move: Stealth Rock
|move|p1a: Groudon|Precipice Blades|p2a: Groudon
|-damage|p2a: Groudon|56/100
|
|-weather|SunnyDay|[upkeep]
|-heal|p2a: Groudon|62/100|[from] item: Leftovers
|-damage|p1a: Groudon|64/100 tox|[from] psn
|upkeep
|turn|24
|
|t:|1652243118
|switch|p1a: Yveltal|Yveltal|82/100
|-damage|p1a: Yveltal|57/100|[from] Stealth Rock
|-ability|p1a: Yveltal|Dark Aura
|move|p2a: Groudon|Precipice Blades|p1a: Yveltal
|-immune|p1a: Yveltal
|
|-weather|SunnyDay|[upkeep]
|-heal|p2a: Groudon|68/100|[from] item: Leftovers
|upkeep
|turn|25
|
|t:|1652243122
|switch|p2a: Yveltal|Yveltal|92/100
|-ability|p2a: Yveltal|Dark Aura
|move|p1a: Yveltal|Oblivion Wing|p2a: Yveltal
|-damage|p2a: Yveltal|64/100
|-heal|p1a: Yveltal|78/100|[from] drain|[of] p2a: Yveltal
|
|-weather|SunnyDay|[upkeep]
|upkeep
|turn|26
|
|t:|1652243125
|move|p1a: Yveltal|Taunt|p2a: Yveltal
|-start|p2a: Yveltal|move: Taunt
|cant|p2a: Yveltal|move: Taunt|Roost
|
|-weather|SunnyDay|[upkeep]
|upkeep
|turn|27
|
|t:|1652243131
|switch|p2a: Eternatus|Eternatus|100/100 par
|-ability|p2a: Eternatus|Pressure
|move|p1a: Yveltal|Oblivion Wing|p2a: Eternatus
|-damage|p2a: Eternatus|76/100 par
|-heal|p1a: Yveltal|100/100|[from] drain|[of] p2a: Eternatus
|
|-weather|none
|-heal|p2a: Eternatus|82/100 par|[from] item: Black Sludge
|upkeep
|turn|28
|
|t:|1652243136
|move|p1a: Yveltal|Taunt|p2a: Eternatus
|-start|p2a: Eternatus|move: Taunt
|move|p2a: Eternatus|Dynamax Cannon|p1a: Yveltal
|-damage|p1a: Yveltal|61/100
|
|-heal|p2a: Eternatus|88/100 par|[from] item: Black Sludge
|upkeep
|turn|29
|
|t:|1652243139
|move|p1a: Yveltal|Dark Pulse|p2a: Eternatus
|-damage|p2a: Eternatus|53/100 par
|move|p2a: Eternatus|Dynamax Cannon|p1a: Yveltal
|-damage|p1a: Yveltal|16/100
|
|-heal|p2a: Eternatus|59/100 par|[from] item: Black Sludge
|upkeep
|turn|30
|
|t:|1652243143
|move|p1a: Yveltal|Oblivion Wing|p2a: Eternatus
|-damage|p2a: Eternatus|35/100 par
|-heal|p1a: Yveltal|38/100|[from] drain|[of] p2a: Eternatus
|cant|p2a: Eternatus|par
|
|-heal|p2a: Eternatus|41/100 par|[from] item: Black Sludge
|-end|p2a: Eternatus|move: Taunt
|upkeep
|turn|31
|
|t:|1652243149
|move|p1a: Yveltal|Oblivion Wing|p2a: Eternatus
|-damage|p2a: Eternatus|14/100 par
|-heal|p1a: Yveltal|63/100|[from] drain|[of] p2a: Eternatus
|move|p2a: Eternatus|Dynamax Cannon|p1a: Yveltal
|-damage|p1a: Yveltal|24/100
|
|-heal|p2a: Eternatus|20/100 par|[from] item: Black Sludge
|upkeep
|turn|32
|
|t:|1652243154
|move|p1a: Yveltal|Dark Pulse|p2a: Eternatus
|-damage|p2a: Eternatus|0 fnt
|faint|p2a: Eternatus
|
|upkeep
|
|t:|1652243162
|switch|p2a: Yveltal|Yveltal|64/100
|-ability|p2a: Yveltal|Dark Aura
|turn|33
|
|t:|1652243166
|move|p2a: Yveltal|Knock Off|p1a: Yveltal
|-resisted|p1a: Yveltal
|-damage|p1a: Yveltal|10/100
|move|p1a: Yveltal|Oblivion Wing|p2a: Yveltal
|-damage|p2a: Yveltal|35/100
|-heal|p1a: Yveltal|33/100|[from] drain|[of] p2a: Yveltal
|
|upkeep
|turn|34
|
|t:|1652243171
|move|p2a: Yveltal|Roost|p2a: Yveltal
|-heal|p2a: Yveltal|85/100
|-singleturn|p2a: Yveltal|move: Roost
|move|p1a: Yveltal|Oblivion Wing|p2a: Yveltal
|-damage|p2a: Yveltal|56/100
|-heal|p1a: Yveltal|54/100|[from] drain|[of] p2a: Yveltal
|
|upkeep
|turn|35
|
|t:|1652243174
|move|p1a: Yveltal|Taunt|p2a: Yveltal
|-start|p2a: Yveltal|move: Taunt
|cant|p2a: Yveltal|move: Taunt|Roost
|
|upkeep
|turn|36
|
|t:|1652243183
|move|p2a: Yveltal|Sucker Punch|p1a: Yveltal
|-resisted|p1a: Yveltal
|-damage|p1a: Yveltal|37/100
|move|p1a: Yveltal|Oblivion Wing|p2a: Yveltal
|-damage|p2a: Yveltal|27/100
|-heal|p1a: Yveltal|59/100|[from] drain|[of] p2a: Yveltal
|
|upkeep
|turn|37
|
|t:|1652243186
|move|p2a: Yveltal|Sucker Punch|p1a: Yveltal
|-resisted|p1a: Yveltal
|-damage|p1a: Yveltal|42/100
|move|p1a: Yveltal|Oblivion Wing|p2a: Yveltal
|-damage|p2a: Yveltal|0 fnt
|-heal|p1a: Yveltal|62/100|[from] drain|[of] p2a: Yveltal
|faint|p2a: Yveltal
|
|upkeep
|
|t:|1652243194
|switch|p2a: Groudon|Groudon|68/100
|-weather|SunnyDay|[from] ability: Drought|[of] p2a: Groudon
|turn|38
|
|t:|1652243201
|move|p1a: Yveltal|Oblivion Wing|p2a: Groudon
|-damage|p2a: Groudon|31/100
|-heal|p1a: Yveltal|91/100|[from] drain|[of] p2a: Groudon
|move|p2a: Groudon|Stone Edge|p1a: Yveltal
|-supereffective|p1a: Yveltal
|-damage|p1a: Yveltal|22/100
|
|-weather|SunnyDay|[upkeep]
|-heal|p2a: Groudon|37/100|[from] item: Leftovers
|upkeep
|turn|39
|
|t:|1652243206
|move|p1a: Yveltal|Dark Pulse|p2a: Groudon
|-damage|p2a: Groudon|0 fnt
|faint|p2a: Groudon
|
|-weather|SunnyDay|[upkeep]
|upkeep
|
|t:|1652243209
|switch|p2a: Necrozma|Necrozma-Dusk-Mane|100/100
|turn|40
|
|t:|1652243215
|move|p1a: Yveltal|Dark Pulse|p2a: Necrozma
|-supereffective|p2a: Necrozma
|-damage|p2a: Necrozma|34/100
|move|p2a: Necrozma|Dragon Dance|p2a: Necrozma
|-boost|p2a: Necrozma|atk|1
|-boost|p2a: Necrozma|spe|1
|
|-weather|SunnyDay|[upkeep]
|-heal|p2a: Necrozma|40/100|[from] item: Leftovers
|upkeep
|turn|41
|
|t:|1652243217
|move|p2a: Necrozma|Moonlight|p2a: Necrozma
|-heal|p2a: Necrozma|100/100
|move|p1a: Yveltal|Dark Pulse|p2a: Necrozma
|-supereffective|p2a: Necrozma
|-damage|p2a: Necrozma|29/100
|
|-weather|SunnyDay|[upkeep]
|-heal|p2a: Necrozma|35/100|[from] item: Leftovers
|upkeep
|turn|42
|
|t:|1652243223
|move|p2a: Necrozma|Moonlight|p2a: Necrozma
|-heal|p2a: Necrozma|100/100
|move|p1a: Yveltal|Dark Pulse|p2a: Necrozma
|-supereffective|p2a: Necrozma
|-damage|p2a: Necrozma|29/100
|
|-weather|none
|-heal|p2a: Necrozma|35/100|[from] item: Leftovers
|upkeep
|turn|43
|l| 1v1 hehehe
|
|t:|1652243233
|move|p2a: Necrozma|Moonlight|p2a: Necrozma
|-heal|p2a: Necrozma|85/100
|move|p1a: Yveltal|Dark Pulse|p2a: Necrozma
|-supereffective|p2a: Necrozma
|-damage|p2a: Necrozma|15/100
|
|-heal|p2a: Necrozma|21/100|[from] item: Leftovers
|upkeep
|turn|44
|
|t:|1652243236
|move|p2a: Necrozma|Dragon Dance|p2a: Necrozma
|-boost|p2a: Necrozma|atk|1
|-boost|p2a: Necrozma|spe|1
|move|p1a: Yveltal|Dark Pulse|p2a: Necrozma
|-supereffective|p2a: Necrozma
|-damage|p2a: Necrozma|0 fnt
|faint|p2a: Necrozma
|
|upkeep
|
|t:|1652243237
|switch|p2a: Darmanitan|Darmanitan-Galar, F|100/100
|turn|45
|
|t:|1652243240
|move|p1a: Yveltal|Sucker Punch|p2a: Darmanitan
|-damage|p2a: Darmanitan|40/100
|move|p2a: Darmanitan|Icicle Crash|p1a: Yveltal
|-supereffective|p1a: Yveltal
|-damage|p1a: Yveltal|0 fnt
|faint|p1a: Yveltal
|
|upkeep
|
|t:|1652243243
|switch|p1a: Marshadow|Marshadow|100/100
|-damage|p1a: Marshadow|94/100|[from] Stealth Rock
|turn|46
|c|☆ox04|Gg
|
|t:|1652243252
|move|p1a: Marshadow|Shadow Sneak|p2a: Darmanitan
|-damage|p2a: Darmanitan|0 fnt
|faint|p2a: Darmanitan
|-damage|p1a: Marshadow|84/100|[from] item: Life Orb
|
|win|ox04
|raw|ox04's rating: 1836 &rarr; <strong>1845</strong><br />(+9 for winning)
|raw|icarus&apos;s fall's rating: 1610 &rarr; <strong>1601</strong><br />(-9 for losing)
