|j|☆comradesquidwar
|j|☆PokeDuels
|t:|1618374318
|gametype|singles
|player|p1|comradesquidwar|janitor|1582
|player|p2|PokeDuels|265|1410
|teamsize|p1|6
|teamsize|p2|6
|gen|8
|tier|[Gen 8] Ubers
|rated|
|clearpoke
|poke|p1|Lunala|
|poke|p1|Yveltal|
|poke|p1|Eternatus|
|poke|p1|Blissey, F|
|poke|p1|Zygarde|
|poke|p1|Necrozma-Dusk-Mane|
|poke|p2|Yveltal|
|poke|p2|Necrozma-Dusk-Mane|
|poke|p2|Ho-Oh|
|poke|p2|Calyrex-Shadow|
|poke|p2|Tangrowth, F|
|poke|p2|Blissey, F|
|rule|Sleep Clause Mod: Limit one foe put to sleep
|rule|Species Clause: Limit one of each Pokémon
|rule|OHKO Clause: OHKO moves are banned
|rule|Evasion Moves Clause: Evasion moves are banned
|rule|Endless Battle Clause: Forcing endless battles is banned
|rule|HP Percentage Mod: HP is shown in percentages
|rule|Dynamax Clause: You cannot dynamax
|teampreview
|inactive|Battle timer is ON: inactive players will automatically lose when time's up. (requested by comradesquidwar)
|
|t:|1618374346
|start
|switch|p1a: Yveltal|Yveltal, shiny|100/100
|switch|p2a: Calyrex|Calyrex-Shadow|100/100
|-ability|p2a: Calyrex|As One
|-ability|p2a: Calyrex|Unnerve
|-ability|p1a: Yveltal|Dark Aura
|turn|1
|
|t:|1618374355
|switch|p2a: Yveltal|Yveltal|100/100
|-ability|p2a: Yveltal|Dark Aura
|move|p1a: Yveltal|Knock Off|p2a: Yveltal
|-resisted|p2a: Yveltal
|-damage|p2a: Yveltal|79/100
|-enditem|p2a: Yveltal|Heavy-Duty Boots|[from] move: Knock Off|[of] p1a: Yveltal
|
|upkeep
|turn|2
|
|t:|1618374361
|switch|p1a: Zygarde|Zygarde|100/100
|move|p2a: Yveltal|Knock Off|p1a: Zygarde
|-damage|p1a: Zygarde|60/100
|-enditem|p1a: Zygarde|Leftovers|[from] move: Knock Off|[of] p2a: Yveltal
|
|upkeep
|turn|3
|
|t:|1618374366
|switch|p2a: Tangrowth|Tangrowth, F|100/100
|move|p1a: Zygarde|Coil|p1a: Zygarde
|-boost|p1a: Zygarde|atk|1
|-boost|p1a: Zygarde|def|1
|-boost|p1a: Zygarde|accuracy|1
|
|upkeep
|turn|4
|
|t:|1618374388
|move|p1a: Zygarde|Thousand Waves|p2a: Tangrowth
|-resisted|p2a: Tangrowth
|-damage|p2a: Tangrowth|88/100
|-activate|p2a: Tangrowth|trapped
|move|p2a: Tangrowth|Leech Seed|p1a: Zygarde
|-start|p1a: Zygarde|move: Leech Seed
|
|-damage|p1a: Zygarde|48/100|[from] Leech Seed|[of] p2a: Tangrowth
|-heal|p2a: Tangrowth|100/100|[silent]
|-activate|p1a: Zygarde|ability: Power Construct
|detailschange|p1a: Zygarde|Zygarde-Complete
|-heal|p1a: Zygarde|66/100|[silent]
|upkeep
|turn|5
|
|t:|1618374396
|switch|p1a: Eternatus|Eternatus|100/100
|-ability|p1a: Eternatus|Pressure
|move|p2a: Tangrowth|Toxic|p1a: Eternatus
|-immune|p1a: Eternatus
|
|upkeep
|turn|6
|
|t:|1618374402
|switch|p2a: Blissey|Blissey, F|100/100
|move|p1a: Eternatus|Toxic Spikes|p2a: Blissey
|-sidestart|p2: PokeDuels|move: Toxic Spikes
|
|upkeep
|turn|7
|
|t:|1618374407
|move|p1a: Eternatus|Toxic Spikes|p2a: Blissey
|-sidestart|p2: PokeDuels|move: Toxic Spikes
|move|p2a: Blissey|Teleport|p2a: Blissey
|
|t:|1618374415
|switch|p2a: Calyrex|Calyrex-Shadow|100/100|[from]move: Teleport
|-ability|p2a: Calyrex|As One
|-ability|p2a: Calyrex|Unnerve
|-status|p2a: Calyrex|tox
|
|-damage|p2a: Calyrex|94/100 tox|[from] psn
|upkeep
|turn|8
|
|t:|1618374419
|switch|p1a: Yveltal|Yveltal, shiny|100/100
|-ability|p1a: Yveltal|Dark Aura
|move|p2a: Calyrex|Will-O-Wisp|p1a: Yveltal
|-status|p1a: Yveltal|brn
|
|-damage|p2a: Calyrex|82/100 tox|[from] psn
|-damage|p1a: Yveltal|94/100 brn|[from] brn
|upkeep
|turn|9
|
|t:|1618374430
|switch|p2a: Yveltal|Yveltal|79/100
|-ability|p2a: Yveltal|Dark Aura
|switch|p1a: Blissey|Blissey, F|100/100
|
|upkeep
|turn|10
|
|t:|1618374435
|move|p2a: Yveltal|Knock Off|p1a: Blissey
|-damage|p1a: Blissey|55/100
|-enditem|p1a: Blissey|Heavy-Duty Boots|[from] move: Knock Off|[of] p2a: Yveltal
|move|p1a: Blissey|Aromatherapy|p1a: Blissey
|-activate|p1a: Blissey|move: Aromatherapy
|-curestatus|p1: Yveltal|brn|[msg]
|
|upkeep
|turn|11
|
|t:|1618374440
|move|p2a: Yveltal|Defog|p1a: Blissey
|-unboost|p1a: Blissey|evasion|1
|-sideend|p2: PokeDuels|Toxic Spikes|[from] move: Defog|[of] p2a: Yveltal
|move|p1a: Blissey|Soft-Boiled|p1a: Blissey
|-heal|p1a: Blissey|100/100
|
|upkeep
|turn|12
|
|t:|1618374448
|move|p2a: Yveltal|Knock Off|p1a: Blissey
|-damage|p1a: Blissey|65/100
|move|p1a: Blissey|Toxic|p2a: Yveltal
|-status|p2a: Yveltal|tox
|
|-damage|p2a: Yveltal|73/100 tox|[from] psn
|upkeep
|turn|13
|
|t:|1618374453
|switch|p2a: Blissey|Blissey, F|100/100
|move|p1a: Blissey|Soft-Boiled|p1a: Blissey
|-heal|p1a: Blissey|100/100
|
|upkeep
|turn|14
|
|t:|1618374457
|switch|p1a: Zygarde|Zygarde-Complete|66/100
|move|p2a: Blissey|Aromatherapy|p2a: Blissey
|-activate|p2a: Blissey|move: Aromatherapy
|-curestatus|p2: Yveltal|tox|[msg]
|-curestatus|p2: Calyrex|tox|[msg]
|
|upkeep
|turn|15
|
|t:|1618374461
|switch|p1a: Eternatus|Eternatus|100/100
|-ability|p1a: Eternatus|Pressure
|move|p2a: Blissey|Toxic|p1a: Eternatus
|-immune|p1a: Eternatus
|
|upkeep
|turn|16
|
|t:|1618374477
|move|p1a: Eternatus|Toxic Spikes|p2a: Blissey
|-sidestart|p2: PokeDuels|move: Toxic Spikes
|move|p2a: Blissey|Teleport|p2a: Blissey
|
|t:|1618374495
|switch|p2a: Calyrex|Calyrex-Shadow|82/100|[from]move: Teleport
|-ability|p2a: Calyrex|As One
|-ability|p2a: Calyrex|Unnerve
|-status|p2a: Calyrex|psn
|
|-damage|p2a: Calyrex|70/100 psn|[from] psn
|upkeep
|turn|17
|
|t:|1618374501
|switch|p1a: Yveltal|Yveltal, shiny|94/100
|-ability|p1a: Yveltal|Dark Aura
|move|p2a: Calyrex|Astral Barrage|p1a: Yveltal
|-resisted|p1a: Yveltal
|-damage|p1a: Yveltal|53/100
|
|-damage|p2a: Calyrex|57/100 psn|[from] psn
|upkeep
|turn|18
|
|t:|1618374516
|switch|p2a: Yveltal|Yveltal|73/100
|-ability|p2a: Yveltal|Dark Aura
|move|p1a: Yveltal|Roost|p1a: Yveltal
|-heal|p1a: Yveltal|100/100
|-singleturn|p1a: Yveltal|move: Roost
|
|upkeep
|turn|19
|
|t:|1618374521
|switch|p1a: Zygarde|Zygarde-Complete|66/100
|move|p2a: Yveltal|Knock Off|p1a: Zygarde
|-damage|p1a: Zygarde|50/100
|
|upkeep
|turn|20
|
|t:|1618374527
|move|p2a: Yveltal|Defog|p1a: Zygarde
|-unboost|p1a: Zygarde|evasion|1
|-sideend|p2: PokeDuels|Toxic Spikes|[from] move: Defog|[of] p2a: Yveltal
|move|p1a: Zygarde|Thousand Arrows|p2a: Yveltal
|-damage|p2a: Yveltal|50/100
|-start|p2a: Yveltal|Smack Down
|
|upkeep
|turn|21
|
|t:|1618374529
|move|p2a: Yveltal|Roost|p2a: Yveltal
|-heal|p2a: Yveltal|99/100
|-singleturn|p2a: Yveltal|move: Roost
|move|p1a: Zygarde|Thousand Waves|p2a: Yveltal
|-damage|p2a: Yveltal|78/100
|-activate|p2a: Yveltal|trapped
|
|upkeep
|turn|22
|
|t:|1618374534
|move|p2a: Yveltal|Snarl|p1a: Zygarde
|-damage|p1a: Zygarde|38/100
|-unboost|p1a: Zygarde|spa|1
|move|p1a: Zygarde|Coil|p1a: Zygarde
|-boost|p1a: Zygarde|atk|1
|-boost|p1a: Zygarde|def|1
|-boost|p1a: Zygarde|accuracy|1
|
|upkeep
|turn|23
|
|t:|1618374539
|move|p2a: Yveltal|Knock Off|p1a: Zygarde
|-damage|p1a: Zygarde|26/100
|move|p1a: Zygarde|Rest|p1a: Zygarde
|-status|p1a: Zygarde|slp|[from] move: Rest
|-heal|p1a: Zygarde|100/100 slp|[silent]
|
|upkeep
|turn|24
|
|t:|1618374544
|move|p2a: Yveltal|Snarl|p1a: Zygarde
|-damage|p1a: Zygarde|90/100 slp
|-unboost|p1a: Zygarde|spa|1
|cant|p1a: Zygarde|slp
|
|upkeep
|turn|25
|
|t:|1618374548
|move|p2a: Yveltal|Snarl|p1a: Zygarde
|-damage|p1a: Zygarde|78/100 slp
|-unboost|p1a: Zygarde|spa|1
|cant|p1a: Zygarde|slp
|
|upkeep
|turn|26
|
|t:|1618374550
|move|p2a: Yveltal|Snarl|p1a: Zygarde
|-damage|p1a: Zygarde|67/100 slp
|-unboost|p1a: Zygarde|spa|1
|-curestatus|p1a: Zygarde|slp|[msg]
|move|p1a: Zygarde|Coil|p1a: Zygarde
|-boost|p1a: Zygarde|atk|1
|-boost|p1a: Zygarde|def|1
|-boost|p1a: Zygarde|accuracy|1
|
|upkeep
|turn|27
|
|t:|1618374563
|move|p2a: Yveltal|Snarl|p1a: Zygarde
|-damage|p1a: Zygarde|55/100
|-unboost|p1a: Zygarde|spa|1
|move|p1a: Zygarde|Coil|p1a: Zygarde
|-boost|p1a: Zygarde|atk|1
|-boost|p1a: Zygarde|def|1
|-boost|p1a: Zygarde|accuracy|1
|
|upkeep
|turn|28
|
|t:|1618374569
|move|p2a: Yveltal|Snarl|p1a: Zygarde
|-damage|p1a: Zygarde|43/100
|-unboost|p1a: Zygarde|spa|1
|move|p1a: Zygarde|Coil|p1a: Zygarde
|-boost|p1a: Zygarde|atk|1
|-boost|p1a: Zygarde|def|1
|-boost|p1a: Zygarde|accuracy|1
|
|upkeep
|turn|29
|
|t:|1618374574
|move|p2a: Yveltal|Snarl|p1a: Zygarde
|-damage|p1a: Zygarde|31/100
|move|p1a: Zygarde|Coil|p1a: Zygarde
|-boost|p1a: Zygarde|atk|1
|-boost|p1a: Zygarde|def|1
|-boost|p1a: Zygarde|accuracy|1
|
|upkeep
|turn|30
|
|t:|1618374580
|move|p2a: Yveltal|Snarl|p1a: Zygarde
|-damage|p1a: Zygarde|20/100
|move|p1a: Zygarde|Rest|p1a: Zygarde
|-status|p1a: Zygarde|slp|[from] move: Rest
|-heal|p1a: Zygarde|100/100 slp|[silent]
|
|upkeep
|turn|31
|inactive|PokeDuels has 120 seconds left.
|inactive|PokeDuels has 90 seconds left.
|-message|PokeDuels forfeited.
|
|win|comradesquidwar
|raw|comradesquidwar's rating: 1582 &rarr; <strong>1593</strong><br />(+11 for winning)
|raw|PokeDuels's rating: 1410 &rarr; <strong>1399</strong><br />(-11 for losing)
|l|☆PokeDuels
