|j|☆Chunkomucho
|j|☆u4e soda
|player|p1|Chunkomucho|erika|1539
|player|p2|u4e soda|swimmerf-gen4dp|1494
|teamsize|p1|6
|teamsize|p2|6
|gametype|singles
|gen|8
|tier|[Gen 8] Ubers
|rated|
|clearpoke
|poke|p1|Pelipper, M|
|poke|p1|Drednaw, F|
|poke|p1|Tangrowth, M|
|poke|p1|Magearna|
|poke|p1|Zacian-Crowned|
|poke|p1|Urshifu-*, F|
|poke|p2|Zacian-Crowned|
|poke|p2|Eternatus|
|poke|p2|Necrozma-Dusk-Mane|
|poke|p2|Tyranitar, F|
|poke|p2|Urshifu-*, M|
|poke|p2|Corviknight, F|
|rule|Sleep Clause Mod: Limit one foe put to sleep
|rule|Species Clause: Limit one of each Pokémon
|rule|OHKO Clause: OHKO moves are banned
|rule|Evasion Moves Clause: Evasion moves are banned
|rule|Endless Battle Clause: Forcing endless battles is banned
|rule|HP Percentage Mod: HP is shown in percentages
|html|Ubers Dynamax Clause: Pokémon on the <a href="https://www.smogon.com/dex/ss/formats/uber/">Ubers Dynamax Banlist</a> cannot Dynamax.
|teampreview
|inactive|Battle timer is ON: inactive players will automatically lose when time's up. (requested by Chunkomucho)
|
|start
|switch|p1a: Pelipper|Pelipper, M|100/100
|switch|p2a: Zacian|Zacian-Crowned|100/100
|-ability|p2a: Zacian|Intrepid Sword|boost
|-boost|p2a: Zacian|atk|1
|-weather|RainDance|[from] ability: Drizzle|[of] p1a: Pelipper
|turn|1
|
|move|p2a: Zacian|Wild Charge|p1a: Pelipper
|-supereffective|p1a: Pelipper
|-damage|p1a: Pelipper|0 fnt
|-damage|p2a: Zacian|76/100|[from] Recoil
|faint|p1a: Pelipper
|
|-weather|RainDance|[upkeep]
|upkeep
|
|switch|p1a: Drednaw|Drednaw, F|100/100
|turn|2
|
|switch|p2a: Corviknight|Corviknight, F|100/100
|-ability|p2a: Corviknight|Pressure
|-start|p1a: Drednaw|Dynamax
|-formechange|p1a: Drednaw|Drednaw-Gmax
|-heal|p1a: Drednaw|100/100|[silent]
|move|p1a: Drednaw|G-Max Stonesurge|p2a: Corviknight
|-damage|p2a: Corviknight|18/100
|-sidestart|p2: u4e soda|move: Stealth Rock
|-damage|p1a: Drednaw|96/100|[from] item: Life Orb
|
|-weather|RainDance|[upkeep]
|upkeep
|turn|3
|
|move|p1a: Drednaw|Max Knuckle|p2a: Corviknight
|-damage|p2a: Corviknight|0 fnt
|-boost|p1a: Drednaw|atk|1
|-damage|p1a: Drednaw|91/100|[from] item: Life Orb
|faint|p2a: Corviknight
|
|-weather|RainDance|[upkeep]
|upkeep
|
|switch|p2a: Necrozma|Necrozma-Dusk-Mane|100/100
|-damage|p2a: Necrozma|94/100|[from] Stealth Rock
|turn|4
|
|move|p1a: Drednaw|Max Quake|p2a: Necrozma
|-supereffective|p2a: Necrozma
|-damage|p2a: Necrozma|28/100
|-boost|p1a: Drednaw|spd|1
|-damage|p1a: Drednaw|86/100|[from] item: Life Orb
|move|p2a: Necrozma|Thunder Wave|p1a: Drednaw
|-status|p1a: Drednaw|par
|
|-weather|RainDance|[upkeep]
|-heal|p2a: Necrozma|34/100|[from] item: Leftovers
|-end|p1a: Drednaw|Dynamax
|-formechange|p1a: Drednaw|Drednaw
|-heal|p1a: Drednaw|86/100 par|[silent]
|upkeep
|turn|5
|
|move|p1a: Drednaw|Liquidation|p2a: Necrozma
|-damage|p2a: Necrozma|0 fnt
|-damage|p1a: Drednaw|76/100 par|[from] item: Life Orb
|faint|p2a: Necrozma
|
|-weather|RainDance|[upkeep]
|upkeep
|
|switch|p2a: Zacian|Zacian-Crowned|76/100
|-damage|p2a: Zacian|69/100|[from] Stealth Rock
|-ability|p2a: Zacian|Intrepid Sword|boost
|-boost|p2a: Zacian|atk|1
|turn|6
|
|switch|p1a: Tangrowth|Tangrowth, M|100/100
|move|p2a: Zacian|Behemoth Blade|p1a: Tangrowth
|-damage|p1a: Tangrowth|53/100
|-damage|p2a: Zacian|53/100|[from] item: Rocky Helmet|[of] p1a: Tangrowth
|
|-weather|RainDance|[upkeep]
|upkeep
|turn|7
|
|switch|p2a: Tyranitar|Tyranitar, F|100/100
|-damage|p2a: Tyranitar|88/100|[from] Stealth Rock
|-weather|Sandstorm|[from] ability: Sand Stream|[of] p2a: Tyranitar
|move|p1a: Tangrowth|Sleep Powder|p2a: Tyranitar
|-status|p2a: Tyranitar|slp|[from] move: Sleep Powder
|
|-weather|Sandstorm|[upkeep]
|-damage|p1a: Tangrowth|47/100|[from] Sandstorm
|upkeep
|turn|8
|l|☆Chunkomucho
|inactive|Chunkomucho disconnected and has a minute to reconnect!
|player|p1|
|j|☆Chunkomucho
|inactive|Chunkomucho reconnected and has 120 seconds left.
|player|p1|Chunkomucho|erika
|
|switch|p2a: Eternatus|Eternatus|100/100
|-damage|p2a: Eternatus|88/100|[from] Stealth Rock
|-ability|p2a: Eternatus|Pressure
|switch|p1a: Drednaw|Drednaw, F|76/100 par
|
|-weather|Sandstorm|[upkeep]
|-damage|p2a: Eternatus|82/100|[from] Sandstorm
|-heal|p2a: Eternatus|88/100|[from] item: Black Sludge
|upkeep
|turn|9
|c|☆u4e soda|why come back? smh
|
|move|p2a: Eternatus|Dynamax Cannon|p1a: Drednaw
|-damage|p1a: Drednaw|31/100 par
|move|p1a: Drednaw|Earthquake|p2a: Eternatus
|-supereffective|p2a: Eternatus
|-crit|p2a: Eternatus
|-damage|p2a: Eternatus|4/100
|-damage|p1a: Drednaw|21/100 par|[from] item: Life Orb
|
|-weather|Sandstorm|[upkeep]
|-damage|p2a: Eternatus|0 fnt|[from] Sandstorm
|faint|p2a: Eternatus
|upkeep
|
|switch|p2a: Urshifu|Urshifu, M|100/100
|-damage|p2a: Urshifu|94/100|[from] Stealth Rock
|turn|10
|
|move|p2a: Urshifu|U-turn|p1a: Drednaw
|-damage|p1a: Drednaw|0 fnt
|faint|p1a: Drednaw
|
|switch|p2a: Zacian|Zacian-Crowned|53/100|[from]move: U-turn
|-damage|p2a: Zacian|47/100|[from] Stealth Rock
|-ability|p2a: Zacian|Intrepid Sword|boost
|-boost|p2a: Zacian|atk|1
|
|-weather|Sandstorm|[upkeep]
|upkeep
|
|switch|p1a: Tangrowth|Tangrowth, M|80/100
|turn|11
|
|move|p2a: Zacian|Swords Dance|p2a: Zacian
|-boost|p2a: Zacian|atk|2
|move|p1a: Tangrowth|Sleep Powder|p2a: Zacian|[miss]
|-miss|p1a: Tangrowth|p2a: Zacian
|
|-weather|none
|upkeep
|turn|12
|
|move|p2a: Zacian|Behemoth Blade|p1a: Tangrowth
|-damage|p1a: Tangrowth|2/100
|-damage|p2a: Zacian|30/100|[from] item: Rocky Helmet|[of] p1a: Tangrowth
|move|p1a: Tangrowth|Earthquake|p2a: Zacian
|-supereffective|p2a: Zacian
|-damage|p2a: Zacian|0 fnt
|faint|p2a: Zacian
|
|upkeep
|
|switch|p2a: Urshifu|Urshifu, M|94/100
|-damage|p2a: Urshifu|88/100|[from] Stealth Rock
|turn|13
|
|switch|p1a: Magearna|Magearna|100/100
|-start|p2a: Urshifu|Dynamax
|-formechange|p2a: Urshifu|Urshifu-Gmax
|-heal|p2a: Urshifu|88/100|[silent]
|move|p2a: Urshifu|Max Airstream|p1a: Magearna
|-resisted|p1a: Magearna
|-damage|p1a: Magearna|83/100
|-boost|p2a: Urshifu|spe|1
|
|-heal|p1a: Magearna|90/100|[from] item: Leftovers
|upkeep
|turn|14
|
|move|p2a: Urshifu|Max Knuckle|p1a: Magearna
|-damage|p1a: Magearna|48/100
|-boost|p2a: Urshifu|atk|1
|move|p1a: Magearna|Fleur Cannon|p2a: Urshifu
|-supereffective|p2a: Urshifu
|-damage|p2a: Urshifu|0 fnt
|-unboost|p1a: Magearna|spa|2
|faint|p2a: Urshifu
|-ability|p1a: Magearna|Soul-Heart|boost
|-boost|p1a: Magearna|spa|1
|
|-heal|p1a: Magearna|54/100|[from] item: Leftovers
|upkeep
|-message|u4e soda forfeited.
|
|win|Chunkomucho
|l|☆u4e soda
||Ladder (probably) updated, but score could not be retrieved (Request timeout).
