|j|☆hjuyttdd
|j|☆nirvana27
|t:|1635232297
|gametype|singles
|player|p1|hjuyttdd|aromalady|
|player|p2|nirvana27|swimmer-gen4dp|
|teamsize|p1|6
|teamsize|p2|6
|gen|8
|tier|[Gen 8] Ubers
|rated|Tournament battle
|rule|Sleep Clause Mod: Limit one foe put to sleep
|rule|Species Clause: Limit one of each Pokémon
|rule|OHKO Clause: OHKO moves are banned
|rule|Evasion Moves Clause: Evasion moves are banned
|rule|Endless Battle Clause: Forcing endless battles is banned
|rule|HP Percentage Mod: HP is shown in percentages
|rule|Dynamax Clause: You cannot dynamax
|clearpoke
|poke|p1|Yveltal|
|poke|p1|Necrozma-Dusk-Mane|
|poke|p1|Xerneas-*|
|poke|p1|Giratina|
|poke|p1|Ho-Oh|
|poke|p1|Blissey, F|
|poke|p2|Snorlax, M|
|poke|p2|Cinderace, F|
|poke|p2|Pheromosa|
|poke|p2|Marshadow|
|poke|p2|Eternatus|
|poke|p2|Calyrex-Shadow|
|teampreview
|c|☆hjuyttdd|hf
|j| cursedstar
|j| Skimmythegod
|inactive|Battle timer is ON: inactive players will automatically lose when time's up. (requested by hjuyttdd)
|c|☆nirvana27|you too man
|
|t:|1635232319
|start
|switch|p1a: Ho-Oh|Ho-Oh|100/100
|switch|p2a: Pheromosa|Pheromosa|100/100
|turn|1
|c| Skimmythegod|the battle
|
|t:|1635232331
|move|p2a: Pheromosa|U-turn|p1a: Ho-Oh
|-resisted|p1a: Ho-Oh
|-damage|p1a: Ho-Oh|90/100
|j| Deepest Blue
|l| Deepest Blue
|
|t:|1635232337
|switch|p2a: Eternatus|Eternatus|100/100|[from]move: U-turn
|-ability|p2a: Eternatus|Pressure
|move|p1a: Ho-Oh|Sacred Fire|p2a: Eternatus
|-resisted|p2a: Eternatus
|-damage|p2a: Eternatus|64/100
|
|upkeep
|turn|2
|
|t:|1635232345
|switch|p1a: Blissey|Blissey, F|100/100
|move|p2a: Eternatus|Recover|p2a: Eternatus
|-heal|p2a: Eternatus|100/100
|
|upkeep
|turn|3
|
|t:|1635232354
|switch|p2a: Cinderace|Cinderace, F|100/100
|move|p1a: Blissey|Stealth Rock|p2a: Cinderace
|-sidestart|p2: nirvana27|move: Stealth Rock
|
|upkeep
|turn|4
|
|t:|1635232359
|switch|p1a: Giratina|Giratina|100/100
|-ability|p1a: Giratina|Pressure
|move|p2a: Cinderace|Court Change|p2a: Cinderace
|-start|p2a: Cinderace|typechange|Normal|[from] ability: Libero
|-swapsideconditions
|-activate|p2a: Cinderace|move: Court Change
|
|upkeep
|turn|5
|
|t:|1635232367
|move|p2a: Cinderace|Pyro Ball|p1a: Giratina
|-start|p2a: Cinderace|typechange|Fire|[from] ability: Libero
|-resisted|p1a: Giratina
|-damage|p1a: Giratina|89/100
|move|p1a: Giratina|Defog|p2a: Cinderace
|-unboost|p2a: Cinderace|evasion|1
|-sideend|p1: hjuyttdd|Stealth Rock|[from] move: Defog|[of] p1a: Giratina
|
|-heal|p1a: Giratina|95/100|[from] item: Leftovers
|upkeep
|turn|6
|
|t:|1635232376
|switch|p1a: Ho-Oh|Ho-Oh|100/100
|move|p2a: Cinderace|U-turn|p1a: Ho-Oh
|-start|p2a: Cinderace|typechange|Bug|[from] ability: Libero
|-resisted|p1a: Ho-Oh
|-damage|p1a: Ho-Oh|91/100
|
|t:|1635232388
|switch|p2a: Eternatus|Eternatus|100/100|[from]move: U-turn
|-ability|p2a: Eternatus|Pressure
|
|upkeep
|turn|7
|
|t:|1635232394
|switch|p1a: Blissey|Blissey, F|100/100
|move|p2a: Eternatus|Meteor Beam||[still]
|-prepare|p2a: Eternatus|Meteor Beam
|-boost|p2a: Eternatus|spa|1
|-enditem|p2a: Eternatus|Power Herb
|-anim|p2a: Eternatus|Meteor Beam|p1a: Blissey
|-damage|p1a: Blissey|83/100
|
|upkeep
|turn|8
|
|t:|1635232402
|move|p2a: Eternatus|Dynamax Cannon|p1a: Blissey
|-damage|p1a: Blissey|62/100
|move|p1a: Blissey|Stealth Rock|p2a: Eternatus
|-sidestart|p2: nirvana27|move: Stealth Rock
|
|upkeep
|turn|9
|
|t:|1635232408
|switch|p2a: Cinderace|Cinderace, F|100/100
|-damage|p2a: Cinderace|76/100|[from] Stealth Rock
|move|p1a: Blissey|Soft-Boiled|p1a: Blissey
|-heal|p1a: Blissey|100/100
|
|upkeep
|turn|10
|
|t:|1635232414
|switch|p1a: Giratina|Giratina|95/100
|-ability|p1a: Giratina|Pressure
|move|p2a: Cinderace|Court Change|p2a: Cinderace
|-start|p2a: Cinderace|typechange|Normal|[from] ability: Libero
|-swapsideconditions
|-activate|p2a: Cinderace|move: Court Change
|
|-heal|p1a: Giratina|100/100|[from] item: Leftovers
|upkeep
|turn|11
|
|t:|1635232422
|move|p2a: Cinderace|Pyro Ball|p1a: Giratina
|-start|p2a: Cinderace|typechange|Fire|[from] ability: Libero
|-resisted|p1a: Giratina
|-damage|p1a: Giratina|89/100
|move|p1a: Giratina|Defog|p2a: Cinderace
|-unboost|p2a: Cinderace|evasion|1
|-sideend|p1: hjuyttdd|Stealth Rock|[from] move: Defog|[of] p1a: Giratina
|
|-heal|p1a: Giratina|95/100|[from] item: Leftovers
|upkeep
|turn|12
|
|t:|1635232431
|switch|p1a: Ho-Oh|Ho-Oh|100/100
|move|p2a: Cinderace|Pyro Ball|p1a: Ho-Oh
|-resisted|p1a: Ho-Oh
|-damage|p1a: Ho-Oh|72/100
|
|upkeep
|turn|13
|
|t:|1635232440
|move|p2a: Cinderace|U-turn|p1a: Ho-Oh
|-start|p2a: Cinderace|typechange|Bug|[from] ability: Libero
|-resisted|p1a: Ho-Oh
|-damage|p1a: Ho-Oh|64/100
|
|t:|1635232459
|switch|p2a: Eternatus|Eternatus|100/100|[from]move: U-turn
|-ability|p2a: Eternatus|Pressure
|move|p1a: Ho-Oh|Earthquake|p2a: Eternatus
|-supereffective|p2a: Eternatus
|-damage|p2a: Eternatus|7/100
|
|upkeep
|turn|14
|j| nounounouuu
|j|^Hoennseptile
|j| Holymolycrabby❤
|
|t:|1635232472
|move|p2a: Eternatus|Recover|p2a: Eternatus
|-heal|p2a: Eternatus|57/100
|move|p1a: Ho-Oh|Earthquake|p2a: Eternatus
|-supereffective|p2a: Eternatus
|-damage|p2a: Eternatus|0 fnt
|faint|p2a: Eternatus
|
|upkeep
|
|t:|1635232479
|switch|p2a: Snorlax|Snorlax, M|100/100
|turn|15
|
|t:|1635232483
|switch|p1a: Giratina|Giratina|95/100
|-ability|p1a: Giratina|Pressure
|move|p2a: Snorlax|Curse|p2a: Snorlax
|-unboost|p2a: Snorlax|spe|1
|-boost|p2a: Snorlax|atk|1
|-boost|p2a: Snorlax|def|1
|
|-heal|p1a: Giratina|100/100|[from] item: Leftovers
|upkeep
|turn|16
|
|t:|1635232492
|move|p1a: Giratina|Will-O-Wisp|p2a: Snorlax|[miss]
|-miss|p1a: Giratina|p2a: Snorlax
|move|p2a: Snorlax|Curse|p2a: Snorlax
|-unboost|p2a: Snorlax|spe|1
|-boost|p2a: Snorlax|atk|1
|-boost|p2a: Snorlax|def|1
|
|upkeep
|turn|17
|
|t:|1635232498
|move|p1a: Giratina|Will-O-Wisp|p2a: Snorlax
|-status|p2a: Snorlax|brn
|move|p2a: Snorlax|Curse|p2a: Snorlax
|-unboost|p2a: Snorlax|spe|1
|-boost|p2a: Snorlax|atk|1
|-boost|p2a: Snorlax|def|1
|
|-damage|p2a: Snorlax|94/100 brn|[from] brn
|upkeep
|turn|18
|
|t:|1635232507
|move|p2a: Snorlax|Amnesia|p2a: Snorlax
|-boost|p2a: Snorlax|spd|2
|move|p1a: Giratina|Roar|p2a: Snorlax
|drag|p2a: Cinderace|Cinderace, F|76/100
|
|upkeep
|turn|19
|
|t:|1635232513
|switch|p1a: Ho-Oh|Ho-Oh|97/100
|move|p2a: Cinderace|Pyro Ball|p1a: Ho-Oh
|-resisted|p1a: Ho-Oh
|-damage|p1a: Ho-Oh|67/100
|
|upkeep
|turn|20
|l| nounounouuu
|
|t:|1635232518
|move|p2a: Cinderace|Pyro Ball|p1a: Ho-Oh
|-resisted|p1a: Ho-Oh
|-damage|p1a: Ho-Oh|36/100
|move|p1a: Ho-Oh|Sacred Fire|p2a: Cinderace
|-resisted|p2a: Cinderace
|-crit|p2a: Cinderace
|-damage|p2a: Cinderace|0 fnt
|faint|p2a: Cinderace
|
|upkeep
|
|t:|1635232533
|switch|p2a: Calyrex|Calyrex-Shadow|100/100
|-ability|p2a: Calyrex|As One
|-ability|p2a: Calyrex|Unnerve
|turn|21
|
|t:|1635232538
|switch|p1a: Yveltal|Yveltal|100/100
|-ability|p1a: Yveltal|Dark Aura
|move|p2a: Calyrex|Psyshock|p1a: Yveltal
|-immune|p1a: Yveltal
|
|upkeep
|turn|22
|
|t:|1635232546
|move|p2a: Calyrex|Draining Kiss|p1a: Yveltal
|-supereffective|p1a: Yveltal
|-damage|p1a: Yveltal|62/100
|-damage|p2a: Calyrex|91/100|[from] item: Life Orb
|move|p1a: Yveltal|Foul Play|p2a: Calyrex
|-supereffective|p2a: Calyrex
|-damage|p2a: Calyrex|0 fnt
|faint|p2a: Calyrex
|
|upkeep
|
|t:|1635232554
|switch|p2a: Pheromosa|Pheromosa|100/100
|turn|23
|
|t:|1635232562
|move|p1a: Yveltal|Sucker Punch|p2a: Pheromosa
|-resisted|p2a: Pheromosa
|-damage|p2a: Pheromosa|50/100
|move|p2a: Pheromosa|Close Combat|p1a: Yveltal
|-damage|p1a: Yveltal|3/100
|-unboost|p2a: Pheromosa|def|1
|-unboost|p2a: Pheromosa|spd|1
|
|upkeep
|turn|24
|
|t:|1635232570
|switch|p2a: Marshadow|Marshadow|100/100
|move|p1a: Yveltal|Sucker Punch||[still]
|-fail|p1a: Yveltal
|
|upkeep
|turn|25
|
|t:|1635232575
|switch|p1a: Xerneas|Xerneas|100/100
|-ability|p1a: Xerneas|Fairy Aura
|-item|p1a: Xerneas|Air Balloon
|move|p2a: Marshadow|Shadow Sneak|p1a: Xerneas
|-damage|p1a: Xerneas|83/100
|-enditem|p1a: Xerneas|Air Balloon
|
|upkeep
|turn|26
|
|t:|1635232583
|move|p2a: Marshadow|Iron Head|p1a: Xerneas
|-supereffective|p1a: Xerneas
|-damage|p1a: Xerneas|53/100
|move|p1a: Xerneas|Moonblast|p2a: Marshadow
|-supereffective|p2a: Marshadow
|-enditem|p2a: Marshadow|Focus Sash
|-damage|p2a: Marshadow|1/100
|
|upkeep
|turn|27
|
|t:|1635232592
|move|p2a: Marshadow|Iron Head|p1a: Xerneas
|-supereffective|p1a: Xerneas
|-damage|p1a: Xerneas|19/100
|move|p1a: Xerneas|Moonblast|p2a: Marshadow
|-supereffective|p2a: Marshadow
|-damage|p2a: Marshadow|0 fnt
|faint|p2a: Marshadow
|
|upkeep
|
|t:|1635232601
|switch|p2a: Pheromosa|Pheromosa|50/100
|turn|28
|
|t:|1635232609
|move|p2a: Pheromosa|Triple Axel|p1a: Xerneas
|-damage|p1a: Xerneas|14/100
|-damage|p1a: Xerneas|4/100
|-hitcount|p1a: Xerneas|2
|move|p1a: Xerneas|Rest|p1a: Xerneas
|-status|p1a: Xerneas|slp|[from] move: Rest
|-heal|p1a: Xerneas|100/100 slp|[silent]
|
|upkeep
|turn|29
|c|☆hjuyttdd|mb
|
|t:|1635232617
|move|p2a: Pheromosa|Triple Axel|p1a: Xerneas
|-damage|p1a: Xerneas|96/100 slp
|-damage|p1a: Xerneas|87/100 slp
|-damage|p1a: Xerneas|73/100 slp
|-hitcount|p1a: Xerneas|3
|cant|p1a: Xerneas|slp
|move|p1a: Xerneas|Sleep Talk|p1a: Xerneas
|move|p1a: Xerneas|Aromatherapy|p1a: Xerneas|[from]move: Sleep Talk
|-activate|p1a: Xerneas|move: Aromatherapy
|-curestatus|p1a: Xerneas|slp|[msg]
|
|upkeep
|turn|30
|
|t:|1635232628
|move|p2a: Pheromosa|Triple Axel|p1a: Xerneas
|-damage|p1a: Xerneas|68/100
|-damage|p1a: Xerneas|58/100
|-damage|p1a: Xerneas|42/100
|-hitcount|p1a: Xerneas|3
|move|p1a: Xerneas|Moonblast|p2a: Pheromosa
|-supereffective|p2a: Pheromosa
|-damage|p2a: Pheromosa|0 fnt
|faint|p2a: Pheromosa
|
|upkeep
|
|t:|1635232637
|switch|p2a: Snorlax|Snorlax, M|94/100 brn
|turn|31
|l| Holymolycrabby❤
|
|t:|1635232640
|switch|p1a: Ho-Oh|Ho-Oh|69/100
|move|p2a: Snorlax|Amnesia|p2a: Snorlax
|-boost|p2a: Snorlax|spd|2
|
|-heal|p2a: Snorlax|100/100 brn|[from] item: Leftovers
|-damage|p2a: Snorlax|94/100 brn|[from] brn
|upkeep
|turn|32
|
|t:|1635232648
|move|p1a: Ho-Oh|Brave Bird|p2a: Snorlax
|-damage|p2a: Snorlax|24/100 brn
|-damage|p1a: Ho-Oh|34/100|[from] Recoil
|move|p2a: Snorlax|Curse|p2a: Snorlax
|-unboost|p2a: Snorlax|spe|1
|-boost|p2a: Snorlax|atk|1
|-boost|p2a: Snorlax|def|1
|
|-heal|p2a: Snorlax|30/100 brn|[from] item: Leftovers
|-damage|p2a: Snorlax|24/100 brn|[from] brn
|upkeep
|turn|33
|
|t:|1635232658
|move|p1a: Ho-Oh|Brave Bird|p2a: Snorlax
|-damage|p2a: Snorlax|0 fnt
|faint|p2a: Snorlax
|-damage|p1a: Ho-Oh|23/100|[from] Recoil
|
|win|hjuyttdd
|n|☆hjuyttdd|hjuyttdd
|n|☆nirvana27|nirvana27
|n| cursedstar|cursedstar
|n| Skimmythegod|skimmythegod
|n| Hoennseptile|hoennseptile
