|raw|<div class="broadcast-blue"><strong>This battle is required to be public due to a player having a name starting with 'ult9ns'.</div>
|j|☆ULT9NS time
|j|☆LeBarBURR2
|t:|1653559846
|gametype|singles
|player|p1|ULT9NS time|266|1599
|player|p2|LeBarBURR2|ruinmaniac-gen3|1456
|teamsize|p1|6
|teamsize|p2|6
|gen|8
|tier|[Gen 8] Ubers
|rated|
|rule|Sleep Clause Mod: Limit one foe put to sleep
|rule|Species Clause: Limit one of each Pokémon
|rule|OHKO Clause: OHKO moves are banned
|rule|Evasion Moves Clause: Evasion moves are banned
|rule|Endless Battle Clause: Forcing endless battles is banned
|rule|HP Percentage Mod: HP is shown in percentages
|rule|Dynamax Clause: You cannot dynamax
|clearpoke
|poke|p1|Shuckle, F|
|poke|p1|Zekrom|
|poke|p1|Calyrex-Shadow|
|poke|p1|Necrozma-Dusk-Mane|
|poke|p1|Groudon|
|poke|p1|Yveltal|
|poke|p2|Zygarde|
|poke|p2|Gastrodon, M|
|poke|p2|Porygon2|
|poke|p2|Xerneas-*|
|poke|p2|Darmanitan-Galar, F|
|poke|p2|Necrozma-Dusk-Mane|
|teampreview
|inactive|Battle timer is ON: inactive players will automatically lose when time's up. (requested by LeBarBURR2)
|inactive|ULT9NS time also wants the timer to be on.
|j| Meissa
|inactive|LeBarBURR2 has 120 seconds left.
|
|t:|1653559881
|start
|switch|p1a: Shuckle|Shuckle, F|100/100
|switch|p2a: Darmanitan|Darmanitan-Galar, F|100/100
|turn|1
|c|☆ULT9NS time|Band icicle flinch expecting
|inactive|LeBarBURR2 has 120 seconds left.
|l| Meissa
|
|t:|1653559917
|move|p2a: Darmanitan|Icicle Crash|p1a: Shuckle
|-damage|p1a: Shuckle|40/100
|move|p1a: Shuckle|Sticky Web|p2a: Darmanitan
|-sidestart|p2: LeBarBURR2|move: Sticky Web
|
|upkeep
|turn|2
|inactive|LeBarBURR2 has 120 seconds left.
|
|t:|1653559934
|switch|p2a: Xerneas|Xerneas|100/100
|-activate|p2a: Xerneas|move: Sticky Web
|-unboost|p2a: Xerneas|spe|1
|-ability|p2a: Xerneas|Fairy Aura
|move|p1a: Shuckle|Stealth Rock|p2a: Xerneas
|-sidestart|p2: LeBarBURR2|move: Stealth Rock
|
|upkeep
|turn|3
|
|t:|1653559940
|move|p2a: Xerneas|Defog|p1a: Shuckle
|-unboost|p1a: Shuckle|evasion|1
|-sideend|p2: LeBarBURR2|Stealth Rock|[from] move: Defog|[of] p2a: Xerneas
|-sideend|p2: LeBarBURR2|Sticky Web|[from] move: Defog|[of] p2a: Xerneas
|move|p1a: Shuckle|Encore|p2a: Xerneas
|-start|p2a: Xerneas|Encore
|
|upkeep
|turn|4
|
|t:|1653559944
|switch|p2a: Necrozma|Necrozma-Dusk-Mane|100/100
|move|p1a: Shuckle|Sticky Web|p2a: Necrozma
|-sidestart|p2: LeBarBURR2|move: Sticky Web
|
|upkeep
|turn|5
|
|t:|1653559950
|switch|p2a: Xerneas|Xerneas|100/100
|-activate|p2a: Xerneas|move: Sticky Web
|-unboost|p2a: Xerneas|spe|1
|-ability|p2a: Xerneas|Fairy Aura
|move|p1a: Shuckle|Stealth Rock|p2a: Xerneas
|-sidestart|p2: LeBarBURR2|move: Stealth Rock
|
|upkeep
|turn|6
|
|t:|1653559953
|move|p2a: Xerneas|Defog|p1a: Shuckle
|-unboost|p1a: Shuckle|evasion|1
|-sideend|p2: LeBarBURR2|Stealth Rock|[from] move: Defog|[of] p2a: Xerneas
|-sideend|p2: LeBarBURR2|Sticky Web|[from] move: Defog|[of] p2a: Xerneas
|move|p1a: Shuckle|Encore|p2a: Xerneas
|-start|p2a: Xerneas|Encore
|
|upkeep
|turn|7
|
|t:|1653559957
|switch|p2a: Necrozma|Necrozma-Dusk-Mane|100/100
|move|p1a: Shuckle|Sticky Web|p2a: Necrozma
|-sidestart|p2: LeBarBURR2|move: Sticky Web
|
|upkeep
|turn|8
|
|t:|1653559960
|move|p2a: Necrozma|Thunder Wave|p1a: Shuckle
|-status|p1a: Shuckle|par
|move|p1a: Shuckle|Final Gambit|p2a: Necrozma
|-damage|p2a: Necrozma|76/100
|faint|p1a: Shuckle
|
|-heal|p2a: Necrozma|82/100|[from] item: Leftovers
|upkeep
|
|t:|1653559976
|switch|p1a: Zekrom|Zekrom|100/100
|-ability|p1a: Zekrom|Teravolt
|turn|9
|inactive|LeBarBURR2 has 120 seconds left.
|
|t:|1653560007
|switch|p2a: Zygarde|Zygarde|100/100
|-activate|p2a: Zygarde|move: Sticky Web
|-unboost|p2a: Zygarde|spe|1
|move|p1a: Zekrom|Dragon Dance|p1a: Zekrom
|-boost|p1a: Zekrom|atk|1
|-boost|p1a: Zekrom|spe|1
|
|upkeep
|turn|10
|
|t:|1653560010
|switch|p2a: Xerneas|Xerneas|100/100
|-activate|p2a: Xerneas|move: Sticky Web
|-unboost|p2a: Xerneas|spe|1
|-ability|p2a: Xerneas|Fairy Aura
|move|p1a: Zekrom|Draco Meteor|p2a: Xerneas
|-immune|p2a: Xerneas
|
|upkeep
|turn|11
|
|t:|1653560014
|move|p1a: Zekrom|Bolt Strike|p2a: Xerneas
|-damage|p2a: Xerneas|35/100
|move|p2a: Xerneas|Moonblast|p1a: Zekrom
|-supereffective|p1a: Zekrom
|-enditem|p1a: Zekrom|Roseli Berry|[eat]
|-enditem|p1a: Zekrom|Roseli Berry|[weaken]
|-damage|p1a: Zekrom|39/100
|-unboost|p1a: Zekrom|spa|1
|
|-heal|p2a: Xerneas|41/100|[from] item: Leftovers
|upkeep
|turn|12
|
|t:|1653560019
|switch|p2a: Zygarde|Zygarde|100/100
|-activate|p2a: Zygarde|move: Sticky Web
|-unboost|p2a: Zygarde|spe|1
|move|p1a: Zekrom|Bolt Strike|p2a: Zygarde
|-immune|p2a: Zygarde
|
|upkeep
|turn|13
|
|t:|1653560022
|switch|p2a: Porygon2|Porygon2|100/100
|-activate|p2a: Porygon2|move: Sticky Web
|-unboost|p2a: Porygon2|spe|1
|move|p1a: Zekrom|Bolt Strike|p2a: Porygon2
|-damage|p2a: Porygon2|50/100
|-status|p2a: Porygon2|par
|
|upkeep
|turn|14
|
|t:|1653560026
|switch|p2a: Zygarde|Zygarde|100/100
|-activate|p2a: Zygarde|move: Sticky Web
|-unboost|p2a: Zygarde|spe|1
|move|p1a: Zekrom|Bolt Strike|p2a: Zygarde
|-immune|p2a: Zygarde
|
|upkeep
|turn|15
|
|t:|1653560028
|switch|p2a: Porygon2|Porygon2|50/100 par
|-activate|p2a: Porygon2|move: Sticky Web
|-unboost|p2a: Porygon2|spe|1
|move|p1a: Zekrom|Bolt Strike|p2a: Porygon2
|-damage|p2a: Porygon2|0 fnt
|faint|p2a: Porygon2
|
|upkeep
|-message|LeBarBURR2 forfeited.
|
|win|ULT9NS time
|raw|ULT9NS time's rating: 1599 &rarr; <strong>1611</strong><br />(+12 for winning)
|raw|LeBarBURR2's rating: 1456 &rarr; <strong>1444</strong><br />(-12 for losing)
|l|☆LeBarBURR2
