|j|☆Pika Sup
|j|☆ox04
|t:|1664450042
|gametype|singles
|player|p1|Pika Sup|emma|1502
|player|p2|ox04|red-gen7|1730
|teamsize|p1|6
|teamsize|p2|6
|gen|8
|tier|[Gen 8] Ubers
|rated|
|rule|Sleep Clause Mod: Limit one foe put to sleep
|rule|Species Clause: Limit one of each Pokémon
|rule|OHKO Clause: OHKO moves are banned
|rule|Evasion Items Clause: Evasion items are banned
|rule|Evasion Moves Clause: Evasion moves are banned
|rule|Endless Battle Clause: Forcing endless battles is banned
|rule|HP Percentage Mod: HP is shown in percentages
|rule|Dynamax Clause: You cannot dynamax
|clearpoke
|poke|p1|Xerneas-*|
|poke|p1|Darmanitan-Galar, F|
|poke|p1|Magnezone|
|poke|p1|Necrozma-Dusk-Mane|
|poke|p1|Eternatus|
|poke|p1|Yveltal|
|poke|p2|Marshadow|
|poke|p2|Yveltal|
|poke|p2|Reshiram|
|poke|p2|Necrozma-Dusk-Mane|
|poke|p2|Groudon|
|poke|p2|Zekrom|
|teampreview
|inactive|Battle timer is ON: inactive players will automatically lose when time's up. (requested by Pika Sup)
|inactive|ox04 also wants the timer to be on.
|
|t:|1664450054
|start
|switch|p1a: Darmanitan|Darmanitan-Galar, F|100/100
|switch|p2a: Zekrom|Zekrom|100/100
|-ability|p2a: Zekrom|Teravolt
|turn|1
|
|t:|1664450070
|move|p1a: Darmanitan|U-turn|p2a: Zekrom
|-damage|p2a: Zekrom|65/100
|j| Dusk of Surtr
|
|t:|1664450078
|switch|p1a: Magnezone|Magnezone|100/100|[from]move: U-turn
|-item|p1a: Magnezone|Air Balloon
|move|p2a: Zekrom|Volt Switch|p1a: Magnezone
|-resisted|p1a: Magnezone
|-damage|p1a: Magnezone|77/100
|-enditem|p1a: Magnezone|Air Balloon
|
|t:|1664450081
|switch|p2a: Reshiram|Reshiram|100/100|[from]move: Volt Switch
|-ability|p2a: Reshiram|Turboblaze
|
|upkeep
|turn|2
|
|t:|1664450088
|switch|p1a: Eternatus|Eternatus|100/100
|-ability|p1a: Eternatus|Pressure
|move|p2a: Reshiram|Draco Meteor|p1a: Eternatus
|-supereffective|p1a: Eternatus
|-damage|p1a: Eternatus|0 fnt
|-unboost|p2a: Reshiram|spa|2
|faint|p1a: Eternatus
|-damage|p2a: Reshiram|91/100|[from] item: Life Orb
|
|upkeep
|
|t:|1664450101
|switch|p1a: Xerneas|Xerneas|100/100
|-ability|p1a: Xerneas|Fairy Aura
|turn|3
|
|t:|1664450107
|switch|p1a: Magnezone|Magnezone|77/100
|move|p2a: Reshiram|Blue Flare|p1a: Magnezone
|-supereffective|p1a: Magnezone
|-damage|p1a: Magnezone|0 fnt
|faint|p1a: Magnezone
|-damage|p2a: Reshiram|81/100|[from] item: Life Orb
|
|upkeep
|c|☆ox04|Yea right
|
|t:|1664450121
|switch|p1a: Xerneas|Xerneas|100/100
|-ability|p1a: Xerneas|Fairy Aura
|turn|4
|
|t:|1664450128
|switch|p2a: Necrozma|Necrozma-Dusk-Mane|100/100
|move|p1a: Xerneas|Moonblast|p2a: Necrozma
|-resisted|p2a: Necrozma
|-damage|p2a: Necrozma|70/100
|
|-heal|p2a: Necrozma|76/100|[from] item: Leftovers
|upkeep
|turn|5
|
|t:|1664450135
|switch|p1a: Yveltal|Yveltal|100/100
|-ability|p1a: Yveltal|Dark Aura
|move|p2a: Necrozma|Knock Off|p1a: Yveltal
|-resisted|p1a: Yveltal
|-crit|p1a: Yveltal
|-damage|p1a: Yveltal|63/100
|-enditem|p1a: Yveltal|Heavy-Duty Boots|[from] move: Knock Off|[of] p2a: Necrozma
|
|-heal|p2a: Necrozma|82/100|[from] item: Leftovers
|upkeep
|turn|6
|c|☆ox04|Sorry
|
|t:|1664450143
|switch|p2a: Yveltal|Yveltal, shiny|100/100
|-ability|p2a: Yveltal|Dark Aura
|move|p1a: Yveltal|Roost|p1a: Yveltal
|-heal|p1a: Yveltal|100/100
|-singleturn|p1a: Yveltal|move: Roost
|
|upkeep
|turn|7
|
|t:|1664450147
|move|p2a: Yveltal|Oblivion Wing|p1a: Yveltal
|-damage|p1a: Yveltal|64/100
|-damage|p2a: Yveltal|91/100|[from] item: Life Orb
|move|p1a: Yveltal|U-turn|p2a: Yveltal
|-damage|p2a: Yveltal|73/100
|
|t:|1664450163
|switch|p1a: Darmanitan|Darmanitan-Galar, F|100/100|[from]move: U-turn
|
|upkeep
|turn|8
|
|t:|1664450170
|switch|p1a: Xerneas|Xerneas|100/100
|-ability|p1a: Xerneas|Fairy Aura
|move|p2a: Yveltal|Sucker Punch||[still]
|-fail|p2a: Yveltal
|
|upkeep
|turn|9
|
|t:|1664450174
|switch|p2a: Necrozma|Necrozma-Dusk-Mane|82/100
|move|p1a: Xerneas|Moonblast|p2a: Necrozma
|-resisted|p2a: Necrozma
|-crit|p2a: Necrozma
|-damage|p2a: Necrozma|38/100
|
|-heal|p2a: Necrozma|45/100|[from] item: Leftovers
|upkeep
|turn|10
|
|t:|1664450183
|switch|p1a: Yveltal|Yveltal|64/100
|-ability|p1a: Yveltal|Dark Aura
|move|p2a: Necrozma|Morning Sun|p2a: Necrozma
|-heal|p2a: Necrozma|95/100
|
|-heal|p2a: Necrozma|100/100|[from] item: Leftovers
|upkeep
|turn|11
|
|t:|1664450201
|switch|p2a: Zekrom|Zekrom|65/100
|-ability|p2a: Zekrom|Teravolt
|move|p1a: Yveltal|Foul Play|p2a: Zekrom
|-damage|p2a: Zekrom|9/100
|
|upkeep
|turn|12
|
|t:|1664450206
|move|p2a: Zekrom|Bolt Strike|p1a: Yveltal
|-supereffective|p1a: Yveltal
|-damage|p1a: Yveltal|0 fnt
|faint|p1a: Yveltal
|
|upkeep
|
|t:|1664450210
|switch|p1a: Darmanitan|Darmanitan-Galar, F|100/100
|turn|13
|
|t:|1664450212
|move|p1a: Darmanitan|U-turn|p2a: Zekrom
|-damage|p2a: Zekrom|0 fnt
|faint|p2a: Zekrom
|-message|Pika Sup forfeited.
|
|win|ox04
|raw|Pika Sup's rating: 1502 &rarr; <strong>1494</strong><br />(-8 for losing)
|raw|ox04's rating: 1730 &rarr; <strong>1738</strong><br />(+8 for winning)
|c|☆Pika Sup|Gg
|c|☆ox04|gg
|l|☆ox04
|l|☆Pika Sup
||Ladder isn't responding, score probably updated but might not have (Request timeout).
