|j|☆Ucyra
|j|☆ecarvallo
|player|p1|Ucyra|dahlia|1257
|player|p2|ecarvallo|293|1223
|teamsize|p1|6
|teamsize|p2|6
|gametype|singles
|gen|8
|tier|[Gen 8] Ubers
|rated|
|clearpoke
|poke|p1|Darmanitan-Galar, M|
|poke|p1|Reshiram|
|poke|p1|Melmetal|
|poke|p1|Marshadow|
|poke|p1|Mandibuzz, F|
|poke|p1|Primarina, F|
|poke|p2|Marshadow|
|poke|p2|Necrozma-Dusk-Mane|
|poke|p2|Ferrothorn, F|
|poke|p2|Ditto|
|poke|p2|Zacian-Crowned|
|poke|p2|Quagsire, M|
|rule|Sleep Clause Mod: Limit one foe put to sleep
|rule|Species Clause: Limit one of each Pokémon
|rule|OHKO Clause: OHKO moves are banned
|rule|Evasion Moves Clause: Evasion moves are banned
|rule|Endless Battle Clause: Forcing endless battles is banned
|rule|HP Percentage Mod: HP is shown in percentages
|html|Ubers Dynamax Clause: Pokémon on the <a href="https://www.smogon.com/dex/ss/formats/uber/">Ubers Dynamax Banlist</a> cannot Dynamax.
|teampreview
|
|start
|switch|p1a: Melmetal|Melmetal|100/100
|switch|p2a: Necrozma|Necrozma-Dusk-Mane|100/100
|turn|1
|
|-start|p1a: Melmetal|Dynamax
|-heal|p1a: Melmetal|100/100|[silent]
|move|p2a: Necrozma|Autotomize|p2a: Necrozma
|-boost|p2a: Necrozma|spe|2
|-start|p2a: Necrozma|Autotomize
|move|p1a: Melmetal|Max Knuckle|p2a: Necrozma
|-damage|p2a: Necrozma|72/100
|-boost|p1a: Melmetal|atk|1
|
|upkeep
|turn|2
|
|move|p2a: Necrozma|Earthquake|p1a: Melmetal
|-supereffective|p1a: Melmetal
|-damage|p1a: Melmetal|79/100
|move|p1a: Melmetal|Max Quake|p2a: Necrozma
|-supereffective|p2a: Necrozma
|-damage|p2a: Necrozma|0 fnt
|-boost|p1a: Melmetal|spd|1
|faint|p2a: Necrozma
|
|upkeep
|
|switch|p2a: Quagsire|Quagsire, M|100/100
|turn|3
|
|move|p2a: Quagsire|Stockpile|p2a: Quagsire
|-start|p2a: Quagsire|stockpile1
|-boost|p2a: Quagsire|def|1
|-boost|p2a: Quagsire|spd|1
|move|p1a: Melmetal|Max Knuckle|p2a: Quagsire
|-damage|p2a: Quagsire|75/100
|-boost|p1a: Melmetal|atk|1
|
|-heal|p2a: Quagsire|81/100|[from] item: Leftovers
|-end|p1a: Melmetal|Dynamax
|-heal|p1a: Melmetal|79/100|[silent]
|upkeep
|turn|4
|
|move|p2a: Quagsire|Stockpile|p2a: Quagsire
|-start|p2a: Quagsire|stockpile2
|-boost|p2a: Quagsire|def|1
|-boost|p2a: Quagsire|spd|1
|move|p1a: Melmetal|Double Iron Bash|p2a: Quagsire
|-resisted|p2a: Quagsire
|-damage|p2a: Quagsire|65/100
|-resisted|p2a: Quagsire
|-damage|p2a: Quagsire|49/100
|-hitcount|p2a: Quagsire|2
|
|-heal|p2a: Quagsire|55/100|[from] item: Leftovers
|upkeep
|turn|5
|
|move|p2a: Quagsire|Stockpile|p2a: Quagsire
|-start|p2a: Quagsire|stockpile3
|-boost|p2a: Quagsire|def|1
|-boost|p2a: Quagsire|spd|1
|move|p1a: Melmetal|Double Iron Bash|p2a: Quagsire
|-resisted|p2a: Quagsire
|-damage|p2a: Quagsire|43/100
|-resisted|p2a: Quagsire
|-damage|p2a: Quagsire|30/100
|-hitcount|p2a: Quagsire|2
|
|-heal|p2a: Quagsire|36/100|[from] item: Leftovers
|upkeep
|turn|6
|
|switch|p1a: Marshadow|Marshadow|100/100
|move|p2a: Quagsire|Recover|p2a: Quagsire
|-heal|p2a: Quagsire|86/100
|
|-heal|p2a: Quagsire|92/100|[from] item: Leftovers
|upkeep
|turn|7
|
|move|p1a: Marshadow|Spectral Thief||[still]
|-clearpositiveboost|p2a: Quagsire|p1a: Marshadow|move: Spectral Thief
|-boost|p1a: Marshadow|def|3
|-boost|p1a: Marshadow|spd|3
|-anim|p1a: Marshadow|Spectral Thief|p2a: Quagsire
|-damage|p2a: Quagsire|45/100
|move|p2a: Quagsire|Scald|p1a: Marshadow
|-damage|p1a: Marshadow|69/100
|
|-heal|p2a: Quagsire|51/100|[from] item: Leftovers
|upkeep
|turn|8
|
|move|p1a: Marshadow|Close Combat|p2a: Quagsire
|-damage|p2a: Quagsire|0 fnt
|-unboost|p1a: Marshadow|def|1
|-unboost|p1a: Marshadow|spd|1
|faint|p2a: Quagsire
|
|upkeep
|c|☆Ucyra|xD
|c|☆Ucyra|This pokemon is SO BUSTED!
|
|switch|p2a: Marshadow|Marshadow|100/100
|turn|9
|
|move|p1a: Marshadow|Spectral Thief|p2a: Marshadow
|-supereffective|p2a: Marshadow
|-enditem|p2a: Marshadow|Focus Sash
|-damage|p2a: Marshadow|1/100
|move|p2a: Marshadow|Spectral Thief||[still]
|-clearpositiveboost|p1a: Marshadow|p2a: Marshadow|move: Spectral Thief
|-boost|p2a: Marshadow|def|2
|-boost|p2a: Marshadow|spd|2
|-anim|p2a: Marshadow|Spectral Thief|p1a: Marshadow
|-supereffective|p1a: Marshadow
|-damage|p1a: Marshadow|0 fnt
|faint|p1a: Marshadow
|
|upkeep
|c|☆ecarvallo|yes
|
|switch|p1a: Darmanitan|Darmanitan-Galar, M|100/100
|turn|10
|
|move|p2a: Marshadow|Shadow Sneak|p1a: Darmanitan
|-damage|p1a: Darmanitan|53/100
|move|p1a: Darmanitan|U-turn|p2a: Marshadow
|-resisted|p2a: Marshadow
|-damage|p2a: Marshadow|0 fnt
|faint|p2a: Marshadow
|
|switch|p1a: Reshiram|Reshiram|100/100|[from]move: U-turn
|-ability|p1a: Reshiram|Turboblaze
|
|upkeep
|
|switch|p2a: Ditto|Ditto|100/100
|-transform|p2a: Ditto|p1a: Reshiram|[from] ability: Imposter
|-ability|p2a: Ditto|Turboblaze
|turn|11
|
|switch|p1a: Primarina|Primarina, F|100/100
|move|p2a: Ditto|Earth Power|p1a: Primarina
|-damage|p1a: Primarina|82/100
|
|upkeep
|turn|12
|
|switch|p2a: Ferrothorn|Ferrothorn, F|100/100
|switch|p1a: Darmanitan|Darmanitan-Galar, M|53/100
|
|upkeep
|turn|13
|
|move|p1a: Darmanitan|Flare Blitz|p2a: Ferrothorn
|-supereffective|p2a: Ferrothorn
|-damage|p2a: Ferrothorn|0 fnt
|-damage|p1a: Darmanitan|41/100|[from] ability: Iron Barbs|[of] p2a: Ferrothorn
|-damage|p1a: Darmanitan|8/100|[from] Recoil
|faint|p2a: Ferrothorn
|
|upkeep
|
|switch|p2a: Ditto|Ditto|100/100
|-transform|p2a: Ditto|p1a: Darmanitan|[from] ability: Imposter
|turn|14
|
|move|p1a: Darmanitan|Flare Blitz|p2a: Ditto
|-supereffective|p2a: Ditto
|-damage|p2a: Ditto|0 fnt
|-damage|p1a: Darmanitan|0 fnt|[from] Recoil
|faint|p2a: Ditto
|faint|p1a: Darmanitan
|
|upkeep
|
|switch|p1a: Reshiram|Reshiram|100/100
|switch|p2a: Zacian|Zacian-Crowned|100/100
|-ability|p2a: Zacian|Intrepid Sword|boost
|-boost|p2a: Zacian|atk|1
|-ability|p1a: Reshiram|Turboblaze
|turn|15
|
|move|p2a: Zacian|Play Rough|p1a: Reshiram
|-damage|p1a: Reshiram|20/100
|move|p1a: Reshiram|Blue Flare|p2a: Zacian
|-supereffective|p2a: Zacian
|-damage|p2a: Zacian|0 fnt
|faint|p2a: Zacian
|
|win|Ucyra
|l|☆ecarvallo
