|j|☆Sexvideofree
|j|☆mrdarkcyber
|t:|1631299357
|gametype|singles
|player|p1|Sexvideofree|1|1144
|player|p2|mrdarkcyber|169|1436
|teamsize|p1|6
|teamsize|p2|6
|gen|8
|tier|[Gen 8] Ubers
|rated|
|rule|Sleep Clause Mod: Limit one foe put to sleep
|rule|Species Clause: Limit one of each Pokémon
|rule|OHKO Clause: OHKO moves are banned
|rule|Evasion Moves Clause: Evasion moves are banned
|rule|Endless Battle Clause: Forcing endless battles is banned
|rule|HP Percentage Mod: HP is shown in percentages
|rule|Dynamax Clause: You cannot dynamax
|clearpoke
|poke|p1|Magearna-Original|
|poke|p1|Zarude-Dada|
|poke|p1|Pyukumuku, F|
|poke|p1|Politoed, M|
|poke|p1|Togekiss, F|
|poke|p1|Drakloak, M|
|poke|p2|Tyranitar, F|
|poke|p2|Marshadow|
|poke|p2|Excadrill, F|
|poke|p2|Zygarde|
|poke|p2|Blissey, F|
|poke|p2|Rayquaza|
|teampreview
|c|☆Sexvideofree|Have you ever had a sexual experience
|inactive|Battle timer is ON: inactive players will automatically lose when time's up. (requested by mrdarkcyber)
|c|☆Sexvideofree|My website can rpovide you a facinating experience for free
|c|☆Sexvideofree|From free to 3.99
|inactive|Sexvideofree has 120 seconds left.
|c|☆Sexvideofree|I have a wide range from asian europe anime adrican
|
|t:|1631299416
|start
|switch|p1a: Togekiss|Togekiss, F|100/100
|switch|p2a: Tyranitar|Tyranitar, F|100/100
|-weather|Sandstorm|[from] ability: Sand Stream|[of] p2a: Tyranitar
|turn|1
|inactive|mrdarkcyber has 120 seconds left.
|
|t:|1631299455
|move|p2a: Tyranitar|Ice Punch|p1a: Togekiss
|-supereffective|p1a: Togekiss
|-damage|p1a: Togekiss|13/100
|move|p1a: Togekiss|Aura Sphere|p2a: Tyranitar
|-supereffective|p2a: Tyranitar
|-damage|p2a: Tyranitar|20/100
|
|-weather|Sandstorm|[upkeep]
|-damage|p1a: Togekiss|7/100|[from] Sandstorm
|-heal|p1a: Togekiss|13/100|[from] item: Leftovers
|upkeep
|turn|2
|j| ethanlyle14
|
|t:|1631299471
|switch|p1a: Politoed|Politoed, M|100/100
|-weather|RainDance|[from] ability: Drizzle|[of] p1a: Politoed
|move|p2a: Tyranitar|Ice Punch|p1a: Politoed
|-resisted|p1a: Politoed
|-damage|p1a: Politoed|85/100
|
|-weather|RainDance|[upkeep]
|upkeep
|turn|3
|c|☆Sexvideofree|Have you ever had a sexual experience
|c| ethanlyle14|Wth
|
|t:|1631299489
|switch|p2a: Blissey|Blissey, F|100/100
|move|p1a: Politoed|Scald|p2a: Blissey
|-damage|p2a: Blissey|86/100
|-status|p2a: Blissey|brn
|
|-weather|RainDance|[upkeep]
|-damage|p2a: Blissey|80/100 brn|[from] brn
|upkeep
|turn|4
|
|t:|1631299498
|switch|p1a: Zarude|Zarude-Dada|100/100
|move|p2a: Blissey|Stealth Rock|p1a: Zarude
|-sidestart|p1: Sexvideofree|move: Stealth Rock
|
|-weather|RainDance|[upkeep]
|-damage|p2a: Blissey|73/100 brn|[from] brn
|upkeep
|turn|5
|c|☆Sexvideofree|My website can provide a fascinating experience for freeA
|
|t:|1631299517
|move|p1a: Zarude|Close Combat|p2a: Blissey
|-supereffective|p2a: Blissey
|-damage|p2a: Blissey|3/100 brn
|-unboost|p1a: Zarude|def|1
|-unboost|p1a: Zarude|spd|1
|move|p2a: Blissey|Wish|p2a: Blissey
|
|-weather|RainDance|[upkeep]
|-damage|p2a: Blissey|0 fnt|[from] brn
|faint|p2a: Blissey
|upkeep
|
|t:|1631299537
|switch|p2a: Tyranitar|Tyranitar, F|20/100
|-weather|Sandstorm|[from] ability: Sand Stream|[of] p2a: Tyranitar
|turn|6
|c|☆Sexvideofree|My website is a gamechanging things in porn industry
|inactive|Sexvideofree has 120 seconds left.
|
|t:|1631299568
|switch|p2a: Rayquaza|Rayquaza|100/100
|-ability|p2a: Rayquaza|Air Lock
|move|p1a: Zarude|Close Combat|p2a: Rayquaza
|-resisted|p2a: Rayquaza
|-damage|p2a: Rayquaza|78/100
|-unboost|p1a: Zarude|def|1
|-unboost|p1a: Zarude|spd|1
|
|-weather|Sandstorm|[upkeep]
|-heal|p2a: Rayquaza|100/100|[from] move: Wish|[wisher] Blissey
|upkeep
|turn|7
|c|☆mrdarkcyber|plz dont waste my time
|inactive|Sexvideofree has 120 seconds left.
|
|t:|1631299581
|switch|p1a: Magearna|Magearna-Original|100/100
|-damage|p1a: Magearna|94/100|[from] Stealth Rock
|move|p2a: Rayquaza|Dragon Ascent|p1a: Magearna
|-resisted|p1a: Magearna
|-damage|p1a: Magearna|55/100
|-unboost|p2a: Rayquaza|def|1
|-unboost|p2a: Rayquaza|spd|1
|-damage|p2a: Rayquaza|91/100|[from] item: Life Orb
|
|-weather|Sandstorm|[upkeep]
|-heal|p1a: Magearna|61/100|[from] item: Leftovers
|upkeep
|turn|8
|inactive|Sexvideofree has 120 seconds left.
|c|☆Sexvideofree|I never waste your time
|
|t:|1631299594
|move|p2a: Rayquaza|V-create|p1a: Magearna
|-supereffective|p1a: Magearna
|-damage|p1a: Magearna|0 fnt
|-unboost|p2a: Rayquaza|spe|1
|-unboost|p2a: Rayquaza|def|1
|-unboost|p2a: Rayquaza|spd|1
|faint|p1a: Magearna
|-damage|p2a: Rayquaza|81/100|[from] item: Life Orb
|
|-weather|Sandstorm|[upkeep]
|upkeep
|j| StringsYTube
|l| StringsYTube
|
|t:|1631299603
|switch|p1a: Pyukumuku|Pyukumuku, F|100/100
|-damage|p1a: Pyukumuku|88/100|[from] Stealth Rock
|turn|9
|inactive|Sexvideofree has 120 seconds left.
|
|t:|1631299611
|move|p2a: Rayquaza|Draco Meteor|p1a: Pyukumuku
|-damage|p1a: Pyukumuku|31/100
|-unboost|p2a: Rayquaza|spa|2
|-damage|p2a: Rayquaza|71/100|[from] item: Life Orb
|move|p1a: Pyukumuku|Toxic|p2a: Rayquaza
|-status|p2a: Rayquaza|tox
|
|-weather|Sandstorm|[upkeep]
|-heal|p1a: Pyukumuku|37/100|[from] item: Leftovers
|-damage|p2a: Rayquaza|65/100 tox|[from] psn
|upkeep
|turn|10
|inactive|Sexvideofree has 120 seconds left.
|
|t:|1631299622
|move|p1a: Pyukumuku|Protect|p1a: Pyukumuku
|-singleturn|p1a: Pyukumuku|Protect
|move|p2a: Rayquaza|Dragon Ascent|p1a: Pyukumuku
|-activate|p1a: Pyukumuku|move: Protect
|
|-weather|none
|-heal|p1a: Pyukumuku|43/100|[from] item: Leftovers
|-damage|p2a: Rayquaza|53/100 tox|[from] psn
|upkeep
|turn|11
|
|t:|1631299630
|move|p2a: Rayquaza|Dragon Ascent|p1a: Pyukumuku
|-damage|p1a: Pyukumuku|0 fnt
|-unboost|p2a: Rayquaza|def|1
|-unboost|p2a: Rayquaza|spd|1
|-damage|p2a: Rayquaza|14/100 tox|[from] ability: Innards Out|[of] p1a: Pyukumuku
|faint|p1a: Pyukumuku
|-damage|p2a: Rayquaza|4/100 tox|[from] item: Life Orb
|
|-damage|p2a: Rayquaza|0 fnt|[from] psn
|faint|p2a: Rayquaza
|upkeep
|
|t:|1631299644
|switch|p2a: Marshadow|Marshadow|100/100
|switch|p1a: Drakloak|Drakloak, M|100/100
|-damage|p1a: Drakloak|88/100|[from] Stealth Rock
|turn|12
|
|t:|1631299654
|move|p2a: Marshadow|Shadow Sneak|p1a: Drakloak
|-supereffective|p1a: Drakloak
|-damage|p1a: Drakloak|0 fnt
|faint|p1a: Drakloak
|
|upkeep
|
|t:|1631299659
|switch|p1a: Zarude|Zarude-Dada|100/100
|-damage|p1a: Zarude|88/100|[from] Stealth Rock
|turn|13
|
|t:|1631299665
|switch|p2a: Tyranitar|Tyranitar, F|20/100
|-weather|Sandstorm|[from] ability: Sand Stream|[of] p2a: Tyranitar
|move|p1a: Zarude|Acrobatics|p2a: Tyranitar
|-resisted|p2a: Tyranitar
|-damage|p2a: Tyranitar|2/100
|
|-weather|Sandstorm|[upkeep]
|-damage|p1a: Zarude|82/100|[from] Sandstorm
|upkeep
|turn|14
|
|t:|1631299675
|move|p1a: Zarude|Acrobatics|p2a: Tyranitar
|-resisted|p2a: Tyranitar
|-damage|p2a: Tyranitar|0 fnt
|faint|p2a: Tyranitar
|
|-weather|Sandstorm|[upkeep]
|-damage|p1a: Zarude|76/100|[from] Sandstorm
|upkeep
|
|t:|1631299683
|switch|p2a: Excadrill|Excadrill, F|100/100
|turn|15
|
|t:|1631299686
|move|p2a: Excadrill|Swords Dance|p2a: Excadrill
|-boost|p2a: Excadrill|atk|2
|move|p1a: Zarude|Close Combat|p2a: Excadrill
|-supereffective|p2a: Excadrill
|-damage|p2a: Excadrill|0 fnt
|-unboost|p1a: Zarude|def|1
|-unboost|p1a: Zarude|spd|1
|faint|p2a: Excadrill
|
|-weather|Sandstorm|[upkeep]
|-damage|p1a: Zarude|70/100|[from] Sandstorm
|upkeep
|
|t:|1631299697
|switch|p2a: Marshadow|Marshadow|100/100
|turn|16
|
|t:|1631299700
|move|p2a: Marshadow|Close Combat|p1a: Zarude
|-supereffective|p1a: Zarude
|-damage|p1a: Zarude|0 fnt
|-unboost|p2a: Marshadow|def|1
|-unboost|p2a: Marshadow|spd|1
|faint|p1a: Zarude
|
|-weather|Sandstorm|[upkeep]
|-damage|p2a: Marshadow|94/100|[from] Sandstorm
|upkeep
|
|t:|1631299709
|switch|p1a: Togekiss|Togekiss, F|13/100
|-damage|p1a: Togekiss|0 fnt|[from] Stealth Rock
|faint|p1a: Togekiss
|
|t:|1631299713
|switch|p1a: Politoed|Politoed, M|85/100
|-damage|p1a: Politoed|73/100|[from] Stealth Rock
|-weather|RainDance|[from] ability: Drizzle|[of] p1a: Politoed
|turn|17
|
|t:|1631299721
|switch|p2a: Zygarde|Zygarde|100/100
|move|p1a: Politoed|Hypnosis|p2a: Zygarde
|-status|p2a: Zygarde|slp|[from] move: Hypnosis
|
|-weather|RainDance|[upkeep]
|upkeep
|turn|18
|
|t:|1631299730
|cant|p2a: Zygarde|slp
|move|p1a: Politoed|Scald|p2a: Zygarde
|-damage|p2a: Zygarde|66/100 slp
|
|-weather|RainDance|[upkeep]
|-heal|p2a: Zygarde|72/100 slp|[from] item: Leftovers
|upkeep
|turn|19
|
|t:|1631299737
|cant|p2a: Zygarde|slp
|move|p1a: Politoed|Scald|p2a: Zygarde
|-damage|p2a: Zygarde|38/100 slp
|
|-weather|RainDance|[upkeep]
|-heal|p2a: Zygarde|44/100 slp|[from] item: Leftovers
|-activate|p2a: Zygarde|ability: Power Construct
|detailschange|p2a: Zygarde|Zygarde-Complete
|-heal|p2a: Zygarde|63/100 slp|[silent]
|upkeep
|turn|20
|
|t:|1631299747
|-curestatus|p2a: Zygarde|slp|[msg]
|move|p2a: Zygarde|Substitute|p2a: Zygarde
|-start|p2a: Zygarde|Substitute
|-damage|p2a: Zygarde|38/100
|move|p1a: Politoed|Scald|p2a: Zygarde
|-activate|p2a: Zygarde|move: Substitute|[damage]
|
|-weather|RainDance|[upkeep]
|-heal|p2a: Zygarde|45/100|[from] item: Leftovers
|upkeep
|turn|21
|
|t:|1631299756
|move|p2a: Zygarde|Glare|p1a: Politoed
|-status|p1a: Politoed|par
|cant|p1a: Politoed|par
|
|-weather|RainDance|[upkeep]
|-heal|p2a: Zygarde|51/100|[from] item: Leftovers
|upkeep
|turn|22
|
|t:|1631299764
|move|p2a: Zygarde|Dragon Dance|p2a: Zygarde
|-boost|p2a: Zygarde|atk|1
|-boost|p2a: Zygarde|spe|1
|move|p1a: Politoed|Scald|p2a: Zygarde
|-end|p2a: Zygarde|Substitute
|
|-weather|RainDance|[upkeep]
|-heal|p2a: Zygarde|57/100|[from] item: Leftovers
|upkeep
|turn|23
|
|t:|1631299772
|move|p2a: Zygarde|Substitute|p2a: Zygarde
|-start|p2a: Zygarde|Substitute
|-damage|p2a: Zygarde|32/100
|cant|p1a: Politoed|par
|
|-weather|RainDance|[upkeep]
|-heal|p2a: Zygarde|38/100|[from] item: Leftovers
|upkeep
|turn|24
|
|t:|1631299779
|move|p2a: Zygarde|Dragon Dance|p2a: Zygarde
|-boost|p2a: Zygarde|atk|1
|-boost|p2a: Zygarde|spe|1
|move|p1a: Politoed|Scald|p2a: Zygarde
|-activate|p2a: Zygarde|move: Substitute|[damage]
|
|-weather|none
|-heal|p2a: Zygarde|44/100|[from] item: Leftovers
|upkeep
|turn|25
|
|t:|1631299787
|move|p2a: Zygarde|Dragon Dance|p2a: Zygarde
|-boost|p2a: Zygarde|atk|1
|-boost|p2a: Zygarde|spe|1
|cant|p1a: Politoed|par
|
|-heal|p2a: Zygarde|50/100|[from] item: Leftovers
|upkeep
|turn|26
|
|t:|1631299794
|move|p2a: Zygarde|Dragon Dance|p2a: Zygarde
|-boost|p2a: Zygarde|atk|1
|-boost|p2a: Zygarde|spe|1
|cant|p1a: Politoed|par
|
|-heal|p2a: Zygarde|56/100|[from] item: Leftovers
|upkeep
|turn|27
|c|☆Sexvideofree|You need to eatch more porn to beat me
|
|t:|1631299810
|move|p2a: Zygarde|Dragon Dance|p2a: Zygarde
|-boost|p2a: Zygarde|atk|1
|-boost|p2a: Zygarde|spe|1
|move|p1a: Politoed|Scald|p2a: Zygarde
|-end|p2a: Zygarde|Substitute
|
|-heal|p2a: Zygarde|62/100|[from] item: Leftovers
|upkeep
|turn|28
|
|t:|1631299819
|move|p2a: Zygarde|Substitute|p2a: Zygarde
|-start|p2a: Zygarde|Substitute
|-damage|p2a: Zygarde|37/100
|move|p1a: Politoed|Hypnosis||[still]
|-fail|p1a: Politoed
|
|-heal|p2a: Zygarde|44/100|[from] item: Leftovers
|upkeep
|turn|29
|c|☆Sexvideofree|What is your house
|-message|Sexvideofree forfeited.
|
|win|mrdarkcyber
|l|☆Sexvideofree
|raw|Sexvideofree's rating: 1144 &rarr; <strong>1136</strong><br />(-8 for losing)
|raw|mrdarkcyber's rating: 1436 &rarr; <strong>1442</strong><br />(+6 for winning)
|c| ethanlyle14|Wth
|c| ethanlyle14|What happened
||Ladder isn't responding, score probably updated but might not have (Request timeout).
|c| ethanlyle14|What just happened
|c|☆mrdarkcyber|he was promoting porn
|c|☆mrdarkcyber|i reported him
|c| ethanlyle14|This is gotta be the weirdest thing I've ever seen on here
|c| ethanlyle14|Besides toxic players
|c|☆mrdarkcyber|it sometimes happens
|c|☆mrdarkcyber|ya besides toxic players
|c| ethanlyle14|I've been trying to find toxic players and react to them
|c|☆mrdarkcyber|well there are plenty of toxic players to find here
