|raw|<div class="broadcast-blue"><strong>This battle is required to be public due to a player having a name starting with 'ult9ns'.</div>
|j|☆ULT9NS Orchid
|j|☆Love KSMN
|t:|1653412962
|gametype|singles
|player|p1|ULT9NS Orchid|winona-gen6|1572
|player|p2|Love KSMN|lass-gen4|1492
|teamsize|p1|6
|teamsize|p2|6
|gen|8
|tier|[Gen 8] Ubers
|rated|
|rule|Sleep Clause Mod: Limit one foe put to sleep
|rule|Species Clause: Limit one of each Pokémon
|rule|OHKO Clause: OHKO moves are banned
|rule|Evasion Moves Clause: Evasion moves are banned
|rule|Endless Battle Clause: Forcing endless battles is banned
|rule|HP Percentage Mod: HP is shown in percentages
|rule|Dynamax Clause: You cannot dynamax
|clearpoke
|poke|p1|Calyrex-Ice|
|poke|p1|Xerneas-*|
|poke|p1|Necrozma-Dusk-Mane|
|poke|p1|Eternatus|
|poke|p1|Yveltal|
|poke|p1|Marshadow|
|poke|p2|Froslass, F|
|poke|p2|Kyurem-Black|
|poke|p2|Glalie, M|
|poke|p2|Cloyster, M|
|poke|p2|Weavile, M|
|poke|p2|Darmanitan-Galar, F|
|teampreview
|inactive|Battle timer is ON: inactive players will automatically lose when time's up. (requested by ULT9NS Orchid)
|
|t:|1653412986
|start
|switch|p1a: Marshadow|Marshadow|100/100
|switch|p2a: Froslass|Froslass, F|100/100
|turn|1
|
|t:|1653412992
|move|p1a: Marshadow|Rock Tomb|p2a: Froslass
|-supereffective|p2a: Froslass
|-damage|p2a: Froslass|4/100
|-unboost|p2a: Froslass|spe|1
|-damage|p1a: Marshadow|91/100|[from] item: Life Orb
|move|p2a: Froslass|Spikes|p1a: Marshadow
|-sidestart|p1: ULT9NS Orchid|Spikes
|
|upkeep
|turn|2
|
|t:|1653413006
|move|p1a: Marshadow|Shadow Sneak|p2a: Froslass
|-supereffective|p2a: Froslass
|-damage|p2a: Froslass|0 fnt
|faint|p2a: Froslass
|-damage|p1a: Marshadow|81/100|[from] item: Life Orb
|
|upkeep
|
|t:|1653413011
|switch|p2a: Darmanitan|Darmanitan-Galar, F|100/100
|turn|3
|
|t:|1653413029
|switch|p1a: Necrozma|Necrozma-Dusk-Mane|100/100
|-damage|p1a: Necrozma|88/100|[from] Spikes
|move|p2a: Darmanitan|Icicle Crash|p1a: Necrozma
|-resisted|p1a: Necrozma
|-damage|p1a: Necrozma|65/100
|
|-heal|p1a: Necrozma|71/100|[from] item: Leftovers
|upkeep
|turn|4
|
|t:|1653413032
|switch|p2a: Cloyster|Cloyster, M|100/100
|move|p1a: Necrozma|Stealth Rock|p2a: Cloyster
|-sidestart|p2: Love KSMN|move: Stealth Rock
|
|-heal|p1a: Necrozma|77/100|[from] item: Leftovers
|upkeep
|turn|5
|
|t:|1653413060
|move|p2a: Cloyster|Shell Smash|p2a: Cloyster
|-unboost|p2a: Cloyster|def|1
|-unboost|p2a: Cloyster|spd|1
|-boost|p2a: Cloyster|atk|2
|-boost|p2a: Cloyster|spa|2
|-boost|p2a: Cloyster|spe|2
|move|p1a: Necrozma|Thunder Wave|p2a: Cloyster|[miss]
|-miss|p1a: Necrozma|p2a: Cloyster
|
|-heal|p1a: Necrozma|83/100|[from] item: Leftovers
|upkeep
|turn|6
|
|t:|1653413062
|move|p2a: Cloyster|Icicle Spear|p1a: Necrozma
|-resisted|p1a: Necrozma
|-damage|p1a: Necrozma|75/100
|-resisted|p1a: Necrozma
|-damage|p1a: Necrozma|67/100
|-resisted|p1a: Necrozma
|-damage|p1a: Necrozma|60/100
|-resisted|p1a: Necrozma
|-damage|p1a: Necrozma|52/100
|-resisted|p1a: Necrozma
|-damage|p1a: Necrozma|45/100
|-hitcount|p1a: Necrozma|5
|cant|p1a: Necrozma|flinch
|
|-heal|p1a: Necrozma|51/100|[from] item: Leftovers
|upkeep
|turn|7
|
|t:|1653413066
|move|p2a: Cloyster|Icicle Spear|p1a: Necrozma
|-resisted|p1a: Necrozma
|-damage|p1a: Necrozma|44/100
|-resisted|p1a: Necrozma
|-damage|p1a: Necrozma|36/100
|-resisted|p1a: Necrozma
|-damage|p1a: Necrozma|30/100
|-resisted|p1a: Necrozma
|-damage|p1a: Necrozma|22/100
|-resisted|p1a: Necrozma
|-damage|p1a: Necrozma|16/100
|-hitcount|p1a: Necrozma|5
|cant|p1a: Necrozma|flinch
|
|-heal|p1a: Necrozma|22/100|[from] item: Leftovers
|upkeep
|turn|8
|
|t:|1653413068
|move|p2a: Cloyster|Icicle Spear|p1a: Necrozma
|-resisted|p1a: Necrozma
|-damage|p1a: Necrozma|15/100
|-resisted|p1a: Necrozma
|-damage|p1a: Necrozma|8/100
|-resisted|p1a: Necrozma
|-damage|p1a: Necrozma|0 fnt
|faint|p1a: Necrozma
|-hitcount|p1: Necrozma|3
|
|upkeep
|j| ult9ns Gros Nul
|
|t:|1653413072
|switch|p1a: Calyrex|Calyrex-Ice|100/100
|-ability|p1a: Calyrex|As One
|-ability|p1a: Calyrex|Unnerve
|-damage|p1a: Calyrex|88/100|[from] Spikes
|turn|9
|
|t:|1653413074
|move|p2a: Cloyster|Rock Blast|p1a: Calyrex
|-supereffective|p1a: Calyrex
|-damage|p1a: Calyrex|68/100
|-supereffective|p1a: Calyrex
|-damage|p1a: Calyrex|48/100
|-supereffective|p1a: Calyrex
|-damage|p1a: Calyrex|27/100
|-supereffective|p1a: Calyrex
|-damage|p1a: Calyrex|7/100
|-supereffective|p1a: Calyrex
|-damage|p1a: Calyrex|0 fnt
|faint|p1a: Calyrex
|-hitcount|p1: Calyrex|5
|
|upkeep
|
|t:|1653413078
|switch|p1a: Xerneas|Xerneas|100/100
|-ability|p1a: Xerneas|Fairy Aura
|-item|p1a: Xerneas|Air Balloon
|turn|10
|
|t:|1653413080
|move|p2a: Cloyster|Icicle Spear|p1a: Xerneas
|-damage|p1a: Xerneas|87/100
|-enditem|p1a: Xerneas|Air Balloon
|-damage|p1a: Xerneas|76/100
|-damage|p1a: Xerneas|65/100
|-damage|p1a: Xerneas|53/100
|-damage|p1a: Xerneas|41/100
|-hitcount|p1a: Xerneas|5
|move|p1a: Xerneas|Moonblast|p2a: Cloyster
|-damage|p2a: Cloyster|0 fnt
|faint|p2a: Cloyster
|
|upkeep
|
|t:|1653413084
|switch|p2a: Glalie|Glalie, M|100/100
|-damage|p2a: Glalie|75/100|[from] Stealth Rock
|turn|11
|c| ult9ns Gros Nul|rip
|
|t:|1653413094
|switch|p1a: Marshadow|Marshadow|81/100
|-damage|p1a: Marshadow|68/100|[from] Spikes
|move|p2a: Glalie|Disable||[still]
|-fail|p2a: Glalie
|
|-heal|p2a: Glalie|82/100|[from] item: Leftovers
|-ability|p2a: Glalie|Moody|boost
|-boost|p2a: Glalie|spe|2
|-unboost|p2a: Glalie|def|1
|upkeep
|turn|12
|
|t:|1653413097
|move|p2a: Glalie|Protect|p2a: Glalie
|-singleturn|p2a: Glalie|Protect
|move|p1a: Marshadow|Spectral Thief|p2a: Glalie
|-activate|p2a: Glalie|move: Protect
|
|-heal|p2a: Glalie|88/100|[from] item: Leftovers
|-ability|p2a: Glalie|Moody|boost
|-boost|p2a: Glalie|atk|2
|-unboost|p2a: Glalie|spa|1
|upkeep
|turn|13
|
|t:|1653413108
|move|p2a: Glalie|Disable|p1a: Marshadow
|-start|p1a: Marshadow|Disable|Spectral Thief
|cant|p1a: Marshadow|Disable|Spectral Thief
|
|-heal|p2a: Glalie|94/100|[from] item: Leftovers
|-ability|p2a: Glalie|Moody|boost
|-boost|p2a: Glalie|spd|2
|-unboost|p2a: Glalie|atk|1
|upkeep
|turn|14
|
|t:|1653413115
|move|p2a: Glalie|Substitute|p2a: Glalie
|-start|p2a: Glalie|Substitute
|-damage|p2a: Glalie|69/100
|move|p1a: Marshadow|Rock Tomb|p2a: Glalie
|-supereffective|p2a: Glalie
|-end|p2a: Glalie|Substitute
|-damage|p1a: Marshadow|58/100|[from] item: Life Orb
|
|-heal|p2a: Glalie|75/100|[from] item: Leftovers
|-ability|p2a: Glalie|Moody|boost
|-boost|p2a: Glalie|spa|2
|-unboost|p2a: Glalie|spd|1
|upkeep
|turn|15
|
|t:|1653413121
|move|p2a: Glalie|Protect|p2a: Glalie
|-singleturn|p2a: Glalie|Protect
|move|p1a: Marshadow|Close Combat|p2a: Glalie
|-activate|p2a: Glalie|move: Protect
|
|-heal|p2a: Glalie|81/100|[from] item: Leftovers
|-ability|p2a: Glalie|Moody|boost
|-boost|p2a: Glalie|spe|2
|-unboost|p2a: Glalie|def|1
|upkeep
|turn|16
|
|t:|1653413127
|move|p2a: Glalie|Freeze-Dry|p1a: Marshadow
|-damage|p1a: Marshadow|25/100
|move|p1a: Marshadow|Close Combat|p2a: Glalie
|-supereffective|p2a: Glalie
|-damage|p2a: Glalie|0 fnt
|-unboost|p1a: Marshadow|def|1
|-unboost|p1a: Marshadow|spd|1
|faint|p2a: Glalie
|-damage|p1a: Marshadow|15/100|[from] item: Life Orb
|
|-end|p1a: Marshadow|Disable
|upkeep
|
|t:|1653413129
|switch|p2a: Weavile|Weavile, M|100/100
|-damage|p2a: Weavile|76/100|[from] Stealth Rock
|-ability|p2a: Weavile|Pressure
|turn|17
|
|t:|1653413134
|switch|p1a: Yveltal|Yveltal|100/100
|-ability|p1a: Yveltal|Dark Aura
|move|p2a: Weavile|Ice Shard|p1a: Yveltal
|-supereffective|p1a: Yveltal
|-damage|p1a: Yveltal|71/100
|
|upkeep
|turn|18
|
|t:|1653413136
|move|p2a: Weavile|Triple Axel|p1a: Yveltal
|-supereffective|p1a: Yveltal
|-damage|p1a: Yveltal|53/100
|-supereffective|p1a: Yveltal
|-damage|p1a: Yveltal|23/100
|-supereffective|p1a: Yveltal
|-damage|p1a: Yveltal|0 fnt
|faint|p1a: Yveltal
|-hitcount|p1: Yveltal|3
|
|upkeep
|
|t:|1653413138
|switch|p1a: Xerneas|Xerneas|41/100
|-damage|p1a: Xerneas|29/100|[from] Spikes
|-ability|p1a: Xerneas|Fairy Aura
|turn|19
|
|t:|1653413145
|move|p2a: Weavile|Triple Axel|p1a: Xerneas
|-damage|p1a: Xerneas|23/100
|-damage|p1a: Xerneas|13/100
|-damage|p1a: Xerneas|0 fnt
|faint|p1a: Xerneas
|-hitcount|p1: Xerneas|3
|
|upkeep
|
|t:|1653413152
|switch|p1a: Eternatus|Eternatus|100/100
|-ability|p1a: Eternatus|Pressure
|turn|20
|
|t:|1653413154
|move|p2a: Weavile|Triple Axel|p1a: Eternatus
|-supereffective|p1a: Eternatus
|-damage|p1a: Eternatus|86/100
|-supereffective|p1a: Eternatus
|-damage|p1a: Eternatus|54/100
|-supereffective|p1a: Eternatus
|-damage|p1a: Eternatus|9/100
|-hitcount|p1a: Eternatus|3
|move|p1a: Eternatus|Dynamax Cannon|p2a: Weavile
|-damage|p2a: Weavile|4/100
|
|upkeep
|turn|21
|
|t:|1653413156
|move|p2a: Weavile|Ice Shard|p1a: Eternatus
|-supereffective|p1a: Eternatus
|-damage|p1a: Eternatus|0 fnt
|faint|p1a: Eternatus
|
|upkeep
|-message|ULT9NS Orchid forfeited.
|
|win|Love KSMN
|raw|ULT9NS Orchid's rating: 1589 &rarr; <strong>1564</strong><br />(-25 for losing)
|raw|Love KSMN's rating: 1492 &rarr; <strong>1517</strong><br />(+25 for winning)
|l|☆ULT9NS Orchid
||Ladder isn't responding, score probably updated but might not have (Request timeout).
