|j|☆RIP_Player
|j|☆positvo15
|t:|1627677633
|gametype|singles
|player|p1|RIP_Player|firebreather|
|player|p2|positvo15|1|
|teamsize|p1|6
|teamsize|p2|6
|gen|8
|tier|[Gen 8] Ubers
|rule|Sleep Clause Mod: Limit one foe put to sleep
|rule|Species Clause: Limit one of each Pokémon
|rule|OHKO Clause: OHKO moves are banned
|rule|Evasion Moves Clause: Evasion moves are banned
|rule|Endless Battle Clause: Forcing endless battles is banned
|rule|HP Percentage Mod: HP is shown in percentages
|rule|Dynamax Clause: You cannot dynamax
|clearpoke
|poke|p1|Umbreon, F|
|poke|p1|Toxapex, M|
|poke|p1|Yveltal|
|poke|p1|Xerneas-*|
|poke|p1|Marshadow|
|poke|p1|Heatran, F|
|poke|p2|Hatterene, F|
|poke|p2|Dracovish|
|poke|p2|Calyrex-Ice|
|poke|p2|Porygon2|
|poke|p2|Necrozma-Dusk-Mane|
|poke|p2|Dialga|
|teampreview
|inactive|Battle timer is ON: inactive players will automatically lose when time's up. (requested by RIP_Player)
|j| Kennenshild
|inactive|RIP_Player has 270 seconds left.
|inactive|positvo15 has 270 seconds left.
|c|☆RIP_Player|Eu ja vi esse time hein
|c| Kennenshild|plagio
|j| Camalarcos
|j| Paulao Bacanao
|inactive|positvo15 has 240 seconds left.
|c| Paulao Bacanao|plagio?
|c| Paulao Bacanao|CARAI
|c| Paulao Bacanao|kkkkkkkkkkkkkkkkkkkkkkkkkkkkkkkkkkkkkk
|j| VittorADS
|
|t:|1627677706
|start
|switch|p1a: Gilgamesh|Yveltal|100/100
|switch|p2a: Dialga|Dialga|100/100
|-ability|p1a: Gilgamesh|Dark Aura
|-ability|p2a: Dialga|Pressure
|turn|1
|j| Rei do Kuduro
|j| UPM KeldeoCrowned
|c| Rei do Kuduro|meu deus
|c| Rei do Kuduro|SAMPLE TEAm
|c| Paulao Bacanao|sample team:
|c| Paulao Bacanao|?
|j| LegenK
|c| Rei do Kuduro|copia?
|c| LegenK|sample team
|j| Amelia Doutora
|c| LegenK|jesuis
|
|t:|1627677727
|move|p1a: Gilgamesh|Knock Off|p2a: Dialga
|-damage|p2a: Dialga|29/100
|-enditem|p2a: Dialga|Leftovers|[from] move: Knock Off|[of] p1a: Gilgamesh
|move|p2a: Dialga|Trick Room|p2a: Dialga
|-fieldstart|move: Trick Room|[of] p2a: Dialga
|
|upkeep
|turn|2
|c| Rei do Kuduro|ou sample team?
|c| Kennenshild|nao é sample team
|inactive|positvo15 has 270 seconds left.
|c| Kennenshild|o keldeo fez e passou pros 2
|c| Rei do Kuduro|ata véi
|c| Paulao Bacanao|ametista fechadao entre si
|
|t:|1627677769
|switch|p1a: Berserker|Umbreon, F|100/100
|move|p2a: Dialga|Stealth Rock|p1a: Berserker
|-sidestart|p1: RIP_Player|move: Stealth Rock
|
|upkeep
|turn|3
|c| Paulao Bacanao|ta maluco
|c| Kennenshild|mesmo clã né
|c| Kennenshild|k
|c| Amelia Doutora|basaca
|
|t:|1627677786
|switch|p2a: Porygon2|Porygon2|100/100
|move|p1a: Berserker|Foul Play|p2a: Porygon2
|-damage|p2a: Porygon2|91/100
|
|upkeep
|turn|4
|
|t:|1627677795
|move|p1a: Berserker|Toxic|p2a: Porygon2
|-status|p2a: Porygon2|tox
|move|p2a: Porygon2|Teleport|p2a: Porygon2
|inactive|positvo15 has 240 seconds left.
|c| Amelia Doutora|GO GO GO LEST GO RIP
|c| Amelia Doutora|GO GO GO LEST GO RIP
|inactive|positvo15 has 210 seconds left.
|
|t:|1627677856
|switch|p2a: Dracovish|Dracovish|100/100|[from]move: Teleport
|
|upkeep
|turn|5
|c| Paulao Bacanao|renda fishiosa
|
|t:|1627677867
|switch|p1a: Gilles de Rais|Toxapex, M|100/100
|-damage|p1a: Gilles de Rais|88/100|[from] Stealth Rock
|move|p2a: Dracovish|Fishious Rend|p1a: Gilles de Rais
|-resisted|p1a: Gilles de Rais
|-damage|p1a: Gilles de Rais|38/100
|
|-heal|p1a: Gilles de Rais|44/100|[from] item: Black Sludge
|-fieldend|move: Trick Room
|upkeep
|turn|6
|c| Paulao Bacanao|TAPOHA
|c| Paulao Bacanao|um rim foi
|c| Amelia Doutora|Choice band ne pai
|inactive|positvo15 has 180 seconds left.
|
|t:|1627677916
|move|p1a: Gilles de Rais|Baneful Bunker|p1a: Gilles de Rais
|-singleturn|p1a: Gilles de Rais|move: Protect
|move|p2a: Dracovish|Fishious Rend|p1a: Gilles de Rais
|-activate|p1a: Gilles de Rais|move: Protect
|-status|p2a: Dracovish|psn
|
|-heal|p1a: Gilles de Rais|50/100|[from] item: Black Sludge
|-damage|p2a: Dracovish|88/100 psn|[from] psn
|upkeep
|turn|7
|inactive|RIP_Player has 270 seconds left.
|c| Paulao Bacanao|olha q peripecia
|
|t:|1627677952
|switch|p1a: Rin Tohsaka|Xerneas|100/100
|-damage|p1a: Rin Tohsaka|88/100|[from] Stealth Rock
|-ability|p1a: Rin Tohsaka|Fairy Aura
|move|p2a: Dracovish|Fishious Rend|p1a: Rin Tohsaka
|-damage|p1a: Rin Tohsaka|0 fnt
|faint|p1a: Rin Tohsaka
|
|-damage|p2a: Dracovish|76/100 psn|[from] psn
|upkeep
|c| Paulao Bacanao|do rip player
|
|t:|1627677961
|switch|p1a: Gilles de Rais|Toxapex, M|83/100
|-damage|p1a: Gilles de Rais|71/100|[from] Stealth Rock
|turn|8
|inactive|positvo15 has 150 seconds left.
|j| Cold27
|
|t:|1627678016
|switch|p2a: Dialga|Dialga|29/100
|-ability|p2a: Dialga|Pressure
|move|p1a: Gilles de Rais|Recover|p1a: Gilles de Rais
|-heal|p1a: Gilles de Rais|100/100
|
|upkeep
|turn|9
|inactive|positvo15 has 120 seconds left.
|
|t:|1627678051
|move|p2a: Dialga|Thunder|p1a: Gilles de Rais|[miss]
|-miss|p2a: Dialga|p1a: Gilles de Rais
|move|p1a: Gilles de Rais|Scald|p2a: Dialga
|-resisted|p2a: Dialga
|-damage|p2a: Dialga|22/100
|
|upkeep
|turn|10
|c|☆RIP_Player|q q é isso meu rapaz
|c|☆RIP_Player|calma
|c|☆RIP_Player|deixa meu gilles de rais vivo
|c| Paulao Bacanao|um sabio um dia disse
|inactive|positvo15 has 90 seconds left.
|c|☆RIP_Player|ignorancia
|c| Amelia Doutora|Amélia ta tentando
|c| Amelia Doutora|mas tá dificil
|c| Paulao Bacanao|só erra quem nao é bom o suficiente
|
|t:|1627678094
|move|p2a: Dialga|Thunder|p1a: Gilles de Rais|[miss]
|-miss|p2a: Dialga|p1a: Gilles de Rais
|move|p1a: Gilles de Rais|Scald|p2a: Dialga
|-resisted|p2a: Dialga
|-damage|p2a: Dialga|15/100
|
|upkeep
|turn|11
|
|t:|1627678101
|move|p2a: Dialga|Thunder|p1a: Gilles de Rais
|-supereffective|p1a: Gilles de Rais
|-damage|p1a: Gilles de Rais|22/100
|-status|p1a: Gilles de Rais|par
|cant|p1a: Gilles de Rais|par
|
|-heal|p1a: Gilles de Rais|28/100 par|[from] item: Black Sludge
|upkeep
|turn|12
|c| Amelia Doutora|Amelia pragas
|c| Amelia Doutora|a nao
|c|☆RIP_Player|A
|c| Amelia Doutora|ai cagou
|c|☆RIP_Player|começou
|c| Paulao Bacanao|tapoha
|c| Amelia Doutora|recuperou
|c|☆RIP_Player|a palhaçada
|c| Rei do Kuduro|amelia?
|
|t:|1627678119
|switch|p1a: Berserker|Umbreon, F|100/100
|-damage|p1a: Berserker|88/100|[from] Stealth Rock
|move|p2a: Dialga|Draco Meteor|p1a: Berserker
|-damage|p1a: Berserker|43/100
|-unboost|p2a: Dialga|spa|2
|
|-heal|p1a: Berserker|49/100|[from] item: Leftovers
|upkeep
|turn|13
|c| Amelia Doutora|Amelia foi coçar o nariz
|c| Amelia Doutora|nao deu
|
|t:|1627678141
|switch|p2a: Porygon2|Porygon2|91/100 tox
|move|p1a: Berserker|Wish|p1a: Berserker
|
|-heal|p1a: Berserker|55/100|[from] item: Leftovers
|-damage|p2a: Porygon2|85/100 tox|[from] psn
|upkeep
|turn|14
|j| FredsonBreack
|inactive|positvo15 has 60 seconds left.
|
|t:|1627678164
|move|p1a: Berserker|Foul Play|p2a: Porygon2
|-damage|p2a: Porygon2|76/100 tox
|move|p2a: Porygon2|Trick Room|p2a: Porygon2
|-fieldstart|move: Trick Room|[of] p2a: Porygon2
|
|-heal|p1a: Berserker|100/100|[from] move: Wish|[wisher] Berserker
|-damage|p2a: Porygon2|64/100 tox|[from] psn
|upkeep
|turn|15
|inactive|positvo15 has 60 seconds left.
|
|t:|1627678172
|switch|p1a: Gilgamesh|Yveltal|100/100
|-damage|p1a: Gilgamesh|76/100|[from] Stealth Rock
|-ability|p1a: Gilgamesh|Dark Aura
|move|p2a: Porygon2|Teleport|p2a: Porygon2
|j| RedBuLL G0D
|inactive|positvo15 has 60 seconds left.
|
|t:|1627678179
|switch|p2a: Calyrex|Calyrex-Ice|100/100|[from]move: Teleport
|-ability|p2a: Calyrex|As One
|-ability|p2a: Calyrex|Unnerve
|
|upkeep
|turn|16
|inactive|positvo15 has 60 seconds left.
|c| UPM KeldeoCrowned|n
|
|t:|1627678198
|move|p1a: Gilgamesh|Sucker Punch|p2a: Calyrex
|-supereffective|p2a: Calyrex
|-damage|p2a: Calyrex|21/100
|-enditem|p2a: Calyrex|Weakness Policy
|-boost|p2a: Calyrex|atk|2|[from] item: Weakness Policy
|-boost|p2a: Calyrex|spa|2|[from] item: Weakness Policy
|move|p2a: Calyrex|Glacial Lance|p1a: Gilgamesh
|-supereffective|p1a: Gilgamesh
|-damage|p1a: Gilgamesh|0 fnt
|faint|p1a: Gilgamesh
|-ability|p2a: Calyrex|Chilling Neigh|boost
|-boost|p2a: Calyrex|atk|1
|
|upkeep
|
|t:|1627678210
|switch|p1a: Emiya Archer|Marshadow|100/100
|-damage|p1a: Emiya Archer|94/100|[from] Stealth Rock
|turn|17
|inactive|positvo15 has 60 seconds left.
|
|t:|1627678222
|switch|p2a: Hatterene|Hatterene, F|100/100
|move|p1a: Emiya Archer|Shadow Sneak|p2a: Hatterene
|-supereffective|p2a: Hatterene
|-damage|p2a: Hatterene|29/100
|
|upkeep
|turn|18
|
|t:|1627678229
|move|p1a: Emiya Archer|Shadow Sneak|p2a: Hatterene
|-supereffective|p2a: Hatterene
|-crit|p2a: Hatterene
|-damage|p2a: Hatterene|0 fnt
|faint|p2a: Hatterene
|
|-fieldend|move: Trick Room
|upkeep
|c| Rei do Kuduro|top 8 ubers surrado pelo positvo?
|inactive|positvo15 has 60 seconds left.
|
|t:|1627678241
|switch|p2a: Necrozma|Necrozma-Dusk-Mane|100/100
|turn|19
|c|☆RIP_Player|Obv
|inactive|positvo15 has 60 seconds left.
|c| Rei do Kuduro|:hot_face:
|c| Paulao Bacanao|só se deu bem pq ele nao foi pro porygon
|c| Paulao Bacanao|porygon=rei da tier
|
|t:|1627678278
|move|p1a: Emiya Archer|Close Combat|p2a: Necrozma
|-damage|p2a: Necrozma|59/100
|-unboost|p1a: Emiya Archer|def|1
|-unboost|p1a: Emiya Archer|spd|1
|move|p2a: Necrozma|Earthquake|p1a: Emiya Archer
|-damage|p1a: Emiya Archer|8/100
|
|upkeep
|turn|20
|
|t:|1627678286
|move|p1a: Emiya Archer|Close Combat|p2a: Necrozma
|-damage|p2a: Necrozma|20/100
|-unboost|p1a: Emiya Archer|def|1
|-unboost|p1a: Emiya Archer|spd|1
|move|p2a: Necrozma|Trick Room|p2a: Necrozma
|-fieldstart|move: Trick Room|[of] p2a: Necrozma
|
|upkeep
|turn|21
|
|t:|1627678298
|switch|p2a: Porygon2|Porygon2|64/100 tox
|move|p1a: Emiya Archer|Shadow Sneak|p2a: Porygon2
|-immune|p2a: Porygon2
|
|-damage|p2a: Porygon2|57/100 tox|[from] psn
|upkeep
|turn|22
|
|t:|1627678306
|move|p2a: Porygon2|Foul Play|p1a: Emiya Archer
|-damage|p1a: Emiya Archer|0 fnt
|faint|p1a: Emiya Archer
|
|-damage|p2a: Porygon2|45/100 tox|[from] psn
|upkeep
|
|t:|1627678313
|switch|p1a: Quetzalcoatl|Heatran, F|100/100
|-damage|p1a: Quetzalcoatl|88/100|[from] Stealth Rock
|turn|23
|inactive|positvo15 has 60 seconds left.
|
|t:|1627678320
|move|p1a: Quetzalcoatl|Magma Storm|p2a: Porygon2|[miss]
|-miss|p1a: Quetzalcoatl|p2a: Porygon2
|move|p2a: Porygon2|Teleport|p2a: Porygon2
|inactive|positvo15 has 60 seconds left.
|c|☆RIP_Player|mas eu sou muito bom msm
|
|t:|1627678330
|switch|p2a: Dracovish|Dracovish|76/100 psn|[from]move: Teleport
|
|-heal|p1a: Quetzalcoatl|94/100|[from] item: Leftovers
|-damage|p2a: Dracovish|64/100 psn|[from] psn
|upkeep
|turn|24
|c| Camalarcos|cade spectral thief?
|inactive|positvo15 has 60 seconds left.
|
|t:|1627678338
|switch|p1a: Gilles de Rais|Toxapex, M|61/100 par
|-damage|p1a: Gilles de Rais|49/100 par|[from] Stealth Rock
|move|p2a: Dracovish|Fishious Rend|p1a: Gilles de Rais
|-resisted|p1a: Gilles de Rais
|-damage|p1a: Gilles de Rais|0 fnt
|faint|p1a: Gilles de Rais
|
|-damage|p2a: Dracovish|51/100 psn|[from] psn
|-fieldend|move: Trick Room
|upkeep
|c| Amelia Doutora|mandem o rip olhar o privado
|c| Amelia Doutora|q ele n ta olhando
|
|t:|1627678349
|switch|p1a: Berserker|Umbreon, F|100/100
|-damage|p1a: Berserker|88/100|[from] Stealth Rock
|turn|25
|
|t:|1627678358
|switch|p2a: Porygon2|Porygon2|45/100 tox
|move|p1a: Berserker|Foul Play|p2a: Porygon2
|-damage|p2a: Porygon2|35/100 tox
|
|-heal|p1a: Berserker|94/100|[from] item: Leftovers
|-damage|p2a: Porygon2|28/100 tox|[from] psn
|upkeep
|turn|26
|
|t:|1627678366
|move|p1a: Berserker|Foul Play|p2a: Porygon2
|-damage|p2a: Porygon2|19/100 tox
|move|p2a: Porygon2|Trick Room|p2a: Porygon2
|-fieldstart|move: Trick Room|[of] p2a: Porygon2
|
|-heal|p1a: Berserker|99/100|[from] item: Leftovers
|-damage|p2a: Porygon2|7/100 tox|[from] psn
|upkeep
|turn|27
|
|t:|1627678374
|move|p1a: Berserker|Wish|p1a: Berserker
|move|p2a: Porygon2|Teleport|p2a: Porygon2
|
|t:|1627678378
|switch|p2a: Dracovish|Dracovish|51/100 psn|[from]move: Teleport
|
|-heal|p1a: Berserker|100/100|[from] item: Leftovers
|-damage|p2a: Dracovish|39/100 psn|[from] psn
|upkeep
|turn|28
|inactive|positvo15 has 90 seconds left.
|c| Kennenshild|esse peixe é muito cavalo
|c| Paulao Bacanao|rip tem mta chance
|
|t:|1627678398
|move|p1a: Berserker|Protect|p1a: Berserker
|-singleturn|p1a: Berserker|Protect
|move|p2a: Dracovish|Fishious Rend|p1a: Berserker
|-activate|p1a: Berserker|move: Protect
|
|-damage|p2a: Dracovish|27/100 psn|[from] psn
|upkeep
|turn|29
|c| Paulao Bacanao|ainda
|
|t:|1627678408
|switch|p1a: Quetzalcoatl|Heatran, F|94/100
|-damage|p1a: Quetzalcoatl|82/100|[from] Stealth Rock
|move|p2a: Dracovish|Fishious Rend|p1a: Quetzalcoatl
|-supereffective|p1a: Quetzalcoatl
|-damage|p1a: Quetzalcoatl|0 fnt
|faint|p1a: Quetzalcoatl
|
|-damage|p2a: Dracovish|15/100 psn|[from] psn
|upkeep
|
|t:|1627678410
|switch|p1a: Berserker|Umbreon, F|100/100
|-damage|p1a: Berserker|88/100|[from] Stealth Rock
|turn|30
|inactive|positvo15 has 90 seconds left.
|
|t:|1627678443
|switch|p2a: Calyrex|Calyrex-Ice|21/100
|-ability|p2a: Calyrex|As One
|-ability|p2a: Calyrex|Unnerve
|move|p1a: Berserker|Protect||[still]
|-fail|p1a: Berserker
|
|-heal|p1a: Berserker|94/100|[from] item: Leftovers
|-fieldend|move: Trick Room
|upkeep
|turn|31
|
|t:|1627678453
|move|p1a: Berserker|Foul Play|p2a: Calyrex
|-supereffective|p2a: Calyrex
|-damage|p2a: Calyrex|0 fnt
|faint|p2a: Calyrex
|
|-heal|p1a: Berserker|99/100|[from] item: Leftovers
|upkeep
|c| Paulao Bacanao|umbreon deus
|c| Paulao Bacanao|levou tudo kkkkkkkkkkkkkkkkkkkkk
|c| Amelia Doutora|FALA DO UMBREON
|c| FredsonBreack|umbreon sweeps
|c| FredsonBreack|??
|c| Paulao Bacanao|umbreon swépi
|c|☆RIP_Player|Umbreon é meu Deus e nada me faltará
|c| Amelia Doutora|BASACA
|inactive|positvo15 has 60 seconds left.
|
|t:|1627678483
|switch|p2a: Dialga|Dialga|15/100
|-ability|p2a: Dialga|Pressure
|turn|32
|inactive|positvo15 has 60 seconds left.
|
|t:|1627678489
|move|p1a: Berserker|Foul Play|p2a: Dialga
|-damage|p2a: Dialga|0 fnt
|faint|p2a: Dialga
|
|-heal|p1a: Berserker|100/100|[from] item: Leftovers
|upkeep
|c| FredsonBreack|k
|inactive|positvo15 has 60 seconds left.
|c| FredsonBreack|UMBREON SOLADAS
|c| Paulao Bacanao|GG UMBREON
|c| Paulao Bacanao|KSADOKAODKOASKDOASKDAS
|c| Amelia Doutora|FALA DO UMBREON
|
|t:|1627678508
|switch|p2a: Necrozma|Necrozma-Dusk-Mane|20/100
|turn|33
|
|t:|1627678513
|move|p1a: Berserker|Foul Play|p2a: Necrozma
|-supereffective|p2a: Necrozma
|-damage|p2a: Necrozma|0 fnt
|faint|p2a: Necrozma
|
|upkeep
|c| FredsonBreack|KKKKKKKKKKKKKKKKKKKKK
|inactive|positvo15 has 60 seconds left.
|
|t:|1627678518
|switch|p2a: Porygon2|Porygon2|7/100 tox
|turn|34
|
|t:|1627678520
|move|p1a: Berserker|Foul Play|p2a: Porygon2
|-damage|p2a: Porygon2|0 fnt
|faint|p2a: Porygon2
|
|upkeep
|
|t:|1627678524
|switch|p2a: Dracovish|Dracovish|15/100 psn
|turn|35
|c| FredsonBreack|UMBREON SURRADAS
|c| Paulao Bacanao|AJHDKJAHSJKDHKASHDA
|c| Paulao Bacanao|KKKKKKKKKKKKKKKKKKKKKKKK
|
|t:|1627678529
|move|p1a: Berserker|Protect|p1a: Berserker
|-singleturn|p1a: Berserker|Protect
|move|p2a: Dracovish|Fishious Rend|p1a: Berserker
|-activate|p1a: Berserker|move: Protect
|
|-damage|p2a: Dracovish|2/100 psn|[from] psn
|upkeep
|turn|36
|c| Paulao Bacanao|umbreon sola
|inactive|positvo15 has 90 seconds left.
|
|t:|1627678536
|move|p1a: Berserker|Foul Play|p2a: Dracovish
|-damage|p2a: Dracovish|0 fnt
|faint|p2a: Dracovish
|
|win|RIP_Player
|c| Camalarcos|Umbreon 1 v 5 gg
|c| FredsonBreack|UMBREON 1V5
|c| Amelia Doutora|KKKKKKKKKKKKKKKKKKKKKKKKKKKKKKKKKKK
|l| Amelia Doutora
|c| Paulao Bacanao|KKKKKKKKKKKKKKKKKKKKKKKKKKKKKKKKKKKKKKKKK
|c|☆RIP_Player|Critica meu umbreon
|l| VittorADS
|l|☆RIP_Player
|l| Cold27
|l| Paulao Bacanao
|l| FredsonBreack
|l| Camalarcos
|j| Camalarcos
|j| Amelia Doutora
|j|☆RIP_Player
|player|p1|RIP_Player|firebreather
|inactive|Battle timer is ON: inactive players will automatically lose when time's up. (requested by RIP_Player)
|j| FredsonBreack
