|html|<div class="broadcast-blue"><strong>[Gen 8] Ubers is currently suspecting Zacian-Crowned! For information on how to participate check out the <a href="https://www.smogon.com/forums/threads/np-ss-ubers-stage-5-hound-dog.3675589/">suspect thread</a>.</strong></div>
|j|☆UCL1 KyogreF4N
|j|☆palapapop
|t:|1609944709
|player|p1|UCL1 KyogreF4N|hiker-gen4|
|player|p2|palapapop|benga|
|teamsize|p1|6
|teamsize|p2|6
|gametype|singles
|gen|8
|tier|[Gen 8] Ubers
|rated|Tournament battle
|clearpoke
|poke|p1|Marshadow|
|poke|p1|Xerneas|
|poke|p1|Zacian-Crowned|
|poke|p1|Necrozma-Dusk-Mane|
|poke|p1|Eternatus|
|poke|p1|Yveltal|
|poke|p2|Xerneas|
|poke|p2|Quagsire, M|
|poke|p2|Shedinja|
|poke|p2|Umbreon, M|
|poke|p2|Ho-Oh|
|poke|p2|Claydol|
|rule|Sleep Clause Mod: Limit one foe put to sleep
|rule|Species Clause: Limit one of each Pokémon
|rule|OHKO Clause: OHKO moves are banned
|rule|Evasion Moves Clause: Evasion moves are banned
|rule|Endless Battle Clause: Forcing endless battles is banned
|rule|HP Percentage Mod: HP is shown in percentages
|rule|Dynamax Clause: You cannot dynamax
|teampreview
|c|☆palapapop|hf !
|c|☆UCL1 KyogreF4N|Glhf
|c|☆UCL1 KyogreF4N|La team des enfers
|c|☆palapapop|ouais
|c|☆palapapop|j'ai pas counterteam tkt
|c|☆palapapop|j'aurais pu prendre une avec zyg def
|
|t:|1609944738
|start
|switch|p1a: Eternatus|Eternatus|100/100
|switch|p2a: Claydol|Claydol|100/100
|-ability|p1a: Eternatus|Pressure
|turn|1
|c|☆UCL1 KyogreF4N|Hihi le frero zyg
|
|t:|1609944746
|move|p1a: Eternatus|Toxic|p2a: Claydol
|-status|p2a: Claydol|tox
|move|p2a: Claydol|Stealth Rock|p1a: Eternatus
|-sidestart|p1: UCL1 KyogreF4N|move: Stealth Rock
|
|-damage|p2a: Claydol|94/100 tox|[from] psn
|upkeep
|turn|2
|
|t:|1609944750
|switch|p2a: Umbreon|Umbreon, M|100/100
|move|p1a: Eternatus|Mystical Fire|p2a: Umbreon
|-damage|p2a: Umbreon|88/100
|-unboost|p2a: Umbreon|spa|1
|
|-heal|p2a: Umbreon|94/100|[from] item: Leftovers
|upkeep
|turn|3
|
|t:|1609944756
|move|p1a: Eternatus|Toxic|p2a: Umbreon
|-status|p2a: Umbreon|tox
|-activate|p2a: Umbreon|ability: Synchronize
|-immune|p1a: Eternatus
|move|p2a: Umbreon|Foul Play|p1a: Eternatus
|-damage|p1a: Eternatus|85/100
|
|-heal|p2a: Umbreon|99/100 tox|[from] item: Leftovers
|-damage|p2a: Umbreon|94/100 tox|[from] psn
|upkeep
|turn|4
|
|t:|1609944765
|switch|p1a: Necrozma|Necrozma-Dusk-Mane|100/100
|-damage|p1a: Necrozma|94/100|[from] Stealth Rock
|switch|p2a: Xerneas|Xerneas|100/100
|-ability|p2a: Xerneas|Fairy Aura
|
|upkeep
|turn|5
|
|t:|1609944769
|move|p2a: Xerneas|Aromatherapy|p2a: Xerneas
|-activate|p2a: Xerneas|move: Aromatherapy
|-curestatus|p2: Claydol|tox|[msg]
|-curestatus|p2: Umbreon|tox|[msg]
|move|p1a: Necrozma|Stealth Rock|p2a: Xerneas
|-sidestart|p2: palapapop|move: Stealth Rock
|
|upkeep
|turn|6
|
|t:|1609944776
|switch|p2a: Claydol|Claydol|94/100
|-damage|p2a: Claydol|88/100|[from] Stealth Rock
|move|p1a: Necrozma|Sunsteel Strike|p2a: Claydol
|-damage|p2a: Claydol|45/100
|
|-heal|p2a: Claydol|51/100|[from] item: Leftovers
|upkeep
|turn|7
|
|t:|1609944781
|move|p1a: Necrozma|Sunsteel Strike|p2a: Claydol
|-damage|p2a: Claydol|13/100
|move|p2a: Claydol|Shadow Ball|p1a: Necrozma
|-supereffective|p1a: Necrozma
|-damage|p1a: Necrozma|77/100
|
|-heal|p2a: Claydol|19/100|[from] item: Leftovers
|upkeep
|turn|8
|
|t:|1609944788
|switch|p2a: Ho-Oh|Ho-Oh|100/100
|move|p1a: Necrozma|Sunsteel Strike|p2a: Ho-Oh
|-resisted|p2a: Ho-Oh
|-damage|p2a: Ho-Oh|85/100
|
|upkeep
|turn|9
|
|t:|1609944800
|switch|p1a: Eternatus|Eternatus|85/100
|-ability|p1a: Eternatus|Pressure
|move|p2a: Ho-Oh|Curse|p2a: Ho-Oh
|-unboost|p2a: Ho-Oh|spe|1
|-boost|p2a: Ho-Oh|atk|1
|-boost|p2a: Ho-Oh|def|1
|
|upkeep
|turn|10
|c|☆palapapop|trop de 50/50 ce pokemon
|c|☆UCL1 KyogreF4N|Qui ?
|c|☆palapapop|mais il fait du taff correct
|c|☆palapapop|claydol
|c|☆UCL1 KyogreF4N|Ah
|
|t:|1609944817
|move|p1a: Eternatus|Toxic|p2a: Ho-Oh
|-status|p2a: Ho-Oh|tox
|move|p2a: Ho-Oh|Earthquake|p1a: Eternatus
|-supereffective|p1a: Eternatus
|-damage|p1a: Eternatus|22/100
|
|-damage|p2a: Ho-Oh|79/100 tox|[from] psn
|upkeep
|turn|11
|
|t:|1609944824
|switch|p1a: Yveltal|Yveltal|100/100
|-ability|p1a: Yveltal|Dark Aura
|move|p2a: Ho-Oh|Earthquake|p1a: Yveltal
|-immune|p1a: Yveltal
|
|-damage|p2a: Ho-Oh|67/100 tox|[from] psn
|upkeep
|turn|12
|
|t:|1609944831
|switch|p2a: Xerneas|Xerneas|100/100
|-damage|p2a: Xerneas|88/100|[from] Stealth Rock
|-ability|p2a: Xerneas|Fairy Aura
|move|p1a: Yveltal|U-turn|p2a: Xerneas
|-resisted|p2a: Xerneas
|-damage|p2a: Xerneas|81/100
|
|t:|1609944855
|switch|p1a: Zacian|Zacian-Crowned|100/100|[from]move: U-turn
|-damage|p1a: Zacian|94/100|[from] Stealth Rock
|-ability|p1a: Zacian|Intrepid Sword|boost
|-boost|p1a: Zacian|atk|1
|
|upkeep
|turn|13
|
|t:|1609944869
|switch|p2a: Quagsire|Quagsire, M|100/100
|move|p1a: Zacian|Behemoth Blade|p2a: Quagsire
|-resisted|p2a: Quagsire
|-damage|p2a: Quagsire|79/100
|
|upkeep
|turn|14
|
|t:|1609944885
|switch|p1a: Necrozma|Necrozma-Dusk-Mane|77/100
|-damage|p1a: Necrozma|71/100|[from] Stealth Rock
|move|p2a: Quagsire|Recover|p2a: Quagsire
|-heal|p2a: Quagsire|100/100
|
|upkeep
|turn|15
|
|t:|1609944898
|move|p1a: Necrozma|Morning Sun|p1a: Necrozma
|-heal|p1a: Necrozma|100/100
|move|p2a: Quagsire|Curse|p2a: Quagsire
|-unboost|p2a: Quagsire|spe|1
|-boost|p2a: Quagsire|atk|1
|-boost|p2a: Quagsire|def|1
|
|upkeep
|turn|16
|j|+ironwater
|
|t:|1609944902
|switch|p1a: Yveltal|Yveltal|100/100
|-ability|p1a: Yveltal|Dark Aura
|move|p2a: Quagsire|Liquidation|p1a: Yveltal
|-damage|p1a: Yveltal|69/100
|
|upkeep
|turn|17
|
|t:|1609944910
|move|p1a: Yveltal|Foul Play|p2a: Quagsire
|-damage|p2a: Quagsire|75/100
|move|p2a: Quagsire|Earthquake|p1a: Yveltal
|-immune|p1a: Yveltal
|
|upkeep
|turn|18
|c|☆UCL1 KyogreF4N|Quel enfer mdr
|c|+ironwater|palapastall
|
|t:|1609944920
|move|p1a: Yveltal|U-turn|p2a: Quagsire
|-damage|p2a: Quagsire|64/100
|
|t:|1609944925
|switch|p1a: Xerneas|Xerneas|100/100|[from]move: U-turn
|-damage|p1a: Xerneas|88/100|[from] Stealth Rock
|-ability|p1a: Xerneas|Fairy Aura
|move|p2a: Quagsire|Earthquake|p1a: Xerneas
|-damage|p1a: Xerneas|50/100
|
|upkeep
|turn|19
|
|t:|1609944932
|switch|p2a: Shedinja|Shedinja|100/100
|move|p1a: Xerneas|Moonblast|p2a: Shedinja
|-immune|p2a: Shedinja|[from] ability: Wonder Guard
|
|upkeep
|turn|20
|c|☆palapapop|plus j'y réfléchie
|c|☆palapapop|plus je me dis que un quag pas full vie c'est un in zacian de perdu
|
|t:|1609944953
|switch|p1a: Yveltal|Yveltal|69/100
|-ability|p1a: Yveltal|Dark Aura
|move|p2a: Shedinja|Will-O-Wisp|p1a: Yveltal
|-status|p1a: Yveltal|brn
|
|-damage|p1a: Yveltal|63/100 brn|[from] brn
|upkeep
|turn|21
|
|t:|1609944957
|move|p2a: Shedinja|Protect|p2a: Shedinja
|-singleturn|p2a: Shedinja|Protect
|move|p1a: Yveltal|U-turn|p2a: Shedinja
|-activate|p2a: Shedinja|move: Protect
|
|-damage|p1a: Yveltal|57/100 brn|[from] brn
|upkeep
|turn|22
|
|t:|1609944962
|switch|p2a: Ho-Oh|Ho-Oh|100/100 tox
|move|p1a: Yveltal|U-turn|p2a: Ho-Oh
|-resisted|p2a: Ho-Oh
|-damage|p2a: Ho-Oh|99/100 tox
|c|☆palapapop|ce qui est triste
|c|☆UCL1 KyogreF4N|Oui
|
|t:|1609944975
|switch|p1a: Eternatus|Eternatus|22/100|[from]move: U-turn
|-ability|p1a: Eternatus|Pressure
|
|-damage|p2a: Ho-Oh|93/100 tox|[from] psn
|upkeep
|turn|23
|
|t:|1609944985
|move|p1a: Eternatus|Recover|p1a: Eternatus
|-heal|p1a: Eternatus|72/100
|move|p2a: Ho-Oh|Curse|p2a: Ho-Oh
|-unboost|p2a: Ho-Oh|spe|1
|-boost|p2a: Ho-Oh|atk|1
|-boost|p2a: Ho-Oh|def|1
|
|-damage|p2a: Ho-Oh|81/100 tox|[from] psn
|upkeep
|turn|24
|
|t:|1609944993
|switch|p1a: Yveltal|Yveltal|57/100 brn
|-ability|p1a: Yveltal|Dark Aura
|move|p2a: Ho-Oh|Brave Bird|p1a: Yveltal
|-damage|p1a: Yveltal|0 fnt
|-damage|p2a: Ho-Oh|60/100 tox|[from] Recoil
|faint|p1a: Yveltal
|
|-damage|p2a: Ho-Oh|42/100 tox|[from] psn
|upkeep
|
|t:|1609944996
|switch|p1a: Marshadow|Marshadow|100/100
|-damage|p1a: Marshadow|95/100|[from] Stealth Rock
|turn|25
|c|☆palapapop|oué
|
|t:|1609945008
|switch|p2a: Claydol|Claydol|19/100
|-damage|p2a: Claydol|13/100|[from] Stealth Rock
|move|p1a: Marshadow|Poltergeist|p2a: Claydol
|-activate|p2a: Claydol|move: Poltergeist|Leftovers
|-supereffective|p2a: Claydol
|-damage|p2a: Claydol|0 fnt
|-damage|p1a: Marshadow|85/100|[from] item: Life Orb
|faint|p2a: Claydol
|
|upkeep
|c|+ironwater|avec ton ho oh curse là
|
|t:|1609945011
|switch|p2a: Xerneas|Xerneas|81/100
|-damage|p2a: Xerneas|69/100|[from] Stealth Rock
|-ability|p2a: Xerneas|Fairy Aura
|turn|26
|c|☆UCL1 KyogreF4N|Hooh cursed
|
|t:|1609945022
|switch|p2a: Quagsire|Quagsire, M|64/100
|move|p1a: Marshadow|Poltergeist|p2a: Quagsire
|-activate|p2a: Quagsire|move: Poltergeist|Heavy-Duty Boots
|-damage|p2a: Quagsire|4/100
|-damage|p1a: Marshadow|75/100|[from] item: Life Orb
|
|upkeep
|turn|27
|c|+ironwater|de ouf
|c|☆palapapop|OK
|c|☆UCL1 KyogreF4N|Jsuis pas tombé
|c|☆palapapop|je pensais que tu switcherais sur un steel :/
|c|☆UCL1 KyogreF4N|Là il est vrmt perdu le in zacian
|c|☆UCL1 KyogreF4N|Ben ouais
|c|☆UCL1 KyogreF4N|J'avais tout vu
|c|☆palapapop|mmh
|
|t:|1609945069
|move|p1a: Marshadow|Close Combat|p2a: Quagsire
|-damage|p2a: Quagsire|0 fnt
|-unboost|p1a: Marshadow|def|1
|-unboost|p1a: Marshadow|spd|1
|-damage|p1a: Marshadow|65/100|[from] item: Life Orb
|faint|p2a: Quagsire
|
|upkeep
|
|t:|1609945073
|switch|p2a: Xerneas|Xerneas|69/100
|-damage|p2a: Xerneas|56/100|[from] Stealth Rock
|-ability|p2a: Xerneas|Fairy Aura
|turn|28
|
|t:|1609945080
|switch|p1a: Necrozma|Necrozma-Dusk-Mane|100/100
|-damage|p1a: Necrozma|94/100|[from] Stealth Rock
|move|p2a: Xerneas|Aromatherapy|p2a: Xerneas
|-activate|p2a: Xerneas|move: Aromatherapy
|-curestatus|p2: Ho-Oh|tox|[msg]
|
|upkeep
|turn|29
|
|t:|1609945086
|switch|p2a: Ho-Oh|Ho-Oh|76/100
|switch|p1a: Eternatus|Eternatus|72/100
|-ability|p1a: Eternatus|Pressure
|
|upkeep
|turn|30
|
|t:|1609945091
|switch|p2a: Xerneas|Xerneas|56/100
|-damage|p2a: Xerneas|44/100|[from] Stealth Rock
|-ability|p2a: Xerneas|Fairy Aura
|move|p1a: Eternatus|Toxic|p2a: Xerneas
|-status|p2a: Xerneas|tox
|
|-damage|p2a: Xerneas|38/100 tox|[from] psn
|upkeep
|turn|31
|
|t:|1609945099
|move|p1a: Eternatus|Recover|p1a: Eternatus
|-heal|p1a: Eternatus|100/100
|move|p2a: Xerneas|Rest|p2a: Xerneas
|-status|p2a: Xerneas|slp|[from] move: Rest
|-heal|p2a: Xerneas|100/100 slp|[silent]
|-enditem|p2a: Xerneas|Chesto Berry|[eat]
|-curestatus|p2a: Xerneas|slp|[msg]
|
|upkeep
|turn|32
|
|t:|1609945106
|move|p1a: Eternatus|Toxic|p2a: Xerneas
|-status|p2a: Xerneas|tox
|move|p2a: Xerneas|Moonblast|p1a: Eternatus
|-crit|p1a: Eternatus
|-damage|p1a: Eternatus|54/100
|
|-damage|p2a: Xerneas|94/100 tox|[from] psn
|upkeep
|turn|33
|c|☆UCL1 KyogreF4N|Ah ok
|
|t:|1609945113
|move|p1a: Eternatus|Recover|p1a: Eternatus
|-heal|p1a: Eternatus|100/100
|move|p2a: Xerneas|Moonblast|p1a: Eternatus
|-damage|p1a: Eternatus|71/100
|-unboost|p1a: Eternatus|spa|1
|
|-damage|p2a: Xerneas|82/100 tox|[from] psn
|upkeep
|turn|34
|
|t:|1609945120
|move|p1a: Eternatus|Mystical Fire|p2a: Xerneas
|-damage|p2a: Xerneas|70/100 tox
|-unboost|p2a: Xerneas|spa|1
|move|p2a: Xerneas|Aromatherapy|p2a: Xerneas
|-activate|p2a: Xerneas|move: Aromatherapy
|-curestatus|p2a: Xerneas|tox|[msg]
|
|upkeep
|turn|35
|
|t:|1609945127
|move|p1a: Eternatus|Toxic|p2a: Xerneas
|-status|p2a: Xerneas|tox
|move|p2a: Xerneas|Moonblast|p1a: Eternatus
|-damage|p1a: Eternatus|50/100
|-unboost|p1a: Eternatus|spa|1
|
|-damage|p2a: Xerneas|64/100 tox|[from] psn
|upkeep
|turn|36
|
|t:|1609945132
|move|p1a: Eternatus|Recover|p1a: Eternatus
|-heal|p1a: Eternatus|100/100
|move|p2a: Xerneas|Rest|p2a: Xerneas
|-status|p2a: Xerneas|slp|[from] move: Rest
|-heal|p2a: Xerneas|100/100 slp|[silent]
|
|upkeep
|turn|37
|c|☆UCL1 KyogreF4N|Mais quel enfer mdr
|c|☆UCL1 KyogreF4N|Marsha te touche plus
|
|t:|1609945154
|switch|p1a: Necrozma|Necrozma-Dusk-Mane|94/100
|-damage|p1a: Necrozma|88/100|[from] Stealth Rock
|switch|p2a: Ho-Oh|Ho-Oh|100/100
|
|upkeep
|turn|38
|c|☆palapapop|ah mais oui
|c|☆palapapop|maintenant que tu le dis
|
|t:|1609945164
|switch|p1a: Eternatus|Eternatus|100/100
|-ability|p1a: Eternatus|Pressure
|move|p2a: Ho-Oh|Earthquake|p1a: Eternatus
|-supereffective|p1a: Eternatus
|-damage|p1a: Eternatus|59/100
|
|upkeep
|turn|39
|
|t:|1609945169
|switch|p2a: Xerneas|Xerneas|100/100 slp
|-damage|p2a: Xerneas|88/100 slp|[from] Stealth Rock
|-ability|p2a: Xerneas|Fairy Aura
|move|p1a: Eternatus|Toxic||[still]
|-fail|p1a: Eternatus
|
|upkeep
|turn|40
|
|t:|1609945173
|move|p1a: Eternatus|Recover|p1a: Eternatus
|-heal|p1a: Eternatus|100/100
|cant|p2a: Xerneas|slp
|
|upkeep
|turn|41
|c|☆palapapop|tu peux pas envoyer zacian et win ?
|
|t:|1609945182
|switch|p1a: Necrozma|Necrozma-Dusk-Mane|88/100
|-damage|p1a: Necrozma|82/100|[from] Stealth Rock
|cant|p2a: Xerneas|slp
|
|upkeep
|turn|42
|c|☆UCL1 KyogreF4N|Je tue pas hooh à full
|c|☆UCL1 KyogreF4N|Enfin jpense
|c|☆palapapop|nna
|
|t:|1609945228
|switch|p2a: Ho-Oh|Ho-Oh|100/100
|switch|p1a: Eternatus|Eternatus|100/100
|-ability|p1a: Eternatus|Pressure
|
|upkeep
|turn|43
|c|☆palapapop|mais xern te touche pas
|
|t:|1609945239
|move|p1a: Eternatus|Mystical Fire|p2a: Ho-Oh
|-resisted|p2a: Ho-Oh
|-damage|p2a: Ho-Oh|94/100
|-unboost|p2a: Ho-Oh|spa|1
|move|p2a: Ho-Oh|Curse|p2a: Ho-Oh
|-unboost|p2a: Ho-Oh|spe|1
|-boost|p2a: Ho-Oh|atk|1
|-boost|p2a: Ho-Oh|def|1
|
|upkeep
|turn|44
|
|t:|1609945252
|move|p1a: Eternatus|Toxic|p2a: Ho-Oh
|-status|p2a: Ho-Oh|tox
|move|p2a: Ho-Oh|Curse|p2a: Ho-Oh
|-unboost|p2a: Ho-Oh|spe|1
|-boost|p2a: Ho-Oh|atk|1
|-boost|p2a: Ho-Oh|def|1
|
|-damage|p2a: Ho-Oh|88/100 tox|[from] psn
|upkeep
|turn|45
|c|☆palapapop|enfin ça dépend si tu as wild charge ou pas
|c|☆palapapop|bon la prochaine fois je joue refresh ho-oh
|c|☆UCL1 KyogreF4N|Ça existe pas
|c|☆UCL1 KyogreF4N|Si ?
|c|☆palapapop|:sob:
|
|t:|1609945308
|switch|p1a: Necrozma|Necrozma-Dusk-Mane|82/100
|-damage|p1a: Necrozma|76/100|[from] Stealth Rock
|move|p2a: Ho-Oh|Earthquake|p1a: Necrozma
|-supereffective|p1a: Necrozma
|-damage|p1a: Necrozma|32/100
|
|-damage|p2a: Ho-Oh|76/100 tox|[from] psn
|upkeep
|turn|46
|
|t:|1609945312
|move|p1a: Necrozma|Sunsteel Strike|p2a: Ho-Oh
|-resisted|p2a: Ho-Oh
|-damage|p2a: Ho-Oh|67/100 tox
|move|p2a: Ho-Oh|Earthquake|p1a: Necrozma
|-supereffective|p1a: Necrozma
|-damage|p1a: Necrozma|0 fnt
|faint|p1a: Necrozma
|
|-damage|p2a: Ho-Oh|49/100 tox|[from] psn
|upkeep
|c|+ironwater|curse refresh roost eq :smart:
|
|t:|1609945317
|switch|p1a: Marshadow|Marshadow|65/100
|-damage|p1a: Marshadow|59/100|[from] Stealth Rock
|turn|47
|
|t:|1609945320
|switch|p2a: Xerneas|Xerneas|88/100 slp
|-damage|p2a: Xerneas|76/100 slp|[from] Stealth Rock
|-ability|p2a: Xerneas|Fairy Aura
|move|p1a: Marshadow|Bulk Up|p1a: Marshadow
|-boost|p1a: Marshadow|atk|1
|-boost|p1a: Marshadow|def|1
|
|upkeep
|turn|48
|
|t:|1609945332
|switch|p1a: Eternatus|Eternatus|100/100
|-ability|p1a: Eternatus|Pressure
|-curestatus|p2a: Xerneas|slp|[msg]
|move|p2a: Xerneas|Aromatherapy|p2a: Xerneas
|-activate|p2a: Xerneas|move: Aromatherapy
|-curestatus|p2: Ho-Oh|tox|[msg]
|
|upkeep
|turn|49
|
|t:|1609945339
|move|p1a: Eternatus|Toxic|p2a: Xerneas
|-status|p2a: Xerneas|tox
|move|p2a: Xerneas|Defog|p1a: Eternatus
|-unboost|p1a: Eternatus|evasion|1
|-sideend|p1: UCL1 KyogreF4N|Stealth Rock|[from] move: Defog|[of] p2a: Xerneas
|-sideend|p2: palapapop|Stealth Rock|[from] move: Defog|[of] p2a: Xerneas
|
|-damage|p2a: Xerneas|70/100 tox|[from] psn
|upkeep
|turn|50
|
|t:|1609945348
|switch|p1a: Zacian|Zacian-Crowned|94/100
|-ability|p1a: Zacian|Intrepid Sword|boost
|-boost|p1a: Zacian|atk|1
|switch|p2a: Ho-Oh|Ho-Oh|83/100
|
|upkeep
|turn|51
|
|t:|1609945352
|move|p1a: Zacian|Wild Charge|p2a: Ho-Oh
|-supereffective|p2a: Ho-Oh
|-damage|p2a: Ho-Oh|8/100
|-damage|p1a: Zacian|71/100|[from] Recoil
|move|p2a: Ho-Oh|Roost|p2a: Ho-Oh
|-heal|p2a: Ho-Oh|59/100
|-singleturn|p2a: Ho-Oh|move: Roost
|
|upkeep
|turn|52
|
|t:|1609945358
|switch|p2a: Shedinja|Shedinja|100/100
|move|p1a: Zacian|Wild Charge|p2a: Shedinja
|-immune|p2a: Shedinja|[from] ability: Wonder Guard
|
|upkeep
|turn|53
|
|t:|1609945366
|switch|p1a: Eternatus|Eternatus|100/100
|-ability|p1a: Eternatus|Pressure
|switch|p2a: Umbreon|Umbreon, M|94/100
|
|-heal|p2a: Umbreon|99/100|[from] item: Leftovers
|upkeep
|turn|54
|c|☆palapapop|AH
|c|+ironwater|oh
|
|t:|1609945377
|switch|p1a: Xerneas|Xerneas|50/100
|-ability|p1a: Xerneas|Fairy Aura
|switch|p2a: Xerneas|Xerneas|70/100 tox
|-ability|p2a: Xerneas|Fairy Aura
|
|-damage|p2a: Xerneas|64/100 tox|[from] psn
|upkeep
|turn|55
|
|t:|1609945382
|switch|p2a: Ho-Oh|Ho-Oh|92/100
|move|p1a: Xerneas|Moonblast|p2a: Ho-Oh
|-resisted|p2a: Ho-Oh
|-crit|p2a: Ho-Oh
|-damage|p2a: Ho-Oh|60/100
|
|upkeep
|turn|56
|
|t:|1609945390
|switch|p2a: Xerneas|Xerneas|64/100 tox
|-ability|p2a: Xerneas|Fairy Aura
|move|p1a: Xerneas|Thunder|p2a: Xerneas
|-damage|p2a: Xerneas|33/100 tox
|
|-damage|p2a: Xerneas|27/100 tox|[from] psn
|upkeep
|turn|57
|
|t:|1609945397
|switch|p2a: Shedinja|Shedinja|100/100
|move|p1a: Xerneas|Moonblast|p2a: Shedinja
|-immune|p2a: Shedinja|[from] ability: Wonder Guard
|
|upkeep
|turn|58
|j| Le Contre Total
|c|☆palapapop|enfait j'ai vu tellement de xern toxic / night slash
|
|t:|1609945429
|switch|p1a: Eternatus|Eternatus|100/100
|-ability|p1a: Eternatus|Pressure
|move|p2a: Shedinja|Will-O-Wisp|p1a: Eternatus
|-status|p1a: Eternatus|brn
|
|-damage|p1a: Eternatus|94/100 brn|[from] brn
|upkeep
|turn|59
|c|☆palapapop|que maintenant je scout absolument tout
|
|t:|1609945433
|switch|p2a: Umbreon|Umbreon, M|99/100
|move|p1a: Eternatus|Mystical Fire|p2a: Umbreon
|-damage|p2a: Umbreon|87/100
|-unboost|p2a: Umbreon|spa|1
|
|-heal|p2a: Umbreon|93/100|[from] item: Leftovers
|-damage|p1a: Eternatus|88/100 brn|[from] brn
|upkeep
|turn|60
|j| Holy rng loser
|
|t:|1609945438
|switch|p1a: Marshadow|Marshadow|59/100
|move|p2a: Umbreon|Snarl|p1a: Marshadow
|-damage|p1a: Marshadow|48/100
|-unboost|p1a: Marshadow|spa|1
|
|-heal|p2a: Umbreon|99/100|[from] item: Leftovers
|upkeep
|turn|61
|j| Bekaray 贝卡雷
|
|t:|1609945445
|switch|p2a: Ho-Oh|Ho-Oh|93/100
|move|p1a: Marshadow|Close Combat|p2a: Ho-Oh
|-resisted|p2a: Ho-Oh
|-damage|p2a: Ho-Oh|64/100
|-unboost|p1a: Marshadow|def|1
|-unboost|p1a: Marshadow|spd|1
|-damage|p1a: Marshadow|38/100|[from] item: Life Orb
|
|upkeep
|turn|62
|
|t:|1609945449
|switch|p2a: Umbreon|Umbreon, M|99/100
|move|p1a: Marshadow|Poltergeist|p2a: Umbreon
|-activate|p2a: Umbreon|move: Poltergeist|Leftovers
|-resisted|p2a: Umbreon
|-damage|p2a: Umbreon|66/100
|-damage|p1a: Marshadow|29/100|[from] item: Life Orb
|
|-heal|p2a: Umbreon|72/100|[from] item: Leftovers
|upkeep
|turn|63
|
|t:|1609945454
|switch|p2a: Ho-Oh|Ho-Oh|97/100
|move|p1a: Marshadow|Bulk Up|p1a: Marshadow
|-boost|p1a: Marshadow|atk|1
|-boost|p1a: Marshadow|def|1
|
|upkeep
|turn|64
|
|t:|1609945459
|move|p1a: Marshadow|Poltergeist|p2a: Ho-Oh
|-activate|p2a: Ho-Oh|move: Poltergeist|Heavy-Duty Boots
|-damage|p2a: Ho-Oh|16/100
|-damage|p1a: Marshadow|19/100|[from] item: Life Orb
|move|p2a: Ho-Oh|Earthquake|p1a: Marshadow
|-damage|p1a: Marshadow|0 fnt
|faint|p1a: Marshadow
|
|upkeep
|c|☆palapapop|wow
|c|☆palapapop|ça pique
|c|☆UCL1 KyogreF4N|Un pti peu oui
|c|☆palapapop|par contre le zacian est quoi ? je pensais pas qu'il était sans attaque dark
|c|☆UCL1 KyogreF4N|Sd
|l| Bekaray 贝卡雷
|c|☆palapapop|mmh
|
|t:|1609945502
|switch|p1a: Eternatus|Eternatus|88/100 brn
|-ability|p1a: Eternatus|Pressure
|turn|65
|c|☆palapapop|ça servs vraiment dans la meta
|
|t:|1609945507
|switch|p2a: Umbreon|Umbreon, M|72/100
|move|p1a: Eternatus|Toxic||[still]
|-status|p2a: Umbreon|tox
|-activate|p2a: Umbreon|ability: Synchronize
|-fail|p2a: Umbreon
|
|-heal|p2a: Umbreon|78/100 tox|[from] item: Leftovers
|-damage|p1a: Eternatus|82/100 brn|[from] brn
|-damage|p2a: Umbreon|72/100 tox|[from] psn
|upkeep
|turn|66
|
|t:|1609945514
|move|p1a: Eternatus|Mystical Fire|p2a: Umbreon
|-damage|p2a: Umbreon|60/100 tox
|-unboost|p2a: Umbreon|spa|1
|move|p2a: Umbreon|Foul Play|p1a: Eternatus
|-damage|p1a: Eternatus|65/100 brn
|
|-heal|p2a: Umbreon|66/100 tox|[from] item: Leftovers
|-damage|p1a: Eternatus|59/100 brn|[from] brn
|-damage|p2a: Umbreon|54/100 tox|[from] psn
|upkeep
|turn|67
|
|t:|1609945518
|move|p1a: Eternatus|Mystical Fire|p2a: Umbreon
|-damage|p2a: Umbreon|43/100 tox
|-unboost|p2a: Umbreon|spa|1
|move|p2a: Umbreon|Wish|p2a: Umbreon
|
|-heal|p2a: Umbreon|49/100 tox|[from] item: Leftovers
|-damage|p1a: Eternatus|53/100 brn|[from] brn
|-damage|p2a: Umbreon|30/100 tox|[from] psn
|upkeep
|turn|68
|
|t:|1609945525
|switch|p1a: Zacian|Zacian-Crowned|71/100
|-ability|p1a: Zacian|Intrepid Sword|boost
|-boost|p1a: Zacian|atk|1
|switch|p2a: Xerneas|Xerneas|27/100 tox
|-ability|p2a: Xerneas|Fairy Aura
|
|-heal|p2a: Xerneas|71/100 tox|[from] move: Wish|[wisher] Umbreon
|-damage|p2a: Xerneas|64/100 tox|[from] psn
|upkeep
|turn|69
|
|t:|1609945531
|switch|p1a: Eternatus|Eternatus|53/100 brn
|-ability|p1a: Eternatus|Pressure
|switch|p2a: Shedinja|Shedinja|100/100
|
|-damage|p1a: Eternatus|47/100 brn|[from] brn
|upkeep
|turn|70
|
|t:|1609945534
|switch|p2a: Xerneas|Xerneas|64/100 tox
|-ability|p2a: Xerneas|Fairy Aura
|move|p1a: Eternatus|Mystical Fire|p2a: Xerneas
|-damage|p2a: Xerneas|49/100 tox
|-unboost|p2a: Xerneas|spa|1
|
|-damage|p1a: Eternatus|40/100 brn|[from] brn
|-damage|p2a: Xerneas|42/100 tox|[from] psn
|upkeep
|turn|71
|j| Menacce17
|
|t:|1609945540
|move|p1a: Eternatus|Recover|p1a: Eternatus
|-heal|p1a: Eternatus|90/100 brn
|move|p2a: Xerneas|Rest|p2a: Xerneas
|-status|p2a: Xerneas|slp|[from] move: Rest
|-heal|p2a: Xerneas|100/100 slp|[silent]
|
|-damage|p1a: Eternatus|84/100 brn|[from] brn
|upkeep
|turn|72
|
|t:|1609945542
|switch|p1a: Xerneas|Xerneas|50/100
|-ability|p1a: Xerneas|Fairy Aura
|cant|p2a: Xerneas|slp
|
|upkeep
|turn|73
|c|☆UCL1 KyogreF4N|Gg la flemme la
|c|☆palapapop|y
|c|☆palapapop|gg
|-message|UCL1 KyogreF4N forfeited.
|
|win|palapapop
|n|☆UCL1 KyogreF4N|ucl1kyogref4n
|n|☆palapapop|palapapop
|n| ironwater|ironwater
|n| Le Contre Total|lecontretotal
|n| Holy rng loser|holyrngloser
|n| Menacce17|menacce17
