|j|☆Unwallable
|j|☆neptune732
|t:|1667792967
|gametype|singles
|player|p1|Unwallable|benga|1484
|player|p2|neptune732|101|1536
|teamsize|p1|6
|teamsize|p2|6
|gen|8
|tier|[Gen 8] Ubers
|rated|
|rule|Sleep Clause Mod: Limit one foe put to sleep
|rule|Species Clause: Limit one of each Pokémon
|rule|OHKO Clause: OHKO moves are banned
|rule|Evasion Items Clause: Evasion items are banned
|rule|Evasion Moves Clause: Evasion moves are banned
|rule|Endless Battle Clause: Forcing endless battles is banned
|rule|HP Percentage Mod: HP is shown in percentages
|rule|Dynamax Clause: You cannot dynamax
|clearpoke
|poke|p1|Eternatus|
|poke|p1|Yveltal|
|poke|p1|Kyogre|
|poke|p1|Necrozma-Dusk-Mane|
|poke|p1|Calyrex-Shadow|
|poke|p1|Zygarde|
|poke|p2|Shuckle, F|
|poke|p2|Scizor, F|
|poke|p2|Mewtwo|
|poke|p2|Kyurem-White|
|poke|p2|Weavile, F|
|poke|p2|Yveltal|
|teampreview
|
|t:|1667792976
|start
|switch|p1a: Calyrex|Calyrex-Shadow|100/100
|switch|p2a: Shuckle|Shuckle, F|100/100
|-ability|p1a: Calyrex|As One
|-ability|p1a: Calyrex|Unnerve
|turn|1
|inactive|Battle timer is ON: inactive players will automatically lose when time's up. (requested by neptune732)
|
|t:|1667792985
|move|p1a: Calyrex|Trick|p2a: Shuckle
|-activate|p1a: Calyrex|move: Trick|[of] p2a: Shuckle
|-item|p2a: Shuckle|Choice Scarf|[from] move: Trick
|-item|p1a: Calyrex|Custap Berry|[from] move: Trick
|move|p2a: Shuckle|Sticky Web|p1a: Calyrex
|-sidestart|p1: Unwallable|move: Sticky Web
|
|upkeep
|turn|2
|
|t:|1667792996
|switch|p1a: Yveltal|Yveltal|100/100
|-ability|p1a: Yveltal|Dark Aura
|switch|p2a: Yveltal|Yveltal|100/100
|-ability|p2a: Yveltal|Dark Aura
|
|upkeep
|turn|3
|
|t:|1667793004
|move|p2a: Yveltal|Taunt|p1a: Yveltal
|-start|p1a: Yveltal|move: Taunt
|cant|p1a: Yveltal|move: Taunt|Defog
|
|upkeep
|turn|4
|
|t:|1667793009
|switch|p2a: Shuckle|Shuckle, F|100/100
|move|p1a: Yveltal|Snarl|p2a: Shuckle
|-damage|p2a: Shuckle|84/100
|-unboost|p2a: Shuckle|spa|1
|
|upkeep
|turn|5
|
|t:|1667793027
|switch|p1a: Kyogre|Kyogre|100/100
|-activate|p1a: Kyogre|move: Sticky Web
|-unboost|p1a: Kyogre|spe|1
|-weather|RainDance|[from] ability: Drizzle|[of] p1a: Kyogre
|switch|p2a: Weavile|Weavile, F|100/100
|
|-weather|RainDance|[upkeep]
|upkeep
|turn|6
|
|t:|1667793041
|switch|p2a: Kyurem|Kyurem-White|100/100
|-ability|p2a: Kyurem|Turboblaze
|move|p1a: Kyogre|Thunder Wave|p2a: Kyurem
|-status|p2a: Kyurem|par
|
|-weather|RainDance|[upkeep]
|upkeep
|turn|7
|
|t:|1667793050
|switch|p1a: Necrozma|Necrozma-Dusk-Mane|100/100
|-activate|p1a: Necrozma|move: Sticky Web
|-unboost|p1a: Necrozma|spe|1
|move|p2a: Kyurem|Freeze-Dry|p1a: Necrozma
|-resisted|p1a: Necrozma
|-damage|p1a: Necrozma|74/100
|
|-weather|RainDance|[upkeep]
|upkeep
|turn|8
|
|t:|1667793059
|switch|p2a: Scizor|Scizor, F|100/100
|move|p1a: Necrozma|Stealth Rock|p2a: Scizor
|-sidestart|p2: neptune732|move: Stealth Rock
|
|-weather|RainDance|[upkeep]
|upkeep
|turn|9
|
|t:|1667793064
|switch|p1a: Yveltal|Yveltal|100/100
|-ability|p1a: Yveltal|Dark Aura
|move|p2a: Scizor|U-turn|p1a: Yveltal
|-damage|p1a: Yveltal|54/100
|
|t:|1667793073
|switch|p2a: Weavile|Weavile, F|100/100|[from]move: U-turn
|-damage|p2a: Weavile|76/100|[from] Stealth Rock
|
|-weather|none
|upkeep
|turn|10
|
|t:|1667793082
|move|p2a: Weavile|Swords Dance|p2a: Weavile
|-boost|p2a: Weavile|atk|2
|move|p1a: Yveltal|Defog|p2a: Weavile
|-unboost|p2a: Weavile|evasion|1
|-sideend|p2: neptune732|Stealth Rock|[from] move: Defog|[of] p1a: Yveltal
|-sideend|p1: Unwallable|Sticky Web|[from] move: Defog|[of] p1a: Yveltal
|
|upkeep
|turn|11
|
|t:|1667793091
|switch|p1a: Necrozma|Necrozma-Dusk-Mane|74/100
|move|p2a: Weavile|Triple Axel|p1a: Necrozma
|-resisted|p1a: Necrozma
|-damage|p1a: Necrozma|66/100
|-damage|p2a: Weavile|59/100|[from] item: Rocky Helmet|[of] p1a: Necrozma
|-resisted|p1a: Necrozma
|-damage|p1a: Necrozma|52/100
|-damage|p2a: Weavile|43/100|[from] item: Rocky Helmet|[of] p1a: Necrozma
|-resisted|p1a: Necrozma
|-damage|p1a: Necrozma|29/100
|-damage|p2a: Weavile|26/100|[from] item: Rocky Helmet|[of] p1a: Necrozma
|-hitcount|p1a: Necrozma|3
|-damage|p2a: Weavile|17/100|[from] item: Life Orb
|
|upkeep
|turn|12
|
|t:|1667793105
|move|p2a: Weavile|Knock Off|p1a: Necrozma
|-supereffective|p1a: Necrozma
|-damage|p1a: Necrozma|0 fnt
|-damage|p2a: Weavile|0 fnt|[from] item: Rocky Helmet|[of] p1a: Necrozma
|faint|p1a: Necrozma
|faint|p2a: Weavile
|
|upkeep
|
|t:|1667793118
|switch|p2a: Kyurem|Kyurem-White|100/100 par
|switch|p1a: Kyogre|Kyogre|100/100
|-weather|RainDance|[from] ability: Drizzle|[of] p1a: Kyogre
|-ability|p2a: Kyurem|Turboblaze
|turn|13
|
|t:|1667793125
|move|p1a: Kyogre|Calm Mind|p1a: Kyogre
|-boost|p1a: Kyogre|spa|1
|-boost|p1a: Kyogre|spd|1
|move|p2a: Kyurem|Freeze-Dry|p1a: Kyogre
|-supereffective|p1a: Kyogre
|-damage|p1a: Kyogre|43/100
|
|-weather|RainDance|[upkeep]
|-heal|p1a: Kyogre|49/100|[from] item: Leftovers
|upkeep
|turn|14
|
|t:|1667793133
|move|p1a: Kyogre|Calm Mind|p1a: Kyogre
|-boost|p1a: Kyogre|spa|1
|-boost|p1a: Kyogre|spd|1
|move|p2a: Kyurem|Freeze-Dry|p1a: Kyogre
|-supereffective|p1a: Kyogre
|-damage|p1a: Kyogre|7/100
|
|-weather|RainDance|[upkeep]
|-heal|p1a: Kyogre|13/100|[from] item: Leftovers
|upkeep
|turn|15
|
|t:|1667793141
|move|p1a: Kyogre|Surf|p2a: Kyurem
|-resisted|p2a: Kyurem
|-damage|p2a: Kyurem|33/100 par
|cant|p2a: Kyurem|par
|
|-weather|RainDance|[upkeep]
|-heal|p1a: Kyogre|19/100|[from] item: Leftovers
|upkeep
|turn|16
|
|t:|1667793148
|move|p1a: Kyogre|Surf|p2a: Kyurem
|-resisted|p2a: Kyurem
|-damage|p2a: Kyurem|0 fnt
|faint|p2a: Kyurem
|
|-weather|RainDance|[upkeep]
|-heal|p1a: Kyogre|25/100|[from] item: Leftovers
|upkeep
|
|t:|1667793156
|switch|p2a: Yveltal|Yveltal|100/100
|-ability|p2a: Yveltal|Dark Aura
|turn|17
|
|t:|1667793161
|move|p2a: Yveltal|Knock Off|p1a: Kyogre
|-damage|p1a: Kyogre|0 fnt
|-enditem|p1a: Kyogre|Leftovers|[from] move: Knock Off|[of] p2a: Yveltal
|faint|p1a: Kyogre
|
|-weather|none
|upkeep
|
|t:|1667793164
|switch|p1a: Eternatus|Eternatus|100/100
|-ability|p1a: Eternatus|Pressure
|turn|18
|
|t:|1667793170
|switch|p2a: Shuckle|Shuckle, F|84/100
|move|p1a: Eternatus|Cosmic Power|p1a: Eternatus
|-boost|p1a: Eternatus|def|1
|-boost|p1a: Eternatus|spd|1
|
|upkeep
|turn|19
|
|t:|1667793177
|move|p1a: Eternatus|Meteor Beam||[still]
|-prepare|p1a: Eternatus|Meteor Beam
|-boost|p1a: Eternatus|spa|1
|move|p2a: Shuckle|Encore|p1a: Eternatus
|-start|p1a: Eternatus|Encore
|
|upkeep
|turn|20
|
|t:|1667793187
|switch|p2a: Scizor|Scizor, F|100/100
|move|p1a: Eternatus|Meteor Beam|p2a: Scizor|[from]lockedmove
|-damage|p2a: Scizor|36/100
|
|upkeep
|turn|21
|
|t:|1667793193
|move|p1a: Eternatus|Meteor Beam||[still]
|-prepare|p1a: Eternatus|Meteor Beam
|-boost|p1a: Eternatus|spa|1
|move|p2a: Scizor|U-turn|p1a: Eternatus
|-resisted|p1a: Eternatus
|-damage|p1a: Eternatus|86/100
|
|t:|1667793198
|switch|p2a: Mewtwo|Mewtwo|100/100|[from]move: U-turn
|-ability|p2a: Mewtwo|Pressure
|
|-heal|p1a: Eternatus|92/100|[from] item: Black Sludge
|upkeep
|turn|22
|
|t:|1667793205
|move|p1a: Eternatus|Meteor Beam|p2a: Mewtwo|[from]lockedmove
|-damage|p2a: Mewtwo|23/100
|move|p2a: Mewtwo|Psystrike|p1a: Eternatus
|-supereffective|p1a: Eternatus
|-damage|p1a: Eternatus|22/100
|-damage|p2a: Mewtwo|14/100|[from] item: Life Orb
|
|-heal|p1a: Eternatus|28/100|[from] item: Black Sludge
|-end|p1a: Eternatus|Encore
|upkeep
|turn|23
|
|t:|1667793216
|move|p1a: Eternatus|Recover|p1a: Eternatus
|-heal|p1a: Eternatus|78/100
|move|p2a: Mewtwo|Ice Beam|p1a: Eternatus
|-supereffective|p1a: Eternatus
|-damage|p1a: Eternatus|30/100
|-damage|p2a: Mewtwo|4/100|[from] item: Life Orb
|
|-heal|p1a: Eternatus|36/100|[from] item: Black Sludge
|upkeep
|turn|24
|
|t:|1667793224
|switch|p1a: Yveltal|Yveltal|54/100
|-ability|p1a: Yveltal|Dark Aura
|move|p2a: Mewtwo|Ice Beam|p1a: Yveltal
|-supereffective|p1a: Yveltal
|-damage|p1a: Yveltal|0 fnt
|faint|p1a: Yveltal
|-damage|p2a: Mewtwo|0 fnt|[from] item: Life Orb
|faint|p2a: Mewtwo
|
|upkeep
|
|t:|1667793251
|switch|p2a: Yveltal|Yveltal|100/100
|switch|p1a: Eternatus|Eternatus|36/100
|-ability|p1a: Eternatus|Pressure
|-ability|p2a: Yveltal|Dark Aura
|turn|25
|
|t:|1667793258
|move|p1a: Eternatus|Recover|p1a: Eternatus
|-heal|p1a: Eternatus|86/100
|move|p2a: Yveltal|Taunt|p1a: Eternatus
|-start|p1a: Eternatus|move: Taunt
|
|-heal|p1a: Eternatus|92/100|[from] item: Black Sludge
|upkeep
|turn|26
|
|t:|1667793265
|move|p1a: Eternatus|Meteor Beam||[still]
|-prepare|p1a: Eternatus|Meteor Beam
|-boost|p1a: Eternatus|spa|1
|move|p2a: Yveltal|Knock Off|p1a: Eternatus
|-damage|p1a: Eternatus|42/100
|-enditem|p1a: Eternatus|Black Sludge|[from] move: Knock Off|[of] p2a: Yveltal
|
|upkeep
|turn|27
|
|t:|1667793273
|switch|p2a: Shuckle|Shuckle, F|84/100
|move|p1a: Eternatus|Meteor Beam|p2a: Shuckle|[from]lockedmove
|-supereffective|p2a: Shuckle
|-damage|p2a: Shuckle|17/100
|
|upkeep
|turn|28
|
|t:|1667793280
|move|p1a: Eternatus|Dragon Pulse|p2a: Shuckle
|-damage|p2a: Shuckle|0 fnt
|faint|p2a: Shuckle
|
|-end|p1a: Eternatus|move: Taunt
|upkeep
|
|t:|1667793296
|switch|p2a: Scizor|Scizor, F|36/100
|turn|29
|
|t:|1667793302
|move|p2a: Scizor|Bullet Punch|p1a: Eternatus
|-damage|p1a: Eternatus|6/100
|move|p1a: Eternatus|Recover|p1a: Eternatus
|-heal|p1a: Eternatus|56/100
|
|upkeep
|turn|30
|
|t:|1667793308
|move|p2a: Scizor|Bullet Punch|p1a: Eternatus
|-damage|p1a: Eternatus|20/100
|move|p1a: Eternatus|Recover|p1a: Eternatus
|-heal|p1a: Eternatus|70/100
|
|upkeep
|turn|31
|
|t:|1667793313
|move|p2a: Scizor|Bullet Punch|p1a: Eternatus
|-damage|p1a: Eternatus|34/100
|move|p1a: Eternatus|Recover|p1a: Eternatus
|-heal|p1a: Eternatus|84/100
|
|upkeep
|turn|32
|
|t:|1667793319
|move|p2a: Scizor|Bullet Punch|p1a: Eternatus
|-damage|p1a: Eternatus|49/100
|move|p1a: Eternatus|Cosmic Power|p1a: Eternatus
|-boost|p1a: Eternatus|def|1
|-boost|p1a: Eternatus|spd|1
|
|upkeep
|turn|33
|
|t:|1667793325
|move|p2a: Scizor|Bullet Punch|p1a: Eternatus
|-damage|p1a: Eternatus|22/100
|move|p1a: Eternatus|Recover|p1a: Eternatus
|-heal|p1a: Eternatus|72/100
|
|upkeep
|turn|34
|
|t:|1667793331
|move|p2a: Scizor|Bullet Punch|p1a: Eternatus
|-damage|p1a: Eternatus|47/100
|move|p1a: Eternatus|Recover|p1a: Eternatus
|-heal|p1a: Eternatus|97/100
|
|upkeep
|turn|35
|
|t:|1667793336
|move|p2a: Scizor|Bullet Punch|p1a: Eternatus
|-damage|p1a: Eternatus|74/100
|move|p1a: Eternatus|Cosmic Power|p1a: Eternatus
|-boost|p1a: Eternatus|def|1
|-boost|p1a: Eternatus|spd|1
|
|upkeep
|turn|36
|
|t:|1667793342
|move|p2a: Scizor|Bullet Punch|p1a: Eternatus
|-damage|p1a: Eternatus|56/100
|move|p1a: Eternatus|Cosmic Power|p1a: Eternatus
|-boost|p1a: Eternatus|def|1
|-boost|p1a: Eternatus|spd|1
|
|upkeep
|turn|37
|
|t:|1667793348
|move|p2a: Scizor|Bullet Punch|p1a: Eternatus
|-damage|p1a: Eternatus|41/100
|move|p1a: Eternatus|Recover|p1a: Eternatus
|-heal|p1a: Eternatus|91/100
|
|upkeep
|turn|38
|
|t:|1667793353
|move|p2a: Scizor|Bullet Punch|p1a: Eternatus
|-damage|p1a: Eternatus|75/100
|move|p1a: Eternatus|Dragon Pulse|p2a: Scizor
|-resisted|p2a: Scizor
|-damage|p2a: Scizor|0 fnt
|faint|p2a: Scizor
|
|upkeep
|-message|neptune732 forfeited.
|
|win|Unwallable
|raw|Unwallable's rating: 1484 &rarr; <strong>1507</strong><br />(+23 for winning)
|raw|neptune732's rating: 1536 &rarr; <strong>1513</strong><br />(-23 for losing)
|l|☆neptune732
||Ladder isn't responding, score probably updated but might not have (Request timeout).
