|j|☆tesla roadster
|j|☆Agcsr4 default0
|t:|1663863172
|gametype|singles
|player|p1|tesla roadster|lucas|
|player|p2|Agcsr4 default0|skierf-gen4dp|
|teamsize|p1|6
|teamsize|p2|6
|gen|8
|tier|[Gen 8] Ubers
|rated|Tournament battle
|rule|Sleep Clause Mod: Limit one foe put to sleep
|rule|Species Clause: Limit one of each Pokémon
|rule|OHKO Clause: OHKO moves are banned
|rule|Evasion Items Clause: Evasion items are banned
|rule|Evasion Moves Clause: Evasion moves are banned
|rule|Endless Battle Clause: Forcing endless battles is banned
|rule|HP Percentage Mod: HP is shown in percentages
|rule|Dynamax Clause: You cannot dynamax
|clearpoke
|poke|p1|Tyranitar, M|
|poke|p1|Excadrill, F|
|poke|p1|Yveltal|
|poke|p1|Clefable, M|
|poke|p1|Ferrothorn, F|
|poke|p1|Zygarde|
|poke|p2|Ho-Oh|
|poke|p2|Necrozma-Dusk-Mane|
|poke|p2|Yveltal|
|poke|p2|Eternatus|
|poke|p2|Seismitoad, F|
|poke|p2|Calyrex-Shadow|
|teampreview
|
|t:|1663863212
|start
|switch|p1a: Tyranitar|Tyranitar, M|100/100
|switch|p2a: Eternatus|Eternatus|100/100
|-ability|p2a: Eternatus|Pressure
|-weather|Sandstorm|[from] ability: Sand Stream|[of] p1a: Tyranitar
|turn|1
|
|t:|1663863220
|move|p2a: Eternatus|Toxic|p1a: Tyranitar
|-status|p1a: Tyranitar|tox
|move|p1a: Tyranitar|Stealth Rock|p2a: Eternatus
|-sidestart|p2: Agcsr4 default0|move: Stealth Rock
|
|-weather|Sandstorm|[upkeep]
|-damage|p2a: Eternatus|94/100|[from] Sandstorm
|-heal|p2a: Eternatus|100/100|[from] item: Black Sludge
|-damage|p1a: Tyranitar|94/100 tox|[from] psn
|upkeep
|turn|2
|
|t:|1663863235
|switch|p2a: Seismitoad|Seismitoad, F|100/100
|-damage|p2a: Seismitoad|94/100|[from] Stealth Rock
|switch|p1a: Ferrothorn|Ferrothorn, F|100/100
|
|-weather|Sandstorm|[upkeep]
|-heal|p2a: Seismitoad|100/100|[from] item: Leftovers
|upkeep
|turn|3
|
|t:|1663863247
|switch|p2a: Ho-Oh|Ho-Oh|100/100
|move|p1a: Ferrothorn|Knock Off|p2a: Ho-Oh
|-damage|p2a: Ho-Oh|82/100
|-enditem|p2a: Ho-Oh|Heavy-Duty Boots|[from] move: Knock Off|[of] p1a: Ferrothorn
|
|-weather|Sandstorm|[upkeep]
|-damage|p2a: Ho-Oh|76/100|[from] Sandstorm
|upkeep
|turn|4
|
|t:|1663863262
|switch|p1a: Tyranitar|Tyranitar, M|94/100 tox
|move|p2a: Ho-Oh|Earthquake|p1a: Tyranitar
|-supereffective|p1a: Tyranitar
|-damage|p1a: Tyranitar|40/100 tox
|
|-weather|Sandstorm|[upkeep]
|-damage|p2a: Ho-Oh|70/100|[from] Sandstorm
|-damage|p1a: Tyranitar|34/100 tox|[from] psn
|upkeep
|turn|5
|
|t:|1663863275
|switch|p1a: Zygarde|Zygarde|100/100
|move|p2a: Ho-Oh|Earthquake|p1a: Zygarde
|-damage|p1a: Zygarde|81/100
|
|-weather|none
|-heal|p1a: Zygarde|87/100|[from] item: Leftovers
|upkeep
|turn|6
|
|t:|1663863283
|switch|p2a: Seismitoad|Seismitoad, F|100/100
|-damage|p2a: Seismitoad|94/100|[from] Stealth Rock
|move|p1a: Zygarde|Coil|p1a: Zygarde
|-boost|p1a: Zygarde|atk|1
|-boost|p1a: Zygarde|def|1
|-boost|p1a: Zygarde|accuracy|1
|
|-heal|p1a: Zygarde|93/100|[from] item: Leftovers
|-heal|p2a: Seismitoad|100/100|[from] item: Leftovers
|upkeep
|turn|7
|j| LocalMetagross
|
|t:|1663863290
|move|p1a: Zygarde|Thousand Arrows|p2a: Seismitoad
|-damage|p2a: Seismitoad|48/100
|move|p2a: Seismitoad|Stealth Rock|p1a: Zygarde
|-sidestart|p1: tesla roadster|move: Stealth Rock
|
|-heal|p1a: Zygarde|99/100|[from] item: Leftovers
|-heal|p2a: Seismitoad|54/100|[from] item: Leftovers
|upkeep
|turn|8
|
|t:|1663863295
|move|p1a: Zygarde|Coil|p1a: Zygarde
|-boost|p1a: Zygarde|atk|1
|-boost|p1a: Zygarde|def|1
|-boost|p1a: Zygarde|accuracy|1
|move|p2a: Seismitoad|Ice Punch|p1a: Zygarde
|-supereffective|p1a: Zygarde
|-damage|p1a: Zygarde|79/100
|
|-heal|p1a: Zygarde|85/100|[from] item: Leftovers
|-heal|p2a: Seismitoad|60/100|[from] item: Leftovers
|upkeep
|turn|9
|
|t:|1663863305
|move|p1a: Zygarde|Thousand Arrows|p2a: Seismitoad
|-damage|p2a: Seismitoad|0 fnt
|faint|p2a: Seismitoad
|
|-heal|p1a: Zygarde|91/100|[from] item: Leftovers
|upkeep
|
|t:|1663863317
|switch|p2a: Eternatus|Eternatus|100/100
|-damage|p2a: Eternatus|88/100|[from] Stealth Rock
|-ability|p2a: Eternatus|Pressure
|turn|10
|
|t:|1663863325
|switch|p1a: Clefable|Clefable, M|100/100
|move|p2a: Eternatus|Dynamax Cannon|p1a: Clefable
|-immune|p1a: Clefable
|
|-heal|p2a: Eternatus|94/100|[from] item: Black Sludge
|upkeep
|turn|11
|
|t:|1663863336
|switch|p2a: Ho-Oh|Ho-Oh|100/100
|-damage|p2a: Ho-Oh|51/100|[from] Stealth Rock
|move|p1a: Clefable|Aromatherapy|p1a: Clefable
|-activate|p1a: Clefable|move: Aromatherapy
|-curestatus|p1: Tyranitar|tox|[msg]
|
|upkeep
|turn|12
|
|t:|1663863342
|switch|p1a: Zygarde|Zygarde|91/100
|-damage|p1a: Zygarde|85/100|[from] Stealth Rock
|move|p2a: Ho-Oh|Sacred Fire|p1a: Zygarde
|-resisted|p1a: Zygarde
|-damage|p1a: Zygarde|72/100
|
|-heal|p1a: Zygarde|78/100|[from] item: Leftovers
|upkeep
|turn|13
|
|t:|1663863358
|move|p1a: Zygarde|Thousand Arrows|p2a: Ho-Oh
|-damage|p2a: Ho-Oh|27/100
|-start|p2a: Ho-Oh|Smack Down
|move|p2a: Ho-Oh|Toxic|p1a: Zygarde
|-status|p1a: Zygarde|tox
|
|-heal|p1a: Zygarde|84/100 tox|[from] item: Leftovers
|-damage|p1a: Zygarde|78/100 tox|[from] psn
|upkeep
|turn|14
|
|t:|1663863366
|switch|p2a: Eternatus|Eternatus|94/100
|-damage|p2a: Eternatus|82/100|[from] Stealth Rock
|-ability|p2a: Eternatus|Pressure
|move|p1a: Zygarde|Thousand Arrows|p2a: Eternatus
|-supereffective|p2a: Eternatus
|-damage|p2a: Eternatus|44/100
|
|-heal|p2a: Eternatus|51/100|[from] item: Black Sludge
|-heal|p1a: Zygarde|84/100 tox|[from] item: Leftovers
|-damage|p1a: Zygarde|72/100 tox|[from] psn
|upkeep
|turn|15
|l| LocalMetagross
|
|t:|1663863377
|switch|p2a: Calyrex|Calyrex-Shadow|100/100
|-ability|p2a: Calyrex|As One
|-ability|p2a: Calyrex|Unnerve
|-damage|p2a: Calyrex|88/100|[from] Stealth Rock
|switch|p1a: Clefable|Clefable, M|100/100
|
|upkeep
|turn|16
|
|t:|1663863388
|switch|p1a: Yveltal|Yveltal|100/100
|-ability|p1a: Yveltal|Dark Aura
|move|p2a: Calyrex|Astral Barrage|p1a: Yveltal
|-resisted|p1a: Yveltal
|-damage|p1a: Yveltal|77/100
|
|upkeep
|turn|17
|
|t:|1663863403
|switch|p2a: Eternatus|Eternatus|51/100
|-damage|p2a: Eternatus|38/100|[from] Stealth Rock
|-ability|p2a: Eternatus|Pressure
|move|p1a: Yveltal|Foul Play|p2a: Eternatus
|-damage|p2a: Eternatus|23/100
|
|-heal|p2a: Eternatus|29/100|[from] item: Black Sludge
|upkeep
|turn|18
|
|t:|1663863408
|switch|p1a: Tyranitar|Tyranitar, M|34/100
|-weather|Sandstorm|[from] ability: Sand Stream|[of] p1a: Tyranitar
|move|p2a: Eternatus|Recover|p2a: Eternatus
|-heal|p2a: Eternatus|79/100
|
|-weather|Sandstorm|[upkeep]
|-damage|p2a: Eternatus|73/100|[from] Sandstorm
|-heal|p2a: Eternatus|79/100|[from] item: Black Sludge
|upkeep
|turn|19
|
|t:|1663863417
|move|p2a: Eternatus|Dynamax Cannon|p1a: Tyranitar
|-damage|p1a: Tyranitar|15/100
|move|p1a: Tyranitar|Rest|p1a: Tyranitar
|-status|p1a: Tyranitar|slp|[from] move: Rest
|-heal|p1a: Tyranitar|100/100 slp|[silent]
|
|-weather|Sandstorm|[upkeep]
|-damage|p2a: Eternatus|73/100|[from] Sandstorm
|-heal|p2a: Eternatus|79/100|[from] item: Black Sludge
|upkeep
|turn|20
|
|t:|1663863427
|switch|p2a: Necrozma|Necrozma-Dusk-Mane|100/100
|-damage|p2a: Necrozma|94/100|[from] Stealth Rock
|switch|p1a: Clefable|Clefable, M|100/100
|
|-weather|Sandstorm|[upkeep]
|-heal|p2a: Necrozma|100/100|[from] item: Leftovers
|upkeep
|turn|21
|
|t:|1663863447
|switch|p2a: Yveltal|Yveltal|100/100
|-ability|p2a: Yveltal|Dark Aura
|switch|p1a: Yveltal|Yveltal|77/100
|-ability|p1a: Yveltal|Dark Aura
|
|-weather|Sandstorm|[upkeep]
|-damage|p1a: Yveltal|71/100|[from] Sandstorm
|-damage|p2a: Yveltal|94/100|[from] Sandstorm
|upkeep
|turn|22
|
|t:|1663863455
|switch|p1a: Clefable|Clefable, M|100/100
|move|p2a: Yveltal|Knock Off|p1a: Clefable
|-resisted|p1a: Clefable
|-damage|p1a: Clefable|75/100
|-enditem|p1a: Clefable|Leftovers|[from] move: Knock Off|[of] p2a: Yveltal
|
|-weather|none
|upkeep
|turn|23
|
|t:|1663863460
|move|p2a: Yveltal|Taunt|p1a: Clefable
|-start|p1a: Clefable|move: Taunt
|cant|p1a: Clefable|move: Taunt|Aromatherapy
|
|upkeep
|turn|24
|
|t:|1663863468
|move|p2a: Yveltal|Dual Wingbeat|p1a: Clefable
|-damage|p1a: Clefable|57/100
|-damage|p1a: Clefable|40/100
|-hitcount|p1a: Clefable|2
|move|p1a: Clefable|Knock Off|p2a: Yveltal
|-resisted|p2a: Yveltal
|-damage|p2a: Yveltal|85/100
|-enditem|p2a: Yveltal|Heavy-Duty Boots|[from] move: Knock Off|[of] p1a: Clefable
|
|upkeep
|turn|25
|
|t:|1663863482
|switch|p1a: Ferrothorn|Ferrothorn, F|100/100
|-damage|p1a: Ferrothorn|94/100|[from] Stealth Rock
|move|p2a: Yveltal|Knock Off|p1a: Ferrothorn
|-crit|p1a: Ferrothorn
|-damage|p1a: Ferrothorn|15/100
|-damage|p2a: Yveltal|72/100|[from] ability: Iron Barbs|[of] p1a: Ferrothorn
|-enditem|p1a: Ferrothorn|Leftovers|[from] move: Knock Off|[of] p2a: Yveltal
|
|upkeep
|turn|26
|
|t:|1663863492
|move|p2a: Yveltal|Knock Off|p1a: Ferrothorn
|-damage|p1a: Ferrothorn|0 fnt
|-damage|p2a: Yveltal|60/100|[from] ability: Iron Barbs|[of] p1a: Ferrothorn
|faint|p1a: Ferrothorn
|
|upkeep
|
|t:|1663863496
|switch|p1a: Yveltal|Yveltal|71/100
|-ability|p1a: Yveltal|Dark Aura
|turn|27
|
|t:|1663863501
|move|p1a: Yveltal|Toxic|p2a: Yveltal
|-status|p2a: Yveltal|tox
|move|p2a: Yveltal|Knock Off|p1a: Yveltal
|-resisted|p1a: Yveltal
|-damage|p1a: Yveltal|37/100
|-enditem|p1a: Yveltal|Heavy-Duty Boots|[from] move: Knock Off|[of] p2a: Yveltal
|
|-damage|p2a: Yveltal|54/100 tox|[from] psn
|upkeep
|turn|28
|
|t:|1663863508
|move|p1a: Yveltal|Roost|p1a: Yveltal
|-heal|p1a: Yveltal|87/100
|-singleturn|p1a: Yveltal|move: Roost
|move|p2a: Yveltal|Taunt|p1a: Yveltal
|-start|p1a: Yveltal|move: Taunt
|
|-damage|p2a: Yveltal|41/100 tox|[from] psn
|upkeep
|turn|29
|
|t:|1663863515
|switch|p1a: Clefable|Clefable, M|40/100
|move|p2a: Yveltal|Roost|p2a: Yveltal
|-heal|p2a: Yveltal|92/100 tox
|-singleturn|p2a: Yveltal|move: Roost
|
|-damage|p2a: Yveltal|73/100 tox|[from] psn
|upkeep
|turn|30
|
|t:|1663863526
|move|p2a: Yveltal|Taunt|p1a: Clefable
|-start|p1a: Clefable|move: Taunt
|cant|p1a: Clefable|move: Taunt|Soft-Boiled
|
|-damage|p2a: Yveltal|49/100 tox|[from] psn
|upkeep
|turn|31
|
|t:|1663863540
|switch|p1a: Yveltal|Yveltal|87/100
|-damage|p1a: Yveltal|62/100|[from] Stealth Rock
|-ability|p1a: Yveltal|Dark Aura
|move|p2a: Yveltal|Dual Wingbeat|p1a: Yveltal
|-damage|p1a: Yveltal|42/100
|-damage|p1a: Yveltal|23/100
|-hitcount|p1a: Yveltal|2
|
|-damage|p2a: Yveltal|18/100 tox|[from] psn
|upkeep
|turn|32
|
|t:|1663863545
|move|p1a: Yveltal|Roost|p1a: Yveltal
|-heal|p1a: Yveltal|73/100
|-singleturn|p1a: Yveltal|move: Roost
|move|p2a: Yveltal|Dual Wingbeat|p1a: Yveltal
|-damage|p1a: Yveltal|52/100
|-damage|p1a: Yveltal|33/100
|-hitcount|p1a: Yveltal|2
|
|-damage|p2a: Yveltal|0 fnt|[from] psn
|faint|p2a: Yveltal
|upkeep
|
|t:|1663863553
|switch|p2a: Eternatus|Eternatus|79/100
|-damage|p2a: Eternatus|66/100|[from] Stealth Rock
|-ability|p2a: Eternatus|Pressure
|turn|33
|
|t:|1663863562
|move|p2a: Eternatus|Dynamax Cannon|p1a: Yveltal
|-damage|p1a: Yveltal|3/100
|move|p1a: Yveltal|Taunt|p2a: Eternatus
|-start|p2a: Eternatus|move: Taunt
|
|-heal|p2a: Eternatus|73/100|[from] item: Black Sludge
|upkeep
|turn|34
|
|t:|1663863571
|move|p2a: Eternatus|Flamethrower|p1a: Yveltal
|-damage|p1a: Yveltal|0 fnt
|faint|p1a: Yveltal
|
|-heal|p2a: Eternatus|79/100|[from] item: Black Sludge
|upkeep
|
|t:|1663863575
|switch|p1a: Clefable|Clefable, M|40/100
|turn|35
|
|t:|1663863583
|switch|p2a: Necrozma|Necrozma-Dusk-Mane|100/100
|-damage|p2a: Necrozma|94/100|[from] Stealth Rock
|move|p1a: Clefable|Aromatherapy|p1a: Clefable
|-activate|p1a: Clefable|move: Aromatherapy
|-curestatus|p1: Tyranitar|slp|[msg]
|-curestatus|p1: Zygarde|tox|[msg]
|
|-heal|p2a: Necrozma|100/100|[from] item: Leftovers
|upkeep
|turn|36
|
|t:|1663863595
|switch|p2a: Eternatus|Eternatus|79/100
|-damage|p2a: Eternatus|66/100|[from] Stealth Rock
|-ability|p2a: Eternatus|Pressure
|switch|p1a: Zygarde|Zygarde|72/100
|-damage|p1a: Zygarde|66/100|[from] Stealth Rock
|
|-heal|p2a: Eternatus|73/100|[from] item: Black Sludge
|-heal|p1a: Zygarde|72/100|[from] item: Leftovers
|upkeep
|turn|37
|
|t:|1663863606
|switch|p1a: Tyranitar|Tyranitar, M|100/100
|-weather|Sandstorm|[from] ability: Sand Stream|[of] p1a: Tyranitar
|move|p2a: Eternatus|Toxic|p1a: Tyranitar
|-status|p1a: Tyranitar|tox
|
|-weather|Sandstorm|[upkeep]
|-damage|p2a: Eternatus|66/100|[from] Sandstorm
|-heal|p2a: Eternatus|73/100|[from] item: Black Sludge
|-damage|p1a: Tyranitar|94/100 tox|[from] psn
|upkeep
|turn|38
|
|t:|1663863621
|switch|p2a: Necrozma|Necrozma-Dusk-Mane|100/100
|-damage|p2a: Necrozma|94/100|[from] Stealth Rock
|move|p1a: Tyranitar|Thunder Wave|p2a: Necrozma
|-status|p2a: Necrozma|par
|
|-weather|Sandstorm|[upkeep]
|-heal|p2a: Necrozma|100/100 par|[from] item: Leftovers
|-damage|p1a: Tyranitar|82/100 tox|[from] psn
|upkeep
|turn|39
|
|t:|1663863635
|switch|p1a: Zygarde|Zygarde|72/100
|-damage|p1a: Zygarde|66/100|[from] Stealth Rock
|switch|p2a: Eternatus|Eternatus|73/100
|-damage|p2a: Eternatus|60/100|[from] Stealth Rock
|-ability|p2a: Eternatus|Pressure
|
|-weather|Sandstorm|[upkeep]
|-damage|p2a: Eternatus|54/100|[from] Sandstorm
|-heal|p2a: Eternatus|60/100|[from] item: Black Sludge
|-heal|p1a: Zygarde|72/100|[from] item: Leftovers
|upkeep
|turn|40
|
|t:|1663863652
|switch|p2a: Calyrex|Calyrex-Shadow|88/100
|-ability|p2a: Calyrex|As One
|-ability|p2a: Calyrex|Unnerve
|-damage|p2a: Calyrex|76/100|[from] Stealth Rock
|switch|p1a: Excadrill|Excadrill, F|100/100
|
|-weather|Sandstorm|[upkeep]
|-damage|p2a: Calyrex|70/100|[from] Sandstorm
|upkeep
|turn|41
|
|t:|1663863688
|move|p2a: Calyrex|Astral Barrage|p1a: Excadrill
|-damage|p1a: Excadrill|10/100
|move|p1a: Excadrill|Earthquake|p2a: Calyrex
|-damage|p2a: Calyrex|8/100
|
|-weather|none
|upkeep
|turn|42
|
|t:|1663863703
|switch|p1a: Tyranitar|Tyranitar, M|82/100 tox
|-weather|Sandstorm|[from] ability: Sand Stream|[of] p1a: Tyranitar
|move|p2a: Calyrex|Astral Barrage|p1a: Tyranitar
|-resisted|p1a: Tyranitar
|-damage|p1a: Tyranitar|67/100 tox
|
|-weather|Sandstorm|[upkeep]
|-damage|p2a: Calyrex|2/100|[from] Sandstorm
|-damage|p1a: Tyranitar|61/100 tox|[from] psn
|upkeep
|turn|43
|
|t:|1663863713
|move|p2a: Calyrex|Astral Barrage|p1a: Tyranitar
|-resisted|p1a: Tyranitar
|-damage|p1a: Tyranitar|46/100 tox
|move|p1a: Tyranitar|Rest|p1a: Tyranitar
|-status|p1a: Tyranitar|slp|[from] move: Rest
|-heal|p1a: Tyranitar|100/100 slp|[silent]
|
|-weather|Sandstorm|[upkeep]
|-damage|p2a: Calyrex|0 fnt|[from] Sandstorm
|faint|p2a: Calyrex
|upkeep
|
|t:|1663863721
|switch|p2a: Ho-Oh|Ho-Oh|60/100
|-damage|p2a: Ho-Oh|10/100|[from] Stealth Rock
|turn|44
|
|t:|1663863736
|switch|p1a: Zygarde|Zygarde|72/100
|-damage|p1a: Zygarde|66/100|[from] Stealth Rock
|move|p2a: Ho-Oh|Toxic|p1a: Zygarde|[miss]
|-miss|p2a: Ho-Oh|p1a: Zygarde
|
|-weather|Sandstorm|[upkeep]
|-damage|p2a: Ho-Oh|4/100|[from] Sandstorm
|-heal|p1a: Zygarde|72/100|[from] item: Leftovers
|upkeep
|turn|45
|
|t:|1663863744
|move|p1a: Zygarde|Thousand Arrows|p2a: Ho-Oh
|-damage|p2a: Ho-Oh|0 fnt
|faint|p2a: Ho-Oh
|
|-weather|Sandstorm|[upkeep]
|-heal|p1a: Zygarde|78/100|[from] item: Leftovers
|upkeep
|-message|Agcsr4 default0 forfeited.
|
|win|tesla roadster
|n|☆tesla roadster|teslaroadster
|n|☆Agcsr4 default0|agcsr4default0
