|j|☆Nael222
|j|☆iKiQ
|t:|1668947847
|gametype|singles
|player|p1|Nael222|265|
|player|p2|iKiQ|beni-ninja|
|teamsize|p1|6
|teamsize|p2|6
|gen|8
|tier|[Gen 8] Ubers
|rule|Sleep Clause Mod: Limit one foe put to sleep
|rule|Species Clause: Limit one of each Pokémon
|rule|OHKO Clause: OHKO moves are banned
|rule|Evasion Items Clause: Evasion items are banned
|rule|Evasion Moves Clause: Evasion moves are banned
|rule|Endless Battle Clause: Forcing endless battles is banned
|rule|HP Percentage Mod: HP is shown in percentages
|rule|Dynamax Clause: You cannot dynamax
|clearpoke
|poke|p1|Landorus-Therian, M|
|poke|p1|Yveltal|
|poke|p1|Necrozma-Dusk-Mane|
|poke|p1|Kyogre|
|poke|p1|Calyrex-Shadow|
|poke|p1|Eternatus|
|poke|p2|Xerneas-*|
|poke|p2|Calyrex-Ice|
|poke|p2|Necrozma-Dusk-Mane|
|poke|p2|Yveltal|
|poke|p2|Aerodactyl, M|
|poke|p2|Dracovish|
|teampreview
|c|☆iKiQ|hf
|c|☆Nael222|Hf
|j| Zoyotte
|
|t:|1668947911
|start
|switch|p1a: Landorus|Landorus-Therian, M|100/100
|switch|p2a: Aerodactyl|Aerodactyl, M|100/100
|-ability|p2a: Aerodactyl|Pressure
|-ability|p1a: Landorus|Intimidate|boost
|-unboost|p2a: Aerodactyl|atk|1
|turn|1
|
|t:|1668947916
|move|p2a: Aerodactyl|Taunt|p1a: Landorus
|-start|p1a: Landorus|move: Taunt
|cant|p1a: Landorus|move: Taunt|Stealth Rock
|
|upkeep
|turn|2
|c|☆Nael222|Oe tsé
|j| Sleepless comedian
|c|☆Nael222|Faut que j arrete de surestimer mes oppos
|
|t:|1668947933
|move|p2a: Aerodactyl|Stealth Rock|p1a: Landorus
|-sidestart|p1: Nael222|move: Stealth Rock
|move|p1a: Landorus|U-turn|p2a: Aerodactyl
|-resisted|p2a: Aerodactyl
|-damage|p2a: Aerodactyl|84/100
|j| Flo2699
|
|t:|1668947943
|switch|p1a: Calyrex|Calyrex-Shadow|100/100|[from]move: U-turn
|-ability|p1a: Calyrex|As One
|-ability|p1a: Calyrex|Unnerve
|-damage|p1a: Calyrex|88/100|[from] Stealth Rock
|
|upkeep
|turn|3
|c| Sleepless comedian|tour 1 quel goat
|j| KeldeoCrowned
|inactive|Battle timer is ON: inactive players will automatically lose when time's up. (requested by Nael222)
|j| Nultiprise
|j| 4'Vy
|
|t:|1668947973
|switch|p2a: Yveltal|Yveltal|100/100
|-ability|p2a: Yveltal|Dark Aura
|move|p1a: Calyrex|Astral Barrage|p2a: Yveltal
|-resisted|p2a: Yveltal
|-damage|p2a: Yveltal|65/100
|
|upkeep
|turn|4
|
|t:|1668947981
|switch|p1a: Eternatus|Eternatus|100/100
|-ability|p1a: Eternatus|Pressure
|move|p2a: Yveltal|Dark Pulse|p1a: Eternatus
|-damage|p1a: Eternatus|51/100
|-damage|p2a: Yveltal|55/100|[from] item: Life Orb
|
|upkeep
|turn|5
|
|t:|1668947993
|switch|p2a: Aerodactyl|Aerodactyl, M|84/100
|-ability|p2a: Aerodactyl|Pressure
|move|p1a: Eternatus|Recover|p1a: Eternatus
|-heal|p1a: Eternatus|100/100
|
|upkeep
|turn|6
|
|t:|1668948000
|move|p2a: Aerodactyl|Taunt|p1a: Eternatus
|-start|p1a: Eternatus|move: Taunt
|cant|p1a: Eternatus|move: Taunt|Toxic
|
|upkeep
|turn|7
|c|☆Nael222|Ofc
|l| KeldeoCrowned
|
|t:|1668948011
|move|p2a: Aerodactyl|Rock Tomb|p1a: Eternatus
|-damage|p1a: Eternatus|78/100
|-unboost|p1a: Eternatus|spe|1
|move|p1a: Eternatus|Dynamax Cannon|p2a: Aerodactyl
|-damage|p2a: Aerodactyl|20/100
|
|upkeep
|turn|8
|l| Nultiprise
|
|t:|1668948030
|switch|p1a: Landorus|Landorus-Therian, M|100/100
|-damage|p1a: Landorus|88/100|[from] Stealth Rock
|-ability|p1a: Landorus|Intimidate|boost
|-unboost|p2a: Aerodactyl|atk|1
|move|p2a: Aerodactyl|Tailwind|p2a: Aerodactyl
|-sidestart|p2: iKiQ|move: Tailwind
|
|-heal|p1a: Landorus|94/100|[from] item: Leftovers
|upkeep
|turn|9
|
|t:|1668948039
|move|p2a: Aerodactyl|Taunt|p1a: Landorus
|-start|p1a: Landorus|move: Taunt
|cant|p1a: Landorus|move: Taunt|Stealth Rock
|
|-heal|p1a: Landorus|99/100|[from] item: Leftovers
|upkeep
|turn|10
|j| Nultiprise
|
|t:|1668948061
|switch|p2a: Dracovish|Dracovish|100/100
|move|p1a: Landorus|U-turn|p2a: Dracovish
|-damage|p2a: Dracovish|77/100
|
|t:|1668948070
|switch|p1a: Calyrex|Calyrex-Shadow|88/100|[from]move: U-turn
|-ability|p1a: Calyrex|As One
|-ability|p1a: Calyrex|Unnerve
|-damage|p1a: Calyrex|76/100|[from] Stealth Rock
|
|upkeep
|turn|11
|
|t:|1668948075
|move|p1a: Calyrex|Astral Barrage|p2a: Dracovish
|-damage|p2a: Dracovish|0 fnt
|faint|p2a: Dracovish
|-ability|p1a: Calyrex|Grim Neigh|boost
|-boost|p1a: Calyrex|spa|1
|
|-sideend|p2: iKiQ|move: Tailwind
|upkeep
|
|t:|1668948078
|switch|p2a: Yveltal|Yveltal|55/100
|-ability|p2a: Yveltal|Dark Aura
|turn|12
|
|t:|1668948083
|switch|p1a: Eternatus|Eternatus|78/100
|-ability|p1a: Eternatus|Pressure
|move|p2a: Yveltal|Sucker Punch||[still]
|-fail|p2a: Yveltal
|
|upkeep
|turn|13
|
|t:|1668948095
|switch|p2a: Necrozma|Necrozma-Dusk-Mane|100/100
|move|p1a: Eternatus|Dynamax Cannon|p2a: Necrozma
|-resisted|p2a: Necrozma
|-damage|p2a: Necrozma|82/100
|
|upkeep
|turn|14
|
|t:|1668948108
|switch|p1a: Landorus|Landorus-Therian, M|99/100
|-damage|p1a: Landorus|88/100|[from] Stealth Rock
|-ability|p1a: Landorus|Intimidate|boost
|-unboost|p2a: Necrozma|atk|1
|move|p2a: Necrozma|Trick Room|p2a: Necrozma
|-fieldstart|move: Trick Room|[of] p2a: Necrozma
|
|-heal|p1a: Landorus|94/100|[from] item: Leftovers
|upkeep
|turn|15
|
|t:|1668948114
|switch|p2a: Calyrex|Calyrex-Ice|100/100
|-ability|p2a: Calyrex|As One
|-ability|p2a: Calyrex|Unnerve
|move|p1a: Landorus|Stealth Rock|p2a: Calyrex
|-sidestart|p2: iKiQ|move: Stealth Rock
|
|-heal|p1a: Landorus|99/100|[from] item: Leftovers
|upkeep
|turn|16
|j| Jeza.p
|
|t:|1668948123
|switch|p1a: Kyogre|Kyogre|100/100
|-damage|p1a: Kyogre|88/100|[from] Stealth Rock
|-weather|RainDance|[from] ability: Drizzle|[of] p1a: Kyogre
|move|p2a: Calyrex|Glacial Lance|p1a: Kyogre
|-resisted|p1a: Kyogre
|-damage|p1a: Kyogre|59/100
|
|-weather|RainDance|[upkeep]
|-heal|p1a: Kyogre|65/100|[from] item: Leftovers
|upkeep
|turn|17
|j| Bad Zoroark
|c| Jeza.p|Allez mon poussin
|
|t:|1668948137
|switch|p2a: Aerodactyl|Aerodactyl, M|20/100
|-damage|p2a: Aerodactyl|0 fnt|[from] Stealth Rock
|faint|p2a: Aerodactyl
|move|p1a: Kyogre|Scald|p2: Aerodactyl|[notarget]
|-fail|p1a: Kyogre
|
|-weather|RainDance|[upkeep]
|-heal|p1a: Kyogre|71/100|[from] item: Leftovers
|upkeep
|inactive|iKiQ has 270 seconds left.
|c|☆Nael222|Test
|j| xKSr
|inactive|iKiQ has 240 seconds left.
|
|t:|1668948201
|switch|p2a: Xerneas|Xerneas|100/100
|-damage|p2a: Xerneas|88/100|[from] Stealth Rock
|-ability|p2a: Xerneas|Fairy Aura
|turn|18
|
|t:|1668948208
|move|p1a: Kyogre|Scald|p2a: Xerneas
|-damage|p2a: Xerneas|43/100
|-status|p2a: Xerneas|brn
|move|p2a: Xerneas|Geomancy||[still]
|-prepare|p2a: Xerneas|Geomancy
|-enditem|p2a: Xerneas|Power Herb
|-anim|p2a: Xerneas|Geomancy|p2a: Xerneas
|-boost|p2a: Xerneas|spa|2
|-boost|p2a: Xerneas|spd|2
|-boost|p2a: Xerneas|spe|2
|
|-weather|RainDance|[upkeep]
|-heal|p1a: Kyogre|77/100|[from] item: Leftovers
|-damage|p2a: Xerneas|37/100 brn|[from] brn
|-fieldend|move: Trick Room
|upkeep
|turn|19
|
|t:|1668948224
|switch|p1a: Yveltal|Yveltal|100/100
|-ability|p1a: Yveltal|Dark Aura
|move|p2a: Xerneas|Moonblast|p1a: Yveltal
|-supereffective|p1a: Yveltal
|-damage|p1a: Yveltal|0 fnt
|faint|p1a: Yveltal
|
|-weather|RainDance|[upkeep]
|-damage|p2a: Xerneas|31/100 brn|[from] brn
|upkeep
|
|t:|1668948226
|switch|p1a: Necrozma|Necrozma-Dusk-Mane|100/100
|-damage|p1a: Necrozma|94/100|[from] Stealth Rock
|turn|20
|
|t:|1668948238
|move|p2a: Xerneas|Endeavor|p1a: Necrozma
|-damage|p1a: Necrozma|32/100
|move|p1a: Necrozma|Sunsteel Strike|p2a: Xerneas
|-supereffective|p2a: Xerneas
|-damage|p2a: Xerneas|0 fnt
|faint|p2a: Xerneas
|
|-weather|none
|-heal|p1a: Necrozma|38/100|[from] item: Leftovers
|upkeep
|inactive|iKiQ has 240 seconds left.
|
|t:|1668948283
|switch|p2a: Yveltal|Yveltal|55/100
|-damage|p2a: Yveltal|30/100|[from] Stealth Rock
|-ability|p2a: Yveltal|Dark Aura
|turn|21
|
|t:|1668948288
|move|p2a: Yveltal|Dark Pulse|p1a: Necrozma
|-supereffective|p1a: Necrozma
|-damage|p1a: Necrozma|0 fnt
|faint|p1a: Necrozma
|-damage|p2a: Yveltal|20/100|[from] item: Life Orb
|
|upkeep
|
|t:|1668948291
|switch|p1a: Eternatus|Eternatus|78/100
|-ability|p1a: Eternatus|Pressure
|turn|22
|inactive|iKiQ has 240 seconds left.
|
|t:|1668948298
|move|p1a: Eternatus|Dynamax Cannon|p2a: Yveltal
|-damage|p2a: Yveltal|0 fnt
|faint|p2a: Yveltal
|
|upkeep
|
|t:|1668948303
|switch|p2a: Calyrex|Calyrex-Ice|100/100
|-ability|p2a: Calyrex|As One
|-ability|p2a: Calyrex|Unnerve
|-damage|p2a: Calyrex|75/100|[from] Stealth Rock
|turn|23
|
|t:|1668948312
|move|p1a: Eternatus|Mystical Fire|p2a: Calyrex
|-supereffective|p2a: Calyrex
|-damage|p2a: Calyrex|40/100
|-unboost|p2a: Calyrex|spa|1
|-enditem|p2a: Calyrex|Weakness Policy
|-boost|p2a: Calyrex|atk|2|[from] item: Weakness Policy
|-boost|p2a: Calyrex|spa|2|[from] item: Weakness Policy
|move|p2a: Calyrex|Trick Room|p2a: Calyrex
|-fieldstart|move: Trick Room|[of] p2a: Calyrex
|
|upkeep
|turn|24
|
|t:|1668948333
|switch|p1a: Landorus|Landorus-Therian, M|99/100
|-damage|p1a: Landorus|88/100|[from] Stealth Rock
|-ability|p1a: Landorus|Intimidate|boost
|-unboost|p2a: Calyrex|atk|1
|move|p2a: Calyrex|Glacial Lance|p1a: Landorus
|-supereffective|p1a: Landorus
|-damage|p1a: Landorus|0 fnt
|faint|p1a: Landorus
|-ability|p2a: Calyrex|Chilling Neigh|boost
|-boost|p2a: Calyrex|atk|1
|
|upkeep
|
|t:|1668948338
|switch|p1a: Kyogre|Kyogre|77/100
|-damage|p1a: Kyogre|65/100|[from] Stealth Rock
|-weather|RainDance|[from] ability: Drizzle|[of] p1a: Kyogre
|turn|25
|inactive|iKiQ has 270 seconds left.
|inactive|iKiQ has 240 seconds left.
|inactive|iKiQ has 210 seconds left.
|
|t:|1668948436
|move|p2a: Calyrex|Glacial Lance|p1a: Kyogre
|-resisted|p1a: Kyogre
|-damage|p1a: Kyogre|11/100
|move|p1a: Kyogre|Scald|p2a: Calyrex
|-damage|p2a: Calyrex|0 fnt
|faint|p2a: Calyrex
|
|-weather|RainDance|[upkeep]
|-heal|p1a: Kyogre|17/100|[from] item: Leftovers
|upkeep
|
|t:|1668948443
|switch|p2a: Necrozma|Necrozma-Dusk-Mane|82/100
|-damage|p2a: Necrozma|76/100|[from] Stealth Rock
|turn|26
|l| Bad Zoroark
|l| Flo2699
|
|t:|1668948453
|move|p2a: Necrozma|Earthquake|p1a: Kyogre
|-damage|p1a: Kyogre|0 fnt
|faint|p1a: Kyogre
|
|-weather|RainDance|[upkeep]
|upkeep
|
|t:|1668948468
|switch|p1a: Eternatus|Eternatus|78/100
|-ability|p1a: Eternatus|Pressure
|turn|27
|
|t:|1668948476
|move|p2a: Necrozma|Sunsteel Strike|p1a: Eternatus
|-damage|p1a: Eternatus|20/100
|move|p1a: Eternatus|Dynamax Cannon|p2a: Necrozma
|-resisted|p2a: Necrozma
|-damage|p2a: Necrozma|56/100
|
|-weather|RainDance|[upkeep]
|-fieldend|move: Trick Room
|upkeep
|turn|28
|j| Flo2699
|
|t:|1668948490
|move|p1a: Eternatus|Recover|p1a: Eternatus
|-heal|p1a: Eternatus|70/100
|move|p2a: Necrozma|Trick Room|p2a: Necrozma
|-fieldstart|move: Trick Room|[of] p2a: Necrozma
|
|-weather|RainDance|[upkeep]
|upkeep
|turn|29
|
|t:|1668948493
|move|p2a: Necrozma|Earthquake|p1a: Eternatus
|-supereffective|p1a: Eternatus
|-damage|p1a: Eternatus|0 fnt
|faint|p1a: Eternatus
|
|-weather|none
|upkeep
|
|t:|1668948495
|switch|p1a: Calyrex|Calyrex-Shadow|76/100
|-ability|p1a: Calyrex|As One
|-ability|p1a: Calyrex|Unnerve
|-damage|p1a: Calyrex|64/100|[from] Stealth Rock
|turn|30
|
|t:|1668948499
|move|p2a: Necrozma|Sunsteel Strike|p1a: Calyrex
|-damage|p1a: Calyrex|0 fnt
|faint|p1a: Calyrex
|
|win|iKiQ
|c|☆iKiQ|gg
|l| Flo2699
