|raw|<div class="broadcast-blue"><strong>This battle is required to be public due to a player having a name starting with 'ult9ns'.</div>
|j|☆ULT9NS doom(^-^)♪
|j|☆Minogod94
|t:|1653340402
|gametype|singles
|player|p1|ULT9NS doom(^-^)♪|2|1413
|player|p2|Minogod94|#psplixfrench|1511
|teamsize|p1|6
|teamsize|p2|6
|gen|8
|tier|[Gen 8] Ubers
|rated|
|rule|Sleep Clause Mod: Limit one foe put to sleep
|rule|Species Clause: Limit one of each Pokémon
|rule|OHKO Clause: OHKO moves are banned
|rule|Evasion Moves Clause: Evasion moves are banned
|rule|Endless Battle Clause: Forcing endless battles is banned
|rule|HP Percentage Mod: HP is shown in percentages
|rule|Dynamax Clause: You cannot dynamax
|clearpoke
|poke|p1|Azelf|
|poke|p1|Yveltal|
|poke|p1|Necrozma-Dusk-Mane|
|poke|p1|Groudon|
|poke|p1|Xerneas-*|
|poke|p1|Garchomp, M|
|poke|p2|Ninetales-Alola, F|
|poke|p2|Sandslash-Alola, F|
|poke|p2|Magnezone|
|poke|p2|Mew|
|poke|p2|Mandibuzz, F|
|poke|p2|Blissey, F|
|teampreview
|inactive|Battle timer is ON: inactive players will automatically lose when time's up. (requested by Minogod94)
|c|☆ULT9NS doom(^-^)♪|bah bravo
|
|t:|1653340425
|start
|switch|p1a: Azelf|Azelf|100/100
|switch|p2a: Ninetales|Ninetales-Alola, F|100/100
|-weather|Hail|[from] ability: Snow Warning|[of] p2a: Ninetales
|turn|1
|c|☆Minogod94|Hm c'est iter?
|
|t:|1653340437
|move|p1a: Azelf|Thunder Wave|p2a: Ninetales
|-status|p2a: Ninetales|par
|move|p2a: Ninetales|Blizzard|p1a: Azelf
|-damage|p1a: Azelf|53/100
|
|-weather|Hail|[upkeep]
|-damage|p1a: Azelf|47/100|[from] Hail
|upkeep
|turn|2
|c|☆ULT9NS doom(^-^)♪|nan
|j| ZULT33Y Bekaka
|c|☆ULT9NS doom(^-^)♪|iter il est nullos
|
|t:|1653340457
|switch|p2a: Mew|Mew|100/100
|move|p1a: Azelf|Stealth Rock|p2a: Mew
|-sidestart|p2: Minogod94|move: Stealth Rock
|
|-weather|Hail|[upkeep]
|-damage|p1a: Azelf|41/100|[from] Hail
|-damage|p2a: Mew|94/100|[from] Hail
|upkeep
|turn|3
|c| ZULT33Y Bekaka|Bonjour ULT9NS doom
|
|t:|1653340461
|move|p1a: Azelf|Taunt|p2a: Mew
|-start|p2a: Mew|move: Taunt
|cant|p2a: Mew|move: Taunt|Rock Polish
|
|-weather|Hail|[upkeep]
|-damage|p1a: Azelf|35/100|[from] Hail
|-damage|p2a: Mew|88/100|[from] Hail
|upkeep
|turn|4
|
|t:|1653340469
|move|p1a: Azelf|Explosion|p2a: Mew
|-damage|p2a: Mew|0 fnt
|faint|p1a: Azelf
|faint|p2a: Mew
|
|-weather|Hail|[upkeep]
|upkeep
|
|t:|1653340476
|switch|p1a: Groudon|Groudon|100/100
|switch|p2a: Mandibuzz|Mandibuzz, F|100/100
|-weather|SunnyDay|[from] ability: Drought|[of] p1a: Groudon
|turn|5
|c|☆Minogod94|Hm ok
|
|t:|1653340486
|move|p1a: Groudon|Rock Polish|p1a: Groudon
|-boost|p1a: Groudon|spe|2
|move|p2a: Mandibuzz|Defog|p1a: Groudon
|-unboost|p1a: Groudon|evasion|1
|-sideend|p2: Minogod94|Stealth Rock|[from] move: Defog|[of] p2a: Mandibuzz
|
|-weather|SunnyDay|[upkeep]
|upkeep
|turn|6
|
|t:|1653340496
|move|p1a: Groudon|Stone Edge|p2a: Mandibuzz|[miss]
|-miss|p1a: Groudon|p2a: Mandibuzz
|move|p2a: Mandibuzz|Foul Play|p1a: Groudon
|-damage|p1a: Groudon|57/100
|
|-weather|SunnyDay|[upkeep]
|upkeep
|turn|7
|
|t:|1653340501
|move|p1a: Groudon|Stone Edge|p2a: Mandibuzz
|-supereffective|p2a: Mandibuzz
|-damage|p2a: Mandibuzz|40/100
|move|p2a: Mandibuzz|Foul Play|p1a: Groudon
|-damage|p1a: Groudon|11/100
|
|-weather|SunnyDay|[upkeep]
|upkeep
|turn|8
|
|t:|1653340508
|switch|p2a: Blissey|Blissey, F|100/100
|move|p1a: Groudon|Stone Edge|p2a: Blissey
|-damage|p2a: Blissey|65/100
|
|-weather|SunnyDay|[upkeep]
|upkeep
|turn|9
|
|t:|1653340512
|move|p1a: Groudon|Precipice Blades|p2a: Blissey
|-damage|p2a: Blissey|0 fnt
|faint|p2a: Blissey
|
|-weather|none
|upkeep
|
|t:|1653340515
|switch|p2a: Ninetales|Ninetales-Alola, F|100/100 par
|-weather|Hail|[from] ability: Snow Warning|[of] p2a: Ninetales
|turn|10
|
|t:|1653340520
|switch|p2a: Mandibuzz|Mandibuzz, F|40/100
|move|p1a: Groudon|Precipice Blades|p2a: Mandibuzz
|-immune|p2a: Mandibuzz
|
|-weather|Hail|[upkeep]
|-damage|p1a: Groudon|5/100|[from] Hail
|upkeep
|turn|11
|
|t:|1653340526
|move|p1a: Groudon|Stone Edge|p2a: Mandibuzz
|-supereffective|p2a: Mandibuzz
|-damage|p2a: Mandibuzz|0 fnt
|faint|p2a: Mandibuzz
|
|-weather|Hail|[upkeep]
|-damage|p1a: Groudon|0 fnt|[from] Hail
|faint|p1a: Groudon
|upkeep
|
|t:|1653340537
|switch|p1a: Yveltal|Yveltal|100/100
|switch|p2a: Sandslash|Sandslash-Alola, F|100/100
|-ability|p1a: Yveltal|Dark Aura
|turn|12
|
|t:|1653340543
|move|p2a: Sandslash|Triple Axel|p1a: Yveltal
|-supereffective|p1a: Yveltal
|-damage|p1a: Yveltal|79/100
|-supereffective|p1a: Yveltal
|-damage|p1a: Yveltal|37/100
|-hitcount|p1a: Yveltal|2
|move|p1a: Yveltal|Knock Off|p2a: Sandslash
|-damage|p2a: Sandslash|33/100
|-enditem|p2a: Sandslash|Never-Melt Ice|[from] move: Knock Off|[of] p1a: Yveltal
|
|-weather|Hail|[upkeep]
|-damage|p1a: Yveltal|31/100|[from] Hail
|upkeep
|turn|13
|
|t:|1653340551
|move|p2a: Sandslash|Ice Shard|p1a: Yveltal
|-supereffective|p1a: Yveltal
|-damage|p1a: Yveltal|0 fnt
|faint|p1a: Yveltal
|
|-weather|Hail|[upkeep]
|upkeep
|
|t:|1653340560
|switch|p1a: Necrozma|Necrozma-Dusk-Mane|100/100
|turn|14
|
|t:|1653340569
|switch|p2a: Magnezone|Magnezone|100/100
|-item|p2a: Magnezone|Air Balloon
|move|p1a: Necrozma|Sunsteel Strike|p2a: Magnezone
|-resisted|p2a: Magnezone
|-damage|p2a: Magnezone|82/100
|-enditem|p2a: Magnezone|Air Balloon
|-damage|p1a: Necrozma|91/100|[from] item: Life Orb
|
|-weather|Hail|[upkeep]
|-damage|p2a: Magnezone|76/100|[from] Hail
|-damage|p1a: Necrozma|84/100|[from] Hail
|upkeep
|turn|15
|
|t:|1653340574
|move|p2a: Magnezone|Substitute|p2a: Magnezone
|-start|p2a: Magnezone|Substitute
|-damage|p2a: Magnezone|52/100
|move|p1a: Necrozma|Dragon Dance|p1a: Necrozma
|-boost|p1a: Necrozma|atk|1
|-boost|p1a: Necrozma|spe|1
|
|-weather|Hail|[upkeep]
|-damage|p1a: Necrozma|78/100|[from] Hail
|-damage|p2a: Magnezone|45/100|[from] Hail
|upkeep
|turn|16
|
|t:|1653340580
|move|p1a: Necrozma|Earthquake|p2a: Magnezone
|-supereffective|p2a: Magnezone
|-end|p2a: Magnezone|Substitute
|-damage|p1a: Necrozma|68/100|[from] item: Life Orb
|move|p2a: Magnezone|Thunderbolt|p1a: Necrozma
|-damage|p1a: Necrozma|32/100
|
|-weather|Hail|[upkeep]
|-damage|p1a: Necrozma|26/100|[from] Hail
|-damage|p2a: Magnezone|39/100|[from] Hail
|upkeep
|turn|17
|
|t:|1653340584
|move|p1a: Necrozma|Earthquake|p2a: Magnezone
|-supereffective|p2a: Magnezone
|-damage|p2a: Magnezone|0 fnt
|faint|p2a: Magnezone
|-damage|p1a: Necrozma|16/100|[from] item: Life Orb
|
|-weather|none
|upkeep
|
|t:|1653340585
|switch|p2a: Ninetales|Ninetales-Alola, F|100/100 par
|-weather|Hail|[from] ability: Snow Warning|[of] p2a: Ninetales
|turn|18
|
|t:|1653340593
|move|p1a: Necrozma|Earthquake|p2a: Ninetales
|-damage|p2a: Ninetales|0 fnt
|faint|p2a: Ninetales
|-damage|p1a: Necrozma|6/100|[from] item: Life Orb
|
|-weather|Hail|[upkeep]
|-damage|p1a: Necrozma|0 fnt|[from] Hail
|faint|p1a: Necrozma
|upkeep
|
|t:|1653340601
|switch|p2a: Sandslash|Sandslash-Alola, F|33/100
|switch|p1a: Xerneas|Xerneas|100/100
|-ability|p1a: Xerneas|Fairy Aura
|turn|19
|
|t:|1653340610
|switch|p1a: Garchomp|Garchomp, M|100/100
|move|p2a: Sandslash|Swords Dance|p2a: Sandslash
|-boost|p2a: Sandslash|atk|2
|
|-weather|Hail|[upkeep]
|-damage|p1a: Garchomp|94/100|[from] Hail
|upkeep
|turn|20
|
|t:|1653340615
|move|p2a: Sandslash|Ice Shard|p1a: Garchomp
|-supereffective|p1a: Garchomp
|-damage|p1a: Garchomp|0 fnt
|faint|p1a: Garchomp
|
|-weather|Hail|[upkeep]
|upkeep
|
|t:|1653340618
|switch|p1a: Xerneas|Xerneas|100/100
|-ability|p1a: Xerneas|Fairy Aura
|turn|21
|
|t:|1653340621
|move|p2a: Sandslash|Triple Axel|p1a: Xerneas
|-damage|p1a: Xerneas|84/100
|-damage|p1a: Xerneas|51/100
|-damage|p1a: Xerneas|0 fnt
|faint|p1a: Xerneas
|-hitcount|p1: Xerneas|3
|
|win|Minogod94
|raw|ULT9NS doom(^-^)♪'s rating: 1413 &rarr; <strong>1398</strong><br />(-15 for losing)
|raw|Minogod94's rating: 1511 &rarr; <strong>1526</strong><br />(+15 for winning)
|c|☆Minogod94|gg
|l|☆ULT9NS doom(^-^)♪
|l| ZULT33Y Bekaka
