|j|☆4125al41
|j|☆March Fires
|t:|1655506440
|gametype|singles
|player|p1|4125al41|gambler|
|player|p2|March Fires|koga-lgpe|
|teamsize|p1|6
|teamsize|p2|6
|gen|8
|tier|[Gen 8] Ubers
|rule|Sleep Clause Mod: Limit one foe put to sleep
|rule|Species Clause: Limit one of each Pokémon
|rule|OHKO Clause: OHKO moves are banned
|rule|Evasion Moves Clause: Evasion moves are banned
|rule|Endless Battle Clause: Forcing endless battles is banned
|rule|HP Percentage Mod: HP is shown in percentages
|rule|Dynamax Clause: You cannot dynamax
|clearpoke
|poke|p1|Marshadow|
|poke|p1|Eternatus|
|poke|p1|Calyrex-Shadow|
|poke|p1|Ho-Oh|
|poke|p1|Xerneas-*|
|poke|p1|Groudon|
|poke|p2|Necrozma-Dusk-Mane|
|poke|p2|Yveltal|
|poke|p2|Eternatus|
|poke|p2|Xerneas-*|
|poke|p2|Groudon|
|poke|p2|Zekrom|
|teampreview
|c|☆March Fires|glhf
|j|+Mr.378
|j| 64 squares
|c|☆4125al41|gl
|j| Skysolo ❤
|j| TrueNora
|j| Inder
|l| Inder
|
|t:|1655506482
|start
|switch|p1a: Groudon|Groudon|100/100
|switch|p2a: Yveltal|Yveltal|100/100
|-ability|p2a: Yveltal|Dark Aura
|-weather|SunnyDay|[from] ability: Drought|[of] p1a: Groudon
|turn|1
|
|t:|1655506490
|switch|p1a: Ho-Oh|Ho-Oh|100/100
|move|p2a: Yveltal|U-turn|p1a: Ho-Oh
|-resisted|p1a: Ho-Oh
|-damage|p1a: Ho-Oh|97/100
|j|+keys
|
|t:|1655506499
|switch|p2a: Zekrom|Zekrom|100/100|[from]move: U-turn
|-ability|p2a: Zekrom|Teravolt
|
|-weather|SunnyDay|[upkeep]
|upkeep
|turn|2
|
|t:|1655506508
|switch|p2a: Groudon|Groudon|100/100
|switch|p1a: Groudon|Groudon|100/100
|
|-weather|SunnyDay|[upkeep]
|upkeep
|turn|3
|
|t:|1655506515
|move|p1a: Groudon|Stealth Rock|p2a: Groudon
|-sidestart|p2: March Fires|move: Stealth Rock
|move|p2a: Groudon|Toxic|p1a: Groudon
|-status|p1a: Groudon|tox
|
|-weather|SunnyDay|[upkeep]
|-damage|p1a: Groudon|94/100 tox|[from] psn
|upkeep
|turn|4
|
|t:|1655506521
|switch|p1a: Calyrex|Calyrex-Shadow|100/100
|-ability|p1a: Calyrex|As One
|-ability|p1a: Calyrex|Unnerve
|move|p2a: Groudon|Stealth Rock|p1a: Calyrex
|-sidestart|p1: 4125al41|move: Stealth Rock
|
|-weather|SunnyDay|[upkeep]
|upkeep
|turn|5
|j| Inder
|
|t:|1655506540
|move|p1a: Calyrex|Astral Barrage|p2a: Groudon
|-damage|p2a: Groudon|10/100
|move|p2a: Groudon|Precipice Blades|p1a: Calyrex
|-damage|p1a: Calyrex|35/100
|
|-weather|none
|-heal|p2a: Groudon|16/100|[from] item: Leftovers
|upkeep
|turn|6
|
|t:|1655506549
|switch|p2a: Yveltal|Yveltal|100/100
|-ability|p2a: Yveltal|Dark Aura
|move|p1a: Calyrex|Astral Barrage|p2a: Yveltal
|-resisted|p2a: Yveltal
|-damage|p2a: Yveltal|67/100
|
|upkeep
|turn|7
|
|t:|1655506564
|switch|p1a: Groudon|Groudon|94/100 tox
|-damage|p1a: Groudon|88/100 tox|[from] Stealth Rock
|-weather|SunnyDay|[from] ability: Drought|[of] p1a: Groudon
|move|p2a: Yveltal|Roost|p2a: Yveltal
|-heal|p2a: Yveltal|100/100
|-singleturn|p2a: Yveltal|move: Roost
|
|-weather|SunnyDay|[upkeep]
|-heal|p1a: Groudon|94/100 tox|[from] item: Leftovers
|-damage|p1a: Groudon|88/100 tox|[from] psn
|upkeep
|turn|8
|
|t:|1655506575
|move|p2a: Yveltal|U-turn|p1a: Groudon
|-damage|p1a: Groudon|74/100 tox
|
|t:|1655506578
|switch|p2a: Xerneas|Xerneas|100/100|[from]move: U-turn
|-damage|p2a: Xerneas|88/100|[from] Stealth Rock
|-ability|p2a: Xerneas|Fairy Aura
|-item|p2a: Xerneas|Air Balloon
|move|p1a: Groudon|Stone Edge|p2a: Xerneas
|-crit|p2a: Xerneas
|-damage|p2a: Xerneas|55/100
|-enditem|p2a: Xerneas|Air Balloon
|
|-weather|SunnyDay|[upkeep]
|-heal|p1a: Groudon|80/100 tox|[from] item: Leftovers
|-damage|p1a: Groudon|68/100 tox|[from] psn
|upkeep
|turn|9
|
|t:|1655506600
|switch|p1a: Ho-Oh|Ho-Oh|100/100
|move|p2a: Xerneas|Moonblast|p1a: Ho-Oh
|-resisted|p1a: Ho-Oh
|-damage|p1a: Ho-Oh|86/100
|
|-weather|SunnyDay|[upkeep]
|upkeep
|turn|10
|
|t:|1655506615
|switch|p2a: Groudon|Groudon|16/100
|-damage|p2a: Groudon|10/100|[from] Stealth Rock
|move|p1a: Ho-Oh|Defog|p2a: Groudon
|-unboost|p2a: Groudon|evasion|1
|-sideend|p2: March Fires|Stealth Rock|[from] move: Defog|[of] p1a: Ho-Oh
|-sideend|p1: 4125al41|Stealth Rock|[from] move: Defog|[of] p1a: Ho-Oh
|
|-weather|SunnyDay|[upkeep]
|-heal|p2a: Groudon|16/100|[from] item: Leftovers
|upkeep
|turn|11
|l| Inder
|
|t:|1655506631
|switch|p1a: Groudon|Groudon|68/100 tox
|move|p2a: Groudon|Stealth Rock|p1a: Groudon
|-sidestart|p1: 4125al41|move: Stealth Rock
|
|-weather|none
|-heal|p1a: Groudon|74/100 tox|[from] item: Leftovers
|-heal|p2a: Groudon|22/100|[from] item: Leftovers
|-damage|p1a: Groudon|68/100 tox|[from] psn
|upkeep
|turn|12
|
|t:|1655506640
|move|p1a: Groudon|Precipice Blades|p2a: Groudon
|-damage|p2a: Groudon|0 fnt
|faint|p2a: Groudon
|
|-heal|p1a: Groudon|74/100 tox|[from] item: Leftovers
|-damage|p1a: Groudon|62/100 tox|[from] psn
|upkeep
|
|t:|1655506661
|switch|p2a: Xerneas|Xerneas|55/100
|-ability|p2a: Xerneas|Fairy Aura
|turn|13
|
|t:|1655506665
|switch|p2a: Zekrom|Zekrom|100/100
|-ability|p2a: Zekrom|Teravolt
|switch|p1a: Eternatus|Eternatus|100/100
|-damage|p1a: Eternatus|88/100|[from] Stealth Rock
|-ability|p1a: Eternatus|Pressure
|
|upkeep
|turn|14
|
|t:|1655506674
|switch|p1a: Ho-Oh|Ho-Oh|100/100
|switch|p2a: Necrozma|Necrozma-Dusk-Mane|100/100
|
|upkeep
|turn|15
|
|t:|1655506680
|switch|p1a: Groudon|Groudon|62/100 tox
|-damage|p1a: Groudon|56/100 tox|[from] Stealth Rock
|-weather|SunnyDay|[from] ability: Drought|[of] p1a: Groudon
|move|p2a: Necrozma|Knock Off|p1a: Groudon
|-damage|p1a: Groudon|33/100 tox
|-enditem|p1a: Groudon|Leftovers|[from] move: Knock Off|[of] p2a: Necrozma
|
|-weather|SunnyDay|[upkeep]
|-damage|p1a: Groudon|27/100 tox|[from] psn
|upkeep
|turn|16
|
|t:|1655506690
|switch|p1a: Ho-Oh|Ho-Oh|100/100
|move|p2a: Necrozma|Dragon Dance|p2a: Necrozma
|-boost|p2a: Necrozma|atk|1
|-boost|p2a: Necrozma|spe|1
|
|-weather|SunnyDay|[upkeep]
|upkeep
|turn|17
|
|t:|1655506697
|switch|p2a: Eternatus|Eternatus|100/100
|-ability|p2a: Eternatus|Pressure
|move|p1a: Ho-Oh|Defog|p2a: Eternatus
|-unboost|p2a: Eternatus|evasion|1
|-sideend|p1: 4125al41|Stealth Rock|[from] move: Defog|[of] p1a: Ho-Oh
|
|-weather|SunnyDay|[upkeep]
|upkeep
|turn|18
|
|t:|1655506721
|switch|p2a: Xerneas|Xerneas|55/100
|-ability|p2a: Xerneas|Fairy Aura
|move|p1a: Ho-Oh|Sacred Fire|p2a: Xerneas
|-damage|p2a: Xerneas|14/100
|-status|p2a: Xerneas|brn
|
|-weather|SunnyDay|[upkeep]
|-damage|p2a: Xerneas|8/100 brn|[from] brn
|upkeep
|turn|19
|
|t:|1655506731
|move|p2a: Xerneas|Rest|p2a: Xerneas
|-status|p2a: Xerneas|slp|[from] move: Rest
|-heal|p2a: Xerneas|100/100 slp|[silent]
|move|p1a: Ho-Oh|Sacred Fire|p2a: Xerneas
|-damage|p2a: Xerneas|60/100 slp
|
|-weather|none
|upkeep
|turn|20
|
|t:|1655506739
|switch|p1a: Calyrex|Calyrex-Shadow|35/100
|-ability|p1a: Calyrex|As One
|-ability|p1a: Calyrex|Unnerve
|cant|p2a: Xerneas|slp
|move|p2a: Xerneas|Sleep Talk|p2a: Xerneas
|move|p2a: Xerneas|Rest||[from]move: Sleep Talk|[still]
|-fail|p2a: Xerneas
|
|upkeep
|turn|21
|
|t:|1655506749
|switch|p2a: Yveltal|Yveltal|100/100
|-ability|p2a: Yveltal|Dark Aura
|move|p1a: Calyrex|Aromatherapy|p1a: Calyrex
|-activate|p1a: Calyrex|move: Aromatherapy
|-curestatus|p1: Groudon|tox|[msg]
|
|upkeep
|turn|22
|
|t:|1655506756
|switch|p1a: Ho-Oh|Ho-Oh|100/100
|move|p2a: Yveltal|Knock Off|p1a: Ho-Oh
|-damage|p1a: Ho-Oh|57/100
|-enditem|p1a: Ho-Oh|Heavy-Duty Boots|[from] move: Knock Off|[of] p2a: Yveltal
|
|upkeep
|turn|23
|l|+keys
|
|t:|1655506767
|switch|p1a: Groudon|Groudon|27/100
|-weather|SunnyDay|[from] ability: Drought|[of] p1a: Groudon
|move|p2a: Yveltal|U-turn|p1a: Groudon
|-damage|p1a: Groudon|13/100
|
|t:|1655506777
|switch|p2a: Eternatus|Eternatus|100/100|[from]move: U-turn
|-ability|p2a: Eternatus|Pressure
|
|-weather|SunnyDay|[upkeep]
|upkeep
|turn|24
|
|t:|1655506782
|switch|p1a: Xerneas|Xerneas|100/100
|-ability|p1a: Xerneas|Fairy Aura
|move|p2a: Eternatus|Dragon Pulse|p1a: Xerneas
|-immune|p1a: Xerneas
|
|-weather|SunnyDay|[upkeep]
|upkeep
|turn|25
|
|t:|1655506789
|switch|p1a: Ho-Oh|Ho-Oh|91/100
|move|p2a: Eternatus|Cosmic Power|p2a: Eternatus
|-boost|p2a: Eternatus|def|1
|-boost|p2a: Eternatus|spd|1
|
|-weather|SunnyDay|[upkeep]
|upkeep
|turn|26
|j| IDGAF Praise ME
|
|t:|1655506810
|move|p2a: Eternatus|Meteor Beam||[still]
|-prepare|p2a: Eternatus|Meteor Beam
|-boost|p2a: Eternatus|spa|1
|move|p1a: Ho-Oh|Roost|p1a: Ho-Oh
|-heal|p1a: Ho-Oh|100/100
|-singleturn|p1a: Ho-Oh|move: Roost
|
|-weather|SunnyDay|[upkeep]
|upkeep
|turn|27
|
|t:|1655506831
|switch|p1a: Xerneas|Xerneas|100/100
|-ability|p1a: Xerneas|Fairy Aura
|move|p2a: Eternatus|Meteor Beam|p1a: Xerneas|[from]lockedmove
|-damage|p1a: Xerneas|51/100
|
|-weather|none
|upkeep
|turn|28
|
|t:|1655506850
|switch|p1a: Ho-Oh|Ho-Oh|100/100
|move|p2a: Eternatus|Cosmic Power|p2a: Eternatus
|-boost|p2a: Eternatus|def|1
|-boost|p2a: Eternatus|spd|1
|
|upkeep
|turn|29
|
|t:|1655506856
|switch|p1a: Marshadow|Marshadow|100/100
|move|p2a: Eternatus|Dragon Pulse|p1a: Marshadow
|-damage|p1a: Marshadow|37/100
|
|upkeep
|turn|30
|l|+Mr.378
|
|t:|1655506880
|switch|p2a: Yveltal|Yveltal|100/100
|-ability|p2a: Yveltal|Dark Aura
|move|p1a: Marshadow|Spectral Thief|p2a: Yveltal
|-resisted|p2a: Yveltal
|-damage|p2a: Yveltal|83/100
|
|upkeep
|turn|31
|
|t:|1655506922
|switch|p1a: Groudon|Groudon|13/100
|-weather|SunnyDay|[from] ability: Drought|[of] p1a: Groudon
|switch|p2a: Eternatus|Eternatus|100/100
|-ability|p2a: Eternatus|Pressure
|
|-weather|SunnyDay|[upkeep]
|upkeep
|turn|32
|
|t:|1655506930
|move|p2a: Eternatus|Dragon Pulse|p1a: Groudon
|-damage|p1a: Groudon|0 fnt
|faint|p1a: Groudon
|
|-weather|SunnyDay|[upkeep]
|upkeep
|
|t:|1655506939
|switch|p1a: Calyrex|Calyrex-Shadow|35/100
|-ability|p1a: Calyrex|As One
|-ability|p1a: Calyrex|Unnerve
|turn|33
|l| 64 squares
|
|t:|1655506960
|switch|p1a: Eternatus|Eternatus|88/100
|-ability|p1a: Eternatus|Pressure
|switch|p2a: Xerneas|Xerneas|60/100 slp
|-ability|p2a: Xerneas|Fairy Aura
|
|-weather|SunnyDay|[upkeep]
|upkeep
|turn|34
|
|t:|1655506972
|move|p1a: Eternatus|Meteor Beam||[still]
|-prepare|p1a: Eternatus|Meteor Beam
|-boost|p1a: Eternatus|spa|1
|-enditem|p1a: Eternatus|Power Herb
|-anim|p1a: Eternatus|Meteor Beam|p2a: Xerneas
|-crit|p2a: Xerneas
|-damage|p2a: Xerneas|0 fnt
|faint|p2a: Xerneas
|
|-weather|SunnyDay|[upkeep]
|upkeep
|
|t:|1655506983
|switch|p2a: Necrozma|Necrozma-Dusk-Mane|100/100
|turn|35
|
|t:|1655506992
|move|p1a: Eternatus|Flamethrower|p2a: Necrozma
|-supereffective|p2a: Necrozma
|-damage|p2a: Necrozma|23/100
|move|p2a: Necrozma|Morning Sun|p2a: Necrozma
|-heal|p2a: Necrozma|89/100
|
|-weather|none
|-heal|p2a: Necrozma|95/100|[from] item: Leftovers
|upkeep
|turn|36
|
|t:|1655507000
|move|p1a: Eternatus|Flamethrower|p2a: Necrozma
|-supereffective|p2a: Necrozma
|-damage|p2a: Necrozma|42/100
|move|p2a: Necrozma|Morning Sun|p2a: Necrozma
|-heal|p2a: Necrozma|92/100
|
|-heal|p2a: Necrozma|98/100|[from] item: Leftovers
|upkeep
|turn|37
|j| 64 squares
|
|t:|1655507015
|switch|p1a: Calyrex|Calyrex-Shadow|35/100
|-ability|p1a: Calyrex|As One
|-ability|p1a: Calyrex|Unnerve
|move|p2a: Necrozma|Morning Sun|p2a: Necrozma
|-heal|p2a: Necrozma|100/100
|
|upkeep
|turn|38
|
|t:|1655507023
|switch|p1a: Marshadow|Marshadow|37/100
|switch|p2a: Yveltal|Yveltal|83/100
|-ability|p2a: Yveltal|Dark Aura
|
|upkeep
|turn|39
|
|t:|1655507029
|switch|p2a: Eternatus|Eternatus|100/100
|-ability|p2a: Eternatus|Pressure
|move|p1a: Marshadow|Endeavor|p2a: Eternatus
|-damage|p2a: Eternatus|25/100
|
|-heal|p2a: Eternatus|31/100|[from] item: Black Sludge
|upkeep
|turn|40
|
|t:|1655507042
|move|p1a: Marshadow|Spectral Thief|p2a: Eternatus
|-damage|p2a: Eternatus|1/100
|move|p2a: Eternatus|Recover|p2a: Eternatus
|-heal|p2a: Eternatus|51/100
|
|-heal|p2a: Eternatus|58/100|[from] item: Black Sludge
|upkeep
|turn|41
|
|t:|1655507050
|switch|p1a: Calyrex|Calyrex-Shadow|35/100
|-ability|p1a: Calyrex|As One
|-ability|p1a: Calyrex|Unnerve
|move|p2a: Eternatus|Dragon Pulse|p1a: Calyrex
|-damage|p1a: Calyrex|0 fnt
|faint|p1a: Calyrex
|
|-heal|p2a: Eternatus|64/100|[from] item: Black Sludge
|upkeep
|
|t:|1655507053
|switch|p1a: Eternatus|Eternatus|88/100
|-ability|p1a: Eternatus|Pressure
|turn|42
|
|t:|1655507068
|switch|p2a: Yveltal|Yveltal|83/100
|-ability|p2a: Yveltal|Dark Aura
|move|p1a: Eternatus|Dynamax Cannon|p2a: Yveltal
|-damage|p2a: Yveltal|50/100
|
|upkeep
|turn|43
|
|t:|1655507074
|move|p1a: Eternatus|Meteor Beam||[still]
|-prepare|p1a: Eternatus|Meteor Beam
|-boost|p1a: Eternatus|spa|1
|move|p2a: Yveltal|U-turn|p1a: Eternatus
|-resisted|p1a: Eternatus
|-damage|p1a: Eternatus|79/100
|
|t:|1655507137
|switch|p2a: Zekrom|Zekrom|100/100|[from]move: U-turn
|-ability|p2a: Zekrom|Teravolt
|
|upkeep
|turn|44
|
|t:|1655507142
|move|p1a: Eternatus|Meteor Beam|p2a: Zekrom|[from]lockedmove|[miss]
|-miss|p1a: Eternatus|p2a: Zekrom
|move|p2a: Zekrom|Scale Shot|p1a: Eternatus
|-supereffective|p1a: Eternatus
|-damage|p1a: Eternatus|45/100
|-supereffective|p1a: Eternatus
|-damage|p1a: Eternatus|15/100
|-hitcount|p1a: Eternatus|2
|-unboost|p2a: Zekrom|def|1
|-boost|p2a: Zekrom|spe|1
|-damage|p2a: Zekrom|91/100|[from] item: Life Orb
|
|upkeep
|turn|45
|
|t:|1655507171
|move|p2a: Zekrom|Scale Shot|p1a: Eternatus
|-supereffective|p1a: Eternatus
|-damage|p1a: Eternatus|0 fnt
|faint|p1a: Eternatus
|-hitcount|p1: Eternatus|1
|-unboost|p2a: Zekrom|def|1
|-boost|p2a: Zekrom|spe|1
|-damage|p2a: Zekrom|81/100|[from] item: Life Orb
|
|upkeep
|
|t:|1655507177
|switch|p1a: Xerneas|Xerneas|51/100
|-ability|p1a: Xerneas|Fairy Aura
|turn|46
|
|t:|1655507183
|switch|p2a: Necrozma|Necrozma-Dusk-Mane|100/100
|move|p1a: Xerneas|Play Rough|p2a: Necrozma
|-resisted|p2a: Necrozma
|-damage|p2a: Necrozma|76/100
|
|-heal|p2a: Necrozma|82/100|[from] item: Leftovers
|upkeep
|turn|47
|
|t:|1655507200
|switch|p1a: Ho-Oh|Ho-Oh|100/100
|switch|p2a: Yveltal|Yveltal|50/100
|-ability|p2a: Yveltal|Dark Aura
|
|upkeep
|turn|48
|
|t:|1655507206
|move|p2a: Yveltal|Roost|p2a: Yveltal
|-heal|p2a: Yveltal|99/100
|-singleturn|p2a: Yveltal|move: Roost
|move|p1a: Ho-Oh|Sacred Fire|p2a: Yveltal
|-damage|p2a: Yveltal|64/100
|-status|p2a: Yveltal|brn
|
|-damage|p2a: Yveltal|58/100 brn|[from] brn
|upkeep
|turn|49
|
|t:|1655507216
|switch|p1a: Marshadow|Marshadow|37/100
|move|p2a: Yveltal|Roost|p2a: Yveltal
|-heal|p2a: Yveltal|100/100 brn
|-singleturn|p2a: Yveltal|move: Roost
|
|-damage|p2a: Yveltal|94/100 brn|[from] brn
|upkeep
|turn|50
|
|t:|1655507230
|move|p1a: Marshadow|Endeavor|p2a: Yveltal
|-damage|p2a: Yveltal|26/100 brn
|move|p2a: Yveltal|Knock Off|p1a: Marshadow
|-damage|p1a: Marshadow|3/100
|-enditem|p1a: Marshadow|Focus Sash|[from] move: Knock Off|[of] p2a: Yveltal
|
|-damage|p2a: Yveltal|20/100 brn|[from] brn
|upkeep
|turn|51
|
|t:|1655507238
|move|p1a: Marshadow|Close Combat|p2a: Yveltal
|-damage|p2a: Yveltal|0 fnt
|-unboost|p1a: Marshadow|def|1
|-unboost|p1a: Marshadow|spd|1
|faint|p2a: Yveltal
|
|upkeep
|c|☆March Fires|sorry gotta gfet the plumber from downstairs
|c|☆March Fires|1 sec
|c| TrueNora|good luck
|c| 64 squares|timer him
|
|t:|1655507389
|switch|p2a: Zekrom|Zekrom|81/100
|-ability|p2a: Zekrom|Teravolt
|turn|52
|
|t:|1655507397
|switch|p1a: Ho-Oh|Ho-Oh|100/100
|move|p2a: Zekrom|Bolt Strike|p1a: Ho-Oh
|-supereffective|p1a: Ho-Oh
|-damage|p1a: Ho-Oh|0 fnt
|faint|p1a: Ho-Oh
|-damage|p2a: Zekrom|71/100|[from] item: Life Orb
|
|upkeep
|
|t:|1655507400
|switch|p1a: Xerneas|Xerneas|51/100
|-ability|p1a: Xerneas|Fairy Aura
|turn|53
|
|t:|1655507407
|switch|p1a: Marshadow|Marshadow|3/100
|move|p2a: Zekrom|Bolt Strike|p1a: Marshadow
|-damage|p1a: Marshadow|0 fnt
|faint|p1a: Marshadow
|-damage|p2a: Zekrom|61/100|[from] item: Life Orb
|
|upkeep
|
|t:|1655507410
|switch|p1a: Xerneas|Xerneas|51/100
|-ability|p1a: Xerneas|Fairy Aura
|turn|54
|
|t:|1655507417
|move|p1a: Xerneas|Play Rough|p2a: Zekrom
|-supereffective|p2a: Zekrom
|-damage|p2a: Zekrom|0 fnt
|faint|p2a: Zekrom
|
|upkeep
|c|☆March Fires|o
|
|t:|1655507422
|switch|p2a: Necrozma|Necrozma-Dusk-Mane|82/100
|turn|55
|c|☆March Fires|gg
|
|t:|1655507426
|move|p1a: Xerneas|Play Rough|p2a: Necrozma
|-resisted|p2a: Necrozma
|-damage|p2a: Necrozma|57/100
|move|p2a: Necrozma|Sunsteel Strike|p1a: Xerneas
|-supereffective|p1a: Xerneas
|-damage|p1a: Xerneas|0 fnt
|faint|p1a: Xerneas
|
|win|March Fires
|l| Skysolo ❤
|c|☆4125al41|gg
|l|☆4125al41
|l| TrueNora
