|j|☆Os4ke
|j|☆Goose Cooker
|t:|1611261276
|player|p1|Os4ke|101|
|player|p2|Goose Cooker|reporter|
|teamsize|p1|6
|teamsize|p2|6
|gametype|singles
|gen|8
|tier|[Gen 8] Ubers
|clearpoke
|poke|p1|Yveltal|
|poke|p1|Necrozma-Dusk-Mane|
|poke|p1|Eternatus|
|poke|p1|Blissey, F|
|poke|p1|Zacian|
|poke|p1|Zygarde|
|poke|p2|Eternatus|
|poke|p2|Zygarde|
|poke|p2|Ferrothorn, M|
|poke|p2|Necrozma-Dusk-Mane|
|poke|p2|Calyrex-Shadow|
|poke|p2|Yveltal|
|rule|Sleep Clause Mod: Limit one foe put to sleep
|rule|Species Clause: Limit one of each Pokémon
|rule|OHKO Clause: OHKO moves are banned
|rule|Evasion Moves Clause: Evasion moves are banned
|rule|Endless Battle Clause: Forcing endless battles is banned
|rule|HP Percentage Mod: HP is shown in percentages
|rule|Dynamax Clause: You cannot dynamax
|teampreview
|inactive|Battle timer is ON: inactive players will automatically lose when time's up. (requested by Os4ke)
|c|☆Os4ke|hf
|c|☆Goose Cooker|hf
|inactive|Os4ke has 270 seconds left.
|inactive|Goose Cooker has 270 seconds left.
|
|t:|1611261314
|start
|switch|p1a: Yveltal|Yveltal|100/100
|switch|p2a: Yveltal|Yveltal|100/100
|-ability|p2a: Yveltal|Dark Aura
|-ability|p1a: Yveltal|Dark Aura
|turn|1
|
|t:|1611261327
|switch|p1a: Zygarde|Zygarde|100/100
|move|p2a: Yveltal|Knock Off|p1a: Zygarde
|-damage|p1a: Zygarde|64/100
|-enditem|p1a: Zygarde|Leftovers|[from] move: Knock Off|[of] p2a: Yveltal
|
|upkeep
|turn|2
|
|t:|1611261337
|switch|p2a: Ferrothorn|Ferrothorn, M|100/100
|move|p1a: Zygarde|Toxic|p2a: Ferrothorn
|-immune|p2a: Ferrothorn
|
|upkeep
|turn|3
|
|t:|1611261351
|move|p1a: Zygarde|Coil|p1a: Zygarde
|-boost|p1a: Zygarde|atk|1
|-boost|p1a: Zygarde|def|1
|-boost|p1a: Zygarde|accuracy|1
|move|p2a: Ferrothorn|Toxic|p1a: Zygarde
|-status|p1a: Zygarde|tox
|
|-damage|p1a: Zygarde|58/100 tox|[from] psn
|upkeep
|turn|4
|
|t:|1611261357
|move|p1a: Zygarde|Coil|p1a: Zygarde
|-boost|p1a: Zygarde|atk|1
|-boost|p1a: Zygarde|def|1
|-boost|p1a: Zygarde|accuracy|1
|move|p2a: Ferrothorn|Leech Seed|p1a: Zygarde
|-start|p1a: Zygarde|move: Leech Seed
|
|-damage|p1a: Zygarde|45/100 tox|[from] Leech Seed|[of] p2a: Ferrothorn
|-damage|p1a: Zygarde|33/100 tox|[from] psn
|-activate|p1a: Zygarde|ability: Power Construct
|detailschange|p1a: Zygarde|Zygarde-Complete
|-heal|p1a: Zygarde|56/100 tox|[silent]
|upkeep
|turn|5
|
|t:|1611261371
|move|p1a: Zygarde|Thousand Arrows|p2a: Ferrothorn
|-damage|p2a: Ferrothorn|57/100
|move|p2a: Ferrothorn|Spikes|p1a: Zygarde
|-sidestart|p1: Os4ke|Spikes
|
|-heal|p2a: Ferrothorn|63/100|[from] item: Leftovers
|-damage|p1a: Zygarde|43/100 tox|[from] Leech Seed|[of] p2a: Ferrothorn
|-heal|p2a: Ferrothorn|86/100|[silent]
|-damage|p1a: Zygarde|25/100 tox|[from] psn
|upkeep
|turn|6
|
|t:|1611261380
|switch|p2a: Calyrex|Calyrex-Shadow|100/100
|-ability|p2a: Calyrex|As One
|-ability|p2a: Calyrex|Unnerve|p1: Os4ke
|move|p1a: Zygarde|Rest|p1a: Zygarde
|-status|p1a: Zygarde|slp|[from] move: Rest
|-heal|p1a: Zygarde|100/100 slp|[silent]
|
|-damage|p1a: Zygarde|88/100 slp|[from] Leech Seed|[of] p2a: Calyrex
|upkeep
|turn|7
|
|t:|1611261389
|switch|p1a: Yveltal|Yveltal|100/100
|-ability|p1a: Yveltal|Dark Aura
|move|p2a: Calyrex|Trick|p1a: Yveltal
|-activate|p2a: Calyrex|move: Trick|[of] p1a: Yveltal
|-item|p1a: Yveltal|Choice Specs|[from] move: Trick
|-item|p2a: Calyrex|Heavy-Duty Boots|[from] move: Trick
|
|upkeep
|turn|8
|
|t:|1611261399
|switch|p2a: Yveltal|Yveltal|100/100
|-ability|p2a: Yveltal|Dark Aura
|move|p1a: Yveltal|Defog|p2a: Yveltal
|-unboost|p2a: Yveltal|evasion|1
|-sideend|p1: Os4ke|Spikes|[from] move: Defog|[of] p1a: Yveltal
|
|upkeep
|turn|9
|
|t:|1611261408
|switch|p2a: Ferrothorn|Ferrothorn, M|86/100
|switch|p1a: Zygarde|Zygarde-Complete|88/100 slp
|
|-heal|p2a: Ferrothorn|92/100|[from] item: Leftovers
|upkeep
|turn|10
|
|t:|1611261413
|switch|p1a: Eternatus|Eternatus|100/100
|-ability|p1a: Eternatus|Pressure
|move|p2a: Ferrothorn|Leech Seed|p1a: Eternatus
|-start|p1a: Eternatus|move: Leech Seed
|
|-heal|p2a: Ferrothorn|98/100|[from] item: Leftovers
|-damage|p1a: Eternatus|88/100|[from] Leech Seed|[of] p2a: Ferrothorn
|-heal|p2a: Ferrothorn|100/100|[silent]
|upkeep
|turn|11
|
|t:|1611261419
|switch|p2a: Necrozma|Necrozma-Dusk-Mane|100/100
|move|p1a: Eternatus|Toxic Spikes|p2a: Necrozma
|-sidestart|p2: Goose Cooker|move: Toxic Spikes
|
|-heal|p1a: Eternatus|94/100|[from] item: Black Sludge
|-damage|p1a: Eternatus|82/100|[from] Leech Seed|[of] p2a: Necrozma
|upkeep
|turn|12
|
|t:|1611261427
|switch|p1a: Zygarde|Zygarde-Complete|88/100 slp
|switch|p2a: Eternatus|Eternatus|100/100
|-sideend|p2: Goose Cooker|move: Toxic Spikes|[of] p2a: Eternatus
|-ability|p2a: Eternatus|Pressure
|
|upkeep
|turn|13
|
|t:|1611261438
|switch|p2a: Ferrothorn|Ferrothorn, M|100/100
|switch|p1a: Blissey|Blissey, F|100/100
|
|upkeep
|turn|14
|
|t:|1611261443
|switch|p1a: Zacian|Zacian|100/100
|-ability|p1a: Zacian|Intrepid Sword|boost
|-boost|p1a: Zacian|atk|1
|move|p2a: Ferrothorn|Leech Seed|p1a: Zacian
|-start|p1a: Zacian|move: Leech Seed
|
|-damage|p1a: Zacian|88/100|[from] Leech Seed|[of] p2a: Ferrothorn
|upkeep
|turn|15
|
|t:|1611261449
|switch|p1a: Yveltal|Yveltal|100/100
|-ability|p1a: Yveltal|Dark Aura
|switch|p2a: Necrozma|Necrozma-Dusk-Mane|100/100
|
|upkeep
|turn|16
|
|t:|1611261454
|switch|p2a: Ferrothorn|Ferrothorn, M|100/100
|move|p1a: Yveltal|Foul Play|p2a: Ferrothorn
|-damage|p2a: Ferrothorn|67/100
|-damage|p1a: Yveltal|88/100|[from] ability: Iron Barbs|[of] p2a: Ferrothorn
|
|-heal|p2a: Ferrothorn|74/100|[from] item: Leftovers
|upkeep
|turn|17
|
|t:|1611261469
|switch|p1a: Eternatus|Eternatus|82/100
|-ability|p1a: Eternatus|Pressure
|move|p2a: Ferrothorn|Leech Seed|p1a: Eternatus
|-start|p1a: Eternatus|move: Leech Seed
|
|-heal|p1a: Eternatus|88/100|[from] item: Black Sludge
|-heal|p2a: Ferrothorn|80/100|[from] item: Leftovers
|-damage|p1a: Eternatus|76/100|[from] Leech Seed|[of] p2a: Ferrothorn
|-heal|p2a: Ferrothorn|97/100|[silent]
|upkeep
|turn|18
|
|t:|1611261476
|switch|p1a: Zacian|Zacian|88/100
|-ability|p1a: Zacian|Intrepid Sword|boost
|-boost|p1a: Zacian|atk|1
|switch|p2a: Necrozma|Necrozma-Dusk-Mane|100/100
|
|upkeep
|turn|19
|
|t:|1611261501
|switch|p1a: Necrozma|Necrozma-Dusk-Mane|100/100
|move|p2a: Necrozma|Sunsteel Strike|p1a: Necrozma
|-resisted|p1a: Necrozma
|-damage|p1a: Necrozma|87/100
|
|-heal|p1a: Necrozma|93/100|[from] item: Leftovers
|upkeep
|turn|20
|
|t:|1611261509
|switch|p2a: Yveltal|Yveltal|100/100
|-ability|p2a: Yveltal|Dark Aura
|move|p1a: Necrozma|Thunder Wave|p2a: Yveltal
|-status|p2a: Yveltal|par
|
|-heal|p1a: Necrozma|99/100|[from] item: Leftovers
|upkeep
|turn|21
|
|t:|1611261518
|switch|p1a: Zygarde|Zygarde-Complete|88/100 slp
|switch|p2a: Ferrothorn|Ferrothorn, M|97/100
|
|-heal|p2a: Ferrothorn|100/100|[from] item: Leftovers
|upkeep
|turn|22
|
|t:|1611261524
|switch|p1a: Eternatus|Eternatus|76/100
|-ability|p1a: Eternatus|Pressure
|move|p2a: Ferrothorn|Spikes|p1a: Eternatus
|-sidestart|p1: Os4ke|Spikes
|
|-heal|p1a: Eternatus|82/100|[from] item: Black Sludge
|upkeep
|turn|23
|
|t:|1611261535
|switch|p2a: Necrozma|Necrozma-Dusk-Mane|100/100
|move|p1a: Eternatus|Toxic Spikes|p2a: Necrozma
|-sidestart|p2: Goose Cooker|move: Toxic Spikes
|
|-heal|p1a: Eternatus|88/100|[from] item: Black Sludge
|upkeep
|turn|24
|
|t:|1611261550
|switch|p2a: Eternatus|Eternatus|100/100
|-sideend|p2: Goose Cooker|move: Toxic Spikes|[of] p2a: Eternatus
|-ability|p2a: Eternatus|Pressure
|move|p1a: Eternatus|Flamethrower|p2a: Eternatus
|-resisted|p2a: Eternatus
|-damage|p2a: Eternatus|89/100
|
|-heal|p1a: Eternatus|94/100|[from] item: Black Sludge
|upkeep
|turn|25
|
|t:|1611261562
|switch|p1a: Blissey|Blissey, F|100/100
|switch|p2a: Calyrex|Calyrex-Shadow|100/100
|-ability|p2a: Calyrex|As One
|-ability|p2a: Calyrex|Unnerve|p1: Os4ke
|
|upkeep
|turn|26
|
|t:|1611261574
|move|p2a: Calyrex|Aromatherapy|p2a: Calyrex
|-activate|p2a: Calyrex|move: Aromatherapy
|-curestatus|p2: Yveltal|par|[msg]
|move|p1a: Blissey|Shadow Ball|p2a: Calyrex
|-supereffective|p2a: Calyrex
|-damage|p2a: Calyrex|48/100
|
|upkeep
|turn|27
|
|t:|1611261585
|switch|p2a: Yveltal|Yveltal|100/100
|-ability|p2a: Yveltal|Dark Aura
|move|p1a: Blissey|Toxic|p2a: Yveltal|[miss]
|-miss|p1a: Blissey|p2a: Yveltal
|
|upkeep
|turn|28
|
|t:|1611261596
|switch|p2a: Ferrothorn|Ferrothorn, M|100/100
|switch|p1a: Yveltal|Yveltal|88/100
|-ability|p1a: Yveltal|Dark Aura
|
|upkeep
|turn|29
|
|t:|1611261602
|switch|p1a: Eternatus|Eternatus|94/100
|-damage|p1a: Eternatus|82/100|[from] Spikes
|-ability|p1a: Eternatus|Pressure
|move|p2a: Ferrothorn|Toxic|p1a: Eternatus
|-immune|p1a: Eternatus
|
|-heal|p1a: Eternatus|88/100|[from] item: Black Sludge
|upkeep
|turn|30
|
|t:|1611261607
|switch|p2a: Necrozma|Necrozma-Dusk-Mane|100/100
|move|p1a: Eternatus|Flamethrower|p2a: Necrozma
|-supereffective|p2a: Necrozma
|-damage|p2a: Necrozma|65/100
|
|-heal|p1a: Eternatus|94/100|[from] item: Black Sludge
|-heal|p2a: Necrozma|71/100|[from] item: Leftovers
|upkeep
|turn|31
|
|t:|1611261613
|move|p1a: Eternatus|Toxic Spikes|p2a: Necrozma
|-sidestart|p2: Goose Cooker|move: Toxic Spikes
|move|p2a: Necrozma|Sunsteel Strike|p1a: Eternatus
|-damage|p1a: Eternatus|58/100
|
|-heal|p1a: Eternatus|64/100|[from] item: Black Sludge
|-heal|p2a: Necrozma|77/100|[from] item: Leftovers
|upkeep
|turn|32
|
|t:|1611261621
|switch|p2a: Eternatus|Eternatus|89/100
|-sideend|p2: Goose Cooker|move: Toxic Spikes|[of] p2a: Eternatus
|-ability|p2a: Eternatus|Pressure
|move|p1a: Eternatus|Dynamax Cannon|p2a: Eternatus
|-supereffective|p2a: Eternatus
|-damage|p2a: Eternatus|10/100
|
|-heal|p1a: Eternatus|70/100|[from] item: Black Sludge
|upkeep
|turn|33
|
|t:|1611261628
|switch|p1a: Blissey|Blissey, F|100/100
|move|p2a: Eternatus|Agility|p2a: Eternatus
|-boost|p2a: Eternatus|spe|2
|
|upkeep
|turn|34
|
|t:|1611261632
|move|p2a: Eternatus|Dynamax Cannon|p1a: Blissey
|-damage|p1a: Blissey|75/100
|-damage|p2a: Eternatus|0 fnt|[from] item: Life Orb
|faint|p2a: Eternatus
|move|p1a: Blissey|Shadow Ball|p2: Eternatus|[notarget]
|-fail|p1a: Blissey
|
|upkeep
|
|t:|1611261651
|switch|p2a: Yveltal|Yveltal|100/100
|-ability|p2a: Yveltal|Dark Aura
|turn|35
|inactive|Goose Cooker has 270 seconds left.
|
|t:|1611261679
|switch|p2a: Ferrothorn|Ferrothorn, M|100/100
|switch|p1a: Yveltal|Yveltal|88/100
|-ability|p1a: Yveltal|Dark Aura
|
|upkeep
|turn|36
|
|t:|1611261688
|move|p1a: Yveltal|Defog|p2a: Ferrothorn
|-unboost|p2a: Ferrothorn|evasion|1
|-sideend|p1: Os4ke|Spikes|[from] move: Defog|[of] p1a: Yveltal
|move|p2a: Ferrothorn|Leech Seed|p1a: Yveltal|[miss]
|-miss|p2a: Ferrothorn|p1a: Yveltal
|
|upkeep
|turn|37
|
|t:|1611261697
|switch|p1a: Eternatus|Eternatus|70/100
|-ability|p1a: Eternatus|Pressure
|move|p2a: Ferrothorn|Leech Seed|p1a: Eternatus
|-start|p1a: Eternatus|move: Leech Seed
|
|-heal|p1a: Eternatus|76/100|[from] item: Black Sludge
|-damage|p1a: Eternatus|64/100|[from] Leech Seed|[of] p2a: Ferrothorn
|upkeep
|turn|38
|
|t:|1611261706
|switch|p2a: Necrozma|Necrozma-Dusk-Mane|77/100
|move|p1a: Eternatus|Toxic Spikes|p2a: Necrozma
|-sidestart|p2: Goose Cooker|move: Toxic Spikes
|
|-heal|p1a: Eternatus|70/100|[from] item: Black Sludge
|-heal|p2a: Necrozma|83/100|[from] item: Leftovers
|-damage|p1a: Eternatus|58/100|[from] Leech Seed|[of] p2a: Necrozma
|-heal|p2a: Necrozma|98/100|[silent]
|upkeep
|turn|39
|
|t:|1611261712
|switch|p2a: Zygarde|Zygarde|100/100
|-status|p2a: Zygarde|psn
|move|p1a: Eternatus|Recover|p1a: Eternatus
|-heal|p1a: Eternatus|100/100
|
|-damage|p1a: Eternatus|88/100|[from] Leech Seed|[of] p2a: Zygarde
|-damage|p2a: Zygarde|88/100 psn|[from] psn
|upkeep
|turn|40
|
|t:|1611261719
|switch|p1a: Zygarde|Zygarde-Complete|88/100 slp
|switch|p2a: Ferrothorn|Ferrothorn, M|100/100
|
|upkeep
|turn|41
|
|t:|1611261730
|switch|p1a: Eternatus|Eternatus|88/100
|-ability|p1a: Eternatus|Pressure
|move|p2a: Ferrothorn|Leech Seed|p1a: Eternatus|[miss]
|-miss|p2a: Ferrothorn|p1a: Eternatus
|
|-heal|p1a: Eternatus|94/100|[from] item: Black Sludge
|upkeep
|turn|42
|
|t:|1611261735
|switch|p2a: Necrozma|Necrozma-Dusk-Mane|98/100
|move|p1a: Eternatus|Flamethrower|p2a: Necrozma
|-supereffective|p2a: Necrozma
|-damage|p2a: Necrozma|65/100
|-status|p2a: Necrozma|brn
|
|-heal|p1a: Eternatus|100/100|[from] item: Black Sludge
|-heal|p2a: Necrozma|71/100 brn|[from] item: Leftovers
|-damage|p2a: Necrozma|65/100 brn|[from] brn
|upkeep
|turn|43
|
|t:|1611261742
|switch|p1a: Necrozma|Necrozma-Dusk-Mane|99/100
|move|p2a: Necrozma|Moonlight|p2a: Necrozma
|-heal|p2a: Necrozma|100/100 brn
|
|-heal|p1a: Necrozma|100/100|[from] item: Leftovers
|-damage|p2a: Necrozma|94/100 brn|[from] brn
|upkeep
|turn|44
|
|t:|1611261746
|switch|p2a: Yveltal|Yveltal|100/100
|-ability|p2a: Yveltal|Dark Aura
|move|p1a: Necrozma|Stealth Rock|p2a: Yveltal
|-sidestart|p2: Goose Cooker|move: Stealth Rock
|
|upkeep
|turn|45
|
|t:|1611261754
|move|p2a: Yveltal|Defog|p1a: Necrozma
|-unboost|p1a: Necrozma|evasion|1
|-sideend|p2: Goose Cooker|Toxic Spikes|[from] move: Defog|[of] p2a: Yveltal
|-sideend|p2: Goose Cooker|Stealth Rock|[from] move: Defog|[of] p2a: Yveltal
|move|p1a: Necrozma|Thunder Wave|p2a: Yveltal
|-status|p2a: Yveltal|par
|
|upkeep
|turn|46
|
|t:|1611261759
|switch|p1a: Yveltal|Yveltal|88/100
|-ability|p1a: Yveltal|Dark Aura
|switch|p2a: Calyrex|Calyrex-Shadow|48/100
|-ability|p2a: Calyrex|As One
|-ability|p2a: Calyrex|Unnerve|p1: Os4ke
|
|upkeep
|turn|47
|
|t:|1611261768
|move|p2a: Calyrex|Aromatherapy|p2a: Calyrex
|-activate|p2a: Calyrex|move: Aromatherapy
|-curestatus|p2: Zygarde|psn|[msg]
|-curestatus|p2: Necrozma|brn|[msg]
|-curestatus|p2: Yveltal|par|[msg]
|move|p1a: Yveltal|Foul Play|p2a: Calyrex
|-supereffective|p2a: Calyrex
|-damage|p2a: Calyrex|0 fnt
|faint|p2a: Calyrex
|
|upkeep
|
|t:|1611261771
|switch|p2a: Zygarde|Zygarde|88/100
|turn|48
|
|t:|1611261776
|move|p2a: Zygarde|Dragon Dance|p2a: Zygarde
|-boost|p2a: Zygarde|atk|1
|-boost|p2a: Zygarde|spe|1
|move|p1a: Yveltal|Foul Play|p2a: Zygarde
|-damage|p2a: Zygarde|26/100
|
|-heal|p2a: Zygarde|32/100|[from] item: Leftovers
|-activate|p2a: Zygarde|ability: Power Construct
|detailschange|p2a: Zygarde|Zygarde-Complete
|-heal|p2a: Zygarde|57/100|[silent]
|upkeep
|turn|49
|
|t:|1611261786
|move|p2a: Zygarde|Glare|p1a: Yveltal
|-status|p1a: Yveltal|par
|move|p1a: Yveltal|Foul Play|p2a: Zygarde
|-damage|p2a: Zygarde|22/100
|
|-heal|p2a: Zygarde|29/100|[from] item: Leftovers
|upkeep
|turn|50
|
|t:|1611261792
|move|p2a: Zygarde|Thousand Arrows|p1a: Yveltal
|-damage|p1a: Yveltal|53/100 par
|-start|p1a: Yveltal|Smack Down
|move|p1a: Yveltal|Foul Play|p2a: Zygarde
|-damage|p2a: Zygarde|0 fnt
|faint|p2a: Zygarde
|
|upkeep
|-message|Goose Cooker forfeited.
|
|win|Os4ke
|l|☆Goose Cooker
|c|☆Os4ke|gg !
