|j|☆Uber uwu
|j|☆noranoob
|t:|1613823735
|player|p1|Uber uwu|furisodegirl-black|
|player|p2|noranoob|parasollady-gen4|
|teamsize|p1|6
|teamsize|p2|6
|gametype|singles
|gen|8
|tier|[Gen 8] Ubers
|rated|Tournament battle
|clearpoke
|poke|p1|Yveltal|
|poke|p1|Eternatus|
|poke|p1|Necrozma-Dusk-Mane|
|poke|p1|Zygarde|
|poke|p1|Zacian|
|poke|p1|Calyrex-Shadow|
|poke|p2|Shuckle, F|
|poke|p2|Regieleki|
|poke|p2|Yveltal|
|poke|p2|Zekrom|
|poke|p2|Kyogre|
|poke|p2|Necrozma-Dusk-Mane|
|rule|Sleep Clause Mod: Limit one foe put to sleep
|rule|Species Clause: Limit one of each Pokémon
|rule|OHKO Clause: OHKO moves are banned
|rule|Evasion Moves Clause: Evasion moves are banned
|rule|Endless Battle Clause: Forcing endless battles is banned
|rule|HP Percentage Mod: HP is shown in percentages
|rule|Dynamax Clause: You cannot dynamax
|teampreview
|c|☆Uber uwu|shuckle
|j| JessPMP
|j| Mega Zygarde-100%
|c|☆Uber uwu|chucle
|c|☆noranoob|i stole this 1 from nael
|c|☆noranoob|Mega Zygarde-100
|inactive|Battle timer is ON: inactive players will automatically lose when time's up. (requested by noranoob)
|
|t:|1613823755
|start
|switch|p1a: Same as black birb|Necrozma-Dusk-Mane|100/100
|switch|p2a: Shuckle|Shuckle, F|100/100
|turn|1
|
|t:|1613823758
|move|p1a: Same as black birb|Sunsteel Strike|p2a: Shuckle
|-supereffective|p2a: Shuckle
|-damage|p2a: Shuckle|44/100
|move|p2a: Shuckle|Sticky Web|p1a: Same as black birb
|-sidestart|p1: Uber uwu|move: Sticky Web
|
|upkeep
|turn|2
|
|t:|1613823764
|move|p1a: Same as black birb|Sunsteel Strike|p2a: Shuckle
|-supereffective|p2a: Shuckle
|-damage|p2a: Shuckle|0 fnt
|faint|p2a: Shuckle
|
|upkeep
|c|☆Uber uwu|die
|c| Mega Zygarde-100%|Well its being made/used before him ig
|c|☆Uber uwu|i hate shuckle
|
|t:|1613823774
|switch|p2a: Kyogre|Kyogre|100/100
|-weather|RainDance|[from] ability: Drizzle|[of] p2a: Kyogre
|turn|3
|
|t:|1613823777
|switch|p1a: Fat fish counter|Eternatus|100/100
|-activate|p1a: Fat fish counter|move: Sticky Web
|-unboost|p1a: Fat fish counter|spe|1
|-ability|p1a: Fat fish counter|Pressure
|move|p2a: Kyogre|Water Spout|p1a: Fat fish counter
|-resisted|p1a: Fat fish counter
|-damage|p1a: Fat fish counter|46/100
|
|-weather|RainDance|[upkeep]
|-heal|p1a: Fat fish counter|53/100|[from] item: Black Sludge
|upkeep
|turn|4
|
|t:|1613823780
|move|p2a: Kyogre|Water Spout|p1a: Fat fish counter
|-resisted|p1a: Fat fish counter
|-damage|p1a: Fat fish counter|4/100
|move|p1a: Fat fish counter|Recover|p1a: Fat fish counter
|-heal|p1a: Fat fish counter|54/100
|
|-weather|RainDance|[upkeep]
|-heal|p1a: Fat fish counter|60/100|[from] item: Black Sludge
|upkeep
|turn|5
|j|%shrang
|
|t:|1613823789
|switch|p2a: Necrozma|Necrozma-Dusk-Mane|100/100
|move|p1a: Fat fish counter|Recover|p1a: Fat fish counter
|-heal|p1a: Fat fish counter|100/100
|
|-weather|RainDance|[upkeep]
|upkeep
|turn|6
|
|t:|1613823792
|switch|p1a: On almost all team|Yveltal, shiny|100/100
|-ability|p1a: On almost all team|Dark Aura
|move|p2a: Necrozma|Dragon Dance|p2a: Necrozma
|-boost|p2a: Necrozma|atk|1
|-boost|p2a: Necrozma|spe|1
|
|-weather|RainDance|[upkeep]
|upkeep
|turn|7
|
|t:|1613823796
|move|p2a: Necrozma|Stone Edge|p1a: On almost all team
|-supereffective|p1a: On almost all team
|-damage|p1a: On almost all team|0 fnt
|-damage|p2a: Necrozma|91/100|[from] item: Life Orb
|faint|p1a: On almost all team
|
|-weather|none
|upkeep
|j| R.I.P legendss
|c| Mega Zygarde-100%|rip noranoob lmao
|
|t:|1613823802
|switch|p1a: Yes|Calyrex-Shadow|100/100
|-ability|p1a: Yes|As One
|-ability|p1a: Yes|Unnerve|p2: noranoob
|-activate|p1a: Yes|move: Sticky Web
|-unboost|p1a: Yes|spe|1
|turn|8
|c|☆noranoob|what
|c| Mega Zygarde-100%|54/49
|c|☆noranoob|y
|c|☆noranoob|dam this team lack of good yve
|
|t:|1613823829
|switch|p2a: Yveltal|Yveltal|100/100
|-ability|p2a: Yveltal|Dark Aura
|move|p1a: Yes|Trick|p2a: Yveltal
|-activate|p1a: Yes|move: Trick|[of] p2a: Yveltal
|-item|p2a: Yveltal|Choice Scarf|[from] move: Trick
|-item|p1a: Yes|Life Orb|[from] move: Trick
|
|upkeep
|turn|9
|j| Caption settings
|c|☆noranoob|you really shoudve not
|c|☆noranoob|trick your wincon
|c| Mega Zygarde-100%|classic trick wtf
|inactive|noranoob has 120 seconds left.
|c|☆Uber uwu|yes i said
|c|☆Uber uwu|played this for 3 days
|
|t:|1613823858
|switch|p2a: Regieleki|Regieleki|100/100
|switch|p1a: Forgot my sword|Zacian|100/100
|-activate|p1a: Forgot my sword|move: Sticky Web
|-unboost|p1a: Forgot my sword|spe|1
|-ability|p1a: Forgot my sword|Intrepid Sword|boost
|-boost|p1a: Forgot my sword|atk|1
|
|upkeep
|turn|10
|
|t:|1613823865
|move|p2a: Regieleki|Wild Charge|p1a: Forgot my sword
|-damage|p1a: Forgot my sword|24/100
|-damage|p2a: Regieleki|80/100|[from] Recoil
|-damage|p2a: Regieleki|70/100|[from] item: Life Orb
|move|p1a: Forgot my sword|Crunch|p2a: Regieleki
|-crit|p2a: Regieleki
|-damage|p2a: Regieleki|0 fnt
|faint|p2a: Regieleki
|
|-heal|p1a: Forgot my sword|31/100|[from] item: Leftovers
|upkeep
|c|%shrang|!learn regieleki, bounce
|c| shrang|/raw <div class="infobox">In Gen 8, Regieleki <span class="message-learn-canlearn">can</span> learn Bounce from:<ul class="message-learn-list"><li>anywhere (move is level-up/tutor/TM/HM/egg in Gen 8)</ul></div>
|
|t:|1613823876
|switch|p2a: Kyogre|Kyogre|100/100
|-weather|RainDance|[from] ability: Drizzle|[of] p2a: Kyogre
|turn|11
|c| Mega Zygarde-100%|lol shrang
|c| Mega Zygarde-100%|Whats that gonna do
|
|t:|1613823885
|switch|p1a: Fat fish counter|Eternatus|100/100
|-activate|p1a: Fat fish counter|move: Sticky Web
|-unboost|p1a: Fat fish counter|spe|1
|-ability|p1a: Fat fish counter|Pressure
|move|p2a: Kyogre|Water Spout|p1a: Fat fish counter
|-resisted|p1a: Fat fish counter
|-damage|p1a: Fat fish counter|50/100
|
|-weather|RainDance|[upkeep]
|-heal|p1a: Fat fish counter|56/100|[from] item: Black Sludge
|upkeep
|turn|12
|c| Mega Zygarde-100%|o.O
|c|%shrang|just checking
|
|t:|1613823892
|switch|p2a: Necrozma|Necrozma-Dusk-Mane|91/100
|move|p1a: Fat fish counter|Recover|p1a: Fat fish counter
|-heal|p1a: Fat fish counter|100/100
|
|-weather|RainDance|[upkeep]
|upkeep
|turn|13
|c|%shrang|because it's bouncing
|c|%shrang|lol
|
|t:|1613823897
|switch|p1a: Para tool ye|Zygarde|100/100
|-activate|p1a: Para tool ye|move: Sticky Web
|-unboost|p1a: Para tool ye|spe|1
|move|p2a: Necrozma|Dragon Dance|p2a: Necrozma
|-boost|p2a: Necrozma|atk|1
|-boost|p2a: Necrozma|spe|1
|
|-weather|RainDance|[upkeep]
|upkeep
|turn|14
|c| Mega Zygarde-100%|lol makes sense
|
|t:|1613823900
|move|p2a: Necrozma|Sunsteel Strike|p1a: Para tool ye
|-damage|p1a: Para tool ye|6/100
|-damage|p2a: Necrozma|81/100|[from] item: Life Orb
|move|p1a: Para tool ye|Glare|p2a: Necrozma
|-status|p2a: Necrozma|par
|
|-weather|RainDance|[upkeep]
|-heal|p1a: Para tool ye|12/100|[from] item: Leftovers
|-activate|p1a: Para tool ye|ability: Power Construct
|detailschange|p1a: Para tool ye|Zygarde-Complete
|-heal|p1a: Para tool ye|44/100|[silent]
|upkeep
|turn|15
|
|t:|1613823905
|move|p2a: Necrozma|Sunsteel Strike|p1a: Para tool ye
|-damage|p1a: Para tool ye|0 fnt
|-damage|p2a: Necrozma|71/100 par|[from] item: Life Orb
|faint|p1a: Para tool ye
|
|-weather|none
|upkeep
|
|t:|1613823911
|switch|p1a: Yes|Calyrex-Shadow|100/100
|-ability|p1a: Yes|As One
|-ability|p1a: Yes|Unnerve|p2: noranoob
|-activate|p1a: Yes|move: Sticky Web
|-unboost|p1a: Yes|spe|1
|turn|16
|l|%shrang
|
|t:|1613823916
|move|p1a: Yes|Astral Barrage|p2a: Necrozma
|-supereffective|p2a: Necrozma
|-damage|p2a: Necrozma|0 fnt
|-damage|p1a: Yes|91/100|[from] item: Life Orb
|faint|p2a: Necrozma
|-ability|p1a: Yes|Grim Neigh|boost
|-boost|p1a: Yes|spa|1
|
|upkeep
|c| Mega Zygarde-100%|I thought u might declare it birb and add in mono birb
|c| Mega Zygarde-100%|:P
|
|t:|1613823918
|switch|p2a: Kyogre|Kyogre|100/100
|-weather|RainDance|[from] ability: Drizzle|[of] p2a: Kyogre
|turn|17
|
|t:|1613823923
|move|p2a: Kyogre|Origin Pulse|p1a: Yes
|-damage|p1a: Yes|0 fnt
|faint|p1a: Yes
|
|-weather|RainDance|[upkeep]
|upkeep
|
|t:|1613823932
|switch|p1a: Fat fish counter|Eternatus|100/100
|-activate|p1a: Fat fish counter|move: Sticky Web
|-unboost|p1a: Fat fish counter|spe|1
|-ability|p1a: Fat fish counter|Pressure
|turn|18
|
|t:|1613823937
|move|p2a: Kyogre|Origin Pulse|p1a: Fat fish counter
|-resisted|p1a: Fat fish counter
|-damage|p1a: Fat fish counter|59/100
|move|p1a: Fat fish counter|Dragon Pulse|p2a: Kyogre
|-damage|p2a: Kyogre|73/100
|
|-weather|RainDance|[upkeep]
|-heal|p1a: Fat fish counter|65/100|[from] item: Black Sludge
|upkeep
|turn|19
|c| Mega Zygarde-100%|lo ndm rlly hit hard everything
|
|t:|1613823943
|switch|p2a: Yveltal|Yveltal|100/100
|-ability|p2a: Yveltal|Dark Aura
|move|p1a: Fat fish counter|Recover|p1a: Fat fish counter
|-heal|p1a: Fat fish counter|100/100
|
|-weather|RainDance|[upkeep]
|upkeep
|turn|20
|
|t:|1613823950
|switch|p2a: Kyogre|Kyogre|73/100
|move|p1a: Fat fish counter|Toxic|p2a: Kyogre
|-status|p2a: Kyogre|tox
|
|-weather|RainDance|[upkeep]
|-damage|p2a: Kyogre|67/100 tox|[from] psn
|upkeep
|turn|21
|
|t:|1613823954
|switch|p1a: Same as black birb|Necrozma-Dusk-Mane|100/100
|-activate|p1a: Same as black birb|move: Sticky Web
|-unboost|p1a: Same as black birb|spe|1
|move|p2a: Kyogre|Ice Beam|p1a: Same as black birb
|-resisted|p1a: Same as black birb
|-damage|p1a: Same as black birb|81/100
|
|-weather|none
|-heal|p1a: Same as black birb|87/100|[from] item: Leftovers
|-damage|p2a: Kyogre|54/100 tox|[from] psn
|upkeep
|turn|22
|
|t:|1613823964
|switch|p2a: Zekrom|Zekrom|100/100
|-ability|p2a: Zekrom|Teravolt
|move|p1a: Same as black birb|Stealth Rock|p2a: Zekrom
|-sidestart|p2: noranoob|move: Stealth Rock
|
|-heal|p1a: Same as black birb|93/100|[from] item: Leftovers
|upkeep
|turn|23
|
|t:|1613823967
|move|p2a: Zekrom|Dragon Dance|p2a: Zekrom
|-boost|p2a: Zekrom|atk|1
|-boost|p2a: Zekrom|spe|1
|move|p1a: Same as black birb|Knock Off|p2a: Zekrom
|-damage|p2a: Zekrom|71/100
|-enditem|p2a: Zekrom|Leftovers|[from] move: Knock Off|[of] p1a: Same as black birb
|
|-heal|p1a: Same as black birb|99/100|[from] item: Leftovers
|upkeep
|turn|24
|
|t:|1613823976
|switch|p1a: Fat fish counter|Eternatus|100/100
|-activate|p1a: Fat fish counter|move: Sticky Web
|-unboost|p1a: Fat fish counter|spe|1
|-ability|p1a: Fat fish counter|Pressure
|move|p2a: Zekrom|Bolt Strike|p1a: Fat fish counter
|-resisted|p1a: Fat fish counter
|-damage|p1a: Fat fish counter|56/100
|
|-heal|p1a: Fat fish counter|62/100|[from] item: Black Sludge
|upkeep
|turn|25
|
|t:|1613823980
|move|p2a: Zekrom|Dragon Claw|p1a: Fat fish counter
|-supereffective|p1a: Fat fish counter
|-damage|p1a: Fat fish counter|0 fnt
|faint|p1a: Fat fish counter
|
|upkeep
|c|☆Uber uwu|gg ig
|
|t:|1613823987
|switch|p1a: Same as black birb|Necrozma-Dusk-Mane|99/100
|-activate|p1a: Same as black birb|move: Sticky Web
|-unboost|p1a: Same as black birb|spe|1
|turn|26
|
|t:|1613823990
|move|p2a: Zekrom|Bolt Strike|p1a: Same as black birb
|-crit|p1a: Same as black birb
|-damage|p1a: Same as black birb|9/100
|move|p1a: Same as black birb|Knock Off|p2a: Zekrom
|-damage|p2a: Zekrom|53/100
|
|-heal|p1a: Same as black birb|15/100|[from] item: Leftovers
|upkeep
|turn|27
|
|t:|1613823995
|move|p2a: Zekrom|Dragon Claw|p1a: Same as black birb
|-resisted|p1a: Same as black birb
|-damage|p1a: Same as black birb|0 fnt
|faint|p1a: Same as black birb
|
|upkeep
|
|t:|1613823997
|switch|p1a: Forgot my sword|Zacian|31/100
|-activate|p1a: Forgot my sword|move: Sticky Web
|-unboost|p1a: Forgot my sword|spe|1
|-ability|p1a: Forgot my sword|Intrepid Sword|boost
|-boost|p1a: Forgot my sword|atk|1
|turn|28
|
|t:|1613823999
|move|p2a: Zekrom|Bolt Strike|p1a: Forgot my sword
|-damage|p1a: Forgot my sword|0 fnt
|faint|p1a: Forgot my sword
|
|win|noranoob
|n|☆Uber uwu|uberuwu
|n|☆noranoob|noranoob
|n| JessPMP|jesspmp
|n| Mega Zygarde-100%|megazygarde100
|n| R.I.P legendss|riplegendss
|n| Caption settings|captionsettings
