|j|☆ULT9NS doom(^-^)♪
|j|☆Blaze_4ssault
|t:|1653306520
|gametype|singles
|player|p1|ULT9NS doom(^-^)♪|2|1108
|player|p2|Blaze_4ssault|red|1176
|teamsize|p1|6
|teamsize|p2|6
|gen|8
|tier|[Gen 8] Ubers
|rated|
|rule|Sleep Clause Mod: Limit one foe put to sleep
|rule|Species Clause: Limit one of each Pokémon
|rule|OHKO Clause: OHKO moves are banned
|rule|Evasion Moves Clause: Evasion moves are banned
|rule|Endless Battle Clause: Forcing endless battles is banned
|rule|HP Percentage Mod: HP is shown in percentages
|rule|Dynamax Clause: You cannot dynamax
|clearpoke
|poke|p1|Aerodactyl, F|
|poke|p1|Kyogre|
|poke|p1|Necrozma-Dusk-Mane|
|poke|p1|Yveltal|
|poke|p1|Groudon|
|poke|p1|Rayquaza|
|poke|p2|Weavile, F|
|poke|p2|Shuckle, F|
|poke|p2|Blaziken, F|
|poke|p2|Blastoise, F|
|poke|p2|Melmetal|
|poke|p2|Ditto|
|teampreview
|inactive|Battle timer is ON: inactive players will automatically lose when time's up. (requested by Blaze_4ssault)
|j| illya
|
|t:|1653306546
|start
|switch|p1a: JEFE|Aerodactyl, F|100/100
|switch|p2a: Weavile|Weavile, F|100/100
|-ability|p1a: JEFE|Pressure
|turn|1
|
|t:|1653306553
|move|p2a: Weavile|Fake Out|p1a: JEFE
|-resisted|p1a: JEFE
|-damage|p1a: JEFE|91/100
|cant|p1a: JEFE|flinch
|
|upkeep
|turn|2
|
|t:|1653306557
|move|p1a: JEFE|Stealth Rock|p2a: Weavile
|-sidestart|p2: Blaze_4ssault|move: Stealth Rock
|move|p2a: Weavile|Icicle Crash|p1a: JEFE
|-supereffective|p1a: JEFE
|-damage|p1a: JEFE|0 fnt
|faint|p1a: JEFE
|
|upkeep
|
|t:|1653306570
|switch|p1a: VVS|Kyogre|100/100
|-weather|RainDance|[from] ability: Drizzle|[of] p1a: VVS
|turn|3
|
|t:|1653306574
|move|p2a: Weavile|Beat Up|p1a: VVS
|-damage|p1a: VVS|92/100
|-damage|p1a: VVS|88/100
|-crit|p1a: VVS
|-damage|p1a: VVS|72/100
|-damage|p1a: VVS|65/100
|-damage|p1a: VVS|56/100
|-damage|p1a: VVS|51/100
|-hitcount|p1a: VVS|6
|move|p1a: VVS|Origin Pulse|p2a: Weavile
|-damage|p2a: Weavile|0 fnt
|faint|p2a: Weavile
|
|-weather|RainDance|[upkeep]
|upkeep
|
|t:|1653306578
|switch|p2a: Blastoise|Blastoise, F|100/100
|turn|4
|
|t:|1653306586
|move|p1a: VVS|Origin Pulse|p2a: Blastoise
|-resisted|p2a: Blastoise
|-damage|p2a: Blastoise|47/100
|move|p2a: Blastoise|Rapid Spin|p1a: VVS
|-damage|p1a: VVS|41/100
|-boost|p2a: Blastoise|spe|1
|-sideend|p2: Blaze_4ssault|Stealth Rock|[from] move: Rapid Spin|[of] p2a: Blastoise
|
|-weather|RainDance|[upkeep]
|upkeep
|turn|5
|
|t:|1653306596
|move|p2a: Blastoise|Aura Sphere|p1a: VVS
|-damage|p1a: VVS|29/100
|move|p1a: VVS|Origin Pulse|p2a: Blastoise
|-resisted|p2a: Blastoise
|-damage|p2a: Blastoise|0 fnt
|faint|p2a: Blastoise
|
|-weather|RainDance|[upkeep]
|upkeep
|
|t:|1653306607
|switch|p2a: Ditto|Ditto|100/100
|-transform|p2a: Ditto|p1a: VVS|[from] ability: Imposter
|turn|6
|j| Lynch Queen
|
|t:|1653306616
|switch|p1a: OG|Groudon|100/100
|-weather|SunnyDay|[from] ability: Drought|[of] p1a: OG
|move|p2a: Ditto|Water Spout|p1a: OG
|-supereffective|p1a: OG
|-damage|p1a: OG|8/100
|
|-weather|SunnyDay|[upkeep]
|upkeep
|turn|7
|c|☆Blaze_4ssault|heh
|
|t:|1653306633
|move|p2a: Ditto|Water Spout|p1a: OG
|-supereffective|p1a: OG
|-damage|p1a: OG|0 fnt
|faint|p1a: OG
|
|-weather|SunnyDay|[upkeep]
|upkeep
|
|t:|1653306639
|switch|p1a: YSL|Yveltal|100/100
|-ability|p1a: YSL|Dark Aura
|turn|8
|
|t:|1653306642
|move|p2a: Ditto|Water Spout|p1a: YSL
|-damage|p1a: YSL|61/100
|move|p1a: YSL|Knock Off|p2a: Ditto
|-damage|p2a: Ditto|0 fnt
|-enditem|p2a: Ditto|Choice Scarf|[from] move: Knock Off|[of] p1a: YSL
|faint|p2a: Ditto
|
|-weather|SunnyDay|[upkeep]
|upkeep
|c|☆Blaze_4ssault|hmm ok
|
|t:|1653306653
|switch|p2a: Shuckle|Shuckle, F|100/100
|turn|9
|
|t:|1653306657
|move|p1a: YSL|Taunt|p2a: Shuckle
|-start|p2a: Shuckle|move: Taunt
|-enditem|p2a: Shuckle|Mental Herb
|-end|p2a: Shuckle|move: Taunt
|move|p2a: Shuckle|Encore|p1a: YSL
|-start|p1a: YSL|Encore
|
|-weather|SunnyDay|[upkeep]
|upkeep
|turn|10
|
|t:|1653306664
|switch|p2a: Blaziken|Blaziken, F|100/100
|move|p1a: YSL|Taunt|p2a: Blaziken
|-start|p2a: Blaziken|move: Taunt
|
|-weather|none
|upkeep
|turn|11
|
|t:|1653306672
|switch|p1a: VVS|Kyogre|29/100
|-weather|RainDance|[from] ability: Drizzle|[of] p1a: VVS
|move|p2a: Blaziken|Blaze Kick|p1a: VVS
|-resisted|p1a: VVS
|-crit|p1a: VVS
|-damage|p1a: VVS|8/100
|-status|p1a: VVS|brn
|
|-weather|RainDance|[upkeep]
|-damage|p1a: VVS|2/100 brn|[from] brn
|-ability|p2a: Blaziken|Speed Boost|boost
|-boost|p2a: Blaziken|spe|1
|upkeep
|turn|12
|
|t:|1653306680
|move|p2a: Blaziken|Thunder Punch|p1a: VVS
|-supereffective|p1a: VVS
|-damage|p1a: VVS|0 fnt
|faint|p1a: VVS
|
|-weather|RainDance|[upkeep]
|-end|p2a: Blaziken|move: Taunt
|-ability|p2a: Blaziken|Speed Boost|boost
|-boost|p2a: Blaziken|spe|1
|upkeep
|
|t:|1653306691
|switch|p1a: RER D|Necrozma-Dusk-Mane|100/100
|turn|13
|
|t:|1653306702
|move|p2a: Blaziken|Swords Dance|p2a: Blaziken
|-boost|p2a: Blaziken|atk|2
|move|p1a: RER D|Earthquake|p2a: Blaziken
|-supereffective|p2a: Blaziken
|-enditem|p2a: Blaziken|Focus Sash
|-damage|p2a: Blaziken|1/100
|
|-weather|RainDance|[upkeep]
|-ability|p2a: Blaziken|Speed Boost|boost
|-boost|p2a: Blaziken|spe|1
|upkeep
|turn|14
|
|t:|1653306713
|move|p2a: Blaziken|Blaze Kick|p1a: RER D
|-supereffective|p1a: RER D
|-damage|p1a: RER D|55/100
|-enditem|p1a: RER D|Weakness Policy
|-boost|p1a: RER D|atk|2|[from] item: Weakness Policy
|-boost|p1a: RER D|spa|2|[from] item: Weakness Policy
|move|p1a: RER D|Trick Room|p1a: RER D
|-fieldstart|move: Trick Room|[of] p1a: RER D
|
|-weather|RainDance|[upkeep]
|-ability|p2a: Blaziken|Speed Boost|boost
|-boost|p2a: Blaziken|spe|1
|upkeep
|turn|15
|c| illya|le RER D qui va sweep
|c|☆Blaze_4ssault|hmmm
|c|☆Blaze_4ssault|impresive
|inactive|Blaze_4ssault has 120 seconds left.
|c|☆ULT9NS doom(^-^)♪|nan
|
|t:|1653306747
|switch|p2a: Shuckle|Shuckle, F|100/100
|move|p1a: RER D|Earthquake|p2a: Shuckle
|-damage|p2a: Shuckle|40/100
|
|-weather|none
|upkeep
|turn|16
|c|☆Blaze_4ssault|bud
|inactive|Blaze_4ssault has 120 seconds left.
|
|t:|1653306757
|move|p2a: Shuckle|Sticky Web|p1a: RER D
|-sidestart|p1: ULT9NS doom(^-^)♪|move: Sticky Web
|move|p1a: RER D|Earthquake|p2a: Shuckle
|-damage|p2a: Shuckle|0 fnt
|faint|p2a: Shuckle
|
|upkeep
|c|☆ULT9NS doom(^-^)♪|ah bah si finalement
|inactive|Blaze_4ssault has 120 seconds left.
|c|☆Blaze_4ssault|this is good for me now
|
|t:|1653306766
|switch|p2a: Melmetal|Melmetal|100/100
|turn|17
|c|☆ULT9NS doom(^-^)♪|☆Blaze_4ssault: heh
|
|t:|1653306784
|move|p2a: Melmetal|Earthquake|p1a: RER D
|-supereffective|p1a: RER D
|-damage|p1a: RER D|0 fnt
|faint|p1a: RER D
|
|upkeep
|
|t:|1653306795
|switch|p1a: YSL|Yveltal|61/100
|-ability|p1a: YSL|Dark Aura
|turn|18
|c|☆Blaze_4ssault|knock off or heat wave
|
|t:|1653306805
|switch|p2a: Blaziken|Blaziken, F|1/100
|move|p1a: YSL|Knock Off|p2a: Blaziken
|-resisted|p2a: Blaziken
|-damage|p2a: Blaziken|0 fnt
|faint|p2a: Blaziken
|
|-fieldend|move: Trick Room
|upkeep
|
|t:|1653306808
|switch|p2a: Melmetal|Melmetal|100/100
|turn|19
|
|t:|1653306811
|move|p1a: YSL|Knock Off|p2a: Melmetal
|-damage|p2a: Melmetal|57/100
|-enditem|p2a: Melmetal|Choice Band|[from] move: Knock Off|[of] p1a: YSL
|move|p2a: Melmetal|Double Iron Bash|p1a: YSL
|-damage|p1a: YSL|17/100
|-damage|p1a: YSL|0 fnt
|faint|p1a: YSL
|-hitcount|p1: YSL|2
|
|upkeep
|c|☆Blaze_4ssault|good
|
|t:|1653306816
|switch|p1a: Outro|Rayquaza|100/100
|-ability|p1a: Outro|Air Lock
|turn|20
|c|☆Blaze_4ssault|welp gg
|c|☆Blaze_4ssault|I lost
|
|t:|1653306827
|move|p1a: Outro|Earthquake|p2a: Melmetal
|-supereffective|p2a: Melmetal
|-damage|p2a: Melmetal|18/100
|move|p2a: Melmetal|Double Iron Bash|p1a: Outro
|-damage|p1a: Outro|48/100
|-damage|p1a: Outro|0 fnt
|faint|p1a: Outro
|-hitcount|p1: Outro|2
|
|win|Blaze_4ssault
|raw|ULT9NS doom(^-^)♪'s rating: 1108 &rarr; <strong>1088</strong><br />(-20 for losing)
|raw|Blaze_4ssault's rating: 1176 &rarr; <strong>1196</strong><br />(+20 for winning)
|c|☆Blaze_4ssault|sike
|c|☆Blaze_4ssault|gg
|l|☆ULT9NS doom(^-^)♪
|c|☆Blaze_4ssault|:/
|c|☆Blaze_4ssault|come on
|c|☆Blaze_4ssault|no gg?
|c| Lynch Queen|lol
|c|☆Blaze_4ssault|welp ok
|l| Lynch Queen
|l| illya
|c|☆Blaze_4ssault|cya
||Ladder isn't responding, score probably updated but might not have (Request timeout).
