|raw|<div class="broadcast-blue"><strong>This battle is required to be public due to a player having a name starting with 'ULT8RQ'.</div>
|j|☆Pepeletoro1894
|j|☆ULT8RQ KB
|t:|1620707334
|gametype|singles
|player|p1|Pepeletoro1894|2|1420
|player|p2|ULT8RQ KB|rood|1624
|teamsize|p1|6
|teamsize|p2|6
|gen|8
|tier|[Gen 8] Ubers
|rated|
|rule|Sleep Clause Mod: Limit one foe put to sleep
|rule|Species Clause: Limit one of each Pokémon
|rule|OHKO Clause: OHKO moves are banned
|rule|Evasion Moves Clause: Evasion moves are banned
|rule|Endless Battle Clause: Forcing endless battles is banned
|rule|HP Percentage Mod: HP is shown in percentages
|rule|Dynamax Clause: You cannot dynamax
|clearpoke
|poke|p1|Yveltal|
|poke|p1|Ho-Oh|
|poke|p1|Groudon|
|poke|p1|Eternatus|
|poke|p1|Xerneas-*|
|poke|p1|Necrozma-Dusk-Mane|
|poke|p2|Yveltal|
|poke|p2|Eternatus|
|poke|p2|Necrozma-Dusk-Mane|
|poke|p2|Lunala|
|poke|p2|Blissey, F|
|poke|p2|Ditto|
|teampreview
|j| ULT8RQ Quintuplets
|inactive|Battle timer is ON: inactive players will automatically lose when time's up. (requested by Pepeletoro1894)
|j| Trivial By JT Yao
|
|t:|1620707348
|start
|updatepoke|p1: JT Yao|Xerneas
|switch|p1a: Dylan|Yveltal|100/100
|switch|p2a: Lunala|Lunala|100/100
|-ability|p1a: Dylan|Dark Aura
|turn|1
|
|t:|1620707355
|switch|p1a: JT Yao|Xerneas|100/100
|-ability|p1a: JT Yao|Fairy Aura
|switch|p2a: Eternatus|Eternatus|100/100
|-ability|p2a: Eternatus|Pressure
|
|upkeep
|turn|2
|
|t:|1620707367
|switch|p1a: Nate|Eternatus|100/100
|-ability|p1a: Nate|Pressure
|move|p2a: Eternatus|Mystical Fire|p1a: Nate
|-resisted|p1a: Nate
|-damage|p1a: Nate|93/100
|-unboost|p1a: Nate|spa|1
|
|upkeep
|turn|3
|
|t:|1620707386
|switch|p1a: Mike Stronta|Necrozma-Dusk-Mane|100/100
|move|p2a: Eternatus|Dynamax Cannon|p1a: Mike Stronta
|-resisted|p1a: Mike Stronta
|-damage|p1a: Mike Stronta|83/100
|
|upkeep
|turn|4
|
|t:|1620707395
|switch|p2a: Yveltal|Yveltal|100/100
|-ability|p2a: Yveltal|Dark Aura
|move|p1a: Mike Stronta|Stealth Rock|p2a: Yveltal
|-sidestart|p2: ULT8RQ KB|move: Stealth Rock
|
|upkeep
|turn|5
|
|t:|1620707402
|switch|p1a: Byron|Ho-Oh|100/100
|move|p2a: Yveltal|Knock Off|p1a: Byron
|-crit|p1a: Byron
|-damage|p1a: Byron|31/100
|-enditem|p1a: Byron|Heavy-Duty Boots|[from] move: Knock Off|[of] p2a: Yveltal
|
|upkeep
|turn|6
|
|t:|1620707408
|move|p2a: Yveltal|Knock Off|p1a: Byron
|-damage|p1a: Byron|0 fnt
|faint|p1a: Byron
|
|upkeep
|
|t:|1620707412
|switch|p1a: JT Yao|Xerneas|100/100
|-ability|p1a: JT Yao|Fairy Aura
|turn|7
|c|☆ULT8RQ KB|LOL
|j| rng loser
|c| Trivial By JT Yao|why is this xern
|c| Trivial By JT Yao|named after me
|
|t:|1620707435
|switch|p2a: Necrozma|Necrozma-Dusk-Mane|100/100
|-damage|p2a: Necrozma|94/100|[from] Stealth Rock
|switch|p1a: Dylan|Yveltal|100/100
|-ability|p1a: Dylan|Dark Aura
|
|upkeep
|turn|8
|c| rng loser|u know why
|c|☆Pepeletoro1894|sup
|c|☆Pepeletoro1894|Jamvad copypaste lol
|
|t:|1620707461
|switch|p2a: Blissey|Blissey, F|100/100
|-damage|p2a: Blissey|88/100|[from] Stealth Rock
|move|p1a: Dylan|Dark Pulse|p2a: Blissey
|-damage|p2a: Blissey|67/100
|-damage|p1a: Dylan|91/100|[from] item: Life Orb
|
|upkeep
|turn|9
|
|t:|1620707473
|switch|p1a: Eric|Groudon|100/100
|-weather|SunnyDay|[from] ability: Drought|[of] p1a: Eric
|switch|p2a: Eternatus|Eternatus|100/100
|-damage|p2a: Eternatus|88/100|[from] Stealth Rock
|-ability|p2a: Eternatus|Pressure
|
|-weather|SunnyDay|[upkeep]
|-heal|p2a: Eternatus|94/100|[from] item: Black Sludge
|upkeep
|turn|10
|
|t:|1620707489
|switch|p2a: Lunala|Lunala|100/100
|move|p1a: Eric|Precipice Blades|p2a: Lunala
|-damage|p2a: Lunala|76/100
|
|-weather|SunnyDay|[upkeep]
|upkeep
|turn|11
|
|t:|1620707495
|move|p2a: Lunala|Will-O-Wisp|p1a: Eric|[miss]
|-miss|p2a: Lunala|p1a: Eric
|move|p1a: Eric|Toxic|p2a: Lunala
|-status|p2a: Lunala|tox
|
|-weather|SunnyDay|[upkeep]
|-damage|p2a: Lunala|70/100 tox|[from] psn
|upkeep
|turn|12
|
|t:|1620707510
|switch|p1a: Nate|Eternatus|93/100
|-ability|p1a: Nate|Pressure
|move|p2a: Lunala|Will-O-Wisp|p1a: Nate
|-status|p1a: Nate|brn
|
|-weather|SunnyDay|[upkeep]
|-damage|p1a: Nate|87/100 brn|[from] brn
|-damage|p2a: Lunala|58/100 tox|[from] psn
|upkeep
|turn|13
|
|t:|1620707518
|switch|p2a: Blissey|Blissey, F|67/100
|-damage|p2a: Blissey|54/100|[from] Stealth Rock
|move|p1a: Nate|Mystical Fire|p2a: Blissey
|-damage|p2a: Blissey|46/100
|-unboost|p2a: Blissey|spa|1
|
|-weather|none
|-damage|p1a: Nate|81/100 brn|[from] brn
|upkeep
|turn|14
|
|t:|1620707524
|move|p1a: Nate|Toxic|p2a: Blissey
|-status|p2a: Blissey|tox
|move|p2a: Blissey|Aromatherapy|p2a: Blissey
|-activate|p2a: Blissey|move: Aromatherapy
|-curestatus|p2a: Blissey|tox|[msg]
|-curestatus|p2: Lunala|tox|[msg]
|
|-damage|p1a: Nate|75/100 brn|[from] brn
|upkeep
|turn|15
|
|t:|1620707530
|move|p1a: Nate|Toxic|p2a: Blissey
|-status|p2a: Blissey|tox
|move|p2a: Blissey|Soft-Boiled|p2a: Blissey
|-heal|p2a: Blissey|96/100 tox
|
|-damage|p1a: Nate|68/100 brn|[from] brn
|-damage|p2a: Blissey|90/100 tox|[from] psn
|upkeep
|turn|16
|
|t:|1620707534
|move|p1a: Nate|Recover|p1a: Nate
|-heal|p1a: Nate|100/100 brn
|move|p2a: Blissey|Confide|p1a: Nate
|-unboost|p1a: Nate|spa|1
|
|-damage|p1a: Nate|94/100 brn|[from] brn
|-damage|p2a: Blissey|78/100 tox|[from] psn
|upkeep
|turn|17
|
|t:|1620707541
|switch|p1a: JT Yao|Xerneas|100/100
|-ability|p1a: JT Yao|Fairy Aura
|switch|p2a: Necrozma|Necrozma-Dusk-Mane|94/100
|-damage|p2a: Necrozma|88/100|[from] Stealth Rock
|
|upkeep
|turn|18
|
|t:|1620707546
|switch|p1a: Mike Stronta|Necrozma-Dusk-Mane|83/100
|move|p2a: Necrozma|Stealth Rock|p1a: Mike Stronta
|-sidestart|p1: Pepeletoro1894|move: Stealth Rock
|
|upkeep
|turn|19
|
|t:|1620707570
|move|p2a: Necrozma|Knock Off|p1a: Mike Stronta
|-supereffective|p1a: Mike Stronta
|-damage|p1a: Mike Stronta|56/100
|-damage|p2a: Necrozma|72/100|[from] item: Rocky Helmet|[of] p1a: Mike Stronta
|-enditem|p1a: Mike Stronta|Rocky Helmet|[from] move: Knock Off|[of] p2a: Necrozma
|move|p1a: Mike Stronta|Morning Sun|p1a: Mike Stronta
|-heal|p1a: Mike Stronta|100/100
|
|upkeep
|turn|20
|
|t:|1620707581
|switch|p2a: Yveltal|Yveltal|100/100
|-ability|p2a: Yveltal|Dark Aura
|move|p1a: Mike Stronta|Earthquake|p2a: Yveltal
|-immune|p2a: Yveltal
|
|upkeep
|turn|21
|
|t:|1620707597
|move|p2a: Yveltal|Knock Off|p1a: Mike Stronta
|-supereffective|p1a: Mike Stronta
|-damage|p1a: Mike Stronta|69/100
|move|p1a: Mike Stronta|Sunsteel Strike|p2a: Yveltal
|-damage|p2a: Yveltal|57/100
|
|upkeep
|turn|22
|
|t:|1620707606
|switch|p1a: JT Yao|Xerneas|100/100
|-damage|p1a: JT Yao|88/100|[from] Stealth Rock
|-ability|p1a: JT Yao|Fairy Aura
|move|p2a: Yveltal|Roost|p2a: Yveltal
|-heal|p2a: Yveltal|100/100
|-singleturn|p2a: Yveltal|move: Roost
|
|upkeep
|turn|23
|
|t:|1620707614
|switch|p2a: Necrozma|Necrozma-Dusk-Mane|72/100
|-damage|p2a: Necrozma|66/100|[from] Stealth Rock
|move|p1a: JT Yao|Play Rough|p2a: Necrozma
|-resisted|p2a: Necrozma
|-damage|p2a: Necrozma|40/100
|-damage|p1a: JT Yao|71/100|[from] item: Rocky Helmet|[of] p2a: Necrozma
|
|upkeep
|turn|24
|
|t:|1620707621
|move|p1a: JT Yao|Play Rough|p2a: Necrozma
|-resisted|p2a: Necrozma
|-damage|p2a: Necrozma|12/100
|-damage|p1a: JT Yao|55/100|[from] item: Rocky Helmet|[of] p2a: Necrozma
|move|p2a: Necrozma|Moonlight|p2a: Necrozma
|-heal|p2a: Necrozma|61/100
|
|upkeep
|turn|25
|
|t:|1620707627
|switch|p1a: Dylan|Yveltal|91/100
|-damage|p1a: Dylan|66/100|[from] Stealth Rock
|-ability|p1a: Dylan|Dark Aura
|move|p2a: Necrozma|Moonlight|p2a: Necrozma
|-heal|p2a: Necrozma|100/100
|
|upkeep
|turn|26
|
|t:|1620707638
|switch|p2a: Blissey|Blissey, F|78/100
|-damage|p2a: Blissey|65/100|[from] Stealth Rock
|move|p1a: Dylan|Dark Pulse|p2a: Blissey
|-damage|p2a: Blissey|43/100
|-damage|p1a: Dylan|56/100|[from] item: Life Orb
|
|upkeep
|turn|27
|
|t:|1620707644
|move|p1a: Dylan|Dark Pulse|p2a: Blissey
|-damage|p2a: Blissey|22/100
|-damage|p1a: Dylan|46/100|[from] item: Life Orb
|cant|p2a: Blissey|flinch
|
|upkeep
|turn|28
|
|t:|1620707650
|switch|p2a: Eternatus|Eternatus|94/100
|-damage|p2a: Eternatus|82/100|[from] Stealth Rock
|-ability|p2a: Eternatus|Pressure
|move|p1a: Dylan|Dark Pulse|p2a: Eternatus
|-damage|p2a: Eternatus|22/100
|-damage|p1a: Dylan|36/100|[from] item: Life Orb
|
|-heal|p2a: Eternatus|29/100|[from] item: Black Sludge
|upkeep
|turn|29
|
|t:|1620707659
|move|p2a: Eternatus|Recover|p2a: Eternatus
|-heal|p2a: Eternatus|79/100
|move|p1a: Dylan|Roost|p1a: Dylan
|-heal|p1a: Dylan|86/100
|-singleturn|p1a: Dylan|move: Roost
|
|-heal|p2a: Eternatus|85/100|[from] item: Black Sludge
|upkeep
|turn|30
|
|t:|1620707667
|switch|p1a: Nate|Eternatus|94/100 brn
|-ability|p1a: Nate|Pressure
|move|p2a: Eternatus|Toxic||[still]
|-fail|p2a: Eternatus
|
|-heal|p2a: Eternatus|91/100|[from] item: Black Sludge
|-damage|p1a: Nate|88/100 brn|[from] brn
|upkeep
|turn|31
|
|t:|1620707673
|move|p2a: Eternatus|Dynamax Cannon|p1a: Nate
|-supereffective|p1a: Nate
|-damage|p1a: Nate|32/100 brn
|move|p1a: Nate|Dynamax Cannon|p2a: Eternatus
|-supereffective|p2a: Eternatus
|-damage|p2a: Eternatus|8/100
|
|-heal|p2a: Eternatus|14/100|[from] item: Black Sludge
|-damage|p1a: Nate|26/100 brn|[from] brn
|upkeep
|turn|32
|
|t:|1620707682
|move|p1a: Nate|Dynamax Cannon|p2a: Eternatus
|-supereffective|p2a: Eternatus
|-damage|p2a: Eternatus|0 fnt
|faint|p2a: Eternatus
|
|-damage|p1a: Nate|20/100 brn|[from] brn
|upkeep
|
|t:|1620707694
|switch|p2a: Ditto|Ditto|100/100
|-damage|p2a: Ditto|88/100|[from] Stealth Rock
|-transform|p2a: Ditto|p1a: Nate|[from] ability: Imposter
|-ability|p2a: Ditto|Pressure
|turn|33
|
|t:|1620707703
|switch|p1a: Mike Stronta|Necrozma-Dusk-Mane|69/100
|-damage|p1a: Mike Stronta|63/100|[from] Stealth Rock
|move|p2a: Ditto|Dynamax Cannon|p1a: Mike Stronta
|-resisted|p1a: Mike Stronta
|-damage|p1a: Mike Stronta|44/100
|
|upkeep
|turn|34
|
|t:|1620707709
|switch|p2a: Yveltal|Yveltal|100/100
|-ability|p2a: Yveltal|Dark Aura
|move|p1a: Mike Stronta|Morning Sun|p1a: Mike Stronta
|-heal|p1a: Mike Stronta|94/100
|
|upkeep
|turn|35
|
|t:|1620707723
|move|p2a: Yveltal|Knock Off|p1a: Mike Stronta
|-supereffective|p1a: Mike Stronta
|-damage|p1a: Mike Stronta|64/100
|move|p1a: Mike Stronta|Sunsteel Strike|p2a: Yveltal
|-damage|p2a: Yveltal|56/100
|
|upkeep
|turn|36
|
|t:|1620707726
|move|p2a: Yveltal|Knock Off|p1a: Mike Stronta
|-supereffective|p1a: Mike Stronta
|-damage|p1a: Mike Stronta|35/100
|move|p1a: Mike Stronta|Morning Sun|p1a: Mike Stronta
|-heal|p1a: Mike Stronta|85/100
|
|upkeep
|turn|37
|
|t:|1620707731
|move|p2a: Yveltal|Knock Off|p1a: Mike Stronta
|-supereffective|p1a: Mike Stronta
|-damage|p1a: Mike Stronta|53/100
|move|p1a: Mike Stronta|Sunsteel Strike|p2a: Yveltal
|-damage|p2a: Yveltal|9/100
|
|upkeep
|turn|38
|
|t:|1620707736
|switch|p1a: JT Yao|Xerneas|55/100
|-damage|p1a: JT Yao|42/100|[from] Stealth Rock
|-ability|p1a: JT Yao|Fairy Aura
|move|p2a: Yveltal|Roost|p2a: Yveltal
|-heal|p2a: Yveltal|59/100
|-singleturn|p2a: Yveltal|move: Roost
|
|upkeep
|turn|39
|
|t:|1620707748
|switch|p2a: Necrozma|Necrozma-Dusk-Mane|100/100
|-damage|p2a: Necrozma|94/100|[from] Stealth Rock
|switch|p1a: Nate|Eternatus|20/100 brn
|-ability|p1a: Nate|Pressure
|
|-damage|p1a: Nate|14/100 brn|[from] brn
|upkeep
|turn|40
|
|t:|1620707755
|move|p1a: Nate|Recover|p1a: Nate
|-heal|p1a: Nate|64/100 brn
|move|p2a: Necrozma|Knock Off|p1a: Nate
|-damage|p1a: Nate|41/100 brn
|-enditem|p1a: Nate|Heavy-Duty Boots|[from] move: Knock Off|[of] p2a: Necrozma
|
|-damage|p1a: Nate|34/100 brn|[from] brn
|upkeep
|turn|41
|
|t:|1620707761
|move|p1a: Nate|Recover|p1a: Nate
|-heal|p1a: Nate|84/100 brn
|move|p2a: Necrozma|Sunsteel Strike|p1a: Nate
|-damage|p1a: Nate|44/100 brn
|
|-damage|p1a: Nate|38/100 brn|[from] brn
|upkeep
|turn|42
|
|t:|1620707782
|move|p1a: Nate|Recover|p1a: Nate
|-heal|p1a: Nate|88/100 brn
|move|p2a: Necrozma|Sunsteel Strike|p1a: Nate
|-damage|p1a: Nate|51/100 brn
|
|-damage|p1a: Nate|45/100 brn|[from] brn
|upkeep
|turn|43
|
|t:|1620707790
|move|p1a: Nate|Recover|p1a: Nate
|-heal|p1a: Nate|95/100 brn
|move|p2a: Necrozma|Knock Off|p1a: Nate
|-damage|p1a: Nate|77/100 brn
|
|-damage|p1a: Nate|71/100 brn|[from] brn
|upkeep
|turn|44
|
|t:|1620707795
|move|p1a: Nate|Mystical Fire|p2a: Necrozma
|-supereffective|p2a: Necrozma
|-damage|p2a: Necrozma|67/100
|-unboost|p2a: Necrozma|spa|1
|move|p2a: Necrozma|Knock Off|p1a: Nate
|-damage|p1a: Nate|55/100 brn
|
|-damage|p1a: Nate|49/100 brn|[from] brn
|upkeep
|turn|45
|inactive|ULT8RQ KB has 120 seconds left.
|
|t:|1620707826
|move|p1a: Nate|Recover|p1a: Nate
|-heal|p1a: Nate|99/100 brn
|move|p2a: Necrozma|Moonlight|p2a: Necrozma
|-heal|p2a: Necrozma|100/100
|
|-damage|p1a: Nate|93/100 brn|[from] brn
|upkeep
|turn|46
|inactive|ULT8RQ KB has 120 seconds left.
|
|t:|1620707837
|move|p1a: Nate|Mystical Fire|p2a: Necrozma
|-supereffective|p2a: Necrozma
|-damage|p2a: Necrozma|72/100
|-unboost|p2a: Necrozma|spa|1
|move|p2a: Necrozma|Knock Off|p1a: Nate
|-damage|p1a: Nate|76/100 brn
|
|-damage|p1a: Nate|70/100 brn|[from] brn
|upkeep
|turn|47
|
|t:|1620707843
|move|p1a: Nate|Mystical Fire|p2a: Necrozma
|-supereffective|p2a: Necrozma
|-damage|p2a: Necrozma|46/100
|-unboost|p2a: Necrozma|spa|1
|move|p2a: Necrozma|Moonlight|p2a: Necrozma
|-heal|p2a: Necrozma|96/100
|
|-damage|p1a: Nate|64/100 brn|[from] brn
|upkeep
|turn|48
|
|t:|1620707850
|switch|p2a: Yveltal|Yveltal|59/100
|-ability|p2a: Yveltal|Dark Aura
|move|p1a: Nate|Mystical Fire|p2a: Yveltal
|-damage|p2a: Yveltal|42/100
|-unboost|p2a: Yveltal|spa|1
|
|-damage|p1a: Nate|58/100 brn|[from] brn
|upkeep
|turn|49
|
|t:|1620707859
|move|p1a: Nate|Toxic|p2a: Yveltal
|-status|p2a: Yveltal|tox
|move|p2a: Yveltal|Roost|p2a: Yveltal
|-heal|p2a: Yveltal|92/100 tox
|-singleturn|p2a: Yveltal|move: Roost
|
|-damage|p1a: Nate|52/100 brn|[from] brn
|-damage|p2a: Yveltal|86/100 tox|[from] psn
|upkeep
|turn|50
|
|t:|1620707868
|switch|p2a: Necrozma|Necrozma-Dusk-Mane|96/100
|-damage|p2a: Necrozma|90/100|[from] Stealth Rock
|move|p1a: Nate|Recover|p1a: Nate
|-heal|p1a: Nate|100/100 brn
|
|-damage|p1a: Nate|94/100 brn|[from] brn
|upkeep
|turn|51
|
|t:|1620707886
|switch|p2a: Yveltal|Yveltal|86/100 tox
|-ability|p2a: Yveltal|Dark Aura
|move|p1a: Nate|Mystical Fire|p2a: Yveltal
|-damage|p2a: Yveltal|70/100 tox
|-unboost|p2a: Yveltal|spa|1
|
|-damage|p1a: Nate|88/100 brn|[from] brn
|-damage|p2a: Yveltal|64/100 tox|[from] psn
|upkeep
|turn|52
|
|t:|1620707904
|switch|p1a: JT Yao|Xerneas|42/100
|-damage|p1a: JT Yao|30/100|[from] Stealth Rock
|-ability|p1a: JT Yao|Fairy Aura
|move|p2a: Yveltal|Roost|p2a: Yveltal
|-heal|p2a: Yveltal|100/100 tox
|-singleturn|p2a: Yveltal|move: Roost
|
|-damage|p2a: Yveltal|88/100 tox|[from] psn
|upkeep
|turn|53
|
|t:|1620707911
|switch|p2a: Necrozma|Necrozma-Dusk-Mane|90/100
|-damage|p2a: Necrozma|84/100|[from] Stealth Rock
|move|p1a: JT Yao|Close Combat|p2a: Necrozma
|-damage|p2a: Necrozma|48/100
|-unboost|p1a: JT Yao|def|1
|-unboost|p1a: JT Yao|spd|1
|-damage|p1a: JT Yao|13/100|[from] item: Rocky Helmet|[of] p2a: Necrozma
|
|upkeep
|turn|54
|
|t:|1620707922
|switch|p1a: Eric|Groudon|100/100
|-damage|p1a: Eric|94/100|[from] Stealth Rock
|-weather|SunnyDay|[from] ability: Drought|[of] p1a: Eric
|move|p2a: Necrozma|Moonlight|p2a: Necrozma
|-heal|p2a: Necrozma|100/100
|
|-weather|SunnyDay|[upkeep]
|-heal|p1a: Eric|100/100|[from] item: Leftovers
|upkeep
|turn|55
|
|t:|1620707941
|switch|p2a: Lunala|Lunala|58/100
|move|p1a: Eric|Stone Edge|p2a: Lunala|[miss]
|-miss|p1a: Eric|p2a: Lunala
|
|-weather|SunnyDay|[upkeep]
|upkeep
|turn|56
|
|t:|1620707948
|move|p2a: Lunala|Roost|p2a: Lunala
|-heal|p2a: Lunala|100/100
|-singleturn|p2a: Lunala|move: Roost
|move|p1a: Eric|Precipice Blades|p2a: Lunala
|-damage|p2a: Lunala|77/100
|
|-weather|SunnyDay|[upkeep]
|upkeep
|turn|57
|
|t:|1620707952
|move|p2a: Lunala|Will-O-Wisp|p1a: Eric
|-status|p1a: Eric|brn
|move|p1a: Eric|Toxic|p2a: Lunala|[miss]
|-miss|p1a: Eric|p2a: Lunala
|
|-weather|SunnyDay|[upkeep]
|-damage|p1a: Eric|94/100 brn|[from] brn
|upkeep
|turn|58
|
|t:|1620707962
|move|p2a: Lunala|Ice Beam|p1a: Eric
|-supereffective|p1a: Eric
|-damage|p1a: Eric|39/100 brn
|move|p1a: Eric|Swords Dance|p1a: Eric
|-boost|p1a: Eric|atk|2
|
|-weather|none
|-heal|p1a: Eric|46/100 brn|[from] item: Leftovers
|-damage|p1a: Eric|39/100 brn|[from] brn
|upkeep
|turn|59
|
|t:|1620707965
|move|p2a: Lunala|Ice Beam|p1a: Eric
|-supereffective|p1a: Eric
|-damage|p1a: Eric|0 fnt
|faint|p1a: Eric
|
|upkeep
|
|t:|1620707968
|switch|p1a: Dylan|Yveltal|86/100
|-damage|p1a: Dylan|61/100|[from] Stealth Rock
|-ability|p1a: Dylan|Dark Aura
|turn|60
|inactive|ULT8RQ KB has 120 seconds left.
|
|t:|1620707999
|switch|p2a: Blissey|Blissey, F|22/100
|-damage|p2a: Blissey|9/100|[from] Stealth Rock
|move|p1a: Dylan|Roost|p1a: Dylan
|-heal|p1a: Dylan|100/100
|-singleturn|p1a: Dylan|move: Roost
|
|upkeep
|turn|61
|
|t:|1620708006
|move|p1a: Dylan|Oblivion Wing|p2a: Blissey
|-crit|p2a: Blissey
|-damage|p2a: Blissey|0 fnt
|faint|p2a: Blissey
|-damage|p1a: Dylan|91/100|[from] item: Life Orb
|
|upkeep
|
|t:|1620708010
|switch|p2a: Yveltal|Yveltal|88/100 tox
|-ability|p2a: Yveltal|Dark Aura
|turn|62
|
|t:|1620708020
|switch|p1a: Nate|Eternatus|88/100 brn
|-damage|p1a: Nate|76/100 brn|[from] Stealth Rock
|-ability|p1a: Nate|Pressure
|move|p2a: Yveltal|Toxic||[still]
|-fail|p2a: Yveltal
|
|-damage|p1a: Nate|70/100 brn|[from] brn
|-damage|p2a: Yveltal|82/100 tox|[from] psn
|upkeep
|turn|63
|
|t:|1620708039
|switch|p2a: Necrozma|Necrozma-Dusk-Mane|100/100
|-damage|p2a: Necrozma|94/100|[from] Stealth Rock
|move|p1a: Nate|Mystical Fire|p2a: Necrozma
|-supereffective|p2a: Necrozma
|-damage|p2a: Necrozma|68/100
|-unboost|p2a: Necrozma|spa|1
|
|-damage|p1a: Nate|64/100 brn|[from] brn
|upkeep
|turn|64
|
|t:|1620708051
|move|p1a: Nate|Mystical Fire|p2a: Necrozma
|-supereffective|p2a: Necrozma
|-damage|p2a: Necrozma|37/100
|-unboost|p2a: Necrozma|spa|1
|move|p2a: Necrozma|Moonlight|p2a: Necrozma
|-heal|p2a: Necrozma|87/100
|
|-damage|p1a: Nate|58/100 brn|[from] brn
|upkeep
|turn|65
|
|t:|1620708058
|switch|p2a: Yveltal|Yveltal|82/100 tox
|-ability|p2a: Yveltal|Dark Aura
|move|p1a: Nate|Recover|p1a: Nate
|-heal|p1a: Nate|100/100 brn
|
|-damage|p1a: Nate|94/100 brn|[from] brn
|-damage|p2a: Yveltal|76/100 tox|[from] psn
|upkeep
|turn|66
|
|t:|1620708078
|move|p1a: Nate|Mystical Fire|p2a: Yveltal
|-damage|p2a: Yveltal|58/100 tox
|-unboost|p2a: Yveltal|spa|1
|move|p2a: Yveltal|Roost|p2a: Yveltal
|-heal|p2a: Yveltal|100/100 tox
|-singleturn|p2a: Yveltal|move: Roost
|
|-damage|p1a: Nate|88/100 brn|[from] brn
|-damage|p2a: Yveltal|88/100 tox|[from] psn
|upkeep
|turn|67
|
|t:|1620708084
|move|p1a: Nate|Dynamax Cannon|p2a: Yveltal
|-damage|p2a: Yveltal|53/100 tox
|move|p2a: Yveltal|Roost|p2a: Yveltal
|-heal|p2a: Yveltal|100/100 tox
|-singleturn|p2a: Yveltal|move: Roost
|
|-damage|p1a: Nate|82/100 brn|[from] brn
|-damage|p2a: Yveltal|82/100 tox|[from] psn
|upkeep
|turn|68
|
|t:|1620708092
|move|p1a: Nate|Mystical Fire|p2a: Yveltal
|-damage|p2a: Yveltal|66/100 tox
|-unboost|p2a: Yveltal|spa|1
|move|p2a: Yveltal|Roost|p2a: Yveltal
|-heal|p2a: Yveltal|100/100 tox
|-singleturn|p2a: Yveltal|move: Roost
|
|-damage|p1a: Nate|76/100 brn|[from] brn
|-damage|p2a: Yveltal|76/100 tox|[from] psn
|upkeep
|turn|69
|
|t:|1620708096
|switch|p2a: Necrozma|Necrozma-Dusk-Mane|87/100
|-damage|p2a: Necrozma|81/100|[from] Stealth Rock
|move|p1a: Nate|Recover|p1a: Nate
|-heal|p1a: Nate|100/100 brn
|
|-damage|p1a: Nate|94/100 brn|[from] brn
|upkeep
|turn|70
|
|t:|1620708105
|move|p1a: Nate|Mystical Fire|p2a: Necrozma
|-supereffective|p2a: Necrozma
|-damage|p2a: Necrozma|54/100
|-unboost|p2a: Necrozma|spa|1
|move|p2a: Necrozma|Knock Off|p1a: Nate
|-damage|p1a: Nate|76/100 brn
|
|-damage|p1a: Nate|70/100 brn|[from] brn
|upkeep
|turn|71
|
|t:|1620708111
|move|p1a: Nate|Mystical Fire|p2a: Necrozma
|-supereffective|p2a: Necrozma
|-damage|p2a: Necrozma|26/100
|-unboost|p2a: Necrozma|spa|1
|move|p2a: Necrozma|Moonlight|p2a: Necrozma
|-heal|p2a: Necrozma|76/100
|
|-damage|p1a: Nate|64/100 brn|[from] brn
|upkeep
|turn|72
|
|t:|1620708116
|move|p1a: Nate|Recover|p1a: Nate
|-heal|p1a: Nate|100/100 brn
|move|p2a: Necrozma|Knock Off|p1a: Nate
|-damage|p1a: Nate|83/100 brn
|
|-damage|p1a: Nate|77/100 brn|[from] brn
|upkeep
|turn|73
|
|t:|1620708119
|switch|p2a: Yveltal|Yveltal|76/100 tox
|-ability|p2a: Yveltal|Dark Aura
|move|p1a: Nate|Mystical Fire|p2a: Yveltal
|-damage|p2a: Yveltal|60/100 tox
|-unboost|p2a: Yveltal|spa|1
|
|-damage|p1a: Nate|71/100 brn|[from] brn
|-damage|p2a: Yveltal|54/100 tox|[from] psn
|upkeep
|turn|74
|
|t:|1620708123
|switch|p1a: JT Yao|Xerneas|13/100
|-damage|p1a: JT Yao|1/100|[from] Stealth Rock
|-ability|p1a: JT Yao|Fairy Aura
|move|p2a: Yveltal|Roost|p2a: Yveltal
|-heal|p2a: Yveltal|100/100 tox
|-singleturn|p2a: Yveltal|move: Roost
|
|-damage|p2a: Yveltal|88/100 tox|[from] psn
|upkeep
|turn|75
|
|t:|1620708139
|move|p2a: Yveltal|Knock Off|p1a: JT Yao
|-resisted|p1a: JT Yao
|-damage|p1a: JT Yao|0 fnt
|-enditem|p1a: JT Yao|Choice Band|[from] move: Knock Off|[of] p2a: Yveltal
|faint|p1a: JT Yao
|
|-damage|p2a: Yveltal|70/100 tox|[from] psn
|upkeep
|
|t:|1620708153
|switch|p1a: Nate|Eternatus|71/100 brn
|-damage|p1a: Nate|59/100 brn|[from] Stealth Rock
|-ability|p1a: Nate|Pressure
|turn|76
|
|t:|1620708158
|move|p1a: Nate|Recover|p1a: Nate
|-heal|p1a: Nate|100/100 brn
|move|p2a: Yveltal|Roost|p2a: Yveltal
|-heal|p2a: Yveltal|100/100 tox
|-singleturn|p2a: Yveltal|move: Roost
|
|-damage|p1a: Nate|94/100 brn|[from] brn
|-damage|p2a: Yveltal|76/100 tox|[from] psn
|upkeep
|turn|77
|
|t:|1620708171
|switch|p2a: Necrozma|Necrozma-Dusk-Mane|76/100
|-damage|p2a: Necrozma|70/100|[from] Stealth Rock
|move|p1a: Nate|Toxic|p2a: Necrozma
|-immune|p2a: Necrozma
|
|-damage|p1a: Nate|88/100 brn|[from] brn
|upkeep
|turn|78
|
|t:|1620708177
|move|p1a: Nate|Toxic|p2a: Necrozma
|-immune|p2a: Necrozma
|move|p2a: Necrozma|Sunsteel Strike|p1a: Nate
|-damage|p1a: Nate|48/100 brn
|
|-damage|p1a: Nate|42/100 brn|[from] brn
|upkeep
|turn|79
|
|t:|1620708190
|switch|p2a: Yveltal|Yveltal|76/100 tox
|-ability|p2a: Yveltal|Dark Aura
|move|p1a: Nate|Recover|p1a: Nate
|-heal|p1a: Nate|92/100 brn
|
|-damage|p1a: Nate|86/100 brn|[from] brn
|-damage|p2a: Yveltal|70/100 tox|[from] psn
|upkeep
|turn|80
|
|t:|1620708200
|switch|p1a: Mike Stronta|Necrozma-Dusk-Mane|53/100
|-damage|p1a: Mike Stronta|47/100|[from] Stealth Rock
|move|p2a: Yveltal|Roost|p2a: Yveltal
|-heal|p2a: Yveltal|100/100 tox
|-singleturn|p2a: Yveltal|move: Roost
|
|-damage|p2a: Yveltal|88/100 tox|[from] psn
|upkeep
|turn|81
|
|t:|1620708204
|move|p2a: Yveltal|Knock Off|p1a: Mike Stronta
|-supereffective|p1a: Mike Stronta
|-damage|p1a: Mike Stronta|19/100
|move|p1a: Mike Stronta|Morning Sun|p1a: Mike Stronta
|-heal|p1a: Mike Stronta|69/100
|
|-damage|p2a: Yveltal|70/100 tox|[from] psn
|upkeep
|turn|82
|
|t:|1620708210
|switch|p2a: Lunala|Lunala|77/100
|move|p1a: Mike Stronta|Morning Sun|p1a: Mike Stronta
|-heal|p1a: Mike Stronta|100/100
|
|upkeep
|turn|83
|
|t:|1620708214
|switch|p1a: Dylan|Yveltal|91/100
|-damage|p1a: Dylan|66/100|[from] Stealth Rock
|-ability|p1a: Dylan|Dark Aura
|move|p2a: Lunala|Roost|p2a: Lunala
|-heal|p2a: Lunala|100/100
|-singleturn|p2a: Lunala|move: Roost
|
|upkeep
|turn|84
|
|t:|1620708225
|switch|p2a: Yveltal|Yveltal|70/100 tox
|-ability|p2a: Yveltal|Dark Aura
|move|p1a: Dylan|Dark Pulse|p2a: Yveltal
|-resisted|p2a: Yveltal
|-damage|p2a: Yveltal|44/100 tox
|-damage|p1a: Dylan|56/100|[from] item: Life Orb
|
|-damage|p2a: Yveltal|38/100 tox|[from] psn
|upkeep
|turn|85
|
|t:|1620708235
|move|p1a: Dylan|Oblivion Wing|p2a: Yveltal
|-damage|p2a: Yveltal|2/100 tox
|-heal|p1a: Dylan|83/100|[from] drain|[of] p2a: Yveltal
|-damage|p1a: Dylan|73/100|[from] item: Life Orb
|move|p2a: Yveltal|Roost|p2a: Yveltal
|-heal|p2a: Yveltal|52/100 tox
|-singleturn|p2a: Yveltal|move: Roost
|
|-damage|p2a: Yveltal|40/100 tox|[from] psn
|upkeep
|turn|86
|
|t:|1620708243
|switch|p1a: Mike Stronta|Necrozma-Dusk-Mane|100/100
|-damage|p1a: Mike Stronta|94/100|[from] Stealth Rock
|move|p2a: Yveltal|Toxic|p1a: Mike Stronta
|-immune|p1a: Mike Stronta
|
|-damage|p2a: Yveltal|22/100 tox|[from] psn
|upkeep
|turn|87
|
|t:|1620708252
|switch|p2a: Lunala|Lunala|100/100
|move|p1a: Mike Stronta|Stealth Rock||[still]
|-fail|p1a: Mike Stronta
|
|upkeep
|turn|88
|j| attitude adjuste<r
|
|t:|1620708262
|move|p2a: Lunala|Will-O-Wisp|p1a: Mike Stronta
|-status|p1a: Mike Stronta|brn
|move|p1a: Mike Stronta|Sunsteel Strike|p2a: Lunala
|-damage|p2a: Lunala|91/100
|
|-damage|p1a: Mike Stronta|88/100 brn|[from] brn
|upkeep
|turn|89
|
|t:|1620708267
|move|p2a: Lunala|Will-O-Wisp|p1a: Mike Stronta
|-fail|p1a: Mike Stronta|brn
|move|p1a: Mike Stronta|Earthquake|p2a: Lunala
|-damage|p2a: Lunala|78/100
|
|-damage|p1a: Mike Stronta|82/100 brn|[from] brn
|upkeep
|turn|90
|
|t:|1620708270
|switch|p1a: Nate|Eternatus|86/100 brn
|-damage|p1a: Nate|73/100 brn|[from] Stealth Rock
|-ability|p1a: Nate|Pressure
|move|p2a: Lunala|Will-O-Wisp|p1a: Nate
|-fail|p1a: Nate|brn
|
|-damage|p1a: Nate|67/100 brn|[from] brn
|upkeep
|turn|91
|
|t:|1620708275
|move|p1a: Nate|Toxic|p2a: Lunala
|-status|p2a: Lunala|tox
|move|p2a: Lunala|Roost|p2a: Lunala
|-heal|p2a: Lunala|100/100 tox
|-singleturn|p2a: Lunala|move: Roost
|
|-damage|p1a: Nate|61/100 brn|[from] brn
|-damage|p2a: Lunala|94/100 tox|[from] psn
|upkeep
|turn|92
|
|t:|1620708282
|switch|p1a: Mike Stronta|Necrozma-Dusk-Mane|82/100 brn
|-damage|p1a: Mike Stronta|76/100 brn|[from] Stealth Rock
|move|p2a: Lunala|Ice Beam|p1a: Mike Stronta
|-resisted|p1a: Mike Stronta
|-damage|p1a: Mike Stronta|67/100 brn
|
|-damage|p2a: Lunala|82/100 tox|[from] psn
|-damage|p1a: Mike Stronta|61/100 brn|[from] brn
|upkeep
|turn|93
|j|+Aberforth
|
|t:|1620708291
|switch|p2a: Necrozma|Necrozma-Dusk-Mane|70/100
|-damage|p2a: Necrozma|63/100|[from] Stealth Rock
|move|p1a: Mike Stronta|Morning Sun|p1a: Mike Stronta
|-heal|p1a: Mike Stronta|100/100 brn
|
|-damage|p1a: Mike Stronta|94/100 brn|[from] brn
|upkeep
|turn|94
|
|t:|1620708305
|move|p2a: Necrozma|Knock Off|p1a: Mike Stronta
|-supereffective|p1a: Mike Stronta
|-damage|p1a: Mike Stronta|76/100 brn
|move|p1a: Mike Stronta|Earthquake|p2a: Necrozma
|-supereffective|p2a: Necrozma
|-damage|p2a: Necrozma|49/100
|
|-damage|p1a: Mike Stronta|70/100 brn|[from] brn
|upkeep
|turn|95
|
|t:|1620708314
|move|p2a: Necrozma|Sunsteel Strike|p1a: Mike Stronta
|-resisted|p1a: Mike Stronta
|-damage|p1a: Mike Stronta|58/100 brn
|move|p1a: Mike Stronta|Earthquake|p2a: Necrozma
|-supereffective|p2a: Necrozma
|-damage|p2a: Necrozma|35/100
|
|-damage|p1a: Mike Stronta|52/100 brn|[from] brn
|upkeep
|turn|96
|
|t:|1620708319
|move|p2a: Necrozma|Moonlight|p2a: Necrozma
|-heal|p2a: Necrozma|85/100
|move|p1a: Mike Stronta|Morning Sun|p1a: Mike Stronta
|-heal|p1a: Mike Stronta|100/100 brn
|
|-damage|p1a: Mike Stronta|94/100 brn|[from] brn
|upkeep
|turn|97
|
|t:|1620708324
|move|p2a: Necrozma|Knock Off|p1a: Mike Stronta
|-supereffective|p1a: Mike Stronta
|-damage|p1a: Mike Stronta|78/100 brn
|move|p1a: Mike Stronta|Earthquake|p2a: Necrozma
|-supereffective|p2a: Necrozma
|-damage|p2a: Necrozma|72/100
|
|-damage|p1a: Mike Stronta|72/100 brn|[from] brn
|upkeep
|turn|98
|
|t:|1620708339
|switch|p2a: Lunala|Lunala|82/100 tox
|move|p1a: Mike Stronta|Earthquake|p2a: Lunala
|-damage|p2a: Lunala|69/100 tox
|
|-damage|p2a: Lunala|63/100 tox|[from] psn
|-damage|p1a: Mike Stronta|66/100 brn|[from] brn
|upkeep
|turn|99
|
|t:|1620708344
|move|p2a: Lunala|Ice Beam|p1a: Mike Stronta
|-resisted|p1a: Mike Stronta
|-damage|p1a: Mike Stronta|55/100 brn
|move|p1a: Mike Stronta|Stealth Rock||[still]
|-fail|p1a: Mike Stronta
|
|-damage|p2a: Lunala|51/100 tox|[from] psn
|-damage|p1a: Mike Stronta|48/100 brn|[from] brn
|upkeep
|turn|100
|
|t:|1620708349
|move|p2a: Lunala|Roost|p2a: Lunala
|-heal|p2a: Lunala|100/100 tox
|-singleturn|p2a: Lunala|move: Roost
|move|p1a: Mike Stronta|Stealth Rock||[still]
|-fail|p1a: Mike Stronta
|
|-damage|p2a: Lunala|82/100 tox|[from] psn
|-damage|p1a: Mike Stronta|42/100 brn|[from] brn
|upkeep
|turn|101
|
|t:|1620708356
|move|p1a: Mike Stronta|Morning Sun|p1a: Mike Stronta
|-heal|p1a: Mike Stronta|92/100 brn
|move|p2a: Lunala|Roar|p1a: Mike Stronta
|drag|p1a: Nate|Eternatus|61/100 brn
|-damage|p1a: Nate|49/100 brn|[from] Stealth Rock
|-ability|p1a: Nate|Pressure
|
|-damage|p1a: Nate|43/100 brn|[from] brn
|-damage|p2a: Lunala|58/100 tox|[from] psn
|upkeep
|turn|102
|
|t:|1620708367
|switch|p2a: Ditto|Ditto|88/100
|-damage|p2a: Ditto|76/100|[from] Stealth Rock
|-transform|p2a: Ditto|p1a: Nate|[from] ability: Imposter
|-ability|p2a: Ditto|Pressure
|move|p1a: Nate|Recover|p1a: Nate
|-heal|p1a: Nate|93/100 brn
|
|-damage|p1a: Nate|87/100 brn|[from] brn
|upkeep
|turn|103
|inactive|ULT8RQ KB has 120 seconds left.
|
|t:|1620708408
|switch|p2a: Necrozma|Necrozma-Dusk-Mane|72/100
|-damage|p2a: Necrozma|66/100|[from] Stealth Rock
|move|p1a: Nate|Dynamax Cannon|p2a: Necrozma
|-resisted|p2a: Necrozma
|-damage|p2a: Necrozma|48/100
|
|-damage|p1a: Nate|81/100 brn|[from] brn
|upkeep
|turn|104
|l| ULT8RQ Quintuplets
|
|t:|1620708420
|move|p1a: Nate|Mystical Fire|p2a: Necrozma
|-supereffective|p2a: Necrozma
|-damage|p2a: Necrozma|18/100
|-unboost|p2a: Necrozma|spa|1
|move|p2a: Necrozma|Sunsteel Strike|p1a: Nate
|-damage|p1a: Nate|42/100 brn
|
|-damage|p1a: Nate|36/100 brn|[from] brn
|upkeep
|turn|105
|
|t:|1620708432
|switch|p2a: Lunala|Lunala|58/100 tox
|move|p1a: Nate|Recover|p1a: Nate
|-heal|p1a: Nate|86/100 brn
|
|-damage|p1a: Nate|80/100 brn|[from] brn
|-damage|p2a: Lunala|52/100 tox|[from] psn
|upkeep
|turn|106
|
|t:|1620708448
|switch|p1a: Mike Stronta|Necrozma-Dusk-Mane|92/100 brn
|-damage|p1a: Mike Stronta|86/100 brn|[from] Stealth Rock
|move|p2a: Lunala|Ice Beam|p1a: Mike Stronta
|-resisted|p1a: Mike Stronta
|-damage|p1a: Mike Stronta|75/100 brn
|
|-damage|p2a: Lunala|40/100 tox|[from] psn
|-damage|p1a: Mike Stronta|69/100 brn|[from] brn
|upkeep
|turn|107
|
|t:|1620708456
|move|p2a: Lunala|Roost|p2a: Lunala
|-heal|p2a: Lunala|90/100 tox
|-singleturn|p2a: Lunala|move: Roost
|move|p1a: Mike Stronta|Earthquake|p2a: Lunala
|-damage|p2a: Lunala|76/100 tox
|
|-damage|p2a: Lunala|57/100 tox|[from] psn
|-damage|p1a: Mike Stronta|63/100 brn|[from] brn
|upkeep
|turn|108
|
|t:|1620708465
|move|p2a: Lunala|Roost|p2a: Lunala
|-heal|p2a: Lunala|100/100 tox
|-singleturn|p2a: Lunala|move: Roost
|move|p1a: Mike Stronta|Stealth Rock||[still]
|-fail|p1a: Mike Stronta
|
|-damage|p2a: Lunala|76/100 tox|[from] psn
|-damage|p1a: Mike Stronta|57/100 brn|[from] brn
|upkeep
|turn|109
|
|t:|1620708480
|switch|p2a: Ditto|Ditto|76/100
|-damage|p2a: Ditto|63/100|[from] Stealth Rock
|-transform|p2a: Ditto|p1a: Mike Stronta|[from] ability: Imposter
|move|p1a: Mike Stronta|Stealth Rock||[still]
|-fail|p1a: Mike Stronta
|
|-damage|p1a: Mike Stronta|51/100 brn|[from] brn
|upkeep
|turn|110
|
|t:|1620708486
|move|p2a: Ditto|Earthquake|p1a: Mike Stronta
|-supereffective|p1a: Mike Stronta
|-damage|p1a: Mike Stronta|26/100 brn
|move|p1a: Mike Stronta|Earthquake|p2a: Ditto
|-supereffective|p2a: Ditto
|-damage|p2a: Ditto|46/100
|
|-damage|p1a: Mike Stronta|20/100 brn|[from] brn
|upkeep
|turn|111
|
|t:|1620708496
|switch|p2a: Yveltal|Yveltal|22/100 tox
|-ability|p2a: Yveltal|Dark Aura
|move|p1a: Mike Stronta|Earthquake|p2a: Yveltal
|-immune|p2a: Yveltal
|
|-damage|p2a: Yveltal|16/100 tox|[from] psn
|-damage|p1a: Mike Stronta|14/100 brn|[from] brn
|upkeep
|turn|112
|l| attitude adjuste<r
|
|t:|1620708505
|switch|p1a: Nate|Eternatus|80/100 brn
|-damage|p1a: Nate|67/100 brn|[from] Stealth Rock
|-ability|p1a: Nate|Pressure
|move|p2a: Yveltal|Roost|p2a: Yveltal
|-heal|p2a: Yveltal|66/100 tox
|-singleturn|p2a: Yveltal|move: Roost
|
|-damage|p1a: Nate|61/100 brn|[from] brn
|-damage|p2a: Yveltal|54/100 tox|[from] psn
|upkeep
|turn|113
|
|t:|1620708510
|move|p1a: Nate|Recover|p1a: Nate
|-heal|p1a: Nate|100/100 brn
|move|p2a: Yveltal|Roost|p2a: Yveltal
|-heal|p2a: Yveltal|100/100 tox
|-singleturn|p2a: Yveltal|move: Roost
|
|-damage|p1a: Nate|94/100 brn|[from] brn
|-damage|p2a: Yveltal|82/100 tox|[from] psn
|upkeep
|turn|114
|
|t:|1620708522
|switch|p1a: Mike Stronta|Necrozma-Dusk-Mane|14/100 brn
|-damage|p1a: Mike Stronta|8/100 brn|[from] Stealth Rock
|move|p2a: Yveltal|Knock Off|p1a: Mike Stronta
|-supereffective|p1a: Mike Stronta
|-damage|p1a: Mike Stronta|0 fnt
|faint|p1a: Mike Stronta
|
|-damage|p2a: Yveltal|58/100 tox|[from] psn
|upkeep
|
|t:|1620708532
|switch|p1a: Dylan|Yveltal|73/100
|-damage|p1a: Dylan|48/100|[from] Stealth Rock
|-ability|p1a: Dylan|Dark Aura
|turn|115
|inactive|ULT8RQ KB has 90 seconds left.
|
|t:|1620708555
|switch|p1a: Nate|Eternatus|94/100 brn
|-damage|p1a: Nate|82/100 brn|[from] Stealth Rock
|-ability|p1a: Nate|Pressure
|switch|p2a: Necrozma|Necrozma-Dusk-Mane|18/100
|-damage|p2a: Necrozma|12/100|[from] Stealth Rock
|
|-damage|p1a: Nate|76/100 brn|[from] brn
|upkeep
|turn|116
|
|t:|1620708564
|move|p1a: Nate|Mystical Fire|p2a: Necrozma
|-supereffective|p2a: Necrozma
|-damage|p2a: Necrozma|0 fnt
|faint|p2a: Necrozma
|
|-damage|p1a: Nate|70/100 brn|[from] brn
|upkeep
|
|t:|1620708567
|switch|p2a: Ditto|Ditto|46/100
|-damage|p2a: Ditto|33/100|[from] Stealth Rock
|-transform|p2a: Ditto|p1a: Nate|[from] ability: Imposter
|-ability|p2a: Ditto|Pressure
|turn|117
|
|t:|1620708571
|move|p2a: Ditto|Dynamax Cannon|p1a: Nate
|-supereffective|p1a: Nate
|-damage|p1a: Nate|15/100 brn
|move|p1a: Nate|Dynamax Cannon|p2a: Ditto
|-supereffective|p2a: Ditto
|-damage|p2a: Ditto|0 fnt
|faint|p2a: Ditto
|
|-damage|p1a: Nate|9/100 brn|[from] brn
|upkeep
|
|t:|1620708580
|switch|p2a: Lunala|Lunala|76/100 tox
|turn|118
|
|t:|1620708586
|move|p1a: Nate|Recover|p1a: Nate
|-heal|p1a: Nate|59/100 brn
|move|p2a: Lunala|Ice Beam|p1a: Nate
|-supereffective|p1a: Nate
|-damage|p1a: Nate|24/100 brn
|
|-damage|p1a: Nate|18/100 brn|[from] brn
|-damage|p2a: Lunala|70/100 tox|[from] psn
|upkeep
|turn|119
|inactive|ULT8RQ KB has 90 seconds left.
|j| ULT8RQ Quintuplets
|
|t:|1620708619
|switch|p2a: Yveltal|Yveltal|58/100 tox
|-ability|p2a: Yveltal|Dark Aura
|move|p1a: Nate|Mystical Fire|p2a: Yveltal
|-damage|p2a: Yveltal|40/100 tox
|-unboost|p2a: Yveltal|spa|1
|
|-damage|p1a: Nate|12/100 brn|[from] brn
|-damage|p2a: Yveltal|34/100 tox|[from] psn
|upkeep
|turn|120
|
|t:|1620708626
|move|p1a: Nate|Toxic|p2a: Yveltal
|-fail|p2a: Yveltal|tox
|move|p2a: Yveltal|Roost|p2a: Yveltal
|-heal|p2a: Yveltal|84/100 tox
|-singleturn|p2a: Yveltal|move: Roost
|
|-damage|p1a: Nate|6/100 brn|[from] brn
|-damage|p2a: Yveltal|72/100 tox|[from] psn
|upkeep
|turn|121
|
|t:|1620708632
|move|p1a: Nate|Toxic|p2a: Yveltal
|-fail|p2a: Yveltal|tox
|move|p2a: Yveltal|Roost|p2a: Yveltal
|-heal|p2a: Yveltal|100/100 tox
|-singleturn|p2a: Yveltal|move: Roost
|
|-damage|p1a: Nate|0 fnt|[from] brn
|faint|p1a: Nate
|-damage|p2a: Yveltal|82/100 tox|[from] psn
|upkeep
|
|t:|1620708634
|switch|p1a: Dylan|Yveltal|48/100
|-damage|p1a: Dylan|23/100|[from] Stealth Rock
|-ability|p1a: Dylan|Dark Aura
|turn|122
|inactive|ULT8RQ KB has 60 seconds left.
|
|t:|1620708673
|move|p2a: Yveltal|Toxic|p1a: Dylan
|-status|p1a: Dylan|tox
|move|p1a: Dylan|Roost|p1a: Dylan
|-heal|p1a: Dylan|73/100 tox
|-singleturn|p1a: Dylan|move: Roost
|
|-damage|p2a: Yveltal|58/100 tox|[from] psn
|-damage|p1a: Dylan|67/100 tox|[from] psn
|upkeep
|turn|123
|
|t:|1620708682
|move|p2a: Yveltal|Roost|p2a: Yveltal
|-heal|p2a: Yveltal|100/100 tox
|-singleturn|p2a: Yveltal|move: Roost
|move|p1a: Dylan|Oblivion Wing|p2a: Yveltal
|-damage|p2a: Yveltal|64/100 tox
|-heal|p1a: Dylan|95/100 tox|[from] drain|[of] p2a: Yveltal
|-damage|p1a: Dylan|85/100 tox|[from] item: Life Orb
|
|-damage|p1a: Dylan|73/100 tox|[from] psn
|-damage|p2a: Yveltal|34/100 tox|[from] psn
|upkeep
|turn|124
|
|t:|1620708692
|switch|p2a: Lunala|Lunala|70/100 tox
|move|p1a: Dylan|Oblivion Wing|p2a: Lunala
|-damage|p2a: Lunala|32/100 tox
|-heal|p1a: Dylan|100/100 tox|[from] drain|[of] p2a: Lunala
|-damage|p1a: Dylan|91/100 tox|[from] item: Life Orb
|
|-damage|p1a: Dylan|72/100 tox|[from] psn
|-damage|p2a: Lunala|26/100 tox|[from] psn
|upkeep
|turn|125
|
|t:|1620708709
|move|p1a: Dylan|Oblivion Wing|p2a: Lunala
|-damage|p2a: Lunala|0 fnt
|-heal|p1a: Dylan|96/100 tox|[from] drain|[of] p2a: Lunala
|faint|p2a: Lunala
|-damage|p1a: Dylan|86/100 tox|[from] item: Life Orb
|
|-damage|p1a: Dylan|61/100 tox|[from] psn
|upkeep
|
|t:|1620708712
|switch|p2a: Yveltal|Yveltal|34/100 tox
|-ability|p2a: Yveltal|Dark Aura
|turn|126
|
|t:|1620708718
|move|p2a: Yveltal|Knock Off|p1a: Dylan
|-resisted|p1a: Dylan
|-damage|p1a: Dylan|31/100 tox
|-enditem|p1a: Dylan|Life Orb|[from] move: Knock Off|[of] p2a: Yveltal
|move|p1a: Dylan|Oblivion Wing|p2a: Yveltal
|-damage|p2a: Yveltal|4/100 tox
|-heal|p1a: Dylan|54/100 tox|[from] drain|[of] p2a: Yveltal
|
|-damage|p1a: Dylan|23/100 tox|[from] psn
|-damage|p2a: Yveltal|0 fnt|[from] psn
|faint|p2a: Yveltal
|
|win|Pepeletoro1894
|upkeep
|raw|Pepeletoro1894's rating: 1420 &rarr; <strong>1451</strong><br />(+31 for winning)
|raw|ULT8RQ KB's rating: 1624 &rarr; <strong>1593</strong><br />(-31 for losing)
|c|☆Pepeletoro1894|gg
|c|☆ULT8RQ KB|gg\
|l|☆ULT8RQ KB
|l|☆Pepeletoro1894
|l| Trivial By JT Yao
