|j|☆Shaolun
|j|☆ihavebestsandteam
|t:|1667680303
|gametype|singles
|player|p1|Shaolun|veteran|1430
|player|p2|ihavebestsandteam|lucas|1566
|teamsize|p1|6
|teamsize|p2|6
|gen|8
|tier|[Gen 8] Ubers
|rated|
|rule|Sleep Clause Mod: Limit one foe put to sleep
|rule|Species Clause: Limit one of each Pokémon
|rule|OHKO Clause: OHKO moves are banned
|rule|Evasion Items Clause: Evasion items are banned
|rule|Evasion Moves Clause: Evasion moves are banned
|rule|Endless Battle Clause: Forcing endless battles is banned
|rule|HP Percentage Mod: HP is shown in percentages
|rule|Dynamax Clause: You cannot dynamax
|clearpoke
|poke|p1|Yveltal|
|poke|p1|Slowbro, M|
|poke|p1|Cinderace, M|
|poke|p1|Lugia|
|poke|p1|Ferrothorn, F|
|poke|p1|Blissey, F|
|poke|p2|Lunala|
|poke|p2|Blissey, F|
|poke|p2|Tangrowth, M|
|poke|p2|Shedinja|
|poke|p2|Ho-Oh|
|poke|p2|Audino, F|
|teampreview
|
|t:|1667680332
|start
|switch|p1a: Cinderace|Cinderace, M|100/100
|switch|p2a: Tangrowth|Tangrowth, M|100/100
|turn|1
|
|t:|1667680340
|switch|p2a: Ho-Oh|Ho-Oh|100/100
|move|p1a: Cinderace|Pyro Ball|p2a: Ho-Oh
|-resisted|p2a: Ho-Oh
|-damage|p2a: Ho-Oh|80/100
|
|upkeep
|turn|2
|
|t:|1667680355
|switch|p2a: Shedinja|Shedinja|100/100
|move|p1a: Cinderace|U-turn|p2a: Shedinja
|-start|p1a: Cinderace|typechange|Bug|[from] ability: Libero
|-immune|p2a: Shedinja|[from] ability: Wonder Guard
|
|upkeep
|turn|3
|
|t:|1667680371
|switch|p1a: Yveltal|Yveltal|100/100
|-ability|p1a: Yveltal|Dark Aura
|switch|p2a: Ho-Oh|Ho-Oh|100/100
|
|upkeep
|turn|4
|
|t:|1667680388
|switch|p2a: Audino|Audino, F|100/100
|move|p1a: Yveltal|Dark Pulse|p2a: Audino
|-damage|p2a: Audino|48/100
|
|upkeep
|turn|5
|
|t:|1667680400
|switch|p2a: Blissey|Blissey, F|100/100
|move|p1a: Yveltal|Dark Pulse|p2a: Blissey
|-damage|p2a: Blissey|83/100
|
|upkeep
|turn|6
|
|t:|1667680405
|switch|p1a: Blissey|Blissey, F|100/100
|move|p2a: Blissey|Stealth Rock|p1a: Blissey
|-sidestart|p1: Shaolun|move: Stealth Rock
|
|upkeep
|turn|7
|
|t:|1667680409
|switch|p2a: Audino|Audino, F|81/100
|move|p1a: Blissey|Toxic|p2a: Audino
|-status|p2a: Audino|tox
|
|-damage|p2a: Audino|75/100 tox|[from] psn
|upkeep
|turn|8
|
|t:|1667680414
|move|p1a: Blissey|Seismic Toss|p2a: Audino
|-damage|p2a: Audino|50/100 tox
|move|p2a: Audino|Knock Off|p1a: Blissey
|-damage|p1a: Blissey|69/100
|-enditem|p1a: Blissey|Leftovers|[from] move: Knock Off|[of] p2a: Audino
|
|-damage|p2a: Audino|38/100 tox|[from] psn
|upkeep
|turn|9
|
|t:|1667680424
|switch|p2a: Blissey|Blissey, F|83/100
|move|p1a: Blissey|Soft-Boiled|p1a: Blissey
|-heal|p1a: Blissey|100/100
|
|upkeep
|turn|10
|
|t:|1667680427
|switch|p2a: Audino|Audino, F|71/100 tox
|move|p1a: Blissey|Toxic|p2a: Audino|[miss]
|-miss|p1a: Blissey|p2a: Audino
|
|-damage|p2a: Audino|65/100 tox|[from] psn
|upkeep
|turn|11
|
|t:|1667680430
|switch|p2a: Blissey|Blissey, F|83/100
|move|p1a: Blissey|Seismic Toss|p2a: Blissey
|-damage|p2a: Blissey|68/100
|
|upkeep
|turn|12
|
|t:|1667680433
|switch|p2a: Audino|Audino, F|98/100 tox
|move|p1a: Blissey|Toxic|p2a: Audino
|-fail|p2a: Audino|tox
|
|-damage|p2a: Audino|92/100 tox|[from] psn
|upkeep
|turn|13
|
|t:|1667680435
|switch|p2a: Blissey|Blissey, F|68/100
|move|p1a: Blissey|Seismic Toss|p2a: Blissey
|-damage|p2a: Blissey|53/100
|
|upkeep
|turn|14
|
|t:|1667680438
|move|p1a: Blissey|Seismic Toss|p2a: Blissey
|-damage|p2a: Blissey|37/100
|move|p2a: Blissey|Soft-Boiled|p2a: Blissey
|-heal|p2a: Blissey|87/100
|
|upkeep
|turn|15
|
|t:|1667680441
|switch|p2a: Audino|Audino, F|100/100 tox
|move|p1a: Blissey|Seismic Toss|p2a: Audino
|-damage|p2a: Audino|76/100 tox
|
|-damage|p2a: Audino|70/100 tox|[from] psn
|upkeep
|turn|16
|
|t:|1667680445
|switch|p2a: Blissey|Blissey, F|87/100
|move|p1a: Blissey|Seismic Toss|p2a: Blissey
|-damage|p2a: Blissey|72/100
|
|upkeep
|turn|17
|
|t:|1667680449
|switch|p2a: Audino|Audino, F|100/100 tox
|move|p1a: Blissey|Seismic Toss|p2a: Audino
|-damage|p2a: Audino|76/100 tox
|
|-damage|p2a: Audino|70/100 tox|[from] psn
|upkeep
|turn|18
|
|t:|1667680456
|switch|p1a: Cinderace|Cinderace, M|100/100
|switch|p2a: Blissey|Blissey, F|72/100
|
|upkeep
|turn|19
|
|t:|1667680461
|switch|p2a: Lunala|Lunala|100/100
|move|p1a: Cinderace|Court Change|p1a: Cinderace
|-start|p1a: Cinderace|typechange|Normal|[from] ability: Libero
|-swapsideconditions
|-activate|p1a: Cinderace|move: Court Change
|
|upkeep
|turn|20
|
|t:|1667680466
|move|p1a: Cinderace|Sucker Punch||[still]
|-fail|p1a: Cinderace
|move|p2a: Lunala|Will-O-Wisp|p1a: Cinderace
|-status|p1a: Cinderace|brn
|
|-damage|p1a: Cinderace|95/100 brn|[from] brn
|upkeep
|turn|21
|
|t:|1667680471
|switch|p2a: Tangrowth|Tangrowth, M|100/100
|move|p1a: Cinderace|U-turn|p2a: Tangrowth
|-start|p1a: Cinderace|typechange|Bug|[from] ability: Libero
|-supereffective|p2a: Tangrowth
|-damage|p2a: Tangrowth|83/100
|
|t:|1667680480
|switch|p1a: Yveltal|Yveltal|100/100|[from]move: U-turn
|-ability|p1a: Yveltal|Dark Aura
|
|upkeep
|turn|22
|
|t:|1667680486
|switch|p2a: Blissey|Blissey, F|72/100
|move|p1a: Yveltal|Oblivion Wing|p2a: Blissey
|-damage|p2a: Blissey|58/100
|
|upkeep
|turn|23
|
|t:|1667680493
|move|p1a: Yveltal|Dark Pulse|p2a: Blissey
|-damage|p2a: Blissey|40/100
|move|p2a: Blissey|Soft-Boiled|p2a: Blissey
|-heal|p2a: Blissey|90/100
|
|upkeep
|turn|24
|n|☆ihavebestsandteam|ihavebestsandteam
|
|t:|1667680516
|switch|p1a: Blissey|Blissey, F|100/100
|move|p2a: Blissey|Stealth Rock|p1a: Blissey
|-sidestart|p1: Shaolun|move: Stealth Rock
|
|upkeep
|turn|25
|
|t:|1667680559
|switch|p2a: Audino|Audino, F|100/100 tox
|move|p1a: Blissey|Heal Bell|p1a: Blissey
|-activate|p1a: Blissey|move: Heal Bell
|-curestatus|p1: Cinderace|brn|[msg]
|
|-damage|p2a: Audino|94/100 tox|[from] psn
|upkeep
|turn|26
|
|t:|1667680711
|switch|p2a: Blissey|Blissey, F|90/100
|move|p1a: Blissey|Seismic Toss|p2a: Blissey
|-damage|p2a: Blissey|75/100
|
|upkeep
|turn|27
|j| Its_Matsy
|
|t:|1667680735
|switch|p2a: Audino|Audino, F|100/100 tox
|move|p1a: Blissey|Seismic Toss|p2a: Audino
|-damage|p2a: Audino|76/100 tox
|
|-damage|p2a: Audino|70/100 tox|[from] psn
|upkeep
|turn|28
|c|☆ihavebestsandteam|matsy sounds like a british
|
|t:|1667680756
|switch|p2a: Blissey|Blissey, F|75/100
|move|p1a: Blissey|Seismic Toss|p2a: Blissey
|-damage|p2a: Blissey|59/100
|
|upkeep
|turn|29
|l| Its_Matsy
|
|t:|1667680884
|move|p2a: Blissey|Soft-Boiled|p2a: Blissey
|-heal|p2a: Blissey|100/100
|move|p1a: Blissey|Seismic Toss|p2a: Blissey
|-damage|p2a: Blissey|85/100
|
|upkeep
|turn|30
|
|t:|1667680898
|switch|p2a: Audino|Audino, F|100/100 tox
|move|p1a: Blissey|Seismic Toss|p2a: Audino
|-damage|p2a: Audino|76/100 tox
|
|-damage|p2a: Audino|70/100 tox|[from] psn
|upkeep
|turn|31
|
|t:|1667680906
|switch|p1a: Yveltal|Yveltal|100/100
|-damage|p1a: Yveltal|75/100|[from] Stealth Rock
|-ability|p1a: Yveltal|Dark Aura
|switch|p2a: Tangrowth|Tangrowth, M|100/100
|
|-heal|p1a: Yveltal|82/100|[from] item: Leftovers
|upkeep
|turn|32
|n|☆ihavebestsandteam|ihavebestsandteam
|
|t:|1667680938
|switch|p2a: Audino|Audino, F|100/100 tox
|move|p1a: Yveltal|Defog|p2a: Audino
|-unboost|p2a: Audino|evasion|1
|-sideend|p2: ihavebestsandteam|Stealth Rock|[from] move: Defog|[of] p1a: Yveltal
|-sideend|p1: Shaolun|Stealth Rock|[from] move: Defog|[of] p1a: Yveltal
|
|-heal|p1a: Yveltal|88/100|[from] item: Leftovers
|-damage|p2a: Audino|94/100 tox|[from] psn
|upkeep
|turn|33
|
|t:|1667680942
|move|p1a: Yveltal|Oblivion Wing|p2a: Audino
|-damage|p2a: Audino|52/100 tox
|-heal|p1a: Yveltal|100/100|[from] drain|[of] p2a: Audino
|move|p2a: Audino|Knock Off|p1a: Yveltal
|-resisted|p1a: Yveltal
|-damage|p1a: Yveltal|93/100
|-enditem|p1a: Yveltal|Leftovers|[from] move: Knock Off|[of] p2a: Audino
|
|-damage|p2a: Audino|40/100 tox|[from] psn
|upkeep
|turn|34
|
|t:|1667680952
|switch|p2a: Ho-Oh|Ho-Oh|100/100
|move|p1a: Yveltal|Dark Pulse|p2a: Ho-Oh
|-damage|p2a: Ho-Oh|69/100
|
|upkeep
|turn|35
|
|t:|1667680955
|switch|p2a: Audino|Audino, F|73/100 tox
|move|p1a: Yveltal|Dark Pulse|p2a: Audino
|-damage|p2a: Audino|19/100 tox
|
|-damage|p2a: Audino|12/100 tox|[from] psn
|upkeep
|turn|36
|
|t:|1667680958
|switch|p2a: Ho-Oh|Ho-Oh|100/100
|move|p1a: Yveltal|Dark Pulse|p2a: Ho-Oh
|-damage|p2a: Ho-Oh|66/100
|
|upkeep
|turn|37
|c|☆ihavebestsandteam|THAT DOES SO MUCH
|
|t:|1667680964
|switch|p2a: Blissey|Blissey, F|85/100
|move|p1a: Yveltal|Dark Pulse|p2a: Blissey
|-damage|p2a: Blissey|65/100
|
|upkeep
|turn|38
|
|t:|1667680969
|switch|p1a: Ferrothorn|Ferrothorn, F|100/100
|move|p2a: Blissey|Stealth Rock|p1a: Ferrothorn
|-sidestart|p1: Shaolun|move: Stealth Rock
|
|upkeep
|turn|39
|
|t:|1667680972
|switch|p2a: Tangrowth|Tangrowth, M|100/100
|move|p1a: Ferrothorn|Leech Seed|p2a: Tangrowth
|-immune|p2a: Tangrowth
|
|upkeep
|turn|40
|
|t:|1667680975
|move|p2a: Tangrowth|Knock Off|p1a: Ferrothorn
|-damage|p1a: Ferrothorn|88/100
|-damage|p2a: Tangrowth|88/100|[from] ability: Iron Barbs|[of] p1a: Ferrothorn
|-damage|p2a: Tangrowth|72/100|[from] item: Rocky Helmet|[of] p1a: Ferrothorn
|-enditem|p1a: Ferrothorn|Rocky Helmet|[from] move: Knock Off|[of] p2a: Tangrowth
|move|p1a: Ferrothorn|Gyro Ball|p2a: Tangrowth
|-damage|p2a: Tangrowth|62/100
|
|upkeep
|turn|41
|
|t:|1667681009
|switch|p2a: Ho-Oh|Ho-Oh|99/100
|move|p1a: Ferrothorn|Power Whip|p2a: Ho-Oh
|-resisted|p2a: Ho-Oh
|-damage|p2a: Ho-Oh|92/100
|
|upkeep
|turn|42
|
|t:|1667681040
|switch|p2a: Tangrowth|Tangrowth, M|95/100
|switch|p1a: Slowbro|Slowbro, M|100/100
|-damage|p1a: Slowbro|88/100|[from] Stealth Rock
|
|-heal|p1a: Slowbro|94/100|[from] item: Leftovers
|upkeep
|turn|43
|
|t:|1667681054
|switch|p1a: Yveltal|Yveltal|93/100
|-damage|p1a: Yveltal|68/100|[from] Stealth Rock
|-ability|p1a: Yveltal|Dark Aura
|move|p2a: Tangrowth|Knock Off|p1a: Yveltal
|-resisted|p1a: Yveltal
|-damage|p1a: Yveltal|61/100
|
|upkeep
|turn|44
|
|t:|1667681077
|switch|p2a: Ho-Oh|Ho-Oh|100/100
|move|p1a: Yveltal|Defog|p2a: Ho-Oh
|-unboost|p2a: Ho-Oh|evasion|1
|-sideend|p1: Shaolun|Stealth Rock|[from] move: Defog|[of] p1a: Yveltal
|
|upkeep
|turn|45
|
|t:|1667681100
|switch|p2a: Blissey|Blissey, F|65/100
|move|p1a: Yveltal|Oblivion Wing|p2a: Blissey
|-damage|p2a: Blissey|50/100
|-heal|p1a: Yveltal|76/100|[from] drain|[of] p2a: Blissey
|
|upkeep
|turn|46
|
|t:|1667681115
|move|p1a: Yveltal|Oblivion Wing|p2a: Blissey
|-damage|p2a: Blissey|36/100
|-heal|p1a: Yveltal|91/100|[from] drain|[of] p2a: Blissey
|move|p2a: Blissey|Soft-Boiled|p2a: Blissey
|-heal|p2a: Blissey|86/100
|
|upkeep
|turn|47
|
|t:|1667681152
|switch|p1a: Cinderace|Cinderace, M|95/100
|move|p2a: Blissey|Seismic Toss|p1a: Cinderace
|-damage|p1a: Cinderace|61/100
|
|upkeep
|turn|48
|
|t:|1667681160
|switch|p2a: Ho-Oh|Ho-Oh|100/100
|move|p1a: Cinderace|Pyro Ball|p2a: Ho-Oh
|-resisted|p2a: Ho-Oh
|-damage|p2a: Ho-Oh|82/100
|
|upkeep
|turn|49
|
|t:|1667681202
|switch|p2a: Tangrowth|Tangrowth, M|100/100
|move|p1a: Cinderace|U-turn|p2a: Tangrowth
|-start|p1a: Cinderace|typechange|Bug|[from] ability: Libero
|-supereffective|p2a: Tangrowth
|-damage|p2a: Tangrowth|66/100
|
|t:|1667681218
|switch|p1a: Yveltal|Yveltal|91/100|[from]move: U-turn
|-ability|p1a: Yveltal|Dark Aura
|
|upkeep
|turn|50
|
|t:|1667681227
|switch|p2a: Ho-Oh|Ho-Oh|100/100
|move|p1a: Yveltal|Dark Pulse|p2a: Ho-Oh
|-damage|p2a: Ho-Oh|68/100
|
|upkeep
|turn|51
|
|t:|1667681249
|switch|p2a: Blissey|Blissey, F|86/100
|move|p1a: Yveltal|Dark Pulse|p2a: Blissey
|-damage|p2a: Blissey|67/100
|
|upkeep
|turn|52
|
|t:|1667681275
|switch|p1a: Cinderace|Cinderace, M|61/100
|switch|p2a: Ho-Oh|Ho-Oh|100/100
|
|upkeep
|turn|53
|
|t:|1667681304
|switch|p2a: Tangrowth|Tangrowth, M|99/100
|move|p1a: Cinderace|U-turn|p2a: Tangrowth
|-start|p1a: Cinderace|typechange|Bug|[from] ability: Libero
|-supereffective|p2a: Tangrowth
|-damage|p2a: Tangrowth|62/100
|
|t:|1667681311
|switch|p1a: Yveltal|Yveltal|91/100|[from]move: U-turn
|-ability|p1a: Yveltal|Dark Aura
|
|upkeep
|turn|54
|
|t:|1667681433
|switch|p2a: Ho-Oh|Ho-Oh|100/100
|move|p1a: Yveltal|Oblivion Wing|p2a: Ho-Oh
|-damage|p2a: Ho-Oh|77/100
|-heal|p1a: Yveltal|100/100|[from] drain|[of] p2a: Ho-Oh
|
|upkeep
|turn|55
|
|t:|1667681450
|switch|p1a: Slowbro|Slowbro, M|100/100
|switch|p2a: Blissey|Blissey, F|67/100
|
|upkeep
|turn|56
|
|t:|1667681457
|switch|p2a: Ho-Oh|Ho-Oh|100/100
|move|p1a: Slowbro|Future Sight|p2a: Ho-Oh
|-start|p1a: Slowbro|move: Future Sight
|
|upkeep
|turn|57
|
|t:|1667681462
|switch|p2a: Shedinja|Shedinja|100/100
|move|p1a: Slowbro|Scald|p2a: Shedinja
|-immune|p2a: Shedinja|[from] ability: Wonder Guard
|
|upkeep
|turn|58
|
|t:|1667681468
|switch|p1a: Yveltal|Yveltal|100/100
|-ability|p1a: Yveltal|Dark Aura
|move|p2a: Shedinja|Will-O-Wisp|p1a: Yveltal
|-status|p1a: Yveltal|brn
|
|-end|p2a: Shedinja|move: Future Sight
|-immune|p2a: Shedinja|[from] ability: Wonder Guard
|-damage|p1a: Yveltal|94/100 brn|[from] brn
|upkeep
|turn|59
|
|t:|1667681473
|switch|p2a: Ho-Oh|Ho-Oh|100/100
|move|p1a: Yveltal|Oblivion Wing|p2a: Ho-Oh
|-damage|p2a: Ho-Oh|73/100
|-heal|p1a: Yveltal|100/100 brn|[from] drain|[of] p2a: Ho-Oh
|
|-damage|p1a: Yveltal|94/100 brn|[from] brn
|upkeep
|turn|60
|
|t:|1667681476
|switch|p2a: Blissey|Blissey, F|67/100
|move|p1a: Yveltal|Dark Pulse|p2a: Blissey
|-damage|p2a: Blissey|48/100
|
|-damage|p1a: Yveltal|88/100 brn|[from] brn
|upkeep
|turn|61
|
|t:|1667681484
|switch|p1a: Cinderace|Cinderace, M|61/100
|move|p2a: Blissey|Soft-Boiled|p2a: Blissey
|-heal|p2a: Blissey|98/100
|
|upkeep
|turn|62
|
|t:|1667681487
|switch|p2a: Ho-Oh|Ho-Oh|100/100
|move|p1a: Cinderace|Pyro Ball|p2a: Ho-Oh
|-resisted|p2a: Ho-Oh
|-damage|p2a: Ho-Oh|82/100
|
|upkeep
|turn|63
|
|t:|1667681490
|switch|p2a: Tangrowth|Tangrowth, M|95/100
|move|p1a: Cinderace|U-turn|p2a: Tangrowth
|-start|p1a: Cinderace|typechange|Bug|[from] ability: Libero
|-supereffective|p2a: Tangrowth
|-damage|p2a: Tangrowth|59/100
|
|t:|1667681496
|switch|p1a: Yveltal|Yveltal|88/100 brn|[from]move: U-turn
|-ability|p1a: Yveltal|Dark Aura
|
|-damage|p1a: Yveltal|82/100 brn|[from] brn
|upkeep
|turn|64
|
|t:|1667681501
|switch|p2a: Ho-Oh|Ho-Oh|100/100
|move|p1a: Yveltal|Dark Pulse|p2a: Ho-Oh
|-damage|p2a: Ho-Oh|64/100
|
|-damage|p1a: Yveltal|76/100 brn|[from] brn
|upkeep
|turn|65
|
|t:|1667681506
|switch|p2a: Blissey|Blissey, F|98/100
|move|p1a: Yveltal|Dark Pulse|p2a: Blissey
|-damage|p2a: Blissey|80/100
|
|-damage|p1a: Yveltal|70/100 brn|[from] brn
|upkeep
|turn|66
|
|t:|1667681509
|move|p1a: Yveltal|Dark Pulse|p2a: Blissey
|-damage|p2a: Blissey|63/100
|move|p2a: Blissey|Seismic Toss|p1a: Yveltal
|-damage|p1a: Yveltal|48/100 brn
|
|-damage|p1a: Yveltal|42/100 brn|[from] brn
|upkeep
|turn|67
|
|t:|1667681513
|move|p1a: Yveltal|Roost|p1a: Yveltal
|-heal|p1a: Yveltal|92/100 brn
|-singleturn|p1a: Yveltal|move: Roost
|move|p2a: Blissey|Seismic Toss|p1a: Yveltal
|-damage|p1a: Yveltal|70/100 brn
|
|-damage|p1a: Yveltal|64/100 brn|[from] brn
|upkeep
|turn|68
|
|t:|1667681525
|switch|p1a: Cinderace|Cinderace, M|61/100
|move|p2a: Blissey|Seismic Toss|p1a: Cinderace
|-damage|p1a: Cinderace|28/100
|
|upkeep
|turn|69
|
|t:|1667681531
|switch|p2a: Ho-Oh|Ho-Oh|97/100
|move|p1a: Cinderace|Pyro Ball|p2a: Ho-Oh|[miss]
|-miss|p1a: Cinderace|p2a: Ho-Oh
|
|upkeep
|turn|70
|
|t:|1667681536
|move|p1a: Cinderace|Pyro Ball|p2a: Ho-Oh
|-resisted|p2a: Ho-Oh
|-damage|p2a: Ho-Oh|79/100
|move|p2a: Ho-Oh|Whirlwind|p1a: Cinderace
|drag|p1a: Lugia|Lugia|100/100
|
|upkeep
|turn|71
|
|t:|1667681542
|switch|p2a: Blissey|Blissey, F|63/100
|move|p1a: Lugia|Substitute|p1a: Lugia
|-start|p1a: Lugia|Substitute
|-damage|p1a: Lugia|76/100
|
|upkeep
|turn|72
|
|t:|1667681545
|switch|p2a: Audino|Audino, F|46/100 tox
|move|p1a: Lugia|Toxic|p2a: Audino
|-fail|p2a: Audino|tox
|
|-damage|p2a: Audino|40/100 tox|[from] psn
|upkeep
|turn|73
|
|t:|1667681548
|switch|p2a: Blissey|Blissey, F|63/100
|move|p1a: Lugia|Roost|p1a: Lugia
|-heal|p1a: Lugia|100/100
|-singleturn|p1a: Lugia|move: Roost
|
|upkeep
|turn|74
|
|t:|1667681550
|switch|p2a: Audino|Audino, F|73/100 tox
|move|p1a: Lugia|Toxic|p2a: Audino
|-fail|p2a: Audino|tox
|
|-damage|p2a: Audino|67/100 tox|[from] psn
|upkeep
|turn|75
|
|t:|1667681553
|switch|p2a: Blissey|Blissey, F|63/100
|move|p1a: Lugia|Ice Beam|p2a: Blissey
|-crit|p2a: Blissey
|-damage|p2a: Blissey|53/100
|
|upkeep
|turn|76
|
|t:|1667681563
|switch|p2a: Audino|Audino, F|99/100 tox
|move|p1a: Lugia|Ice Beam|p2a: Audino
|-damage|p2a: Audino|81/100 tox
|
|-damage|p2a: Audino|75/100 tox|[from] psn
|upkeep
|turn|77
|
|t:|1667681573
|move|p1a: Lugia|Ice Beam|p2a: Audino
|-crit|p2a: Audino
|-damage|p2a: Audino|50/100 tox
|move|p2a: Audino|Heal Bell|p2a: Audino
|-activate|p2a: Audino|move: Heal Bell
|-curestatus|p2a: Audino|tox|[msg]
|
|upkeep
|turn|78
|
|t:|1667681578
|switch|p2a: Blissey|Blissey, F|53/100
|move|p1a: Lugia|Toxic|p2a: Blissey
|-status|p2a: Blissey|tox
|
|-damage|p2a: Blissey|47/100 tox|[from] psn
|upkeep
|turn|79
|
|t:|1667681581
|move|p1a: Lugia|Ice Beam|p2a: Blissey
|-damage|p2a: Blissey|41/100 tox
|move|p2a: Blissey|Soft-Boiled|p2a: Blissey
|-heal|p2a: Blissey|91/100 tox
|
|-damage|p2a: Blissey|79/100 tox|[from] psn
|upkeep
|turn|80
|
|t:|1667681589
|-curestatus|p2a: Blissey|tox|[from] ability: Natural Cure
|switch|p2a: Audino|Audino, F|83/100
|move|p1a: Lugia|Ice Beam|p2a: Audino
|-damage|p2a: Audino|64/100
|
|upkeep
|turn|81
|
|t:|1667681592
|switch|p2a: Ho-Oh|Ho-Oh|100/100
|move|p1a: Lugia|Toxic|p2a: Ho-Oh
|-status|p2a: Ho-Oh|tox
|
|-damage|p2a: Ho-Oh|94/100 tox|[from] psn
|upkeep
|turn|82
|
|t:|1667681598
|switch|p2a: Audino|Audino, F|97/100
|move|p1a: Lugia|Ice Beam|p2a: Audino
|-damage|p2a: Audino|80/100
|
|upkeep
|turn|83
|
|t:|1667681649
|switch|p2a: Ho-Oh|Ho-Oh|100/100 tox
|move|p1a: Lugia|Toxic|p2a: Ho-Oh|[miss]
|-miss|p1a: Lugia|p2a: Ho-Oh
|
|-damage|p2a: Ho-Oh|94/100 tox|[from] psn
|upkeep
|turn|84
|
|t:|1667681655
|switch|p2a: Audino|Audino, F|100/100
|move|p1a: Lugia|Ice Beam|p2a: Audino
|-damage|p2a: Audino|82/100
|
|upkeep
|turn|85
|
|t:|1667681665
|switch|p2a: Ho-Oh|Ho-Oh|100/100 tox
|move|p1a: Lugia|Ice Beam|p2a: Ho-Oh
|-damage|p2a: Ho-Oh|90/100 tox
|
|-damage|p2a: Ho-Oh|84/100 tox|[from] psn
|upkeep
|turn|86
|
|t:|1667681675
|switch|p2a: Audino|Audino, F|100/100
|move|p1a: Lugia|Toxic|p2a: Audino
|-status|p2a: Audino|tox
|
|-damage|p2a: Audino|94/100 tox|[from] psn
|upkeep
|turn|87
|
|t:|1667681694
|switch|p2a: Ho-Oh|Ho-Oh|100/100 tox
|move|p1a: Lugia|Ice Beam|p2a: Ho-Oh
|-damage|p2a: Ho-Oh|89/100 tox
|
|-damage|p2a: Ho-Oh|83/100 tox|[from] psn
|upkeep
|turn|88
|c|☆ihavebestsandteam|just give up.
|
|t:|1667681701
|switch|p2a: Audino|Audino, F|100/100 tox
|move|p1a: Lugia|Ice Beam|p2a: Audino
|-damage|p2a: Audino|81/100 tox
|
|-damage|p2a: Audino|75/100 tox|[from] psn
|upkeep
|turn|89
|
|t:|1667681709
|switch|p1a: Yveltal|Yveltal|64/100 brn
|-ability|p1a: Yveltal|Dark Aura
|switch|p2a: Ho-Oh|Ho-Oh|100/100 tox
|
|-damage|p2a: Ho-Oh|94/100 tox|[from] psn
|-damage|p1a: Yveltal|58/100 brn|[from] brn
|upkeep
|turn|90
|
|t:|1667681735
|switch|p2a: Audino|Audino, F|100/100 tox
|move|p1a: Yveltal|Roost|p1a: Yveltal
|-heal|p1a: Yveltal|100/100 brn
|-singleturn|p1a: Yveltal|move: Roost
|
|-damage|p2a: Audino|94/100 tox|[from] psn
|-damage|p1a: Yveltal|94/100 brn|[from] brn
|upkeep
|turn|91
|
|t:|1667681744
|switch|p2a: Ho-Oh|Ho-Oh|100/100 tox
|move|p1a: Yveltal|Dark Pulse|p2a: Ho-Oh
|-damage|p2a: Ho-Oh|69/100 tox
|
|-damage|p2a: Ho-Oh|63/100 tox|[from] psn
|-damage|p1a: Yveltal|88/100 brn|[from] brn
|upkeep
|turn|92
|
|t:|1667681769
|switch|p2a: Audino|Audino, F|100/100 tox
|move|p1a: Yveltal|Oblivion Wing|p2a: Audino
|-damage|p2a: Audino|56/100 tox
|-heal|p1a: Yveltal|100/100 brn|[from] drain|[of] p2a: Audino
|
|-damage|p2a: Audino|50/100 tox|[from] psn
|-damage|p1a: Yveltal|94/100 brn|[from] brn
|upkeep
|turn|93
|
|t:|1667681788
|switch|p2a: Ho-Oh|Ho-Oh|96/100 tox
|move|p1a: Yveltal|Dark Pulse|p2a: Ho-Oh
|-damage|p2a: Ho-Oh|62/100 tox
|
|-damage|p2a: Ho-Oh|56/100 tox|[from] psn
|-damage|p1a: Yveltal|88/100 brn|[from] brn
|upkeep
|turn|94
|
|t:|1667681802
|switch|p1a: Slowbro|Slowbro, M|100/100
|switch|p2a: Audino|Audino, F|83/100 tox
|
|-damage|p2a: Audino|77/100 tox|[from] psn
|upkeep
|turn|95
|
|t:|1667681807
|switch|p2a: Ho-Oh|Ho-Oh|89/100 tox
|move|p1a: Slowbro|Future Sight|p2a: Ho-Oh
|-start|p1a: Slowbro|move: Future Sight
|
|-damage|p2a: Ho-Oh|83/100 tox|[from] psn
|upkeep
|turn|96
|
|t:|1667681813
|switch|p2a: Shedinja|Shedinja|100/100
|switch|p1a: Yveltal|Yveltal|88/100 brn
|-ability|p1a: Yveltal|Dark Aura
|
|-damage|p1a: Yveltal|82/100 brn|[from] brn
|upkeep
|turn|97
|
|t:|1667681816
|move|p2a: Shedinja|Protect|p2a: Shedinja
|-singleturn|p2a: Shedinja|Protect
|move|p1a: Yveltal|Dark Pulse|p2a: Shedinja
|-activate|p2a: Shedinja|move: Protect
|
|-end|p2a: Shedinja|move: Future Sight
|-immune|p2a: Shedinja|[from] ability: Wonder Guard
|-damage|p1a: Yveltal|76/100 brn|[from] brn
|upkeep
|turn|98
|
|t:|1667681820
|switch|p1a: Slowbro|Slowbro, M|100/100
|switch|p2a: Audino|Audino, F|100/100 tox
|
|-damage|p2a: Audino|94/100 tox|[from] psn
|upkeep
|turn|99
|
|t:|1667681823
|switch|p2a: Ho-Oh|Ho-Oh|100/100 tox
|move|p1a: Slowbro|Future Sight|p2a: Ho-Oh
|-start|p1a: Slowbro|move: Future Sight
|
|-damage|p2a: Ho-Oh|94/100 tox|[from] psn
|upkeep
|turn|100
|
|t:|1667681826
|switch|p2a: Shedinja|Shedinja|100/100
|switch|p1a: Yveltal|Yveltal|76/100 brn
|-ability|p1a: Yveltal|Dark Aura
|
|-damage|p1a: Yveltal|70/100 brn|[from] brn
|upkeep
|turn|101
|
|t:|1667681835
|move|p2a: Shedinja|Protect|p2a: Shedinja
|-singleturn|p2a: Shedinja|Protect
|move|p1a: Yveltal|Defog|p2a: Shedinja
|-activate|p2a: Shedinja|move: Protect
|
|-end|p2a: Shedinja|move: Future Sight
|-immune|p2a: Shedinja|[from] ability: Wonder Guard
|-damage|p1a: Yveltal|64/100 brn|[from] brn
|upkeep
|turn|102
|
|t:|1667681840
|switch|p2a: Ho-Oh|Ho-Oh|100/100 tox
|move|p1a: Yveltal|Roost|p1a: Yveltal
|-heal|p1a: Yveltal|100/100 brn
|-singleturn|p1a: Yveltal|move: Roost
|
|-damage|p2a: Ho-Oh|94/100 tox|[from] psn
|-damage|p1a: Yveltal|94/100 brn|[from] brn
|upkeep
|turn|103
|
|t:|1667681844
|switch|p1a: Slowbro|Slowbro, M|100/100
|switch|p2a: Audino|Audino, F|100/100 tox
|
|-damage|p2a: Audino|94/100 tox|[from] psn
|upkeep
|turn|104
|c|☆ihavebestsandteam|omg
|c|☆ihavebestsandteam|just give up
|
|t:|1667681855
|switch|p1a: Ferrothorn|Ferrothorn, F|88/100
|move|p2a: Audino|Knock Off|p1a: Ferrothorn
|-damage|p1a: Ferrothorn|82/100
|-damage|p2a: Audino|82/100 tox|[from] ability: Iron Barbs|[of] p1a: Ferrothorn
|
|-damage|p2a: Audino|70/100 tox|[from] psn
|upkeep
|turn|105
|
|t:|1667681863
|switch|p2a: Tangrowth|Tangrowth, M|93/100
|move|p1a: Ferrothorn|Stealth Rock|p2a: Tangrowth
|-sidestart|p2: ihavebestsandteam|move: Stealth Rock
|
|upkeep
|turn|106
|c|☆Shaolun|will you not give up either
|c|☆ihavebestsandteam|yeah
|
|t:|1667681875
|switch|p1a: Yveltal|Yveltal|94/100 brn
|-ability|p1a: Yveltal|Dark Aura
|move|p2a: Tangrowth|Grass Knot|p1a: Yveltal
|-resisted|p1a: Yveltal
|-damage|p1a: Yveltal|77/100 brn
|
|-damage|p1a: Yveltal|71/100 brn|[from] brn
|upkeep
|turn|107
|
|t:|1667681879
|switch|p2a: Audino|Audino, F|100/100 tox
|move|p1a: Yveltal|Oblivion Wing|p2a: Audino
|-damage|p2a: Audino|53/100 tox
|-heal|p1a: Yveltal|100/100 brn|[from] drain|[of] p2a: Audino
|
|-damage|p2a: Audino|47/100 tox|[from] psn
|-damage|p1a: Yveltal|94/100 brn|[from] brn
|upkeep
|turn|108
|
|t:|1667681890
|switch|p1a: Slowbro|Slowbro, M|100/100
|switch|p2a: Ho-Oh|Ho-Oh|100/100 tox
|
|-damage|p2a: Ho-Oh|94/100 tox|[from] psn
|upkeep
|turn|109
|
|t:|1667681898
|move|p2a: Ho-Oh|Defog|p1a: Slowbro
|-unboost|p1a: Slowbro|evasion|1
|-sideend|p2: ihavebestsandteam|Stealth Rock|[from] move: Defog|[of] p2a: Ho-Oh
|move|p1a: Slowbro|Scald|p2a: Ho-Oh
|-supereffective|p2a: Ho-Oh
|-damage|p2a: Ho-Oh|67/100 tox
|
|-damage|p2a: Ho-Oh|54/100 tox|[from] psn
|upkeep
|turn|110
|
|t:|1667681908
|switch|p2a: Audino|Audino, F|80/100 tox
|switch|p1a: Ferrothorn|Ferrothorn, F|82/100
|
|-damage|p2a: Audino|74/100 tox|[from] psn
|upkeep
|turn|111
|
|t:|1667681915
|switch|p2a: Ho-Oh|Ho-Oh|88/100 tox
|move|p1a: Ferrothorn|Stealth Rock|p2a: Ho-Oh
|-sidestart|p2: ihavebestsandteam|move: Stealth Rock
|
|-damage|p2a: Ho-Oh|82/100 tox|[from] psn
|upkeep
|turn|112
|
|t:|1667681922
|switch|p1a: Slowbro|Slowbro, M|100/100
|move|p2a: Ho-Oh|Defog|p1a: Slowbro
|-unboost|p1a: Slowbro|evasion|1
|-sideend|p2: ihavebestsandteam|Stealth Rock|[from] move: Defog|[of] p2a: Ho-Oh
|
|-damage|p2a: Ho-Oh|70/100 tox|[from] psn
|upkeep
|turn|113
|
|t:|1667681928
|switch|p2a: Audino|Audino, F|100/100 tox
|move|p1a: Slowbro|Scald|p2a: Audino
|-damage|p2a: Audino|75/100 tox
|
|-damage|p2a: Audino|69/100 tox|[from] psn
|upkeep
|turn|114
|
|t:|1667681936
|move|p2a: Audino|Knock Off|p1a: Slowbro
|-supereffective|p1a: Slowbro
|-damage|p1a: Slowbro|83/100
|-enditem|p1a: Slowbro|Leftovers|[from] move: Knock Off|[of] p2a: Audino
|move|p1a: Slowbro|Future Sight|p2a: Audino
|-start|p1a: Slowbro|move: Future Sight
|
|-damage|p2a: Audino|56/100 tox|[from] psn
|upkeep
|turn|115
|
|t:|1667681943
|switch|p2a: Shedinja|Shedinja|100/100
|move|p1a: Slowbro|Teleport|p1a: Slowbro
|
|t:|1667681980
|switch|p1a: Cinderace|Cinderace, M|28/100|[from]move: Teleport
|
|upkeep
|turn|116
|
|t:|1667681997
|switch|p1a: Lugia|Lugia|100/100
|switch|p2a: Ho-Oh|Ho-Oh|100/100 tox
|
|-end|p2a: Ho-Oh|move: Future Sight
|-damage|p2a: Ho-Oh|80/100 tox
|-damage|p2a: Ho-Oh|74/100 tox|[from] psn
|upkeep
|turn|117
|
|t:|1667682001
|switch|p2a: Audino|Audino, F|90/100 tox
|move|p1a: Lugia|Substitute|p1a: Lugia
|-start|p1a: Lugia|Substitute
|-damage|p1a: Lugia|76/100
|
|-damage|p2a: Audino|83/100 tox|[from] psn
|upkeep
|turn|118
|
|t:|1667682008
|switch|p2a: Ho-Oh|Ho-Oh|100/100 tox
|move|p1a: Lugia|Roost|p1a: Lugia
|-heal|p1a: Lugia|100/100
|-singleturn|p1a: Lugia|move: Roost
|
|-damage|p2a: Ho-Oh|94/100 tox|[from] psn
|upkeep
|turn|119
|
|t:|1667682014
|switch|p1a: Slowbro|Slowbro, M|100/100
|switch|p2a: Audino|Audino, F|100/100 tox
|
|-damage|p2a: Audino|94/100 tox|[from] psn
|upkeep
|turn|120
|
|t:|1667682029
|switch|p2a: Ho-Oh|Ho-Oh|100/100 tox
|move|p1a: Slowbro|Future Sight|p2a: Ho-Oh
|-start|p1a: Slowbro|move: Future Sight
|
|-damage|p2a: Ho-Oh|94/100 tox|[from] psn
|upkeep
|turn|121
|
|t:|1667682039
|switch|p2a: Shedinja|Shedinja|100/100
|move|p1a: Slowbro|Teleport|p1a: Slowbro
|
|t:|1667682044
|switch|p1a: Lugia|Lugia|100/100|[from]move: Teleport
|
|upkeep
|turn|122
|
|t:|1667682061
|switch|p2a: Audino|Audino, F|100/100 tox
|move|p1a: Lugia|Substitute|p1a: Lugia
|-start|p1a: Lugia|Substitute
|-damage|p1a: Lugia|76/100
|
|-end|p2a: Audino|move: Future Sight
|-damage|p2a: Audino|60/100 tox
|-damage|p2a: Audino|54/100 tox|[from] psn
|upkeep
|turn|123
|
|t:|1667682081
|switch|p2a: Ho-Oh|Ho-Oh|100/100 tox
|move|p1a: Lugia|Ice Beam|p2a: Ho-Oh
|-damage|p2a: Ho-Oh|90/100 tox
|
|-damage|p2a: Ho-Oh|84/100 tox|[from] psn
|upkeep
|turn|124
|
|t:|1667682084
|switch|p2a: Audino|Audino, F|87/100 tox
|move|p1a: Lugia|Roost|p1a: Lugia
|-heal|p1a: Lugia|100/100
|-singleturn|p1a: Lugia|move: Roost
|
|-damage|p2a: Audino|81/100 tox|[from] psn
|upkeep
|turn|125
|
|t:|1667682088
|switch|p2a: Ho-Oh|Ho-Oh|100/100 tox
|move|p1a: Lugia|Ice Beam|p2a: Ho-Oh
|-damage|p2a: Ho-Oh|89/100 tox
|
|-damage|p2a: Ho-Oh|83/100 tox|[from] psn
|upkeep
|turn|126
|
|t:|1667682103
|switch|p1a: Slowbro|Slowbro, M|100/100
|switch|p2a: Audino|Audino, F|100/100 tox
|
|-damage|p2a: Audino|94/100 tox|[from] psn
|upkeep
|turn|127
|
|t:|1667682110
|switch|p2a: Ho-Oh|Ho-Oh|100/100 tox
|move|p1a: Slowbro|Future Sight|p2a: Ho-Oh
|-start|p1a: Slowbro|move: Future Sight
|
|-damage|p2a: Ho-Oh|94/100 tox|[from] psn
|upkeep
|turn|128
|
|t:|1667682139
|switch|p2a: Shedinja|Shedinja|100/100
|move|p1a: Slowbro|Teleport|p1a: Slowbro
|
|t:|1667682143
|switch|p1a: Cinderace|Cinderace, M|28/100|[from]move: Teleport
|
|upkeep
|turn|129
|
|t:|1667682164
|switch|p2a: Ho-Oh|Ho-Oh|100/100 tox
|move|p1a: Cinderace|U-turn|p2a: Ho-Oh
|-start|p1a: Cinderace|typechange|Bug|[from] ability: Libero
|-resisted|p2a: Ho-Oh
|-damage|p2a: Ho-Oh|95/100 tox
|
|t:|1667682171
|switch|p1a: Slowbro|Slowbro, M|100/100|[from]move: U-turn
|
|-end|p2a: Ho-Oh|move: Future Sight
|-damage|p2a: Ho-Oh|73/100 tox
|-damage|p2a: Ho-Oh|67/100 tox|[from] psn
|upkeep
|turn|130
|
|t:|1667682178
|switch|p2a: Tangrowth|Tangrowth, M|100/100
|move|p1a: Slowbro|Scald|p2a: Tangrowth
|-resisted|p2a: Tangrowth
|-damage|p2a: Tangrowth|81/100
|
|upkeep
|turn|131
|
|t:|1667682184
|move|p1a: Slowbro|Future Sight|p2a: Tangrowth
|-start|p1a: Slowbro|move: Future Sight
|move|p2a: Tangrowth|Leech Seed|p1a: Slowbro
|-start|p1a: Slowbro|move: Leech Seed
|
|-damage|p1a: Slowbro|88/100|[from] Leech Seed|[of] p2a: Tangrowth
|-heal|p2a: Tangrowth|93/100|[silent]
|upkeep
|turn|132
|
|t:|1667682188
|switch|p1a: Ferrothorn|Ferrothorn, F|82/100
|switch|p2a: Shedinja|Shedinja|100/100
|
|upkeep
|turn|133
|
|t:|1667682196
|move|p2a: Shedinja|Protect|p2a: Shedinja
|-singleturn|p2a: Shedinja|Protect
|move|p1a: Ferrothorn|Stealth Rock|p2a: Shedinja
|-sidestart|p2: ihavebestsandteam|move: Stealth Rock
|
|-end|p2a: Shedinja|move: Future Sight
|-immune|p2a: Shedinja|[from] ability: Wonder Guard
|upkeep
|turn|134
|
|t:|1667682200
|switch|p2a: Tangrowth|Tangrowth, M|100/100
|move|p1a: Ferrothorn|Leech Seed|p2a: Tangrowth
|-immune|p2a: Tangrowth
|
|upkeep
|turn|135
|
|t:|1667682207
|move|p2a: Tangrowth|Grass Knot|p1a: Ferrothorn
|-resisted|p1a: Ferrothorn
|-damage|p1a: Ferrothorn|74/100
|-damage|p2a: Tangrowth|88/100|[from] ability: Iron Barbs|[of] p1a: Ferrothorn
|move|p1a: Ferrothorn|Power Whip|p2a: Tangrowth
|-resisted|p2a: Tangrowth
|-crit|p2a: Tangrowth
|-damage|p2a: Tangrowth|73/100
|
|upkeep
|turn|136
|
|t:|1667682227
|move|p2a: Tangrowth|Grass Knot|p1a: Ferrothorn
|-resisted|p1a: Ferrothorn
|-damage|p1a: Ferrothorn|66/100
|-damage|p2a: Tangrowth|61/100|[from] ability: Iron Barbs|[of] p1a: Ferrothorn
|move|p1a: Ferrothorn|Power Whip|p2a: Tangrowth
|-resisted|p2a: Tangrowth
|-damage|p2a: Tangrowth|51/100
|
|upkeep
|turn|137
|
|t:|1667682242
|move|p2a: Tangrowth|Reflect|p2a: Tangrowth
|-sidestart|p2: ihavebestsandteam|Reflect
|move|p1a: Ferrothorn|Power Whip|p2a: Tangrowth
|-resisted|p2a: Tangrowth
|-damage|p2a: Tangrowth|46/100
|
|upkeep
|turn|138
|
|t:|1667682265
|switch|p1a: Blissey|Blissey, F|100/100
|move|p2a: Tangrowth|Grass Knot|p1a: Blissey
|-damage|p1a: Blissey|94/100
|
|upkeep
|turn|139
|
|t:|1667682269
|switch|p2a: Ho-Oh|Ho-Oh|100/100 tox
|move|p1a: Blissey|Toxic|p2a: Ho-Oh
|-fail|p2a: Ho-Oh|tox
|
|-damage|p2a: Ho-Oh|94/100 tox|[from] psn
|upkeep
|turn|140
|
|t:|1667682278
|switch|p2a: Tangrowth|Tangrowth, M|79/100
|switch|p1a: Slowbro|Slowbro, M|100/100
|
|upkeep
|turn|141
|
|t:|1667682283
|switch|p1a: Ferrothorn|Ferrothorn, F|66/100
|switch|p2a: Ho-Oh|Ho-Oh|100/100 tox
|
|-damage|p2a: Ho-Oh|94/100 tox|[from] psn
|-sideend|p2: ihavebestsandteam|Reflect
|upkeep
|turn|142
|
|t:|1667682288
|move|p2a: Ho-Oh|Defog|p1a: Ferrothorn
|-unboost|p1a: Ferrothorn|evasion|1
|-sideend|p2: ihavebestsandteam|Stealth Rock|[from] move: Defog|[of] p2a: Ho-Oh
|move|p1a: Ferrothorn|Leech Seed|p2a: Ho-Oh|[miss]
|-miss|p1a: Ferrothorn|p2a: Ho-Oh
|
|-damage|p2a: Ho-Oh|82/100 tox|[from] psn
|upkeep
|turn|143
|
|t:|1667682295
|switch|p2a: Tangrowth|Tangrowth, M|100/100
|switch|p1a: Slowbro|Slowbro, M|100/100
|
|upkeep
|turn|144
|
|t:|1667682298
|switch|p1a: Yveltal|Yveltal|94/100 brn
|-ability|p1a: Yveltal|Dark Aura
|switch|p2a: Lunala|Lunala|100/100
|
|-damage|p1a: Yveltal|88/100 brn|[from] brn
|upkeep
|turn|145
|
|t:|1667682302
|switch|p2a: Tangrowth|Tangrowth, M|100/100
|move|p1a: Yveltal|Dark Pulse|p2a: Tangrowth
|-damage|p2a: Tangrowth|14/100
|
|-damage|p1a: Yveltal|82/100 brn|[from] brn
|upkeep
|turn|146
|
|t:|1667682324
|switch|p2a: Audino|Audino, F|100/100 tox
|move|p1a: Yveltal|Dark Pulse|p2a: Audino
|-damage|p2a: Audino|46/100 tox
|
|-damage|p2a: Audino|40/100 tox|[from] psn
|-damage|p1a: Yveltal|76/100 brn|[from] brn
|upkeep
|turn|147
|
|t:|1667682330
|switch|p2a: Ho-Oh|Ho-Oh|100/100 tox
|move|p1a: Yveltal|Dark Pulse|p2a: Ho-Oh
|-damage|p2a: Ho-Oh|67/100 tox
|
|-damage|p2a: Ho-Oh|61/100 tox|[from] psn
|-damage|p1a: Yveltal|70/100 brn|[from] brn
|upkeep
|turn|148
|
|t:|1667682342
|switch|p2a: Audino|Audino, F|73/100 tox
|move|p1a: Yveltal|Roost|p1a: Yveltal
|-heal|p1a: Yveltal|100/100 brn
|-singleturn|p1a: Yveltal|move: Roost
|
|-damage|p2a: Audino|67/100 tox|[from] psn
|-damage|p1a: Yveltal|94/100 brn|[from] brn
|upkeep
|turn|149
|
|t:|1667682372
|switch|p2a: Ho-Oh|Ho-Oh|94/100 tox
|move|p1a: Yveltal|Oblivion Wing|p2a: Ho-Oh
|-damage|p2a: Ho-Oh|67/100 tox
|-heal|p1a: Yveltal|100/100 brn|[from] drain|[of] p2a: Ho-Oh
|
|-damage|p2a: Ho-Oh|61/100 tox|[from] psn
|-damage|p1a: Yveltal|94/100 brn|[from] brn
|upkeep
|turn|150
|
|t:|1667682389
|switch|p1a: Blissey|Blissey, F|94/100
|switch|p2a: Audino|Audino, F|100/100 tox
|
|-damage|p2a: Audino|94/100 tox|[from] psn
|upkeep
|turn|151
|
|t:|1667682414
|switch|p2a: Ho-Oh|Ho-Oh|94/100 tox
|move|p1a: Blissey|Seismic Toss|p2a: Ho-Oh
|-damage|p2a: Ho-Oh|70/100 tox
|
|-damage|p2a: Ho-Oh|64/100 tox|[from] psn
|upkeep
|turn|152
|
|t:|1667682417
|switch|p2a: Audino|Audino, F|100/100 tox
|move|p1a: Blissey|Seismic Toss|p2a: Audino
|-damage|p2a: Audino|76/100 tox
|
|-damage|p2a: Audino|70/100 tox|[from] psn
|upkeep
|turn|153
|
|t:|1667682426
|switch|p2a: Ho-Oh|Ho-Oh|97/100 tox
|move|p1a: Blissey|Seismic Toss|p2a: Ho-Oh
|-damage|p2a: Ho-Oh|73/100 tox
|
|-damage|p2a: Ho-Oh|67/100 tox|[from] psn
|upkeep
|turn|154
|
|t:|1667682436
|switch|p2a: Audino|Audino, F|100/100 tox
|switch|p1a: Lugia|Lugia|100/100
|
|-damage|p2a: Audino|94/100 tox|[from] psn
|upkeep
|turn|155
|
|t:|1667682439
|switch|p1a: Slowbro|Slowbro, M|100/100
|switch|p2a: Ho-Oh|Ho-Oh|99/100 tox
|
|-damage|p2a: Ho-Oh|94/100 tox|[from] psn
|upkeep
|turn|156
|
|t:|1667682447
|switch|p2a: Audino|Audino, F|100/100 tox
|switch|p1a: Lugia|Lugia|100/100
|
|-damage|p2a: Audino|94/100 tox|[from] psn
|upkeep
|turn|157
|
|t:|1667682459
|switch|p1a: Slowbro|Slowbro, M|100/100
|switch|p2a: Ho-Oh|Ho-Oh|100/100 tox
|
|-damage|p2a: Ho-Oh|94/100 tox|[from] psn
|upkeep
|turn|158
|
|t:|1667682502
|switch|p2a: Audino|Audino, F|100/100 tox
|move|p1a: Slowbro|Future Sight|p2a: Audino
|-start|p1a: Slowbro|move: Future Sight
|
|-damage|p2a: Audino|94/100 tox|[from] psn
|upkeep
|turn|159
|
|t:|1667682505
|switch|p2a: Shedinja|Shedinja|100/100
|move|p1a: Slowbro|Teleport|p1a: Slowbro
|
|t:|1667682513
|switch|p1a: Blissey|Blissey, F|94/100|[from]move: Teleport
|
|upkeep
|turn|160
|
|t:|1667682564
|switch|p2a: Ho-Oh|Ho-Oh|100/100 tox
|move|p1a: Blissey|Toxic|p2a: Ho-Oh
|-fail|p2a: Ho-Oh|tox
|
|-end|p2a: Ho-Oh|move: Future Sight
|-damage|p2a: Ho-Oh|79/100 tox
|-damage|p2a: Ho-Oh|73/100 tox|[from] psn
|upkeep
|turn|161
|
|t:|1667682575
|switch|p2a: Audino|Audino, F|100/100 tox
|switch|p1a: Lugia|Lugia|100/100
|
|-damage|p2a: Audino|94/100 tox|[from] psn
|upkeep
|turn|162
|
|t:|1667682598
|switch|p1a: Blissey|Blissey, F|94/100
|switch|p2a: Ho-Oh|Ho-Oh|100/100 tox
|
|-damage|p2a: Ho-Oh|94/100 tox|[from] psn
|upkeep
|turn|163
|
|t:|1667682603
|switch|p2a: Tangrowth|Tangrowth, M|47/100
|switch|p1a: Slowbro|Slowbro, M|100/100
|
|upkeep
|turn|164
|
|t:|1667682606
|switch|p1a: Yveltal|Yveltal|94/100 brn
|-ability|p1a: Yveltal|Dark Aura
|switch|p2a: Ho-Oh|Ho-Oh|100/100 tox
|
|-damage|p2a: Ho-Oh|94/100 tox|[from] psn
|-damage|p1a: Yveltal|88/100 brn|[from] brn
|upkeep
|turn|165
|
|t:|1667682613
|switch|p1a: Cinderace|Cinderace, M|28/100
|switch|p2a: Audino|Audino, F|100/100 tox
|
|-damage|p2a: Audino|94/100 tox|[from] psn
|upkeep
|turn|166
|c|☆ihavebestsandteam|JUST GIVE UP
|
|t:|1667682616
|move|p1a: Cinderace|U-turn|p2a: Audino
|-start|p1a: Cinderace|typechange|Bug|[from] ability: Libero
|-damage|p2a: Audino|73/100 tox
|
|t:|1667682621
|switch|p1a: Ferrothorn|Ferrothorn, F|66/100|[from]move: U-turn
|move|p2a: Audino|Knock Off|p1a: Ferrothorn
|-damage|p1a: Ferrothorn|60/100
|-damage|p2a: Audino|60/100 tox|[from] ability: Iron Barbs|[of] p1a: Ferrothorn
|
|-damage|p2a: Audino|48/100 tox|[from] psn
|upkeep
|turn|167
|
|t:|1667682630
|switch|p2a: Tangrowth|Tangrowth, M|80/100
|move|p1a: Ferrothorn|Stealth Rock|p2a: Tangrowth
|-sidestart|p2: ihavebestsandteam|move: Stealth Rock
|
|upkeep
|turn|168
|
|t:|1667682639
|switch|p1a: Slowbro|Slowbro, M|100/100
|move|p2a: Tangrowth|Grass Knot|p1a: Slowbro
|-supereffective|p1a: Slowbro
|-damage|p1a: Slowbro|42/100
|
|upkeep
|turn|169
|
|t:|1667682659
|switch|p1a: Blissey|Blissey, F|94/100
|move|p2a: Tangrowth|Knock Off|p1a: Blissey
|-damage|p1a: Blissey|66/100
|
|upkeep
|turn|170
|
|t:|1667682718
|switch|p1a: Lugia|Lugia|100/100
|switch|p2a: Ho-Oh|Ho-Oh|100/100 tox
|
|-damage|p2a: Ho-Oh|94/100 tox|[from] psn
|upkeep
|turn|171
|
|t:|1667682745
|switch|p1a: Slowbro|Slowbro, M|75/100
|switch|p2a: Audino|Audino, F|81/100 tox
|
|-damage|p2a: Audino|75/100 tox|[from] psn
|upkeep
|turn|172
|
|t:|1667682752
|switch|p2a: Ho-Oh|Ho-Oh|100/100 tox
|switch|p1a: Lugia|Lugia|100/100
|
|-damage|p2a: Ho-Oh|94/100 tox|[from] psn
|upkeep
|turn|173
|
|t:|1667682806
|switch|p1a: Slowbro|Slowbro, M|100/100
|switch|p2a: Tangrowth|Tangrowth, M|100/100
|
|upkeep
|turn|174
|j| sanjaydas
|
|t:|1667682896
|switch|p1a: Lugia|Lugia|100/100
|switch|p2a: Ho-Oh|Ho-Oh|100/100 tox
|
|-damage|p2a: Ho-Oh|94/100 tox|[from] psn
|upkeep
|turn|175
|
|t:|1667682908
|switch|p1a: Slowbro|Slowbro, M|100/100
|switch|p2a: Audino|Audino, F|100/100 tox
|
|-damage|p2a: Audino|94/100 tox|[from] psn
|upkeep
|turn|176
|
|t:|1667682959
|switch|p2a: Ho-Oh|Ho-Oh|100/100 tox
|switch|p1a: Lugia|Lugia|100/100
|
|-damage|p2a: Ho-Oh|94/100 tox|[from] psn
|upkeep
|turn|177
|
|t:|1667682985
|switch|p1a: Slowbro|Slowbro, M|100/100
|switch|p2a: Audino|Audino, F|100/100 tox
|
|-damage|p2a: Audino|94/100 tox|[from] psn
|upkeep
|turn|178
|
|t:|1667683046
|switch|p2a: Ho-Oh|Ho-Oh|100/100 tox
|switch|p1a: Lugia|Lugia|100/100
|
|-damage|p2a: Ho-Oh|94/100 tox|[from] psn
|upkeep
|turn|179
|
|t:|1667683061
|switch|p1a: Slowbro|Slowbro, M|100/100
|switch|p2a: Audino|Audino, F|100/100 tox
|
|-damage|p2a: Audino|94/100 tox|[from] psn
|upkeep
|turn|180
|
|t:|1667683068
|switch|p1a: Lugia|Lugia|100/100
|move|p2a: Audino|Knock Off|p1a: Lugia
|-supereffective|p1a: Lugia
|-damage|p1a: Lugia|90/100
|-enditem|p1a: Lugia|Heavy-Duty Boots|[from] move: Knock Off|[of] p2a: Audino
|
|-damage|p2a: Audino|82/100 tox|[from] psn
|upkeep
|turn|181
|
|t:|1667683076
|switch|p1a: Slowbro|Slowbro, M|100/100
|switch|p2a: Ho-Oh|Ho-Oh|100/100 tox
|
|-damage|p2a: Ho-Oh|94/100 tox|[from] psn
|upkeep
|turn|182
|
|t:|1667683079
|switch|p2a: Audino|Audino, F|100/100 tox
|move|p1a: Slowbro|Scald|p2a: Audino
|-damage|p2a: Audino|76/100 tox
|
|-damage|p2a: Audino|70/100 tox|[from] psn
|upkeep
|turn|183
|
|t:|1667683084
|switch|p2a: Ho-Oh|Ho-Oh|100/100 tox
|move|p1a: Slowbro|Future Sight|p2a: Ho-Oh
|-start|p1a: Slowbro|move: Future Sight
|
|-damage|p2a: Ho-Oh|94/100 tox|[from] psn
|upkeep
|turn|184
|
|t:|1667683094
|switch|p2a: Shedinja|Shedinja|100/100
|switch|p1a: Ferrothorn|Ferrothorn, F|60/100
|
|upkeep
|turn|185
|
|t:|1667683101
|move|p2a: Shedinja|Protect|p2a: Shedinja
|-singleturn|p2a: Shedinja|Protect
|move|p1a: Ferrothorn|Leech Seed|p2a: Shedinja
|-activate|p2a: Shedinja|move: Protect
|
|-end|p2a: Shedinja|move: Future Sight
|-immune|p2a: Shedinja|[from] ability: Wonder Guard
|upkeep
|turn|186
|
|t:|1667683110
|switch|p2a: Tangrowth|Tangrowth, M|100/100
|switch|p1a: Cinderace|Cinderace, M|28/100
|
|upkeep
|turn|187
|
|t:|1667683113
|move|p1a: Cinderace|U-turn|p2a: Tangrowth
|-start|p1a: Cinderace|typechange|Bug|[from] ability: Libero
|-supereffective|p2a: Tangrowth
|-damage|p2a: Tangrowth|63/100
|
|t:|1667683118
|switch|p1a: Yveltal|Yveltal|88/100 brn|[from]move: U-turn
|-ability|p1a: Yveltal|Dark Aura
|move|p2a: Tangrowth|Knock Off|p1a: Yveltal
|-resisted|p1a: Yveltal
|-damage|p1a: Yveltal|81/100 brn
|
|-damage|p1a: Yveltal|75/100 brn|[from] brn
|upkeep
|turn|188
|
|t:|1667683174
|switch|p1a: Cinderace|Cinderace, M|28/100
|switch|p2a: Audino|Audino, F|100/100 tox
|
|-damage|p2a: Audino|94/100 tox|[from] psn
|upkeep
|turn|189
|
|t:|1667683200
|move|p1a: Cinderace|U-turn|p2a: Audino
|-start|p1a: Cinderace|typechange|Bug|[from] ability: Libero
|-damage|p2a: Audino|70/100 tox
|
|t:|1667683215
|switch|p1a: Lugia|Lugia|90/100|[from]move: U-turn
|move|p2a: Audino|Knock Off|p1a: Lugia
|-supereffective|p1a: Lugia
|-damage|p1a: Lugia|76/100
|
|-damage|p2a: Audino|58/100 tox|[from] psn
|upkeep
|turn|190
|
|t:|1667683275
|switch|p2a: Ho-Oh|Ho-Oh|100/100 tox
|move|p1a: Lugia|Substitute|p1a: Lugia
|-start|p1a: Lugia|Substitute
|-damage|p1a: Lugia|51/100
|
|-damage|p2a: Ho-Oh|94/100 tox|[from] psn
|upkeep
|turn|191
|
|t:|1667683307
|switch|p2a: Audino|Audino, F|91/100 tox
|move|p1a: Lugia|Roost|p1a: Lugia
|-heal|p1a: Lugia|100/100
|-singleturn|p1a: Lugia|move: Roost
|
|-damage|p2a: Audino|85/100 tox|[from] psn
|upkeep
|turn|192
|
|t:|1667683321
|switch|p1a: Slowbro|Slowbro, M|100/100
|switch|p2a: Ho-Oh|Ho-Oh|100/100 tox
|
|-damage|p2a: Ho-Oh|94/100 tox|[from] psn
|upkeep
|turn|193
|
|t:|1667683338
|switch|p2a: Audino|Audino, F|100/100 tox
|switch|p1a: Lugia|Lugia|100/100
|
|-damage|p2a: Audino|94/100 tox|[from] psn
|upkeep
|turn|194
|
|t:|1667683432
|switch|p1a: Slowbro|Slowbro, M|100/100
|switch|p2a: Blissey|Blissey, F|79/100
|
|upkeep
|turn|195
|
|t:|1667683441
|switch|p2a: Ho-Oh|Ho-Oh|100/100 tox
|switch|p1a: Blissey|Blissey, F|66/100
|
|-damage|p2a: Ho-Oh|94/100 tox|[from] psn
|upkeep
|turn|196
|
|t:|1667683447
|switch|p2a: Audino|Audino, F|100/100 tox
|switch|p1a: Yveltal|Yveltal|75/100 brn
|-ability|p1a: Yveltal|Dark Aura
|
|-damage|p2a: Audino|94/100 tox|[from] psn
|-damage|p1a: Yveltal|69/100 brn|[from] brn
|upkeep
|turn|197
|
|t:|1667683455
|switch|p1a: Lugia|Lugia|100/100
|switch|p2a: Lunala|Lunala|100/100
|
|upkeep
|turn|198
|
|t:|1667683458
|switch|p1a: Yveltal|Yveltal|69/100 brn
|-ability|p1a: Yveltal|Dark Aura
|move|p2a: Lunala|Will-O-Wisp|p1a: Yveltal
|-fail|p1a: Yveltal|brn
|
|-damage|p1a: Yveltal|63/100 brn|[from] brn
|upkeep
|turn|199
|
|t:|1667683461
|switch|p2a: Audino|Audino, F|100/100 tox
|move|p1a: Yveltal|Dark Pulse|p2a: Audino
|-damage|p2a: Audino|39/100 tox
|
|-damage|p2a: Audino|33/100 tox|[from] psn
|-damage|p1a: Yveltal|56/100 brn|[from] brn
|upkeep
|turn|200
|l| sanjaydas
|
|t:|1667683504
|switch|p1a: Slowbro|Slowbro, M|100/100
|switch|p2a: Ho-Oh|Ho-Oh|100/100 tox
|
|-damage|p2a: Ho-Oh|94/100 tox|[from] psn
|upkeep
|turn|201
|
|t:|1667683576
|switch|p2a: Blissey|Blissey, F|79/100
|switch|p1a: Lugia|Lugia|100/100
|
|upkeep
|turn|202
|
|t:|1667683619
|switch|p1a: Slowbro|Slowbro, M|100/100
|switch|p2a: Audino|Audino, F|66/100 tox
|
|-damage|p2a: Audino|60/100 tox|[from] psn
|upkeep
|turn|203
|
|t:|1667683657
|switch|p2a: Ho-Oh|Ho-Oh|100/100 tox
|switch|p1a: Lugia|Lugia|100/100
|
|-damage|p2a: Ho-Oh|94/100 tox|[from] psn
|upkeep
|turn|204
|
|t:|1667683670
|switch|p1a: Slowbro|Slowbro, M|100/100
|switch|p2a: Audino|Audino, F|93/100 tox
|
|-damage|p2a: Audino|87/100 tox|[from] psn
|upkeep
|turn|205
|
|t:|1667683676
|switch|p2a: Ho-Oh|Ho-Oh|100/100 tox
|switch|p1a: Lugia|Lugia|100/100
|
|-damage|p2a: Ho-Oh|94/100 tox|[from] psn
|upkeep
|turn|206
|
|t:|1667683706
|switch|p1a: Slowbro|Slowbro, M|100/100
|switch|p2a: Audino|Audino, F|100/100 tox
|
|-damage|p2a: Audino|94/100 tox|[from] psn
|upkeep
|turn|207
|
|t:|1667683721
|switch|p2a: Ho-Oh|Ho-Oh|100/100 tox
|switch|p1a: Lugia|Lugia|100/100
|
|-damage|p2a: Ho-Oh|94/100 tox|[from] psn
|upkeep
|turn|208
|c|☆ihavebestsandteam|you are so close to losing man
|
|t:|1667683729
|switch|p1a: Slowbro|Slowbro, M|100/100
|switch|p2a: Blissey|Blissey, F|79/100
|
|upkeep
|turn|209
|
|t:|1667683734
|switch|p1a: Lugia|Lugia|100/100
|move|p2a: Blissey|Stealth Rock|p1a: Lugia
|-sidestart|p1: Shaolun|move: Stealth Rock
|
|upkeep
|turn|210
|c|☆Shaolun|am i now
|
|t:|1667683787
|switch|p1a: Slowbro|Slowbro, M|100/100
|-damage|p1a: Slowbro|88/100|[from] Stealth Rock
|switch|p2a: Audino|Audino, F|100/100 tox
|
|-damage|p2a: Audino|94/100 tox|[from] psn
|upkeep
|turn|211
|
|t:|1667683791
|switch|p1a: Lugia|Lugia|100/100
|-damage|p1a: Lugia|76/100|[from] Stealth Rock
|move|p2a: Audino|Knock Off|p1a: Lugia
|-supereffective|p1a: Lugia
|-damage|p1a: Lugia|63/100
|
|-damage|p2a: Audino|82/100 tox|[from] psn
|upkeep
|turn|212
|c|☆ihavebestsandteam|yh
|
|t:|1667683796
|switch|p2a: Ho-Oh|Ho-Oh|100/100 tox
|move|p1a: Lugia|Roost|p1a: Lugia
|-heal|p1a: Lugia|100/100
|-singleturn|p1a: Lugia|move: Roost
|
|-damage|p2a: Ho-Oh|94/100 tox|[from] psn
|upkeep
|turn|213
|
|t:|1667683800
|move|p1a: Lugia|Substitute|p1a: Lugia
|-start|p1a: Lugia|Substitute
|-damage|p1a: Lugia|76/100
|move|p2a: Ho-Oh|Whirlwind|p1a: Lugia
|drag|p1a: Slowbro|Slowbro, M|100/100
|-damage|p1a: Slowbro|88/100|[from] Stealth Rock
|
|-damage|p2a: Ho-Oh|82/100 tox|[from] psn
|upkeep
|turn|214
|
|t:|1667683806
|switch|p2a: Audino|Audino, F|100/100 tox
|move|p1a: Slowbro|Scald|p2a: Audino
|-damage|p2a: Audino|74/100 tox
|
|-damage|p2a: Audino|68/100 tox|[from] psn
|upkeep
|turn|215
|
|t:|1667683809
|switch|p2a: Ho-Oh|Ho-Oh|100/100 tox
|move|p1a: Slowbro|Future Sight|p2a: Ho-Oh
|-start|p1a: Slowbro|move: Future Sight
|
|-damage|p2a: Ho-Oh|94/100 tox|[from] psn
|upkeep
|turn|216
|
|t:|1667683818
|switch|p2a: Lunala|Lunala|100/100
|switch|p1a: Lugia|Lugia|76/100
|-damage|p1a: Lugia|51/100|[from] Stealth Rock
|
|upkeep
|turn|217
|
|t:|1667683837
|move|p1a: Lugia|Roost|p1a: Lugia
|-heal|p1a: Lugia|100/100
|-singleturn|p1a: Lugia|move: Roost
|move|p2a: Lunala|Will-O-Wisp|p1a: Lugia|[miss]
|-miss|p2a: Lunala|p1a: Lugia
|
|-end|p2a: Lunala|move: Future Sight
|-resisted|p2a: Lunala
|-damage|p2a: Lunala|93/100
|upkeep
|turn|218
|
|t:|1667683848
|switch|p1a: Cinderace|Cinderace, M|28/100
|move|p2a: Lunala|Roar|p1a: Cinderace
|drag|p1a: Lugia|Lugia|100/100
|-damage|p1a: Lugia|76/100|[from] Stealth Rock
|
|upkeep
|turn|219
|
|t:|1667683852
|switch|p1a: Yveltal|Yveltal|56/100 brn
|-damage|p1a: Yveltal|31/100 brn|[from] Stealth Rock
|-ability|p1a: Yveltal|Dark Aura
|move|p2a: Lunala|Roar|p1a: Yveltal
|drag|p1a: Blissey|Blissey, F|66/100
|-damage|p1a: Blissey|54/100|[from] Stealth Rock
|
|upkeep
|turn|220
|
|t:|1667683859
|switch|p2a: Blissey|Blissey, F|79/100
|move|p1a: Blissey|Toxic|p2a: Blissey
|-status|p2a: Blissey|tox
|
|-damage|p2a: Blissey|72/100 tox|[from] psn
|upkeep
|turn|221
|
|t:|1667683865
|switch|p1a: Slowbro|Slowbro, M|100/100
|-damage|p1a: Slowbro|88/100|[from] Stealth Rock
|-curestatus|p2a: Blissey|tox|[from] ability: Natural Cure
|switch|p2a: Audino|Audino, F|100/100 tox
|
|-damage|p2a: Audino|94/100 tox|[from] psn
|upkeep
|turn|222
|
|t:|1667683906
|switch|p2a: Lunala|Lunala|93/100
|move|p1a: Slowbro|Future Sight|p2a: Lunala
|-start|p1a: Slowbro|move: Future Sight
|
|upkeep
|turn|223
|
|t:|1667683922
|switch|p1a: Cinderace|Cinderace, M|28/100
|move|p2a: Lunala|Will-O-Wisp|p1a: Cinderace
|-immune|p1a: Cinderace
|
|upkeep
|turn|224
|c|☆ihavebestsandteam|yeah as soon as i actually try to pressure you the team falls apart
|
|t:|1667683933
|move|p1a: Cinderace|Sucker Punch||[still]
|-fail|p1a: Cinderace
|move|p2a: Lunala|Roost|p2a: Lunala
|-heal|p2a: Lunala|100/100
|-singleturn|p2a: Lunala|move: Roost
|
|-end|p2a: Lunala|move: Future Sight
|-resisted|p2a: Lunala
|-damage|p2a: Lunala|93/100
|upkeep
|turn|225
|
|t:|1667683943
|move|p1a: Cinderace|Pyro Ball|p2a: Lunala
|-damage|p2a: Lunala|49/100
|move|p2a: Lunala|Roost|p2a: Lunala
|-heal|p2a: Lunala|99/100
|-singleturn|p2a: Lunala|move: Roost
|
|upkeep
|turn|226
|
|t:|1667683955
|move|p1a: Cinderace|U-turn|p2a: Lunala
|-start|p1a: Cinderace|typechange|Bug|[from] ability: Libero
|-damage|p2a: Lunala|72/100
|
|t:|1667683960
|switch|p1a: Blissey|Blissey, F|54/100|[from]move: U-turn
|-damage|p1a: Blissey|42/100|[from] Stealth Rock
|move|p2a: Lunala|Roost|p2a: Lunala
|-heal|p2a: Lunala|100/100
|-singleturn|p2a: Lunala|move: Roost
|
|upkeep
|turn|227
|
|t:|1667683976
|switch|p2a: Ho-Oh|Ho-Oh|100/100 tox
|move|p1a: Blissey|Soft-Boiled|p1a: Blissey
|-heal|p1a: Blissey|92/100
|
|-damage|p2a: Ho-Oh|94/100 tox|[from] psn
|upkeep
|turn|228
|
|t:|1667683980
|switch|p2a: Audino|Audino, F|100/100 tox
|switch|p1a: Slowbro|Slowbro, M|100/100
|-damage|p1a: Slowbro|88/100|[from] Stealth Rock
|
|-damage|p2a: Audino|94/100 tox|[from] psn
|upkeep
|turn|229
|
|t:|1667683985
|switch|p2a: Ho-Oh|Ho-Oh|100/100 tox
|move|p1a: Slowbro|Scald|p2a: Ho-Oh
|-supereffective|p2a: Ho-Oh
|-damage|p2a: Ho-Oh|73/100 tox
|
|-damage|p2a: Ho-Oh|67/100 tox|[from] psn
|upkeep
|turn|230
|
|t:|1667683991
|switch|p2a: Audino|Audino, F|100/100 tox
|move|p1a: Slowbro|Teleport|p1a: Slowbro
|
|t:|1667683996
|switch|p1a: Cinderace|Cinderace, M|28/100|[from]move: Teleport
|
|-damage|p2a: Audino|94/100 tox|[from] psn
|upkeep
|turn|231
|
|t:|1667683998
|move|p1a: Cinderace|Pyro Ball|p2a: Audino
|-damage|p2a: Audino|59/100 tox
|move|p2a: Audino|Knock Off|p1a: Cinderace
|-damage|p1a: Cinderace|8/100
|-enditem|p1a: Cinderace|Heavy-Duty Boots|[from] move: Knock Off|[of] p2a: Audino
|
|-damage|p2a: Audino|46/100 tox|[from] psn
|upkeep
|turn|232
|
|t:|1667684006
|switch|p2a: Ho-Oh|Ho-Oh|99/100 tox
|move|p1a: Cinderace|Pyro Ball|p2a: Ho-Oh
|-resisted|p2a: Ho-Oh
|-damage|p2a: Ho-Oh|81/100 tox
|
|-damage|p2a: Ho-Oh|75/100 tox|[from] psn
|upkeep
|turn|233
|
|t:|1667684010
|move|p1a: Cinderace|Sucker Punch|p2a: Ho-Oh
|-start|p1a: Cinderace|typechange|Dark|[from] ability: Libero
|-damage|p2a: Ho-Oh|54/100 tox
|move|p2a: Ho-Oh|Sacred Fire|p1a: Cinderace
|-damage|p1a: Cinderace|0 fnt
|faint|p1a: Cinderace
|
|-damage|p2a: Ho-Oh|41/100 tox|[from] psn
|upkeep
|
|t:|1667684019
|switch|p1a: Slowbro|Slowbro, M|100/100
|-damage|p1a: Slowbro|88/100|[from] Stealth Rock
|turn|234
|
|t:|1667684022
|switch|p2a: Audino|Audino, F|80/100 tox
|move|p1a: Slowbro|Scald|p2a: Audino
|-damage|p2a: Audino|52/100 tox
|
|-damage|p2a: Audino|46/100 tox|[from] psn
|upkeep
|turn|235
|
|t:|1667684029
|switch|p2a: Ho-Oh|Ho-Oh|75/100 tox
|move|p1a: Slowbro|Scald|p2a: Ho-Oh
|-supereffective|p2a: Ho-Oh
|-damage|p2a: Ho-Oh|46/100 tox
|
|-damage|p2a: Ho-Oh|40/100 tox|[from] psn
|upkeep
|turn|236
|
|t:|1667684039
|switch|p2a: Audino|Audino, F|80/100 tox
|move|p1a: Slowbro|Scald|p2a: Audino
|-damage|p2a: Audino|54/100 tox
|
|-damage|p2a: Audino|48/100 tox|[from] psn
|upkeep
|turn|237
|
|t:|1667684046
|switch|p2a: Ho-Oh|Ho-Oh|73/100 tox
|move|p1a: Slowbro|Scald|p2a: Ho-Oh
|-supereffective|p2a: Ho-Oh
|-damage|p2a: Ho-Oh|40/100 tox
|
|-damage|p2a: Ho-Oh|34/100 tox|[from] psn
|upkeep
|turn|238
|
|t:|1667684053
|switch|p2a: Audino|Audino, F|81/100 tox
|move|p1a: Slowbro|Scald|p2a: Audino
|-damage|p2a: Audino|57/100 tox
|
|-damage|p2a: Audino|50/100 tox|[from] psn
|upkeep
|turn|239
|
|t:|1667684056
|switch|p2a: Ho-Oh|Ho-Oh|67/100 tox
|move|p1a: Slowbro|Scald|p2a: Ho-Oh
|-supereffective|p2a: Ho-Oh
|-damage|p2a: Ho-Oh|37/100 tox
|
|-damage|p2a: Ho-Oh|31/100 tox|[from] psn
|upkeep
|turn|240
|
|t:|1667684058
|switch|p2a: Audino|Audino, F|84/100 tox
|move|p1a: Slowbro|Scald|p2a: Audino
|-damage|p2a: Audino|59/100 tox
|
|-damage|p2a: Audino|53/100 tox|[from] psn
|upkeep
|turn|241
|
|t:|1667684060
|switch|p2a: Tangrowth|Tangrowth, M|97/100
|move|p1a: Slowbro|Scald|p2a: Tangrowth
|-resisted|p2a: Tangrowth
|-damage|p2a: Tangrowth|75/100
|
|upkeep
|turn|242
|
|t:|1667684066
|switch|p1a: Lugia|Lugia|76/100
|-damage|p1a: Lugia|51/100|[from] Stealth Rock
|move|p2a: Tangrowth|Grass Knot|p1a: Lugia
|-resisted|p1a: Lugia
|-damage|p1a: Lugia|38/100
|
|upkeep
|turn|243
|
|t:|1667684087
|switch|p2a: Ho-Oh|Ho-Oh|64/100 tox
|move|p1a: Lugia|Roost|p1a: Lugia
|-heal|p1a: Lugia|88/100
|-singleturn|p1a: Lugia|move: Roost
|
|-damage|p2a: Ho-Oh|58/100 tox|[from] psn
|upkeep
|turn|244
|
|t:|1667684103
|switch|p1a: Slowbro|Slowbro, M|100/100
|-damage|p1a: Slowbro|88/100|[from] Stealth Rock
|switch|p2a: Audino|Audino, F|86/100 tox
|
|-damage|p2a: Audino|80/100 tox|[from] psn
|upkeep
|turn|245
|
|t:|1667684107
|switch|p2a: Ho-Oh|Ho-Oh|91/100 tox
|move|p1a: Slowbro|Scald|p2a: Ho-Oh
|-supereffective|p2a: Ho-Oh
|-damage|p2a: Ho-Oh|59/100 tox
|
|-damage|p2a: Ho-Oh|53/100 tox|[from] psn
|upkeep
|turn|246
|
|t:|1667684110
|switch|p2a: Audino|Audino, F|100/100 tox
|move|p1a: Slowbro|Scald|p2a: Audino
|-damage|p2a: Audino|73/100 tox
|
|-damage|p2a: Audino|67/100 tox|[from] psn
|upkeep
|turn|247
|
|t:|1667684114
|switch|p2a: Ho-Oh|Ho-Oh|86/100 tox
|move|p1a: Slowbro|Teleport|p1a: Slowbro
|
|t:|1667684123
|switch|p1a: Yveltal|Yveltal|31/100 brn|[from]move: Teleport
|-damage|p1a: Yveltal|6/100 brn|[from] Stealth Rock
|-ability|p1a: Yveltal|Dark Aura
|
|-damage|p2a: Ho-Oh|80/100 tox|[from] psn
|-damage|p1a: Yveltal|0 fnt|[from] brn
|faint|p1a: Yveltal
|upkeep
|
|t:|1667684128
|switch|p1a: Slowbro|Slowbro, M|100/100
|-damage|p1a: Slowbro|88/100|[from] Stealth Rock
|turn|248
|
|t:|1667684146
|switch|p2a: Tangrowth|Tangrowth, M|100/100
|move|p1a: Slowbro|Scald|p2a: Tangrowth
|-resisted|p2a: Tangrowth
|-crit|p2a: Tangrowth
|-damage|p2a: Tangrowth|68/100
|-status|p2a: Tangrowth|brn
|
|-damage|p2a: Tangrowth|62/100 brn|[from] brn
|upkeep
|turn|249
|
|t:|1667684155
|switch|p1a: Blissey|Blissey, F|92/100
|-damage|p1a: Blissey|79/100|[from] Stealth Rock
|switch|p2a: Ho-Oh|Ho-Oh|100/100 tox
|
|-damage|p2a: Ho-Oh|94/100 tox|[from] psn
|upkeep
|turn|250
|
|t:|1667684159
|switch|p2a: Tangrowth|Tangrowth, M|95/100 brn
|move|p1a: Blissey|Seismic Toss|p2a: Tangrowth
|-damage|p2a: Tangrowth|70/100 brn
|
|-damage|p2a: Tangrowth|64/100 brn|[from] brn
|upkeep
|turn|251
|
|t:|1667684169
|switch|p2a: Ho-Oh|Ho-Oh|100/100 tox
|move|p1a: Blissey|Seismic Toss|p2a: Ho-Oh
|-damage|p2a: Ho-Oh|76/100 tox
|
|-damage|p2a: Ho-Oh|70/100 tox|[from] psn
|upkeep
|turn|252
|
|t:|1667684195
|switch|p2a: Tangrowth|Tangrowth, M|97/100 brn
|switch|p1a: Slowbro|Slowbro, M|100/100
|-damage|p1a: Slowbro|88/100|[from] Stealth Rock
|
|-damage|p2a: Tangrowth|91/100 brn|[from] brn
|upkeep
|turn|253
|
|t:|1667684206
|switch|p1a: Blissey|Blissey, F|79/100
|-damage|p1a: Blissey|67/100|[from] Stealth Rock
|switch|p2a: Ho-Oh|Ho-Oh|100/100 tox
|
|-damage|p2a: Ho-Oh|94/100 tox|[from] psn
|upkeep
|turn|254
|
|t:|1667684211
|switch|p2a: Tangrowth|Tangrowth, M|100/100 brn
|switch|p1a: Slowbro|Slowbro, M|100/100
|-damage|p1a: Slowbro|88/100|[from] Stealth Rock
|
|-damage|p2a: Tangrowth|94/100 brn|[from] brn
|upkeep
|turn|255
|
|t:|1667684216
|switch|p2a: Ho-Oh|Ho-Oh|100/100 tox
|move|p1a: Slowbro|Scald|p2a: Ho-Oh
|-supereffective|p2a: Ho-Oh
|-damage|p2a: Ho-Oh|73/100 tox
|
|-damage|p2a: Ho-Oh|67/100 tox|[from] psn
|upkeep
|turn|256
|
|t:|1667684231
|switch|p2a: Tangrowth|Tangrowth, M|100/100 brn
|move|p1a: Slowbro|Scald|p2a: Tangrowth
|-resisted|p2a: Tangrowth
|-damage|p2a: Tangrowth|79/100 brn
|
|-damage|p2a: Tangrowth|73/100 brn|[from] brn
|upkeep
|turn|257
|
|t:|1667684235
|switch|p2a: Ho-Oh|Ho-Oh|99/100 tox
|move|p1a: Slowbro|Future Sight|p2a: Ho-Oh
|-start|p1a: Slowbro|move: Future Sight
|
|-damage|p2a: Ho-Oh|94/100 tox|[from] psn
|upkeep
|turn|258
|
|t:|1667684241
|switch|p2a: Shedinja|Shedinja|100/100
|move|p1a: Slowbro|Scald|p2a: Shedinja
|-immune|p2a: Shedinja|[from] ability: Wonder Guard
|
|upkeep
|turn|259
|
|t:|1667684245
|switch|p1a: Ferrothorn|Ferrothorn, F|60/100
|-damage|p1a: Ferrothorn|54/100|[from] Stealth Rock
|move|p2a: Shedinja|Protect||[still]
|-fail|p2a: Shedinja
|
|-end|p2a: Shedinja|move: Future Sight
|-immune|p2a: Shedinja|[from] ability: Wonder Guard
|upkeep
|turn|260
|
|t:|1667684251
|switch|p2a: Tangrowth|Tangrowth, M|100/100 brn
|move|p1a: Ferrothorn|Leech Seed|p2a: Tangrowth
|-immune|p2a: Tangrowth
|
|-damage|p2a: Tangrowth|94/100 brn|[from] brn
|upkeep
|turn|261
|
|t:|1667684266
|move|p2a: Tangrowth|Reflect|p2a: Tangrowth
|-sidestart|p2: ihavebestsandteam|Reflect
|move|p1a: Ferrothorn|Power Whip|p2a: Tangrowth
|-resisted|p2a: Tangrowth
|-damage|p2a: Tangrowth|89/100 brn
|
|-damage|p2a: Tangrowth|83/100 brn|[from] brn
|upkeep
|turn|262
|
|t:|1667684275
|switch|p2a: Ho-Oh|Ho-Oh|100/100 tox
|switch|p1a: Slowbro|Slowbro, M|100/100
|-damage|p1a: Slowbro|88/100|[from] Stealth Rock
|
|-damage|p2a: Ho-Oh|94/100 tox|[from] psn
|upkeep
|turn|263
|
|t:|1667684278
|move|p2a: Ho-Oh|Defog|p1a: Slowbro
|-unboost|p1a: Slowbro|evasion|1
|-sideend|p1: Shaolun|Stealth Rock|[from] move: Defog|[of] p2a: Ho-Oh
|-sideend|p2: ihavebestsandteam|Stealth Rock|[from] move: Defog|[of] p2a: Ho-Oh
|move|p1a: Slowbro|Scald|p2a: Ho-Oh
|-supereffective|p2a: Ho-Oh
|-damage|p2a: Ho-Oh|63/100 tox
|
|-damage|p2a: Ho-Oh|51/100 tox|[from] psn
|upkeep
|turn|264
|
|t:|1667684286
|switch|p2a: Blissey|Blissey, F|72/100
|move|p1a: Slowbro|Scald|p2a: Blissey
|-damage|p2a: Blissey|63/100
|
|upkeep
|turn|265
|
|t:|1667684289
|move|p2a: Blissey|Stealth Rock|p1a: Slowbro
|-sidestart|p1: Shaolun|move: Stealth Rock
|move|p1a: Slowbro|Future Sight|p2a: Blissey
|-start|p1a: Slowbro|move: Future Sight
|
|-sideend|p2: ihavebestsandteam|Reflect
|upkeep
|turn|266
|
|t:|1667684295
|switch|p2a: Shedinja|Shedinja|100/100
|switch|p1a: Ferrothorn|Ferrothorn, F|54/100
|-damage|p1a: Ferrothorn|48/100|[from] Stealth Rock
|
|upkeep
|turn|267
|
|t:|1667684299
|move|p2a: Shedinja|Protect|p2a: Shedinja
|-singleturn|p2a: Shedinja|Protect
|move|p1a: Ferrothorn|Leech Seed|p2a: Shedinja
|-activate|p2a: Shedinja|move: Protect
|
|-end|p2a: Shedinja|move: Future Sight
|-immune|p2a: Shedinja|[from] ability: Wonder Guard
|upkeep
|turn|268
|j| 14monkeysonabed
|
|t:|1667684339
|switch|p2a: Tangrowth|Tangrowth, M|100/100 brn
|move|p1a: Ferrothorn|Gyro Ball|p2a: Tangrowth
|-damage|p2a: Tangrowth|89/100 brn
|
|-damage|p2a: Tangrowth|83/100 brn|[from] brn
|upkeep
|turn|269
|
|t:|1667684349
|switch|p1a: Blissey|Blissey, F|67/100
|-damage|p1a: Blissey|54/100|[from] Stealth Rock
|move|p2a: Tangrowth|Grass Knot|p1a: Blissey
|-damage|p1a: Blissey|47/100
|
|-damage|p2a: Tangrowth|77/100 brn|[from] brn
|upkeep
|turn|270
|l| 14monkeysonabed
|
|t:|1667684356
|switch|p2a: Ho-Oh|Ho-Oh|84/100 tox
|move|p1a: Blissey|Soft-Boiled|p1a: Blissey
|-heal|p1a: Blissey|97/100
|
|-damage|p2a: Ho-Oh|78/100 tox|[from] psn
|upkeep
|turn|271
|
|t:|1667684361
|switch|p1a: Slowbro|Slowbro, M|100/100
|-damage|p1a: Slowbro|88/100|[from] Stealth Rock
|move|p2a: Ho-Oh|Sacred Fire|p1a: Slowbro
|-resisted|p1a: Slowbro
|-damage|p1a: Slowbro|76/100
|
|-damage|p2a: Ho-Oh|66/100 tox|[from] psn
|upkeep
|turn|272
|
|t:|1667684366
|move|p2a: Ho-Oh|Sacred Fire|p1a: Slowbro
|-resisted|p1a: Slowbro
|-damage|p1a: Slowbro|64/100
|move|p1a: Slowbro|Scald|p2a: Ho-Oh
|-supereffective|p2a: Ho-Oh
|-damage|p2a: Ho-Oh|38/100 tox
|
|-damage|p2a: Ho-Oh|20/100 tox|[from] psn
|upkeep
|turn|273
|
|t:|1667684374
|switch|p2a: Audino|Audino, F|99/100 tox
|move|p1a: Slowbro|Future Sight|p2a: Audino
|-start|p1a: Slowbro|move: Future Sight
|
|-damage|p2a: Audino|94/100 tox|[from] psn
|upkeep
|turn|274
|
|t:|1667684380
|switch|p2a: Lunala|Lunala|100/100
|switch|p1a: Blissey|Blissey, F|97/100
|-damage|p1a: Blissey|85/100|[from] Stealth Rock
|
|upkeep
|turn|275
|
|t:|1667684387
|switch|p2a: Blissey|Blissey, F|63/100
|move|p1a: Blissey|Toxic|p2a: Blissey|[miss]
|-miss|p1a: Blissey|p2a: Blissey
|
|-end|p2a: Blissey|move: Future Sight
|-damage|p2a: Blissey|52/100
|upkeep
|turn|276
|
|t:|1667684394
|switch|p2a: Ho-Oh|Ho-Oh|53/100 tox
|move|p1a: Blissey|Toxic|p2a: Ho-Oh
|-fail|p2a: Ho-Oh|tox
|
|-damage|p2a: Ho-Oh|47/100 tox|[from] psn
|upkeep
|turn|277
|
|t:|1667684408
|switch|p2a: Audino|Audino, F|100/100 tox
|move|p1a: Blissey|Seismic Toss|p2a: Audino
|-damage|p2a: Audino|76/100 tox
|
|-damage|p2a: Audino|70/100 tox|[from] psn
|upkeep
|turn|278
|
|t:|1667684420
|switch|p2a: Ho-Oh|Ho-Oh|80/100 tox
|move|p1a: Blissey|Seismic Toss|p2a: Ho-Oh
|-damage|p2a: Ho-Oh|56/100 tox
|
|-damage|p2a: Ho-Oh|50/100 tox|[from] psn
|upkeep
|turn|279
|
|t:|1667684423
|switch|p2a: Audino|Audino, F|100/100 tox
|move|p1a: Blissey|Seismic Toss|p2a: Audino
|-damage|p2a: Audino|76/100 tox
|
|-damage|p2a: Audino|70/100 tox|[from] psn
|upkeep
|turn|280
|
|t:|1667684427
|switch|p2a: Ho-Oh|Ho-Oh|83/100 tox
|move|p1a: Blissey|Seismic Toss|p2a: Ho-Oh
|-damage|p2a: Ho-Oh|59/100 tox
|
|-damage|p2a: Ho-Oh|53/100 tox|[from] psn
|upkeep
|turn|281
|
|t:|1667684440
|switch|p2a: Audino|Audino, F|100/100 tox
|move|p1a: Blissey|Seismic Toss|p2a: Audino
|-damage|p2a: Audino|76/100 tox
|
|-damage|p2a: Audino|70/100 tox|[from] psn
|upkeep
|turn|282
|
|t:|1667684445
|switch|p1a: Slowbro|Slowbro, M|97/100
|-damage|p1a: Slowbro|85/100|[from] Stealth Rock
|switch|p2a: Ho-Oh|Ho-Oh|87/100 tox
|
|-damage|p2a: Ho-Oh|80/100 tox|[from] psn
|upkeep
|turn|283
|
|t:|1667684500
|switch|p2a: Lunala|Lunala|100/100
|move|p1a: Slowbro|Future Sight|p2a: Lunala
|-start|p1a: Slowbro|move: Future Sight
|
|upkeep
|turn|284
|
|t:|1667684507
|move|p2a: Lunala|Will-O-Wisp|p1a: Slowbro
|-status|p1a: Slowbro|brn
|move|p1a: Slowbro|Teleport|p1a: Slowbro
|
|t:|1667684513
|switch|p1a: Blissey|Blissey, F|85/100|[from]move: Teleport
|-damage|p1a: Blissey|72/100|[from] Stealth Rock
|
|upkeep
|turn|285
|
|t:|1667684516
|switch|p2a: Ho-Oh|Ho-Oh|100/100 tox
|move|p1a: Blissey|Toxic|p2a: Ho-Oh
|-fail|p2a: Ho-Oh|tox
|
|-end|p2a: Ho-Oh|move: Future Sight
|-damage|p2a: Ho-Oh|78/100 tox
|-damage|p2a: Ho-Oh|72/100 tox|[from] psn
|upkeep
|turn|286
|
|t:|1667684519
|switch|p2a: Lunala|Lunala|100/100
|move|p1a: Blissey|Seismic Toss|p2a: Lunala
|-immune|p2a: Lunala
|
|upkeep
|turn|287
|
|t:|1667684522
|switch|p2a: Ho-Oh|Ho-Oh|100/100 tox
|move|p1a: Blissey|Seismic Toss|p2a: Ho-Oh
|-damage|p2a: Ho-Oh|76/100 tox
|
|-damage|p2a: Ho-Oh|70/100 tox|[from] psn
|upkeep
|turn|288
|
|t:|1667684535
|switch|p2a: Audino|Audino, F|100/100 tox
|move|p1a: Blissey|Toxic|p2a: Audino
|-fail|p2a: Audino|tox
|
|-damage|p2a: Audino|94/100 tox|[from] psn
|upkeep
|turn|289
|
|t:|1667684538
|switch|p2a: Ho-Oh|Ho-Oh|100/100 tox
|move|p1a: Blissey|Seismic Toss|p2a: Ho-Oh
|-damage|p2a: Ho-Oh|76/100 tox
|
|-damage|p2a: Ho-Oh|70/100 tox|[from] psn
|upkeep
|turn|290
|
|t:|1667684543
|move|p2a: Ho-Oh|Sacred Fire|p1a: Blissey
|-damage|p1a: Blissey|0 fnt
|faint|p1a: Blissey
|
|-damage|p2a: Ho-Oh|58/100 tox|[from] psn
|upkeep
|
|t:|1667684550
|switch|p1a: Slowbro|Slowbro, M|100/100 brn
|-damage|p1a: Slowbro|88/100 brn|[from] Stealth Rock
|turn|291
|
|t:|1667684555
|switch|p2a: Lunala|Lunala|100/100
|move|p1a: Slowbro|Future Sight|p2a: Lunala
|-start|p1a: Slowbro|move: Future Sight
|
|-damage|p1a: Slowbro|82/100 brn|[from] brn
|upkeep
|turn|292
|c|☆ihavebestsandteam|ok now its over.
|
|t:|1667684560
|move|p2a: Lunala|Ice Beam|p1a: Slowbro
|-resisted|p1a: Slowbro
|-damage|p1a: Slowbro|68/100 brn
|move|p1a: Slowbro|Teleport|p1a: Slowbro
|
|t:|1667684564
|switch|p1a: Ferrothorn|Ferrothorn, F|48/100|[from]move: Teleport
|-damage|p1a: Ferrothorn|42/100|[from] Stealth Rock
|
|upkeep
|turn|293
|
|t:|1667684569
|move|p2a: Lunala|Will-O-Wisp|p1a: Ferrothorn
|-status|p1a: Ferrothorn|brn
|move|p1a: Ferrothorn|Leech Seed|p2a: Lunala|[miss]
|-miss|p1a: Ferrothorn|p2a: Lunala
|
|-end|p2a: Lunala|move: Future Sight
|-resisted|p2a: Lunala
|-damage|p2a: Lunala|94/100
|-damage|p1a: Ferrothorn|36/100 brn|[from] brn
|upkeep
|turn|294
|
|t:|1667684574
|switch|p2a: Tangrowth|Tangrowth, M|100/100 brn
|move|p1a: Ferrothorn|Leech Seed|p2a: Tangrowth
|-immune|p2a: Tangrowth
|
|-damage|p2a: Tangrowth|94/100 brn|[from] brn
|-damage|p1a: Ferrothorn|30/100 brn|[from] brn
|upkeep
|turn|295
|j| luisYR_a
|
|t:|1667684579
|move|p2a: Tangrowth|Grass Knot|p1a: Ferrothorn
|-resisted|p1a: Ferrothorn
|-damage|p1a: Ferrothorn|23/100 brn
|-damage|p2a: Tangrowth|82/100 brn|[from] ability: Iron Barbs|[of] p1a: Ferrothorn
|move|p1a: Ferrothorn|Gyro Ball|p2a: Tangrowth
|-damage|p2a: Tangrowth|77/100 brn
|
|-damage|p2a: Tangrowth|71/100 brn|[from] brn
|-damage|p1a: Ferrothorn|17/100 brn|[from] brn
|upkeep
|turn|296
|l| luisYR_a
|
|t:|1667684584
|move|p2a: Tangrowth|Grass Knot|p1a: Ferrothorn
|-resisted|p1a: Ferrothorn
|-crit|p1a: Ferrothorn
|-damage|p1a: Ferrothorn|4/100 brn
|-damage|p2a: Tangrowth|58/100 brn|[from] ability: Iron Barbs|[of] p1a: Ferrothorn
|move|p1a: Ferrothorn|Gyro Ball|p2a: Tangrowth
|-damage|p2a: Tangrowth|53/100 brn
|
|-damage|p2a: Tangrowth|47/100 brn|[from] brn
|-damage|p1a: Ferrothorn|0 fnt|[from] brn
|faint|p1a: Ferrothorn
|upkeep
|
|t:|1667684592
|switch|p1a: Slowbro|Slowbro, M|100/100 brn
|-damage|p1a: Slowbro|88/100 brn|[from] Stealth Rock
|turn|297
|
|t:|1667684614
|switch|p1a: Lugia|Lugia|88/100
|-damage|p1a: Lugia|63/100|[from] Stealth Rock
|switch|p2a: Lunala|Lunala|94/100
|
|upkeep
|turn|298
|j| luisYR_a
|
|t:|1667684621
|move|p1a: Lugia|Roost|p1a: Lugia
|-heal|p1a: Lugia|100/100
|-singleturn|p1a: Lugia|move: Roost
|move|p2a: Lunala|Roar|p1a: Lugia
|drag|p1a: Slowbro|Slowbro, M|100/100 brn
|-damage|p1a: Slowbro|88/100 brn|[from] Stealth Rock
|
|-damage|p1a: Slowbro|82/100 brn|[from] brn
|upkeep
|turn|299
|
|t:|1667684628
|move|p2a: Lunala|Roar|p1a: Slowbro
|drag|p1a: Lugia|Lugia|100/100
|-damage|p1a: Lugia|76/100|[from] Stealth Rock
|
|upkeep
|turn|300
|
|t:|1667684632
|move|p1a: Lugia|Substitute|p1a: Lugia
|-start|p1a: Lugia|Substitute
|-damage|p1a: Lugia|51/100
|move|p2a: Lunala|Roar|p1a: Lugia
|drag|p1a: Slowbro|Slowbro, M|100/100 brn
|-damage|p1a: Slowbro|88/100 brn|[from] Stealth Rock
|
|-damage|p1a: Slowbro|82/100 brn|[from] brn
|upkeep
|turn|301
|
|t:|1667684634
|move|p2a: Lunala|Roar|p1a: Slowbro
|drag|p1a: Lugia|Lugia|51/100
|-damage|p1a: Lugia|26/100|[from] Stealth Rock
|
|upkeep
|turn|302
|
|t:|1667684637
|move|p1a: Lugia|Roost|p1a: Lugia
|-heal|p1a: Lugia|76/100
|-singleturn|p1a: Lugia|move: Roost
|move|p2a: Lunala|Will-O-Wisp|p1a: Lugia
|-status|p1a: Lugia|brn
|
|-damage|p1a: Lugia|70/100 brn|[from] brn
|upkeep
|turn|303
|-message|Shaolun forfeited.
|
|win|ihavebestsandteam
|raw|Shaolun's rating: 1430 &rarr; <strong>1417</strong><br />(-13 for losing)
|raw|ihavebestsandteam's rating: 1566 &rarr; <strong>1579</strong><br />(+13 for winning)
|l|☆ihavebestsandteam
