|j|☆ovalboi
|j|☆DreamPrince
|t:|1641603203
|gametype|singles
|player|p1|ovalboi|lyra|1465
|player|p2|DreamPrince|lucas|1686
|teamsize|p1|6
|teamsize|p2|6
|gen|8
|tier|[Gen 8] Ubers
|rated|
|rule|Sleep Clause Mod: Limit one foe put to sleep
|rule|Species Clause: Limit one of each Pokémon
|rule|OHKO Clause: OHKO moves are banned
|rule|Evasion Moves Clause: Evasion moves are banned
|rule|Endless Battle Clause: Forcing endless battles is banned
|rule|HP Percentage Mod: HP is shown in percentages
|rule|Dynamax Clause: You cannot dynamax
|clearpoke
|poke|p1|Slurpuff, M|
|poke|p1|Yveltal|
|poke|p1|Necrozma-Dusk-Mane|
|poke|p1|Eternatus|
|poke|p1|Calyrex-Shadow|
|poke|p1|Landorus, M|
|poke|p2|Magearna|
|poke|p2|Dialga|
|poke|p2|Kyogre|
|poke|p2|Dracovish|
|poke|p2|Calyrex-Ice|
|poke|p2|Porygon2|
|teampreview
|inactive|Battle timer is ON: inactive players will automatically lose when time's up. (requested by ovalboi)
|inactive|ovalboi has 120 seconds left.
|
|t:|1641603250
|start
|switch|p1a: Landorus|Landorus, M|100/100
|switch|p2a: Calyrex|Calyrex-Ice|100/100
|-ability|p2a: Calyrex|As One
|-ability|p2a: Calyrex|Unnerve
|turn|1
|
|t:|1641603262
|switch|p1a: Necrozma|Necrozma-Dusk-Mane|100/100
|move|p2a: Calyrex|Glacial Lance|p1a: Necrozma
|-resisted|p1a: Necrozma
|-damage|p1a: Necrozma|69/100
|
|upkeep
|turn|2
|
|t:|1641603270
|switch|p2a: Dracovish|Dracovish|100/100
|move|p1a: Necrozma|Sunsteel Strike|p2a: Dracovish
|-resisted|p2a: Dracovish
|-damage|p2a: Dracovish|73/100
|
|upkeep
|turn|3
|
|t:|1641603287
|move|p1a: Necrozma|Earthquake|p2a: Dracovish
|-damage|p2a: Dracovish|35/100
|move|p2a: Dracovish|Fishious Rend|p1a: Necrozma
|-damage|p1a: Necrozma|8/100
|
|upkeep
|turn|4
|
|t:|1641603292
|move|p1a: Necrozma|Earthquake|p2a: Dracovish
|-damage|p2a: Dracovish|0 fnt
|faint|p2a: Dracovish
|
|upkeep
|
|t:|1641603294
|switch|p2a: Dialga|Dialga|100/100
|-ability|p2a: Dialga|Pressure
|turn|5
|
|t:|1641603299
|move|p1a: Necrozma|Earthquake|p2a: Dialga
|-supereffective|p2a: Dialga
|-damage|p2a: Dialga|37/100
|move|p2a: Dialga|Trick Room|p2a: Dialga
|-fieldstart|move: Trick Room|[of] p2a: Dialga
|
|upkeep
|turn|6
|
|t:|1641603304
|move|p2a: Dialga|Stealth Rock|p1a: Necrozma
|-sidestart|p1: ovalboi|move: Stealth Rock
|move|p1a: Necrozma|Earthquake|p2a: Dialga
|-supereffective|p2a: Dialga
|-damage|p2a: Dialga|0 fnt
|faint|p2a: Dialga
|
|upkeep
|
|t:|1641603309
|switch|p2a: Calyrex|Calyrex-Ice|100/100
|-ability|p2a: Calyrex|As One
|-ability|p2a: Calyrex|Unnerve
|turn|7
|
|t:|1641603314
|move|p2a: Calyrex|High Horsepower|p1a: Necrozma
|-supereffective|p1a: Necrozma
|-damage|p1a: Necrozma|0 fnt
|faint|p1a: Necrozma
|-ability|p2a: Calyrex|Chilling Neigh|boost
|-boost|p2a: Calyrex|atk|1
|
|upkeep
|
|t:|1641603324
|switch|p1a: Slurpuff|Slurpuff, M|100/100
|-damage|p1a: Slurpuff|88/100|[from] Stealth Rock
|turn|8
|
|t:|1641603331
|move|p2a: Calyrex|Glacial Lance|p1a: Slurpuff
|-damage|p1a: Slurpuff|0 fnt
|faint|p1a: Slurpuff
|-ability|p2a: Calyrex|Chilling Neigh|boost
|-boost|p2a: Calyrex|atk|1
|
|upkeep
|inactive|ovalboi has 120 seconds left.
|
|t:|1641603362
|switch|p1a: Yveltal|Yveltal|100/100
|-damage|p1a: Yveltal|76/100|[from] Stealth Rock
|-ability|p1a: Yveltal|Dark Aura
|turn|9
|
|t:|1641603369
|move|p1a: Yveltal|Sucker Punch|p2a: Calyrex
|-supereffective|p2a: Calyrex
|-damage|p2a: Calyrex|43/100
|-damage|p1a: Yveltal|66/100|[from] item: Life Orb
|move|p2a: Calyrex|Glacial Lance|p1a: Yveltal
|-supereffective|p1a: Yveltal
|-damage|p1a: Yveltal|0 fnt
|faint|p1a: Yveltal
|-ability|p2a: Calyrex|Chilling Neigh|boost
|-boost|p2a: Calyrex|atk|1
|
|-fieldend|move: Trick Room
|upkeep
|inactive|ovalboi has 120 seconds left.
|
|t:|1641603385
|switch|p1a: Landorus|Landorus, M|100/100
|-damage|p1a: Landorus|88/100|[from] Stealth Rock
|turn|10
|
|t:|1641603389
|move|p1a: Landorus|Rock Slide|p2a: Calyrex
|-supereffective|p2a: Calyrex
|-damage|p2a: Calyrex|0 fnt
|faint|p2a: Calyrex
|
|upkeep
|
|t:|1641603393
|switch|p2a: Porygon2|Porygon2|100/100
|-ability|p2a: Porygon2|Sheer Force|[from] ability: Trace|[of] p1a: Landorus
|turn|11
|
|t:|1641603399
|move|p1a: Landorus|Earth Power|p2a: Porygon2
|-damage|p2a: Porygon2|51/100
|move|p2a: Porygon2|Trick Room|p2a: Porygon2
|-fieldstart|move: Trick Room|[of] p2a: Porygon2
|
|upkeep
|turn|12
|
|t:|1641603410
|switch|p2a: Kyogre|Kyogre|100/100
|-weather|RainDance|[from] ability: Drizzle|[of] p2a: Kyogre
|move|p1a: Landorus|Earth Power|p2a: Kyogre
|-damage|p2a: Kyogre|56/100
|
|-weather|RainDance|[upkeep]
|upkeep
|turn|13
|
|t:|1641603425
|move|p2a: Kyogre|Ice Beam|p1a: Landorus
|-supereffective|p1a: Landorus
|-damage|p1a: Landorus|0 fnt
|faint|p1a: Landorus
|
|-weather|RainDance|[upkeep]
|upkeep
|
|t:|1641603431
|switch|p1a: Eternatus|Eternatus|100/100
|-damage|p1a: Eternatus|88/100|[from] Stealth Rock
|-ability|p1a: Eternatus|Pressure
|turn|14
|
|t:|1641603444
|move|p2a: Kyogre|Ice Beam|p1a: Eternatus
|-supereffective|p1a: Eternatus
|-damage|p1a: Eternatus|0 fnt
|faint|p1a: Eternatus
|
|-weather|RainDance|[upkeep]
|upkeep
|-message|ovalboi forfeited.
|
|win|DreamPrince
|raw|ovalboi's rating: 1465 &rarr; <strong>1457</strong><br />(-8 for losing)
|raw|DreamPrince's rating: 1694 &rarr; <strong>1702</strong><br />(+8 for winning)
|l|☆ovalboi
