|j|☆JamboreeJourney
|j|☆4125al41
|t:|1661608992
|gametype|singles
|player|p1|JamboreeJourney|lisia|1575
|player|p2|4125al41|steven|1629
|teamsize|p1|6
|teamsize|p2|6
|gen|8
|tier|[Gen 8] Ubers
|rated|
|rule|Sleep Clause Mod: Limit one foe put to sleep
|rule|Species Clause: Limit one of each Pokémon
|rule|OHKO Clause: OHKO moves are banned
|rule|Evasion Items Clause: Evasion items are banned
|rule|Evasion Moves Clause: Evasion moves are banned
|rule|Endless Battle Clause: Forcing endless battles is banned
|rule|HP Percentage Mod: HP is shown in percentages
|rule|Dynamax Clause: You cannot dynamax
|clearpoke
|poke|p1|Marshadow|
|poke|p1|Buzzwole|
|poke|p1|Calyrex-Shadow|
|poke|p1|Yveltal|
|poke|p1|Necrozma-Dusk-Mane|
|poke|p1|Eternatus|
|poke|p2|Marshadow|
|poke|p2|Eternatus|
|poke|p2|Calyrex-Shadow|
|poke|p2|Ho-Oh|
|poke|p2|Groudon|
|poke|p2|Xerneas-*|
|teampreview
|
|t:|1661608997
|start
|switch|p1a: Marshadow|Marshadow|100/100
|switch|p2a: Groudon|Groudon|100/100
|-weather|SunnyDay|[from] ability: Drought|[of] p2a: Groudon
|turn|1
|
|t:|1661609001
|move|p1a: Marshadow|Ice Punch|p2a: Groudon
|-supereffective|p2a: Groudon
|-damage|p2a: Groudon|64/100
|move|p2a: Groudon|Thunder Wave|p1a: Marshadow
|-status|p1a: Marshadow|par
|
|-weather|SunnyDay|[upkeep]
|-heal|p2a: Groudon|71/100|[from] item: Leftovers
|upkeep
|turn|2
|
|t:|1661609007
|switch|p1a: Calyrex|Calyrex-Shadow|100/100
|-ability|p1a: Calyrex|As One
|-ability|p1a: Calyrex|Unnerve
|move|p2a: Groudon|Stealth Rock|p1a: Calyrex
|-sidestart|p1: JamboreeJourney|move: Stealth Rock
|
|-weather|SunnyDay|[upkeep]
|-heal|p2a: Groudon|77/100|[from] item: Leftovers
|upkeep
|turn|3
|
|t:|1661609012
|switch|p2a: Ho-Oh|Ho-Oh|100/100
|move|p1a: Calyrex|Astral Barrage|p2a: Ho-Oh
|-damage|p2a: Ho-Oh|39/100
|
|-weather|SunnyDay|[upkeep]
|upkeep
|turn|4
|
|t:|1661609017
|switch|p2a: Xerneas|Xerneas|100/100
|-ability|p2a: Xerneas|Fairy Aura
|move|p1a: Calyrex|Astral Barrage|p2a: Xerneas
|-damage|p2a: Xerneas|0 fnt
|faint|p2a: Xerneas
|-ability|p1a: Calyrex|Grim Neigh|boost
|-boost|p1a: Calyrex|spa|1
|
|-weather|SunnyDay|[upkeep]
|upkeep
|j| Captainarax
|
|t:|1661609020
|switch|p2a: tensa-zangetsu|Marshadow|100/100
|turn|5
|
|t:|1661609024
|switch|p1a: Buzzwole|Buzzwole|100/100
|switch|p2a: Eternatus|Eternatus|100/100
|-ability|p2a: Eternatus|Pressure
|
|-weather|none
|upkeep
|turn|6
|
|t:|1661609027
|switch|p1a: Necrozma|Necrozma-Dusk-Mane, shiny|100/100
|-damage|p1a: Necrozma|94/100|[from] Stealth Rock
|move|p2a: Eternatus|Flamethrower|p1a: Necrozma
|-supereffective|p1a: Necrozma
|-damage|p1a: Necrozma|62/100
|
|-heal|p1a: Necrozma|68/100|[from] item: Leftovers
|upkeep
|turn|7
|
|t:|1661609029
|switch|p2a: Groudon|Groudon|77/100
|-weather|SunnyDay|[from] ability: Drought|[of] p2a: Groudon
|move|p1a: Necrozma|Thunder Wave|p2a: Groudon
|-immune|p2a: Groudon
|
|-weather|SunnyDay|[upkeep]
|-heal|p2a: Groudon|83/100|[from] item: Leftovers
|-heal|p1a: Necrozma|74/100|[from] item: Leftovers
|upkeep
|turn|8
|
|t:|1661609037
|switch|p2a: Eternatus|Eternatus|100/100
|-ability|p2a: Eternatus|Pressure
|switch|p1a: Buzzwole|Buzzwole|100/100
|
|-weather|SunnyDay|[upkeep]
|upkeep
|turn|9
|
|t:|1661609043
|switch|p1a: Calyrex|Calyrex-Shadow|100/100
|-ability|p1a: Calyrex|As One
|-ability|p1a: Calyrex|Unnerve
|-damage|p1a: Calyrex|88/100|[from] Stealth Rock
|move|p2a: Eternatus|Meteor Beam||[still]
|-prepare|p2a: Eternatus|Meteor Beam
|-boost|p2a: Eternatus|spa|1
|-enditem|p2a: Eternatus|Power Herb
|-anim|p2a: Eternatus|Meteor Beam|p1a: Calyrex
|-damage|p1a: Calyrex|25/100
|
|-weather|SunnyDay|[upkeep]
|upkeep
|turn|10
|
|t:|1661609048
|switch|p2a: Calyrex|Calyrex-Shadow|100/100
|-ability|p2a: Calyrex|As One
|-ability|p2a: Calyrex|Unnerve
|move|p1a: Calyrex|Psyshock|p2a: Calyrex
|-resisted|p2a: Calyrex
|-damage|p2a: Calyrex|52/100
|
|-weather|SunnyDay|[upkeep]
|upkeep
|turn|11
|
|t:|1661609055
|switch|p2a: Eternatus|Eternatus|100/100
|-ability|p2a: Eternatus|Pressure
|switch|p1a: Yveltal|Yveltal|100/100
|-ability|p1a: Yveltal|Dark Aura
|
|-weather|none
|upkeep
|turn|12
|
|t:|1661609060
|switch|p2a: Groudon|Groudon|83/100
|-weather|SunnyDay|[from] ability: Drought|[of] p2a: Groudon
|move|p1a: Yveltal|U-turn|p2a: Groudon
|-damage|p2a: Groudon|74/100
|
|t:|1661609062
|switch|p1a: Calyrex|Calyrex-Shadow|25/100|[from]move: U-turn
|-ability|p1a: Calyrex|As One
|-ability|p1a: Calyrex|Unnerve
|-damage|p1a: Calyrex|13/100|[from] Stealth Rock
|
|-weather|SunnyDay|[upkeep]
|-heal|p2a: Groudon|80/100|[from] item: Leftovers
|upkeep
|turn|13
|
|t:|1661609066
|switch|p2a: tensa-zangetsu|Marshadow|100/100
|move|p1a: Calyrex|Astral Barrage|p2a: tensa-zangetsu
|-supereffective|p2a: tensa-zangetsu
|-enditem|p2a: tensa-zangetsu|Focus Sash
|-damage|p2a: tensa-zangetsu|1/100
|
|-weather|SunnyDay|[upkeep]
|upkeep
|turn|14
|
|t:|1661609070
|switch|p1a: Eternatus|Eternatus|100/100
|-ability|p1a: Eternatus|Pressure
|move|p2a: tensa-zangetsu|Endeavor|p1a: Eternatus
|-damage|p1a: Eternatus|1/100
|
|-weather|SunnyDay|[upkeep]
|upkeep
|turn|15
|
|t:|1661609076
|move|p2a: tensa-zangetsu|Shadow Sneak|p1a: Eternatus
|-damage|p1a: Eternatus|0 fnt
|faint|p1a: Eternatus
|
|-weather|SunnyDay|[upkeep]
|upkeep
|
|t:|1661609084
|switch|p1a: Buzzwole|Buzzwole|100/100
|turn|16
|
|t:|1661609092
|switch|p2a: Eternatus|Eternatus|100/100
|-ability|p2a: Eternatus|Pressure
|move|p1a: Buzzwole|Ice Punch|p2a: Eternatus
|-supereffective|p2a: Eternatus
|-damage|p2a: Eternatus|48/100
|
|-weather|none
|upkeep
|turn|17
|
|t:|1661609097
|switch|p1a: Necrozma|Necrozma-Dusk-Mane, shiny|74/100
|-damage|p1a: Necrozma|68/100|[from] Stealth Rock
|move|p2a: Eternatus|Flamethrower|p1a: Necrozma
|-supereffective|p1a: Necrozma
|-damage|p1a: Necrozma|34/100
|
|-heal|p1a: Necrozma|40/100|[from] item: Leftovers
|upkeep
|turn|18
|
|t:|1661609105
|switch|p2a: Groudon|Groudon|80/100
|-weather|SunnyDay|[from] ability: Drought|[of] p2a: Groudon
|move|p1a: Necrozma|Moonlight|p1a: Necrozma
|-heal|p1a: Necrozma|100/100
|
|-weather|SunnyDay|[upkeep]
|-heal|p2a: Groudon|86/100|[from] item: Leftovers
|upkeep
|turn|19
|
|t:|1661609109
|switch|p1a: Yveltal|Yveltal|100/100
|-ability|p1a: Yveltal|Dark Aura
|move|p2a: Groudon|Precipice Blades|p1a: Yveltal
|-immune|p1a: Yveltal
|
|-weather|SunnyDay|[upkeep]
|-heal|p2a: Groudon|93/100|[from] item: Leftovers
|upkeep
|turn|20
|
|t:|1661609112
|move|p1a: Yveltal|Defog|p2a: Groudon
|-unboost|p2a: Groudon|evasion|1
|-sideend|p1: JamboreeJourney|Stealth Rock|[from] move: Defog|[of] p1a: Yveltal
|move|p2a: Groudon|Thunder Wave|p1a: Yveltal
|-status|p1a: Yveltal|par
|
|-weather|SunnyDay|[upkeep]
|-heal|p2a: Groudon|99/100|[from] item: Leftovers
|upkeep
|turn|21
|
|t:|1661609117
|move|p2a: Groudon|Precipice Blades|p1a: Yveltal
|-immune|p1a: Yveltal
|move|p1a: Yveltal|U-turn|p2a: Groudon
|-damage|p2a: Groudon|89/100
|
|t:|1661609119
|switch|p1a: Calyrex|Calyrex-Shadow|13/100|[from]move: U-turn
|-ability|p1a: Calyrex|As One
|-ability|p1a: Calyrex|Unnerve
|
|-weather|SunnyDay|[upkeep]
|-heal|p2a: Groudon|95/100|[from] item: Leftovers
|upkeep
|turn|22
|
|t:|1661609127
|move|p1a: Calyrex|Astral Barrage|p2a: Groudon
|-damage|p2a: Groudon|0 fnt
|faint|p2a: Groudon
|-ability|p1a: Calyrex|Grim Neigh|boost
|-boost|p1a: Calyrex|spa|1
|
|-weather|none
|upkeep
|
|t:|1661609129
|switch|p2a: tensa-zangetsu|Marshadow|1/100
|turn|23
|
|t:|1661609135
|switch|p1a: Buzzwole|Buzzwole|100/100
|move|p2a: tensa-zangetsu|Shadow Sneak|p1a: Buzzwole
|-damage|p1a: Buzzwole|82/100
|
|upkeep
|turn|24
|
|t:|1661609143
|move|p2a: tensa-zangetsu|Endeavor|p1a: Buzzwole
|-damage|p1a: Buzzwole|1/100
|move|p1a: Buzzwole|Rock Slide|p2a: tensa-zangetsu
|-resisted|p2a: tensa-zangetsu
|-damage|p2a: tensa-zangetsu|0 fnt
|faint|p2a: tensa-zangetsu
|-ability|p1a: Buzzwole|Beast Boost|boost
|-boost|p1a: Buzzwole|atk|1
|
|upkeep
|-message|4125al41 forfeited.
|
|win|JamboreeJourney
|raw|JamboreeJourney's rating: 1580 &rarr; <strong>1603</strong><br />(+23 for winning)
|raw|4125al41's rating: 1629 &rarr; <strong>1606</strong><br />(-23 for losing)
|l|☆4125al41
||Ladder isn't responding, score probably updated but might not have (Request timeout).
