|j|☆ray712
|j|☆Luna Got Banned
|player|p1|ray712|ethan|1511
|player|p2|Luna Got Banned|darach|1404
|teamsize|p1|6
|teamsize|p2|6
|gametype|singles
|gen|8
|tier|[Gen 8] Ubers
|rated|
|clearpoke
|poke|p1|Dracovish|
|poke|p1|Togekiss, F|
|poke|p1|Corviknight, M|
|poke|p1|Dugtrio, M|
|poke|p1|Tyranitar, M|
|poke|p1|Vaporeon, M|
|poke|p2|Ditto|
|poke|p2|Zacian-*|
|poke|p2|Snorlax, M|
|poke|p2|Dugtrio, F|
|poke|p2|Corviknight, M|
|poke|p2|Toxapex, F|
|rule|Sleep Clause Mod: Limit one foe put to sleep
|rule|Species Clause: Limit one of each Pokémon
|rule|OHKO Clause: OHKO moves are banned
|rule|Evasion Moves Clause: Evasion moves are banned
|rule|Endless Battle Clause: Forcing endless battles is banned
|rule|HP Percentage Mod: HP is shown in percentages
|teampreview
|
|start
|switch|p1a: Dracovish|Dracovish|100/100
|switch|p2a: Snorlax|Snorlax, M|100/100
|turn|1
|
|switch|p2a: Toxapex|Toxapex, F|100/100
|move|p1a: Dracovish|Fishious Rend|p2a: Toxapex
|-resisted|p2a: Toxapex
|-damage|p2a: Toxapex|42/100
|-enditem|p2a: Toxapex|Eject Button
|
|switch|p2a: Zacian|Zacian-Crowned|100/100
|-ability|p2a: Zacian|Intrepid Sword|boost
|-boost|p2a: Zacian|atk|1
|
|upkeep
|turn|2
|
|switch|p1a: Corviknight|Corviknight, M|100/100
|-ability|p1a: Corviknight|Pressure
|move|p2a: Zacian|Play Rough|p1a: Corviknight
|-resisted|p1a: Corviknight
|-damage|p1a: Corviknight|73/100
|-damage|p2a: Zacian|84/100|[from] item: Rocky Helmet|[of] p1a: Corviknight
|
|upkeep
|turn|3
|
|move|p2a: Zacian|Wild Charge|p1a: Corviknight
|-supereffective|p1a: Corviknight
|-damage|p1a: Corviknight|3/100
|-damage|p2a: Zacian|67/100|[from] item: Rocky Helmet|[of] p1a: Corviknight
|-damage|p2a: Zacian|46/100|[from] Recoil
|move|p1a: Corviknight|Roost|p1a: Corviknight
|-heal|p1a: Corviknight|53/100
|-singleturn|p1a: Corviknight|move: Roost
|
|upkeep
|turn|4
|
|switch|p1a: Dugtrio|Dugtrio, M|100/100
|move|p2a: Zacian|Close Combat|p1a: Dugtrio
|-crit|p1a: Dugtrio
|-damage|p1a: Dugtrio|0 fnt
|-unboost|p2a: Zacian|def|1
|-unboost|p2a: Zacian|spd|1
|faint|p1a: Dugtrio
|
|upkeep
|
|switch|p1a: Corviknight|Corviknight, M|53/100
|-ability|p1a: Corviknight|Pressure
|turn|5
|j| gjgfcgg
|
|move|p2a: Zacian|Wild Charge|p1a: Corviknight
|-supereffective|p1a: Corviknight
|-damage|p1a: Corviknight|0 fnt
|-damage|p2a: Zacian|29/100|[from] item: Rocky Helmet|[of] p1a: Corviknight
|-damage|p2a: Zacian|13/100|[from] Recoil
|faint|p1a: Corviknight
|
|upkeep
|
|switch|p1a: Vaporeon|Vaporeon, M|100/100
|turn|6
|
|move|p2a: Zacian|Wild Charge|p1a: Vaporeon
|-supereffective|p1a: Vaporeon
|-damage|p1a: Vaporeon|0 fnt
|-damage|p2a: Zacian|0 fnt|[from] Recoil
|faint|p1a: Vaporeon
|faint|p2a: Zacian
|
|upkeep
|
|switch|p2a: Ditto|Ditto|100/100
|switch|p1a: Dracovish|Dracovish|100/100
|-transform|p2a: Ditto|p1a: Dracovish|[from] ability: Imposter
|turn|7
|
|-start|p1a: Dracovish|Dynamax
|-heal|p1a: Dracovish|100/100|[silent]
|move|p2a: Ditto|Psychic Fangs|p1a: Dracovish
|-damage|p1a: Dracovish|81/100
|move|p1a: Dracovish|Max Wyrmwind|p2a: Ditto
|-supereffective|p2a: Ditto
|-damage|p2a: Ditto|0 fnt
|faint|p2a: Ditto
|
|upkeep
|
|switch|p2a: Dugtrio|Dugtrio, F|100/100
|turn|8
|
|move|p2a: Dugtrio|Earthquake|p1a: Dracovish
|-damage|p1a: Dracovish|58/100
|move|p1a: Dracovish|Max Geyser|p2a: Dugtrio
|-supereffective|p2a: Dugtrio
|-enditem|p2a: Dugtrio|Focus Sash
|-damage|p2a: Dugtrio|1/100
|-weather|RainDance
|
|-weather|RainDance|[upkeep]
|upkeep
|turn|9
|
|move|p2a: Dugtrio|Bulldoze|p1a: Dracovish
|-damage|p1a: Dracovish|44/100
|-unboost|p1a: Dracovish|spe|1
|move|p1a: Dracovish|Max Knuckle|p2a: Dugtrio
|-damage|p2a: Dugtrio|0 fnt
|-boost|p1a: Dracovish|atk|1
|faint|p2a: Dugtrio
|
|-weather|RainDance|[upkeep]
|-end|p1a: Dracovish|Dynamax
|-heal|p1a: Dracovish|44/100|[silent]
|upkeep
|
|switch|p2a: Snorlax|Snorlax, M|100/100
|turn|10
|
|-start|p2a: Snorlax|Dynamax
|-formechange|p2a: Snorlax|Snorlax-Gmax
|-heal|p2a: Snorlax|100/100|[silent]
|move|p1a: Dracovish|Fishious Rend|p2a: Snorlax
|-damage|p2a: Snorlax|0 fnt
|faint|p2a: Snorlax
|
|-weather|RainDance|[upkeep]
|upkeep
|-message|Luna Got Banned forfeited.
|
|win|ray712
|l|☆Luna Got Banned
|c| gjgfcgg|woooooooooo
|l|☆ray712
|raw|ray712's rating: 1511 &rarr; <strong>1525</strong><br />(+14 for winning)
|raw|Luna Got Banned's rating: 1404 &rarr; <strong>1390</strong><br />(-14 for losing)
