|j|☆Its Dolorous Edd
|j|☆RIP_Player
|t:|1618594686
|gametype|singles
|player|p1|Its Dolorous Edd|acetrainersnow|
|player|p2|RIP_Player|firebreather|
|teamsize|p1|6
|teamsize|p2|6
|gen|8
|tier|[Gen 8] Ubers
|rated|Tournament battle
|clearpoke
|poke|p1|Shuckle, F|
|poke|p1|Zekrom|
|poke|p1|Yveltal|
|poke|p1|Necrozma-Dusk-Mane|
|poke|p1|Eternatus|
|poke|p1|Xerneas|
|poke|p2|Chansey, F|
|poke|p2|Toxapex, M|
|poke|p2|Yveltal|
|poke|p2|Xerneas|
|poke|p2|Marshadow|
|poke|p2|Heatran, M|
|rule|Sleep Clause Mod: Limit one foe put to sleep
|rule|Species Clause: Limit one of each Pokémon
|rule|OHKO Clause: OHKO moves are banned
|rule|Evasion Moves Clause: Evasion moves are banned
|rule|Endless Battle Clause: Forcing endless battles is banned
|rule|HP Percentage Mod: HP is shown in percentages
|rule|Dynamax Clause: You cannot dynamax
|teampreview
|j|*Lady Monita
|inactive|Battle timer is ON: inactive players will automatically lose when time's up. (requested by RIP_Player)
|
|t:|1618594709
|start
|switch|p1a: Shuckle|Shuckle, F|100/100
|switch|p2a: Yveltal|Yveltal|100/100
|-ability|p2a: Yveltal|Dark Aura
|turn|1
|
|t:|1618594721
|switch|p1a: Zekrom|Zekrom|100/100
|-ability|p1a: Zekrom|Teravolt
|move|p2a: Yveltal|Knock Off|p1a: Zekrom
|-damage|p1a: Zekrom|16/100
|-enditem|p1a: Zekrom|Life Orb|[from] move: Knock Off|[of] p2a: Yveltal
|
|upkeep
|turn|2
|
|t:|1618594737
|move|p2a: Yveltal|Knock Off|p1a: Zekrom
|-damage|p1a: Zekrom|0 fnt
|faint|p1a: Zekrom
|
|upkeep
|
|t:|1618594743
|switch|p1a: Eternatus|Eternatus|100/100
|-ability|p1a: Eternatus|Pressure
|turn|3
|
|t:|1618594757
|switch|p2a: Heatran|Heatran, M|100/100
|move|p1a: Eternatus|Meteor Beam||[still]
|-prepare|p1a: Eternatus|Meteor Beam
|-boost|p1a: Eternatus|spa|1
|-enditem|p1a: Eternatus|Power Herb
|-anim|p1a: Eternatus|Meteor Beam|p2a: Heatran|[miss]
|-miss|p1a: Eternatus|p2a: Heatran
|
|upkeep
|turn|4
|c|☆Its Dolorous Edd|very good
|
|t:|1618594773
|move|p1a: Eternatus|Dynamax Cannon|p2a: Heatran
|-resisted|p2a: Heatran
|-damage|p2a: Heatran|72/100
|move|p2a: Heatran|Magma Storm|p1a: Eternatus
|-resisted|p1a: Eternatus
|-damage|p1a: Eternatus|81/100
|-activate|p1a: Eternatus|move: Magma Storm|[of] p2a: Heatran
|
|-heal|p2a: Heatran|78/100|[from] item: Leftovers
|-damage|p1a: Eternatus|69/100|[from] move: Magma Storm|[partiallytrapped]
|upkeep
|turn|5
|
|t:|1618594778
|move|p1a: Eternatus|Meteor Beam||[still]
|-prepare|p1a: Eternatus|Meteor Beam
|-boost|p1a: Eternatus|spa|1
|move|p2a: Heatran|Earth Power|p1a: Eternatus
|-supereffective|p1a: Eternatus
|-damage|p1a: Eternatus|23/100
|
|-heal|p2a: Heatran|84/100|[from] item: Leftovers
|-damage|p1a: Eternatus|11/100|[from] move: Magma Storm|[partiallytrapped]
|upkeep
|turn|6
|
|t:|1618594788
|move|p1a: Eternatus|Meteor Beam|p2a: Heatran|[from]lockedmove
|-damage|p2a: Heatran|23/100
|move|p2a: Heatran|Earth Power|p1a: Eternatus
|-supereffective|p1a: Eternatus
|-damage|p1a: Eternatus|0 fnt
|faint|p1a: Eternatus
|
|-heal|p2a: Heatran|29/100|[from] item: Leftovers
|upkeep
|
|t:|1618594798
|switch|p1a: Shuckle|Shuckle, F|100/100
|turn|7
|
|t:|1618594819
|move|p2a: Heatran|Stealth Rock|p1a: Shuckle
|-sidestart|p1: Its Dolorous Edd|move: Stealth Rock
|move|p1a: Shuckle|Sticky Web|p2a: Heatran
|-sidestart|p2: RIP_Player|move: Sticky Web
|
|-heal|p2a: Heatran|35/100|[from] item: Leftovers
|upkeep
|turn|8
|
|t:|1618594827
|switch|p2a: Xerneas|Xerneas|100/100
|-activate|p2a: Xerneas|move: Sticky Web
|-unboost|p2a: Xerneas|spe|1
|-ability|p2a: Xerneas|Fairy Aura
|move|p1a: Shuckle|Stealth Rock|p2a: Xerneas
|-sidestart|p2: RIP_Player|move: Stealth Rock
|
|upkeep
|turn|9
|
|t:|1618594829
|move|p2a: Xerneas|Defog|p1a: Shuckle
|-unboost|p1a: Shuckle|evasion|1
|-sideend|p1: Its Dolorous Edd|Stealth Rock|[from] move: Defog|[of] p2a: Xerneas
|-sideend|p2: RIP_Player|Stealth Rock|[from] move: Defog|[of] p2a: Xerneas
|-sideend|p2: RIP_Player|Sticky Web|[from] move: Defog|[of] p2a: Xerneas
|move|p1a: Shuckle|Final Gambit|p2a: Xerneas
|-damage|p2a: Xerneas|47/100
|faint|p1a: Shuckle
|
|-heal|p2a: Xerneas|53/100|[from] item: Leftovers
|upkeep
|
|t:|1618594833
|switch|p1a: Necrozma|Necrozma-Dusk-Mane|100/100
|turn|10
|
|t:|1618594838
|switch|p2a: Toxapex|Toxapex, M|100/100
|move|p1a: Necrozma|Dragon Dance|p1a: Necrozma
|-boost|p1a: Necrozma|atk|1
|-boost|p1a: Necrozma|spe|1
|
|upkeep
|turn|11
|
|t:|1618594846
|switch|p2a: Heatran|Heatran, M|35/100
|move|p1a: Necrozma|Earthquake|p2a: Heatran
|-supereffective|p2a: Heatran
|-damage|p2a: Heatran|0 fnt
|faint|p2a: Heatran
|
|upkeep
|
|t:|1618594856
|switch|p2a: Yveltal|Yveltal|100/100
|-ability|p2a: Yveltal|Dark Aura
|turn|12
|
|t:|1618594863
|move|p1a: Necrozma|Stone Edge|p2a: Yveltal
|-supereffective|p2a: Yveltal
|-damage|p2a: Yveltal|0 fnt
|faint|p2a: Yveltal
|
|upkeep
|
|t:|1618594892
|switch|p2a: Marshadow|Marshadow|100/100
|turn|13
|
|t:|1618594902
|switch|p1a: Yveltal|Yveltal|100/100
|-ability|p1a: Yveltal|Dark Aura
|move|p2a: Marshadow|Spectral Thief|p1a: Yveltal
|-resisted|p1a: Yveltal
|-damage|p1a: Yveltal|81/100
|
|upkeep
|turn|14
|inactive|RIP_Player has 120 seconds left.
|inactive|RIP_Player has 90 seconds left.
|
|t:|1618594970
|switch|p2a: Toxapex|Toxapex, M|100/100
|move|p1a: Yveltal|Knock Off|p2a: Toxapex
|-damage|p2a: Toxapex|60/100
|-enditem|p2a: Toxapex|Black Sludge|[from] move: Knock Off|[of] p1a: Yveltal
|
|upkeep
|turn|15
|
|t:|1618594978
|move|p1a: Yveltal|Taunt|p2a: Toxapex
|-start|p2a: Toxapex|move: Taunt
|move|p2a: Toxapex|Scald|p1a: Yveltal
|-damage|p1a: Yveltal|65/100
|-status|p1a: Yveltal|brn
|
|-damage|p1a: Yveltal|59/100 brn|[from] brn
|upkeep
|turn|16
|inactive|RIP_Player has 90 seconds left.
|
|t:|1618594992
|switch|p1a: Xerneas|Xerneas|100/100
|-ability|p1a: Xerneas|Fairy Aura
|switch|p2a: Xerneas|Xerneas|53/100
|-ability|p2a: Xerneas|Fairy Aura
|
|-heal|p2a: Xerneas|59/100|[from] item: Leftovers
|upkeep
|turn|17
|inactive|RIP_Player has 90 seconds left.
|
|t:|1618595008
|move|p1a: Xerneas|Geomancy||[still]
|-prepare|p1a: Xerneas|Geomancy
|-enditem|p1a: Xerneas|Power Herb
|-anim|p1a: Xerneas|Geomancy|p1a: Xerneas
|-boost|p1a: Xerneas|spa|2
|-boost|p1a: Xerneas|spd|2
|-boost|p1a: Xerneas|spe|2
|move|p2a: Xerneas|Thunder Wave|p1a: Xerneas
|-status|p1a: Xerneas|par
|
|-heal|p2a: Xerneas|65/100|[from] item: Leftovers
|upkeep
|turn|18
|inactive|RIP_Player has 90 seconds left.
|
|t:|1618595017
|switch|p2a: Chansey|Chansey, F|100/100
|cant|p1a: Xerneas|par
|
|upkeep
|turn|19
|
|t:|1618595022
|move|p1a: Xerneas|Focus Blast|p2a: Chansey|[miss]
|-miss|p1a: Xerneas|p2a: Chansey
|move|p2a: Chansey|Seismic Toss|p1a: Xerneas
|-damage|p1a: Xerneas|75/100 par
|
|upkeep
|turn|20
|c|☆Its Dolorous Edd|hit me
|
|t:|1618595031
|move|p1a: Xerneas|Focus Blast|p2a: Chansey|[miss]
|-miss|p1a: Xerneas|p2a: Chansey
|move|p2a: Chansey|Seismic Toss|p1a: Xerneas
|-damage|p1a: Xerneas|50/100 par
|
|upkeep
|turn|21
|c|☆Its Dolorous Edd|again
|
|t:|1618595040
|cant|p1a: Xerneas|par
|move|p2a: Chansey|Seismic Toss|p1a: Xerneas
|-damage|p1a: Xerneas|24/100 par
|
|upkeep
|turn|22
|c|☆Its Dolorous Edd|yes one more please
|c|☆Its Dolorous Edd|i prefer miss than para
|
|t:|1618595055
|move|p1a: Xerneas|Focus Blast|p2a: Chansey|[miss]
|-miss|p1a: Xerneas|p2a: Chansey
|move|p2a: Chansey|Seismic Toss|p1a: Xerneas
|-damage|p1a: Xerneas|0 fnt
|faint|p1a: Xerneas
|
|upkeep
|c|☆Its Dolorous Edd|great
|
|t:|1618595073
|switch|p1a: Necrozma|Necrozma-Dusk-Mane|100/100
|turn|23
|inactive|RIP_Player has 120 seconds left.
|
|t:|1618595085
|switch|p2a: Toxapex|Toxapex, M|93/100
|move|p1a: Necrozma|Dragon Dance|p1a: Necrozma
|-boost|p1a: Necrozma|atk|1
|-boost|p1a: Necrozma|spe|1
|
|upkeep
|turn|24
|
|t:|1618595089
|move|p1a: Necrozma|Earthquake|p2a: Toxapex
|-supereffective|p2a: Toxapex
|-crit|p2a: Toxapex
|-damage|p2a: Toxapex|0 fnt
|faint|p2a: Toxapex
|
|upkeep
|
|t:|1618595091
|switch|p2a: Marshadow|Marshadow|100/100
|turn|25
|
|t:|1618595095
|move|p2a: Marshadow|Spectral Thief||[still]
|-clearpositiveboost|p1a: Necrozma|p2a: Marshadow|move: Spectral Thief
|-boost|p2a: Marshadow|atk|1
|-boost|p2a: Marshadow|spe|1
|-anim|p2a: Marshadow|Spectral Thief|p1a: Necrozma
|-supereffective|p1a: Necrozma
|-damage|p1a: Necrozma|20/100
|-enditem|p1a: Necrozma|Weakness Policy
|-boost|p1a: Necrozma|atk|2|[from] item: Weakness Policy
|-boost|p1a: Necrozma|spa|2|[from] item: Weakness Policy
|move|p1a: Necrozma|Sunsteel Strike|p2a: Marshadow
|-enditem|p2a: Marshadow|Focus Sash
|-damage|p2a: Marshadow|1/100
|
|upkeep
|turn|26
|
|t:|1618595115
|move|p2a: Marshadow|Spectral Thief||[still]
|-clearpositiveboost|p1a: Necrozma|p2a: Marshadow|move: Spectral Thief
|-boost|p2a: Marshadow|atk|2
|-boost|p2a: Marshadow|spa|2
|-anim|p2a: Marshadow|Spectral Thief|p1a: Necrozma
|-supereffective|p1a: Necrozma
|-damage|p1a: Necrozma|0 fnt
|faint|p1a: Necrozma
|
|upkeep
|
|t:|1618595118
|switch|p1a: Yveltal|Yveltal|59/100 brn
|-ability|p1a: Yveltal|Dark Aura
|turn|27
|
|t:|1618595122
|move|p2a: Marshadow|Shadow Sneak|p1a: Yveltal
|-resisted|p1a: Yveltal
|-damage|p1a: Yveltal|26/100 brn
|move|p1a: Yveltal|Sucker Punch||[still]
|-fail|p1a: Yveltal
|
|-damage|p1a: Yveltal|20/100 brn|[from] brn
|upkeep
|turn|28
|-message|Its Dolorous Edd forfeited.
|
|win|RIP_Player
|n|☆Its Dolorous Edd|itsdolorousedd
|n|☆RIP_Player|ripplayer
|n|*Lady Monita|ladymonita
|l|*Lady Monita
|l|☆Its Dolorous Edd
