|j|☆puissance du feu
|j|☆KeshBa45
|t:|1667131722
|gametype|singles
|player|p1|puissance du feu|blackbelt-gen4dp|1250
|player|p2|KeshBa45|lusamine-nihilego|1412
|teamsize|p1|6
|teamsize|p2|6
|gen|8
|tier|[Gen 8] Ubers
|rated|
|rule|Sleep Clause Mod: Limit one foe put to sleep
|rule|Species Clause: Limit one of each Pokémon
|rule|OHKO Clause: OHKO moves are banned
|rule|Evasion Items Clause: Evasion items are banned
|rule|Evasion Moves Clause: Evasion moves are banned
|rule|Endless Battle Clause: Forcing endless battles is banned
|rule|HP Percentage Mod: HP is shown in percentages
|rule|Dynamax Clause: You cannot dynamax
|clearpoke
|poke|p1|Dialga|
|poke|p1|Yveltal|
|poke|p1|Xerneas-*|
|poke|p1|Mewtwo|
|poke|p1|Ditto|
|poke|p1|Groudon|
|poke|p2|Slurpuff, M|
|poke|p2|Landorus, M|
|poke|p2|Calyrex-Shadow|
|poke|p2|Eternatus|
|poke|p2|Necrozma-Dusk-Mane|
|poke|p2|Yveltal|
|teampreview
|inactive|Battle timer is ON: inactive players will automatically lose when time's up. (requested by puissance du feu)
|inactive|KeshBa45 also wants the timer to be on.
|
|t:|1667131731
|start
|switch|p1a: Houla|Yveltal|100/100
|switch|p2a: Slurpuff|Slurpuff, M|100/100
|-ability|p1a: Houla|Dark Aura
|turn|1
|
|t:|1667131751
|move|p2a: Slurpuff|Magic Coat|p2a: Slurpuff
|-singleturn|p2a: Slurpuff|move: Magic Coat
|move|p1a: Houla|Taunt|p2a: Slurpuff
|move|p2a: Slurpuff|Taunt|p1a: Houla|[from]Magic Coat
|-start|p1a: Houla|move: Taunt
|
|upkeep
|turn|2
|c|☆KeshBa45|Ur fucked up :)
|
|t:|1667131770
|move|p2a: Slurpuff|Sticky Web|p1a: Houla
|-sidestart|p1: puissance du feu|move: Sticky Web
|move|p1a: Houla|Knock Off|p2a: Slurpuff
|-resisted|p2a: Slurpuff
|-damage|p2a: Slurpuff|42/100
|-enditem|p2a: Slurpuff|Focus Sash|[from] move: Knock Off|[of] p1a: Houla
|
|upkeep
|turn|3
|
|t:|1667131779
|move|p2a: Slurpuff|Yawn|p1a: Houla
|-start|p1a: Houla|move: Yawn|[of] p2a: Slurpuff
|move|p1a: Houla|Oblivion Wing|p2a: Slurpuff
|-damage|p2a: Slurpuff|0 fnt
|faint|p2a: Slurpuff
|
|upkeep
|
|t:|1667131787
|switch|p2a: Necrozma|Necrozma-Dusk-Mane, shiny|100/100
|turn|4
|
|t:|1667131792
|move|p2a: Necrozma|Stone Edge|p1a: Houla
|-supereffective|p1a: Houla
|-enditem|p1a: Houla|Focus Sash
|-damage|p1a: Houla|1/100
|-damage|p2a: Necrozma|91/100|[from] item: Life Orb
|move|p1a: Houla|Knock Off|p2a: Necrozma
|-supereffective|p2a: Necrozma
|-damage|p2a: Necrozma|20/100
|-enditem|p2a: Necrozma|Life Orb|[from] move: Knock Off|[of] p1a: Houla
|
|-end|p1a: Houla|move: Taunt
|-end|p1a: Houla|move: Yawn|[silent]
|-status|p1a: Houla|slp
|upkeep
|turn|5
|c|☆KeshBa45|Oh
|
|t:|1667131806
|move|p2a: Necrozma|Sunsteel Strike|p1a: Houla
|-damage|p1a: Houla|0 fnt
|faint|p1a: Houla
|
|upkeep
|
|t:|1667131812
|switch|p1a: Founon|Groudon|100/100
|-weather|SunnyDay|[from] ability: Drought|[of] p1a: Founon
|turn|6
|c|☆KeshBa45|Well u got no caly counter so I'll be fine
|c|☆KeshBa45|Ig
|
|t:|1667131824
|move|p2a: Necrozma|Sunsteel Strike|p1a: Founon
|-damage|p1a: Founon|50/100
|move|p1a: Founon|Rock Polish|p1a: Founon
|-boost|p1a: Founon|spe|2
|
|-weather|SunnyDay|[upkeep]
|upkeep
|turn|7
|c|☆KeshBa45|Shit
|
|t:|1667131839
|move|p1a: Founon|Precipice Blades|p2a: Necrozma
|-supereffective|p2a: Necrozma
|-damage|p2a: Necrozma|0 fnt
|faint|p2a: Necrozma
|
|-weather|SunnyDay|[upkeep]
|upkeep
|c|☆puissance du feu|Ima lose
|inactive|KeshBa45 has 120 seconds left.
|c|☆KeshBa45|Is that hdb don :x
|
|t:|1667131873
|switch|p2a: Yveltal|Yveltal|100/100
|-ability|p2a: Yveltal|Dark Aura
|turn|8
|c|☆puissance du feu|Hdb don?
|c|☆KeshBa45|As long as suck punch kills
|c|☆KeshBa45|Heavy duty boots
|
|t:|1667131900
|move|p1a: Founon|Rock Slide|p2a: Yveltal
|-supereffective|p2a: Yveltal
|-damage|p2a: Yveltal|39/100
|cant|p2a: Yveltal|flinch
|
|-weather|SunnyDay|[upkeep]
|upkeep
|turn|9
|c|☆puissance du feu|Yes
|c|☆KeshBa45|Oh wow :)
|c|☆puissance du feu|In have em ok Groudon
|c|☆puissance du feu|On
|c|☆puissance du feu|Groudon
|c|☆KeshBa45|Ik
|c|☆KeshBa45|Kinda rare
|inactive|puissance du feu has 120 seconds left.
|c|☆puissance du feu|It's because I have rock Polish
|
|t:|1667131935
|move|p2a: Yveltal|Sucker Punch|p1a: Founon
|-damage|p1a: Founon|2/100
|move|p1a: Founon|Rock Slide|p2a: Yveltal
|-supereffective|p2a: Yveltal
|-damage|p2a: Yveltal|0 fnt
|faint|p2a: Yveltal
|
|-weather|SunnyDay|[upkeep]
|upkeep
|c|☆KeshBa45|Indeed
|
|t:|1667131941
|switch|p2a: Calyrex|Calyrex-Shadow|100/100
|-ability|p2a: Calyrex|As One
|-ability|p2a: Calyrex|Unnerve
|turn|10
|inactive|puissance du feu has 120 seconds left.
|inactive|KeshBa45 has 90 seconds left.
|c|☆KeshBa45|I messed up lol
|
|t:|1667131960
|switch|p2a: Landorus|Landorus, M|100/100
|move|p1a: Founon|Precipice Blades|p2a: Landorus
|-immune|p2a: Landorus
|
|-weather|none
|upkeep
|turn|11
|c|☆KeshBa45|Nice
|inactive|puissance du feu has 120 seconds left.
|inactive|KeshBa45 has 90 seconds left.
|c|☆KeshBa45|U also messed up
|c|☆puissance du feu|You bought a turn
|c|☆puissance du feu|Yep
|c|☆puissance du feu|Sun's over
|
|t:|1667131983
|move|p1a: Founon|Rock Slide|p2a: Landorus
|-damage|p2a: Landorus|61/100
|move|p2a: Landorus|Earth Power|p1a: Founon
|-damage|p1a: Founon|0 fnt
|faint|p1a: Founon
|
|upkeep
|c|☆KeshBa45|Indeed
|
|t:|1667132002
|switch|p1a: Xernevala|Xerneas, shiny|100/100
|-activate|p1a: Xernevala|move: Sticky Web
|-unboost|p1a: Xernevala|spe|1
|-ability|p1a: Xernevala|Fairy Aura
|turn|12
|inactive|KeshBa45 has 90 seconds left.
|
|t:|1667132030
|move|p2a: Landorus|Explosion|p1a: Xernevala
|-damage|p1a: Xernevala|22/100
|faint|p2a: Landorus
|move|p1a: Xernevala|Geomancy||[still]
|-prepare|p1a: Xernevala|Geomancy
|-enditem|p1a: Xernevala|Power Herb
|-anim|p1a: Xernevala|Geomancy|p1a: Xernevala
|-boost|p1a: Xernevala|spa|2
|-boost|p1a: Xernevala|spd|2
|-boost|p1a: Xernevala|spe|2
|
|upkeep
|inactive|KeshBa45 has 60 seconds left.
|c|☆KeshBa45|Oof :v
|c|☆puissance du feu|Am I gonna get shadow sneaked
|c|☆KeshBa45|Lol
|c|☆KeshBa45|From who
|c|☆puissance du feu|Doesn't caly learn it ?
|inactive|KeshBa45 has 30 seconds left.
|
|t:|1667132082
|switch|p2a: Calyrex|Calyrex-Shadow|100/100
|-ability|p2a: Calyrex|As One
|-ability|p2a: Calyrex|Unnerve
|turn|13
|
|t:|1667132090
|move|p1a: Xernevala|Moonblast|p2a: Calyrex
|-enditem|p2a: Calyrex|Focus Sash
|-damage|p2a: Calyrex|1/100
|move|p2a: Calyrex|Astral Barrage|p1a: Xernevala
|-damage|p1a: Xernevala|0 fnt
|faint|p1a: Xernevala
|-ability|p2a: Calyrex|Grim Neigh|boost
|-boost|p2a: Calyrex|spa|1
|
|upkeep
|c|☆KeshBa45|Doesn't
|
|t:|1667132102
|switch|p1a: Poutna|Ditto|100/100
|-activate|p1a: Poutna|move: Sticky Web
|-unboost|p1a: Poutna|spe|1
|-transform|p1a: Poutna|p2a: Calyrex|[from] ability: Imposter
|turn|14
|c|☆KeshBa45|Idk actually
|c|☆KeshBa45|gg
|
|t:|1667132113
|move|p1a: Poutna|Astral Barrage|p2a: Calyrex
|-supereffective|p2a: Calyrex
|-damage|p2a: Calyrex|0 fnt
|faint|p2a: Calyrex
|-ability|p1a: Poutna|Grim Neigh|boost
|-boost|p1a: Poutna|spa|1
|
|upkeep
|
|t:|1667132116
|switch|p2a: Eternatus|Eternatus|100/100
|-ability|p2a: Eternatus|Pressure
|turn|15
|-message|KeshBa45 forfeited.
|
|win|puissance du feu
|raw|puissance du feu's rating: 1250 &rarr; <strong>1286</strong><br />(+36 for winning)
|raw|KeshBa45's rating: 1412 &rarr; <strong>1383</strong><br />(-29 for losing)
|l|☆KeshBa45
|c|☆puissance du feu|Gg
