|j|☆Pc13
|j|☆PokeDuels
|t:|1618530169
|gametype|singles
|player|p1|Pc13|cyclist-gen4|1231
|player|p2|PokeDuels|265|1499
|teamsize|p1|6
|teamsize|p2|6
|gen|8
|tier|[Gen 8] Ubers
|rated|
|clearpoke
|poke|p1|Genesect|
|poke|p1|Urshifu-*, M|
|poke|p1|Scizor, F|
|poke|p1|Regieleki|
|poke|p1|Cinderace, F|
|poke|p1|Landorus-Therian, M|
|poke|p2|Galvantula, F|
|poke|p2|Xerneas|
|poke|p2|Zacian|
|poke|p2|Yveltal|
|poke|p2|Necrozma-Dusk-Mane|
|poke|p2|Zekrom|
|rule|Sleep Clause Mod: Limit one foe put to sleep
|rule|Species Clause: Limit one of each Pokémon
|rule|OHKO Clause: OHKO moves are banned
|rule|Evasion Moves Clause: Evasion moves are banned
|rule|Endless Battle Clause: Forcing endless battles is banned
|rule|HP Percentage Mod: HP is shown in percentages
|rule|Dynamax Clause: You cannot dynamax
|teampreview
|l|☆PokeDuels
|player|p2|
|inactive|Battle timer is ON: inactive players will automatically lose when time's up. (requested by Pc13)
|inactive|PokeDuels has 30 seconds to reconnect!
|inactive|PokeDuels has 20 seconds to reconnect!
|inactive|PokeDuels has 15 seconds to reconnect!
|j|☆PokeDuels
|inactive|PokeDuels reconnected and has 105 seconds left.
|player|p2|PokeDuels|265
|inactive|PokeDuels has 90 seconds left.
|
|t:|1618530283
|start
|switch|p1a: Genesect|Genesect|100/100
|switch|p2a: Zekrom|Zekrom|100/100
|-ability|p1a: Genesect|Download|boost
|-boost|p1a: Genesect|spa|1
|-ability|p2a: Zekrom|Teravolt
|turn|1
|
|t:|1618530293
|move|p1a: Genesect|Ice Beam|p2a: Zekrom
|-supereffective|p2a: Zekrom
|-damage|p2a: Zekrom|15/100
|-enditem|p2a: Zekrom|Weakness Policy
|-boost|p2a: Zekrom|atk|2|[from] item: Weakness Policy
|-boost|p2a: Zekrom|spa|2|[from] item: Weakness Policy
|move|p2a: Zekrom|Dragon Dance|p2a: Zekrom
|-boost|p2a: Zekrom|atk|1
|-boost|p2a: Zekrom|spe|1
|
|upkeep
|turn|2
|
|t:|1618530300
|move|p1a: Genesect|Ice Beam|p2a: Zekrom
|-supereffective|p2a: Zekrom
|-damage|p2a: Zekrom|0 fnt
|faint|p2a: Zekrom
|
|upkeep
|
|t:|1618530303
|switch|p2a: Galvantula|Galvantula, F|100/100
|turn|3
|
|t:|1618530308
|switch|p1a: Regieleki|Regieleki|100/100
|move|p2a: Galvantula|Thunder Wave|p1a: Regieleki
|-immune|p1a: Regieleki
|
|upkeep
|turn|4
|
|t:|1618530315
|move|p1a: Regieleki|Electroweb|p2a: Galvantula
|-resisted|p2a: Galvantula
|-damage|p2a: Galvantula|67/100
|-unboost|p2a: Galvantula|spe|1
|move|p2a: Galvantula|Sticky Web|p1a: Regieleki
|-sidestart|p1: Pc13|move: Sticky Web
|
|upkeep
|turn|5
|
|t:|1618530321
|move|p1a: Regieleki|Rapid Spin|p2a: Galvantula
|-damage|p2a: Galvantula|50/100
|-boost|p1a: Regieleki|spe|1
|-sideend|p1: Pc13|Sticky Web|[from] move: Rapid Spin|[of] p1a: Regieleki
|move|p2a: Galvantula|Toxic|p1a: Regieleki
|-status|p1a: Regieleki|tox
|
|-damage|p1a: Regieleki|95/100 tox|[from] psn
|upkeep
|turn|6
|
|t:|1618530334
|switch|p2a: Zacian|Zacian|100/100
|-ability|p2a: Zacian|Intrepid Sword|boost
|-boost|p2a: Zacian|atk|1
|move|p1a: Regieleki|Thunderbolt|p2a: Zacian
|-damage|p2a: Zacian|43/100
|
|-damage|p1a: Regieleki|83/100 tox|[from] psn
|upkeep
|turn|7
|-message|PokeDuels forfeited.
|
|win|Pc13
|raw|Pc13's rating: 1231 &rarr; <strong>1272</strong><br />(+41 for winning)
|raw|PokeDuels's rating: 1499 &rarr; <strong>1466</strong><br />(-33 for losing)
|l|☆PokeDuels
