|html|<div class="broadcast-blue"><strong>[Gen 8] Ubers is currently suspecting Shadow Tag! For information on how to participate check out the <a href="https://www.smogon.com/forums/threads/np-ss-ubers-stage-6-tag-youre-it.3679546/">suspect thread</a>.</strong></div>
|j|☆Typhou
|j|☆Rell27
|t:|1615861798
|player|p1|Typhou|benga|1560
|player|p2|Rell27|102|1573
|teamsize|p1|6
|teamsize|p2|6
|gametype|singles
|gen|8
|tier|[Gen 8] Ubers
|rated|
|clearpoke
|poke|p1|Calyrex-Shadow|
|poke|p1|Zygarde|
|poke|p1|Yveltal|
|poke|p1|Ho-Oh|
|poke|p1|Eternatus|
|poke|p1|Necrozma-Dusk-Mane|
|poke|p2|Eternatus|
|poke|p2|Necrozma-Dusk-Mane|
|poke|p2|Marshadow|
|poke|p2|Xerneas|
|poke|p2|Zygarde|
|poke|p2|Palkia|
|rule|Sleep Clause Mod: Limit one foe put to sleep
|rule|Species Clause: Limit one of each Pokémon
|rule|OHKO Clause: OHKO moves are banned
|rule|Evasion Moves Clause: Evasion moves are banned
|rule|Endless Battle Clause: Forcing endless battles is banned
|rule|HP Percentage Mod: HP is shown in percentages
|rule|Dynamax Clause: You cannot dynamax
|teampreview
|inactive|Battle timer is ON: inactive players will automatically lose when time's up. (requested by Typhou)
|
|t:|1615861853
|start
|switch|p1a: Yveltal|Yveltal|100/100
|switch|p2a: Palkia|Palkia|100/100
|-ability|p1a: Yveltal|Dark Aura
|-ability|p2a: Palkia|Pressure
|turn|1
|
|t:|1615861862
|switch|p2a: Xerneas|Xerneas|100/100
|-ability|p2a: Xerneas|Fairy Aura
|move|p1a: Yveltal|U-turn|p2a: Xerneas
|-resisted|p2a: Xerneas
|-damage|p2a: Xerneas|93/100
|
|t:|1615861876
|switch|p1a: Calyrex|Calyrex-Shadow|100/100|[from]move: U-turn
|-ability|p1a: Calyrex|As One
|-ability|p1a: Calyrex|Unnerve|p2: Rell27
|
|upkeep
|turn|2
|
|t:|1615861889
|move|p1a: Calyrex|Astral Barrage|p2a: Xerneas
|-damage|p2a: Xerneas|0 fnt
|faint|p2a: Xerneas
|-ability|p1a: Calyrex|Grim Neigh|boost
|-boost|p1a: Calyrex|spa|1
|
|upkeep
|
|t:|1615861892
|switch|p2a: Marshadow|Marshadow|100/100
|turn|3
|
|t:|1615861900
|switch|p1a: Yveltal|Yveltal|100/100
|-ability|p1a: Yveltal|Dark Aura
|switch|p2a: Palkia|Palkia|100/100
|-ability|p2a: Palkia|Pressure
|
|upkeep
|turn|4
|
|t:|1615861909
|move|p1a: Yveltal|U-turn|p2a: Palkia
|-damage|p2a: Palkia|81/100
|
|t:|1615861914
|switch|p1a: Eternatus|Eternatus|100/100|[from]move: U-turn
|-ability|p1a: Eternatus|Pressure
|move|p2a: Palkia|Spacial Rend|p1a: Eternatus|[miss]
|-miss|p2a: Palkia|p1a: Eternatus
|
|upkeep
|turn|5
|
|t:|1615861924
|switch|p1a: Ho-Oh|Ho-Oh|100/100
|move|p2a: Palkia|Spacial Rend|p1a: Ho-Oh
|-crit|p1a: Ho-Oh
|-damage|p1a: Ho-Oh|40/100
|
|upkeep
|turn|6
|
|t:|1615861932
|move|p2a: Palkia|Hydro Pump|p1a: Ho-Oh
|-supereffective|p1a: Ho-Oh
|-damage|p1a: Ho-Oh|0 fnt
|faint|p1a: Ho-Oh
|
|upkeep
|
|t:|1615861937
|switch|p1a: Calyrex|Calyrex-Shadow|100/100
|-ability|p1a: Calyrex|As One
|-ability|p1a: Calyrex|Unnerve|p2: Rell27
|turn|7
|
|t:|1615861943
|switch|p2a: Zygarde|Zygarde|100/100
|move|p1a: Calyrex|Astral Barrage|p2a: Zygarde
|-damage|p2a: Zygarde|1/100
|
|-heal|p2a: Zygarde|7/100|[from] item: Leftovers
|-activate|p2a: Zygarde|ability: Power Construct
|detailschange|p2a: Zygarde|Zygarde-Complete
|-heal|p2a: Zygarde|40/100|[silent]
|upkeep
|turn|8
|
|t:|1615861956
|move|p1a: Calyrex|Astral Barrage|p2a: Zygarde
|-damage|p2a: Zygarde|0 fnt
|faint|p2a: Zygarde
|-ability|p1a: Calyrex|Grim Neigh|boost
|-boost|p1a: Calyrex|spa|1
|
|upkeep
|
|t:|1615861960
|switch|p2a: Marshadow|Marshadow|100/100
|turn|9
|
|t:|1615861966
|switch|p1a: Eternatus|Eternatus|100/100
|-ability|p1a: Eternatus|Pressure
|move|p2a: Marshadow|Shadow Sneak|p1a: Eternatus
|-damage|p1a: Eternatus|79/100
|
|-heal|p1a: Eternatus|85/100|[from] item: Black Sludge
|upkeep
|turn|10
|
|t:|1615861978
|switch|p2a: Necrozma|Necrozma-Dusk-Mane|100/100
|move|p1a: Eternatus|Mystical Fire|p2a: Necrozma
|-supereffective|p2a: Necrozma
|-damage|p2a: Necrozma|76/100
|-unboost|p2a: Necrozma|spa|1
|
|-heal|p1a: Eternatus|92/100|[from] item: Black Sludge
|-heal|p2a: Necrozma|82/100|[from] item: Leftovers
|upkeep
|turn|11
|
|t:|1615861990
|switch|p2a: Palkia|Palkia|81/100
|-ability|p2a: Palkia|Pressure
|move|p1a: Eternatus|Dynamax Cannon|p2a: Palkia
|-supereffective|p2a: Palkia
|-damage|p2a: Palkia|4/100
|
|-heal|p1a: Eternatus|98/100|[from] item: Black Sludge
|upkeep
|turn|12
|
|t:|1615862002
|switch|p2a: Necrozma|Necrozma-Dusk-Mane|82/100
|move|p1a: Eternatus|Dynamax Cannon|p2a: Necrozma
|-resisted|p2a: Necrozma
|-damage|p2a: Necrozma|65/100
|
|-heal|p1a: Eternatus|100/100|[from] item: Black Sludge
|-heal|p2a: Necrozma|71/100|[from] item: Leftovers
|upkeep
|turn|13
|
|t:|1615862012
|switch|p1a: Yveltal|Yveltal|100/100
|-ability|p1a: Yveltal|Dark Aura
|move|p2a: Necrozma|Thunder Wave|p1a: Yveltal
|-status|p1a: Yveltal|par
|
|-heal|p2a: Necrozma|77/100|[from] item: Leftovers
|upkeep
|turn|14
|
|t:|1615862023
|move|p1a: Yveltal|U-turn|p2a: Necrozma
|-damage|p2a: Necrozma|64/100
|
|t:|1615862026
|switch|p1a: Zygarde|Zygarde|100/100|[from]move: U-turn
|move|p2a: Necrozma|Sunsteel Strike|p1a: Zygarde
|-crit|p1a: Zygarde
|-damage|p1a: Zygarde|32/100
|
|-heal|p1a: Zygarde|38/100|[from] item: Leftovers
|-heal|p2a: Necrozma|70/100|[from] item: Leftovers
|-activate|p1a: Zygarde|ability: Power Construct
|detailschange|p1a: Zygarde|Zygarde-Complete
|-heal|p1a: Zygarde|62/100|[silent]
|upkeep
|turn|15
|j| Occultum
|
|t:|1615862046
|move|p1a: Zygarde|Thousand Waves|p2a: Necrozma
|-supereffective|p2a: Necrozma
|-damage|p2a: Necrozma|32/100
|-activate|p2a: Necrozma|trapped
|move|p2a: Necrozma|Sunsteel Strike|p1a: Zygarde
|-damage|p1a: Zygarde|37/100
|
|-heal|p1a: Zygarde|43/100|[from] item: Leftovers
|-heal|p2a: Necrozma|38/100|[from] item: Leftovers
|upkeep
|turn|16
|
|t:|1615862059
|move|p1a: Zygarde|Coil|p1a: Zygarde
|-boost|p1a: Zygarde|atk|1
|-boost|p1a: Zygarde|def|1
|-boost|p1a: Zygarde|accuracy|1
|move|p2a: Necrozma|Sunsteel Strike|p1a: Zygarde
|-damage|p1a: Zygarde|24/100
|
|-heal|p1a: Zygarde|30/100|[from] item: Leftovers
|-heal|p2a: Necrozma|44/100|[from] item: Leftovers
|upkeep
|turn|17
|
|t:|1615862070
|move|p1a: Zygarde|Coil|p1a: Zygarde
|-boost|p1a: Zygarde|atk|1
|-boost|p1a: Zygarde|def|1
|-boost|p1a: Zygarde|accuracy|1
|move|p2a: Necrozma|Stealth Rock|p1a: Zygarde
|-sidestart|p1: Typhou|move: Stealth Rock
|
|-heal|p1a: Zygarde|36/100|[from] item: Leftovers
|-heal|p2a: Necrozma|50/100|[from] item: Leftovers
|upkeep
|turn|18
|
|t:|1615862081
|move|p1a: Zygarde|Coil|p1a: Zygarde
|-boost|p1a: Zygarde|atk|1
|-boost|p1a: Zygarde|def|1
|-boost|p1a: Zygarde|accuracy|1
|move|p2a: Necrozma|Sunsteel Strike|p1a: Zygarde
|-damage|p1a: Zygarde|25/100
|
|-heal|p1a: Zygarde|31/100|[from] item: Leftovers
|-heal|p2a: Necrozma|57/100|[from] item: Leftovers
|upkeep
|turn|19
|
|t:|1615862096
|move|p1a: Zygarde|Coil|p1a: Zygarde
|-boost|p1a: Zygarde|atk|1
|-boost|p1a: Zygarde|def|1
|-boost|p1a: Zygarde|accuracy|1
|move|p2a: Necrozma|Sunsteel Strike|p1a: Zygarde
|-damage|p1a: Zygarde|22/100
|
|-heal|p1a: Zygarde|28/100|[from] item: Leftovers
|-heal|p2a: Necrozma|63/100|[from] item: Leftovers
|upkeep
|turn|20
|
|t:|1615862108
|move|p1a: Zygarde|Rest|p1a: Zygarde
|-status|p1a: Zygarde|slp|[from] move: Rest
|-heal|p1a: Zygarde|100/100 slp|[silent]
|move|p2a: Necrozma|Sunsteel Strike|p1a: Zygarde
|-damage|p1a: Zygarde|92/100 slp
|
|-heal|p1a: Zygarde|98/100 slp|[from] item: Leftovers
|-heal|p2a: Necrozma|69/100|[from] item: Leftovers
|upkeep
|turn|21
|
|t:|1615862121
|cant|p1a: Zygarde|slp
|move|p2a: Necrozma|Thunder Wave|p1a: Zygarde
|-immune|p1a: Zygarde
|
|-heal|p1a: Zygarde|100/100 slp|[from] item: Leftovers
|-heal|p2a: Necrozma|75/100|[from] item: Leftovers
|upkeep
|turn|22
|
|t:|1615862130
|cant|p1a: Zygarde|slp
|move|p2a: Necrozma|Thunder Wave|p1a: Zygarde
|-immune|p1a: Zygarde
|
|-heal|p2a: Necrozma|81/100|[from] item: Leftovers
|upkeep
|turn|23
|
|t:|1615862140
|-curestatus|p1a: Zygarde|slp|[msg]
|move|p1a: Zygarde|Coil|p1a: Zygarde
|-boost|p1a: Zygarde|atk|1
|-boost|p1a: Zygarde|def|1
|-boost|p1a: Zygarde|accuracy|1
|move|p2a: Necrozma|Morning Sun|p2a: Necrozma
|-heal|p2a: Necrozma|100/100
|
|upkeep
|turn|24
|
|t:|1615862149
|move|p1a: Zygarde|Coil|p1a: Zygarde
|-boost|p1a: Zygarde|atk|1
|-boost|p1a: Zygarde|def|1
|-boost|p1a: Zygarde|accuracy|1
|move|p2a: Necrozma|Sunsteel Strike|p1a: Zygarde
|-damage|p1a: Zygarde|94/100
|
|-heal|p1a: Zygarde|99/100|[from] item: Leftovers
|upkeep
|turn|25
|
|t:|1615862159
|move|p1a: Zygarde|Scale Shot|p2a: Necrozma
|-resisted|p2a: Necrozma
|-damage|p2a: Necrozma|86/100
|-resisted|p2a: Necrozma
|-damage|p2a: Necrozma|73/100
|-resisted|p2a: Necrozma
|-crit|p2a: Necrozma
|-damage|p2a: Necrozma|50/100
|-hitcount|p2a: Necrozma|3
|-unboost|p1a: Zygarde|def|1
|-boost|p1a: Zygarde|spe|1
|move|p2a: Necrozma|Sunsteel Strike|p1a: Zygarde
|-damage|p1a: Zygarde|93/100
|
|-heal|p1a: Zygarde|99/100|[from] item: Leftovers
|-heal|p2a: Necrozma|56/100|[from] item: Leftovers
|upkeep
|turn|26
|j| mazbro
|
|t:|1615862180
|move|p1a: Zygarde|Scale Shot|p2a: Necrozma
|-resisted|p2a: Necrozma
|-damage|p2a: Necrozma|42/100
|-resisted|p2a: Necrozma
|-damage|p2a: Necrozma|28/100
|-resisted|p2a: Necrozma
|-damage|p2a: Necrozma|15/100
|-resisted|p2a: Necrozma
|-damage|p2a: Necrozma|2/100
|-hitcount|p2a: Necrozma|4
|-unboost|p1a: Zygarde|def|1
|-boost|p1a: Zygarde|spe|1
|move|p2a: Necrozma|Morning Sun|p2a: Necrozma
|-heal|p2a: Necrozma|52/100
|
|-heal|p1a: Zygarde|100/100|[from] item: Leftovers
|-heal|p2a: Necrozma|58/100|[from] item: Leftovers
|upkeep
|turn|27
|
|t:|1615862197
|move|p1a: Zygarde|Coil|p1a: Zygarde
|-boost|p1a: Zygarde|atk|0
|-boost|p1a: Zygarde|def|1
|-boost|p1a: Zygarde|accuracy|0
|move|p2a: Necrozma|Morning Sun|p2a: Necrozma
|-heal|p2a: Necrozma|100/100
|
|upkeep
|turn|28
|
|t:|1615862205
|move|p1a: Zygarde|Coil|p1a: Zygarde
|-boost|p1a: Zygarde|atk|0
|-boost|p1a: Zygarde|def|1
|-boost|p1a: Zygarde|accuracy|0
|move|p2a: Necrozma|Thunder Wave|p1a: Zygarde
|-immune|p1a: Zygarde
|
|upkeep
|turn|29
|
|t:|1615862213
|move|p1a: Zygarde|Thousand Waves|p2a: Necrozma
|-supereffective|p2a: Necrozma
|-damage|p2a: Necrozma|0 fnt
|faint|p2a: Necrozma
|
|upkeep
|inactive|Rell27 has 120 seconds left.
|
|t:|1615862252
|switch|p2a: Marshadow|Marshadow|100/100
|turn|30
|
|t:|1615862255
|move|p1a: Zygarde|Scale Shot|p2a: Marshadow
|-damage|p2a: Marshadow|39/100
|-damage|p2a: Marshadow|0 fnt
|-hitcount|p2a: Marshadow|2
|-unboost|p1a: Zygarde|def|1
|-boost|p1a: Zygarde|spe|1
|faint|p2a: Marshadow
|
|upkeep
|inactive|Rell27 has 120 seconds left.
|-message|Rell27 forfeited.
|
|win|Typhou
|raw|Typhou's rating: 1560 &rarr; <strong>1581</strong><br />(+21 for winning)
|raw|Rell27's rating: 1573 &rarr; <strong>1552</strong><br />(-21 for losing)
|l|☆Rell27
|raw|Typhou's rating: 1560 &rarr; <strong>1581</strong><br />(+21 for winning)
|raw|Rell27's rating: 1573 &rarr; <strong>1552</strong><br />(-21 for losing)
