|raw|<div class="broadcast-blue"><strong>This battle is required to be public due to a player having a name starting with 'ult9ns'.</div>
|j|‽icarus's fall
|j|☆ULT9NS Orchid
|t:|1653510985
|gametype|singles
|player|p1|icarus's fall|irida|1595
|player|p2|ULT9NS Orchid|winona-gen6|1581
|teamsize|p1|6
|teamsize|p2|6
|gen|8
|tier|[Gen 8] Ubers
|rated|
|rule|Sleep Clause Mod: Limit one foe put to sleep
|rule|Species Clause: Limit one of each Pokémon
|rule|OHKO Clause: OHKO moves are banned
|rule|Evasion Moves Clause: Evasion moves are banned
|rule|Endless Battle Clause: Forcing endless battles is banned
|rule|HP Percentage Mod: HP is shown in percentages
|rule|Dynamax Clause: You cannot dynamax
|clearpoke
|poke|p1|Xerneas-*|
|poke|p1|Ferrothorn, F|
|poke|p1|Necrozma-Dusk-Mane|
|poke|p1|Yveltal|
|poke|p1|Eternatus|
|poke|p1|Zygarde|
|poke|p2|Necrozma-Dusk-Mane|
|poke|p2|Xerneas-*|
|poke|p2|Yveltal|
|poke|p2|Groudon|
|poke|p2|Eternatus|
|poke|p2|Kyogre|
|teampreview
|inactive|Battle timer is ON: inactive players will automatically lose when time's up. (requested by icarus's fall)
|
|t:|1653510993
|start
|switch|p1a: Yveltal|Yveltal|100/100
|switch|p2a: Necrozma|Necrozma-Dusk-Mane|100/100
|-ability|p1a: Yveltal|Dark Aura
|turn|1
|
|t:|1653511010
|switch|p2a: Xerneas|Xerneas|100/100
|-ability|p2a: Xerneas|Fairy Aura
|-item|p2a: Xerneas|Air Balloon
|move|p1a: Yveltal|Taunt|p2a: Xerneas
|-start|p2a: Xerneas|move: Taunt
|
|upkeep
|turn|2
|
|t:|1653511018
|switch|p1a: Ferrothorn|Ferrothorn, F|100/100
|move|p2a: Xerneas|Moonblast|p1a: Ferrothorn
|-resisted|p1a: Ferrothorn
|-damage|p1a: Ferrothorn|79/100
|
|-heal|p1a: Ferrothorn|85/100|[from] item: Leftovers
|upkeep
|turn|3
|
|t:|1653511021
|switch|p2a: Necrozma|Necrozma-Dusk-Mane|100/100
|move|p1a: Ferrothorn|Spikes|p2a: Necrozma
|-sidestart|p2: ULT9NS Orchid|Spikes
|
|-heal|p1a: Ferrothorn|91/100|[from] item: Leftovers
|upkeep
|turn|4
|j| ULT9NS KB
|
|t:|1653511024
|move|p2a: Necrozma|Stealth Rock|p1a: Ferrothorn
|-sidestart|p1: icarus's fall|move: Stealth Rock
|move|p1a: Ferrothorn|Leech Seed|p2a: Necrozma
|-start|p2a: Necrozma|move: Leech Seed
|
|-heal|p1a: Ferrothorn|98/100|[from] item: Leftovers
|-damage|p2a: Necrozma|88/100|[from] Leech Seed|[of] p1a: Ferrothorn
|-heal|p1a: Ferrothorn|100/100|[silent]
|upkeep
|turn|5
|
|t:|1653511030
|switch|p2a: Groudon|Groudon|100/100
|-damage|p2a: Groudon|88/100|[from] Spikes
|-weather|SunnyDay|[from] ability: Drought|[of] p2a: Groudon
|move|p1a: Ferrothorn|Leech Seed|p2a: Groudon
|-start|p2a: Groudon|move: Leech Seed
|
|-weather|SunnyDay|[upkeep]
|-heal|p2a: Groudon|94/100|[from] item: Leftovers
|-damage|p2a: Groudon|82/100|[from] Leech Seed|[of] p1a: Ferrothorn
|upkeep
|turn|6
|
|t:|1653511034
|switch|p2a: Eternatus|Eternatus|100/100
|-damage|p2a: Eternatus|88/100|[from] Spikes
|-ability|p2a: Eternatus|Pressure
|switch|p1a: Zygarde|Zygarde|100/100
|-damage|p1a: Zygarde|94/100|[from] Stealth Rock
|
|-weather|SunnyDay|[upkeep]
|-heal|p2a: Eternatus|94/100|[from] item: Black Sludge
|-heal|p1a: Zygarde|100/100|[from] item: Leftovers
|upkeep
|turn|7
|j| 64 squares
|
|t:|1653511047
|switch|p1a: Necrozma|Necrozma-Dusk-Mane|100/100
|-damage|p1a: Necrozma|94/100|[from] Stealth Rock
|move|p2a: Eternatus|Toxic|p1a: Necrozma
|-immune|p1a: Necrozma
|
|-weather|SunnyDay|[upkeep]
|-heal|p2a: Eternatus|100/100|[from] item: Black Sludge
|-heal|p1a: Necrozma|100/100|[from] item: Leftovers
|upkeep
|turn|8
|
|t:|1653511060
|switch|p2a: Yveltal|Yveltal|100/100
|-ability|p2a: Yveltal|Dark Aura
|move|p1a: Necrozma|Stealth Rock|p2a: Yveltal
|-sidestart|p2: ULT9NS Orchid|move: Stealth Rock
|
|-weather|SunnyDay|[upkeep]
|upkeep
|turn|9
|
|t:|1653511071
|move|p2a: Yveltal|Foul Play|p1a: Necrozma
|-supereffective|p1a: Necrozma
|-damage|p1a: Necrozma|37/100
|move|p1a: Necrozma|Thunder Wave|p2a: Yveltal
|-status|p2a: Yveltal|par
|
|-weather|none
|-heal|p1a: Necrozma|43/100|[from] item: Leftovers
|upkeep
|turn|10
|
|t:|1653511076
|switch|p2a: Kyogre|Kyogre|100/100
|-damage|p2a: Kyogre|88/100|[from] Spikes
|-damage|p2a: Kyogre|76/100|[from] Stealth Rock
|-weather|RainDance|[from] ability: Drizzle|[of] p2a: Kyogre
|move|p1a: Necrozma|Moonlight|p1a: Necrozma
|-heal|p1a: Necrozma|68/100
|
|-weather|RainDance|[upkeep]
|-heal|p1a: Necrozma|74/100|[from] item: Leftovers
|upkeep
|turn|11
|
|t:|1653511081
|switch|p1a: Eternatus|Eternatus|100/100
|-ability|p1a: Eternatus|Pressure
|move|p2a: Kyogre|Water Spout|p1a: Eternatus
|-resisted|p1a: Eternatus
|-damage|p1a: Eternatus|67/100
|
|-weather|RainDance|[upkeep]
|upkeep
|turn|12
|
|t:|1653511086
|switch|p2a: Necrozma|Necrozma-Dusk-Mane|88/100
|-damage|p2a: Necrozma|76/100|[from] Spikes
|-damage|p2a: Necrozma|70/100|[from] Stealth Rock
|switch|p1a: Zygarde|Zygarde|100/100
|-damage|p1a: Zygarde|94/100|[from] Stealth Rock
|
|-weather|RainDance|[upkeep]
|-heal|p1a: Zygarde|100/100|[from] item: Leftovers
|-heal|p2a: Necrozma|76/100|[from] item: Leftovers
|upkeep
|turn|13
|
|t:|1653511089
|switch|p2a: Xerneas|Xerneas|100/100
|-damage|p2a: Xerneas|88/100|[from] Stealth Rock
|-ability|p2a: Xerneas|Fairy Aura
|-item|p2a: Xerneas|Air Balloon
|move|p1a: Zygarde|Substitute|p1a: Zygarde
|-start|p1a: Zygarde|Substitute
|-damage|p1a: Zygarde|76/100
|
|-weather|RainDance|[upkeep]
|-heal|p1a: Zygarde|82/100|[from] item: Leftovers
|upkeep
|turn|14
|
|t:|1653511101
|move|p1a: Zygarde|Thousand Arrows|p2a: Xerneas
|-crit|p2a: Xerneas
|-damage|p2a: Xerneas|58/100
|-enditem|p2a: Xerneas|Air Balloon
|move|p2a: Xerneas|Moonblast|p1a: Zygarde
|-supereffective|p1a: Zygarde
|-end|p1a: Zygarde|Substitute
|
|-weather|none
|-heal|p1a: Zygarde|88/100|[from] item: Leftovers
|upkeep
|turn|15
|
|t:|1653511110
|switch|p1a: Necrozma|Necrozma-Dusk-Mane|74/100
|-damage|p1a: Necrozma|68/100|[from] Stealth Rock
|move|p2a: Xerneas|Moonblast|p1a: Necrozma
|-resisted|p1a: Necrozma
|-damage|p1a: Necrozma|50/100
|
|-heal|p1a: Necrozma|56/100|[from] item: Leftovers
|upkeep
|turn|16
|
|t:|1653511120
|switch|p2a: Kyogre|Kyogre|76/100
|-damage|p2a: Kyogre|64/100|[from] Spikes
|-damage|p2a: Kyogre|51/100|[from] Stealth Rock
|-weather|RainDance|[from] ability: Drizzle|[of] p2a: Kyogre
|move|p1a: Necrozma|Iron Head|p2a: Kyogre
|-resisted|p2a: Kyogre
|-crit|p2a: Kyogre
|-damage|p2a: Kyogre|20/100
|
|-weather|RainDance|[upkeep]
|-heal|p1a: Necrozma|62/100|[from] item: Leftovers
|upkeep
|turn|17
|
|t:|1653511137
|switch|p1a: Ferrothorn|Ferrothorn, F|100/100
|-damage|p1a: Ferrothorn|94/100|[from] Stealth Rock
|move|p2a: Kyogre|Ice Beam|p1a: Ferrothorn
|-damage|p1a: Ferrothorn|62/100
|
|-weather|RainDance|[upkeep]
|-heal|p1a: Ferrothorn|68/100|[from] item: Leftovers
|upkeep
|turn|18
|
|t:|1653511143
|move|p2a: Kyogre|Ice Beam|p1a: Ferrothorn
|-damage|p1a: Ferrothorn|40/100
|move|p1a: Ferrothorn|Leech Seed|p2a: Kyogre|[miss]
|-miss|p1a: Ferrothorn|p2a: Kyogre
|
|-weather|RainDance|[upkeep]
|-heal|p1a: Ferrothorn|46/100|[from] item: Leftovers
|upkeep
|turn|19
|
|t:|1653511152
|switch|p1a: Necrozma|Necrozma-Dusk-Mane|62/100
|-damage|p1a: Necrozma|56/100|[from] Stealth Rock
|move|p2a: Kyogre|Ice Beam|p1a: Necrozma
|-resisted|p1a: Necrozma
|-crit|p1a: Necrozma
|-damage|p1a: Necrozma|38/100
|-status|p1a: Necrozma|frz
|
|-weather|RainDance|[upkeep]
|-heal|p1a: Necrozma|44/100 frz|[from] item: Leftovers
|upkeep
|turn|20
|
|t:|1653511165
|switch|p2a: Groudon|Groudon|82/100
|-damage|p2a: Groudon|69/100|[from] Spikes
|-damage|p2a: Groudon|63/100|[from] Stealth Rock
|-weather|SunnyDay|[from] ability: Drought|[of] p2a: Groudon
|switch|p1a: Yveltal|Yveltal|100/100
|-ability|p1a: Yveltal|Dark Aura
|
|-weather|SunnyDay|[upkeep]
|-heal|p2a: Groudon|69/100|[from] item: Leftovers
|upkeep
|turn|21
|
|t:|1653511174
|move|p1a: Yveltal|Taunt|p2a: Groudon
|-start|p2a: Groudon|move: Taunt
|move|p2a: Groudon|Stone Edge|p1a: Yveltal
|-supereffective|p1a: Yveltal
|-damage|p1a: Yveltal|34/100
|
|-weather|SunnyDay|[upkeep]
|-heal|p2a: Groudon|76/100|[from] item: Leftovers
|upkeep
|turn|22
|
|t:|1653511177
|move|p1a: Yveltal|Roost|p1a: Yveltal
|-heal|p1a: Yveltal|84/100
|-singleturn|p1a: Yveltal|move: Roost
|move|p2a: Groudon|Heat Crash|p1a: Yveltal
|-damage|p1a: Yveltal|37/100
|
|-weather|SunnyDay|[upkeep]
|-heal|p2a: Groudon|82/100|[from] item: Leftovers
|upkeep
|turn|23
|
|t:|1653511181
|move|p1a: Yveltal|Knock Off|p2a: Groudon
|-damage|p2a: Groudon|44/100
|-enditem|p2a: Groudon|Leftovers|[from] move: Knock Off|[of] p1a: Yveltal
|move|p2a: Groudon|Heat Crash|p1a: Yveltal
|-damage|p1a: Yveltal|0 fnt
|faint|p1a: Yveltal
|
|-weather|SunnyDay|[upkeep]
|-end|p2a: Groudon|move: Taunt
|upkeep
|
|t:|1653511185
|switch|p1a: Zygarde|Zygarde|88/100
|-damage|p1a: Zygarde|82/100|[from] Stealth Rock
|turn|24
|
|t:|1653511190
|switch|p2a: Yveltal|Yveltal|100/100 par
|-ability|p2a: Yveltal|Dark Aura
|move|p1a: Zygarde|Dragon Dance|p1a: Zygarde
|-boost|p1a: Zygarde|atk|1
|-boost|p1a: Zygarde|spe|1
|
|-weather|none
|-heal|p1a: Zygarde|88/100|[from] item: Leftovers
|upkeep
|turn|25
|
|t:|1653511194
|move|p1a: Zygarde|Substitute|p1a: Zygarde
|-start|p1a: Zygarde|Substitute
|-damage|p1a: Zygarde|63/100
|move|p2a: Yveltal|Foul Play|p1a: Zygarde
|-end|p1a: Zygarde|Substitute
|
|-heal|p1a: Zygarde|69/100|[from] item: Leftovers
|upkeep
|turn|26
|
|t:|1653511195
|move|p1a: Zygarde|Substitute|p1a: Zygarde
|-start|p1a: Zygarde|Substitute
|-damage|p1a: Zygarde|44/100
|move|p2a: Yveltal|Foul Play|p1a: Zygarde
|-end|p1a: Zygarde|Substitute
|
|-heal|p1a: Zygarde|50/100|[from] item: Leftovers
|-activate|p1a: Zygarde|ability: Power Construct
|detailschange|p1a: Zygarde|Zygarde-Complete
|-heal|p1a: Zygarde|69/100|[silent]
|upkeep
|turn|27
|
|t:|1653511197
|move|p1a: Zygarde|Substitute|p1a: Zygarde
|-start|p1a: Zygarde|Substitute
|-damage|p1a: Zygarde|44/100
|move|p2a: Yveltal|Foul Play|p1a: Zygarde
|-end|p1a: Zygarde|Substitute
|
|-heal|p1a: Zygarde|50/100|[from] item: Leftovers
|upkeep
|turn|28
|
|t:|1653511199
|move|p1a: Zygarde|Substitute|p1a: Zygarde
|-start|p1a: Zygarde|Substitute
|-damage|p1a: Zygarde|25/100
|move|p2a: Yveltal|Foul Play|p1a: Zygarde
|-end|p1a: Zygarde|Substitute
|
|-heal|p1a: Zygarde|32/100|[from] item: Leftovers
|upkeep
|turn|29
|
|t:|1653511201
|move|p1a: Zygarde|Substitute|p1a: Zygarde
|-start|p1a: Zygarde|Substitute
|-damage|p1a: Zygarde|7/100
|cant|p2a: Yveltal|par
|
|-heal|p1a: Zygarde|13/100|[from] item: Leftovers
|upkeep
|turn|30
|
|t:|1653511207
|move|p2a: Yveltal|Foul Play|p1a: Zygarde
|-end|p1a: Zygarde|Substitute
|move|p1a: Zygarde|Dragon Tail|p2a: Yveltal
|-damage|p2a: Yveltal|68/100 par
|drag|p2a: Kyogre|Kyogre|20/100
|-damage|p2a: Kyogre|8/100|[from] Spikes
|-damage|p2a: Kyogre|0 fnt|[from] Stealth Rock
|faint|p2a: Kyogre
|
|-heal|p1a: Zygarde|19/100|[from] item: Leftovers
|upkeep
|
|t:|1653511211
|switch|p2a: Xerneas|Xerneas|58/100
|-damage|p2a: Xerneas|45/100|[from] Spikes
|-damage|p2a: Xerneas|33/100|[from] Stealth Rock
|-ability|p2a: Xerneas|Fairy Aura
|turn|31
|
|t:|1653511215
|move|p1a: Zygarde|Thousand Arrows|p2a: Xerneas
|-damage|p2a: Xerneas|3/100
|move|p2a: Xerneas|Moonblast|p1a: Zygarde
|-supereffective|p1a: Zygarde
|-damage|p1a: Zygarde|0 fnt
|faint|p1a: Zygarde
|
|upkeep
|
|t:|1653511219
|switch|p1a: Xerneas|Xerneas|100/100
|-damage|p1a: Xerneas|88/100|[from] Stealth Rock
|-ability|p1a: Xerneas|Fairy Aura
|turn|32
|
|t:|1653511222
|move|p1a: Xerneas|Calm Mind|p1a: Xerneas
|-boost|p1a: Xerneas|spa|1
|-boost|p1a: Xerneas|spd|1
|move|p2a: Xerneas|Rest|p2a: Xerneas
|-status|p2a: Xerneas|slp|[from] move: Rest
|-heal|p2a: Xerneas|100/100 slp|[silent]
|
|-heal|p1a: Xerneas|94/100|[from] item: Leftovers
|upkeep
|turn|33
|
|t:|1653511223
|move|p1a: Xerneas|Calm Mind|p1a: Xerneas
|-boost|p1a: Xerneas|spa|1
|-boost|p1a: Xerneas|spd|1
|cant|p2a: Xerneas|slp
|move|p2a: Xerneas|Sleep Talk|p2a: Xerneas
|move|p2a: Xerneas|Aromatherapy|p2a: Xerneas|[from]move: Sleep Talk
|-activate|p2a: Xerneas|move: Aromatherapy
|-curestatus|p2a: Xerneas|slp|[msg]
|-curestatus|p2: Yveltal|par|[msg]
|
|-heal|p1a: Xerneas|100/100|[from] item: Leftovers
|upkeep
|turn|34
|
|t:|1653511229
|switch|p2a: Eternatus|Eternatus|100/100
|-damage|p2a: Eternatus|88/100|[from] Spikes
|-damage|p2a: Eternatus|76/100|[from] Stealth Rock
|-ability|p2a: Eternatus|Pressure
|move|p1a: Xerneas|Calm Mind|p1a: Xerneas
|-boost|p1a: Xerneas|spa|1
|-boost|p1a: Xerneas|spd|1
|
|-heal|p2a: Eternatus|82/100|[from] item: Black Sludge
|upkeep
|turn|35
|
|t:|1653511231
|move|p2a: Eternatus|Toxic|p1a: Xerneas
|-status|p1a: Xerneas|tox
|move|p1a: Xerneas|Moonblast|p2a: Eternatus
|-damage|p2a: Eternatus|0 fnt
|faint|p2a: Eternatus
|
|-damage|p1a: Xerneas|94/100 tox|[from] psn
|upkeep
|
|t:|1653511233
|switch|p2a: Necrozma|Necrozma-Dusk-Mane|76/100
|-damage|p2a: Necrozma|64/100|[from] Spikes
|-damage|p2a: Necrozma|58/100|[from] Stealth Rock
|turn|36
|
|t:|1653511235
|move|p1a: Xerneas|Moonblast|p2a: Necrozma
|-resisted|p2a: Necrozma
|-damage|p2a: Necrozma|15/100
|-unboost|p2a: Necrozma|spa|1
|move|p2a: Necrozma|Moonlight|p2a: Necrozma
|-heal|p2a: Necrozma|65/100
|
|-heal|p1a: Xerneas|100/100 tox|[from] item: Leftovers
|-heal|p2a: Necrozma|71/100|[from] item: Leftovers
|-damage|p1a: Xerneas|88/100 tox|[from] psn
|upkeep
|turn|37
|
|t:|1653511243
|move|p1a: Xerneas|Rest|p1a: Xerneas
|-status|p1a: Xerneas|slp|[from] move: Rest
|-heal|p1a: Xerneas|100/100 slp|[silent]
|move|p2a: Necrozma|Moonlight|p2a: Necrozma
|-heal|p2a: Necrozma|100/100
|
|upkeep
|turn|38
|
|t:|1653511244
|cant|p1a: Xerneas|slp
|move|p1a: Xerneas|Sleep Talk|p1a: Xerneas
|move|p1a: Xerneas|Calm Mind|p1a: Xerneas|[from]move: Sleep Talk
|-boost|p1a: Xerneas|spa|1
|-boost|p1a: Xerneas|spd|1
|move|p2a: Necrozma|Iron Head|p1a: Xerneas
|-supereffective|p1a: Xerneas
|-crit|p1a: Xerneas
|-damage|p1a: Xerneas|26/100 slp
|
|-heal|p1a: Xerneas|32/100 slp|[from] item: Leftovers
|upkeep
|turn|39
|
|t:|1653511248
|cant|p1a: Xerneas|slp
|move|p1a: Xerneas|Sleep Talk|p1a: Xerneas
|move|p1a: Xerneas|Rest||[from]move: Sleep Talk|[still]
|-fail|p1a: Xerneas
|move|p2a: Necrozma|Iron Head|p1a: Xerneas
|-supereffective|p1a: Xerneas
|-damage|p1a: Xerneas|0 fnt
|faint|p1a: Xerneas
|
|upkeep
|
|t:|1653511256
|switch|p1a: Ferrothorn|Ferrothorn, F|46/100
|-damage|p1a: Ferrothorn|40/100|[from] Stealth Rock
|turn|40
|
|t:|1653511259
|move|p2a: Necrozma|Iron Head|p1a: Ferrothorn
|-resisted|p1a: Ferrothorn
|-damage|p1a: Ferrothorn|28/100
|-damage|p2a: Necrozma|88/100|[from] ability: Iron Barbs|[of] p1a: Ferrothorn
|move|p1a: Ferrothorn|Leech Seed|p2a: Necrozma
|-start|p2a: Necrozma|move: Leech Seed
|
|-heal|p2a: Necrozma|94/100|[from] item: Leftovers
|-heal|p1a: Ferrothorn|34/100|[from] item: Leftovers
|-damage|p2a: Necrozma|82/100|[from] Leech Seed|[of] p1a: Ferrothorn
|-heal|p1a: Ferrothorn|48/100|[silent]
|upkeep
|turn|41
|
|t:|1653511263
|switch|p2a: Yveltal|Yveltal|68/100
|-ability|p2a: Yveltal|Dark Aura
|move|p1a: Ferrothorn|Leech Seed|p2a: Yveltal
|-start|p2a: Yveltal|move: Leech Seed
|
|-heal|p1a: Ferrothorn|54/100|[from] item: Leftovers
|-damage|p2a: Yveltal|56/100|[from] Leech Seed|[of] p1a: Ferrothorn
|-heal|p1a: Ferrothorn|69/100|[silent]
|upkeep
|turn|42
|
|t:|1653511265
|switch|p2a: Groudon|Groudon|44/100
|-damage|p2a: Groudon|32/100|[from] Spikes
|-damage|p2a: Groudon|25/100|[from] Stealth Rock
|-weather|SunnyDay|[from] ability: Drought|[of] p2a: Groudon
|move|p1a: Ferrothorn|Iron Defense|p1a: Ferrothorn
|-boost|p1a: Ferrothorn|def|2
|
|-weather|SunnyDay|[upkeep]
|-heal|p1a: Ferrothorn|75/100|[from] item: Leftovers
|upkeep
|turn|43
|
|t:|1653511268
|switch|p1a: Eternatus|Eternatus|67/100
|-ability|p1a: Eternatus|Pressure
|move|p2a: Groudon|Heat Crash|p1a: Eternatus
|-resisted|p1a: Eternatus
|-damage|p1a: Eternatus|58/100
|
|-weather|SunnyDay|[upkeep]
|upkeep
|turn|44
|
|t:|1653511272
|switch|p2a: Necrozma|Necrozma-Dusk-Mane|82/100
|-damage|p2a: Necrozma|70/100|[from] Spikes
|-damage|p2a: Necrozma|64/100|[from] Stealth Rock
|move|p1a: Eternatus|Flamethrower|p2a: Necrozma
|-supereffective|p2a: Necrozma
|-damage|p2a: Necrozma|23/100
|
|-weather|SunnyDay|[upkeep]
|-heal|p2a: Necrozma|29/100|[from] item: Leftovers
|upkeep
|turn|45
|
|t:|1653511275
|switch|p2a: Yveltal|Yveltal|56/100
|-ability|p2a: Yveltal|Dark Aura
|move|p1a: Eternatus|Flamethrower|p2a: Yveltal
|-damage|p2a: Yveltal|30/100
|
|-weather|SunnyDay|[upkeep]
|upkeep
|turn|46
|c| ULT9NS KB|cm dn
|
|t:|1653511284
|move|p1a: Eternatus|Dynamax Cannon|p2a: Yveltal
|-damage|p2a: Yveltal|0 fnt
|faint|p2a: Yveltal
|
|-weather|none
|upkeep
|
|t:|1653511287
|switch|p2a: Xerneas|Xerneas|100/100
|-damage|p2a: Xerneas|88/100|[from] Spikes
|-damage|p2a: Xerneas|75/100|[from] Stealth Rock
|-ability|p2a: Xerneas|Fairy Aura
|turn|47
|
|t:|1653511289
|move|p1a: Eternatus|Sludge Bomb|p2a: Xerneas
|-supereffective|p2a: Xerneas
|-damage|p2a: Xerneas|14/100
|-status|p2a: Xerneas|psn
|move|p2a: Xerneas|Moonblast|p1a: Eternatus
|-damage|p1a: Eternatus|22/100
|
|-damage|p2a: Xerneas|1/100 psn|[from] psn
|upkeep
|turn|48
|
|t:|1653511291
|move|p1a: Eternatus|Flamethrower|p2a: Xerneas
|-damage|p2a: Xerneas|0 fnt
|faint|p2a: Xerneas
|
|upkeep
|
|t:|1653511293
|switch|p2a: Necrozma|Necrozma-Dusk-Mane|29/100
|-damage|p2a: Necrozma|17/100|[from] Spikes
|-damage|p2a: Necrozma|11/100|[from] Stealth Rock
|turn|49
|
|t:|1653511295
|move|p1a: Eternatus|Flamethrower|p2a: Necrozma
|-supereffective|p2a: Necrozma
|-damage|p2a: Necrozma|0 fnt
|faint|p2a: Necrozma
|
|upkeep
|-message|ULT9NS Orchid forfeited.
|
|win|icarus's fall
|raw|icarus&apos;s fall's rating: 1595 &rarr; <strong>1614</strong><br />(+19 for winning)
|raw|ULT9NS Orchid's rating: 1581 &rarr; <strong>1562</strong><br />(-19 for losing)
|l|☆ULT9NS Orchid
