|j|☆Kage UwU
|j|☆TevelLoveRiba
|t:|1651854497
|gametype|singles
|player|p1|Kage UwU|169|1443
|player|p2|TevelLoveRiba|170|1277
|teamsize|p1|6
|teamsize|p2|6
|gen|8
|tier|[Gen 8] Ubers
|rated|
|rule|Sleep Clause Mod: Limit one foe put to sleep
|rule|Species Clause: Limit one of each Pokémon
|rule|OHKO Clause: OHKO moves are banned
|rule|Evasion Moves Clause: Evasion moves are banned
|rule|Endless Battle Clause: Forcing endless battles is banned
|rule|HP Percentage Mod: HP is shown in percentages
|rule|Dynamax Clause: You cannot dynamax
|clearpoke
|poke|p1|Yveltal|
|poke|p1|Dracovish|
|poke|p1|Blissey, F|
|poke|p1|Darmanitan-Galar, M|
|poke|p1|Ho-Oh|
|poke|p1|Landorus-Therian, M|
|poke|p2|Urshifu-*, F|
|poke|p2|Ho-Oh|
|poke|p2|Solgaleo|
|poke|p2|Yveltal|
|poke|p2|Eternatus|
|poke|p2|Palkia|
|teampreview
|inactive|Battle timer is ON: inactive players will automatically lose when time's up. (requested by Kage UwU)
|inactive|TevelLoveRiba has 120 seconds left.
|
|t:|1651854537
|start
|switch|p1a: ʕ°w°ʔ|Darmanitan-Galar, M|100/100
|switch|p2a: Palkia|Palkia|100/100
|-ability|p2a: Palkia|Pressure
|turn|1
|
|t:|1651854551
|switch|p2a: Ho-Oh|Ho-Oh|100/100
|move|p1a: ʕ°w°ʔ|U-turn|p2a: Ho-Oh
|-resisted|p2a: Ho-Oh
|-damage|p2a: Ho-Oh|94/100
|
|t:|1651854556
|switch|p1a: (￣▽￣;)|Dracovish|100/100|[from]move: U-turn
|
|upkeep
|turn|2
|
|t:|1651854563
|switch|p2a: Palkia|Palkia|100/100
|-ability|p2a: Palkia|Pressure
|move|p1a: (￣▽￣;)|Fishious Rend|p2a: Palkia
|-resisted|p2a: Palkia
|-damage|p2a: Palkia|72/100
|
|upkeep
|turn|3
|
|t:|1651854573
|switch|p1a: ☜╮(´ิ∀´ิ☜╮)|Blissey, F|100/100
|move|p2a: Palkia|Spacial Rend|p1a: ☜╮(´ิ∀´ิ☜╮)
|-damage|p1a: ☜╮(´ิ∀´ิ☜╮)|75/100
|
|upkeep
|turn|4
|
|t:|1651854581
|switch|p2a: Urshifu|Urshifu, F|100/100
|move|p1a: ☜╮(´ิ∀´ิ☜╮)|Soft-Boiled|p1a: ☜╮(´ิ∀´ิ☜╮)
|-heal|p1a: ☜╮(´ิ∀´ิ☜╮)|100/100
|
|upkeep
|turn|5
|
|t:|1651854587
|switch|p1a: (っ´ω`ｃ)|Ho-Oh|100/100
|move|p2a: Urshifu|Wicked Blow|p1a: (っ´ω`ｃ)
|-crit|p1a: (っ´ω`ｃ)
|-damage|p1a: (っ´ω`ｃ)|27/100
|
|upkeep
|turn|6
|
|t:|1651854597
|switch|p2a: Eternatus|Eternatus|100/100
|-ability|p2a: Eternatus|Pressure
|switch|p1a: し( '∀' )J|Yveltal|100/100
|-ability|p1a: し( '∀' )J|Dark Aura
|
|upkeep
|turn|7
|
|t:|1651854606
|move|p2a: Eternatus|Meteor Beam||[still]
|-prepare|p2a: Eternatus|Meteor Beam
|-boost|p2a: Eternatus|spa|1
|-enditem|p2a: Eternatus|Power Herb
|-anim|p2a: Eternatus|Meteor Beam|p1a: し( '∀' )J
|-supereffective|p1a: し( '∀' )J
|-damage|p1a: し( '∀' )J|14/100
|move|p1a: し( '∀' )J|U-turn|p2a: Eternatus
|-resisted|p2a: Eternatus
|-damage|p2a: Eternatus|92/100
|
|t:|1651854614
|switch|p1a: (･∀･)|Landorus-Therian, M|100/100|[from]move: U-turn
|-ability|p1a: (･∀･)|Intimidate|boost
|-unboost|p2a: Eternatus|atk|1
|
|upkeep
|turn|8
|
|t:|1651854627
|switch|p2a: Urshifu|Urshifu, F|100/100
|move|p1a: (･∀･)|Earthquake|p2a: Urshifu
|-damage|p2a: Urshifu|43/100
|
|upkeep
|turn|9
|
|t:|1651854636
|switch|p1a: (っ´ω`ｃ)|Ho-Oh|60/100
|move|p2a: Urshifu|Sucker Punch||[still]
|-fail|p2a: Urshifu
|
|upkeep
|turn|10
|
|t:|1651854648
|switch|p2a: Palkia|Palkia|72/100
|-ability|p2a: Palkia|Pressure
|move|p1a: (っ´ω`ｃ)|Brave Bird|p2a: Palkia
|-damage|p2a: Palkia|22/100
|-damage|p1a: (っ´ω`ｃ)|47/100|[from] Recoil
|
|upkeep
|turn|11
|
|t:|1651854657
|switch|p1a: ☜╮(´ิ∀´ิ☜╮)|Blissey, F|100/100
|move|p2a: Palkia|Hydro Pump|p1a: ☜╮(´ิ∀´ิ☜╮)
|-damage|p1a: ☜╮(´ิ∀´ิ☜╮)|76/100
|
|upkeep
|turn|12
|
|t:|1651854664
|switch|p2a: Urshifu|Urshifu, F|43/100
|move|p1a: ☜╮(´ิ∀´ิ☜╮)|Teleport|p1a: ☜╮(´ิ∀´ิ☜╮)
|
|t:|1651854668
|switch|p1a: (￣▽￣;)|Dracovish|100/100|[from]move: Teleport
|
|upkeep
|turn|13
|
|t:|1651854671
|move|p2a: Urshifu|Sucker Punch|p1a: (￣▽￣;)
|-damage|p1a: (￣▽￣;)|38/100
|move|p1a: (￣▽￣;)|Fishious Rend|p2a: Urshifu
|-damage|p2a: Urshifu|0 fnt
|faint|p2a: Urshifu
|
|upkeep
|
|t:|1651854677
|switch|p2a: Palkia|Palkia|22/100
|-ability|p2a: Palkia|Pressure
|turn|14
|
|t:|1651854684
|switch|p2a: Yveltal|Yveltal|100/100
|-ability|p2a: Yveltal|Dark Aura
|move|p1a: (￣▽￣;)|Fishious Rend|p2a: Yveltal
|-damage|p2a: Yveltal|0 fnt
|faint|p2a: Yveltal
|
|upkeep
|-message|TevelLoveRiba forfeited.
|
|win|Kage UwU
|raw|Kage UwU's rating: 1443 &rarr; <strong>1454</strong><br />(+11 for winning)
|raw|TevelLoveRiba's rating: 1277 &rarr; <strong>1263</strong><br />(-14 for losing)
|l|☆TevelLoveRiba
|l|☆Kage UwU
||Ladder isn't responding, score probably updated but might not have (Request timeout).
