|j|☆ICVR
|j|☆ismakhil*-*
|t:|1625002260
|gametype|singles
|player|p1|ICVR|ethan|
|player|p2|ismakhil*-*|morty|
|teamsize|p1|6
|teamsize|p2|6
|gen|8
|tier|[Gen 8] Ubers
|rule|Sleep Clause Mod: Limit one foe put to sleep
|rule|Species Clause: Limit one of each Pokémon
|rule|OHKO Clause: OHKO moves are banned
|rule|Evasion Moves Clause: Evasion moves are banned
|rule|Endless Battle Clause: Forcing endless battles is banned
|rule|HP Percentage Mod: HP is shown in percentages
|rule|Dynamax Clause: You cannot dynamax
|clearpoke
|poke|p1|Aerodactyl, M|
|poke|p1|Dracovish|
|poke|p1|Necrozma-Dusk-Mane|
|poke|p1|Yveltal|
|poke|p1|Eternatus|
|poke|p1|Marshadow|
|poke|p2|Groudon|
|poke|p2|Eternatus|
|poke|p2|Necrozma-Dusk-Mane|
|poke|p2|Yveltal|
|poke|p2|Zygarde|
|poke|p2|Ho-Oh|
|teampreview
|inactive|Battle timer is ON: inactive players will automatically lose when time's up. (requested by ICVR)
|inactive|ICVR has 270 seconds left.
|inactive|ismakhil*-* has 270 seconds left.
|j| Neco0s
|c|☆ICVR|hf
|
|t:|1625002320
|start
|switch|p1a: Aerodactyl|Aerodactyl, M|100/100
|switch|p2a: Necrozma|Necrozma-Dusk-Mane|100/100
|-ability|p1a: Aerodactyl|Pressure
|turn|1
|c|☆ismakhil*-*|hf
|j| Pheooo
|j| ironwater@!
|
|t:|1625002333
|move|p1a: Aerodactyl|Taunt|p2a: Necrozma
|-start|p2a: Necrozma|move: Taunt
|move|p2a: Necrozma|Iron Head|p1a: Aerodactyl
|-supereffective|p1a: Aerodactyl
|-enditem|p1a: Aerodactyl|Focus Sash
|-damage|p1a: Aerodactyl|1/100
|
|upkeep
|turn|2
|j| wallaPerdPasInder
|
|t:|1625002339
|move|p1a: Aerodactyl|Stealth Rock|p2a: Necrozma
|-sidestart|p2: ismakhil*-*|move: Stealth Rock
|move|p2a: Necrozma|Iron Head|p1a: Aerodactyl
|-supereffective|p1a: Aerodactyl
|-damage|p1a: Aerodactyl|0 fnt
|faint|p1a: Aerodactyl
|
|upkeep
|
|t:|1625002354
|switch|p1a: Dracovish|Dracovish|100/100
|turn|3
|
|t:|1625002359
|switch|p2a: Eternatus|Eternatus|100/100
|-damage|p2a: Eternatus|88/100|[from] Stealth Rock
|-ability|p2a: Eternatus|Pressure
|move|p1a: Dracovish|Fishious Rend|p2a: Eternatus
|-resisted|p2a: Eternatus
|-damage|p2a: Eternatus|29/100
|-enditem|p2a: Eternatus|Sitrus Berry|[eat]
|-heal|p2a: Eternatus|54/100|[from] item: Sitrus Berry
|
|upkeep
|turn|4
|
|t:|1625002367
|switch|p1a: Necrozma|Necrozma-Dusk-Mane|100/100
|move|p2a: Eternatus|Recover|p2a: Eternatus
|-heal|p2a: Eternatus|100/100
|
|upkeep
|turn|5
|
|t:|1625002374
|switch|p2a: Zygarde|Zygarde|100/100
|-damage|p2a: Zygarde|94/100|[from] Stealth Rock
|switch|p1a: Eternatus|Eternatus|100/100
|-ability|p1a: Eternatus|Pressure
|
|-heal|p2a: Zygarde|100/100|[from] item: Leftovers
|upkeep
|turn|6
|j| Gt0x
|
|t:|1625002388
|switch|p1a: Yveltal|Yveltal|100/100
|-ability|p1a: Yveltal|Dark Aura
|switch|p2a: Necrozma|Necrozma-Dusk-Mane|100/100
|-damage|p2a: Necrozma|94/100|[from] Stealth Rock
|
|-heal|p2a: Necrozma|100/100|[from] item: Leftovers
|upkeep
|turn|7
|
|t:|1625002391
|switch|p2a: Eternatus|Eternatus|100/100
|-damage|p2a: Eternatus|88/100|[from] Stealth Rock
|-ability|p2a: Eternatus|Pressure
|move|p1a: Yveltal|Taunt|p2a: Eternatus
|-start|p2a: Eternatus|move: Taunt
|
|upkeep
|turn|8
|
|t:|1625002400
|move|p1a: Yveltal|Knock Off|p2a: Eternatus
|-damage|p2a: Eternatus|51/100
|move|p2a: Eternatus|Dragon Tail|p1a: Yveltal
|-damage|p1a: Yveltal|86/100
|drag|p1a: Marshadow|Marshadow|100/100
|
|upkeep
|turn|9
|
|t:|1625002414
|switch|p1a: Eternatus|Eternatus|100/100
|-ability|p1a: Eternatus|Pressure
|switch|p2a: Zygarde|Zygarde|100/100
|-damage|p2a: Zygarde|94/100|[from] Stealth Rock
|
|-heal|p2a: Zygarde|100/100|[from] item: Leftovers
|upkeep
|turn|10
|
|t:|1625002419
|switch|p2a: Necrozma|Necrozma-Dusk-Mane|100/100
|-damage|p2a: Necrozma|94/100|[from] Stealth Rock
|move|p1a: Eternatus|Dynamax Cannon|p2a: Necrozma
|-resisted|p2a: Necrozma
|-damage|p2a: Necrozma|77/100
|
|-heal|p2a: Necrozma|83/100|[from] item: Leftovers
|upkeep
|turn|11
|
|t:|1625002429
|switch|p1a: Yveltal|Yveltal|86/100
|-ability|p1a: Yveltal|Dark Aura
|move|p2a: Necrozma|Thunder Wave|p1a: Yveltal
|-status|p1a: Yveltal|par
|
|-heal|p2a: Necrozma|89/100|[from] item: Leftovers
|upkeep
|turn|12
|
|t:|1625002436
|move|p2a: Necrozma|Stealth Rock|p1a: Yveltal
|-sidestart|p1: ICVR|move: Stealth Rock
|move|p1a: Yveltal|Knock Off|p2a: Necrozma
|-supereffective|p2a: Necrozma
|-damage|p2a: Necrozma|2/100
|-enditem|p2a: Necrozma|Leftovers|[from] move: Knock Off|[of] p1a: Yveltal
|
|upkeep
|turn|13
|
|t:|1625002440
|move|p2a: Necrozma|Morning Sun|p2a: Necrozma
|-heal|p2a: Necrozma|52/100
|move|p1a: Yveltal|Knock Off|p2a: Necrozma
|-supereffective|p2a: Necrozma
|-damage|p2a: Necrozma|0 fnt
|faint|p2a: Necrozma
|
|upkeep
|
|t:|1625002449
|switch|p2a: Groudon|Groudon|100/100
|-damage|p2a: Groudon|94/100|[from] Stealth Rock
|-weather|SunnyDay|[from] ability: Drought|[of] p2a: Groudon
|turn|14
|
|t:|1625002455
|move|p2a: Groudon|Stone Edge|p1a: Yveltal
|-supereffective|p1a: Yveltal
|-crit|p1a: Yveltal
|-damage|p1a: Yveltal|0 fnt
|faint|p1a: Yveltal
|
|-weather|SunnyDay|[upkeep]
|-heal|p2a: Groudon|100/100|[from] item: Leftovers
|upkeep
|c|☆ICVR|Bahah’
|
|t:|1625002477
|switch|p1a: Dracovish|Dracovish|100/100
|-damage|p1a: Dracovish|88/100|[from] Stealth Rock
|turn|15
|
|t:|1625002495
|move|p1a: Dracovish|Outrage|p2a: Groudon
|-damage|p2a: Groudon|48/100
|move|p2a: Groudon|Precipice Blades|p1a: Dracovish
|-damage|p1a: Dracovish|2/100
|
|-weather|SunnyDay|[upkeep]
|-heal|p2a: Groudon|54/100|[from] item: Leftovers
|upkeep
|turn|16
|j| Hats Uri
|inactive|ismakhil*-* has 270 seconds left.
|c| Hats Uri|LGI INDER
|c| Pheooo|15 ans et toutes ses dents
|c| Hats Uri|mdrrrrrr tg pheo :pensive:
|inactive|ismakhil*-* has 240 seconds left.
|j| Bekaray@!
|inactive|ismakhil*-* has 210 seconds left.
|
|t:|1625002597
|move|p1a: Dracovish|Outrage|p2a: Groudon|[from]lockedmove
|-damage|p2a: Groudon|7/100
|move|p2a: Groudon|Heat Crash|p1a: Dracovish
|-resisted|p1a: Dracovish
|-damage|p1a: Dracovish|0 fnt
|faint|p1a: Dracovish
|
|-weather|SunnyDay|[upkeep]
|-heal|p2a: Groudon|13/100|[from] item: Leftovers
|upkeep
|c| Pheooo|hats 14 ans joue encore a pokémon
|
|t:|1625002606
|switch|p1a: Eternatus|Eternatus|100/100
|-damage|p1a: Eternatus|88/100|[from] Stealth Rock
|-ability|p1a: Eternatus|Pressure
|turn|17
|c| ironwater|déjà*
|
|t:|1625002613
|move|p1a: Eternatus|Dynamax Cannon|p2a: Groudon
|-damage|p2a: Groudon|0 fnt
|faint|p2a: Groudon
|
|-weather|SunnyDay|[upkeep]
|upkeep
|
|t:|1625002620
|switch|p2a: Yveltal|Yveltal|100/100
|-damage|p2a: Yveltal|75/100|[from] Stealth Rock
|-ability|p2a: Yveltal|Dark Aura
|turn|18
|c| Hats Uri|o_o
|c| Pheooo|14 ans et il gache deja sa vi
|c| Pheooo|super
|
|t:|1625002642
|move|p2a: Yveltal|Knock Off|p1a: Eternatus
|-damage|p1a: Eternatus|44/100
|-enditem|p1a: Eternatus|Power Herb|[from] move: Knock Off|[of] p2a: Yveltal
|move|p1a: Eternatus|Dynamax Cannon|p2a: Yveltal
|-damage|p2a: Yveltal|33/100
|
|-weather|none
|upkeep
|turn|19
|c| ironwater|fais gaffe inder
|j| Uchicha
|c| Pheooo|alors que ironwater lui
|c| Pheooo|vrai homme
|c| Hats Uri|stop reveal mon âge pheo...
|c| Pheooo|28 ans
|c| ironwater|si tu perds jojos te bloque
|c| Pheooo|toujours sur poké
|
|t:|1625002653
|switch|p2a: Ho-Oh|Ho-Oh|100/100
|move|p1a: Eternatus|Dynamax Cannon|p2a: Ho-Oh
|-damage|p2a: Ho-Oh|68/100
|
|upkeep
|turn|20
|j|+Adri
|
|t:|1625002658
|move|p1a: Eternatus|Sludge Bomb|p2a: Ho-Oh
|-damage|p2a: Ho-Oh|40/100
|-status|p2a: Ho-Oh|psn
|move|p2a: Ho-Oh|Thunder Wave|p1a: Eternatus
|-status|p1a: Eternatus|par
|
|-damage|p2a: Ho-Oh|27/100 psn|[from] psn
|upkeep
|turn|21
|
|t:|1625002669
|switch|p2a: Eternatus|Eternatus|51/100
|-damage|p2a: Eternatus|39/100|[from] Stealth Rock
|-ability|p2a: Eternatus|Pressure
|cant|p1a: Eternatus|par
|
|upkeep
|turn|22
|
|t:|1625002678
|move|p2a: Eternatus|Mystical Fire|p1a: Eternatus
|-resisted|p1a: Eternatus
|-damage|p1a: Eternatus|34/100 par
|-unboost|p1a: Eternatus|spa|1
|move|p1a: Eternatus|Dynamax Cannon|p2a: Eternatus
|-supereffective|p2a: Eternatus
|-damage|p2a: Eternatus|0 fnt
|faint|p2a: Eternatus
|
|upkeep
|
|t:|1625002682
|switch|p2a: Zygarde|Zygarde|100/100
|-damage|p2a: Zygarde|94/100|[from] Stealth Rock
|turn|23
|
|t:|1625002689
|move|p2a: Zygarde|Thousand Arrows|p1a: Eternatus
|-supereffective|p1a: Eternatus
|-damage|p1a: Eternatus|0 fnt
|faint|p1a: Eternatus
|
|-heal|p2a: Zygarde|100/100|[from] item: Leftovers
|upkeep
|
|t:|1625002691
|switch|p1a: Necrozma|Necrozma-Dusk-Mane|100/100
|-damage|p1a: Necrozma|94/100|[from] Stealth Rock
|turn|24
|
|t:|1625002700
|move|p2a: Zygarde|Coil|p2a: Zygarde
|-boost|p2a: Zygarde|atk|1
|-boost|p2a: Zygarde|def|1
|-boost|p2a: Zygarde|accuracy|1
|move|p1a: Necrozma|Swords Dance|p1a: Necrozma
|-boost|p1a: Necrozma|atk|2
|
|upkeep
|turn|25
|
|t:|1625002712
|move|p2a: Zygarde|Thousand Arrows|p1a: Necrozma
|-supereffective|p1a: Necrozma
|-damage|p1a: Necrozma|42/100
|-enditem|p1a: Necrozma|Weakness Policy
|-boost|p1a: Necrozma|atk|2|[from] item: Weakness Policy
|-boost|p1a: Necrozma|spa|2|[from] item: Weakness Policy
|move|p1a: Necrozma|Swords Dance|p1a: Necrozma
|-boost|p1a: Necrozma|atk|2
|
|upkeep
|turn|26
|inactive|ismakhil*-* has 270 seconds left.
|
|t:|1625002720
|move|p2a: Zygarde|Thousand Arrows|p1a: Necrozma
|-supereffective|p1a: Necrozma
|-damage|p1a: Necrozma|0 fnt
|faint|p1a: Necrozma
|
|upkeep
|
|t:|1625002727
|switch|p1a: Marshadow|Marshadow|100/100
|-damage|p1a: Marshadow|94/100|[from] Stealth Rock
|turn|27
|
|t:|1625002734
|switch|p2a: Yveltal|Yveltal|33/100
|-damage|p2a: Yveltal|8/100|[from] Stealth Rock
|-ability|p2a: Yveltal|Dark Aura
|move|p1a: Marshadow|Bulk Up|p1a: Marshadow
|-boost|p1a: Marshadow|atk|1
|-boost|p1a: Marshadow|def|1
|
|upkeep
|turn|28
|
|t:|1625002740
|move|p1a: Marshadow|Shadow Sneak|p2a: Yveltal
|-resisted|p2a: Yveltal
|-damage|p2a: Yveltal|0 fnt
|faint|p2a: Yveltal
|-damage|p1a: Marshadow|84/100|[from] item: Life Orb
|
|upkeep
|
|t:|1625002743
|switch|p2a: Ho-Oh|Ho-Oh|60/100 psn
|turn|29
|
|t:|1625002746
|move|p1a: Marshadow|Spectral Thief|p2a: Ho-Oh
|-damage|p2a: Ho-Oh|3/100 psn
|-damage|p1a: Marshadow|74/100|[from] item: Life Orb
|move|p2a: Ho-Oh|Sacred Fire|p1a: Marshadow
|-damage|p1a: Marshadow|37/100
|-status|p1a: Marshadow|brn
|
|-damage|p2a: Ho-Oh|0 fnt|[from] psn
|faint|p2a: Ho-Oh
|-damage|p1a: Marshadow|30/100 brn|[from] brn
|upkeep
|
|t:|1625002750
|switch|p2a: Zygarde|Zygarde|100/100
|-damage|p2a: Zygarde|94/100|[from] Stealth Rock
|turn|30
|c|☆ismakhil*-*|gg
|c|☆ICVR|Eh bah
|
|t:|1625002758
|move|p1a: Marshadow|Bulk Up|p1a: Marshadow
|-boost|p1a: Marshadow|atk|1
|-boost|p1a: Marshadow|def|1
|move|p2a: Zygarde|Thousand Arrows|p1a: Marshadow
|-damage|p1a: Marshadow|10/100 brn
|
|-heal|p2a: Zygarde|100/100|[from] item: Leftovers
|-damage|p1a: Marshadow|4/100 brn|[from] brn
|upkeep
|turn|31
|
|t:|1625002763
|move|p1a: Marshadow|Close Combat|p2a: Zygarde
|-damage|p2a: Zygarde|60/100
|-unboost|p1a: Marshadow|def|1
|-unboost|p1a: Marshadow|spd|1
|-damage|p1a: Marshadow|0 fnt|[from] item: Life Orb
|faint|p1a: Marshadow
|
|win|ismakhil*-*
|l| Pheooo
