|raw|<div class="broadcast-blue"><strong>This battle is required to be public due to a player having a name starting with 'ULT8RQ'.</div>
|j|☆ult8rq qian
|j|☆ult8rq teqoufi
|t:|1621081739
|gametype|singles
|player|p1|ult8rq qian|170|1687
|player|p2|ult8rq teqoufi|hilda|1566
|teamsize|p1|6
|teamsize|p2|6
|gen|8
|tier|[Gen 8] Ubers
|rated|
|rule|Sleep Clause Mod: Limit one foe put to sleep
|rule|Species Clause: Limit one of each Pokémon
|rule|OHKO Clause: OHKO moves are banned
|rule|Evasion Moves Clause: Evasion moves are banned
|rule|Endless Battle Clause: Forcing endless battles is banned
|rule|HP Percentage Mod: HP is shown in percentages
|rule|Dynamax Clause: You cannot dynamax
|clearpoke
|poke|p1|Ho-Oh|
|poke|p1|Yveltal|
|poke|p1|Palkia|
|poke|p1|Necrozma-Dusk-Mane|
|poke|p1|Zacian-*|
|poke|p1|Lunala|
|poke|p2|Tangrowth, M|
|poke|p2|Excadrill, M|
|poke|p2|Marshadow|
|poke|p2|Tyranitar, M|
|poke|p2|Necrozma-Dusk-Mane|
|poke|p2|Ferrothorn, F|
|teampreview
|
|t:|1621081750
|start
|switch|p1a: Zacian|Zacian|100/100
|switch|p2a: Tyranitar|Tyranitar, M|100/100
|-ability|p1a: Zacian|Intrepid Sword|boost
|-boost|p1a: Zacian|atk|1
|-weather|Sandstorm|[from] ability: Sand Stream|[of] p2a: Tyranitar
|turn|1
|inactive|Battle timer is ON: inactive players will automatically lose when time's up. (requested by ult8rq teqoufi)
|j| plat27
|j| Holy ray of light
|
|t:|1621081758
|switch|p2a: Tangrowth|Tangrowth, M|100/100
|move|p1a: Zacian|Play Rough|p2a: Tangrowth
|-damage|p2a: Tangrowth|43/100
|-damage|p1a: Zacian|84/100|[from] item: Rocky Helmet|[of] p2a: Tangrowth
|
|-weather|Sandstorm|[upkeep]
|-damage|p1a: Zacian|78/100|[from] Sandstorm
|-damage|p2a: Tangrowth|37/100|[from] Sandstorm
|upkeep
|turn|2
|
|t:|1621081764
|switch|p1a: Ho-Oh|Ho-Oh|100/100
|move|p2a: Tangrowth|Sleep Powder|p1a: Ho-Oh
|-status|p1a: Ho-Oh|slp|[from] move: Sleep Powder
|
|-weather|Sandstorm|[upkeep]
|-damage|p1a: Ho-Oh|94/100 slp|[from] Sandstorm
|-damage|p2a: Tangrowth|31/100|[from] Sandstorm
|upkeep
|turn|3
|
|t:|1621081767
|switch|p2a: Tyranitar|Tyranitar, M|100/100
|cant|p1a: Ho-Oh|slp
|
|-weather|Sandstorm|[upkeep]
|-damage|p1a: Ho-Oh|88/100 slp|[from] Sandstorm
|upkeep
|turn|4
|l| plat27
|
|t:|1621081771
|cant|p1a: Ho-Oh|slp
|move|p2a: Tyranitar|Stealth Rock|p1a: Ho-Oh
|-sidestart|p1: ult8rq qian|move: Stealth Rock
|
|-weather|Sandstorm|[upkeep]
|-damage|p1a: Ho-Oh|82/100 slp|[from] Sandstorm
|upkeep
|turn|5
|
|t:|1621081773
|cant|p1a: Ho-Oh|slp
|move|p2a: Tyranitar|Rock Slide|p1a: Ho-Oh
|-supereffective|p1a: Ho-Oh
|-damage|p1a: Ho-Oh|0 fnt
|faint|p1a: Ho-Oh
|
|-weather|none
|upkeep
|
|t:|1621081775
|switch|p1a: Necrozma|Necrozma-Dusk-Mane|100/100
|-damage|p1a: Necrozma|94/100|[from] Stealth Rock
|turn|6
|
|t:|1621081778
|switch|p2a: Ferrothorn|Ferrothorn, F|100/100
|move|p1a: Necrozma|Stealth Rock|p2a: Ferrothorn
|-sidestart|p2: ult8rq teqoufi|move: Stealth Rock
|
|upkeep
|turn|7
|
|t:|1621081781
|switch|p1a: Palkia|Palkia|100/100
|-damage|p1a: Palkia|88/100|[from] Stealth Rock
|-ability|p1a: Palkia|Pressure
|move|p2a: Ferrothorn|Spikes|p1a: Palkia
|-sidestart|p1: ult8rq qian|Spikes
|
|upkeep
|turn|8
|
|t:|1621081785
|switch|p2a: Tyranitar|Tyranitar, M|100/100
|-damage|p2a: Tyranitar|88/100|[from] Stealth Rock
|-weather|Sandstorm|[from] ability: Sand Stream|[of] p2a: Tyranitar
|move|p1a: Palkia|Fire Blast|p2a: Tyranitar
|-resisted|p2a: Tyranitar
|-damage|p2a: Tyranitar|79/100
|
|-weather|Sandstorm|[upkeep]
|-damage|p1a: Palkia|82/100|[from] Sandstorm
|-heal|p2a: Tyranitar|85/100|[from] item: Leftovers
|upkeep
|turn|9
|
|t:|1621081787
|move|p1a: Palkia|Hydro Pump|p2a: Tyranitar
|-supereffective|p2a: Tyranitar
|-crit|p2a: Tyranitar
|-damage|p2a: Tyranitar|0 fnt
|faint|p2a: Tyranitar
|
|-weather|Sandstorm|[upkeep]
|-damage|p1a: Palkia|76/100|[from] Sandstorm
|upkeep
|c|☆ult8rq teqoufi|ZJEBYTIOIEF4JHIHEF6OI?Y
|
|t:|1621081792
|switch|p2a: Marshadow|Marshadow|100/100
|-damage|p2a: Marshadow|94/100|[from] Stealth Rock
|turn|10
|
|t:|1621081795
|switch|p1a: Yveltal|Yveltal|100/100
|-ability|p1a: Yveltal|Dark Aura
|move|p2a: Marshadow|Poltergeist|p1a: Yveltal
|-activate|p1a: Yveltal|move: Poltergeist|Heavy-Duty Boots
|-resisted|p1a: Yveltal
|-damage|p1a: Yveltal|72/100
|
|-weather|Sandstorm|[upkeep]
|-damage|p2a: Marshadow|88/100|[from] Sandstorm
|-damage|p1a: Yveltal|66/100|[from] Sandstorm
|upkeep
|turn|11
|
|t:|1621081800
|switch|p2a: Tangrowth|Tangrowth, M|64/100
|-damage|p2a: Tangrowth|52/100|[from] Stealth Rock
|move|p1a: Yveltal|Roost|p1a: Yveltal
|-heal|p1a: Yveltal|100/100
|-singleturn|p1a: Yveltal|move: Roost
|
|-weather|Sandstorm|[upkeep]
|-damage|p1a: Yveltal|94/100|[from] Sandstorm
|-damage|p2a: Tangrowth|46/100|[from] Sandstorm
|upkeep
|turn|12
|
|t:|1621081803
|switch|p1a: Lunala|Lunala|100/100
|move|p2a: Tangrowth|Sleep Powder|p1a: Lunala
|-status|p1a: Lunala|slp|[from] move: Sleep Powder
|
|-weather|none
|upkeep
|turn|13
|
|t:|1621081807
|switch|p1a: Palkia|Palkia|76/100
|-damage|p1a: Palkia|63/100|[from] Stealth Rock
|-damage|p1a: Palkia|51/100|[from] Spikes
|-ability|p1a: Palkia|Pressure
|move|p2a: Tangrowth|Leech Seed|p1a: Palkia
|-start|p1a: Palkia|move: Leech Seed
|
|-damage|p1a: Palkia|38/100|[from] Leech Seed|[of] p2a: Tangrowth
|-heal|p2a: Tangrowth|55/100|[silent]
|upkeep
|turn|14
|
|t:|1621081812
|switch|p2a: Necrozma|Necrozma-Dusk-Mane|100/100
|-damage|p2a: Necrozma|94/100|[from] Stealth Rock
|move|p1a: Palkia|Fire Blast|p2a: Necrozma|[miss]
|-miss|p1a: Palkia|p2a: Necrozma
|
|-heal|p2a: Necrozma|100/100|[from] item: Leftovers
|-damage|p1a: Palkia|26/100|[from] Leech Seed|[of] p2a: Necrozma
|upkeep
|turn|15
|
|t:|1621081816
|switch|p1a: Yveltal|Yveltal|94/100
|-ability|p1a: Yveltal|Dark Aura
|move|p2a: Necrozma|Sunsteel Strike|p1a: Yveltal
|-damage|p1a: Yveltal|50/100
|
|upkeep
|turn|16
|
|t:|1621081825
|switch|p2a: Tangrowth|Tangrowth, M|89/100
|-damage|p2a: Tangrowth|76/100|[from] Stealth Rock
|move|p1a: Yveltal|Roost|p1a: Yveltal
|-heal|p1a: Yveltal|99/100
|-singleturn|p1a: Yveltal|move: Roost
|
|upkeep
|turn|17
|
|t:|1621081828
|move|p1a: Yveltal|Defog|p2a: Tangrowth
|-unboost|p2a: Tangrowth|evasion|1
|-sideend|p2: ult8rq teqoufi|Stealth Rock|[from] move: Defog|[of] p1a: Yveltal
|-sideend|p1: ult8rq qian|Spikes|[from] move: Defog|[of] p1a: Yveltal
|-sideend|p1: ult8rq qian|Stealth Rock|[from] move: Defog|[of] p1a: Yveltal
|move|p2a: Tangrowth|Leech Seed|p1a: Yveltal
|-start|p1a: Yveltal|move: Leech Seed
|
|-damage|p1a: Yveltal|87/100|[from] Leech Seed|[of] p2a: Tangrowth
|-heal|p2a: Tangrowth|90/100|[silent]
|upkeep
|turn|18
|
|t:|1621081830
|switch|p1a: Necrozma|Necrozma-Dusk-Mane|94/100
|move|p2a: Tangrowth|Leech Seed|p1a: Necrozma
|-start|p1a: Necrozma|move: Leech Seed
|
|-damage|p1a: Necrozma|82/100|[from] Leech Seed|[of] p2a: Tangrowth
|-heal|p2a: Tangrowth|100/100|[silent]
|upkeep
|turn|19
|
|t:|1621081834
|switch|p2a: Ferrothorn|Ferrothorn, F|100/100
|move|p1a: Necrozma|Stealth Rock|p2a: Ferrothorn
|-sidestart|p2: ult8rq teqoufi|move: Stealth Rock
|
|-damage|p1a: Necrozma|70/100|[from] Leech Seed|[of] p2a: Ferrothorn
|upkeep
|turn|20
|
|t:|1621081836
|switch|p1a: Zacian|Zacian|78/100
|-ability|p1a: Zacian|Intrepid Sword|boost
|-boost|p1a: Zacian|atk|1
|move|p2a: Ferrothorn|Spikes|p1a: Zacian
|-sidestart|p1: ult8rq qian|Spikes
|
|upkeep
|turn|21
|
|t:|1621081840
|move|p2a: Ferrothorn|Protect|p2a: Ferrothorn
|-singleturn|p2a: Ferrothorn|Protect
|move|p1a: Zacian|Close Combat|p2a: Ferrothorn
|-activate|p2a: Ferrothorn|move: Protect
|
|upkeep
|turn|22
|
|t:|1621081843
|switch|p1a: Yveltal|Yveltal|87/100
|-ability|p1a: Yveltal|Dark Aura
|switch|p2a: Marshadow|Marshadow|88/100
|-damage|p2a: Marshadow|82/100|[from] Stealth Rock
|
|upkeep
|turn|23
|
|t:|1621081846
|switch|p2a: Tangrowth|Tangrowth, M|100/100
|-damage|p2a: Tangrowth|88/100|[from] Stealth Rock
|move|p1a: Yveltal|Foul Play|p2a: Tangrowth
|-crit|p2a: Tangrowth
|-damage|p2a: Tangrowth|54/100
|-damage|p1a: Yveltal|70/100|[from] item: Rocky Helmet|[of] p2a: Tangrowth
|
|upkeep
|turn|24
|
|t:|1621081848
|move|p1a: Yveltal|Foul Play|p2a: Tangrowth
|-damage|p2a: Tangrowth|31/100
|-damage|p1a: Yveltal|54/100|[from] item: Rocky Helmet|[of] p2a: Tangrowth
|move|p2a: Tangrowth|Leech Seed|p1a: Yveltal
|-start|p1a: Yveltal|move: Leech Seed
|
|-damage|p1a: Yveltal|41/100|[from] Leech Seed|[of] p2a: Tangrowth
|-heal|p2a: Tangrowth|45/100|[silent]
|upkeep
|turn|25
|j| KFC Chizza
|
|t:|1621081851
|move|p1a: Yveltal|Roost|p1a: Yveltal
|-heal|p1a: Yveltal|91/100
|-singleturn|p1a: Yveltal|move: Roost
|move|p2a: Tangrowth|Leech Seed||[still]
|-fail|p2a: Tangrowth
|
|-damage|p1a: Yveltal|79/100|[from] Leech Seed|[of] p2a: Tangrowth
|-heal|p2a: Tangrowth|59/100|[silent]
|upkeep
|turn|26
|
|t:|1621081856
|switch|p1a: Necrozma|Necrozma-Dusk-Mane|70/100
|-damage|p1a: Necrozma|58/100|[from] Spikes
|move|p2a: Tangrowth|Leech Seed|p1a: Necrozma
|-start|p1a: Necrozma|move: Leech Seed
|
|-damage|p1a: Necrozma|45/100|[from] Leech Seed|[of] p2a: Tangrowth
|-heal|p2a: Tangrowth|71/100|[silent]
|upkeep
|turn|27
|
|t:|1621081862
|switch|p2a: Excadrill|Excadrill, M|100/100
|-damage|p2a: Excadrill|97/100|[from] Stealth Rock
|-item|p2a: Excadrill|Air Balloon
|move|p1a: Necrozma|Morning Sun|p1a: Necrozma
|-heal|p1a: Necrozma|95/100
|
|-damage|p1a: Necrozma|83/100|[from] Leech Seed|[of] p2a: Excadrill
|-heal|p2a: Excadrill|100/100|[silent]
|upkeep
|turn|28
|
|t:|1621081866
|switch|p1a: Lunala|Lunala|100/100 slp
|move|p2a: Excadrill|Earthquake|p1a: Lunala
|-damage|p1a: Lunala|76/100 slp
|
|upkeep
|turn|29
|
|t:|1621081870
|cant|p1a: Lunala|slp
|move|p2a: Excadrill|Earthquake|p1a: Lunala
|-damage|p1a: Lunala|32/100 slp
|
|upkeep
|turn|30
|
|t:|1621081872
|-curestatus|p1a: Lunala|slp|[msg]
|move|p1a: Lunala|Will-O-Wisp|p2a: Excadrill
|-status|p2a: Excadrill|brn
|move|p2a: Excadrill|Earthquake|p1a: Lunala
|-damage|p1a: Lunala|8/100
|
|-damage|p2a: Excadrill|94/100 brn|[from] brn
|upkeep
|turn|31
|c|☆ult8rq teqoufi|COMER OOOOOOOOOOON
|c|☆ult8rq teqoufi|324RRYTUBRU2D54TUF6Y4TIGR
|
|t:|1621081878
|switch|p2a: Marshadow|Marshadow|82/100
|-damage|p2a: Marshadow|76/100|[from] Stealth Rock
|move|p1a: Lunala|Roost|p1a: Lunala
|-heal|p1a: Lunala|58/100
|-singleturn|p1a: Lunala|move: Roost
|
|upkeep
|turn|32
|
|t:|1621081883
|move|p2a: Marshadow|Rock Tomb|p1a: Lunala
|-crit|p1a: Lunala
|-damage|p1a: Lunala|17/100
|-unboost|p1a: Lunala|spe|1
|move|p1a: Lunala|Will-O-Wisp|p2a: Marshadow
|-status|p2a: Marshadow|brn
|
|-damage|p2a: Marshadow|69/100 brn|[from] brn
|upkeep
|turn|33
|
|t:|1621081894
|move|p2a: Marshadow|Rock Tomb|p1a: Lunala
|-damage|p1a: Lunala|4/100
|-unboost|p1a: Lunala|spe|1
|move|p1a: Lunala|Roost|p1a: Lunala
|-heal|p1a: Lunala|54/100
|-singleturn|p1a: Lunala|move: Roost
|
|-damage|p2a: Marshadow|63/100 brn|[from] brn
|upkeep
|turn|34
|
|t:|1621081897
|move|p2a: Marshadow|Poltergeist|p1a: Lunala
|-activate|p1a: Lunala|move: Poltergeist|Heavy-Duty Boots
|-supereffective|p1a: Lunala
|-damage|p1a: Lunala|0 fnt
|faint|p1a: Lunala
|
|-damage|p2a: Marshadow|57/100 brn|[from] brn
|upkeep
|
|t:|1621081900
|switch|p1a: Yveltal|Yveltal|79/100
|-ability|p1a: Yveltal|Dark Aura
|turn|35
|
|t:|1621081907
|switch|p2a: Tangrowth|Tangrowth, M|100/100
|-damage|p2a: Tangrowth|88/100|[from] Stealth Rock
|switch|p1a: Palkia|Palkia|26/100
|-damage|p1a: Palkia|13/100|[from] Spikes
|-ability|p1a: Palkia|Pressure
|
|upkeep
|turn|36
|
|t:|1621081911
|switch|p2a: Excadrill|Excadrill, M|94/100 brn
|-damage|p2a: Excadrill|91/100 brn|[from] Stealth Rock
|-item|p2a: Excadrill|Air Balloon
|move|p1a: Palkia|Fire Blast|p2a: Excadrill|[miss]
|-miss|p1a: Palkia|p2a: Excadrill
|
|-damage|p2a: Excadrill|85/100 brn|[from] brn
|upkeep
|turn|37
|
|t:|1621081916
|move|p2a: Excadrill|Rapid Spin|p1a: Palkia
|-damage|p1a: Palkia|4/100
|-boost|p2a: Excadrill|spe|1
|-sideend|p2: ult8rq teqoufi|Stealth Rock|[from] move: Rapid Spin|[of] p2a: Excadrill
|move|p1a: Palkia|Hydro Pump|p2a: Excadrill|[miss]
|-miss|p1a: Palkia|p2a: Excadrill
|
|-damage|p2a: Excadrill|79/100 brn|[from] brn
|upkeep
|turn|38
|
|t:|1621081922
|switch|p1a: Yveltal|Yveltal|79/100
|-ability|p1a: Yveltal|Dark Aura
|move|p2a: Excadrill|Rock Slide|p1a: Yveltal|[miss]
|-miss|p2a: Excadrill|p1a: Yveltal
|
|-damage|p2a: Excadrill|73/100 brn|[from] brn
|upkeep
|turn|39
|
|t:|1621081925
|switch|p2a: Tangrowth|Tangrowth, M|100/100
|switch|p1a: Necrozma|Necrozma-Dusk-Mane|83/100
|-damage|p1a: Necrozma|71/100|[from] Spikes
|
|upkeep
|turn|40
|
|t:|1621081928
|move|p1a: Necrozma|Stealth Rock|p2a: Tangrowth
|-sidestart|p2: ult8rq teqoufi|move: Stealth Rock
|move|p2a: Tangrowth|Sleep Powder|p1a: Necrozma
|-status|p1a: Necrozma|slp|[from] move: Sleep Powder
|
|upkeep
|turn|41
|
|t:|1621081931
|cant|p1a: Necrozma|slp
|move|p2a: Tangrowth|Leech Seed|p1a: Necrozma
|-start|p1a: Necrozma|move: Leech Seed
|
|-damage|p1a: Necrozma|58/100 slp|[from] Leech Seed|[of] p2a: Tangrowth
|upkeep
|turn|42
|
|t:|1621081933
|switch|p2a: Ferrothorn|Ferrothorn, F|100/100
|-damage|p2a: Ferrothorn|94/100|[from] Stealth Rock
|cant|p1a: Necrozma|slp
|
|-heal|p2a: Ferrothorn|100/100|[from] item: Leftovers
|-damage|p1a: Necrozma|46/100 slp|[from] Leech Seed|[of] p2a: Ferrothorn
|upkeep
|turn|43
|
|t:|1621081936
|-curestatus|p1a: Necrozma|slp|[msg]
|move|p1a: Necrozma|Morning Sun|p1a: Necrozma
|-heal|p1a: Necrozma|96/100
|move|p2a: Ferrothorn|Knock Off|p1a: Necrozma
|-supereffective|p1a: Necrozma
|-damage|p1a: Necrozma|72/100
|-damage|p2a: Ferrothorn|84/100|[from] item: Rocky Helmet|[of] p1a: Necrozma
|-enditem|p1a: Necrozma|Rocky Helmet|[from] move: Knock Off|[of] p2a: Ferrothorn
|
|-heal|p2a: Ferrothorn|90/100|[from] item: Leftovers
|-damage|p1a: Necrozma|60/100|[from] Leech Seed|[of] p2a: Ferrothorn
|-heal|p2a: Ferrothorn|100/100|[silent]
|upkeep
|turn|44
|
|t:|1621081938
|move|p1a: Necrozma|Knock Off|p2a: Ferrothorn
|-damage|p2a: Ferrothorn|76/100
|-damage|p1a: Necrozma|48/100|[from] ability: Iron Barbs|[of] p2a: Ferrothorn
|-enditem|p2a: Ferrothorn|Leftovers|[from] move: Knock Off|[of] p1a: Necrozma
|move|p2a: Ferrothorn|Spikes|p1a: Necrozma
|-sidestart|p1: ult8rq qian|Spikes
|
|-damage|p1a: Necrozma|35/100|[from] Leech Seed|[of] p2a: Ferrothorn
|-heal|p2a: Ferrothorn|90/100|[silent]
|upkeep
|turn|45
|
|t:|1621081942
|move|p1a: Necrozma|Morning Sun|p1a: Necrozma
|-heal|p1a: Necrozma|85/100
|move|p2a: Ferrothorn|Knock Off|p1a: Necrozma
|-supereffective|p1a: Necrozma
|-damage|p1a: Necrozma|70/100
|
|-damage|p1a: Necrozma|58/100|[from] Leech Seed|[of] p2a: Ferrothorn
|-heal|p2a: Ferrothorn|100/100|[silent]
|upkeep
|turn|46
|j| ULT8RQ gostop
|
|t:|1621081945
|switch|p1a: Palkia|Palkia|4/100
|-damage|p1a: Palkia|0 fnt|[from] Spikes
|faint|p1a: Palkia
|move|p2a: Ferrothorn|Knock Off|p1: Palkia|[notarget]
|-fail|p2a: Ferrothorn
|
|upkeep
|
|t:|1621081946
|switch|p1a: Zacian|Zacian|78/100
|-damage|p1a: Zacian|61/100|[from] Spikes
|-ability|p1a: Zacian|Intrepid Sword|boost
|-boost|p1a: Zacian|atk|1
|turn|47
|
|t:|1621081949
|move|p2a: Ferrothorn|Protect|p2a: Ferrothorn
|-singleturn|p2a: Ferrothorn|Protect
|move|p1a: Zacian|Close Combat|p2a: Ferrothorn
|-activate|p2a: Ferrothorn|move: Protect
|
|upkeep
|turn|48
|
|t:|1621081951
|switch|p2a: Tangrowth|Tangrowth, M|100/100
|-damage|p2a: Tangrowth|88/100|[from] Stealth Rock
|move|p1a: Zacian|Close Combat|p2a: Tangrowth
|-crit|p2a: Tangrowth
|-damage|p2a: Tangrowth|18/100
|-unboost|p1a: Zacian|def|1
|-unboost|p1a: Zacian|spd|1
|-damage|p1a: Zacian|44/100|[from] item: Rocky Helmet|[of] p2a: Tangrowth
|
|upkeep
|turn|49
|
|t:|1621081955
|switch|p1a: Yveltal|Yveltal|79/100
|-ability|p1a: Yveltal|Dark Aura
|switch|p2a: Marshadow|Marshadow|57/100 brn
|-damage|p2a: Marshadow|51/100 brn|[from] Stealth Rock
|
|-damage|p2a: Marshadow|44/100 brn|[from] brn
|upkeep
|turn|50
|
|t:|1621081957
|switch|p2a: Tangrowth|Tangrowth, M|51/100
|-damage|p2a: Tangrowth|39/100|[from] Stealth Rock
|move|p1a: Yveltal|Foul Play|p2a: Tangrowth
|-damage|p2a: Tangrowth|18/100
|-damage|p1a: Yveltal|62/100|[from] item: Rocky Helmet|[of] p2a: Tangrowth
|
|upkeep
|turn|51
|
|t:|1621081959
|switch|p2a: Ferrothorn|Ferrothorn, F|100/100
|-damage|p2a: Ferrothorn|94/100|[from] Stealth Rock
|move|p1a: Yveltal|Foul Play|p2a: Ferrothorn
|-crit|p2a: Ferrothorn
|-damage|p2a: Ferrothorn|44/100
|-damage|p1a: Yveltal|50/100|[from] ability: Iron Barbs|[of] p2a: Ferrothorn
|
|upkeep
|turn|52
|
|t:|1621081968
|move|p1a: Yveltal|Foul Play|p2a: Ferrothorn
|-damage|p2a: Ferrothorn|12/100
|-damage|p1a: Yveltal|37/100|[from] ability: Iron Barbs|[of] p2a: Ferrothorn
|move|p2a: Ferrothorn|Leech Seed|p1a: Yveltal
|-start|p1a: Yveltal|move: Leech Seed
|
|-damage|p1a: Yveltal|25/100|[from] Leech Seed|[of] p2a: Ferrothorn
|-heal|p2a: Ferrothorn|28/100|[silent]
|upkeep
|turn|53
|
|t:|1621081971
|switch|p1a: Zacian|Zacian|44/100
|-damage|p1a: Zacian|28/100|[from] Spikes
|-ability|p1a: Zacian|Intrepid Sword|boost
|-boost|p1a: Zacian|atk|1
|move|p2a: Ferrothorn|Protect||[still]
|-fail|p2a: Ferrothorn
|
|upkeep
|turn|54
|
|t:|1621081975
|move|p2a: Ferrothorn|Protect|p2a: Ferrothorn
|-singleturn|p2a: Ferrothorn|Protect
|move|p1a: Zacian|Play Rough|p2a: Ferrothorn
|-activate|p2a: Ferrothorn|move: Protect
|
|upkeep
|turn|55
|
|t:|1621081977
|switch|p2a: Necrozma|Necrozma-Dusk-Mane|100/100
|-damage|p2a: Necrozma|94/100|[from] Stealth Rock
|move|p1a: Zacian|Play Rough|p2a: Necrozma
|-resisted|p2a: Necrozma
|-damage|p2a: Necrozma|63/100
|
|-heal|p2a: Necrozma|69/100|[from] item: Leftovers
|upkeep
|turn|56
|
|t:|1621081981
|switch|p1a: Necrozma|Necrozma-Dusk-Mane|58/100
|-damage|p1a: Necrozma|41/100|[from] Spikes
|move|p2a: Necrozma|Morning Sun|p2a: Necrozma
|-heal|p2a: Necrozma|100/100
|
|upkeep
|turn|57
|
|t:|1621081983
|move|p2a: Necrozma|Swords Dance|p2a: Necrozma
|-boost|p2a: Necrozma|atk|2
|move|p1a: Necrozma|Morning Sun|p1a: Necrozma
|-heal|p1a: Necrozma|91/100
|
|upkeep
|turn|58
|
|t:|1621081986
|move|p2a: Necrozma|Sunsteel Strike|p1a: Necrozma
|-resisted|p1a: Necrozma
|-damage|p1a: Necrozma|51/100
|move|p1a: Necrozma|Knock Off|p2a: Necrozma
|-supereffective|p2a: Necrozma
|-damage|p2a: Necrozma|69/100
|-enditem|p2a: Necrozma|Leftovers|[from] move: Knock Off|[of] p1a: Necrozma
|
|upkeep
|turn|59
|
|t:|1621081988
|move|p1a: Necrozma|Morning Sun|p1a: Necrozma
|-heal|p1a: Necrozma|100/100
|move|p2a: Necrozma|Earthquake|p1a: Necrozma
|-supereffective|p1a: Necrozma
|-damage|p1a: Necrozma|26/100
|
|upkeep
|turn|60
|
|t:|1621081990
|move|p2a: Necrozma|Sunsteel Strike|p1a: Necrozma
|-resisted|p1a: Necrozma
|-damage|p1a: Necrozma|0 fnt
|faint|p1a: Necrozma
|
|upkeep
|
|t:|1621081992
|switch|p1a: Yveltal|Yveltal|25/100
|-ability|p1a: Yveltal|Dark Aura
|turn|61
|
|t:|1621081998
|switch|p2a: Excadrill|Excadrill, M|73/100 brn
|-damage|p2a: Excadrill|70/100 brn|[from] Stealth Rock
|-item|p2a: Excadrill|Air Balloon
|move|p1a: Yveltal|Foul Play|p2a: Excadrill
|-damage|p2a: Excadrill|0 fnt
|-enditem|p2a: Excadrill|Air Balloon
|faint|p2a: Excadrill
|
|upkeep
|
|t:|1621082001
|switch|p2a: Marshadow|Marshadow|44/100 brn
|-damage|p2a: Marshadow|38/100 brn|[from] Stealth Rock
|turn|62
|
|t:|1621082004
|move|p1a: Yveltal|Sucker Punch|p2a: Marshadow
|-damage|p2a: Marshadow|0 fnt
|faint|p2a: Marshadow
|
|upkeep
|
|t:|1621082005
|switch|p2a: Tangrowth|Tangrowth, M|51/100
|-damage|p2a: Tangrowth|38/100|[from] Stealth Rock
|turn|63
|
|t:|1621082007
|move|p1a: Yveltal|Roost|p1a: Yveltal
|-heal|p1a: Yveltal|75/100
|-singleturn|p1a: Yveltal|move: Roost
|move|p2a: Tangrowth|Sleep Powder|p1a: Yveltal
|-status|p1a: Yveltal|slp|[from] move: Sleep Powder
|
|upkeep
|turn|64
|
|t:|1621082010
|cant|p1a: Yveltal|slp
|move|p2a: Tangrowth|Leech Seed|p1a: Yveltal
|-start|p1a: Yveltal|move: Leech Seed
|
|-damage|p1a: Yveltal|62/100 slp|[from] Leech Seed|[of] p2a: Tangrowth
|-heal|p2a: Tangrowth|52/100|[silent]
|upkeep
|turn|65
|j| plat27
|
|t:|1621082013
|cant|p1a: Yveltal|slp
|move|p2a: Tangrowth|Grass Knot|p1a: Yveltal
|-resisted|p1a: Yveltal
|-damage|p1a: Yveltal|50/100 slp
|
|-damage|p1a: Yveltal|38/100 slp|[from] Leech Seed|[of] p2a: Tangrowth
|-heal|p2a: Tangrowth|67/100|[silent]
|upkeep
|turn|66
|
|t:|1621082015
|cant|p1a: Yveltal|slp
|move|p2a: Tangrowth|Sleep Powder|p1a: Yveltal
|-fail|p1a: Yveltal|slp
|
|-damage|p1a: Yveltal|25/100 slp|[from] Leech Seed|[of] p2a: Tangrowth
|-heal|p2a: Tangrowth|81/100|[silent]
|upkeep
|turn|67
|
|t:|1621082019
|-curestatus|p1a: Yveltal|slp|[msg]
|move|p1a: Yveltal|Foul Play|p2a: Tangrowth
|-damage|p2a: Tangrowth|56/100
|-damage|p1a: Yveltal|9/100|[from] item: Rocky Helmet|[of] p2a: Tangrowth
|move|p2a: Tangrowth|Sleep Powder|p1a: Yveltal
|-status|p1a: Yveltal|slp|[from] move: Sleep Powder
|
|-damage|p1a: Yveltal|0 fnt|[from] Leech Seed|[of] p2a: Tangrowth
|-heal|p2a: Tangrowth|65/100|[silent]
|faint|p1a: Yveltal
|upkeep
|
|t:|1621082020
|switch|p1a: Zacian|Zacian|28/100
|-damage|p1a: Zacian|11/100|[from] Spikes
|-ability|p1a: Zacian|Intrepid Sword|boost
|-boost|p1a: Zacian|atk|1
|turn|68
|j| ult8rq lunala
|c|☆ult8rq qian|u sure cry like a baby for a lucky ass kid
|
|t:|1621082035
|move|p1a: Zacian|Close Combat|p2a: Tangrowth
|-damage|p2a: Tangrowth|15/100
|-unboost|p1a: Zacian|def|1
|-unboost|p1a: Zacian|spd|1
|-damage|p1a: Zacian|0 fnt|[from] item: Rocky Helmet|[of] p2a: Tangrowth
|faint|p1a: Zacian
|
|win|ult8rq teqoufi
|raw|ult8rq qian's rating: 1687 &rarr; <strong>1659</strong><br />(-28 for losing)
|raw|ult8rq teqoufi's rating: 1550 &rarr; <strong>1578</strong><br />(+28 for winning)
|n|!ult8rq qian|ult8rqqian
|l| ult8rq lunala
|c|☆ult8rq teqoufi|bruh
|l|☆ult8rq teqoufi
|l|!ult8rq qian
|l| Holy ray of light
|l| plat27
|c| KFC Chizza|He is ICBB already, report him, he will get banned
