|j|☆ZenSpel
|j|☆Chunkomucho
|player|p1|ZenSpel|riley|1290
|player|p2|Chunkomucho|erika|1444
|teamsize|p1|6
|teamsize|p2|6
|gametype|singles
|gen|8
|tier|[Gen 8] Ubers
|rated|
|clearpoke
|poke|p1|Lunala|
|poke|p1|Marshadow|
|poke|p1|Zacian-Crowned|
|poke|p1|Jirachi|
|poke|p1|Zeraora|
|poke|p1|Ditto|
|poke|p2|Eternatus|
|poke|p2|Hatterene, F|
|poke|p2|Toxapex, M|
|poke|p2|Corviknight, M|
|poke|p2|Quagsire, M|
|poke|p2|Tyranitar, M|
|rule|Sleep Clause Mod: Limit one foe put to sleep
|rule|Species Clause: Limit one of each Pokémon
|rule|OHKO Clause: OHKO moves are banned
|rule|Evasion Moves Clause: Evasion moves are banned
|rule|Endless Battle Clause: Forcing endless battles is banned
|rule|HP Percentage Mod: HP is shown in percentages
|html|Ubers Dynamax Clause: Pokémon on the <a href="https://www.smogon.com/dex/ss/formats/uber/">Ubers Dynamax Banlist</a> cannot Dynamax.
|teampreview
|inactive|Battle timer is ON: inactive players will automatically lose when time's up. (requested by Chunkomucho)
|
|start
|switch|p1a: Jirachi|Jirachi, shiny|100/100
|switch|p2a: Tyranitar|Tyranitar, M|100/100
|-weather|Sandstorm|[from] ability: Sand Stream|[of] p2a: Tyranitar
|turn|1
|
|switch|p2a: Corviknight|Corviknight, M|100/100
|-ability|p2a: Corviknight|Pressure
|-start|p1a: Jirachi|Dynamax
|-heal|p1a: Jirachi|100/100|[silent]
|move|p1a: Jirachi|Max Steelspike|p2a: Corviknight
|-resisted|p2a: Corviknight
|-damage|p2a: Corviknight|78/100
|-boost|p1a: Jirachi|def|1
|
|-weather|Sandstorm|[upkeep]
|upkeep
|turn|2
|
|move|p1a: Jirachi|Max Lightning|p2a: Corviknight
|-supereffective|p2a: Corviknight
|-damage|p2a: Corviknight|28/100
|-fieldstart|move: Electric Terrain
|move|p2a: Corviknight|Roost|p2a: Corviknight
|-heal|p2a: Corviknight|78/100
|-singleturn|p2a: Corviknight|move: Roost
|
|-weather|Sandstorm|[upkeep]
|upkeep
|turn|3
|
|switch|p2a: Quagsire|Quagsire, M|100/100
|move|p1a: Jirachi|Max Steelspike|p2a: Quagsire
|-resisted|p2a: Quagsire
|-damage|p2a: Quagsire|72/100
|-boost|p1a: Jirachi|def|1
|
|-weather|Sandstorm|[upkeep]
|-end|p1a: Jirachi|Dynamax
|-heal|p1a: Jirachi|100/100|[silent]
|upkeep
|turn|4
|
|switch|p2a: Corviknight|Corviknight, M|78/100
|-ability|p2a: Corviknight|Pressure
|move|p1a: Jirachi|Cosmic Power|p1a: Jirachi
|-boost|p1a: Jirachi|def|1
|-boost|p1a: Jirachi|spd|1
|
|-weather|Sandstorm|[upkeep]
|upkeep
|turn|5
|
|move|p1a: Jirachi|Cosmic Power|p1a: Jirachi
|-boost|p1a: Jirachi|def|1
|-boost|p1a: Jirachi|spd|1
|move|p2a: Corviknight|U-turn|p1a: Jirachi
|-damage|p1a: Jirachi|96/100
|
|switch|p2a: Toxapex|Toxapex, M|100/100|[from]move: U-turn
|
|-weather|none
|-heal|p1a: Jirachi|100/100|[from] item: Leftovers
|upkeep
|turn|6
|
|move|p1a: Jirachi|Charge Beam|p2a: Toxapex|[miss]
|-miss|p1a: Jirachi|p2a: Toxapex
|move|p2a: Toxapex|Haze|p2a: Toxapex
|-clearallboost
|
|-fieldend|move: Electric Terrain
|upkeep
|turn|7
|
|move|p1a: Jirachi|Flash Cannon|p2a: Toxapex
|-resisted|p2a: Toxapex
|-damage|p2a: Toxapex|87/100
|move|p2a: Toxapex|Knock Off|p1a: Jirachi
|-supereffective|p1a: Jirachi
|-damage|p1a: Jirachi|78/100
|-enditem|p1a: Jirachi|Leftovers|[from] move: Knock Off|[of] p2a: Toxapex
|
|upkeep
|turn|8
|
|move|p1a: Jirachi|Charge Beam|p2a: Toxapex
|-supereffective|p2a: Toxapex
|-damage|p2a: Toxapex|67/100
|-boost|p1a: Jirachi|spa|1
|move|p2a: Toxapex|Scald|p1a: Jirachi
|-damage|p1a: Jirachi|64/100
|
|upkeep
|turn|9
|
|switch|p2a: Eternatus|Eternatus|100/100
|-ability|p2a: Eternatus|Pressure
|move|p1a: Jirachi|Psychic|p2a: Eternatus
|-supereffective|p2a: Eternatus
|-damage|p2a: Eternatus|7/100
|
|upkeep
|turn|10
|
|move|p2a: Eternatus|Flamethrower|p1a: Jirachi
|-supereffective|p1a: Jirachi
|-damage|p1a: Jirachi|0 fnt
|-damage|p2a: Eternatus|0 fnt|[from] item: Life Orb
|faint|p1a: Jirachi
|faint|p2a: Eternatus
|
|upkeep
|
|switch|p2a: Tyranitar|Tyranitar, M|100/100
|switch|p1a: Zeraora|Zeraora|100/100
|-weather|Sandstorm|[from] ability: Sand Stream|[of] p2a: Tyranitar
|turn|11
|j| mk314159
|
|switch|p2a: Quagsire|Quagsire, M|72/100
|move|p1a: Zeraora|Brick Break|p2a: Quagsire
|-damage|p2a: Quagsire|49/100
|-damage|p1a: Zeraora|91/100|[from] item: Life Orb
|
|-weather|Sandstorm|[upkeep]
|-damage|p1a: Zeraora|85/100|[from] Sandstorm
|upkeep
|turn|12
|
|move|p1a: Zeraora|Knock Off|p2a: Quagsire
|-damage|p2a: Quagsire|16/100
|-enditem|p2a: Quagsire|Shed Shell|[from] move: Knock Off|[of] p1a: Zeraora
|-damage|p1a: Zeraora|75/100|[from] item: Life Orb
|move|p2a: Quagsire|Recover|p2a: Quagsire
|-heal|p2a: Quagsire|66/100
|
|-weather|Sandstorm|[upkeep]
|-damage|p1a: Zeraora|69/100|[from] Sandstorm
|upkeep
|turn|13
|l| mk314159
|
|switch|p1a: Zacian|Zacian-Crowned|100/100
|-ability|p1a: Zacian|Intrepid Sword|boost
|-boost|p1a: Zacian|atk|1
|move|p2a: Quagsire|Earthquake|p1a: Zacian
|-supereffective|p1a: Zacian
|-damage|p1a: Zacian|47/100
|
|-weather|Sandstorm|[upkeep]
|upkeep
|turn|14
|
|move|p1a: Zacian|Behemoth Blade|p2a: Quagsire
|-resisted|p2a: Quagsire
|-damage|p2a: Quagsire|42/100
|move|p2a: Quagsire|Earthquake|p1a: Zacian
|-supereffective|p1a: Zacian
|-damage|p1a: Zacian|0 fnt
|faint|p1a: Zacian
|
|-weather|Sandstorm|[upkeep]
|upkeep
|
|switch|p1a: Marshadow|Marshadow|100/100
|turn|15
|
|switch|p2a: Corviknight|Corviknight, M|78/100
|-ability|p2a: Corviknight|Pressure
|move|p1a: Marshadow|Spectral Thief|p2a: Corviknight
|-damage|p2a: Corviknight|49/100
|-damage|p1a: Marshadow|84/100|[from] item: Rocky Helmet|[of] p2a: Corviknight
|
|-weather|none
|upkeep
|turn|16
|
|switch|p1a: Zeraora|Zeraora|69/100
|move|p2a: Corviknight|Roost|p2a: Corviknight
|-heal|p2a: Corviknight|99/100
|-singleturn|p2a: Corviknight|move: Roost
|
|upkeep
|turn|17
|
|switch|p2a: Quagsire|Quagsire, M|42/100
|move|p1a: Zeraora|Brick Break|p2a: Quagsire
|-damage|p2a: Quagsire|17/100
|-damage|p1a: Zeraora|59/100|[from] item: Life Orb
|
|upkeep
|turn|18
|
|move|p1a: Zeraora|Brick Break|p2a: Quagsire
|-damage|p2a: Quagsire|0 fnt
|-damage|p1a: Zeraora|50/100|[from] item: Life Orb
|faint|p2a: Quagsire
|
|upkeep
|
|switch|p2a: Himiko|Hatterene, F, shiny|100/100
|turn|19
|inactive|ZenSpel has 120 seconds left.
|
|move|p1a: Zeraora|Plasma Fists|p2a: Himiko
|-damage|p2a: Himiko|26/100
|-fieldactivate|move: Ion Deluge
|-damage|p1a: Zeraora|40/100|[from] item: Life Orb
|move|p2a: Himiko|Trick Room|p2a: Himiko
|-fieldstart|move: Trick Room|[of] p2a: Himiko
|
|upkeep
|turn|20
|
|-start|p2a: Himiko|Dynamax
|-formechange|p2a: Himiko|Hatterene-Gmax
|-heal|p2a: Himiko|26/100|[silent]
|move|p2a: Himiko|Max Mindstorm|p1a: Zeraora
|-damage|p1a: Zeraora|0 fnt
|-fieldstart|move: Psychic Terrain
|-damage|p2a: Himiko|21/100|[from] item: Life Orb
|faint|p1a: Zeraora
|
|upkeep
|inactive|ZenSpel has 120 seconds left.
|
|switch|p1a: Lunala|Lunala|100/100
|turn|21
|
|move|p2a: Himiko|G-Max Smite|p1a: Lunala
|-crit|p1a: Lunala
|-damage|p1a: Lunala|48/100
|-start|p1a: Lunala|confusion
|-damage|p2a: Himiko|16/100|[from] item: Life Orb
|-activate|p1a: Lunala|confusion
|-damage|p1a: Lunala|42/100|[from] confusion
|
|-heal|p1a: Lunala|48/100|[from] item: Leftovers
|upkeep
|turn|22
|
|move|p2a: Himiko|G-Max Smite|p1a: Lunala
|-damage|p1a: Lunala|0 fnt
|-damage|p2a: Himiko|11/100|[from] item: Life Orb
|faint|p1a: Lunala
|
|-end|p2a: Himiko|Dynamax
|-formechange|p2a: Himiko|Hatterene
|-heal|p2a: Himiko|11/100|[silent]
|upkeep
|inactive|ZenSpel has 120 seconds left.
|inactive|ZenSpel has 90 seconds left.
|
|switch|p1a: Ditto|Ditto, shiny|100/100
|-transform|p1a: Ditto|p2a: Himiko|[from] ability: Imposter
|turn|23
|
|move|p2a: Himiko|Mystical Fire|p1a: Ditto
|-damage|p1a: Ditto|49/100
|-unboost|p1a: Ditto|spa|1
|-damage|p2a: Himiko|1/100|[from] item: Life Orb
|move|p1a: Ditto|Dazzling Gleam|p2a: Himiko
|-damage|p2a: Himiko|0 fnt
|faint|p2a: Himiko
|
|-fieldend|move: Trick Room
|upkeep
|
|switch|p2a: Corviknight|Corviknight, M|99/100
|-ability|p2a: Corviknight|Pressure
|turn|24
|
|switch|p1a: Marshadow|Marshadow|84/100
|move|p2a: Corviknight|U-turn|p1a: Marshadow
|-resisted|p1a: Marshadow
|-damage|p1a: Marshadow|80/100
|
|switch|p2a: Toxapex|Toxapex, M|99/100|[from]move: U-turn
|
|-fieldend|move: Psychic Terrain
|upkeep
|turn|25
|
|move|p1a: Marshadow|Spectral Thief|p2a: Toxapex
|-damage|p2a: Toxapex|69/100
|move|p2a: Toxapex|Scald|p1a: Marshadow
|-damage|p1a: Marshadow|59/100
|-status|p1a: Marshadow|brn
|
|-damage|p1a: Marshadow|53/100 brn|[from] brn
|upkeep
|turn|26
|-message|ZenSpel forfeited.
|
|win|Chunkomucho
|l|☆ZenSpel
|raw|ZenSpel's rating: 1290 &rarr; <strong>1275</strong><br />(-15 for losing)
|raw|Chunkomucho's rating: 1444 &rarr; <strong>1456</strong><br />(+12 for winning)
