|j|☆Pkmn 3443
|j|☆Black Shadow 666
|t:|1634420520
|gametype|singles
|player|p1|Pkmn 3443|2|1639
|player|p2|Black Shadow 666|unknown|1749
|teamsize|p1|6
|teamsize|p2|6
|gen|8
|tier|[Gen 8] Ubers
|rated|
|rule|Sleep Clause Mod: Limit one foe put to sleep
|rule|Species Clause: Limit one of each Pokémon
|rule|OHKO Clause: OHKO moves are banned
|rule|Evasion Moves Clause: Evasion moves are banned
|rule|Endless Battle Clause: Forcing endless battles is banned
|rule|HP Percentage Mod: HP is shown in percentages
|rule|Dynamax Clause: You cannot dynamax
|clearpoke
|poke|p1|Blissey, F|
|poke|p1|Necrozma-Dusk-Mane|
|poke|p1|Ho-Oh|
|poke|p1|Eternatus|
|poke|p1|Ditto|
|poke|p1|Yveltal|
|poke|p2|Kyogre|
|poke|p2|Calyrex-Shadow|
|poke|p2|Yveltal|
|poke|p2|Ho-Oh|
|poke|p2|Necrozma-Dusk-Mane|
|poke|p2|Zekrom|
|teampreview
|inactive|Battle timer is ON: inactive players will automatically lose when time's up. (requested by Black Shadow 666)
|
|t:|1634420536
|start
|switch|p1a: Ditto|Ditto|100/100
|switch|p2a: Kyogre|Kyogre|100/100
|-weather|RainDance|[from] ability: Drizzle|[of] p2a: Kyogre
|-transform|p1a: Ditto|p2a: Kyogre|[from] ability: Imposter
|turn|1
|
|t:|1634420544
|switch|p1a: Blissey|Blissey, F|100/100
|move|p2a: Kyogre|Thunder|p1a: Blissey
|-damage|p1a: Blissey|88/100
|
|-weather|RainDance|[upkeep]
|upkeep
|turn|2
|
|t:|1634420550
|switch|p2a: Ho-Oh|Ho-Oh, shiny|100/100
|move|p1a: Blissey|Confide|p2a: Ho-Oh
|-unboost|p2a: Ho-Oh|spa|1
|
|-weather|RainDance|[upkeep]
|upkeep
|turn|3
|
|t:|1634420561
|switch|p2a: Calyrex|Calyrex-Shadow|100/100
|-ability|p2a: Calyrex|As One
|-ability|p2a: Calyrex|Unnerve
|switch|p1a: Eternatus|Eternatus|100/100
|-ability|p1a: Eternatus|Pressure
|
|-weather|RainDance|[upkeep]
|upkeep
|turn|4
|
|t:|1634420573
|switch|p1a: Yveltal|Yveltal|100/100
|-ability|p1a: Yveltal|Dark Aura
|move|p2a: Calyrex|Nasty Plot|p2a: Calyrex
|-boost|p2a: Calyrex|spa|2
|
|-weather|RainDance|[upkeep]
|upkeep
|turn|5
|
|t:|1634420578
|switch|p2a: Yveltal|Yveltal|100/100
|-ability|p2a: Yveltal|Dark Aura
|move|p1a: Yveltal|Knock Off|p2a: Yveltal
|-resisted|p2a: Yveltal
|-damage|p2a: Yveltal|76/100
|-enditem|p2a: Yveltal|Life Orb|[from] move: Knock Off|[of] p1a: Yveltal
|
|-weather|none
|upkeep
|turn|6
|
|t:|1634420584
|move|p1a: Yveltal|Oblivion Wing|p2a: Yveltal
|-damage|p2a: Yveltal|42/100
|move|p2a: Yveltal|Oblivion Wing|p1a: Yveltal
|-damage|p1a: Yveltal|57/100
|-heal|p2a: Yveltal|73/100|[from] drain|[of] p1a: Yveltal
|
|upkeep
|turn|7
|
|t:|1634420587
|move|p1a: Yveltal|Oblivion Wing|p2a: Yveltal
|-damage|p2a: Yveltal|39/100
|-heal|p1a: Yveltal|83/100|[from] drain|[of] p2a: Yveltal
|move|p2a: Yveltal|Oblivion Wing|p1a: Yveltal
|-damage|p1a: Yveltal|39/100
|-heal|p2a: Yveltal|71/100|[from] drain|[of] p1a: Yveltal
|
|upkeep
|turn|8
|
|t:|1634420590
|move|p1a: Yveltal|Roost|p1a: Yveltal
|-heal|p1a: Yveltal|89/100
|-singleturn|p1a: Yveltal|move: Roost
|move|p2a: Yveltal|Focus Blast|p1a: Yveltal|[miss]
|-miss|p2a: Yveltal|p1a: Yveltal
|
|upkeep
|turn|9
|
|t:|1634420599
|move|p1a: Yveltal|Knock Off|p2a: Yveltal
|-resisted|p2a: Yveltal
|-damage|p2a: Yveltal|54/100
|move|p2a: Yveltal|Oblivion Wing|p1a: Yveltal
|-damage|p1a: Yveltal|51/100
|-heal|p2a: Yveltal|81/100|[from] drain|[of] p1a: Yveltal
|
|upkeep
|turn|10
|
|t:|1634420602
|move|p1a: Yveltal|Oblivion Wing|p2a: Yveltal
|-damage|p2a: Yveltal|45/100
|-heal|p1a: Yveltal|79/100|[from] drain|[of] p2a: Yveltal
|move|p2a: Yveltal|Focus Blast|p1a: Yveltal
|-damage|p1a: Yveltal|40/100
|
|upkeep
|turn|11
|
|t:|1634420605
|move|p1a: Yveltal|Oblivion Wing|p2a: Yveltal
|-damage|p2a: Yveltal|14/100
|-heal|p1a: Yveltal|65/100|[from] drain|[of] p2a: Yveltal
|move|p2a: Yveltal|Oblivion Wing|p1a: Yveltal
|-damage|p1a: Yveltal|22/100
|-heal|p2a: Yveltal|45/100|[from] drain|[of] p1a: Yveltal
|
|upkeep
|turn|12
|
|t:|1634420609
|move|p1a: Yveltal|Roost|p1a: Yveltal
|-heal|p1a: Yveltal|72/100
|-singleturn|p1a: Yveltal|move: Roost
|move|p2a: Yveltal|Oblivion Wing|p1a: Yveltal
|-damage|p1a: Yveltal|32/100
|-heal|p2a: Yveltal|73/100|[from] drain|[of] p1a: Yveltal
|
|upkeep
|turn|13
|
|t:|1634420615
|switch|p1a: Ho-Oh|Ho-Oh|100/100
|move|p2a: Yveltal|Focus Blast|p1a: Ho-Oh
|-resisted|p1a: Ho-Oh
|-crit|p1a: Ho-Oh
|-damage|p1a: Ho-Oh|82/100
|
|upkeep
|turn|14
|
|t:|1634420622
|move|p2a: Yveltal|Dark Pulse|p1a: Ho-Oh
|-damage|p1a: Ho-Oh|50/100
|move|p1a: Ho-Oh|Sacred Fire|p2a: Yveltal|[miss]
|-miss|p1a: Ho-Oh|p2a: Yveltal
|
|upkeep
|turn|15
|
|t:|1634420629
|move|p2a: Yveltal|Dark Pulse|p1a: Ho-Oh
|-damage|p1a: Ho-Oh|13/100
|move|p1a: Ho-Oh|Sacred Fire|p2a: Yveltal
|-damage|p2a: Yveltal|32/100
|
|upkeep
|turn|16
|
|t:|1634420646
|switch|p2a: Zekrom|Zekrom, shiny|100/100
|-ability|p2a: Zekrom|Teravolt
|switch|p1a: Blissey|Blissey, F|88/100
|
|upkeep
|turn|17
|
|t:|1634420652
|switch|p1a: Necrozma|Necrozma-Dusk-Mane|100/100
|move|p2a: Zekrom|Dragon Dance|p2a: Zekrom
|-boost|p2a: Zekrom|atk|1
|-boost|p2a: Zekrom|spe|1
|
|upkeep
|turn|18
|j| Koxi Normus
|inactive|Black Shadow 666 has 120 seconds left.
|l| Koxi Normus
|j| Koxi Normus
|
|t:|1634420710
|move|p2a: Zekrom|Bolt Strike|p1a: Necrozma|[miss]
|-miss|p2a: Zekrom|p1a: Necrozma
|move|p1a: Necrozma|Stealth Rock|p2a: Zekrom
|-sidestart|p2: Black Shadow 666|move: Stealth Rock
|
|upkeep
|turn|19
|
|t:|1634420713
|move|p2a: Zekrom|Bolt Strike|p1a: Necrozma
|-damage|p1a: Necrozma|43/100
|-damage|p2a: Zekrom|84/100|[from] item: Rocky Helmet|[of] p1a: Necrozma
|move|p1a: Necrozma|Knock Off|p2a: Zekrom
|-crit|p2a: Zekrom
|-damage|p2a: Zekrom|38/100
|-enditem|p2a: Zekrom|Haban Berry|[from] move: Knock Off|[of] p1a: Necrozma
|
|upkeep
|turn|20
|
|t:|1634420721
|move|p2a: Zekrom|Roost|p2a: Zekrom
|-heal|p2a: Zekrom|88/100
|-singleturn|p2a: Zekrom|move: Roost
|move|p1a: Necrozma|Sunsteel Strike|p2a: Zekrom
|-resisted|p2a: Zekrom
|-crit|p2a: Zekrom
|-damage|p2a: Zekrom|55/100
|
|upkeep
|turn|21
|inactive|Black Shadow 666 has 120 seconds left.
|
|t:|1634420727
|move|p2a: Zekrom|Bolt Strike|p1a: Necrozma
|-damage|p1a: Necrozma|0 fnt
|-damage|p2a: Zekrom|38/100|[from] item: Rocky Helmet|[of] p1a: Necrozma
|faint|p1a: Necrozma
|
|upkeep
|
|t:|1634420730
|switch|p1a: Ditto|Ditto|100/100
|-transform|p1a: Ditto|p2a: Zekrom|[from] ability: Imposter
|-ability|p1a: Ditto|Teravolt
|turn|22
|
|t:|1634420733
|move|p1a: Ditto|Dragon Claw|p2a: Zekrom
|-supereffective|p2a: Zekrom
|-damage|p2a: Zekrom|0 fnt
|faint|p2a: Zekrom
|
|upkeep
|
|t:|1634420740
|switch|p2a: Ho-Oh|Ho-Oh, shiny|100/100
|turn|23
|
|t:|1634420748
|switch|p1a: Eternatus|Eternatus|100/100
|-ability|p1a: Eternatus|Pressure
|move|p2a: Ho-Oh|Defog|p1a: Eternatus
|-unboost|p1a: Eternatus|evasion|1
|-sideend|p2: Black Shadow 666|Stealth Rock|[from] move: Defog|[of] p2a: Ho-Oh
|
|upkeep
|turn|24
|
|t:|1634420753
|switch|p2a: Necrozma|Necrozma-Dusk-Mane|100/100
|move|p1a: Eternatus|Toxic|p2a: Necrozma
|-immune|p2a: Necrozma
|
|upkeep
|turn|25
|
|t:|1634420760
|switch|p1a: Ho-Oh|Ho-Oh|47/100
|move|p2a: Necrozma|Stone Edge|p1a: Ho-Oh
|-supereffective|p1a: Ho-Oh
|-damage|p1a: Ho-Oh|0 fnt
|faint|p1a: Ho-Oh
|
|upkeep
|
|t:|1634420763
|switch|p1a: Eternatus|Eternatus|100/100
|-ability|p1a: Eternatus|Pressure
|turn|26
|
|t:|1634420765
|move|p1a: Eternatus|Flamethrower|p2a: Necrozma
|-supereffective|p2a: Necrozma
|-damage|p2a: Necrozma|74/100
|move|p2a: Necrozma|Earthquake|p1a: Eternatus
|-supereffective|p1a: Eternatus
|-damage|p1a: Eternatus|46/100
|
|-heal|p1a: Eternatus|53/100|[from] item: Black Sludge
|-heal|p2a: Necrozma|80/100|[from] item: Leftovers
|upkeep
|turn|27
|
|t:|1634420767
|move|p1a: Eternatus|Recover|p1a: Eternatus
|-heal|p1a: Eternatus|100/100
|move|p2a: Necrozma|Earthquake|p1a: Eternatus
|-supereffective|p1a: Eternatus
|-damage|p1a: Eternatus|47/100
|
|-heal|p1a: Eternatus|53/100|[from] item: Black Sludge
|-heal|p2a: Necrozma|86/100|[from] item: Leftovers
|upkeep
|turn|28
|
|t:|1634420771
|move|p1a: Eternatus|Recover|p1a: Eternatus
|-heal|p1a: Eternatus|100/100
|move|p2a: Necrozma|Earthquake|p1a: Eternatus
|-supereffective|p1a: Eternatus
|-damage|p1a: Eternatus|45/100
|
|-heal|p1a: Eternatus|51/100|[from] item: Black Sludge
|-heal|p2a: Necrozma|93/100|[from] item: Leftovers
|upkeep
|turn|29
|
|t:|1634420773
|move|p1a: Eternatus|Recover|p1a: Eternatus
|-heal|p1a: Eternatus|100/100
|move|p2a: Necrozma|Earthquake|p1a: Eternatus
|-supereffective|p1a: Eternatus
|-damage|p1a: Eternatus|46/100
|
|-heal|p1a: Eternatus|53/100|[from] item: Black Sludge
|-heal|p2a: Necrozma|99/100|[from] item: Leftovers
|upkeep
|turn|30
|
|t:|1634420778
|switch|p2a: Calyrex|Calyrex-Shadow|100/100
|-ability|p2a: Calyrex|As One
|-ability|p2a: Calyrex|Unnerve
|move|p1a: Eternatus|Recover|p1a: Eternatus
|-heal|p1a: Eternatus|100/100
|
|upkeep
|turn|31
|inactive|Black Shadow 666 has 120 seconds left.
|inactive|Black Shadow 666 has 90 seconds left.
|
|t:|1634420852
|move|p2a: Calyrex|Nasty Plot|p2a: Calyrex
|-boost|p2a: Calyrex|spa|2
|move|p1a: Eternatus|Draco Meteor|p2a: Calyrex
|-damage|p2a: Calyrex|35/100
|-unboost|p1a: Eternatus|spa|2
|
|upkeep
|turn|32
|
|t:|1634420857
|switch|p1a: Yveltal|Yveltal|32/100
|-ability|p1a: Yveltal|Dark Aura
|move|p2a: Calyrex|Draining Kiss|p1a: Yveltal
|-supereffective|p1a: Yveltal
|-damage|p1a: Yveltal|0 fnt
|-heal|p2a: Calyrex|62/100|[from] drain|[of] p1a: Yveltal
|faint|p1a: Yveltal
|-ability|p2a: Calyrex|Grim Neigh|boost
|-boost|p2a: Calyrex|spa|1
|
|upkeep
|
|t:|1634420859
|switch|p1a: Ditto|Ditto|100/100
|-transform|p1a: Ditto|p2a: Calyrex|[from] ability: Imposter
|turn|33
|inactive|Black Shadow 666 has 90 seconds left.
|inactive|Black Shadow 666 has 60 seconds left.
|
|t:|1634420909
|switch|p2a: Kyogre|Kyogre|100/100
|-weather|RainDance|[from] ability: Drizzle|[of] p2a: Kyogre
|move|p1a: Ditto|Astral Barrage|p2a: Kyogre
|-damage|p2a: Kyogre|0 fnt
|faint|p2a: Kyogre
|-ability|p1a: Ditto|Grim Neigh|boost
|-boost|p1a: Ditto|spa|1
|
|-weather|RainDance|[upkeep]
|upkeep
|
|t:|1634420910
|switch|p2a: Yveltal|Yveltal|32/100
|-ability|p2a: Yveltal|Dark Aura
|turn|34
|
|t:|1634420917
|switch|p1a: Blissey|Blissey, F|88/100
|move|p2a: Yveltal|Sucker Punch||[still]
|-fail|p2a: Yveltal
|
|-weather|RainDance|[upkeep]
|upkeep
|turn|35
|
|t:|1634420926
|switch|p2a: Necrozma|Necrozma-Dusk-Mane|99/100
|move|p1a: Blissey|Confide|p2a: Necrozma
|-unboost|p2a: Necrozma|spa|1
|
|-weather|RainDance|[upkeep]
|-heal|p2a: Necrozma|100/100|[from] item: Leftovers
|upkeep
|turn|36
|
|t:|1634420934
|switch|p1a: Eternatus|Eternatus|100/100
|-ability|p1a: Eternatus|Pressure
|move|p2a: Necrozma|Sunsteel Strike|p1a: Eternatus
|-damage|p1a: Eternatus|62/100
|
|-weather|RainDance|[upkeep]
|-heal|p1a: Eternatus|68/100|[from] item: Black Sludge
|upkeep
|turn|37
|inactive|Black Shadow 666 has 90 seconds left.
|
|t:|1634420947
|switch|p2a: Calyrex|Calyrex-Shadow|62/100
|-ability|p2a: Calyrex|As One
|-ability|p2a: Calyrex|Unnerve
|move|p1a: Eternatus|Recover|p1a: Eternatus
|-heal|p1a: Eternatus|100/100
|
|-weather|none
|upkeep
|turn|38
|inactive|Black Shadow 666 has 90 seconds left.
|
|t:|1634420960
|switch|p2a: Necrozma|Necrozma-Dusk-Mane|100/100
|move|p1a: Eternatus|Draco Meteor|p2a: Necrozma
|-resisted|p2a: Necrozma
|-damage|p2a: Necrozma|81/100
|-unboost|p1a: Eternatus|spa|2
|
|-heal|p2a: Necrozma|88/100|[from] item: Leftovers
|upkeep
|turn|39
|inactive|Black Shadow 666 has 90 seconds left.
|
|t:|1634420968
|move|p1a: Eternatus|Flamethrower|p2a: Necrozma
|-supereffective|p2a: Necrozma
|-damage|p2a: Necrozma|74/100
|move|p2a: Necrozma|Sunsteel Strike|p1a: Eternatus
|-damage|p1a: Eternatus|62/100
|
|-heal|p1a: Eternatus|68/100|[from] item: Black Sludge
|-heal|p2a: Necrozma|80/100|[from] item: Leftovers
|upkeep
|turn|40
|
|t:|1634420972
|switch|p2a: Calyrex|Calyrex-Shadow|62/100
|-ability|p2a: Calyrex|As One
|-ability|p2a: Calyrex|Unnerve
|move|p1a: Eternatus|Recover|p1a: Eternatus
|-heal|p1a: Eternatus|100/100
|
|upkeep
|turn|41
|
|t:|1634420978
|move|p2a: Calyrex|Astral Barrage|p1a: Eternatus
|-damage|p1a: Eternatus|59/100
|move|p1a: Eternatus|Toxic|p2a: Calyrex
|-status|p2a: Calyrex|tox
|
|-heal|p1a: Eternatus|65/100|[from] item: Black Sludge
|-damage|p2a: Calyrex|56/100 tox|[from] psn
|upkeep
|turn|42
|
|t:|1634420983
|move|p2a: Calyrex|Psyshock|p1a: Eternatus
|-supereffective|p1a: Eternatus
|-damage|p1a: Eternatus|0 fnt
|faint|p1a: Eternatus
|-ability|p2a: Calyrex|Grim Neigh|boost
|-boost|p2a: Calyrex|spa|1
|
|-damage|p2a: Calyrex|44/100 tox|[from] psn
|upkeep
|
|t:|1634420987
|switch|p1a: Ditto|Ditto|100/100
|-transform|p1a: Ditto|p2a: Calyrex|[from] ability: Imposter
|turn|43
|inactive|Black Shadow 666 has 120 seconds left.
|
|t:|1634421012
|move|p1a: Ditto|Astral Barrage|p2a: Calyrex
|-supereffective|p2a: Calyrex
|-damage|p2a: Calyrex|0 fnt
|faint|p2a: Calyrex
|-ability|p1a: Ditto|Grim Neigh|boost
|-boost|p1a: Ditto|spa|1
|
|upkeep
|
|t:|1634421013
|switch|p2a: Yveltal|Yveltal|32/100
|-ability|p2a: Yveltal|Dark Aura
|turn|44
|
|t:|1634421017
|move|p2a: Yveltal|Sucker Punch|p1a: Ditto
|-supereffective|p1a: Ditto
|-damage|p1a: Ditto|0 fnt
|faint|p1a: Ditto
|
|upkeep
|
|t:|1634421019
|switch|p1a: Blissey|Blissey, F|88/100
|turn|45
|
|t:|1634421021
|move|p2a: Yveltal|Dark Pulse|p1a: Blissey
|-damage|p1a: Blissey|70/100
|move|p1a: Blissey|Seismic Toss|p2a: Yveltal
|-damage|p2a: Yveltal|8/100
|
|upkeep
|turn|46
|
|t:|1634421025
|move|p2a: Yveltal|Dark Pulse|p1a: Blissey
|-damage|p1a: Blissey|54/100
|cant|p1a: Blissey|flinch
|
|upkeep
|turn|47
|
|t:|1634421032
|switch|p2a: Ho-Oh|Ho-Oh, shiny|100/100
|move|p1a: Blissey|Soft-Boiled|p1a: Blissey
|-heal|p1a: Blissey|100/100
|
|upkeep
|turn|48
|
|t:|1634421035
|move|p2a: Ho-Oh|Toxic|p1a: Blissey|[miss]
|-miss|p2a: Ho-Oh|p1a: Blissey
|move|p1a: Blissey|Seismic Toss|p2a: Ho-Oh
|-damage|p2a: Ho-Oh|76/100
|
|upkeep
|turn|49
|
|t:|1634421037
|move|p2a: Ho-Oh|Toxic|p1a: Blissey
|-status|p1a: Blissey|tox
|move|p1a: Blissey|Seismic Toss|p2a: Ho-Oh
|-damage|p2a: Ho-Oh|52/100
|
|-damage|p1a: Blissey|94/100 tox|[from] psn
|upkeep
|turn|50
|
|t:|1634421039
|move|p2a: Ho-Oh|Roost|p2a: Ho-Oh
|-heal|p2a: Ho-Oh|100/100
|-singleturn|p2a: Ho-Oh|move: Roost
|move|p1a: Blissey|Aromatherapy|p1a: Blissey
|-activate|p1a: Blissey|move: Aromatherapy
|-curestatus|p1a: Blissey|tox|[msg]
|
|upkeep
|turn|51
|
|t:|1634421043
|move|p2a: Ho-Oh|Toxic|p1a: Blissey
|-status|p1a: Blissey|tox
|move|p1a: Blissey|Seismic Toss|p2a: Ho-Oh
|-damage|p2a: Ho-Oh|76/100
|
|-damage|p1a: Blissey|88/100 tox|[from] psn
|upkeep
|turn|52
|
|t:|1634421045
|move|p2a: Ho-Oh|Defog|p1a: Blissey
|-unboost|p1a: Blissey|evasion|1
|move|p1a: Blissey|Aromatherapy|p1a: Blissey
|-activate|p1a: Blissey|move: Aromatherapy
|-curestatus|p1a: Blissey|tox|[msg]
|
|upkeep
|turn|53
|
|t:|1634421047
|move|p2a: Ho-Oh|Toxic|p1a: Blissey
|-status|p1a: Blissey|tox
|move|p1a: Blissey|Seismic Toss|p2a: Ho-Oh
|-damage|p2a: Ho-Oh|52/100
|
|-damage|p1a: Blissey|82/100 tox|[from] psn
|upkeep
|turn|54
|
|t:|1634421049
|move|p2a: Ho-Oh|Defog|p1a: Blissey
|-unboost|p1a: Blissey|evasion|1
|move|p1a: Blissey|Aromatherapy|p1a: Blissey
|-activate|p1a: Blissey|move: Aromatherapy
|-curestatus|p1a: Blissey|tox|[msg]
|
|upkeep
|turn|55
|
|t:|1634421051
|move|p2a: Ho-Oh|Toxic|p1a: Blissey
|-status|p1a: Blissey|tox
|move|p1a: Blissey|Seismic Toss|p2a: Ho-Oh
|-damage|p2a: Ho-Oh|28/100
|
|-damage|p1a: Blissey|76/100 tox|[from] psn
|upkeep
|turn|56
|
|t:|1634421053
|move|p2a: Ho-Oh|Roost|p2a: Ho-Oh
|-heal|p2a: Ho-Oh|78/100
|-singleturn|p2a: Ho-Oh|move: Roost
|move|p1a: Blissey|Seismic Toss|p2a: Ho-Oh
|-damage|p2a: Ho-Oh|54/100
|
|-damage|p1a: Blissey|64/100 tox|[from] psn
|upkeep
|turn|57
|
|t:|1634421056
|move|p2a: Ho-Oh|Defog|p1a: Blissey
|-unboost|p1a: Blissey|evasion|1
|move|p1a: Blissey|Aromatherapy|p1a: Blissey
|-activate|p1a: Blissey|move: Aromatherapy
|-curestatus|p1a: Blissey|tox|[msg]
|
|upkeep
|turn|58
|
|t:|1634421058
|move|p2a: Ho-Oh|Toxic|p1a: Blissey
|-status|p1a: Blissey|tox
|move|p1a: Blissey|Soft-Boiled|p1a: Blissey
|-heal|p1a: Blissey|100/100 tox
|
|-damage|p1a: Blissey|94/100 tox|[from] psn
|upkeep
|turn|59
|
|t:|1634421061
|move|p2a: Ho-Oh|Defog|p1a: Blissey
|-unboost|p1a: Blissey|evasion|1
|move|p1a: Blissey|Aromatherapy|p1a: Blissey
|-activate|p1a: Blissey|move: Aromatherapy
|-curestatus|p1a: Blissey|tox|[msg]
|
|upkeep
|turn|60
|
|t:|1634421063
|move|p2a: Ho-Oh|Toxic|p1a: Blissey
|-status|p1a: Blissey|tox
|move|p1a: Blissey|Seismic Toss|p2a: Ho-Oh
|-damage|p2a: Ho-Oh|30/100
|
|-damage|p1a: Blissey|88/100 tox|[from] psn
|upkeep
|turn|61
|
|t:|1634421065
|move|p2a: Ho-Oh|Roost|p2a: Ho-Oh
|-heal|p2a: Ho-Oh|80/100
|-singleturn|p2a: Ho-Oh|move: Roost
|move|p1a: Blissey|Aromatherapy|p1a: Blissey
|-activate|p1a: Blissey|move: Aromatherapy
|-curestatus|p1a: Blissey|tox|[msg]
|
|upkeep
|turn|62
|
|t:|1634421067
|move|p2a: Ho-Oh|Toxic|p1a: Blissey
|-status|p1a: Blissey|tox
|move|p1a: Blissey|Seismic Toss|p2a: Ho-Oh
|-damage|p2a: Ho-Oh|56/100
|
|-damage|p1a: Blissey|82/100 tox|[from] psn
|upkeep
|turn|63
|
|t:|1634421071
|move|p2a: Ho-Oh|Defog|p1a: Blissey
|-unboost|p1a: Blissey|evasion|1
|move|p1a: Blissey|Aromatherapy|p1a: Blissey
|-activate|p1a: Blissey|move: Aromatherapy
|-curestatus|p1a: Blissey|tox|[msg]
|
|upkeep
|turn|64
|
|t:|1634421073
|move|p2a: Ho-Oh|Toxic|p1a: Blissey
|-status|p1a: Blissey|tox
|move|p1a: Blissey|Seismic Toss|p2a: Ho-Oh
|-damage|p2a: Ho-Oh|32/100
|
|-damage|p1a: Blissey|76/100 tox|[from] psn
|upkeep
|turn|65
|
|t:|1634421075
|move|p2a: Ho-Oh|Roost|p2a: Ho-Oh
|-heal|p2a: Ho-Oh|82/100
|-singleturn|p2a: Ho-Oh|move: Roost
|move|p1a: Blissey|Aromatherapy|p1a: Blissey
|-activate|p1a: Blissey|move: Aromatherapy
|-curestatus|p1a: Blissey|tox|[msg]
|
|upkeep
|turn|66
|l| Koxi Normus
|
|t:|1634421077
|move|p2a: Ho-Oh|Toxic|p1a: Blissey
|-status|p1a: Blissey|tox
|move|p1a: Blissey|Seismic Toss|p2a: Ho-Oh
|-damage|p2a: Ho-Oh|58/100
|
|-damage|p1a: Blissey|70/100 tox|[from] psn
|upkeep
|turn|67
|
|t:|1634421079
|move|p2a: Ho-Oh|Sacred Fire|p1a: Blissey
|-damage|p1a: Blissey|0 fnt
|faint|p1a: Blissey
|
|win|Black Shadow 666
|raw|Pkmn 3443's rating: 1639 &rarr; <strong>1625</strong><br />(-14 for losing)
|raw|Black Shadow 666's rating: 1749 &rarr; <strong>1763</strong><br />(+14 for winning)
