|j|☆I Crit My Panties
|j|☆Pkmn3443
|t:|1637452850
|gametype|singles
|player|p1|I Crit My Panties|266|1582
|player|p2|Pkmn3443|102|1682
|teamsize|p1|6
|teamsize|p2|6
|gen|8
|tier|[Gen 8] Ubers
|rated|
|rule|Sleep Clause Mod: Limit one foe put to sleep
|rule|Species Clause: Limit one of each Pokémon
|rule|OHKO Clause: OHKO moves are banned
|rule|Evasion Moves Clause: Evasion moves are banned
|rule|Endless Battle Clause: Forcing endless battles is banned
|rule|HP Percentage Mod: HP is shown in percentages
|rule|Dynamax Clause: You cannot dynamax
|clearpoke
|poke|p1|Tyranitar, M|
|poke|p1|Excadrill, M|
|poke|p1|Marshadow|
|poke|p1|Tangrowth, F|
|poke|p1|Necrozma-Dusk-Mane|
|poke|p1|Eternatus|
|poke|p2|Blissey, F|
|poke|p2|Necrozma-Dusk-Mane|
|poke|p2|Ho-Oh|
|poke|p2|Eternatus|
|poke|p2|Ditto|
|poke|p2|Yveltal|
|teampreview
|inactive|Battle timer is ON: inactive players will automatically lose when time's up. (requested by I Crit My Panties)
|
|t:|1637452881
|start
|switch|p1a: Tangrowth|Tangrowth, F|100/100
|switch|p2a: Ditto|Ditto|100/100
|-transform|p2a: Ditto|p1a: Tangrowth|[from] ability: Imposter
|turn|1
|
|t:|1637452893
|move|p2a: Ditto|Grass Knot|p1a: Tangrowth
|-resisted|p1a: Tangrowth
|-damage|p1a: Tangrowth|75/100
|-damage|p2a: Ditto|84/100|[from] item: Rocky Helmet|[of] p1a: Tangrowth
|move|p1a: Tangrowth|Grass Knot|p2a: Ditto
|-resisted|p2a: Ditto
|-damage|p2a: Ditto|51/100
|
|upkeep
|turn|2
|
|t:|1637452899
|switch|p2a: Ho-Oh|Ho-Oh|100/100
|move|p1a: Tangrowth|Sleep Powder|p2a: Ho-Oh|[miss]
|-miss|p1a: Tangrowth|p2a: Ho-Oh
|
|upkeep
|turn|3
|
|t:|1637452905
|switch|p1a: Tyranitar|Tyranitar, M|100/100
|-weather|Sandstorm|[from] ability: Sand Stream|[of] p1a: Tyranitar
|move|p2a: Ho-Oh|Sacred Fire|p1a: Tyranitar
|-resisted|p1a: Tyranitar
|-damage|p1a: Tyranitar|85/100
|-status|p1a: Tyranitar|brn
|
|-weather|Sandstorm|[upkeep]
|-damage|p2a: Ho-Oh|94/100|[from] Sandstorm
|-heal|p1a: Tyranitar|91/100 brn|[from] item: Leftovers
|-damage|p1a: Tyranitar|85/100 brn|[from] brn
|upkeep
|turn|4
|
|t:|1637452909
|switch|p2a: Necrozma|Necrozma-Dusk-Mane|100/100
|move|p1a: Tyranitar|Stealth Rock|p2a: Necrozma
|-sidestart|p2: Pkmn3443|move: Stealth Rock
|
|-weather|Sandstorm|[upkeep]
|-heal|p1a: Tyranitar|91/100 brn|[from] item: Leftovers
|-damage|p1a: Tyranitar|85/100 brn|[from] brn
|upkeep
|turn|5
|
|t:|1637452911
|switch|p1a: Tangrowth|Tangrowth, F|100/100
|move|p2a: Necrozma|Stealth Rock|p1a: Tangrowth
|-sidestart|p1: I Crit My Panties|move: Stealth Rock
|
|-weather|Sandstorm|[upkeep]
|-damage|p1a: Tangrowth|94/100|[from] Sandstorm
|upkeep
|turn|6
|
|t:|1637452918
|switch|p2a: Ho-Oh|Ho-Oh|100/100
|move|p1a: Tangrowth|Sleep Powder|p2a: Ho-Oh
|-status|p2a: Ho-Oh|slp|[from] move: Sleep Powder
|
|-weather|Sandstorm|[upkeep]
|-damage|p2a: Ho-Oh|94/100 slp|[from] Sandstorm
|-damage|p1a: Tangrowth|88/100|[from] Sandstorm
|upkeep
|turn|7
|j| icsrelentless
|
|t:|1637452933
|cant|p2a: Ho-Oh|slp
|move|p1a: Tangrowth|Leech Seed|p2a: Ho-Oh
|-start|p2a: Ho-Oh|move: Leech Seed
|
|-weather|none
|-damage|p2a: Ho-Oh|82/100 slp|[from] Leech Seed|[of] p1a: Tangrowth
|-heal|p1a: Tangrowth|100/100|[silent]
|upkeep
|turn|8
|
|t:|1637452942
|switch|p1a: Tyranitar|Tyranitar, M|85/100 brn
|-damage|p1a: Tyranitar|73/100 brn|[from] Stealth Rock
|-weather|Sandstorm|[from] ability: Sand Stream|[of] p1a: Tyranitar
|cant|p2a: Ho-Oh|slp
|
|-weather|Sandstorm|[upkeep]
|-damage|p2a: Ho-Oh|76/100 slp|[from] Sandstorm
|-heal|p1a: Tyranitar|79/100 brn|[from] item: Leftovers
|-damage|p2a: Ho-Oh|64/100 slp|[from] Leech Seed|[of] p1a: Tyranitar
|-heal|p1a: Tyranitar|92/100 brn|[silent]
|-damage|p1a: Tyranitar|85/100 brn|[from] brn
|upkeep
|turn|9
|
|t:|1637452948
|switch|p2a: Eternatus|Eternatus|100/100
|-damage|p2a: Eternatus|88/100|[from] Stealth Rock
|-ability|p2a: Eternatus|Pressure
|move|p1a: Tyranitar|Rest|p1a: Tyranitar
|-status|p1a: Tyranitar|slp|[from] move: Rest
|-heal|p1a: Tyranitar|100/100 slp|[silent]
|
|-weather|Sandstorm|[upkeep]
|-damage|p2a: Eternatus|82/100|[from] Sandstorm
|-heal|p2a: Eternatus|88/100|[from] item: Black Sludge
|upkeep
|turn|10
|
|t:|1637452955
|switch|p2a: Ditto|Ditto|84/100
|-damage|p2a: Ditto|71/100|[from] Stealth Rock
|-transform|p2a: Ditto|p1a: Tyranitar|[from] ability: Imposter
|switch|p1a: Excadrill|Excadrill, M|100/100
|-damage|p1a: Excadrill|97/100|[from] Stealth Rock
|
|-weather|Sandstorm|[upkeep]
|-heal|p1a: Excadrill|100/100|[from] item: Leftovers
|upkeep
|turn|11
|
|t:|1637452968
|switch|p2a: Yveltal|Yveltal|100/100
|-ability|p2a: Yveltal|Dark Aura
|move|p1a: Excadrill|Rapid Spin|p2a: Yveltal
|-damage|p2a: Yveltal|81/100
|-boost|p1a: Excadrill|spe|1
|-sideend|p1: I Crit My Panties|Stealth Rock|[from] move: Rapid Spin|[of] p1a: Excadrill
|
|-weather|Sandstorm|[upkeep]
|-damage|p2a: Yveltal|75/100|[from] Sandstorm
|upkeep
|turn|12
|
|t:|1637452971
|move|p1a: Excadrill|Toxic|p2a: Yveltal|[miss]
|-miss|p1a: Excadrill|p2a: Yveltal
|move|p2a: Yveltal|Oblivion Wing|p1a: Excadrill
|-resisted|p1a: Excadrill
|-damage|p1a: Excadrill|74/100
|-heal|p2a: Yveltal|93/100|[from] drain|[of] p1a: Excadrill
|
|-weather|none
|-heal|p1a: Excadrill|81/100|[from] item: Leftovers
|upkeep
|turn|13
|
|t:|1637452979
|switch|p1a: Tyranitar|Tyranitar, M|100/100 slp
|-weather|Sandstorm|[from] ability: Sand Stream|[of] p1a: Tyranitar
|switch|p2a: Ho-Oh|Ho-Oh|97/100 slp
|
|-weather|Sandstorm|[upkeep]
|-damage|p2a: Ho-Oh|91/100 slp|[from] Sandstorm
|upkeep
|turn|14
|
|t:|1637452984
|cant|p2a: Ho-Oh|slp
|cant|p1a: Tyranitar|slp
|
|-weather|Sandstorm|[upkeep]
|-damage|p2a: Ho-Oh|85/100 slp|[from] Sandstorm
|upkeep
|turn|15
|
|t:|1637452988
|-curestatus|p2a: Ho-Oh|slp|[msg]
|move|p2a: Ho-Oh|Defog|p1a: Tyranitar
|-unboost|p1a: Tyranitar|evasion|1
|-sideend|p2: Pkmn3443|Stealth Rock|[from] move: Defog|[of] p2a: Ho-Oh
|cant|p1a: Tyranitar|slp
|
|-weather|Sandstorm|[upkeep]
|-damage|p2a: Ho-Oh|79/100|[from] Sandstorm
|upkeep
|turn|16
|
|t:|1637452991
|switch|p2a: Eternatus|Eternatus|88/100
|-ability|p2a: Eternatus|Pressure
|-curestatus|p1a: Tyranitar|slp|[msg]
|move|p1a: Tyranitar|Stealth Rock|p2a: Eternatus
|-sidestart|p2: Pkmn3443|move: Stealth Rock
|
|-weather|Sandstorm|[upkeep]
|-damage|p2a: Eternatus|82/100|[from] Sandstorm
|-heal|p2a: Eternatus|88/100|[from] item: Black Sludge
|upkeep
|turn|17
|
|t:|1637452997
|switch|p1a: Excadrill|Excadrill, M|81/100
|move|p2a: Eternatus|Toxic|p1a: Excadrill
|-immune|p1a: Excadrill
|
|-weather|none
|-heal|p1a: Excadrill|87/100|[from] item: Leftovers
|-heal|p2a: Eternatus|94/100|[from] item: Black Sludge
|upkeep
|turn|18
|
|t:|1637453003
|move|p2a: Eternatus|Flamethrower|p1a: Excadrill
|-supereffective|p1a: Excadrill
|-damage|p1a: Excadrill|12/100
|move|p1a: Excadrill|Rock Slide|p2a: Eternatus
|-damage|p2a: Eternatus|74/100
|
|-heal|p2a: Eternatus|80/100|[from] item: Black Sludge
|-heal|p1a: Excadrill|18/100|[from] item: Leftovers
|upkeep
|turn|19
|
|t:|1637453007
|switch|p1a: Tyranitar|Tyranitar, M|100/100
|-weather|Sandstorm|[from] ability: Sand Stream|[of] p1a: Tyranitar
|move|p2a: Eternatus|Flamethrower|p1a: Tyranitar
|-resisted|p1a: Tyranitar
|-damage|p1a: Tyranitar|95/100
|
|-weather|Sandstorm|[upkeep]
|-damage|p2a: Eternatus|74/100|[from] Sandstorm
|-heal|p2a: Eternatus|80/100|[from] item: Black Sludge
|-heal|p1a: Tyranitar|100/100|[from] item: Leftovers
|upkeep
|turn|20
|
|t:|1637453011
|move|p2a: Eternatus|Toxic|p1a: Tyranitar
|-status|p1a: Tyranitar|tox
|move|p1a: Tyranitar|Crunch|p2a: Eternatus
|-damage|p2a: Eternatus|55/100
|-unboost|p2a: Eternatus|def|1
|
|-weather|Sandstorm|[upkeep]
|-damage|p2a: Eternatus|49/100|[from] Sandstorm
|-heal|p2a: Eternatus|55/100|[from] item: Black Sludge
|-damage|p1a: Tyranitar|94/100 tox|[from] psn
|upkeep
|turn|21
|
|t:|1637453019
|switch|p1a: Excadrill|Excadrill, M|18/100
|move|p2a: Eternatus|Recover|p2a: Eternatus
|-heal|p2a: Eternatus|100/100
|
|-weather|Sandstorm|[upkeep]
|-damage|p2a: Eternatus|94/100|[from] Sandstorm
|-heal|p1a: Excadrill|24/100|[from] item: Leftovers
|-heal|p2a: Eternatus|100/100|[from] item: Black Sludge
|upkeep
|turn|22
|
|t:|1637453024
|move|p1a: Excadrill|Earthquake|p2a: Eternatus
|-supereffective|p2a: Eternatus
|-damage|p2a: Eternatus|0 fnt
|faint|p2a: Eternatus
|
|-weather|Sandstorm|[upkeep]
|-heal|p1a: Excadrill|30/100|[from] item: Leftovers
|upkeep
|
|t:|1637453036
|switch|p2a: Necrozma|Necrozma-Dusk-Mane|100/100
|-damage|p2a: Necrozma|94/100|[from] Stealth Rock
|turn|23
|
|t:|1637453045
|switch|p1a: Tangrowth|Tangrowth, F|100/100
|move|p2a: Necrozma|Knock Off|p1a: Tangrowth
|-damage|p1a: Tangrowth|82/100
|-damage|p2a: Necrozma|78/100|[from] item: Rocky Helmet|[of] p1a: Tangrowth
|-enditem|p1a: Tangrowth|Rocky Helmet|[from] move: Knock Off|[of] p2a: Necrozma
|
|-weather|none
|upkeep
|turn|24
|
|t:|1637453048
|move|p2a: Necrozma|Stealth Rock|p1a: Tangrowth
|-sidestart|p1: I Crit My Panties|move: Stealth Rock
|move|p1a: Tangrowth|Leech Seed|p2a: Necrozma
|-start|p2a: Necrozma|move: Leech Seed
|
|-damage|p2a: Necrozma|66/100|[from] Leech Seed|[of] p1a: Tangrowth
|-heal|p1a: Tangrowth|94/100|[silent]
|upkeep
|turn|25
|
|t:|1637453057
|switch|p2a: Ho-Oh|Ho-Oh|100/100
|move|p1a: Tangrowth|Sleep Powder|p2a: Ho-Oh
|-status|p2a: Ho-Oh|slp|[from] move: Sleep Powder
|
|upkeep
|turn|26
|
|t:|1637453061
|cant|p2a: Ho-Oh|slp
|move|p1a: Tangrowth|Leech Seed|p2a: Ho-Oh
|-start|p2a: Ho-Oh|move: Leech Seed
|
|-damage|p2a: Ho-Oh|88/100 slp|[from] Leech Seed|[of] p1a: Tangrowth
|-heal|p1a: Tangrowth|100/100|[silent]
|upkeep
|turn|27
|
|t:|1637453064
|switch|p1a: Tyranitar|Tyranitar, M|94/100 tox
|-damage|p1a: Tyranitar|82/100 tox|[from] Stealth Rock
|-weather|Sandstorm|[from] ability: Sand Stream|[of] p1a: Tyranitar
|cant|p2a: Ho-Oh|slp
|
|-weather|Sandstorm|[upkeep]
|-damage|p2a: Ho-Oh|82/100 slp|[from] Sandstorm
|-heal|p1a: Tyranitar|88/100 tox|[from] item: Leftovers
|-damage|p2a: Ho-Oh|70/100 slp|[from] Leech Seed|[of] p1a: Tyranitar
|-heal|p1a: Tyranitar|100/100 tox|[silent]
|-damage|p1a: Tyranitar|94/100 tox|[from] psn
|upkeep
|turn|28
|
|t:|1637453073
|switch|p2a: Yveltal|Yveltal|93/100
|-ability|p2a: Yveltal|Dark Aura
|move|p1a: Tyranitar|Crunch|p2a: Yveltal
|-resisted|p2a: Yveltal
|-damage|p2a: Yveltal|71/100
|
|-weather|Sandstorm|[upkeep]
|-damage|p2a: Yveltal|65/100|[from] Sandstorm
|-heal|p1a: Tyranitar|100/100 tox|[from] item: Leftovers
|-damage|p1a: Tyranitar|88/100 tox|[from] psn
|upkeep
|turn|29
|
|t:|1637453081
|move|p2a: Yveltal|Knock Off|p1a: Tyranitar
|-resisted|p1a: Tyranitar
|-damage|p1a: Tyranitar|67/100 tox
|-enditem|p1a: Tyranitar|Leftovers|[from] move: Knock Off|[of] p2a: Yveltal
|move|p1a: Tyranitar|Rock Slide|p2a: Yveltal
|-supereffective|p2a: Yveltal
|-damage|p2a: Yveltal|3/100
|
|-weather|Sandstorm|[upkeep]
|-damage|p2a: Yveltal|0 fnt|[from] Sandstorm
|faint|p2a: Yveltal
|-damage|p1a: Tyranitar|49/100 tox|[from] psn
|upkeep
|
|t:|1637453085
|switch|p2a: Necrozma|Necrozma-Dusk-Mane|66/100
|-damage|p2a: Necrozma|60/100|[from] Stealth Rock
|turn|30
|
|t:|1637453088
|switch|p1a: Tangrowth|Tangrowth, F|100/100
|-damage|p1a: Tangrowth|88/100|[from] Stealth Rock
|move|p2a: Necrozma|Sunsteel Strike|p1a: Tangrowth
|-damage|p1a: Tangrowth|62/100
|
|-weather|Sandstorm|[upkeep]
|-damage|p1a: Tangrowth|56/100|[from] Sandstorm
|upkeep
|turn|31
|
|t:|1637453096
|move|p2a: Necrozma|Sunsteel Strike|p1a: Tangrowth
|-damage|p1a: Tangrowth|27/100
|move|p1a: Tangrowth|Leech Seed|p2a: Necrozma
|-start|p2a: Necrozma|move: Leech Seed
|
|-weather|none
|-damage|p2a: Necrozma|47/100|[from] Leech Seed|[of] p1a: Tangrowth
|-heal|p1a: Tangrowth|40/100|[silent]
|upkeep
|turn|32
|
|t:|1637453109
|move|p2a: Necrozma|Morning Sun|p2a: Necrozma
|-heal|p2a: Necrozma|97/100
|move|p1a: Tangrowth|Earthquake|p2a: Necrozma
|-supereffective|p2a: Necrozma
|-damage|p2a: Necrozma|80/100
|
|-damage|p2a: Necrozma|68/100|[from] Leech Seed|[of] p1a: Tangrowth
|-heal|p1a: Tangrowth|52/100|[silent]
|upkeep
|turn|33
|
|t:|1637453113
|switch|p2a: Ho-Oh|Ho-Oh|100/100 slp
|move|p1a: Tangrowth|Leech Seed|p2a: Ho-Oh
|-start|p2a: Ho-Oh|move: Leech Seed
|
|-damage|p2a: Ho-Oh|88/100 slp|[from] Leech Seed|[of] p1a: Tangrowth
|-heal|p1a: Tangrowth|64/100|[silent]
|upkeep
|turn|34
|
|t:|1637453119
|switch|p2a: Necrozma|Necrozma-Dusk-Mane|68/100
|-damage|p2a: Necrozma|62/100|[from] Stealth Rock
|switch|p1a: Tyranitar|Tyranitar, M|49/100 tox
|-damage|p1a: Tyranitar|36/100 tox|[from] Stealth Rock
|-weather|Sandstorm|[from] ability: Sand Stream|[of] p1a: Tyranitar
|
|-weather|Sandstorm|[upkeep]
|-damage|p1a: Tyranitar|30/100 tox|[from] psn
|upkeep
|turn|35
|
|t:|1637453126
|switch|p1a: Tangrowth|Tangrowth, F|98/100
|-damage|p1a: Tangrowth|85/100|[from] Stealth Rock
|move|p2a: Necrozma|Sunsteel Strike|p1a: Tangrowth
|-damage|p1a: Tangrowth|56/100
|
|-weather|Sandstorm|[upkeep]
|-damage|p1a: Tangrowth|50/100|[from] Sandstorm
|upkeep
|turn|36
|
|t:|1637453129
|switch|p2a: Ho-Oh|Ho-Oh|100/100 slp
|move|p1a: Tangrowth|Leech Seed|p2a: Ho-Oh
|-start|p2a: Ho-Oh|move: Leech Seed
|
|-weather|Sandstorm|[upkeep]
|-damage|p2a: Ho-Oh|94/100 slp|[from] Sandstorm
|-damage|p1a: Tangrowth|44/100|[from] Sandstorm
|-damage|p2a: Ho-Oh|82/100 slp|[from] Leech Seed|[of] p1a: Tangrowth
|-heal|p1a: Tangrowth|56/100|[silent]
|upkeep
|turn|37
|
|t:|1637453138
|switch|p2a: Ditto|Ditto|71/100
|-damage|p2a: Ditto|59/100|[from] Stealth Rock
|-transform|p2a: Ditto|p1a: Tangrowth|[from] ability: Imposter
|switch|p1a: Eternatus|Eternatus|100/100
|-ability|p1a: Eternatus|Pressure
|
|-weather|Sandstorm|[upkeep]
|-damage|p1a: Eternatus|94/100|[from] Sandstorm
|-damage|p2a: Ditto|53/100|[from] Sandstorm
|upkeep
|turn|38
|
|t:|1637453143
|switch|p1a: Excadrill|Excadrill, M|30/100
|-damage|p1a: Excadrill|27/100|[from] Stealth Rock
|switch|p2a: Ho-Oh|Ho-Oh|100/100 slp
|
|-weather|none
|-heal|p1a: Excadrill|33/100|[from] item: Leftovers
|upkeep
|turn|39
|
|t:|1637453149
|move|p1a: Excadrill|Rock Slide|p2a: Ho-Oh|[miss]
|-miss|p1a: Excadrill|p2a: Ho-Oh
|cant|p2a: Ho-Oh|slp
|
|-heal|p1a: Excadrill|39/100|[from] item: Leftovers
|upkeep
|turn|40
|
|t:|1637453155
|move|p1a: Excadrill|Rapid Spin|p2a: Ho-Oh
|-damage|p2a: Ho-Oh|88/100 slp
|-boost|p1a: Excadrill|spe|1
|-sideend|p1: I Crit My Panties|Stealth Rock|[from] move: Rapid Spin|[of] p1a: Excadrill
|-curestatus|p2a: Ho-Oh|slp|[msg]
|move|p2a: Ho-Oh|Sacred Fire|p1a: Excadrill
|-supereffective|p1a: Excadrill
|-damage|p1a: Excadrill|0 fnt
|faint|p1a: Excadrill
|
|upkeep
|
|t:|1637453158
|switch|p1a: Tyranitar|Tyranitar, M|30/100 tox
|-weather|Sandstorm|[from] ability: Sand Stream|[of] p1a: Tyranitar
|turn|41
|
|t:|1637453164
|switch|p2a: Necrozma|Necrozma-Dusk-Mane|62/100
|-damage|p2a: Necrozma|56/100|[from] Stealth Rock
|move|p1a: Tyranitar|Rest|p1a: Tyranitar
|-status|p1a: Tyranitar|slp|[from] move: Rest
|-heal|p1a: Tyranitar|100/100 slp|[silent]
|
|-weather|Sandstorm|[upkeep]
|upkeep
|turn|42
|
|t:|1637453168
|switch|p1a: Tangrowth|Tangrowth, F|90/100
|move|p2a: Necrozma|Stealth Rock|p1a: Tangrowth
|-sidestart|p1: I Crit My Panties|move: Stealth Rock
|
|-weather|Sandstorm|[upkeep]
|-damage|p1a: Tangrowth|83/100|[from] Sandstorm
|upkeep
|turn|43
|
|t:|1637453172
|switch|p2a: Ditto|Ditto|86/100
|-damage|p2a: Ditto|74/100|[from] Stealth Rock
|-transform|p2a: Ditto|p1a: Tangrowth|[from] ability: Imposter
|move|p1a: Tangrowth|Leech Seed|p2a: Ditto
|-immune|p2a: Ditto
|
|-weather|Sandstorm|[upkeep]
|-damage|p2a: Ditto|68/100|[from] Sandstorm
|-damage|p1a: Tangrowth|77/100|[from] Sandstorm
|upkeep
|turn|44
|
|t:|1637453177
|switch|p2a: Ho-Oh|Ho-Oh|100/100
|move|p1a: Tangrowth|Grass Knot|p2a: Ho-Oh
|-resisted|p2a: Ho-Oh
|-damage|p2a: Ho-Oh|95/100
|
|-weather|Sandstorm|[upkeep]
|-damage|p2a: Ho-Oh|89/100|[from] Sandstorm
|-damage|p1a: Tangrowth|71/100|[from] Sandstorm
|upkeep
|turn|45
|
|t:|1637453183
|switch|p1a: Tyranitar|Tyranitar, M|100/100 slp
|-damage|p1a: Tyranitar|88/100 slp|[from] Stealth Rock
|move|p2a: Ho-Oh|Whirlwind|p1a: Tyranitar
|drag|p1a: Eternatus|Eternatus|94/100
|-ability|p1a: Eternatus|Pressure
|
|-weather|none
|upkeep
|turn|46
|
|t:|1637453188
|move|p1a: Eternatus|Mystical Fire|p2a: Ho-Oh
|-resisted|p2a: Ho-Oh
|-damage|p2a: Ho-Oh|82/100
|-unboost|p2a: Ho-Oh|spa|1
|move|p2a: Ho-Oh|Whirlwind|p1a: Eternatus
|drag|p1a: Marshadow|Marshadow|100/100
|-damage|p1a: Marshadow|94/100|[from] Stealth Rock
|
|upkeep
|turn|47
|
|t:|1637453192
|switch|p1a: Eternatus|Eternatus|94/100
|-ability|p1a: Eternatus|Pressure
|move|p2a: Ho-Oh|Sacred Fire|p1a: Eternatus
|-resisted|p1a: Eternatus
|-damage|p1a: Eternatus|78/100
|
|upkeep
|turn|48
|
|t:|1637453198
|move|p1a: Eternatus|Mystical Fire|p2a: Ho-Oh
|-resisted|p2a: Ho-Oh
|-damage|p2a: Ho-Oh|76/100
|-unboost|p2a: Ho-Oh|spa|1
|move|p2a: Ho-Oh|Whirlwind|p1a: Eternatus
|drag|p1a: Tyranitar|Tyranitar, M|88/100 slp
|-damage|p1a: Tyranitar|76/100 slp|[from] Stealth Rock
|-weather|Sandstorm|[from] ability: Sand Stream|[of] p1a: Tyranitar
|
|-weather|Sandstorm|[upkeep]
|-damage|p2a: Ho-Oh|70/100|[from] Sandstorm
|upkeep
|turn|49
|
|t:|1637453201
|switch|p2a: Necrozma|Necrozma-Dusk-Mane|56/100
|-damage|p2a: Necrozma|49/100|[from] Stealth Rock
|cant|p1a: Tyranitar|slp
|
|-weather|Sandstorm|[upkeep]
|upkeep
|turn|50
|
|t:|1637453207
|switch|p1a: Tangrowth|Tangrowth, F|100/100
|-damage|p1a: Tangrowth|88/100|[from] Stealth Rock
|move|p2a: Necrozma|Morning Sun|p2a: Necrozma
|-heal|p2a: Necrozma|74/100
|
|-weather|Sandstorm|[upkeep]
|-damage|p1a: Tangrowth|82/100|[from] Sandstorm
|upkeep
|turn|51
|
|t:|1637453211
|switch|p2a: Ditto|Ditto|100/100
|-damage|p2a: Ditto|88/100|[from] Stealth Rock
|-transform|p2a: Ditto|p1a: Tangrowth|[from] ability: Imposter
|move|p1a: Tangrowth|Leech Seed|p2a: Ditto
|-immune|p2a: Ditto
|
|-weather|Sandstorm|[upkeep]
|-damage|p2a: Ditto|82/100|[from] Sandstorm
|-damage|p1a: Tangrowth|76/100|[from] Sandstorm
|upkeep
|turn|52
|
|t:|1637453218
|switch|p2a: Ho-Oh|Ho-Oh|100/100
|move|p1a: Tangrowth|Leech Seed|p2a: Ho-Oh|[miss]
|-miss|p1a: Tangrowth|p2a: Ho-Oh
|
|-weather|none
|upkeep
|turn|53
|
|t:|1637453222
|switch|p1a: Tyranitar|Tyranitar, M|76/100 slp
|-damage|p1a: Tyranitar|63/100 slp|[from] Stealth Rock
|-weather|Sandstorm|[from] ability: Sand Stream|[of] p1a: Tyranitar
|move|p2a: Ho-Oh|Whirlwind|p1a: Tyranitar
|drag|p1a: Eternatus|Eternatus|78/100
|-ability|p1a: Eternatus|Pressure
|
|-weather|Sandstorm|[upkeep]
|-damage|p1a: Eternatus|72/100|[from] Sandstorm
|-damage|p2a: Ho-Oh|94/100|[from] Sandstorm
|upkeep
|turn|54
|
|t:|1637453226
|move|p1a: Eternatus|Mystical Fire|p2a: Ho-Oh
|-resisted|p2a: Ho-Oh
|-damage|p2a: Ho-Oh|88/100
|-unboost|p2a: Ho-Oh|spa|1
|move|p2a: Ho-Oh|Whirlwind|p1a: Eternatus
|drag|p1a: Necrozma|Necrozma-Dusk-Mane|100/100
|-damage|p1a: Necrozma|94/100|[from] Stealth Rock
|
|-weather|Sandstorm|[upkeep]
|-damage|p2a: Ho-Oh|82/100|[from] Sandstorm
|-heal|p1a: Necrozma|100/100|[from] item: Leftovers
|upkeep
|turn|55
|
|t:|1637453230
|move|p1a: Necrozma|Stone Edge|p2a: Ho-Oh
|-supereffective|p2a: Ho-Oh
|-damage|p2a: Ho-Oh|0 fnt
|faint|p2a: Ho-Oh
|
|-weather|Sandstorm|[upkeep]
|upkeep
|
|t:|1637453233
|switch|p2a: Necrozma|Necrozma-Dusk-Mane|74/100
|-damage|p2a: Necrozma|68/100|[from] Stealth Rock
|turn|56
|
|t:|1637453237
|switch|p1a: Tangrowth|Tangrowth, F|100/100
|-damage|p1a: Tangrowth|88/100|[from] Stealth Rock
|move|p2a: Necrozma|Knock Off|p1a: Tangrowth
|-damage|p1a: Tangrowth|76/100
|
|-weather|Sandstorm|[upkeep]
|-damage|p1a: Tangrowth|70/100|[from] Sandstorm
|upkeep
|turn|57
|
|t:|1637453244
|switch|p2a: Ditto|Ditto|100/100
|-damage|p2a: Ditto|88/100|[from] Stealth Rock
|-transform|p2a: Ditto|p1a: Tangrowth|[from] ability: Imposter
|move|p1a: Tangrowth|Earthquake|p2a: Ditto
|-resisted|p2a: Ditto
|-damage|p2a: Ditto|80/100
|
|-weather|none
|upkeep
|turn|58
|
|t:|1637453249
|move|p2a: Ditto|Grass Knot|p1a: Tangrowth
|-resisted|p1a: Tangrowth
|-damage|p1a: Tangrowth|44/100
|move|p1a: Tangrowth|Grass Knot|p2a: Ditto
|-resisted|p2a: Ditto
|-damage|p2a: Ditto|44/100
|
|upkeep
|turn|59
|
|t:|1637453255
|switch|p1a: Necrozma|Necrozma-Dusk-Mane|100/100
|-damage|p1a: Necrozma|94/100|[from] Stealth Rock
|move|p2a: Ditto|Grass Knot|p1a: Necrozma
|-resisted|p1a: Necrozma
|-damage|p1a: Necrozma|78/100
|
|-heal|p1a: Necrozma|84/100|[from] item: Leftovers
|upkeep
|turn|60
|
|t:|1637453264
|switch|p2a: Necrozma|Necrozma-Dusk-Mane|68/100
|-damage|p2a: Necrozma|62/100|[from] Stealth Rock
|move|p1a: Necrozma|Dragon Dance|p1a: Necrozma
|-boost|p1a: Necrozma|atk|1
|-boost|p1a: Necrozma|spe|1
|
|-heal|p1a: Necrozma|90/100|[from] item: Leftovers
|upkeep
|turn|61
|
|t:|1637453267
|move|p1a: Necrozma|Sunsteel Strike|p2a: Necrozma
|-resisted|p2a: Necrozma
|-damage|p2a: Necrozma|37/100
|-damage|p1a: Necrozma|73/100|[from] item: Rocky Helmet|[of] p2a: Necrozma
|move|p2a: Necrozma|Knock Off|p1a: Necrozma
|-supereffective|p1a: Necrozma
|-damage|p1a: Necrozma|36/100
|-enditem|p1a: Necrozma|Leftovers|[from] move: Knock Off|[of] p2a: Necrozma
|
|upkeep
|turn|62
|
|t:|1637453272
|move|p1a: Necrozma|Moonlight|p1a: Necrozma
|-heal|p1a: Necrozma|86/100
|move|p2a: Necrozma|Morning Sun|p2a: Necrozma
|-heal|p2a: Necrozma|87/100
|
|upkeep
|turn|63
|
|t:|1637453275
|move|p1a: Necrozma|Dragon Dance|p1a: Necrozma
|-boost|p1a: Necrozma|atk|1
|-boost|p1a: Necrozma|spe|1
|move|p2a: Necrozma|Knock Off|p1a: Necrozma
|-supereffective|p1a: Necrozma
|-damage|p1a: Necrozma|62/100
|
|upkeep
|turn|64
|
|t:|1637453280
|move|p1a: Necrozma|Moonlight|p1a: Necrozma
|-heal|p1a: Necrozma|100/100
|move|p2a: Necrozma|Knock Off|p1a: Necrozma
|-supereffective|p1a: Necrozma
|-damage|p1a: Necrozma|79/100
|
|upkeep
|turn|65
|
|t:|1637453282
|move|p1a: Necrozma|Sunsteel Strike|p2a: Necrozma
|-resisted|p2a: Necrozma
|-damage|p2a: Necrozma|54/100
|-damage|p1a: Necrozma|63/100|[from] item: Rocky Helmet|[of] p2a: Necrozma
|move|p2a: Necrozma|Knock Off|p1a: Necrozma
|-supereffective|p1a: Necrozma
|-damage|p1a: Necrozma|39/100
|
|upkeep
|turn|66
|
|t:|1637453286
|move|p1a: Necrozma|Moonlight|p1a: Necrozma
|-heal|p1a: Necrozma|89/100
|move|p2a: Necrozma|Morning Sun|p2a: Necrozma
|-heal|p2a: Necrozma|100/100
|
|upkeep
|turn|67
|
|t:|1637453290
|move|p1a: Necrozma|Sunsteel Strike|p2a: Necrozma
|-resisted|p2a: Necrozma
|-damage|p2a: Necrozma|71/100
|-damage|p1a: Necrozma|72/100|[from] item: Rocky Helmet|[of] p2a: Necrozma
|move|p2a: Necrozma|Knock Off|p1a: Necrozma
|-supereffective|p1a: Necrozma
|-damage|p1a: Necrozma|50/100
|
|upkeep
|turn|68
|
|t:|1637453294
|move|p1a: Necrozma|Moonlight|p1a: Necrozma
|-heal|p1a: Necrozma|99/100
|move|p2a: Necrozma|Knock Off|p1a: Necrozma
|-supereffective|p1a: Necrozma
|-damage|p1a: Necrozma|76/100
|
|upkeep
|turn|69
|
|t:|1637453296
|move|p1a: Necrozma|Sunsteel Strike|p2a: Necrozma
|-resisted|p2a: Necrozma
|-damage|p2a: Necrozma|40/100
|-damage|p1a: Necrozma|59/100|[from] item: Rocky Helmet|[of] p2a: Necrozma
|move|p2a: Necrozma|Knock Off|p1a: Necrozma
|-supereffective|p1a: Necrozma
|-damage|p1a: Necrozma|35/100
|
|upkeep
|turn|70
|
|t:|1637453300
|move|p1a: Necrozma|Sunsteel Strike|p2a: Necrozma
|-resisted|p2a: Necrozma
|-damage|p2a: Necrozma|6/100
|-damage|p1a: Necrozma|19/100|[from] item: Rocky Helmet|[of] p2a: Necrozma
|move|p2a: Necrozma|Morning Sun|p2a: Necrozma
|-heal|p2a: Necrozma|56/100
|
|upkeep
|turn|71
|
|t:|1637453304
|move|p1a: Necrozma|Sunsteel Strike|p2a: Necrozma
|-resisted|p2a: Necrozma
|-damage|p2a: Necrozma|25/100
|-damage|p1a: Necrozma|2/100|[from] item: Rocky Helmet|[of] p2a: Necrozma
|move|p2a: Necrozma|Morning Sun|p2a: Necrozma
|-heal|p2a: Necrozma|75/100
|
|upkeep
|turn|72
|
|t:|1637453306
|move|p1a: Necrozma|Moonlight|p1a: Necrozma
|-heal|p1a: Necrozma|52/100
|move|p2a: Necrozma|Knock Off|p1a: Necrozma
|-supereffective|p1a: Necrozma
|-damage|p1a: Necrozma|28/100
|
|upkeep
|turn|73
|
|t:|1637453309
|move|p1a: Necrozma|Moonlight|p1a: Necrozma
|-heal|p1a: Necrozma|78/100
|move|p2a: Necrozma|Knock Off|p1a: Necrozma
|-supereffective|p1a: Necrozma
|-damage|p1a: Necrozma|53/100
|
|upkeep
|turn|74
|
|t:|1637453315
|move|p1a: Necrozma|Sunsteel Strike|p2a: Necrozma
|-resisted|p2a: Necrozma
|-damage|p2a: Necrozma|43/100
|-damage|p1a: Necrozma|37/100|[from] item: Rocky Helmet|[of] p2a: Necrozma
|move|p2a: Necrozma|Knock Off|p1a: Necrozma
|-supereffective|p1a: Necrozma
|-damage|p1a: Necrozma|15/100
|
|upkeep
|turn|75
|
|t:|1637453318
|move|p1a: Necrozma|Moonlight|p1a: Necrozma
|-heal|p1a: Necrozma|65/100
|move|p2a: Necrozma|Morning Sun|p2a: Necrozma
|-heal|p2a: Necrozma|93/100
|
|upkeep
|turn|76
|
|t:|1637453322
|switch|p1a: Tangrowth|Tangrowth, F|77/100
|-damage|p1a: Tangrowth|65/100|[from] Stealth Rock
|move|p2a: Necrozma|Knock Off|p1a: Tangrowth
|-damage|p1a: Tangrowth|53/100
|
|upkeep
|turn|77
|
|t:|1637453329
|switch|p2a: Ditto|Ditto|77/100
|-damage|p2a: Ditto|65/100|[from] Stealth Rock
|-transform|p2a: Ditto|p1a: Tangrowth|[from] ability: Imposter
|move|p1a: Tangrowth|Leech Seed|p2a: Ditto
|-immune|p2a: Ditto
|
|upkeep
|turn|78
|
|t:|1637453334
|switch|p1a: Eternatus|Eternatus|72/100
|-ability|p1a: Eternatus|Pressure
|move|p2a: Ditto|Grass Knot|p1a: Eternatus
|-resisted|p1a: Eternatus
|-damage|p1a: Eternatus|65/100
|
|upkeep
|turn|79
|
|t:|1637453338
|switch|p2a: Blissey|Blissey, F|100/100
|-damage|p2a: Blissey|88/100|[from] Stealth Rock
|move|p1a: Eternatus|Mystical Fire|p2a: Blissey
|-damage|p2a: Blissey|82/100
|-unboost|p2a: Blissey|spa|1
|
|upkeep
|turn|80
|
|t:|1637453344
|move|p1a: Eternatus|Sludge Bomb|p2a: Blissey
|-damage|p2a: Blissey|69/100
|move|p2a: Blissey|Seismic Toss|p1a: Eternatus
|-damage|p1a: Eternatus|45/100
|
|upkeep
|turn|81
|
|t:|1637453346
|move|p1a: Eternatus|Recover|p1a: Eternatus
|-heal|p1a: Eternatus|95/100
|move|p2a: Blissey|Seismic Toss|p1a: Eternatus
|-damage|p1a: Eternatus|74/100
|
|upkeep
|turn|82
|
|t:|1637453350
|move|p1a: Eternatus|Mystical Fire|p2a: Blissey
|-damage|p2a: Blissey|63/100
|-unboost|p2a: Blissey|spa|1
|move|p2a: Blissey|Soft-Boiled|p2a: Blissey
|-heal|p2a: Blissey|100/100
|
|upkeep
|turn|83
|
|t:|1637453352
|move|p1a: Eternatus|Sludge Bomb|p2a: Blissey
|-damage|p2a: Blissey|89/100
|move|p2a: Blissey|Seismic Toss|p1a: Eternatus
|-damage|p1a: Eternatus|53/100
|
|upkeep
|turn|84
|
|t:|1637453354
|move|p1a: Eternatus|Recover|p1a: Eternatus
|-heal|p1a: Eternatus|100/100
|move|p2a: Blissey|Seismic Toss|p1a: Eternatus
|-damage|p1a: Eternatus|80/100
|
|upkeep
|turn|85
|
|t:|1637453359
|switch|p1a: Marshadow|Marshadow|94/100
|-damage|p1a: Marshadow|88/100|[from] Stealth Rock
|move|p2a: Blissey|Seismic Toss|p1a: Marshadow
|-immune|p1a: Marshadow
|
|upkeep
|turn|86
|
|t:|1637453362
|switch|p2a: Necrozma|Necrozma-Dusk-Mane|93/100
|-damage|p2a: Necrozma|87/100|[from] Stealth Rock
|move|p1a: Marshadow|Ice Punch|p2a: Necrozma
|-resisted|p2a: Necrozma
|-damage|p2a: Necrozma|78/100
|-damage|p1a: Marshadow|72/100|[from] item: Rocky Helmet|[of] p2a: Necrozma
|-damage|p1a: Marshadow|62/100|[from] item: Life Orb
|
|upkeep
|turn|87
|
|t:|1637453368
|move|p1a: Marshadow|Poltergeist|p2a: Necrozma
|-activate|p2a: Necrozma|move: Poltergeist|Rocky Helmet
|-supereffective|p2a: Necrozma
|-damage|p2a: Necrozma|20/100
|-damage|p1a: Marshadow|52/100|[from] item: Life Orb
|move|p2a: Necrozma|Sunsteel Strike|p1a: Marshadow
|-damage|p1a: Marshadow|0 fnt
|faint|p1a: Marshadow
|
|upkeep
|
|t:|1637453373
|switch|p1a: Eternatus|Eternatus|80/100
|-ability|p1a: Eternatus|Pressure
|turn|88
|
|t:|1637453378
|switch|p2a: Blissey|Blissey, F|89/100
|-damage|p2a: Blissey|77/100|[from] Stealth Rock
|move|p1a: Eternatus|Mystical Fire|p2a: Blissey
|-damage|p2a: Blissey|71/100
|-unboost|p2a: Blissey|spa|1
|
|upkeep
|turn|89
|
|t:|1637453381
|switch|p1a: Necrozma|Necrozma-Dusk-Mane|65/100
|-damage|p1a: Necrozma|59/100|[from] Stealth Rock
|move|p2a: Blissey|Confide|p1a: Necrozma
|-unboost|p1a: Necrozma|spa|1
|
|upkeep
|turn|90
|
|t:|1637453394
|switch|p2a: Necrozma|Necrozma-Dusk-Mane|20/100
|-damage|p2a: Necrozma|14/100|[from] Stealth Rock
|move|p1a: Necrozma|Sunsteel Strike|p2a: Necrozma
|-resisted|p2a: Necrozma
|-damage|p2a: Necrozma|0 fnt
|-damage|p1a: Necrozma|42/100|[from] item: Rocky Helmet|[of] p2a: Necrozma
|faint|p2a: Necrozma
|
|upkeep
|
|t:|1637453399
|switch|p2a: Ditto|Ditto|98/100
|-damage|p2a: Ditto|86/100|[from] Stealth Rock
|-transform|p2a: Ditto|p1a: Necrozma|[from] ability: Imposter
|turn|91
|
|t:|1637453403
|move|p2a: Ditto|Sunsteel Strike|p1a: Necrozma
|-resisted|p1a: Necrozma
|-damage|p1a: Necrozma|22/100
|move|p1a: Necrozma|Moonlight|p1a: Necrozma
|-heal|p1a: Necrozma|72/100
|
|upkeep
|turn|92
|
|t:|1637453409
|move|p2a: Ditto|Sunsteel Strike|p1a: Necrozma
|-resisted|p1a: Necrozma
|-damage|p1a: Necrozma|50/100
|move|p1a: Necrozma|Dragon Dance|p1a: Necrozma
|-boost|p1a: Necrozma|atk|1
|-boost|p1a: Necrozma|spe|1
|
|upkeep
|turn|93
|
|t:|1637453416
|move|p1a: Necrozma|Stone Edge|p2a: Ditto
|-resisted|p2a: Ditto
|-damage|p2a: Ditto|59/100
|move|p2a: Ditto|Sunsteel Strike|p1a: Necrozma
|-resisted|p1a: Necrozma
|-damage|p1a: Necrozma|29/100
|
|upkeep
|turn|94
|
|t:|1637453420
|move|p1a: Necrozma|Stone Edge|p2a: Ditto
|-resisted|p2a: Ditto
|-damage|p2a: Ditto|31/100
|move|p2a: Ditto|Sunsteel Strike|p1a: Necrozma
|-resisted|p1a: Necrozma
|-damage|p1a: Necrozma|6/100
|
|upkeep
|turn|95
|
|t:|1637453435
|move|p1a: Necrozma|Stone Edge|p2a: Ditto
|-resisted|p2a: Ditto
|-damage|p2a: Ditto|4/100
|move|p2a: Ditto|Sunsteel Strike|p1a: Necrozma
|-resisted|p1a: Necrozma
|-damage|p1a: Necrozma|0 fnt
|faint|p1a: Necrozma
|
|upkeep
|
|t:|1637453442
|switch|p1a: Tangrowth|Tangrowth, F|86/100
|-damage|p1a: Tangrowth|74/100|[from] Stealth Rock
|turn|96
|
|t:|1637453445
|switch|p2a: Blissey|Blissey, F|71/100
|-damage|p2a: Blissey|58/100|[from] Stealth Rock
|move|p1a: Tangrowth|Leech Seed|p2a: Blissey
|-start|p2a: Blissey|move: Leech Seed
|
|-damage|p2a: Blissey|46/100|[from] Leech Seed|[of] p1a: Tangrowth
|-heal|p1a: Tangrowth|96/100|[silent]
|upkeep
|turn|97
|
|t:|1637453448
|move|p2a: Blissey|Soft-Boiled|p2a: Blissey
|-heal|p2a: Blissey|96/100
|move|p1a: Tangrowth|Earthquake|p2a: Blissey
|-damage|p2a: Blissey|50/100
|
|-damage|p2a: Blissey|37/100|[from] Leech Seed|[of] p1a: Tangrowth
|-heal|p1a: Tangrowth|100/100|[silent]
|upkeep
|turn|98
|
|t:|1637453451
|move|p2a: Blissey|Seismic Toss|p1a: Tangrowth
|-damage|p1a: Tangrowth|76/100
|move|p1a: Tangrowth|Earthquake|p2a: Blissey
|-damage|p2a: Blissey|0 fnt
|faint|p2a: Blissey
|
|upkeep
|
|t:|1637453453
|switch|p2a: Ditto|Ditto|4/100
|-damage|p2a: Ditto|0 fnt|[from] Stealth Rock
|faint|p2a: Ditto
|
|win|I Crit My Panties
|raw|I Crit My Panties's rating: 1582 &rarr; <strong>1608</strong><br />(+26 for winning)
|raw|Pkmn3443's rating: 1682 &rarr; <strong>1656</strong><br />(-26 for losing)
