|j|☆MasterNath
|j|☆Neutralist
|t:|1666598008
|gametype|singles
|player|p1|MasterNath|gambler|1474
|player|p2|Neutralist|169|1519
|teamsize|p1|6
|teamsize|p2|6
|gen|8
|tier|[Gen 8] Ubers
|rated|
|rule|Sleep Clause Mod: Limit one foe put to sleep
|rule|Species Clause: Limit one of each Pokémon
|rule|OHKO Clause: OHKO moves are banned
|rule|Evasion Items Clause: Evasion items are banned
|rule|Evasion Moves Clause: Evasion moves are banned
|rule|Endless Battle Clause: Forcing endless battles is banned
|rule|HP Percentage Mod: HP is shown in percentages
|rule|Dynamax Clause: You cannot dynamax
|clearpoke
|poke|p1|Xerneas-*|
|poke|p1|Yveltal|
|poke|p1|Necrozma-Dusk-Mane|
|poke|p1|Eternatus|
|poke|p1|Zygarde|
|poke|p1|Marshadow|
|poke|p2|Zekrom|
|poke|p2|Kyogre|
|poke|p2|Yveltal|
|poke|p2|Ferrothorn, M|
|poke|p2|Zygarde|
|poke|p2|Xerneas-*|
|teampreview
|inactive|Battle timer is ON: inactive players will automatically lose when time's up. (requested by MasterNath)
|
|t:|1666598014
|start
|switch|p1a: Sasageyo!|Necrozma-Dusk-Mane|100/100
|switch|p2a: Abyssal|Kyogre|100/100
|-weather|RainDance|[from] ability: Drizzle|[of] p2a: Abyssal
|turn|1
|
|t:|1666598018
|move|p2a: Abyssal|Scald|p1a: Sasageyo!
|-damage|p1a: Sasageyo!|66/100
|-status|p1a: Sasageyo!|brn
|move|p1a: Sasageyo!|Thunder Wave|p2a: Abyssal
|-status|p2a: Abyssal|par
|
|-weather|RainDance|[upkeep]
|-heal|p1a: Sasageyo!|72/100 brn|[from] item: Leftovers
|-damage|p1a: Sasageyo!|66/100 brn|[from] brn
|upkeep
|turn|2
|
|t:|1666598024
|move|p1a: Sasageyo!|Moonlight|p1a: Sasageyo!
|-heal|p1a: Sasageyo!|91/100 brn
|move|p2a: Abyssal|Scald|p1a: Sasageyo!
|-damage|p1a: Sasageyo!|56/100 brn
|
|-weather|RainDance|[upkeep]
|-heal|p1a: Sasageyo!|62/100 brn|[from] item: Leftovers
|-damage|p1a: Sasageyo!|56/100 brn|[from] brn
|upkeep
|turn|3
|
|t:|1666598029
|switch|p1a: Sasageyo!Sasageyo!|Xerneas|100/100
|-ability|p1a: Sasageyo!Sasageyo!|Fairy Aura
|switch|p2a: Cell|Zygarde|100/100
|
|-weather|RainDance|[upkeep]
|upkeep
|turn|4
|
|t:|1666598035
|move|p2a: Cell|Glare|p1a: Sasageyo!Sasageyo!
|-status|p1a: Sasageyo!Sasageyo!|par
|move|p1a: Sasageyo!Sasageyo!|Moonblast|p2a: Cell
|-supereffective|p2a: Cell
|-damage|p2a: Cell|0 fnt
|faint|p2a: Cell
|
|-weather|RainDance|[upkeep]
|upkeep
|
|t:|1666598046
|switch|p2a: Kirin|Xerneas|100/100
|-ability|p2a: Kirin|Fairy Aura
|turn|5
|
|t:|1666598059
|move|p2a: Kirin|Geomancy||[still]
|-prepare|p2a: Kirin|Geomancy
|-enditem|p2a: Kirin|Power Herb
|-anim|p2a: Kirin|Geomancy|p2a: Kirin
|-boost|p2a: Kirin|spa|2
|-boost|p2a: Kirin|spd|2
|-boost|p2a: Kirin|spe|2
|move|p1a: Sasageyo!Sasageyo!|Geomancy||[still]
|-prepare|p1a: Sasageyo!Sasageyo!|Geomancy
|-enditem|p1a: Sasageyo!Sasageyo!|Power Herb
|-anim|p1a: Sasageyo!Sasageyo!|Geomancy|p1a: Sasageyo!Sasageyo!
|-boost|p1a: Sasageyo!Sasageyo!|spa|2
|-boost|p1a: Sasageyo!Sasageyo!|spd|2
|-boost|p1a: Sasageyo!Sasageyo!|spe|2
|
|-weather|none
|upkeep
|turn|6
|
|t:|1666598066
|move|p2a: Kirin|Moonblast|p1a: Sasageyo!Sasageyo!
|-damage|p1a: Sasageyo!Sasageyo!|52/100 par
|move|p1a: Sasageyo!Sasageyo!|Moonblast|p2a: Kirin
|-damage|p2a: Kirin|43/100
|-unboost|p2a: Kirin|spa|1
|
|upkeep
|turn|7
|
|t:|1666598078
|move|p2a: Kirin|Moonblast|p1a: Sasageyo!Sasageyo!
|-damage|p1a: Sasageyo!Sasageyo!|11/100 par
|move|p1a: Sasageyo!Sasageyo!|Moonblast|p2a: Kirin
|-damage|p2a: Kirin|0 fnt
|faint|p2a: Kirin
|
|upkeep
|
|t:|1666598086
|switch|p2a: Bloodblight|Yveltal|100/100
|-ability|p2a: Bloodblight|Dark Aura
|turn|8
|
|t:|1666598105
|move|p2a: Bloodblight|Knock Off|p1a: Sasageyo!Sasageyo!
|-resisted|p1a: Sasageyo!Sasageyo!
|-damage|p1a: Sasageyo!Sasageyo!|0 fnt
|faint|p1a: Sasageyo!Sasageyo!
|
|upkeep
|
|t:|1666598115
|switch|p1a: Susumu beki mirai|Eternatus|100/100
|-ability|p1a: Susumu beki mirai|Pressure
|turn|9
|
|t:|1666598125
|switch|p2a: Hermitaur|Ferrothorn, M|100/100
|move|p1a: Susumu beki mirai|Dynamax Cannon|p2a: Hermitaur
|-resisted|p2a: Hermitaur
|-damage|p2a: Hermitaur|84/100
|
|-heal|p2a: Hermitaur|91/100|[from] item: Leftovers
|upkeep
|turn|10
|
|t:|1666598128
|move|p1a: Susumu beki mirai|Mystical Fire|p2a: Hermitaur
|-supereffective|p2a: Hermitaur
|-damage|p2a: Hermitaur|26/100
|-unboost|p2a: Hermitaur|spa|1
|move|p2a: Hermitaur|Thunder Wave|p1a: Susumu beki mirai
|-status|p1a: Susumu beki mirai|par
|
|-heal|p2a: Hermitaur|32/100|[from] item: Leftovers
|upkeep
|turn|11
|
|t:|1666598134
|switch|p2a: Abyssal|Kyogre|100/100 par
|-weather|RainDance|[from] ability: Drizzle|[of] p2a: Abyssal
|move|p1a: Susumu beki mirai|Mystical Fire|p2a: Abyssal
|-resisted|p2a: Abyssal
|-damage|p2a: Abyssal|97/100 par
|-unboost|p2a: Abyssal|spa|1
|
|-weather|RainDance|[upkeep]
|-heal|p2a: Abyssal|100/100 par|[from] item: Leftovers
|upkeep
|turn|12
|
|t:|1666598139
|move|p1a: Susumu beki mirai|Mystical Fire|p2a: Abyssal
|-resisted|p2a: Abyssal
|-damage|p2a: Abyssal|97/100 par
|-unboost|p2a: Abyssal|spa|1
|cant|p2a: Abyssal|par
|
|-weather|RainDance|[upkeep]
|-heal|p2a: Abyssal|100/100 par|[from] item: Leftovers
|upkeep
|turn|13
|
|t:|1666598158
|switch|p1a: wo sono te de|Zygarde|100/100
|move|p2a: Abyssal|Roar|p1a: wo sono te de
|drag|p1a: Susumu beki mirai|Eternatus|100/100 par
|-ability|p1a: Susumu beki mirai|Pressure
|
|-weather|RainDance|[upkeep]
|upkeep
|turn|14
|
|t:|1666598167
|switch|p2a: Bloodblight|Yveltal|100/100
|-ability|p2a: Bloodblight|Dark Aura
|cant|p1a: Susumu beki mirai|par
|
|-weather|RainDance|[upkeep]
|upkeep
|turn|15
|
|t:|1666598170
|move|p2a: Bloodblight|Knock Off|p1a: Susumu beki mirai
|-damage|p1a: Susumu beki mirai|60/100 par
|-enditem|p1a: Susumu beki mirai|Heavy-Duty Boots|[from] move: Knock Off|[of] p2a: Bloodblight
|move|p1a: Susumu beki mirai|Toxic|p2a: Bloodblight
|-status|p2a: Bloodblight|tox
|
|-weather|none
|-damage|p2a: Bloodblight|94/100 tox|[from] psn
|upkeep
|turn|16
|
|t:|1666598178
|switch|p2a: Abyssal|Kyogre|100/100 par
|-weather|RainDance|[from] ability: Drizzle|[of] p2a: Abyssal
|move|p1a: Susumu beki mirai|Recover|p1a: Susumu beki mirai
|-heal|p1a: Susumu beki mirai|100/100 par
|
|-weather|RainDance|[upkeep]
|upkeep
|turn|17
|
|t:|1666598187
|cant|p1a: Susumu beki mirai|par
|move|p2a: Abyssal|Roar|p1a: Susumu beki mirai
|drag|p1a: wo sono te de|Zygarde|100/100
|
|-weather|RainDance|[upkeep]
|upkeep
|turn|18
|
|t:|1666598197
|move|p1a: wo sono te de|Substitute|p1a: wo sono te de
|-start|p1a: wo sono te de|Substitute
|-damage|p1a: wo sono te de|76/100
|move|p2a: Abyssal|Scald|p1a: wo sono te de
|-end|p1a: wo sono te de|Substitute
|
|-weather|RainDance|[upkeep]
|-heal|p1a: wo sono te de|82/100|[from] item: Leftovers
|upkeep
|turn|19
|
|t:|1666598202
|move|p1a: wo sono te de|Dragon Dance|p1a: wo sono te de
|-boost|p1a: wo sono te de|atk|1
|-boost|p1a: wo sono te de|spe|1
|cant|p2a: Abyssal|par
|
|-weather|RainDance|[upkeep]
|-heal|p1a: wo sono te de|88/100|[from] item: Leftovers
|upkeep
|turn|20
|
|t:|1666598209
|move|p1a: wo sono te de|Dragon Dance|p1a: wo sono te de
|-boost|p1a: wo sono te de|atk|1
|-boost|p1a: wo sono te de|spe|1
|move|p2a: Abyssal|Roar|p1a: wo sono te de
|drag|p1a: kirihirake!|Marshadow|100/100
|
|-weather|none
|upkeep
|turn|21
|
|t:|1666598220
|move|p1a: kirihirake!|Low Kick|p2a: Abyssal
|-damage|p2a: Abyssal|39/100 par
|move|p2a: Abyssal|Scald|p1a: kirihirake!
|-damage|p1a: kirihirake!|54/100
|-status|p1a: kirihirake!|brn
|
|-heal|p2a: Abyssal|45/100 par|[from] item: Leftovers
|-damage|p1a: kirihirake!|48/100 brn|[from] brn
|upkeep
|turn|22
|
|t:|1666598227
|move|p1a: kirihirake!|Low Kick|p2a: Abyssal
|-damage|p2a: Abyssal|13/100 par
|move|p2a: Abyssal|Rest|p2a: Abyssal
|-status|p2a: Abyssal|slp|[from] move: Rest
|-heal|p2a: Abyssal|100/100 slp|[silent]
|
|-damage|p1a: kirihirake!|41/100 brn|[from] brn
|upkeep
|turn|23
|
|t:|1666598238
|switch|p1a: wo sono te de|Zygarde|88/100
|switch|p2a: Hermitaur|Ferrothorn, M|32/100
|
|-heal|p1a: wo sono te de|94/100|[from] item: Leftovers
|-heal|p2a: Hermitaur|38/100|[from] item: Leftovers
|upkeep
|turn|24
|
|t:|1666598245
|move|p1a: wo sono te de|Substitute|p1a: wo sono te de
|-start|p1a: wo sono te de|Substitute
|-damage|p1a: wo sono te de|69/100
|move|p2a: Hermitaur|Stealth Rock|p1a: wo sono te de
|-sidestart|p1: MasterNath|move: Stealth Rock
|
|-heal|p1a: wo sono te de|75/100|[from] item: Leftovers
|-heal|p2a: Hermitaur|45/100|[from] item: Leftovers
|upkeep
|turn|25
|
|t:|1666598250
|switch|p2a: Abyssal|Kyogre|100/100 slp
|-weather|RainDance|[from] ability: Drizzle|[of] p2a: Abyssal
|move|p1a: wo sono te de|Dragon Dance|p1a: wo sono te de
|-boost|p1a: wo sono te de|atk|1
|-boost|p1a: wo sono te de|spe|1
|
|-weather|RainDance|[upkeep]
|-heal|p1a: wo sono te de|81/100|[from] item: Leftovers
|upkeep
|turn|26
|
|t:|1666598256
|move|p1a: wo sono te de|Dragon Dance|p1a: wo sono te de
|-boost|p1a: wo sono te de|atk|1
|-boost|p1a: wo sono te de|spe|1
|cant|p2a: Abyssal|slp
|move|p2a: Abyssal|Sleep Talk|p2a: Abyssal
|move|p2a: Abyssal|Rest||[from]move: Sleep Talk|[still]
|-fail|p2a: Abyssal
|
|-weather|RainDance|[upkeep]
|-heal|p1a: wo sono te de|87/100|[from] item: Leftovers
|upkeep
|turn|27
|
|t:|1666598259
|move|p1a: wo sono te de|Thousand Arrows|p2a: Abyssal
|-damage|p2a: Abyssal|48/100 slp
|cant|p2a: Abyssal|slp
|move|p2a: Abyssal|Sleep Talk|p2a: Abyssal
|move|p2a: Abyssal|Roar|p1a: wo sono te de|[from]move: Sleep Talk
|drag|p1a: Shinzou wo|Yveltal|100/100
|-ability|p1a: Shinzou wo|Dark Aura
|
|-weather|RainDance|[upkeep]
|-heal|p2a: Abyssal|54/100 slp|[from] item: Leftovers
|upkeep
|turn|28
|
|t:|1666598269
|-curestatus|p2a: Abyssal|slp|[msg]
|move|p2a: Abyssal|Rest|p2a: Abyssal
|-status|p2a: Abyssal|slp|[from] move: Rest
|-heal|p2a: Abyssal|100/100 slp|[silent]
|move|p1a: Shinzou wo|Knock Off|p2a: Abyssal
|-damage|p2a: Abyssal|64/100 slp
|-enditem|p2a: Abyssal|Leftovers|[from] move: Knock Off|[of] p1a: Shinzou wo
|
|-weather|RainDance|[upkeep]
|upkeep
|turn|29
|
|t:|1666598282
|cant|p2a: Abyssal|slp
|move|p2a: Abyssal|Sleep Talk|p2a: Abyssal
|move|p2a: Abyssal|Scald|p1a: Shinzou wo|[from]move: Sleep Talk
|-damage|p1a: Shinzou wo|68/100
|-status|p1a: Shinzou wo|brn
|move|p1a: Shinzou wo|Defog|p2a: Abyssal
|-unboost|p2a: Abyssal|evasion|1
|-sideend|p1: MasterNath|Stealth Rock|[from] move: Defog|[of] p1a: Shinzou wo
|
|-weather|none
|-damage|p1a: Shinzou wo|62/100 brn|[from] brn
|upkeep
|turn|30
|
|t:|1666598303
|cant|p2a: Abyssal|slp
|move|p2a: Abyssal|Sleep Talk|p2a: Abyssal
|move|p2a: Abyssal|Roar|p1a: Shinzou wo|[from]move: Sleep Talk
|drag|p1a: wo sono te de|Zygarde|87/100
|
|-heal|p1a: wo sono te de|93/100|[from] item: Leftovers
|upkeep
|turn|31
|
|t:|1666598313
|move|p1a: wo sono te de|Thousand Arrows|p2a: Abyssal
|-damage|p2a: Abyssal|36/100 slp
|-curestatus|p2a: Abyssal|slp|[msg]
|move|p2a: Abyssal|Roar|p1a: wo sono te de
|drag|p1a: kirihirake!|Marshadow|41/100 brn
|
|-damage|p1a: kirihirake!|35/100 brn|[from] brn
|upkeep
|turn|32
|
|t:|1666598319
|move|p1a: kirihirake!|Low Kick|p2a: Abyssal
|-damage|p2a: Abyssal|7/100
|move|p2a: Abyssal|Rest|p2a: Abyssal
|-status|p2a: Abyssal|slp|[from] move: Rest
|-heal|p2a: Abyssal|100/100 slp|[silent]
|
|-damage|p1a: kirihirake!|29/100 brn|[from] brn
|upkeep
|turn|33
|
|t:|1666598338
|move|p1a: kirihirake!|Low Kick|p2a: Abyssal
|-damage|p2a: Abyssal|70/100 slp
|cant|p2a: Abyssal|slp
|move|p2a: Abyssal|Sleep Talk|p2a: Abyssal
|move|p2a: Abyssal|Scald|p1a: kirihirake!|[from]move: Sleep Talk
|-damage|p1a: kirihirake!|0 fnt
|faint|p1a: kirihirake!
|
|upkeep
|
|t:|1666598343
|switch|p1a: Sasageyo!|Necrozma-Dusk-Mane|56/100 brn
|turn|34
|
|t:|1666598350
|cant|p2a: Abyssal|slp
|move|p2a: Abyssal|Sleep Talk|p2a: Abyssal
|move|p2a: Abyssal|Scald|p1a: Sasageyo!|[from]move: Sleep Talk
|-crit|p1a: Sasageyo!
|-damage|p1a: Sasageyo!|21/100 brn
|move|p1a: Sasageyo!|Stealth Rock|p2a: Abyssal
|-sidestart|p2: Neutralist|move: Stealth Rock
|
|-heal|p1a: Sasageyo!|27/100 brn|[from] item: Leftovers
|-damage|p1a: Sasageyo!|21/100 brn|[from] brn
|upkeep
|turn|35
|
|t:|1666598357
|-curestatus|p2a: Abyssal|slp|[msg]
|move|p2a: Abyssal|Scald|p1a: Sasageyo!
|-damage|p1a: Sasageyo!|0 fnt
|faint|p1a: Sasageyo!
|
|upkeep
|
|t:|1666598367
|switch|p1a: Susumu beki mirai|Eternatus|100/100 par
|-ability|p1a: Susumu beki mirai|Pressure
|turn|36
|
|t:|1666598370
|move|p1a: Susumu beki mirai|Toxic|p2a: Abyssal
|-status|p2a: Abyssal|tox
|move|p2a: Abyssal|Roar|p1a: Susumu beki mirai
|drag|p1a: Shinzou wo|Yveltal|62/100 brn
|-ability|p1a: Shinzou wo|Dark Aura
|
|-damage|p2a: Abyssal|64/100 tox|[from] psn
|-damage|p1a: Shinzou wo|56/100 brn|[from] brn
|upkeep
|turn|37
|
|t:|1666598376
|move|p2a: Abyssal|Scald|p1a: Shinzou wo
|-damage|p1a: Shinzou wo|35/100 brn
|move|p1a: Shinzou wo|U-turn|p2a: Abyssal
|-damage|p2a: Abyssal|58/100 tox
|
|t:|1666598378
|switch|p1a: wo sono te de|Zygarde|93/100|[from]move: U-turn
|
|-heal|p1a: wo sono te de|99/100|[from] item: Leftovers
|-damage|p2a: Abyssal|46/100 tox|[from] psn
|upkeep
|turn|38
|
|t:|1666598386
|move|p1a: wo sono te de|Dragon Dance|p1a: wo sono te de
|-boost|p1a: wo sono te de|atk|1
|-boost|p1a: wo sono te de|spe|1
|move|p2a: Abyssal|Roar|p1a: wo sono te de
|drag|p1a: Susumu beki mirai|Eternatus|100/100 par
|-ability|p1a: Susumu beki mirai|Pressure
|
|-damage|p2a: Abyssal|27/100 tox|[from] psn
|upkeep
|turn|39
|
|t:|1666598396
|move|p2a: Abyssal|Rest|p2a: Abyssal
|-status|p2a: Abyssal|slp|[from] move: Rest
|-heal|p2a: Abyssal|100/100 slp|[silent]
|move|p1a: Susumu beki mirai|Dynamax Cannon|p2a: Abyssal
|-damage|p2a: Abyssal|68/100 slp
|
|upkeep
|turn|40
|
|t:|1666598402
|switch|p2a: Hermitaur|Ferrothorn, M|45/100
|-damage|p2a: Hermitaur|38/100|[from] Stealth Rock
|move|p1a: Susumu beki mirai|Dynamax Cannon|p2a: Hermitaur
|-resisted|p2a: Hermitaur
|-damage|p2a: Hermitaur|24/100
|
|-heal|p2a: Hermitaur|30/100|[from] item: Leftovers
|upkeep
|turn|41
|
|t:|1666598406
|switch|p2a: Abyssal|Kyogre|68/100 slp
|-damage|p2a: Abyssal|55/100 slp|[from] Stealth Rock
|-weather|RainDance|[from] ability: Drizzle|[of] p2a: Abyssal
|move|p1a: Susumu beki mirai|Mystical Fire|p2a: Abyssal
|-resisted|p2a: Abyssal
|-damage|p2a: Abyssal|52/100 slp
|-unboost|p2a: Abyssal|spa|1
|
|-weather|RainDance|[upkeep]
|upkeep
|turn|42
|
|t:|1666598410
|cant|p2a: Abyssal|slp
|move|p2a: Abyssal|Sleep Talk|p2a: Abyssal
|move|p2a: Abyssal|Scald|p1a: Susumu beki mirai|[from]move: Sleep Talk
|-resisted|p1a: Susumu beki mirai
|-damage|p1a: Susumu beki mirai|89/100 par
|move|p1a: Susumu beki mirai|Dynamax Cannon|p2a: Abyssal
|-damage|p2a: Abyssal|21/100 slp
|
|-weather|RainDance|[upkeep]
|upkeep
|turn|43
|
|t:|1666598421
|cant|p2a: Abyssal|slp
|move|p2a: Abyssal|Sleep Talk|p2a: Abyssal
|move|p2a: Abyssal|Scald|p1a: Susumu beki mirai|[from]move: Sleep Talk
|-resisted|p1a: Susumu beki mirai
|-damage|p1a: Susumu beki mirai|78/100 par
|move|p1a: Susumu beki mirai|Dynamax Cannon|p2a: Abyssal
|-damage|p2a: Abyssal|0 fnt
|faint|p2a: Abyssal
|
|-weather|RainDance|[upkeep]
|upkeep
|
|t:|1666598423
|switch|p2a: Boltreaver|Zekrom|100/100
|-damage|p2a: Boltreaver|88/100|[from] Stealth Rock
|-ability|p2a: Boltreaver|Teravolt
|turn|44
|
|t:|1666598442
|move|p2a: Boltreaver|Dragon Claw|p1a: Susumu beki mirai
|-supereffective|p1a: Susumu beki mirai
|-damage|p1a: Susumu beki mirai|0 fnt
|faint|p1a: Susumu beki mirai
|-damage|p2a: Boltreaver|78/100|[from] item: Life Orb
|
|-weather|RainDance|[upkeep]
|upkeep
|
|t:|1666598453
|switch|p1a: wo sono te de|Zygarde|99/100
|turn|45
|
|t:|1666598462
|move|p2a: Boltreaver|Dragon Dance|p2a: Boltreaver
|-boost|p2a: Boltreaver|atk|1
|-boost|p2a: Boltreaver|spe|1
|move|p1a: wo sono te de|Dragon Dance|p1a: wo sono te de
|-boost|p1a: wo sono te de|atk|1
|-boost|p1a: wo sono te de|spe|1
|
|-weather|none
|-heal|p1a: wo sono te de|100/100|[from] item: Leftovers
|upkeep
|turn|46
|
|t:|1666598473
|move|p2a: Boltreaver|Dragon Claw|p1a: wo sono te de
|-supereffective|p1a: wo sono te de
|-damage|p1a: wo sono te de|0 fnt
|faint|p1a: wo sono te de
|-damage|p2a: Boltreaver|68/100|[from] item: Life Orb
|
|upkeep
|c|☆Neutralist|Cease
|
|t:|1666598476
|switch|p1a: Shinzou wo|Yveltal|35/100 brn
|-ability|p1a: Shinzou wo|Dark Aura
|turn|47
|
|t:|1666598478
|move|p2a: Boltreaver|Dragon Claw|p1a: Shinzou wo
|-damage|p1a: Shinzou wo|0 fnt
|faint|p1a: Shinzou wo
|-damage|p2a: Boltreaver|58/100|[from] item: Life Orb
|
|win|Neutralist
|raw|MasterNath's rating: 1474 &rarr; <strong>1457</strong><br />(-17 for losing)
|raw|Neutralist's rating: 1519 &rarr; <strong>1536</strong><br />(+17 for winning)
|l|☆MasterNath
