|j|‽scented marker1
|j|☆Rell27
|t:|1637128116
|gametype|singles
|player|p1|scented marker1|bruno|1380
|player|p2|Rell27|101|1608
|teamsize|p1|6
|teamsize|p2|6
|gen|8
|tier|[Gen 8] Ubers
|rated|
|rule|Sleep Clause Mod: Limit one foe put to sleep
|rule|Species Clause: Limit one of each Pokémon
|rule|OHKO Clause: OHKO moves are banned
|rule|Evasion Moves Clause: Evasion moves are banned
|rule|Endless Battle Clause: Forcing endless battles is banned
|rule|HP Percentage Mod: HP is shown in percentages
|rule|Dynamax Clause: You cannot dynamax
|clearpoke
|poke|p1|Dugtrio, F|
|poke|p1|Groudon|
|poke|p1|Chansey, F|
|poke|p1|Yveltal|
|poke|p1|Ho-Oh|
|poke|p1|Eternatus|
|poke|p2|Necrozma-Dusk-Mane|
|poke|p2|Eternatus|
|poke|p2|Yveltal|
|poke|p2|Xerneas-*|
|poke|p2|Zekrom|
|poke|p2|Calyrex-Shadow|
|teampreview
|inactive|Battle timer is ON: inactive players will automatically lose when time's up. (requested by scented marker1)
|
|t:|1637128142
|start
|switch|p1a: Yveltal|Yveltal|100/100
|switch|p2a: Zekrom|Zekrom|100/100
|-ability|p1a: Yveltal|Dark Aura
|-ability|p2a: Zekrom|Teravolt
|turn|1
|
|t:|1637128163
|move|p1a: Yveltal|U-turn|p2a: Zekrom
|-damage|p2a: Zekrom|81/100
|inactive|scented marker1 has 120 seconds left.
|
|t:|1637128192
|switch|p1a: Dugtrio|Dugtrio, F|100/100|[from]move: U-turn
|move|p2a: Zekrom|Substitute|p2a: Zekrom
|-start|p2a: Zekrom|Substitute
|-damage|p2a: Zekrom|56/100
|
|-heal|p2a: Zekrom|62/100|[from] item: Leftovers
|upkeep
|turn|2
|
|t:|1637128205
|move|p1a: Dugtrio|Earthquake|p2a: Zekrom
|-supereffective|p2a: Zekrom
|-end|p2a: Zekrom|Substitute
|move|p2a: Zekrom|Dragon Dance|p2a: Zekrom
|-boost|p2a: Zekrom|atk|1
|-boost|p2a: Zekrom|spe|1
|
|-heal|p2a: Zekrom|68/100|[from] item: Leftovers
|upkeep
|turn|3
|
|t:|1637128207
|move|p2a: Zekrom|Dragon Claw|p1a: Dugtrio
|-damage|p1a: Dugtrio|0 fnt
|faint|p1a: Dugtrio
|
|-heal|p2a: Zekrom|74/100|[from] item: Leftovers
|upkeep
|
|t:|1637128210
|switch|p1a: Groudon|Groudon|100/100
|-weather|SunnyDay|[from] ability: Drought|[of] p1a: Groudon
|turn|4
|
|t:|1637128213
|move|p2a: Zekrom|Substitute|p2a: Zekrom
|-start|p2a: Zekrom|Substitute
|-damage|p2a: Zekrom|50/100
|move|p1a: Groudon|Earthquake|p2a: Zekrom
|-supereffective|p2a: Zekrom
|-end|p2a: Zekrom|Substitute
|
|-weather|SunnyDay|[upkeep]
|-heal|p2a: Zekrom|56/100|[from] item: Leftovers
|upkeep
|turn|5
|
|t:|1637128227
|switch|p2a: Yveltal|Yveltal|100/100
|-ability|p2a: Yveltal|Dark Aura
|move|p1a: Groudon|Earthquake|p2a: Yveltal
|-immune|p2a: Yveltal
|
|-weather|SunnyDay|[upkeep]
|upkeep
|turn|6
|
|t:|1637128234
|move|p2a: Yveltal|Knock Off|p1a: Groudon
|-damage|p1a: Groudon|56/100
|-enditem|p1a: Groudon|Leftovers|[from] move: Knock Off|[of] p2a: Yveltal
|-damage|p2a: Yveltal|91/100|[from] item: Life Orb
|move|p1a: Groudon|Stealth Rock|p2a: Yveltal
|-sidestart|p2: Rell27|move: Stealth Rock
|
|-weather|SunnyDay|[upkeep]
|upkeep
|turn|7
|
|t:|1637128263
|move|p2a: Yveltal|U-turn|p1a: Groudon
|-damage|p1a: Groudon|40/100
|-damage|p2a: Yveltal|81/100|[from] item: Life Orb
|
|t:|1637128272
|switch|p2a: Eternatus|Eternatus|100/100|[from]move: U-turn
|-damage|p2a: Eternatus|88/100|[from] Stealth Rock
|-ability|p2a: Eternatus|Pressure
|move|p1a: Groudon|Stone Edge|p2a: Eternatus
|-damage|p2a: Eternatus|61/100
|
|-weather|SunnyDay|[upkeep]
|upkeep
|turn|8
|
|t:|1637128279
|move|p2a: Eternatus|Dynamax Cannon|p1a: Groudon
|-crit|p1a: Groudon
|-damage|p1a: Groudon|0 fnt
|faint|p1a: Groudon
|-damage|p2a: Eternatus|51/100|[from] item: Life Orb
|
|-weather|none
|upkeep
|
|t:|1637128283
|switch|p1a: Yveltal|Yveltal|100/100
|-ability|p1a: Yveltal|Dark Aura
|turn|9
|
|t:|1637128288
|move|p1a: Yveltal|Knock Off|p2a: Eternatus
|-damage|p2a: Eternatus|2/100
|-enditem|p2a: Eternatus|Life Orb|[from] move: Knock Off|[of] p1a: Yveltal
|move|p2a: Eternatus|Recover|p2a: Eternatus
|-heal|p2a: Eternatus|52/100
|
|upkeep
|turn|10
|
|t:|1637128291
|switch|p1a: Ho-Oh|Ho-Oh|100/100
|move|p2a: Eternatus|Recover|p2a: Eternatus
|-heal|p2a: Eternatus|100/100
|
|upkeep
|turn|11
|
|t:|1637128295
|move|p2a: Eternatus|Sludge Bomb|p1a: Ho-Oh
|-crit|p1a: Ho-Oh
|-damage|p1a: Ho-Oh|64/100
|move|p1a: Ho-Oh|Curse|p1a: Ho-Oh
|-unboost|p1a: Ho-Oh|spe|1
|-boost|p1a: Ho-Oh|atk|1
|-boost|p1a: Ho-Oh|def|1
|
|upkeep
|turn|12
|
|t:|1637128304
|switch|p2a: Calyrex|Calyrex-Shadow|100/100
|-ability|p2a: Calyrex|As One
|-ability|p2a: Calyrex|Unnerve
|-damage|p2a: Calyrex|88/100|[from] Stealth Rock
|move|p1a: Ho-Oh|Curse|p1a: Ho-Oh
|-unboost|p1a: Ho-Oh|spe|1
|-boost|p1a: Ho-Oh|atk|1
|-boost|p1a: Ho-Oh|def|1
|
|upkeep
|turn|13
|
|t:|1637128309
|move|p2a: Calyrex|Trick|p1a: Ho-Oh
|-activate|p2a: Calyrex|move: Trick|[of] p1a: Ho-Oh
|-item|p1a: Ho-Oh|Choice Scarf|[from] move: Trick
|-item|p2a: Calyrex|Heavy-Duty Boots|[from] move: Trick
|move|p1a: Ho-Oh|Sacred Fire|p2a: Calyrex
|-damage|p2a: Calyrex|0 fnt
|faint|p2a: Calyrex
|
|upkeep
|
|t:|1637128316
|switch|p2a: Eternatus|Eternatus|100/100
|-damage|p2a: Eternatus|88/100|[from] Stealth Rock
|-ability|p2a: Eternatus|Pressure
|turn|14
|
|t:|1637128322
|move|p2a: Eternatus|Sludge Bomb|p1a: Ho-Oh
|-damage|p1a: Ho-Oh|37/100
|move|p1a: Ho-Oh|Sacred Fire|p2a: Eternatus
|-resisted|p2a: Eternatus
|-damage|p2a: Eternatus|55/100
|
|upkeep
|turn|15
|
|t:|1637128327
|move|p2a: Eternatus|Dynamax Cannon|p1a: Ho-Oh
|-damage|p1a: Ho-Oh|6/100
|move|p1a: Ho-Oh|Sacred Fire|p2a: Eternatus
|-resisted|p2a: Eternatus
|-damage|p2a: Eternatus|24/100
|
|upkeep
|turn|16
|
|t:|1637128334
|switch|p1a: Chansey|Chansey, F|100/100
|move|p2a: Eternatus|Recover|p2a: Eternatus
|-heal|p2a: Eternatus|74/100
|
|upkeep
|turn|17
|
|t:|1637128341
|switch|p2a: Necrozma|Necrozma-Dusk-Mane|100/100
|-damage|p2a: Necrozma|94/100|[from] Stealth Rock
|switch|p1a: Ho-Oh|Ho-Oh|39/100
|
|upkeep
|turn|18
|
|t:|1637128344
|switch|p2a: Eternatus|Eternatus|74/100
|-damage|p2a: Eternatus|61/100|[from] Stealth Rock
|-ability|p2a: Eternatus|Pressure
|move|p1a: Ho-Oh|Recover|p1a: Ho-Oh
|-heal|p1a: Ho-Oh|89/100
|
|upkeep
|turn|19
|
|t:|1637128349
|switch|p1a: Chansey|Chansey, F|100/100
|move|p2a: Eternatus|Recover|p2a: Eternatus
|-heal|p2a: Eternatus|100/100
|
|upkeep
|turn|20
|
|t:|1637128356
|switch|p2a: Necrozma|Necrozma-Dusk-Mane|94/100
|-damage|p2a: Necrozma|88/100|[from] Stealth Rock
|switch|p1a: Eternatus|Eternatus|100/100
|-ability|p1a: Eternatus|Pressure
|
|upkeep
|turn|21
|
|t:|1637128361
|switch|p1a: Yveltal|Yveltal|100/100
|-ability|p1a: Yveltal|Dark Aura
|move|p2a: Necrozma|Stealth Rock|p1a: Yveltal
|-sidestart|p1: scented marker1|move: Stealth Rock
|
|upkeep
|turn|22
|
|t:|1637128364
|switch|p2a: Xerneas|Xerneas|100/100
|-damage|p2a: Xerneas|88/100|[from] Stealth Rock
|-ability|p2a: Xerneas|Fairy Aura
|move|p1a: Yveltal|Foul Play|p2a: Xerneas
|-resisted|p2a: Xerneas
|-damage|p2a: Xerneas|70/100
|
|upkeep
|turn|23
|
|t:|1637128368
|switch|p1a: Ho-Oh|Ho-Oh|100/100
|-damage|p1a: Ho-Oh|50/100|[from] Stealth Rock
|move|p2a: Xerneas|Moonblast|p1a: Ho-Oh
|-resisted|p1a: Ho-Oh
|-crit|p1a: Ho-Oh
|-damage|p1a: Ho-Oh|24/100
|
|upkeep
|turn|24
|
|t:|1637128372
|switch|p2a: Eternatus|Eternatus|100/100
|-damage|p2a: Eternatus|88/100|[from] Stealth Rock
|-ability|p2a: Eternatus|Pressure
|move|p1a: Ho-Oh|Recover|p1a: Ho-Oh
|-heal|p1a: Ho-Oh|74/100
|
|upkeep
|turn|25
|
|t:|1637128377
|switch|p1a: Chansey|Chansey, F|100/100
|-damage|p1a: Chansey|88/100|[from] Stealth Rock
|move|p2a: Eternatus|Sludge Bomb|p1a: Chansey
|-damage|p1a: Chansey|75/100
|
|upkeep
|turn|26
|
|t:|1637128382
|switch|p2a: Necrozma|Necrozma-Dusk-Mane|88/100
|-damage|p2a: Necrozma|82/100|[from] Stealth Rock
|move|p1a: Chansey|Wish|p1a: Chansey
|
|upkeep
|turn|27
|
|t:|1637128389
|move|p2a: Necrozma|Sunsteel Strike|p1a: Chansey
|-damage|p1a: Chansey|32/100
|move|p1a: Chansey|Seismic Toss|p2a: Necrozma
|-damage|p2a: Necrozma|56/100
|
|-heal|p1a: Chansey|82/100|[from] move: Wish|[wisher] Chansey
|upkeep
|turn|28
|
|t:|1637128403
|switch|p2a: Zekrom|Zekrom|56/100
|-damage|p2a: Zekrom|43/100|[from] Stealth Rock
|-ability|p2a: Zekrom|Teravolt
|move|p1a: Chansey|Wish|p1a: Chansey
|
|-heal|p2a: Zekrom|50/100|[from] item: Leftovers
|upkeep
|turn|29
|
|t:|1637128407
|switch|p1a: Eternatus|Eternatus|100/100
|-damage|p1a: Eternatus|88/100|[from] Stealth Rock
|-ability|p1a: Eternatus|Pressure
|move|p2a: Zekrom|Bolt Strike|p1a: Eternatus|[miss]
|-miss|p2a: Zekrom|p1a: Eternatus
|
|-heal|p1a: Eternatus|100/100|[from] move: Wish|[wisher] Chansey
|-heal|p2a: Zekrom|56/100|[from] item: Leftovers
|upkeep
|turn|30
|
|t:|1637128412
|switch|p2a: Necrozma|Necrozma-Dusk-Mane|56/100
|-damage|p2a: Necrozma|50/100|[from] Stealth Rock
|move|p1a: Eternatus|Dynamax Cannon|p2a: Necrozma
|-resisted|p2a: Necrozma
|-damage|p2a: Necrozma|31/100
|
|upkeep
|turn|31
|
|t:|1637128417
|move|p1a: Eternatus|Flamethrower|p2a: Necrozma
|-supereffective|p2a: Necrozma
|-damage|p2a: Necrozma|0 fnt
|faint|p2a: Necrozma
|
|upkeep
|
|t:|1637128420
|switch|p2a: Eternatus|Eternatus|88/100
|-damage|p2a: Eternatus|76/100|[from] Stealth Rock
|-ability|p2a: Eternatus|Pressure
|turn|32
|
|t:|1637128423
|switch|p1a: Chansey|Chansey, F|82/100
|-damage|p1a: Chansey|69/100|[from] Stealth Rock
|move|p2a: Eternatus|Dynamax Cannon|p1a: Chansey
|-damage|p1a: Chansey|55/100
|
|upkeep
|turn|33
|
|t:|1637128435
|move|p2a: Eternatus|Recover|p2a: Eternatus
|-heal|p2a: Eternatus|100/100
|move|p1a: Chansey|Wish|p1a: Chansey
|
|upkeep
|turn|34
|
|t:|1637128441
|move|p2a: Eternatus|Sludge Bomb|p1a: Chansey
|-damage|p1a: Chansey|40/100
|move|p1a: Chansey|Seismic Toss|p2a: Eternatus
|-damage|p2a: Eternatus|79/100
|
|-heal|p1a: Chansey|90/100|[from] move: Wish|[wisher] Chansey
|upkeep
|turn|35
|
|t:|1637128447
|move|p2a: Eternatus|Sludge Bomb|p1a: Chansey
|-damage|p1a: Chansey|77/100
|move|p1a: Chansey|Wish|p1a: Chansey
|
|upkeep
|turn|36
|
|t:|1637128452
|switch|p1a: Eternatus|Eternatus|100/100
|-damage|p1a: Eternatus|88/100|[from] Stealth Rock
|-ability|p1a: Eternatus|Pressure
|move|p2a: Eternatus|Dynamax Cannon|p1a: Eternatus
|-supereffective|p1a: Eternatus
|-damage|p1a: Eternatus|0 fnt
|faint|p1a: Eternatus
|
|upkeep
|
|t:|1637128456
|switch|p1a: Ho-Oh|Ho-Oh|100/100
|-damage|p1a: Ho-Oh|50/100|[from] Stealth Rock
|turn|37
|
|t:|1637128461
|move|p2a: Eternatus|Recover|p2a: Eternatus
|-heal|p2a: Eternatus|100/100
|move|p1a: Ho-Oh|Brave Bird|p2a: Eternatus
|-damage|p2a: Eternatus|61/100
|-damage|p1a: Ho-Oh|36/100|[from] Recoil
|
|upkeep
|turn|38
|
|t:|1637128472
|switch|p1a: Chansey|Chansey, F|77/100
|-damage|p1a: Chansey|65/100|[from] Stealth Rock
|move|p2a: Eternatus|Sludge Bomb|p1a: Chansey
|-damage|p1a: Chansey|52/100
|
|upkeep
|turn|39
|
|t:|1637128475
|move|p2a: Eternatus|Sludge Bomb|p1a: Chansey
|-damage|p1a: Chansey|38/100
|move|p1a: Chansey|Wish|p1a: Chansey
|
|upkeep
|turn|40
|
|t:|1637128479
|move|p2a: Eternatus|Sludge Bomb|p1a: Chansey
|-damage|p1a: Chansey|25/100
|move|p1a: Chansey|Seismic Toss|p2a: Eternatus
|-damage|p2a: Eternatus|39/100
|
|-heal|p1a: Chansey|75/100|[from] move: Wish|[wisher] Chansey
|upkeep
|turn|41
|
|t:|1637128483
|move|p2a: Eternatus|Recover|p2a: Eternatus
|-heal|p2a: Eternatus|89/100
|move|p1a: Chansey|Seismic Toss|p2a: Eternatus
|-damage|p2a: Eternatus|67/100
|
|upkeep
|turn|42
|
|t:|1637128488
|move|p2a: Eternatus|Flamethrower|p1a: Chansey
|-damage|p1a: Chansey|66/100
|move|p1a: Chansey|Seismic Toss|p2a: Eternatus
|-damage|p2a: Eternatus|45/100
|
|upkeep
|turn|43
|
|t:|1637128493
|move|p2a: Eternatus|Flamethrower|p1a: Chansey
|-damage|p1a: Chansey|57/100
|move|p1a: Chansey|Seismic Toss|p2a: Eternatus
|-damage|p2a: Eternatus|24/100
|
|upkeep
|turn|44
|
|t:|1637128498
|move|p2a: Eternatus|Recover|p2a: Eternatus
|-heal|p2a: Eternatus|74/100
|move|p1a: Chansey|Wish|p1a: Chansey
|
|upkeep
|turn|45
|
|t:|1637128512
|move|p1a: Chansey|Protect|p1a: Chansey
|-singleturn|p1a: Chansey|Protect
|move|p2a: Eternatus|Sludge Bomb|p1a: Chansey
|-activate|p1a: Chansey|move: Protect
|
|-heal|p1a: Chansey|100/100|[from] move: Wish|[wisher] Chansey
|upkeep
|turn|46
|
|t:|1637128517
|move|p1a: Chansey|Protect||[still]
|-fail|p1a: Chansey
|move|p2a: Eternatus|Sludge Bomb|p1a: Chansey
|-damage|p1a: Chansey|87/100
|
|upkeep
|turn|47
|
|t:|1637128524
|move|p1a: Chansey|Protect|p1a: Chansey
|-singleturn|p1a: Chansey|Protect
|move|p2a: Eternatus|Flamethrower|p1a: Chansey
|-activate|p1a: Chansey|move: Protect
|
|upkeep
|turn|48
|
|t:|1637128527
|move|p1a: Chansey|Protect||[still]
|-fail|p1a: Chansey
|move|p2a: Eternatus|Sludge Bomb|p1a: Chansey
|-damage|p1a: Chansey|74/100
|
|upkeep
|turn|49
|
|t:|1637128533
|move|p1a: Chansey|Protect|p1a: Chansey
|-singleturn|p1a: Chansey|Protect
|move|p2a: Eternatus|Flamethrower|p1a: Chansey
|-activate|p1a: Chansey|move: Protect
|
|upkeep
|turn|50
|
|t:|1637128535
|move|p1a: Chansey|Protect||[still]
|-fail|p1a: Chansey
|move|p2a: Eternatus|Sludge Bomb|p1a: Chansey
|-damage|p1a: Chansey|61/100
|
|upkeep
|turn|51
|
|t:|1637128540
|move|p2a: Eternatus|Flamethrower|p1a: Chansey
|-damage|p1a: Chansey|51/100
|move|p1a: Chansey|Wish|p1a: Chansey
|
|upkeep
|turn|52
|
|t:|1637128546
|switch|p2a: Zekrom|Zekrom|56/100
|-damage|p2a: Zekrom|43/100|[from] Stealth Rock
|-ability|p2a: Zekrom|Teravolt
|move|p1a: Chansey|Seismic Toss|p2a: Zekrom
|-damage|p2a: Zekrom|17/100
|
|-heal|p1a: Chansey|100/100|[from] move: Wish|[wisher] Chansey
|-heal|p2a: Zekrom|23/100|[from] item: Leftovers
|upkeep
|turn|53
|
|t:|1637128550
|move|p2a: Zekrom|Bolt Strike|p1a: Chansey
|-damage|p1a: Chansey|44/100
|move|p1a: Chansey|Seismic Toss|p2a: Zekrom
|-damage|p2a: Zekrom|0 fnt
|faint|p2a: Zekrom
|
|upkeep
|
|t:|1637128556
|switch|p2a: Yveltal|Yveltal|81/100
|-damage|p2a: Yveltal|56/100|[from] Stealth Rock
|-ability|p2a: Yveltal|Dark Aura
|turn|54
|
|t:|1637128563
|move|p1a: Chansey|Protect|p1a: Chansey
|-singleturn|p1a: Chansey|Protect
|move|p2a: Yveltal|Knock Off|p1a: Chansey
|-activate|p1a: Chansey|move: Protect
|
|upkeep
|turn|55
|
|t:|1637128570
|switch|p1a: Ho-Oh|Ho-Oh|69/100
|-damage|p1a: Ho-Oh|19/100|[from] Stealth Rock
|move|p2a: Yveltal|Knock Off|p1a: Ho-Oh
|-damage|p1a: Ho-Oh|0 fnt
|-enditem|p1a: Ho-Oh|Choice Scarf|[from] move: Knock Off|[of] p2a: Yveltal
|faint|p1a: Ho-Oh
|-damage|p2a: Yveltal|46/100|[from] item: Life Orb
|
|upkeep
|
|t:|1637128572
|switch|p1a: Yveltal|Yveltal|100/100
|-damage|p1a: Yveltal|76/100|[from] Stealth Rock
|-ability|p1a: Yveltal|Dark Aura
|turn|56
|
|t:|1637128579
|move|p1a: Yveltal|Dual Wingbeat|p2a: Yveltal
|-damage|p2a: Yveltal|30/100
|-damage|p2a: Yveltal|13/100
|-hitcount|p2a: Yveltal|2
|move|p2a: Yveltal|Oblivion Wing|p1a: Yveltal
|-damage|p1a: Yveltal|38/100
|-heal|p2a: Yveltal|37/100|[from] drain|[of] p1a: Yveltal
|-damage|p2a: Yveltal|28/100|[from] item: Life Orb
|
|upkeep
|turn|57
|
|t:|1637128590
|switch|p2a: Xerneas|Xerneas|70/100
|-damage|p2a: Xerneas|57/100|[from] Stealth Rock
|-ability|p2a: Xerneas|Fairy Aura
|move|p1a: Yveltal|Dual Wingbeat|p2a: Xerneas
|-damage|p2a: Xerneas|40/100
|-damage|p2a: Xerneas|22/100
|-hitcount|p2a: Xerneas|2
|
|upkeep
|turn|58
|
|t:|1637128596
|move|p1a: Yveltal|Dual Wingbeat|p2a: Xerneas
|-damage|p2a: Xerneas|3/100
|-damage|p2a: Xerneas|0 fnt
|faint|p2a: Xerneas
|-hitcount|p2: Xerneas|2
|
|upkeep
|
|t:|1637128599
|switch|p2a: Eternatus|Eternatus|74/100
|-damage|p2a: Eternatus|61/100|[from] Stealth Rock
|-ability|p2a: Eternatus|Pressure
|turn|59
|
|t:|1637128610
|switch|p1a: Chansey|Chansey, F|44/100
|-damage|p1a: Chansey|31/100|[from] Stealth Rock
|move|p2a: Eternatus|Sludge Bomb|p1a: Chansey
|-damage|p1a: Chansey|17/100
|
|upkeep
|turn|60
|
|t:|1637128615
|move|p2a: Eternatus|Dynamax Cannon|p1a: Chansey
|-damage|p1a: Chansey|2/100
|move|p1a: Chansey|Wish|p1a: Chansey
|
|upkeep
|turn|61
|
|t:|1637128627
|switch|p2a: Yveltal|Yveltal|28/100
|-damage|p2a: Yveltal|3/100|[from] Stealth Rock
|-ability|p2a: Yveltal|Dark Aura
|move|p1a: Chansey|Protect||[still]
|-fail|p1a: Chansey
|
|-heal|p1a: Chansey|52/100|[from] move: Wish|[wisher] Chansey
|upkeep
|turn|62
|inactive|scented marker1 has 120 seconds left.
|inactive|scented marker1 has 90 seconds left.
|j| Lopenloop
|c| Lopenloop|LOL
|c| Lopenloop|1680 on the ladder
|c| Lopenloop|and ur getting clowned by someone w 1380
|c| Lopenloop|LMAO NO
|c| Lopenloop|THEY HAVE A DUGTRIO
|inactive|scented marker1 has 60 seconds left.
|c| Lopenloop|WASTED TEAM SLOT AND UR GETTING BODIED
|c| Lopenloop|UR SO SALTY LMFAO
|
|t:|1637128732
|move|p2a: Yveltal|Oblivion Wing|p1a: Chansey
|-damage|p1a: Chansey|38/100
|-heal|p2a: Yveltal|18/100|[from] drain|[of] p1a: Chansey
|-damage|p2a: Yveltal|8/100|[from] item: Life Orb
|move|p1a: Chansey|Wish|p1a: Chansey
|
|upkeep
|turn|63
|
|t:|1637128742
|move|p1a: Chansey|Protect|p1a: Chansey
|-singleturn|p1a: Chansey|Protect
|move|p2a: Yveltal|Knock Off|p1a: Chansey
|-activate|p1a: Chansey|move: Protect
|
|-heal|p1a: Chansey|88/100|[from] move: Wish|[wisher] Chansey
|upkeep
|turn|64
|c| Lopenloop|Lmao
|inactive|scented marker1 has 60 seconds left.
|c| Lopenloop|be the bigger guy
|c| Lopenloop|tune me out
|c| Lopenloop|ignore me
|c| Lopenloop|I’m not worth it!
|c| Lopenloop|xD
|c| Lopenloop|ur SO BAD HAHA
|
|t:|1637128762
|move|p2a: Yveltal|Knock Off|p1a: Chansey
|-damage|p1a: Chansey|32/100
|-enditem|p1a: Chansey|Eviolite|[from] move: Knock Off|[of] p2a: Yveltal
|-damage|p2a: Yveltal|0 fnt|[from] item: Life Orb
|faint|p2a: Yveltal
|move|p1a: Chansey|Seismic Toss|p2: Yveltal|[notarget]
|-fail|p1a: Chansey
|
|upkeep
|
|t:|1637128766
|switch|p2a: Eternatus|Eternatus|61/100
|-damage|p2a: Eternatus|49/100|[from] Stealth Rock
|-ability|p2a: Eternatus|Pressure
|turn|65
|
|t:|1637128769
|move|p2a: Eternatus|Sludge Bomb|p1a: Chansey
|-damage|p1a: Chansey|12/100
|-status|p1a: Chansey|psn
|move|p1a: Chansey|Wish|p1a: Chansey
|
|-damage|p1a: Chansey|0 fnt|[from] psn
|faint|p1a: Chansey
|upkeep
|
|t:|1637128773
|switch|p1a: Yveltal|Yveltal|38/100
|-damage|p1a: Yveltal|13/100|[from] Stealth Rock
|-ability|p1a: Yveltal|Dark Aura
|turn|66
|c| Lopenloop|LMAO
|c| Lopenloop|BUDDY NEEDS LUCK
|c| Lopenloop|COULDNT BE ME
|
|t:|1637128786
|move|p1a: Yveltal|Dual Wingbeat|p2a: Eternatus
|-damage|p2a: Eternatus|33/100
|-damage|p2a: Eternatus|16/100
|-hitcount|p2a: Eternatus|2
|move|p2a: Eternatus|Sludge Bomb|p1a: Yveltal
|-damage|p1a: Yveltal|0 fnt
|faint|p1a: Yveltal
|
|win|Rell27
|raw|scented marker1's rating: 1380 &rarr; <strong>1372</strong><br />(-8 for losing)
|raw|Rell27's rating: 1608 &rarr; <strong>1616</strong><br />(+8 for winning)
|c| Lopenloop|ur mad embarrassing bro
|c| Lopenloop|lmfao
