|j|☆un nouveau depart.
|j|☆Dun 26
|t:|1607782786
|player|p1|un nouveau depart.|hilbert|
|player|p2|Dun 26|skyla|
|teamsize|p1|6
|teamsize|p2|6
|gametype|singles
|gen|8
|tier|[Gen 8] Ubers
|rated|Tournament battle
|clearpoke
|poke|p1|Ribombee, M|
|poke|p1|Calyrex-Shadow|
|poke|p1|Kyogre|
|poke|p1|Eternatus|
|poke|p1|Yveltal|
|poke|p1|Necrozma-Dusk-Mane|
|poke|p2|Ho-Oh|
|poke|p2|Kyogre|
|poke|p2|Necrozma-Dusk-Mane|
|poke|p2|Yveltal|
|poke|p2|Ditto|
|poke|p2|Eternatus|
|rule|Sleep Clause Mod: Limit one foe put to sleep
|rule|Species Clause: Limit one of each Pokémon
|rule|OHKO Clause: OHKO moves are banned
|rule|Evasion Moves Clause: Evasion moves are banned
|rule|Endless Battle Clause: Forcing endless battles is banned
|rule|HP Percentage Mod: HP is shown in percentages
|rule|Dynamax Clause: You cannot dynamax
|teampreview
|c|☆un nouveau depart.|hf
|c|☆Dun 26|Gl
|j| Holymolycrabby
|
|t:|1607782803
|start
|switch|p1a: Ribombee|Ribombee, M|100/100
|switch|p2a: Kyogre|Kyogre|100/100
|-weather|RainDance|[from] ability: Drizzle|[of] p2a: Kyogre
|turn|1
|j| LeBarBURR
|
|t:|1607782811
|move|p1a: Ribombee|Sticky Web|p2a: Kyogre
|-sidestart|p2: Dun 26|move: Sticky Web
|move|p2a: Kyogre|Scald|p1a: Ribombee
|-damage|p1a: Ribombee|2/100
|
|-weather|RainDance|[upkeep]
|upkeep
|turn|2
|
|t:|1607782813
|move|p1a: Ribombee|Stun Spore|p2a: Kyogre
|-status|p2a: Kyogre|par
|move|p2a: Kyogre|Scald|p1a: Ribombee
|-damage|p1a: Ribombee|0 fnt
|faint|p1a: Ribombee
|
|-weather|RainDance|[upkeep]
|upkeep
|j| FrostMC29
|
|t:|1607782822
|switch|p1a: Kyogre|Kyogre|100/100
|turn|3
|
|t:|1607782826
|switch|p2a: Eternatus|Eternatus|100/100
|-activate|p2a: Eternatus|move: Sticky Web
|-unboost|p2a: Eternatus|spe|1
|-ability|p2a: Eternatus|Pressure
|move|p1a: Kyogre|Thunder|p2a: Eternatus
|-resisted|p2a: Eternatus
|-damage|p2a: Eternatus|80/100
|
|-weather|RainDance|[upkeep]
|-heal|p2a: Eternatus|86/100|[from] item: Black Sludge
|upkeep
|turn|4
|
|t:|1607782835
|switch|p1a: Yveltal|Yveltal|100/100
|-ability|p1a: Yveltal|Dark Aura
|move|p2a: Eternatus|Recover|p2a: Eternatus
|-heal|p2a: Eternatus|100/100
|
|-weather|RainDance|[upkeep]
|upkeep
|turn|5
|
|t:|1607782839
|switch|p2a: Yveltal|Yveltal|100/100
|-ability|p2a: Yveltal|Dark Aura
|move|p1a: Yveltal|Knock Off|p2a: Yveltal
|-resisted|p2a: Yveltal
|-damage|p2a: Yveltal|65/100
|-enditem|p2a: Yveltal|Heavy-Duty Boots|[from] move: Knock Off|[of] p1a: Yveltal
|-damage|p1a: Yveltal|91/100|[from] item: Life Orb
|
|-weather|none
|upkeep
|turn|6
|
|t:|1607782843
|switch|p1a: Kyogre|Kyogre|100/100
|-weather|RainDance|[from] ability: Drizzle|[of] p1a: Kyogre
|move|p2a: Yveltal|Defog|p1a: Kyogre
|-unboost|p1a: Kyogre|evasion|1
|-sideend|p2: Dun 26|Sticky Web|[from] move: Defog|[of] p2a: Yveltal
|
|-weather|RainDance|[upkeep]
|upkeep
|turn|7
|
|t:|1607782846
|switch|p2a: Eternatus|Eternatus|100/100
|-ability|p2a: Eternatus|Pressure
|move|p1a: Kyogre|Ice Beam|p2a: Eternatus
|-supereffective|p2a: Eternatus
|-damage|p2a: Eternatus|34/100
|
|-weather|RainDance|[upkeep]
|-heal|p2a: Eternatus|40/100|[from] item: Black Sludge
|upkeep
|turn|8
|
|t:|1607782850
|switch|p2a: Ho-Oh|Ho-Oh|100/100
|move|p1a: Kyogre|Ice Beam|p2a: Ho-Oh
|-damage|p2a: Ho-Oh|68/100
|-status|p2a: Ho-Oh|frz
|
|-weather|RainDance|[upkeep]
|upkeep
|turn|9
|
|t:|1607782853
|switch|p1a: Eternatus|Eternatus|100/100
|-ability|p1a: Eternatus|Pressure
|-curestatus|p2a: Ho-Oh|frz|[from] move: Sacred Fire
|move|p2a: Ho-Oh|Sacred Fire|p1a: Eternatus
|-resisted|p1a: Eternatus
|-damage|p1a: Eternatus|83/100
|
|-weather|RainDance|[upkeep]
|upkeep
|turn|10
|
|t:|1607782860
|switch|p2a: Necrozma|Necrozma-Dusk-Mane|100/100
|move|p1a: Eternatus|Meteor Beam||[still]
|-prepare|p1a: Eternatus|Meteor Beam
|-boost|p1a: Eternatus|spa|1
|-enditem|p1a: Eternatus|Power Herb
|-anim|p1a: Eternatus|Meteor Beam|p2a: Necrozma
|-resisted|p2a: Necrozma
|-crit|p2a: Necrozma
|-damage|p2a: Necrozma|63/100
|
|-weather|none
|-heal|p2a: Necrozma|69/100|[from] item: Leftovers
|upkeep
|turn|11
|
|t:|1607782873
|switch|p2a: Ho-Oh|Ho-Oh|100/100
|move|p1a: Eternatus|Flamethrower|p2a: Ho-Oh
|-resisted|p2a: Ho-Oh
|-damage|p2a: Ho-Oh|85/100
|
|upkeep
|turn|12
|
|t:|1607782877
|move|p1a: Eternatus|Dynamax Cannon|p2a: Ho-Oh
|-damage|p2a: Ho-Oh|35/100
|move|p2a: Ho-Oh|Brave Bird|p1a: Eternatus
|-damage|p1a: Eternatus|1/100
|-damage|p2a: Ho-Oh|6/100|[from] Recoil
|
|upkeep
|turn|13
|
|t:|1607782886
|switch|p2a: Necrozma|Necrozma-Dusk-Mane|69/100
|move|p1a: Eternatus|Flamethrower|p2a: Necrozma
|-supereffective|p2a: Necrozma
|-damage|p2a: Necrozma|10/100
|-status|p2a: Necrozma|brn
|
|-heal|p2a: Necrozma|16/100 brn|[from] item: Leftovers
|-damage|p2a: Necrozma|10/100 brn|[from] brn
|upkeep
|turn|14
|
|t:|1607782890
|move|p1a: Eternatus|Dynamax Cannon|p2a: Necrozma
|-resisted|p2a: Necrozma
|-damage|p2a: Necrozma|0 fnt
|faint|p2a: Necrozma
|
|upkeep
|
|t:|1607782895
|switch|p2a: Ditto|Ditto|100/100
|-transform|p2a: Ditto|p1a: Eternatus|[from] ability: Imposter
|-ability|p2a: Ditto|Pressure
|turn|15
|
|t:|1607782905
|move|p2a: Ditto|Dynamax Cannon|p1a: Eternatus
|-supereffective|p1a: Eternatus
|-damage|p1a: Eternatus|0 fnt
|faint|p1a: Eternatus
|
|upkeep
|
|t:|1607782907
|switch|p1a: Necrozma|Necrozma-Dusk-Mane|100/100
|turn|16
|
|t:|1607782911
|switch|p2a: Ho-Oh|Ho-Oh|39/100
|move|p1a: Necrozma|Dragon Dance|p1a: Necrozma
|-boost|p1a: Necrozma|atk|1
|-boost|p1a: Necrozma|spe|1
|
|upkeep
|turn|17
|
|t:|1607782915
|move|p1a: Necrozma|Photon Geyser|p2a: Ho-Oh
|-damage|p2a: Ho-Oh|0 fnt
|-damage|p1a: Necrozma|91/100|[from] item: Life Orb
|faint|p2a: Ho-Oh
|
|upkeep
|
|t:|1607782924
|switch|p2a: Kyogre|Kyogre|100/100 par
|-weather|RainDance|[from] ability: Drizzle|[of] p2a: Kyogre
|turn|18
|
|t:|1607782926
|move|p1a: Necrozma|Photon Geyser|p2a: Kyogre
|-damage|p2a: Kyogre|11/100 par
|-damage|p1a: Necrozma|81/100|[from] item: Life Orb
|cant|p2a: Kyogre|par
|
|-weather|RainDance|[upkeep]
|-heal|p2a: Kyogre|17/100 par|[from] item: Leftovers
|upkeep
|turn|19
|
|t:|1607782933
|move|p1a: Necrozma|Earthquake|p2a: Kyogre
|-damage|p2a: Kyogre|0 fnt
|-damage|p1a: Necrozma|71/100|[from] item: Life Orb
|faint|p2a: Kyogre
|
|-weather|RainDance|[upkeep]
|upkeep
|
|t:|1607782936
|switch|p2a: Ditto|Ditto|100/100
|-transform|p2a: Ditto|p1a: Necrozma|[from] ability: Imposter
|turn|20
|
|t:|1607782941
|move|p2a: Ditto|Earthquake|p1a: Necrozma
|-supereffective|p1a: Necrozma
|-damage|p1a: Necrozma|0 fnt
|faint|p1a: Necrozma
|
|-weather|RainDance|[upkeep]
|upkeep
|
|t:|1607782944
|switch|p1a: Yveltal|Yveltal|91/100
|-ability|p1a: Yveltal|Dark Aura
|turn|21
|
|t:|1607782947
|switch|p2a: Yveltal|Yveltal|65/100
|-ability|p2a: Yveltal|Dark Aura
|move|p1a: Yveltal|Oblivion Wing|p2a: Yveltal
|-damage|p2a: Yveltal|41/100
|-heal|p1a: Yveltal|100/100|[from] drain|[of] p2a: Yveltal
|-damage|p1a: Yveltal|91/100|[from] item: Life Orb
|
|-weather|RainDance|[upkeep]
|upkeep
|turn|22
|
|t:|1607782951
|switch|p1a: Kyogre|Kyogre|100/100
|move|p2a: Yveltal|Roost|p2a: Yveltal
|-heal|p2a: Yveltal|91/100
|-singleturn|p2a: Yveltal|move: Roost
|
|-weather|none
|upkeep
|turn|23
|
|t:|1607782963
|switch|p2a: Ditto|Ditto|100/100
|-transform|p2a: Ditto|p1a: Kyogre|[from] ability: Imposter
|-weather|RainDance|[from] ability: Drizzle|[of] p2a: Ditto
|move|p1a: Kyogre|Thunder|p2a: Ditto
|-supereffective|p2a: Ditto
|-damage|p2a: Ditto|0 fnt
|faint|p2a: Ditto
|
|-weather|RainDance|[upkeep]
|upkeep
|c|☆Dun 26|Wp
|
|t:|1607782971
|switch|p2a: Eternatus|Eternatus|40/100
|-ability|p2a: Eternatus|Pressure
|turn|24
|c|☆un nouveau depart.|gg
|
|t:|1607782975
|switch|p1a: Calyrex|Calyrex-Shadow|100/100
|-ability|p1a: Calyrex|As One
|-ability|p1a: Calyrex|Unnerve|p2: Dun 26
|move|p2a: Eternatus|Recover|p2a: Eternatus
|-heal|p2a: Eternatus|90/100
|
|-weather|RainDance|[upkeep]
|-heal|p2a: Eternatus|96/100|[from] item: Black Sludge
|upkeep
|turn|25
|
|t:|1607782977
|switch|p2a: Yveltal|Yveltal|91/100
|-ability|p2a: Yveltal|Dark Aura
|move|p1a: Calyrex|Psyshock|p2a: Yveltal
|-immune|p2a: Yveltal
|
|-weather|RainDance|[upkeep]
|upkeep
|turn|26
|
|t:|1607782980
|switch|p1a: Yveltal|Yveltal|91/100
|-ability|p1a: Yveltal|Dark Aura
|move|p2a: Yveltal|U-turn|p1a: Yveltal
|-damage|p1a: Yveltal|70/100
|
|t:|1607782982
|switch|p2a: Eternatus|Eternatus|96/100|[from]move: U-turn
|-ability|p2a: Eternatus|Pressure
|
|-weather|RainDance|[upkeep]
|-heal|p2a: Eternatus|100/100|[from] item: Black Sludge
|upkeep
|turn|27
|
|t:|1607782986
|move|p2a: Eternatus|Dynamax Cannon|p1a: Yveltal
|-damage|p1a: Yveltal|23/100
|move|p1a: Yveltal|Knock Off|p2a: Eternatus
|-damage|p2a: Eternatus|33/100
|-enditem|p2a: Eternatus|Black Sludge|[from] move: Knock Off|[of] p1a: Yveltal
|-damage|p1a: Yveltal|13/100|[from] item: Life Orb
|
|-weather|none
|upkeep
|turn|28
|
|t:|1607782991
|switch|p1a: Calyrex|Calyrex-Shadow|100/100
|-ability|p1a: Calyrex|As One
|-ability|p1a: Calyrex|Unnerve|p2: Dun 26
|move|p2a: Eternatus|Recover|p2a: Eternatus
|-heal|p2a: Eternatus|83/100
|
|upkeep
|turn|29
|
|t:|1607782994
|switch|p2a: Yveltal|Yveltal|91/100
|-ability|p2a: Yveltal|Dark Aura
|move|p1a: Calyrex|Nasty Plot|p1a: Calyrex
|-boost|p1a: Calyrex|spa|2
|
|upkeep
|turn|30
|
|t:|1607782997
|move|p1a: Calyrex|Draining Kiss|p2a: Yveltal
|-supereffective|p2a: Yveltal
|-damage|p2a: Yveltal|44/100
|move|p2a: Yveltal|Knock Off|p1a: Calyrex
|-supereffective|p1a: Calyrex
|-enditem|p1a: Calyrex|Focus Sash
|-damage|p1a: Calyrex|1/100
|
|upkeep
|turn|31
|j| Zaettsu
|
|t:|1607783004
|move|p1a: Calyrex|Draining Kiss|p2a: Yveltal
|-supereffective|p2a: Yveltal
|-damage|p2a: Yveltal|0 fnt
|-heal|p1a: Calyrex|44/100|[from] drain|[of] p2a: Yveltal
|faint|p2a: Yveltal
|-ability|p1a: Calyrex|Grim Neigh|boost
|-boost|p1a: Calyrex|spa|1
|
|upkeep
|
|t:|1607783006
|switch|p2a: Eternatus|Eternatus|83/100
|-ability|p2a: Eternatus|Pressure
|turn|32
|
|t:|1607783008
|move|p1a: Calyrex|Psyshock|p2a: Eternatus
|-supereffective|p2a: Eternatus
|-damage|p2a: Eternatus|0 fnt
|faint|p2a: Eternatus
|
|win|un nouveau depart.
|n|☆un nouveau depart.|unnouveaudepart
|n|☆Dun 26|dun26
|n| Holymolycrabby|holymolycrabby
|n| LeBarBURR|lebarburr
|n| FrostMC29|frostmc29
|n| Zaettsu|zaettsu
|c|☆Dun 26|Gg
|l| Zaettsu
|j| Orch
|c|☆un nouveau depart.|gg
|l|☆un nouveau depart.
|l| Orch
|l|☆Dun 26
|l| LeBarBURR
|l| Holymolycrabby
|j| Mega Zygarde-100%
