|j|☆hjuyttdd
|j|☆DOUDN udon
|t:|1640440857
|gametype|singles
|player|p1|hjuyttdd|aromalady|
|player|p2|DOUDN udon|#bltviiiturtwigs|
|teamsize|p1|6
|teamsize|p2|6
|gen|8
|tier|[Gen 8] Ubers
|rated|Tournament battle
|rule|Sleep Clause Mod: Limit one foe put to sleep
|rule|Species Clause: Limit one of each Pokémon
|rule|OHKO Clause: OHKO moves are banned
|rule|Evasion Moves Clause: Evasion moves are banned
|rule|Endless Battle Clause: Forcing endless battles is banned
|rule|HP Percentage Mod: HP is shown in percentages
|rule|Dynamax Clause: You cannot dynamax
|clearpoke
|poke|p1|Yveltal|
|poke|p1|Necrozma-Dusk-Mane|
|poke|p1|Xerneas-*|
|poke|p1|Giratina|
|poke|p1|Ho-Oh|
|poke|p1|Blissey, F|
|poke|p2|Eternatus|
|poke|p2|Necrozma-Dusk-Mane|
|poke|p2|Groudon|
|poke|p2|Yveltal|
|poke|p2|Xerneas-*|
|poke|p2|Blissey, F|
|teampreview
|c|☆hjuyttdd|hf
|c|☆DOUDN udon|u2
|
|t:|1640440869
|start
|switch|p1a: Ho-Oh|Ho-Oh|100/100
|switch|p2a: Yveltal|Yveltal|100/100
|-ability|p2a: Yveltal|Dark Aura
|turn|1
|
|t:|1640440875
|switch|p1a: Xerneas|Xerneas|100/100
|-ability|p1a: Xerneas|Fairy Aura
|-item|p1a: Xerneas|Air Balloon
|move|p2a: Yveltal|Knock Off|p1a: Xerneas
|-resisted|p1a: Xerneas
|-damage|p1a: Xerneas|66/100
|-enditem|p1a: Xerneas|Air Balloon
|
|upkeep
|turn|2
|c|☆hjuyttdd|34!!
|
|t:|1640440887
|switch|p1a: Ho-Oh|Ho-Oh|100/100
|switch|p2a: Necrozma|Necrozma-Dusk-Mane|100/100
|
|upkeep
|turn|3
|c|☆DOUDN udon|?
|
|t:|1640440900
|switch|p2a: Eternatus|Eternatus|100/100
|-ability|p2a: Eternatus|Pressure
|move|p1a: Ho-Oh|Sacred Fire|p2a: Eternatus
|-resisted|p2a: Eternatus
|-damage|p2a: Eternatus|65/100
|-status|p2a: Eternatus|brn
|
|-damage|p2a: Eternatus|59/100 brn|[from] brn
|upkeep
|turn|4
|inactive|Battle timer is ON: inactive players will automatically lose when time's up. (requested by hjuyttdd)
|
|t:|1640440912
|switch|p1a: Blissey|Blissey, F|100/100
|move|p2a: Eternatus|Flamethrower|p1a: Blissey
|-damage|p1a: Blissey|86/100
|
|-damage|p2a: Eternatus|53/100 brn|[from] brn
|upkeep
|turn|5
|
|t:|1640440917
|switch|p2a: Groudon|Groudon|100/100
|-weather|SunnyDay|[from] ability: Drought|[of] p2a: Groudon
|move|p1a: Blissey|Stealth Rock|p2a: Groudon
|-sidestart|p2: DOUDN udon|move: Stealth Rock
|
|-weather|SunnyDay|[upkeep]
|upkeep
|turn|6
|
|t:|1640440920
|switch|p1a: Giratina|Giratina|100/100
|-ability|p1a: Giratina|Pressure
|move|p2a: Groudon|Stealth Rock|p1a: Giratina
|-sidestart|p1: hjuyttdd|move: Stealth Rock
|
|-weather|SunnyDay|[upkeep]
|upkeep
|turn|7
|
|t:|1640440925
|switch|p2a: Blissey|Blissey, F|100/100
|move|p1a: Giratina|Will-O-Wisp|p2a: Blissey
|-status|p2a: Blissey|brn
|
|-weather|SunnyDay|[upkeep]
|-damage|p2a: Blissey|94/100 brn|[from] brn
|upkeep
|turn|8
|
|t:|1640440931
|switch|p1a: Ho-Oh|Ho-Oh|100/100
|-damage|p1a: Ho-Oh|51/100|[from] Stealth Rock
|move|p2a: Blissey|Wish|p2a: Blissey
|
|-weather|SunnyDay|[upkeep]
|-damage|p2a: Blissey|88/100 brn|[from] brn
|upkeep
|turn|9
|
|t:|1640440952
|-curestatus|p2a: Blissey|brn|[from] ability: Natural Cure
|switch|p2a: Xerneas|Xerneas|100/100
|-ability|p2a: Xerneas|Fairy Aura
|move|p1a: Ho-Oh|Sacred Fire|p2a: Xerneas
|-damage|p2a: Xerneas|22/100
|-status|p2a: Xerneas|brn
|
|-weather|none
|-heal|p2a: Xerneas|94/100 brn|[from] move: Wish|[wisher] Blissey
|-damage|p2a: Xerneas|88/100 brn|[from] brn
|upkeep
|turn|10
|inactive|DOUDN udon has 120 seconds left.
|
|t:|1640440972
|switch|p1a: Necrozma|Necrozma-Dusk-Mane|100/100
|-damage|p1a: Necrozma|94/100|[from] Stealth Rock
|move|p2a: Xerneas|Aromatherapy|p2a: Xerneas
|-activate|p2a: Xerneas|move: Aromatherapy
|-curestatus|p2a: Xerneas|brn|[msg]
|-curestatus|p2: Eternatus|brn|[msg]
|
|-heal|p1a: Necrozma|100/100|[from] item: Leftovers
|upkeep
|turn|11
|inactive|DOUDN udon has 120 seconds left.
|
|t:|1640440990
|switch|p2a: Groudon|Groudon|100/100
|-damage|p2a: Groudon|94/100|[from] Stealth Rock
|-weather|SunnyDay|[from] ability: Drought|[of] p2a: Groudon
|move|p1a: Necrozma|Sunsteel Strike|p2a: Groudon
|-damage|p2a: Groudon|71/100
|
|-weather|SunnyDay|[upkeep]
|-heal|p2a: Groudon|77/100|[from] item: Leftovers
|upkeep
|turn|12
|inactive|DOUDN udon has 120 seconds left.
|
|t:|1640440997
|switch|p1a: Giratina|Giratina|100/100
|-damage|p1a: Giratina|88/100|[from] Stealth Rock
|-ability|p1a: Giratina|Pressure
|move|p2a: Groudon|Swords Dance|p2a: Groudon
|-boost|p2a: Groudon|atk|2
|
|-weather|SunnyDay|[upkeep]
|-heal|p2a: Groudon|83/100|[from] item: Leftovers
|-heal|p1a: Giratina|94/100|[from] item: Leftovers
|upkeep
|turn|13
|
|t:|1640441005
|move|p1a: Giratina|Will-O-Wisp|p2a: Groudon
|-status|p2a: Groudon|brn
|move|p2a: Groudon|Precipice Blades|p1a: Giratina
|-damage|p1a: Giratina|71/100
|
|-weather|SunnyDay|[upkeep]
|-heal|p2a: Groudon|89/100 brn|[from] item: Leftovers
|-heal|p1a: Giratina|77/100|[from] item: Leftovers
|-damage|p2a: Groudon|83/100 brn|[from] brn
|upkeep
|turn|14
|
|t:|1640441010
|switch|p2a: Yveltal|Yveltal|100/100
|-damage|p2a: Yveltal|76/100|[from] Stealth Rock
|-ability|p2a: Yveltal|Dark Aura
|move|p1a: Giratina|Roar|p2a: Yveltal
|drag|p2a: Eternatus|Eternatus|53/100
|-damage|p2a: Eternatus|41/100|[from] Stealth Rock
|-ability|p2a: Eternatus|Pressure
|
|-weather|SunnyDay|[upkeep]
|-heal|p1a: Giratina|83/100|[from] item: Leftovers
|upkeep
|turn|15
|
|t:|1640441023
|switch|p1a: Necrozma|Necrozma-Dusk-Mane|100/100
|-damage|p1a: Necrozma|94/100|[from] Stealth Rock
|move|p2a: Eternatus|Dynamax Cannon|p1a: Necrozma
|-resisted|p1a: Necrozma
|-damage|p1a: Necrozma|59/100
|
|-weather|none
|-heal|p1a: Necrozma|65/100|[from] item: Leftovers
|upkeep
|turn|16
|
|t:|1640441028
|switch|p2a: Necrozma|Necrozma-Dusk-Mane|100/100
|-damage|p2a: Necrozma|94/100|[from] Stealth Rock
|move|p1a: Necrozma|Morning Sun|p1a: Necrozma
|-heal|p1a: Necrozma|100/100
|
|upkeep
|turn|17
|
|t:|1640441032
|move|p1a: Necrozma|Swords Dance|p1a: Necrozma
|-boost|p1a: Necrozma|atk|2
|move|p2a: Necrozma|Knock Off|p1a: Necrozma
|-supereffective|p1a: Necrozma
|-damage|p1a: Necrozma|48/100
|-enditem|p1a: Necrozma|Leftovers|[from] move: Knock Off|[of] p2a: Necrozma
|
|upkeep
|turn|18
|
|t:|1640441044
|move|p1a: Necrozma|Morning Sun|p1a: Necrozma
|-heal|p1a: Necrozma|98/100
|move|p2a: Necrozma|Knock Off|p1a: Necrozma
|-supereffective|p1a: Necrozma
|-damage|p1a: Necrozma|60/100
|
|upkeep
|turn|19
|
|t:|1640441055
|move|p1a: Necrozma|Earthquake|p2a: Necrozma
|-supereffective|p2a: Necrozma
|-damage|p2a: Necrozma|22/100
|move|p2a: Necrozma|Knock Off|p1a: Necrozma
|-supereffective|p1a: Necrozma
|-damage|p1a: Necrozma|25/100
|
|upkeep
|turn|20
|
|t:|1640441059
|switch|p2a: Yveltal|Yveltal|76/100
|-damage|p2a: Yveltal|51/100|[from] Stealth Rock
|-ability|p2a: Yveltal|Dark Aura
|move|p1a: Necrozma|Morning Sun|p1a: Necrozma
|-heal|p1a: Necrozma|75/100
|
|upkeep
|turn|21
|
|t:|1640441071
|switch|p1a: Yveltal|Yveltal|100/100
|-ability|p1a: Yveltal|Dark Aura
|move|p2a: Yveltal|Knock Off|p1a: Yveltal
|-resisted|p1a: Yveltal
|-damage|p1a: Yveltal|53/100
|-enditem|p1a: Yveltal|Heavy-Duty Boots|[from] move: Knock Off|[of] p2a: Yveltal
|
|upkeep
|turn|22
|
|t:|1640441076
|switch|p2a: Xerneas|Xerneas|88/100
|-ability|p2a: Xerneas|Fairy Aura
|move|p1a: Yveltal|Roost|p1a: Yveltal
|-heal|p1a: Yveltal|100/100
|-singleturn|p1a: Yveltal|move: Roost
|
|upkeep
|turn|23
|
|t:|1640441081
|switch|p1a: Necrozma|Necrozma-Dusk-Mane|75/100
|-damage|p1a: Necrozma|69/100|[from] Stealth Rock
|move|p2a: Xerneas|Defog|p1a: Necrozma
|-unboost|p1a: Necrozma|evasion|1
|-sideend|p1: hjuyttdd|Stealth Rock|[from] move: Defog|[of] p2a: Xerneas
|-sideend|p2: DOUDN udon|Stealth Rock|[from] move: Defog|[of] p2a: Xerneas
|
|upkeep
|turn|24
|
|t:|1640441101
|switch|p2a: Blissey|Blissey, F|88/100
|move|p1a: Necrozma|Sunsteel Strike|p2a: Blissey
|-damage|p2a: Blissey|41/100
|
|upkeep
|turn|25
|
|t:|1640441108
|switch|p2a: Groudon|Groudon|83/100 brn
|-weather|SunnyDay|[from] ability: Drought|[of] p2a: Groudon
|move|p1a: Necrozma|Swords Dance|p1a: Necrozma
|-boost|p1a: Necrozma|atk|2
|
|-weather|SunnyDay|[upkeep]
|-heal|p2a: Groudon|89/100 brn|[from] item: Leftovers
|-damage|p2a: Groudon|83/100 brn|[from] brn
|upkeep
|turn|26
|
|t:|1640441112
|move|p2a: Groudon|Stealth Rock|p1a: Necrozma
|-sidestart|p1: hjuyttdd|move: Stealth Rock
|move|p1a: Necrozma|Morning Sun|p1a: Necrozma
|-heal|p1a: Necrozma|100/100
|
|-weather|SunnyDay|[upkeep]
|-heal|p2a: Groudon|89/100 brn|[from] item: Leftovers
|-damage|p2a: Groudon|83/100 brn|[from] brn
|upkeep
|turn|27
|
|t:|1640441121
|move|p2a: Groudon|Precipice Blades|p1a: Necrozma
|-supereffective|p1a: Necrozma
|-damage|p1a: Necrozma|77/100
|move|p1a: Necrozma|Sunsteel Strike|p2a: Groudon
|-damage|p2a: Groudon|36/100 brn
|
|-weather|SunnyDay|[upkeep]
|-heal|p2a: Groudon|42/100 brn|[from] item: Leftovers
|-damage|p2a: Groudon|36/100 brn|[from] brn
|upkeep
|turn|28
|
|t:|1640441125
|move|p2a: Groudon|Precipice Blades|p1a: Necrozma
|-supereffective|p1a: Necrozma
|-damage|p1a: Necrozma|54/100
|move|p1a: Necrozma|Earthquake|p2a: Groudon
|-damage|p2a: Groudon|6/100 brn
|
|-weather|SunnyDay|[upkeep]
|-heal|p2a: Groudon|12/100 brn|[from] item: Leftovers
|-damage|p2a: Groudon|6/100 brn|[from] brn
|upkeep
|turn|29
|
|t:|1640441128
|move|p2a: Groudon|Precipice Blades|p1a: Necrozma
|-supereffective|p1a: Necrozma
|-damage|p1a: Necrozma|31/100
|move|p1a: Necrozma|Morning Sun|p1a: Necrozma
|-heal|p1a: Necrozma|97/100
|
|-weather|none
|-heal|p2a: Groudon|12/100 brn|[from] item: Leftovers
|-damage|p2a: Groudon|6/100 brn|[from] brn
|upkeep
|turn|30
|
|t:|1640441131
|move|p2a: Groudon|Precipice Blades|p1a: Necrozma
|-supereffective|p1a: Necrozma
|-damage|p1a: Necrozma|70/100
|move|p1a: Necrozma|Earthquake|p2a: Groudon
|-damage|p2a: Groudon|0 fnt
|faint|p2a: Groudon
|
|upkeep
|
|t:|1640441134
|switch|p2a: Yveltal|Yveltal|51/100
|-ability|p2a: Yveltal|Dark Aura
|turn|31
|inactive|hjuyttdd has 120 seconds left.
|
|t:|1640441185
|switch|p1a: Yveltal|Yveltal|100/100
|-damage|p1a: Yveltal|76/100|[from] Stealth Rock
|-ability|p1a: Yveltal|Dark Aura
|move|p2a: Yveltal|Knock Off|p1a: Yveltal
|-resisted|p1a: Yveltal
|-damage|p1a: Yveltal|46/100
|
|upkeep
|turn|32
|
|t:|1640441199
|switch|p2a: Xerneas|Xerneas|88/100
|-ability|p2a: Xerneas|Fairy Aura
|move|p1a: Yveltal|Roost|p1a: Yveltal
|-heal|p1a: Yveltal|96/100
|-singleturn|p1a: Yveltal|move: Roost
|
|upkeep
|turn|33
|
|t:|1640441218
|switch|p1a: Necrozma|Necrozma-Dusk-Mane|70/100
|-damage|p1a: Necrozma|64/100|[from] Stealth Rock
|switch|p2a: Yveltal|Yveltal|51/100
|-ability|p2a: Yveltal|Dark Aura
|
|upkeep
|turn|34
|
|t:|1640441228
|switch|p1a: Yveltal|Yveltal|96/100
|-damage|p1a: Yveltal|71/100|[from] Stealth Rock
|-ability|p1a: Yveltal|Dark Aura
|move|p2a: Yveltal|U-turn|p1a: Yveltal
|-damage|p1a: Yveltal|35/100
|
|t:|1640441233
|switch|p2a: Eternatus|Eternatus|41/100|[from]move: U-turn
|-ability|p2a: Eternatus|Pressure
|
|upkeep
|turn|35
|
|t:|1640441242
|switch|p1a: Necrozma|Necrozma-Dusk-Mane|64/100
|-damage|p1a: Necrozma|58/100|[from] Stealth Rock
|move|p2a: Eternatus|Flamethrower|p1a: Necrozma
|-supereffective|p1a: Necrozma
|-damage|p1a: Necrozma|0 fnt
|faint|p1a: Necrozma
|
|upkeep
|
|t:|1640441246
|switch|p1a: Blissey|Blissey, F|86/100
|-damage|p1a: Blissey|73/100|[from] Stealth Rock
|turn|36
|
|t:|1640441264
|switch|p2a: Blissey|Blissey, F|41/100
|move|p1a: Blissey|Stealth Rock|p2a: Blissey
|-sidestart|p2: DOUDN udon|move: Stealth Rock
|
|upkeep
|turn|37
|
|t:|1640441274
|switch|p1a: Ho-Oh|Ho-Oh|84/100
|-damage|p1a: Ho-Oh|34/100|[from] Stealth Rock
|move|p2a: Blissey|Wish|p2a: Blissey
|
|upkeep
|turn|38
|
|t:|1640441281
|move|p2a: Blissey|Protect|p2a: Blissey
|-singleturn|p2a: Blissey|Protect
|move|p1a: Ho-Oh|Defog|p2a: Blissey
|-activate|p2a: Blissey|move: Protect
|
|-heal|p2a: Blissey|91/100|[from] move: Wish|[wisher] Blissey
|upkeep
|turn|39
|
|t:|1640441286
|move|p1a: Ho-Oh|Defog|p2a: Blissey
|-unboost|p2a: Blissey|evasion|1
|-sideend|p2: DOUDN udon|Stealth Rock|[from] move: Defog|[of] p1a: Ho-Oh
|-sideend|p1: hjuyttdd|Stealth Rock|[from] move: Defog|[of] p1a: Ho-Oh
|move|p2a: Blissey|Thunder Wave|p1a: Ho-Oh
|-status|p1a: Ho-Oh|par
|
|upkeep
|turn|40
|
|t:|1640441290
|switch|p1a: Xerneas|Xerneas|66/100
|-ability|p1a: Xerneas|Fairy Aura
|move|p2a: Blissey|Wish|p2a: Blissey
|
|upkeep
|turn|41
|
|t:|1640441296
|switch|p2a: Necrozma|Necrozma-Dusk-Mane|22/100
|move|p1a: Xerneas|Aromatherapy|p1a: Xerneas
|-activate|p1a: Xerneas|move: Aromatherapy
|-curestatus|p1: Ho-Oh|par|[msg]
|
|-heal|p2a: Necrozma|100/100|[from] move: Wish|[wisher] Blissey
|upkeep
|turn|42
|
|t:|1640441309
|switch|p1a: Giratina|Giratina|83/100
|-ability|p1a: Giratina|Pressure
|move|p2a: Necrozma|Photon Geyser|p1a: Giratina
|-damage|p1a: Giratina|41/100
|
|-heal|p1a: Giratina|47/100|[from] item: Leftovers
|upkeep
|turn|43
|
|t:|1640441317
|switch|p2a: Blissey|Blissey, F|91/100
|move|p1a: Giratina|Will-O-Wisp|p2a: Blissey
|-status|p2a: Blissey|brn
|
|-heal|p1a: Giratina|53/100|[from] item: Leftovers
|-damage|p2a: Blissey|85/100 brn|[from] brn
|upkeep
|turn|44
|
|t:|1640441325
|switch|p1a: Ho-Oh|Ho-Oh|67/100
|move|p2a: Blissey|Wish|p2a: Blissey
|
|-damage|p2a: Blissey|79/100 brn|[from] brn
|upkeep
|turn|45
|
|t:|1640441339
|-curestatus|p2a: Blissey|brn|[from] ability: Natural Cure
|switch|p2a: Eternatus|Eternatus|41/100
|-ability|p2a: Eternatus|Pressure
|move|p1a: Ho-Oh|Brave Bird|p2a: Eternatus
|-damage|p2a: Eternatus|0 fnt
|faint|p2a: Eternatus
|-damage|p1a: Ho-Oh|51/100|[from] Recoil
|
|upkeep
|
|t:|1640441345
|switch|p2a: Necrozma|Necrozma-Dusk-Mane|100/100
|turn|46
|j|+AM
|
|t:|1640441353
|switch|p1a: Yveltal|Yveltal|35/100
|-ability|p1a: Yveltal|Dark Aura
|move|p2a: Necrozma|Sunsteel Strike|p1a: Yveltal
|-damage|p1a: Yveltal|0 fnt
|faint|p1a: Yveltal
|
|upkeep
|
|t:|1640441356
|switch|p1a: Ho-Oh|Ho-Oh|84/100
|turn|47
|
|t:|1640441364
|switch|p2a: Xerneas|Xerneas|88/100
|-ability|p2a: Xerneas|Fairy Aura
|move|p1a: Ho-Oh|Sacred Fire|p2a: Xerneas
|-damage|p2a: Xerneas|43/100
|-status|p2a: Xerneas|brn
|
|-damage|p2a: Xerneas|37/100 brn|[from] brn
|upkeep
|turn|48
|l|+AM
|
|t:|1640441372
|move|p1a: Ho-Oh|Sacred Fire|p2a: Xerneas
|-crit|p2a: Xerneas
|-damage|p2a: Xerneas|0 fnt
|faint|p2a: Xerneas
|
|upkeep
|
|t:|1640441376
|switch|p2a: Yveltal|Yveltal|51/100
|-ability|p2a: Yveltal|Dark Aura
|turn|49
|
|t:|1640441379
|switch|p1a: Xerneas|Xerneas|66/100
|-ability|p1a: Xerneas|Fairy Aura
|move|p2a: Yveltal|Sucker Punch||[still]
|-fail|p2a: Yveltal
|
|upkeep
|turn|50
|
|t:|1640441384
|switch|p1a: Ho-Oh|Ho-Oh|100/100
|switch|p2a: Necrozma|Necrozma-Dusk-Mane|100/100
|
|upkeep
|turn|51
|
|t:|1640441390
|move|p1a: Ho-Oh|Sacred Fire|p2a: Necrozma
|-supereffective|p2a: Necrozma
|-damage|p2a: Necrozma|10/100
|move|p2a: Necrozma|Knock Off|p1a: Ho-Oh
|-damage|p1a: Ho-Oh|34/100
|-enditem|p1a: Ho-Oh|Choice Band|[from] move: Knock Off|[of] p2a: Necrozma
|
|upkeep
|turn|52
|
|t:|1640441394
|switch|p2a: Blissey|Blissey, F|79/100
|move|p1a: Ho-Oh|Sacred Fire|p2a: Blissey
|-crit|p2a: Blissey
|-damage|p2a: Blissey|0 fnt
|faint|p2a: Blissey
|
|upkeep
|
|t:|1640441399
|switch|p2a: Yveltal|Yveltal|51/100
|-ability|p2a: Yveltal|Dark Aura
|turn|53
|
|t:|1640441403
|switch|p1a: Xerneas|Xerneas|66/100
|-ability|p1a: Xerneas|Fairy Aura
|move|p2a: Yveltal|Knock Off|p1a: Xerneas
|-resisted|p1a: Xerneas
|-crit|p1a: Xerneas
|-damage|p1a: Xerneas|36/100
|
|upkeep
|turn|54
|-message|DOUDN udon forfeited.
|
|win|hjuyttdd
|n|☆hjuyttdd|hjuyttdd
|n|☆DOUDN udon|doudnudon
