|raw|<div class="broadcast-blue"><strong>This battle is required to be public due to a player having a name starting with 'ult9ns'.</div>
|j|☆Ult9ns louisix
|j|☆Dusk of Surtr
|t:|1653363359
|gametype|singles
|player|p1|Ult9ns louisix|265|1615
|player|p2|Dusk of Surtr|erika|1617
|teamsize|p1|6
|teamsize|p2|6
|gen|8
|tier|[Gen 8] Ubers
|rated|
|rule|Sleep Clause Mod: Limit one foe put to sleep
|rule|Species Clause: Limit one of each Pokémon
|rule|OHKO Clause: OHKO moves are banned
|rule|Evasion Moves Clause: Evasion moves are banned
|rule|Endless Battle Clause: Forcing endless battles is banned
|rule|HP Percentage Mod: HP is shown in percentages
|rule|Dynamax Clause: You cannot dynamax
|clearpoke
|poke|p1|Excadrill, F|
|poke|p1|Yveltal|
|poke|p1|Xerneas-*|
|poke|p1|Eternatus|
|poke|p1|Groudon|
|poke|p1|Calyrex-Shadow|
|poke|p2|Indeedee, M|
|poke|p2|Dracovish|
|poke|p2|Palkia|
|poke|p2|Calyrex-Ice|
|poke|p2|Dialga|
|poke|p2|Magearna|
|teampreview
|inactive|Battle timer is ON: inactive players will automatically lose when time's up. (requested by Ult9ns louisix)
|
|t:|1653363368
|start
|switch|p1a: Calyrex|Calyrex-Shadow|100/100
|switch|p2a: Palkia|Palkia, shiny|100/100
|-ability|p1a: Calyrex|As One
|-ability|p1a: Calyrex|Unnerve
|-ability|p2a: Palkia|Pressure
|turn|1
|
|t:|1653363390
|move|p1a: Calyrex|Trick|p2a: Palkia
|-activate|p1a: Calyrex|move: Trick|[of] p2a: Palkia
|-item|p2a: Palkia|Choice Scarf|[from] move: Trick
|-item|p1a: Calyrex|Lustrous Orb|[from] move: Trick
|move|p2a: Palkia|Hydro Pump|p1a: Calyrex
|-damage|p1a: Calyrex|33/100
|
|upkeep
|turn|2
|
|t:|1653363409
|switch|p2a: Dialga|Dialga, shiny|100/100
|-ability|p2a: Dialga|Pressure
|-item|p2a: Dialga|Air Balloon
|move|p1a: Calyrex|Disable||[still]
|-fail|p1a: Calyrex
|
|upkeep
|turn|3
|inactive|Dusk of Surtr has 120 seconds left.
|
|t:|1653363428
|move|p1a: Calyrex|Trick|p2a: Dialga
|-activate|p1a: Calyrex|move: Trick|[of] p2a: Dialga
|-item|p2a: Dialga|Lustrous Orb|[from] move: Trick
|-item|p1a: Calyrex|Air Balloon
|-item|p1a: Calyrex|Air Balloon|[from] move: Trick
|move|p2a: Dialga|Trick Room|p2a: Dialga
|-fieldstart|move: Trick Room|[of] p2a: Dialga
|
|upkeep
|turn|4
|
|t:|1653363440
|switch|p1a: Excadrill|Excadrill, F|100/100
|-ability|p1a: Excadrill|Mold Breaker
|move|p2a: Dialga|Stealth Rock|p1a: Excadrill
|-sidestart|p1: Ult9ns louisix|move: Stealth Rock
|
|upkeep
|turn|5
|inactive|Dusk of Surtr has 120 seconds left.
|
|t:|1653363461
|move|p2a: Dialga|Steel Beam|p1a: Excadrill|[miss]
|-miss|p2a: Dialga|p1a: Excadrill
|-damage|p2a: Dialga|50/100|[from] steelbeam
|move|p1a: Excadrill|Rapid Spin|p2a: Dialga
|-resisted|p2a: Dialga
|-damage|p2a: Dialga|44/100
|-boost|p1a: Excadrill|spe|1
|-sideend|p1: Ult9ns louisix|Stealth Rock|[from] move: Rapid Spin|[of] p1a: Excadrill
|
|upkeep
|turn|6
|inactive|Dusk of Surtr has 120 seconds left.
|
|t:|1653363471
|move|p2a: Dialga|Steel Beam|p1a: Excadrill
|-resisted|p1a: Excadrill
|-damage|p1a: Excadrill|43/100
|-damage|p2a: Dialga|0 fnt|[from] mindblown
|faint|p2a: Dialga
|move|p1a: Excadrill|Stealth Rock|p2: Dialga
|-sidestart|p2: Dusk of Surtr|move: Stealth Rock
|
|upkeep
|inactive|Dusk of Surtr has 120 seconds left.
|j| ULT9NS 369
|
|t:|1653363484
|switch|p2a: Indeedee|Indeedee, M, shiny|100/100
|-damage|p2a: Indeedee|88/100|[from] Stealth Rock
|-fieldstart|move: Psychic Terrain|[from] ability: Psychic Surge|[of] p2a: Indeedee
|turn|7
|
|t:|1653363487
|move|p2a: Indeedee|Encore|p1a: Excadrill
|-start|p1a: Excadrill|Encore
|move|p1a: Excadrill|Stealth Rock||[still]
|-fail|p1a: Excadrill
|
|-fieldend|move: Trick Room
|upkeep
|turn|8
|
|t:|1653363494
|switch|p1a: Xerneas|Xerneas|100/100
|-ability|p1a: Xerneas|Fairy Aura
|move|p2a: Indeedee|Trick Room|p2a: Indeedee
|-fieldstart|move: Trick Room|[of] p2a: Indeedee
|
|upkeep
|turn|9
|
|t:|1653363497
|move|p2a: Indeedee|Expanding Force|p1a: Xerneas
|-damage|p1a: Xerneas|38/100
|move|p1a: Xerneas|Moonblast|p2a: Indeedee
|-crit|p2a: Indeedee
|-damage|p2a: Indeedee|0 fnt
|faint|p2a: Indeedee
|
|upkeep
|
|t:|1653363512
|switch|p2a: Calyrex|Calyrex-Ice|100/100
|-ability|p2a: Calyrex|As One
|-ability|p2a: Calyrex|Unnerve
|turn|10
|c|☆Ult9ns louisix|不該送吧
|j| xujing691691
|
|t:|1653363519
|move|p2a: Calyrex|Glacial Lance|p1a: Xerneas
|-damage|p1a: Xerneas|0 fnt
|faint|p1a: Xerneas
|-ability|p2a: Calyrex|Chilling Neigh|boost
|-boost|p2a: Calyrex|atk|1
|
|upkeep
|
|t:|1653363521
|switch|p1a: Excadrill|Excadrill, F|43/100
|-ability|p1a: Excadrill|Mold Breaker
|turn|11
|c|☆Dusk of Surtr|是不该
|j| BasedWhat? ♪
|c|☆Dusk of Surtr|随便玩玩，害
|c| ULT9NS 369|你咋不给我送
|
|t:|1653363538
|move|p2a: Calyrex|Glacial Lance|p1a: Excadrill
|-crit|p1a: Excadrill
|-damage|p1a: Excadrill|0 fnt
|faint|p1a: Excadrill
|-ability|p2a: Calyrex|Chilling Neigh|boost
|-boost|p2a: Calyrex|atk|1
|
|upkeep
|c|☆Ult9ns louisix|小心被舉報
|j| Ul nerd
|
|t:|1653363546
|switch|p1a: Eternatus|Eternatus|100/100
|-ability|p1a: Eternatus|Pressure
|turn|12
|
|t:|1653363557
|move|p2a: Calyrex|Glacial Lance|p1a: Eternatus
|-supereffective|p1a: Eternatus
|-damage|p1a: Eternatus|0 fnt
|faint|p1a: Eternatus
|-ability|p2a: Calyrex|Chilling Neigh|boost
|-boost|p2a: Calyrex|atk|1
|
|-fieldend|move: Trick Room
|upkeep
|
|t:|1653363560
|switch|p1a: Calyrex|Calyrex-Shadow|33/100
|-ability|p1a: Calyrex|As One
|-ability|p1a: Calyrex|Unnerve
|-item|p1a: Calyrex|Air Balloon
|turn|13
|
|t:|1653363563
|move|p1a: Calyrex|Astral Barrage|p2a: Calyrex
|-supereffective|p2a: Calyrex
|-damage|p2a: Calyrex|11/100
|move|p2a: Calyrex|Trick Room|p2a: Calyrex
|-fieldstart|move: Trick Room|[of] p2a: Calyrex
|
|upkeep
|turn|14
|c|☆Ult9ns louisix|草
|c|☆Dusk of Surtr|我拉了不少特耐
|c|☆Ult9ns louisix|傳說中的能吃月爆
|c|☆Dusk of Surtr|是这样
|inactive|Ult9ns louisix has 120 seconds left.
|
|t:|1653363594
|move|p2a: Calyrex|Glacial Lance|p1a: Calyrex
|-damage|p1a: Calyrex|0 fnt
|-enditem|p1a: Calyrex|Air Balloon
|faint|p1a: Calyrex
|-ability|p2a: Calyrex|Chilling Neigh|boost
|-boost|p2a: Calyrex|atk|1
|
|-fieldend|move: Psychic Terrain
|upkeep
|
|t:|1653363596
|switch|p1a: Yveltal|Yveltal|100/100
|-ability|p1a: Yveltal|Dark Aura
|turn|15
|
|t:|1653363603
|switch|p2a: Magearna|Magearna|100/100
|-damage|p2a: Magearna|94/100|[from] Stealth Rock
|move|p1a: Yveltal|Sucker Punch||[still]
|-fail|p1a: Yveltal
|
|upkeep
|turn|16
|
|t:|1653363624
|switch|p1a: Groudon|Groudon|100/100
|-weather|SunnyDay|[from] ability: Drought|[of] p1a: Groudon
|move|p2a: Magearna|Misty Explosion|p1a: Groudon
|-damage|p1a: Groudon|20/100
|faint|p2a: Magearna
|
|-weather|SunnyDay|[upkeep]
|upkeep
|c| ULT9NS 369|但indeedee太怕滚起来的黑蕾了
|inactive|Dusk of Surtr has 120 seconds left.
|
|t:|1653363644
|switch|p2a: Calyrex|Calyrex-Ice|11/100
|-ability|p2a: Calyrex|As One
|-ability|p2a: Calyrex|Unnerve
|turn|17
|c| ULT9NS 369|特性负面技
|c|☆Ult9ns louisix|我這個明牌黑蕾
|
|t:|1653363662
|move|p2a: Calyrex|Glacial Lance|p1a: Groudon
|-supereffective|p1a: Groudon
|-damage|p1a: Groudon|0 fnt
|faint|p1a: Groudon
|-ability|p2a: Calyrex|Chilling Neigh|boost
|-boost|p2a: Calyrex|atk|1
|
|-weather|SunnyDay|[upkeep]
|-fieldend|move: Trick Room
|upkeep
|
|t:|1653363664
|switch|p1a: Yveltal|Yveltal|100/100
|-ability|p1a: Yveltal|Dark Aura
|turn|18
|c|☆Dusk of Surtr|没办法咯，有个鬼抗不错了
|
|t:|1653363668
|move|p1a: Yveltal|Knock Off|p2a: Calyrex
|-supereffective|p2a: Calyrex
|-damage|p2a: Calyrex|0 fnt
|-enditem|p2a: Calyrex|Heavy-Duty Boots|[from] move: Knock Off|[of] p1a: Yveltal
|faint|p2a: Calyrex
|
|-weather|SunnyDay|[upkeep]
|upkeep
|
|t:|1653363676
|switch|p2a: Palkia|Palkia, shiny|100/100
|-damage|p2a: Palkia|88/100|[from] Stealth Rock
|-ability|p2a: Palkia|Pressure
|turn|19
|
|t:|1653363685
|move|p1a: Yveltal|Hone Claws|p1a: Yveltal
|-boost|p1a: Yveltal|atk|1
|-boost|p1a: Yveltal|accuracy|1
|move|p2a: Palkia|Spacial Rend|p1a: Yveltal
|-damage|p1a: Yveltal|45/100
|
|-weather|SunnyDay|[upkeep]
|upkeep
|turn|20
|
|t:|1653363692
|move|p1a: Yveltal|Knock Off|p2a: Palkia
|-damage|p2a: Palkia|0 fnt
|-enditem|p2a: Palkia|Choice Scarf|[from] move: Knock Off|[of] p1a: Yveltal
|faint|p2a: Palkia
|
|-weather|none
|upkeep
|
|t:|1653363695
|switch|p2a: Dracovish|Dracovish, shiny|100/100
|-damage|p2a: Dracovish|88/100|[from] Stealth Rock
|turn|21
|
|t:|1653363704
|move|p1a: Yveltal|Knock Off|p2a: Dracovish
|-damage|p2a: Dracovish|0 fnt
|-enditem|p2a: Dracovish|Choice Band|[from] move: Knock Off|[of] p1a: Yveltal
|faint|p2a: Dracovish
|
|win|Ult9ns louisix
|raw|Ult9ns louisix's rating: 1615 &rarr; <strong>1635</strong><br />(+20 for winning)
|raw|Dusk of Surtr's rating: 1617 &rarr; <strong>1597</strong><br />(-20 for losing)
|c| ULT9NS 369|还得多边兽
|l|☆Dusk of Surtr
|l| ULT9NS 369
|l| xujing691691
|l| Ul nerd
|l|☆Ult9ns louisix
|l| BasedWhat? ♪
|j| Ul nerd
