|j|☆Dark★Shionツ
|j|☆TogeBirlHQ
|t:|1659098417
|gametype|singles
|player|p1|Dark★Shionツ|bugsy|1535
|player|p2|TogeBirlHQ|101|1615
|teamsize|p1|6
|teamsize|p2|6
|gen|8
|tier|[Gen 8] Ubers
|rated|
|rule|Sleep Clause Mod: Limit one foe put to sleep
|rule|Species Clause: Limit one of each Pokémon
|rule|OHKO Clause: OHKO moves are banned
|rule|Evasion Moves Clause: Evasion moves are banned
|rule|Endless Battle Clause: Forcing endless battles is banned
|rule|HP Percentage Mod: HP is shown in percentages
|rule|Dynamax Clause: You cannot dynamax
|clearpoke
|poke|p1|Necrozma-Dusk-Mane|
|poke|p1|Eternatus|
|poke|p1|Darmanitan-Galar, M|
|poke|p1|Xerneas-*|
|poke|p1|Calyrex-Shadow|
|poke|p1|Yveltal|
|poke|p2|Urshifu-*, M|
|poke|p2|Calyrex-Shadow|
|poke|p2|Eternatus|
|poke|p2|Necrozma-Dusk-Mane|
|poke|p2|Yveltal|
|poke|p2|Ho-Oh|
|teampreview
|
|t:|1659098441
|start
|switch|p1a: Darmanitan|Darmanitan-Galar, M|100/100
|switch|p2a: Yveltal|Yveltal|100/100
|-ability|p2a: Yveltal|Dark Aura
|turn|1
|
|t:|1659098448
|move|p2a: Yveltal|Foul Play|p1a: Darmanitan
|-damage|p1a: Darmanitan|0 fnt
|faint|p1a: Darmanitan
|
|upkeep
|
|t:|1659098463
|switch|p1a: Yveltal|Yveltal|100/100
|-ability|p1a: Yveltal|Dark Aura
|turn|2
|
|t:|1659098480
|switch|p2a: Eternatus|Eternatus|100/100
|-ability|p2a: Eternatus|Pressure
|move|p1a: Yveltal|Knock Off|p2a: Eternatus
|-damage|p2a: Eternatus|56/100
|-enditem|p2a: Eternatus|Haban Berry|[from] move: Knock Off|[of] p1a: Yveltal
|
|upkeep
|turn|3
|
|t:|1659098490
|move|p2a: Eternatus|Recover|p2a: Eternatus
|-heal|p2a: Eternatus|100/100
|move|p1a: Yveltal|U-turn|p2a: Eternatus
|-resisted|p2a: Eternatus
|-damage|p2a: Eternatus|92/100
|
|t:|1659098492
|switch|p1a: Necrozma|Necrozma-Dusk-Mane|100/100|[from]move: U-turn
|
|upkeep
|turn|4
|
|t:|1659098496
|switch|p2a: Ho-Oh|Ho-Oh|100/100
|move|p1a: Necrozma|Stealth Rock|p2a: Ho-Oh
|-sidestart|p2: TogeBirlHQ|move: Stealth Rock
|
|upkeep
|turn|5
|
|t:|1659098502
|move|p2a: Ho-Oh|Defog|p1a: Necrozma
|-unboost|p1a: Necrozma|evasion|1
|-sideend|p2: TogeBirlHQ|Stealth Rock|[from] move: Defog|[of] p2a: Ho-Oh
|move|p1a: Necrozma|Thunder Wave|p2a: Ho-Oh
|-status|p2a: Ho-Oh|par
|
|upkeep
|turn|6
|
|t:|1659098508
|switch|p1a: Eternatus|Eternatus|100/100
|-ability|p1a: Eternatus|Pressure
|switch|p2a: Urshifu|Urshifu, M|100/100
|
|upkeep
|turn|7
|
|t:|1659098514
|switch|p2a: Necrozma|Necrozma-Dusk-Mane|100/100
|move|p1a: Eternatus|Flamethrower|p2a: Necrozma
|-supereffective|p2a: Necrozma
|-damage|p2a: Necrozma|47/100
|-damage|p1a: Eternatus|91/100|[from] item: Life Orb
|
|-heal|p2a: Necrozma|53/100|[from] item: Leftovers
|upkeep
|turn|8
|
|t:|1659098532
|switch|p2a: Ho-Oh|Ho-Oh|100/100 par
|move|p1a: Eternatus|Flamethrower|p2a: Ho-Oh
|-resisted|p2a: Ho-Oh
|-damage|p2a: Ho-Oh|88/100 par
|-damage|p1a: Eternatus|81/100|[from] item: Life Orb
|
|upkeep
|turn|9
|
|t:|1659098538
|switch|p1a: Necrozma|Necrozma-Dusk-Mane|100/100
|switch|p2a: Necrozma|Necrozma-Dusk-Mane|53/100
|
|-heal|p2a: Necrozma|59/100|[from] item: Leftovers
|upkeep
|turn|10
|
|t:|1659098547
|move|p1a: Necrozma|Stealth Rock|p2a: Necrozma
|-sidestart|p2: TogeBirlHQ|move: Stealth Rock
|move|p2a: Necrozma|Moonlight|p2a: Necrozma
|-heal|p2a: Necrozma|100/100
|
|upkeep
|turn|11
|
|t:|1659098552
|switch|p1a: Yveltal|Yveltal|100/100
|-ability|p1a: Yveltal|Dark Aura
|switch|p2a: Ho-Oh|Ho-Oh|100/100 par
|
|upkeep
|turn|12
|
|t:|1659098559
|move|p1a: Yveltal|Knock Off|p2a: Ho-Oh
|-damage|p2a: Ho-Oh|63/100 par
|-enditem|p2a: Ho-Oh|Heavy-Duty Boots|[from] move: Knock Off|[of] p1a: Yveltal
|move|p2a: Ho-Oh|Defog|p1a: Yveltal
|-unboost|p1a: Yveltal|evasion|1
|-sideend|p2: TogeBirlHQ|Stealth Rock|[from] move: Defog|[of] p2a: Ho-Oh
|
|upkeep
|turn|13
|
|t:|1659098564
|move|p1a: Yveltal|U-turn|p2a: Ho-Oh
|-resisted|p2a: Ho-Oh
|-damage|p2a: Ho-Oh|60/100 par
|
|t:|1659098566
|switch|p1a: Eternatus|Eternatus|81/100|[from]move: U-turn
|-ability|p1a: Eternatus|Pressure
|move|p2a: Ho-Oh|Thunder Wave|p1a: Eternatus
|-status|p1a: Eternatus|par
|
|upkeep
|turn|14
|
|t:|1659098570
|switch|p1a: Necrozma|Necrozma-Dusk-Mane|100/100
|switch|p2a: Necrozma|Necrozma-Dusk-Mane|100/100
|
|upkeep
|turn|15
|
|t:|1659098578
|switch|p2a: Urshifu|Urshifu, M|100/100
|move|p1a: Necrozma|Stealth Rock|p2a: Urshifu
|-sidestart|p2: TogeBirlHQ|move: Stealth Rock
|
|upkeep
|turn|16
|
|t:|1659098583
|switch|p1a: Xerneas|Xerneas|100/100
|-ability|p1a: Xerneas|Fairy Aura
|-item|p1a: Xerneas|Air Balloon
|move|p2a: Urshifu|Wicked Blow|p1a: Xerneas
|-resisted|p1a: Xerneas
|-crit|p1a: Xerneas
|-damage|p1a: Xerneas|72/100
|-enditem|p1a: Xerneas|Air Balloon
|
|upkeep
|turn|17
|
|t:|1659098600
|switch|p2a: Necrozma|Necrozma-Dusk-Mane|100/100
|-damage|p2a: Necrozma|94/100|[from] Stealth Rock
|switch|p1a: Calyrex|Calyrex-Shadow|100/100
|-ability|p1a: Calyrex|As One
|-ability|p1a: Calyrex|Unnerve
|
|-heal|p2a: Necrozma|100/100|[from] item: Leftovers
|upkeep
|turn|18
|
|t:|1659098608
|switch|p2a: Yveltal|Yveltal|100/100
|-damage|p2a: Yveltal|76/100|[from] Stealth Rock
|-ability|p2a: Yveltal|Dark Aura
|move|p1a: Calyrex|Astral Barrage|p2a: Yveltal
|-resisted|p2a: Yveltal
|-damage|p2a: Yveltal|49/100
|
|upkeep
|turn|19
|
|t:|1659098616
|switch|p1a: Yveltal|Yveltal|100/100
|-ability|p1a: Yveltal|Dark Aura
|move|p2a: Yveltal|Roost|p2a: Yveltal
|-heal|p2a: Yveltal|99/100
|-singleturn|p2a: Yveltal|move: Roost
|
|upkeep
|turn|20
|
|t:|1659098625
|switch|p2a: Ho-Oh|Ho-Oh|93/100 par
|-damage|p2a: Ho-Oh|43/100 par|[from] Stealth Rock
|move|p1a: Yveltal|U-turn|p2a: Ho-Oh
|-resisted|p2a: Ho-Oh
|-damage|p2a: Ho-Oh|40/100 par
|
|t:|1659098628
|switch|p1a: Calyrex|Calyrex-Shadow|100/100|[from]move: U-turn
|-ability|p1a: Calyrex|As One
|-ability|p1a: Calyrex|Unnerve
|
|upkeep
|turn|21
|
|t:|1659098649
|move|p1a: Calyrex|Astral Barrage|p2a: Ho-Oh
|-damage|p2a: Ho-Oh|0 fnt
|faint|p2a: Ho-Oh
|-ability|p1a: Calyrex|Grim Neigh|boost
|-boost|p1a: Calyrex|spa|1
|
|upkeep
|
|t:|1659098655
|switch|p2a: Yveltal|Yveltal|99/100
|-damage|p2a: Yveltal|74/100|[from] Stealth Rock
|-ability|p2a: Yveltal|Dark Aura
|turn|22
|
|t:|1659098657
|switch|p1a: Yveltal|Yveltal|100/100
|-ability|p1a: Yveltal|Dark Aura
|move|p2a: Yveltal|Defog|p1a: Yveltal
|-unboost|p1a: Yveltal|evasion|1
|-sideend|p2: TogeBirlHQ|Stealth Rock|[from] move: Defog|[of] p2a: Yveltal
|
|upkeep
|turn|23
|
|t:|1659098661
|switch|p2a: Eternatus|Eternatus|92/100
|-ability|p2a: Eternatus|Pressure
|move|p1a: Yveltal|U-turn|p2a: Eternatus
|-resisted|p2a: Eternatus
|-damage|p2a: Eternatus|85/100
|
|t:|1659098666
|switch|p1a: Necrozma|Necrozma-Dusk-Mane|100/100|[from]move: U-turn
|
|upkeep
|turn|24
|
|t:|1659098668
|switch|p2a: Urshifu|Urshifu, M|100/100
|move|p1a: Necrozma|Stealth Rock|p2a: Urshifu
|-sidestart|p2: TogeBirlHQ|move: Stealth Rock
|
|upkeep
|turn|25
|
|t:|1659098672
|switch|p1a: Xerneas|Xerneas|72/100
|-ability|p1a: Xerneas|Fairy Aura
|move|p2a: Urshifu|Poison Jab|p1a: Xerneas
|-supereffective|p1a: Xerneas
|-damage|p1a: Xerneas|23/100
|
|upkeep
|turn|26
|
|t:|1659098682
|switch|p1a: Necrozma|Necrozma-Dusk-Mane|100/100
|move|p2a: Urshifu|Poison Jab|p1a: Necrozma
|-immune|p1a: Necrozma
|
|upkeep
|turn|27
|
|t:|1659098689
|switch|p2a: Necrozma|Necrozma-Dusk-Mane|100/100
|-damage|p2a: Necrozma|94/100|[from] Stealth Rock
|switch|p1a: Calyrex|Calyrex-Shadow|100/100
|-ability|p1a: Calyrex|As One
|-ability|p1a: Calyrex|Unnerve
|
|-heal|p2a: Necrozma|100/100|[from] item: Leftovers
|upkeep
|turn|28
|
|t:|1659098707
|move|p1a: Calyrex|Astral Barrage|p2a: Necrozma
|-supereffective|p2a: Necrozma
|-crit|p2a: Necrozma
|-damage|p2a: Necrozma|0 fnt
|faint|p2a: Necrozma
|-ability|p1a: Calyrex|Grim Neigh|boost
|-boost|p1a: Calyrex|spa|1
|
|upkeep
|
|t:|1659098718
|switch|p2a: Yveltal|Yveltal|74/100
|-damage|p2a: Yveltal|49/100|[from] Stealth Rock
|-ability|p2a: Yveltal|Dark Aura
|turn|29
|
|t:|1659098721
|switch|p1a: Yveltal|Yveltal|100/100
|-ability|p1a: Yveltal|Dark Aura
|move|p2a: Yveltal|Defog|p1a: Yveltal
|-unboost|p1a: Yveltal|evasion|1
|-sideend|p2: TogeBirlHQ|Stealth Rock|[from] move: Defog|[of] p2a: Yveltal
|
|upkeep
|turn|30
|
|t:|1659098727
|switch|p2a: Urshifu|Urshifu, M|100/100
|move|p1a: Yveltal|U-turn|p2a: Urshifu
|-damage|p2a: Urshifu|81/100
|
|t:|1659098733
|switch|p1a: Calyrex|Calyrex-Shadow|100/100|[from]move: U-turn
|-ability|p1a: Calyrex|As One
|-ability|p1a: Calyrex|Unnerve
|
|upkeep
|turn|31
|
|t:|1659098737
|switch|p1a: Xerneas|Xerneas|23/100
|-ability|p1a: Xerneas|Fairy Aura
|move|p2a: Urshifu|Sucker Punch||[still]
|-fail|p2a: Urshifu
|
|upkeep
|turn|32
|
|t:|1659098741
|switch|p2a: Calyrex|Calyrex-Shadow|100/100
|-ability|p2a: Calyrex|As One
|-ability|p2a: Calyrex|Unnerve
|move|p1a: Xerneas|Aromatherapy|p1a: Xerneas
|-activate|p1a: Xerneas|move: Aromatherapy
|-curestatus|p1: Eternatus|par|[msg]
|
|upkeep
|turn|33
|
|t:|1659098751
|switch|p1a: Yveltal|Yveltal|100/100
|-ability|p1a: Yveltal|Dark Aura
|move|p2a: Calyrex|Astral Barrage|p1a: Yveltal
|-resisted|p1a: Yveltal
|-damage|p1a: Yveltal|59/100
|
|upkeep
|turn|34
|
|t:|1659098758
|switch|p2a: Eternatus|Eternatus|85/100
|-ability|p2a: Eternatus|Pressure
|move|p1a: Yveltal|Roost|p1a: Yveltal
|-heal|p1a: Yveltal|100/100
|-singleturn|p1a: Yveltal|move: Roost
|
|upkeep
|turn|35
|
|t:|1659098765
|switch|p2a: Urshifu|Urshifu, M|81/100
|switch|p1a: Necrozma|Necrozma-Dusk-Mane|100/100
|
|upkeep
|turn|36
|
|t:|1659098777
|switch|p1a: Xerneas|Xerneas|23/100
|-ability|p1a: Xerneas|Fairy Aura
|move|p2a: Urshifu|Wicked Blow|p1a: Xerneas
|-resisted|p1a: Xerneas
|-crit|p1a: Xerneas
|-damage|p1a: Xerneas|0 fnt
|faint|p1a: Xerneas
|
|upkeep
|
|t:|1659098783
|switch|p1a: Yveltal|Yveltal|100/100
|-ability|p1a: Yveltal|Dark Aura
|turn|37
|
|t:|1659098788
|switch|p2a: Eternatus|Eternatus|85/100
|-ability|p2a: Eternatus|Pressure
|move|p1a: Yveltal|U-turn|p2a: Eternatus
|-resisted|p2a: Eternatus
|-damage|p2a: Eternatus|76/100
|
|t:|1659098790
|switch|p1a: Necrozma|Necrozma-Dusk-Mane|100/100|[from]move: U-turn
|
|upkeep
|turn|38
|
|t:|1659098797
|switch|p2a: Yveltal|Yveltal|49/100
|-ability|p2a: Yveltal|Dark Aura
|move|p1a: Necrozma|Stealth Rock|p2a: Yveltal
|-sidestart|p2: TogeBirlHQ|move: Stealth Rock
|
|upkeep
|turn|39
|
|t:|1659098804
|move|p2a: Yveltal|Roost|p2a: Yveltal
|-heal|p2a: Yveltal|99/100
|-singleturn|p2a: Yveltal|move: Roost
|move|p1a: Necrozma|Thunder Wave|p2a: Yveltal
|-status|p2a: Yveltal|par
|
|upkeep
|turn|40
|
|t:|1659098823
|move|p2a: Yveltal|Roost|p2a: Yveltal
|-heal|p2a: Yveltal|100/100 par
|-singleturn|p2a: Yveltal|move: Roost
|move|p1a: Necrozma|Sunsteel Strike|p2a: Yveltal
|-damage|p2a: Yveltal|59/100 par
|
|upkeep
|turn|41
|
|t:|1659098833
|switch|p1a: Calyrex|Calyrex-Shadow|100/100
|-ability|p1a: Calyrex|As One
|-ability|p1a: Calyrex|Unnerve
|move|p2a: Yveltal|Roost|p2a: Yveltal
|-heal|p2a: Yveltal|100/100 par
|-singleturn|p2a: Yveltal|move: Roost
|
|upkeep
|turn|42
|
|t:|1659098840
|move|p1a: Calyrex|Draining Kiss|p2a: Yveltal
|-supereffective|p2a: Yveltal
|-damage|p2a: Yveltal|71/100 par
|move|p2a: Yveltal|Roost|p2a: Yveltal
|-heal|p2a: Yveltal|100/100 par
|-singleturn|p2a: Yveltal|move: Roost
|
|upkeep
|turn|43
|
|t:|1659098843
|switch|p2a: Eternatus|Eternatus|76/100
|-damage|p2a: Eternatus|64/100|[from] Stealth Rock
|-ability|p2a: Eternatus|Pressure
|move|p1a: Calyrex|Draining Kiss|p2a: Eternatus
|-damage|p2a: Eternatus|52/100
|
|upkeep
|turn|44
|
|t:|1659098850
|switch|p1a: Necrozma|Necrozma-Dusk-Mane|100/100
|move|p2a: Eternatus|Recover|p2a: Eternatus
|-heal|p2a: Eternatus|100/100
|
|upkeep
|turn|45
|
|t:|1659098858
|switch|p2a: Yveltal|Yveltal|100/100 par
|-damage|p2a: Yveltal|76/100 par|[from] Stealth Rock
|-ability|p2a: Yveltal|Dark Aura
|move|p1a: Necrozma|Thunder Wave|p2a: Yveltal
|-fail|p2a: Yveltal|par
|
|upkeep
|turn|46
|
|t:|1659098865
|switch|p1a: Yveltal|Yveltal|100/100
|-ability|p1a: Yveltal|Dark Aura
|move|p2a: Yveltal|Defog|p1a: Yveltal
|-unboost|p1a: Yveltal|evasion|1
|-sideend|p2: TogeBirlHQ|Stealth Rock|[from] move: Defog|[of] p2a: Yveltal
|
|upkeep
|turn|47
|
|t:|1659098868
|switch|p2a: Eternatus|Eternatus|100/100
|-ability|p2a: Eternatus|Pressure
|move|p1a: Yveltal|U-turn|p2a: Eternatus
|-resisted|p2a: Eternatus
|-damage|p2a: Eternatus|92/100
|
|t:|1659098870
|switch|p1a: Necrozma|Necrozma-Dusk-Mane|100/100|[from]move: U-turn
|
|upkeep
|turn|48
|
|t:|1659098875
|switch|p2a: Urshifu|Urshifu, M|81/100
|move|p1a: Necrozma|Stealth Rock|p2a: Urshifu
|-sidestart|p2: TogeBirlHQ|move: Stealth Rock
|
|upkeep
|turn|49
|
|t:|1659098880
|switch|p1a: Eternatus|Eternatus|81/100
|-ability|p1a: Eternatus|Pressure
|move|p2a: Urshifu|Wicked Blow|p1a: Eternatus
|-crit|p1a: Eternatus
|-damage|p1a: Eternatus|0 fnt
|faint|p1a: Eternatus
|
|upkeep
|
|t:|1659098887
|switch|p1a: Calyrex|Calyrex-Shadow|100/100
|-ability|p1a: Calyrex|As One
|-ability|p1a: Calyrex|Unnerve
|turn|50
|
|t:|1659098894
|switch|p2a: Eternatus|Eternatus|92/100
|-damage|p2a: Eternatus|80/100|[from] Stealth Rock
|-ability|p2a: Eternatus|Pressure
|move|p1a: Calyrex|Draining Kiss|p2a: Eternatus
|-damage|p2a: Eternatus|68/100
|
|upkeep
|turn|51
|
|t:|1659098902
|switch|p1a: Necrozma|Necrozma-Dusk-Mane|100/100
|switch|p2a: Urshifu|Urshifu, M|81/100
|-damage|p2a: Urshifu|75/100|[from] Stealth Rock
|
|upkeep
|turn|52
|
|t:|1659098910
|move|p2a: Urshifu|Wicked Blow|p1a: Necrozma
|-supereffective|p1a: Necrozma
|-crit|p1a: Necrozma
|-damage|p1a: Necrozma|0 fnt
|faint|p1a: Necrozma
|
|upkeep
|
|t:|1659098911
|switch|p1a: Calyrex|Calyrex-Shadow|100/100
|-ability|p1a: Calyrex|As One
|-ability|p1a: Calyrex|Unnerve
|turn|53
|
|t:|1659098917
|move|p1a: Calyrex|Draining Kiss|p2a: Urshifu
|-supereffective|p2a: Urshifu
|-damage|p2a: Urshifu|0 fnt
|faint|p2a: Urshifu
|-ability|p1a: Calyrex|Grim Neigh|boost
|-boost|p1a: Calyrex|spa|1
|
|upkeep
|
|t:|1659098922
|switch|p2a: Calyrex|Calyrex-Shadow|100/100
|-ability|p2a: Calyrex|As One
|-ability|p2a: Calyrex|Unnerve
|-damage|p2a: Calyrex|88/100|[from] Stealth Rock
|turn|54
|
|t:|1659098932
|switch|p1a: Yveltal|Yveltal|100/100
|-ability|p1a: Yveltal|Dark Aura
|move|p2a: Calyrex|Astral Barrage|p1a: Yveltal
|-resisted|p1a: Yveltal
|-damage|p1a: Yveltal|59/100
|
|upkeep
|turn|55
|l|☆Dark★Shionツ
|player|p1|
|inactive|Battle timer is ON: inactive players will automatically lose when time's up. (requested by TogeBirlHQ)
|j|☆Dark★Shionツ
|inactive|Dark★Shionツ reconnected and has 125 seconds left.
|player|p1|Dark★Shionツ|bugsy
|inactive|Dark★Shionツ has 120 seconds left.
|
|t:|1659099018
|move|p2a: Calyrex|Astral Barrage|p1a: Yveltal
|-resisted|p1a: Yveltal
|-crit|p1a: Yveltal
|-damage|p1a: Yveltal|0 fnt
|faint|p1a: Yveltal
|-ability|p2a: Calyrex|Grim Neigh|boost
|-boost|p2a: Calyrex|spa|1
|
|upkeep
|c|☆Dark★Shionツ|Bruh
|
|t:|1659099031
|switch|p1a: Calyrex|Calyrex-Shadow|100/100
|-ability|p1a: Calyrex|As One
|-ability|p1a: Calyrex|Unnerve
|turn|56
|c|☆TogeBirlHQ|You know i lose nothing weaking yveltal there
|inactive|TogeBirlHQ has 120 seconds left.
|c|☆TogeBirlHQ|I would just make the life of my eeternatus easy
|c|☆TogeBirlHQ|So yeah
|
|t:|1659099072
|move|p1a: Calyrex|Astral Barrage|p2a: Calyrex
|-supereffective|p2a: Calyrex
|-damage|p2a: Calyrex|0 fnt
|faint|p2a: Calyrex
|-ability|p1a: Calyrex|Grim Neigh|boost
|-boost|p1a: Calyrex|spa|1
|
|upkeep
|
|t:|1659099082
|switch|p2a: Yveltal|Yveltal|76/100 par
|-damage|p2a: Yveltal|51/100 par|[from] Stealth Rock
|-ability|p2a: Yveltal|Dark Aura
|turn|57
|
|t:|1659099086
|move|p1a: Calyrex|Astral Barrage|p2a: Yveltal
|-resisted|p2a: Yveltal
|-damage|p2a: Yveltal|14/100 par
|move|p2a: Yveltal|Foul Play|p1a: Calyrex
|-supereffective|p1a: Calyrex
|-damage|p1a: Calyrex|0 fnt
|faint|p1a: Calyrex
|
|win|TogeBirlHQ
|raw|Dark★Shionツ's rating: 1535 &rarr; <strong>1520</strong><br />(-15 for losing)
|raw|TogeBirlHQ's rating: 1615 &rarr; <strong>1630</strong><br />(+15 for winning)
|l|☆Dark★Shionツ
||Ladder isn't responding, score probably updated but might not have (Request timeout).
|l|☆TogeBirlHQ
|j|☆TogeBirlHQ
|player|p2|TogeBirlHQ|101
