|raw|<div class="broadcast-blue"><strong>This battle is required to be public due to a player having a name starting with 'ult9ns'.</div>
|j|‽SkullCrushingFlail
|j|☆ult9ns cringe
|t:|1653569917
|gametype|singles
|player|p1|SkullCrushingFlail|volo|1577
|player|p2|ult9ns cringe|lass-gen4|1401
|teamsize|p1|6
|teamsize|p2|6
|gen|8
|tier|[Gen 8] Ubers
|rated|
|rule|Sleep Clause Mod: Limit one foe put to sleep
|rule|Species Clause: Limit one of each Pokémon
|rule|OHKO Clause: OHKO moves are banned
|rule|Evasion Moves Clause: Evasion moves are banned
|rule|Endless Battle Clause: Forcing endless battles is banned
|rule|HP Percentage Mod: HP is shown in percentages
|rule|Dynamax Clause: You cannot dynamax
|clearpoke
|poke|p1|Kyogre|
|poke|p1|Ho-Oh|
|poke|p1|Yveltal|
|poke|p1|Necrozma-Dusk-Mane|
|poke|p1|Espeon, F|
|poke|p1|Groudon|
|poke|p2|Aerodactyl, M|
|poke|p2|Yveltal|
|poke|p2|Marshadow|
|poke|p2|Calyrex-Shadow|
|poke|p2|Rayquaza|
|poke|p2|Necrozma-Dusk-Mane|
|teampreview
|j| Raph369
|inactive|Battle timer is ON: inactive players will automatically lose when time's up. (requested by ult9ns cringe)
|
|t:|1653569948
|start
|switch|p1a: Yveltal|Yveltal|100/100
|switch|p2a: Aerodactyl|Aerodactyl, M|100/100
|-ability|p1a: Yveltal|Dark Aura
|-ability|p2a: Aerodactyl|Pressure
|turn|1
|
|t:|1653569953
|move|p1a: Yveltal|Foul Play|p2a: Aerodactyl
|-damage|p2a: Aerodactyl|16/100
|move|p2a: Aerodactyl|Rock Blast|p1a: Yveltal
|-supereffective|p1a: Yveltal
|-damage|p1a: Yveltal|84/100
|-supereffective|p1a: Yveltal
|-damage|p1a: Yveltal|66/100
|-hitcount|p1a: Yveltal|2
|
|upkeep
|turn|2
|
|t:|1653569958
|switch|p2a: Yveltal|Yveltal|100/100
|-ability|p2a: Yveltal|Dark Aura
|move|p1a: Yveltal|Foul Play|p2a: Yveltal
|-resisted|p2a: Yveltal
|-damage|p2a: Yveltal|72/100
|
|upkeep
|turn|3
|
|t:|1653569961
|switch|p1a: Groudon|Groudon|100/100
|-weather|SunnyDay|[from] ability: Drought|[of] p1a: Groudon
|move|p2a: Yveltal|Hone Claws|p2a: Yveltal
|-boost|p2a: Yveltal|atk|1
|-boost|p2a: Yveltal|accuracy|1
|
|-weather|SunnyDay|[upkeep]
|upkeep
|turn|4
|
|t:|1653569964
|move|p2a: Yveltal|Knock Off|p1a: Groudon
|-damage|p1a: Groudon|14/100
|-enditem|p1a: Groudon|Soft Sand|[from] move: Knock Off|[of] p2a: Yveltal
|-damage|p2a: Yveltal|62/100|[from] item: Life Orb
|move|p1a: Groudon|Thunder Wave|p2a: Yveltal
|-status|p2a: Yveltal|par
|
|-weather|SunnyDay|[upkeep]
|upkeep
|turn|5
|
|t:|1653569968
|move|p1a: Groudon|Stealth Rock|p2a: Yveltal
|-sidestart|p2: ult9ns cringe|move: Stealth Rock
|move|p2a: Yveltal|Knock Off|p1a: Groudon
|-damage|p1a: Groudon|0 fnt
|faint|p1a: Groudon
|-damage|p2a: Yveltal|52/100 par|[from] item: Life Orb
|
|-weather|SunnyDay|[upkeep]
|upkeep
|
|t:|1653569972
|switch|p1a: Ho-Oh|Ho-Oh|100/100
|turn|6
|
|t:|1653569986
|cant|p2a: Yveltal|par
|move|p1a: Ho-Oh|Brave Bird|p2a: Yveltal
|-damage|p2a: Yveltal|0 fnt
|faint|p2a: Yveltal
|-damage|p1a: Ho-Oh|82/100|[from] Recoil
|
|-weather|SunnyDay|[upkeep]
|upkeep
|
|t:|1653569990
|switch|p2a: Rayquaza|Rayquaza|100/100
|-damage|p2a: Rayquaza|76/100|[from] Stealth Rock
|-ability|p2a: Rayquaza|Air Lock
|turn|7
|
|t:|1653569994
|move|p2a: Rayquaza|Dragon Ascent|p1a: Ho-Oh
|-damage|p1a: Ho-Oh|0 fnt
|-unboost|p2a: Rayquaza|def|1
|-unboost|p2a: Rayquaza|spd|1
|faint|p1a: Ho-Oh
|-damage|p2a: Rayquaza|66/100|[from] item: Life Orb
|
|-weather|none
|upkeep
|
|t:|1653570007
|switch|p1a: Yveltal|Yveltal|66/100
|-ability|p1a: Yveltal|Dark Aura
|turn|8
|
|t:|1653570013
|move|p2a: Rayquaza|Extreme Speed|p1a: Yveltal
|-damage|p1a: Yveltal|36/100
|-damage|p2a: Rayquaza|56/100|[from] item: Life Orb
|move|p1a: Yveltal|Foul Play|p2a: Rayquaza
|-damage|p2a: Rayquaza|0 fnt
|faint|p2a: Rayquaza
|
|upkeep
|
|t:|1653570015
|switch|p2a: Necrozma|Necrozma-Dusk-Mane|100/100
|-damage|p2a: Necrozma|94/100|[from] Stealth Rock
|turn|9
|
|t:|1653570019
|switch|p1a: Espeon|Espeon, F|100/100
|move|p2a: Necrozma|Sunsteel Strike|p1a: Espeon
|-enditem|p1a: Espeon|Focus Sash
|-damage|p1a: Espeon|1/100
|
|upkeep
|turn|10
|
|t:|1653570023
|move|p1a: Espeon|Yawn|p2a: Necrozma
|-start|p2a: Necrozma|move: Yawn|[of] p1a: Espeon
|move|p2a: Necrozma|Sunsteel Strike|p1a: Espeon
|-damage|p1a: Espeon|0 fnt
|faint|p1a: Espeon
|
|upkeep
|
|t:|1653570028
|switch|p1a: Kyogre|Kyogre|100/100
|-weather|RainDance|[from] ability: Drizzle|[of] p1a: Kyogre
|turn|11
|
|t:|1653570030
|switch|p2a: Aerodactyl|Aerodactyl, M|16/100
|-damage|p2a: Aerodactyl|0 fnt|[from] Stealth Rock
|faint|p2a: Aerodactyl
|move|p1a: Kyogre|Substitute|p1a: Kyogre
|-start|p1a: Kyogre|Substitute
|-damage|p1a: Kyogre|75/100
|
|-weather|RainDance|[upkeep]
|-heal|p1a: Kyogre|82/100|[from] item: Leftovers
|upkeep
|
|t:|1653570034
|switch|p2a: Marshadow|Marshadow|100/100
|-damage|p2a: Marshadow|94/100|[from] Stealth Rock
|turn|12
|
|t:|1653570037
|move|p2a: Marshadow|Low Kick|p1a: Kyogre
|-end|p1a: Kyogre|Substitute
|-damage|p2a: Marshadow|84/100|[from] item: Life Orb
|move|p1a: Kyogre|Thunder Wave|p2a: Marshadow
|-status|p2a: Marshadow|par
|
|-weather|RainDance|[upkeep]
|-heal|p1a: Kyogre|88/100|[from] item: Leftovers
|upkeep
|turn|13
|
|t:|1653570042
|move|p1a: Kyogre|Scald|p2a: Marshadow
|-damage|p2a: Marshadow|12/100 par
|move|p2a: Marshadow|Low Kick|p1a: Kyogre
|-damage|p1a: Kyogre|34/100
|-damage|p2a: Marshadow|2/100 par|[from] item: Life Orb
|
|-weather|RainDance|[upkeep]
|-heal|p1a: Kyogre|41/100|[from] item: Leftovers
|upkeep
|turn|14
|
|t:|1653570049
|cant|p2a: Marshadow|par
|move|p1a: Kyogre|Scald|p2a: Marshadow
|-damage|p2a: Marshadow|0 fnt
|faint|p2a: Marshadow
|
|-weather|RainDance|[upkeep]
|-heal|p1a: Kyogre|47/100|[from] item: Leftovers
|upkeep
|
|t:|1653570050
|switch|p2a: Calyrex|Calyrex-Shadow|100/100
|-ability|p2a: Calyrex|As One
|-ability|p2a: Calyrex|Unnerve
|-damage|p2a: Calyrex|88/100|[from] Stealth Rock
|turn|15
|
|t:|1653570073
|move|p2a: Calyrex|Astral Barrage|p1a: Kyogre
|-damage|p1a: Kyogre|3/100
|move|p1a: Kyogre|Scald|p2a: Calyrex
|-damage|p2a: Calyrex|27/100
|
|-weather|none
|-heal|p1a: Kyogre|10/100|[from] item: Leftovers
|upkeep
|turn|16
|
|t:|1653570076
|move|p2a: Calyrex|Draining Kiss|p1a: Kyogre
|-damage|p1a: Kyogre|0 fnt
|-heal|p2a: Calyrex|35/100|[from] drain|[of] p1a: Kyogre
|faint|p1a: Kyogre
|-ability|p2a: Calyrex|Grim Neigh|boost
|-boost|p2a: Calyrex|spa|1
|
|upkeep
|
|t:|1653570078
|switch|p1a: Yveltal|Yveltal|36/100
|-ability|p1a: Yveltal|Dark Aura
|turn|17
|
|t:|1653570080
|move|p1a: Yveltal|Foul Play|p2a: Calyrex
|-supereffective|p2a: Calyrex
|-damage|p2a: Calyrex|0 fnt
|faint|p2a: Calyrex
|
|upkeep
|
|t:|1653570082
|switch|p2a: Necrozma|Necrozma-Dusk-Mane|94/100
|-damage|p2a: Necrozma|88/100|[from] Stealth Rock
|turn|18
|
|t:|1653570084
|move|p1a: Yveltal|Foul Play|p2a: Necrozma
|-supereffective|p2a: Necrozma
|-enditem|p2a: Necrozma|Colbur Berry|[eat]
|-enditem|p2a: Necrozma|Colbur Berry|[weaken]
|-damage|p2a: Necrozma|44/100
|move|p2a: Necrozma|Trick Room|p2a: Necrozma
|-fieldstart|move: Trick Room|[of] p2a: Necrozma
|
|upkeep
|turn|19
|
|t:|1653570086
|move|p2a: Necrozma|Sunsteel Strike|p1a: Yveltal
|-damage|p1a: Yveltal|0 fnt
|faint|p1a: Yveltal
|
|upkeep
|
|t:|1653570089
|switch|p1a: Necrozma|Necrozma-Dusk-Mane|100/100
|turn|20
|
|t:|1653570090
|move|p2a: Necrozma|Swords Dance|p2a: Necrozma
|-boost|p2a: Necrozma|atk|2
|move|p1a: Necrozma|Earthquake|p2a: Necrozma
|-supereffective|p2a: Necrozma
|-damage|p2a: Necrozma|0 fnt
|faint|p2a: Necrozma
|
|win|SkullCrushingFlail
|raw|SkullCrushingFlail's rating: 1577 &rarr; <strong>1588</strong><br />(+11 for winning)
|raw|ult9ns cringe's rating: 1401 &rarr; <strong>1390</strong><br />(-11 for losing)
|l|☆ult9ns cringe
||Ladder isn't responding, score probably updated but might not have (Request timeout).
