|j|☆RIP_Player
|j|☆VittorADS
|t:|1627760281
|gametype|singles
|player|p1|RIP_Player|firebreather|
|player|p2|VittorADS|266|
|teamsize|p1|6
|teamsize|p2|6
|gen|8
|tier|[Gen 8] Ubers
|rule|Sleep Clause Mod: Limit one foe put to sleep
|rule|Species Clause: Limit one of each Pokémon
|rule|OHKO Clause: OHKO moves are banned
|rule|Evasion Moves Clause: Evasion moves are banned
|rule|Endless Battle Clause: Forcing endless battles is banned
|rule|HP Percentage Mod: HP is shown in percentages
|rule|Dynamax Clause: You cannot dynamax
|clearpoke
|poke|p1|Umbreon, F|
|poke|p1|Toxapex, M|
|poke|p1|Yveltal|
|poke|p1|Xerneas-*|
|poke|p1|Marshadow|
|poke|p1|Heatran, M|
|poke|p2|Eternatus|
|poke|p2|Necrozma-Dusk-Mane|
|poke|p2|Yveltal|
|poke|p2|Calyrex-Shadow|
|poke|p2|Xerneas-*|
|poke|p2|Darmanitan-Galar, F|
|teampreview
|inactive|Battle timer is ON: inactive players will automatically lose when time's up. (requested by RIP_Player)
|j| UPM KeldeoCrowned
|inactive|RIP_Player has 270 seconds left.
|inactive|VittorADS has 270 seconds left.
|c|☆RIP_Player|cade o camalarcos
|j| Paulao Bacanao
|inactive|RIP_Player has 240 seconds left.
|j| Amelia Doutora
|c| UPM KeldeoCrowned|essa battle vai demorar
|c| UPM KeldeoCrowned|kekw
|c| Paulao Bacanao|ta vindo
|c| Paulao Bacanao|aguarde
|j| Camalarcos
|c|☆RIP_Player|vai msm
|
|t:|1627760358
|start
|switch|p1a: Gilgamesh|Yveltal|100/100
|switch|p2a: Calyrex|Calyrex-Shadow|100/100
|-ability|p2a: Calyrex|As One
|-ability|p2a: Calyrex|Unnerve
|-ability|p1a: Gilgamesh|Dark Aura
|turn|1
|c|☆VittorADS|counter team
|
|t:|1627760371
|switch|p2a: Xerneas|Xerneas|100/100
|-ability|p2a: Xerneas|Fairy Aura
|move|p1a: Gilgamesh|Knock Off|p2a: Xerneas
|-resisted|p2a: Xerneas
|-damage|p2a: Xerneas|71/100
|-enditem|p2a: Xerneas|Leftovers|[from] move: Knock Off|[of] p1a: Gilgamesh
|
|upkeep
|turn|2
|j| RedBuLL G0D
|
|t:|1627760385
|switch|p1a: Quetzalcoatl|Heatran, M|100/100
|switch|p2a: Calyrex|Calyrex-Shadow|100/100
|-ability|p2a: Calyrex|As One
|-ability|p2a: Calyrex|Unnerve
|
|upkeep
|turn|3
|j| FredsonBreack
|j| LegenK
|
|t:|1627760406
|switch|p1a: Berserker|Umbreon, F|100/100
|move|p2a: Calyrex|Substitute|p2a: Calyrex
|-start|p2a: Calyrex|Substitute
|-damage|p2a: Calyrex|76/100
|
|-heal|p2a: Calyrex|82/100|[from] item: Leftovers
|upkeep
|turn|4
|
|t:|1627760414
|move|p2a: Calyrex|Leech Seed|p1a: Berserker
|-start|p1a: Berserker|move: Leech Seed
|move|p1a: Berserker|Foul Play|p2a: Calyrex
|-supereffective|p2a: Calyrex
|-end|p2a: Calyrex|Substitute
|
|-heal|p2a: Calyrex|88/100|[from] item: Leftovers
|-damage|p1a: Berserker|88/100|[from] Leech Seed|[of] p2a: Calyrex
|-heal|p2a: Calyrex|100/100|[silent]
|upkeep
|turn|5
|
|t:|1627760426
|move|p2a: Calyrex|Substitute|p2a: Calyrex
|-start|p2a: Calyrex|Substitute
|-damage|p2a: Calyrex|76/100
|move|p1a: Berserker|Foul Play|p2a: Calyrex
|-supereffective|p2a: Calyrex
|-end|p2a: Calyrex|Substitute
|
|-heal|p2a: Calyrex|82/100|[from] item: Leftovers
|-heal|p1a: Berserker|94/100|[from] item: Leftovers
|-damage|p1a: Berserker|82/100|[from] Leech Seed|[of] p2a: Calyrex
|-heal|p2a: Calyrex|96/100|[silent]
|upkeep
|turn|6
|
|t:|1627760438
|switch|p2a: Xerneas|Xerneas|71/100
|-ability|p2a: Xerneas|Fairy Aura
|move|p1a: Berserker|Wish|p1a: Berserker
|
|-heal|p1a: Berserker|88/100|[from] item: Leftovers
|-damage|p1a: Berserker|75/100|[from] Leech Seed|[of] p2a: Xerneas
|-heal|p2a: Xerneas|82/100|[silent]
|upkeep
|turn|7
|
|t:|1627760452
|switch|p2a: Eternatus|Eternatus|100/100
|-ability|p2a: Eternatus|Pressure
|switch|p1a: Quetzalcoatl|Heatran, M|100/100
|
|upkeep
|turn|8
|
|t:|1627760475
|move|p2a: Eternatus|Dynamax Cannon|p1a: Quetzalcoatl
|-resisted|p1a: Quetzalcoatl
|-damage|p1a: Quetzalcoatl|87/100
|move|p1a: Quetzalcoatl|Stealth Rock|p2a: Eternatus
|-sidestart|p2: VittorADS|move: Stealth Rock
|
|-heal|p1a: Quetzalcoatl|93/100|[from] item: Leftovers
|upkeep
|turn|9
|
|t:|1627760487
|switch|p2a: Necrozma|Necrozma-Dusk-Mane|100/100
|-damage|p2a: Necrozma|94/100|[from] Stealth Rock
|move|p1a: Quetzalcoatl|Magma Storm|p2a: Necrozma
|-supereffective|p2a: Necrozma
|-damage|p2a: Necrozma|60/100
|-activate|p2a: Necrozma|move: Magma Storm|[of] p1a: Quetzalcoatl
|
|-heal|p2a: Necrozma|66/100|[from] item: Leftovers
|-heal|p1a: Quetzalcoatl|99/100|[from] item: Leftovers
|-damage|p2a: Necrozma|53/100|[from] move: Magma Storm|[partiallytrapped]
|upkeep
|turn|10
|
|t:|1627760497
|switch|p1a: Gilgamesh|Yveltal|100/100
|-ability|p1a: Gilgamesh|Dark Aura
|move|p2a: Necrozma|Morning Sun|p2a: Necrozma
|-heal|p2a: Necrozma|100/100
|
|-end|p2a: Necrozma|Magma Storm|[partiallytrapped]|[silent]
|upkeep
|turn|11
|c| LegenK|n era earthquake rip
|c| LegenK|seu ruim
|
|t:|1627760513
|switch|p2a: Xerneas|Xerneas|82/100
|-damage|p2a: Xerneas|69/100|[from] Stealth Rock
|-ability|p2a: Xerneas|Fairy Aura
|move|p1a: Gilgamesh|Dual Wingbeat|p2a: Xerneas
|-damage|p2a: Xerneas|52/100
|-damage|p2a: Xerneas|35/100
|-hitcount|p2a: Xerneas|2
|
|upkeep
|turn|12
|
|t:|1627760524
|switch|p1a: Quetzalcoatl|Heatran, M|99/100
|move|p2a: Xerneas|Rest|p2a: Xerneas
|-status|p2a: Xerneas|slp|[from] move: Rest
|-heal|p2a: Xerneas|100/100 slp|[silent]
|
|-heal|p1a: Quetzalcoatl|100/100|[from] item: Leftovers
|upkeep
|turn|13
|c| Amelia Doutora|krl tem rest
|c| Paulao Bacanao|entao essa é a lenda
|
|t:|1627760538
|switch|p2a: Necrozma|Necrozma-Dusk-Mane|100/100
|-damage|p2a: Necrozma|94/100|[from] Stealth Rock
|move|p1a: Quetzalcoatl|Magma Storm|p2a: Necrozma
|-supereffective|p2a: Necrozma
|-damage|p2a: Necrozma|55/100
|-activate|p2a: Necrozma|move: Magma Storm|[of] p1a: Quetzalcoatl
|
|-heal|p2a: Necrozma|61/100|[from] item: Leftovers
|-damage|p2a: Necrozma|49/100|[from] move: Magma Storm|[partiallytrapped]
|upkeep
|turn|14
|c| Paulao Bacanao|do xerneas rest?
|inactive|VittorADS has 270 seconds left.
|
|t:|1627760558
|switch|p1a: Gilles de Rais|Toxapex, M|100/100
|move|p2a: Necrozma|Morning Sun|p2a: Necrozma
|-heal|p2a: Necrozma|99/100
|
|-heal|p2a: Necrozma|100/100|[from] item: Leftovers
|-end|p2a: Necrozma|Magma Storm|[partiallytrapped]|[silent]
|upkeep
|turn|15
|inactive|VittorADS has 270 seconds left.
|
|t:|1627760570
|switch|p2a: Eternatus|Eternatus|100/100
|-damage|p2a: Eternatus|88/100|[from] Stealth Rock
|-ability|p2a: Eternatus|Pressure
|move|p1a: Gilles de Rais|Scald|p2a: Eternatus
|-resisted|p2a: Eternatus
|-damage|p2a: Eternatus|83/100
|
|-heal|p2a: Eternatus|89/100|[from] item: Black Sludge
|upkeep
|turn|16
|inactive|VittorADS has 270 seconds left.
|
|t:|1627760588
|switch|p2a: Calyrex|Calyrex-Shadow|96/100
|-ability|p2a: Calyrex|As One
|-ability|p2a: Calyrex|Unnerve
|-damage|p2a: Calyrex|84/100|[from] Stealth Rock
|switch|p1a: Quetzalcoatl|Heatran, M|100/100
|
|-heal|p2a: Calyrex|90/100|[from] item: Leftovers
|upkeep
|turn|17
|
|t:|1627760604
|switch|p1a: Berserker|Umbreon, F|75/100
|move|p2a: Calyrex|Leech Seed|p1a: Berserker
|-start|p1a: Berserker|move: Leech Seed
|
|-heal|p2a: Calyrex|96/100|[from] item: Leftovers
|-heal|p1a: Berserker|81/100|[from] item: Leftovers
|-damage|p1a: Berserker|69/100|[from] Leech Seed|[of] p2a: Calyrex
|-heal|p2a: Calyrex|100/100|[silent]
|upkeep
|turn|18
|
|t:|1627760617
|move|p2a: Calyrex|Substitute|p2a: Calyrex
|-start|p2a: Calyrex|Substitute
|-damage|p2a: Calyrex|76/100
|move|p1a: Berserker|Wish|p1a: Berserker
|
|-heal|p2a: Calyrex|82/100|[from] item: Leftovers
|-heal|p1a: Berserker|75/100|[from] item: Leftovers
|-damage|p1a: Berserker|63/100|[from] Leech Seed|[of] p2a: Calyrex
|-heal|p2a: Calyrex|96/100|[silent]
|upkeep
|turn|19
|
|t:|1627760632
|switch|p2a: Eternatus|Eternatus|89/100
|-damage|p2a: Eternatus|77/100|[from] Stealth Rock
|-ability|p2a: Eternatus|Pressure
|move|p1a: Berserker|Foul Play|p2a: Eternatus
|-damage|p2a: Eternatus|61/100
|
|-heal|p1a: Berserker|100/100|[from] move: Wish|[wisher] Berserker
|-heal|p2a: Eternatus|67/100|[from] item: Black Sludge
|-damage|p1a: Berserker|88/100|[from] Leech Seed|[of] p2a: Eternatus
|-heal|p2a: Eternatus|77/100|[silent]
|upkeep
|turn|20
|c| Paulao Bacanao|berserker o deus
|c| Paulao Bacanao|vai matar 5 dnv?
|
|t:|1627760651
|switch|p2a: Calyrex|Calyrex-Shadow|96/100
|-ability|p2a: Calyrex|As One
|-ability|p2a: Calyrex|Unnerve
|-damage|p2a: Calyrex|84/100|[from] Stealth Rock
|switch|p1a: Quetzalcoatl|Heatran, M|100/100
|
|-heal|p2a: Calyrex|90/100|[from] item: Leftovers
|upkeep
|turn|21
|inactive|VittorADS has 240 seconds left.
|
|t:|1627760675
|move|p2a: Calyrex|Leech Seed|p1a: Quetzalcoatl
|-start|p1a: Quetzalcoatl|move: Leech Seed
|move|p1a: Quetzalcoatl|Lava Plume|p2a: Calyrex
|-damage|p2a: Calyrex|57/100
|-status|p2a: Calyrex|brn
|
|-heal|p2a: Calyrex|63/100 brn|[from] item: Leftovers
|-damage|p1a: Quetzalcoatl|88/100|[from] Leech Seed|[of] p2a: Calyrex
|-heal|p2a: Calyrex|77/100 brn|[silent]
|-damage|p2a: Calyrex|71/100 brn|[from] brn
|upkeep
|turn|22
|inactive|VittorADS has 240 seconds left.
|
|t:|1627760689
|switch|p1a: Berserker|Umbreon, F|88/100
|move|p2a: Calyrex|Leech Seed|p1a: Berserker
|-start|p1a: Berserker|move: Leech Seed
|
|-heal|p2a: Calyrex|77/100 brn|[from] item: Leftovers
|-heal|p1a: Berserker|94/100|[from] item: Leftovers
|-damage|p1a: Berserker|82/100|[from] Leech Seed|[of] p2a: Calyrex
|-heal|p2a: Calyrex|92/100 brn|[silent]
|-damage|p2a: Calyrex|86/100 brn|[from] brn
|upkeep
|turn|23
|inactive|VittorADS has 240 seconds left.
|
|t:|1627760701
|switch|p2a: Xerneas|Xerneas|100/100 slp
|-damage|p2a: Xerneas|88/100 slp|[from] Stealth Rock
|-ability|p2a: Xerneas|Fairy Aura
|move|p1a: Berserker|Wish|p1a: Berserker
|
|-heal|p1a: Berserker|88/100|[from] item: Leftovers
|-damage|p1a: Berserker|75/100|[from] Leech Seed|[of] p2a: Xerneas
|-heal|p2a: Xerneas|99/100 slp|[silent]
|upkeep
|turn|24
|inactive|VittorADS has 240 seconds left.
|
|t:|1627760711
|switch|p1a: Quetzalcoatl|Heatran, M|88/100
|cant|p2a: Xerneas|slp
|move|p2a: Xerneas|Sleep Talk|p2a: Xerneas
|move|p2a: Xerneas|Rest||[from]move: Sleep Talk|[still]
|-fail|p2a: Xerneas
|
|-heal|p1a: Quetzalcoatl|100/100|[from] move: Wish|[wisher] Berserker
|upkeep
|turn|25
|inactive|VittorADS has 240 seconds left.
|inactive|VittorADS has 210 seconds left.
|
|t:|1627760768
|switch|p2a: Yveltal|Yveltal|100/100
|-ability|p2a: Yveltal|Dark Aura
|move|p1a: Quetzalcoatl|Magma Storm|p2a: Yveltal
|-damage|p2a: Yveltal|74/100
|-activate|p2a: Yveltal|move: Magma Storm|[of] p1a: Quetzalcoatl
|
|-damage|p2a: Yveltal|62/100|[from] move: Magma Storm|[partiallytrapped]
|upkeep
|turn|26
|
|t:|1627760779
|move|p2a: Yveltal|Knock Off|p1a: Quetzalcoatl
|-damage|p1a: Quetzalcoatl|54/100
|-enditem|p1a: Quetzalcoatl|Leftovers|[from] move: Knock Off|[of] p2a: Yveltal
|move|p1a: Quetzalcoatl|Lava Plume|p2a: Yveltal
|-damage|p2a: Yveltal|37/100
|
|-damage|p2a: Yveltal|25/100|[from] move: Magma Storm|[partiallytrapped]
|upkeep
|turn|27
|
|t:|1627760789
|move|p2a: Yveltal|Roost|p2a: Yveltal
|-heal|p2a: Yveltal|75/100
|-singleturn|p2a: Yveltal|move: Roost
|move|p1a: Quetzalcoatl|Lava Plume|p2a: Yveltal
|-damage|p2a: Yveltal|51/100
|
|-damage|p2a: Yveltal|39/100|[from] move: Magma Storm|[partiallytrapped]
|upkeep
|turn|28
|inactive|VittorADS has 180 seconds left.
|c| Paulao Bacanao|mostre heatran specs
|
|t:|1627760830
|move|p2a: Yveltal|Knock Off|p1a: Quetzalcoatl
|-damage|p1a: Quetzalcoatl|23/100
|move|p1a: Quetzalcoatl|Lava Plume|p2a: Yveltal
|-damage|p2a: Yveltal|14/100
|
|-damage|p2a: Yveltal|2/100|[from] move: Magma Storm|[partiallytrapped]
|upkeep
|turn|29
|
|t:|1627760845
|switch|p1a: Berserker|Umbreon, F|75/100
|move|p2a: Yveltal|Roost|p2a: Yveltal
|-heal|p2a: Yveltal|52/100
|-singleturn|p2a: Yveltal|move: Roost
|
|-heal|p1a: Berserker|81/100|[from] item: Leftovers
|-end|p2a: Yveltal|Magma Storm|[partiallytrapped]
|upkeep
|turn|30
|inactive|VittorADS has 180 seconds left.
|
|t:|1627760863
|move|p2a: Yveltal|Knock Off|p1a: Berserker
|-resisted|p1a: Berserker
|-damage|p1a: Berserker|57/100
|-enditem|p1a: Berserker|Leftovers|[from] move: Knock Off|[of] p2a: Yveltal
|move|p1a: Berserker|Wish|p1a: Berserker
|
|upkeep
|turn|31
|c| LegenK|rip amebas ?
|
|t:|1627760874
|move|p2a: Yveltal|Knock Off|p1a: Berserker
|-resisted|p1a: Berserker
|-damage|p1a: Berserker|43/100
|move|p1a: Berserker|Toxic|p2a: Yveltal
|-status|p2a: Yveltal|tox
|
|-heal|p1a: Berserker|93/100|[from] move: Wish|[wisher] Berserker
|-damage|p2a: Yveltal|46/100 tox|[from] psn
|upkeep
|turn|32
|
|t:|1627760891
|move|p2a: Yveltal|Roost|p2a: Yveltal
|-heal|p2a: Yveltal|96/100 tox
|-singleturn|p2a: Yveltal|move: Roost
|move|p1a: Berserker|Wish|p1a: Berserker
|
|-damage|p2a: Yveltal|84/100 tox|[from] psn
|upkeep
|turn|33
|
|t:|1627760904
|switch|p2a: Xerneas|Xerneas|99/100 slp
|-damage|p2a: Xerneas|86/100 slp|[from] Stealth Rock
|-ability|p2a: Xerneas|Fairy Aura
|move|p1a: Berserker|Foul Play|p2a: Xerneas
|-resisted|p2a: Xerneas
|-damage|p2a: Xerneas|76/100 slp
|
|-heal|p1a: Berserker|100/100|[from] move: Wish|[wisher] Berserker
|upkeep
|turn|34
|
|t:|1627760918
|cant|p2a: Xerneas|slp
|move|p2a: Xerneas|Sleep Talk|p2a: Xerneas
|move|p2a: Xerneas|Rest||[from]move: Sleep Talk|[still]
|-fail|p2a: Xerneas
|move|p1a: Berserker|Wish|p1a: Berserker
|
|upkeep
|turn|35
|c| Paulao Bacanao|vrum
|c| Paulao Bacanao|vrum
|c| Amelia Doutora|BASACA
|
|t:|1627760938
|switch|p2a: Calyrex|Calyrex-Shadow|86/100 brn
|-ability|p2a: Calyrex|As One
|-ability|p2a: Calyrex|Unnerve
|-damage|p2a: Calyrex|73/100 brn|[from] Stealth Rock
|switch|p1a: Quetzalcoatl|Heatran, M|23/100
|
|-heal|p1a: Quetzalcoatl|74/100|[from] move: Wish|[wisher] Berserker
|-heal|p2a: Calyrex|79/100 brn|[from] item: Leftovers
|-damage|p2a: Calyrex|73/100 brn|[from] brn
|upkeep
|turn|36
|
|t:|1627760951
|switch|p1a: Emiya Archer|Marshadow|100/100
|move|p2a: Calyrex|Leech Seed|p1a: Emiya Archer
|-start|p1a: Emiya Archer|move: Leech Seed
|
|-heal|p2a: Calyrex|79/100 brn|[from] item: Leftovers
|-damage|p1a: Emiya Archer|88/100|[from] Leech Seed|[of] p2a: Calyrex
|-heal|p2a: Calyrex|91/100 brn|[silent]
|-damage|p2a: Calyrex|85/100 brn|[from] brn
|upkeep
|turn|37
|c| Paulao Bacanao|predict ripopo
|c| Paulao Bacanao|vai
|c| Paulao Bacanao|vapo
|c| Paulao Bacanao|rip
|inactive|VittorADS has 150 seconds left.
|
|t:|1627760985
|switch|p2a: Yveltal|Yveltal|84/100 tox
|-ability|p2a: Yveltal|Dark Aura
|switch|p1a: Gilgamesh|Yveltal|100/100
|-ability|p1a: Gilgamesh|Dark Aura
|
|-damage|p2a: Yveltal|78/100 tox|[from] psn
|upkeep
|turn|38
|inactive|VittorADS has 150 seconds left.
|c| Amelia Doutora|é o gilgas
|
|t:|1627761004
|move|p1a: Gilgamesh|Rock Slide|p2a: Yveltal
|-supereffective|p2a: Yveltal
|-damage|p2a: Yveltal|4/100 tox
|move|p2a: Yveltal|Knock Off|p1a: Gilgamesh
|-resisted|p1a: Gilgamesh
|-damage|p1a: Gilgamesh|75/100
|-enditem|p1a: Gilgamesh|Choice Band|[from] move: Knock Off|[of] p2a: Yveltal
|
|-damage|p2a: Yveltal|0 fnt|[from] psn
|faint|p2a: Yveltal
|upkeep
|
|t:|1627761021
|switch|p2a: Xerneas|Xerneas|76/100 slp
|-damage|p2a: Xerneas|63/100 slp|[from] Stealth Rock
|-ability|p2a: Xerneas|Fairy Aura
|turn|39
|inactive|VittorADS has 120 seconds left.
|c| Paulao Bacanao|cade o steel wing?
|c| Paulao Bacanao|kkkkkkkkkkkkkkkkkkkkkkkkkkkk
|
|t:|1627761051
|switch|p1a: Quetzalcoatl|Heatran, M|74/100
|switch|p2a: Calyrex|Calyrex-Shadow|85/100 brn
|-ability|p2a: Calyrex|As One
|-ability|p2a: Calyrex|Unnerve
|-damage|p2a: Calyrex|73/100 brn|[from] Stealth Rock
|
|-heal|p2a: Calyrex|79/100 brn|[from] item: Leftovers
|-damage|p2a: Calyrex|73/100 brn|[from] brn
|upkeep
|turn|40
|
|t:|1627761073
|move|p2a: Calyrex|Substitute|p2a: Calyrex
|-start|p2a: Calyrex|Substitute
|-damage|p2a: Calyrex|48/100 brn
|move|p1a: Quetzalcoatl|Magma Storm|p2a: Calyrex|[miss]
|-miss|p1a: Quetzalcoatl|p2a: Calyrex
|
|-heal|p2a: Calyrex|54/100 brn|[from] item: Leftovers
|-damage|p2a: Calyrex|48/100 brn|[from] brn
|upkeep
|turn|41
|
|t:|1627761084
|move|p2a: Calyrex|Leech Seed|p1a: Quetzalcoatl
|-start|p1a: Quetzalcoatl|move: Leech Seed
|move|p1a: Quetzalcoatl|Lava Plume|p2a: Calyrex
|-end|p2a: Calyrex|Substitute
|
|-heal|p2a: Calyrex|54/100 brn|[from] item: Leftovers
|-damage|p1a: Quetzalcoatl|62/100|[from] Leech Seed|[of] p2a: Calyrex
|-heal|p2a: Calyrex|68/100 brn|[silent]
|-damage|p2a: Calyrex|62/100 brn|[from] brn
|upkeep
|turn|42
|
|t:|1627761094
|switch|p1a: Berserker|Umbreon, F|100/100
|move|p2a: Calyrex|Leech Seed|p1a: Berserker
|-start|p1a: Berserker|move: Leech Seed
|
|-heal|p2a: Calyrex|68/100 brn|[from] item: Leftovers
|-damage|p1a: Berserker|88/100|[from] Leech Seed|[of] p2a: Calyrex
|-heal|p2a: Calyrex|82/100 brn|[silent]
|-damage|p2a: Calyrex|76/100 brn|[from] brn
|upkeep
|turn|43
|
|t:|1627761108
|switch|p2a: Eternatus|Eternatus|77/100
|-damage|p2a: Eternatus|65/100|[from] Stealth Rock
|-ability|p2a: Eternatus|Pressure
|move|p1a: Berserker|Wish|p1a: Berserker
|
|-heal|p2a: Eternatus|71/100|[from] item: Black Sludge
|-damage|p1a: Berserker|76/100|[from] Leech Seed|[of] p2a: Eternatus
|-heal|p2a: Eternatus|81/100|[silent]
|upkeep
|turn|44
|inactive|VittorADS has 90 seconds left.
|
|t:|1627761134
|switch|p1a: Quetzalcoatl|Heatran, M|62/100
|move|p2a: Eternatus|Dynamax Cannon|p1a: Quetzalcoatl
|-resisted|p1a: Quetzalcoatl
|-damage|p1a: Quetzalcoatl|48/100
|
|-heal|p1a: Quetzalcoatl|99/100|[from] move: Wish|[wisher] Berserker
|-heal|p2a: Eternatus|87/100|[from] item: Black Sludge
|upkeep
|turn|45
|inactive|VittorADS has 90 seconds left.
|
|t:|1627761165
|move|p2a: Eternatus|Toxic|p1a: Quetzalcoatl
|-immune|p1a: Quetzalcoatl
|move|p1a: Quetzalcoatl|Lava Plume|p2a: Eternatus
|-resisted|p2a: Eternatus
|-damage|p2a: Eternatus|77/100
|
|-heal|p2a: Eternatus|83/100|[from] item: Black Sludge
|upkeep
|turn|46
|
|t:|1627761180
|move|p2a: Eternatus|Toxic|p1a: Quetzalcoatl
|-immune|p1a: Quetzalcoatl
|move|p1a: Quetzalcoatl|Lava Plume|p2a: Eternatus
|-resisted|p2a: Eternatus
|-damage|p2a: Eternatus|72/100
|-status|p2a: Eternatus|brn
|
|-heal|p2a: Eternatus|78/100 brn|[from] item: Black Sludge
|-damage|p2a: Eternatus|72/100 brn|[from] brn
|upkeep
|turn|47
|
|t:|1627761191
|move|p2a: Eternatus|Toxic|p1a: Quetzalcoatl
|-immune|p1a: Quetzalcoatl
|move|p1a: Quetzalcoatl|Earth Power|p2a: Eternatus
|-supereffective|p2a: Eternatus
|-damage|p2a: Eternatus|41/100 brn
|
|-heal|p2a: Eternatus|47/100 brn|[from] item: Black Sludge
|-damage|p2a: Eternatus|41/100 brn|[from] brn
|upkeep
|turn|48
|
|t:|1627761200
|move|p2a: Eternatus|Recover|p2a: Eternatus
|-heal|p2a: Eternatus|91/100 brn
|move|p1a: Quetzalcoatl|Earth Power|p2a: Eternatus
|-supereffective|p2a: Eternatus
|-damage|p2a: Eternatus|59/100 brn
|
|-heal|p2a: Eternatus|65/100 brn|[from] item: Black Sludge
|-damage|p2a: Eternatus|59/100 brn|[from] brn
|upkeep
|turn|49
|
|t:|1627761215
|switch|p1a: Gilles de Rais|Toxapex, M|100/100
|move|p2a: Eternatus|Recover|p2a: Eternatus
|-heal|p2a: Eternatus|100/100 brn
|
|-damage|p2a: Eternatus|94/100 brn|[from] brn
|upkeep
|turn|50
|inactive|VittorADS has 60 seconds left.
|
|t:|1627761246
|switch|p2a: Xerneas|Xerneas|63/100 slp
|-damage|p2a: Xerneas|51/100 slp|[from] Stealth Rock
|-ability|p2a: Xerneas|Fairy Aura
|switch|p1a: Quetzalcoatl|Heatran, M|99/100
|
|upkeep
|turn|51
|inactive|VittorADS has 60 seconds left.
|
|t:|1627761262
|switch|p2a: Eternatus|Eternatus|94/100 brn
|-damage|p2a: Eternatus|82/100 brn|[from] Stealth Rock
|-ability|p2a: Eternatus|Pressure
|move|p1a: Quetzalcoatl|Magma Storm|p2a: Eternatus
|-resisted|p2a: Eternatus
|-damage|p2a: Eternatus|70/100 brn
|-activate|p2a: Eternatus|move: Magma Storm|[of] p1a: Quetzalcoatl
|
|-heal|p2a: Eternatus|77/100 brn|[from] item: Black Sludge
|-damage|p2a: Eternatus|70/100 brn|[from] brn
|-damage|p2a: Eternatus|58/100 brn|[from] move: Magma Storm|[partiallytrapped]
|upkeep
|turn|52
|inactive|VittorADS has 60 seconds left.
|
|t:|1627761281
|move|p2a: Eternatus|Recover|p2a: Eternatus
|-heal|p2a: Eternatus|100/100 brn
|move|p1a: Quetzalcoatl|Earth Power|p2a: Eternatus
|-supereffective|p2a: Eternatus
|-damage|p2a: Eternatus|68/100 brn
|
|-heal|p2a: Eternatus|74/100 brn|[from] item: Black Sludge
|-damage|p2a: Eternatus|68/100 brn|[from] brn
|-damage|p2a: Eternatus|56/100 brn|[from] move: Magma Storm|[partiallytrapped]
|upkeep
|turn|53
|
|t:|1627761287
|move|p2a: Eternatus|Recover|p2a: Eternatus
|-heal|p2a: Eternatus|100/100 brn
|move|p1a: Quetzalcoatl|Earth Power|p2a: Eternatus
|-supereffective|p2a: Eternatus
|-damage|p2a: Eternatus|69/100 brn
|
|-heal|p2a: Eternatus|76/100 brn|[from] item: Black Sludge
|-damage|p2a: Eternatus|69/100 brn|[from] brn
|-damage|p2a: Eternatus|57/100 brn|[from] move: Magma Storm|[partiallytrapped]
|upkeep
|turn|54
|c| UPM KeldeoCrowned|se droppar é counterteam
|inactive|VittorADS has 60 seconds left.
|
|t:|1627761293
|move|p2a: Eternatus|Recover|p2a: Eternatus
|-heal|p2a: Eternatus|100/100 brn
|move|p1a: Quetzalcoatl|Earth Power|p2a: Eternatus
|-supereffective|p2a: Eternatus
|-damage|p2a: Eternatus|68/100 brn
|
|-heal|p2a: Eternatus|74/100 brn|[from] item: Black Sludge
|-damage|p2a: Eternatus|68/100 brn|[from] brn
|-damage|p2a: Eternatus|56/100 brn|[from] move: Magma Storm|[partiallytrapped]
|upkeep
|turn|55
|
|t:|1627761308
|move|p2a: Eternatus|Recover|p2a: Eternatus
|-heal|p2a: Eternatus|100/100 brn
|move|p1a: Quetzalcoatl|Earth Power|p2a: Eternatus
|-supereffective|p2a: Eternatus
|-damage|p2a: Eternatus|73/100 brn
|
|-heal|p2a: Eternatus|79/100 brn|[from] item: Black Sludge
|-damage|p2a: Eternatus|73/100 brn|[from] brn
|-end|p2a: Eternatus|Magma Storm|[partiallytrapped]
|upkeep
|turn|56
|c| LegenK|10 RECOVER
|c| LegenK|CONTRA
|c| LegenK|5 EARTH POWER
|c| LegenK|F RIP
|c| UPM KeldeoCrowned|2 epower
|inactive|VittorADS has 60 seconds left.
|c| LegenK|a
|c| LegenK|eq aq n atualizou
|c| LegenK|ainda
|c| LegenK|4 epower
|
|t:|1627761333
|move|p2a: Eternatus|Recover|p2a: Eternatus
|-heal|p2a: Eternatus|100/100 brn
|move|p1a: Quetzalcoatl|Lava Plume|p2a: Eternatus
|-resisted|p2a: Eternatus
|-damage|p2a: Eternatus|90/100 brn
|
|-heal|p2a: Eternatus|96/100 brn|[from] item: Black Sludge
|-damage|p2a: Eternatus|90/100 brn|[from] brn
|upkeep
|turn|57
|c| Amelia Doutora|rip n dropa
|c| UPM KeldeoCrowned|é pressure
|c| Amelia Doutora|q cara lixoso
|c| UPM KeldeoCrowned|por isso é 2
|c| LegenK|nussa vdd
|
|t:|1627761353
|move|p2a: Eternatus|Toxic|p1a: Quetzalcoatl
|-immune|p1a: Quetzalcoatl
|move|p1a: Quetzalcoatl|Stealth Rock||[still]
|-fail|p1a: Quetzalcoatl
|
|-heal|p2a: Eternatus|96/100 brn|[from] item: Black Sludge
|-damage|p2a: Eternatus|90/100 brn|[from] brn
|upkeep
|turn|58
|c| LegenK|tu é ruim rip
|c| LegenK|da nao
|
|t:|1627761365
|move|p2a: Eternatus|Toxic|p1a: Quetzalcoatl
|-immune|p1a: Quetzalcoatl
|move|p1a: Quetzalcoatl|Lava Plume|p2a: Eternatus
|-resisted|p2a: Eternatus
|-damage|p2a: Eternatus|79/100 brn
|
|-heal|p2a: Eternatus|85/100 brn|[from] item: Black Sludge
|-damage|p2a: Eternatus|79/100 brn|[from] brn
|upkeep
|turn|59
|c| Paulao Bacanao|se fosse eu ja tinha dropado
|c| LegenK|clica flametrower
|c| LegenK|no heatran
|c| LegenK|vittor
|
|t:|1627761376
|switch|p1a: Gilles de Rais|Toxapex, M|100/100
|move|p2a: Eternatus|Toxic|p1a: Gilles de Rais
|-immune|p1a: Gilles de Rais
|
|-heal|p2a: Eternatus|85/100 brn|[from] item: Black Sludge
|-damage|p2a: Eternatus|79/100 brn|[from] brn
|upkeep
|turn|60
|c| LegenK|que debufa
|c| LegenK|a speed do heatran
|
|t:|1627761389
|switch|p2a: Calyrex|Calyrex-Shadow|76/100 brn
|-ability|p2a: Calyrex|As One
|-ability|p2a: Calyrex|Unnerve
|-damage|p2a: Calyrex|64/100 brn|[from] Stealth Rock
|switch|p1a: Quetzalcoatl|Heatran, M|99/100
|
|-heal|p2a: Calyrex|70/100 brn|[from] item: Leftovers
|-damage|p2a: Calyrex|64/100 brn|[from] brn
|upkeep
|turn|61
|
|t:|1627761399
|switch|p2a: Eternatus|Eternatus|79/100 brn
|-damage|p2a: Eternatus|66/100 brn|[from] Stealth Rock
|-ability|p2a: Eternatus|Pressure
|move|p1a: Quetzalcoatl|Lava Plume|p2a: Eternatus
|-resisted|p2a: Eternatus
|-damage|p2a: Eternatus|56/100 brn
|
|-heal|p2a: Eternatus|62/100 brn|[from] item: Black Sludge
|-damage|p2a: Eternatus|56/100 brn|[from] brn
|upkeep
|turn|62
|
|t:|1627761414
|switch|p1a: Gilles de Rais|Toxapex, M|100/100
|move|p2a: Eternatus|Recover|p2a: Eternatus
|-heal|p2a: Eternatus|100/100 brn
|
|-damage|p2a: Eternatus|94/100 brn|[from] brn
|upkeep
|turn|63
|c| LegenK|rip da quase menos dano que a cura do leftover
|c| LegenK|pqp
|c| Paulao Bacanao|burn da mais dano q o rip
|inactive|VittorADS has 30 seconds left.
|
|t:|1627761436
|switch|p2a: Necrozma|Necrozma-Dusk-Mane|100/100
|-damage|p2a: Necrozma|94/100|[from] Stealth Rock
|switch|p1a: Quetzalcoatl|Heatran, M|99/100
|
|-heal|p2a: Necrozma|100/100|[from] item: Leftovers
|upkeep
|turn|64
|inactive|VittorADS has 30 seconds left.
|
|t:|1627761450
|switch|p1a: Gilgamesh|Yveltal|75/100
|-ability|p1a: Gilgamesh|Dark Aura
|move|p2a: Necrozma|Stealth Rock|p1a: Gilgamesh
|-sidestart|p1: RIP_Player|move: Stealth Rock
|
|upkeep
|turn|65
|c| LegenK|cuidado pra n virar ubers (blitz) vittor
|inactive|VittorADS has 30 seconds left.
|inactive|VittorADS has 20 seconds left.
|
|t:|1627761471
|switch|p2a: Xerneas|Xerneas|51/100 slp
|-damage|p2a: Xerneas|38/100 slp|[from] Stealth Rock
|-ability|p2a: Xerneas|Fairy Aura
|move|p1a: Gilgamesh|Knock Off|p2a: Xerneas
|-resisted|p2a: Xerneas
|-damage|p2a: Xerneas|24/100 slp
|
|upkeep
|turn|66
|inactive|VittorADS has 30 seconds left this turn.
|inactive|VittorADS has 20 seconds left.
|
|t:|1627761484
|switch|p1a: Quetzalcoatl|Heatran, M|99/100
|-damage|p1a: Quetzalcoatl|87/100|[from] Stealth Rock
|-curestatus|p2a: Xerneas|slp|[msg]
|move|p2a: Xerneas|Rest|p2a: Xerneas
|-status|p2a: Xerneas|slp|[from] move: Rest
|-heal|p2a: Xerneas|100/100 slp|[silent]
|
|upkeep
|turn|67
|inactive|VittorADS has 30 seconds left this turn.
|inactive|VittorADS has 20 seconds left.
|
|t:|1627761497
|switch|p2a: Eternatus|Eternatus|94/100 brn
|-damage|p2a: Eternatus|82/100 brn|[from] Stealth Rock
|-ability|p2a: Eternatus|Pressure
|switch|p1a: Rin Tohsaka|Xerneas|100/100
|-damage|p1a: Rin Tohsaka|88/100|[from] Stealth Rock
|-ability|p1a: Rin Tohsaka|Fairy Aura
|
|-heal|p2a: Eternatus|88/100 brn|[from] item: Black Sludge
|-heal|p1a: Rin Tohsaka|94/100|[from] item: Leftovers
|-damage|p2a: Eternatus|82/100 brn|[from] brn
|upkeep
|turn|68
|inactive|VittorADS has 30 seconds left this turn.
|inactive|VittorADS has 20 seconds left.
|
|t:|1627761511
|switch|p2a: Necrozma|Necrozma-Dusk-Mane|100/100
|-damage|p2a: Necrozma|94/100|[from] Stealth Rock
|switch|p1a: Quetzalcoatl|Heatran, M|87/100
|-damage|p1a: Quetzalcoatl|74/100|[from] Stealth Rock
|
|-heal|p2a: Necrozma|100/100|[from] item: Leftovers
|upkeep
|turn|69
|inactive|VittorADS has 30 seconds left this turn.
|inactive|VittorADS has 20 seconds left.
|
|t:|1627761521
|switch|p1a: Gilles de Rais|Toxapex, M|100/100
|-damage|p1a: Gilles de Rais|88/100|[from] Stealth Rock
|switch|p2a: Eternatus|Eternatus|82/100 brn
|-damage|p2a: Eternatus|69/100 brn|[from] Stealth Rock
|-ability|p2a: Eternatus|Pressure
|
|-heal|p2a: Eternatus|76/100 brn|[from] item: Black Sludge
|-heal|p1a: Gilles de Rais|94/100|[from] item: Black Sludge
|-damage|p2a: Eternatus|69/100 brn|[from] brn
|upkeep
|turn|70
|inactive|VittorADS has 30 seconds left this turn.
|inactive|VittorADS has 20 seconds left.
|
|t:|1627761537
|switch|p2a: Necrozma|Necrozma-Dusk-Mane|100/100
|-damage|p2a: Necrozma|94/100|[from] Stealth Rock
|switch|p1a: Rin Tohsaka|Xerneas|94/100
|-damage|p1a: Rin Tohsaka|82/100|[from] Stealth Rock
|-ability|p1a: Rin Tohsaka|Fairy Aura
|
|-heal|p1a: Rin Tohsaka|88/100|[from] item: Leftovers
|-heal|p2a: Necrozma|100/100|[from] item: Leftovers
|upkeep
|turn|71
|inactive|VittorADS has 30 seconds left this turn.
|c| Amelia Doutora|Ubers (Blitz)
|c| LegenK|Ubers (blitz)
|inactive|VittorADS has 20 seconds left.
|
|t:|1627761549
|move|p1a: Rin Tohsaka|Defog|p2a: Necrozma
|-unboost|p2a: Necrozma|evasion|1
|-sideend|p2: VittorADS|Stealth Rock|[from] move: Defog|[of] p1a: Rin Tohsaka
|-sideend|p1: RIP_Player|Stealth Rock|[from] move: Defog|[of] p1a: Rin Tohsaka
|move|p2a: Necrozma|Toxic|p1a: Rin Tohsaka
|-status|p1a: Rin Tohsaka|tox
|
|-heal|p1a: Rin Tohsaka|94/100 tox|[from] item: Leftovers
|-damage|p1a: Rin Tohsaka|88/100 tox|[from] psn
|upkeep
|turn|72
|inactive|VittorADS has 30 seconds left this turn.
|inactive|VittorADS has 20 seconds left.
|
|t:|1627761561
|switch|p1a: Gilgamesh|Yveltal|75/100
|-ability|p1a: Gilgamesh|Dark Aura
|move|p2a: Necrozma|Sunsteel Strike|p1a: Gilgamesh
|-damage|p1a: Gilgamesh|28/100
|
|upkeep
|turn|73
|inactive|VittorADS has 30 seconds left this turn.
|inactive|VittorADS has 20 seconds left.
|
|t:|1627761582
|switch|p2a: Xerneas|Xerneas|100/100 slp
|-ability|p2a: Xerneas|Fairy Aura
|move|p1a: Gilgamesh|Knock Off|p2a: Xerneas
|-resisted|p2a: Xerneas
|-damage|p2a: Xerneas|89/100 slp
|
|upkeep
|turn|74
|inactive|VittorADS has 30 seconds left this turn.
|inactive|VittorADS has 20 seconds left.
|
|t:|1627761594
|switch|p1a: Rin Tohsaka|Xerneas|88/100 tox
|-ability|p1a: Rin Tohsaka|Fairy Aura
|switch|p2a: Eternatus|Eternatus|69/100 brn
|-ability|p2a: Eternatus|Pressure
|
|-heal|p2a: Eternatus|76/100 brn|[from] item: Black Sludge
|-heal|p1a: Rin Tohsaka|94/100 tox|[from] item: Leftovers
|-damage|p1a: Rin Tohsaka|88/100 tox|[from] psn
|-damage|p2a: Eternatus|69/100 brn|[from] brn
|upkeep
|turn|75
|inactive|VittorADS has 30 seconds left this turn.
|inactive|VittorADS has 20 seconds left.
|
|t:|1627761606
|switch|p2a: Necrozma|Necrozma-Dusk-Mane|100/100
|move|p1a: Rin Tohsaka|Aromatherapy|p1a: Rin Tohsaka
|-activate|p1a: Rin Tohsaka|move: Aromatherapy
|-curestatus|p1a: Rin Tohsaka|tox|[msg]
|
|-heal|p1a: Rin Tohsaka|94/100|[from] item: Leftovers
|upkeep
|turn|76
|inactive|VittorADS has 30 seconds left this turn.
|inactive|VittorADS has 20 seconds left.
|c| Paulao Bacanao|queria saber como todo mundo fica sem tempo
|
|t:|1627761619
|switch|p1a: Gilles de Rais|Toxapex, M|100/100
|move|p2a: Necrozma|Stealth Rock|p1a: Gilles de Rais
|-sidestart|p1: RIP_Player|move: Stealth Rock
|
|upkeep
|turn|77
|inactive|VittorADS has 30 seconds left this turn.
|c| Paulao Bacanao|nas minhas duas eu tava com 4 minutos o tempo todo
|
|t:|1627761627
|switch|p2a: Calyrex|Calyrex-Shadow|64/100 brn
|-ability|p2a: Calyrex|As One
|-ability|p2a: Calyrex|Unnerve
|switch|p1a: Quetzalcoatl|Heatran, M|74/100
|-damage|p1a: Quetzalcoatl|62/100|[from] Stealth Rock
|
|-heal|p2a: Calyrex|70/100 brn|[from] item: Leftovers
|-damage|p2a: Calyrex|64/100 brn|[from] brn
|upkeep
|turn|78
|inactive|VittorADS has 30 seconds left.
|
|t:|1627761636
|move|p2a: Calyrex|Substitute|p2a: Calyrex
|-start|p2a: Calyrex|Substitute
|-damage|p2a: Calyrex|39/100 brn
|move|p1a: Quetzalcoatl|Lava Plume|p2a: Calyrex
|-end|p2a: Calyrex|Substitute
|
|-heal|p2a: Calyrex|45/100 brn|[from] item: Leftovers
|-damage|p2a: Calyrex|39/100 brn|[from] brn
|upkeep
|turn|79
|inactive|VittorADS has 30 seconds left.
|
|t:|1627761650
|switch|p2a: Eternatus|Eternatus|69/100 brn
|-ability|p2a: Eternatus|Pressure
|move|p1a: Quetzalcoatl|Lava Plume|p2a: Eternatus
|-resisted|p2a: Eternatus
|-damage|p2a: Eternatus|59/100 brn
|
|-heal|p2a: Eternatus|65/100 brn|[from] item: Black Sludge
|-damage|p2a: Eternatus|59/100 brn|[from] brn
|upkeep
|turn|80
|inactive|VittorADS has 30 seconds left.
|
|t:|1627761666
|move|p2a: Eternatus|Recover|p2a: Eternatus
|-heal|p2a: Eternatus|100/100 brn
|move|p1a: Quetzalcoatl|Stealth Rock|p2a: Eternatus
|-sidestart|p2: VittorADS|move: Stealth Rock
|
|-damage|p2a: Eternatus|94/100 brn|[from] brn
|upkeep
|turn|81
|inactive|VittorADS has 30 seconds left.
|
|t:|1627761678
|switch|p2a: Calyrex|Calyrex-Shadow|39/100 brn
|-ability|p2a: Calyrex|As One
|-ability|p2a: Calyrex|Unnerve
|-damage|p2a: Calyrex|27/100 brn|[from] Stealth Rock
|switch|p1a: Gilles de Rais|Toxapex, M|100/100
|-damage|p1a: Gilles de Rais|88/100|[from] Stealth Rock
|
|-heal|p2a: Calyrex|33/100 brn|[from] item: Leftovers
|-heal|p1a: Gilles de Rais|94/100|[from] item: Black Sludge
|-damage|p2a: Calyrex|27/100 brn|[from] brn
|upkeep
|turn|82
|inactive|VittorADS has 30 seconds left.
|
|t:|1627761692
|move|p2a: Calyrex|Leech Seed|p1a: Gilles de Rais
|-start|p1a: Gilles de Rais|move: Leech Seed
|move|p1a: Gilles de Rais|Toxic||[still]
|-fail|p1a: Gilles de Rais
|
|-heal|p2a: Calyrex|33/100 brn|[from] item: Leftovers
|-heal|p1a: Gilles de Rais|100/100|[from] item: Black Sludge
|-damage|p1a: Gilles de Rais|88/100|[from] Leech Seed|[of] p2a: Calyrex
|-heal|p2a: Calyrex|44/100 brn|[silent]
|-damage|p2a: Calyrex|38/100 brn|[from] brn
|upkeep
|turn|83
|c| Paulao Bacanao|cuidado rip
|c| Paulao Bacanao|ele vai ficar subado
|c|☆RIP_Player|mds meu miss
|c|☆RIP_Player|agr
|c|☆RIP_Player|foi tão triste
|inactive|VittorADS has 30 seconds left.
|
|t:|1627761707
|switch|p1a: Berserker|Umbreon, F|76/100
|-damage|p1a: Berserker|63/100|[from] Stealth Rock
|move|p2a: Calyrex|Leech Seed|p1a: Berserker|[miss]
|-miss|p2a: Calyrex|p1a: Berserker
|
|-heal|p2a: Calyrex|44/100 brn|[from] item: Leftovers
|-damage|p2a: Calyrex|38/100 brn|[from] brn
|upkeep
|turn|84
|c| Paulao Bacanao|drug, he is subado
|c| Amelia Doutora|Fala do basaca
|inactive|VittorADS has 30 seconds left.
|
|t:|1627761725
|switch|p2a: Xerneas|Xerneas|89/100 slp
|-damage|p2a: Xerneas|76/100 slp|[from] Stealth Rock
|-ability|p2a: Xerneas|Fairy Aura
|move|p1a: Berserker|Wish|p1a: Berserker
|
|upkeep
|turn|85
|c| Paulao Bacanao|cara
|inactive|VittorADS has 30 seconds left.
|c| Paulao Bacanao|é nome de personagem de q anime?
|c| Amelia Doutora|Fate
|c| Paulao Bacanao|'-'
|inactive|VittorADS has 20 seconds left.
|c| Paulao Bacanao|ata
|
|t:|1627761742
|switch|p2a: Eternatus|Eternatus|94/100 brn
|-damage|p2a: Eternatus|82/100 brn|[from] Stealth Rock
|-ability|p2a: Eternatus|Pressure
|switch|p1a: Quetzalcoatl|Heatran, M|62/100
|-damage|p1a: Quetzalcoatl|49/100|[from] Stealth Rock
|
|-heal|p1a: Quetzalcoatl|99/100|[from] move: Wish|[wisher] Berserker
|-heal|p2a: Eternatus|88/100 brn|[from] item: Black Sludge
|-damage|p2a: Eternatus|82/100 brn|[from] brn
|upkeep
|turn|86
|inactive|VittorADS has 30 seconds left this turn.
|inactive|VittorADS has 20 seconds left.
|inactive|VittorADS has 15 seconds left.
|
|t:|1627761759
|switch|p2a: Xerneas|Xerneas|76/100 slp
|-damage|p2a: Xerneas|64/100 slp|[from] Stealth Rock
|-ability|p2a: Xerneas|Fairy Aura
|switch|p1a: Gilles de Rais|Toxapex, M|100/100
|-damage|p1a: Gilles de Rais|88/100|[from] Stealth Rock
|
|-heal|p1a: Gilles de Rais|94/100|[from] item: Black Sludge
|upkeep
|turn|87
|inactive|VittorADS has 25 seconds left this turn.
|c| Amelia Doutora|Uber blitz
|inactive|VittorADS has 20 seconds left.
|inactive|VittorADS has 15 seconds left.
|
|t:|1627761770
|cant|p2a: Xerneas|slp
|move|p2a: Xerneas|Sleep Talk|p2a: Xerneas
|move|p2a: Xerneas|Moonblast|p1a: Gilles de Rais|[from]move: Sleep Talk
|-resisted|p1a: Gilles de Rais
|-damage|p1a: Gilles de Rais|71/100
|move|p1a: Gilles de Rais|Scald|p2a: Xerneas
|-damage|p2a: Xerneas|51/100 slp
|
|-heal|p1a: Gilles de Rais|77/100|[from] item: Black Sludge
|upkeep
|turn|88
|inactive|VittorADS has 25 seconds left this turn.
|inactive|VittorADS has 20 seconds left.
|c| Paulao Bacanao|coitado do brodi
|inactive|VittorADS has 15 seconds left.
|
|t:|1627761781
|cant|p2a: Xerneas|slp
|move|p2a: Xerneas|Sleep Talk|p2a: Xerneas
|move|p2a: Xerneas|Aromatherapy|p2a: Xerneas|[from]move: Sleep Talk
|-activate|p2a: Xerneas|move: Aromatherapy
|-curestatus|p2a: Xerneas|slp|[msg]
|-curestatus|p2: Eternatus|brn|[msg]
|-curestatus|p2: Calyrex|brn|[msg]
|move|p1a: Gilles de Rais|Scald|p2a: Xerneas
|-damage|p2a: Xerneas|39/100
|
|-heal|p1a: Gilles de Rais|84/100|[from] item: Black Sludge
|upkeep
|turn|89
|inactive|VittorADS has 25 seconds left this turn.
|inactive|VittorADS has 20 seconds left.
|inactive|VittorADS has 15 seconds left.
|c| Paulao Bacanao|jogando contra o rip blitz ainda
|
|t:|1627761795
|move|p2a: Xerneas|Rest|p2a: Xerneas
|-status|p2a: Xerneas|slp|[from] move: Rest
|-heal|p2a: Xerneas|100/100 slp|[silent]
|move|p1a: Gilles de Rais|Scald|p2a: Xerneas
|-damage|p2a: Xerneas|89/100 slp
|
|-heal|p1a: Gilles de Rais|90/100|[from] item: Black Sludge
|upkeep
|turn|90
|inactive|VittorADS has 25 seconds left this turn.
|inactive|VittorADS has 20 seconds left.
|inactive|VittorADS has 15 seconds left.
|
|t:|1627761806
|switch|p2a: Eternatus|Eternatus|82/100
|-damage|p2a: Eternatus|69/100|[from] Stealth Rock
|-ability|p2a: Eternatus|Pressure
|move|p1a: Gilles de Rais|Scald|p2a: Eternatus
|-resisted|p2a: Eternatus
|-damage|p2a: Eternatus|64/100
|
|-heal|p2a: Eternatus|70/100|[from] item: Black Sludge
|-heal|p1a: Gilles de Rais|96/100|[from] item: Black Sludge
|upkeep
|turn|91
|inactive|VittorADS has 25 seconds left this turn.
|inactive|VittorADS has 20 seconds left.
|inactive|VittorADS has 15 seconds left.
|
|t:|1627761818
|switch|p2a: Xerneas|Xerneas|89/100 slp
|-damage|p2a: Xerneas|76/100 slp|[from] Stealth Rock
|-ability|p2a: Xerneas|Fairy Aura
|move|p1a: Gilles de Rais|Scald|p2a: Xerneas
|-damage|p2a: Xerneas|63/100 slp
|
|-heal|p1a: Gilles de Rais|100/100|[from] item: Black Sludge
|upkeep
|turn|92
|inactive|VittorADS has 25 seconds left this turn.
|inactive|VittorADS has 20 seconds left.
|
|t:|1627761834
|cant|p2a: Xerneas|slp
|move|p2a: Xerneas|Sleep Talk|p2a: Xerneas
|move|p2a: Xerneas|Rest||[from]move: Sleep Talk|[still]
|-fail|p2a: Xerneas
|move|p1a: Gilles de Rais|Scald|p2a: Xerneas
|-damage|p2a: Xerneas|49/100 slp
|
|upkeep
|turn|93
|inactive|VittorADS has 30 seconds left this turn.
|c|☆VittorADS|pausa esse tempo ai
|c|☆RIP_Player|Nem
|inactive|VittorADS has 20 seconds left.
|
|t:|1627761848
|cant|p2a: Xerneas|slp
|move|p2a: Xerneas|Sleep Talk|p2a: Xerneas
|move|p2a: Xerneas|Moonblast|p1a: Gilles de Rais|[from]move: Sleep Talk
|-resisted|p1a: Gilles de Rais
|-damage|p1a: Gilles de Rais|76/100
|move|p1a: Gilles de Rais|Scald|p2a: Xerneas
|-damage|p2a: Xerneas|35/100 slp
|
|-heal|p1a: Gilles de Rais|82/100|[from] item: Black Sludge
|upkeep
|turn|94
|inactive|VittorADS has 30 seconds left this turn.
|j| personheresfsfsafs
|inactive|VittorADS has 20 seconds left.
|
|t:|1627761861
|-curestatus|p2a: Xerneas|slp|[msg]
|move|p2a: Xerneas|Rest|p2a: Xerneas
|-status|p2a: Xerneas|slp|[from] move: Rest
|-heal|p2a: Xerneas|100/100 slp|[silent]
|move|p1a: Gilles de Rais|Scald|p2a: Xerneas
|-damage|p2a: Xerneas|88/100 slp
|
|-heal|p1a: Gilles de Rais|88/100|[from] item: Black Sludge
|upkeep
|turn|95
|inactive|VittorADS has 30 seconds left this turn.
|inactive|VittorADS has 20 seconds left.
|inactive|VittorADS has 15 seconds left.
|
|t:|1627761879
|switch|p1a: Quetzalcoatl|Heatran, M|99/100
|-damage|p1a: Quetzalcoatl|88/100|[from] Stealth Rock
|cant|p2a: Xerneas|slp
|
|upkeep
|turn|96
|inactive|VittorADS has 25 seconds left this turn.
|inactive|VittorADS has 20 seconds left.
|inactive|VittorADS has 15 seconds left.
|
|t:|1627761891
|switch|p2a: Eternatus|Eternatus|70/100
|-damage|p2a: Eternatus|58/100|[from] Stealth Rock
|-ability|p2a: Eternatus|Pressure
|move|p1a: Quetzalcoatl|Lava Plume|p2a: Eternatus
|-resisted|p2a: Eternatus
|-damage|p2a: Eternatus|47/100
|-status|p2a: Eternatus|brn
|
|-heal|p2a: Eternatus|53/100 brn|[from] item: Black Sludge
|-damage|p2a: Eternatus|47/100 brn|[from] brn
|upkeep
|turn|97
|inactive|VittorADS has 25 seconds left this turn.
|inactive|VittorADS has 20 seconds left.
|
|t:|1627761901
|switch|p1a: Rin Tohsaka|Xerneas|94/100
|-damage|p1a: Rin Tohsaka|81/100|[from] Stealth Rock
|-ability|p1a: Rin Tohsaka|Fairy Aura
|move|p2a: Eternatus|Recover|p2a: Eternatus
|-heal|p2a: Eternatus|97/100 brn
|
|-heal|p2a: Eternatus|100/100 brn|[from] item: Black Sludge
|-heal|p1a: Rin Tohsaka|88/100|[from] item: Leftovers
|-damage|p2a: Eternatus|94/100 brn|[from] brn
|upkeep
|turn|98
|inactive|VittorADS has 30 seconds left this turn.
|
|t:|1627761911
|switch|p2a: Necrozma|Necrozma-Dusk-Mane|100/100
|-damage|p2a: Necrozma|94/100|[from] Stealth Rock
|move|p1a: Rin Tohsaka|Thunder Wave|p2a: Necrozma
|-status|p2a: Necrozma|par
|
|-heal|p1a: Rin Tohsaka|94/100|[from] item: Leftovers
|-heal|p2a: Necrozma|100/100 par|[from] item: Leftovers
|upkeep
|turn|99
|inactive|VittorADS has 30 seconds left.
|j| PudimMNZ
|inactive|VittorADS has 20 seconds left.
|l| personheresfsfsafs
|inactive|VittorADS has 15 seconds left.
|
|t:|1627761934
|switch|p1a: Quetzalcoatl|Heatran, M|88/100
|-damage|p1a: Quetzalcoatl|75/100|[from] Stealth Rock
|cant|p2a: Necrozma|par
|
|upkeep
|turn|100
|inactive|VittorADS has 25 seconds left this turn.
|inactive|VittorADS has 20 seconds left.
|inactive|VittorADS has 15 seconds left.
|
|t:|1627761948
|switch|p2a: Eternatus|Eternatus|94/100 brn
|-damage|p2a: Eternatus|82/100 brn|[from] Stealth Rock
|-ability|p2a: Eternatus|Pressure
|move|p1a: Quetzalcoatl|Lava Plume|p2a: Eternatus
|-resisted|p2a: Eternatus
|-damage|p2a: Eternatus|71/100 brn
|
|-heal|p2a: Eternatus|78/100 brn|[from] item: Black Sludge
|-damage|p2a: Eternatus|71/100 brn|[from] brn
|upkeep
|turn|101
|inactive|VittorADS has 25 seconds left this turn.
|c| Paulao Bacanao|vo deitar ali
|inactive|VittorADS has 20 seconds left.
|inactive|VittorADS has 15 seconds left.
|
|t:|1627761960
|switch|p1a: Gilles de Rais|Toxapex, M|100/100
|-damage|p1a: Gilles de Rais|88/100|[from] Stealth Rock
|move|p2a: Eternatus|Dynamax Cannon|p1a: Gilles de Rais
|-damage|p1a: Gilles de Rais|52/100
|
|-heal|p2a: Eternatus|78/100 brn|[from] item: Black Sludge
|-heal|p1a: Gilles de Rais|58/100|[from] item: Black Sludge
|-damage|p2a: Eternatus|71/100 brn|[from] brn
|upkeep
|turn|102
|inactive|VittorADS has 25 seconds left this turn.
|inactive|VittorADS has 20 seconds left.
|inactive|VittorADS has 15 seconds left.
|
|t:|1627761977
|switch|p2a: Xerneas|Xerneas|88/100 slp
|-damage|p2a: Xerneas|75/100 slp|[from] Stealth Rock
|-ability|p2a: Xerneas|Fairy Aura
|move|p1a: Gilles de Rais|Scald|p2a: Xerneas
|-damage|p2a: Xerneas|62/100 slp
|
|-heal|p1a: Gilles de Rais|65/100|[from] item: Black Sludge
|upkeep
|turn|103
|inactive|VittorADS has 25 seconds left this turn.
|c| PudimMNZ|100 turnos e tá 6x5 ainda
|c| PudimMNZ|q divertido
|inactive|VittorADS has 20 seconds left.
|inactive|VittorADS has 15 seconds left.
|inactive|VittorADS has 10 seconds left.
|
|t:|1627761995
|cant|p2a: Xerneas|slp
|move|p1a: Gilles de Rais|Recover|p1a: Gilles de Rais
|-heal|p1a: Gilles de Rais|100/100
|
|upkeep
|turn|104
|inactive|VittorADS has 20 seconds left this turn.
|inactive|VittorADS has 15 seconds left.
|
|t:|1627762003
|-curestatus|p2a: Xerneas|slp|[msg]
|move|p2a: Xerneas|Rest|p2a: Xerneas
|-status|p2a: Xerneas|slp|[from] move: Rest
|-heal|p2a: Xerneas|100/100 slp|[silent]
|move|p1a: Gilles de Rais|Scald|p2a: Xerneas
|-damage|p2a: Xerneas|89/100 slp
|
|upkeep
|turn|105
|inactive|VittorADS has 25 seconds left this turn.
|inactive|VittorADS has 20 seconds left.
|c| UPM KeldeoCrowned|desativa esse timer someone
|inactive|VittorADS has 15 seconds left.
|
|t:|1627762017
|switch|p2a: Eternatus|Eternatus|71/100 brn
|-damage|p2a: Eternatus|59/100 brn|[from] Stealth Rock
|-ability|p2a: Eternatus|Pressure
|switch|p1a: Quetzalcoatl|Heatran, M|75/100
|-damage|p1a: Quetzalcoatl|63/100|[from] Stealth Rock
|
|-heal|p2a: Eternatus|65/100 brn|[from] item: Black Sludge
|-damage|p2a: Eternatus|59/100 brn|[from] brn
|upkeep
|turn|106
|inactive|VittorADS has 25 seconds left this turn.
|inactive|VittorADS has 20 seconds left.
|
|t:|1627762027
|switch|p1a: Gilles de Rais|Toxapex, M|100/100
|-damage|p1a: Gilles de Rais|88/100|[from] Stealth Rock
|move|p2a: Eternatus|Recover|p2a: Eternatus
|-heal|p2a: Eternatus|100/100 brn
|
|-heal|p1a: Gilles de Rais|94/100|[from] item: Black Sludge
|-damage|p2a: Eternatus|94/100 brn|[from] brn
|upkeep
|turn|107
|inactive|VittorADS has 30 seconds left this turn.
|inactive|VittorADS has 20 seconds left.
|inactive|VittorADS has 15 seconds left.
|
|t:|1627762042
|switch|p2a: Xerneas|Xerneas|89/100 slp
|-damage|p2a: Xerneas|76/100 slp|[from] Stealth Rock
|-ability|p2a: Xerneas|Fairy Aura
|move|p1a: Gilles de Rais|Baneful Bunker||[still]
|-fail|p1a: Gilles de Rais
|
|-heal|p1a: Gilles de Rais|100/100|[from] item: Black Sludge
|upkeep
|turn|108
|inactive|VittorADS has 25 seconds left this turn.
|inactive|VittorADS has 20 seconds left.
|inactive|VittorADS has 15 seconds left.
|
|t:|1627762053
|move|p1a: Gilles de Rais|Baneful Bunker|p1a: Gilles de Rais
|-singleturn|p1a: Gilles de Rais|move: Protect
|cant|p2a: Xerneas|slp
|
|upkeep
|turn|109
|inactive|VittorADS has 25 seconds left this turn.
|inactive|VittorADS has 20 seconds left.
|inactive|VittorADS has 15 seconds left.
|inactive|VittorADS has 10 seconds left.
|
|t:|1627762071
|move|p1a: Gilles de Rais|Baneful Bunker|p1a: Gilles de Rais
|-singleturn|p1a: Gilles de Rais|move: Protect
|cant|p2a: Xerneas|slp
|
|upkeep
|turn|110
|inactive|VittorADS has 20 seconds left this turn.
|inactive|VittorADS has 15 seconds left.
|
|t:|1627762080
|-curestatus|p2a: Xerneas|slp|[msg]
|move|p2a: Xerneas|Rest|p2a: Xerneas
|-status|p2a: Xerneas|slp|[from] move: Rest
|-heal|p2a: Xerneas|100/100 slp|[silent]
|move|p1a: Gilles de Rais|Toxic||[still]
|-fail|p1a: Gilles de Rais
|
|upkeep
|turn|111
|inactive|VittorADS has 25 seconds left this turn.
|inactive|VittorADS has 20 seconds left.
|inactive|VittorADS has 15 seconds left.
|
|t:|1627762091
|switch|p2a: Eternatus|Eternatus|94/100 brn
|-damage|p2a: Eternatus|82/100 brn|[from] Stealth Rock
|-ability|p2a: Eternatus|Pressure
|move|p1a: Gilles de Rais|Toxic||[still]
|-fail|p1a: Gilles de Rais
|
|-heal|p2a: Eternatus|88/100 brn|[from] item: Black Sludge
|-damage|p2a: Eternatus|82/100 brn|[from] brn
|upkeep
|turn|112
|inactive|VittorADS has 25 seconds left this turn.
|inactive|VittorADS has 20 seconds left.
|
|t:|1627762101
|switch|p1a: Quetzalcoatl|Heatran, M|63/100
|-damage|p1a: Quetzalcoatl|50/100|[from] Stealth Rock
|move|p2a: Eternatus|Dynamax Cannon|p1a: Quetzalcoatl
|-resisted|p1a: Quetzalcoatl
|-damage|p1a: Quetzalcoatl|37/100
|
|-heal|p2a: Eternatus|88/100 brn|[from] item: Black Sludge
|-damage|p2a: Eternatus|82/100 brn|[from] brn
|upkeep
|turn|113
|inactive|VittorADS has 30 seconds left this turn.
|inactive|VittorADS has 20 seconds left.
|
|t:|1627762114
|switch|p1a: Rin Tohsaka|Xerneas|94/100
|-damage|p1a: Rin Tohsaka|81/100|[from] Stealth Rock
|-ability|p1a: Rin Tohsaka|Fairy Aura
|move|p2a: Eternatus|Dynamax Cannon|p1a: Rin Tohsaka
|-immune|p1a: Rin Tohsaka
|
|-heal|p2a: Eternatus|88/100 brn|[from] item: Black Sludge
|-heal|p1a: Rin Tohsaka|87/100|[from] item: Leftovers
|-damage|p2a: Eternatus|82/100 brn|[from] brn
|upkeep
|turn|114
|inactive|VittorADS has 30 seconds left this turn.
|
|t:|1627762129
|switch|p2a: Necrozma|Necrozma-Dusk-Mane|100/100 par
|-damage|p2a: Necrozma|94/100 par|[from] Stealth Rock
|switch|p1a: Berserker|Umbreon, F|63/100
|-damage|p1a: Berserker|51/100|[from] Stealth Rock
|
|-heal|p2a: Necrozma|100/100 par|[from] item: Leftovers
|upkeep
|turn|115
|inactive|VittorADS has 30 seconds left.
|
|t:|1627762141
|move|p1a: Berserker|Protect|p1a: Berserker
|-singleturn|p1a: Berserker|Protect
|cant|p2a: Necrozma|par
|
|upkeep
|turn|116
|inactive|VittorADS has 30 seconds left.
|
|t:|1627762148
|switch|p1a: Gilles de Rais|Toxapex, M|100/100
|-damage|p1a: Gilles de Rais|88/100|[from] Stealth Rock
|cant|p2a: Necrozma|par
|
|-heal|p1a: Gilles de Rais|94/100|[from] item: Black Sludge
|upkeep
|turn|117
|inactive|VittorADS has 30 seconds left.
|
|t:|1627762167
|move|p1a: Gilles de Rais|Toxic||[still]
|-fail|p1a: Gilles de Rais
|move|p2a: Necrozma|Stealth Rock||[still]
|-fail|p2a: Necrozma
|
|-heal|p1a: Gilles de Rais|100/100|[from] item: Black Sludge
|upkeep
|turn|118
|inactive|VittorADS has 30 seconds left.
|
|t:|1627762190
|move|p1a: Gilles de Rais|Toxic||[still]
|-fail|p1a: Gilles de Rais
|move|p2a: Necrozma|Stealth Rock||[still]
|-fail|p2a: Necrozma
|
|upkeep
|turn|119
|inactive|VittorADS has 30 seconds left.
|
|t:|1627762203
|switch|p1a: Gilgamesh|Yveltal|28/100
|-damage|p1a: Gilgamesh|4/100|[from] Stealth Rock
|-ability|p1a: Gilgamesh|Dark Aura
|move|p2a: Necrozma|Stealth Rock||[still]
|-fail|p2a: Necrozma
|
|upkeep
|turn|120
|inactive|VittorADS has 30 seconds left.
|inactive|VittorADS has 20 seconds left.
|
|t:|1627762225
|move|p1a: Gilgamesh|Dual Wingbeat|p2a: Necrozma
|-resisted|p2a: Necrozma
|-damage|p2a: Necrozma|93/100 par
|-resisted|p2a: Necrozma
|-damage|p2a: Necrozma|85/100 par
|-hitcount|p2a: Necrozma|2
|cant|p2a: Necrozma|par
|
|-heal|p2a: Necrozma|91/100 par|[from] item: Leftovers
|upkeep
|turn|121
|inactive|VittorADS has 30 seconds left this turn.
|inactive|VittorADS has 20 seconds left.
|inactive|VittorADS has 15 seconds left.
|
|t:|1627762241
|switch|p2a: Xerneas|Xerneas|100/100 slp
|-damage|p2a: Xerneas|88/100 slp|[from] Stealth Rock
|-ability|p2a: Xerneas|Fairy Aura
|move|p1a: Gilgamesh|Knock Off|p2a: Xerneas
|-resisted|p2a: Xerneas
|-damage|p2a: Xerneas|75/100 slp
|
|upkeep
|turn|122
|inactive|VittorADS has 25 seconds left this turn.
|inactive|VittorADS has 20 seconds left.
|
|t:|1627762257
|switch|p1a: Gilles de Rais|Toxapex, M|100/100
|-damage|p1a: Gilles de Rais|88/100|[from] Stealth Rock
|cant|p2a: Xerneas|slp
|move|p2a: Xerneas|Sleep Talk|p2a: Xerneas
|move|p2a: Xerneas|Moonblast|p1a: Gilles de Rais|[from]move: Sleep Talk
|-resisted|p1a: Gilles de Rais
|-damage|p1a: Gilles de Rais|67/100
|-unboost|p1a: Gilles de Rais|spa|1
|
|-heal|p1a: Gilles de Rais|74/100|[from] item: Black Sludge
|upkeep
|turn|123
|inactive|VittorADS has 30 seconds left this turn.
|inactive|VittorADS has 20 seconds left.
|
|t:|1627762277
|switch|p2a: Necrozma|Necrozma-Dusk-Mane|91/100 par
|-damage|p2a: Necrozma|85/100 par|[from] Stealth Rock
|move|p1a: Gilles de Rais|Baneful Bunker||[still]
|-fail|p1a: Gilles de Rais
|
|-heal|p1a: Gilles de Rais|80/100|[from] item: Black Sludge
|-heal|p2a: Necrozma|91/100 par|[from] item: Leftovers
|upkeep
|turn|124
|inactive|VittorADS has 30 seconds left this turn.
|inactive|VittorADS has 20 seconds left.
|
|t:|1627762288
|switch|p1a: Rin Tohsaka|Xerneas|87/100
|-damage|p1a: Rin Tohsaka|75/100|[from] Stealth Rock
|-ability|p1a: Rin Tohsaka|Fairy Aura
|move|p2a: Necrozma|Toxic|p1a: Rin Tohsaka
|-status|p1a: Rin Tohsaka|tox
|
|-heal|p1a: Rin Tohsaka|81/100 tox|[from] item: Leftovers
|-heal|p2a: Necrozma|97/100 par|[from] item: Leftovers
|-damage|p1a: Rin Tohsaka|75/100 tox|[from] psn
|upkeep
|turn|125
|inactive|VittorADS has 30 seconds left this turn.
|inactive|VittorADS has 20 seconds left.
|
|t:|1627762301
|switch|p2a: Calyrex|Calyrex-Shadow|38/100
|-ability|p2a: Calyrex|As One
|-ability|p2a: Calyrex|Unnerve
|-damage|p2a: Calyrex|25/100|[from] Stealth Rock
|move|p1a: Rin Tohsaka|Defog|p2a: Calyrex
|-unboost|p2a: Calyrex|evasion|1
|-sideend|p2: VittorADS|Stealth Rock|[from] move: Defog|[of] p1a: Rin Tohsaka
|-sideend|p1: RIP_Player|Stealth Rock|[from] move: Defog|[of] p1a: Rin Tohsaka
|
|-heal|p2a: Calyrex|32/100|[from] item: Leftovers
|-heal|p1a: Rin Tohsaka|81/100 tox|[from] item: Leftovers
|-damage|p1a: Rin Tohsaka|69/100 tox|[from] psn
|upkeep
|turn|126
|inactive|VittorADS has 30 seconds left this turn.
|inactive|VittorADS has 20 seconds left.
|inactive|VittorADS has 15 seconds left.
|
|t:|1627762318
|switch|p1a: Berserker|Umbreon, F|51/100
|move|p2a: Calyrex|Astral Barrage|p1a: Berserker
|-resisted|p1a: Berserker
|-damage|p1a: Berserker|30/100
|
|-heal|p2a: Calyrex|38/100|[from] item: Leftovers
|upkeep
|turn|127
|inactive|VittorADS has 25 seconds left this turn.
|inactive|VittorADS has 20 seconds left.
|inactive|VittorADS has 15 seconds left.
|
|t:|1627762328
|switch|p2a: Xerneas|Xerneas|75/100 slp
|-ability|p2a: Xerneas|Fairy Aura
|move|p1a: Berserker|Wish|p1a: Berserker
|
|upkeep
|turn|128
|inactive|VittorADS has 25 seconds left this turn.
|inactive|VittorADS has 20 seconds left.
|inactive|VittorADS has 15 seconds left.
|
|t:|1627762341
|move|p1a: Berserker|Protect|p1a: Berserker
|-singleturn|p1a: Berserker|Protect
|cant|p2a: Xerneas|slp
|move|p2a: Xerneas|Sleep Talk|p2a: Xerneas
|move|p2a: Xerneas|Aromatherapy|p2a: Xerneas|[from]move: Sleep Talk
|-activate|p2a: Xerneas|move: Aromatherapy
|-curestatus|p2a: Xerneas|slp|[msg]
|-curestatus|p2: Necrozma|par|[msg]
|-curestatus|p2: Eternatus|brn|[msg]
|
|-heal|p1a: Berserker|80/100|[from] move: Wish|[wisher] Berserker
|upkeep
|turn|129
|inactive|VittorADS has 25 seconds left this turn.
|inactive|VittorADS has 20 seconds left.
|inactive|VittorADS has 15 seconds left.
|inactive|VittorADS has 10 seconds left.
|
|t:|1627762357
|switch|p1a: Gilles de Rais|Toxapex, M|100/100
|move|p2a: Xerneas|Moonblast|p1a: Gilles de Rais
|-resisted|p1a: Gilles de Rais
|-damage|p1a: Gilles de Rais|78/100
|
|-heal|p1a: Gilles de Rais|84/100|[from] item: Black Sludge
|upkeep
|turn|130
|inactive|VittorADS has 20 seconds left this turn.
|inactive|VittorADS has 15 seconds left.
|inactive|VittorADS has 10 seconds left.
|l| PudimMNZ
|
|t:|1627762369
|move|p2a: Xerneas|Rest|p2a: Xerneas
|-status|p2a: Xerneas|slp|[from] move: Rest
|-heal|p2a: Xerneas|100/100 slp|[silent]
|move|p1a: Gilles de Rais|Scald|p2a: Xerneas
|-damage|p2a: Xerneas|88/100 slp
|
|-heal|p1a: Gilles de Rais|90/100|[from] item: Black Sludge
|upkeep
|turn|131
|inactive|VittorADS has 20 seconds left this turn.
|inactive|VittorADS has 15 seconds left.
|inactive|VittorADS has 10 seconds left.
|
|t:|1627762383
|switch|p1a: Berserker|Umbreon, F|80/100
|cant|p2a: Xerneas|slp
|
|upkeep
|turn|132
|inactive|VittorADS has 20 seconds left this turn.
|inactive|VittorADS has 15 seconds left.
|inactive|VittorADS has 10 seconds left.
|
|t:|1627762394
|cant|p2a: Xerneas|slp
|move|p1a: Berserker|Wish|p1a: Berserker
|
|upkeep
|turn|133
|inactive|VittorADS has 20 seconds left this turn.
|
|t:|1627762399
|switch|p1a: Quetzalcoatl|Heatran, M|37/100
|-curestatus|p2a: Xerneas|slp|[msg]
|move|p2a: Xerneas|Sleep Talk||[still]
|-fail|p2a: Xerneas
|
|-heal|p1a: Quetzalcoatl|88/100|[from] move: Wish|[wisher] Berserker
|upkeep
|turn|134
|inactive|VittorADS has 30 seconds left this turn.
|inactive|VittorADS has 20 seconds left.
|
|t:|1627762410
|switch|p2a: Eternatus|Eternatus|82/100
|-ability|p2a: Eternatus|Pressure
|move|p1a: Quetzalcoatl|Stealth Rock|p2a: Eternatus
|-sidestart|p2: VittorADS|move: Stealth Rock
|
|-heal|p2a: Eternatus|88/100|[from] item: Black Sludge
|upkeep
|turn|135
|inactive|VittorADS has 30 seconds left this turn.
|inactive|VittorADS has 20 seconds left.
|
|t:|1627762422
|switch|p1a: Gilles de Rais|Toxapex, M|100/100
|move|p2a: Eternatus|Dynamax Cannon|p1a: Gilles de Rais
|-damage|p1a: Gilles de Rais|64/100
|
|-heal|p2a: Eternatus|94/100|[from] item: Black Sludge
|-heal|p1a: Gilles de Rais|70/100|[from] item: Black Sludge
|upkeep
|turn|136
|inactive|VittorADS has 30 seconds left this turn.
|inactive|VittorADS has 20 seconds left.
|
|t:|1627762433
|switch|p2a: Necrozma|Necrozma-Dusk-Mane|97/100
|-damage|p2a: Necrozma|91/100|[from] Stealth Rock
|switch|p1a: Quetzalcoatl|Heatran, M|88/100
|
|-heal|p2a: Necrozma|97/100|[from] item: Leftovers
|upkeep
|turn|137
|inactive|VittorADS has 30 seconds left this turn.
|
|t:|1627762442
|switch|p2a: Eternatus|Eternatus|94/100
|-damage|p2a: Eternatus|82/100|[from] Stealth Rock
|-ability|p2a: Eternatus|Pressure
|move|p1a: Quetzalcoatl|Magma Storm|p2a: Eternatus|[miss]
|-miss|p1a: Quetzalcoatl|p2a: Eternatus
|
|-heal|p2a: Eternatus|88/100|[from] item: Black Sludge
|upkeep
|turn|138
|inactive|VittorADS has 30 seconds left.
|c| Amelia Doutora|nem fudendo
|inactive|VittorADS has 20 seconds left.
|
|t:|1627762457
|switch|p1a: Gilles de Rais|Toxapex, M|100/100
|move|p2a: Eternatus|Dynamax Cannon|p1a: Gilles de Rais
|-damage|p1a: Gilles de Rais|63/100
|
|-heal|p2a: Eternatus|94/100|[from] item: Black Sludge
|-heal|p1a: Gilles de Rais|69/100|[from] item: Black Sludge
|upkeep
|turn|139
|inactive|VittorADS has 30 seconds left this turn.
|inactive|VittorADS has 20 seconds left.
|
|t:|1627762471
|switch|p2a: Xerneas|Xerneas|88/100
|-damage|p2a: Xerneas|76/100|[from] Stealth Rock
|-ability|p2a: Xerneas|Fairy Aura
|switch|p1a: Quetzalcoatl|Heatran, M|88/100
|
|upkeep
|turn|140
|inactive|VittorADS has 30 seconds left this turn.
|
|t:|1627762480
|switch|p2a: Eternatus|Eternatus|94/100
|-damage|p2a: Eternatus|82/100|[from] Stealth Rock
|-ability|p2a: Eternatus|Pressure
|switch|p1a: Gilles de Rais|Toxapex, M|100/100
|
|-heal|p2a: Eternatus|88/100|[from] item: Black Sludge
|upkeep
|turn|141
|inactive|VittorADS has 30 seconds left.
|
|t:|1627762490
|switch|p1a: Quetzalcoatl|Heatran, M|88/100
|move|p2a: Eternatus|Toxic|p1a: Quetzalcoatl
|-immune|p1a: Quetzalcoatl
|
|-heal|p2a: Eternatus|94/100|[from] item: Black Sludge
|upkeep
|turn|142
|inactive|VittorADS has 30 seconds left.
|
|t:|1627762496
|switch|p1a: Gilles de Rais|Toxapex, M|100/100
|move|p2a: Eternatus|Toxic|p1a: Gilles de Rais
|-immune|p1a: Gilles de Rais
|
|-heal|p2a: Eternatus|100/100|[from] item: Black Sludge
|upkeep
|turn|143
|
|t:|1627762506
|switch|p1a: Quetzalcoatl|Heatran, M|88/100
|move|p2a: Eternatus|Toxic|p1a: Quetzalcoatl
|-immune|p1a: Quetzalcoatl
|
|upkeep
|turn|144
|
|t:|1627762516
|switch|p1a: Gilles de Rais|Toxapex, M|100/100
|move|p2a: Eternatus|Dynamax Cannon|p1a: Gilles de Rais
|-damage|p1a: Gilles de Rais|64/100
|
|-heal|p1a: Gilles de Rais|70/100|[from] item: Black Sludge
|upkeep
|turn|145
|c| UPM KeldeoCrowned|PARA DE FAZER MREDA
|c| UPM KeldeoCrowned|VITTOR
|c| UPM KeldeoCrowned|PELO AMOR DE DEUS
|inactive|VittorADS has 30 seconds left.
|
|t:|1627762534
|switch|p2a: Xerneas|Xerneas|76/100
|-damage|p2a: Xerneas|63/100|[from] Stealth Rock
|-ability|p2a: Xerneas|Fairy Aura
|switch|p1a: Berserker|Umbreon, F|80/100
|
|upkeep
|turn|146
|inactive|VittorADS has 30 seconds left.
|
|t:|1627762548
|switch|p2a: Calyrex|Calyrex-Shadow|38/100
|-ability|p2a: Calyrex|As One
|-ability|p2a: Calyrex|Unnerve
|-damage|p2a: Calyrex|25/100|[from] Stealth Rock
|switch|p1a: Gilles de Rais|Toxapex, M|100/100
|
|-heal|p2a: Calyrex|32/100|[from] item: Leftovers
|upkeep
|turn|147
|inactive|VittorADS has 30 seconds left.
|
|t:|1627762558
|move|p2a: Calyrex|Leech Seed|p1a: Gilles de Rais
|-start|p1a: Gilles de Rais|move: Leech Seed
|move|p1a: Gilles de Rais|Toxic|p2a: Calyrex
|-status|p2a: Calyrex|tox
|
|-heal|p2a: Calyrex|38/100 tox|[from] item: Leftovers
|-damage|p1a: Gilles de Rais|88/100|[from] Leech Seed|[of] p2a: Calyrex
|-heal|p2a: Calyrex|49/100 tox|[silent]
|-damage|p2a: Calyrex|43/100 tox|[from] psn
|upkeep
|turn|148
|inactive|VittorADS has 30 seconds left.
|
|t:|1627762571
|switch|p2a: Xerneas|Xerneas|63/100
|-damage|p2a: Xerneas|51/100|[from] Stealth Rock
|-ability|p2a: Xerneas|Fairy Aura
|switch|p1a: Berserker|Umbreon, F|80/100
|
|upkeep
|turn|149
|
|t:|1627762581
|switch|p1a: Gilles de Rais|Toxapex, M|100/100
|move|p2a: Xerneas|Aromatherapy|p2a: Xerneas
|-activate|p2a: Xerneas|move: Aromatherapy
|-curestatus|p2: Calyrex|tox|[msg]
|
|upkeep
|turn|150
|c| Paulao Bacanao|ta na mesma coisa ainda
|c| Paulao Bacanao|pqp
|
|t:|1627762590
|move|p2a: Xerneas|Rest|p2a: Xerneas
|-status|p2a: Xerneas|slp|[from] move: Rest
|-heal|p2a: Xerneas|100/100 slp|[silent]
|move|p1a: Gilles de Rais|Scald|p2a: Xerneas
|-damage|p2a: Xerneas|89/100 slp
|
|upkeep
|turn|151
|
|t:|1627762607
|switch|p2a: Eternatus|Eternatus|100/100
|-damage|p2a: Eternatus|88/100|[from] Stealth Rock
|-ability|p2a: Eternatus|Pressure
|switch|p1a: Berserker|Umbreon, F|80/100
|
|-heal|p2a: Eternatus|94/100|[from] item: Black Sludge
|upkeep
|turn|152
|
|t:|1627762622
|move|p2a: Eternatus|Toxic|p1a: Berserker
|-status|p1a: Berserker|tox
|-activate|p1a: Berserker|ability: Synchronize
|-immune|p2a: Eternatus
|move|p1a: Berserker|Wish|p1a: Berserker
|
|-heal|p2a: Eternatus|100/100|[from] item: Black Sludge
|-damage|p1a: Berserker|74/100 tox|[from] psn
|upkeep
|turn|153
|inactive|VittorADS has 30 seconds left.
|
|t:|1627762641
|switch|p2a: Xerneas|Xerneas|89/100 slp
|-damage|p2a: Xerneas|76/100 slp|[from] Stealth Rock
|-ability|p2a: Xerneas|Fairy Aura
|switch|p1a: Rin Tohsaka|Xerneas|69/100 tox
|-ability|p1a: Rin Tohsaka|Fairy Aura
|
|-heal|p1a: Rin Tohsaka|100/100 tox|[from] move: Wish|[wisher] Berserker
|-damage|p1a: Rin Tohsaka|94/100 tox|[from] psn
|upkeep
|turn|154
|c| Paulao Bacanao|aleluia
|c| Paulao Bacanao|algo de diferente
|inactive|VittorADS has 30 seconds left.
|
|t:|1627762656
|switch|p2a: Necrozma|Necrozma-Dusk-Mane|97/100
|-damage|p2a: Necrozma|91/100|[from] Stealth Rock
|move|p1a: Rin Tohsaka|Moonblast|p2a: Necrozma
|-resisted|p2a: Necrozma
|-damage|p2a: Necrozma|75/100
|
|-heal|p1a: Rin Tohsaka|100/100 tox|[from] item: Leftovers
|-heal|p2a: Necrozma|81/100|[from] item: Leftovers
|-damage|p1a: Rin Tohsaka|88/100 tox|[from] psn
|upkeep
|turn|155
|
|t:|1627762666
|move|p1a: Rin Tohsaka|Aromatherapy|p1a: Rin Tohsaka
|-activate|p1a: Rin Tohsaka|move: Aromatherapy
|-curestatus|p1a: Rin Tohsaka|tox|[msg]
|-curestatus|p1: Berserker|tox|[msg]
|move|p2a: Necrozma|Stealth Rock|p1a: Rin Tohsaka
|-sidestart|p1: RIP_Player|move: Stealth Rock
|
|-heal|p1a: Rin Tohsaka|94/100|[from] item: Leftovers
|-heal|p2a: Necrozma|87/100|[from] item: Leftovers
|upkeep
|turn|156
|c| Amelia Doutora|Entendi o pq do Xerneas ser a Rin Tohsaka
|c| Paulao Bacanao|fala pa nois
|c| Amelia Doutora|é os chifres q ela tomou da Sakura
|inactive|VittorADS has 30 seconds left.
|
|t:|1627762687
|move|p1a: Rin Tohsaka|Defog|p2a: Necrozma
|-unboost|p2a: Necrozma|evasion|1
|-sideend|p2: VittorADS|Stealth Rock|[from] move: Defog|[of] p1a: Rin Tohsaka
|-sideend|p1: RIP_Player|Stealth Rock|[from] move: Defog|[of] p1a: Rin Tohsaka
|move|p2a: Necrozma|Sunsteel Strike|p1a: Rin Tohsaka
|-supereffective|p1a: Rin Tohsaka
|-damage|p1a: Rin Tohsaka|40/100
|
|-heal|p1a: Rin Tohsaka|47/100|[from] item: Leftovers
|-heal|p2a: Necrozma|93/100|[from] item: Leftovers
|upkeep
|turn|157
|inactive|VittorADS has 30 seconds left.
|
|t:|1627762703
|switch|p1a: Gilgamesh|Yveltal|4/100
|-ability|p1a: Gilgamesh|Dark Aura
|move|p2a: Necrozma|Toxic|p1a: Gilgamesh
|-status|p1a: Gilgamesh|tox
|
|-heal|p2a: Necrozma|99/100|[from] item: Leftovers
|-damage|p1a: Gilgamesh|0 fnt|[from] psn
|faint|p1a: Gilgamesh
|upkeep
|inactive|VittorADS has 30 seconds left this turn.
|c| Paulao Bacanao|pqp irmao
|c| Paulao Bacanao|ta foda
|c| Paulao Bacanao|falar pro ce
|c| UPM KeldeoCrowned|FINALMENTE
|c| UPM KeldeoCrowned|5x5 agora
|
|t:|1627762714
|switch|p1a: Quetzalcoatl|Heatran, M|88/100
|turn|158
|
|t:|1627762722
|switch|p2a: Eternatus|Eternatus|100/100
|-ability|p2a: Eternatus|Pressure
|move|p1a: Quetzalcoatl|Stealth Rock|p2a: Eternatus
|-sidestart|p2: VittorADS|move: Stealth Rock
|
|upkeep
|turn|159
|
|t:|1627762731
|switch|p1a: Gilles de Rais|Toxapex, M|100/100
|move|p2a: Eternatus|Toxic|p1a: Gilles de Rais
|-immune|p1a: Gilles de Rais
|
|upkeep
|turn|160
|c| Paulao Bacanao|alguem morreu?
|c| Paulao Bacanao|impossivel
|
|t:|1627762736
|switch|p2a: Xerneas|Xerneas|76/100 slp
|-damage|p2a: Xerneas|64/100 slp|[from] Stealth Rock
|-ability|p2a: Xerneas|Fairy Aura
|switch|p1a: Quetzalcoatl|Heatran, M|88/100
|
|upkeep
|turn|161
|c| Amelia Doutora|o yveltal com 4 de hp morreu
|
|t:|1627762748
|switch|p2a: Eternatus|Eternatus|100/100
|-damage|p2a: Eternatus|88/100|[from] Stealth Rock
|-ability|p2a: Eternatus|Pressure
|switch|p1a: Gilles de Rais|Toxapex, M|100/100
|
|-heal|p2a: Eternatus|94/100|[from] item: Black Sludge
|upkeep
|turn|162
|
|t:|1627762773
|switch|p1a: Quetzalcoatl|Heatran, M|88/100
|move|p2a: Eternatus|Toxic|p1a: Quetzalcoatl
|-immune|p1a: Quetzalcoatl
|
|-heal|p2a: Eternatus|100/100|[from] item: Black Sludge
|upkeep
|turn|163
|c| UPM KeldeoCrowned|vittor
|c| UPM KeldeoCrowned|porfavor
|c| UPM KeldeoCrowned|para de fazer
|c| UPM KeldeoCrowned|jogada imbecil
|c|☆VittorADS|temo inutilç
|inactive|VittorADS has 30 seconds left.
|
|t:|1627762798
|switch|p2a: Xerneas|Xerneas|64/100 slp
|-damage|p2a: Xerneas|51/100 slp|[from] Stealth Rock
|-ability|p2a: Xerneas|Fairy Aura
|switch|p1a: Gilles de Rais|Toxapex, M|100/100
|
|upkeep
|turn|164
|inactive|VittorADS has 30 seconds left.
|inactive|VittorADS has 20 seconds left.
|
|t:|1627762813
|switch|p1a: Quetzalcoatl|Heatran, M|88/100
|cant|p2a: Xerneas|slp
|
|upkeep
|turn|165
|inactive|VittorADS has 30 seconds left this turn.
|
|t:|1627762822
|switch|p1a: Gilles de Rais|Toxapex, M|100/100
|cant|p2a: Xerneas|slp
|
|upkeep
|turn|166
|inactive|VittorADS has 30 seconds left.
|
|t:|1627762833
|-curestatus|p2a: Xerneas|slp|[msg]
|move|p2a: Xerneas|Rest|p2a: Xerneas
|-status|p2a: Xerneas|slp|[from] move: Rest
|-heal|p2a: Xerneas|100/100 slp|[silent]
|move|p1a: Gilles de Rais|Toxic||[still]
|-fail|p1a: Gilles de Rais
|
|upkeep
|turn|167
|inactive|VittorADS has 30 seconds left.
|
|t:|1627762845
|switch|p2a: Calyrex|Calyrex-Shadow|43/100
|-ability|p2a: Calyrex|As One
|-ability|p2a: Calyrex|Unnerve
|-damage|p2a: Calyrex|30/100|[from] Stealth Rock
|switch|p1a: Berserker|Umbreon, F|74/100
|
|-heal|p2a: Calyrex|37/100|[from] item: Leftovers
|upkeep
|turn|168
|inactive|VittorADS has 30 seconds left.
|c| Paulao Bacanao|meus olhos pedem socorro
|
|t:|1627762865
|switch|p2a: Xerneas|Xerneas|100/100 slp
|-damage|p2a: Xerneas|88/100 slp|[from] Stealth Rock
|-ability|p2a: Xerneas|Fairy Aura
|move|p1a: Berserker|Foul Play|p2a: Xerneas
|-resisted|p2a: Xerneas
|-damage|p2a: Xerneas|77/100 slp
|
|upkeep
|turn|169
|c| UPM KeldeoCrowned|a sala
|inactive|VittorADS has 30 seconds left.
|c| UPM KeldeoCrowned|expirou
|c| UPM KeldeoCrowned|kkkkkkkkkkkkkkk
|c| Amelia Doutora|kkkkkkkkkkkkkkkkkkkkkkkkkkkkkkkkkkkkkkkkkkkkkkkkkkk
|inactive|VittorADS has 20 seconds left.
|inactive|VittorADS has 15 seconds left.
|
|t:|1627762885
|switch|p1a: Gilles de Rais|Toxapex, M|100/100
|cant|p2a: Xerneas|slp
|
|upkeep
|turn|170
|inactive|VittorADS has 25 seconds left this turn.
|c| Paulao Bacanao|KKKKKKKKKKKKKKKKKKKKKKKKKKKKKKKKKKKKKKKKKKKKKKKKKKKKKK
|inactive|VittorADS has 20 seconds left.
|inactive|VittorADS has 15 seconds left.
|
|t:|1627762898
|switch|p2a: Necrozma|Necrozma-Dusk-Mane|99/100
|-damage|p2a: Necrozma|93/100|[from] Stealth Rock
|switch|p1a: Quetzalcoatl|Heatran, M|88/100
|
|-heal|p2a: Necrozma|99/100|[from] item: Leftovers
|upkeep
|turn|171
|inactive|VittorADS has 25 seconds left this turn.
|c| Amelia Doutora|Ubers (Blitz)
|inactive|VittorADS has 20 seconds left.
|inactive|VittorADS has 15 seconds left.
|
|t:|1627762912
|switch|p2a: Eternatus|Eternatus|100/100
|-damage|p2a: Eternatus|88/100|[from] Stealth Rock
|-ability|p2a: Eternatus|Pressure
|move|p1a: Quetzalcoatl|Earth Power|p2a: Eternatus
|-supereffective|p2a: Eternatus
|-damage|p2a: Eternatus|55/100
|
|-heal|p2a: Eternatus|61/100|[from] item: Black Sludge
|upkeep
|turn|172
|inactive|VittorADS has 25 seconds left this turn.
|inactive|VittorADS has 20 seconds left.
|
|t:|1627762920
|switch|p1a: Berserker|Umbreon, F|74/100
|move|p2a: Eternatus|Recover|p2a: Eternatus
|-heal|p2a: Eternatus|100/100
|
|upkeep
|turn|173
|inactive|VittorADS has 30 seconds left this turn.
|
|t:|1627762928
|switch|p2a: Xerneas|Xerneas|77/100 slp
|-damage|p2a: Xerneas|65/100 slp|[from] Stealth Rock
|-ability|p2a: Xerneas|Fairy Aura
|move|p1a: Berserker|Wish|p1a: Berserker
|
|upkeep
|turn|174
|inactive|VittorADS has 30 seconds left.
|inactive|RIP_Player has 270 seconds left.
|
|t:|1627762973
|switch|p1a: Rin Tohsaka|Xerneas|47/100
|-ability|p1a: Rin Tohsaka|Fairy Aura
|cant|p2a: Xerneas|slp
|move|p2a: Xerneas|Sleep Talk|p2a: Xerneas
|move|p2a: Xerneas|Rest||[from]move: Sleep Talk|[still]
|-fail|p2a: Xerneas
|
|-heal|p1a: Rin Tohsaka|90/100|[from] move: Wish|[wisher] Berserker
|-heal|p1a: Rin Tohsaka|96/100|[from] item: Leftovers
|upkeep
|turn|175
|inactive|VittorADS has 30 seconds left.
|c| UPM KeldeoCrowned|sempre falha
|c| UPM KeldeoCrowned|nesses momento
|inactive|VittorADS has 20 seconds left.
|inactive|VittorADS has 15 seconds left.
|c|☆RIP_Player|N mandei ser baiano -.-
|inactive|VittorADS has 10 seconds left.
|
|t:|1627763001
|switch|p2a: Necrozma|Necrozma-Dusk-Mane|99/100
|-damage|p2a: Necrozma|93/100|[from] Stealth Rock
|switch|p1a: Gilles de Rais|Toxapex, M|100/100
|
|-heal|p2a: Necrozma|99/100|[from] item: Leftovers
|upkeep
|turn|176
|inactive|VittorADS has 20 seconds left this turn.
|inactive|VittorADS has 15 seconds left.
|
|t:|1627763007
|move|p2a: Necrozma|Stealth Rock|p1a: Gilles de Rais
|-sidestart|p1: RIP_Player|move: Stealth Rock
|move|p1a: Gilles de Rais|Scald|p2a: Necrozma
|-damage|p2a: Necrozma|90/100
|-status|p2a: Necrozma|brn
|
|-heal|p2a: Necrozma|96/100 brn|[from] item: Leftovers
|-damage|p2a: Necrozma|90/100 brn|[from] brn
|upkeep
|turn|177
|inactive|VittorADS has 25 seconds left this turn.
|c| Paulao Bacanao|mlk
|inactive|VittorADS has 20 seconds left.
|c| Paulao Bacanao|esse xerneas
|c| Amelia Doutora|Em nome de Lumena Aleluia
|inactive|VittorADS has 15 seconds left.
|
|t:|1627763018
|switch|p2a: Eternatus|Eternatus|100/100
|-damage|p2a: Eternatus|88/100|[from] Stealth Rock
|-ability|p2a: Eternatus|Pressure
|switch|p1a: Quetzalcoatl|Heatran, M|88/100
|-damage|p1a: Quetzalcoatl|75/100|[from] Stealth Rock
|
|-heal|p2a: Eternatus|94/100|[from] item: Black Sludge
|upkeep
|turn|178
|inactive|VittorADS has 25 seconds left this turn.
|c| Paulao Bacanao|é definitivamente baiano
|inactive|VittorADS has 20 seconds left.
|c| Paulao Bacanao|a partida inteira ele dormiu
|c| Paulao Bacanao|só fez isso
|
|t:|1627763026
|switch|p1a: Gilles de Rais|Toxapex, M|100/100
|-damage|p1a: Gilles de Rais|88/100|[from] Stealth Rock
|move|p2a: Eternatus|Toxic|p1a: Gilles de Rais
|-immune|p1a: Gilles de Rais
|
|-heal|p2a: Eternatus|100/100|[from] item: Black Sludge
|-heal|p1a: Gilles de Rais|94/100|[from] item: Black Sludge
|upkeep
|turn|179
|inactive|VittorADS has 30 seconds left this turn.
|
|t:|1627763034
|switch|p1a: Quetzalcoatl|Heatran, M|75/100
|-damage|p1a: Quetzalcoatl|63/100|[from] Stealth Rock
|move|p2a: Eternatus|Toxic|p1a: Quetzalcoatl
|-immune|p1a: Quetzalcoatl
|
|upkeep
|turn|180
|inactive|VittorADS has 30 seconds left.
|
|t:|1627763045
|switch|p1a: Gilles de Rais|Toxapex, M|100/100
|-damage|p1a: Gilles de Rais|88/100|[from] Stealth Rock
|move|p2a: Eternatus|Flamethrower|p1a: Gilles de Rais
|-resisted|p1a: Gilles de Rais
|-crit|p1a: Gilles de Rais
|-damage|p1a: Gilles de Rais|72/100
|-status|p1a: Gilles de Rais|brn
|
|-heal|p1a: Gilles de Rais|78/100 brn|[from] item: Black Sludge
|-damage|p1a: Gilles de Rais|72/100 brn|[from] brn
|upkeep
|turn|181
|inactive|VittorADS has 30 seconds left.
|c| UPM KeldeoCrowned|vittor
|c| UPM KeldeoCrowned|porfavor
|c| Amelia Doutora|burnou kkkkkkkkkkkkkkkkkkkkkk
|c| UPM KeldeoCrowned|para de ser
|c| UPM KeldeoCrowned|burro
|c| UPM KeldeoCrowned|puta merda
|c|☆VittorADS|tempo innujtil
|inactive|VittorADS has 20 seconds left.
|c|☆VittorADS|ninguem manda vc ser mudo e ter fone rrecarregavel
|inactive|VittorADS has 15 seconds left.
|inactive|VittorADS has 10 seconds left.
|c|☆RIP_Player|Se ta demorando com tempo imagina sem
|
|t:|1627763075
|switch|p2a: Xerneas|Xerneas|65/100 slp
|-damage|p2a: Xerneas|52/100 slp|[from] Stealth Rock
|-ability|p2a: Xerneas|Fairy Aura
|switch|p1a: Quetzalcoatl|Heatran, M|63/100
|-damage|p1a: Quetzalcoatl|50/100|[from] Stealth Rock
|
|upkeep
|turn|182
|inactive|VittorADS has 20 seconds left this turn.
|inactive|VittorADS has 15 seconds left.
|
|t:|1627763085
|switch|p2a: Eternatus|Eternatus|100/100
|-damage|p2a: Eternatus|88/100|[from] Stealth Rock
|-ability|p2a: Eternatus|Pressure
|move|p1a: Quetzalcoatl|Lava Plume|p2a: Eternatus
|-resisted|p2a: Eternatus
|-damage|p2a: Eternatus|77/100
|
|-heal|p2a: Eternatus|84/100|[from] item: Black Sludge
|upkeep
|turn|183
|inactive|VittorADS has 25 seconds left this turn.
|inactive|VittorADS has 20 seconds left.
|inactive|VittorADS has 15 seconds left.
|
|t:|1627763097
|switch|p1a: Gilles de Rais|Toxapex, M|100/100 brn
|-damage|p1a: Gilles de Rais|88/100 brn|[from] Stealth Rock
|move|p2a: Eternatus|Recover|p2a: Eternatus
|-heal|p2a: Eternatus|100/100
|
|-heal|p1a: Gilles de Rais|94/100 brn|[from] item: Black Sludge
|-damage|p1a: Gilles de Rais|88/100 brn|[from] brn
|upkeep
|turn|184
|inactive|VittorADS has 25 seconds left this turn.
|inactive|VittorADS has 20 seconds left.
|
|t:|1627763106
|switch|p1a: Berserker|Umbreon, F|74/100
|-damage|p1a: Berserker|62/100|[from] Stealth Rock
|move|p2a: Eternatus|Flamethrower|p1a: Berserker
|-damage|p1a: Berserker|46/100
|
|upkeep
|turn|185
|inactive|VittorADS has 30 seconds left this turn.
|
|t:|1627763114
|switch|p2a: Xerneas|Xerneas|52/100 slp
|-damage|p2a: Xerneas|40/100 slp|[from] Stealth Rock
|-ability|p2a: Xerneas|Fairy Aura
|move|p1a: Berserker|Wish|p1a: Berserker
|
|upkeep
|turn|186
|inactive|VittorADS has 30 seconds left.
|
|t:|1627763119
|switch|p1a: Quetzalcoatl|Heatran, M|50/100
|-damage|p1a: Quetzalcoatl|38/100|[from] Stealth Rock
|-curestatus|p2a: Xerneas|slp|[msg]
|move|p2a: Xerneas|Rest|p2a: Xerneas
|-status|p2a: Xerneas|slp|[from] move: Rest
|-heal|p2a: Xerneas|100/100 slp|[silent]
|
|-heal|p1a: Quetzalcoatl|89/100|[from] move: Wish|[wisher] Berserker
|upkeep
|turn|187
|inactive|VittorADS has 30 seconds left.
|
|t:|1627763140
|switch|p1a: Gilles de Rais|Toxapex, M|100/100 brn
|-damage|p1a: Gilles de Rais|88/100 brn|[from] Stealth Rock
|cant|p2a: Xerneas|slp
|
|-heal|p1a: Gilles de Rais|94/100 brn|[from] item: Black Sludge
|-damage|p1a: Gilles de Rais|88/100 brn|[from] brn
|upkeep
|turn|188
|l| FredsonBreack
|inactive|VittorADS has 30 seconds left.
|inactive|VittorADS has 20 seconds left.
|
|t:|1627763156
|move|p1a: Gilles de Rais|Baneful Bunker|p1a: Gilles de Rais
|-singleturn|p1a: Gilles de Rais|move: Protect
|cant|p2a: Xerneas|slp
|
|-heal|p1a: Gilles de Rais|94/100 brn|[from] item: Black Sludge
|-damage|p1a: Gilles de Rais|88/100 brn|[from] brn
|upkeep
|turn|189
|inactive|VittorADS has 30 seconds left this turn.
|
|t:|1627763163
|-curestatus|p2a: Xerneas|slp|[msg]
|move|p2a: Xerneas|Moonblast|p1a: Gilles de Rais
|-resisted|p1a: Gilles de Rais
|-damage|p1a: Gilles de Rais|66/100 brn
|-unboost|p1a: Gilles de Rais|spa|1
|move|p1a: Gilles de Rais|Toxic|p2a: Xerneas
|-status|p2a: Xerneas|tox
|
|-heal|p1a: Gilles de Rais|73/100 brn|[from] item: Black Sludge
|-damage|p2a: Xerneas|94/100 tox|[from] psn
|-damage|p1a: Gilles de Rais|66/100 brn|[from] brn
|upkeep
|turn|190
|c| Paulao Bacanao|demorou tanto q acabou a pipoca do fred
|c| Paulao Bacanao|carlos
|inactive|VittorADS has 30 seconds left.
|c| Paulao Bacanao|qq vai fazer com a sala?
|inactive|VittorADS has 20 seconds left.
|
|t:|1627763179
|move|p2a: Xerneas|Moonblast|p1a: Gilles de Rais
|-resisted|p1a: Gilles de Rais
|-crit|p1a: Gilles de Rais
|-damage|p1a: Gilles de Rais|35/100 brn
|-unboost|p1a: Gilles de Rais|spa|1
|move|p1a: Gilles de Rais|Recover|p1a: Gilles de Rais
|-heal|p1a: Gilles de Rais|85/100 brn
|
|-heal|p1a: Gilles de Rais|91/100 brn|[from] item: Black Sludge
|-damage|p2a: Xerneas|82/100 tox|[from] psn
|-damage|p1a: Gilles de Rais|85/100 brn|[from] brn
|upkeep
|turn|191
|inactive|VittorADS has 30 seconds left this turn.
|inactive|VittorADS has 20 seconds left.
|inactive|VittorADS has 15 seconds left.
|
|t:|1627763199
|switch|p2a: Eternatus|Eternatus|100/100
|-damage|p2a: Eternatus|88/100|[from] Stealth Rock
|-ability|p2a: Eternatus|Pressure
|move|p1a: Gilles de Rais|Baneful Bunker||[still]
|-fail|p1a: Gilles de Rais
|
|-heal|p2a: Eternatus|94/100|[from] item: Black Sludge
|-heal|p1a: Gilles de Rais|91/100 brn|[from] item: Black Sludge
|-damage|p1a: Gilles de Rais|85/100 brn|[from] brn
|upkeep
|turn|192
|inactive|VittorADS has 25 seconds left this turn.
|inactive|VittorADS has 20 seconds left.
|inactive|VittorADS has 15 seconds left.
|
|t:|1627763213
|switch|p1a: Quetzalcoatl|Heatran, M|89/100
|-damage|p1a: Quetzalcoatl|76/100|[from] Stealth Rock
|move|p2a: Eternatus|Flamethrower|p1a: Quetzalcoatl
|-start|p1a: Quetzalcoatl|ability: Flash Fire
|
|-heal|p2a: Eternatus|100/100|[from] item: Black Sludge
|upkeep
|turn|193
|inactive|VittorADS has 25 seconds left this turn.
|inactive|VittorADS has 20 seconds left.
|
|t:|1627763223
|move|p2a: Eternatus|Flamethrower|p1a: Quetzalcoatl
|-immune|p1a: Quetzalcoatl|[from] ability: Flash Fire
|move|p1a: Quetzalcoatl|Stealth Rock||[still]
|-fail|p1a: Quetzalcoatl
|
|upkeep
|turn|194
|inactive|VittorADS has 30 seconds left this turn.
|
|t:|1627763230
|move|p2a: Eternatus|Flamethrower|p1a: Quetzalcoatl
|-immune|p1a: Quetzalcoatl|[from] ability: Flash Fire
|move|p1a: Quetzalcoatl|Stealth Rock||[still]
|-fail|p1a: Quetzalcoatl
|
|upkeep
|turn|195
|inactive|VittorADS has 30 seconds left.
|
|t:|1627763238
|-end|p1a: Quetzalcoatl|ability: Flash Fire|[silent]
|switch|p1a: Gilles de Rais|Toxapex, M|100/100 brn
|-damage|p1a: Gilles de Rais|88/100 brn|[from] Stealth Rock
|move|p2a: Eternatus|Flamethrower|p1a: Gilles de Rais
|-resisted|p1a: Gilles de Rais
|-damage|p1a: Gilles de Rais|75/100 brn
|
|-heal|p1a: Gilles de Rais|81/100 brn|[from] item: Black Sludge
|-damage|p1a: Gilles de Rais|75/100 brn|[from] brn
|upkeep
|turn|196
|inactive|VittorADS has 30 seconds left.
|
|t:|1627763251
|switch|p1a: Quetzalcoatl|Heatran, M|76/100
|-damage|p1a: Quetzalcoatl|64/100|[from] Stealth Rock
|move|p2a: Eternatus|Flamethrower|p1a: Quetzalcoatl
|-start|p1a: Quetzalcoatl|ability: Flash Fire
|
|upkeep
|turn|197
|
|t:|1627763259
|-end|p1a: Quetzalcoatl|ability: Flash Fire|[silent]
|switch|p1a: Berserker|Umbreon, F|46/100
|-damage|p1a: Berserker|34/100|[from] Stealth Rock
|move|p2a: Eternatus|Flamethrower|p1a: Berserker
|-damage|p1a: Berserker|20/100
|
|upkeep
|turn|198
|
|t:|1627763263
|move|p2a: Eternatus|Flamethrower|p1a: Berserker
|-damage|p1a: Berserker|5/100
|move|p1a: Berserker|Wish|p1a: Berserker
|
|upkeep
|turn|199
|
|t:|1627763268
|move|p1a: Berserker|Protect|p1a: Berserker
|-singleturn|p1a: Berserker|Protect
|move|p2a: Eternatus|Flamethrower|p1a: Berserker
|-activate|p1a: Berserker|move: Protect
|
|-heal|p1a: Berserker|55/100|[from] move: Wish|[wisher] Berserker
|upkeep
|turn|200
|c| Paulao Bacanao|se pa eu vou pro japao e volto e essa battle ainda n acabou
|c| UPM KeldeoCrowned|ai se pega burn
|c| UPM KeldeoCrowned|ali
|c| UPM KeldeoCrowned|k
|
|t:|1627763277
|move|p2a: Eternatus|Flamethrower|p1a: Berserker
|-damage|p1a: Berserker|40/100
|-status|p1a: Berserker|brn
|-activate|p1a: Berserker|ability: Synchronize
|-status|p2a: Eternatus|brn
|move|p1a: Berserker|Wish|p1a: Berserker
|
|-damage|p2a: Eternatus|94/100 brn|[from] brn
|-damage|p1a: Berserker|34/100 brn|[from] brn
|upkeep
|turn|201
|c|☆RIP_Player|pegou ai
|inactive|VittorADS has 60 seconds left.
|
|t:|1627763306
|switch|p2a: Xerneas|Xerneas|82/100 tox
|-damage|p2a: Xerneas|70/100 tox|[from] Stealth Rock
|-ability|p2a: Xerneas|Fairy Aura
|move|p1a: Berserker|Protect||[still]
|-fail|p1a: Berserker
|
|-heal|p1a: Berserker|84/100 brn|[from] move: Wish|[wisher] Berserker
|-damage|p2a: Xerneas|63/100 tox|[from] psn
|-damage|p1a: Berserker|78/100 brn|[from] brn
|upkeep
|turn|202
|
|t:|1627763321
|switch|p2a: Necrozma|Necrozma-Dusk-Mane|90/100 brn
|-damage|p2a: Necrozma|84/100 brn|[from] Stealth Rock
|switch|p1a: Gilles de Rais|Toxapex, M|100/100 brn
|-damage|p1a: Gilles de Rais|88/100 brn|[from] Stealth Rock
|
|-heal|p2a: Necrozma|90/100 brn|[from] item: Leftovers
|-heal|p1a: Gilles de Rais|94/100 brn|[from] item: Black Sludge
|-damage|p2a: Necrozma|84/100 brn|[from] brn
|-damage|p1a: Gilles de Rais|88/100 brn|[from] brn
|upkeep
|turn|203
|
|t:|1627763336
|switch|p2a: Xerneas|Xerneas|63/100 tox
|-damage|p2a: Xerneas|51/100 tox|[from] Stealth Rock
|-ability|p2a: Xerneas|Fairy Aura
|move|p1a: Gilles de Rais|Toxic|p2a: Xerneas
|-fail|p2a: Xerneas|tox
|
|-heal|p1a: Gilles de Rais|94/100 brn|[from] item: Black Sludge
|-damage|p2a: Xerneas|45/100 tox|[from] psn
|-damage|p1a: Gilles de Rais|88/100 brn|[from] brn
|upkeep
|turn|204
|c| Paulao Bacanao|turno 200
|
|t:|1627763357
|switch|p1a: Quetzalcoatl|Heatran, M|64/100
|-damage|p1a: Quetzalcoatl|52/100|[from] Stealth Rock
|move|p2a: Xerneas|Rest|p2a: Xerneas
|-status|p2a: Xerneas|slp|[from] move: Rest
|-heal|p2a: Xerneas|100/100 slp|[silent]
|
|upkeep
|turn|205
|c| Paulao Bacanao|baianorrrrrrrrrrr
|
|t:|1627763370
|switch|p1a: Gilles de Rais|Toxapex, M|100/100 brn
|-damage|p1a: Gilles de Rais|88/100 brn|[from] Stealth Rock
|cant|p2a: Xerneas|slp
|
|-heal|p1a: Gilles de Rais|94/100 brn|[from] item: Black Sludge
|-damage|p1a: Gilles de Rais|88/100 brn|[from] brn
|upkeep
|turn|206
|c| UPM KeldeoCrowned|quem ganhar isso aí
|
|t:|1627763389
|switch|p1a: Quetzalcoatl|Heatran, M|52/100
|-damage|p1a: Quetzalcoatl|39/100|[from] Stealth Rock
|cant|p2a: Xerneas|slp
|
|upkeep
|turn|207
|c| UPM KeldeoCrowned|vai achar mt facil
|
|t:|1627763402
|switch|p1a: Gilles de Rais|Toxapex, M|100/100 brn
|-damage|p1a: Gilles de Rais|88/100 brn|[from] Stealth Rock
|-curestatus|p2a: Xerneas|slp|[msg]
|move|p2a: Xerneas|Moonblast|p1a: Gilles de Rais
|-resisted|p1a: Gilles de Rais
|-crit|p1a: Gilles de Rais
|-damage|p1a: Gilles de Rais|52/100 brn
|
|-heal|p1a: Gilles de Rais|58/100 brn|[from] item: Black Sludge
|-damage|p1a: Gilles de Rais|52/100 brn|[from] brn
|upkeep
|turn|208
|
|t:|1627763416
|switch|p2a: Necrozma|Necrozma-Dusk-Mane|84/100 brn
|-damage|p2a: Necrozma|78/100 brn|[from] Stealth Rock
|move|p1a: Gilles de Rais|Recover|p1a: Gilles de Rais
|-heal|p1a: Gilles de Rais|100/100 brn
|
|-heal|p2a: Necrozma|84/100 brn|[from] item: Leftovers
|-damage|p2a: Necrozma|78/100 brn|[from] brn
|-damage|p1a: Gilles de Rais|94/100 brn|[from] brn
|upkeep
|turn|209
|
|t:|1627763430
|move|p1a: Gilles de Rais|Baneful Bunker|p1a: Gilles de Rais
|-singleturn|p1a: Gilles de Rais|move: Protect
|move|p2a: Necrozma|Toxic|p1a: Gilles de Rais
|-activate|p1a: Gilles de Rais|move: Protect
|
|-heal|p2a: Necrozma|84/100 brn|[from] item: Leftovers
|-heal|p1a: Gilles de Rais|100/100 brn|[from] item: Black Sludge
|-damage|p2a: Necrozma|78/100 brn|[from] brn
|-damage|p1a: Gilles de Rais|94/100 brn|[from] brn
|upkeep
|turn|210
|
|t:|1627763447
|switch|p2a: Xerneas|Xerneas|100/100
|-damage|p2a: Xerneas|88/100|[from] Stealth Rock
|-ability|p2a: Xerneas|Fairy Aura
|move|p1a: Gilles de Rais|Baneful Bunker||[still]
|-fail|p1a: Gilles de Rais
|
|-heal|p1a: Gilles de Rais|100/100 brn|[from] item: Black Sludge
|-damage|p1a: Gilles de Rais|94/100 brn|[from] brn
|upkeep
|turn|211
|
|t:|1627763466
|move|p2a: Xerneas|Aromatherapy|p2a: Xerneas
|-activate|p2a: Xerneas|move: Aromatherapy
|-curestatus|p2: Eternatus|brn|[msg]
|-curestatus|p2: Necrozma|brn|[msg]
|move|p1a: Gilles de Rais|Toxic|p2a: Xerneas
|-status|p2a: Xerneas|tox
|
|-heal|p1a: Gilles de Rais|100/100 brn|[from] item: Black Sludge
|-damage|p2a: Xerneas|82/100 tox|[from] psn
|-damage|p1a: Gilles de Rais|94/100 brn|[from] brn
|upkeep
|turn|212
|
|t:|1627763490
|switch|p2a: Calyrex|Calyrex-Shadow|37/100
|-ability|p2a: Calyrex|As One
|-ability|p2a: Calyrex|Unnerve
|-damage|p2a: Calyrex|24/100|[from] Stealth Rock
|move|p1a: Gilles de Rais|Scald|p2a: Calyrex
|-damage|p2a: Calyrex|8/100
|-status|p2a: Calyrex|brn
|
|-heal|p2a: Calyrex|15/100 brn|[from] item: Leftovers
|-heal|p1a: Gilles de Rais|100/100 brn|[from] item: Black Sludge
|-damage|p2a: Calyrex|8/100 brn|[from] brn
|-damage|p1a: Gilles de Rais|94/100 brn|[from] brn
|upkeep
|turn|213
|c| Amelia Doutora|fala dele
|inactive|VittorADS has 30 seconds left.
|
|t:|1627763510
|move|p2a: Calyrex|Leech Seed|p1a: Gilles de Rais
|-start|p1a: Gilles de Rais|move: Leech Seed
|move|p1a: Gilles de Rais|Scald|p2a: Calyrex
|-damage|p2a: Calyrex|0 fnt
|faint|p2a: Calyrex
|
|-heal|p1a: Gilles de Rais|100/100 brn|[from] item: Black Sludge
|-damage|p1a: Gilles de Rais|94/100 brn|[from] brn
|upkeep
|inactive|VittorADS has 30 seconds left.
|inactive|VittorADS has 20 seconds left.
|inactive|VittorADS has 15 seconds left.
|
|t:|1627763532
|switch|p2a: Eternatus|Eternatus|94/100
|-damage|p2a: Eternatus|82/100|[from] Stealth Rock
|-ability|p2a: Eternatus|Pressure
|turn|214
|inactive|VittorADS has 25 seconds left this turn.
|inactive|VittorADS has 20 seconds left.
|inactive|VittorADS has 15 seconds left.
|
|t:|1627763543
|switch|p2a: Necrozma|Necrozma-Dusk-Mane|78/100
|-damage|p2a: Necrozma|72/100|[from] Stealth Rock
|switch|p1a: Berserker|Umbreon, F|78/100 brn
|-damage|p1a: Berserker|66/100 brn|[from] Stealth Rock
|
|-heal|p2a: Necrozma|78/100|[from] item: Leftovers
|-damage|p1a: Berserker|60/100 brn|[from] brn
|upkeep
|turn|215
|inactive|VittorADS has 25 seconds left this turn.
|inactive|VittorADS has 20 seconds left.
|inactive|VittorADS has 15 seconds left.
|
|t:|1627763557
|switch|p1a: Gilles de Rais|Toxapex, M|100/100 brn
|-damage|p1a: Gilles de Rais|88/100 brn|[from] Stealth Rock
|move|p2a: Necrozma|Sunsteel Strike|p1a: Gilles de Rais
|-resisted|p1a: Gilles de Rais
|-damage|p1a: Gilles de Rais|71/100 brn
|
|-heal|p2a: Necrozma|84/100|[from] item: Leftovers
|-heal|p1a: Gilles de Rais|77/100 brn|[from] item: Black Sludge
|-damage|p1a: Gilles de Rais|71/100 brn|[from] brn
|upkeep
|turn|216
|inactive|VittorADS has 25 seconds left this turn.
|inactive|VittorADS has 20 seconds left.
|inactive|VittorADS has 15 seconds left.
|
|t:|1627763569
|switch|p2a: Eternatus|Eternatus|82/100
|-damage|p2a: Eternatus|69/100|[from] Stealth Rock
|-ability|p2a: Eternatus|Pressure
|move|p1a: Gilles de Rais|Scald|p2a: Eternatus
|-resisted|p2a: Eternatus
|-damage|p2a: Eternatus|64/100
|
|-heal|p2a: Eternatus|71/100|[from] item: Black Sludge
|-heal|p1a: Gilles de Rais|77/100 brn|[from] item: Black Sludge
|-damage|p1a: Gilles de Rais|71/100 brn|[from] brn
|upkeep
|turn|217
|inactive|VittorADS has 25 seconds left this turn.
|inactive|VittorADS has 20 seconds left.
|inactive|VittorADS has 15 seconds left.
|inactive|VittorADS has 10 seconds left.
|
|t:|1627763586
|switch|p2a: Necrozma|Necrozma-Dusk-Mane|84/100
|-damage|p2a: Necrozma|78/100|[from] Stealth Rock
|switch|p1a: Berserker|Umbreon, F|60/100 brn
|-damage|p1a: Berserker|47/100 brn|[from] Stealth Rock
|
|-heal|p2a: Necrozma|84/100|[from] item: Leftovers
|-damage|p1a: Berserker|41/100 brn|[from] brn
|upkeep
|turn|218
|inactive|VittorADS has 20 seconds left this turn.
|inactive|VittorADS has 15 seconds left.
|inactive|VittorADS has 10 seconds left.
|
|t:|1627763597
|switch|p1a: Gilles de Rais|Toxapex, M|100/100 brn
|-damage|p1a: Gilles de Rais|88/100 brn|[from] Stealth Rock
|move|p2a: Necrozma|Sunsteel Strike|p1a: Gilles de Rais
|-resisted|p1a: Gilles de Rais
|-damage|p1a: Gilles de Rais|73/100 brn
|
|-heal|p2a: Necrozma|90/100|[from] item: Leftovers
|-heal|p1a: Gilles de Rais|79/100 brn|[from] item: Black Sludge
|-damage|p1a: Gilles de Rais|73/100 brn|[from] brn
|upkeep
|turn|219
|inactive|VittorADS has 20 seconds left this turn.
|inactive|VittorADS has 15 seconds left.
|
|t:|1627763611
|switch|p2a: Eternatus|Eternatus|71/100
|-damage|p2a: Eternatus|58/100|[from] Stealth Rock
|-ability|p2a: Eternatus|Pressure
|move|p1a: Gilles de Rais|Baneful Bunker||[still]
|-fail|p1a: Gilles de Rais
|
|-heal|p2a: Eternatus|64/100|[from] item: Black Sludge
|-heal|p1a: Gilles de Rais|79/100 brn|[from] item: Black Sludge
|-damage|p1a: Gilles de Rais|73/100 brn|[from] brn
|upkeep
|turn|220
|inactive|VittorADS has 25 seconds left this turn.
|inactive|VittorADS has 20 seconds left.
|inactive|VittorADS has 15 seconds left.
|
|t:|1627763625
|switch|p2a: Necrozma|Necrozma-Dusk-Mane|90/100
|-damage|p2a: Necrozma|84/100|[from] Stealth Rock
|move|p1a: Gilles de Rais|Scald|p2a: Necrozma
|-damage|p2a: Necrozma|75/100
|
|-heal|p2a: Necrozma|81/100|[from] item: Leftovers
|-heal|p1a: Gilles de Rais|79/100 brn|[from] item: Black Sludge
|-damage|p1a: Gilles de Rais|73/100 brn|[from] brn
|upkeep
|turn|221
|inactive|VittorADS has 25 seconds left this turn.
|inactive|VittorADS has 20 seconds left.
|inactive|VittorADS has 15 seconds left.
|
|t:|1627763637
|move|p2a: Necrozma|Sunsteel Strike|p1a: Gilles de Rais
|-resisted|p1a: Gilles de Rais
|-damage|p1a: Gilles de Rais|58/100 brn
|move|p1a: Gilles de Rais|Scald|p2a: Necrozma
|-damage|p2a: Necrozma|71/100
|
|-heal|p2a: Necrozma|77/100|[from] item: Leftovers
|-heal|p1a: Gilles de Rais|65/100 brn|[from] item: Black Sludge
|-damage|p1a: Gilles de Rais|58/100 brn|[from] brn
|upkeep
|turn|222
|inactive|VittorADS has 25 seconds left this turn.
|inactive|VittorADS has 20 seconds left.
|inactive|VittorADS has 15 seconds left.
|
|t:|1627763649
|switch|p2a: Eternatus|Eternatus|64/100
|-damage|p2a: Eternatus|52/100|[from] Stealth Rock
|-ability|p2a: Eternatus|Pressure
|move|p1a: Gilles de Rais|Baneful Bunker||[still]
|-fail|p1a: Gilles de Rais
|
|-heal|p2a: Eternatus|58/100|[from] item: Black Sludge
|-heal|p1a: Gilles de Rais|65/100 brn|[from] item: Black Sludge
|-damage|p1a: Gilles de Rais|58/100 brn|[from] brn
|upkeep
|turn|223
|inactive|VittorADS has 25 seconds left this turn.
|inactive|VittorADS has 20 seconds left.
|
|t:|1627763657
|move|p2a: Eternatus|Recover|p2a: Eternatus
|-heal|p2a: Eternatus|100/100
|move|p1a: Gilles de Rais|Recover|p1a: Gilles de Rais
|-heal|p1a: Gilles de Rais|100/100 brn
|
|-damage|p1a: Gilles de Rais|94/100 brn|[from] brn
|upkeep
|turn|224
|inactive|VittorADS has 30 seconds left this turn.
|
|t:|1627763666
|switch|p2a: Necrozma|Necrozma-Dusk-Mane|77/100
|-damage|p2a: Necrozma|71/100|[from] Stealth Rock
|move|p1a: Gilles de Rais|Baneful Bunker||[still]
|-fail|p1a: Gilles de Rais
|
|-heal|p2a: Necrozma|77/100|[from] item: Leftovers
|-heal|p1a: Gilles de Rais|100/100 brn|[from] item: Black Sludge
|-damage|p1a: Gilles de Rais|94/100 brn|[from] brn
|upkeep
|turn|225
|inactive|VittorADS has 30 seconds left.
|inactive|VittorADS has 20 seconds left.
|inactive|VittorADS has 15 seconds left.
|inactive|VittorADS has 10 seconds left.
|
|t:|1627763691
|move|p2a: Necrozma|Stealth Rock||[still]
|-fail|p2a: Necrozma
|move|p1a: Gilles de Rais|Scald|p2a: Necrozma
|-damage|p2a: Necrozma|68/100
|
|-heal|p2a: Necrozma|74/100|[from] item: Leftovers
|-heal|p1a: Gilles de Rais|100/100 brn|[from] item: Black Sludge
|-damage|p1a: Gilles de Rais|94/100 brn|[from] brn
|upkeep
|turn|226
|inactive|VittorADS has 20 seconds left this turn.
|inactive|VittorADS has 15 seconds left.
|
|t:|1627763698
|move|p2a: Necrozma|Stealth Rock||[still]
|-fail|p2a: Necrozma
|move|p1a: Gilles de Rais|Scald|p2a: Necrozma
|-damage|p2a: Necrozma|65/100
|
|-heal|p2a: Necrozma|71/100|[from] item: Leftovers
|-heal|p1a: Gilles de Rais|100/100 brn|[from] item: Black Sludge
|-damage|p1a: Gilles de Rais|94/100 brn|[from] brn
|upkeep
|turn|227
|inactive|VittorADS has 25 seconds left this turn.
|inactive|VittorADS has 20 seconds left.
|
|t:|1627763707
|move|p1a: Gilles de Rais|Baneful Bunker|p1a: Gilles de Rais
|-singleturn|p1a: Gilles de Rais|move: Protect
|move|p2a: Necrozma|Sunsteel Strike|p1a: Gilles de Rais
|-activate|p1a: Gilles de Rais|move: Protect
|
|-heal|p2a: Necrozma|77/100|[from] item: Leftovers
|-heal|p1a: Gilles de Rais|100/100 brn|[from] item: Black Sludge
|-damage|p1a: Gilles de Rais|94/100 brn|[from] brn
|upkeep
|turn|228
|inactive|VittorADS has 30 seconds left this turn.
|
|t:|1627763716
|move|p2a: Necrozma|Stealth Rock||[still]
|-fail|p2a: Necrozma
|move|p1a: Gilles de Rais|Toxic|p2a: Necrozma
|-immune|p2a: Necrozma
|
|-heal|p2a: Necrozma|83/100|[from] item: Leftovers
|-heal|p1a: Gilles de Rais|100/100 brn|[from] item: Black Sludge
|-damage|p1a: Gilles de Rais|94/100 brn|[from] brn
|upkeep
|turn|229
|inactive|VittorADS has 30 seconds left.
|
|t:|1627763732
|switch|p2a: Eternatus|Eternatus|100/100
|-damage|p2a: Eternatus|88/100|[from] Stealth Rock
|-ability|p2a: Eternatus|Pressure
|move|p1a: Gilles de Rais|Baneful Bunker||[still]
|-fail|p1a: Gilles de Rais
|
|-heal|p2a: Eternatus|94/100|[from] item: Black Sludge
|-heal|p1a: Gilles de Rais|100/100 brn|[from] item: Black Sludge
|-damage|p1a: Gilles de Rais|94/100 brn|[from] brn
|upkeep
|turn|230
|inactive|VittorADS has 30 seconds left.
|
|t:|1627763752
|switch|p2a: Necrozma|Necrozma-Dusk-Mane|83/100
|-damage|p2a: Necrozma|77/100|[from] Stealth Rock
|switch|p1a: Berserker|Umbreon, F|41/100 brn
|-damage|p1a: Berserker|29/100 brn|[from] Stealth Rock
|
|-heal|p2a: Necrozma|83/100|[from] item: Leftovers
|-damage|p1a: Berserker|23/100 brn|[from] brn
|upkeep
|turn|231
|inactive|VittorADS has 30 seconds left.
|
|t:|1627763776
|switch|p2a: Xerneas|Xerneas|82/100 tox
|-damage|p2a: Xerneas|69/100 tox|[from] Stealth Rock
|-ability|p2a: Xerneas|Fairy Aura
|move|p1a: Berserker|Wish|p1a: Berserker
|
|-damage|p2a: Xerneas|63/100 tox|[from] psn
|-damage|p1a: Berserker|16/100 brn|[from] brn
|upkeep
|turn|232
|c| UPM KeldeoCrowned|e o macaco nem entrou em campo
|inactive|VittorADS has 30 seconds left.
|
|t:|1627763790
|switch|p1a: Quetzalcoatl|Heatran, M|39/100
|-damage|p1a: Quetzalcoatl|27/100|[from] Stealth Rock
|move|p2a: Xerneas|Moonblast|p1a: Quetzalcoatl
|-resisted|p1a: Quetzalcoatl
|-damage|p1a: Quetzalcoatl|18/100
|
|-heal|p1a: Quetzalcoatl|69/100|[from] move: Wish|[wisher] Berserker
|-damage|p2a: Xerneas|51/100 tox|[from] psn
|upkeep
|turn|233
|inactive|VittorADS has 30 seconds left.
|
|t:|1627763810
|switch|p1a: Gilles de Rais|Toxapex, M|100/100 brn
|-damage|p1a: Gilles de Rais|88/100 brn|[from] Stealth Rock
|move|p2a: Xerneas|Rest|p2a: Xerneas
|-status|p2a: Xerneas|slp|[from] move: Rest
|-heal|p2a: Xerneas|100/100 slp|[silent]
|
|-heal|p1a: Gilles de Rais|94/100 brn|[from] item: Black Sludge
|-damage|p1a: Gilles de Rais|88/100 brn|[from] brn
|upkeep
|turn|234
|inactive|VittorADS has 30 seconds left.
|inactive|VittorADS has 20 seconds left.
|
|t:|1627763828
|switch|p1a: Quetzalcoatl|Heatran, M|69/100
|-damage|p1a: Quetzalcoatl|56/100|[from] Stealth Rock
|cant|p2a: Xerneas|slp
|
|upkeep
|turn|235
|inactive|VittorADS has 30 seconds left this turn.
|
|t:|1627763838
|cant|p2a: Xerneas|slp
|move|p2a: Xerneas|Sleep Talk|p2a: Xerneas
|move|p2a: Xerneas|Moonblast|p1a: Quetzalcoatl|[from]move: Sleep Talk
|-resisted|p1a: Quetzalcoatl
|-damage|p1a: Quetzalcoatl|47/100
|move|p1a: Quetzalcoatl|Stealth Rock||[still]
|-fail|p1a: Quetzalcoatl
|
|upkeep
|turn|236
|c| Paulao Bacanao|caralho q demora
|inactive|VittorADS has 30 seconds left.
|
|t:|1627763852
|-curestatus|p2a: Xerneas|slp|[msg]
|move|p2a: Xerneas|Moonblast|p1a: Quetzalcoatl
|-resisted|p1a: Quetzalcoatl
|-damage|p1a: Quetzalcoatl|38/100
|-unboost|p1a: Quetzalcoatl|spa|1
|move|p1a: Quetzalcoatl|Stealth Rock||[still]
|-fail|p1a: Quetzalcoatl
|
|upkeep
|turn|237
|inactive|VittorADS has 30 seconds left.
|
|t:|1627763867
|switch|p1a: Gilles de Rais|Toxapex, M|100/100 brn
|-damage|p1a: Gilles de Rais|88/100 brn|[from] Stealth Rock
|move|p2a: Xerneas|Moonblast|p1a: Gilles de Rais
|-resisted|p1a: Gilles de Rais
|-damage|p1a: Gilles de Rais|66/100 brn
|
|-heal|p1a: Gilles de Rais|73/100 brn|[from] item: Black Sludge
|-damage|p1a: Gilles de Rais|66/100 brn|[from] brn
|upkeep
|turn|238
|inactive|VittorADS has 30 seconds left.
|
|t:|1627763875
|switch|p2a: Eternatus|Eternatus|94/100
|-damage|p2a: Eternatus|82/100|[from] Stealth Rock
|-ability|p2a: Eternatus|Pressure
|move|p1a: Gilles de Rais|Recover|p1a: Gilles de Rais
|-heal|p1a: Gilles de Rais|100/100 brn
|
|-heal|p2a: Eternatus|88/100|[from] item: Black Sludge
|-damage|p1a: Gilles de Rais|94/100 brn|[from] brn
|upkeep
|turn|239
|inactive|VittorADS has 30 seconds left.
|
|t:|1627763888
|switch|p1a: Quetzalcoatl|Heatran, M|38/100
|-damage|p1a: Quetzalcoatl|26/100|[from] Stealth Rock
|move|p2a: Eternatus|Flamethrower|p1a: Quetzalcoatl
|-start|p1a: Quetzalcoatl|ability: Flash Fire
|
|-heal|p2a: Eternatus|94/100|[from] item: Black Sludge
|upkeep
|turn|240
|inactive|VittorADS has 30 seconds left.
|
|t:|1627763907
|switch|p2a: Necrozma|Necrozma-Dusk-Mane|83/100
|-damage|p2a: Necrozma|77/100|[from] Stealth Rock
|move|p1a: Quetzalcoatl|Stealth Rock||[still]
|-fail|p1a: Quetzalcoatl
|
|-heal|p2a: Necrozma|83/100|[from] item: Leftovers
|upkeep
|turn|241
|c| UPM KeldeoCrowned|graças a deus wish acabou
|inactive|VittorADS has 30 seconds left.
|
|t:|1627763920
|move|p1a: Quetzalcoatl|Earth Power|p2a: Necrozma
|-supereffective|p2a: Necrozma
|-damage|p2a: Necrozma|62/100
|move|p2a: Necrozma|Stealth Rock||[still]
|-fail|p2a: Necrozma
|
|-heal|p2a: Necrozma|68/100|[from] item: Leftovers
|upkeep
|turn|242
|
|t:|1627763929
|move|p2a: Necrozma|Stealth Rock||[still]
|-fail|p2a: Necrozma
|move|p1a: Quetzalcoatl|Earth Power|p2a: Necrozma
|-supereffective|p2a: Necrozma
|-damage|p2a: Necrozma|43/100
|
|-heal|p2a: Necrozma|49/100|[from] item: Leftovers
|upkeep
|turn|243
|
|t:|1627763933
|move|p2a: Necrozma|Morning Sun|p2a: Necrozma
|-heal|p2a: Necrozma|99/100
|move|p1a: Quetzalcoatl|Stealth Rock||[still]
|-fail|p1a: Quetzalcoatl
|
|-heal|p2a: Necrozma|100/100|[from] item: Leftovers
|upkeep
|turn|244
|
|t:|1627763944
|move|p2a: Necrozma|Stealth Rock||[still]
|-fail|p2a: Necrozma
|move|p1a: Quetzalcoatl|Stealth Rock||[still]
|-fail|p1a: Quetzalcoatl
|
|upkeep
|turn|245
|
|t:|1627763964
|move|p2a: Necrozma|Stealth Rock||[still]
|-fail|p2a: Necrozma
|move|p1a: Quetzalcoatl|Stealth Rock||[still]
|-fail|p1a: Quetzalcoatl
|
|upkeep
|turn|246
|
|t:|1627763975
|switch|p2a: Xerneas|Xerneas|100/100
|-damage|p2a: Xerneas|88/100|[from] Stealth Rock
|-ability|p2a: Xerneas|Fairy Aura
|move|p1a: Quetzalcoatl|Stealth Rock||[still]
|-fail|p1a: Quetzalcoatl
|
|upkeep
|turn|247
|
|t:|1627763990
|move|p2a: Xerneas|Moonblast|p1a: Quetzalcoatl
|-resisted|p1a: Quetzalcoatl
|-damage|p1a: Quetzalcoatl|17/100
|move|p1a: Quetzalcoatl|Stealth Rock||[still]
|-fail|p1a: Quetzalcoatl
|
|upkeep
|turn|248
|inactive|VittorADS has 60 seconds left.
|
|t:|1627764004
|switch|p2a: Eternatus|Eternatus|94/100
|-damage|p2a: Eternatus|82/100|[from] Stealth Rock
|-ability|p2a: Eternatus|Pressure
|move|p1a: Quetzalcoatl|Stealth Rock||[still]
|-fail|p1a: Quetzalcoatl
|
|-heal|p2a: Eternatus|88/100|[from] item: Black Sludge
|upkeep
|turn|249
|n| Camalarcos@!|camalarcos
|n| RedBuLL G0D@!|redbullg0d
|inactive|VittorADS has 60 seconds left.
|
|t:|1627764027
|switch|p2a: Xerneas|Xerneas|88/100
|-damage|p2a: Xerneas|75/100|[from] Stealth Rock
|-ability|p2a: Xerneas|Fairy Aura
|-end|p1a: Quetzalcoatl|ability: Flash Fire|[silent]
|switch|p1a: Rin Tohsaka|Xerneas|96/100
|-damage|p1a: Rin Tohsaka|83/100|[from] Stealth Rock
|-ability|p1a: Rin Tohsaka|Fairy Aura
|
|-heal|p1a: Rin Tohsaka|90/100|[from] item: Leftovers
|upkeep
|turn|250
|inactive|VittorADS has 60 seconds left.
|
|t:|1627764042
|switch|p1a: Gilles de Rais|Toxapex, M|100/100 brn
|-damage|p1a: Gilles de Rais|88/100 brn|[from] Stealth Rock
|move|p2a: Xerneas|Moonblast|p1a: Gilles de Rais
|-resisted|p1a: Gilles de Rais
|-damage|p1a: Gilles de Rais|65/100 brn
|-unboost|p1a: Gilles de Rais|spa|1
|
|-heal|p1a: Gilles de Rais|71/100 brn|[from] item: Black Sludge
|-damage|p1a: Gilles de Rais|65/100 brn|[from] brn
|upkeep
|turn|251
|inactive|VittorADS has 60 seconds left.
|
|t:|1627764054
|switch|p2a: Necrozma|Necrozma-Dusk-Mane|100/100
|-damage|p2a: Necrozma|94/100|[from] Stealth Rock
|move|p1a: Gilles de Rais|Toxic|p2a: Necrozma
|-immune|p2a: Necrozma
|
|-heal|p2a: Necrozma|100/100|[from] item: Leftovers
|-heal|p1a: Gilles de Rais|71/100 brn|[from] item: Black Sludge
|-damage|p1a: Gilles de Rais|65/100 brn|[from] brn
|upkeep
|turn|252
|c| Paulao Bacanao|hi
|inactive|VittorADS has 60 seconds left.
|
|t:|1627764066
|switch|p1a: Quetzalcoatl|Heatran, M|17/100
|-damage|p1a: Quetzalcoatl|5/100|[from] Stealth Rock
|move|p2a: Necrozma|Stealth Rock||[still]
|-fail|p2a: Necrozma
|
|upkeep
|turn|253
|inactive|VittorADS has 60 seconds left.
|
|t:|1627764072
|move|p2a: Necrozma|Stealth Rock||[still]
|-fail|p2a: Necrozma
|move|p1a: Quetzalcoatl|Stealth Rock||[still]
|-fail|p1a: Quetzalcoatl
|
|upkeep
|turn|254
|inactive|VittorADS has 60 seconds left.
|
|t:|1627764084
|move|p1a: Quetzalcoatl|Stealth Rock||[still]
|-fail|p1a: Quetzalcoatl
|move|p2a: Necrozma|Stealth Rock||[still]
|-fail|p2a: Necrozma
|
|upkeep
|turn|255
|
|t:|1627764090
|move|p1a: Quetzalcoatl|Stealth Rock||[still]
|-fail|p1a: Quetzalcoatl
|move|p2a: Necrozma|Stealth Rock||[still]
|-fail|p2a: Necrozma
|
|upkeep
|turn|256
|
|t:|1627764097
|move|p1a: Quetzalcoatl|Stealth Rock||[still]
|-fail|p1a: Quetzalcoatl
|move|p2a: Necrozma|Sunsteel Strike|p1a: Quetzalcoatl
|-resisted|p1a: Quetzalcoatl
|-damage|p1a: Quetzalcoatl|0 fnt
|faint|p1a: Quetzalcoatl
|
|upkeep
|
|t:|1627764103
|switch|p1a: Berserker|Umbreon, F|16/100 brn
|-damage|p1a: Berserker|4/100 brn|[from] Stealth Rock
|turn|257
|inactive|VittorADS has 60 seconds left.
|
|t:|1627764138
|move|p2a: Necrozma|Sunsteel Strike|p1a: Berserker
|-damage|p1a: Berserker|0 fnt
|faint|p1a: Berserker
|
|upkeep
|c| UPM KeldeoCrowned|darmanitan de galar mvp
|inactive|RIP_Player has 270 seconds left.
|
|t:|1627764159
|switch|p1a: Emiya Archer|Marshadow|88/100
|-damage|p1a: Emiya Archer|82/100|[from] Stealth Rock
|turn|258
|
|t:|1627764168
|switch|p2a: Xerneas|Xerneas|75/100
|-damage|p2a: Xerneas|63/100|[from] Stealth Rock
|-ability|p2a: Xerneas|Fairy Aura
|move|p1a: Emiya Archer|Swagger|p2a: Xerneas
|-boost|p2a: Xerneas|atk|2
|-start|p2a: Xerneas|confusion
|
|upkeep
|turn|259
|inactive|VittorADS has 60 seconds left.
|
|t:|1627764184
|move|p1a: Emiya Archer|Spectral Thief||[still]
|-clearpositiveboost|p2a: Xerneas|p1a: Emiya Archer|move: Spectral Thief
|-boost|p1a: Emiya Archer|atk|2
|-anim|p1a: Emiya Archer|Spectral Thief|p2a: Xerneas
|-damage|p2a: Xerneas|8/100
|-activate|p2a: Xerneas|confusion
|-damage|p2a: Xerneas|3/100|[from] confusion
|
|upkeep
|turn|260
|inactive|VittorADS has 60 seconds left.
|c| UPM KeldeoCrowned|é óbvio q isso vai acontecer né
|c| UPM KeldeoCrowned|pq esse jogo é excelente
|c| Amelia Doutora|MORRE DEMONIO EM NOME DE AMELIA DOUTORA
|inactive|RIP_Player has 270 seconds left.
|
|t:|1627764218
|move|p1a: Emiya Archer|Spectral Thief|p2a: Xerneas
|-damage|p2a: Xerneas|0 fnt
|faint|p2a: Xerneas
|
|upkeep
|
|t:|1627764229
|switch|p2a: Eternatus|Eternatus|88/100
|-damage|p2a: Eternatus|76/100|[from] Stealth Rock
|-ability|p2a: Eternatus|Pressure
|turn|261
|inactive|RIP_Player has 270 seconds left.
|inactive|VittorADS has 30 seconds left.
|inactive|RIP_Player has 240 seconds left.
|c| LegenK|MANO ?
|c| LegenK|EU FUI TOAMR BANHO
|
|t:|1627764287
|move|p1a: Emiya Archer|Spectral Thief|p2a: Eternatus
|-damage|p2a: Eternatus|5/100
|move|p2a: Eternatus|Flamethrower|p1a: Emiya Archer
|-damage|p1a: Emiya Archer|50/100
|
|-heal|p2a: Eternatus|12/100|[from] item: Black Sludge
|upkeep
|turn|262
|c| LegenK|E N ACABOU
|inactive|VittorADS has 30 seconds left.
|c| UPM KeldeoCrowned|vai acabar
|c| UPM KeldeoCrowned|por causa de um confuse
|c| UPM KeldeoCrowned|pq o jogo é bom
|inactive|VittorADS has 20 seconds left.
|inactive|VittorADS has 15 seconds left.
|inactive|VittorADS has 10 seconds left.
|
|t:|1627764319
|move|p1a: Emiya Archer|Shadow Sneak|p2a: Eternatus
|-damage|p2a: Eternatus|0 fnt
|faint|p2a: Eternatus
|
|upkeep
|inactive|VittorADS has 15 seconds left this turn.
|inactive|VittorADS has 10 seconds left.
|c| Paulao Bacanao|cara
|c| Paulao Bacanao|só quero q acabe
|inactive|VittorADS has 5 seconds left.
|c| Paulao Bacanao|nao ligo pro resultado
|
|t:|1627764331
|switch|p2a: Darmanitan|Darmanitan-Galar, F|100/100
|-damage|p2a: Darmanitan|76/100|[from] Stealth Rock
|turn|263
|inactive|VittorADS has 15 seconds left this turn.
|inactive|VittorADS has 10 seconds left.
|inactive|VittorADS has 5 seconds left.
|-message|VittorADS lost due to inactivity.
|
|win|RIP_Player
|c|☆RIP_Player|SÉRIO CARA
|c|☆RIP_Player|ANAO
