|j|☆Mean tweets
|j|☆Neutralist
|t:|1666491421
|gametype|singles
|player|p1|Mean tweets|169|1389
|player|p2|Neutralist|266|1515
|teamsize|p1|6
|teamsize|p2|6
|gen|8
|tier|[Gen 8] Ubers
|rated|
|rule|Sleep Clause Mod: Limit one foe put to sleep
|rule|Species Clause: Limit one of each Pokémon
|rule|OHKO Clause: OHKO moves are banned
|rule|Evasion Items Clause: Evasion items are banned
|rule|Evasion Moves Clause: Evasion moves are banned
|rule|Endless Battle Clause: Forcing endless battles is banned
|rule|HP Percentage Mod: HP is shown in percentages
|rule|Dynamax Clause: You cannot dynamax
|clearpoke
|poke|p1|Froslass, F|
|poke|p1|Grimmsnarl, M|
|poke|p1|Xerneas-*|
|poke|p1|Zekrom|
|poke|p1|Groudon|
|poke|p1|Necrozma-Dusk-Mane|
|poke|p2|Zekrom|
|poke|p2|Kyogre|
|poke|p2|Yveltal|
|poke|p2|Ferrothorn, F|
|poke|p2|Zygarde|
|poke|p2|Xerneas-*|
|teampreview
|
|t:|1666491427
|start
|switch|p1a: Froslass|Froslass, F|100/100
|switch|p2a: Hermitaur|Ferrothorn, F|100/100
|turn|1
|
|t:|1666491439
|move|p1a: Froslass|Taunt|p2a: Hermitaur
|-start|p2a: Hermitaur|move: Taunt
|move|p2a: Hermitaur|Knock Off|p1a: Froslass
|-supereffective|p1a: Froslass
|-damage|p1a: Froslass|29/100
|-enditem|p1a: Froslass|Focus Sash|[from] move: Knock Off|[of] p2a: Hermitaur
|
|upkeep
|turn|2
|
|t:|1666491447
|move|p1a: Froslass|Spikes|p2a: Hermitaur
|-sidestart|p2: Neutralist|Spikes
|move|p2a: Hermitaur|Knock Off|p1a: Froslass
|-supereffective|p1a: Froslass
|-damage|p1a: Froslass|0 fnt
|faint|p1a: Froslass
|
|upkeep
|
|t:|1666491460
|switch|p1a: Grimmsnarl|Grimmsnarl, M|100/100
|turn|3
|
|t:|1666491464
|switch|p2a: Bloodblight|Yveltal|100/100
|-ability|p2a: Bloodblight|Dark Aura
|move|p1a: Grimmsnarl|Reflect|p1a: Grimmsnarl
|-sidestart|p1: Mean tweets|Reflect
|
|upkeep
|turn|4
|
|t:|1666491468
|move|p2a: Bloodblight|Knock Off|p1a: Grimmsnarl
|-resisted|p1a: Grimmsnarl
|-damage|p1a: Grimmsnarl|93/100
|-enditem|p1a: Grimmsnarl|Light Clay|[from] move: Knock Off|[of] p2a: Bloodblight
|move|p1a: Grimmsnarl|Play Rough|p2a: Bloodblight
|-supereffective|p2a: Bloodblight
|-damage|p2a: Bloodblight|38/100
|
|upkeep
|turn|5
|
|t:|1666491484
|move|p2a: Bloodblight|Defog|p1a: Grimmsnarl
|-unboost|p1a: Grimmsnarl|evasion|1
|-sideend|p1: Mean tweets|Reflect
|-sideend|p2: Neutralist|Spikes|[from] move: Defog|[of] p2a: Bloodblight
|move|p1a: Grimmsnarl|Play Rough|p2a: Bloodblight
|-supereffective|p2a: Bloodblight
|-damage|p2a: Bloodblight|0 fnt
|faint|p2a: Bloodblight
|
|upkeep
|
|t:|1666491491
|switch|p2a: Hermitaur|Ferrothorn, F|100/100
|turn|6
|
|t:|1666491500
|move|p1a: Grimmsnarl|Taunt|p2a: Hermitaur
|-start|p2a: Hermitaur|move: Taunt
|cant|p2a: Hermitaur|move: Taunt|Stealth Rock
|
|upkeep
|turn|7
|
|t:|1666491506
|switch|p2a: Abyssal|Kyogre|100/100
|-weather|RainDance|[from] ability: Drizzle|[of] p2a: Abyssal
|move|p1a: Grimmsnarl|Reflect|p1a: Grimmsnarl
|-sidestart|p1: Mean tweets|Reflect
|
|-weather|RainDance|[upkeep]
|upkeep
|turn|8
|
|t:|1666491509
|move|p1a: Grimmsnarl|Light Screen|p1a: Grimmsnarl
|-sidestart|p1: Mean tweets|move: Light Screen
|move|p2a: Abyssal|Scald|p1a: Grimmsnarl
|-damage|p1a: Grimmsnarl|69/100
|
|-weather|RainDance|[upkeep]
|upkeep
|turn|9
|
|t:|1666491512
|move|p2a: Abyssal|Scald|p1a: Grimmsnarl
|-damage|p1a: Grimmsnarl|46/100
|move|p1a: Grimmsnarl|Play Rough|p2a: Abyssal
|-damage|p2a: Abyssal|78/100
|
|-weather|RainDance|[upkeep]
|-heal|p2a: Abyssal|84/100|[from] item: Leftovers
|upkeep
|turn|10
|
|t:|1666491515
|move|p2a: Abyssal|Scald|p1a: Grimmsnarl
|-damage|p1a: Grimmsnarl|22/100
|-status|p1a: Grimmsnarl|brn
|move|p1a: Grimmsnarl|Play Rough|p2a: Abyssal
|-damage|p2a: Abyssal|72/100
|
|-weather|RainDance|[upkeep]
|-heal|p2a: Abyssal|78/100|[from] item: Leftovers
|-damage|p1a: Grimmsnarl|16/100 brn|[from] brn
|upkeep
|turn|11
|
|t:|1666491522
|move|p2a: Abyssal|Scald|p1a: Grimmsnarl
|-damage|p1a: Grimmsnarl|0 fnt
|faint|p1a: Grimmsnarl
|
|-weather|none
|-heal|p2a: Abyssal|85/100|[from] item: Leftovers
|-sideend|p1: Mean tweets|Reflect
|upkeep
|
|t:|1666491528
|switch|p1a: Xerneas|Xerneas|100/100
|-ability|p1a: Xerneas|Fairy Aura
|turn|12
|
|t:|1666491530
|move|p1a: Xerneas|Geomancy||[still]
|-prepare|p1a: Xerneas|Geomancy
|-enditem|p1a: Xerneas|Power Herb
|-anim|p1a: Xerneas|Geomancy|p1a: Xerneas
|-boost|p1a: Xerneas|spa|2
|-boost|p1a: Xerneas|spd|2
|-boost|p1a: Xerneas|spe|2
|move|p2a: Abyssal|Roar|p1a: Xerneas
|drag|p1a: Groudon|Groudon|100/100
|-weather|SunnyDay|[from] ability: Drought|[of] p1a: Groudon
|
|-weather|SunnyDay|[upkeep]
|-heal|p2a: Abyssal|91/100|[from] item: Leftovers
|-sideend|p1: Mean tweets|move: Light Screen
|upkeep
|turn|13
|
|t:|1666491539
|move|p1a: Groudon|Precipice Blades|p2a: Abyssal
|-damage|p2a: Abyssal|41/100
|move|p2a: Abyssal|Scald|p1a: Groudon
|-supereffective|p1a: Groudon
|-damage|p1a: Groudon|60/100
|
|-weather|SunnyDay|[upkeep]
|-heal|p2a: Abyssal|47/100|[from] item: Leftovers
|upkeep
|turn|14
|
|t:|1666491544
|switch|p2a: Hermitaur|Ferrothorn, F|100/100
|move|p1a: Groudon|Precipice Blades|p2a: Hermitaur
|-damage|p2a: Hermitaur|47/100
|
|-weather|SunnyDay|[upkeep]
|-heal|p2a: Hermitaur|53/100|[from] item: Leftovers
|upkeep
|turn|15
|
|t:|1666491548
|move|p1a: Groudon|Swords Dance|p1a: Groudon
|-boost|p1a: Groudon|atk|2
|move|p2a: Hermitaur|Stealth Rock|p1a: Groudon
|-sidestart|p1: Mean tweets|move: Stealth Rock
|
|-weather|SunnyDay|[upkeep]
|-heal|p2a: Hermitaur|59/100|[from] item: Leftovers
|upkeep
|turn|16
|
|t:|1666491552
|move|p1a: Groudon|Rock Polish|p1a: Groudon
|-boost|p1a: Groudon|spe|2
|move|p2a: Hermitaur|Knock Off|p1a: Groudon
|-damage|p1a: Groudon|46/100
|-enditem|p1a: Groudon|Lum Berry|[from] move: Knock Off|[of] p2a: Hermitaur
|
|-weather|none
|-heal|p2a: Hermitaur|66/100|[from] item: Leftovers
|upkeep
|turn|17
|
|t:|1666491558
|move|p1a: Groudon|Precipice Blades|p2a: Hermitaur
|-damage|p2a: Hermitaur|0 fnt
|faint|p2a: Hermitaur
|
|upkeep
|
|t:|1666491559
|switch|p2a: Cell|Zygarde|100/100
|turn|18
|
|t:|1666491564
|move|p1a: Groudon|Precipice Blades|p2a: Cell
|-damage|p2a: Cell|2/100
|move|p2a: Cell|Glare|p1a: Groudon
|-status|p1a: Groudon|par
|
|-heal|p2a: Cell|8/100|[from] item: Leftovers
|-activate|p2a: Cell|ability: Power Construct
|detailschange|p2a: Cell|Zygarde-Complete
|-heal|p2a: Cell|39/100|[silent]
|upkeep
|turn|19
|
|t:|1666491570
|cant|p1a: Groudon|par
|move|p2a: Cell|Thousand Arrows|p1a: Groudon
|-damage|p1a: Groudon|21/100 par
|
|-heal|p2a: Cell|45/100|[from] item: Leftovers
|upkeep
|turn|20
|
|t:|1666491575
|move|p1a: Groudon|Precipice Blades|p2a: Cell
|-damage|p2a: Cell|0 fnt
|faint|p2a: Cell
|
|upkeep
|
|t:|1666491578
|switch|p2a: Boltreaver|Zekrom|100/100
|-ability|p2a: Boltreaver|Teravolt
|turn|21
|
|t:|1666491582
|move|p2a: Boltreaver|Dragon Claw|p1a: Groudon
|-damage|p1a: Groudon|0 fnt
|faint|p1a: Groudon
|-damage|p2a: Boltreaver|91/100|[from] item: Life Orb
|
|upkeep
|
|t:|1666491586
|switch|p1a: Xerneas|Xerneas|100/100
|-damage|p1a: Xerneas|88/100|[from] Stealth Rock
|-ability|p1a: Xerneas|Fairy Aura
|turn|22
|
|t:|1666491590
|move|p2a: Boltreaver|Bolt Strike|p1a: Xerneas
|-damage|p1a: Xerneas|9/100
|-damage|p2a: Boltreaver|81/100|[from] item: Life Orb
|move|p1a: Xerneas|Geomancy||[still]
|-prepare|p1a: Xerneas|Geomancy
|
|upkeep
|turn|23
|inactive|Battle timer is ON: inactive players will automatically lose when time's up. (requested by Mean tweets)
|
|t:|1666491595
|move|p2a: Boltreaver|Bolt Strike|p1a: Xerneas
|-damage|p1a: Xerneas|0 fnt
|faint|p1a: Xerneas
|-damage|p2a: Boltreaver|71/100|[from] item: Life Orb
|
|upkeep
|
|t:|1666491598
|switch|p1a: Necrozma|Necrozma-Dusk-Mane|100/100
|-damage|p1a: Necrozma|94/100|[from] Stealth Rock
|turn|24
|
|t:|1666491604
|move|p2a: Boltreaver|Dragon Dance|p2a: Boltreaver
|-boost|p2a: Boltreaver|atk|1
|-boost|p2a: Boltreaver|spe|1
|move|p1a: Necrozma|Dragon Dance|p1a: Necrozma
|-boost|p1a: Necrozma|atk|1
|-boost|p1a: Necrozma|spe|1
|
|upkeep
|turn|25
|
|t:|1666491612
|move|p2a: Boltreaver|Bolt Strike|p1a: Necrozma
|-damage|p1a: Necrozma|0 fnt
|faint|p1a: Necrozma
|-damage|p2a: Boltreaver|61/100|[from] item: Life Orb
|
|upkeep
|
|t:|1666491616
|switch|p1a: Zekrom|Zekrom|100/100
|-damage|p1a: Zekrom|88/100|[from] Stealth Rock
|-ability|p1a: Zekrom|Teravolt
|-item|p1a: Zekrom|Air Balloon
|turn|26
|c|☆Neutralist|Life orb.
|
|t:|1666491624
|move|p2a: Boltreaver|Dragon Claw|p1a: Zekrom
|-supereffective|p1a: Zekrom
|-damage|p1a: Zekrom|0 fnt
|-enditem|p1a: Zekrom|Air Balloon
|faint|p1a: Zekrom
|-damage|p2a: Boltreaver|51/100|[from] item: Life Orb
|
|win|Neutralist
|raw|Mean tweets's rating: 1389 &rarr; <strong>1376</strong><br />(-13 for losing)
|raw|Neutralist's rating: 1515 &rarr; <strong>1528</strong><br />(+13 for winning)
