|j|☆Pkmn3443
|j|☆Rell27
|t:|1634964819
|gametype|singles
|player|p1|Pkmn3443|169|1548
|player|p2|Rell27|102|1557
|teamsize|p1|6
|teamsize|p2|6
|gen|8
|tier|[Gen 8] Ubers
|rated|
|rule|Sleep Clause Mod: Limit one foe put to sleep
|rule|Species Clause: Limit one of each Pokémon
|rule|OHKO Clause: OHKO moves are banned
|rule|Evasion Moves Clause: Evasion moves are banned
|rule|Endless Battle Clause: Forcing endless battles is banned
|rule|HP Percentage Mod: HP is shown in percentages
|rule|Dynamax Clause: You cannot dynamax
|clearpoke
|poke|p1|Blissey, F|
|poke|p1|Necrozma-Dusk-Mane|
|poke|p1|Ho-Oh|
|poke|p1|Eternatus|
|poke|p1|Ditto|
|poke|p1|Yveltal|
|poke|p2|Necrozma-Dusk-Mane|
|poke|p2|Eternatus|
|poke|p2|Yveltal|
|poke|p2|Xerneas-*|
|poke|p2|Zekrom|
|poke|p2|Calyrex-Shadow|
|teampreview
|
|t:|1634964829
|start
|switch|p1a: Ditto|Ditto|100/100
|switch|p2a: Zekrom|Zekrom|100/100
|-ability|p2a: Zekrom|Teravolt
|-transform|p1a: Ditto|p2a: Zekrom|[from] ability: Imposter
|-ability|p1a: Ditto|Teravolt
|turn|1
|j| jchillin69
|
|t:|1634964837
|switch|p1a: Necrozma|Necrozma-Dusk-Mane|100/100
|switch|p2a: Necrozma|Necrozma-Dusk-Mane|100/100
|
|upkeep
|turn|2
|
|t:|1634964844
|switch|p2a: Yveltal|Yveltal|100/100
|-ability|p2a: Yveltal|Dark Aura
|move|p1a: Necrozma|Stealth Rock|p2a: Yveltal
|-sidestart|p2: Rell27|move: Stealth Rock
|
|upkeep
|turn|3
|
|t:|1634964847
|switch|p1a: Yveltal|Yveltal|100/100
|-ability|p1a: Yveltal|Dark Aura
|move|p2a: Yveltal|Knock Off|p1a: Yveltal
|-resisted|p1a: Yveltal
|-damage|p1a: Yveltal|58/100
|-enditem|p1a: Yveltal|Heavy-Duty Boots|[from] move: Knock Off|[of] p2a: Yveltal
|-damage|p2a: Yveltal|91/100|[from] item: Life Orb
|
|upkeep
|turn|4
|
|t:|1634964854
|move|p1a: Yveltal|Knock Off|p2a: Yveltal
|-resisted|p2a: Yveltal
|-damage|p2a: Yveltal|67/100
|-enditem|p2a: Yveltal|Life Orb|[from] move: Knock Off|[of] p1a: Yveltal
|move|p2a: Yveltal|U-turn|p1a: Yveltal
|-damage|p1a: Yveltal|31/100
|
|t:|1634964859
|switch|p2a: Eternatus|Eternatus|100/100|[from]move: U-turn
|-damage|p2a: Eternatus|88/100|[from] Stealth Rock
|-ability|p2a: Eternatus|Pressure
|
|upkeep
|turn|5
|
|t:|1634964865
|switch|p1a: Blissey|Blissey, F|100/100
|move|p2a: Eternatus|Dynamax Cannon|p1a: Blissey
|-damage|p1a: Blissey|81/100
|-damage|p2a: Eternatus|78/100|[from] item: Life Orb
|
|upkeep
|turn|6
|
|t:|1634964871
|switch|p2a: Calyrex|Calyrex-Shadow|100/100
|-ability|p2a: Calyrex|As One
|-ability|p2a: Calyrex|Unnerve
|-damage|p2a: Calyrex|88/100|[from] Stealth Rock
|switch|p1a: Ho-Oh|Ho-Oh|100/100
|
|upkeep
|turn|7
|
|t:|1634964878
|switch|p2a: Eternatus|Eternatus|78/100
|-damage|p2a: Eternatus|66/100|[from] Stealth Rock
|-ability|p2a: Eternatus|Pressure
|move|p1a: Ho-Oh|Sacred Fire|p2a: Eternatus
|-resisted|p2a: Eternatus
|-damage|p2a: Eternatus|49/100
|
|upkeep
|turn|8
|
|t:|1634964881
|switch|p1a: Blissey|Blissey, F|81/100
|move|p2a: Eternatus|Recover|p2a: Eternatus
|-heal|p2a: Eternatus|99/100
|
|upkeep
|turn|9
|
|t:|1634964888
|switch|p2a: Calyrex|Calyrex-Shadow|88/100
|-ability|p2a: Calyrex|As One
|-ability|p2a: Calyrex|Unnerve
|-damage|p2a: Calyrex|76/100|[from] Stealth Rock
|move|p1a: Blissey|Confide|p2a: Calyrex
|-unboost|p2a: Calyrex|spa|1
|
|upkeep
|turn|10
|
|t:|1634964894
|switch|p1a: Yveltal|Yveltal|31/100
|-ability|p1a: Yveltal|Dark Aura
|move|p2a: Calyrex|Leech Seed|p1a: Yveltal
|-start|p1a: Yveltal|move: Leech Seed
|
|-damage|p1a: Yveltal|19/100|[from] Leech Seed|[of] p2a: Calyrex
|-heal|p2a: Calyrex|89/100|[silent]
|upkeep
|turn|11
|
|t:|1634964907
|switch|p2a: Zekrom|Zekrom|100/100
|-damage|p2a: Zekrom|88/100|[from] Stealth Rock
|-ability|p2a: Zekrom|Teravolt
|move|p1a: Yveltal|Roost|p1a: Yveltal
|-heal|p1a: Yveltal|69/100
|-singleturn|p1a: Yveltal|move: Roost
|
|-heal|p2a: Zekrom|94/100|[from] item: Leftovers
|-damage|p1a: Yveltal|56/100|[from] Leech Seed|[of] p2a: Zekrom
|-heal|p2a: Zekrom|100/100|[silent]
|upkeep
|turn|12
|
|t:|1634964913
|switch|p1a: Necrozma|Necrozma-Dusk-Mane|100/100
|move|p2a: Zekrom|Bolt Strike|p1a: Necrozma
|-damage|p1a: Necrozma|63/100
|-status|p1a: Necrozma|par
|-damage|p2a: Zekrom|84/100|[from] item: Rocky Helmet|[of] p1a: Necrozma
|
|-heal|p2a: Zekrom|90/100|[from] item: Leftovers
|upkeep
|turn|13
|
|t:|1634964920
|move|p2a: Zekrom|Dragon Dance|p2a: Zekrom
|-boost|p2a: Zekrom|atk|1
|-boost|p2a: Zekrom|spe|1
|move|p1a: Necrozma|Morning Sun|p1a: Necrozma
|-heal|p1a: Necrozma|100/100 par
|
|-heal|p2a: Zekrom|96/100|[from] item: Leftovers
|upkeep
|turn|14
|
|t:|1634964926
|move|p2a: Zekrom|Substitute|p2a: Zekrom
|-start|p2a: Zekrom|Substitute
|-damage|p2a: Zekrom|71/100
|move|p1a: Necrozma|Knock Off|p2a: Zekrom
|-end|p2a: Zekrom|Substitute
|
|-heal|p2a: Zekrom|78/100|[from] item: Leftovers
|upkeep
|turn|15
|
|t:|1634964931
|move|p2a: Zekrom|Substitute|p2a: Zekrom
|-start|p2a: Zekrom|Substitute
|-damage|p2a: Zekrom|53/100
|cant|p1a: Necrozma|par
|
|-heal|p2a: Zekrom|59/100|[from] item: Leftovers
|upkeep
|turn|16
|
|t:|1634964933
|move|p2a: Zekrom|Bolt Strike|p1a: Necrozma
|-damage|p1a: Necrozma|36/100 par
|-damage|p2a: Zekrom|42/100|[from] item: Rocky Helmet|[of] p1a: Necrozma
|move|p1a: Necrozma|Knock Off|p2a: Zekrom
|-end|p2a: Zekrom|Substitute
|
|-heal|p2a: Zekrom|48/100|[from] item: Leftovers
|upkeep
|turn|17
|j| The Shitpoopers
|
|t:|1634964945
|move|p2a: Zekrom|Substitute|p2a: Zekrom
|-start|p2a: Zekrom|Substitute
|-damage|p2a: Zekrom|24/100
|move|p1a: Necrozma|Knock Off|p2a: Zekrom
|-activate|p2a: Zekrom|move: Substitute|[damage]
|
|-heal|p2a: Zekrom|30/100|[from] item: Leftovers
|upkeep
|turn|18
|
|t:|1634964951
|switch|p1a: Eternatus|Eternatus|100/100
|-ability|p1a: Eternatus|Pressure
|move|p2a: Zekrom|Bolt Strike|p1a: Eternatus
|-resisted|p1a: Eternatus
|-damage|p1a: Eternatus|55/100
|-status|p1a: Eternatus|par
|
|-heal|p2a: Zekrom|36/100|[from] item: Leftovers
|-heal|p1a: Eternatus|61/100 par|[from] item: Black Sludge
|upkeep
|turn|19
|
|t:|1634964956
|switch|p1a: Necrozma|Necrozma-Dusk-Mane|36/100 par
|move|p2a: Zekrom|Dragon Claw|p1a: Necrozma
|-resisted|p1a: Necrozma
|-damage|p1a: Necrozma|18/100 par
|-damage|p2a: Zekrom|19/100|[from] item: Rocky Helmet|[of] p1a: Necrozma
|
|-heal|p2a: Zekrom|26/100|[from] item: Leftovers
|upkeep
|turn|20
|
|t:|1634964963
|switch|p1a: Eternatus|Eternatus|61/100 par
|-ability|p1a: Eternatus|Pressure
|move|p2a: Zekrom|Bolt Strike|p1a: Eternatus
|-resisted|p1a: Eternatus
|-damage|p1a: Eternatus|17/100 par
|
|-heal|p2a: Zekrom|32/100|[from] item: Leftovers
|-heal|p1a: Eternatus|24/100 par|[from] item: Black Sludge
|upkeep
|turn|21
|
|t:|1634964968
|switch|p1a: Necrozma|Necrozma-Dusk-Mane|18/100 par
|move|p2a: Zekrom|Dragon Dance|p2a: Zekrom
|-boost|p2a: Zekrom|atk|1
|-boost|p2a: Zekrom|spe|1
|
|-heal|p2a: Zekrom|38/100|[from] item: Leftovers
|upkeep
|turn|22
|
|t:|1634964974
|move|p2a: Zekrom|Dragon Claw|p1a: Necrozma
|-resisted|p1a: Necrozma
|-damage|p1a: Necrozma|0 fnt
|-damage|p2a: Zekrom|21/100|[from] item: Rocky Helmet|[of] p1a: Necrozma
|faint|p1a: Necrozma
|
|-heal|p2a: Zekrom|27/100|[from] item: Leftovers
|upkeep
|
|t:|1634964980
|switch|p1a: Ho-Oh|Ho-Oh|100/100
|turn|23
|
|t:|1634964987
|switch|p1a: Eternatus|Eternatus|24/100 par
|-ability|p1a: Eternatus|Pressure
|move|p2a: Zekrom|Bolt Strike|p1a: Eternatus|[miss]
|-miss|p2a: Zekrom|p1a: Eternatus
|
|-heal|p2a: Zekrom|34/100|[from] item: Leftovers
|-heal|p1a: Eternatus|30/100 par|[from] item: Black Sludge
|upkeep
|turn|24
|
|t:|1634964992
|switch|p1a: Ho-Oh|Ho-Oh|100/100
|move|p2a: Zekrom|Dragon Claw|p1a: Ho-Oh
|-damage|p1a: Ho-Oh|37/100
|
|-heal|p2a: Zekrom|40/100|[from] item: Leftovers
|upkeep
|turn|25
|
|t:|1634964997
|switch|p1a: Eternatus|Eternatus|30/100 par
|-ability|p1a: Eternatus|Pressure
|move|p2a: Zekrom|Dragon Claw|p1a: Eternatus
|-supereffective|p1a: Eternatus
|-damage|p1a: Eternatus|0 fnt
|faint|p1a: Eternatus
|
|-heal|p2a: Zekrom|46/100|[from] item: Leftovers
|upkeep
|
|t:|1634964998
|switch|p1a: Ho-Oh|Ho-Oh|70/100
|turn|26
|
|t:|1634965002
|move|p2a: Zekrom|Dragon Claw|p1a: Ho-Oh
|-damage|p1a: Ho-Oh|7/100
|move|p1a: Ho-Oh|Whirlwind|p2a: Zekrom
|drag|p2a: Necrozma|Necrozma-Dusk-Mane|100/100
|-damage|p2a: Necrozma|94/100|[from] Stealth Rock
|
|upkeep
|turn|27
|
|t:|1634965012
|switch|p1a: Yveltal|Yveltal|56/100
|-ability|p1a: Yveltal|Dark Aura
|move|p2a: Necrozma|Stealth Rock|p1a: Yveltal
|-sidestart|p1: Pkmn3443|move: Stealth Rock
|
|upkeep
|turn|28
|
|t:|1634965019
|switch|p2a: Xerneas|Xerneas|100/100
|-damage|p2a: Xerneas|88/100|[from] Stealth Rock
|-ability|p2a: Xerneas|Fairy Aura
|move|p1a: Yveltal|Roost|p1a: Yveltal
|-heal|p1a: Yveltal|100/100
|-singleturn|p1a: Yveltal|move: Roost
|
|upkeep
|turn|29
|
|t:|1634965022
|switch|p1a: Blissey|Blissey, F|81/100
|-damage|p1a: Blissey|68/100|[from] Stealth Rock
|move|p2a: Xerneas|Moonblast|p1a: Blissey
|-damage|p1a: Blissey|51/100
|
|upkeep
|turn|30
|j| Nesnot
|
|t:|1634965026
|switch|p2a: Calyrex|Calyrex-Shadow|89/100
|-ability|p2a: Calyrex|As One
|-ability|p2a: Calyrex|Unnerve
|-damage|p2a: Calyrex|77/100|[from] Stealth Rock
|move|p1a: Blissey|Soft-Boiled|p1a: Blissey
|-heal|p1a: Blissey|100/100
|
|upkeep
|turn|31
|
|t:|1634965031
|switch|p1a: Ho-Oh|Ho-Oh|40/100
|move|p2a: Calyrex|Leech Seed|p1a: Ho-Oh
|-start|p1a: Ho-Oh|move: Leech Seed
|
|-damage|p1a: Ho-Oh|28/100|[from] Leech Seed|[of] p2a: Calyrex
|-heal|p2a: Calyrex|91/100|[silent]
|upkeep
|turn|32
|
|t:|1634965036
|switch|p1a: Yveltal|Yveltal|100/100
|-damage|p1a: Yveltal|76/100|[from] Stealth Rock
|-ability|p1a: Yveltal|Dark Aura
|move|p2a: Calyrex|Astral Barrage|p1a: Yveltal
|-resisted|p1a: Yveltal
|-damage|p1a: Yveltal|43/100
|
|upkeep
|turn|33
|
|t:|1634965040
|move|p2a: Calyrex|Substitute|p2a: Calyrex
|-start|p2a: Calyrex|Substitute
|-damage|p2a: Calyrex|67/100
|move|p1a: Yveltal|Roost|p1a: Yveltal
|-heal|p1a: Yveltal|93/100
|-singleturn|p1a: Yveltal|move: Roost
|
|upkeep
|turn|34
|
|t:|1634965050
|move|p2a: Calyrex|Leech Seed|p1a: Yveltal
|-start|p1a: Yveltal|move: Leech Seed
|move|p1a: Yveltal|Oblivion Wing|p2a: Calyrex
|-end|p2a: Calyrex|Substitute
|-heal|p1a: Yveltal|100/100|[from] drain|[of] p2a: Calyrex
|
|-damage|p1a: Yveltal|88/100|[from] Leech Seed|[of] p2a: Calyrex
|-heal|p2a: Calyrex|80/100|[silent]
|upkeep
|turn|35
|
|t:|1634965054
|move|p2a: Calyrex|Substitute|p2a: Calyrex
|-start|p2a: Calyrex|Substitute
|-damage|p2a: Calyrex|55/100
|move|p1a: Yveltal|Oblivion Wing|p2a: Calyrex
|-end|p2a: Calyrex|Substitute
|-heal|p1a: Yveltal|100/100|[from] drain|[of] p2a: Calyrex
|
|-damage|p1a: Yveltal|88/100|[from] Leech Seed|[of] p2a: Calyrex
|-heal|p2a: Calyrex|69/100|[silent]
|upkeep
|turn|36
|
|t:|1634965059
|move|p2a: Calyrex|Substitute|p2a: Calyrex
|-start|p2a: Calyrex|Substitute
|-damage|p2a: Calyrex|44/100
|move|p1a: Yveltal|Oblivion Wing|p2a: Calyrex
|-end|p2a: Calyrex|Substitute
|-heal|p1a: Yveltal|100/100|[from] drain|[of] p2a: Calyrex
|
|-damage|p1a: Yveltal|88/100|[from] Leech Seed|[of] p2a: Calyrex
|-heal|p2a: Calyrex|58/100|[silent]
|upkeep
|turn|37
|
|t:|1634965070
|switch|p2a: Eternatus|Eternatus|99/100
|-damage|p2a: Eternatus|86/100|[from] Stealth Rock
|-ability|p2a: Eternatus|Pressure
|move|p1a: Yveltal|Oblivion Wing|p2a: Eternatus
|-damage|p2a: Eternatus|58/100
|-heal|p1a: Yveltal|100/100|[from] drain|[of] p2a: Eternatus
|
|-damage|p1a: Yveltal|88/100|[from] Leech Seed|[of] p2a: Eternatus
|-heal|p2a: Eternatus|69/100|[silent]
|upkeep
|turn|38
|
|t:|1634965075
|switch|p1a: Ho-Oh|Ho-Oh|61/100
|move|p2a: Eternatus|Sludge Bomb|p1a: Ho-Oh
|-damage|p1a: Ho-Oh|30/100
|-status|p1a: Ho-Oh|psn
|-damage|p2a: Eternatus|59/100|[from] item: Life Orb
|
|-damage|p1a: Ho-Oh|18/100 psn|[from] psn
|upkeep
|turn|39
|
|t:|1634965079
|switch|p1a: Blissey|Blissey, F|100/100
|-damage|p1a: Blissey|88/100|[from] Stealth Rock
|move|p2a: Eternatus|Sludge Bomb|p1a: Blissey
|-damage|p1a: Blissey|72/100
|-damage|p2a: Eternatus|49/100|[from] item: Life Orb
|
|upkeep
|turn|40
|
|t:|1634965083
|move|p2a: Eternatus|Recover|p2a: Eternatus
|-heal|p2a: Eternatus|99/100
|move|p1a: Blissey|Aromatherapy|p1a: Blissey
|-activate|p1a: Blissey|move: Aromatherapy
|-curestatus|p1: Ho-Oh|psn|[msg]
|
|upkeep
|turn|41
|
|t:|1634965088
|switch|p2a: Calyrex|Calyrex-Shadow|58/100
|-ability|p2a: Calyrex|As One
|-ability|p2a: Calyrex|Unnerve
|-damage|p2a: Calyrex|46/100|[from] Stealth Rock
|switch|p1a: Ho-Oh|Ho-Oh|51/100
|
|upkeep
|turn|42
|
|t:|1634965097
|switch|p2a: Eternatus|Eternatus|99/100
|-damage|p2a: Eternatus|87/100|[from] Stealth Rock
|-ability|p2a: Eternatus|Pressure
|switch|p1a: Yveltal|Yveltal|88/100
|-damage|p1a: Yveltal|63/100|[from] Stealth Rock
|-ability|p1a: Yveltal|Dark Aura
|
|upkeep
|turn|43
|
|t:|1634965112
|switch|p1a: Blissey|Blissey, F|72/100
|-damage|p1a: Blissey|60/100|[from] Stealth Rock
|move|p2a: Eternatus|Sludge Bomb|p1a: Blissey
|-damage|p1a: Blissey|43/100
|-status|p1a: Blissey|psn
|-damage|p2a: Eternatus|77/100|[from] item: Life Orb
|
|-damage|p1a: Blissey|31/100 psn|[from] psn
|upkeep
|turn|44
|
|t:|1634965116
|switch|p2a: Calyrex|Calyrex-Shadow|46/100
|-ability|p2a: Calyrex|As One
|-ability|p2a: Calyrex|Unnerve
|-damage|p2a: Calyrex|33/100|[from] Stealth Rock
|move|p1a: Blissey|Soft-Boiled|p1a: Blissey
|-heal|p1a: Blissey|81/100 psn
|
|-damage|p1a: Blissey|68/100 psn|[from] psn
|upkeep
|turn|45
|
|t:|1634965119
|-curestatus|p1a: Blissey|psn|[from] ability: Natural Cure
|switch|p1a: Ho-Oh|Ho-Oh|85/100
|move|p2a: Calyrex|Leech Seed|p1a: Ho-Oh
|-start|p1a: Ho-Oh|move: Leech Seed
|
|-damage|p1a: Ho-Oh|72/100|[from] Leech Seed|[of] p2a: Calyrex
|-heal|p2a: Calyrex|48/100|[silent]
|upkeep
|turn|46
|
|t:|1634965129
|switch|p2a: Eternatus|Eternatus|77/100
|-damage|p2a: Eternatus|64/100|[from] Stealth Rock
|-ability|p2a: Eternatus|Pressure
|move|p1a: Ho-Oh|Whirlwind|p2a: Eternatus
|drag|p2a: Yveltal|Yveltal|67/100
|-damage|p2a: Yveltal|42/100|[from] Stealth Rock
|-ability|p2a: Yveltal|Dark Aura
|
|-damage|p1a: Ho-Oh|60/100|[from] Leech Seed|[of] p2a: Yveltal
|-heal|p2a: Yveltal|53/100|[silent]
|upkeep
|turn|47
|
|t:|1634965147
|switch|p1a: Yveltal|Yveltal|63/100
|-damage|p1a: Yveltal|38/100|[from] Stealth Rock
|-ability|p1a: Yveltal|Dark Aura
|move|p2a: Yveltal|Oblivion Wing|p1a: Yveltal
|-damage|p1a: Yveltal|8/100
|-heal|p2a: Yveltal|73/100|[from] drain|[of] p1a: Yveltal
|
|upkeep
|turn|48
|
|t:|1634965155
|move|p1a: Yveltal|Roost|p1a: Yveltal
|-heal|p1a: Yveltal|58/100
|-singleturn|p1a: Yveltal|move: Roost
|move|p2a: Yveltal|Oblivion Wing|p1a: Yveltal
|-damage|p1a: Yveltal|28/100
|-heal|p2a: Yveltal|93/100|[from] drain|[of] p1a: Yveltal
|
|upkeep
|turn|49
|
|t:|1634965164
|move|p1a: Yveltal|Oblivion Wing|p2a: Yveltal
|-damage|p2a: Yveltal|59/100
|-heal|p1a: Yveltal|57/100|[from] drain|[of] p2a: Yveltal
|move|p2a: Yveltal|U-turn|p1a: Yveltal
|-damage|p1a: Yveltal|34/100
|
|t:|1634965181
|switch|p2a: Eternatus|Eternatus|64/100|[from]move: U-turn
|-damage|p2a: Eternatus|52/100|[from] Stealth Rock
|-ability|p2a: Eternatus|Pressure
|
|upkeep
|turn|50
|
|t:|1634965185
|switch|p1a: Blissey|Blissey, F|68/100
|-damage|p1a: Blissey|56/100|[from] Stealth Rock
|move|p2a: Eternatus|Recover|p2a: Eternatus
|-heal|p2a: Eternatus|100/100
|
|upkeep
|turn|51
|
|t:|1634965195
|switch|p2a: Calyrex|Calyrex-Shadow|48/100
|-ability|p2a: Calyrex|As One
|-ability|p2a: Calyrex|Unnerve
|-damage|p2a: Calyrex|35/100|[from] Stealth Rock
|move|p1a: Blissey|Soft-Boiled|p1a: Blissey
|-heal|p1a: Blissey|100/100
|
|upkeep
|turn|52
|
|t:|1634965199
|switch|p1a: Ho-Oh|Ho-Oh|93/100
|move|p2a: Calyrex|Leech Seed|p1a: Ho-Oh
|-start|p1a: Ho-Oh|move: Leech Seed
|
|-damage|p1a: Ho-Oh|81/100|[from] Leech Seed|[of] p2a: Calyrex
|-heal|p2a: Calyrex|50/100|[silent]
|upkeep
|turn|53
|
|t:|1634965210
|switch|p2a: Eternatus|Eternatus|100/100
|-damage|p2a: Eternatus|88/100|[from] Stealth Rock
|-ability|p2a: Eternatus|Pressure
|switch|p1a: Blissey|Blissey, F|100/100
|-damage|p1a: Blissey|88/100|[from] Stealth Rock
|
|upkeep
|turn|54
|
|t:|1634965213
|switch|p2a: Calyrex|Calyrex-Shadow|50/100
|-ability|p2a: Calyrex|As One
|-ability|p2a: Calyrex|Unnerve
|-damage|p2a: Calyrex|37/100|[from] Stealth Rock
|move|p1a: Blissey|Confide|p2a: Calyrex
|-unboost|p2a: Calyrex|spa|1
|
|upkeep
|turn|55
|
|t:|1634965219
|switch|p1a: Ho-Oh|Ho-Oh|100/100
|move|p2a: Calyrex|Leech Seed|p1a: Ho-Oh
|-start|p1a: Ho-Oh|move: Leech Seed
|
|-damage|p1a: Ho-Oh|88/100|[from] Leech Seed|[of] p2a: Calyrex
|-heal|p2a: Calyrex|52/100|[silent]
|upkeep
|turn|56
|
|t:|1634965223
|switch|p2a: Eternatus|Eternatus|88/100
|-damage|p2a: Eternatus|75/100|[from] Stealth Rock
|-ability|p2a: Eternatus|Pressure
|switch|p1a: Blissey|Blissey, F|88/100
|-damage|p1a: Blissey|76/100|[from] Stealth Rock
|
|upkeep
|turn|57
|
|t:|1634965227
|switch|p2a: Calyrex|Calyrex-Shadow|52/100
|-ability|p2a: Calyrex|As One
|-ability|p2a: Calyrex|Unnerve
|-damage|p2a: Calyrex|39/100|[from] Stealth Rock
|move|p1a: Blissey|Confide|p2a: Calyrex
|-unboost|p2a: Calyrex|spa|1
|
|upkeep
|turn|58
|
|t:|1634965229
|switch|p1a: Ho-Oh|Ho-Oh|100/100
|move|p2a: Calyrex|Leech Seed|p1a: Ho-Oh
|-start|p1a: Ho-Oh|move: Leech Seed
|
|-damage|p1a: Ho-Oh|88/100|[from] Leech Seed|[of] p2a: Calyrex
|-heal|p2a: Calyrex|54/100|[silent]
|upkeep
|turn|59
|
|t:|1634965237
|switch|p2a: Eternatus|Eternatus|75/100
|-damage|p2a: Eternatus|63/100|[from] Stealth Rock
|-ability|p2a: Eternatus|Pressure
|switch|p1a: Blissey|Blissey, F|76/100
|-damage|p1a: Blissey|63/100|[from] Stealth Rock
|
|upkeep
|turn|60
|
|t:|1634965242
|move|p2a: Eternatus|Sludge Bomb|p1a: Blissey
|-damage|p1a: Blissey|47/100
|-status|p1a: Blissey|psn
|-damage|p2a: Eternatus|53/100|[from] item: Life Orb
|move|p1a: Blissey|Soft-Boiled|p1a: Blissey
|-heal|p1a: Blissey|97/100 psn
|
|-damage|p1a: Blissey|85/100 psn|[from] psn
|upkeep
|turn|61
|
|t:|1634965247
|-curestatus|p1a: Blissey|psn|[from] ability: Natural Cure
|switch|p1a: Ho-Oh|Ho-Oh|100/100
|move|p2a: Eternatus|Recover|p2a: Eternatus
|-heal|p2a: Eternatus|100/100
|
|upkeep
|turn|62
|
|t:|1634965254
|switch|p1a: Blissey|Blissey, F|85/100
|-damage|p1a: Blissey|72/100|[from] Stealth Rock
|move|p2a: Eternatus|Sludge Bomb|p1a: Blissey
|-damage|p1a: Blissey|56/100
|-damage|p2a: Eternatus|91/100|[from] item: Life Orb
|
|upkeep
|turn|63
|
|t:|1634965264
|switch|p2a: Yveltal|Yveltal|59/100
|-damage|p2a: Yveltal|34/100|[from] Stealth Rock
|-ability|p2a: Yveltal|Dark Aura
|move|p1a: Blissey|Soft-Boiled|p1a: Blissey
|-heal|p1a: Blissey|100/100
|
|upkeep
|turn|64
|
|t:|1634965271
|switch|p1a: Ditto|Ditto|100/100
|-damage|p1a: Ditto|88/100|[from] Stealth Rock
|-transform|p1a: Ditto|p2a: Yveltal|[from] ability: Imposter
|-ability|p1a: Ditto|Dark Aura
|move|p2a: Yveltal|Knock Off|p1a: Ditto
|-resisted|p1a: Ditto
|-damage|p1a: Ditto|46/100
|-enditem|p1a: Ditto|Choice Scarf|[from] move: Knock Off|[of] p2a: Yveltal
|
|upkeep
|turn|65
|
|t:|1634965281
|switch|p1a: Ho-Oh|Ho-Oh|100/100
|move|p2a: Yveltal|Oblivion Wing|p1a: Ho-Oh
|-damage|p1a: Ho-Oh|83/100
|-heal|p2a: Yveltal|46/100|[from] drain|[of] p1a: Ho-Oh
|
|upkeep
|turn|66
|
|t:|1634965287
|move|p2a: Yveltal|Knock Off|p1a: Ho-Oh
|-damage|p1a: Ho-Oh|35/100
|-enditem|p1a: Ho-Oh|Heavy-Duty Boots|[from] move: Knock Off|[of] p2a: Yveltal
|move|p1a: Ho-Oh|Sacred Fire|p2a: Yveltal
|-damage|p2a: Yveltal|13/100
|
|upkeep
|turn|67
|
|t:|1634965296
|move|p2a: Yveltal|Knock Off|p1a: Ho-Oh
|-damage|p1a: Ho-Oh|6/100
|move|p1a: Ho-Oh|Defog|p2a: Yveltal
|-unboost|p2a: Yveltal|evasion|1
|-sideend|p2: Rell27|Stealth Rock|[from] move: Defog|[of] p1a: Ho-Oh
|-sideend|p1: Pkmn3443|Stealth Rock|[from] move: Defog|[of] p1a: Ho-Oh
|
|upkeep
|turn|68
|
|t:|1634965301
|switch|p1a: Ditto|Ditto|46/100
|-transform|p1a: Ditto|p2a: Yveltal|[from] ability: Imposter
|-ability|p1a: Ditto|Dark Aura
|move|p2a: Yveltal|Oblivion Wing|p1a: Ditto
|-damage|p1a: Ditto|3/100
|-heal|p2a: Yveltal|35/100|[from] drain|[of] p1a: Ditto
|
|upkeep
|turn|69
|
|t:|1634965313
|switch|p1a: Ho-Oh|Ho-Oh|40/100
|move|p2a: Yveltal|Oblivion Wing|p1a: Ho-Oh
|-damage|p1a: Ho-Oh|21/100
|-heal|p2a: Yveltal|47/100|[from] drain|[of] p1a: Ho-Oh
|
|upkeep
|turn|70
|
|t:|1634965317
|switch|p1a: Ditto|Ditto|3/100
|-transform|p1a: Ditto|p2a: Yveltal|[from] ability: Imposter
|-ability|p1a: Ditto|Dark Aura
|move|p2a: Yveltal|Knock Off|p1a: Ditto
|-resisted|p1a: Ditto
|-damage|p1a: Ditto|0 fnt
|faint|p1a: Ditto
|
|upkeep
|
|t:|1634965319
|switch|p1a: Yveltal|Yveltal|34/100
|-ability|p1a: Yveltal|Dark Aura
|turn|71
|
|t:|1634965323
|switch|p2a: Eternatus|Eternatus|91/100
|-ability|p2a: Eternatus|Pressure
|move|p1a: Yveltal|Roost|p1a: Yveltal
|-heal|p1a: Yveltal|84/100
|-singleturn|p1a: Yveltal|move: Roost
|
|upkeep
|turn|72
|
|t:|1634965328
|switch|p1a: Ho-Oh|Ho-Oh|55/100
|move|p2a: Eternatus|Sludge Bomb|p1a: Ho-Oh
|-damage|p1a: Ho-Oh|21/100
|-damage|p2a: Eternatus|81/100|[from] item: Life Orb
|
|upkeep
|turn|73
|
|t:|1634965331
|switch|p1a: Blissey|Blissey, F|100/100
|move|p2a: Eternatus|Dynamax Cannon|p1a: Blissey
|-damage|p1a: Blissey|82/100
|-damage|p2a: Eternatus|71/100|[from] item: Life Orb
|
|upkeep
|turn|74
|
|t:|1634965334
|switch|p2a: Calyrex|Calyrex-Shadow|54/100
|-ability|p2a: Calyrex|As One
|-ability|p2a: Calyrex|Unnerve
|switch|p1a: Ho-Oh|Ho-Oh|54/100
|
|upkeep
|turn|75
|
|t:|1634965337
|switch|p2a: Eternatus|Eternatus|71/100
|-ability|p2a: Eternatus|Pressure
|switch|p1a: Blissey|Blissey, F|82/100
|
|upkeep
|turn|76
|
|t:|1634965347
|switch|p2a: Calyrex|Calyrex-Shadow|54/100
|-ability|p2a: Calyrex|As One
|-ability|p2a: Calyrex|Unnerve
|switch|p1a: Ho-Oh|Ho-Oh|87/100
|
|upkeep
|turn|77
|
|t:|1634965351
|switch|p2a: Eternatus|Eternatus|71/100
|-ability|p2a: Eternatus|Pressure
|switch|p1a: Blissey|Blissey, F|82/100
|
|upkeep
|turn|78
|
|t:|1634965356
|switch|p2a: Necrozma|Necrozma-Dusk-Mane|94/100
|switch|p1a: Ho-Oh|Ho-Oh|100/100
|
|upkeep
|turn|79
|
|t:|1634965359
|switch|p2a: Eternatus|Eternatus|71/100
|-ability|p2a: Eternatus|Pressure
|move|p1a: Ho-Oh|Sacred Fire|p2a: Eternatus
|-resisted|p2a: Eternatus
|-damage|p2a: Eternatus|53/100
|-status|p2a: Eternatus|brn
|
|-damage|p2a: Eternatus|47/100 brn|[from] brn
|upkeep
|turn|80
|
|t:|1634965363
|switch|p1a: Blissey|Blissey, F|82/100
|move|p2a: Eternatus|Recover|p2a: Eternatus
|-heal|p2a: Eternatus|97/100 brn
|
|-damage|p2a: Eternatus|91/100 brn|[from] brn
|upkeep
|turn|81
|
|t:|1634965368
|switch|p2a: Necrozma|Necrozma-Dusk-Mane|94/100
|switch|p1a: Ho-Oh|Ho-Oh|100/100
|
|upkeep
|turn|82
|
|t:|1634965373
|switch|p2a: Eternatus|Eternatus|91/100 brn
|-ability|p2a: Eternatus|Pressure
|move|p1a: Ho-Oh|Defog|p2a: Eternatus
|-unboost|p2a: Eternatus|evasion|1
|
|-damage|p2a: Eternatus|85/100 brn|[from] brn
|upkeep
|turn|83
|
|t:|1634965377
|switch|p1a: Blissey|Blissey, F|82/100
|move|p2a: Eternatus|Sludge Bomb|p1a: Blissey
|-damage|p1a: Blissey|67/100
|-damage|p2a: Eternatus|75/100 brn|[from] item: Life Orb
|
|-damage|p2a: Eternatus|68/100 brn|[from] brn
|upkeep
|turn|84
|
|t:|1634965380
|switch|p2a: Necrozma|Necrozma-Dusk-Mane|94/100
|move|p1a: Blissey|Soft-Boiled|p1a: Blissey
|-heal|p1a: Blissey|100/100
|
|upkeep
|turn|85
|
|t:|1634965382
|switch|p1a: Ho-Oh|Ho-Oh|100/100
|move|p2a: Necrozma|Stealth Rock|p1a: Ho-Oh
|-sidestart|p1: Pkmn3443|move: Stealth Rock
|
|upkeep
|turn|86
|
|t:|1634965386
|switch|p2a: Eternatus|Eternatus|68/100 brn
|-ability|p2a: Eternatus|Pressure
|move|p1a: Ho-Oh|Defog|p2a: Eternatus
|-unboost|p2a: Eternatus|evasion|1
|-sideend|p1: Pkmn3443|Stealth Rock|[from] move: Defog|[of] p1a: Ho-Oh
|
|-damage|p2a: Eternatus|62/100 brn|[from] brn
|upkeep
|turn|87
|
|t:|1634965395
|switch|p1a: Blissey|Blissey, F|100/100
|move|p2a: Eternatus|Recover|p2a: Eternatus
|-heal|p2a: Eternatus|100/100 brn
|
|-damage|p2a: Eternatus|94/100 brn|[from] brn
|upkeep
|turn|88
|
|t:|1634965398
|switch|p2a: Necrozma|Necrozma-Dusk-Mane|94/100
|move|p1a: Blissey|Seismic Toss|p2a: Necrozma
|-damage|p2a: Necrozma|68/100
|
|upkeep
|turn|89
|
|t:|1634965403
|switch|p1a: Ho-Oh|Ho-Oh|100/100
|move|p2a: Necrozma|Stealth Rock|p1a: Ho-Oh
|-sidestart|p1: Pkmn3443|move: Stealth Rock
|
|upkeep
|turn|90
|
|t:|1634965408
|switch|p2a: Eternatus|Eternatus|94/100 brn
|-ability|p2a: Eternatus|Pressure
|move|p1a: Ho-Oh|Defog|p2a: Eternatus
|-unboost|p2a: Eternatus|evasion|1
|-sideend|p1: Pkmn3443|Stealth Rock|[from] move: Defog|[of] p1a: Ho-Oh
|
|-damage|p2a: Eternatus|88/100 brn|[from] brn
|upkeep
|turn|91
|
|t:|1634965413
|switch|p1a: Blissey|Blissey, F|100/100
|move|p2a: Eternatus|Flamethrower|p1a: Blissey
|-damage|p1a: Blissey|89/100
|-damage|p2a: Eternatus|78/100 brn|[from] item: Life Orb
|
|-damage|p2a: Eternatus|72/100 brn|[from] brn
|upkeep
|turn|92
|
|t:|1634965416
|switch|p2a: Necrozma|Necrozma-Dusk-Mane|68/100
|move|p1a: Blissey|Seismic Toss|p2a: Necrozma
|-damage|p2a: Necrozma|42/100
|
|upkeep
|turn|93
|
|t:|1634965424
|switch|p1a: Yveltal|Yveltal|84/100
|-ability|p1a: Yveltal|Dark Aura
|move|p2a: Necrozma|Stealth Rock|p1a: Yveltal
|-sidestart|p1: Pkmn3443|move: Stealth Rock
|
|upkeep
|turn|94
|
|t:|1634965427
|switch|p2a: Eternatus|Eternatus|72/100 brn
|-ability|p2a: Eternatus|Pressure
|move|p1a: Yveltal|Knock Off|p2a: Eternatus
|-damage|p2a: Eternatus|30/100 brn
|-enditem|p2a: Eternatus|Life Orb|[from] move: Knock Off|[of] p1a: Yveltal
|
|-damage|p2a: Eternatus|24/100 brn|[from] brn
|upkeep
|turn|95
|
|t:|1634965431
|switch|p1a: Ho-Oh|Ho-Oh|100/100
|-damage|p1a: Ho-Oh|51/100|[from] Stealth Rock
|move|p2a: Eternatus|Recover|p2a: Eternatus
|-heal|p2a: Eternatus|74/100 brn
|
|-damage|p2a: Eternatus|68/100 brn|[from] brn
|upkeep
|turn|96
|
|t:|1634965435
|move|p2a: Eternatus|Sludge Bomb|p1a: Ho-Oh
|-damage|p1a: Ho-Oh|27/100
|move|p1a: Ho-Oh|Defog|p2a: Eternatus
|-unboost|p2a: Eternatus|evasion|1
|-sideend|p1: Pkmn3443|Stealth Rock|[from] move: Defog|[of] p1a: Ho-Oh
|
|-damage|p2a: Eternatus|61/100 brn|[from] brn
|upkeep
|turn|97
|
|t:|1634965444
|switch|p2a: Necrozma|Necrozma-Dusk-Mane|42/100
|switch|p1a: Blissey|Blissey, F|89/100
|
|upkeep
|turn|98
|
|t:|1634965449
|switch|p1a: Ho-Oh|Ho-Oh|60/100
|move|p2a: Necrozma|Stealth Rock|p1a: Ho-Oh
|-sidestart|p1: Pkmn3443|move: Stealth Rock
|
|upkeep
|turn|99
|
|t:|1634965452
|switch|p2a: Zekrom|Zekrom|46/100
|-ability|p2a: Zekrom|Teravolt
|move|p1a: Ho-Oh|Defog|p2a: Zekrom
|-unboost|p2a: Zekrom|evasion|1
|-sideend|p1: Pkmn3443|Stealth Rock|[from] move: Defog|[of] p1a: Ho-Oh
|
|-heal|p2a: Zekrom|52/100|[from] item: Leftovers
|upkeep
|turn|100
|
|t:|1634965460
|move|p2a: Zekrom|Dragon Claw|p1a: Ho-Oh
|-damage|p1a: Ho-Oh|26/100
|move|p1a: Ho-Oh|Toxic|p2a: Zekrom
|-status|p2a: Zekrom|tox
|
|-heal|p2a: Zekrom|58/100 tox|[from] item: Leftovers
|-damage|p2a: Zekrom|52/100 tox|[from] psn
|upkeep
|turn|101
|
|t:|1634965466
|switch|p1a: Yveltal|Yveltal|84/100
|-ability|p1a: Yveltal|Dark Aura
|move|p2a: Zekrom|Dragon Claw|p1a: Yveltal
|-damage|p1a: Yveltal|32/100
|
|-heal|p2a: Zekrom|58/100 tox|[from] item: Leftovers
|-damage|p2a: Zekrom|46/100 tox|[from] psn
|upkeep
|turn|102
|
|t:|1634965477
|switch|p2a: Xerneas|Xerneas|88/100
|-ability|p2a: Xerneas|Fairy Aura
|move|p1a: Yveltal|Knock Off|p2a: Xerneas
|-resisted|p2a: Xerneas
|-damage|p2a: Xerneas|64/100
|-enditem|p2a: Xerneas|Power Herb|[from] move: Knock Off|[of] p1a: Yveltal
|
|upkeep
|turn|103
|
|t:|1634965483
|switch|p1a: Ho-Oh|Ho-Oh|59/100
|move|p2a: Xerneas|Aromatherapy|p2a: Xerneas
|-activate|p2a: Xerneas|move: Aromatherapy
|-curestatus|p2: Eternatus|brn|[msg]
|-curestatus|p2: Zekrom|tox|[msg]
|
|upkeep
|turn|104
|
|t:|1634965489
|switch|p2a: Eternatus|Eternatus|61/100
|-ability|p2a: Eternatus|Pressure
|switch|p1a: Blissey|Blissey, F|89/100
|
|upkeep
|turn|105
|
|t:|1634965496
|switch|p2a: Calyrex|Calyrex-Shadow|54/100
|-ability|p2a: Calyrex|As One
|-ability|p2a: Calyrex|Unnerve
|switch|p1a: Ho-Oh|Ho-Oh|93/100
|
|upkeep
|turn|106
|
|t:|1634965500
|switch|p2a: Eternatus|Eternatus|61/100
|-ability|p2a: Eternatus|Pressure
|move|p1a: Ho-Oh|Toxic|p2a: Eternatus
|-immune|p2a: Eternatus
|
|upkeep
|turn|107
|
|t:|1634965507
|switch|p1a: Blissey|Blissey, F|89/100
|move|p2a: Eternatus|Flamethrower|p1a: Blissey
|-damage|p1a: Blissey|81/100
|
|upkeep
|turn|108
|
|t:|1634965513
|switch|p2a: Calyrex|Calyrex-Shadow|54/100
|-ability|p2a: Calyrex|As One
|-ability|p2a: Calyrex|Unnerve
|move|p1a: Blissey|Seismic Toss|p2a: Calyrex
|-immune|p2a: Calyrex
|
|upkeep
|turn|109
|
|t:|1634965524
|switch|p1a: Ho-Oh|Ho-Oh|100/100
|move|p2a: Calyrex|Leech Seed|p1a: Ho-Oh
|-start|p1a: Ho-Oh|move: Leech Seed
|
|-damage|p1a: Ho-Oh|88/100|[from] Leech Seed|[of] p2a: Calyrex
|-heal|p2a: Calyrex|68/100|[silent]
|upkeep
|turn|110
|
|t:|1634965537
|switch|p2a: Eternatus|Eternatus|61/100
|-ability|p2a: Eternatus|Pressure
|switch|p1a: Blissey|Blissey, F|81/100
|
|upkeep
|turn|111
|
|t:|1634965545
|switch|p2a: Calyrex|Calyrex-Shadow|68/100
|-ability|p2a: Calyrex|As One
|-ability|p2a: Calyrex|Unnerve
|move|p1a: Blissey|Seismic Toss|p2a: Calyrex
|-immune|p2a: Calyrex
|
|upkeep
|turn|112
|
|t:|1634965551
|switch|p1a: Ho-Oh|Ho-Oh|100/100
|move|p2a: Calyrex|Leech Seed|p1a: Ho-Oh
|-start|p1a: Ho-Oh|move: Leech Seed
|
|-damage|p1a: Ho-Oh|88/100|[from] Leech Seed|[of] p2a: Calyrex
|-heal|p2a: Calyrex|83/100|[silent]
|upkeep
|turn|113
|
|t:|1634965555
|switch|p1a: Blissey|Blissey, F|81/100
|move|p2a: Calyrex|Substitute|p2a: Calyrex
|-start|p2a: Calyrex|Substitute
|-damage|p2a: Calyrex|58/100
|
|upkeep
|turn|114
|
|t:|1634965562
|move|p2a: Calyrex|Leech Seed|p1a: Blissey
|-start|p1a: Blissey|move: Leech Seed
|move|p1a: Blissey|Confide|p2a: Calyrex
|-unboost|p2a: Calyrex|spa|1
|
|-damage|p1a: Blissey|68/100|[from] Leech Seed|[of] p2a: Calyrex
|-heal|p2a: Calyrex|83/100|[silent]
|upkeep
|turn|115
|
|t:|1634965567
|switch|p1a: Ho-Oh|Ho-Oh|100/100
|move|p2a: Calyrex|Psyshock|p1a: Ho-Oh
|-damage|p1a: Ho-Oh|77/100
|
|upkeep
|turn|116
|
|t:|1634965575
|move|p2a: Calyrex|Psyshock|p1a: Ho-Oh
|-damage|p1a: Ho-Oh|55/100
|move|p1a: Ho-Oh|Whirlwind|p2a: Calyrex
|drag|p2a: Yveltal|Yveltal|47/100
|-ability|p2a: Yveltal|Dark Aura
|
|upkeep
|turn|117
|l| The Shitpoopers
|
|t:|1634965583
|move|p2a: Yveltal|U-turn|p1a: Ho-Oh
|-resisted|p1a: Ho-Oh
|-damage|p1a: Ho-Oh|52/100
|
|t:|1634965586
|switch|p2a: Eternatus|Eternatus|61/100|[from]move: U-turn
|-ability|p2a: Eternatus|Pressure
|move|p1a: Ho-Oh|Toxic|p2a: Eternatus
|-immune|p2a: Eternatus
|
|upkeep
|turn|118
|
|t:|1634965595
|switch|p1a: Blissey|Blissey, F|68/100
|move|p2a: Eternatus|Sludge Bomb|p1a: Blissey
|-damage|p1a: Blissey|54/100
|
|upkeep
|turn|119
|
|t:|1634965600
|switch|p2a: Calyrex|Calyrex-Shadow|83/100
|-ability|p2a: Calyrex|As One
|-ability|p2a: Calyrex|Unnerve
|move|p1a: Blissey|Soft-Boiled|p1a: Blissey
|-heal|p1a: Blissey|100/100
|
|upkeep
|turn|120
|
|t:|1634965604
|switch|p1a: Ho-Oh|Ho-Oh|85/100
|move|p2a: Calyrex|Psyshock|p1a: Ho-Oh
|-damage|p1a: Ho-Oh|53/100
|
|upkeep
|turn|121
|
|t:|1634965610
|switch|p1a: Yveltal|Yveltal|32/100
|-ability|p1a: Yveltal|Dark Aura
|move|p2a: Calyrex|Substitute|p2a: Calyrex
|-start|p2a: Calyrex|Substitute
|-damage|p2a: Calyrex|58/100
|
|upkeep
|turn|122
|
|t:|1634965616
|switch|p1a: Ho-Oh|Ho-Oh|86/100
|move|p2a: Calyrex|Astral Barrage|p1a: Ho-Oh
|-crit|p1a: Ho-Oh
|-damage|p1a: Ho-Oh|28/100
|
|upkeep
|turn|123
|
|t:|1634965624
|switch|p1a: Yveltal|Yveltal|32/100
|-ability|p1a: Yveltal|Dark Aura
|move|p2a: Calyrex|Astral Barrage|p1a: Yveltal
|-resisted|p1a: Yveltal
|-damage|p1a: Yveltal|0 fnt
|faint|p1a: Yveltal
|-ability|p2a: Calyrex|Grim Neigh|boost
|-boost|p2a: Calyrex|spa|1
|
|upkeep
|
|t:|1634965626
|switch|p1a: Ho-Oh|Ho-Oh|61/100
|turn|124
|
|t:|1634965629
|move|p2a: Calyrex|Astral Barrage|p1a: Ho-Oh
|-damage|p1a: Ho-Oh|0 fnt
|faint|p1a: Ho-Oh
|-ability|p2a: Calyrex|Grim Neigh|boost
|-boost|p2a: Calyrex|spa|1
|
|upkeep
|
|t:|1634965631
|switch|p1a: Blissey|Blissey, F|100/100
|turn|125
|
|t:|1634965633
|move|p2a: Calyrex|Psyshock|p1a: Blissey
|-damage|p1a: Blissey|0 fnt
|faint|p1a: Blissey
|
|win|Rell27
|raw|Pkmn3443's rating: 1548 &rarr; <strong>1529</strong><br />(-19 for losing)
|raw|Rell27's rating: 1557 &rarr; <strong>1576</strong><br />(+19 for winning)
