|j|☆Ryrissuu
|j|☆Dante Grimm
|t:|1663752155
|gametype|singles
|player|p1|Ryrissuu|hilbert|1566
|player|p2|Dante Grimm|1|1522
|teamsize|p1|6
|teamsize|p2|6
|gen|8
|tier|[Gen 8] Ubers
|rated|
|rule|Sleep Clause Mod: Limit one foe put to sleep
|rule|Species Clause: Limit one of each Pokémon
|rule|OHKO Clause: OHKO moves are banned
|rule|Evasion Items Clause: Evasion items are banned
|rule|Evasion Moves Clause: Evasion moves are banned
|rule|Endless Battle Clause: Forcing endless battles is banned
|rule|HP Percentage Mod: HP is shown in percentages
|rule|Dynamax Clause: You cannot dynamax
|clearpoke
|poke|p1|Giratina-Origin|
|poke|p1|Groudon|
|poke|p1|Genesect|
|poke|p1|Kyurem-Black|
|poke|p1|Lugia|
|poke|p1|Yveltal|
|poke|p2|Necrozma-Dusk-Mane|
|poke|p2|Kyogre|
|poke|p2|Yveltal|
|poke|p2|Calyrex-Shadow|
|poke|p2|Zygarde|
|poke|p2|Xerneas-*|
|teampreview
|
|t:|1663752163
|start
|switch|p1a: Lugia|Lugia|100/100
|switch|p2a: Kyogre|Kyogre|100/100
|-ability|p1a: Lugia|Pressure
|-weather|RainDance|[from] ability: Drizzle|[of] p2a: Kyogre
|turn|1
|
|t:|1663752167
|move|p1a: Lugia|Light Screen|p1a: Lugia
|-sidestart|p1: Ryrissuu|move: Light Screen
|move|p2a: Kyogre|Water Spout|p1a: Lugia
|-damage|p1a: Lugia|42/100
|
|-weather|RainDance|[upkeep]
|upkeep
|turn|2
|
|t:|1663752171
|switch|p1a: Giratina|Giratina-Origin|100/100
|move|p2a: Kyogre|Water Spout|p1a: Giratina
|-resisted|p1a: Giratina
|-damage|p1a: Giratina|68/100
|
|-weather|RainDance|[upkeep]
|upkeep
|turn|3
|
|t:|1663752180
|switch|p2a: Yveltal|Yveltal|100/100
|-ability|p2a: Yveltal|Dark Aura
|move|p1a: Giratina|Draco Meteor|p2a: Yveltal
|-damage|p2a: Yveltal|61/100
|-unboost|p1a: Giratina|spa|2
|
|-weather|RainDance|[upkeep]
|upkeep
|turn|4
|
|t:|1663752188
|move|p2a: Yveltal|Knock Off|p1a: Giratina
|-supereffective|p1a: Giratina
|-damage|p1a: Giratina|20/100
|move|p1a: Giratina|Will-O-Wisp|p2a: Yveltal
|-status|p2a: Yveltal|brn
|
|-weather|RainDance|[upkeep]
|-damage|p2a: Yveltal|55/100 brn|[from] brn
|upkeep
|turn|5
|
|t:|1663752195
|switch|p1a: Lugia|Lugia|42/100
|-ability|p1a: Lugia|Pressure
|move|p2a: Yveltal|Knock Off|p1a: Lugia
|-supereffective|p1a: Lugia
|-damage|p1a: Lugia|3/100
|-enditem|p1a: Lugia|Light Clay|[from] move: Knock Off|[of] p2a: Yveltal
|
|-weather|none
|-damage|p2a: Yveltal|49/100 brn|[from] brn
|upkeep
|turn|6
|
|t:|1663752199
|move|p1a: Lugia|Reflect|p1a: Lugia
|-sidestart|p1: Ryrissuu|Reflect
|move|p2a: Yveltal|Knock Off|p1a: Lugia
|-supereffective|p1a: Lugia
|-damage|p1a: Lugia|0 fnt
|faint|p1a: Lugia
|
|-damage|p2a: Yveltal|43/100 brn|[from] brn
|upkeep
|
|t:|1663752204
|switch|p1a: Groudon|Groudon|100/100
|-weather|SunnyDay|[from] ability: Drought|[of] p1a: Groudon
|turn|7
|
|t:|1663752210
|switch|p2a: Kyogre|Kyogre|100/100
|-weather|RainDance|[from] ability: Drizzle|[of] p2a: Kyogre
|move|p1a: Groudon|Swords Dance|p1a: Groudon
|-boost|p1a: Groudon|atk|2
|
|-weather|RainDance|[upkeep]
|upkeep
|turn|8
|
|t:|1663752217
|move|p2a: Kyogre|Water Spout|p1a: Groudon
|-supereffective|p1a: Groudon
|-damage|p1a: Groudon|0 fnt
|faint|p1a: Groudon
|
|-weather|RainDance|[upkeep]
|-sideend|p1: Ryrissuu|move: Light Screen
|upkeep
|-message|Ryrissuu forfeited.
|
|win|Dante Grimm
|raw|Ryrissuu's rating: 1566 &rarr; <strong>1543</strong><br />(-23 for losing)
|raw|Dante Grimm's rating: 1522 &rarr; <strong>1545</strong><br />(+23 for winning)
|l|☆Ryrissuu
