|raw|<div class="broadcast-blue"><strong>This battle is required to be public due to a player having a name starting with 'ult9ns'.</div>
|j|☆ULT9NS★Shionツ
|j|☆ProXXDev
|t:|1653437632
|gametype|singles
|player|p1|ULT9NS★Shionツ|unknown|1596
|player|p2|ProXXDev|lucas|1805
|teamsize|p1|6
|teamsize|p2|6
|gen|8
|tier|[Gen 8] Ubers
|rated|
|rule|Sleep Clause Mod: Limit one foe put to sleep
|rule|Species Clause: Limit one of each Pokémon
|rule|OHKO Clause: OHKO moves are banned
|rule|Evasion Moves Clause: Evasion moves are banned
|rule|Endless Battle Clause: Forcing endless battles is banned
|rule|HP Percentage Mod: HP is shown in percentages
|rule|Dynamax Clause: You cannot dynamax
|clearpoke
|poke|p1|Aerodactyl, M|
|poke|p1|Weavile, F|
|poke|p1|Yveltal|
|poke|p1|Calyrex-Shadow|
|poke|p1|Necrozma-Dusk-Mane|
|poke|p1|Rayquaza|
|poke|p2|Melmetal|
|poke|p2|Marshadow|
|poke|p2|Necrozma-Dusk-Mane|
|poke|p2|Yveltal|
|poke|p2|Eternatus|
|poke|p2|Groudon|
|teampreview
|inactive|Battle timer is ON: inactive players will automatically lose when time's up. (requested by ProXXDev)
|
|t:|1653437645
|start
|switch|p1a: Aerodactyl|Aerodactyl, M|100/100
|switch|p2a: Melmetal|Melmetal|100/100
|-ability|p1a: Aerodactyl|Pressure
|turn|1
|
|t:|1653437648
|move|p1a: Aerodactyl|Stealth Rock|p2a: Melmetal
|-sidestart|p2: ProXXDev|move: Stealth Rock
|move|p2a: Melmetal|Double Iron Bash|p1a: Aerodactyl
|-supereffective|p1a: Aerodactyl
|-enditem|p1a: Aerodactyl|Focus Sash
|-damage|p1a: Aerodactyl|1/100
|-supereffective|p1a: Aerodactyl
|-damage|p1a: Aerodactyl|0 fnt
|faint|p1a: Aerodactyl
|-hitcount|p1: Aerodactyl|2
|
|upkeep
|
|t:|1653437655
|switch|p1a: Necrozma|Necrozma-Dusk-Mane|100/100
|turn|2
|
|t:|1653437662
|switch|p2a: Groudon|Groudon|100/100
|-damage|p2a: Groudon|94/100|[from] Stealth Rock
|-weather|SunnyDay|[from] ability: Drought|[of] p2a: Groudon
|move|p1a: Necrozma|Dragon Dance|p1a: Necrozma
|-boost|p1a: Necrozma|atk|1
|-boost|p1a: Necrozma|spe|1
|
|-weather|SunnyDay|[upkeep]
|-heal|p2a: Groudon|100/100|[from] item: Leftovers
|upkeep
|turn|3
|
|t:|1653437668
|move|p1a: Necrozma|Sunsteel Strike|p2a: Groudon
|-damage|p2a: Groudon|52/100
|move|p2a: Groudon|Stealth Rock|p1a: Necrozma
|-sidestart|p1: ULT9NS★Shionツ|move: Stealth Rock
|
|-weather|SunnyDay|[upkeep]
|-heal|p2a: Groudon|58/100|[from] item: Leftovers
|upkeep
|turn|4
|
|t:|1653437682
|move|p1a: Necrozma|Sunsteel Strike|p2a: Groudon
|-damage|p2a: Groudon|11/100
|move|p2a: Groudon|Roar|p1a: Necrozma
|drag|p1a: Rayquaza|Rayquaza|100/100
|-damage|p1a: Rayquaza|76/100|[from] Stealth Rock
|-ability|p1a: Rayquaza|Air Lock
|
|-weather|SunnyDay|[upkeep]
|-heal|p2a: Groudon|18/100|[from] item: Leftovers
|upkeep
|turn|5
|j| ULT9NS 369
|
|t:|1653437695
|move|p1a: Rayquaza|Scale Shot|p2a: Groudon
|-damage|p2a: Groudon|10/100
|-damage|p2a: Groudon|3/100
|-damage|p2a: Groudon|0 fnt
|faint|p2a: Groudon
|-hitcount|p2: Groudon|3
|-unboost|p1a: Rayquaza|def|1
|-boost|p1a: Rayquaza|spe|1
|
|-weather|SunnyDay|[upkeep]
|upkeep
|
|t:|1653437706
|switch|p2a: Yveltal|Yveltal|100/100
|-ability|p2a: Yveltal|Dark Aura
|turn|6
|
|t:|1653437715
|move|p1a: Rayquaza|Dragon Ascent|p2a: Yveltal
|-damage|p2a: Yveltal|45/100
|-unboost|p1a: Rayquaza|def|1
|-unboost|p1a: Rayquaza|spd|1
|move|p2a: Yveltal|Foul Play|p1a: Rayquaza
|-damage|p1a: Rayquaza|0 fnt
|faint|p1a: Rayquaza
|
|-weather|none
|upkeep
|
|t:|1653437718
|switch|p1a: Weavile|Weavile, F|100/100
|-damage|p1a: Weavile|76/100|[from] Stealth Rock
|-ability|p1a: Weavile|Pressure
|turn|7
|
|t:|1653437721
|switch|p2a: Melmetal|Melmetal|100/100
|-damage|p2a: Melmetal|94/100|[from] Stealth Rock
|move|p1a: Weavile|Triple Axel|p2a: Melmetal
|-resisted|p2a: Melmetal
|-damage|p2a: Melmetal|91/100
|-resisted|p2a: Melmetal
|-damage|p2a: Melmetal|86/100
|-resisted|p2a: Melmetal
|-damage|p2a: Melmetal|76/100
|-hitcount|p2a: Melmetal|3
|
|upkeep
|turn|8
|
|t:|1653437727
|switch|p1a: Necrozma|Necrozma-Dusk-Mane|100/100
|-damage|p1a: Necrozma|95/100|[from] Stealth Rock
|move|p2a: Melmetal|Double Iron Bash|p1a: Necrozma
|-resisted|p1a: Necrozma
|-damage|p1a: Necrozma|69/100
|-resisted|p1a: Necrozma
|-damage|p1a: Necrozma|41/100
|-hitcount|p1a: Necrozma|2
|
|upkeep
|turn|9
|
|t:|1653437730
|switch|p2a: Yveltal|Yveltal|45/100
|-ability|p2a: Yveltal|Dark Aura
|move|p1a: Necrozma|Earthquake|p2a: Yveltal
|-immune|p2a: Yveltal
|
|upkeep
|turn|10
|
|t:|1653437733
|move|p2a: Yveltal|Foul Play|p1a: Necrozma
|-supereffective|p1a: Necrozma
|-damage|p1a: Necrozma|0 fnt
|faint|p1a: Necrozma
|
|upkeep
|
|t:|1653437735
|switch|p1a: Weavile|Weavile, F|76/100
|-damage|p1a: Weavile|51/100|[from] Stealth Rock
|-ability|p1a: Weavile|Pressure
|turn|11
|
|t:|1653437739
|move|p1a: Weavile|Triple Axel|p2a: Yveltal
|-supereffective|p2a: Yveltal
|-damage|p2a: Yveltal|29/100
|-supereffective|p2a: Yveltal
|-damage|p2a: Yveltal|0 fnt
|faint|p2a: Yveltal
|-hitcount|p2: Yveltal|2
|
|upkeep
|
|t:|1653437742
|switch|p2a: Melmetal|Melmetal|76/100
|-damage|p2a: Melmetal|70/100|[from] Stealth Rock
|turn|12
|
|t:|1653437747
|move|p1a: Weavile|Knock Off|p2a: Melmetal
|-damage|p2a: Melmetal|40/100
|-enditem|p2a: Melmetal|Choice Band|[from] move: Knock Off|[of] p1a: Weavile
|move|p2a: Melmetal|Double Iron Bash|p1a: Weavile
|-supereffective|p1a: Weavile
|-damage|p1a: Weavile|0 fnt
|faint|p1a: Weavile
|-hitcount|p1: Weavile|1
|
|upkeep
|
|t:|1653437750
|switch|p1a: Yveltal|Yveltal|100/100
|-damage|p1a: Yveltal|76/100|[from] Stealth Rock
|-ability|p1a: Yveltal|Dark Aura
|turn|13
|
|t:|1653437754
|move|p1a: Yveltal|Knock Off|p2a: Melmetal
|-damage|p2a: Melmetal|6/100
|move|p2a: Melmetal|Double Iron Bash|p1a: Yveltal
|-damage|p1a: Yveltal|37/100
|-damage|p1a: Yveltal|0 fnt
|faint|p1a: Yveltal
|-hitcount|p1: Yveltal|2
|
|upkeep
|
|t:|1653437756
|switch|p1a: Calyrex|Calyrex-Shadow|100/100
|-ability|p1a: Calyrex|As One
|-ability|p1a: Calyrex|Unnerve
|-damage|p1a: Calyrex|88/100|[from] Stealth Rock
|turn|14
|
|t:|1653437758
|move|p1a: Calyrex|Draining Kiss|p2a: Melmetal
|-resisted|p2a: Melmetal
|-damage|p2a: Melmetal|0 fnt
|-heal|p1a: Calyrex|93/100|[from] drain|[of] p2a: Melmetal
|faint|p2a: Melmetal
|-ability|p1a: Calyrex|Grim Neigh|boost
|-boost|p1a: Calyrex|spa|1
|
|upkeep
|
|t:|1653437760
|switch|p2a: Marshadow|Marshadow|100/100
|-damage|p2a: Marshadow|94/100|[from] Stealth Rock
|turn|15
|
|t:|1653437763
|move|p2a: Marshadow|Shadow Sneak|p1a: Calyrex
|-supereffective|p1a: Calyrex
|-crit|p1a: Calyrex
|-damage|p1a: Calyrex|0 fnt
|faint|p1a: Calyrex
|
|win|ProXXDev
|raw|ULT9NS★Shionツ's rating: 1596 &rarr; <strong>1587</strong><br />(-9 for losing)
|raw|ProXXDev's rating: 1805 &rarr; <strong>1814</strong><br />(+9 for winning)
