|j|☆setusetu
|j|☆PokeDuels
|t:|1629008975
|gametype|singles
|player|p1|setusetu|lyra|1410
|player|p2|PokeDuels|2|1521
|teamsize|p1|6
|teamsize|p2|6
|gen|8
|tier|[Gen 8] Ubers
|rated|
|rule|Sleep Clause Mod: Limit one foe put to sleep
|rule|Species Clause: Limit one of each Pokémon
|rule|OHKO Clause: OHKO moves are banned
|rule|Evasion Moves Clause: Evasion moves are banned
|rule|Endless Battle Clause: Forcing endless battles is banned
|rule|HP Percentage Mod: HP is shown in percentages
|rule|Dynamax Clause: You cannot dynamax
|clearpoke
|poke|p1|Urshifu-*, F|
|poke|p1|Blissey, F|
|poke|p1|Calyrex-Shadow|
|poke|p1|Heatran, F|
|poke|p1|Yveltal|
|poke|p1|Eternatus|
|poke|p2|Tapu Bulu|
|poke|p2|Kyogre|
|poke|p2|Tyranitar, F|
|poke|p2|Blissey, F|
|poke|p2|Lunala|
|poke|p2|Dugtrio, M|
|teampreview
|
|t:|1629008989
|start
|switch|p1a: Yveltal|Yveltal|100/100
|switch|p2a: Dugtrio|Dugtrio, M|100/100
|-ability|p1a: Yveltal|Dark Aura
|turn|1
|
|t:|1629008995
|switch|p2a: Tyranitar|Tyranitar, F|100/100
|-weather|Sandstorm|[from] ability: Sand Stream|[of] p2a: Tyranitar
|move|p1a: Yveltal|Knock Off|p2a: Tyranitar
|-resisted|p2a: Tyranitar
|-damage|p2a: Tyranitar|77/100
|-enditem|p2a: Tyranitar|Leftovers|[from] move: Knock Off|[of] p1a: Yveltal
|
|-weather|Sandstorm|[upkeep]
|-damage|p1a: Yveltal|94/100|[from] Sandstorm
|upkeep
|turn|2
|
|t:|1629009013
|switch|p1a: Urshifu|Urshifu, F|100/100
|move|p2a: Tyranitar|Stealth Rock|p1a: Urshifu
|-sidestart|p1: setusetu|move: Stealth Rock
|
|-weather|Sandstorm|[upkeep]
|-damage|p1a: Urshifu|94/100|[from] Sandstorm
|upkeep
|turn|3
|
|t:|1629009019
|switch|p2a: Tapu Bulu|Tapu Bulu|100/100
|-fieldstart|move: Grassy Terrain|[from] ability: Grassy Surge|[of] p2a: Tapu Bulu
|move|p1a: Urshifu|U-turn|p2a: Tapu Bulu
|-damage|p2a: Tapu Bulu|72/100
|
|t:|1629009023
|switch|p1a: Heatran|Heatran, F|100/100|[from]move: U-turn
|-damage|p1a: Heatran|88/100|[from] Stealth Rock
|
|-weather|Sandstorm|[upkeep]
|-damage|p2a: Tapu Bulu|66/100|[from] Sandstorm
|-heal|p1a: Heatran|94/100|[from] Grassy Terrain
|-heal|p1a: Heatran|100/100|[from] item: Leftovers
|-heal|p2a: Tapu Bulu|72/100|[from] Grassy Terrain
|-heal|p2a: Tapu Bulu|78/100|[from] item: Leftovers
|upkeep
|turn|4
|
|t:|1629009031
|switch|p2a: Dugtrio|Dugtrio, M|100/100
|move|p1a: Heatran|Substitute|p1a: Heatran
|-start|p1a: Heatran|Substitute
|-damage|p1a: Heatran|76/100
|
|-weather|Sandstorm|[upkeep]
|-heal|p1a: Heatran|82/100|[from] Grassy Terrain
|-heal|p1a: Heatran|88/100|[from] item: Leftovers
|upkeep
|turn|5
|
|t:|1629009043
|move|p2a: Dugtrio|Earthquake|p1a: Heatran
|-supereffective|p1a: Heatran
|-end|p1a: Heatran|Substitute
|move|p1a: Heatran|Magma Storm|p2a: Dugtrio
|-damage|p2a: Dugtrio|13/100
|-activate|p2a: Dugtrio|move: Magma Storm|[of] p1a: Heatran
|
|-weather|none
|-heal|p2a: Dugtrio|19/100|[from] Grassy Terrain
|-heal|p1a: Heatran|94/100|[from] Grassy Terrain
|-heal|p1a: Heatran|100/100|[from] item: Leftovers
|-damage|p2a: Dugtrio|7/100|[from] move: Magma Storm|[partiallytrapped]
|upkeep
|turn|6
|
|t:|1629009057
|move|p2a: Dugtrio|Earthquake|p1a: Heatran
|-supereffective|p1a: Heatran
|-damage|p1a: Heatran|0 fnt
|faint|p1a: Heatran
|
|-heal|p2a: Dugtrio|13/100|[from] Grassy Terrain
|-end|p2a: Dugtrio|Magma Storm|[partiallytrapped]|[silent]
|upkeep
|
|t:|1629009066
|switch|p1a: Yveltal|Yveltal|94/100
|-ability|p1a: Yveltal|Dark Aura
|turn|7
|
|t:|1629009071
|switch|p2a: Tyranitar|Tyranitar, F|77/100
|-weather|Sandstorm|[from] ability: Sand Stream|[of] p2a: Tyranitar
|move|p1a: Yveltal|Defog|p2a: Tyranitar
|-unboost|p2a: Tyranitar|evasion|1
|-sideend|p1: setusetu|Stealth Rock|[from] move: Defog|[of] p1a: Yveltal
|-fieldend|move: Grassy Terrain
|
|-weather|Sandstorm|[upkeep]
|-damage|p1a: Yveltal|88/100|[from] Sandstorm
|upkeep
|turn|8
|
|t:|1629009079
|move|p1a: Yveltal|U-turn|p2a: Tyranitar
|-supereffective|p2a: Tyranitar
|-damage|p2a: Tyranitar|45/100
|
|t:|1629009085
|switch|p1a: Urshifu|Urshifu, F|94/100|[from]move: U-turn
|move|p2a: Tyranitar|Rock Blast|p1a: Urshifu
|-resisted|p1a: Urshifu
|-damage|p1a: Urshifu|89/100
|-resisted|p1a: Urshifu
|-damage|p1a: Urshifu|83/100
|-hitcount|p1a: Urshifu|2
|
|-weather|Sandstorm|[upkeep]
|-damage|p1a: Urshifu|77/100|[from] Sandstorm
|upkeep
|turn|9
|
|t:|1629009089
|switch|p2a: Tapu Bulu|Tapu Bulu|78/100
|-fieldstart|move: Grassy Terrain|[from] ability: Grassy Surge|[of] p2a: Tapu Bulu
|move|p1a: Urshifu|Wicked Blow|p2a: Tapu Bulu
|-resisted|p2a: Tapu Bulu
|-crit|p2a: Tapu Bulu
|-damage|p2a: Tapu Bulu|46/100
|
|-weather|Sandstorm|[upkeep]
|-damage|p1a: Urshifu|71/100|[from] Sandstorm
|-damage|p2a: Tapu Bulu|40/100|[from] Sandstorm
|-heal|p1a: Urshifu|77/100|[from] Grassy Terrain
|-heal|p2a: Tapu Bulu|46/100|[from] Grassy Terrain
|-heal|p2a: Tapu Bulu|53/100|[from] item: Leftovers
|upkeep
|turn|10
|
|t:|1629009101
|switch|p1a: Eternatus|Eternatus|100/100
|-ability|p1a: Eternatus|Pressure
|move|p2a: Tapu Bulu|Leech Seed|p1a: Eternatus
|-start|p1a: Eternatus|move: Leech Seed
|
|-weather|Sandstorm|[upkeep]
|-damage|p1a: Eternatus|94/100|[from] Sandstorm
|-damage|p2a: Tapu Bulu|46/100|[from] Sandstorm
|-heal|p1a: Eternatus|100/100|[from] Grassy Terrain
|-heal|p2a: Tapu Bulu|53/100|[from] Grassy Terrain
|-heal|p2a: Tapu Bulu|59/100|[from] item: Leftovers
|-damage|p1a: Eternatus|88/100|[from] Leech Seed|[of] p2a: Tapu Bulu
|-heal|p2a: Tapu Bulu|76/100|[silent]
|upkeep
|turn|11
|
|t:|1629009108
|switch|p2a: Tyranitar|Tyranitar, F|45/100
|move|p1a: Eternatus|Toxic|p2a: Tyranitar
|-status|p2a: Tyranitar|tox
|
|-weather|none
|-heal|p1a: Eternatus|94/100|[from] Grassy Terrain
|-heal|p1a: Eternatus|100/100|[from] item: Black Sludge
|-heal|p2a: Tyranitar|51/100 tox|[from] Grassy Terrain
|-damage|p1a: Eternatus|88/100|[from] Leech Seed|[of] p2a: Tyranitar
|-heal|p2a: Tyranitar|66/100 tox|[silent]
|-damage|p2a: Tyranitar|59/100 tox|[from] psn
|upkeep
|turn|12
|
|t:|1629009118
|switch|p1a: Yveltal|Yveltal|88/100
|-ability|p1a: Yveltal|Dark Aura
|move|p2a: Tyranitar|Stealth Rock|p1a: Yveltal
|-sidestart|p1: setusetu|move: Stealth Rock
|
|-heal|p2a: Tyranitar|66/100 tox|[from] Grassy Terrain
|-damage|p2a: Tyranitar|53/100 tox|[from] psn
|upkeep
|turn|13
|
|t:|1629009122
|move|p1a: Yveltal|Defog|p2a: Tyranitar
|-unboost|p2a: Tyranitar|evasion|1
|-sideend|p1: setusetu|Stealth Rock|[from] move: Defog|[of] p1a: Yveltal
|-fieldend|move: Grassy Terrain
|move|p2a: Tyranitar|Rest|p2a: Tyranitar
|-status|p2a: Tyranitar|slp|[from] move: Rest
|-heal|p2a: Tyranitar|100/100 slp|[silent]
|
|upkeep
|turn|14
|
|t:|1629009132
|switch|p2a: Dugtrio|Dugtrio, M|13/100
|move|p1a: Yveltal|Knock Off|p2a: Dugtrio
|-damage|p2a: Dugtrio|0 fnt
|-enditem|p2a: Dugtrio|Choice Band|[from] move: Knock Off|[of] p1a: Yveltal
|faint|p2a: Dugtrio
|
|upkeep
|
|t:|1629009146
|switch|p2a: Kyogre|Kyogre|100/100
|-weather|RainDance|[from] ability: Drizzle|[of] p2a: Kyogre
|turn|15
|
|t:|1629009150
|switch|p1a: Blissey|Blissey, F|100/100
|move|p2a: Kyogre|Thunder Wave|p1a: Blissey
|-status|p1a: Blissey|par
|
|-weather|RainDance|[upkeep]
|upkeep
|turn|16
|
|t:|1629009157
|move|p2a: Kyogre|Substitute|p2a: Kyogre
|-start|p2a: Kyogre|Substitute
|-damage|p2a: Kyogre|75/100
|cant|p1a: Blissey|par
|
|-weather|RainDance|[upkeep]
|-heal|p2a: Kyogre|82/100|[from] item: Leftovers
|upkeep
|turn|17
|
|t:|1629009162
|move|p2a: Kyogre|Calm Mind|p2a: Kyogre
|-boost|p2a: Kyogre|spa|1
|-boost|p2a: Kyogre|spd|1
|cant|p1a: Blissey|par
|
|-weather|RainDance|[upkeep]
|-heal|p2a: Kyogre|88/100|[from] item: Leftovers
|upkeep
|turn|18
|
|t:|1629009168
|move|p2a: Kyogre|Calm Mind|p2a: Kyogre
|-boost|p2a: Kyogre|spa|1
|-boost|p2a: Kyogre|spd|1
|move|p1a: Blissey|Teleport|p1a: Blissey
|
|t:|1629009172
|switch|p1a: Calyrex|Calyrex-Shadow|100/100|[from]move: Teleport
|-ability|p1a: Calyrex|As One
|-ability|p1a: Calyrex|Unnerve
|
|-weather|RainDance|[upkeep]
|-heal|p2a: Kyogre|94/100|[from] item: Leftovers
|upkeep
|turn|19
|
|t:|1629009177
|move|p1a: Calyrex|Encore|p2a: Kyogre
|-start|p2a: Kyogre|Encore
|move|p2a: Kyogre|Calm Mind|p2a: Kyogre
|-boost|p2a: Kyogre|spa|1
|-boost|p2a: Kyogre|spd|1
|
|-weather|none
|-heal|p2a: Kyogre|99/100|[from] item: Leftovers
|upkeep
|turn|20
|
|t:|1629009185
|switch|p1a: Urshifu|Urshifu, F|77/100
|move|p2a: Kyogre|Calm Mind|p2a: Kyogre
|-boost|p2a: Kyogre|spa|1
|-boost|p2a: Kyogre|spd|1
|
|-heal|p2a: Kyogre|100/100|[from] item: Leftovers
|upkeep
|turn|21
|
|t:|1629009199
|move|p1a: Urshifu|U-turn|p2a: Kyogre
|-end|p2a: Kyogre|Substitute
|
|t:|1629009202
|switch|p1a: Calyrex|Calyrex-Shadow|100/100|[from]move: U-turn
|-ability|p1a: Calyrex|As One
|-ability|p1a: Calyrex|Unnerve
|move|p2a: Kyogre|Calm Mind|p2a: Kyogre
|-boost|p2a: Kyogre|spa|1
|-boost|p2a: Kyogre|spd|1
|
|-end|p2a: Kyogre|Encore
|upkeep
|turn|22
|
|t:|1629009210
|switch|p2a: Tyranitar|Tyranitar, F|100/100 slp
|-weather|Sandstorm|[from] ability: Sand Stream|[of] p2a: Tyranitar
|move|p1a: Calyrex|Encore||[still]
|-fail|p1a: Calyrex
|
|-weather|Sandstorm|[upkeep]
|-damage|p1a: Calyrex|94/100|[from] Sandstorm
|upkeep
|turn|23
|
|t:|1629009219
|switch|p1a: Urshifu|Urshifu, F|77/100
|switch|p2a: Kyogre|Kyogre|100/100
|-weather|RainDance|[from] ability: Drizzle|[of] p2a: Kyogre
|
|-weather|RainDance|[upkeep]
|upkeep
|turn|24
|
|t:|1629009226
|switch|p2a: Tapu Bulu|Tapu Bulu|76/100
|-fieldstart|move: Grassy Terrain|[from] ability: Grassy Surge|[of] p2a: Tapu Bulu
|move|p1a: Urshifu|Wicked Blow|p2a: Tapu Bulu
|-resisted|p2a: Tapu Bulu
|-crit|p2a: Tapu Bulu
|-damage|p2a: Tapu Bulu|41/100
|
|-weather|RainDance|[upkeep]
|-heal|p1a: Urshifu|83/100|[from] Grassy Terrain
|-heal|p2a: Tapu Bulu|47/100|[from] Grassy Terrain
|-heal|p2a: Tapu Bulu|53/100|[from] item: Leftovers
|upkeep
|turn|25
|
|t:|1629009237
|switch|p1a: Eternatus|Eternatus|88/100
|-ability|p1a: Eternatus|Pressure
|move|p2a: Tapu Bulu|Leech Seed|p1a: Eternatus
|-start|p1a: Eternatus|move: Leech Seed
|
|-weather|RainDance|[upkeep]
|-heal|p1a: Eternatus|94/100|[from] Grassy Terrain
|-heal|p1a: Eternatus|100/100|[from] item: Black Sludge
|-heal|p2a: Tapu Bulu|59/100|[from] Grassy Terrain
|-heal|p2a: Tapu Bulu|65/100|[from] item: Leftovers
|-damage|p1a: Eternatus|88/100|[from] Leech Seed|[of] p2a: Tapu Bulu
|-heal|p2a: Tapu Bulu|83/100|[silent]
|upkeep
|turn|26
|
|t:|1629009246
|switch|p1a: Yveltal|Yveltal|88/100
|-ability|p1a: Yveltal|Dark Aura
|switch|p2a: Tyranitar|Tyranitar, F|100/100 slp
|-weather|Sandstorm|[from] ability: Sand Stream|[of] p2a: Tyranitar
|
|-weather|Sandstorm|[upkeep]
|-damage|p1a: Yveltal|82/100|[from] Sandstorm
|upkeep
|turn|27
|
|t:|1629009254
|move|p1a: Yveltal|U-turn|p2a: Tyranitar
|-supereffective|p2a: Tyranitar
|-damage|p2a: Tyranitar|66/100 slp
|
|t:|1629009260
|switch|p1a: Urshifu|Urshifu, F|83/100|[from]move: U-turn
|cant|p2a: Tyranitar|slp
|
|-weather|Sandstorm|[upkeep]
|-damage|p1a: Urshifu|77/100|[from] Sandstorm
|-heal|p1a: Urshifu|83/100|[from] Grassy Terrain
|-heal|p2a: Tyranitar|72/100 slp|[from] Grassy Terrain
|upkeep
|turn|28
|
|t:|1629009266
|switch|p2a: Tapu Bulu|Tapu Bulu|83/100
|move|p1a: Urshifu|U-turn|p2a: Tapu Bulu
|-damage|p2a: Tapu Bulu|54/100
|
|t:|1629009272
|switch|p1a: Calyrex|Calyrex-Shadow|94/100|[from]move: U-turn
|-ability|p1a: Calyrex|As One
|-ability|p1a: Calyrex|Unnerve
|
|-weather|Sandstorm|[upkeep]
|-damage|p1a: Calyrex|88/100|[from] Sandstorm
|-damage|p2a: Tapu Bulu|48/100|[from] Sandstorm
|-heal|p1a: Calyrex|94/100|[from] Grassy Terrain
|-heal|p2a: Tapu Bulu|54/100|[from] Grassy Terrain
|-heal|p2a: Tapu Bulu|60/100|[from] item: Leftovers
|-fieldend|move: Grassy Terrain
|upkeep
|turn|29
|
|t:|1629009282
|switch|p2a: Tyranitar|Tyranitar, F|72/100 slp
|move|p1a: Calyrex|Draining Kiss|p2a: Tyranitar
|-supereffective|p2a: Tyranitar
|-damage|p2a: Tyranitar|54/100 slp
|-heal|p1a: Calyrex|100/100|[from] drain|[of] p2a: Tyranitar
|
|-weather|Sandstorm|[upkeep]
|-damage|p1a: Calyrex|94/100|[from] Sandstorm
|upkeep
|turn|30
|
|t:|1629009289
|switch|p1a: Urshifu|Urshifu, F|83/100
|cant|p2a: Tyranitar|slp
|
|-weather|none
|upkeep
|turn|31
|
|t:|1629009291
|switch|p2a: Tapu Bulu|Tapu Bulu|60/100
|-fieldstart|move: Grassy Terrain|[from] ability: Grassy Surge|[of] p2a: Tapu Bulu
|move|p1a: Urshifu|U-turn|p2a: Tapu Bulu
|-damage|p2a: Tapu Bulu|32/100
|
|t:|1629009300
|switch|p1a: Eternatus|Eternatus|88/100|[from]move: U-turn
|-ability|p1a: Eternatus|Pressure
|
|-heal|p1a: Eternatus|94/100|[from] Grassy Terrain
|-heal|p1a: Eternatus|100/100|[from] item: Black Sludge
|-heal|p2a: Tapu Bulu|39/100|[from] Grassy Terrain
|-heal|p2a: Tapu Bulu|45/100|[from] item: Leftovers
|upkeep
|turn|32
|
|t:|1629009304
|switch|p2a: Blissey|Blissey, F|100/100
|move|p1a: Eternatus|Mystical Fire|p2a: Blissey
|-damage|p2a: Blissey|91/100
|-unboost|p2a: Blissey|spa|1
|
|-heal|p2a: Blissey|98/100|[from] Grassy Terrain
|upkeep
|turn|33
|
|t:|1629009312
|switch|p1a: Yveltal|Yveltal|82/100
|-ability|p1a: Yveltal|Dark Aura
|move|p2a: Blissey|Teleport|p2a: Blissey
|
|t:|1629009315
|switch|p2a: Tapu Bulu|Tapu Bulu|45/100|[from]move: Teleport
|
|-heal|p2a: Tapu Bulu|51/100|[from] Grassy Terrain
|-heal|p2a: Tapu Bulu|57/100|[from] item: Leftovers
|upkeep
|turn|34
|
|t:|1629009320
|move|p1a: Yveltal|Knock Off|p2a: Tapu Bulu
|-resisted|p2a: Tapu Bulu
|-damage|p2a: Tapu Bulu|38/100
|-enditem|p2a: Tapu Bulu|Leftovers|[from] move: Knock Off|[of] p1a: Yveltal
|move|p2a: Tapu Bulu|Leech Seed|p1a: Yveltal
|-start|p1a: Yveltal|move: Leech Seed
|
|-heal|p2a: Tapu Bulu|44/100|[from] Grassy Terrain
|-damage|p1a: Yveltal|70/100|[from] Leech Seed|[of] p2a: Tapu Bulu
|-heal|p2a: Tapu Bulu|58/100|[silent]
|upkeep
|turn|35
|
|t:|1629009329
|move|p1a: Yveltal|U-turn|p2a: Tapu Bulu
|-damage|p2a: Tapu Bulu|45/100
|
|t:|1629009332
|switch|p1a: Eternatus|Eternatus|100/100|[from]move: U-turn
|-ability|p1a: Eternatus|Pressure
|move|p2a: Tapu Bulu|Leech Seed|p1a: Eternatus
|-start|p1a: Eternatus|move: Leech Seed
|
|-heal|p2a: Tapu Bulu|51/100|[from] Grassy Terrain
|-damage|p1a: Eternatus|88/100|[from] Leech Seed|[of] p2a: Tapu Bulu
|-heal|p2a: Tapu Bulu|68/100|[silent]
|-fieldend|move: Grassy Terrain
|upkeep
|turn|36
|
|t:|1629009337
|switch|p1a: Urshifu|Urshifu, F|83/100
|switch|p2a: Blissey|Blissey, F|98/100
|
|upkeep
|turn|37
|
|t:|1629009347
|move|p1a: Urshifu|Close Combat|p2a: Blissey
|-supereffective|p2a: Blissey
|-damage|p2a: Blissey|0 fnt
|-unboost|p1a: Urshifu|def|1
|-unboost|p1a: Urshifu|spd|1
|faint|p2a: Blissey
|
|upkeep
|
|t:|1629009352
|switch|p2a: Lunala|Lunala|100/100
|turn|38
|
|t:|1629009361
|switch|p2a: Kyogre|Kyogre|100/100
|-weather|RainDance|[from] ability: Drizzle|[of] p2a: Kyogre
|switch|p1a: Blissey|Blissey, F|100/100
|
|-weather|RainDance|[upkeep]
|upkeep
|turn|39
|
|t:|1629009372
|move|p2a: Kyogre|Substitute|p2a: Kyogre
|-start|p2a: Kyogre|Substitute
|-damage|p2a: Kyogre|75/100
|move|p1a: Blissey|Thunder Wave||[still]
|-fail|p1a: Blissey
|
|-weather|RainDance|[upkeep]
|-heal|p2a: Kyogre|82/100|[from] item: Leftovers
|upkeep
|turn|40
|
|t:|1629009378
|move|p2a: Kyogre|Thunder Wave|p1a: Blissey
|-status|p1a: Blissey|par
|move|p1a: Blissey|Teleport|p1a: Blissey
|
|t:|1629009387
|-curestatus|p1a: Blissey|par|[from] ability: Natural Cure
|switch|p1a: Eternatus|Eternatus|88/100|[from]move: Teleport
|-ability|p1a: Eternatus|Pressure
|
|-weather|RainDance|[upkeep]
|-heal|p1a: Eternatus|94/100|[from] item: Black Sludge
|-heal|p2a: Kyogre|88/100|[from] item: Leftovers
|upkeep
|turn|41
|
|t:|1629009390
|move|p1a: Eternatus|Dragon Pulse|p2a: Kyogre
|-end|p2a: Kyogre|Substitute
|move|p2a: Kyogre|Thunder Wave|p1a: Eternatus
|-status|p1a: Eternatus|par
|
|-weather|RainDance|[upkeep]
|-heal|p2a: Kyogre|94/100|[from] item: Leftovers
|-heal|p1a: Eternatus|100/100 par|[from] item: Black Sludge
|upkeep
|turn|42
|
|t:|1629009396
|switch|p1a: Calyrex|Calyrex-Shadow|94/100
|-ability|p1a: Calyrex|As One
|-ability|p1a: Calyrex|Unnerve
|move|p2a: Kyogre|Substitute|p2a: Kyogre
|-start|p2a: Kyogre|Substitute
|-damage|p2a: Kyogre|69/100
|
|-weather|none
|-heal|p2a: Kyogre|75/100|[from] item: Leftovers
|upkeep
|turn|43
|
|t:|1629009400
|switch|p2a: Tyranitar|Tyranitar, F|54/100 slp
|-weather|Sandstorm|[from] ability: Sand Stream|[of] p2a: Tyranitar
|move|p1a: Calyrex|Encore||[still]
|-fail|p1a: Calyrex
|
|-weather|Sandstorm|[upkeep]
|-damage|p1a: Calyrex|88/100|[from] Sandstorm
|upkeep
|turn|44
|
|t:|1629009406
|switch|p1a: Urshifu|Urshifu, F|83/100
|-curestatus|p2a: Tyranitar|slp|[msg]
|move|p2a: Tyranitar|Stealth Rock|p1a: Urshifu
|-sidestart|p1: setusetu|move: Stealth Rock
|
|-weather|Sandstorm|[upkeep]
|-damage|p1a: Urshifu|77/100|[from] Sandstorm
|upkeep
|turn|45
|
|t:|1629009414
|switch|p2a: Tapu Bulu|Tapu Bulu|68/100
|-fieldstart|move: Grassy Terrain|[from] ability: Grassy Surge|[of] p2a: Tapu Bulu
|move|p1a: Urshifu|U-turn|p2a: Tapu Bulu
|-damage|p2a: Tapu Bulu|41/100
|
|t:|1629009418
|switch|p1a: Yveltal|Yveltal|70/100|[from]move: U-turn
|-ability|p1a: Yveltal|Dark Aura
|
|-weather|Sandstorm|[upkeep]
|-damage|p1a: Yveltal|64/100|[from] Sandstorm
|-damage|p2a: Tapu Bulu|35/100|[from] Sandstorm
|-heal|p2a: Tapu Bulu|41/100|[from] Grassy Terrain
|upkeep
|turn|46
|
|t:|1629009424
|move|p1a: Yveltal|Defog|p2a: Tapu Bulu
|-unboost|p2a: Tapu Bulu|evasion|1
|-sideend|p1: setusetu|Stealth Rock|[from] move: Defog|[of] p1a: Yveltal
|-fieldend|move: Grassy Terrain
|move|p2a: Tapu Bulu|Leech Seed|p1a: Yveltal
|-start|p1a: Yveltal|move: Leech Seed
|
|-weather|Sandstorm|[upkeep]
|-damage|p1a: Yveltal|58/100|[from] Sandstorm
|-damage|p2a: Tapu Bulu|35/100|[from] Sandstorm
|-damage|p1a: Yveltal|45/100|[from] Leech Seed|[of] p2a: Tapu Bulu
|-heal|p2a: Tapu Bulu|50/100|[silent]
|upkeep
|turn|47
|
|t:|1629009434
|move|p1a: Yveltal|Roost|p1a: Yveltal
|-heal|p1a: Yveltal|95/100
|-singleturn|p1a: Yveltal|move: Roost
|move|p2a: Tapu Bulu|Synthesis|p2a: Tapu Bulu
|-heal|p2a: Tapu Bulu|75/100
|
|-weather|none
|-damage|p1a: Yveltal|83/100|[from] Leech Seed|[of] p2a: Tapu Bulu
|-heal|p2a: Tapu Bulu|89/100|[silent]
|upkeep
|turn|48
|
|t:|1629009442
|move|p1a: Yveltal|Knock Off|p2a: Tapu Bulu
|-resisted|p2a: Tapu Bulu
|-damage|p2a: Tapu Bulu|76/100
|move|p2a: Tapu Bulu|Leech Seed||[still]
|-fail|p2a: Tapu Bulu
|
|-damage|p1a: Yveltal|70/100|[from] Leech Seed|[of] p2a: Tapu Bulu
|-heal|p2a: Tapu Bulu|90/100|[silent]
|upkeep
|turn|49
|
|t:|1629009452
|move|p1a: Yveltal|U-turn|p2a: Tapu Bulu
|-damage|p2a: Tapu Bulu|76/100
|
|t:|1629009455
|switch|p1a: Eternatus|Eternatus|100/100 par|[from]move: U-turn
|-ability|p1a: Eternatus|Pressure
|move|p2a: Tapu Bulu|Leech Seed|p1a: Eternatus|[miss]
|-miss|p2a: Tapu Bulu|p1a: Eternatus
|
|upkeep
|turn|50
|
|t:|1629009465
|switch|p2a: Tyranitar|Tyranitar, F|54/100
|-weather|Sandstorm|[from] ability: Sand Stream|[of] p2a: Tyranitar
|switch|p1a: Yveltal|Yveltal|70/100
|-ability|p1a: Yveltal|Dark Aura
|
|-weather|Sandstorm|[upkeep]
|-damage|p1a: Yveltal|64/100|[from] Sandstorm
|upkeep
|turn|51
|
|t:|1629009491
|move|p1a: Yveltal|U-turn|p2a: Tyranitar
|-supereffective|p2a: Tyranitar
|-crit|p2a: Tyranitar
|-damage|p2a: Tyranitar|7/100
|
|t:|1629009495
|switch|p1a: Urshifu|Urshifu, F|77/100|[from]move: U-turn
|move|p2a: Tyranitar|Rest|p2a: Tyranitar
|-status|p2a: Tyranitar|slp|[from] move: Rest
|-heal|p2a: Tyranitar|100/100 slp|[silent]
|
|-weather|Sandstorm|[upkeep]
|-damage|p1a: Urshifu|71/100|[from] Sandstorm
|upkeep
|turn|52
|
|t:|1629009499
|switch|p2a: Tapu Bulu|Tapu Bulu|76/100
|-fieldstart|move: Grassy Terrain|[from] ability: Grassy Surge|[of] p2a: Tapu Bulu
|move|p1a: Urshifu|U-turn|p2a: Tapu Bulu
|-damage|p2a: Tapu Bulu|52/100
|
|t:|1629009503
|switch|p1a: Eternatus|Eternatus|100/100 par|[from]move: U-turn
|-ability|p1a: Eternatus|Pressure
|
|-weather|Sandstorm|[upkeep]
|-damage|p2a: Tapu Bulu|46/100|[from] Sandstorm
|-damage|p1a: Eternatus|94/100 par|[from] Sandstorm
|-heal|p2a: Tapu Bulu|52/100|[from] Grassy Terrain
|-heal|p1a: Eternatus|100/100 par|[from] Grassy Terrain
|upkeep
|turn|53
|
|t:|1629009510
|switch|p2a: Kyogre|Kyogre|75/100
|-weather|RainDance|[from] ability: Drizzle|[of] p2a: Kyogre
|switch|p1a: Urshifu|Urshifu, F|71/100
|
|-weather|RainDance|[upkeep]
|-heal|p1a: Urshifu|77/100|[from] Grassy Terrain
|-heal|p2a: Kyogre|81/100|[from] Grassy Terrain
|-heal|p2a: Kyogre|88/100|[from] item: Leftovers
|upkeep
|turn|54
|
|t:|1629009516
|switch|p2a: Tapu Bulu|Tapu Bulu|52/100
|move|p1a: Urshifu|Close Combat|p2a: Tapu Bulu
|-resisted|p2a: Tapu Bulu
|-damage|p2a: Tapu Bulu|18/100
|-unboost|p1a: Urshifu|def|1
|-unboost|p1a: Urshifu|spd|1
|
|-weather|RainDance|[upkeep]
|-heal|p1a: Urshifu|83/100|[from] Grassy Terrain
|-heal|p2a: Tapu Bulu|24/100|[from] Grassy Terrain
|upkeep
|turn|55
|
|t:|1629009530
|switch|p1a: Yveltal|Yveltal|64/100
|-ability|p1a: Yveltal|Dark Aura
|switch|p2a: Lunala|Lunala|100/100
|
|-weather|RainDance|[upkeep]
|upkeep
|turn|56
|
|t:|1629009535
|move|p1a: Yveltal|U-turn|p2a: Lunala
|-damage|p2a: Lunala|93/100
|
|t:|1629009537
|switch|p1a: Blissey|Blissey, F|100/100|[from]move: U-turn
|move|p2a: Lunala|Will-O-Wisp|p1a: Blissey
|-status|p1a: Blissey|brn
|
|-weather|RainDance|[upkeep]
|-heal|p2a: Lunala|99/100|[from] Grassy Terrain
|-damage|p1a: Blissey|94/100 brn|[from] brn
|-fieldend|move: Grassy Terrain
|upkeep
|turn|57
|
|t:|1629009543
|move|p2a: Lunala|Roost|p2a: Lunala
|-heal|p2a: Lunala|100/100
|-singleturn|p2a: Lunala|move: Roost
|move|p1a: Blissey|Aromatherapy|p1a: Blissey
|-activate|p1a: Blissey|move: Aromatherapy
|-curestatus|p1a: Blissey|brn|[msg]
|-curestatus|p1: Eternatus|par|[msg]
|
|-weather|none
|upkeep
|turn|58
|
|t:|1629009547
|switch|p2a: Tapu Bulu|Tapu Bulu|24/100
|-fieldstart|move: Grassy Terrain|[from] ability: Grassy Surge|[of] p2a: Tapu Bulu
|move|p1a: Blissey|Thunder Wave|p2a: Tapu Bulu
|-status|p2a: Tapu Bulu|par
|
|-heal|p1a: Blissey|100/100|[from] Grassy Terrain
|-heal|p2a: Tapu Bulu|30/100 par|[from] Grassy Terrain
|upkeep
|turn|59
|
|t:|1629009551
|move|p2a: Tapu Bulu|Leech Seed|p1a: Blissey
|-start|p1a: Blissey|move: Leech Seed
|move|p1a: Blissey|Teleport|p1a: Blissey
|
|t:|1629009557
|switch|p1a: Eternatus|Eternatus|100/100|[from]move: Teleport
|-ability|p1a: Eternatus|Pressure
|
|-heal|p2a: Tapu Bulu|36/100 par|[from] Grassy Terrain
|upkeep
|turn|60
|
|t:|1629009563
|switch|p2a: Tyranitar|Tyranitar, F|100/100 slp
|-weather|Sandstorm|[from] ability: Sand Stream|[of] p2a: Tyranitar
|move|p1a: Eternatus|Mystical Fire|p2a: Tyranitar
|-resisted|p2a: Tyranitar
|-damage|p2a: Tyranitar|96/100 slp
|-unboost|p2a: Tyranitar|spa|1
|
|-weather|Sandstorm|[upkeep]
|-damage|p1a: Eternatus|94/100|[from] Sandstorm
|-heal|p1a: Eternatus|100/100|[from] Grassy Terrain
|-heal|p2a: Tyranitar|100/100 slp|[from] Grassy Terrain
|upkeep
|turn|61
|
|t:|1629009569
|switch|p2a: Kyogre|Kyogre|88/100
|-weather|RainDance|[from] ability: Drizzle|[of] p2a: Kyogre
|move|p1a: Eternatus|Mystical Fire|p2a: Kyogre
|-resisted|p2a: Kyogre
|-damage|p2a: Kyogre|84/100
|-unboost|p2a: Kyogre|spa|1
|
|-weather|RainDance|[upkeep]
|-heal|p2a: Kyogre|90/100|[from] Grassy Terrain
|-heal|p2a: Kyogre|96/100|[from] item: Leftovers
|upkeep
|turn|62
|
|t:|1629009580
|switch|p2a: Tapu Bulu|Tapu Bulu|36/100 par
|move|p1a: Eternatus|Toxic||[still]
|-fail|p1a: Eternatus
|
|-weather|RainDance|[upkeep]
|-heal|p2a: Tapu Bulu|42/100 par|[from] Grassy Terrain
|-fieldend|move: Grassy Terrain
|upkeep
|turn|63
|
|t:|1629009586
|switch|p2a: Tyranitar|Tyranitar, F|100/100 slp
|-weather|Sandstorm|[from] ability: Sand Stream|[of] p2a: Tyranitar
|move|p1a: Eternatus|Mystical Fire|p2a: Tyranitar
|-resisted|p2a: Tyranitar
|-damage|p2a: Tyranitar|95/100 slp
|-unboost|p2a: Tyranitar|spa|1
|
|-weather|Sandstorm|[upkeep]
|-damage|p1a: Eternatus|94/100|[from] Sandstorm
|-heal|p1a: Eternatus|100/100|[from] item: Black Sludge
|upkeep
|turn|64
|
|t:|1629009591
|switch|p1a: Urshifu|Urshifu, F|83/100
|cant|p2a: Tyranitar|slp
|
|-weather|Sandstorm|[upkeep]
|-damage|p1a: Urshifu|77/100|[from] Sandstorm
|upkeep
|turn|65
|
|t:|1629009595
|move|p1a: Urshifu|U-turn|p2a: Tyranitar
|-supereffective|p2a: Tyranitar
|-damage|p2a: Tyranitar|35/100 slp
|
|t:|1629009600
|switch|p1a: Yveltal|Yveltal|64/100|[from]move: U-turn
|-ability|p1a: Yveltal|Dark Aura
|cant|p2a: Tyranitar|slp
|
|-weather|Sandstorm|[upkeep]
|-damage|p1a: Yveltal|58/100|[from] Sandstorm
|upkeep
|turn|66
|
|t:|1629009607
|move|p1a: Yveltal|U-turn|p2a: Tyranitar
|-supereffective|p2a: Tyranitar
|-damage|p2a: Tyranitar|5/100 slp
|
|t:|1629009610
|switch|p1a: Urshifu|Urshifu, F|77/100|[from]move: U-turn
|-curestatus|p2a: Tyranitar|slp|[msg]
|move|p2a: Tyranitar|Rest|p2a: Tyranitar
|-status|p2a: Tyranitar|slp|[from] move: Rest
|-heal|p2a: Tyranitar|100/100 slp|[silent]
|
|-weather|Sandstorm|[upkeep]
|-damage|p1a: Urshifu|71/100|[from] Sandstorm
|upkeep
|turn|67
|
|t:|1629009618
|switch|p2a: Lunala|Lunala|100/100
|move|p1a: Urshifu|U-turn|p2a: Lunala
|-damage|p2a: Lunala|87/100
|
|t:|1629009621
|switch|p1a: Yveltal|Yveltal|58/100|[from]move: U-turn
|-ability|p1a: Yveltal|Dark Aura
|
|-weather|none
|upkeep
|turn|68
|
|t:|1629009625
|move|p1a: Yveltal|Roost|p1a: Yveltal
|-heal|p1a: Yveltal|100/100
|-singleturn|p1a: Yveltal|move: Roost
|move|p2a: Lunala|Will-O-Wisp|p1a: Yveltal
|-status|p1a: Yveltal|brn
|
|-damage|p1a: Yveltal|94/100 brn|[from] brn
|upkeep
|turn|69
|
|t:|1629009632
|switch|p2a: Tapu Bulu|Tapu Bulu|42/100 par
|-fieldstart|move: Grassy Terrain|[from] ability: Grassy Surge|[of] p2a: Tapu Bulu
|move|p1a: Yveltal|Knock Off|p2a: Tapu Bulu
|-resisted|p2a: Tapu Bulu
|-damage|p2a: Tapu Bulu|37/100 par
|
|-heal|p2a: Tapu Bulu|43/100 par|[from] Grassy Terrain
|-damage|p1a: Yveltal|88/100 brn|[from] brn
|upkeep
|turn|70
|
|t:|1629009638
|move|p1a: Yveltal|U-turn|p2a: Tapu Bulu
|-damage|p2a: Tapu Bulu|36/100 par
|
|t:|1629009639
|switch|p1a: Calyrex|Calyrex-Shadow|88/100|[from]move: U-turn
|-ability|p1a: Calyrex|As One
|-ability|p1a: Calyrex|Unnerve
|move|p2a: Tapu Bulu|Synthesis|p2a: Tapu Bulu
|-heal|p2a: Tapu Bulu|86/100 par
|
|-heal|p1a: Calyrex|94/100|[from] Grassy Terrain
|-heal|p2a: Tapu Bulu|92/100 par|[from] Grassy Terrain
|upkeep
|turn|71
|
|t:|1629009644
|switch|p1a: Urshifu|Urshifu, F|71/100
|switch|p2a: Tyranitar|Tyranitar, F|100/100 slp
|-weather|Sandstorm|[from] ability: Sand Stream|[of] p2a: Tyranitar
|
|-weather|Sandstorm|[upkeep]
|-damage|p1a: Urshifu|65/100|[from] Sandstorm
|-heal|p1a: Urshifu|71/100|[from] Grassy Terrain
|upkeep
|turn|72
|
|t:|1629009649
|switch|p2a: Tapu Bulu|Tapu Bulu|92/100 par
|move|p1a: Urshifu|U-turn|p2a: Tapu Bulu
|-damage|p2a: Tapu Bulu|65/100 par
|
|t:|1629009652
|switch|p1a: Calyrex|Calyrex-Shadow|94/100|[from]move: U-turn
|-ability|p1a: Calyrex|As One
|-ability|p1a: Calyrex|Unnerve
|
|-weather|Sandstorm|[upkeep]
|-damage|p1a: Calyrex|88/100|[from] Sandstorm
|-damage|p2a: Tapu Bulu|59/100 par|[from] Sandstorm
|-heal|p1a: Calyrex|94/100|[from] Grassy Terrain
|-heal|p2a: Tapu Bulu|65/100 par|[from] Grassy Terrain
|upkeep
|turn|73
|
|t:|1629009656
|switch|p2a: Tyranitar|Tyranitar, F|100/100 slp
|move|p1a: Calyrex|Astral Barrage|p2a: Tyranitar
|-resisted|p2a: Tyranitar
|-damage|p2a: Tyranitar|85/100 slp
|
|-weather|Sandstorm|[upkeep]
|-damage|p1a: Calyrex|88/100|[from] Sandstorm
|-heal|p1a: Calyrex|94/100|[from] Grassy Terrain
|-heal|p2a: Tyranitar|91/100 slp|[from] Grassy Terrain
|-fieldend|move: Grassy Terrain
|upkeep
|turn|74
|
|t:|1629009660
|switch|p1a: Urshifu|Urshifu, F|71/100
|cant|p2a: Tyranitar|slp
|
|-weather|Sandstorm|[upkeep]
|-damage|p1a: Urshifu|65/100|[from] Sandstorm
|upkeep
|turn|75
|
|t:|1629009666
|switch|p2a: Tapu Bulu|Tapu Bulu|65/100 par
|-fieldstart|move: Grassy Terrain|[from] ability: Grassy Surge|[of] p2a: Tapu Bulu
|move|p1a: Urshifu|U-turn|p2a: Tapu Bulu
|-damage|p2a: Tapu Bulu|39/100 par
|
|t:|1629009670
|switch|p1a: Eternatus|Eternatus|100/100|[from]move: U-turn
|-ability|p1a: Eternatus|Pressure
|
|-weather|none
|-heal|p2a: Tapu Bulu|45/100 par|[from] Grassy Terrain
|upkeep
|turn|76
|
|t:|1629009676
|switch|p1a: Urshifu|Urshifu, F|65/100
|move|p2a: Tapu Bulu|Synthesis|p2a: Tapu Bulu
|-heal|p2a: Tapu Bulu|95/100 par
|
|-heal|p1a: Urshifu|71/100|[from] Grassy Terrain
|-heal|p2a: Tapu Bulu|100/100 par|[from] Grassy Terrain
|upkeep
|turn|77
|
|t:|1629009680
|move|p1a: Urshifu|U-turn|p2a: Tapu Bulu
|-damage|p2a: Tapu Bulu|73/100 par
|
|t:|1629009687
|switch|p1a: Calyrex|Calyrex-Shadow|94/100|[from]move: U-turn
|-ability|p1a: Calyrex|As One
|-ability|p1a: Calyrex|Unnerve
|move|p2a: Tapu Bulu|Leech Seed|p1a: Calyrex
|-start|p1a: Calyrex|move: Leech Seed
|
|-heal|p1a: Calyrex|100/100|[from] Grassy Terrain
|-heal|p2a: Tapu Bulu|79/100 par|[from] Grassy Terrain
|-damage|p1a: Calyrex|88/100|[from] Leech Seed|[of] p2a: Tapu Bulu
|-heal|p2a: Tapu Bulu|91/100 par|[silent]
|upkeep
|turn|78
|
|t:|1629009691
|switch|p1a: Yveltal|Yveltal|88/100 brn
|-ability|p1a: Yveltal|Dark Aura
|switch|p2a: Tyranitar|Tyranitar, F|91/100 slp
|-weather|Sandstorm|[from] ability: Sand Stream|[of] p2a: Tyranitar
|
|-weather|Sandstorm|[upkeep]
|-damage|p1a: Yveltal|82/100 brn|[from] Sandstorm
|-heal|p2a: Tyranitar|97/100 slp|[from] Grassy Terrain
|-damage|p1a: Yveltal|76/100 brn|[from] brn
|upkeep
|turn|79
|
|t:|1629009698
|move|p1a: Yveltal|U-turn|p2a: Tyranitar
|-supereffective|p2a: Tyranitar
|-damage|p2a: Tyranitar|82/100 slp
|
|t:|1629009703
|switch|p1a: Urshifu|Urshifu, F|71/100|[from]move: U-turn
|cant|p2a: Tyranitar|slp
|
|-weather|Sandstorm|[upkeep]
|-damage|p1a: Urshifu|65/100|[from] Sandstorm
|-heal|p1a: Urshifu|71/100|[from] Grassy Terrain
|-heal|p2a: Tyranitar|88/100 slp|[from] Grassy Terrain
|-fieldend|move: Grassy Terrain
|upkeep
|turn|80
|
|t:|1629009706
|switch|p2a: Tapu Bulu|Tapu Bulu|91/100 par
|-fieldstart|move: Grassy Terrain|[from] ability: Grassy Surge|[of] p2a: Tapu Bulu
|move|p1a: Urshifu|Close Combat|p2a: Tapu Bulu
|-resisted|p2a: Tapu Bulu
|-damage|p2a: Tapu Bulu|56/100 par
|-unboost|p1a: Urshifu|def|1
|-unboost|p1a: Urshifu|spd|1
|
|-weather|Sandstorm|[upkeep]
|-damage|p1a: Urshifu|65/100|[from] Sandstorm
|-damage|p2a: Tapu Bulu|50/100 par|[from] Sandstorm
|-heal|p1a: Urshifu|71/100|[from] Grassy Terrain
|-heal|p2a: Tapu Bulu|56/100 par|[from] Grassy Terrain
|upkeep
|turn|81
|
|t:|1629009714
|switch|p1a: Yveltal|Yveltal|76/100 brn
|-ability|p1a: Yveltal|Dark Aura
|move|p2a: Tapu Bulu|Synthesis|p2a: Tapu Bulu
|-heal|p2a: Tapu Bulu|81/100 par
|
|-weather|Sandstorm|[upkeep]
|-damage|p1a: Yveltal|70/100 brn|[from] Sandstorm
|-damage|p2a: Tapu Bulu|75/100 par|[from] Sandstorm
|-heal|p2a: Tapu Bulu|81/100 par|[from] Grassy Terrain
|-damage|p1a: Yveltal|64/100 brn|[from] brn
|upkeep
|turn|82
|
|t:|1629009718
|move|p1a: Yveltal|U-turn|p2a: Tapu Bulu
|-damage|p2a: Tapu Bulu|74/100 par
|
|t:|1629009722
|switch|p1a: Eternatus|Eternatus|100/100|[from]move: U-turn
|-ability|p1a: Eternatus|Pressure
|cant|p2a: Tapu Bulu|par
|
|-weather|none
|-heal|p2a: Tapu Bulu|80/100 par|[from] Grassy Terrain
|upkeep
|turn|83
|
|t:|1629009728
|switch|p2a: Tyranitar|Tyranitar, F|88/100 slp
|-weather|Sandstorm|[from] ability: Sand Stream|[of] p2a: Tyranitar
|move|p1a: Eternatus|Mystical Fire|p2a: Tyranitar
|-resisted|p2a: Tyranitar
|-crit|p2a: Tyranitar
|-damage|p2a: Tyranitar|81/100 slp
|-unboost|p2a: Tyranitar|spa|1
|
|-weather|Sandstorm|[upkeep]
|-damage|p1a: Eternatus|94/100|[from] Sandstorm
|-heal|p1a: Eternatus|100/100|[from] Grassy Terrain
|-heal|p2a: Tyranitar|88/100 slp|[from] Grassy Terrain
|upkeep
|turn|84
|
|t:|1629009738
|switch|p1a: Urshifu|Urshifu, F|71/100
|-curestatus|p2a: Tyranitar|slp|[msg]
|move|p2a: Tyranitar|Stealth Rock|p1a: Urshifu
|-sidestart|p1: setusetu|move: Stealth Rock
|
|-weather|Sandstorm|[upkeep]
|-damage|p1a: Urshifu|65/100|[from] Sandstorm
|-heal|p1a: Urshifu|71/100|[from] Grassy Terrain
|-heal|p2a: Tyranitar|94/100|[from] Grassy Terrain
|-fieldend|move: Grassy Terrain
|upkeep
|turn|85
|
|t:|1629009743
|switch|p2a: Tapu Bulu|Tapu Bulu|80/100 par
|-fieldstart|move: Grassy Terrain|[from] ability: Grassy Surge|[of] p2a: Tapu Bulu
|move|p1a: Urshifu|U-turn|p2a: Tapu Bulu
|-damage|p2a: Tapu Bulu|55/100 par
|
|t:|1629009747
|switch|p1a: Yveltal|Yveltal|64/100 brn|[from]move: U-turn
|-ability|p1a: Yveltal|Dark Aura
|
|-weather|Sandstorm|[upkeep]
|-damage|p1a: Yveltal|58/100 brn|[from] Sandstorm
|-damage|p2a: Tapu Bulu|49/100 par|[from] Sandstorm
|-heal|p2a: Tapu Bulu|55/100 par|[from] Grassy Terrain
|-damage|p1a: Yveltal|52/100 brn|[from] brn
|upkeep
|turn|86
|
|t:|1629009751
|switch|p2a: Kyogre|Kyogre|96/100
|-weather|RainDance|[from] ability: Drizzle|[of] p2a: Kyogre
|move|p1a: Yveltal|Defog|p2a: Kyogre
|-unboost|p2a: Kyogre|evasion|1
|-sideend|p1: setusetu|Stealth Rock|[from] move: Defog|[of] p1a: Yveltal
|-fieldend|move: Grassy Terrain
|
|-weather|RainDance|[upkeep]
|-heal|p2a: Kyogre|100/100|[from] item: Leftovers
|-damage|p1a: Yveltal|46/100 brn|[from] brn
|upkeep
|turn|87
|inactive|Battle timer is ON: inactive players will automatically lose when time's up. (requested by PokeDuels)
|
|t:|1629009826
|move|p1a: Yveltal|Knock Off|p2a: Kyogre
|-damage|p2a: Kyogre|75/100
|-enditem|p2a: Kyogre|Leftovers|[from] move: Knock Off|[of] p1a: Yveltal
|move|p2a: Kyogre|Substitute|p2a: Kyogre
|-start|p2a: Kyogre|Substitute
|-damage|p2a: Kyogre|50/100
|
|-weather|RainDance|[upkeep]
|-damage|p1a: Yveltal|40/100 brn|[from] brn
|upkeep
|turn|88
|
|t:|1629009832
|move|p1a: Yveltal|Roost|p1a: Yveltal
|-heal|p1a: Yveltal|90/100 brn
|-singleturn|p1a: Yveltal|move: Roost
|move|p2a: Kyogre|Scald|p1a: Yveltal
|-damage|p1a: Yveltal|41/100 brn
|
|-weather|RainDance|[upkeep]
|-damage|p1a: Yveltal|35/100 brn|[from] brn
|upkeep
|turn|89
|
|t:|1629009852
|move|p1a: Yveltal|Roost|p1a: Yveltal
|-heal|p1a: Yveltal|85/100 brn
|-singleturn|p1a: Yveltal|move: Roost
|move|p2a: Kyogre|Scald|p1a: Yveltal
|-damage|p1a: Yveltal|31/100 brn
|
|-weather|RainDance|[upkeep]
|-damage|p1a: Yveltal|25/100 brn|[from] brn
|upkeep
|turn|90
|
|t:|1629009855
|move|p1a: Yveltal|U-turn|p2a: Kyogre
|-activate|p2a: Kyogre|move: Substitute|[damage]
|
|t:|1629009858
|switch|p1a: Blissey|Blissey, F|100/100|[from]move: U-turn
|move|p2a: Kyogre|Scald|p1a: Blissey
|-damage|p1a: Blissey|71/100
|
|-weather|none
|upkeep
|turn|91
|
|t:|1629009862
|move|p2a: Kyogre|Thunder Wave|p1a: Blissey
|-status|p1a: Blissey|par
|move|p1a: Blissey|Aromatherapy|p1a: Blissey
|-activate|p1a: Blissey|move: Aromatherapy
|-curestatus|p1a: Blissey|par|[msg]
|-curestatus|p1: Yveltal|brn|[msg]
|
|upkeep
|turn|92
|
|t:|1629009866
|move|p2a: Kyogre|Thunder Wave|p1a: Blissey
|-status|p1a: Blissey|par
|move|p1a: Blissey|Teleport|p1a: Blissey
|
|t:|1629009869
|-curestatus|p1a: Blissey|par|[from] ability: Natural Cure
|switch|p1a: Yveltal|Yveltal|25/100|[from]move: Teleport
|-ability|p1a: Yveltal|Dark Aura
|
|upkeep
|turn|93
|
|t:|1629009873
|move|p1a: Yveltal|Roost|p1a: Yveltal
|-heal|p1a: Yveltal|75/100
|-singleturn|p1a: Yveltal|move: Roost
|move|p2a: Kyogre|Scald|p1a: Yveltal
|-damage|p1a: Yveltal|38/100
|
|upkeep
|turn|94
|
|t:|1629009879
|move|p1a: Yveltal|Roost|p1a: Yveltal
|-heal|p1a: Yveltal|88/100
|-singleturn|p1a: Yveltal|move: Roost
|move|p2a: Kyogre|Thunder Wave|p1a: Yveltal
|-status|p1a: Yveltal|par
|
|upkeep
|turn|95
|
|t:|1629009888
|move|p2a: Kyogre|Scald|p1a: Yveltal
|-damage|p1a: Yveltal|53/100 par
|move|p1a: Yveltal|U-turn|p2a: Kyogre
|-end|p2a: Kyogre|Substitute
|
|t:|1629009892
|switch|p1a: Urshifu|Urshifu, F|71/100|[from]move: U-turn
|
|upkeep
|turn|96
|
|t:|1629009895
|switch|p2a: Tapu Bulu|Tapu Bulu|55/100 par
|-fieldstart|move: Grassy Terrain|[from] ability: Grassy Surge|[of] p2a: Tapu Bulu
|move|p1a: Urshifu|Wicked Blow|p2a: Tapu Bulu
|-resisted|p2a: Tapu Bulu
|-crit|p2a: Tapu Bulu
|-damage|p2a: Tapu Bulu|21/100 par
|
|-heal|p1a: Urshifu|77/100|[from] Grassy Terrain
|-heal|p2a: Tapu Bulu|28/100 par|[from] Grassy Terrain
|upkeep
|turn|97
|
|t:|1629009901
|move|p1a: Urshifu|Wicked Blow|p2a: Tapu Bulu
|-resisted|p2a: Tapu Bulu
|-crit|p2a: Tapu Bulu
|-damage|p2a: Tapu Bulu|0 fnt
|faint|p2a: Tapu Bulu
|
|-heal|p1a: Urshifu|83/100|[from] Grassy Terrain
|upkeep
|
|t:|1629009907
|switch|p2a: Tyranitar|Tyranitar, F|94/100
|-weather|Sandstorm|[from] ability: Sand Stream|[of] p2a: Tyranitar
|turn|98
|
|t:|1629009912
|switch|p1a: Eternatus|Eternatus|100/100
|-ability|p1a: Eternatus|Pressure
|move|p2a: Tyranitar|Stealth Rock|p1a: Eternatus
|-sidestart|p1: setusetu|move: Stealth Rock
|
|-weather|Sandstorm|[upkeep]
|-damage|p1a: Eternatus|94/100|[from] Sandstorm
|-heal|p1a: Eternatus|100/100|[from] Grassy Terrain
|-heal|p2a: Tyranitar|99/100|[from] Grassy Terrain
|upkeep
|turn|99
|
|t:|1629009919
|move|p1a: Eternatus|Toxic|p2a: Tyranitar
|-status|p2a: Tyranitar|tox
|move|p2a: Tyranitar|Rock Blast|p1a: Eternatus
|-damage|p1a: Eternatus|93/100
|-damage|p1a: Eternatus|86/100
|-damage|p1a: Eternatus|79/100
|-damage|p1a: Eternatus|72/100
|-damage|p1a: Eternatus|65/100
|-hitcount|p1a: Eternatus|5
|
|-weather|Sandstorm|[upkeep]
|-damage|p1a: Eternatus|59/100|[from] Sandstorm
|-heal|p1a: Eternatus|65/100|[from] Grassy Terrain
|-heal|p1a: Eternatus|71/100|[from] item: Black Sludge
|-heal|p2a: Tyranitar|100/100 tox|[from] Grassy Terrain
|-damage|p2a: Tyranitar|94/100 tox|[from] psn
|upkeep
|turn|100
|
|t:|1629009930
|switch|p2a: Kyogre|Kyogre|50/100
|-weather|RainDance|[from] ability: Drizzle|[of] p2a: Kyogre
|move|p1a: Eternatus|Dragon Pulse|p2a: Kyogre
|-damage|p2a: Kyogre|26/100
|
|-weather|RainDance|[upkeep]
|-heal|p1a: Eternatus|78/100|[from] Grassy Terrain
|-heal|p1a: Eternatus|84/100|[from] item: Black Sludge
|-heal|p2a: Kyogre|32/100|[from] Grassy Terrain
|-fieldend|move: Grassy Terrain
|upkeep
|turn|101
|
|t:|1629009936
|move|p1a: Eternatus|Toxic|p2a: Kyogre
|-status|p2a: Kyogre|tox
|move|p2a: Kyogre|Thunder Wave|p1a: Eternatus
|-status|p1a: Eternatus|par
|
|-weather|RainDance|[upkeep]
|-heal|p1a: Eternatus|90/100 par|[from] item: Black Sludge
|-damage|p2a: Kyogre|26/100 tox|[from] psn
|upkeep
|turn|102
|-message|PokeDuels forfeited.
|
|win|setusetu
|raw|setusetu's rating: 1410 &rarr; <strong>1436</strong><br />(+26 for winning)
|raw|PokeDuels's rating: 1521 &rarr; <strong>1495</strong><br />(-26 for losing)
|l|☆PokeDuels
