|raw|<div class="broadcast-blue"><strong>This battle is required to be public due to a player having a name starting with 'ult4pdr'.</div>
|j|☆ULT4PDR skimmy
|j|☆dun 26
|t:|1654252330
|gametype|singles
|player|p1|ULT4PDR skimmy|dawn|1650
|player|p2|dun 26|skyla|1618
|teamsize|p1|6
|teamsize|p2|6
|gen|8
|tier|[Gen 8] Ubers
|rated|
|rule|Sleep Clause Mod: Limit one foe put to sleep
|rule|Species Clause: Limit one of each Pokémon
|rule|OHKO Clause: OHKO moves are banned
|rule|Evasion Moves Clause: Evasion moves are banned
|rule|Endless Battle Clause: Forcing endless battles is banned
|rule|HP Percentage Mod: HP is shown in percentages
|rule|Dynamax Clause: You cannot dynamax
|clearpoke
|poke|p1|Xerneas-*|
|poke|p1|Necrozma-Dusk-Mane|
|poke|p1|Yveltal|
|poke|p1|Eternatus|
|poke|p1|Groudon|
|poke|p1|Calyrex-Shadow|
|poke|p2|Xerneas-*|
|poke|p2|Yveltal|
|poke|p2|Kyogre|
|poke|p2|Eternatus|
|poke|p2|Necrozma-Dusk-Mane|
|poke|p2|Landorus-Therian, M|
|teampreview
|inactive|Battle timer is ON: inactive players will automatically lose when time's up. (requested by ULT4PDR skimmy)
|
|t:|1654252353
|start
|switch|p1a: Yveltal|Yveltal|100/100
|switch|p2a: immonde ce truc|Eternatus|100/100
|-ability|p2a: immonde ce truc|Pressure
|-ability|p1a: Yveltal|Dark Aura
|turn|1
|
|t:|1654252363
|switch|p1a: Necrozma|Necrozma-Dusk-Mane|100/100
|move|p2a: immonde ce truc|Meteor Beam||[still]
|-prepare|p2a: immonde ce truc|Meteor Beam
|-boost|p2a: immonde ce truc|spa|1
|-enditem|p2a: immonde ce truc|Power Herb
|-anim|p2a: immonde ce truc|Meteor Beam|p1a: Necrozma
|-resisted|p1a: Necrozma
|-damage|p1a: Necrozma|77/100
|
|-heal|p1a: Necrozma|83/100|[from] item: Leftovers
|upkeep
|turn|2
|
|t:|1654252366
|move|p2a: immonde ce truc|Flamethrower|p1a: Necrozma
|-supereffective|p1a: Necrozma
|-damage|p1a: Necrozma|32/100
|move|p1a: Necrozma|Thunder Wave|p2a: immonde ce truc
|-status|p2a: immonde ce truc|par
|
|-heal|p1a: Necrozma|38/100|[from] item: Leftovers
|upkeep
|turn|3
|j| Hoennseptile
|
|t:|1654252375
|switch|p1a: Groudon|Groudon|100/100
|-weather|SunnyDay|[from] ability: Drought|[of] p1a: Groudon
|cant|p2a: immonde ce truc|par
|
|-weather|SunnyDay|[upkeep]
|upkeep
|turn|4
|
|t:|1654252378
|switch|p2a: Makélélé|Landorus-Therian, M|100/100
|-ability|p2a: Makélélé|Intimidate|boost
|-unboost|p1a: Groudon|atk|1
|move|p1a: Groudon|Precipice Blades|p2a: Makélélé
|-immune|p2a: Makélélé
|
|-weather|SunnyDay|[upkeep]
|upkeep
|turn|5
|
|t:|1654252381
|move|p1a: Groudon|Swords Dance|p1a: Groudon
|-boost|p1a: Groudon|atk|2
|move|p2a: Makélélé|Stealth Rock|p1a: Groudon
|-sidestart|p1: ULT4PDR skimmy|move: Stealth Rock
|
|-weather|SunnyDay|[upkeep]
|upkeep
|turn|6
|
|t:|1654252384
|move|p1a: Groudon|Stone Edge|p2a: Makélélé
|-damage|p2a: Makélélé|54/100
|move|p2a: Makélélé|U-turn|p1a: Groudon
|-damage|p1a: Groudon|87/100
|
|t:|1654252391
|switch|p2a: Big Blue|Kyogre|100/100|[from]move: U-turn
|-weather|RainDance|[from] ability: Drizzle|[of] p2a: Big Blue
|
|-weather|RainDance|[upkeep]
|-heal|p1a: Groudon|93/100|[from] item: Leftovers
|upkeep
|turn|7
|
|t:|1654252395
|switch|p1a: Eternatus|Eternatus|100/100
|-ability|p1a: Eternatus|Pressure
|move|p2a: Big Blue|Scald|p1a: Eternatus
|-resisted|p1a: Eternatus
|-damage|p1a: Eternatus|84/100
|
|-weather|RainDance|[upkeep]
|upkeep
|turn|8
|
|t:|1654252400
|switch|p2a: Lord of l'anneau|Necrozma-Dusk-Mane|100/100
|move|p1a: Eternatus|Toxic|p2a: Lord of l'anneau
|-immune|p2a: Lord of l'anneau
|
|-weather|RainDance|[upkeep]
|upkeep
|turn|9
|
|t:|1654252403
|switch|p1a: Yveltal|Yveltal|100/100
|-ability|p1a: Yveltal|Dark Aura
|move|p2a: Lord of l'anneau|Dragon Dance|p2a: Lord of l'anneau
|-boost|p2a: Lord of l'anneau|atk|1
|-boost|p2a: Lord of l'anneau|spe|1
|
|-weather|RainDance|[upkeep]
|upkeep
|turn|10
|
|t:|1654252407
|move|p2a: Lord of l'anneau|Earthquake|p1a: Yveltal
|-immune|p1a: Yveltal
|move|p1a: Yveltal|Foul Play|p2a: Lord of l'anneau
|-supereffective|p2a: Lord of l'anneau
|-damage|p2a: Lord of l'anneau|0 fnt
|faint|p2a: Lord of l'anneau
|
|-weather|none
|upkeep
|c| Hoennseptile|??
|c|☆dun 26|stupid missclick x)
|
|t:|1654252426
|switch|p2a: Bambinou|Xerneas|100/100
|-ability|p2a: Bambinou|Fairy Aura
|turn|11
|
|t:|1654252428
|move|p2a: Bambinou|Moonblast|p1a: Yveltal
|-supereffective|p1a: Yveltal
|-damage|p1a: Yveltal|33/100
|move|p1a: Yveltal|Defog|p2a: Bambinou
|-unboost|p2a: Bambinou|evasion|1
|-sideend|p1: ULT4PDR skimmy|Stealth Rock|[from] move: Defog|[of] p1a: Yveltal
|
|upkeep
|turn|12
|
|t:|1654252433
|move|p2a: Bambinou|Moonblast|p1a: Yveltal
|-supereffective|p1a: Yveltal
|-damage|p1a: Yveltal|0 fnt
|faint|p1a: Yveltal
|
|upkeep
|
|t:|1654252434
|switch|p1a: Necrozma|Necrozma-Dusk-Mane|38/100
|turn|13
|
|t:|1654252441
|move|p2a: Bambinou|Moonblast|p1a: Necrozma
|-resisted|p1a: Necrozma
|-damage|p1a: Necrozma|20/100
|move|p1a: Necrozma|Morning Sun|p1a: Necrozma
|-heal|p1a: Necrozma|70/100
|
|-heal|p1a: Necrozma|76/100|[from] item: Leftovers
|upkeep
|turn|14
|
|t:|1654252445
|switch|p2a: Bisous :)|Yveltal|100/100
|-ability|p2a: Bisous :)|Dark Aura
|switch|p1a: Calyrex|Calyrex-Shadow|100/100
|-ability|p1a: Calyrex|As One
|-ability|p1a: Calyrex|Unnerve
|
|upkeep
|turn|15
|
|t:|1654252448
|switch|p1a: Xerneas|Xerneas|100/100
|-ability|p1a: Xerneas|Fairy Aura
|-item|p1a: Xerneas|Air Balloon
|move|p2a: Bisous :)|Knock Off|p1a: Xerneas
|-resisted|p1a: Xerneas
|-damage|p1a: Xerneas|77/100
|-enditem|p1a: Xerneas|Air Balloon
|
|upkeep
|turn|16
|
|t:|1654252455
|switch|p2a: immonde ce truc|Eternatus|100/100 par
|-ability|p2a: immonde ce truc|Pressure
|move|p1a: Xerneas|Moonblast|p2a: immonde ce truc
|-damage|p2a: immonde ce truc|61/100 par
|
|upkeep
|turn|17
|
|t:|1654252474
|switch|p1a: Necrozma|Necrozma-Dusk-Mane|76/100
|switch|p2a: Big Blue|Kyogre|100/100
|-weather|RainDance|[from] ability: Drizzle|[of] p2a: Big Blue
|
|-weather|RainDance|[upkeep]
|-heal|p1a: Necrozma|82/100|[from] item: Leftovers
|upkeep
|turn|18
|
|t:|1654252478
|switch|p1a: Eternatus|Eternatus|84/100
|-ability|p1a: Eternatus|Pressure
|move|p2a: Big Blue|Calm Mind|p2a: Big Blue
|-boost|p2a: Big Blue|spa|1
|-boost|p2a: Big Blue|spd|1
|
|-weather|RainDance|[upkeep]
|upkeep
|turn|19
|
|t:|1654252482
|move|p1a: Eternatus|Toxic|p2a: Big Blue
|-status|p2a: Big Blue|tox
|move|p2a: Big Blue|Calm Mind|p2a: Big Blue
|-boost|p2a: Big Blue|spa|1
|-boost|p2a: Big Blue|spd|1
|
|-weather|RainDance|[upkeep]
|-damage|p2a: Big Blue|94/100 tox|[from] psn
|upkeep
|turn|20
|
|t:|1654252485
|move|p1a: Eternatus|Dynamax Cannon|p2a: Big Blue
|-damage|p2a: Big Blue|80/100 tox
|move|p2a: Big Blue|Ice Beam|p1a: Eternatus
|-supereffective|p1a: Eternatus
|-damage|p1a: Eternatus|18/100
|-status|p1a: Eternatus|frz
|
|-weather|RainDance|[upkeep]
|-heal|p2a: Big Blue|86/100 tox|[from] item: Leftovers
|-damage|p2a: Big Blue|74/100 tox|[from] psn
|upkeep
|turn|21
|
|t:|1654252491
|-curestatus|p1a: Eternatus|frz|[msg]
|move|p1a: Eternatus|Recover|p1a: Eternatus
|-heal|p1a: Eternatus|68/100
|move|p2a: Big Blue|Calm Mind|p2a: Big Blue
|-boost|p2a: Big Blue|spa|1
|-boost|p2a: Big Blue|spd|1
|
|-weather|none
|-heal|p2a: Big Blue|80/100 tox|[from] item: Leftovers
|-damage|p2a: Big Blue|62/100 tox|[from] psn
|upkeep
|turn|22
|
|t:|1654252495
|move|p1a: Eternatus|Recover|p1a: Eternatus
|-heal|p1a: Eternatus|100/100
|move|p2a: Big Blue|Rest|p2a: Big Blue
|-status|p2a: Big Blue|slp|[from] move: Rest
|-heal|p2a: Big Blue|100/100 slp|[silent]
|
|upkeep
|turn|23
|
|t:|1654252497
|switch|p1a: Groudon|Groudon|93/100
|-weather|SunnyDay|[from] ability: Drought|[of] p1a: Groudon
|cant|p2a: Big Blue|slp
|
|-weather|SunnyDay|[upkeep]
|-heal|p1a: Groudon|99/100|[from] item: Leftovers
|upkeep
|turn|24
|
|t:|1654252500
|move|p1a: Groudon|Swords Dance|p1a: Groudon
|-boost|p1a: Groudon|atk|2
|cant|p2a: Big Blue|slp
|
|-weather|SunnyDay|[upkeep]
|-heal|p1a: Groudon|100/100|[from] item: Leftovers
|upkeep
|turn|25
|
|t:|1654252503
|move|p1a: Groudon|Precipice Blades|p2a: Big Blue
|-damage|p2a: Big Blue|0 fnt
|faint|p2a: Big Blue
|
|-weather|SunnyDay|[upkeep]
|upkeep
|c|☆dun 26|*_*
|
|t:|1654252515
|switch|p2a: Bisous :)|Yveltal|100/100
|-ability|p2a: Bisous :)|Dark Aura
|turn|26
|
|t:|1654252541
|move|p2a: Bisous :)|Knock Off|p1a: Groudon
|-damage|p1a: Groudon|42/100
|-enditem|p1a: Groudon|Leftovers|[from] move: Knock Off|[of] p2a: Bisous :)
|move|p1a: Groudon|Stone Edge|p2a: Bisous :)
|-supereffective|p2a: Bisous :)
|-damage|p2a: Bisous :)|0 fnt
|faint|p2a: Bisous :)
|
|-weather|SunnyDay|[upkeep]
|upkeep
|-message|dun 26 forfeited.
|
|win|ULT4PDR skimmy
|raw|ULT4PDR skimmy's rating: 1658 &rarr; <strong>1676</strong><br />(+18 for winning)
|raw|dun 26's rating: 1618 &rarr; <strong>1600</strong><br />(-18 for losing)
|l|☆dun 26
|j| Pika Sup
|l|☆ULT4PDR skimmy
|j| JJ09LIE
|l| JJ09LIE
|l| Hoennseptile
