|j|☆JTeFaisMal
|j|☆killer whale squa
|player|p1|JTeFaisMal|29|1429
|player|p2|killer whale squa|216|1488
|teamsize|p1|6
|teamsize|p2|6
|gametype|singles
|gen|8
|tier|[Gen 8] Ubers
|rated|
|clearpoke
|poke|p1|Torkoal, M|
|poke|p1|Reshiram|
|poke|p1|Lunala|
|poke|p1|Darmanitan, M|
|poke|p1|Venusaur, F|
|poke|p1|Marshadow|
|poke|p2|Zacian-Crowned|
|poke|p2|Rotom-Heat|
|poke|p2|Marshadow|
|poke|p2|Clefable, F|
|poke|p2|Darmanitan-Galar, F|
|poke|p2|Zekrom|
|rule|Sleep Clause Mod: Limit one foe put to sleep
|rule|Species Clause: Limit one of each Pokémon
|rule|OHKO Clause: OHKO moves are banned
|rule|Evasion Moves Clause: Evasion moves are banned
|rule|Endless Battle Clause: Forcing endless battles is banned
|rule|HP Percentage Mod: HP is shown in percentages
|teampreview
|c|☆killer whale squa|hf
|c|☆JTeFaisMal|gl hf
|
|start
|switch|p1a: Le Tort Tue|Torkoal, M|100/100
|switch|p2a: Darmanitan|Darmanitan-Galar, F|100/100
|-weather|SunnyDay|[from] ability: Drought|[of] p1a: Le Tort Tue
|turn|1
|
|move|p2a: Darmanitan|U-turn|p1a: Le Tort Tue
|-resisted|p1a: Le Tort Tue
|-damage|p1a: Le Tort Tue|89/100
|
|switch|p2a: Rotom|Rotom-Heat|100/100|[from]move: U-turn
|move|p1a: Le Tort Tue|Stealth Rock|p2a: Rotom
|-sidestart|p2: killer whale squa|move: Stealth Rock
|
|-weather|SunnyDay|[upkeep]
|upkeep
|turn|2
|
|switch|p1a: SNCF|Reshiram|100/100
|-ability|p1a: SNCF|Turboblaze
|move|p2a: Rotom|Defog|p1a: SNCF
|-unboost|p1a: SNCF|evasion|1
|-sideend|p2: killer whale squa|Stealth Rock|[from] move: Defog|[of] p2a: Rotom
|
|-weather|SunnyDay|[upkeep]
|upkeep
|turn|3
|
|move|p1a: SNCF|Fusion Flare|p2a: Rotom
|-resisted|p2a: Rotom
|-damage|p2a: Rotom|51/100
|move|p2a: Rotom|Volt Switch|p1a: SNCF
|-resisted|p1a: SNCF
|-damage|p1a: SNCF|91/100
|
|switch|p2a: Darmanitan|Darmanitan-Galar, F|100/100|[from]move: Volt Switch
|
|-weather|SunnyDay|[upkeep]
|upkeep
|turn|4
|
|-start|p1a: SNCF|Dynamax
|-heal|p1a: SNCF|91/100|[silent]
|move|p2a: Darmanitan|Earthquake|p1a: SNCF
|-supereffective|p1a: SNCF
|-damage|p1a: SNCF|36/100
|move|p1a: SNCF|Max Flare|p2a: Darmanitan
|-supereffective|p2a: Darmanitan
|-damage|p2a: Darmanitan|0 fnt
|faint|p2a: Darmanitan
|
|-weather|SunnyDay|[upkeep]
|upkeep
|
|switch|p2a: Marshadow|Marshadow|100/100
|turn|5
|
|-start|p2a: Marshadow|Dynamax
|-heal|p2a: Marshadow|100/100|[silent]
|move|p2a: Marshadow|Max Phantasm|p1a: SNCF
|-damage|p1a: SNCF|0 fnt
|-damage|p2a: Marshadow|96/100|[from] item: Life Orb
|faint|p1a: SNCF
|
|-weather|SunnyDay|[upkeep]
|upkeep
|
|switch|p1a: Le Tort Tue|Torkoal, M|89/100
|turn|6
|
|-end|p2a: Marshadow|Dynamax
|-heal|p2a: Marshadow|96/100|[silent]
|switch|p2a: Rotom|Rotom-Heat|51/100
|move|p1a: Le Tort Tue|Stealth Rock|p2a: Rotom
|-sidestart|p2: killer whale squa|move: Stealth Rock
|
|-weather|SunnyDay|[upkeep]
|-heal|p2a: Rotom|57/100|[from] item: Leftovers
|upkeep
|turn|7
|
|move|p2a: Rotom|Defog|p1a: Le Tort Tue
|-unboost|p1a: Le Tort Tue|evasion|1
|-sideend|p2: killer whale squa|Stealth Rock|[from] move: Defog|[of] p2a: Rotom
|move|p1a: Le Tort Tue|Rapid Spin|p2a: Rotom
|-damage|p2a: Rotom|50/100
|-boost|p1a: Le Tort Tue|spe|1
|
|-weather|SunnyDay|[upkeep]
|-heal|p2a: Rotom|57/100|[from] item: Leftovers
|upkeep
|turn|8
|
|move|p2a: Rotom|Defog|p1a: Le Tort Tue
|-unboost|p1a: Le Tort Tue|evasion|1
|move|p1a: Le Tort Tue|Stealth Rock|p2a: Rotom
|-sidestart|p2: killer whale squa|move: Stealth Rock
|
|-weather|none
|-heal|p2a: Rotom|63/100|[from] item: Leftovers
|upkeep
|turn|9
|
|move|p2a: Rotom|Defog|p1a: Le Tort Tue
|-unboost|p1a: Le Tort Tue|evasion|1
|-sideend|p2: killer whale squa|Stealth Rock|[from] move: Defog|[of] p2a: Rotom
|move|p1a: Le Tort Tue|Rapid Spin|p2a: Rotom
|-crit|p2a: Rotom
|-damage|p2a: Rotom|52/100
|-boost|p1a: Le Tort Tue|spe|1
|
|-heal|p2a: Rotom|59/100|[from] item: Leftovers
|upkeep
|turn|10
|
|move|p1a: Le Tort Tue|Stealth Rock|p2a: Rotom
|-sidestart|p2: killer whale squa|move: Stealth Rock
|move|p2a: Rotom|Will-O-Wisp|p1a: Le Tort Tue
|-immune|p1a: Le Tort Tue
|
|-heal|p2a: Rotom|65/100|[from] item: Leftovers
|upkeep
|turn|11
|
|move|p1a: Le Tort Tue|Rapid Spin|p2a: Rotom
|-damage|p2a: Rotom|58/100
|-boost|p1a: Le Tort Tue|spe|1
|move|p2a: Rotom|Defog|p1a: Le Tort Tue
|-unboost|p1a: Le Tort Tue|evasion|1
|-sideend|p2: killer whale squa|Stealth Rock|[from] move: Defog|[of] p2a: Rotom
|
|-heal|p2a: Rotom|65/100|[from] item: Leftovers
|upkeep
|turn|12
|j| JonAmon 25
|l| JonAmon 25
|
|switch|p2a: Zekrom|Zekrom|100/100
|-ability|p2a: Zekrom|Teravolt
|move|p1a: Le Tort Tue|Stealth Rock|p2a: Zekrom
|-sidestart|p2: killer whale squa|move: Stealth Rock
|
|upkeep
|turn|13
|
|switch|p1a: L'Homme Vert|Lunala|100/100
|move|p2a: Zekrom|Dragon Dance|p2a: Zekrom
|-boost|p2a: Zekrom|atk|1
|-boost|p2a: Zekrom|spe|1
|
|upkeep
|turn|14
|
|move|p2a: Zekrom|Bolt Strike|p1a: L'Homme Vert
|-crit|p1a: L'Homme Vert
|-damage|p1a: L'Homme Vert|5/100
|-damage|p2a: Zekrom|91/100|[from] item: Life Orb
|move|p1a: L'Homme Vert|Sunny Day|p1a: L'Homme Vert
|-weather|SunnyDay
|
|-weather|SunnyDay|[upkeep]
|upkeep
|turn|15
|
|move|p2a: Zekrom|Dragon Claw|p1a: L'Homme Vert
|-damage|p1a: L'Homme Vert|0 fnt
|-damage|p2a: Zekrom|81/100|[from] item: Life Orb
|faint|p1a: L'Homme Vert
|
|-weather|SunnyDay|[upkeep]
|upkeep
|
|switch|p1a: La Calotte Cosmiqu|Marshadow|100/100
|turn|16
|
|move|p1a: La Calotte Cosmiqu|Spectral Thief||[still]
|-clearpositiveboost|p2a: Zekrom|p1a: La Calotte Cosmiqu|move: Spectral Thief
|-boost|p1a: La Calotte Cosmiqu|atk|1
|-boost|p1a: La Calotte Cosmiqu|spe|1
|-anim|p1a: La Calotte Cosmiqu|Spectral Thief|p2a: Zekrom
|-damage|p2a: Zekrom|24/100
|move|p2a: Zekrom|Outrage|p1a: La Calotte Cosmiqu
|-enditem|p1a: La Calotte Cosmiqu|Focus Sash
|-damage|p1a: La Calotte Cosmiqu|1/100
|-damage|p2a: Zekrom|14/100|[from] item: Life Orb
|
|-weather|SunnyDay|[upkeep]
|upkeep
|turn|17
|
|move|p1a: La Calotte Cosmiqu|Spectral Thief|p2a: Zekrom
|-damage|p2a: Zekrom|0 fnt
|faint|p2a: Zekrom
|
|-weather|SunnyDay|[upkeep]
|upkeep
|
|switch|p2a: Clefable|Clefable, F|100/100
|turn|18
|
|move|p1a: La Calotte Cosmiqu|Endeavor|p2a: Clefable
|-damage|p2a: Clefable|1/100
|move|p2a: Clefable|Moonblast|p1a: La Calotte Cosmiqu
|-supereffective|p1a: La Calotte Cosmiqu
|-damage|p1a: La Calotte Cosmiqu|0 fnt
|faint|p1a: La Calotte Cosmiqu
|
|-weather|SunnyDay|[upkeep]
|-heal|p2a: Clefable|7/100|[from] item: Leftovers
|upkeep
|
|switch|p1a: MVP|Venusaur, F|100/100
|turn|19
|
|move|p1a: MVP|Solar Beam||[still]
|-prepare|p1a: MVP|Solar Beam|p2a: Clefable
|-anim|p1a: MVP|Solar Beam|p2a: Clefable
|-damage|p2a: Clefable|0 fnt
|-damage|p1a: MVP|91/100|[from] item: Life Orb
|faint|p2a: Clefable
|
|-weather|SunnyDay|[upkeep]
|upkeep
|
|switch|p2a: Rotom|Rotom-Heat|65/100
|-damage|p2a: Rotom|40/100|[from] Stealth Rock
|turn|20
|
|switch|p1a: Galar useless|Darmanitan, M|100/100
|move|p2a: Rotom|Overheat|p1a: Galar useless
|-resisted|p1a: Galar useless
|-damage|p1a: Galar useless|49/100
|-unboost|p2a: Rotom|spa|2
|
|-weather|SunnyDay|[upkeep]
|-heal|p2a: Rotom|46/100|[from] item: Leftovers
|upkeep
|turn|21
|
|move|p1a: Galar useless|Flare Blitz|p2a: Rotom
|-resisted|p2a: Rotom
|-damage|p2a: Rotom|0 fnt
|-damage|p1a: Galar useless|36/100|[from] Recoil
|faint|p2a: Rotom
|
|-weather|none
|upkeep
|
|switch|p2a: Marshadow|Marshadow|96/100
|-damage|p2a: Marshadow|89/100|[from] Stealth Rock
|turn|22
|
|move|p2a: Marshadow|Shadow Sneak|p1a: Galar useless
|-damage|p1a: Galar useless|0 fnt
|-damage|p2a: Marshadow|79/100|[from] item: Life Orb
|faint|p1a: Galar useless
|
|upkeep
|
|switch|p1a: Le Tort Tue|Torkoal, M|89/100
|-weather|SunnyDay|[from] ability: Drought|[of] p1a: Le Tort Tue
|turn|23
|
|move|p2a: Marshadow|Close Combat|p1a: Le Tort Tue
|-crit|p1a: Le Tort Tue
|-damage|p1a: Le Tort Tue|12/100
|-unboost|p2a: Marshadow|def|1
|-unboost|p2a: Marshadow|spd|1
|-damage|p2a: Marshadow|69/100|[from] item: Life Orb
|move|p1a: Le Tort Tue|Eruption|p2a: Marshadow
|-damage|p2a: Marshadow|55/100
|
|-weather|SunnyDay|[upkeep]
|upkeep
|turn|24
|
|move|p2a: Marshadow|Bulk Up|p2a: Marshadow
|-boost|p2a: Marshadow|atk|1
|-boost|p2a: Marshadow|def|1
|move|p1a: Le Tort Tue|Explosion|p2a: Marshadow
|-immune|p2a: Marshadow
|faint|p1a: Le Tort Tue
|
|-weather|SunnyDay|[upkeep]
|upkeep
|
|switch|p1a: MVP|Venusaur, F|91/100
|turn|25
|
|move|p1a: MVP|Solar Beam||[still]
|-prepare|p1a: MVP|Solar Beam|p2a: Marshadow
|-anim|p1a: MVP|Solar Beam|p2a: Marshadow
|-damage|p2a: Marshadow|0 fnt
|-damage|p1a: MVP|81/100|[from] item: Life Orb
|faint|p2a: Marshadow
|
|-weather|SunnyDay|[upkeep]
|upkeep
|
|switch|p2a: Zacian|Zacian-Crowned|100/100
|-damage|p2a: Zacian|94/100|[from] Stealth Rock
|-ability|p2a: Zacian|Intrepid Sword|boost
|-boost|p2a: Zacian|atk|1
|turn|26
|
|move|p1a: MVP|Weather Ball|p2a: Zacian
|-supereffective|p2a: Zacian
|-crit|p2a: Zacian
|-damage|p2a: Zacian|0 fnt
|-damage|p1a: MVP|71/100|[from] item: Life Orb
|faint|p2a: Zacian
|
|win|JTeFaisMal
|c|☆JTeFaisMal|gg
|l|☆JTeFaisMal
|l|☆killer whale squa
