|j|☆RIP_Player
|j|☆poiyu
|inactive|Battle timer is ON: inactive players will automatically lose when time's up.
|t:|1624281538
|gametype|singles
|player|p1|RIP_Player|firebreather|
|player|p2|poiyu|red|
|teamsize|p1|6
|teamsize|p2|6
|gen|8
|tier|[Gen 8] Ubers
|rated|Tournament battle
|rule|Sleep Clause Mod: Limit one foe put to sleep
|rule|Species Clause: Limit one of each Pokémon
|rule|OHKO Clause: OHKO moves are banned
|rule|Evasion Moves Clause: Evasion moves are banned
|rule|Endless Battle Clause: Forcing endless battles is banned
|rule|HP Percentage Mod: HP is shown in percentages
|rule|Dynamax Clause: You cannot dynamax
|clearpoke
|poke|p1|Umbreon, M|
|poke|p1|Toxapex, F|
|poke|p1|Yveltal|
|poke|p1|Xerneas-*|
|poke|p1|Marshadow|
|poke|p1|Heatran, M|
|poke|p2|Froslass, F|
|poke|p2|Grimmsnarl, M|
|poke|p2|Xerneas-*|
|poke|p2|Zekrom|
|poke|p2|Groudon|
|poke|p2|Necrozma-Dusk-Mane|
|teampreview
|j|*Lady Monita
|inactive|RIP_Player also wants the timer to be on.
|
|t:|1624281555
|start
|switch|p1a: Yveltal|Yveltal|100/100
|switch|p2a: Zekrom|Zekrom|100/100
|-ability|p1a: Yveltal|Dark Aura
|-ability|p2a: Zekrom|Teravolt
|-item|p2a: Zekrom|Air Balloon
|turn|1
|
|t:|1624281565
|move|p1a: Yveltal|Knock Off|p2a: Zekrom
|-damage|p2a: Zekrom|10/100
|-enditem|p2a: Zekrom|Air Balloon
|move|p2a: Zekrom|Dragon Dance|p2a: Zekrom
|-boost|p2a: Zekrom|atk|1
|-boost|p2a: Zekrom|spe|1
|
|upkeep
|turn|2
|
|t:|1624281573
|switch|p1a: Xerneas|Xerneas|100/100
|-ability|p1a: Xerneas|Fairy Aura
|move|p2a: Zekrom|Bolt Strike|p1a: Xerneas
|-damage|p1a: Xerneas|35/100
|
|-heal|p1a: Xerneas|41/100|[from] item: Leftovers
|upkeep
|turn|3
|
|t:|1624281587
|switch|p1a: Heatran|Heatran, M|100/100
|move|p2a: Zekrom|Bolt Strike|p1a: Heatran
|-damage|p1a: Heatran|9/100
|
|-heal|p1a: Heatran|16/100|[from] item: Leftovers
|upkeep
|turn|4
|
|t:|1624281594
|move|p2a: Zekrom|Bolt Strike|p1a: Heatran
|-damage|p1a: Heatran|0 fnt
|faint|p1a: Heatran
|
|upkeep
|
|t:|1624281596
|switch|p1a: Marshadow|Marshadow|100/100
|turn|5
|
|t:|1624281601
|move|p2a: Zekrom|Bolt Strike|p1a: Marshadow
|-enditem|p1a: Marshadow|Focus Sash
|-damage|p1a: Marshadow|1/100
|move|p1a: Marshadow|Spectral Thief||[still]
|-clearpositiveboost|p2a: Zekrom|p1a: Marshadow|move: Spectral Thief
|-boost|p1a: Marshadow|atk|1
|-boost|p1a: Marshadow|spe|1
|-anim|p1a: Marshadow|Spectral Thief|p2a: Zekrom
|-damage|p2a: Zekrom|0 fnt
|faint|p2a: Zekrom
|
|upkeep
|
|t:|1624281607
|switch|p2a: Froslass|Froslass, F|100/100
|turn|6
|
|t:|1624281612
|move|p1a: Marshadow|Spectral Thief|p2a: Froslass
|-supereffective|p2a: Froslass
|-enditem|p2a: Froslass|Focus Sash
|-damage|p2a: Froslass|1/100
|move|p2a: Froslass|Icy Wind|p1a: Marshadow
|-damage|p1a: Marshadow|0 fnt
|faint|p1a: Marshadow
|
|upkeep
|
|t:|1624281618
|switch|p1a: Umbreon|Umbreon, M|100/100
|turn|7
|
|t:|1624281633
|move|p2a: Froslass|Destiny Bond|p2a: Froslass
|-singlemove|p2a: Froslass|Destiny Bond
|move|p1a: Umbreon|Wish|p1a: Umbreon
|
|upkeep
|turn|8
|
|t:|1624281640
|switch|p1a: Xerneas|Xerneas|41/100
|-ability|p1a: Xerneas|Fairy Aura
|move|p2a: Froslass|Destiny Bond||[still]
|-fail|p2a: Froslass
|
|-heal|p1a: Xerneas|84/100|[from] move: Wish|[wisher] Umbreon
|-heal|p1a: Xerneas|90/100|[from] item: Leftovers
|upkeep
|turn|9
|
|t:|1624281646
|move|p2a: Froslass|Taunt|p1a: Xerneas
|-start|p1a: Xerneas|move: Taunt
|cant|p1a: Xerneas|move: Taunt|Thunder Wave
|
|-heal|p1a: Xerneas|96/100|[from] item: Leftovers
|upkeep
|turn|10
|inactive|poiyu has 120 seconds left.
|
|t:|1624281690
|switch|p1a: Toxapex|Toxapex, F|100/100
|move|p2a: Froslass|Destiny Bond|p2a: Froslass
|-singlemove|p2a: Froslass|Destiny Bond
|
|upkeep
|turn|11
|
|t:|1624281696
|move|p2a: Froslass|Taunt|p1a: Toxapex
|-start|p1a: Toxapex|move: Taunt
|cant|p1a: Toxapex|move: Taunt|Toxic
|
|upkeep
|turn|12
|inactive|poiyu has 120 seconds left.
|
|t:|1624281705
|switch|p1a: Xerneas|Xerneas|96/100
|-ability|p1a: Xerneas|Fairy Aura
|move|p2a: Froslass|Destiny Bond|p2a: Froslass
|-singlemove|p2a: Froslass|Destiny Bond
|
|-heal|p1a: Xerneas|100/100|[from] item: Leftovers
|upkeep
|turn|13
|
|t:|1624281709
|move|p2a: Froslass|Taunt|p1a: Xerneas
|-start|p1a: Xerneas|move: Taunt
|move|p1a: Xerneas|Moonblast|p2a: Froslass
|-damage|p2a: Froslass|0 fnt
|-start|p1a: Xerneas|Disable|Moonblast|[from] ability: Cursed Body|[of] p2a: Froslass
|faint|p2a: Froslass
|
|upkeep
|
|t:|1624281718
|switch|p2a: Necrozma|Necrozma-Dusk-Mane|100/100
|turn|14
|
|t:|1624281723
|switch|p1a: Yveltal|Yveltal|100/100
|-ability|p1a: Yveltal|Dark Aura
|move|p2a: Necrozma|Sunsteel Strike|p1a: Yveltal
|-damage|p1a: Yveltal|44/100
|
|upkeep
|turn|15
|
|t:|1624281737
|switch|p2a: Grimmsnarl|Grimmsnarl, M|100/100
|move|p1a: Yveltal|Knock Off|p2a: Grimmsnarl
|-resisted|p2a: Grimmsnarl
|-damage|p2a: Grimmsnarl|74/100
|-enditem|p2a: Grimmsnarl|Light Clay|[from] move: Knock Off|[of] p1a: Yveltal
|
|upkeep
|turn|16
|
|t:|1624281747
|switch|p1a: Umbreon|Umbreon, M|100/100
|move|p2a: Grimmsnarl|Light Screen|p2a: Grimmsnarl
|-sidestart|p2: poiyu|move: Light Screen
|
|upkeep
|turn|17
|
|t:|1624281754
|move|p2a: Grimmsnarl|Reflect|p2a: Grimmsnarl
|-sidestart|p2: poiyu|Reflect
|move|p1a: Umbreon|Toxic|p2a: Grimmsnarl
|-status|p2a: Grimmsnarl|tox
|
|-damage|p2a: Grimmsnarl|68/100 tox|[from] psn
|upkeep
|turn|18
|
|t:|1624281757
|move|p1a: Umbreon|Toxic|p2a: Grimmsnarl|[miss]
|-miss|p1a: Umbreon|p2a: Grimmsnarl
|move|p2a: Grimmsnarl|Play Rough|p1a: Umbreon
|-supereffective|p1a: Umbreon
|-damage|p1a: Umbreon|47/100
|
|-heal|p1a: Umbreon|53/100|[from] item: Leftovers
|-damage|p2a: Grimmsnarl|56/100 tox|[from] psn
|upkeep
|turn|19
|
|t:|1624281763
|move|p2a: Grimmsnarl|Taunt|p1a: Umbreon
|-hint|Since gen 7, Dark is immune to Prankster moves.
|-immune|p1a: Umbreon
|move|p1a: Umbreon|Wish|p1a: Umbreon
|
|-heal|p1a: Umbreon|59/100|[from] item: Leftovers
|-damage|p2a: Grimmsnarl|38/100 tox|[from] psn
|upkeep
|turn|20
|
|t:|1624281772
|move|p1a: Umbreon|Protect|p1a: Umbreon
|-singleturn|p1a: Umbreon|Protect
|move|p2a: Grimmsnarl|Play Rough|p1a: Umbreon
|-activate|p1a: Umbreon|move: Protect
|
|-heal|p1a: Umbreon|100/100|[from] move: Wish|[wisher] Umbreon
|-damage|p2a: Grimmsnarl|13/100 tox|[from] psn
|-sideend|p2: poiyu|move: Light Screen
|upkeep
|turn|21
|
|t:|1624281785
|move|p1a: Umbreon|Toxic|p2a: Grimmsnarl
|-fail|p2a: Grimmsnarl|tox
|move|p2a: Grimmsnarl|Play Rough|p1a: Umbreon
|-supereffective|p1a: Umbreon
|-damage|p1a: Umbreon|38/100
|
|-heal|p1a: Umbreon|44/100|[from] item: Leftovers
|-damage|p2a: Grimmsnarl|0 fnt|[from] psn
|faint|p2a: Grimmsnarl
|-sideend|p2: poiyu|Reflect
|upkeep
|j| GreninjaYDavid45
|
|t:|1624281798
|switch|p2a: Necrozma|Necrozma-Dusk-Mane|100/100
|turn|22
|
|t:|1624281803
|switch|p1a: Toxapex|Toxapex, F|100/100
|move|p2a: Necrozma|Sunsteel Strike|p1a: Toxapex
|-resisted|p1a: Toxapex
|-damage|p1a: Toxapex|82/100
|
|-heal|p1a: Toxapex|88/100|[from] item: Black Sludge
|upkeep
|turn|23
|
|t:|1624281810
|move|p2a: Necrozma|Earthquake|p1a: Toxapex
|-supereffective|p1a: Toxapex
|-damage|p1a: Toxapex|36/100
|move|p1a: Toxapex|Scald|p2a: Necrozma
|-crit|p2a: Necrozma
|-damage|p2a: Necrozma|77/100
|-status|p2a: Necrozma|brn
|
|-heal|p1a: Toxapex|42/100|[from] item: Black Sludge
|-damage|p2a: Necrozma|71/100 brn|[from] brn
|upkeep
|turn|24
|
|t:|1624281817
|move|p2a: Necrozma|Dragon Dance|p2a: Necrozma
|-boost|p2a: Necrozma|atk|1
|-boost|p2a: Necrozma|spe|1
|move|p1a: Toxapex|Recover|p1a: Toxapex
|-heal|p1a: Toxapex|92/100
|
|-heal|p1a: Toxapex|99/100|[from] item: Black Sludge
|-damage|p2a: Necrozma|65/100 brn|[from] brn
|upkeep
|turn|25
|
|t:|1624281833
|move|p1a: Toxapex|Baneful Bunker|p1a: Toxapex
|-singleturn|p1a: Toxapex|move: Protect
|move|p2a: Necrozma|Earthquake|p1a: Toxapex
|-activate|p1a: Toxapex|move: Protect
|
|-heal|p1a: Toxapex|100/100|[from] item: Black Sludge
|-damage|p2a: Necrozma|59/100 brn|[from] brn
|upkeep
|turn|26
|
|t:|1624281840
|switch|p1a: Yveltal|Yveltal|44/100
|-ability|p1a: Yveltal|Dark Aura
|move|p2a: Necrozma|Earthquake|p1a: Yveltal
|-immune|p1a: Yveltal
|
|-damage|p2a: Necrozma|53/100 brn|[from] brn
|upkeep
|turn|27
|
|t:|1624281844
|move|p1a: Yveltal|Sucker Punch|p2a: Necrozma
|-supereffective|p2a: Necrozma
|-damage|p2a: Necrozma|0 fnt
|faint|p2a: Necrozma
|
|upkeep
|
|t:|1624281848
|switch|p2a: Groudon|Groudon|100/100
|-weather|SunnyDay|[from] ability: Drought|[of] p2a: Groudon
|turn|28
|
|t:|1624281852
|switch|p1a: Xerneas|Xerneas|100/100
|-ability|p1a: Xerneas|Fairy Aura
|move|p2a: Groudon|Swords Dance|p2a: Groudon
|-boost|p2a: Groudon|atk|2
|
|-weather|SunnyDay|[upkeep]
|upkeep
|turn|29
|
|t:|1624281863
|move|p2a: Groudon|Precipice Blades|p1a: Xerneas
|-damage|p1a: Xerneas|10/100
|move|p1a: Xerneas|Moonblast|p2a: Groudon
|-damage|p2a: Groudon|43/100
|
|-weather|SunnyDay|[upkeep]
|-heal|p1a: Xerneas|17/100|[from] item: Leftovers
|upkeep
|turn|30
|
|t:|1624281889
|switch|p1a: Umbreon|Umbreon, M|44/100
|move|p2a: Groudon|Precipice Blades|p1a: Umbreon
|-crit|p1a: Umbreon
|-damage|p1a: Umbreon|0 fnt
|faint|p1a: Umbreon
|
|-weather|SunnyDay|[upkeep]
|upkeep
|
|t:|1624281891
|switch|p1a: Yveltal|Yveltal|44/100
|-ability|p1a: Yveltal|Dark Aura
|turn|31
|
|t:|1624281895
|move|p1a: Yveltal|Knock Off|p2a: Groudon
|-damage|p2a: Groudon|0 fnt
|-enditem|p2a: Groudon|Lum Berry|[from] move: Knock Off|[of] p1a: Yveltal
|faint|p2a: Groudon
|
|-weather|SunnyDay|[upkeep]
|upkeep
|
|t:|1624281898
|switch|p2a: Xerneas|Xerneas|100/100
|-ability|p2a: Xerneas|Fairy Aura
|turn|32
|
|t:|1624281901
|switch|p1a: Toxapex|Toxapex, F|100/100
|move|p2a: Xerneas|Geomancy||[still]
|-prepare|p2a: Xerneas|Geomancy
|-enditem|p2a: Xerneas|Power Herb
|-anim|p2a: Xerneas|Geomancy|p2a: Xerneas
|-boost|p2a: Xerneas|spa|2
|-boost|p2a: Xerneas|spd|2
|-boost|p2a: Xerneas|spe|2
|
|-weather|none
|upkeep
|turn|33
|
|t:|1624281905
|move|p2a: Xerneas|Psyshock|p1a: Toxapex
|-supereffective|p1a: Toxapex
|-damage|p1a: Toxapex|26/100
|move|p1a: Toxapex|Toxic|p2a: Xerneas
|-status|p2a: Xerneas|tox
|
|-heal|p1a: Toxapex|32/100|[from] item: Black Sludge
|-damage|p2a: Xerneas|94/100 tox|[from] psn
|upkeep
|turn|34
|
|t:|1624281912
|move|p1a: Toxapex|Baneful Bunker|p1a: Toxapex
|-singleturn|p1a: Toxapex|move: Protect
|move|p2a: Xerneas|Psyshock|p1a: Toxapex
|-activate|p1a: Toxapex|move: Protect
|
|-heal|p1a: Toxapex|39/100|[from] item: Black Sludge
|-damage|p2a: Xerneas|82/100 tox|[from] psn
|upkeep
|turn|35
|c|☆poiyu|oh welp gg
|
|t:|1624281923
|switch|p1a: Xerneas|Xerneas|17/100
|-ability|p1a: Xerneas|Fairy Aura
|move|p2a: Xerneas|Psyshock|p1a: Xerneas
|-damage|p1a: Xerneas|0 fnt
|faint|p1a: Xerneas
|
|-damage|p2a: Xerneas|64/100 tox|[from] psn
|upkeep
|
|t:|1624281928
|switch|p1a: Toxapex|Toxapex, F|72/100
|turn|36
|
|t:|1624281932
|move|p1a: Toxapex|Baneful Bunker|p1a: Toxapex
|-singleturn|p1a: Toxapex|move: Protect
|move|p2a: Xerneas|Ingrain|p2a: Xerneas
|-start|p2a: Xerneas|move: Ingrain
|
|-heal|p1a: Toxapex|78/100|[from] item: Black Sludge
|-heal|p2a: Xerneas|70/100 tox|[from] Ingrain
|-damage|p2a: Xerneas|46/100 tox|[from] psn
|upkeep
|turn|37
|
|t:|1624281940
|switch|p1a: Yveltal|Yveltal|44/100
|-ability|p1a: Yveltal|Dark Aura
|move|p2a: Xerneas|Psyshock|p1a: Yveltal
|-immune|p1a: Yveltal
|
|-heal|p2a: Xerneas|52/100 tox|[from] Ingrain
|-damage|p2a: Xerneas|21/100 tox|[from] psn
|upkeep
|turn|38
|
|t:|1624281947
|move|p1a: Yveltal|Sucker Punch|p2a: Xerneas
|-resisted|p2a: Xerneas
|-damage|p2a: Xerneas|0 fnt
|faint|p2a: Xerneas
|
|win|RIP_Player
|n|☆RIP_Player|ripplayer
|n|☆poiyu|poiyu
|n|*Lady Monita|ladymonita
|n| GreninjaYDavid45|greninjaydavid45
|l|*Lady Monita
