|j|☆I like Lovely
|j|☆AmazingMoOU
|player|p1|I like Lovely|camper|1550
|player|p2|AmazingMoOU|ninjaboy|1269
|teamsize|p1|6
|teamsize|p2|6
|gametype|singles
|gen|8
|tier|[Gen 8] Ubers
|rated|
|clearpoke
|poke|p1|Corviknight, F|
|poke|p1|Eternatus|
|poke|p1|Tyranitar, M|
|poke|p1|Hatterene, F|
|poke|p1|Quagsire, M|
|poke|p1|Zacian-*|
|poke|p2|Zacian-*|
|poke|p2|Eternatus|
|poke|p2|Quagsire, F|
|poke|p2|Tyranitar, M|
|poke|p2|Rotom-Heat|
|poke|p2|Conkeldurr, M|
|rule|Sleep Clause Mod: Limit one foe put to sleep
|rule|Species Clause: Limit one of each Pokémon
|rule|OHKO Clause: OHKO moves are banned
|rule|Evasion Moves Clause: Evasion moves are banned
|rule|Endless Battle Clause: Forcing endless battles is banned
|rule|HP Percentage Mod: HP is shown in percentages
|teampreview
|inactive|Battle timer is ON: inactive players will automatically lose when time's up. (requested by AmazingMoOU)
|c|☆I like Lovely|Wrong tier UwU
|
|start
|switch|p1a: Corviknight|Corviknight, F|100/100
|switch|p2a: Zacian|Zacian-Crowned|100/100
|-ability|p2a: Zacian|Intrepid Sword|boost
|-boost|p2a: Zacian|atk|1
|-ability|p1a: Corviknight|Pressure
|turn|1
|
|switch|p1a: Quagsire|Quagsire, M|100/100
|move|p2a: Zacian|Fire Fang|p1a: Quagsire
|-resisted|p1a: Quagsire
|-damage|p1a: Quagsire|91/100
|
|upkeep
|turn|2
|
|switch|p2a: Conkeldurr|Conkeldurr, M|100/100
|move|p1a: Quagsire|Scald|p2a: Conkeldurr
|-damage|p2a: Conkeldurr|81/100
|
|upkeep
|turn|3
|
|move|p2a: Conkeldurr|Earthquake|p1a: Quagsire
|-damage|p1a: Quagsire|64/100
|move|p1a: Quagsire|Toxic|p2a: Conkeldurr
|-status|p2a: Conkeldurr|tox
|
|-damage|p2a: Conkeldurr|75/100 tox|[from] psn
|upkeep
|turn|4
|
|move|p2a: Conkeldurr|Close Combat|p1a: Quagsire
|-damage|p1a: Quagsire|0 fnt
|-unboost|p2a: Conkeldurr|def|1
|-unboost|p2a: Conkeldurr|spd|1
|faint|p1a: Quagsire
|
|-damage|p2a: Conkeldurr|63/100 tox|[from] psn
|upkeep
|
|switch|p1a: Eternatus|Eternatus|100/100
|-ability|p1a: Eternatus|Pressure
|turn|5
|
|switch|p2a: Tyranitar|Tyranitar, M|100/100
|-weather|Sandstorm|[from] ability: Sand Stream|[of] p2a: Tyranitar
|move|p1a: Eternatus|Flamethrower|p2a: Tyranitar
|-resisted|p2a: Tyranitar
|-damage|p2a: Tyranitar|91/100
|-status|p2a: Tyranitar|brn
|
|-weather|Sandstorm|[upkeep]
|-damage|p1a: Eternatus|94/100|[from] Sandstorm
|-heal|p2a: Tyranitar|97/100 brn|[from] item: Leftovers
|-damage|p2a: Tyranitar|91/100 brn|[from] brn
|upkeep
|turn|6
|
|switch|p1a: Corviknight|Corviknight, F|100/100
|-ability|p1a: Corviknight|Pressure
|switch|p2a: Rotom|Rotom-Heat|100/100
|
|-weather|Sandstorm|[upkeep]
|-damage|p2a: Rotom|94/100|[from] Sandstorm
|upkeep
|turn|7
|
|switch|p1a: Eternatus|Eternatus|94/100
|-ability|p1a: Eternatus|Pressure
|move|p2a: Rotom|Volt Switch|p1a: Eternatus
|-resisted|p1a: Eternatus
|-damage|p1a: Eternatus|83/100
|
|switch|p2a: Zacian|Zacian-Crowned|100/100|[from]move: Volt Switch
|-ability|p2a: Zacian|Intrepid Sword|boost
|-boost|p2a: Zacian|atk|1
|
|-weather|Sandstorm|[upkeep]
|-damage|p1a: Eternatus|77/100|[from] Sandstorm
|upkeep
|turn|8
|
|move|p2a: Zacian|Behemoth Blade|p1a: Eternatus
|-damage|p1a: Eternatus|15/100
|move|p1a: Eternatus|Flamethrower|p2a: Zacian
|-supereffective|p2a: Zacian
|-damage|p2a: Zacian|16/100
|
|-weather|Sandstorm|[upkeep]
|-damage|p1a: Eternatus|9/100|[from] Sandstorm
|upkeep
|turn|9
|
|move|p2a: Zacian|Behemoth Blade|p1a: Eternatus
|-damage|p1a: Eternatus|0 fnt
|faint|p1a: Eternatus
|
|-weather|none
|upkeep
|
|switch|p1a: Corviknight|Corviknight, F|100/100
|-ability|p1a: Corviknight|Pressure
|turn|10
|
|switch|p2a: Eternatus|Eternatus|100/100
|-ability|p2a: Eternatus|Pressure
|move|p1a: Corviknight|Bulk Up|p1a: Corviknight
|-boost|p1a: Corviknight|atk|1
|-boost|p1a: Corviknight|def|1
|
|upkeep
|turn|11
|
|move|p2a: Eternatus|Flamethrower|p1a: Corviknight
|-supereffective|p1a: Corviknight
|-damage|p1a: Corviknight|54/100
|move|p1a: Corviknight|Substitute|p1a: Corviknight
|-start|p1a: Corviknight|Substitute
|-damage|p1a: Corviknight|29/100
|
|-heal|p1a: Corviknight|35/100|[from] item: Leftovers
|upkeep
|turn|12
|
|move|p2a: Eternatus|Flamethrower|p1a: Corviknight
|-supereffective|p1a: Corviknight
|-end|p1a: Corviknight|Substitute
|move|p1a: Corviknight|Roost|p1a: Corviknight
|-heal|p1a: Corviknight|85/100
|-singleturn|p1a: Corviknight|move: Roost
|
|-heal|p1a: Corviknight|91/100|[from] item: Leftovers
|upkeep
|turn|13
|
|switch|p1a: Tyranitar|Tyranitar, M|100/100
|-weather|Sandstorm|[from] ability: Sand Stream|[of] p1a: Tyranitar
|move|p2a: Eternatus|Flamethrower|p1a: Tyranitar
|-resisted|p1a: Tyranitar
|-damage|p1a: Tyranitar|93/100
|
|-weather|Sandstorm|[upkeep]
|-damage|p2a: Eternatus|94/100|[from] Sandstorm
|-heal|p2a: Eternatus|100/100|[from] item: Black Sludge
|-heal|p1a: Tyranitar|99/100|[from] item: Leftovers
|upkeep
|turn|14
|
|switch|p2a: Quagsire|Quagsire, F|100/100
|move|p1a: Tyranitar|Fire Blast|p2a: Quagsire
|-resisted|p2a: Quagsire
|-damage|p2a: Quagsire|86/100
|
|-weather|Sandstorm|[upkeep]
|-heal|p1a: Tyranitar|100/100|[from] item: Leftovers
|upkeep
|turn|15
|
|switch|p1a: Corviknight|Corviknight, F|91/100
|-ability|p1a: Corviknight|Pressure
|switch|p2a: Zacian|Zacian-Crowned|16/100
|-ability|p2a: Zacian|Intrepid Sword|boost
|-boost|p2a: Zacian|atk|1
|
|-weather|Sandstorm|[upkeep]
|-heal|p1a: Corviknight|97/100|[from] item: Leftovers
|upkeep
|turn|16
|
|move|p2a: Zacian|Fire Fang|p1a: Corviknight
|-supereffective|p1a: Corviknight
|-damage|p1a: Corviknight|31/100
|move|p1a: Corviknight|Bulk Up|p1a: Corviknight
|-boost|p1a: Corviknight|atk|1
|-boost|p1a: Corviknight|def|1
|
|-weather|Sandstorm|[upkeep]
|-heal|p1a: Corviknight|37/100|[from] item: Leftovers
|upkeep
|turn|17
|
|switch|p2a: Rotom|Rotom-Heat|94/100
|-start|p1a: Corviknight|Dynamax
|-heal|p1a: Corviknight|37/100|[silent]
|move|p1a: Corviknight|Max Darkness|p2a: Rotom
|-damage|p2a: Rotom|50/100
|-unboost|p2a: Rotom|spd|1
|
|-weather|none
|-heal|p1a: Corviknight|40/100|[from] item: Leftovers
|upkeep
|turn|18
|
|-start|p2a: Rotom|Dynamax
|-heal|p2a: Rotom|50/100|[silent]
|move|p1a: Corviknight|Max Guard|p1a: Corviknight
|-singleturn|p1a: Corviknight|Max Guard
|move|p2a: Rotom|Max Flare|p1a: Corviknight
|-activate|p1a: Corviknight|move: Max Guard
|
|-heal|p1a: Corviknight|43/100|[from] item: Leftovers
|upkeep
|turn|19
|
|-end|p1a: Corviknight|Dynamax
|-heal|p1a: Corviknight|43/100|[silent]
|switch|p1a: Tyranitar|Tyranitar, M|100/100
|-weather|Sandstorm|[from] ability: Sand Stream|[of] p1a: Tyranitar
|move|p2a: Rotom|Max Lightning|p1a: Tyranitar
|-crit|p1a: Tyranitar
|-damage|p1a: Tyranitar|71/100
|-fieldstart|move: Electric Terrain
|
|-weather|Sandstorm|[upkeep]
|-damage|p2a: Rotom|47/100|[from] Sandstorm
|-heal|p1a: Tyranitar|77/100|[from] item: Leftovers
|upkeep
|turn|20
|
|-end|p2a: Rotom|Dynamax
|-heal|p2a: Rotom|48/100|[silent]
|switch|p2a: Quagsire|Quagsire, F|86/100
|move|p1a: Tyranitar|Stealth Rock|p2a: Quagsire
|-sidestart|p2: AmazingMoOU|move: Stealth Rock
|
|-weather|Sandstorm|[upkeep]
|-heal|p1a: Tyranitar|83/100|[from] item: Leftovers
|upkeep
|turn|21
|
|switch|p1a: Corviknight|Corviknight, F|43/100
|-ability|p1a: Corviknight|Pressure
|move|p2a: Quagsire|Encore||[still]
|-fail|p2a: Quagsire
|
|-weather|Sandstorm|[upkeep]
|-heal|p1a: Corviknight|49/100|[from] item: Leftovers
|upkeep
|turn|22
|
|move|p1a: Corviknight|Roost|p1a: Corviknight
|-heal|p1a: Corviknight|99/100
|-singleturn|p1a: Corviknight|move: Roost
|move|p2a: Quagsire|Encore|p1a: Corviknight
|-start|p1a: Corviknight|Encore
|
|-weather|Sandstorm|[upkeep]
|-heal|p1a: Corviknight|100/100|[from] item: Leftovers
|upkeep
|turn|23
|
|switch|p1a: Hatterene|Hatterene, F|100/100
|switch|p2a: Conkeldurr|Conkeldurr, M|63/100 tox
|-damage|p2a: Conkeldurr|57/100 tox|[from] Stealth Rock
|
|-weather|none
|-damage|p2a: Conkeldurr|50/100 tox|[from] psn
|-fieldend|move: Electric Terrain
|upkeep
|turn|24
|
|move|p2a: Conkeldurr|Earthquake|p1a: Hatterene
|-crit|p1a: Hatterene
|-damage|p1a: Hatterene|0 fnt
|faint|p1a: Hatterene
|
|-damage|p2a: Conkeldurr|38/100 tox|[from] psn
|upkeep
|
|switch|p1a: Zacian|Zacian-Crowned|100/100
|-ability|p1a: Zacian|Intrepid Sword|boost
|-boost|p1a: Zacian|atk|1
|turn|25
|
|switch|p2a: Rotom|Rotom-Heat|48/100
|move|p1a: Zacian|Behemoth Blade|p2a: Rotom
|-resisted|p2a: Rotom
|-damage|p2a: Rotom|20/100
|
|upkeep
|turn|26
|
|move|p1a: Zacian|Behemoth Blade|p2a: Rotom
|-resisted|p2a: Rotom
|-damage|p2a: Rotom|0 fnt
|faint|p2a: Rotom
|
|upkeep
|
|switch|p2a: Quagsire|Quagsire, F|86/100
|-damage|p2a: Quagsire|80/100|[from] Stealth Rock
|turn|27
|
|switch|p1a: Corviknight|Corviknight, F|100/100
|-ability|p1a: Corviknight|Pressure
|switch|p2a: Conkeldurr|Conkeldurr, M|38/100 tox
|-damage|p2a: Conkeldurr|32/100 tox|[from] Stealth Rock
|
|-damage|p2a: Conkeldurr|26/100 tox|[from] psn
|upkeep
|turn|28
|
|move|p1a: Corviknight|Bulk Up|p1a: Corviknight
|-boost|p1a: Corviknight|atk|1
|-boost|p1a: Corviknight|def|1
|move|p2a: Conkeldurr|Thunder Punch|p1a: Corviknight
|-supereffective|p1a: Corviknight
|-damage|p1a: Corviknight|51/100
|
|-heal|p1a: Corviknight|57/100|[from] item: Leftovers
|-damage|p2a: Conkeldurr|14/100 tox|[from] psn
|upkeep
|turn|29
|
|move|p1a: Corviknight|Roost|p1a: Corviknight
|-heal|p1a: Corviknight|100/100
|-singleturn|p1a: Corviknight|move: Roost
|move|p2a: Conkeldurr|Close Combat|p1a: Corviknight
|-supereffective|p1a: Corviknight
|-damage|p1a: Corviknight|0 fnt
|-unboost|p2a: Conkeldurr|def|1
|-unboost|p2a: Conkeldurr|spd|1
|faint|p1a: Corviknight
|
|-damage|p2a: Conkeldurr|0 fnt|[from] psn
|faint|p2a: Conkeldurr
|upkeep
|
|switch|p1a: Zacian|Zacian-Crowned|100/100
|switch|p2a: Quagsire|Quagsire, F|80/100
|-ability|p1a: Zacian|Intrepid Sword|boost
|-boost|p1a: Zacian|atk|1
|-damage|p2a: Quagsire|74/100|[from] Stealth Rock
|turn|30
|
|move|p1a: Zacian|Play Rough|p2a: Quagsire
|-damage|p2a: Quagsire|34/100
|move|p2a: Quagsire|Recover|p2a: Quagsire
|-heal|p2a: Quagsire|84/100
|
|upkeep
|turn|31
|-message|I like Lovely forfeited.
|
|win|AmazingMoOU
|l|☆I like Lovely
|raw|I like Lovely's rating: 1551 &rarr; <strong>1517</strong><br />(-34 for losing)
|raw|AmazingMoOU's rating: 1269 &rarr; <strong>1311</strong><br />(+42 for winning)
|l|☆AmazingMoOU
|j|☆AmazingMoOU
|player|p2|AmazingMoOU|ninjaboy
