|j|☆Ryriss
|j|☆trainergoldalt
|t:|1645720982
|gametype|singles
|player|p1|Ryriss|hilbert|1225
|player|p2|trainergoldalt|mira|1386
|teamsize|p1|6
|teamsize|p2|6
|gen|8
|tier|[Gen 8] Ubers
|rated|
|rule|Sleep Clause Mod: Limit one foe put to sleep
|rule|Species Clause: Limit one of each Pokémon
|rule|OHKO Clause: OHKO moves are banned
|rule|Evasion Moves Clause: Evasion moves are banned
|rule|Endless Battle Clause: Forcing endless battles is banned
|rule|HP Percentage Mod: HP is shown in percentages
|rule|Dynamax Clause: You cannot dynamax
|clearpoke
|poke|p1|Giratina-Origin|
|poke|p1|Groudon|
|poke|p1|Genesect|
|poke|p1|Kyurem-Black|
|poke|p1|Lugia|
|poke|p1|Yveltal|
|poke|p2|Magearna|
|poke|p2|Groudon|
|poke|p2|Necrozma-Dusk-Mane|
|poke|p2|Eternatus|
|poke|p2|Giratina-Origin|
|poke|p2|Yveltal|
|teampreview
|inactive|Battle timer is ON: inactive players will automatically lose when time's up. (requested by Ryriss)
|inactive|trainergoldalt also wants the timer to be on.
|
|t:|1645720994
|start
|switch|p1a: Lugia|Lugia|100/100
|switch|p2a: Giratina|Giratina-Origin|100/100
|-ability|p1a: Lugia|Pressure
|turn|1
|
|t:|1645721001
|switch|p2a: Magearna|Magearna|100/100
|move|p1a: Lugia|Light Screen|p1a: Lugia
|-sidestart|p1: Ryriss|move: Light Screen
|
|upkeep
|turn|2
|
|t:|1645721006
|move|p1a: Lugia|Reflect|p1a: Lugia
|-sidestart|p1: Ryriss|Reflect
|move|p2a: Magearna|Volt Switch|p1a: Lugia
|-supereffective|p1a: Lugia
|-damage|p1a: Lugia|88/100
|
|t:|1645721010
|switch|p2a: Giratina|Giratina-Origin|100/100|[from]move: Volt Switch
|
|upkeep
|turn|3
|
|t:|1645721015
|move|p1a: Lugia|Safeguard|p1a: Lugia
|-sidestart|p1: Ryriss|Safeguard
|move|p2a: Giratina|Poltergeist|p1a: Lugia
|-activate|p1a: Lugia|move: Poltergeist|Light Clay
|-supereffective|p1a: Lugia
|-damage|p1a: Lugia|44/100
|
|upkeep
|turn|4
|
|t:|1645721039
|switch|p1a: Yveltal|Yveltal|100/100
|-ability|p1a: Yveltal|Dark Aura
|switch|p2a: Magearna|Magearna|100/100
|
|upkeep
|turn|5
|
|t:|1645721047
|move|p1a: Yveltal|Heat Wave|p2a: Magearna
|-supereffective|p2a: Magearna
|-damage|p2a: Magearna|60/100
|move|p2a: Magearna|Fleur Cannon|p1a: Yveltal|[miss]
|-miss|p2a: Magearna|p1a: Yveltal
|
|-heal|p2a: Magearna|66/100|[from] item: Leftovers
|upkeep
|turn|6
|
|t:|1645721056
|switch|p1a: Genesect|Genesect, shiny|100/100
|-ability|p1a: Genesect|Download|boost
|-boost|p1a: Genesect|atk|1
|move|p2a: Magearna|Pain Split|p1a: Genesect
|-sethp|p1a: Genesect|88/100|[from] move: Pain Split|[silent]
|-sethp|p2a: Magearna|77/100|[from] move: Pain Split
|
|-heal|p2a: Magearna|83/100|[from] item: Leftovers
|upkeep
|turn|7
|
|t:|1645721066
|move|p1a: Genesect|Shift Gear|p1a: Genesect
|-boost|p1a: Genesect|spe|2
|-boost|p1a: Genesect|atk|1
|move|p2a: Magearna|Fleur Cannon|p1a: Genesect
|-resisted|p1a: Genesect
|-damage|p1a: Genesect|74/100
|-unboost|p2a: Magearna|spa|2
|
|-heal|p2a: Magearna|89/100|[from] item: Leftovers
|-sideend|p1: Ryriss|Safeguard
|upkeep
|turn|8
|
|t:|1645721076
|move|p1a: Genesect|Shift Gear|p1a: Genesect
|-boost|p1a: Genesect|spe|2
|-boost|p1a: Genesect|atk|1
|move|p2a: Magearna|Volt Switch|p1a: Genesect
|-damage|p1a: Genesect|69/100
|
|t:|1645721084
|switch|p2a: Yveltal|Yveltal|100/100|[from]move: Volt Switch
|-ability|p2a: Yveltal|Dark Aura
|
|-sideend|p1: Ryriss|move: Light Screen
|upkeep
|turn|9
|
|t:|1645721091
|move|p1a: Genesect|Iron Head|p2a: Yveltal
|-damage|p2a: Yveltal|33/100
|cant|p2a: Yveltal|flinch
|
|-sideend|p1: Ryriss|Reflect
|upkeep
|turn|10
|
|t:|1645721099
|move|p1a: Genesect|Iron Head|p2a: Yveltal
|-damage|p2a: Yveltal|0 fnt
|faint|p2a: Yveltal
|
|upkeep
|c|☆trainergoldalt|you are kidding
|
|t:|1645721105
|switch|p2a: Eternatus|Eternatus|100/100
|-ability|p2a: Eternatus|Pressure
|turn|11
|
|t:|1645721110
|move|p1a: Genesect|Iron Head|p2a: Eternatus
|-damage|p2a: Eternatus|41/100
|cant|p2a: Eternatus|flinch
|
|-heal|p2a: Eternatus|47/100|[from] item: Black Sludge
|upkeep
|turn|12
|c|☆trainergoldalt|FUCK OFF
|
|t:|1645721120
|move|p1a: Genesect|Iron Head|p2a: Eternatus
|-damage|p2a: Eternatus|0 fnt
|faint|p2a: Eternatus
|
|upkeep
|
|t:|1645721123
|switch|p2a: Groudon|Groudon|100/100
|-weather|SunnyDay|[from] ability: Drought|[of] p2a: Groudon
|turn|13
|
|t:|1645721133
|move|p1a: Genesect|Iron Head|p2a: Groudon
|-damage|p2a: Groudon|40/100
|move|p2a: Groudon|Precipice Blades|p1a: Genesect
|-damage|p1a: Genesect|0 fnt
|faint|p1a: Genesect
|-damage|p2a: Groudon|30/100|[from] item: Life Orb
|
|-weather|SunnyDay|[upkeep]
|upkeep
|
|t:|1645721142
|switch|p1a: Lugia|Lugia|44/100
|-ability|p1a: Lugia|Pressure
|turn|14
|c|☆trainergoldalt|gg I lose coz shit luck
|
|t:|1645721148
|move|p1a: Lugia|Reflect|p1a: Lugia
|-sidestart|p1: Ryriss|Reflect
|move|p2a: Groudon|Rock Polish|p2a: Groudon
|-boost|p2a: Groudon|spe|2
|
|-weather|SunnyDay|[upkeep]
|upkeep
|turn|15
|
|t:|1645721155
|switch|p1a: Giratina|Giratina-Origin|100/100
|move|p2a: Groudon|Swords Dance|p2a: Groudon
|-boost|p2a: Groudon|atk|2
|
|-weather|SunnyDay|[upkeep]
|upkeep
|turn|16
|
|t:|1645721162
|move|p2a: Groudon|Stone Edge|p1a: Giratina
|-crit|p1a: Giratina
|-damage|p1a: Giratina|0 fnt
|faint|p1a: Giratina
|-damage|p2a: Groudon|20/100|[from] item: Life Orb
|
|-weather|SunnyDay|[upkeep]
|upkeep
|c|☆trainergoldalt|YES
|
|t:|1645721173
|switch|p1a: Yveltal|Yveltal|100/100
|-ability|p1a: Yveltal|Dark Aura
|turn|17
|c|☆trainergoldalt|tq rng
|
|t:|1645721179
|move|p2a: Groudon|Stone Edge|p1a: Yveltal
|-supereffective|p1a: Yveltal
|-damage|p1a: Yveltal|0 fnt
|faint|p1a: Yveltal
|-damage|p2a: Groudon|10/100|[from] item: Life Orb
|
|-weather|none
|upkeep
|
|t:|1645721189
|switch|p1a: Groudon|Groudon|100/100
|-weather|SunnyDay|[from] ability: Drought|[of] p1a: Groudon
|turn|18
|c|☆trainergoldalt|TQ SO MUCH
|
|t:|1645721196
|move|p2a: Groudon|Precipice Blades|p1a: Groudon
|-damage|p1a: Groudon|36/100
|-damage|p2a: Groudon|0 fnt|[from] item: Life Orb
|faint|p2a: Groudon
|move|p1a: Groudon|Earthquake|p2: Groudon|[notarget]
|-fail|p1a: Groudon
|
|-weather|SunnyDay|[upkeep]
|upkeep
|
|t:|1645721203
|switch|p2a: Giratina|Giratina-Origin|100/100
|turn|19
|
|t:|1645721207
|move|p1a: Groudon|Rock Polish|p1a: Groudon
|-boost|p1a: Groudon|spe|2
|move|p2a: Giratina|Poltergeist|p1a: Groudon
|-activate|p1a: Groudon|move: Poltergeist|Heavy-Duty Boots
|-damage|p1a: Groudon|11/100
|
|-weather|SunnyDay|[upkeep]
|upkeep
|turn|20
|
|t:|1645721216
|move|p2a: Giratina|Shadow Sneak|p1a: Groudon
|-damage|p1a: Groudon|3/100
|move|p1a: Groudon|Stone Edge|p2a: Giratina
|-damage|p2a: Giratina|71/100
|
|-weather|SunnyDay|[upkeep]
|upkeep
|turn|21
|
|t:|1645721224
|move|p2a: Giratina|Shadow Sneak|p1a: Groudon
|-damage|p1a: Groudon|0 fnt
|faint|p1a: Groudon
|
|-weather|SunnyDay|[upkeep]
|-sideend|p1: Ryriss|Reflect
|upkeep
|
|t:|1645721230
|switch|p1a: Lugia|Lugia|44/100
|-ability|p1a: Lugia|Pressure
|turn|22
|
|t:|1645721241
|switch|p2a: Necrozma|Necrozma-Dusk-Mane|100/100
|move|p1a: Lugia|Reflect|p1a: Lugia
|-sidestart|p1: Ryriss|Reflect
|
|-weather|none
|upkeep
|turn|23
|
|t:|1645721247
|move|p1a: Lugia|Light Screen|p1a: Lugia
|-sidestart|p1: Ryriss|move: Light Screen
|move|p2a: Necrozma|Thunder Wave|p1a: Lugia
|-status|p1a: Lugia|par
|
|upkeep
|turn|24
|
|t:|1645721253
|move|p2a: Necrozma|Stealth Rock|p1a: Lugia
|-sidestart|p1: Ryriss|move: Stealth Rock
|move|p1a: Lugia|Thunder Wave|p2a: Necrozma
|-status|p2a: Necrozma|par
|
|upkeep
|turn|25
|
|t:|1645721259
|switch|p2a: Giratina|Giratina-Origin|71/100
|move|p1a: Lugia|Safeguard|p1a: Lugia
|-sidestart|p1: Ryriss|Safeguard
|
|upkeep
|turn|26
|
|t:|1645721264
|switch|p1a: Kyurem|Kyurem-Black|100/100
|-ability|p1a: Kyurem|Teravolt
|move|p2a: Giratina|Poltergeist|p1a: Kyurem|[miss]
|-miss|p2a: Giratina|p1a: Kyurem
|
|upkeep
|turn|27
|
|t:|1645721273
|switch|p2a: Magearna|Magearna|89/100
|move|p1a: Kyurem|Dragon Dance|p1a: Kyurem
|-boost|p1a: Kyurem|atk|1
|-boost|p1a: Kyurem|spe|1
|
|-heal|p2a: Magearna|95/100|[from] item: Leftovers
|upkeep
|turn|28
|
|t:|1645721281
|move|p1a: Kyurem|Dragon Dance|p1a: Kyurem
|-boost|p1a: Kyurem|atk|1
|-boost|p1a: Kyurem|spe|1
|move|p2a: Magearna|Fleur Cannon|p1a: Kyurem|[miss]
|-miss|p2a: Magearna|p1a: Kyurem
|
|-heal|p2a: Magearna|100/100|[from] item: Leftovers
|upkeep
|turn|29
|c|☆trainergoldalt|OK
|
|t:|1645721289
|move|p1a: Kyurem|Fusion Bolt|p2a: Magearna
|-damage|p2a: Magearna|25/100
|move|p2a: Magearna|Fleur Cannon|p1a: Kyurem
|-supereffective|p1a: Kyurem
|-damage|p1a: Kyurem|48/100
|-unboost|p2a: Magearna|spa|2
|
|-heal|p2a: Magearna|32/100|[from] item: Leftovers
|-sideend|p1: Ryriss|Reflect
|-sideend|p1: Ryriss|Safeguard
|upkeep
|turn|30
|c|☆trainergoldalt|COOL
|
|t:|1645721300
|move|p1a: Kyurem|Fusion Bolt|p2a: Magearna
|-damage|p2a: Magearna|0 fnt
|faint|p2a: Magearna
|
|-sideend|p1: Ryriss|move: Light Screen
|upkeep
|
|t:|1645721306
|switch|p2a: Necrozma|Necrozma-Dusk-Mane|100/100 par
|turn|31
|
|t:|1645721309
|move|p1a: Kyurem|Fusion Bolt|p2a: Necrozma
|-damage|p2a: Necrozma|56/100 par
|move|p2a: Necrozma|Sunsteel Strike|p1a: Kyurem
|-supereffective|p1a: Kyurem
|-damage|p1a: Kyurem|0 fnt
|faint|p1a: Kyurem
|
|-heal|p2a: Necrozma|62/100 par|[from] item: Leftovers
|upkeep
|c|☆trainergoldalt|Phew
|-message|Ryriss forfeited.
|
|win|trainergoldalt
|raw|Ryriss's rating: 1225 &rarr; <strong>1211</strong><br />(-14 for losing)
|raw|trainergoldalt's rating: 1386 &rarr; <strong>1397</strong><br />(+11 for winning)
|l|☆Ryriss
|c|☆trainergoldalt|I hate this game
|c|☆trainergoldalt|And love it as well
|c|☆trainergoldalt|help
||Ladder isn't responding, score probably updated but might not have (Request timeout).
