|j|☆Papaslayeraskellad
|j|☆layer - bra
|player|p1|Papaslayeraskellad|cynthia-gen4|1606
|player|p2|layer - bra|1|1397
|teamsize|p1|6
|teamsize|p2|6
|gametype|singles
|gen|8
|tier|[Gen 8] Ubers
|rated|
|clearpoke
|poke|p1|Zacian-Crowned|
|poke|p1|Cinderace, F|
|poke|p1|Marshadow|
|poke|p1|Ditto|
|poke|p1|Melmetal|
|poke|p1|Necrozma-Dusk-Mane|
|poke|p2|Zacian-Crowned|
|poke|p2|Zamazenta|
|poke|p2|Eternatus|
|poke|p2|Necrozma-Dusk-Mane|
|poke|p2|Reshiram|
|poke|p2|Weavile, F|
|rule|Sleep Clause Mod: Limit one foe put to sleep
|rule|Species Clause: Limit one of each Pokémon
|rule|OHKO Clause: OHKO moves are banned
|rule|Evasion Moves Clause: Evasion moves are banned
|rule|Endless Battle Clause: Forcing endless battles is banned
|rule|HP Percentage Mod: HP is shown in percentages
|html|Ubers Dynamax Clause: Pokémon on the <a href="https://www.smogon.com/dex/ss/formats/uber/">Ubers Dynamax Banlist</a> cannot Dynamax.
|teampreview
|inactive|Battle timer is ON: inactive players will automatically lose when time's up. (requested by Papaslayeraskellad)
|
|start
|switch|p1a: Cinderace|Cinderace, F|100/100
|switch|p2a: Necrozma|Necrozma-Dusk-Mane|100/100
|turn|1
|
|move|p1a: Cinderace|Pyro Ball|p2a: Necrozma|[miss]
|-miss|p1a: Cinderace|p2a: Necrozma
|move|p2a: Necrozma|Knock Off|p1a: Cinderace
|-damage|p1a: Cinderace|37/100
|-enditem|p1a: Cinderace|Focus Sash|[from] move: Knock Off|[of] p2a: Necrozma
|
|upkeep
|turn|2
|c|☆Papaslayeraskellad|Of course it misses
|c|☆layer - bra|of course
|
|move|p1a: Cinderace|Pyro Ball|p2a: Necrozma
|-supereffective|p2a: Necrozma
|-damage|p2a: Necrozma|37/100
|move|p2a: Necrozma|Psychic Fangs|p1a: Cinderace
|-damage|p1a: Cinderace|0 fnt
|faint|p1a: Cinderace
|
|upkeep
|
|switch|p1a: Marshadow|Marshadow|100/100
|turn|3
|
|move|p1a: Marshadow|Spectral Thief|p2a: Necrozma
|-supereffective|p2a: Necrozma
|-damage|p2a: Necrozma|0 fnt
|faint|p2a: Necrozma
|
|upkeep
|inactive|layer - bra has 120 seconds left.
|
|switch|p2a: Weavile|Weavile, F|100/100
|-ability|p2a: Weavile|Pressure
|turn|4
|
|move|p2a: Weavile|Knock Off|p1a: Marshadow
|-crit|p1a: Marshadow
|-damage|p1a: Marshadow|6/100
|-enditem|p1a: Marshadow|Focus Sash|[from] move: Knock Off|[of] p2a: Weavile
|move|p1a: Marshadow|Close Combat|p2a: Weavile
|-supereffective|p2a: Weavile
|-enditem|p2a: Weavile|Focus Sash
|-damage|p2a: Weavile|1/100
|-unboost|p1a: Marshadow|def|1
|-unboost|p1a: Marshadow|spd|1
|
|upkeep
|turn|5
|
|move|p1a: Marshadow|Shadow Sneak|p2a: Weavile
|-resisted|p2a: Weavile
|-damage|p2a: Weavile|0 fnt
|faint|p2a: Weavile
|
|upkeep
|c|☆layer - bra|of course you win the speed tie
|
|switch|p2a: Zamazenta|Zamazenta|100/100
|-ability|p2a: Zamazenta|Dauntless Shield|boost
|-boost|p2a: Zamazenta|def|1
|turn|6
|
|move|p2a: Zamazenta|Play Rough|p1a: Marshadow
|-supereffective|p1a: Marshadow
|-damage|p1a: Marshadow|0 fnt
|faint|p1a: Marshadow
|
|upkeep
|
|switch|p1a: Zacian|Zacian-Crowned|100/100
|-ability|p1a: Zacian|Intrepid Sword|boost
|-boost|p1a: Zacian|atk|1
|turn|7
|
|switch|p2a: Reshiram|Reshiram|100/100
|-ability|p2a: Reshiram|Turboblaze
|move|p1a: Zacian|Play Rough|p2a: Reshiram|[miss]
|-miss|p1a: Zacian|p2a: Reshiram
|
|upkeep
|turn|8
|inactive|layer - bra has 120 seconds left.
|c|☆layer - bra|of course it misse
|c|☆layer - bra|misses
|c|☆Papaslayeraskellad|Bro you won 1st speed tie
|inactive|Papaslayeraskellad has 120 seconds left.
|c|☆layer - bra|no i am just trolling
|c|☆layer - bra|i dont actually care
|c|☆Papaslayeraskellad|Ofcourse it misses cause I'm satan's first child
|inactive|Papaslayeraskellad has 90 seconds left.
|
|switch|p1a: Ditto|Ditto|100/100
|-transform|p1a: Ditto|p2a: Reshiram|[from] ability: Imposter
|-ability|p1a: Ditto|Turboblaze
|move|p2a: Reshiram|Fusion Flare|p1a: Ditto
|-resisted|p1a: Ditto
|-damage|p1a: Ditto|79/100
|
|upkeep
|turn|9
|inactive|Papaslayeraskellad has 90 seconds left.
|inactive|layer - bra has 120 seconds left.
|c|☆layer - bra|wait i am the second
|c|☆layer - bra|brother/sister?
|
|switch|p2a: Zacian|Zacian-Crowned|100/100
|-ability|p2a: Zacian|Intrepid Sword|boost
|-boost|p2a: Zacian|atk|1
|move|p1a: Ditto|Fusion Flare|p2a: Zacian
|-supereffective|p2a: Zacian
|-damage|p2a: Zacian|0 fnt
|faint|p2a: Zacian
|
|upkeep
|c|☆Papaslayeraskellad|Must be cousin
|
|switch|p2a: Reshiram|Reshiram|100/100
|-ability|p2a: Reshiram|Turboblaze
|turn|10
|inactive|Papaslayeraskellad has 90 seconds left.
|
|move|p1a: Ditto|Fusion Flare|p2a: Reshiram
|-resisted|p2a: Reshiram
|-damage|p2a: Reshiram|89/100
|move|p2a: Reshiram|Fusion Flare|p1a: Ditto
|-resisted|p1a: Ditto
|-damage|p1a: Ditto|59/100
|
|upkeep
|turn|11
|
|switch|p2a: Eternatus|Eternatus|100/100
|-ability|p2a: Eternatus|Pressure
|move|p1a: Ditto|Fusion Flare|p2a: Eternatus
|-resisted|p2a: Eternatus
|-damage|p2a: Eternatus|79/100
|
|upkeep
|turn|12
|inactive|layer - bra has 90 seconds left.
|
|move|p1a: Ditto|Fusion Flare|p2a: Eternatus
|-resisted|p2a: Eternatus
|-damage|p2a: Eternatus|58/100
|move|p2a: Eternatus|Dynamax Cannon|p1a: Ditto
|-supereffective|p1a: Ditto
|-damage|p1a: Ditto|0 fnt
|faint|p1a: Ditto
|
|upkeep
|
|switch|p1a: Zacian|Zacian-Crowned|100/100
|-ability|p1a: Zacian|Intrepid Sword|boost
|-boost|p1a: Zacian|atk|1
|turn|13
|inactive|Papaslayeraskellad has 90 seconds left.
|
|move|p1a: Zacian|Behemoth Blade|p2a: Eternatus
|-damage|p2a: Eternatus|0 fnt
|faint|p2a: Eternatus
|
|upkeep
|
|switch|p2a: Reshiram|Reshiram|89/100
|-ability|p2a: Reshiram|Turboblaze
|turn|14
|
|move|p1a: Zacian|Play Rough|p2a: Reshiram
|-damage|p2a: Reshiram|10/100
|move|p2a: Reshiram|Fusion Flare|p1a: Zacian
|-supereffective|p1a: Zacian
|-damage|p1a: Zacian|0 fnt
|faint|p1a: Zacian
|
|upkeep
|inactive|Papaslayeraskellad has 90 seconds left.
|
|switch|p1a: Necrozma|Necrozma-Dusk-Mane|100/100
|turn|15
|
|move|p2a: Reshiram|Fusion Flare|p1a: Necrozma
|-supereffective|p1a: Necrozma
|-damage|p1a: Necrozma|0 fnt
|faint|p1a: Necrozma
|
|upkeep
|c|☆Papaslayeraskellad|Damn
|inactive|Papaslayeraskellad has 90 seconds left.
|c|☆Papaslayeraskellad|Ignores ability
|c|☆Papaslayeraskellad|Shit
|
|switch|p1a: Melmetal|Melmetal|100/100
|turn|16
|c|☆layer - bra|Of course it ignores ability
|
|-start|p1a: Melmetal|Dynamax
|-heal|p1a: Melmetal|100/100|[silent]
|move|p2a: Reshiram|Fusion Flare|p1a: Melmetal
|-supereffective|p1a: Melmetal
|-damage|p1a: Melmetal|12/100
|move|p1a: Melmetal|Max Steelspike|p2a: Reshiram
|-resisted|p2a: Reshiram
|-damage|p2a: Reshiram|0 fnt
|-boost|p1a: Melmetal|def|1
|faint|p2a: Reshiram
|
|upkeep
|c|☆Papaslayeraskellad|Lol
|inactive|layer - bra has 120 seconds left.
|c|☆layer - bra|of course now i am gonna ora ora ora you to death
|
|switch|p2a: Zamazenta|Zamazenta|100/100
|-ability|p2a: Zamazenta|Dauntless Shield|boost
|-boost|p2a: Zamazenta|def|1
|turn|17
|c|☆Papaslayeraskellad|No muda muda
|c|☆layer - bra|ora ora ora ora
|c|☆layer - bra|ora ora
|inactive|Papaslayeraskellad has 60 seconds left.
|c|☆Papaslayeraskellad|Oh you're approaching me ?
|c|☆layer - bra|yes i cant beat the shit out of you
|c|☆layer - bra|if i am not close enough
|inactive|Papaslayeraskellad has 30 seconds left.
|inactive|Papaslayeraskellad has 20 seconds left.
|c|☆Papaslayeraskellad|gg demonic jojo relative fan
|inactive|Papaslayeraskellad has 15 seconds left.
|
|move|p2a: Zamazenta|Close Combat|p1a: Melmetal
|-supereffective|p1a: Melmetal
|-damage|p1a: Melmetal|0 fnt
|-unboost|p2a: Zamazenta|def|1
|-unboost|p2a: Zamazenta|spd|1
|faint|p1a: Melmetal
|
|win|layer - bra
|inactive|Papaslayeraskellad has 20 seconds left this turn.
|c|☆layer - bra|gg cousin/brother/sister
|raw|Papaslayeraskellad's rating: 1606 &rarr; <strong>1575</strong><br />(-31 for losing)
|raw|layer - bra's rating: 1397 &rarr; <strong>1428</strong><br />(+31 for winning)
|l|☆Papaslayeraskellad
