|j|☆TheSlayerOfPlayers
|j|☆hjuyttdd
|t:|1600927315
|player|p1|TheSlayerOfPlayers|richboy-gen4|
|player|p2|hjuyttdd|aromalady|
|teamsize|p1|6
|teamsize|p2|6
|gametype|singles
|gen|8
|tier|[Gen 8] Ubers
|rated|Tournament battle
|clearpoke
|poke|p1|Eternatus|
|poke|p1|Lunala|
|poke|p1|Dugtrio, M|
|poke|p1|Corviknight, M|
|poke|p1|Necrozma-Dusk-Mane|
|poke|p1|Blissey, F|
|poke|p2|Tyranitar, F|
|poke|p2|Zacian-Crowned|
|poke|p2|Excadrill, M|
|poke|p2|Eternatus|
|poke|p2|Corviknight, F|
|poke|p2|Quagsire, M|
|rule|Sleep Clause Mod: Limit one foe put to sleep
|rule|Species Clause: Limit one of each Pokémon
|rule|OHKO Clause: OHKO moves are banned
|rule|Evasion Moves Clause: Evasion moves are banned
|rule|Endless Battle Clause: Forcing endless battles is banned
|rule|HP Percentage Mod: HP is shown in percentages
|html|Ubers Dynamax Clause: Pokémon on the <a href="https://www.smogon.com/dex/ss/formats/uber/">Ubers Dynamax Banlist</a> cannot Dynamax.
|teampreview
|j| yo ya perdi
|inactive|Battle timer is ON: inactive players will automatically lose when time's up. (requested by TheSlayerOfPlayers)
|l| yo ya perdi
|j| keepimproving
|inactive|hjuyttdd has 120 seconds left.
|inactive|hjuyttdd has 90 seconds left.
|j| LatiGOD
|
|t:|1600927413
|start
|switch|p1a: Necrozma|Necrozma-Dusk-Mane|100/100
|switch|p2a: Zacian|Zacian-Crowned|100/100
|-ability|p2a: Zacian|Intrepid Sword|boost
|-boost|p2a: Zacian|atk|1
|turn|1
|
|t:|1600927416
|switch|p2a: Corviknight|Corviknight, F|100/100
|-ability|p2a: Corviknight|Pressure
|move|p1a: Necrozma|Thunder Wave|p2a: Corviknight
|-status|p2a: Corviknight|par
|
|upkeep
|turn|2
|
|t:|1600927423
|switch|p2a: Tyra|Tyranitar, F|100/100
|-weather|Sandstorm|[from] ability: Sand Stream|[of] p2a: Tyra
|move|p1a: Necrozma|Stealth Rock|p2a: Tyra
|-sidestart|p2: hjuyttdd|move: Stealth Rock
|
|-weather|Sandstorm|[upkeep]
|upkeep
|turn|3
|
|t:|1600927428
|switch|p2a: Corviknight|Corviknight, F|100/100 par
|-damage|p2a: Corviknight|88/100 par|[from] Stealth Rock
|-ability|p2a: Corviknight|Pressure
|move|p1a: Necrozma|Earthquake|p2a: Corviknight
|-immune|p2a: Corviknight
|
|-weather|Sandstorm|[upkeep]
|upkeep
|turn|4
|
|t:|1600927434
|switch|p1a: Lunala|Lunala|100/100
|move|p2a: Corviknight|Defog|p1a: Lunala
|-unboost|p1a: Lunala|evasion|1
|-sideend|p2: hjuyttdd|Stealth Rock|[from] move: Defog|[of] p2a: Corviknight
|
|-weather|Sandstorm|[upkeep]
|-damage|p1a: Lunala|94/100|[from] Sandstorm
|upkeep
|turn|5
|c|☆hjuyttdd|specs focus blast
|inactive|hjuyttdd has 120 seconds left.
|c|☆hjuyttdd|i bet
|
|t:|1600927480
|switch|p2a: Eternatus|Eternatus|100/100
|-ability|p2a: Eternatus|Pressure
|move|p1a: Lunala|Moonblast|p2a: Eternatus
|-damage|p2a: Eternatus|64/100
|
|-weather|Sandstorm|[upkeep]
|-damage|p2a: Eternatus|58/100|[from] Sandstorm
|-damage|p1a: Lunala|88/100|[from] Sandstorm
|-heal|p2a: Eternatus|64/100|[from] item: Black Sludge
|upkeep
|turn|6
|c|☆hjuyttdd|same thing
|
|t:|1600927493
|switch|p1a: Blissey|Blissey, F|100/100
|move|p2a: Eternatus|Toxic Spikes|p1a: Blissey
|-sidestart|p1: TheSlayerOfPlayers|move: Toxic Spikes
|
|-weather|Sandstorm|[upkeep]
|-damage|p2a: Eternatus|58/100|[from] Sandstorm
|-damage|p1a: Blissey|94/100|[from] Sandstorm
|-heal|p2a: Eternatus|64/100|[from] item: Black Sludge
|upkeep
|turn|7
|
|t:|1600927501
|move|p2a: Eternatus|Recover|p2a: Eternatus
|-heal|p2a: Eternatus|100/100
|move|p1a: Blissey|Teleport|p1a: Blissey
|
|t:|1600927503
|switch|p1a: Eternatus|Eternatus|100/100|[from]move: Teleport
|-sideend|p1: TheSlayerOfPlayers|move: Toxic Spikes|[of] p1a: Eternatus
|-ability|p1a: Eternatus|Pressure
|
|-weather|Sandstorm|[upkeep]
|-damage|p2a: Eternatus|94/100|[from] Sandstorm
|-damage|p1a: Eternatus|94/100|[from] Sandstorm
|-heal|p2a: Eternatus|100/100|[from] item: Black Sludge
|upkeep
|turn|8
|inactive|hjuyttdd has 120 seconds left.
|
|t:|1600927510
|switch|p2a: Tyra|Tyranitar, F|100/100
|move|p1a: Eternatus|Dynamax Cannon|p2a: Tyra
|-damage|p2a: Tyra|75/100
|
|-weather|Sandstorm|[upkeep]
|-damage|p1a: Eternatus|88/100|[from] Sandstorm
|upkeep
|turn|9
|
|t:|1600927516
|switch|p1a: Dugtrio|Dugtrio, M|100/100
|move|p2a: Tyra|Stealth Rock|p1a: Dugtrio
|-sidestart|p1: TheSlayerOfPlayers|move: Stealth Rock
|
|-weather|none
|upkeep
|turn|10
|
|t:|1600927522
|-start|p1a: Dugtrio|Dynamax
|-heal|p1a: Dugtrio|100/100|[silent]
|-start|p2a: Tyra|Dynamax
|-heal|p2a: Tyra|75/100|[silent]
|move|p1a: Dugtrio|Max Quake|p2a: Tyra
|-supereffective|p2a: Tyra
|-damage|p2a: Tyra|24/100
|-boost|p1a: Dugtrio|spd|1
|move|p2a: Tyra|Max Quake|p1a: Dugtrio
|-damage|p1a: Dugtrio|51/100
|-boost|p2a: Tyra|spd|1
|
|upkeep
|turn|11
|
|t:|1600927527
|move|p2a: Tyra|Max Guard|p2a: Tyra
|-singleturn|p2a: Tyra|Max Guard
|move|p1a: Dugtrio|Max Quake|p2a: Tyra
|-activate|p2a: Tyra|move: Max Guard
|
|upkeep
|turn|12
|
|t:|1600927531
|move|p1a: Dugtrio|Max Quake|p2a: Tyra
|-supereffective|p2a: Tyra
|-damage|p2a: Tyra|0 fnt
|-boost|p1a: Dugtrio|spd|1
|faint|p2a: Tyra
|
|-end|p1a: Dugtrio|Dynamax
|-heal|p1a: Dugtrio|52/100|[silent]
|upkeep
|
|t:|1600927538
|switch|p2a: Zacian|Zacian-Crowned|100/100
|-ability|p2a: Zacian|Intrepid Sword|boost
|-boost|p2a: Zacian|atk|1
|turn|13
|
|t:|1600927544
|switch|p1a: Necrozma|Necrozma-Dusk-Mane|100/100
|-damage|p1a: Necrozma|94/100|[from] Stealth Rock
|move|p2a: Zacian|Behemoth Blade|p1a: Necrozma
|-resisted|p1a: Necrozma
|-damage|p1a: Necrozma|68/100
|
|-heal|p1a: Necrozma|74/100|[from] item: Leftovers
|upkeep
|turn|14
|
|t:|1600927549
|switch|p2a: Corviknight|Corviknight, F|88/100 par
|-ability|p2a: Corviknight|Pressure
|move|p1a: Necrozma|Stealth Rock|p2a: Corviknight
|-sidestart|p2: hjuyttdd|move: Stealth Rock
|
|-heal|p1a: Necrozma|80/100|[from] item: Leftovers
|upkeep
|turn|15
|
|t:|1600927561
|switch|p2a: Zacian|Zacian-Crowned|100/100
|-damage|p2a: Zacian|94/100|[from] Stealth Rock
|-ability|p2a: Zacian|Intrepid Sword|boost
|-boost|p2a: Zacian|atk|1
|move|p1a: Necrozma|Morning Sun|p1a: Necrozma
|-heal|p1a: Necrozma|100/100
|
|upkeep
|turn|16
|
|t:|1600927565
|switch|p2a: Corviknight|Corviknight, F|88/100 par
|-damage|p2a: Corviknight|75/100 par|[from] Stealth Rock
|-ability|p2a: Corviknight|Pressure
|move|p1a: Necrozma|Earthquake|p2a: Corviknight
|-immune|p2a: Corviknight
|
|upkeep
|turn|17
|
|t:|1600927570
|switch|p2a: Zacian|Zacian-Crowned|94/100
|-damage|p2a: Zacian|88/100|[from] Stealth Rock
|-ability|p2a: Zacian|Intrepid Sword|boost
|-boost|p2a: Zacian|atk|1
|move|p1a: Necrozma|Thunder Wave|p2a: Zacian
|-status|p2a: Zacian|par
|
|upkeep
|turn|18
|c|☆hjuyttdd|gg man
|-message|hjuyttdd forfeited.
|
|win|TheSlayerOfPlayers
|l|☆hjuyttdd
|c|☆TheSlayerOfPlayers|y did u lose
|l|☆TheSlayerOfPlayers
|l| LatiGOD
|l| keepimproving
|j|☆TheSlayerOfPlayers
|player|p1|TheSlayerOfPlayers|richboy-gen4
