|j|☆Terra the creator
|j|☆Carl Murray
|player|p1|Terra the creator|dawn|
|player|p2|Carl Murray|211|
|teamsize|p1|6
|teamsize|p2|6
|gametype|singles
|gen|8
|tier|[Gen 8] Ubers
|rated|Tournament battle
|clearpoke
|poke|p1|Salazzle, F|
|poke|p1|Rotom-Wash|
|poke|p1|Tyranitar, M|
|poke|p1|Corviknight, M|
|poke|p1|Eternatus|
|poke|p1|Dugtrio, F|
|poke|p2|Zacian-*|
|poke|p2|Eternatus|
|poke|p2|Aegislash, M|
|poke|p2|Ditto|
|poke|p2|Dugtrio, F|
|poke|p2|Corviknight, M|
|rule|Sleep Clause Mod: Limit one foe put to sleep
|rule|Species Clause: Limit one of each Pokémon
|rule|OHKO Clause: OHKO moves are banned
|rule|Evasion Moves Clause: Evasion moves are banned
|rule|Endless Battle Clause: Forcing endless battles is banned
|rule|HP Percentage Mod: HP is shown in percentages
|teampreview
|
|start
|switch|p1a: Rotom|Rotom-Wash|100/100
|switch|p2a: Dugtrio|Dugtrio, F|100/100
|turn|1
|
|move|p2a: Dugtrio|Stealth Rock|p1a: Rotom
|-sidestart|p1: Terra the creator|move: Stealth Rock
|move|p1a: Rotom|Volt Switch|p2a: Dugtrio
|-immune|p2a: Dugtrio
|
|upkeep
|turn|2
|
|switch|p2a: Eternatus|Eternatus|100/100
|-ability|p2a: Eternatus|Pressure
|move|p1a: Rotom|Hydro Pump|p2a: Eternatus
|-resisted|p2a: Eternatus
|-damage|p2a: Eternatus|83/100
|
|upkeep
|turn|3
|
|switch|p2a: Dugtrio|Dugtrio, F|100/100
|switch|p1a: Tyranitar|Tyranitar, M|100/100
|-damage|p1a: Tyranitar|88/100|[from] Stealth Rock
|-weather|Sandstorm|[from] ability: Sand Stream|[of] p1a: Tyranitar
|
|-weather|Sandstorm|[upkeep]
|-heal|p1a: Tyranitar|94/100|[from] item: Leftovers
|upkeep
|turn|4
|
|-start|p2a: Dugtrio|Dynamax
|-heal|p2a: Dugtrio|100/100|[silent]
|-start|p1a: Tyranitar|Dynamax
|-heal|p1a: Tyranitar|94/100|[silent]
|move|p2a: Dugtrio|Max Knuckle|p1a: Tyranitar
|-supereffective|p1a: Tyranitar
|-damage|p1a: Tyranitar|47/100
|-boost|p2a: Dugtrio|atk|1
|move|p1a: Tyranitar|Max Darkness|p2a: Dugtrio
|-damage|p2a: Dugtrio|30/100
|-unboost|p2a: Dugtrio|spd|1
|
|-weather|Sandstorm|[upkeep]
|-heal|p1a: Tyranitar|50/100|[from] item: Leftovers
|upkeep
|turn|5
|j| TRHurricane
|c| TRHurricane|Carl murray
|c| TRHurricane|Big fan
|c|☆Carl Murray|Hurricane
|c|☆Carl Murray|big fan
|
|move|p2a: Dugtrio|Max Knuckle|p1a: Tyranitar
|-supereffective|p1a: Tyranitar
|-damage|p1a: Tyranitar|0 fnt
|-boost|p2a: Dugtrio|atk|1
|faint|p1a: Tyranitar
|
|-weather|Sandstorm|[upkeep]
|upkeep
|
|switch|p1a: Dugtrio|Dugtrio, F|100/100
|-damage|p1a: Dugtrio|94/100|[from] Stealth Rock
|turn|6
|j| Bondi St love love
|
|move|p2a: Dugtrio|Max Guard|p2a: Dugtrio
|-singleturn|p2a: Dugtrio|Max Guard
|move|p1a: Dugtrio|Earthquake|p2a: Dugtrio
|-activate|p2a: Dugtrio|move: Max Guard
|
|-weather|Sandstorm|[upkeep]
|-end|p2a: Dugtrio|Dynamax
|-heal|p2a: Dugtrio|30/100|[silent]
|upkeep
|turn|7
|
|move|p2a: Dugtrio|Sucker Punch|p1a: Dugtrio
|-damage|p1a: Dugtrio|0 fnt
|faint|p1a: Dugtrio
|
|-weather|none
|upkeep
|
|switch|p1a: Corviknight|Corviknight, M|100/100
|-damage|p1a: Corviknight|88/100|[from] Stealth Rock
|-ability|p1a: Corviknight|Pressure
|turn|8
|
|move|p2a: Dugtrio|Reversal|p1a: Corviknight
|-damage|p1a: Corviknight|61/100
|move|p1a: Corviknight|Defog|p2a: Dugtrio
|-unboost|p2a: Dugtrio|evasion|1
|-sideend|p1: Terra the creator|Stealth Rock|[from] move: Defog|[of] p1a: Corviknight
|
|upkeep
|turn|9
|
|move|p2a: Dugtrio|Stealth Rock|p1a: Corviknight
|-sidestart|p1: Terra the creator|move: Stealth Rock
|move|p1a: Corviknight|Roost|p1a: Corviknight
|-heal|p1a: Corviknight|100/100
|-singleturn|p1a: Corviknight|move: Roost
|
|upkeep
|turn|10
|
|move|p2a: Dugtrio|Reversal|p1a: Corviknight
|-damage|p1a: Corviknight|70/100
|move|p1a: Corviknight|Defog|p2a: Dugtrio
|-unboost|p2a: Dugtrio|evasion|1
|-sideend|p1: Terra the creator|Stealth Rock|[from] move: Defog|[of] p1a: Corviknight
|
|upkeep
|turn|11
|
|move|p2a: Dugtrio|Stealth Rock|p1a: Corviknight
|-sidestart|p1: Terra the creator|move: Stealth Rock
|move|p1a: Corviknight|Roost|p1a: Corviknight
|-heal|p1a: Corviknight|100/100
|-singleturn|p1a: Corviknight|move: Roost
|
|upkeep
|turn|12
|
|move|p2a: Dugtrio|Reversal|p1a: Corviknight
|-damage|p1a: Corviknight|75/100
|move|p1a: Corviknight|Defog|p2a: Dugtrio
|-unboost|p2a: Dugtrio|evasion|1
|-sideend|p1: Terra the creator|Stealth Rock|[from] move: Defog|[of] p1a: Corviknight
|
|upkeep
|turn|13
|
|move|p2a: Dugtrio|Stealth Rock|p1a: Corviknight
|-sidestart|p1: Terra the creator|move: Stealth Rock
|move|p1a: Corviknight|Defog|p2a: Dugtrio
|-unboost|p2a: Dugtrio|evasion|1
|-sideend|p1: Terra the creator|Stealth Rock|[from] move: Defog|[of] p1a: Corviknight
|
|upkeep
|turn|14
|
|move|p2a: Dugtrio|Stealth Rock|p1a: Corviknight
|-sidestart|p1: Terra the creator|move: Stealth Rock
|move|p1a: Corviknight|Defog|p2a: Dugtrio
|-unboost|p2a: Dugtrio|evasion|1
|-sideend|p1: Terra the creator|Stealth Rock|[from] move: Defog|[of] p1a: Corviknight
|
|upkeep
|turn|15
|
|move|p2a: Dugtrio|Reversal|p1a: Corviknight
|-damage|p1a: Corviknight|49/100
|move|p1a: Corviknight|Defog|p2a: Dugtrio
|-unboost|p2a: Dugtrio|evasion|1
|
|upkeep
|turn|16
|
|move|p2a: Dugtrio|Stealth Rock|p1a: Corviknight
|-sidestart|p1: Terra the creator|move: Stealth Rock
|move|p1a: Corviknight|Roost|p1a: Corviknight
|-heal|p1a: Corviknight|99/100
|-singleturn|p1a: Corviknight|move: Roost
|
|upkeep
|turn|17
|
|move|p2a: Dugtrio|Reversal|p1a: Corviknight
|-damage|p1a: Corviknight|69/100
|move|p1a: Corviknight|Defog|p2a: Dugtrio
|-unboost|p2a: Dugtrio|evasion|0
|-sideend|p1: Terra the creator|Stealth Rock|[from] move: Defog|[of] p1a: Corviknight
|
|upkeep
|turn|18
|
|move|p2a: Dugtrio|Reversal|p1a: Corviknight
|-damage|p1a: Corviknight|43/100
|move|p1a: Corviknight|Roost|p1a: Corviknight
|-heal|p1a: Corviknight|93/100
|-singleturn|p1a: Corviknight|move: Roost
|
|upkeep
|turn|19
|
|move|p2a: Dugtrio|Earthquake|p1a: Corviknight
|-immune|p1a: Corviknight
|move|p1a: Corviknight|Roost|p1a: Corviknight
|-heal|p1a: Corviknight|100/100
|-singleturn|p1a: Corviknight|move: Roost
|
|upkeep
|turn|20
|
|move|p2a: Dugtrio|Stealth Rock|p1a: Corviknight
|-sidestart|p1: Terra the creator|move: Stealth Rock
|move|p1a: Corviknight|Defog|p2a: Dugtrio
|-unboost|p2a: Dugtrio|evasion|0
|-sideend|p1: Terra the creator|Stealth Rock|[from] move: Defog|[of] p1a: Corviknight
|
|upkeep
|turn|21
|
|move|p2a: Dugtrio|Stealth Rock|p1a: Corviknight
|-sidestart|p1: Terra the creator|move: Stealth Rock
|move|p1a: Corviknight|Body Press|p2a: Dugtrio
|-damage|p2a: Dugtrio|0 fnt
|faint|p2a: Dugtrio
|
|upkeep
|
|switch|p2a: Eternatus|Eternatus|83/100
|-ability|p2a: Eternatus|Pressure
|turn|22
|
|move|p2a: Eternatus|Flamethrower|p1a: Corviknight
|-supereffective|p1a: Corviknight
|-damage|p1a: Corviknight|31/100
|move|p1a: Corviknight|U-turn|p2a: Eternatus
|-resisted|p2a: Eternatus
|-damage|p2a: Eternatus|77/100
|
|switch|p1a: Rotom|Rotom-Wash|100/100|[from]move: U-turn
|-damage|p1a: Rotom|88/100|[from] Stealth Rock
|
|upkeep
|turn|23
|j| Dneon
|
|move|p2a: Eternatus|Dynamax Cannon|p1a: Rotom
|-damage|p1a: Rotom|23/100
|move|p1a: Rotom|Thunder Wave|p2a: Eternatus
|-status|p2a: Eternatus|par
|
|upkeep
|turn|24
|
|switch|p1a: Corviknight|Corviknight, M|31/100
|-damage|p1a: Corviknight|19/100|[from] Stealth Rock
|-ability|p1a: Corviknight|Pressure
|cant|p2a: Eternatus|par
|
|upkeep
|turn|25
|
|move|p2a: Eternatus|Flamethrower|p1a: Corviknight
|-supereffective|p1a: Corviknight
|-damage|p1a: Corviknight|0 fnt
|faint|p1a: Corviknight
|
|upkeep
|l| Dneon
|
|switch|p1a: Eternatus|Eternatus|100/100
|-damage|p1a: Eternatus|88/100|[from] Stealth Rock
|-ability|p1a: Eternatus|Pressure
|turn|26
|
|move|p1a: Eternatus|Dynamax Cannon|p2a: Eternatus
|-supereffective|p2a: Eternatus
|-damage|p2a: Eternatus|0 fnt
|-damage|p1a: Eternatus|78/100|[from] item: Life Orb
|faint|p2a: Eternatus
|
|upkeep
|
|switch|p2a: Zacian|Zacian-Crowned|100/100
|-ability|p2a: Zacian|Intrepid Sword|boost
|-boost|p2a: Zacian|atk|1
|turn|27
|
|move|p2a: Zacian|Psychic Fangs|p1a: Eternatus
|-supereffective|p1a: Eternatus
|-damage|p1a: Eternatus|0 fnt
|faint|p1a: Eternatus
|
|upkeep
|
|switch|p1a: Salazzle|Salazzle, F|100/100
|-damage|p1a: Salazzle|76/100|[from] Stealth Rock
|turn|28
|
|switch|p2a: Corviknight|Corviknight, M|100/100
|-ability|p2a: Corviknight|Pressure
|move|p1a: Salazzle|Protect||[still]
|-fail|p1a: Salazzle
|
|-heal|p1a: Salazzle|82/100|[from] item: Black Sludge
|upkeep
|turn|29
|c|☆Terra the creator|Lol whatever
|c|☆Terra the creator|dug unset is lovable
|c|☆Carl Murray|what unset
|c|☆Terra the creator|U need memento or final gambit
|c|☆Carl Murray|I don't need them
|c|☆Terra the creator|to don’t be trapped by cosmic goth
|c|☆Carl Murray|Sorry if you can't play against uncommon sets
|l| Bondi St love love
|
|move|p1a: Salazzle|Substitute|p1a: Salazzle
|-start|p1a: Salazzle|Substitute
|-damage|p1a: Salazzle|57/100
|move|p2a: Corviknight|Taunt|p1a: Salazzle
|-start|p1a: Salazzle|move: Taunt
|
|-heal|p1a: Salazzle|63/100|[from] item: Black Sludge
|upkeep
|turn|30
|
|move|p1a: Salazzle|Flamethrower|p2a: Corviknight
|-supereffective|p2a: Corviknight
|-damage|p2a: Corviknight|19/100
|move|p2a: Corviknight|U-turn|p1a: Salazzle
|-resisted|p1a: Salazzle
|-activate|p1a: Salazzle|move: Substitute|[damage]
|
|switch|p2a: Aegislash|Aegislash, M|100/100|[from]move: U-turn
|
|-heal|p1a: Salazzle|70/100|[from] item: Black Sludge
|upkeep
|turn|31
|
|move|p1a: Salazzle|Flamethrower|p2a: Aegislash
|-supereffective|p2a: Aegislash
|-damage|p2a: Aegislash|56/100
|-formechange|p2a: Aegislash|Aegislash-Blade||[from] ability: Stance Change
|move|p2a: Aegislash|Shadow Ball|p1a: Salazzle
|-end|p1a: Salazzle|Substitute
|
|-heal|p1a: Salazzle|76/100|[from] item: Black Sludge
|-heal|p2a: Aegislash|62/100|[from] item: Leftovers
|upkeep
|turn|32
|
|-formechange|p2a: Aegislash|Aegislash||[from] ability: Stance Change
|move|p2a: Aegislash|King's Shield|p2a: Aegislash
|-singleturn|p2a: Aegislash|Protect
|move|p1a: Salazzle|Flamethrower|p2a: Aegislash
|-activate|p2a: Aegislash|move: Protect
|
|-heal|p1a: Salazzle|82/100|[from] item: Black Sludge
|-heal|p2a: Aegislash|68/100|[from] item: Leftovers
|-end|p1a: Salazzle|move: Taunt
|upkeep
|turn|33
|
|move|p1a: Salazzle|Protect|p1a: Salazzle
|-singleturn|p1a: Salazzle|Protect
|-formechange|p2a: Aegislash|Aegislash-Blade||[from] ability: Stance Change
|move|p2a: Aegislash|Shadow Ball|p1a: Salazzle
|-activate|p1a: Salazzle|move: Protect
|
|-heal|p1a: Salazzle|88/100|[from] item: Black Sludge
|-heal|p2a: Aegislash|74/100|[from] item: Leftovers
|upkeep
|turn|34
|
|move|p1a: Salazzle|Substitute|p1a: Salazzle
|-start|p1a: Salazzle|Substitute
|-damage|p1a: Salazzle|63/100
|move|p2a: Aegislash|Shadow Ball|p1a: Salazzle
|-end|p1a: Salazzle|Substitute
|
|-heal|p1a: Salazzle|70/100|[from] item: Black Sludge
|-heal|p2a: Aegislash|81/100|[from] item: Leftovers
|upkeep
|turn|35
|
|move|p1a: Salazzle|Flamethrower|p2a: Aegislash
|-supereffective|p2a: Aegislash
|-damage|p2a: Aegislash|0 fnt
|faint|p2a: Aegislash
|
|-heal|p1a: Salazzle|76/100|[from] item: Black Sludge
|upkeep
|
|switch|p2a: Zacian|Zacian-Crowned|100/100
|-ability|p2a: Zacian|Intrepid Sword|boost
|-boost|p2a: Zacian|atk|1
|turn|36
|
|move|p1a: Salazzle|Protect|p1a: Salazzle
|-singleturn|p1a: Salazzle|Protect
|move|p2a: Zacian|Psychic Fangs|p1a: Salazzle
|-activate|p1a: Salazzle|move: Protect
|
|-heal|p1a: Salazzle|82/100|[from] item: Black Sludge
|upkeep
|turn|37
|
|move|p2a: Zacian|Psychic Fangs|p1a: Salazzle
|-supereffective|p1a: Salazzle
|-damage|p1a: Salazzle|0 fnt
|faint|p1a: Salazzle
|
|upkeep
|-message|Terra the creator forfeited.
|
|win|Carl Murray
|l|☆Terra the creator
|c|☆Carl Murray|gg
