|j|☆I Crit My Panties
|j|☆Neutralist
|t:|1608350817
|player|p1|I Crit My Panties|170|1459
|player|p2|Neutralist|hilbert-dueldisk|1583
|teamsize|p1|6
|teamsize|p2|6
|gametype|singles
|gen|8
|tier|[Gen 8] Ubers
|rated|
|clearpoke
|poke|p1|Tangrowth, M|
|poke|p1|Eternatus|
|poke|p1|Necrozma-Dusk-Mane|
|poke|p1|Yveltal|
|poke|p1|Ho-Oh|
|poke|p1|Zacian-Crowned|
|poke|p2|Groudon|
|poke|p2|Yveltal|
|poke|p2|Naganadel|
|poke|p2|Xerneas|
|poke|p2|Kyogre|
|poke|p2|Zamazenta-Crowned|
|rule|Sleep Clause Mod: Limit one foe put to sleep
|rule|Species Clause: Limit one of each Pokémon
|rule|OHKO Clause: OHKO moves are banned
|rule|Evasion Moves Clause: Evasion moves are banned
|rule|Endless Battle Clause: Forcing endless battles is banned
|rule|HP Percentage Mod: HP is shown in percentages
|rule|Dynamax Clause: You cannot dynamax
|teampreview
|
|t:|1608350835
|start
|switch|p1a: Tangrowth|Tangrowth, M|100/100
|switch|p2a: Yveltal|Yveltal|100/100
|-ability|p2a: Yveltal|Dark Aura
|turn|1
|
|t:|1608350840
|switch|p1a: Ho-Oh|Ho-Oh|100/100
|move|p2a: Yveltal|Dual Wingbeat|p1a: Ho-Oh
|-damage|p1a: Ho-Oh|81/100
|-damage|p1a: Ho-Oh|63/100
|-hitcount|p1a: Ho-Oh|2
|-damage|p2a: Yveltal|91/100|[from] item: Life Orb
|
|upkeep
|turn|2
|
|t:|1608350843
|move|p2a: Yveltal|Knock Off|p1a: Ho-Oh
|-damage|p1a: Ho-Oh|8/100
|-enditem|p1a: Ho-Oh|Heavy-Duty Boots|[from] move: Knock Off|[of] p2a: Yveltal
|-damage|p2a: Yveltal|81/100|[from] item: Life Orb
|move|p1a: Ho-Oh|Sacred Fire|p2a: Yveltal
|-damage|p2a: Yveltal|41/100
|
|upkeep
|turn|3
|
|t:|1608350848
|switch|p1a: Yveltal|Yveltal|100/100
|-ability|p1a: Yveltal|Dark Aura
|move|p2a: Yveltal|Knock Off|p1a: Yveltal
|-resisted|p1a: Yveltal
|-damage|p1a: Yveltal|61/100
|-enditem|p1a: Yveltal|Heavy-Duty Boots|[from] move: Knock Off|[of] p2a: Yveltal
|-damage|p2a: Yveltal|31/100|[from] item: Life Orb
|
|upkeep
|turn|4
|
|t:|1608350854
|switch|p1a: Zacian|Zacian-Crowned|100/100
|-ability|p1a: Zacian|Intrepid Sword|boost
|-boost|p1a: Zacian|atk|1
|move|p2a: Yveltal|Roost|p2a: Yveltal
|-heal|p2a: Yveltal|81/100
|-singleturn|p2a: Yveltal|move: Roost
|
|upkeep
|turn|5
|
|t:|1608350867
|switch|p1a: Ho-Oh|Ho-Oh|41/100
|switch|p2a: Groudon|Groudon|100/100
|-weather|SunnyDay|[from] ability: Drought|[of] p2a: Groudon
|
|-weather|SunnyDay|[upkeep]
|upkeep
|turn|6
|
|t:|1608350870
|switch|p1a: Tangrowth|Tangrowth, M|100/100
|move|p2a: Groudon|Stealth Rock|p1a: Tangrowth
|-sidestart|p1: I Crit My Panties|move: Stealth Rock
|
|-weather|SunnyDay|[upkeep]
|upkeep
|turn|7
|
|t:|1608350875
|move|p2a: Groudon|Fire Punch|p1a: Tangrowth
|-supereffective|p1a: Tangrowth
|-damage|p1a: Tangrowth|58/100
|-damage|p2a: Groudon|84/100|[from] item: Rocky Helmet|[of] p1a: Tangrowth
|move|p1a: Tangrowth|Growth|p1a: Tangrowth
|-boost|p1a: Tangrowth|atk|2
|-boost|p1a: Tangrowth|spa|2
|
|-weather|SunnyDay|[upkeep]
|-heal|p2a: Groudon|90/100|[from] item: Leftovers
|upkeep
|turn|8
|
|t:|1608350878
|move|p2a: Groudon|Fire Punch|p1a: Tangrowth
|-supereffective|p1a: Tangrowth
|-damage|p1a: Tangrowth|14/100
|-damage|p2a: Groudon|74/100|[from] item: Rocky Helmet|[of] p1a: Tangrowth
|move|p1a: Tangrowth|Grass Knot|p2a: Groudon
|-supereffective|p2a: Groudon
|-damage|p2a: Groudon|0 fnt
|faint|p2a: Groudon
|
|-weather|SunnyDay|[upkeep]
|upkeep
|
|t:|1608350883
|switch|p2a: Naganadel|Naganadel|100/100
|turn|9
|
|t:|1608350889
|switch|p1a: Zacian|Zacian-Crowned|100/100
|-damage|p1a: Zacian|94/100|[from] Stealth Rock
|-ability|p1a: Zacian|Intrepid Sword|boost
|-boost|p1a: Zacian|atk|1
|move|p2a: Naganadel|Fire Blast|p1a: Zacian|[miss]
|-miss|p2a: Naganadel|p1a: Zacian
|
|-weather|none
|upkeep
|turn|10
|c|☆Neutralist|COME ON
|
|t:|1608350897
|switch|p2a: Kyogre|Kyogre|100/100
|-weather|RainDance|[from] ability: Drizzle|[of] p2a: Kyogre
|move|p1a: Zacian|Play Rough|p2a: Kyogre
|-damage|p2a: Kyogre|0 fnt
|faint|p2a: Kyogre
|
|-weather|RainDance|[upkeep]
|upkeep
|
|t:|1608350904
|switch|p2a: Zamazenta|Zamazenta-Crowned|100/100
|-ability|p2a: Zamazenta|Dauntless Shield|boost
|-boost|p2a: Zamazenta|def|1
|turn|11
|
|t:|1608350907
|switch|p1a: Necrozma|Necrozma-Dusk-Mane|100/100
|-damage|p1a: Necrozma|94/100|[from] Stealth Rock
|move|p2a: Zamazenta|Metal Burst||[still]
|-fail|p2a: Zamazenta
|
|-weather|RainDance|[upkeep]
|upkeep
|turn|12
|
|t:|1608350910
|switch|p2a: Yveltal|Yveltal|81/100
|-ability|p2a: Yveltal|Dark Aura
|move|p1a: Necrozma|Thunder Wave|p2a: Yveltal
|-status|p2a: Yveltal|par
|
|-weather|RainDance|[upkeep]
|upkeep
|turn|13
|
|t:|1608350915
|move|p1a: Necrozma|Stealth Rock|p2a: Yveltal
|-sidestart|p2: Neutralist|move: Stealth Rock
|move|p2a: Yveltal|Knock Off|p1a: Necrozma
|-supereffective|p1a: Necrozma
|-damage|p1a: Necrozma|25/100
|-damage|p2a: Yveltal|64/100 par|[from] item: Rocky Helmet|[of] p1a: Necrozma
|-enditem|p1a: Necrozma|Rocky Helmet|[from] move: Knock Off|[of] p2a: Yveltal
|-damage|p2a: Yveltal|55/100 par|[from] item: Life Orb
|
|-weather|RainDance|[upkeep]
|upkeep
|turn|14
|
|t:|1608350919
|move|p1a: Necrozma|Morning Sun|p1a: Necrozma
|-heal|p1a: Necrozma|50/100
|move|p2a: Yveltal|U-turn|p1a: Necrozma
|-damage|p1a: Necrozma|32/100
|-damage|p2a: Yveltal|45/100 par|[from] item: Life Orb
|
|t:|1608350925
|switch|p2a: Naganadel|Naganadel|100/100|[from]move: U-turn
|
|-weather|none
|upkeep
|turn|15
|
|t:|1608350930
|switch|p1a: Ho-Oh|Ho-Oh|75/100
|-damage|p1a: Ho-Oh|25/100|[from] Stealth Rock
|move|p2a: Naganadel|Fire Blast|p1a: Ho-Oh
|-resisted|p1a: Ho-Oh
|-damage|p1a: Ho-Oh|15/100
|
|upkeep
|turn|16
|
|t:|1608350934
|switch|p1a: Eternatus|Eternatus|100/100
|-ability|p1a: Eternatus|Pressure
|move|p2a: Naganadel|Sludge Wave|p1a: Eternatus
|-resisted|p1a: Eternatus
|-damage|p1a: Eternatus|87/100
|
|upkeep
|turn|17
|
|t:|1608350940
|switch|p2a: Xerneas|Xerneas|100/100
|-damage|p2a: Xerneas|88/100|[from] Stealth Rock
|-ability|p2a: Xerneas|Fairy Aura
|move|p1a: Eternatus|Dynamax Cannon|p2a: Xerneas
|-immune|p2a: Xerneas
|
|upkeep
|turn|18
|
|t:|1608350943
|move|p1a: Eternatus|Toxic|p2a: Xerneas
|-status|p2a: Xerneas|tox
|move|p2a: Xerneas|Geomancy||[still]
|-prepare|p2a: Xerneas|Geomancy
|-enditem|p2a: Xerneas|Power Herb
|-anim|p2a: Xerneas|Geomancy|p2a: Xerneas
|-boost|p2a: Xerneas|spa|2
|-boost|p2a: Xerneas|spd|2
|-boost|p2a: Xerneas|spe|2
|
|-damage|p2a: Xerneas|82/100 tox|[from] psn
|upkeep
|turn|19
|
|t:|1608350951
|switch|p1a: Zacian|Zacian-Crowned|94/100
|-damage|p1a: Zacian|88/100|[from] Stealth Rock
|-ability|p1a: Zacian|Intrepid Sword|boost
|-boost|p1a: Zacian|atk|1
|move|p2a: Xerneas|Moonblast|p1a: Zacian
|-resisted|p1a: Zacian
|-damage|p1a: Zacian|18/100
|
|-damage|p2a: Xerneas|70/100 tox|[from] psn
|upkeep
|turn|20
|c|☆Neutralist|I SWEAR THAT FIRE BLAST MATTERED
|c|☆Neutralist|REEEEEEEEEE
|
|t:|1608350960
|switch|p1a: Necrozma|Necrozma-Dusk-Mane|32/100
|-damage|p1a: Necrozma|26/100|[from] Stealth Rock
|move|p2a: Xerneas|Moonblast|p1a: Necrozma
|-resisted|p1a: Necrozma
|-damage|p1a: Necrozma|0 fnt
|faint|p1a: Necrozma
|
|-damage|p2a: Xerneas|51/100 tox|[from] psn
|upkeep
|
|t:|1608350964
|switch|p1a: Tangrowth|Tangrowth, M|47/100
|-damage|p1a: Tangrowth|35/100|[from] Stealth Rock
|turn|21
|
|t:|1608350970
|switch|p1a: Ho-Oh|Ho-Oh|48/100
|-damage|p1a: Ho-Oh|0 fnt|[from] Stealth Rock
|faint|p1a: Ho-Oh
|move|p2a: Xerneas|Moonblast|p1: Ho-Oh|[notarget]
|-fail|p2a: Xerneas
|
|-damage|p2a: Xerneas|27/100 tox|[from] psn
|upkeep
|
|t:|1608350988
|switch|p1a: Tangrowth|Tangrowth, M|68/100
|-damage|p1a: Tangrowth|56/100|[from] Stealth Rock
|turn|22
|
|t:|1608350990
|move|p2a: Xerneas|Moonblast|p1a: Tangrowth
|-damage|p1a: Tangrowth|0 fnt
|faint|p1a: Tangrowth
|
|-damage|p2a: Xerneas|0 fnt|[from] psn
|faint|p2a: Xerneas
|upkeep
|
|t:|1608350997
|switch|p2a: Zamazenta|Zamazenta-Crowned|100/100
|switch|p1a: Zacian|Zacian-Crowned|18/100
|-damage|p1a: Zacian|11/100|[from] Stealth Rock
|-ability|p1a: Zacian|Intrepid Sword|boost
|-boost|p1a: Zacian|atk|1
|-damage|p2a: Zamazenta|97/100|[from] Stealth Rock
|-ability|p2a: Zamazenta|Dauntless Shield|boost
|-boost|p2a: Zamazenta|def|1
|turn|23
|
|t:|1608351000
|switch|p1a: Eternatus|Eternatus|87/100
|-ability|p1a: Eternatus|Pressure
|move|p2a: Zamazenta|Metal Burst||[still]
|-fail|p2a: Zamazenta
|
|upkeep
|turn|24
|
|t:|1608351006
|move|p1a: Eternatus|Toxic|p2a: Zamazenta
|-immune|p2a: Zamazenta
|move|p2a: Zamazenta|Behemoth Bash|p1a: Eternatus
|-damage|p1a: Eternatus|51/100
|
|upkeep
|turn|25
|
|t:|1608351009
|move|p1a: Eternatus|Recover|p1a: Eternatus
|-heal|p1a: Eternatus|100/100
|move|p2a: Zamazenta|Crunch|p1a: Eternatus
|-damage|p1a: Eternatus|80/100
|-unboost|p1a: Eternatus|def|1
|
|upkeep
|turn|26
|
|t:|1608351015
|switch|p1a: Zacian|Zacian-Crowned|11/100
|-damage|p1a: Zacian|5/100|[from] Stealth Rock
|-ability|p1a: Zacian|Intrepid Sword|boost
|-boost|p1a: Zacian|atk|1
|move|p2a: Zamazenta|Crunch|p1a: Zacian
|-resisted|p1a: Zacian
|-damage|p1a: Zacian|0 fnt
|faint|p1a: Zacian
|
|upkeep
|
|t:|1608351017
|switch|p1a: Eternatus|Eternatus|80/100
|-ability|p1a: Eternatus|Pressure
|turn|27
|
|t:|1608351019
|move|p1a: Eternatus|Recover|p1a: Eternatus
|-heal|p1a: Eternatus|100/100
|move|p2a: Zamazenta|Crunch|p1a: Eternatus
|-damage|p1a: Eternatus|79/100
|-unboost|p1a: Eternatus|def|1
|
|upkeep
|turn|28
|
|t:|1608351023
|move|p1a: Eternatus|Flamethrower|p2a: Zamazenta
|-supereffective|p2a: Zamazenta
|-damage|p2a: Zamazenta|66/100
|move|p2a: Zamazenta|Crunch|p1a: Eternatus
|-damage|p1a: Eternatus|49/100
|
|upkeep
|turn|29
|
|t:|1608351028
|move|p1a: Eternatus|Recover|p1a: Eternatus
|-heal|p1a: Eternatus|99/100
|move|p2a: Zamazenta|Behemoth Bash|p1a: Eternatus
|-damage|p1a: Eternatus|42/100
|
|upkeep
|turn|30
|
|t:|1608351032
|move|p1a: Eternatus|Recover|p1a: Eternatus
|-heal|p1a: Eternatus|92/100
|move|p2a: Zamazenta|Crunch|p1a: Eternatus
|-damage|p1a: Eternatus|61/100
|
|upkeep
|turn|31
|
|t:|1608351041
|move|p1a: Eternatus|Flamethrower|p2a: Zamazenta
|-supereffective|p2a: Zamazenta
|-damage|p2a: Zamazenta|32/100
|move|p2a: Zamazenta|Behemoth Bash|p1a: Eternatus
|-damage|p1a: Eternatus|5/100
|
|upkeep
|turn|32
|
|t:|1608351045
|move|p1a: Eternatus|Recover|p1a: Eternatus
|-heal|p1a: Eternatus|55/100
|move|p2a: Zamazenta|Behemoth Bash|p1a: Eternatus
|-damage|p1a: Eternatus|0 fnt
|faint|p1a: Eternatus
|
|upkeep
|
|t:|1608351047
|switch|p1a: Yveltal|Yveltal|61/100
|-damage|p1a: Yveltal|36/100|[from] Stealth Rock
|-ability|p1a: Yveltal|Dark Aura
|turn|33
|-message|I Crit My Panties forfeited.
|
|win|Neutralist
|l|☆I Crit My Panties
|raw|I Crit My Panties's rating: 1459 &rarr; <strong>1446</strong><br />(-13 for losing)
|raw|Neutralist's rating: 1583 &rarr; <strong>1596</strong><br />(+13 for winning)
