|j|☆QiYu4
|j|☆black shadow 666
|player|p1|QiYu4|psychic-gen4|1577
|player|p2|black shadow 666|unknown|1573
|teamsize|p1|6
|teamsize|p2|6
|gametype|singles
|gen|8
|tier|[Gen 8] Ubers
|rated|
|clearpoke
|poke|p1|Necrozma-Dusk-Mane|
|poke|p1|Mewtwo|
|poke|p1|Marshadow|
|poke|p1|Lunala|
|poke|p1|Ditto|
|poke|p1|Eternatus|
|poke|p2|Dragapult, F|
|poke|p2|Necrozma-Dusk-Mane|
|poke|p2|Zacian-Crowned|
|poke|p2|Marshadow|
|poke|p2|Eternatus|
|poke|p2|Ditto|
|rule|Sleep Clause Mod: Limit one foe put to sleep
|rule|Species Clause: Limit one of each Pokémon
|rule|OHKO Clause: OHKO moves are banned
|rule|Evasion Moves Clause: Evasion moves are banned
|rule|Endless Battle Clause: Forcing endless battles is banned
|rule|HP Percentage Mod: HP is shown in percentages
|teampreview
|inactive|Battle timer is ON: inactive players will automatically lose when time's up. (requested by black shadow 666)
|
|start
|switch|p1a: Marshadow|Marshadow|100/100
|switch|p2a: Necrozma|Necrozma-Dusk-Mane|100/100
|turn|1
|
|switch|p1a: Lunala|Lunala|100/100
|move|p2a: Necrozma|Sunsteel Strike|p1a: Lunala
|-damage|p1a: Lunala|84/100
|
|upkeep
|turn|2
|
|move|p2a: Necrozma|Knock Off|p1a: Lunala
|-supereffective|p1a: Lunala
|-damage|p1a: Lunala|0 fnt
|-enditem|p1a: Lunala|Choice Specs|[from] move: Knock Off|[of] p2a: Necrozma
|faint|p1a: Lunala
|
|upkeep
|
|switch|p1a: Marshadow|Marshadow|100/100
|turn|3
|
|-start|p1a: Marshadow|Dynamax
|-heal|p1a: Marshadow|100/100|[silent]
|move|p1a: Marshadow|Max Phantasm|p2a: Necrozma
|-supereffective|p2a: Necrozma
|-damage|p2a: Necrozma|24/100
|-enditem|p2a: Necrozma|Weakness Policy
|-boost|p2a: Necrozma|atk|2|[from] item: Weakness Policy
|-boost|p2a: Necrozma|spa|2|[from] item: Weakness Policy
|-unboost|p2a: Necrozma|def|1
|move|p2a: Necrozma|Sunsteel Strike|p1a: Marshadow
|-damage|p1a: Marshadow|19/100
|
|upkeep
|turn|4
|
|move|p1a: Marshadow|Max Knuckle|p2a: Necrozma
|-damage|p2a: Necrozma|0 fnt
|-boost|p1a: Marshadow|atk|1
|faint|p2a: Necrozma
|
|upkeep
|
|switch|p2a: Ditto|Ditto|100/100
|-transform|p2a: Ditto|p1a: Marshadow|[from] ability: Imposter
|turn|5
|
|-end|p1a: Marshadow|Dynamax
|-heal|p1a: Marshadow|19/100|[silent]
|switch|p1a: Eternatus|Eternatus|100/100
|-ability|p1a: Eternatus|Pressure
|move|p2a: Ditto|Spectral Thief|p1a: Eternatus
|-damage|p1a: Eternatus|48/100
|
|upkeep
|turn|6
|
|switch|p1a: Marshadow|Marshadow|19/100
|move|p2a: Ditto|Spectral Thief|p1a: Marshadow
|-supereffective|p1a: Marshadow
|-damage|p1a: Marshadow|0 fnt
|faint|p1a: Marshadow
|
|upkeep
|inactive|QiYu4 has 120 seconds left.
|
|switch|p1a: Necrozma|Necrozma-Dusk-Mane|100/100
|turn|7
|
|switch|p2a: Dragapult|Dragapult, F|100/100
|move|p1a: Necrozma|Thunder Wave|p2a: Dragapult
|-status|p2a: Dragapult|par
|
|upkeep
|turn|8
|j| Ballfire
|
|cant|p2a: Dragapult|par
|move|p1a: Necrozma|Stealth Rock|p2a: Dragapult
|-sidestart|p2: black shadow 666|move: Stealth Rock
|
|upkeep
|turn|9
|l| Ballfire
|
|switch|p2a: Ditto|Ditto|100/100
|-damage|p2a: Ditto|88/100|[from] Stealth Rock
|-transform|p2a: Ditto|p1a: Necrozma|[from] ability: Imposter
|move|p1a: Necrozma|Knock Off|p2a: Ditto
|-supereffective|p2a: Ditto
|-damage|p2a: Ditto|45/100
|-enditem|p2a: Ditto|Choice Scarf|[from] move: Knock Off|[of] p1a: Necrozma
|
|upkeep
|turn|10
|j| Ballfire
|
|switch|p1a: Eternatus|Eternatus|48/100
|-ability|p1a: Eternatus|Pressure
|move|p2a: Ditto|Stealth Rock|p1a: Eternatus
|-sidestart|p1: QiYu4|move: Stealth Rock
|
|upkeep
|turn|11
|
|move|p1a: Eternatus|Cosmic Power|p1a: Eternatus
|-boost|p1a: Eternatus|def|1
|-boost|p1a: Eternatus|spd|1
|move|p2a: Ditto|Knock Off|p1a: Eternatus
|-damage|p1a: Eternatus|30/100
|-enditem|p1a: Eternatus|Haban Berry|[from] move: Knock Off|[of] p2a: Ditto
|
|upkeep
|turn|12
|
|switch|p2a: Marshadow|Marshadow|100/100
|-damage|p2a: Marshadow|94/100|[from] Stealth Rock
|move|p1a: Eternatus|Recover|p1a: Eternatus
|-heal|p1a: Eternatus|81/100
|
|upkeep
|turn|13
|
|move|p2a: Marshadow|Bulk Up|p2a: Marshadow
|-boost|p2a: Marshadow|atk|1
|-boost|p2a: Marshadow|def|1
|move|p1a: Eternatus|Recover|p1a: Eternatus
|-heal|p1a: Eternatus|100/100
|
|upkeep
|turn|14
|
|move|p2a: Marshadow|Spectral Thief||[still]
|-clearpositiveboost|p1a: Eternatus|p2a: Marshadow|move: Spectral Thief
|-boost|p2a: Marshadow|def|1
|-boost|p2a: Marshadow|spd|1
|-anim|p2a: Marshadow|Spectral Thief|p1a: Eternatus
|-damage|p1a: Eternatus|45/100
|move|p1a: Eternatus|Dynamax Cannon|p2a: Marshadow
|-damage|p2a: Marshadow|42/100
|
|upkeep
|turn|15
|
|move|p2a: Marshadow|Spectral Thief|p1a: Eternatus
|-damage|p1a: Eternatus|0 fnt
|faint|p1a: Eternatus
|
|upkeep
|
|switch|p1a: Ditto|Ditto|100/100
|-damage|p1a: Ditto|88/100|[from] Stealth Rock
|-transform|p1a: Ditto|p2a: Marshadow|[from] ability: Imposter
|turn|16
|
|switch|p2a: Dragapult|Dragapult, F|100/100 par
|-damage|p2a: Dragapult|88/100 par|[from] Stealth Rock
|move|p1a: Ditto|Spectral Thief|p2a: Dragapult
|-supereffective|p2a: Dragapult
|-damage|p2a: Dragapult|0 fnt
|faint|p2a: Dragapult
|
|upkeep
|
|switch|p2a: Eternatus|Eternatus|100/100
|-damage|p2a: Eternatus|88/100|[from] Stealth Rock
|-ability|p2a: Eternatus|Pressure
|turn|17
|
|move|p1a: Ditto|Spectral Thief|p2a: Eternatus
|-damage|p2a: Eternatus|39/100
|move|p2a: Eternatus|Dynamax Cannon|p1a: Ditto
|-damage|p1a: Ditto|34/100
|
|upkeep
|turn|18
|
|switch|p2a: Ditto|Ditto|45/100
|-damage|p2a: Ditto|32/100|[from] Stealth Rock
|move|p1a: Ditto|Spectral Thief|p2a: Ditto
|-immune|p2a: Ditto
|
|upkeep
|turn|19
|j| Gengar2123
|
|move|p1a: Ditto|Bulk Up|p1a: Ditto
|-boost|p1a: Ditto|atk|1
|-boost|p1a: Ditto|def|1
|move|p2a: Ditto|Transform||[still]
|-fail|p2a: Ditto
|
|upkeep
|turn|20
|
|switch|p2a: Marshadow|Marshadow|42/100
|-damage|p2a: Marshadow|36/100|[from] Stealth Rock
|move|p1a: Ditto|Bulk Up|p1a: Ditto
|-boost|p1a: Ditto|atk|1
|-boost|p1a: Ditto|def|1
|
|upkeep
|turn|21
|
|move|p2a: Marshadow|Shadow Sneak|p1a: Ditto
|-supereffective|p1a: Ditto
|-damage|p1a: Ditto|5/100
|move|p1a: Ditto|Shadow Sneak|p2a: Marshadow
|-supereffective|p2a: Marshadow
|-damage|p2a: Marshadow|0 fnt
|faint|p2a: Marshadow
|
|upkeep
|
|switch|p2a: Zacian|Zacian-Crowned, shiny|100/100
|-damage|p2a: Zacian|94/100|[from] Stealth Rock
|-ability|p2a: Zacian|Intrepid Sword|boost
|-boost|p2a: Zacian|atk|1
|turn|22
|
|move|p2a: Zacian|Behemoth Blade|p1a: Ditto
|-damage|p1a: Ditto|0 fnt
|faint|p1a: Ditto
|
|upkeep
|
|switch|p1a: Necrozma|Necrozma-Dusk-Mane|100/100
|-damage|p1a: Necrozma|94/100|[from] Stealth Rock
|turn|23
|
|move|p2a: Zacian|Substitute|p2a: Zacian
|-start|p2a: Zacian|Substitute
|-damage|p2a: Zacian|70/100
|move|p1a: Necrozma|Thunder Wave||[still]
|-fail|p1a: Necrozma
|
|-heal|p1a: Necrozma|100/100|[from] item: Leftovers
|upkeep
|turn|24
|
|move|p2a: Zacian|Crunch|p1a: Necrozma
|-supereffective|p1a: Necrozma
|-damage|p1a: Necrozma|37/100
|move|p1a: Necrozma|Knock Off|p2a: Zacian
|-resisted|p2a: Zacian
|-activate|p2a: Zacian|move: Substitute|[damage]
|
|-heal|p1a: Necrozma|43/100|[from] item: Leftovers
|upkeep
|turn|25
|
|move|p2a: Zacian|Crunch|p1a: Necrozma
|-supereffective|p1a: Necrozma
|-damage|p1a: Necrozma|0 fnt
|faint|p1a: Necrozma
|
|upkeep
|
|switch|p1a: Mewtwo|Mewtwo|100/100
|-damage|p1a: Mewtwo|88/100|[from] Stealth Rock
|-ability|p1a: Mewtwo|Pressure
|turn|26
|
|move|p2a: Zacian|Behemoth Blade|p1a: Mewtwo
|-damage|p1a: Mewtwo|0 fnt
|faint|p1a: Mewtwo
|
|win|black shadow 666
|c|☆black shadow 666|gg
|l|☆QiYu4
|raw|QiYu4's rating: 1577 &rarr; <strong>1556</strong><br />(-21 for losing)
|raw|black shadow 666's rating: 1573 &rarr; <strong>1594</strong><br />(+21 for winning)
|l|☆black shadow 666
