|html|<div class="broadcast-blue"><strong>[Gen 8] Ubers is currently suspecting Zacian-Crowned! For information on how to participate check out the <a href="https://www.smogon.com/forums/threads/np-ss-ubers-stage-5-hound-dog.3675589/">suspect thread</a>.</strong></div>
|j|☆EWQW
|j|☆CG7 lester
|t:|1610623135
|player|p1|EWQW|lucas|1363
|player|p2|CG7 lester|preschooler|1323
|teamsize|p1|6
|teamsize|p2|6
|gametype|singles
|gen|8
|tier|[Gen 8] Ubers
|rated|
|clearpoke
|poke|p1|Quagsire, F|
|poke|p1|Regieleki|
|poke|p1|Ferrothorn, F|
|poke|p1|Yveltal|
|poke|p1|Toxapex, M|
|poke|p1|Slowking-Galar, M|
|poke|p2|Zacian-Crowned|
|poke|p2|Yveltal|
|poke|p2|Eternatus|
|poke|p2|Necrozma-Dusk-Mane|
|poke|p2|Kyogre|
|poke|p2|Calyrex-Shadow|
|rule|Sleep Clause Mod: Limit one foe put to sleep
|rule|Species Clause: Limit one of each Pokémon
|rule|OHKO Clause: OHKO moves are banned
|rule|Evasion Moves Clause: Evasion moves are banned
|rule|Endless Battle Clause: Forcing endless battles is banned
|rule|HP Percentage Mod: HP is shown in percentages
|rule|Dynamax Clause: You cannot dynamax
|teampreview
|
|t:|1610623140
|start
|switch|p1a: Regivolt|Regieleki|100/100
|switch|p2a: Kyogre|Kyogre|100/100
|-weather|RainDance|[from] ability: Drizzle|[of] p2a: Kyogre
|turn|1
|j| darklordchin
|
|t:|1610623153
|move|p1a: Regivolt|Volt Switch|p2a: Kyogre
|-supereffective|p2a: Kyogre
|-damage|p2a: Kyogre|0 fnt
|faint|p2a: Kyogre
|
|t:|1610623161
|switch|p1a: Yveltal|Yveltal|100/100|[from]move: Volt Switch
|-ability|p1a: Yveltal|Dark Aura
|
|-weather|RainDance|[upkeep]
|upkeep
|
|t:|1610623170
|switch|p2a: Zacian|Zacian-Crowned|100/100
|-ability|p2a: Zacian|Intrepid Sword|boost
|-boost|p2a: Zacian|atk|1
|turn|2
|
|t:|1610623174
|switch|p1a: Quagsire|Quagsire, F|100/100
|move|p2a: Zacian|Swords Dance|p2a: Zacian
|-boost|p2a: Zacian|atk|2
|
|-weather|RainDance|[upkeep]
|upkeep
|turn|3
|
|t:|1610623181
|move|p2a: Zacian|Play Rough|p1a: Quagsire
|-damage|p1a: Quagsire|58/100
|move|p1a: Quagsire|Scald|p2a: Zacian
|-damage|p2a: Zacian|74/100
|
|-weather|RainDance|[upkeep]
|-heal|p1a: Quagsire|64/100|[from] item: Leftovers
|upkeep
|turn|4
|
|t:|1610623193
|move|p1a: Quagsire|Protect|p1a: Quagsire
|-singleturn|p1a: Quagsire|Protect
|move|p2a: Zacian|Close Combat|p1a: Quagsire
|-activate|p1a: Quagsire|move: Protect
|
|-weather|RainDance|[upkeep]
|-heal|p1a: Quagsire|70/100|[from] item: Leftovers
|upkeep
|turn|5
|
|t:|1610623201
|move|p2a: Zacian|Close Combat|p1a: Quagsire
|-damage|p1a: Quagsire|30/100
|-unboost|p2a: Zacian|def|1
|-unboost|p2a: Zacian|spd|1
|move|p1a: Quagsire|Recover|p1a: Quagsire
|-heal|p1a: Quagsire|80/100
|
|-weather|none
|-heal|p1a: Quagsire|86/100|[from] item: Leftovers
|upkeep
|turn|6
|
|t:|1610623210
|switch|p2a: Eternatus|Eternatus|100/100
|-ability|p2a: Eternatus|Pressure
|move|p1a: Quagsire|Haze|p1a: Quagsire
|-clearallboost
|
|-heal|p1a: Quagsire|92/100|[from] item: Leftovers
|upkeep
|turn|7
|
|t:|1610623222
|switch|p1a: Toxapex|Toxapex, M|100/100
|move|p2a: Eternatus|Toxic|p1a: Toxapex
|-immune|p1a: Toxapex
|
|upkeep
|turn|8
|
|t:|1610623228
|switch|p2a: Necrozma|Necrozma-Dusk-Mane|100/100
|move|p1a: Toxapex|Toxic Spikes|p2a: Necrozma
|-sidestart|p2: CG7 lester|move: Toxic Spikes
|
|upkeep
|turn|9
|
|t:|1610623235
|switch|p1a: Quagsire|Quagsire, F|92/100
|move|p2a: Necrozma|Stealth Rock|p1a: Quagsire
|-sidestart|p1: EWQW|move: Stealth Rock
|
|-heal|p1a: Quagsire|98/100|[from] item: Leftovers
|upkeep
|turn|10
|
|t:|1610623242
|switch|p2a: Eternatus|Eternatus|100/100
|-sideend|p2: CG7 lester|move: Toxic Spikes|[of] p2a: Eternatus
|-ability|p2a: Eternatus|Pressure
|move|p1a: Quagsire|Scald|p2a: Eternatus
|-resisted|p2a: Eternatus
|-damage|p2a: Eternatus|93/100
|-status|p2a: Eternatus|brn
|
|-heal|p2a: Eternatus|99/100 brn|[from] item: Black Sludge
|-heal|p1a: Quagsire|100/100|[from] item: Leftovers
|-damage|p2a: Eternatus|93/100 brn|[from] brn
|upkeep
|turn|11
|j| RattataSemDente✞
|l| darklordchin
|
|t:|1610623255
|switch|p2a: Calyrex|Calyrex-Shadow|100/100
|-ability|p2a: Calyrex|As One
|-ability|p2a: Calyrex|Unnerve|p1: EWQW
|switch|p1a: Toxapex|Toxapex, M|100/100
|-damage|p1a: Toxapex|88/100|[from] Stealth Rock
|
|-heal|p1a: Toxapex|94/100|[from] item: Black Sludge
|upkeep
|turn|12
|
|t:|1610623266
|switch|p1a: Yveltal|Yveltal|100/100
|-damage|p1a: Yveltal|75/100|[from] Stealth Rock
|-ability|p1a: Yveltal|Dark Aura
|move|p2a: Calyrex|Trick|p1a: Yveltal
|-activate|p2a: Calyrex|move: Trick|[of] p1a: Yveltal
|-item|p1a: Yveltal|Choice Scarf|[from] move: Trick
|-item|p2a: Calyrex|Leftovers|[from] move: Trick
|
|upkeep
|turn|13
|l| RattataSemDente✞
|
|t:|1610623277
|switch|p2a: Zacian|Zacian-Crowned|74/100
|-ability|p2a: Zacian|Intrepid Sword|boost
|-boost|p2a: Zacian|atk|1
|move|p1a: Yveltal|Defog|p2a: Zacian
|-unboost|p2a: Zacian|evasion|1
|-sideend|p1: EWQW|Stealth Rock|[from] move: Defog|[of] p1a: Yveltal
|
|upkeep
|turn|14
|
|t:|1610623286
|switch|p2a: Eternatus|Eternatus|93/100 brn
|-ability|p2a: Eternatus|Pressure
|switch|p1a: Toxapex|Toxapex, M|100/100
|
|-heal|p2a: Eternatus|99/100 brn|[from] item: Black Sludge
|-damage|p2a: Eternatus|93/100 brn|[from] brn
|upkeep
|turn|15
|
|t:|1610623297
|move|p2a: Eternatus|Dynamax Cannon|p1a: Toxapex
|-damage|p1a: Toxapex|69/100
|move|p1a: Toxapex|Scald|p2a: Eternatus
|-resisted|p2a: Eternatus
|-damage|p2a: Eternatus|87/100 brn
|
|-heal|p2a: Eternatus|93/100 brn|[from] item: Black Sludge
|-heal|p1a: Toxapex|75/100|[from] item: Black Sludge
|-damage|p2a: Eternatus|87/100 brn|[from] brn
|upkeep
|turn|16
|
|t:|1610623311
|switch|p2a: Necrozma|Necrozma-Dusk-Mane|100/100
|move|p1a: Toxapex|Scald|p2a: Necrozma
|-damage|p2a: Necrozma|88/100
|
|-heal|p2a: Necrozma|94/100|[from] item: Leftovers
|-heal|p1a: Toxapex|81/100|[from] item: Black Sludge
|upkeep
|turn|17
|
|t:|1610623322
|move|p2a: Necrozma|Stealth Rock|p1a: Toxapex
|-sidestart|p1: EWQW|move: Stealth Rock
|move|p1a: Toxapex|Scald|p2a: Necrozma
|-damage|p2a: Necrozma|80/100
|
|-heal|p2a: Necrozma|86/100|[from] item: Leftovers
|-heal|p1a: Toxapex|87/100|[from] item: Black Sludge
|upkeep
|turn|18
|
|t:|1610623331
|move|p2a: Necrozma|Earthquake|p1a: Toxapex
|-supereffective|p1a: Toxapex
|-damage|p1a: Toxapex|40/100
|move|p1a: Toxapex|Scald|p2a: Necrozma
|-damage|p2a: Necrozma|73/100
|-status|p2a: Necrozma|brn
|
|-heal|p2a: Necrozma|79/100 brn|[from] item: Leftovers
|-heal|p1a: Toxapex|46/100|[from] item: Black Sludge
|-damage|p2a: Necrozma|73/100 brn|[from] brn
|upkeep
|turn|19
|
|t:|1610623343
|switch|p1a: Quagsire|Quagsire, F|100/100
|-damage|p1a: Quagsire|94/100|[from] Stealth Rock
|move|p2a: Necrozma|Earthquake|p1a: Quagsire
|-damage|p1a: Quagsire|82/100
|
|-heal|p2a: Necrozma|79/100 brn|[from] item: Leftovers
|-heal|p1a: Quagsire|89/100|[from] item: Leftovers
|-damage|p2a: Necrozma|73/100 brn|[from] brn
|upkeep
|turn|20
|
|t:|1610623354
|switch|p2a: Eternatus|Eternatus|87/100 brn
|-ability|p2a: Eternatus|Pressure
|switch|p1a: Toxapex|Toxapex, M|79/100
|-damage|p1a: Toxapex|67/100|[from] Stealth Rock
|
|-heal|p2a: Eternatus|93/100 brn|[from] item: Black Sludge
|-heal|p1a: Toxapex|73/100|[from] item: Black Sludge
|-damage|p2a: Eternatus|87/100 brn|[from] brn
|upkeep
|turn|21
|j| Zygentoma
|
|t:|1610623367
|move|p2a: Eternatus|Dynamax Cannon|p1a: Toxapex
|-damage|p1a: Toxapex|41/100
|move|p1a: Toxapex|Recover|p1a: Toxapex
|-heal|p1a: Toxapex|91/100
|
|-heal|p2a: Eternatus|93/100 brn|[from] item: Black Sludge
|-heal|p1a: Toxapex|97/100|[from] item: Black Sludge
|-damage|p2a: Eternatus|87/100 brn|[from] brn
|upkeep
|turn|22
|
|t:|1610623378
|switch|p2a: Calyrex|Calyrex-Shadow|100/100
|-ability|p2a: Calyrex|As One
|-ability|p2a: Calyrex|Unnerve|p1: EWQW
|move|p1a: Toxapex|Toxic Spikes|p2a: Calyrex
|-sidestart|p2: CG7 lester|move: Toxic Spikes
|
|-heal|p1a: Toxapex|100/100|[from] item: Black Sludge
|upkeep
|turn|23
|
|t:|1610623387
|switch|p1a: Ferrothorn|Ferrothorn, F|100/100
|-damage|p1a: Ferrothorn|94/100|[from] Stealth Rock
|move|p2a: Calyrex|Aromatherapy|p2a: Calyrex
|-activate|p2a: Calyrex|move: Aromatherapy
|-curestatus|p2: Eternatus|brn|[msg]
|-curestatus|p2: Necrozma|brn|[msg]
|
|-heal|p1a: Ferrothorn|100/100|[from] item: Leftovers
|upkeep
|turn|24
|
|t:|1610623398
|switch|p2a: Eternatus|Eternatus|87/100
|-sideend|p2: CG7 lester|move: Toxic Spikes|[of] p2a: Eternatus
|-ability|p2a: Eternatus|Pressure
|move|p1a: Ferrothorn|Leech Seed|p2a: Eternatus
|-start|p2a: Eternatus|move: Leech Seed
|
|-heal|p2a: Eternatus|93/100|[from] item: Black Sludge
|-damage|p2a: Eternatus|81/100|[from] Leech Seed|[of] p1a: Ferrothorn
|upkeep
|turn|25
|
|t:|1610623409
|move|p1a: Ferrothorn|Protect|p1a: Ferrothorn
|-singleturn|p1a: Ferrothorn|Protect
|move|p2a: Eternatus|Toxic|p1a: Ferrothorn
|-activate|p1a: Ferrothorn|move: Protect
|
|-heal|p2a: Eternatus|87/100|[from] item: Black Sludge
|-damage|p2a: Eternatus|75/100|[from] Leech Seed|[of] p1a: Ferrothorn
|upkeep
|turn|26
|
|t:|1610623417
|switch|p1a: Toxapex|Toxapex, M|100/100
|-damage|p1a: Toxapex|88/100|[from] Stealth Rock
|move|p2a: Eternatus|Flamethrower|p1a: Toxapex
|-resisted|p1a: Toxapex
|-damage|p1a: Toxapex|78/100
|
|-heal|p2a: Eternatus|81/100|[from] item: Black Sludge
|-heal|p1a: Toxapex|84/100|[from] item: Black Sludge
|-damage|p2a: Eternatus|68/100|[from] Leech Seed|[of] p1a: Toxapex
|-heal|p1a: Toxapex|100/100|[silent]
|upkeep
|turn|27
|
|t:|1610623429
|switch|p2a: Zacian|Zacian-Crowned|74/100
|-ability|p2a: Zacian|Intrepid Sword|boost
|-boost|p2a: Zacian|atk|1
|move|p1a: Toxapex|Scald|p2a: Zacian
|-damage|p2a: Zacian|59/100
|
|upkeep
|turn|28
|
|t:|1610623439
|switch|p1a: Quagsire|Quagsire, F|89/100
|-damage|p1a: Quagsire|82/100|[from] Stealth Rock
|move|p2a: Zacian|Swords Dance|p2a: Zacian
|-boost|p2a: Zacian|atk|2
|
|-heal|p1a: Quagsire|89/100|[from] item: Leftovers
|upkeep
|turn|29
|
|t:|1610623447
|move|p2a: Zacian|Swords Dance|p2a: Zacian
|-boost|p2a: Zacian|atk|2
|move|p1a: Quagsire|Scald|p2a: Zacian
|-damage|p2a: Zacian|40/100
|
|-heal|p1a: Quagsire|95/100|[from] item: Leftovers
|upkeep
|turn|30
|
|t:|1610623455
|move|p2a: Zacian|Close Combat|p1a: Quagsire
|-damage|p1a: Quagsire|59/100
|-unboost|p2a: Zacian|def|1
|-unboost|p2a: Zacian|spd|1
|move|p1a: Quagsire|Haze|p1a: Quagsire
|-clearallboost
|
|-heal|p1a: Quagsire|65/100|[from] item: Leftovers
|upkeep
|turn|31
|
|t:|1610623468
|switch|p2a: Yveltal|Yveltal, shiny|100/100
|-ability|p2a: Yveltal|Dark Aura
|move|p1a: Quagsire|Recover|p1a: Quagsire
|-heal|p1a: Quagsire|100/100
|
|upkeep
|turn|32
|
|t:|1610623475
|move|p1a: Quagsire|Protect|p1a: Quagsire
|-singleturn|p1a: Quagsire|Protect
|move|p2a: Yveltal|Knock Off|p1a: Quagsire
|-activate|p1a: Quagsire|move: Protect
|
|upkeep
|turn|33
|
|t:|1610623481
|switch|p1a: Yveltal|Yveltal|75/100
|-damage|p1a: Yveltal|50/100|[from] Stealth Rock
|-ability|p1a: Yveltal|Dark Aura
|move|p2a: Yveltal|Knock Off|p1a: Yveltal
|-resisted|p1a: Yveltal
|-damage|p1a: Yveltal|29/100
|-enditem|p1a: Yveltal|Choice Scarf|[from] move: Knock Off|[of] p2a: Yveltal
|
|upkeep
|turn|34
|
|t:|1610623491
|move|p2a: Yveltal|U-turn|p1a: Yveltal
|-damage|p1a: Yveltal|13/100
|
|t:|1610623495
|switch|p2a: Zacian|Zacian-Crowned|40/100|[from]move: U-turn
|-ability|p2a: Zacian|Intrepid Sword|boost
|-boost|p2a: Zacian|atk|1
|move|p1a: Yveltal|Roost|p1a: Yveltal
|-heal|p1a: Yveltal|63/100
|-singleturn|p1a: Yveltal|move: Roost
|
|upkeep
|turn|35
|
|t:|1610623504
|switch|p2a: Eternatus|Eternatus|68/100
|-ability|p2a: Eternatus|Pressure
|switch|p1a: Quagsire|Quagsire, F|100/100
|-damage|p1a: Quagsire|94/100|[from] Stealth Rock
|
|-heal|p2a: Eternatus|75/100|[from] item: Black Sludge
|-heal|p1a: Quagsire|100/100|[from] item: Leftovers
|upkeep
|turn|36
|
|t:|1610623515
|switch|p1a: Toxapex|Toxapex, M|100/100
|-damage|p1a: Toxapex|88/100|[from] Stealth Rock
|move|p2a: Eternatus|Dynamax Cannon|p1a: Toxapex
|-damage|p1a: Toxapex|57/100
|
|-heal|p2a: Eternatus|81/100|[from] item: Black Sludge
|-heal|p1a: Toxapex|63/100|[from] item: Black Sludge
|upkeep
|turn|37
|
|t:|1610623543
|move|p2a: Eternatus|Toxic|p1a: Toxapex
|-immune|p1a: Toxapex
|move|p1a: Toxapex|Recover|p1a: Toxapex
|-heal|p1a: Toxapex|100/100
|
|-heal|p2a: Eternatus|87/100|[from] item: Black Sludge
|upkeep
|turn|38
|
|t:|1610623551
|switch|p2a: Necrozma|Necrozma-Dusk-Mane|73/100
|move|p1a: Toxapex|Toxic Spikes|p2a: Necrozma
|-sidestart|p2: CG7 lester|move: Toxic Spikes
|
|-heal|p2a: Necrozma|79/100|[from] item: Leftovers
|upkeep
|turn|39
|
|t:|1610623558
|switch|p1a: Quagsire|Quagsire, F|100/100
|-damage|p1a: Quagsire|94/100|[from] Stealth Rock
|move|p2a: Necrozma|Earthquake|p1a: Quagsire
|-damage|p1a: Quagsire|68/100
|
|-heal|p2a: Necrozma|85/100|[from] item: Leftovers
|-heal|p1a: Quagsire|74/100|[from] item: Leftovers
|upkeep
|turn|40
|
|t:|1610623568
|move|p1a: Quagsire|Protect|p1a: Quagsire
|-singleturn|p1a: Quagsire|Protect
|move|p2a: Necrozma|Earthquake|p1a: Quagsire
|-activate|p1a: Quagsire|move: Protect
|
|-heal|p2a: Necrozma|91/100|[from] item: Leftovers
|-heal|p1a: Quagsire|80/100|[from] item: Leftovers
|upkeep
|turn|41
|
|t:|1610623575
|switch|p1a: Yveltal|Yveltal|63/100
|-damage|p1a: Yveltal|38/100|[from] Stealth Rock
|-ability|p1a: Yveltal|Dark Aura
|move|p2a: Necrozma|Earthquake|p1a: Yveltal
|-immune|p1a: Yveltal
|
|-heal|p2a: Necrozma|97/100|[from] item: Leftovers
|upkeep
|turn|42
|
|t:|1610623585
|move|p1a: Yveltal|Defog|p2a: Necrozma
|-unboost|p2a: Necrozma|evasion|1
|-sideend|p2: CG7 lester|Toxic Spikes|[from] move: Defog|[of] p1a: Yveltal
|-sideend|p1: EWQW|Stealth Rock|[from] move: Defog|[of] p1a: Yveltal
|move|p2a: Necrozma|Thunder Wave|p1a: Yveltal
|-status|p1a: Yveltal|par
|
|-heal|p2a: Necrozma|100/100|[from] item: Leftovers
|upkeep
|turn|43
|
|t:|1610623596
|switch|p2a: Yveltal|Yveltal, shiny|100/100
|-ability|p2a: Yveltal|Dark Aura
|cant|p1a: Yveltal|par
|
|upkeep
|turn|44
|
|t:|1610623603
|move|p2a: Yveltal|Taunt|p1a: Yveltal
|-start|p1a: Yveltal|move: Taunt
|cant|p1a: Yveltal|move: Taunt|Roost
|
|upkeep
|turn|45
|
|t:|1610623611
|switch|p1a: Toxapex|Toxapex, M|100/100
|move|p2a: Yveltal|Knock Off|p1a: Toxapex
|-damage|p1a: Toxapex|58/100
|-enditem|p1a: Toxapex|Black Sludge|[from] move: Knock Off|[of] p2a: Yveltal
|
|upkeep
|turn|46
|
|t:|1610623619
|move|p2a: Yveltal|Taunt|p1a: Toxapex
|-start|p1a: Toxapex|move: Taunt
|cant|p1a: Toxapex|move: Taunt|Recover
|
|upkeep
|turn|47
|
|t:|1610623626
|move|p2a: Yveltal|Knock Off|p1a: Toxapex
|-damage|p1a: Toxapex|32/100
|move|p1a: Toxapex|Scald|p2a: Yveltal
|-damage|p2a: Yveltal|91/100
|-status|p2a: Yveltal|brn
|
|-damage|p2a: Yveltal|85/100 brn|[from] brn
|upkeep
|turn|48
|
|t:|1610623637
|switch|p1a: Yveltal|Yveltal|38/100 par
|-ability|p1a: Yveltal|Dark Aura
|move|p2a: Yveltal|U-turn|p1a: Yveltal
|-damage|p1a: Yveltal|31/100 par
|
|t:|1610623645
|switch|p2a: Eternatus|Eternatus|87/100|[from]move: U-turn
|-ability|p2a: Eternatus|Pressure
|
|-heal|p2a: Eternatus|93/100|[from] item: Black Sludge
|upkeep
|turn|49
|
|t:|1610623652
|switch|p1a: Toxapex|Toxapex, M|65/100
|move|p2a: Eternatus|Dynamax Cannon|p1a: Toxapex
|-damage|p1a: Toxapex|30/100
|
|-heal|p2a: Eternatus|99/100|[from] item: Black Sludge
|upkeep
|turn|50
|
|t:|1610623659
|switch|p1a: Slowking|Slowking-Galar, M|100/100
|move|p2a: Eternatus|Dynamax Cannon|p1a: Slowking
|-damage|p1a: Slowking|72/100
|
|-heal|p2a: Eternatus|100/100|[from] item: Black Sludge
|-heal|p1a: Slowking|78/100|[from] item: Black Sludge
|upkeep
|turn|51
|
|t:|1610623668
|switch|p2a: Yveltal|Yveltal, shiny|85/100 brn
|-ability|p2a: Yveltal|Dark Aura
|move|p1a: Slowking|Eerie Spell|p2a: Yveltal
|-immune|p2a: Yveltal
|
|-heal|p1a: Slowking|84/100|[from] item: Black Sludge
|-damage|p2a: Yveltal|79/100 brn|[from] brn
|upkeep
|turn|52
|
|t:|1610623680
|switch|p1a: Toxapex|Toxapex, M|64/100
|move|p2a: Yveltal|U-turn|p1a: Toxapex
|-resisted|p1a: Toxapex
|-damage|p1a: Toxapex|60/100
|
|t:|1610623690
|switch|p2a: Calyrex|Calyrex-Shadow|100/100|[from]move: U-turn
|-ability|p2a: Calyrex|As One
|-ability|p2a: Calyrex|Unnerve|p1: EWQW
|
|upkeep
|turn|53
|
|t:|1610623697
|switch|p1a: Yveltal|Yveltal|31/100 par
|-ability|p1a: Yveltal|Dark Aura
|move|p2a: Calyrex|Astral Barrage|p1a: Yveltal
|-resisted|p1a: Yveltal
|-damage|p1a: Yveltal|10/100 par
|
|upkeep
|turn|54
|
|t:|1610623706
|move|p2a: Calyrex|Astral Barrage|p1a: Yveltal
|-resisted|p1a: Yveltal
|-damage|p1a: Yveltal|0 fnt
|faint|p1a: Yveltal
|-ability|p2a: Calyrex|Grim Neigh|boost
|-boost|p2a: Calyrex|spa|1
|
|upkeep
|
|t:|1610623708
|switch|p1a: Regivolt|Regieleki|100/100
|turn|55
|
|t:|1610623715
|move|p1a: Regivolt|Volt Switch|p2a: Calyrex
|-damage|p2a: Calyrex|27/100
|
|t:|1610623721
|switch|p1a: Quagsire|Quagsire, F|80/100|[from]move: Volt Switch
|move|p2a: Calyrex|Astral Barrage|p1a: Quagsire
|-damage|p1a: Quagsire|0 fnt
|faint|p1a: Quagsire
|-ability|p2a: Calyrex|Grim Neigh|boost
|-boost|p2a: Calyrex|spa|1
|
|-heal|p2a: Calyrex|34/100|[from] item: Leftovers
|upkeep
|
|t:|1610623722
|switch|p1a: Regivolt|Regieleki|100/100
|turn|56
|
|t:|1610623733
|switch|p2a: Eternatus|Eternatus|100/100
|-ability|p2a: Eternatus|Pressure
|move|p1a: Regivolt|Volt Switch|p2a: Eternatus
|-resisted|p2a: Eternatus
|-damage|p2a: Eternatus|73/100
|
|t:|1610623736
|switch|p1a: Toxapex|Toxapex, M|93/100|[from]move: Volt Switch
|
|-heal|p2a: Eternatus|79/100|[from] item: Black Sludge
|upkeep
|turn|57
|
|t:|1610623747
|move|p2a: Eternatus|Dynamax Cannon|p1a: Toxapex
|-damage|p1a: Toxapex|63/100
|move|p1a: Toxapex|Toxic Spikes|p2a: Eternatus
|-sidestart|p2: CG7 lester|move: Toxic Spikes
|
|-heal|p2a: Eternatus|85/100|[from] item: Black Sludge
|upkeep
|turn|58
|
|t:|1610623754
|switch|p1a: Slowking|Slowking-Galar, M|100/100
|move|p2a: Eternatus|Dynamax Cannon|p1a: Slowking
|-damage|p1a: Slowking|75/100
|
|-heal|p2a: Eternatus|91/100|[from] item: Black Sludge
|-heal|p1a: Slowking|81/100|[from] item: Black Sludge
|upkeep
|turn|59
|
|t:|1610623762
|switch|p2a: Yveltal|Yveltal, shiny|79/100 brn
|-ability|p2a: Yveltal|Dark Aura
|move|p1a: Slowking|Sludge Bomb|p2a: Yveltal
|-damage|p2a: Yveltal|60/100 brn
|
|-heal|p1a: Slowking|87/100|[from] item: Black Sludge
|-damage|p2a: Yveltal|54/100 brn|[from] brn
|upkeep
|turn|60
|
|t:|1610623776
|move|p2a: Yveltal|Knock Off|p1a: Slowking
|-supereffective|p1a: Slowking
|-damage|p1a: Slowking|23/100
|-enditem|p1a: Slowking|Black Sludge|[from] move: Knock Off|[of] p2a: Yveltal
|move|p1a: Slowking|Flamethrower|p2a: Yveltal
|-damage|p2a: Yveltal|42/100 brn
|
|-damage|p2a: Yveltal|36/100 brn|[from] brn
|upkeep
|turn|61
|
|t:|1610623785
|switch|p1a: Toxapex|Toxapex, M|96/100
|move|p2a: Yveltal|U-turn|p1a: Toxapex
|-resisted|p1a: Toxapex
|-damage|p1a: Toxapex|93/100
|
|t:|1610623792
|switch|p2a: Eternatus|Eternatus|91/100|[from]move: U-turn
|-sideend|p2: CG7 lester|move: Toxic Spikes|[of] p2a: Eternatus
|-ability|p2a: Eternatus|Pressure
|
|-heal|p2a: Eternatus|97/100|[from] item: Black Sludge
|upkeep
|turn|62
|
|t:|1610623802
|switch|p2a: Calyrex|Calyrex-Shadow|34/100
|-ability|p2a: Calyrex|As One
|-ability|p2a: Calyrex|Unnerve|p1: EWQW
|move|p1a: Toxapex|Toxic Spikes|p2a: Calyrex
|-sidestart|p2: CG7 lester|move: Toxic Spikes
|
|-heal|p2a: Calyrex|40/100|[from] item: Leftovers
|upkeep
|turn|63
|
|t:|1610623813
|move|p2a: Calyrex|Astral Barrage|p1a: Toxapex
|-damage|p1a: Toxapex|38/100
|move|p1a: Toxapex|Scald|p2a: Calyrex
|-damage|p2a: Calyrex|21/100
|-status|p2a: Calyrex|brn
|
|-heal|p2a: Calyrex|27/100 brn|[from] item: Leftovers
|-damage|p2a: Calyrex|21/100 brn|[from] brn
|upkeep
|turn|64
|
|t:|1610623824
|switch|p1a: Ferrothorn|Ferrothorn, F|100/100
|move|p2a: Calyrex|Astral Barrage|p1a: Ferrothorn
|-damage|p1a: Ferrothorn|54/100
|
|-heal|p2a: Calyrex|27/100 brn|[from] item: Leftovers
|-heal|p1a: Ferrothorn|60/100|[from] item: Leftovers
|-damage|p2a: Calyrex|21/100 brn|[from] brn
|upkeep
|turn|65
|
|t:|1610623835
|switch|p2a: Eternatus|Eternatus|97/100
|-sideend|p2: CG7 lester|move: Toxic Spikes|[of] p2a: Eternatus
|-ability|p2a: Eternatus|Pressure
|move|p1a: Ferrothorn|Leech Seed|p2a: Eternatus
|-start|p2a: Eternatus|move: Leech Seed
|
|-heal|p2a: Eternatus|100/100|[from] item: Black Sludge
|-heal|p1a: Ferrothorn|66/100|[from] item: Leftovers
|-damage|p2a: Eternatus|88/100|[from] Leech Seed|[of] p1a: Ferrothorn
|-heal|p1a: Ferrothorn|83/100|[silent]
|upkeep
|turn|66
|
|t:|1610623850
|switch|p1a: Slowking|Slowking-Galar, M|56/100
|move|p2a: Eternatus|Dynamax Cannon|p1a: Slowking
|-damage|p1a: Slowking|30/100
|
|-heal|p2a: Eternatus|94/100|[from] item: Black Sludge
|-damage|p2a: Eternatus|82/100|[from] Leech Seed|[of] p1a: Slowking
|-heal|p1a: Slowking|45/100|[silent]
|upkeep
|turn|67
|
|t:|1610623860
|move|p2a: Eternatus|Flamethrower|p1a: Slowking
|-damage|p1a: Slowking|29/100
|move|p1a: Slowking|Sludge Bomb|p2a: Eternatus
|-resisted|p2a: Eternatus
|-damage|p2a: Eternatus|70/100
|
|-heal|p2a: Eternatus|76/100|[from] item: Black Sludge
|-damage|p2a: Eternatus|64/100|[from] Leech Seed|[of] p1a: Slowking
|-heal|p1a: Slowking|44/100|[silent]
|upkeep
|turn|68
|
|t:|1610623871
|switch|p2a: Necrozma|Necrozma-Dusk-Mane|100/100
|move|p1a: Slowking|Sludge Bomb|p2a: Necrozma
|-immune|p2a: Necrozma
|
|upkeep
|turn|69
|
|t:|1610623893
|switch|p1a: Ferrothorn|Ferrothorn, F|83/100
|move|p2a: Necrozma|Stealth Rock|p1a: Ferrothorn
|-sidestart|p1: EWQW|move: Stealth Rock
|
|-heal|p1a: Ferrothorn|89/100|[from] item: Leftovers
|upkeep
|turn|70
|
|t:|1610623900
|move|p2a: Necrozma|Thunder Wave|p1a: Ferrothorn
|-status|p1a: Ferrothorn|par
|move|p1a: Ferrothorn|Leech Seed|p2a: Necrozma
|-start|p2a: Necrozma|move: Leech Seed
|
|-heal|p1a: Ferrothorn|96/100 par|[from] item: Leftovers
|-damage|p2a: Necrozma|88/100|[from] Leech Seed|[of] p1a: Ferrothorn
|-heal|p1a: Ferrothorn|100/100 par|[silent]
|upkeep
|turn|71
|
|t:|1610623909
|switch|p2a: Eternatus|Eternatus|64/100
|-ability|p2a: Eternatus|Pressure
|move|p1a: Ferrothorn|Power Whip|p2a: Eternatus
|-resisted|p2a: Eternatus
|-damage|p2a: Eternatus|58/100
|
|-heal|p2a: Eternatus|64/100|[from] item: Black Sludge
|upkeep
|turn|72
|
|t:|1610623919
|switch|p2a: Calyrex|Calyrex-Shadow|21/100 brn
|-ability|p2a: Calyrex|As One
|-ability|p2a: Calyrex|Unnerve|p1: EWQW
|switch|p1a: Toxapex|Toxapex, M|71/100
|-damage|p1a: Toxapex|59/100|[from] Stealth Rock
|
|-heal|p2a: Calyrex|27/100 brn|[from] item: Leftovers
|-damage|p2a: Calyrex|21/100 brn|[from] brn
|upkeep
|turn|73
|j| Pirjol13
|
|t:|1610623939
|move|p2a: Calyrex|Psyshock|p1a: Toxapex
|-supereffective|p1a: Toxapex
|-damage|p1a: Toxapex|0 fnt
|faint|p1a: Toxapex
|-ability|p2a: Calyrex|Grim Neigh|boost
|-boost|p2a: Calyrex|spa|1
|
|-heal|p2a: Calyrex|27/100 brn|[from] item: Leftovers
|-damage|p2a: Calyrex|21/100 brn|[from] brn
|upkeep
|-message|EWQW forfeited.
|
|win|CG7 lester
|l|☆EWQW
|c|☆CG7 lester|ezzzz aaa
|raw|EWQW's rating: 1363 &rarr; <strong>1341</strong><br />(-22 for losing)
|raw|CG7 lester's rating: 1323 &rarr; <strong>1345</strong><br />(+22 for winning)
