|j|☆Terra the creator
|j|☆Dun 26
|t:|1663847101
|gametype|singles
|player|p1|Terra the creator|170|1553
|player|p2|Dun 26|skyla|1684
|teamsize|p1|6
|teamsize|p2|6
|gen|8
|tier|[Gen 8] Ubers
|rated|
|rule|Sleep Clause Mod: Limit one foe put to sleep
|rule|Species Clause: Limit one of each Pokémon
|rule|OHKO Clause: OHKO moves are banned
|rule|Evasion Items Clause: Evasion items are banned
|rule|Evasion Moves Clause: Evasion moves are banned
|rule|Endless Battle Clause: Forcing endless battles is banned
|rule|HP Percentage Mod: HP is shown in percentages
|rule|Dynamax Clause: You cannot dynamax
|clearpoke
|poke|p1|Keldeo|
|poke|p1|Chansey, F|
|poke|p1|Skarmory, F|
|poke|p1|Heatran, F|
|poke|p1|Venusaur, F|
|poke|p1|Bisharp, M|
|poke|p2|Excadrill, M|
|poke|p2|Darmanitan-Galar, F|
|poke|p2|Yveltal|
|poke|p2|Xerneas-*|
|poke|p2|Necrozma-Dusk-Mane|
|poke|p2|Dracovish|
|teampreview
|
|t:|1663847107
|start
|switch|p1a: Skarmory|Skarmory, F|100/100
|switch|p2a: Excadrill|Excadrill, M|100/100
|-ability|p2a: Excadrill|Mold Breaker
|turn|1
|
|t:|1663847122
|switch|p2a: Yveltal|Yveltal|100/100
|-ability|p2a: Yveltal|Dark Aura
|move|p1a: Skarmory|Body Press|p2a: Yveltal
|-damage|p2a: Yveltal|71/100
|
|upkeep
|turn|2
|
|t:|1663847134
|switch|p1a: Keldeo|Keldeo|100/100
|move|p2a: Yveltal|Taunt|p1a: Keldeo
|-start|p1a: Keldeo|move: Taunt
|
|upkeep
|turn|3
|
|t:|1663847144
|move|p1a: Keldeo|Scald|p2a: Yveltal
|-damage|p2a: Yveltal|43/100
|move|p2a: Yveltal|Oblivion Wing|p1a: Keldeo
|-supereffective|p1a: Keldeo
|-damage|p1a: Keldeo|0 fnt
|-heal|p2a: Yveltal|100/100|[from] drain|[of] p1a: Keldeo
|faint|p1a: Keldeo
|-damage|p2a: Yveltal|91/100|[from] item: Life Orb
|
|upkeep
|
|t:|1663847154
|switch|p1a: Bisharp|Bisharp, M|100/100
|turn|4
|
|t:|1663847157
|switch|p2a: Excadrill|Excadrill, M|100/100
|-ability|p2a: Excadrill|Mold Breaker
|move|p1a: Bisharp|Stone Edge|p2a: Excadrill
|-resisted|p2a: Excadrill
|-crit|p2a: Excadrill
|-damage|p2a: Excadrill|82/100
|
|upkeep
|turn|5
|
|t:|1663847161
|switch|p1a: Skarmory|Skarmory, F|100/100
|move|p2a: Excadrill|Earthquake|p1a: Skarmory
|-immune|p1a: Skarmory
|
|upkeep
|turn|6
|
|t:|1663847164
|move|p2a: Excadrill|Stealth Rock|p1a: Skarmory
|-sidestart|p1: Terra the creator|move: Stealth Rock
|move|p1a: Skarmory|Spikes|p2a: Excadrill
|-sidestart|p2: Dun 26|Spikes
|
|upkeep
|turn|7
|
|t:|1663847167
|move|p2a: Excadrill|Rock Tomb|p1a: Skarmory
|-damage|p1a: Skarmory|88/100
|-unboost|p1a: Skarmory|spe|1
|move|p1a: Skarmory|Spikes|p2a: Excadrill
|-sidestart|p2: Dun 26|Spikes
|
|upkeep
|turn|8
|
|t:|1663847172
|move|p2a: Excadrill|Rapid Spin|p1a: Skarmory
|-resisted|p1a: Skarmory
|-damage|p1a: Skarmory|83/100
|-boost|p2a: Excadrill|spe|1
|-damage|p2a: Excadrill|66/100|[from] item: Rocky Helmet|[of] p1a: Skarmory
|-sideend|p2: Dun 26|Spikes|[from] move: Rapid Spin|[of] p2a: Excadrill
|move|p1a: Skarmory|Spikes|p2a: Excadrill
|-sidestart|p2: Dun 26|Spikes
|
|upkeep
|turn|9
|
|t:|1663847174
|switch|p2a: NOBBRAIN|Dracovish|100/100
|-damage|p2a: NOBBRAIN|88/100|[from] Spikes
|move|p1a: Skarmory|Roost|p1a: Skarmory
|-heal|p1a: Skarmory|100/100
|-singleturn|p1a: Skarmory|move: Roost
|
|upkeep
|turn|10
|
|t:|1663847198
|move|p2a: NOBBRAIN|Fishious Rend|p1a: Skarmory
|-ability|p1a: Skarmory|Sturdy
|-damage|p1a: Skarmory|1/100
|-damage|p2a: NOBBRAIN|72/100|[from] item: Rocky Helmet|[of] p1a: Skarmory
|move|p1a: Skarmory|Toxic|p2a: NOBBRAIN
|-status|p2a: NOBBRAIN|tox
|
|-damage|p2a: NOBBRAIN|66/100 tox|[from] psn
|upkeep
|turn|11
|
|t:|1663847205
|move|p2a: NOBBRAIN|Fishious Rend|p1a: Skarmory
|-damage|p1a: Skarmory|0 fnt
|-damage|p2a: NOBBRAIN|49/100 tox|[from] item: Rocky Helmet|[of] p1a: Skarmory
|faint|p1a: Skarmory
|
|-damage|p2a: NOBBRAIN|37/100 tox|[from] psn
|upkeep
|
|t:|1663847212
|switch|p1a: Bisharp|Bisharp, M|100/100
|-damage|p1a: Bisharp|95/100|[from] Stealth Rock
|turn|12
|
|t:|1663847215
|switch|p2a: Excadrill|Excadrill, M|66/100
|-damage|p2a: Excadrill|53/100|[from] Spikes
|-ability|p2a: Excadrill|Mold Breaker
|move|p1a: Bisharp|Sucker Punch||[still]
|-fail|p1a: Bisharp
|
|upkeep
|turn|13
|
|t:|1663847221
|move|p1a: Bisharp|Sucker Punch|p2a: Excadrill
|-damage|p2a: Excadrill|0 fnt
|faint|p2a: Excadrill
|
|upkeep
|
|t:|1663847227
|switch|p2a: Necrozma|Necrozma-Dusk-Mane|100/100
|-damage|p2a: Necrozma|88/100|[from] Spikes
|turn|14
|
|t:|1663847231
|switch|p1a: Venusaur|Venusaur, F|100/100
|-damage|p1a: Venusaur|88/100|[from] Stealth Rock
|move|p2a: Necrozma|Earthquake|p1a: Venusaur
|-damage|p1a: Venusaur|41/100
|
|-heal|p1a: Venusaur|47/100|[from] item: Black Sludge
|upkeep
|turn|15
|
|t:|1663847240
|move|p1a: Venusaur|Sleep Powder|p2a: Necrozma
|-status|p2a: Necrozma|slp|[from] move: Sleep Powder
|cant|p2a: Necrozma|slp
|
|-heal|p1a: Venusaur|53/100|[from] item: Black Sludge
|upkeep
|turn|16
|
|t:|1663847243
|move|p1a: Venusaur|Leech Seed|p2a: Necrozma
|-start|p2a: Necrozma|move: Leech Seed
|-curestatus|p2a: Necrozma|slp|[msg]
|move|p2a: Necrozma|Sunsteel Strike|p1a: Venusaur
|-crit|p1a: Venusaur
|-damage|p1a: Venusaur|0 fnt
|faint|p1a: Venusaur
|
|upkeep
|
|t:|1663847247
|switch|p1a: Heatran|Heatran, F|100/100
|-damage|p1a: Heatran|88/100|[from] Stealth Rock
|-item|p1a: Heatran|Air Balloon
|turn|17
|
|t:|1663847257
|switch|p2a: Yveltal|Yveltal|91/100
|-ability|p2a: Yveltal|Dark Aura
|move|p1a: Heatran|Magma Storm|p2a: Yveltal
|-crit|p2a: Yveltal
|-damage|p2a: Yveltal|34/100
|-activate|p2a: Yveltal|move: Magma Storm|[of] p1a: Heatran
|
|-damage|p2a: Yveltal|21/100|[from] move: Magma Storm|[partiallytrapped]
|upkeep
|turn|18
|
|t:|1663847261
|move|p2a: Yveltal|Dark Pulse|p1a: Heatran
|-damage|p1a: Heatran|42/100
|-enditem|p1a: Heatran|Air Balloon
|-damage|p2a: Yveltal|11/100|[from] item: Life Orb
|move|p1a: Heatran|Stealth Rock|p2a: Yveltal
|-sidestart|p2: Dun 26|move: Stealth Rock
|
|-damage|p2a: Yveltal|0 fnt|[from] move: Magma Storm|[partiallytrapped]
|faint|p2a: Yveltal
|upkeep
|
|t:|1663847266
|switch|p2a: OUGABOUGA|Darmanitan-Galar, F|100/100
|-damage|p2a: OUGABOUGA|88/100|[from] Spikes
|-damage|p2a: OUGABOUGA|63/100|[from] Stealth Rock
|turn|19
|
|t:|1663847270
|move|p2a: OUGABOUGA|Earthquake|p1a: Heatran
|-supereffective|p1a: Heatran
|-damage|p1a: Heatran|0 fnt
|faint|p1a: Heatran
|
|upkeep
|
|t:|1663847274
|switch|p1a: Chansey|Chansey, F|100/100
|-damage|p1a: Chansey|88/100|[from] Stealth Rock
|turn|20
|
|t:|1663847277
|move|p2a: OUGABOUGA|Ice Punch|p1a: Chansey
|-damage|p1a: Chansey|23/100
|move|p1a: Chansey|Seismic Toss|p2a: OUGABOUGA
|-damage|p2a: OUGABOUGA|35/100
|
|-formechange|p2a: OUGABOUGA|Darmanitan-Galar-Zen|
|upkeep
|turn|21
|
|t:|1663847280
|move|p2a: OUGABOUGA|Ice Punch|p1a: Chansey
|-damage|p1a: Chansey|0 fnt
|faint|p1a: Chansey
|
|upkeep
|
|t:|1663847282
|switch|p1a: Bisharp|Bisharp, M|95/100
|-damage|p1a: Bisharp|89/100|[from] Stealth Rock
|turn|22
|
|t:|1663847284
|move|p1a: Bisharp|Sucker Punch|p2a: OUGABOUGA
|-damage|p2a: OUGABOUGA|0 fnt
|faint|p2a: OUGABOUGA
|
|upkeep
|
|t:|1663847286
|switch|p2a: Xerneas|Xerneas|100/100
|-damage|p2a: Xerneas|88/100|[from] Spikes
|-damage|p2a: Xerneas|76/100|[from] Stealth Rock
|-ability|p2a: Xerneas|Fairy Aura
|turn|23
|
|t:|1663847290
|move|p2a: Xerneas|Moonblast|p1a: Bisharp
|-damage|p1a: Bisharp|31/100
|-unboost|p1a: Bisharp|spa|1
|-ability|p1a: Bisharp|Defiant
|-boost|p1a: Bisharp|atk|2
|move|p1a: Bisharp|Iron Head|p2a: Xerneas
|-supereffective|p2a: Xerneas
|-damage|p2a: Xerneas|0 fnt
|faint|p2a: Xerneas
|
|upkeep
|c|☆Dun 26|Ah
|c|☆Dun 26|Rip
|
|t:|1663847307
|switch|p2a: Necrozma|Necrozma-Dusk-Mane|88/100
|-damage|p2a: Necrozma|76/100|[from] Spikes
|-damage|p2a: Necrozma|70/100|[from] Stealth Rock
|turn|24
|
|t:|1663847312
|move|p1a: Bisharp|Sucker Punch|p2a: Necrozma
|-supereffective|p2a: Necrozma
|-damage|p2a: Necrozma|0 fnt
|faint|p2a: Necrozma
|
|upkeep
|
|t:|1663847315
|switch|p2a: NOBBRAIN|Dracovish|37/100 tox
|-damage|p2a: NOBBRAIN|24/100 tox|[from] Spikes
|-damage|p2a: NOBBRAIN|12/100 tox|[from] Stealth Rock
|turn|25
|c|☆Terra the creator|Gg
|c|☆Dun 26|Gg
|
|t:|1663847325
|move|p1a: Bisharp|Sucker Punch|p2a: NOBBRAIN
|-damage|p2a: NOBBRAIN|0 fnt
|faint|p2a: NOBBRAIN
|
|win|Terra the creator
|raw|Terra the creator's rating: 1553 &rarr; <strong>1580</strong><br />(+27 for winning)
|raw|Dun 26's rating: 1684 &rarr; <strong>1657</strong><br />(-27 for losing)
|c|☆Terra the creator|Wk always wins
|l|☆Dun 26
