|j|☆Cute Strength
|j|☆Nael222
|t:|1664557133
|gametype|singles
|player|p1|Cute Strength|valerie|
|player|p2|Nael222|169|
|teamsize|p1|6
|teamsize|p2|6
|gen|8
|tier|[Gen 8] Ubers
|rule|Sleep Clause Mod: Limit one foe put to sleep
|rule|Species Clause: Limit one of each Pokémon
|rule|OHKO Clause: OHKO moves are banned
|rule|Evasion Items Clause: Evasion items are banned
|rule|Evasion Moves Clause: Evasion moves are banned
|rule|Endless Battle Clause: Forcing endless battles is banned
|rule|HP Percentage Mod: HP is shown in percentages
|rule|Dynamax Clause: You cannot dynamax
|clearpoke
|poke|p1|Pheromosa|
|poke|p1|Yveltal|
|poke|p1|Necrozma-Dusk-Mane|
|poke|p1|Eternatus|
|poke|p1|Calyrex-Shadow|
|poke|p1|Ho-Oh|
|poke|p2|Calyrex-Shadow|
|poke|p2|Zygarde|
|poke|p2|Ferrothorn, F|
|poke|p2|Eternatus|
|poke|p2|Necrozma-Dusk-Mane|
|poke|p2|Yveltal|
|teampreview
|c|☆Cute Strength|HF
|c|☆Cute Strength|Tu peux link stp ?
|c|☆Nael222|ah bah jme suis trompé de tyeam
|c|☆Cute Strength|Rechall stv
|c|☆Nael222|nan trkl
|c|☆Cute Strength|K
|
|t:|1664557194
|start
|switch|p1a: Pheromosa|Pheromosa|100/100
|switch|p2a: Yveltal|Yveltal|100/100
|-ability|p2a: Yveltal|Dark Aura
|turn|1
|
|t:|1664557203
|move|p1a: Pheromosa|Triple Axel|p2a: Yveltal
|-supereffective|p2a: Yveltal
|-crit|p2a: Yveltal
|-damage|p2a: Yveltal|72/100
|-supereffective|p2a: Yveltal
|-damage|p2a: Yveltal|27/100
|-supereffective|p2a: Yveltal
|-damage|p2a: Yveltal|0 fnt
|faint|p2a: Yveltal
|-ability|p1a: Pheromosa|Beast Boost|boost
|-boost|p1a: Pheromosa|atk|1
|-hitcount|p2: Yveltal|3
|
|upkeep
|c|☆Cute Strength|Mb
|
|t:|1664557218
|switch|p2a: Necrozma|Necrozma-Dusk-Mane|100/100
|turn|2
|c|☆Nael222|y a pas mb
|c|☆Nael222|ça me tuait tous les jours
|c|☆Cute Strength|Oe mais quand même
|
|t:|1664557247
|switch|p1a: Yveltal|Yveltal|100/100
|-ability|p1a: Yveltal|Dark Aura
|move|p2a: Necrozma|Thunder Wave|p1a: Yveltal|[miss]
|-miss|p2a: Necrozma|p1a: Yveltal
|
|upkeep
|turn|3
|c|☆Nael222|c là qu'il faut dire mb
|c|☆Nael222|:paz:
|c|☆Cute Strength|Je l'ai predict
|
|t:|1664557265
|move|p1a: Yveltal|Taunt|p2a: Necrozma
|-start|p2a: Necrozma|move: Taunt
|cant|p2a: Necrozma|move: Taunt|Thunder Wave
|
|upkeep
|turn|4
|
|t:|1664557270
|switch|p2a: Eternatus|Eternatus|100/100
|-ability|p2a: Eternatus|Pressure
|move|p1a: Yveltal|Knock Off|p2a: Eternatus
|-damage|p2a: Eternatus|58/100
|-enditem|p2a: Eternatus|Heavy-Duty Boots|[from] move: Knock Off|[of] p1a: Yveltal
|
|upkeep
|turn|5
|
|t:|1664557282
|switch|p1a: Necrozma|Necrozma-Dusk-Mane|100/100
|move|p2a: Eternatus|Recover|p2a: Eternatus
|-heal|p2a: Eternatus|100/100
|
|upkeep
|turn|6
|
|t:|1664557287
|switch|p2a: Zygarde|Zygarde|100/100
|move|p1a: Necrozma|Stealth Rock|p2a: Zygarde
|-sidestart|p2: Nael222|move: Stealth Rock
|
|upkeep
|turn|7
|
|t:|1664557299
|switch|p1a: Yveltal|Yveltal|100/100
|-ability|p1a: Yveltal|Dark Aura
|move|p2a: Zygarde|Dragon Tail|p1a: Yveltal
|-damage|p1a: Yveltal|76/100
|drag|p1a: Pheromosa|Pheromosa|100/100
|
|upkeep
|turn|8
|
|t:|1664557306
|switch|p2a: Ferrothorn|Ferrothorn, F|100/100
|-damage|p2a: Ferrothorn|94/100|[from] Stealth Rock
|move|p1a: Pheromosa|Triple Axel|p2a: Ferrothorn
|-damage|p2a: Ferrothorn|87/100
|-damage|p1a: Pheromosa|88/100|[from] ability: Iron Barbs|[of] p2a: Ferrothorn
|-damage|p2a: Ferrothorn|72/100
|-damage|p1a: Pheromosa|76/100|[from] ability: Iron Barbs|[of] p2a: Ferrothorn
|-damage|p2a: Ferrothorn|51/100
|-damage|p1a: Pheromosa|63/100|[from] ability: Iron Barbs|[of] p2a: Ferrothorn
|-hitcount|p2a: Ferrothorn|3
|
|-heal|p2a: Ferrothorn|57/100|[from] item: Leftovers
|upkeep
|turn|9
|
|t:|1664557313
|switch|p1a: Ho-Oh|Ho-Oh|100/100
|switch|p2a: Necrozma|Necrozma-Dusk-Mane|100/100
|-damage|p2a: Necrozma|94/100|[from] Stealth Rock
|
|-heal|p2a: Necrozma|100/100|[from] item: Leftovers
|upkeep
|turn|10
|
|t:|1664557323
|switch|p2a: Eternatus|Eternatus|100/100
|-damage|p2a: Eternatus|88/100|[from] Stealth Rock
|-ability|p2a: Eternatus|Pressure
|move|p1a: Ho-Oh|Sacred Fire|p2a: Eternatus
|-resisted|p2a: Eternatus
|-damage|p2a: Eternatus|66/100
|
|upkeep
|turn|11
|
|t:|1664557332
|switch|p1a: Eternatus|Eternatus|100/100
|-ability|p1a: Eternatus|Pressure
|move|p2a: Eternatus|Recover|p2a: Eternatus
|-heal|p2a: Eternatus|100/100
|
|upkeep
|turn|12
|j| Jeza le nul
|
|t:|1664557342
|switch|p2a: Necrozma|Necrozma-Dusk-Mane|100/100
|-damage|p2a: Necrozma|94/100|[from] Stealth Rock
|move|p1a: Eternatus|Dynamax Cannon|p2a: Necrozma
|-resisted|p2a: Necrozma
|-damage|p2a: Necrozma|80/100
|
|-heal|p2a: Necrozma|86/100|[from] item: Leftovers
|upkeep
|turn|13
|
|t:|1664557352
|switch|p1a: Ho-Oh|Ho-Oh|100/100
|move|p2a: Necrozma|Thunder Wave|p1a: Ho-Oh
|-status|p1a: Ho-Oh|par
|
|-heal|p2a: Necrozma|92/100|[from] item: Leftovers
|upkeep
|turn|14
|
|t:|1664557365
|switch|p2a: Eternatus|Eternatus|100/100
|-damage|p2a: Eternatus|88/100|[from] Stealth Rock
|-ability|p2a: Eternatus|Pressure
|cant|p1a: Ho-Oh|par
|
|upkeep
|turn|15
|
|t:|1664557371
|switch|p2a: Zygarde|Zygarde|100/100
|-damage|p2a: Zygarde|94/100|[from] Stealth Rock
|move|p1a: Ho-Oh|Thunder Wave|p2a: Zygarde
|-immune|p2a: Zygarde
|
|-heal|p2a: Zygarde|100/100|[from] item: Leftovers
|upkeep
|turn|16
|
|t:|1664557378
|move|p2a: Zygarde|Dragon Dance|p2a: Zygarde
|-boost|p2a: Zygarde|atk|1
|-boost|p2a: Zygarde|spe|1
|move|p1a: Ho-Oh|Sacred Fire|p2a: Zygarde
|-resisted|p2a: Zygarde
|-damage|p2a: Zygarde|83/100
|-status|p2a: Zygarde|brn
|
|-heal|p2a: Zygarde|89/100 brn|[from] item: Leftovers
|-damage|p2a: Zygarde|83/100 brn|[from] brn
|upkeep
|turn|17
|
|t:|1664557385
|switch|p1a: Yveltal|Yveltal|76/100
|-ability|p1a: Yveltal|Dark Aura
|move|p2a: Zygarde|Dragon Dance|p2a: Zygarde
|-boost|p2a: Zygarde|atk|1
|-boost|p2a: Zygarde|spe|1
|
|-heal|p2a: Zygarde|89/100 brn|[from] item: Leftovers
|-damage|p2a: Zygarde|83/100 brn|[from] brn
|upkeep
|turn|18
|
|t:|1664557401
|move|p1a: Yveltal|Taunt|p2a: Zygarde
|-start|p2a: Zygarde|move: Taunt
|move|p2a: Zygarde|Dragon Tail|p1a: Yveltal
|-damage|p1a: Yveltal|54/100
|drag|p1a: Ho-Oh|Ho-Oh|100/100 par
|
|-heal|p2a: Zygarde|89/100 brn|[from] item: Leftovers
|-damage|p2a: Zygarde|83/100 brn|[from] brn
|upkeep
|turn|19
|
|t:|1664557414
|move|p2a: Zygarde|Thousand Arrows|p1a: Ho-Oh
|-crit|p1a: Ho-Oh
|-damage|p1a: Ho-Oh|46/100 par
|-start|p1a: Ho-Oh|Smack Down
|cant|p1a: Ho-Oh|par
|
|-heal|p2a: Zygarde|89/100 brn|[from] item: Leftovers
|-damage|p2a: Zygarde|83/100 brn|[from] brn
|upkeep
|turn|20
|n| Jeza le nul|jezalenul
|c| Jeza le nul|T'es nul jeza
|
|t:|1664557427
|switch|p1a: Eternatus|Eternatus|100/100
|-ability|p1a: Eternatus|Pressure
|move|p2a: Zygarde|Thousand Arrows|p1a: Eternatus
|-supereffective|p1a: Eternatus
|-damage|p1a: Eternatus|58/100
|
|-heal|p2a: Zygarde|89/100 brn|[from] item: Leftovers
|-damage|p2a: Zygarde|83/100 brn|[from] brn
|-end|p2a: Zygarde|move: Taunt
|upkeep
|turn|21
|
|t:|1664557434
|switch|p2a: Necrozma|Necrozma-Dusk-Mane|92/100
|-damage|p2a: Necrozma|86/100|[from] Stealth Rock
|move|p1a: Eternatus|Dynamax Cannon|p2a: Necrozma
|-resisted|p2a: Necrozma
|-damage|p2a: Necrozma|71/100
|
|-heal|p2a: Necrozma|77/100|[from] item: Leftovers
|upkeep
|turn|22
|
|t:|1664557439
|move|p1a: Eternatus|Recover|p1a: Eternatus
|-heal|p1a: Eternatus|100/100
|move|p2a: Necrozma|Stealth Rock|p1a: Eternatus
|-sidestart|p1: Cute Strength|move: Stealth Rock
|
|-heal|p2a: Necrozma|83/100|[from] item: Leftovers
|upkeep
|turn|23
|
|t:|1664557444
|switch|p1a: Ho-Oh|Ho-Oh|79/100 par
|switch|p2a: Eternatus|Eternatus|88/100
|-damage|p2a: Eternatus|76/100|[from] Stealth Rock
|-ability|p2a: Eternatus|Pressure
|
|upkeep
|turn|24
|
|t:|1664557450
|switch|p2a: Zygarde|Zygarde|83/100 brn
|-damage|p2a: Zygarde|77/100 brn|[from] Stealth Rock
|move|p1a: Ho-Oh|Thunder Wave|p2a: Zygarde
|-immune|p2a: Zygarde
|
|-heal|p2a: Zygarde|83/100 brn|[from] item: Leftovers
|-damage|p2a: Zygarde|77/100 brn|[from] brn
|upkeep
|turn|25
|
|t:|1664557456
|switch|p1a: Yveltal|Yveltal|54/100
|-ability|p1a: Yveltal|Dark Aura
|move|p2a: Zygarde|Dragon Dance|p2a: Zygarde
|-boost|p2a: Zygarde|atk|1
|-boost|p2a: Zygarde|spe|1
|
|-heal|p2a: Zygarde|83/100 brn|[from] item: Leftovers
|-damage|p2a: Zygarde|77/100 brn|[from] brn
|upkeep
|turn|26
|
|t:|1664557462
|move|p1a: Yveltal|Taunt|p2a: Zygarde
|-start|p2a: Zygarde|move: Taunt
|move|p2a: Zygarde|Dragon Tail|p1a: Yveltal
|-damage|p1a: Yveltal|38/100
|drag|p1a: Eternatus|Eternatus|100/100
|-ability|p1a: Eternatus|Pressure
|
|-heal|p2a: Zygarde|83/100 brn|[from] item: Leftovers
|-damage|p2a: Zygarde|77/100 brn|[from] brn
|upkeep
|turn|27
|
|t:|1664557470
|switch|p2a: Necrozma|Necrozma-Dusk-Mane|83/100
|-damage|p2a: Necrozma|77/100|[from] Stealth Rock
|move|p1a: Eternatus|Dynamax Cannon|p2a: Necrozma
|-resisted|p2a: Necrozma
|-damage|p2a: Necrozma|62/100
|
|-heal|p2a: Necrozma|68/100|[from] item: Leftovers
|upkeep
|turn|28
|
|t:|1664557480
|switch|p2a: Zygarde|Zygarde|77/100 brn
|-damage|p2a: Zygarde|71/100 brn|[from] Stealth Rock
|move|p1a: Eternatus|Flamethrower|p2a: Zygarde
|-resisted|p2a: Zygarde
|-damage|p2a: Zygarde|55/100 brn
|
|-heal|p2a: Zygarde|61/100 brn|[from] item: Leftovers
|-damage|p2a: Zygarde|55/100 brn|[from] brn
|upkeep
|turn|29
|
|t:|1664557484
|switch|p2a: Necrozma|Necrozma-Dusk-Mane|68/100
|-damage|p2a: Necrozma|62/100|[from] Stealth Rock
|move|p1a: Eternatus|Dynamax Cannon|p2a: Necrozma
|-resisted|p2a: Necrozma
|-crit|p2a: Necrozma
|-damage|p2a: Necrozma|41/100
|
|-heal|p2a: Necrozma|47/100|[from] item: Leftovers
|upkeep
|turn|30
|
|t:|1664557488
|move|p1a: Eternatus|Flamethrower|p2a: Necrozma
|-supereffective|p2a: Necrozma
|-crit|p2a: Necrozma
|-damage|p2a: Necrozma|3/100
|-status|p2a: Necrozma|brn
|move|p2a: Necrozma|Morning Sun|p2a: Necrozma
|-heal|p2a: Necrozma|53/100 brn
|
|-heal|p2a: Necrozma|59/100 brn|[from] item: Leftovers
|-damage|p2a: Necrozma|53/100 brn|[from] brn
|upkeep
|turn|31
|c|☆Cute Strength|Wow
|c|☆Cute Strength|Mb
|c|☆Cute Strength|Mdr
|
|t:|1664557500
|move|p1a: Eternatus|Flamethrower|p2a: Necrozma
|-supereffective|p2a: Necrozma
|-damage|p2a: Necrozma|27/100 brn
|move|p2a: Necrozma|Morning Sun|p2a: Necrozma
|-heal|p2a: Necrozma|77/100 brn
|
|-heal|p2a: Necrozma|83/100 brn|[from] item: Leftovers
|-damage|p2a: Necrozma|77/100 brn|[from] brn
|upkeep
|turn|32
|
|t:|1664557506
|switch|p1a: Calyrex|Calyrex-Shadow|100/100
|-ability|p1a: Calyrex|As One
|-ability|p1a: Calyrex|Unnerve
|-damage|p1a: Calyrex|88/100|[from] Stealth Rock
|move|p2a: Necrozma|Thunder Wave|p1a: Calyrex
|-status|p1a: Calyrex|par
|
|-heal|p2a: Necrozma|83/100 brn|[from] item: Leftovers
|-damage|p2a: Necrozma|77/100 brn|[from] brn
|upkeep
|turn|33
|
|t:|1664557524
|move|p2a: Necrozma|Iron Head|p1a: Calyrex
|-damage|p1a: Calyrex|63/100 par
|cant|p1a: Calyrex|flinch
|
|-heal|p2a: Necrozma|83/100 brn|[from] item: Leftovers
|-damage|p2a: Necrozma|77/100 brn|[from] brn
|upkeep
|turn|34
|
|t:|1664557528
|move|p2a: Necrozma|Iron Head|p1a: Calyrex
|-damage|p1a: Calyrex|36/100 par
|cant|p1a: Calyrex|flinch
|
|-heal|p2a: Necrozma|83/100 brn|[from] item: Leftovers
|-damage|p2a: Necrozma|77/100 brn|[from] brn
|upkeep
|turn|35
|
|t:|1664557533
|move|p2a: Necrozma|Iron Head|p1a: Calyrex
|-damage|p1a: Calyrex|12/100 par
|cant|p1a: Calyrex|flinch
|
|-heal|p2a: Necrozma|83/100 brn|[from] item: Leftovers
|-damage|p2a: Necrozma|77/100 brn|[from] brn
|upkeep
|turn|36
|l| Jeza le nul
|c|☆Cute Strength|Ptdrrrr
|
|t:|1664557545
|move|p2a: Necrozma|Iron Head|p1a: Calyrex
|-damage|p1a: Calyrex|0 fnt
|faint|p1a: Calyrex
|
|-heal|p2a: Necrozma|83/100 brn|[from] item: Leftovers
|-damage|p2a: Necrozma|77/100 brn|[from] brn
|upkeep
|c|☆Nael222|c ta faute
|
|t:|1664557551
|switch|p1a: Ho-Oh|Ho-Oh|100/100 par
|turn|37
|
|t:|1664557556
|switch|p2a: Eternatus|Eternatus|76/100
|-damage|p2a: Eternatus|63/100|[from] Stealth Rock
|-ability|p2a: Eternatus|Pressure
|switch|p1a: Yveltal|Yveltal|38/100
|-ability|p1a: Yveltal|Dark Aura
|
|upkeep
|turn|38
|c|☆Cute Strength|G rien fait
|
|t:|1664557563
|move|p2a: Eternatus|Dynamax Cannon|p1a: Yveltal
|-damage|p1a: Yveltal|5/100
|move|p1a: Yveltal|Roost|p1a: Yveltal
|-heal|p1a: Yveltal|55/100
|-singleturn|p1a: Yveltal|move: Roost
|
|upkeep
|turn|39
|
|t:|1664557567
|move|p1a: Yveltal|Roost|p1a: Yveltal
|-heal|p1a: Yveltal|100/100
|-singleturn|p1a: Yveltal|move: Roost
|move|p2a: Eternatus|Dragon Tail|p1a: Yveltal
|-damage|p1a: Yveltal|86/100
|drag|p1a: Ho-Oh|Ho-Oh|100/100 par
|
|upkeep
|turn|40
|
|t:|1664557572
|switch|p2a: Zygarde|Zygarde|55/100 brn
|-damage|p2a: Zygarde|49/100 brn|[from] Stealth Rock
|move|p1a: Ho-Oh|Sacred Fire|p2a: Zygarde
|-resisted|p2a: Zygarde
|-damage|p2a: Zygarde|28/100 brn
|
|-heal|p2a: Zygarde|34/100 brn|[from] item: Leftovers
|-damage|p2a: Zygarde|28/100 brn|[from] brn
|-activate|p2a: Zygarde|ability: Power Construct
|detailschange|p2a: Zygarde|Zygarde-Complete
|-heal|p2a: Zygarde|55/100 brn|[silent]
|upkeep
|turn|41
|
|t:|1664557596
|switch|p1a: Yveltal|Yveltal|86/100
|-ability|p1a: Yveltal|Dark Aura
|move|p2a: Zygarde|Dragon Dance|p2a: Zygarde
|-boost|p2a: Zygarde|atk|1
|-boost|p2a: Zygarde|spe|1
|
|-heal|p2a: Zygarde|62/100 brn|[from] item: Leftovers
|-damage|p2a: Zygarde|55/100 brn|[from] brn
|upkeep
|turn|42
|
|t:|1664557602
|move|p2a: Zygarde|Dragon Dance|p2a: Zygarde
|-boost|p2a: Zygarde|atk|1
|-boost|p2a: Zygarde|spe|1
|move|p1a: Yveltal|Taunt|p2a: Zygarde
|-start|p2a: Zygarde|move: Taunt
|
|-heal|p2a: Zygarde|62/100 brn|[from] item: Leftovers
|-damage|p2a: Zygarde|55/100 brn|[from] brn
|upkeep
|turn|43
|
|t:|1664557605
|move|p2a: Zygarde|Thousand Arrows|p1a: Yveltal
|-damage|p1a: Yveltal|50/100
|-start|p1a: Yveltal|Smack Down
|move|p1a: Yveltal|Knock Off|p2a: Zygarde
|-damage|p2a: Zygarde|29/100 brn
|-enditem|p2a: Zygarde|Leftovers|[from] move: Knock Off|[of] p1a: Yveltal
|
|-damage|p2a: Zygarde|22/100 brn|[from] brn
|upkeep
|turn|44
|
|t:|1664557618
|move|p1a: Yveltal|Roost|p1a: Yveltal
|-heal|p1a: Yveltal|99/100
|-singleturn|p1a: Yveltal|move: Roost
|move|p2a: Zygarde|Dragon Tail|p1a: Yveltal
|-damage|p1a: Yveltal|76/100
|drag|p1a: Eternatus|Eternatus|100/100
|-ability|p1a: Eternatus|Pressure
|
|-damage|p2a: Zygarde|16/100 brn|[from] brn
|upkeep
|turn|45
|
|t:|1664557628
|move|p2a: Zygarde|Thousand Arrows|p1a: Eternatus
|-supereffective|p1a: Eternatus
|-damage|p1a: Eternatus|55/100
|move|p1a: Eternatus|Dynamax Cannon|p2a: Zygarde
|-supereffective|p2a: Zygarde
|-damage|p2a: Zygarde|0 fnt
|faint|p2a: Zygarde
|
|upkeep
|j| Micciu20250
|l| Micciu20250
|
|t:|1664557646
|switch|p2a: Necrozma|Necrozma-Dusk-Mane|77/100 brn
|-damage|p2a: Necrozma|71/100 brn|[from] Stealth Rock
|turn|46
|
|t:|1664557651
|switch|p1a: Ho-Oh|Ho-Oh|100/100 par
|switch|p2a: Calyrex|Calyrex-Shadow|100/100
|-ability|p2a: Calyrex|As One
|-ability|p2a: Calyrex|Unnerve
|-damage|p2a: Calyrex|88/100|[from] Stealth Rock
|
|upkeep
|turn|47
|
|t:|1664557657
|move|p2a: Calyrex|Nasty Plot|p2a: Calyrex
|-boost|p2a: Calyrex|spa|2
|cant|p1a: Ho-Oh|par
|
|upkeep
|turn|48
|
|t:|1664557665
|move|p2a: Calyrex|Astral Barrage|p1a: Ho-Oh
|-damage|p1a: Ho-Oh|14/100 par
|cant|p1a: Ho-Oh|par
|
|upkeep
|turn|49
|c|☆Cute Strength|Mais
|c|☆Cute Strength|Le haxx là
|c|☆Nael222|?
|c|☆Nael222|culotté un peu
|c|☆Cute Strength|Bah t'a juste loupé une para
|c|☆Cute Strength|Et je t'ai Crit 2 fois
|c|☆Nael222|86/7.2
|c|☆Nael222|merde
|c|☆Cute Strength|Mdrrr
|
|t:|1664557763
|switch|p1a: Yveltal|Yveltal|76/100
|-ability|p1a: Yveltal|Dark Aura
|move|p2a: Calyrex|Astral Barrage|p1a: Yveltal
|-resisted|p1a: Yveltal
|-damage|p1a: Yveltal|24/100
|
|upkeep
|turn|50
|c|☆Cute Strength|3 flinch, 2 para, et me manque des trucs j'crois
|
|t:|1664557770
|move|p2a: Calyrex|Draining Kiss|p1a: Yveltal
|-supereffective|p1a: Yveltal
|-damage|p1a: Yveltal|0 fnt
|-heal|p2a: Calyrex|100/100|[from] drain|[of] p1a: Yveltal
|faint|p1a: Yveltal
|-ability|p2a: Calyrex|Grim Neigh|boost
|-boost|p2a: Calyrex|spa|1
|
|upkeep
|
|t:|1664557781
|switch|p1a: Ho-Oh|Ho-Oh|47/100 par
|turn|51
|
|t:|1664557784
|switch|p1a: Necrozma|Necrozma-Dusk-Mane|100/100
|-damage|p1a: Necrozma|94/100|[from] Stealth Rock
|move|p2a: Calyrex|Astral Barrage|p1a: Necrozma
|-supereffective|p1a: Necrozma
|-damage|p1a: Necrozma|0 fnt
|faint|p1a: Necrozma
|-ability|p2a: Calyrex|Grim Neigh|boost
|-boost|p2a: Calyrex|spa|1
|
|upkeep
|
|t:|1664557794
|switch|p1a: Ho-Oh|Ho-Oh|81/100 par
|turn|52
|c|☆Nael222|tu m'as donné une game qui était gagné pour toi dès le tour 1
|c|☆Nael222|c pas ma faute
|
|t:|1664557814
|move|p2a: Calyrex|Astral Barrage|p1a: Ho-Oh
|-damage|p1a: Ho-Oh|0 fnt
|faint|p1a: Ho-Oh
|-ability|p2a: Calyrex|Grim Neigh|boost
|-boost|p2a: Calyrex|spa|1
|
|upkeep
|c|☆Cute Strength|Mais j'tai pas donné mdrrr
|c|☆Nael222|si
|c|☆Nael222|ton caly
|c|☆Nael222|est censé prendre un kill à chaque fois qu'il vient
|c|☆Nael222|tu l'as hard sur un twave ndm
|c|☆Cute Strength|Mon Caly CT pas mon gameplan
|c|☆Nael222|après avoir kill yveltal ct pas ton gameplan ????
|c|☆Cute Strength|Bah j'pensais le morning psk le flame
|c|☆Nael222|bah jpeux rien pour toi
|c|☆Cute Strength|Et puis le twave
|c|☆Cute Strength|J'avais aroma
|c|☆Nael222|oui mais
|c|☆Nael222|tu as risqué ton caly
|c|☆Cute Strength|Sauf que tu m'a triple flinch
|c|☆Nael222|pour rien
|c|☆Nael222|para flinch c'est genre 1 chance sur 2
|c|☆Cute Strength|J'pensais pas au twave mdr
|c|☆Nael222|t'a pas à jouer avec les odds comme ça
|c|☆Nael222|quand t'a une game aussi facile
|c|☆Cute Strength|Oe ok mais ça change rien que t'es triple mdr
|c|☆Nael222|les odds sont en ma faveur
|c|☆Nael222|encore une fois
|c|☆Cute Strength|Oe 'fin bref
|c|☆Nael222|tu gagnais la game
|c|☆Nael222|sans forcer
|c|☆Nael222|yveltal mort = caly sweep
|c|☆Cute Strength|Justement jaime bien forcer psk sinon c'est trop simple
|c|☆Nael222|...
|c|☆Nael222|bref joue
|
|t:|1664558004
|switch|p1a: Eternatus|Eternatus|55/100
|-ability|p1a: Eternatus|Pressure
|turn|53
|
|t:|1664558010
|move|p2a: Calyrex|Astral Barrage|p1a: Eternatus
|-damage|p1a: Eternatus|0 fnt
|faint|p1a: Eternatus
|-ability|p2a: Calyrex|Grim Neigh|boost
|-boost|p2a: Calyrex|spa|1
|
|upkeep
|c|☆Cute Strength|Y'a plus grand chose à faire t'façon
|c|☆Nael222|j'espère t'es adamant phero
|
|t:|1664558021
|switch|p1a: Pheromosa|Pheromosa|63/100
|-damage|p1a: Pheromosa|51/100|[from] Stealth Rock
|turn|54
|
|t:|1664558024
|move|p2a: Calyrex|Draining Kiss|p1a: Pheromosa
|-supereffective|p1a: Pheromosa
|-damage|p1a: Pheromosa|0 fnt
|faint|p1a: Pheromosa
|
|win|Nael222
|c|☆Nael222|ok ça va
|c|☆Nael222|gg
