|j|☆lmel2.0
|j|☆Magikarp4000
|player|p1|lmel2.0|170|1508
|player|p2|Magikarp4000|elesa|1485
|teamsize|p1|6
|teamsize|p2|6
|gametype|singles
|gen|8
|tier|[Gen 8] Ubers
|rated|
|clearpoke
|poke|p1|Zacian-Crowned|
|poke|p1|Kyurem-Black|
|poke|p1|Reshiram|
|poke|p1|Necrozma-Dusk-Mane|
|poke|p1|Zamazenta|
|poke|p1|Eternatus|
|poke|p2|Dracovish|
|poke|p2|Marshadow|
|poke|p2|Charizard, F|
|poke|p2|Toxapex, M|
|poke|p2|Ferrothorn, F|
|poke|p2|Zacian-Crowned|
|rule|Sleep Clause Mod: Limit one foe put to sleep
|rule|Species Clause: Limit one of each Pokémon
|rule|OHKO Clause: OHKO moves are banned
|rule|Evasion Moves Clause: Evasion moves are banned
|rule|Endless Battle Clause: Forcing endless battles is banned
|rule|HP Percentage Mod: HP is shown in percentages
|html|Ubers Dynamax Clause: Pokémon on the <a href="https://www.smogon.com/dex/ss/formats/uber/">Ubers Dynamax Banlist</a> cannot Dynamax.
|teampreview
|c|☆Magikarp4000|glhf
|
|start
|switch|p1a: Necrozma|Necrozma-Dusk-Mane|100/100
|switch|p2a: Charizard|Charizard, F|100/100
|turn|1
|
|switch|p1a: Eternatus|Eternatus|100/100
|-ability|p1a: Eternatus|Pressure
|-start|p2a: Charizard|Dynamax
|-formechange|p2a: Charizard|Charizard-Gmax
|-heal|p2a: Charizard|100/100|[silent]
|move|p2a: Charizard|Max Airstream|p1a: Eternatus
|-damage|p1a: Eternatus|54/100
|-boost|p2a: Charizard|spe|1
|
|upkeep
|turn|2
|
|move|p1a: Eternatus|Dynamax Cannon|p2a: Charizard
|-damage|p2a: Charizard|17/100
|move|p2a: Charizard|Max Airstream|p1a: Eternatus
|-damage|p1a: Eternatus|5/100
|-boost|p2a: Charizard|spe|1
|
|upkeep
|turn|3
|
|move|p2a: Charizard|G-Max Wildfire|p1a: Eternatus
|-resisted|p1a: Eternatus
|-damage|p1a: Eternatus|0 fnt
|-sidestart|p1: lmel2.0|G-Max Wildfire
|faint|p1a: Eternatus
|
|-end|p2a: Charizard|Dynamax
|-formechange|p2a: Charizard|Charizard
|-heal|p2a: Charizard|17/100|[silent]
|upkeep
|
|switch|p1a: Zacian|Zacian-Crowned|100/100
|-ability|p1a: Zacian|Intrepid Sword|boost
|-boost|p1a: Zacian|atk|1
|turn|4
|
|move|p1a: Zacian|Quick Attack|p2a: Charizard
|-damage|p2a: Charizard|0 fnt
|faint|p2a: Charizard
|
|-damage|p1a: Zacian|84/100|[from] G-Max Wildfire
|upkeep
|inactive|Battle timer is ON: inactive players will automatically lose when time's up. (requested by lmel2.0)
|
|switch|p2a: Zacian|Zacian-Crowned|100/100
|-ability|p2a: Zacian|Intrepid Sword|boost
|-boost|p2a: Zacian|atk|1
|turn|5
|
|switch|p1a: Reshiram|Reshiram|100/100
|-ability|p1a: Reshiram|Turboblaze
|move|p2a: Zacian|Behemoth Blade|p1a: Reshiram
|-resisted|p1a: Reshiram
|-damage|p1a: Reshiram|50/100
|
|upkeep
|turn|6
|
|switch|p1a: Necrozma|Necrozma-Dusk-Mane|100/100
|move|p2a: Zacian|Psychic Fangs|p1a: Necrozma
|-resisted|p1a: Necrozma
|-damage|p1a: Necrozma|90/100
|
|-damage|p1a: Necrozma|74/100|[from] G-Max Wildfire
|-sideend|p1: lmel2.0|G-Max Wildfire
|upkeep
|turn|7
|
|switch|p2a: Ferrothorn|Ferrothorn, F|100/100
|move|p1a: Necrozma|Stealth Rock|p2a: Ferrothorn
|-sidestart|p2: Magikarp4000|move: Stealth Rock
|
|upkeep
|turn|8
|
|move|p1a: Necrozma|Heat Wave|p2a: Ferrothorn
|-supereffective|p2a: Ferrothorn
|-damage|p2a: Ferrothorn|10/100
|-status|p2a: Ferrothorn|brn
|move|p2a: Ferrothorn|Stealth Rock|p1a: Necrozma
|-sidestart|p1: lmel2.0|move: Stealth Rock
|
|-damage|p2a: Ferrothorn|4/100 brn|[from] brn
|upkeep
|turn|9
|
|move|p1a: Necrozma|Photon Geyser|p2a: Ferrothorn
|-resisted|p2a: Ferrothorn
|-damage|p2a: Ferrothorn|0 fnt
|faint|p2a: Ferrothorn
|
|upkeep
|
|switch|p2a: Dracovish|Dracovish|100/100
|-damage|p2a: Dracovish|88/100|[from] Stealth Rock
|turn|10
|
|switch|p1a: Reshiram|Reshiram|50/100
|-damage|p1a: Reshiram|26/100|[from] Stealth Rock
|-ability|p1a: Reshiram|Turboblaze
|move|p2a: Dracovish|Fishious Rend|p1a: Reshiram
|-damage|p1a: Reshiram|0 fnt
|faint|p1a: Reshiram
|
|upkeep
|
|switch|p1a: Kyurem|Kyurem-Black|100/100
|-damage|p1a: Kyurem|76/100|[from] Stealth Rock
|-ability|p1a: Kyurem|Teravolt
|turn|11
|
|move|p2a: Dracovish|Fishious Rend|p1a: Kyurem
|-resisted|p1a: Kyurem
|-damage|p1a: Kyurem|47/100
|move|p1a: Kyurem|Dragon Dance|p1a: Kyurem
|-boost|p1a: Kyurem|atk|1
|-boost|p1a: Kyurem|spe|1
|
|upkeep
|turn|12
|
|switch|p2a: Toxapex|Toxapex, M|100/100
|-damage|p2a: Toxapex|88/100|[from] Stealth Rock
|move|p1a: Kyurem|Dragon Dance|p1a: Kyurem
|-boost|p1a: Kyurem|atk|1
|-boost|p1a: Kyurem|spe|1
|
|-heal|p2a: Toxapex|94/100|[from] item: Black Sludge
|upkeep
|turn|13
|
|-start|p1a: Kyurem|Dynamax
|-heal|p1a: Kyurem|47/100|[silent]
|move|p2a: Toxapex|Baneful Bunker|p2a: Toxapex
|-singleturn|p2a: Toxapex|move: Protect
|move|p1a: Kyurem|Max Lightning|p2a: Toxapex
|-supereffective|p2a: Toxapex
|-zbroken|p2a: Toxapex
|-damage|p2a: Toxapex|60/100
|-fieldstart|move: Electric Terrain
|
|-heal|p2a: Toxapex|66/100|[from] item: Black Sludge
|upkeep
|turn|14
|inactive|Magikarp4000 has 120 seconds left.
|inactive|Magikarp4000 has 90 seconds left.
|
|move|p1a: Kyurem|Max Lightning|p2a: Toxapex
|-supereffective|p2a: Toxapex
|-damage|p2a: Toxapex|0 fnt
|faint|p2a: Toxapex
|
|upkeep
|
|switch|p2a: Zacian|Zacian-Crowned|100/100
|-damage|p2a: Zacian|94/100|[from] Stealth Rock
|-ability|p2a: Zacian|Intrepid Sword|boost
|-boost|p2a: Zacian|atk|1
|turn|15
|
|move|p1a: Kyurem|Max Lightning|p2a: Zacian
|-damage|p2a: Zacian|0 fnt
|faint|p2a: Zacian
|
|-end|p1a: Kyurem|Dynamax
|-heal|p1a: Kyurem|47/100|[silent]
|upkeep
|inactive|Magikarp4000 has 90 seconds left.
|
|switch|p2a: Marshadow|Marshadow|100/100
|-damage|p2a: Marshadow|94/100|[from] Stealth Rock
|turn|16
|
|move|p2a: Marshadow|Spectral Thief||[still]
|-clearpositiveboost|p1a: Kyurem|p2a: Marshadow|move: Spectral Thief
|-boost|p2a: Marshadow|atk|2
|-boost|p2a: Marshadow|spe|2
|-anim|p2a: Marshadow|Spectral Thief|p1a: Kyurem
|-damage|p1a: Kyurem|0 fnt
|faint|p1a: Kyurem
|
|upkeep
|
|switch|p1a: Zamazenta|Zamazenta|100/100
|-damage|p1a: Zamazenta|94/100|[from] Stealth Rock
|-ability|p1a: Zamazenta|Dauntless Shield|boost
|-boost|p1a: Zamazenta|def|1
|turn|17
|
|move|p2a: Marshadow|Spectral Thief||[still]
|-clearpositiveboost|p1a: Zamazenta|p2a: Marshadow|move: Spectral Thief
|-boost|p2a: Marshadow|def|1
|-anim|p2a: Marshadow|Spectral Thief|p1a: Zamazenta
|-damage|p1a: Zamazenta|9/100
|move|p1a: Zamazenta|Psychic Fangs|p2a: Marshadow
|-supereffective|p2a: Marshadow
|-damage|p2a: Marshadow|48/100
|
|-fieldend|move: Electric Terrain
|upkeep
|turn|18
|
|move|p2a: Marshadow|Spectral Thief|p1a: Zamazenta
|-damage|p1a: Zamazenta|0 fnt
|faint|p1a: Zamazenta
|
|upkeep
|
|switch|p1a: Necrozma|Necrozma-Dusk-Mane|74/100
|-damage|p1a: Necrozma|68/100|[from] Stealth Rock
|turn|19
|
|move|p2a: Marshadow|Spectral Thief|p1a: Necrozma
|-supereffective|p1a: Necrozma
|-damage|p1a: Necrozma|0 fnt
|faint|p1a: Necrozma
|
|upkeep
|
|switch|p1a: Zacian|Zacian-Crowned|84/100
|-damage|p1a: Zacian|78/100|[from] Stealth Rock
|-ability|p1a: Zacian|Intrepid Sword|boost
|-boost|p1a: Zacian|atk|1
|turn|20
|c|☆Magikarp4000|bruhh
|
|move|p2a: Marshadow|Spectral Thief||[still]
|-clearpositiveboost|p1a: Zacian|p2a: Marshadow|move: Spectral Thief
|-boost|p2a: Marshadow|atk|1
|-anim|p2a: Marshadow|Spectral Thief|p1a: Zacian
|-damage|p1a: Zacian|0 fnt
|faint|p1a: Zacian
|
|win|Magikarp4000
|c|☆Magikarp4000|ggwp
|raw|lmel2.0's rating: 1508 &rarr; <strong>1486</strong><br />(-22 for losing)
|raw|Magikarp4000's rating: 1485 &rarr; <strong>1507</strong><br />(+22 for winning)
|c|☆lmel2.0|fuck
|c|☆lmel2.0|scarfed
|c|☆lmel2.0|n\balls
|l|☆lmel2.0
|c|☆Magikarp4000|scarf marsh=Op
|c|☆Magikarp4000|xdddd
|c|☆Magikarp4000|this dude
