|j|☆cxcould
|j|☆ubyboobu
|t:|1646490153
|gametype|singles
|player|p1|cxcould|dawn|1667
|player|p2|ubyboobu|265|1621
|teamsize|p1|6
|teamsize|p2|6
|gen|8
|tier|[Gen 8] Ubers
|rated|
|rule|Sleep Clause Mod: Limit one foe put to sleep
|rule|Species Clause: Limit one of each Pokémon
|rule|OHKO Clause: OHKO moves are banned
|rule|Evasion Moves Clause: Evasion moves are banned
|rule|Endless Battle Clause: Forcing endless battles is banned
|rule|HP Percentage Mod: HP is shown in percentages
|rule|Dynamax Clause: You cannot dynamax
|clearpoke
|poke|p1|Xerneas-*|
|poke|p1|Kyogre|
|poke|p1|Eternatus|
|poke|p1|Yveltal|
|poke|p1|Necrozma-Dusk-Mane|
|poke|p1|Dugtrio, M|
|poke|p2|Darmanitan-Galar, F|
|poke|p2|Xerneas-*|
|poke|p2|Magnezone|
|poke|p2|Eternatus|
|poke|p2|Necrozma-Dusk-Mane|
|poke|p2|Yveltal|
|teampreview
|inactive|Battle timer is ON: inactive players will automatically lose when time's up. (requested by cxcould)
|inactive|ubyboobu also wants the timer to be on.
|inactive|ubyboobu has 120 seconds left.
|c|☆ubyboobu|mb cats fighting gotta check
|inactive|ubyboobu has 90 seconds left.
|
|t:|1646490251
|start
|switch|p1a: Kyogre|Kyogre|100/100
|switch|p2a: Magnezone|Magnezone|100/100
|-weather|RainDance|[from] ability: Drizzle|[of] p1a: Kyogre
|-item|p2a: Magnezone|Air Balloon
|turn|1
|
|t:|1646490257
|switch|p2a: Eternatus|Eternatus|100/100
|-ability|p2a: Eternatus|Pressure
|move|p1a: Kyogre|Water Spout|p2a: Eternatus
|-resisted|p2a: Eternatus
|-damage|p2a: Eternatus|62/100
|
|-weather|RainDance|[upkeep]
|upkeep
|turn|2
|
|t:|1646490263
|move|p1a: Kyogre|Water Spout|p2a: Eternatus
|-resisted|p2a: Eternatus
|-damage|p2a: Eternatus|22/100
|move|p2a: Eternatus|Recover|p2a: Eternatus
|-heal|p2a: Eternatus|72/100
|
|-weather|RainDance|[upkeep]
|upkeep
|turn|3
|
|t:|1646490279
|switch|p1a: Necrozma|Necrozma-Dusk-Mane|100/100
|switch|p2a: Darmanitan|Darmanitan-Galar, F|100/100
|
|-weather|RainDance|[upkeep]
|upkeep
|turn|4
|
|t:|1646490287
|move|p2a: Darmanitan|U-turn|p1a: Necrozma
|-damage|p1a: Necrozma|72/100
|
|t:|1646490290
|switch|p2a: Necrozma|Necrozma-Dusk-Mane|100/100|[from]move: U-turn
|move|p1a: Necrozma|Iron Head|p2a: Necrozma
|-resisted|p2a: Necrozma
|-damage|p2a: Necrozma|86/100
|
|-weather|RainDance|[upkeep]
|-heal|p2a: Necrozma|92/100|[from] item: Leftovers
|upkeep
|turn|5
|
|t:|1646490295
|move|p2a: Necrozma|Stealth Rock|p1a: Necrozma
|-sidestart|p1: cxcould|move: Stealth Rock
|move|p1a: Necrozma|Stealth Rock|p2a: Necrozma
|-sidestart|p2: ubyboobu|move: Stealth Rock
|
|-weather|none
|-heal|p2a: Necrozma|98/100|[from] item: Leftovers
|upkeep
|turn|6
|
|t:|1646490300
|switch|p2a: Magnezone|Magnezone|100/100
|-damage|p2a: Magnezone|94/100|[from] Stealth Rock
|-item|p2a: Magnezone|Air Balloon
|move|p1a: Necrozma|Thunder Wave|p2a: Magnezone
|-immune|p2a: Magnezone
|
|upkeep
|turn|7
|
|t:|1646490308
|switch|p1a: Eternatus|Eternatus|100/100
|-damage|p1a: Eternatus|88/100|[from] Stealth Rock
|-ability|p1a: Eternatus|Pressure
|move|p2a: Magnezone|Iron Defense|p2a: Magnezone
|-boost|p2a: Magnezone|def|2
|
|upkeep
|turn|8
|c|☆ubyboobu|wut
|c|☆ubyboobu|u have shed shell or sum shit?
|inactive|ubyboobu has 120 seconds left.
|
|t:|1646490342
|move|p1a: Eternatus|Draco Meteor|p2a: Magnezone|[miss]
|-miss|p1a: Eternatus|p2a: Magnezone
|move|p2a: Magnezone|Thunder Wave|p1a: Eternatus
|-status|p1a: Eternatus|par
|
|upkeep
|turn|9
|inactive|ubyboobu has 120 seconds left.
|
|t:|1646490354
|switch|p2a: Necrozma|Necrozma-Dusk-Mane|98/100
|-damage|p2a: Necrozma|92/100|[from] Stealth Rock
|cant|p1a: Eternatus|par
|
|-heal|p2a: Necrozma|98/100|[from] item: Leftovers
|upkeep
|turn|10
|
|t:|1646490359
|move|p2a: Necrozma|Knock Off|p1a: Eternatus
|-damage|p1a: Eternatus|65/100 par
|-enditem|p1a: Eternatus|Eject Pack|[from] move: Knock Off|[of] p2a: Necrozma
|cant|p1a: Eternatus|par
|
|-heal|p2a: Necrozma|100/100|[from] item: Leftovers
|upkeep
|turn|11
|
|t:|1646490367
|move|p2a: Necrozma|Sunsteel Strike|p1a: Eternatus
|-damage|p1a: Eternatus|27/100 par
|move|p1a: Eternatus|Recover|p1a: Eternatus
|-heal|p1a: Eternatus|77/100 par
|
|upkeep
|turn|12
|
|t:|1646490375
|move|p2a: Necrozma|Knock Off|p1a: Eternatus
|-damage|p1a: Eternatus|60/100 par
|cant|p1a: Eternatus|par
|
|upkeep
|turn|13
|
|t:|1646490385
|switch|p2a: Xerneas|Xerneas|100/100
|-damage|p2a: Xerneas|88/100|[from] Stealth Rock
|-ability|p2a: Xerneas|Fairy Aura
|cant|p1a: Eternatus|par
|
|upkeep
|turn|14
|
|t:|1646490400
|switch|p1a: Necrozma|Necrozma-Dusk-Mane|72/100
|-damage|p1a: Necrozma|66/100|[from] Stealth Rock
|move|p2a: Xerneas|Moonblast|p1a: Necrozma
|-resisted|p1a: Necrozma
|-damage|p1a: Necrozma|47/100
|
|upkeep
|turn|15
|
|t:|1646490408
|switch|p2a: Magnezone|Magnezone|94/100
|-damage|p2a: Magnezone|88/100|[from] Stealth Rock
|-item|p2a: Magnezone|Air Balloon
|move|p1a: Necrozma|Moonlight|p1a: Necrozma
|-heal|p1a: Necrozma|97/100
|
|upkeep
|turn|16
|
|t:|1646490416
|switch|p1a: Eternatus|Eternatus|60/100 par
|-damage|p1a: Eternatus|47/100 par|[from] Stealth Rock
|-ability|p1a: Eternatus|Pressure
|move|p2a: Magnezone|Magnet Rise|p2a: Magnezone
|-start|p2a: Magnezone|Magnet Rise
|
|upkeep
|turn|17
|c|☆ubyboobu|ok
|c|☆ubyboobu|i thought i was tripping the first time now im sure
|
|t:|1646490440
|switch|p2a: Darmanitan|Darmanitan-Galar, F|100/100
|-damage|p2a: Darmanitan|76/100|[from] Stealth Rock
|move|p1a: Eternatus|Recover|p1a: Eternatus
|-heal|p1a: Eternatus|97/100 par
|
|upkeep
|turn|18
|
|t:|1646490446
|move|p2a: Darmanitan|Flare Blitz|p1a: Eternatus
|-resisted|p1a: Eternatus
|-damage|p1a: Eternatus|71/100 par
|-damage|p2a: Darmanitan|64/100|[from] Recoil
|move|p1a: Eternatus|Draco Meteor|p2a: Darmanitan
|-damage|p2a: Darmanitan|0 fnt
|-unboost|p1a: Eternatus|spa|2
|faint|p2a: Darmanitan
|
|upkeep
|
|t:|1646490452
|switch|p2a: Eternatus|Eternatus|72/100
|-damage|p2a: Eternatus|60/100|[from] Stealth Rock
|-ability|p2a: Eternatus|Pressure
|turn|19
|
|t:|1646490457
|move|p2a: Eternatus|Draco Meteor|p1a: Eternatus
|-supereffective|p1a: Eternatus
|-damage|p1a: Eternatus|0 fnt
|-unboost|p2a: Eternatus|spa|2
|-enditem|p2a: Eternatus|Eject Pack
|faint|p1a: Eternatus
|
|t:|1646490480
|switch|p2a: Magnezone|Magnezone|88/100
|-damage|p2a: Magnezone|82/100|[from] Stealth Rock
|-item|p2a: Magnezone|Air Balloon
|
|upkeep
|
|t:|1646490491
|switch|p1a: Kyogre|Kyogre|100/100
|-damage|p1a: Kyogre|88/100|[from] Stealth Rock
|-weather|RainDance|[from] ability: Drizzle|[of] p1a: Kyogre
|turn|20
|
|t:|1646490499
|move|p1a: Kyogre|Water Spout|p2a: Magnezone
|-damage|p2a: Magnezone|0 fnt
|-enditem|p2a: Magnezone|Air Balloon
|faint|p2a: Magnezone
|
|-weather|RainDance|[upkeep]
|upkeep
|
|t:|1646490503
|switch|p2a: Eternatus|Eternatus|60/100
|-damage|p2a: Eternatus|47/100|[from] Stealth Rock
|-ability|p2a: Eternatus|Pressure
|turn|21
|
|t:|1646490507
|switch|p1a: Dugtrio|Dugtrio, M|100/100
|-damage|p1a: Dugtrio|94/100|[from] Stealth Rock
|move|p2a: Eternatus|Recover|p2a: Eternatus
|-heal|p2a: Eternatus|97/100
|
|-weather|RainDance|[upkeep]
|upkeep
|turn|22
|
|t:|1646490519
|move|p2a: Eternatus|Draco Meteor|p1a: Dugtrio
|-damage|p1a: Dugtrio|0 fnt
|-unboost|p2a: Eternatus|spa|2
|faint|p1a: Dugtrio
|
|-weather|RainDance|[upkeep]
|upkeep
|
|t:|1646490540
|switch|p1a: Necrozma|Necrozma-Dusk-Mane|97/100
|-damage|p1a: Necrozma|91/100|[from] Stealth Rock
|turn|23
|
|t:|1646490554
|switch|p2a: Yveltal|Yveltal|100/100
|-ability|p2a: Yveltal|Dark Aura
|move|p1a: Necrozma|Thunder Wave|p2a: Yveltal
|-status|p2a: Yveltal|par
|
|-weather|RainDance|[upkeep]
|upkeep
|turn|24
|
|t:|1646490565
|move|p1a: Necrozma|Iron Head|p2a: Yveltal
|-damage|p2a: Yveltal|68/100 par
|move|p2a: Yveltal|U-turn|p1a: Necrozma
|-damage|p1a: Necrozma|75/100
|inactive|ubyboobu has 120 seconds left.
|
|t:|1646490597
|switch|p2a: Necrozma|Necrozma-Dusk-Mane|100/100|[from]move: U-turn
|-damage|p2a: Necrozma|94/100|[from] Stealth Rock
|
|-weather|none
|-heal|p2a: Necrozma|100/100|[from] item: Leftovers
|upkeep
|turn|25
|inactive|ubyboobu has 120 seconds left.
|
|t:|1646490603
|move|p2a: Necrozma|Knock Off|p1a: Necrozma
|-supereffective|p1a: Necrozma
|-damage|p1a: Necrozma|38/100
|-enditem|p1a: Necrozma|Shed Shell|[from] move: Knock Off|[of] p2a: Necrozma
|move|p1a: Necrozma|Thunder Wave|p2a: Necrozma
|-status|p2a: Necrozma|par
|
|upkeep
|turn|26
|inactive|ubyboobu has 120 seconds left.
|
|t:|1646490613
|move|p1a: Necrozma|Moonlight|p1a: Necrozma
|-heal|p1a: Necrozma|88/100
|move|p2a: Necrozma|Knock Off|p1a: Necrozma
|-supereffective|p1a: Necrozma
|-damage|p1a: Necrozma|65/100
|
|upkeep
|turn|27
|
|t:|1646490622
|move|p1a: Necrozma|Iron Head|p2a: Necrozma
|-resisted|p2a: Necrozma
|-damage|p2a: Necrozma|85/100 par
|cant|p2a: Necrozma|flinch
|
|-heal|p2a: Necrozma|91/100 par|[from] item: Leftovers
|upkeep
|turn|28
|
|t:|1646490626
|move|p1a: Necrozma|Moonlight|p1a: Necrozma
|-heal|p1a: Necrozma|100/100
|move|p2a: Necrozma|Knock Off|p1a: Necrozma
|-supereffective|p1a: Necrozma
|-damage|p1a: Necrozma|78/100
|
|-heal|p2a: Necrozma|97/100 par|[from] item: Leftovers
|upkeep
|turn|29
|
|t:|1646490633
|switch|p1a: Yveltal|Yveltal|100/100
|-ability|p1a: Yveltal|Dark Aura
|cant|p2a: Necrozma|par
|
|-heal|p2a: Necrozma|100/100 par|[from] item: Leftovers
|upkeep
|turn|30
|
|t:|1646490647
|move|p1a: Yveltal|Foul Play|p2a: Necrozma
|-supereffective|p2a: Necrozma
|-damage|p2a: Necrozma|35/100 par
|move|p2a: Necrozma|Knock Off|p1a: Yveltal
|-resisted|p1a: Yveltal
|-crit|p1a: Yveltal
|-damage|p1a: Yveltal|74/100
|-enditem|p1a: Yveltal|Heavy-Duty Boots|[from] move: Knock Off|[of] p2a: Necrozma
|
|-heal|p2a: Necrozma|41/100 par|[from] item: Leftovers
|upkeep
|turn|31
|
|t:|1646490655
|switch|p2a: Yveltal|Yveltal|68/100 par
|-ability|p2a: Yveltal|Dark Aura
|move|p1a: Yveltal|U-turn|p2a: Yveltal
|-damage|p2a: Yveltal|53/100 par
|
|t:|1646490661
|switch|p1a: Xerneas|Xerneas|100/100|[from]move: U-turn
|-damage|p1a: Xerneas|88/100|[from] Stealth Rock
|-ability|p1a: Xerneas|Fairy Aura
|
|upkeep
|turn|32
|
|t:|1646490670
|move|p1a: Xerneas|Geomancy||[still]
|-prepare|p1a: Xerneas|Geomancy
|-enditem|p1a: Xerneas|Power Herb
|-anim|p1a: Xerneas|Geomancy|p1a: Xerneas
|-boost|p1a: Xerneas|spa|2
|-boost|p1a: Xerneas|spd|2
|-boost|p1a: Xerneas|spe|2
|move|p2a: Yveltal|U-turn|p1a: Xerneas
|-resisted|p1a: Xerneas
|-damage|p1a: Xerneas|79/100
|
|t:|1646490678
|switch|p2a: Eternatus|Eternatus|97/100|[from]move: U-turn
|-damage|p2a: Eternatus|85/100|[from] Stealth Rock
|-ability|p2a: Eternatus|Pressure
|
|upkeep
|turn|33
|
|t:|1646490684
|move|p1a: Xerneas|Moonblast|p2a: Eternatus
|-damage|p2a: Eternatus|7/100
|move|p2a: Eternatus|Sludge Bomb|p1a: Xerneas
|-supereffective|p1a: Xerneas
|-damage|p1a: Xerneas|42/100
|
|upkeep
|turn|34
|
|t:|1646490692
|move|p1a: Xerneas|Draining Kiss|p2a: Eternatus
|-damage|p2a: Eternatus|0 fnt
|-heal|p1a: Xerneas|47/100|[from] drain|[of] p2a: Eternatus
|faint|p2a: Eternatus
|
|upkeep
|c|☆ubyboobu|gg
|-message|ubyboobu forfeited.
|
|win|cxcould
|raw|cxcould's rating: 1667 &rarr; <strong>1684</strong><br />(+17 for winning)
|raw|ubyboobu's rating: 1621 &rarr; <strong>1604</strong><br />(-17 for losing)
||Ladder isn't responding, score probably updated but might not have (Request timeout).
