|j|☆I Crit My Panties
|j|☆ur9interesting
|t:|1604886139
|player|p1|I Crit My Panties|265|1447
|player|p2|ur9interesting|richboy|1374
|teamsize|p1|6
|teamsize|p2|6
|gametype|singles
|gen|8
|tier|[Gen 8] Ubers
|rated|
|clearpoke
|poke|p1|Calyrex-Shadow|
|poke|p1|Yveltal|
|poke|p1|Ho-Oh|
|poke|p1|Zygarde|
|poke|p1|Eternatus|
|poke|p1|Necrozma-Dusk-Mane|
|poke|p2|Yveltal|
|poke|p2|Eternatus|
|poke|p2|Ferrothorn, M|
|poke|p2|Necrozma-Dusk-Mane|
|poke|p2|Zygarde|
|poke|p2|Calyrex-Shadow|
|rule|Sleep Clause Mod: Limit one foe put to sleep
|rule|Species Clause: Limit one of each Pokémon
|rule|OHKO Clause: OHKO moves are banned
|rule|Evasion Moves Clause: Evasion moves are banned
|rule|Endless Battle Clause: Forcing endless battles is banned
|rule|HP Percentage Mod: HP is shown in percentages
|teampreview
|
|t:|1604886156
|start
|switch|p1a: Ho-Oh|Ho-Oh|100/100
|switch|p2a: Eternatus|Eternatus|100/100
|-ability|p2a: Eternatus|Pressure
|turn|1
|
|t:|1604886160
|move|p2a: Eternatus|Toxic Spikes|p1a: Ho-Oh
|-sidestart|p1: I Crit My Panties|move: Toxic Spikes
|move|p1a: Ho-Oh|Earthquake|p2a: Eternatus
|-supereffective|p2a: Eternatus
|-damage|p2a: Eternatus|10/100
|
|-heal|p2a: Eternatus|17/100|[from] item: Black Sludge
|upkeep
|turn|2
|
|t:|1604886170
|switch|p2a: Yveltal|Yveltal|100/100
|-ability|p2a: Yveltal|Dark Aura
|-start|p1a: Ho-Oh|Dynamax
|-heal|p1a: Ho-Oh|100/100|[silent]
|move|p1a: Ho-Oh|Max Airstream|p2a: Yveltal
|-damage|p2a: Yveltal|37/100
|-boost|p1a: Ho-Oh|spe|1
|
|upkeep
|turn|3
|
|t:|1604886189
|move|p1a: Ho-Oh|Max Flare|p2a: Yveltal
|-damage|p2a: Yveltal|0 fnt
|-weather|SunnyDay
|faint|p2a: Yveltal
|
|-weather|SunnyDay|[upkeep]
|upkeep
|
|t:|1604886198
|switch|p2a: Calyrex|Calyrex-Shadow|100/100
|-ability|p2a: Calyrex|As One
|-ability|p2a: Calyrex|Unnerve|p1: I Crit My Panties
|turn|4
|
|t:|1604886202
|-start|p2a: Calyrex|Dynamax
|-heal|p2a: Calyrex|100/100|[silent]
|move|p2a: Calyrex|Max Guard|p2a: Calyrex
|-singleturn|p2a: Calyrex|Max Guard
|move|p1a: Ho-Oh|Max Airstream|p2a: Calyrex
|-activate|p2a: Calyrex|move: Max Guard
|
|-weather|SunnyDay|[upkeep]
|-end|p1a: Ho-Oh|Dynamax
|-heal|p1a: Ho-Oh|100/100|[silent]
|upkeep
|turn|5
|
|t:|1604886208
|switch|p1a: Yveltal|Yveltal|100/100
|-ability|p1a: Yveltal|Dark Aura
|move|p2a: Calyrex|Max Mindstorm|p1a: Yveltal
|-immune|p1a: Yveltal
|
|-weather|SunnyDay|[upkeep]
|upkeep
|turn|6
|
|t:|1604886218
|-end|p2a: Calyrex|Dynamax
|-heal|p2a: Calyrex|100/100|[silent]
|switch|p2a: Ferrothorn|Ferrothorn, M|100/100
|move|p1a: Yveltal|Sucker Punch||[still]
|-fail|p1a: Yveltal
|
|-weather|SunnyDay|[upkeep]
|upkeep
|turn|7
|
|t:|1604886226
|move|p1a: Yveltal|Defog|p2a: Ferrothorn
|-unboost|p2a: Ferrothorn|evasion|1
|-sideend|p1: I Crit My Panties|Toxic Spikes|[from] move: Defog|[of] p1a: Yveltal
|move|p2a: Ferrothorn|Leech Seed|p1a: Yveltal
|-start|p1a: Yveltal|move: Leech Seed
|
|-weather|none
|-damage|p1a: Yveltal|88/100|[from] Leech Seed|[of] p2a: Ferrothorn
|upkeep
|turn|8
|
|t:|1604886228
|switch|p1a: Ho-Oh|Ho-Oh|100/100
|move|p2a: Ferrothorn|Spikes|p1a: Ho-Oh
|-sidestart|p1: I Crit My Panties|Spikes
|
|upkeep
|turn|9
|
|t:|1604886234
|move|p2a: Ferrothorn|Protect|p2a: Ferrothorn
|-singleturn|p2a: Ferrothorn|Protect
|move|p1a: Ho-Oh|Sacred Fire|p2a: Ferrothorn
|-activate|p2a: Ferrothorn|move: Protect
|
|upkeep
|turn|10
|
|t:|1604886241
|switch|p2a: Zygarde|Zygarde|100/100
|move|p1a: Ho-Oh|Sacred Fire|p2a: Zygarde|[miss]
|-miss|p1a: Ho-Oh|p2a: Zygarde
|
|upkeep
|turn|11
|
|t:|1604886249
|switch|p2a: Eternatus|Eternatus|17/100
|-ability|p2a: Eternatus|Pressure
|move|p1a: Ho-Oh|Sacred Fire|p2a: Eternatus
|-resisted|p2a: Eternatus
|-damage|p2a: Eternatus|0 fnt
|faint|p2a: Eternatus
|
|upkeep
|
|t:|1604886263
|switch|p2a: Zygarde|Zygarde|100/100
|turn|12
|
|t:|1604886267
|move|p2a: Zygarde|Substitute|p2a: Zygarde
|-start|p2a: Zygarde|Substitute
|-damage|p2a: Zygarde|76/100
|move|p1a: Ho-Oh|Sacred Fire|p2a: Zygarde|[miss]
|-miss|p1a: Ho-Oh|p2a: Zygarde
|
|-heal|p2a: Zygarde|82/100|[from] item: Leftovers
|upkeep
|turn|13
|
|t:|1604886275
|switch|p1a: Eternatus|Eternatus|100/100
|-damage|p1a: Eternatus|88/100|[from] Spikes
|-ability|p1a: Eternatus|Pressure
|move|p2a: Zygarde|Coil|p2a: Zygarde
|-boost|p2a: Zygarde|atk|1
|-boost|p2a: Zygarde|def|1
|-boost|p2a: Zygarde|accuracy|1
|
|-heal|p1a: Eternatus|94/100|[from] item: Black Sludge
|-heal|p2a: Zygarde|88/100|[from] item: Leftovers
|upkeep
|turn|14
|
|t:|1604886278
|move|p1a: Eternatus|Dynamax Cannon|p2a: Zygarde
|-supereffective|p2a: Zygarde
|-end|p2a: Zygarde|Substitute
|move|p2a: Zygarde|Thousand Arrows|p1a: Eternatus
|-supereffective|p1a: Eternatus
|-damage|p1a: Eternatus|0 fnt
|faint|p1a: Eternatus
|
|-heal|p2a: Zygarde|94/100|[from] item: Leftovers
|upkeep
|
|t:|1604886287
|switch|p1a: Calyrex|Calyrex-Shadow|100/100
|-ability|p1a: Calyrex|As One
|-ability|p1a: Calyrex|Unnerve|p2: ur9interesting
|-damage|p1a: Calyrex|88/100|[from] Spikes
|turn|15
|
|t:|1604886295
|move|p1a: Calyrex|Trick|p2a: Zygarde
|-activate|p1a: Calyrex|move: Trick|[of] p2a: Zygarde
|-item|p2a: Zygarde|Choice Specs|[from] move: Trick
|-item|p1a: Calyrex|Leftovers|[from] move: Trick
|move|p2a: Zygarde|Thousand Arrows|p1a: Calyrex
|-damage|p1a: Calyrex|10/100
|
|-heal|p1a: Calyrex|16/100|[from] item: Leftovers
|upkeep
|turn|16
|
|t:|1604886302
|move|p1a: Calyrex|Astral Barrage|p2a: Zygarde
|-damage|p2a: Zygarde|27/100
|move|p2a: Zygarde|Thousand Arrows|p1a: Calyrex
|-damage|p1a: Calyrex|0 fnt
|faint|p1a: Calyrex
|
|-activate|p2a: Zygarde|ability: Power Construct
|detailschange|p2a: Zygarde|Zygarde-Complete
|-heal|p2a: Zygarde|52/100|[silent]
|upkeep
|
|t:|1604886309
|switch|p1a: Zygarde|Zygarde|100/100
|-damage|p1a: Zygarde|88/100|[from] Spikes
|turn|17
|
|t:|1604886312
|move|p1a: Zygarde|Glare|p2a: Zygarde
|-status|p2a: Zygarde|par
|move|p2a: Zygarde|Thousand Arrows|p1a: Zygarde
|-damage|p1a: Zygarde|43/100
|
|-heal|p1a: Zygarde|49/100|[from] item: Leftovers
|-activate|p1a: Zygarde|ability: Power Construct
|detailschange|p1a: Zygarde|Zygarde-Complete
|-heal|p1a: Zygarde|68/100|[silent]
|upkeep
|turn|18
|
|t:|1604886317
|move|p1a: Zygarde|Dragon Dance|p1a: Zygarde
|-boost|p1a: Zygarde|atk|1
|-boost|p1a: Zygarde|spe|1
|move|p2a: Zygarde|Thousand Arrows|p1a: Zygarde
|-damage|p1a: Zygarde|40/100
|
|-heal|p1a: Zygarde|46/100|[from] item: Leftovers
|upkeep
|turn|19
|
|t:|1604886320
|move|p1a: Zygarde|Thousand Arrows|p2a: Zygarde
|-damage|p2a: Zygarde|34/100 par
|move|p2a: Zygarde|Thousand Arrows|p1a: Zygarde
|-damage|p1a: Zygarde|18/100
|
|-heal|p1a: Zygarde|24/100|[from] item: Leftovers
|upkeep
|turn|20
|
|t:|1604886323
|move|p1a: Zygarde|Thousand Arrows|p2a: Zygarde
|-damage|p2a: Zygarde|15/100 par
|cant|p2a: Zygarde|par
|
|-heal|p1a: Zygarde|31/100|[from] item: Leftovers
|upkeep
|turn|21
|
|t:|1604886327
|move|p1a: Zygarde|Thousand Arrows|p2a: Zygarde
|-damage|p2a: Zygarde|0 fnt
|faint|p2a: Zygarde
|
|-heal|p1a: Zygarde|37/100|[from] item: Leftovers
|upkeep
|
|t:|1604886332
|switch|p2a: Calyrex|Calyrex-Shadow|100/100
|-ability|p2a: Calyrex|As One
|-ability|p2a: Calyrex|Unnerve|p1: I Crit My Panties
|turn|22
|
|t:|1604886336
|move|p2a: Calyrex|Astral Barrage|p1a: Zygarde
|-damage|p1a: Zygarde|0 fnt
|faint|p1a: Zygarde
|-ability|p2a: Calyrex|Grim Neigh|boost
|-boost|p2a: Calyrex|spa|1
|
|upkeep
|
|t:|1604886340
|switch|p1a: Yveltal|Yveltal|88/100
|-ability|p1a: Yveltal|Dark Aura
|turn|23
|
|t:|1604886362
|switch|p2a: Ferrothorn|Ferrothorn, M|100/100
|move|p1a: Yveltal|Knock Off|p2a: Ferrothorn
|-damage|p2a: Ferrothorn|68/100
|-damage|p1a: Yveltal|76/100|[from] ability: Iron Barbs|[of] p2a: Ferrothorn
|-enditem|p2a: Ferrothorn|Leftovers|[from] move: Knock Off|[of] p1a: Yveltal
|
|upkeep
|turn|24
|
|t:|1604886367
|switch|p1a: Ho-Oh|Ho-Oh|100/100
|move|p2a: Ferrothorn|Leech Seed|p1a: Ho-Oh|[miss]
|-miss|p2a: Ferrothorn|p1a: Ho-Oh
|
|upkeep
|turn|25
|
|t:|1604886370
|move|p2a: Ferrothorn|Protect|p2a: Ferrothorn
|-singleturn|p2a: Ferrothorn|Protect
|move|p1a: Ho-Oh|Sacred Fire|p2a: Ferrothorn
|-activate|p2a: Ferrothorn|move: Protect
|
|upkeep
|turn|26
|
|t:|1604886376
|switch|p2a: Necrozma|Necrozma-Dusk-Mane|100/100
|move|p1a: Ho-Oh|Sacred Fire|p2a: Necrozma
|-supereffective|p2a: Necrozma
|-damage|p2a: Necrozma|32/100
|
|-heal|p2a: Necrozma|38/100|[from] item: Leftovers
|upkeep
|turn|27
|
|t:|1604886386
|switch|p1a: Necrozma|Necrozma-Dusk-Mane|100/100
|-damage|p1a: Necrozma|88/100|[from] Spikes
|move|p2a: Necrozma|Toxic|p1a: Necrozma
|-immune|p1a: Necrozma
|
|-heal|p2a: Necrozma|44/100|[from] item: Leftovers
|upkeep
|turn|28
|
|t:|1604886396
|switch|p2a: Ferrothorn|Ferrothorn, M|68/100
|move|p1a: Necrozma|Stealth Rock|p2a: Ferrothorn
|-sidestart|p2: ur9interesting|move: Stealth Rock
|
|upkeep
|turn|29
|
|t:|1604886400
|switch|p1a: Ho-Oh|Ho-Oh|100/100
|move|p2a: Ferrothorn|Leech Seed|p1a: Ho-Oh
|-start|p1a: Ho-Oh|move: Leech Seed
|
|-damage|p1a: Ho-Oh|88/100|[from] Leech Seed|[of] p2a: Ferrothorn
|-heal|p2a: Ferrothorn|82/100|[silent]
|upkeep
|turn|30
|
|t:|1604886413
|move|p2a: Ferrothorn|Protect|p2a: Ferrothorn
|-singleturn|p2a: Ferrothorn|Protect
|move|p1a: Ho-Oh|Brave Bird|p2a: Ferrothorn
|-activate|p2a: Ferrothorn|move: Protect
|
|-damage|p1a: Ho-Oh|76/100|[from] Leech Seed|[of] p2a: Ferrothorn
|-heal|p2a: Ferrothorn|97/100|[silent]
|upkeep
|turn|31
|
|t:|1604886424
|move|p1a: Ho-Oh|Brave Bird|p2a: Ferrothorn
|-damage|p2a: Ferrothorn|39/100
|-damage|p1a: Ho-Oh|64/100|[from] ability: Iron Barbs|[of] p2a: Ferrothorn
|-damage|p1a: Ho-Oh|47/100|[from] Recoil
|move|p2a: Ferrothorn|Spikes|p1a: Ho-Oh
|-sidestart|p1: I Crit My Panties|Spikes
|
|-damage|p1a: Ho-Oh|35/100|[from] Leech Seed|[of] p2a: Ferrothorn
|-heal|p2a: Ferrothorn|54/100|[silent]
|upkeep
|turn|32
|
|t:|1604886436
|move|p2a: Ferrothorn|Protect|p2a: Ferrothorn
|-singleturn|p2a: Ferrothorn|Protect
|move|p1a: Ho-Oh|Brave Bird|p2a: Ferrothorn
|-activate|p2a: Ferrothorn|move: Protect
|
|-damage|p1a: Ho-Oh|23/100|[from] Leech Seed|[of] p2a: Ferrothorn
|-heal|p2a: Ferrothorn|68/100|[silent]
|upkeep
|turn|33
|
|t:|1604886445
|switch|p2a: Necrozma|Necrozma-Dusk-Mane|44/100
|-damage|p2a: Necrozma|38/100|[from] Stealth Rock
|move|p1a: Ho-Oh|Brave Bird|p2a: Necrozma
|-resisted|p2a: Necrozma
|-damage|p2a: Necrozma|13/100
|-damage|p1a: Ho-Oh|15/100|[from] Recoil
|
|-heal|p2a: Necrozma|19/100|[from] item: Leftovers
|-damage|p1a: Ho-Oh|3/100|[from] Leech Seed|[of] p2a: Necrozma
|-heal|p2a: Necrozma|32/100|[silent]
|upkeep
|turn|34
|
|t:|1604886473
|switch|p1a: Necrozma|Necrozma-Dusk-Mane|88/100
|-damage|p1a: Necrozma|72/100|[from] Spikes
|move|p2a: Necrozma|Morning Sun|p2a: Necrozma
|-heal|p2a: Necrozma|82/100
|
|-heal|p2a: Necrozma|88/100|[from] item: Leftovers
|upkeep
|turn|35
|
|t:|1604886488
|move|p1a: Necrozma|Earthquake|p2a: Necrozma
|-supereffective|p2a: Necrozma
|-damage|p2a: Necrozma|63/100
|move|p2a: Necrozma|Stealth Rock|p1a: Necrozma
|-sidestart|p1: I Crit My Panties|move: Stealth Rock
|
|-heal|p2a: Necrozma|69/100|[from] item: Leftovers
|upkeep
|turn|36
|
|t:|1604886504
|move|p2a: Necrozma|Morning Sun|p2a: Necrozma
|-heal|p2a: Necrozma|100/100
|move|p1a: Necrozma|Earthquake|p2a: Necrozma
|-supereffective|p2a: Necrozma
|-damage|p2a: Necrozma|76/100
|
|-heal|p2a: Necrozma|82/100|[from] item: Leftovers
|upkeep
|turn|37
|
|t:|1604886522
|move|p1a: Necrozma|Earthquake|p2a: Necrozma
|-supereffective|p2a: Necrozma
|-damage|p2a: Necrozma|55/100
|move|p2a: Necrozma|Sunsteel Strike|p1a: Necrozma
|-resisted|p1a: Necrozma
|-damage|p1a: Necrozma|59/100
|
|-heal|p2a: Necrozma|61/100|[from] item: Leftovers
|upkeep
|turn|38
|
|t:|1604886534
|move|p1a: Necrozma|Morning Sun|p1a: Necrozma
|-heal|p1a: Necrozma|100/100
|move|p2a: Necrozma|Morning Sun|p2a: Necrozma
|-heal|p2a: Necrozma|100/100
|
|upkeep
|turn|39
|
|t:|1604886545
|move|p2a: Necrozma|Sunsteel Strike|p1a: Necrozma
|-resisted|p1a: Necrozma
|-damage|p1a: Necrozma|88/100
|move|p1a: Necrozma|Earthquake|p2a: Necrozma
|-supereffective|p2a: Necrozma
|-damage|p2a: Necrozma|76/100
|
|-heal|p2a: Necrozma|82/100|[from] item: Leftovers
|upkeep
|turn|40
|
|t:|1604886558
|move|p2a: Necrozma|Sunsteel Strike|p1a: Necrozma
|-resisted|p1a: Necrozma
|-damage|p1a: Necrozma|75/100
|move|p1a: Necrozma|Earthquake|p2a: Necrozma
|-supereffective|p2a: Necrozma
|-damage|p2a: Necrozma|57/100
|
|-heal|p2a: Necrozma|63/100|[from] item: Leftovers
|upkeep
|turn|41
|
|t:|1604886575
|move|p1a: Necrozma|Earthquake|p2a: Necrozma
|-supereffective|p2a: Necrozma
|-damage|p2a: Necrozma|38/100
|move|p2a: Necrozma|Toxic|p1a: Necrozma
|-immune|p1a: Necrozma
|
|-heal|p2a: Necrozma|44/100|[from] item: Leftovers
|upkeep
|turn|42
|
|t:|1604886585
|move|p1a: Necrozma|Earthquake|p2a: Necrozma
|-supereffective|p2a: Necrozma
|-damage|p2a: Necrozma|17/100
|move|p2a: Necrozma|Morning Sun|p2a: Necrozma
|-heal|p2a: Necrozma|67/100
|
|-heal|p2a: Necrozma|73/100|[from] item: Leftovers
|upkeep
|turn|43
|
|t:|1604886605
|move|p2a: Necrozma|Stealth Rock||[still]
|-fail|p2a: Necrozma
|move|p1a: Necrozma|Stealth Rock||[still]
|-fail|p1a: Necrozma
|
|-heal|p2a: Necrozma|79/100|[from] item: Leftovers
|upkeep
|turn|44
|
|t:|1604886614
|move|p1a: Necrozma|Stealth Rock||[still]
|-fail|p1a: Necrozma
|move|p2a: Necrozma|Stealth Rock||[still]
|-fail|p2a: Necrozma
|
|-heal|p2a: Necrozma|85/100|[from] item: Leftovers
|upkeep
|turn|45
|
|t:|1604886622
|switch|p2a: Ferrothorn|Ferrothorn, M|68/100
|-damage|p2a: Ferrothorn|62/100|[from] Stealth Rock
|move|p1a: Necrozma|Stealth Rock||[still]
|-fail|p1a: Necrozma
|
|upkeep
|turn|46
|
|t:|1604886639
|switch|p1a: Yveltal|Yveltal|76/100
|-ability|p1a: Yveltal|Dark Aura
|move|p2a: Ferrothorn|Leech Seed|p1a: Yveltal
|-start|p1a: Yveltal|move: Leech Seed
|
|-damage|p1a: Yveltal|64/100|[from] Leech Seed|[of] p2a: Ferrothorn
|-heal|p2a: Ferrothorn|78/100|[silent]
|upkeep
|turn|47
|
|t:|1604886651
|move|p1a: Yveltal|Roost|p1a: Yveltal
|-heal|p1a: Yveltal|100/100
|-singleturn|p1a: Yveltal|move: Roost
|move|p2a: Ferrothorn|Knock Off|p1a: Yveltal
|-resisted|p1a: Yveltal
|-damage|p1a: Yveltal|90/100
|-enditem|p1a: Yveltal|Heavy-Duty Boots|[from] move: Knock Off|[of] p2a: Ferrothorn
|
|-damage|p1a: Yveltal|77/100|[from] Leech Seed|[of] p2a: Ferrothorn
|-heal|p2a: Ferrothorn|94/100|[silent]
|upkeep
|turn|48
|
|t:|1604886663
|move|p1a: Yveltal|Defog|p2a: Ferrothorn
|-unboost|p2a: Ferrothorn|evasion|1
|-sideend|p2: ur9interesting|Stealth Rock|[from] move: Defog|[of] p1a: Yveltal
|-sideend|p1: I Crit My Panties|Spikes|[from] move: Defog|[of] p1a: Yveltal
|-sideend|p1: I Crit My Panties|Stealth Rock|[from] move: Defog|[of] p1a: Yveltal
|move|p2a: Ferrothorn|Spikes|p1a: Yveltal
|-sidestart|p1: I Crit My Panties|Spikes
|
|-damage|p1a: Yveltal|65/100|[from] Leech Seed|[of] p2a: Ferrothorn
|-heal|p2a: Ferrothorn|100/100|[silent]
|upkeep
|turn|49
|
|t:|1604886674
|move|p1a: Yveltal|Knock Off|p2a: Ferrothorn
|-crit|p2a: Ferrothorn
|-damage|p2a: Ferrothorn|65/100
|-damage|p1a: Yveltal|53/100|[from] ability: Iron Barbs|[of] p2a: Ferrothorn
|move|p2a: Ferrothorn|Knock Off|p1a: Yveltal
|-resisted|p1a: Yveltal
|-damage|p1a: Yveltal|45/100
|
|-damage|p1a: Yveltal|32/100|[from] Leech Seed|[of] p2a: Ferrothorn
|-heal|p2a: Ferrothorn|81/100|[silent]
|upkeep
|turn|50
|
|t:|1604886685
|move|p1a: Yveltal|Roost|p1a: Yveltal
|-heal|p1a: Yveltal|82/100
|-singleturn|p1a: Yveltal|move: Roost
|move|p2a: Ferrothorn|Spikes|p1a: Yveltal
|-sidestart|p1: I Crit My Panties|Spikes
|
|-damage|p1a: Yveltal|70/100|[from] Leech Seed|[of] p2a: Ferrothorn
|-heal|p2a: Ferrothorn|97/100|[silent]
|upkeep
|turn|51
|
|t:|1604886708
|switch|p1a: Ho-Oh|Ho-Oh|36/100
|move|p2a: Ferrothorn|Knock Off|p1a: Ho-Oh
|-damage|p1a: Ho-Oh|15/100
|-enditem|p1a: Ho-Oh|Choice Band|[from] move: Knock Off|[of] p2a: Ferrothorn
|
|upkeep
|turn|52
|
|t:|1604886719
|switch|p1a: Yveltal|Yveltal|70/100
|-ability|p1a: Yveltal|Dark Aura
|move|p2a: Ferrothorn|Leech Seed|p1a: Yveltal
|-start|p1a: Yveltal|move: Leech Seed
|
|-damage|p1a: Yveltal|58/100|[from] Leech Seed|[of] p2a: Ferrothorn
|-heal|p2a: Ferrothorn|100/100|[silent]
|upkeep
|turn|53
|
|t:|1604886733
|switch|p1a: Ho-Oh|Ho-Oh|48/100
|switch|p2a: Necrozma|Necrozma-Dusk-Mane|85/100
|
|-heal|p2a: Necrozma|91/100|[from] item: Leftovers
|upkeep
|turn|54
|
|t:|1604886746
|move|p1a: Ho-Oh|Earthquake|p2a: Necrozma
|-supereffective|p2a: Necrozma
|-damage|p2a: Necrozma|59/100
|move|p2a: Necrozma|Stealth Rock|p1a: Ho-Oh
|-sidestart|p1: I Crit My Panties|move: Stealth Rock
|
|-heal|p2a: Necrozma|65/100|[from] item: Leftovers
|upkeep
|turn|55
|
|t:|1604886760
|switch|p2a: Calyrex|Calyrex-Shadow|100/100
|-ability|p2a: Calyrex|As One
|-ability|p2a: Calyrex|Unnerve|p1: I Crit My Panties
|move|p1a: Ho-Oh|Defog|p2a: Calyrex
|-unboost|p2a: Calyrex|evasion|1
|-sideend|p1: I Crit My Panties|Spikes|[from] move: Defog|[of] p1a: Ho-Oh
|-sideend|p1: I Crit My Panties|Stealth Rock|[from] move: Defog|[of] p1a: Ho-Oh
|
|upkeep
|turn|56
|
|t:|1604886771
|switch|p1a: Yveltal|Yveltal|58/100
|-ability|p1a: Yveltal|Dark Aura
|move|p2a: Calyrex|Trick|p1a: Yveltal
|-activate|p2a: Calyrex|move: Trick|[of] p1a: Yveltal
|-item|p1a: Yveltal|Choice Specs|[from] move: Trick
|-enditem|p2a: Calyrex|Choice Specs|[silent]|[from] move: Trick
|
|upkeep
|turn|57
|
|t:|1604886788
|switch|p2a: Ferrothorn|Ferrothorn, M|100/100
|move|p1a: Yveltal|Roost|p1a: Yveltal
|-heal|p1a: Yveltal|100/100
|-singleturn|p1a: Yveltal|move: Roost
|
|upkeep
|turn|58
|
|t:|1604886801
|switch|p1a: Ho-Oh|Ho-Oh|82/100
|move|p2a: Ferrothorn|Leech Seed|p1a: Ho-Oh
|-start|p1a: Ho-Oh|move: Leech Seed
|
|-damage|p1a: Ho-Oh|69/100|[from] Leech Seed|[of] p2a: Ferrothorn
|upkeep
|turn|59
|
|t:|1604886810
|switch|p1a: Yveltal|Yveltal|100/100
|-ability|p1a: Yveltal|Dark Aura
|move|p2a: Ferrothorn|Spikes|p1a: Yveltal
|-sidestart|p1: I Crit My Panties|Spikes
|
|upkeep
|turn|60
|
|t:|1604886819
|switch|p1a: Ho-Oh|Ho-Oh|100/100
|switch|p2a: Necrozma|Necrozma-Dusk-Mane|65/100
|
|-heal|p2a: Necrozma|71/100|[from] item: Leftovers
|upkeep
|turn|61
|
|t:|1604886840
|move|p1a: Ho-Oh|Earthquake|p2a: Necrozma
|-supereffective|p2a: Necrozma
|-damage|p2a: Necrozma|39/100
|move|p2a: Necrozma|Stealth Rock|p1a: Ho-Oh
|-sidestart|p1: I Crit My Panties|move: Stealth Rock
|
|-heal|p2a: Necrozma|45/100|[from] item: Leftovers
|upkeep
|turn|62
|
|t:|1604886850
|move|p1a: Ho-Oh|Earthquake|p2a: Necrozma
|-supereffective|p2a: Necrozma
|-damage|p2a: Necrozma|14/100
|move|p2a: Necrozma|Morning Sun|p2a: Necrozma
|-heal|p2a: Necrozma|64/100
|
|-heal|p2a: Necrozma|70/100|[from] item: Leftovers
|upkeep
|turn|63
|
|t:|1604886859
|move|p1a: Ho-Oh|Earthquake|p2a: Necrozma
|-supereffective|p2a: Necrozma
|-damage|p2a: Necrozma|41/100
|move|p2a: Necrozma|Toxic|p1a: Ho-Oh
|-status|p1a: Ho-Oh|tox
|
|-heal|p2a: Necrozma|47/100|[from] item: Leftovers
|-damage|p1a: Ho-Oh|94/100 tox|[from] psn
|upkeep
|turn|64
|
|t:|1604886862
|move|p1a: Ho-Oh|Defog|p2a: Necrozma
|-unboost|p2a: Necrozma|evasion|1
|-sideend|p1: I Crit My Panties|Spikes|[from] move: Defog|[of] p1a: Ho-Oh
|-sideend|p1: I Crit My Panties|Stealth Rock|[from] move: Defog|[of] p1a: Ho-Oh
|move|p2a: Necrozma|Morning Sun|p2a: Necrozma
|-heal|p2a: Necrozma|97/100
|
|-heal|p2a: Necrozma|100/100|[from] item: Leftovers
|-damage|p1a: Ho-Oh|82/100 tox|[from] psn
|upkeep
|turn|65
|
|t:|1604886866
|switch|p1a: Necrozma|Necrozma-Dusk-Mane|75/100
|move|p2a: Necrozma|Stealth Rock|p1a: Necrozma
|-sidestart|p1: I Crit My Panties|move: Stealth Rock
|
|upkeep
|turn|66
|
|t:|1604886874
|switch|p2a: Calyrex|Calyrex-Shadow|100/100
|-ability|p2a: Calyrex|As One
|-ability|p2a: Calyrex|Unnerve|p1: I Crit My Panties
|move|p1a: Necrozma|Stealth Rock|p2a: Calyrex
|-sidestart|p2: ur9interesting|move: Stealth Rock
|
|upkeep
|turn|67
|
|t:|1604886884
|switch|p1a: Yveltal|Yveltal|100/100
|-damage|p1a: Yveltal|76/100|[from] Stealth Rock
|-ability|p1a: Yveltal|Dark Aura
|move|p2a: Calyrex|Astral Barrage|p1a: Yveltal
|-resisted|p1a: Yveltal
|-damage|p1a: Yveltal|54/100
|
|upkeep
|turn|68
|
|t:|1604886892
|switch|p2a: Ferrothorn|Ferrothorn, M|100/100
|-damage|p2a: Ferrothorn|94/100|[from] Stealth Rock
|move|p1a: Yveltal|Roost|p1a: Yveltal
|-heal|p1a: Yveltal|100/100
|-singleturn|p1a: Yveltal|move: Roost
|
|upkeep
|turn|69
|
|t:|1604886907
|switch|p1a: Necrozma|Necrozma-Dusk-Mane|75/100
|-damage|p1a: Necrozma|69/100|[from] Stealth Rock
|move|p2a: Ferrothorn|Leech Seed|p1a: Necrozma
|-start|p1a: Necrozma|move: Leech Seed
|
|-damage|p1a: Necrozma|56/100|[from] Leech Seed|[of] p2a: Ferrothorn
|-heal|p2a: Ferrothorn|100/100|[silent]
|upkeep
|turn|70
|
|t:|1604886918
|switch|p2a: Calyrex|Calyrex-Shadow|100/100
|-ability|p2a: Calyrex|As One
|-ability|p2a: Calyrex|Unnerve|p1: I Crit My Panties
|-damage|p2a: Calyrex|88/100|[from] Stealth Rock
|move|p1a: Necrozma|Morning Sun|p1a: Necrozma
|-heal|p1a: Necrozma|100/100
|
|-damage|p1a: Necrozma|88/100|[from] Leech Seed|[of] p2a: Calyrex
|-heal|p2a: Calyrex|100/100|[silent]
|upkeep
|turn|71
|
|t:|1604886928
|switch|p1a: Yveltal|Yveltal|100/100
|-damage|p1a: Yveltal|76/100|[from] Stealth Rock
|-ability|p1a: Yveltal|Dark Aura
|move|p2a: Calyrex|Astral Barrage|p1a: Yveltal
|-resisted|p1a: Yveltal
|-damage|p1a: Yveltal|54/100
|
|upkeep
|turn|72
|
|t:|1604886934
|switch|p2a: Ferrothorn|Ferrothorn, M|100/100
|-damage|p2a: Ferrothorn|94/100|[from] Stealth Rock
|move|p1a: Yveltal|Knock Off|p2a: Ferrothorn
|-crit|p2a: Ferrothorn
|-damage|p2a: Ferrothorn|61/100
|-damage|p1a: Yveltal|42/100|[from] ability: Iron Barbs|[of] p2a: Ferrothorn
|
|upkeep
|turn|73
|
|t:|1604886942
|switch|p1a: Necrozma|Necrozma-Dusk-Mane|88/100
|-damage|p1a: Necrozma|82/100|[from] Stealth Rock
|move|p2a: Ferrothorn|Leech Seed|p1a: Necrozma
|-start|p1a: Necrozma|move: Leech Seed
|
|-damage|p1a: Necrozma|70/100|[from] Leech Seed|[of] p2a: Ferrothorn
|-heal|p2a: Ferrothorn|75/100|[silent]
|upkeep
|turn|74
|
|t:|1604886959
|switch|p1a: Ho-Oh|Ho-Oh|100/100 tox
|-damage|p1a: Ho-Oh|51/100 tox|[from] Stealth Rock
|switch|p2a: Calyrex|Calyrex-Shadow|100/100
|-ability|p2a: Calyrex|As One
|-ability|p2a: Calyrex|Unnerve|p1: I Crit My Panties
|-damage|p2a: Calyrex|88/100|[from] Stealth Rock
|
|-damage|p1a: Ho-Oh|45/100 tox|[from] psn
|upkeep
|turn|75
|
|t:|1604886969
|move|p2a: Calyrex|Astral Barrage|p1a: Ho-Oh
|-damage|p1a: Ho-Oh|0 fnt
|faint|p1a: Ho-Oh
|-ability|p2a: Calyrex|Grim Neigh|boost
|-boost|p2a: Calyrex|spa|1
|
|upkeep
|-message|I Crit My Panties forfeited.
|
|win|ur9interesting
|l|☆I Crit My Panties
