|j|☆JK The Don
|j|☆FearNeverDies
|t:|1630807062
|gametype|singles
|player|p1|JK The Don|benga|
|player|p2|FearNeverDies|lyra|
|teamsize|p1|6
|teamsize|p2|6
|gen|8
|tier|[Gen 8] Ubers
|rated|Tournament battle
|rule|Sleep Clause Mod: Limit one foe put to sleep
|rule|Species Clause: Limit one of each Pokémon
|rule|OHKO Clause: OHKO moves are banned
|rule|Evasion Moves Clause: Evasion moves are banned
|rule|Endless Battle Clause: Forcing endless battles is banned
|rule|HP Percentage Mod: HP is shown in percentages
|rule|Dynamax Clause: You cannot dynamax
|clearpoke
|poke|p1|Yveltal|
|poke|p1|Eternatus|
|poke|p1|Necrozma-Dusk-Mane|
|poke|p1|Groudon|
|poke|p1|Marshadow|
|poke|p1|Calyrex-Shadow|
|poke|p2|Urshifu-*, M|
|poke|p2|Kyogre|
|poke|p2|Necrozma-Dusk-Mane|
|poke|p2|Xerneas-*|
|poke|p2|Yveltal|
|poke|p2|Eternatus|
|teampreview
|j| zxcjhvuk
|
|t:|1630807096
|start
|switch|p1a: Gordon|Groudon|100/100
|switch|p2a: Eternatus|Eternatus|100/100
|-ability|p2a: Eternatus|Pressure
|-weather|SunnyDay|[from] ability: Drought|[of] p1a: Gordon
|turn|1
|
|t:|1630807102
|switch|p2a: Xerneas|Xerneas|100/100
|-ability|p2a: Xerneas|Fairy Aura
|-item|p2a: Xerneas|Air Balloon
|move|p1a: Gordon|Thunder Wave|p2a: Xerneas|[miss]
|-miss|p1a: Gordon|p2a: Xerneas
|
|-weather|SunnyDay|[upkeep]
|upkeep
|turn|2
|
|t:|1630807109
|switch|p1a: Kevin Durant|Necrozma-Dusk-Mane|100/100
|move|p2a: Xerneas|Moonblast|p1a: Kevin Durant
|-resisted|p1a: Kevin Durant
|-damage|p1a: Kevin Durant|85/100
|
|-weather|SunnyDay|[upkeep]
|-heal|p1a: Kevin Durant|91/100|[from] item: Leftovers
|upkeep
|turn|3
|
|t:|1630807114
|switch|p2a: Necrozma|Necrozma-Dusk-Mane|100/100
|move|p1a: Kevin Durant|Thunder Wave|p2a: Necrozma|[miss]
|-miss|p1a: Kevin Durant|p2a: Necrozma
|
|-weather|SunnyDay|[upkeep]
|-heal|p1a: Kevin Durant|97/100|[from] item: Leftovers
|upkeep
|turn|4
|
|t:|1630807121
|switch|p1a: Gordon|Groudon|100/100
|move|p2a: Necrozma|Stealth Rock|p1a: Gordon
|-sidestart|p1: JK The Don|move: Stealth Rock
|
|-weather|SunnyDay|[upkeep]
|upkeep
|turn|5
|
|t:|1630807130
|switch|p2a: Xerneas|Xerneas|100/100
|-ability|p2a: Xerneas|Fairy Aura
|-item|p2a: Xerneas|Air Balloon
|move|p1a: Gordon|Stealth Rock|p2a: Xerneas
|-sidestart|p2: FearNeverDies|move: Stealth Rock
|
|-weather|none
|upkeep
|turn|6
|
|t:|1630807135
|switch|p2a: Urshifu|Urshifu, M|100/100
|-damage|p2a: Urshifu|94/100|[from] Stealth Rock
|move|p1a: Gordon|Thunder Wave|p2a: Urshifu
|-status|p2a: Urshifu|par
|
|upkeep
|turn|7
|-message|FearNeverDies forfeited.
|
|win|JK The Don
|n|☆JK The Don|jkthedon
|n|☆FearNeverDies|fearneverdies
|n| zxcjhvuk|zxcjhvuk
