|j|☆pCfeu
|j|☆XIBS
|player|p1|pCfeu|hilda-dueldisk|1382
|player|p2|XIBS|hapu|1413
|teamsize|p1|6
|teamsize|p2|6
|gametype|singles
|gen|8
|tier|[Gen 8] Ubers
|rated|
|clearpoke
|poke|p1|Marshadow|
|poke|p1|Dracovish|
|poke|p1|Zacian-Crowned|
|poke|p1|Corviknight, F|
|poke|p1|Tyranitar, M|
|poke|p1|Kyurem-White|
|poke|p2|Cinderace, M|
|poke|p2|Gothitelle, F|
|poke|p2|Ferrothorn, M|
|poke|p2|Quagsire, F|
|poke|p2|Mandibuzz, F|
|poke|p2|Zacian-Crowned|
|rule|Sleep Clause Mod: Limit one foe put to sleep
|rule|Species Clause: Limit one of each Pokémon
|rule|OHKO Clause: OHKO moves are banned
|rule|Evasion Moves Clause: Evasion moves are banned
|rule|Endless Battle Clause: Forcing endless battles is banned
|rule|HP Percentage Mod: HP is shown in percentages
|html|Ubers Dynamax Clause: Pokémon on the <a href="https://www.smogon.com/dex/ss/formats/uber/">Ubers Dynamax Banlist</a> cannot Dynamax.
|teampreview
|
|start
|switch|p1a: Tyranitar|Tyranitar, M|100/100
|switch|p2a: Cinderace|Cinderace, M|100/100
|-weather|Sandstorm|[from] ability: Sand Stream|[of] p1a: Tyranitar
|turn|1
|
|-start|p2a: Cinderace|Dynamax
|-heal|p2a: Cinderace|100/100|[silent]
|move|p2a: Cinderace|Max Knuckle|p1a: Tyranitar
|-start|p2a: Cinderace|typechange|Fighting|[from] ability: Libero
|-supereffective|p1a: Tyranitar
|-enditem|p1a: Tyranitar|Chople Berry|[eat]
|-enditem|p1a: Tyranitar|Chople Berry|[weaken]
|-damage|p1a: Tyranitar|0 fnt
|-boost|p2a: Cinderace|atk|1
|-damage|p2a: Cinderace|96/100|[from] item: Life Orb
|faint|p1a: Tyranitar
|
|-weather|Sandstorm|[upkeep]
|-damage|p2a: Cinderace|93/100|[from] Sandstorm
|upkeep
|
|switch|p1a: Zacian|Zacian-Crowned|100/100
|-ability|p1a: Zacian|Intrepid Sword|boost
|-boost|p1a: Zacian|atk|1
|turn|2
|
|move|p1a: Zacian|Behemoth Blade|p2a: Cinderace
|-damage|p2a: Cinderace|0 fnt
|faint|p2a: Cinderace
|
|-weather|Sandstorm|[upkeep]
|upkeep
|
|switch|p2a: Zacian|Zacian-Crowned|100/100
|-ability|p2a: Zacian|Intrepid Sword|boost
|-boost|p2a: Zacian|atk|1
|turn|3
|inactive|Battle timer is ON: inactive players will automatically lose when time's up. (requested by XIBS)
|
|move|p1a: Zacian|Behemoth Blade|p2a: Zacian
|-damage|p2a: Zacian|15/100
|move|p2a: Zacian|Behemoth Blade|p1a: Zacian
|-damage|p1a: Zacian|7/100
|
|-weather|Sandstorm|[upkeep]
|upkeep
|turn|4
|
|switch|p2a: Ferrothorn|Ferrothorn, M|100/100
|move|p1a: Zacian|Behemoth Blade|p2a: Ferrothorn
|-resisted|p2a: Ferrothorn
|-damage|p2a: Ferrothorn|74/100
|-damage|p1a: Zacian|0 fnt|[from] ability: Iron Barbs|[of] p2a: Ferrothorn
|faint|p1a: Zacian
|
|-weather|Sandstorm|[upkeep]
|-heal|p2a: Ferrothorn|80/100|[from] item: Leftovers
|upkeep
|
|switch|p1a: Dracovish|Dracovish|100/100
|turn|5
|
|move|p1a: Dracovish|Fishious Rend|p2a: Ferrothorn
|-resisted|p2a: Ferrothorn
|-damage|p2a: Ferrothorn|29/100
|-damage|p1a: Dracovish|88/100|[from] ability: Iron Barbs|[of] p2a: Ferrothorn
|move|p2a: Ferrothorn|Knock Off|p1a: Dracovish
|-damage|p1a: Dracovish|64/100
|-enditem|p1a: Dracovish|Choice Band|[from] move: Knock Off|[of] p2a: Ferrothorn
|
|-weather|none
|-heal|p2a: Ferrothorn|35/100|[from] item: Leftovers
|upkeep
|turn|6
|
|switch|p2a: Quagsire|Quagsire, F|100/100
|move|p1a: Dracovish|Fishious Rend|p2a: Quagsire
|-damage|p2a: Quagsire|28/100
|-damage|p1a: Dracovish|48/100|[from] item: Rocky Helmet|[of] p2a: Quagsire
|
|upkeep
|turn|7
|
|move|p2a: Quagsire|Protect|p2a: Quagsire
|-singleturn|p2a: Quagsire|Protect
|move|p1a: Dracovish|Fishious Rend|p2a: Quagsire
|-activate|p2a: Quagsire|move: Protect
|
|upkeep
|turn|8
|
|move|p1a: Dracovish|Fishious Rend|p2a: Quagsire
|-damage|p2a: Quagsire|0 fnt
|-damage|p1a: Dracovish|31/100|[from] item: Rocky Helmet|[of] p2a: Quagsire
|faint|p2a: Quagsire
|
|upkeep
|
|switch|p2a: Zacian|Zacian-Crowned|15/100
|-ability|p2a: Zacian|Intrepid Sword|boost
|-boost|p2a: Zacian|atk|1
|turn|9
|
|switch|p1a: Corviknight|Corviknight, F|100/100
|-ability|p1a: Corviknight|Pressure
|move|p2a: Zacian|Behemoth Blade|p1a: Corviknight
|-resisted|p1a: Corviknight
|-damage|p1a: Corviknight|74/100
|
|upkeep
|turn|10
|
|move|p2a: Zacian|Wild Charge|p1a: Corviknight
|-supereffective|p1a: Corviknight
|-damage|p1a: Corviknight|4/100
|-damage|p2a: Zacian|0 fnt|[from] Recoil
|faint|p2a: Zacian
|move|p1a: Corviknight|Roost|p1a: Corviknight
|-heal|p1a: Corviknight|54/100
|-singleturn|p1a: Corviknight|move: Roost
|
|upkeep
|-message|XIBS forfeited.
|
|win|pCfeu
|l|☆XIBS
||Ladder (probably) updated, but score could not be retrieved (Request timeout).
