|j|☆Rell27
|j|☆comradesquidwar
|t:|1622326472
|gametype|singles
|player|p1|Rell27|169|1466
|player|p2|comradesquidwar|janitor|1589
|teamsize|p1|6
|teamsize|p2|6
|gen|8
|tier|[Gen 8] Ubers
|rated|
|rule|Sleep Clause Mod: Limit one foe put to sleep
|rule|Species Clause: Limit one of each Pokémon
|rule|OHKO Clause: OHKO moves are banned
|rule|Evasion Moves Clause: Evasion moves are banned
|rule|Endless Battle Clause: Forcing endless battles is banned
|rule|HP Percentage Mod: HP is shown in percentages
|rule|Dynamax Clause: You cannot dynamax
|clearpoke
|poke|p1|Necrozma-Dusk-Mane|
|poke|p1|Eternatus|
|poke|p1|Calyrex-Shadow|
|poke|p1|Yveltal|
|poke|p1|Xerneas-*|
|poke|p1|Ho-Oh|
|poke|p2|Lunala|
|poke|p2|Yveltal|
|poke|p2|Eternatus|
|poke|p2|Blissey, F|
|poke|p2|Zygarde|
|poke|p2|Necrozma-Dusk-Mane|
|teampreview
|inactive|Battle timer is ON: inactive players will automatically lose when time's up. (requested by comradesquidwar)
|
|t:|1622326497
|start
|switch|p1a: Yveltal|Yveltal|100/100
|switch|p2a: Yveltal|Yveltal, shiny|100/100
|-ability|p2a: Yveltal|Dark Aura
|-ability|p1a: Yveltal|Dark Aura
|turn|1
|
|t:|1622326505
|move|p2a: Yveltal|Knock Off|p1a: Yveltal
|-resisted|p1a: Yveltal
|-damage|p1a: Yveltal|78/100
|-enditem|p1a: Yveltal|Life Orb|[from] move: Knock Off|[of] p2a: Yveltal
|move|p1a: Yveltal|Knock Off|p2a: Yveltal
|-resisted|p2a: Yveltal
|-damage|p2a: Yveltal|72/100
|-enditem|p2a: Yveltal|Heavy-Duty Boots|[from] move: Knock Off|[of] p1a: Yveltal
|
|upkeep
|turn|2
|
|t:|1622326511
|move|p2a: Yveltal|Taunt|p1a: Yveltal
|-start|p1a: Yveltal|move: Taunt
|move|p1a: Yveltal|Oblivion Wing|p2a: Yveltal
|-damage|p2a: Yveltal|44/100
|-heal|p1a: Yveltal|100/100|[from] drain|[of] p2a: Yveltal
|
|upkeep
|turn|3
|
|t:|1622326517
|switch|p1a: Eternatus|Eternatus|100/100
|-ability|p1a: Eternatus|Pressure
|move|p2a: Yveltal|Roost|p2a: Yveltal
|-heal|p2a: Yveltal|94/100
|-singleturn|p2a: Yveltal|move: Roost
|
|upkeep
|turn|4
|
|t:|1622326521
|switch|p2a: Blissey|Blissey, F|100/100
|move|p1a: Eternatus|Dynamax Cannon|p2a: Blissey
|-crit|p2a: Blissey
|-damage|p2a: Blissey|55/100
|-damage|p1a: Eternatus|91/100|[from] item: Life Orb
|
|upkeep
|turn|5
|
|t:|1622326528
|switch|p1a: Calyrex|Calyrex-Shadow|100/100
|-ability|p1a: Calyrex|As One
|-ability|p1a: Calyrex|Unnerve
|move|p2a: Blissey|Soft-Boiled|p2a: Blissey
|-heal|p2a: Blissey|100/100
|
|upkeep
|turn|6
|
|t:|1622326531
|switch|p2a: Yveltal|Yveltal, shiny|94/100
|-ability|p2a: Yveltal|Dark Aura
|move|p1a: Calyrex|Substitute|p1a: Calyrex
|-start|p1a: Calyrex|Substitute
|-damage|p1a: Calyrex|76/100
|
|upkeep
|turn|7
|
|t:|1622326534
|move|p1a: Calyrex|Leech Seed|p2a: Yveltal
|-start|p2a: Yveltal|move: Leech Seed
|move|p2a: Yveltal|Knock Off|p1a: Calyrex
|-supereffective|p1a: Calyrex
|-end|p1a: Calyrex|Substitute
|
|-damage|p2a: Yveltal|82/100|[from] Leech Seed|[of] p1a: Calyrex
|-heal|p1a: Calyrex|91/100|[silent]
|upkeep
|turn|8
|inactive|comradesquidwar has 120 seconds left.
|
|t:|1622326565
|move|p1a: Calyrex|Substitute|p1a: Calyrex
|-start|p1a: Calyrex|Substitute
|-damage|p1a: Calyrex|67/100
|move|p2a: Yveltal|Taunt|p1a: Calyrex
|-start|p1a: Calyrex|move: Taunt
|
|-damage|p2a: Yveltal|69/100|[from] Leech Seed|[of] p1a: Calyrex
|-heal|p1a: Calyrex|82/100|[silent]
|upkeep
|turn|9
|
|t:|1622326580
|switch|p1a: Xerneas|Xerneas|100/100
|-ability|p1a: Xerneas|Fairy Aura
|move|p2a: Yveltal|Sucker Punch||[still]
|-fail|p2a: Yveltal
|
|-damage|p2a: Yveltal|57/100|[from] Leech Seed|[of] p1a: Xerneas
|upkeep
|turn|10
|
|t:|1622326588
|switch|p2a: Blissey|Blissey, F|100/100
|move|p1a: Xerneas|Moonblast|p2a: Blissey
|-damage|p2a: Blissey|76/100
|
|upkeep
|turn|11
|
|t:|1622326595
|switch|p1a: Calyrex|Calyrex-Shadow|82/100
|-ability|p1a: Calyrex|As One
|-ability|p1a: Calyrex|Unnerve
|switch|p2a: Yveltal|Yveltal, shiny|57/100
|-ability|p2a: Yveltal|Dark Aura
|
|upkeep
|turn|12
|
|t:|1622326606
|switch|p1a: Xerneas|Xerneas|100/100
|-ability|p1a: Xerneas|Fairy Aura
|move|p2a: Yveltal|Taunt|p1a: Xerneas
|-start|p1a: Xerneas|move: Taunt
|
|upkeep
|turn|13
|
|t:|1622326613
|switch|p2a: Blissey|Blissey, F|76/100
|move|p1a: Xerneas|Moonblast|p2a: Blissey
|-damage|p2a: Blissey|51/100
|-unboost|p2a: Blissey|spa|1
|
|upkeep
|turn|14
|
|t:|1622326622
|switch|p1a: Calyrex|Calyrex-Shadow|82/100
|-ability|p1a: Calyrex|As One
|-ability|p1a: Calyrex|Unnerve
|move|p2a: Blissey|Toxic|p1a: Calyrex
|-status|p1a: Calyrex|tox
|
|-damage|p1a: Calyrex|76/100 tox|[from] psn
|upkeep
|turn|15
|
|t:|1622326626
|move|p1a: Calyrex|Leech Seed|p2a: Blissey
|-start|p2a: Blissey|move: Leech Seed
|move|p2a: Blissey|Soft-Boiled|p2a: Blissey
|-heal|p2a: Blissey|100/100
|
|-damage|p2a: Blissey|88/100|[from] Leech Seed|[of] p1a: Calyrex
|-heal|p1a: Calyrex|100/100 tox|[silent]
|-damage|p1a: Calyrex|88/100 tox|[from] psn
|upkeep
|turn|16
|
|t:|1622326634
|switch|p1a: Xerneas|Xerneas|100/100
|-ability|p1a: Xerneas|Fairy Aura
|move|p2a: Blissey|Toxic|p1a: Xerneas
|-status|p1a: Xerneas|tox
|
|-damage|p2a: Blissey|76/100|[from] Leech Seed|[of] p1a: Xerneas
|-damage|p1a: Xerneas|94/100 tox|[from] psn
|upkeep
|turn|17
|
|t:|1622326639
|switch|p2a: Necrozma|Necrozma-Dusk-Mane|100/100
|move|p1a: Xerneas|Aromatherapy|p1a: Xerneas
|-activate|p1a: Xerneas|move: Aromatherapy
|-curestatus|p1a: Xerneas|tox|[msg]
|-curestatus|p1: Calyrex|tox|[msg]
|
|upkeep
|turn|18
|
|t:|1622326643
|switch|p1a: Ho-Oh|Ho-Oh|100/100
|move|p2a: Necrozma|Thunder Wave|p1a: Ho-Oh
|-status|p1a: Ho-Oh|par
|
|upkeep
|turn|19
|
|t:|1622326646
|switch|p2a: Zygarde|Zygarde|100/100
|cant|p1a: Ho-Oh|par
|
|upkeep
|turn|20
|
|t:|1622326650
|switch|p1a: Xerneas|Xerneas|94/100
|-ability|p1a: Xerneas|Fairy Aura
|move|p2a: Zygarde|Coil|p2a: Zygarde
|-boost|p2a: Zygarde|atk|1
|-boost|p2a: Zygarde|def|1
|-boost|p2a: Zygarde|accuracy|1
|
|upkeep
|turn|21
|
|t:|1622326653
|switch|p2a: Necrozma|Necrozma-Dusk-Mane|100/100
|move|p1a: Xerneas|Moonblast|p2a: Necrozma
|-resisted|p2a: Necrozma
|-damage|p2a: Necrozma|72/100
|
|-heal|p2a: Necrozma|78/100|[from] item: Leftovers
|upkeep
|turn|22
|
|t:|1622326658
|switch|p1a: Ho-Oh|Ho-Oh|100/100 par
|move|p2a: Necrozma|Stealth Rock|p1a: Ho-Oh
|-sidestart|p1: Rell27|move: Stealth Rock
|
|-heal|p2a: Necrozma|84/100|[from] item: Leftovers
|upkeep
|turn|23
|
|t:|1622326665
|switch|p2a: Yveltal|Yveltal, shiny|57/100
|-ability|p2a: Yveltal|Dark Aura
|move|p1a: Ho-Oh|Sacred Fire|p2a: Yveltal
|-damage|p2a: Yveltal|13/100
|
|upkeep
|turn|24
|
|t:|1622326675
|switch|p1a: Eternatus|Eternatus|91/100
|-damage|p1a: Eternatus|78/100|[from] Stealth Rock
|-ability|p1a: Eternatus|Pressure
|move|p2a: Yveltal|Roost|p2a: Yveltal
|-heal|p2a: Yveltal|63/100
|-singleturn|p2a: Yveltal|move: Roost
|
|upkeep
|turn|25
|
|t:|1622326678
|switch|p2a: Blissey|Blissey, F|76/100
|move|p1a: Eternatus|Dynamax Cannon|p2a: Blissey
|-damage|p2a: Blissey|48/100
|-damage|p1a: Eternatus|68/100|[from] item: Life Orb
|
|upkeep
|turn|26
|
|t:|1622326686
|switch|p1a: Calyrex|Calyrex-Shadow|88/100
|-ability|p1a: Calyrex|As One
|-ability|p1a: Calyrex|Unnerve
|-damage|p1a: Calyrex|76/100|[from] Stealth Rock
|move|p2a: Blissey|Soft-Boiled|p2a: Blissey
|-heal|p2a: Blissey|98/100
|
|upkeep
|turn|27
|
|t:|1622326691
|switch|p2a: Yveltal|Yveltal, shiny|63/100
|-ability|p2a: Yveltal|Dark Aura
|move|p1a: Calyrex|Substitute|p1a: Calyrex
|-start|p1a: Calyrex|Substitute
|-damage|p1a: Calyrex|51/100
|
|upkeep
|turn|28
|
|t:|1622326698
|move|p1a: Calyrex|Leech Seed|p2a: Yveltal
|-start|p2a: Yveltal|move: Leech Seed
|move|p2a: Yveltal|Taunt|p1a: Calyrex
|-start|p1a: Calyrex|move: Taunt
|
|-damage|p2a: Yveltal|50/100|[from] Leech Seed|[of] p1a: Calyrex
|-heal|p1a: Calyrex|67/100|[silent]
|upkeep
|turn|29
|
|t:|1622326703
|move|p1a: Calyrex|Astral Barrage|p2a: Yveltal
|-resisted|p2a: Yveltal
|-damage|p2a: Yveltal|23/100
|move|p2a: Yveltal|Roost|p2a: Yveltal
|-heal|p2a: Yveltal|73/100
|-singleturn|p2a: Yveltal|move: Roost
|
|-damage|p2a: Yveltal|61/100|[from] Leech Seed|[of] p1a: Calyrex
|-heal|p1a: Calyrex|83/100|[silent]
|upkeep
|turn|30
|
|t:|1622326711
|switch|p1a: Xerneas|Xerneas|94/100
|-damage|p1a: Xerneas|82/100|[from] Stealth Rock
|-ability|p1a: Xerneas|Fairy Aura
|move|p2a: Yveltal|Roost|p2a: Yveltal
|-heal|p2a: Yveltal|100/100
|-singleturn|p2a: Yveltal|move: Roost
|
|-damage|p2a: Yveltal|88/100|[from] Leech Seed|[of] p1a: Xerneas
|-heal|p1a: Xerneas|95/100|[silent]
|upkeep
|turn|31
|
|t:|1622326720
|switch|p2a: Blissey|Blissey, F|98/100
|move|p1a: Xerneas|Aromatherapy|p1a: Xerneas
|-activate|p1a: Xerneas|move: Aromatherapy
|-curestatus|p1: Ho-Oh|par|[msg]
|
|upkeep
|turn|32
|
|t:|1622326729
|move|p1a: Xerneas|Defog|p2a: Blissey
|-unboost|p2a: Blissey|evasion|1
|-sideend|p1: Rell27|Stealth Rock|[from] move: Defog|[of] p1a: Xerneas
|move|p2a: Blissey|Toxic|p1a: Xerneas
|-status|p1a: Xerneas|tox
|
|-damage|p1a: Xerneas|89/100 tox|[from] psn
|upkeep
|turn|33
|
|t:|1622326736
|switch|p1a: Yveltal|Yveltal|100/100
|-ability|p1a: Yveltal|Dark Aura
|move|p2a: Blissey|Toxic|p1a: Yveltal
|-status|p1a: Yveltal|tox
|
|-damage|p1a: Yveltal|94/100 tox|[from] psn
|upkeep
|turn|34
|
|t:|1622326744
|switch|p2a: Zygarde|Zygarde|100/100
|move|p1a: Yveltal|Knock Off|p2a: Zygarde
|-damage|p2a: Zygarde|50/100
|-enditem|p2a: Zygarde|Leftovers|[from] move: Knock Off|[of] p1a: Yveltal
|
|-damage|p1a: Yveltal|82/100 tox|[from] psn
|-activate|p2a: Zygarde|ability: Power Construct
|detailschange|p2a: Zygarde|Zygarde-Complete
|-heal|p2a: Zygarde|67/100|[silent]
|upkeep
|turn|35
|
|t:|1622326750
|switch|p1a: Xerneas|Xerneas|89/100 tox
|-ability|p1a: Xerneas|Fairy Aura
|move|p2a: Zygarde|Coil|p2a: Zygarde
|-boost|p2a: Zygarde|atk|1
|-boost|p2a: Zygarde|def|1
|-boost|p2a: Zygarde|accuracy|1
|
|-damage|p1a: Xerneas|83/100 tox|[from] psn
|upkeep
|turn|36
|
|t:|1622326756
|switch|p2a: Necrozma|Necrozma-Dusk-Mane|84/100
|move|p1a: Xerneas|Aromatherapy|p1a: Xerneas
|-activate|p1a: Xerneas|move: Aromatherapy
|-curestatus|p1a: Xerneas|tox|[msg]
|-curestatus|p1: Yveltal|tox|[msg]
|
|-heal|p2a: Necrozma|90/100|[from] item: Leftovers
|upkeep
|turn|37
|
|t:|1622326761
|switch|p1a: Ho-Oh|Ho-Oh|100/100
|move|p2a: Necrozma|Stealth Rock|p1a: Ho-Oh
|-sidestart|p1: Rell27|move: Stealth Rock
|
|-heal|p2a: Necrozma|96/100|[from] item: Leftovers
|upkeep
|turn|38
|
|t:|1622326766
|switch|p2a: Eternatus|Eternatus|100/100
|-ability|p2a: Eternatus|Pressure
|move|p1a: Ho-Oh|Thunder Wave|p2a: Eternatus
|-status|p2a: Eternatus|par
|
|upkeep
|turn|39
|
|t:|1622326773
|move|p1a: Ho-Oh|Brave Bird|p2a: Eternatus
|-damage|p2a: Eternatus|51/100 par
|-damage|p1a: Ho-Oh|81/100|[from] Recoil
|cant|p2a: Eternatus|par
|
|-heal|p2a: Eternatus|57/100 par|[from] item: Black Sludge
|upkeep
|turn|40
|
|t:|1622326779
|move|p1a: Ho-Oh|Brave Bird|p2a: Eternatus
|-damage|p2a: Eternatus|7/100 par
|-damage|p1a: Ho-Oh|62/100|[from] Recoil
|cant|p2a: Eternatus|par
|
|-heal|p2a: Eternatus|13/100 par|[from] item: Black Sludge
|upkeep
|turn|41
|
|t:|1622326784
|switch|p2a: Zygarde|Zygarde-Complete|67/100
|move|p1a: Ho-Oh|Brave Bird|p2a: Zygarde
|-damage|p2a: Zygarde|37/100
|-damage|p1a: Ho-Oh|46/100|[from] Recoil
|
|upkeep
|turn|42
|
|t:|1622326788
|switch|p1a: Xerneas|Xerneas|83/100
|-damage|p1a: Xerneas|71/100|[from] Stealth Rock
|-ability|p1a: Xerneas|Fairy Aura
|move|p2a: Zygarde|Rest|p2a: Zygarde
|-status|p2a: Zygarde|slp|[from] move: Rest
|-heal|p2a: Zygarde|100/100 slp|[silent]
|
|upkeep
|turn|43
|
|t:|1622326808
|switch|p1a: Yveltal|Yveltal|82/100
|-damage|p1a: Yveltal|57/100|[from] Stealth Rock
|-ability|p1a: Yveltal|Dark Aura
|switch|p2a: Blissey|Blissey, F|98/100
|
|upkeep
|turn|44
|
|t:|1622326818
|switch|p2a: Zygarde|Zygarde-Complete|100/100 slp
|move|p1a: Yveltal|Knock Off|p2a: Zygarde
|-damage|p2a: Zygarde|78/100 slp
|
|upkeep
|turn|45
|
|t:|1622326824
|move|p1a: Yveltal|Oblivion Wing|p2a: Zygarde
|-damage|p2a: Zygarde|63/100 slp
|-heal|p1a: Yveltal|74/100|[from] drain|[of] p2a: Zygarde
|cant|p2a: Zygarde|slp
|
|upkeep
|turn|46
|
|t:|1622326836
|switch|p1a: Xerneas|Xerneas|71/100
|-damage|p1a: Xerneas|58/100|[from] Stealth Rock
|-ability|p1a: Xerneas|Fairy Aura
|cant|p2a: Zygarde|slp
|
|upkeep
|turn|47
|
|t:|1622326841
|switch|p1a: Necrozma|Necrozma-Dusk-Mane|100/100
|-damage|p1a: Necrozma|94/100|[from] Stealth Rock
|switch|p2a: Blissey|Blissey, F|98/100
|
|upkeep
|turn|48
|
|t:|1622326850
|switch|p2a: Lunala|Lunala|100/100
|move|p1a: Necrozma|Stealth Rock|p2a: Lunala
|-sidestart|p2: comradesquidwar|move: Stealth Rock
|
|upkeep
|turn|49
|
|t:|1622326855
|switch|p1a: Ho-Oh|Ho-Oh|80/100
|move|p2a: Lunala|Will-O-Wisp|p1a: Ho-Oh|[miss]
|-miss|p2a: Lunala|p1a: Ho-Oh
|
|upkeep
|turn|50
|
|t:|1622326861
|move|p2a: Lunala|Defog|p1a: Ho-Oh
|-unboost|p1a: Ho-Oh|evasion|1
|-sideend|p1: Rell27|Stealth Rock|[from] move: Defog|[of] p2a: Lunala
|-sideend|p2: comradesquidwar|Stealth Rock|[from] move: Defog|[of] p2a: Lunala
|move|p1a: Ho-Oh|Thunder Wave|p2a: Lunala
|-status|p2a: Lunala|par
|
|upkeep
|turn|51
|
|t:|1622326865
|switch|p2a: Zygarde|Zygarde-Complete|63/100 slp
|move|p1a: Ho-Oh|Brave Bird|p2a: Zygarde
|-damage|p2a: Zygarde|33/100 slp
|-damage|p1a: Ho-Oh|64/100|[from] Recoil
|
|upkeep
|turn|52
|
|t:|1622326869
|move|p1a: Ho-Oh|Brave Bird|p2a: Zygarde
|-damage|p2a: Zygarde|1/100 slp
|-damage|p1a: Ho-Oh|48/100|[from] Recoil
|-curestatus|p2a: Zygarde|slp|[msg]
|move|p2a: Zygarde|Rest|p2a: Zygarde
|-status|p2a: Zygarde|slp|[from] move: Rest
|-heal|p2a: Zygarde|100/100 slp|[silent]
|
|upkeep
|turn|53
|
|t:|1622326881
|switch|p1a: Calyrex|Calyrex-Shadow|83/100
|-ability|p1a: Calyrex|As One
|-ability|p1a: Calyrex|Unnerve
|cant|p2a: Zygarde|slp
|
|upkeep
|turn|54
|
|t:|1622326885
|switch|p2a: Yveltal|Yveltal, shiny|88/100
|-ability|p2a: Yveltal|Dark Aura
|move|p1a: Calyrex|Leech Seed|p2a: Yveltal
|-start|p2a: Yveltal|move: Leech Seed
|
|-damage|p2a: Yveltal|75/100|[from] Leech Seed|[of] p1a: Calyrex
|-heal|p1a: Calyrex|98/100|[silent]
|upkeep
|turn|55
|
|t:|1622326888
|move|p1a: Calyrex|Substitute|p1a: Calyrex
|-start|p1a: Calyrex|Substitute
|-damage|p1a: Calyrex|74/100
|move|p2a: Yveltal|Taunt|p1a: Calyrex
|-start|p1a: Calyrex|move: Taunt
|
|-damage|p2a: Yveltal|63/100|[from] Leech Seed|[of] p1a: Calyrex
|-heal|p1a: Calyrex|89/100|[silent]
|upkeep
|turn|56
|
|t:|1622326894
|move|p1a: Calyrex|Astral Barrage|p2a: Yveltal
|-resisted|p2a: Yveltal
|-damage|p2a: Yveltal|37/100
|move|p2a: Yveltal|Roost|p2a: Yveltal
|-heal|p2a: Yveltal|87/100
|-singleturn|p2a: Yveltal|move: Roost
|
|-damage|p2a: Yveltal|74/100|[from] Leech Seed|[of] p1a: Calyrex
|-heal|p1a: Calyrex|100/100|[silent]
|upkeep
|turn|57
|
|t:|1622326901
|switch|p1a: Yveltal|Yveltal|74/100
|-ability|p1a: Yveltal|Dark Aura
|move|p2a: Yveltal|Sucker Punch||[still]
|-fail|p2a: Yveltal
|
|-damage|p2a: Yveltal|62/100|[from] Leech Seed|[of] p1a: Yveltal
|-heal|p1a: Yveltal|88/100|[silent]
|upkeep
|turn|58
|
|t:|1622326923
|switch|p2a: Zygarde|Zygarde-Complete|100/100 slp
|move|p1a: Yveltal|Knock Off|p2a: Zygarde
|-damage|p2a: Zygarde|80/100 slp
|
|upkeep
|turn|59
|
|t:|1622326937
|switch|p1a: Calyrex|Calyrex-Shadow|100/100
|-ability|p1a: Calyrex|As One
|-ability|p1a: Calyrex|Unnerve
|switch|p2a: Blissey|Blissey, F|98/100
|
|upkeep
|turn|60
|
|t:|1622326941
|move|p1a: Calyrex|Substitute|p1a: Calyrex
|-start|p1a: Calyrex|Substitute
|-damage|p1a: Calyrex|76/100
|move|p2a: Blissey|Aromatherapy|p2a: Blissey
|-activate|p2a: Blissey|move: Aromatherapy
|-curestatus|p2: Zygarde|slp|[msg]
|-curestatus|p2: Eternatus|par|[msg]
|-curestatus|p2: Lunala|par|[msg]
|
|upkeep
|turn|61
|
|t:|1622326949
|switch|p2a: Yveltal|Yveltal, shiny|62/100
|-ability|p2a: Yveltal|Dark Aura
|move|p1a: Calyrex|Leech Seed|p2a: Yveltal
|-start|p2a: Yveltal|move: Leech Seed
|
|-damage|p2a: Yveltal|49/100|[from] Leech Seed|[of] p1a: Calyrex
|-heal|p1a: Calyrex|91/100|[silent]
|upkeep
|turn|62
|
|t:|1622326954
|switch|p1a: Xerneas|Xerneas|58/100
|-ability|p1a: Xerneas|Fairy Aura
|move|p2a: Yveltal|Roost|p2a: Yveltal
|-heal|p2a: Yveltal|99/100
|-singleturn|p2a: Yveltal|move: Roost
|
|-damage|p2a: Yveltal|87/100|[from] Leech Seed|[of] p1a: Xerneas
|-heal|p1a: Xerneas|72/100|[silent]
|upkeep
|turn|63
|
|t:|1622326967
|switch|p2a: Necrozma|Necrozma-Dusk-Mane|96/100
|switch|p1a: Yveltal|Yveltal|88/100
|-ability|p1a: Yveltal|Dark Aura
|
|-heal|p2a: Necrozma|100/100|[from] item: Leftovers
|upkeep
|turn|64
|
|t:|1622326971
|switch|p2a: Zygarde|Zygarde-Complete|80/100
|move|p1a: Yveltal|Knock Off|p2a: Zygarde
|-damage|p2a: Zygarde|57/100
|
|upkeep
|turn|65
|
|t:|1622326983
|move|p1a: Yveltal|Oblivion Wing|p2a: Zygarde
|-damage|p2a: Zygarde|44/100
|-heal|p1a: Yveltal|100/100|[from] drain|[of] p2a: Zygarde
|move|p2a: Zygarde|Coil|p2a: Zygarde
|-boost|p2a: Zygarde|atk|1
|-boost|p2a: Zygarde|def|1
|-boost|p2a: Zygarde|accuracy|1
|
|upkeep
|turn|66
|
|t:|1622326987
|move|p1a: Yveltal|Oblivion Wing|p2a: Zygarde
|-damage|p2a: Zygarde|30/100
|move|p2a: Zygarde|Thousand Arrows|p1a: Yveltal
|-damage|p1a: Yveltal|63/100
|-start|p1a: Yveltal|Smack Down
|
|upkeep
|turn|67
|
|t:|1622326992
|switch|p1a: Xerneas|Xerneas|72/100
|-ability|p1a: Xerneas|Fairy Aura
|move|p2a: Zygarde|Rest|p2a: Zygarde
|-status|p2a: Zygarde|slp|[from] move: Rest
|-heal|p2a: Zygarde|100/100 slp|[silent]
|
|upkeep
|turn|68
|
|t:|1622326997
|switch|p1a: Calyrex|Calyrex-Shadow|91/100
|-ability|p1a: Calyrex|As One
|-ability|p1a: Calyrex|Unnerve
|switch|p2a: Blissey|Blissey, F|98/100
|
|upkeep
|turn|69
|
|t:|1622327005
|move|p1a: Calyrex|Substitute|p1a: Calyrex
|-start|p1a: Calyrex|Substitute
|-damage|p1a: Calyrex|67/100
|move|p2a: Blissey|Toxic||[still]
|-fail|p2a: Blissey
|
|upkeep
|turn|70
|
|t:|1622327008
|switch|p2a: Yveltal|Yveltal, shiny|87/100
|-ability|p2a: Yveltal|Dark Aura
|move|p1a: Calyrex|Leech Seed|p2a: Yveltal
|-start|p2a: Yveltal|move: Leech Seed
|
|-damage|p2a: Yveltal|74/100|[from] Leech Seed|[of] p1a: Calyrex
|-heal|p1a: Calyrex|82/100|[silent]
|upkeep
|turn|71
|
|t:|1622327027
|move|p1a: Calyrex|Astral Barrage|p2a: Yveltal
|-resisted|p2a: Yveltal
|-damage|p2a: Yveltal|47/100
|move|p2a: Yveltal|Taunt|p1a: Calyrex
|-start|p1a: Calyrex|move: Taunt
|
|-damage|p2a: Yveltal|34/100|[from] Leech Seed|[of] p1a: Calyrex
|-heal|p1a: Calyrex|98/100|[silent]
|upkeep
|turn|72
|
|t:|1622327038
|switch|p1a: Xerneas|Xerneas|72/100
|-ability|p1a: Xerneas|Fairy Aura
|move|p2a: Yveltal|Roost|p2a: Yveltal
|-heal|p2a: Yveltal|84/100
|-singleturn|p2a: Yveltal|move: Roost
|
|-damage|p2a: Yveltal|72/100|[from] Leech Seed|[of] p1a: Xerneas
|-heal|p1a: Xerneas|85/100|[silent]
|upkeep
|turn|73
|
|t:|1622327046
|switch|p2a: Necrozma|Necrozma-Dusk-Mane|100/100
|move|p1a: Xerneas|Moonblast|p2a: Necrozma
|-resisted|p2a: Necrozma
|-damage|p2a: Necrozma|74/100
|
|-heal|p2a: Necrozma|80/100|[from] item: Leftovers
|upkeep
|turn|74
|
|t:|1622327053
|switch|p1a: Ho-Oh|Ho-Oh|81/100
|move|p2a: Necrozma|Stealth Rock|p1a: Ho-Oh
|-sidestart|p1: Rell27|move: Stealth Rock
|
|-heal|p2a: Necrozma|86/100|[from] item: Leftovers
|upkeep
|turn|75
|
|t:|1622327060
|switch|p2a: Zygarde|Zygarde-Complete|100/100 slp
|move|p1a: Ho-Oh|Sacred Fire|p2a: Zygarde
|-resisted|p2a: Zygarde
|-damage|p2a: Zygarde|88/100 slp
|
|upkeep
|turn|76
|
|t:|1622327065
|switch|p1a: Calyrex|Calyrex-Shadow|98/100
|-ability|p1a: Calyrex|As One
|-ability|p1a: Calyrex|Unnerve
|-damage|p1a: Calyrex|86/100|[from] Stealth Rock
|cant|p2a: Zygarde|slp
|
|upkeep
|turn|77
|
|t:|1622327068
|switch|p2a: Yveltal|Yveltal, shiny|72/100
|-ability|p2a: Yveltal|Dark Aura
|move|p1a: Calyrex|Leech Seed|p2a: Yveltal
|-start|p2a: Yveltal|move: Leech Seed
|
|-damage|p2a: Yveltal|59/100|[from] Leech Seed|[of] p1a: Calyrex
|-heal|p1a: Calyrex|100/100|[silent]
|upkeep
|turn|78
|
|t:|1622327070
|move|p1a: Calyrex|Substitute|p1a: Calyrex
|-start|p1a: Calyrex|Substitute
|-damage|p1a: Calyrex|76/100
|move|p2a: Yveltal|Taunt|p1a: Calyrex
|-start|p1a: Calyrex|move: Taunt
|
|-damage|p2a: Yveltal|47/100|[from] Leech Seed|[of] p1a: Calyrex
|-heal|p1a: Calyrex|91/100|[silent]
|upkeep
|turn|79
|
|t:|1622327078
|move|p1a: Calyrex|Astral Barrage|p2a: Yveltal
|-resisted|p2a: Yveltal
|-damage|p2a: Yveltal|20/100
|move|p2a: Yveltal|Roost|p2a: Yveltal
|-heal|p2a: Yveltal|70/100
|-singleturn|p2a: Yveltal|move: Roost
|
|-damage|p2a: Yveltal|58/100|[from] Leech Seed|[of] p1a: Calyrex
|-heal|p1a: Calyrex|100/100|[silent]
|upkeep
|turn|80
|
|t:|1622327082
|switch|p1a: Xerneas|Xerneas|85/100
|-damage|p1a: Xerneas|73/100|[from] Stealth Rock
|-ability|p1a: Xerneas|Fairy Aura
|move|p2a: Yveltal|Roost|p2a: Yveltal
|-heal|p2a: Yveltal|100/100
|-singleturn|p2a: Yveltal|move: Roost
|
|-damage|p2a: Yveltal|88/100|[from] Leech Seed|[of] p1a: Xerneas
|-heal|p1a: Xerneas|86/100|[silent]
|upkeep
|turn|81
|
|t:|1622327091
|switch|p2a: Necrozma|Necrozma-Dusk-Mane|86/100
|move|p1a: Xerneas|Geomancy||[still]
|-prepare|p1a: Xerneas|Geomancy
|-enditem|p1a: Xerneas|Power Herb
|-anim|p1a: Xerneas|Geomancy|p1a: Xerneas
|-boost|p1a: Xerneas|spa|2
|-boost|p1a: Xerneas|spd|2
|-boost|p1a: Xerneas|spe|2
|
|-heal|p2a: Necrozma|92/100|[from] item: Leftovers
|upkeep
|turn|82
|
|t:|1622327094
|move|p1a: Xerneas|Moonblast|p2a: Necrozma
|-resisted|p2a: Necrozma
|-damage|p2a: Necrozma|31/100
|move|p2a: Necrozma|Sunsteel Strike|p1a: Xerneas
|-supereffective|p1a: Xerneas
|-damage|p1a: Xerneas|16/100
|
|-heal|p2a: Necrozma|37/100|[from] item: Leftovers
|upkeep
|turn|83
|
|t:|1622327100
|move|p1a: Xerneas|Moonblast|p2a: Necrozma
|-resisted|p2a: Necrozma
|-damage|p2a: Necrozma|0 fnt
|faint|p2a: Necrozma
|
|upkeep
|
|t:|1622327102
|switch|p2a: Blissey|Blissey, F|98/100
|turn|84
|
|t:|1622327112
|move|p1a: Xerneas|Defog|p2a: Blissey
|-unboost|p2a: Blissey|evasion|1
|-sideend|p1: Rell27|Stealth Rock|[from] move: Defog|[of] p1a: Xerneas
|move|p2a: Blissey|Seismic Toss|p1a: Xerneas
|-damage|p1a: Xerneas|0 fnt
|faint|p1a: Xerneas
|
|upkeep
|
|t:|1622327123
|switch|p1a: Calyrex|Calyrex-Shadow|100/100
|-ability|p1a: Calyrex|As One
|-ability|p1a: Calyrex|Unnerve
|turn|85
|
|t:|1622327128
|switch|p2a: Yveltal|Yveltal, shiny|88/100
|-ability|p2a: Yveltal|Dark Aura
|move|p1a: Calyrex|Leech Seed|p2a: Yveltal
|-start|p2a: Yveltal|move: Leech Seed
|
|-damage|p2a: Yveltal|75/100|[from] Leech Seed|[of] p1a: Calyrex
|upkeep
|turn|86
|
|t:|1622327133
|move|p1a: Calyrex|Substitute|p1a: Calyrex
|-start|p1a: Calyrex|Substitute
|-damage|p1a: Calyrex|76/100
|move|p2a: Yveltal|Taunt|p1a: Calyrex
|-start|p1a: Calyrex|move: Taunt
|
|-damage|p2a: Yveltal|63/100|[from] Leech Seed|[of] p1a: Calyrex
|-heal|p1a: Calyrex|91/100|[silent]
|upkeep
|turn|87
|
|t:|1622327141
|switch|p1a: Yveltal|Yveltal|63/100
|-ability|p1a: Yveltal|Dark Aura
|switch|p2a: Blissey|Blissey, F|98/100
|
|upkeep
|turn|88
|
|t:|1622327147
|move|p1a: Yveltal|Knock Off|p2a: Blissey
|-crit|p2a: Blissey
|-damage|p2a: Blissey|1/100
|-enditem|p2a: Blissey|Heavy-Duty Boots|[from] move: Knock Off|[of] p1a: Yveltal
|move|p2a: Blissey|Toxic|p1a: Yveltal
|-status|p1a: Yveltal|tox
|
|-damage|p1a: Yveltal|57/100 tox|[from] psn
|upkeep
|turn|89
|c|☆comradesquidwar|sick
|
|t:|1622327156
|move|p1a: Yveltal|Oblivion Wing|p2a: Blissey
|-damage|p2a: Blissey|0 fnt
|-heal|p1a: Yveltal|58/100 tox|[from] drain|[of] p2a: Blissey
|faint|p2a: Blissey
|
|-damage|p1a: Yveltal|46/100 tox|[from] psn
|upkeep
|
|t:|1622327163
|switch|p2a: Zygarde|Zygarde-Complete|88/100 slp
|turn|90
|
|t:|1622327171
|switch|p1a: Calyrex|Calyrex-Shadow|91/100
|-ability|p1a: Calyrex|As One
|-ability|p1a: Calyrex|Unnerve
|cant|p2a: Zygarde|slp
|
|upkeep
|turn|91
|
|t:|1622327186
|move|p1a: Calyrex|Leech Seed|p2a: Zygarde
|-start|p2a: Zygarde|move: Leech Seed
|-curestatus|p2a: Zygarde|slp|[msg]
|move|p2a: Zygarde|Thousand Waves|p1a: Calyrex
|-damage|p1a: Calyrex|59/100
|
|-damage|p2a: Zygarde|76/100|[from] Leech Seed|[of] p1a: Calyrex
|-heal|p1a: Calyrex|81/100|[silent]
|upkeep
|turn|92
|
|t:|1622327195
|switch|p2a: Yveltal|Yveltal, shiny|63/100
|-ability|p2a: Yveltal|Dark Aura
|move|p1a: Calyrex|Substitute|p1a: Calyrex
|-start|p1a: Calyrex|Substitute
|-damage|p1a: Calyrex|56/100
|
|upkeep
|turn|93
|
|t:|1622327201
|move|p1a: Calyrex|Leech Seed|p2a: Yveltal
|-start|p2a: Yveltal|move: Leech Seed
|move|p2a: Yveltal|Knock Off|p1a: Calyrex
|-supereffective|p1a: Calyrex
|-end|p1a: Calyrex|Substitute
|
|-damage|p2a: Yveltal|50/100|[from] Leech Seed|[of] p1a: Calyrex
|-heal|p1a: Calyrex|72/100|[silent]
|upkeep
|turn|94
|
|t:|1622327209
|move|p1a: Calyrex|Substitute|p1a: Calyrex
|-start|p1a: Calyrex|Substitute
|-damage|p1a: Calyrex|47/100
|move|p2a: Yveltal|Roost|p2a: Yveltal
|-heal|p2a: Yveltal|100/100
|-singleturn|p2a: Yveltal|move: Roost
|
|-damage|p2a: Yveltal|88/100|[from] Leech Seed|[of] p1a: Calyrex
|-heal|p1a: Calyrex|62/100|[silent]
|upkeep
|turn|95
|
|t:|1622327219
|move|p1a: Calyrex|Astral Barrage|p2a: Yveltal
|-resisted|p2a: Yveltal
|-damage|p2a: Yveltal|63/100
|move|p2a: Yveltal|Taunt|p1a: Calyrex
|-start|p1a: Calyrex|move: Taunt
|
|-damage|p2a: Yveltal|50/100|[from] Leech Seed|[of] p1a: Calyrex
|-heal|p1a: Calyrex|78/100|[silent]
|upkeep
|turn|96
|
|t:|1622327242
|switch|p1a: Yveltal|Yveltal|46/100 tox
|-ability|p1a: Yveltal|Dark Aura
|move|p2a: Yveltal|Roost|p2a: Yveltal
|-heal|p2a: Yveltal|99/100
|-singleturn|p2a: Yveltal|move: Roost
|
|-damage|p2a: Yveltal|88/100|[from] Leech Seed|[of] p1a: Yveltal
|-heal|p1a: Yveltal|59/100 tox|[silent]
|-damage|p1a: Yveltal|53/100 tox|[from] psn
|upkeep
|turn|97
|
|t:|1622327248
|switch|p2a: Zygarde|Zygarde-Complete|76/100
|move|p1a: Yveltal|Oblivion Wing|p2a: Zygarde
|-damage|p2a: Zygarde|60/100
|-heal|p1a: Yveltal|70/100 tox|[from] drain|[of] p2a: Zygarde
|
|-damage|p1a: Yveltal|58/100 tox|[from] psn
|upkeep
|turn|98
|
|t:|1622327259
|move|p1a: Yveltal|Knock Off|p2a: Zygarde
|-damage|p2a: Zygarde|39/100
|move|p2a: Zygarde|Thousand Arrows|p1a: Yveltal
|-damage|p1a: Yveltal|36/100 tox
|-start|p1a: Yveltal|Smack Down
|
|-damage|p1a: Yveltal|18/100 tox|[from] psn
|upkeep
|turn|99
|
|t:|1622327266
|move|p1a: Yveltal|Roost|p1a: Yveltal
|-heal|p1a: Yveltal|68/100 tox
|-singleturn|p1a: Yveltal|move: Roost
|move|p2a: Zygarde|Rest|p2a: Zygarde
|-status|p2a: Zygarde|slp|[from] move: Rest
|-heal|p2a: Zygarde|100/100 slp|[silent]
|
|-damage|p1a: Yveltal|43/100 tox|[from] psn
|upkeep
|turn|100
|
|t:|1622327268
|switch|p1a: Calyrex|Calyrex-Shadow|78/100
|-ability|p1a: Calyrex|As One
|-ability|p1a: Calyrex|Unnerve
|cant|p2a: Zygarde|slp
|
|upkeep
|turn|101
|
|t:|1622327281
|switch|p2a: Yveltal|Yveltal, shiny|88/100
|-ability|p2a: Yveltal|Dark Aura
|move|p1a: Calyrex|Leech Seed|p2a: Yveltal
|-start|p2a: Yveltal|move: Leech Seed
|
|-damage|p2a: Yveltal|75/100|[from] Leech Seed|[of] p1a: Calyrex
|-heal|p1a: Calyrex|94/100|[silent]
|upkeep
|turn|102
|
|t:|1622327291
|move|p1a: Calyrex|Substitute|p1a: Calyrex
|-start|p1a: Calyrex|Substitute
|-damage|p1a: Calyrex|69/100
|move|p2a: Yveltal|Taunt|p1a: Calyrex
|-start|p1a: Calyrex|move: Taunt
|
|-damage|p2a: Yveltal|63/100|[from] Leech Seed|[of] p1a: Calyrex
|-heal|p1a: Calyrex|85/100|[silent]
|upkeep
|turn|103
|
|t:|1622327303
|move|p2a: Yveltal|Sucker Punch|p1a: Calyrex
|-supereffective|p1a: Calyrex
|-end|p1a: Calyrex|Substitute
|move|p1a: Calyrex|Astral Barrage|p2a: Yveltal
|-resisted|p2a: Yveltal
|-damage|p2a: Yveltal|38/100
|
|-damage|p2a: Yveltal|25/100|[from] Leech Seed|[of] p1a: Calyrex
|-heal|p1a: Calyrex|100/100|[silent]
|upkeep
|turn|104
|
|t:|1622327308
|switch|p1a: Yveltal|Yveltal|43/100 tox
|-ability|p1a: Yveltal|Dark Aura
|move|p2a: Yveltal|Roost|p2a: Yveltal
|-heal|p2a: Yveltal|75/100
|-singleturn|p2a: Yveltal|move: Roost
|
|-damage|p2a: Yveltal|63/100|[from] Leech Seed|[of] p1a: Yveltal
|-heal|p1a: Yveltal|57/100 tox|[silent]
|-damage|p1a: Yveltal|50/100 tox|[from] psn
|upkeep
|turn|105
|
|t:|1622327314
|switch|p2a: Zygarde|Zygarde-Complete|100/100 slp
|move|p1a: Yveltal|Oblivion Wing|p2a: Zygarde
|-damage|p2a: Zygarde|87/100 slp
|-heal|p1a: Yveltal|66/100 tox|[from] drain|[of] p2a: Zygarde
|
|-damage|p1a: Yveltal|53/100 tox|[from] psn
|upkeep
|turn|106
|
|t:|1622327318
|switch|p1a: Calyrex|Calyrex-Shadow|100/100
|-ability|p1a: Calyrex|As One
|-ability|p1a: Calyrex|Unnerve
|cant|p2a: Zygarde|slp
|
|upkeep
|turn|107
|
|t:|1622327323
|move|p1a: Calyrex|Leech Seed|p2a: Zygarde
|-start|p2a: Zygarde|move: Leech Seed
|-curestatus|p2a: Zygarde|slp|[msg]
|move|p2a: Zygarde|Thousand Waves|p1a: Calyrex
|-damage|p1a: Calyrex|63/100
|
|-damage|p2a: Zygarde|74/100|[from] Leech Seed|[of] p1a: Calyrex
|-heal|p1a: Calyrex|85/100|[silent]
|upkeep
|turn|108
|
|t:|1622327332
|move|p1a: Calyrex|Substitute|p1a: Calyrex
|-start|p1a: Calyrex|Substitute
|-damage|p1a: Calyrex|60/100
|move|p2a: Zygarde|Thousand Waves|p1a: Calyrex
|-end|p1a: Calyrex|Substitute
|
|-damage|p2a: Zygarde|62/100|[from] Leech Seed|[of] p1a: Calyrex
|-heal|p1a: Calyrex|82/100|[silent]
|upkeep
|turn|109
|
|t:|1622327337
|move|p1a: Calyrex|Psyshock|p2a: Zygarde
|-damage|p2a: Zygarde|41/100
|move|p2a: Zygarde|Thousand Waves|p1a: Calyrex
|-damage|p1a: Calyrex|48/100
|
|-damage|p2a: Zygarde|29/100|[from] Leech Seed|[of] p1a: Calyrex
|-heal|p1a: Calyrex|70/100|[silent]
|upkeep
|turn|110
|
|t:|1622327346
|move|p1a: Calyrex|Substitute|p1a: Calyrex
|-start|p1a: Calyrex|Substitute
|-damage|p1a: Calyrex|45/100
|move|p2a: Zygarde|Rest|p2a: Zygarde
|-status|p2a: Zygarde|slp|[from] move: Rest
|-heal|p2a: Zygarde|100/100 slp|[silent]
|
|-damage|p2a: Zygarde|88/100 slp|[from] Leech Seed|[of] p1a: Calyrex
|-heal|p1a: Calyrex|67/100|[silent]
|upkeep
|turn|111
|
|t:|1622327349
|switch|p2a: Yveltal|Yveltal, shiny|63/100
|-ability|p2a: Yveltal|Dark Aura
|move|p1a: Calyrex|Psyshock|p2a: Yveltal
|-immune|p2a: Yveltal
|
|upkeep
|turn|112
|
|t:|1622327353
|move|p1a: Calyrex|Leech Seed|p2a: Yveltal
|-start|p2a: Yveltal|move: Leech Seed
|move|p2a: Yveltal|Taunt|p1a: Calyrex
|-start|p1a: Calyrex|move: Taunt
|
|-damage|p2a: Yveltal|50/100|[from] Leech Seed|[of] p1a: Calyrex
|-heal|p1a: Calyrex|83/100|[silent]
|upkeep
|turn|113
|
|t:|1622327363
|switch|p1a: Eternatus|Eternatus|68/100
|-ability|p1a: Eternatus|Pressure
|move|p2a: Yveltal|Roost|p2a: Yveltal
|-heal|p2a: Yveltal|99/100
|-singleturn|p2a: Yveltal|move: Roost
|
|-damage|p2a: Yveltal|88/100|[from] Leech Seed|[of] p1a: Eternatus
|-heal|p1a: Eternatus|81/100|[silent]
|upkeep
|turn|114
|
|t:|1622327372
|switch|p2a: Eternatus|Eternatus|13/100
|-ability|p2a: Eternatus|Pressure
|move|p1a: Eternatus|Dynamax Cannon|p2a: Eternatus
|-supereffective|p2a: Eternatus
|-damage|p2a: Eternatus|0 fnt
|faint|p2a: Eternatus
|-damage|p1a: Eternatus|71/100|[from] item: Life Orb
|
|upkeep
|
|t:|1622327374
|switch|p2a: Lunala|Lunala|100/100
|turn|115
|
|t:|1622327381
|switch|p1a: Ho-Oh|Ho-Oh|100/100
|move|p2a: Lunala|Ice Beam|p1a: Ho-Oh
|-damage|p1a: Ho-Oh|87/100
|
|upkeep
|turn|116
|
|t:|1622327390
|switch|p2a: Zygarde|Zygarde-Complete|88/100 slp
|move|p1a: Ho-Oh|Brave Bird|p2a: Zygarde
|-damage|p2a: Zygarde|58/100 slp
|-damage|p1a: Ho-Oh|71/100|[from] Recoil
|
|upkeep
|turn|117
|
|t:|1622327395
|switch|p1a: Calyrex|Calyrex-Shadow|83/100
|-ability|p1a: Calyrex|As One
|-ability|p1a: Calyrex|Unnerve
|cant|p2a: Zygarde|slp
|
|upkeep
|turn|118
|
|t:|1622327400
|move|p1a: Calyrex|Leech Seed|p2a: Zygarde
|-start|p2a: Zygarde|move: Leech Seed
|cant|p2a: Zygarde|slp
|
|-damage|p2a: Zygarde|46/100 slp|[from] Leech Seed|[of] p1a: Calyrex
|-heal|p1a: Calyrex|100/100|[silent]
|upkeep
|turn|119
|
|t:|1622327405
|move|p1a: Calyrex|Psyshock|p2a: Zygarde
|-damage|p2a: Zygarde|26/100 slp
|-curestatus|p2a: Zygarde|slp|[msg]
|move|p2a: Zygarde|Rest|p2a: Zygarde
|-status|p2a: Zygarde|slp|[from] move: Rest
|-heal|p2a: Zygarde|100/100 slp|[silent]
|
|-damage|p2a: Zygarde|88/100 slp|[from] Leech Seed|[of] p1a: Calyrex
|upkeep
|turn|120
|
|t:|1622327411
|switch|p2a: Yveltal|Yveltal, shiny|88/100
|-ability|p2a: Yveltal|Dark Aura
|move|p1a: Calyrex|Substitute|p1a: Calyrex
|-start|p1a: Calyrex|Substitute
|-damage|p1a: Calyrex|76/100
|
|upkeep
|turn|121
|
|t:|1622327418
|switch|p2a: Zygarde|Zygarde-Complete|88/100 slp
|move|p1a: Calyrex|Leech Seed|p2a: Zygarde
|-start|p2a: Zygarde|move: Leech Seed
|
|-damage|p2a: Zygarde|76/100 slp|[from] Leech Seed|[of] p1a: Calyrex
|-heal|p1a: Calyrex|97/100|[silent]
|upkeep
|turn|122
|
|t:|1622327423
|switch|p2a: Yveltal|Yveltal, shiny|88/100
|-ability|p2a: Yveltal|Dark Aura
|move|p1a: Calyrex|Astral Barrage|p2a: Yveltal
|-resisted|p2a: Yveltal
|-damage|p2a: Yveltal|63/100
|
|upkeep
|turn|123
|
|t:|1622327431
|switch|p1a: Eternatus|Eternatus|71/100
|-ability|p1a: Eternatus|Pressure
|move|p2a: Yveltal|Knock Off|p1a: Eternatus
|-damage|p1a: Eternatus|29/100
|-enditem|p1a: Eternatus|Life Orb|[from] move: Knock Off|[of] p2a: Yveltal
|
|upkeep
|turn|124
|
|t:|1622327438
|move|p1a: Eternatus|Recover|p1a: Eternatus
|-heal|p1a: Eternatus|79/100
|move|p2a: Yveltal|Taunt|p1a: Eternatus
|-start|p1a: Eternatus|move: Taunt
|
|upkeep
|turn|125
|
|t:|1622327441
|switch|p2a: Lunala|Lunala|100/100
|move|p1a: Eternatus|Sludge Bomb|p2a: Lunala
|-resisted|p2a: Lunala
|-damage|p2a: Lunala|92/100
|
|upkeep
|turn|126
|
|t:|1622327454
|switch|p1a: Ho-Oh|Ho-Oh|100/100
|move|p2a: Lunala|Roost|p2a: Lunala
|-heal|p2a: Lunala|100/100
|-singleturn|p2a: Lunala|move: Roost
|
|upkeep
|turn|127
|
|t:|1622327463
|switch|p2a: Zygarde|Zygarde-Complete|76/100 slp
|switch|p1a: Eternatus|Eternatus|79/100
|-ability|p1a: Eternatus|Pressure
|
|upkeep
|turn|128
|
|t:|1622327468
|switch|p2a: Lunala|Lunala|100/100
|move|p1a: Eternatus|Dynamax Cannon|p2a: Lunala
|-damage|p2a: Lunala|81/100
|
|upkeep
|turn|129
|
|t:|1622327471
|move|p1a: Eternatus|Sludge Bomb|p2a: Lunala
|-resisted|p2a: Lunala
|-damage|p2a: Lunala|63/100
|-status|p2a: Lunala|psn
|move|p2a: Lunala|Roost|p2a: Lunala
|-heal|p2a: Lunala|100/100 psn
|-singleturn|p2a: Lunala|move: Roost
|
|-damage|p2a: Lunala|88/100 psn|[from] psn
|upkeep
|turn|130
|
|t:|1622327477
|move|p1a: Eternatus|Flamethrower|p2a: Lunala
|-damage|p2a: Lunala|65/100 psn
|move|p2a: Lunala|Will-O-Wisp|p1a: Eternatus
|-status|p1a: Eternatus|brn
|
|-damage|p2a: Lunala|53/100 psn|[from] psn
|-damage|p1a: Eternatus|73/100 brn|[from] brn
|upkeep
|turn|131
|
|t:|1622327485
|move|p1a: Eternatus|Dynamax Cannon|p2a: Lunala
|-damage|p2a: Lunala|9/100 psn
|move|p2a: Lunala|Roost|p2a: Lunala
|-heal|p2a: Lunala|59/100 psn
|-singleturn|p2a: Lunala|move: Roost
|
|-damage|p2a: Lunala|47/100 psn|[from] psn
|-damage|p1a: Eternatus|67/100 brn|[from] brn
|upkeep
|turn|132
|
|t:|1622327491
|move|p1a: Eternatus|Flamethrower|p2a: Lunala
|-damage|p2a: Lunala|24/100 psn
|move|p2a: Lunala|Roost|p2a: Lunala
|-heal|p2a: Lunala|74/100 psn
|-singleturn|p2a: Lunala|move: Roost
|
|-damage|p2a: Lunala|62/100 psn|[from] psn
|-damage|p1a: Eternatus|61/100 brn|[from] brn
|upkeep
|turn|133
|
|t:|1622327499
|move|p1a: Eternatus|Recover|p1a: Eternatus
|-heal|p1a: Eternatus|100/100 brn
|move|p2a: Lunala|Roost|p2a: Lunala
|-heal|p2a: Lunala|100/100 psn
|-singleturn|p2a: Lunala|move: Roost
|
|-damage|p2a: Lunala|88/100 psn|[from] psn
|-damage|p1a: Eternatus|94/100 brn|[from] brn
|upkeep
|turn|134
|
|t:|1622327522
|switch|p1a: Calyrex|Calyrex-Shadow|97/100
|-ability|p1a: Calyrex|As One
|-ability|p1a: Calyrex|Unnerve
|move|p2a: Lunala|Ice Beam|p1a: Calyrex
|-damage|p1a: Calyrex|70/100
|
|-damage|p2a: Lunala|76/100 psn|[from] psn
|upkeep
|turn|135
|inactive|Rell27 has 120 seconds left.
|
|t:|1622327546
|switch|p1a: Ho-Oh|Ho-Oh|100/100
|switch|p2a: Yveltal|Yveltal, shiny|63/100
|-ability|p2a: Yveltal|Dark Aura
|
|upkeep
|turn|136
|
|t:|1622327550
|switch|p2a: Zygarde|Zygarde-Complete|76/100 slp
|move|p1a: Ho-Oh|Sacred Fire|p2a: Zygarde
|-resisted|p2a: Zygarde
|-damage|p2a: Zygarde|64/100 slp
|
|upkeep
|turn|137
|
|t:|1622327554
|switch|p1a: Eternatus|Eternatus|94/100 brn
|-ability|p1a: Eternatus|Pressure
|cant|p2a: Zygarde|slp
|
|-damage|p1a: Eternatus|88/100 brn|[from] brn
|upkeep
|turn|138
|
|t:|1622327560
|switch|p2a: Lunala|Lunala|76/100 psn
|move|p1a: Eternatus|Dynamax Cannon|p2a: Lunala
|-damage|p2a: Lunala|34/100 psn
|
|-damage|p2a: Lunala|22/100 psn|[from] psn
|-damage|p1a: Eternatus|82/100 brn|[from] brn
|upkeep
|turn|139
|
|t:|1622327565
|switch|p2a: Zygarde|Zygarde-Complete|64/100 slp
|move|p1a: Eternatus|Flamethrower|p2a: Zygarde
|-resisted|p2a: Zygarde
|-damage|p2a: Zygarde|56/100 slp
|
|-damage|p1a: Eternatus|76/100 brn|[from] brn
|upkeep
|turn|140
|inactive|Rell27 has 120 seconds left.
|
|t:|1622327583
|move|p1a: Eternatus|Flamethrower|p2a: Zygarde
|-resisted|p2a: Zygarde
|-damage|p2a: Zygarde|50/100 slp
|cant|p2a: Zygarde|slp
|
|-damage|p1a: Eternatus|70/100 brn|[from] brn
|upkeep
|turn|141
|inactive|Rell27 has 120 seconds left.
|
|t:|1622327590
|switch|p1a: Yveltal|Yveltal|53/100 tox
|-ability|p1a: Yveltal|Dark Aura
|switch|p2a: Lunala|Lunala|22/100 psn
|
|-damage|p2a: Lunala|9/100 psn|[from] psn
|-damage|p1a: Yveltal|47/100 tox|[from] psn
|upkeep
|turn|142
|inactive|Rell27 has 120 seconds left.
|
|t:|1622327599
|move|p2a: Lunala|Roost|p2a: Lunala
|-heal|p2a: Lunala|59/100 psn
|-singleturn|p2a: Lunala|move: Roost
|move|p1a: Yveltal|Oblivion Wing|p2a: Lunala
|-damage|p2a: Lunala|35/100 psn
|-heal|p1a: Yveltal|68/100 tox|[from] drain|[of] p2a: Lunala
|
|-damage|p2a: Lunala|23/100 psn|[from] psn
|-damage|p1a: Yveltal|55/100 tox|[from] psn
|upkeep
|turn|143
|
|t:|1622327605
|switch|p2a: Zygarde|Zygarde-Complete|50/100 slp
|move|p1a: Yveltal|Knock Off|p2a: Zygarde
|-damage|p2a: Zygarde|27/100 slp
|
|-damage|p1a: Yveltal|37/100 tox|[from] psn
|upkeep
|turn|144
|
|t:|1622327608
|move|p1a: Yveltal|Knock Off|p2a: Zygarde
|-damage|p2a: Zygarde|7/100 slp
|-curestatus|p2a: Zygarde|slp|[msg]
|move|p2a: Zygarde|Rest|p2a: Zygarde
|-status|p2a: Zygarde|slp|[from] move: Rest
|-heal|p2a: Zygarde|100/100 slp|[silent]
|
|-damage|p1a: Yveltal|12/100 tox|[from] psn
|upkeep
|turn|145
|
|t:|1622327613
|move|p1a: Yveltal|Roost|p1a: Yveltal
|-heal|p1a: Yveltal|62/100 tox
|-singleturn|p1a: Yveltal|move: Roost
|cant|p2a: Zygarde|slp
|
|-damage|p1a: Yveltal|31/100 tox|[from] psn
|upkeep
|turn|146
|
|t:|1622327616
|switch|p1a: Calyrex|Calyrex-Shadow|70/100
|-ability|p1a: Calyrex|As One
|-ability|p1a: Calyrex|Unnerve
|cant|p2a: Zygarde|slp
|
|upkeep
|turn|147
|
|t:|1622327622
|move|p1a: Calyrex|Leech Seed|p2a: Zygarde
|-start|p2a: Zygarde|move: Leech Seed
|-curestatus|p2a: Zygarde|slp|[msg]
|move|p2a: Zygarde|Thousand Waves|p1a: Calyrex
|-damage|p1a: Calyrex|35/100
|
|-damage|p2a: Zygarde|88/100|[from] Leech Seed|[of] p1a: Calyrex
|-heal|p1a: Calyrex|57/100|[silent]
|upkeep
|turn|148
|
|t:|1622327630
|move|p1a: Calyrex|Psyshock|p2a: Zygarde
|-damage|p2a: Zygarde|68/100
|move|p2a: Zygarde|Coil|p2a: Zygarde
|-boost|p2a: Zygarde|atk|1
|-boost|p2a: Zygarde|def|1
|-boost|p2a: Zygarde|accuracy|1
|
|-damage|p2a: Zygarde|55/100|[from] Leech Seed|[of] p1a: Calyrex
|-heal|p1a: Calyrex|78/100|[silent]
|upkeep
|turn|149
|
|t:|1622327643
|move|p1a: Calyrex|Astral Barrage|p2a: Zygarde
|-damage|p2a: Zygarde|29/100
|move|p2a: Zygarde|Rest|p2a: Zygarde
|-status|p2a: Zygarde|slp|[from] move: Rest
|-heal|p2a: Zygarde|100/100 slp|[silent]
|
|-damage|p2a: Zygarde|88/100 slp|[from] Leech Seed|[of] p1a: Calyrex
|-heal|p1a: Calyrex|99/100|[silent]
|upkeep
|turn|150
|
|t:|1622327656
|switch|p1a: Eternatus|Eternatus|70/100 brn
|-ability|p1a: Eternatus|Pressure
|cant|p2a: Zygarde|slp
|
|-damage|p2a: Zygarde|76/100 slp|[from] Leech Seed|[of] p1a: Eternatus
|-heal|p1a: Eternatus|87/100 brn|[silent]
|-damage|p1a: Eternatus|81/100 brn|[from] brn
|upkeep
|turn|151
|
|t:|1622327661
|switch|p2a: Lunala|Lunala|23/100 psn
|move|p1a: Eternatus|Dynamax Cannon|p2a: Lunala
|-damage|p2a: Lunala|0 fnt
|faint|p2a: Lunala
|
|-damage|p1a: Eternatus|75/100 brn|[from] brn
|upkeep
|
|t:|1622327664
|switch|p2a: Zygarde|Zygarde-Complete|76/100 slp
|turn|152
|
|t:|1622327667
|switch|p1a: Calyrex|Calyrex-Shadow|99/100
|-ability|p1a: Calyrex|As One
|-ability|p1a: Calyrex|Unnerve
|cant|p2a: Zygarde|slp
|
|upkeep
|turn|153
|-message|Rell27 forfeited.
|
|win|comradesquidwar
|raw|Rell27's rating: 1466 &rarr; <strong>1453</strong><br />(-13 for losing)
|raw|comradesquidwar's rating: 1589 &rarr; <strong>1602</strong><br />(+13 for winning)
|l|☆Rell27
|c|☆comradesquidwar|gg wp
