|j|☆waterworld101
|j|☆Mountain_Jam
|t:|1661410828
|gametype|singles
|player|p1|waterworld101|hilbert-wonderlauncher|
|player|p2|Mountain_Jam|veteran-gen4|
|teamsize|p1|6
|teamsize|p2|6
|gen|8
|tier|[Gen 8] Ubers
|rated|Tournament battle
|rule|Sleep Clause Mod: Limit one foe put to sleep
|rule|Species Clause: Limit one of each Pokémon
|rule|OHKO Clause: OHKO moves are banned
|rule|Evasion Items Clause: Evasion items are banned
|rule|Evasion Moves Clause: Evasion moves are banned
|rule|Endless Battle Clause: Forcing endless battles is banned
|rule|HP Percentage Mod: HP is shown in percentages
|rule|Dynamax Clause: You cannot dynamax
|clearpoke
|poke|p1|Calyrex-Shadow|
|poke|p1|Necrozma-Dusk-Mane|
|poke|p1|Yveltal|
|poke|p1|Eternatus|
|poke|p1|Groudon|
|poke|p1|Xerneas-*|
|poke|p2|Marshadow|
|poke|p2|Ferrothorn, F|
|poke|p2|Eternatus|
|poke|p2|Zygarde|
|poke|p2|Yveltal|
|poke|p2|Necrozma-Dusk-Mane|
|teampreview
|inactive|Battle timer is ON: inactive players will automatically lose when time's up. (requested by Mountain_Jam)
|j| Jase duken
|
|t:|1661410848
|start
|switch|p1a: Calyrex|Calyrex-Shadow|100/100
|switch|p2a: Ferrothorn|Ferrothorn, F|100/100
|-ability|p1a: Calyrex|As One
|-ability|p1a: Calyrex|Unnerve
|turn|1
|
|t:|1661410858
|switch|p2a: Yveltal|Yveltal|100/100
|-ability|p2a: Yveltal|Dark Aura
|move|p1a: Calyrex|Astral Barrage|p2a: Yveltal
|-resisted|p2a: Yveltal
|-damage|p2a: Yveltal|61/100
|
|upkeep
|turn|2
|
|t:|1661410866
|switch|p1a: Xerneas|Xerneas|100/100
|-ability|p1a: Xerneas|Fairy Aura
|move|p2a: Yveltal|Knock Off|p1a: Xerneas
|-resisted|p1a: Xerneas
|-damage|p1a: Xerneas|85/100
|-enditem|p1a: Xerneas|Leftovers|[from] move: Knock Off|[of] p2a: Yveltal
|
|upkeep
|turn|3
|
|t:|1661410893
|switch|p2a: Necrozma|Necrozma-Dusk-Mane|100/100
|switch|p1a: Eternatus|Eternatus|100/100
|-ability|p1a: Eternatus|Pressure
|
|upkeep
|turn|4
|
|t:|1661410903
|switch|p1a: Necrozma|Necrozma-Dusk-Mane|100/100
|move|p2a: Necrozma|Stealth Rock|p1a: Necrozma
|-sidestart|p1: waterworld101|move: Stealth Rock
|
|upkeep
|turn|5
|inactive|Mountain_Jam has 120 seconds left.
|
|t:|1661410935
|switch|p2a: Zygarde|Zygarde|100/100
|move|p1a: Necrozma|Stealth Rock|p2a: Zygarde
|-sidestart|p2: Mountain_Jam|move: Stealth Rock
|
|upkeep
|turn|6
|
|t:|1661410943
|switch|p1a: Xerneas|Xerneas|85/100
|-damage|p1a: Xerneas|72/100|[from] Stealth Rock
|-ability|p1a: Xerneas|Fairy Aura
|move|p2a: Zygarde|Glare|p1a: Xerneas
|-status|p1a: Xerneas|par
|
|upkeep
|turn|7
|inactive|Mountain_Jam has 120 seconds left.
|
|t:|1661410956
|switch|p2a: Necrozma|Necrozma-Dusk-Mane|100/100
|-damage|p2a: Necrozma|94/100|[from] Stealth Rock
|move|p1a: Xerneas|Moonblast|p2a: Necrozma
|-resisted|p2a: Necrozma
|-damage|p2a: Necrozma|77/100
|
|-heal|p2a: Necrozma|83/100|[from] item: Leftovers
|upkeep
|turn|8
|inactive|Mountain_Jam has 120 seconds left.
|
|t:|1661410966
|switch|p1a: Groudon|Groudon|100/100
|-damage|p1a: Groudon|94/100|[from] Stealth Rock
|-weather|SunnyDay|[from] ability: Drought|[of] p1a: Groudon
|move|p2a: Necrozma|Swords Dance|p2a: Necrozma
|-boost|p2a: Necrozma|atk|2
|
|-weather|SunnyDay|[upkeep]
|-heal|p1a: Groudon|100/100|[from] item: Leftovers
|-heal|p2a: Necrozma|89/100|[from] item: Leftovers
|upkeep
|turn|9
|inactive|Mountain_Jam has 120 seconds left.
|
|t:|1661410990
|move|p1a: Groudon|Swords Dance|p1a: Groudon
|-boost|p1a: Groudon|atk|2
|move|p2a: Necrozma|Sunsteel Strike|p1a: Groudon
|-damage|p1a: Groudon|29/100
|
|-weather|SunnyDay|[upkeep]
|-heal|p1a: Groudon|35/100|[from] item: Leftovers
|-heal|p2a: Necrozma|95/100|[from] item: Leftovers
|upkeep
|turn|10
|
|t:|1661410998
|move|p1a: Groudon|Precipice Blades|p2a: Necrozma
|-supereffective|p2a: Necrozma
|-damage|p2a: Necrozma|0 fnt
|faint|p2a: Necrozma
|
|-weather|SunnyDay|[upkeep]
|-heal|p1a: Groudon|41/100|[from] item: Leftovers
|upkeep
|
|t:|1661411019
|switch|p2a: Yveltal|Yveltal|61/100
|-ability|p2a: Yveltal|Dark Aura
|turn|11
|
|t:|1661411029
|switch|p1a: Xerneas|Xerneas|72/100 par
|-damage|p1a: Xerneas|60/100 par|[from] Stealth Rock
|-ability|p1a: Xerneas|Fairy Aura
|move|p2a: Yveltal|Knock Off|p1a: Xerneas
|-resisted|p1a: Xerneas
|-damage|p1a: Xerneas|49/100 par
|
|-weather|SunnyDay|[upkeep]
|upkeep
|turn|12
|
|t:|1661411039
|switch|p2a: Ferrothorn|Ferrothorn, F|100/100
|-damage|p2a: Ferrothorn|94/100|[from] Stealth Rock
|move|p1a: Xerneas|Rest|p1a: Xerneas
|-status|p1a: Xerneas|slp|[from] move: Rest
|-heal|p1a: Xerneas|100/100 slp|[silent]
|
|-weather|none
|-heal|p2a: Ferrothorn|100/100|[from] item: Leftovers
|upkeep
|turn|13
|inactive|Mountain_Jam has 120 seconds left.
|
|t:|1661411045
|switch|p1a: Eternatus|Eternatus|100/100
|-damage|p1a: Eternatus|88/100|[from] Stealth Rock
|-ability|p1a: Eternatus|Pressure
|move|p2a: Ferrothorn|Leech Seed|p1a: Eternatus
|-start|p1a: Eternatus|move: Leech Seed
|
|-damage|p1a: Eternatus|76/100|[from] Leech Seed|[of] p2a: Ferrothorn
|upkeep
|turn|14
|inactive|Mountain_Jam has 120 seconds left.
|
|t:|1661411072
|switch|p2a: Eternatus|Eternatus|100/100
|-ability|p2a: Eternatus|Pressure
|move|p1a: Eternatus|Flamethrower|p2a: Eternatus
|-resisted|p2a: Eternatus
|-damage|p2a: Eternatus|92/100
|
|-damage|p1a: Eternatus|63/100|[from] Leech Seed|[of] p2a: Eternatus
|-heal|p2a: Eternatus|100/100|[silent]
|upkeep
|turn|15
|j| RichardMillePlain
|
|t:|1661411084
|switch|p1a: Necrozma|Necrozma-Dusk-Mane|100/100
|-damage|p1a: Necrozma|94/100|[from] Stealth Rock
|move|p2a: Eternatus|Dynamax Cannon|p1a: Necrozma
|-resisted|p1a: Necrozma
|-damage|p1a: Necrozma|80/100
|
|-heal|p1a: Necrozma|86/100|[from] item: Leftovers
|upkeep
|turn|16
|j| Devolos3D
|
|t:|1661411097
|move|p2a: Eternatus|Flamethrower|p1a: Necrozma
|-supereffective|p1a: Necrozma
|-damage|p1a: Necrozma|58/100
|-status|p1a: Necrozma|brn
|move|p1a: Necrozma|Thunder Wave|p2a: Eternatus
|-status|p2a: Eternatus|par
|
|-heal|p1a: Necrozma|64/100 brn|[from] item: Leftovers
|-damage|p1a: Necrozma|58/100 brn|[from] brn
|upkeep
|turn|17
|
|t:|1661411115
|move|p1a: Necrozma|Morning Sun|p1a: Necrozma
|-heal|p1a: Necrozma|100/100 brn
|move|p2a: Eternatus|Dragon Tail|p1a: Necrozma
|-resisted|p1a: Necrozma
|-damage|p1a: Necrozma|95/100 brn
|drag|p1a: Calyrex|Calyrex-Shadow|100/100
|-ability|p1a: Calyrex|As One
|-ability|p1a: Calyrex|Unnerve
|-damage|p1a: Calyrex|88/100|[from] Stealth Rock
|
|upkeep
|turn|18
|l| Jase duken
|inactive|Mountain_Jam has 90 seconds left.
|
|t:|1661411143
|switch|p2a: Yveltal|Yveltal|61/100
|-ability|p2a: Yveltal|Dark Aura
|move|p1a: Calyrex|Astral Barrage|p2a: Yveltal
|-resisted|p2a: Yveltal
|-damage|p2a: Yveltal|22/100
|
|upkeep
|turn|19
|
|t:|1661411151
|switch|p1a: Eternatus|Eternatus|63/100
|-damage|p1a: Eternatus|51/100|[from] Stealth Rock
|-ability|p1a: Eternatus|Pressure
|move|p2a: Yveltal|Roost|p2a: Yveltal
|-heal|p2a: Yveltal|72/100
|-singleturn|p2a: Yveltal|move: Roost
|
|upkeep
|turn|20
|
|t:|1661411158
|switch|p2a: Eternatus|Eternatus|100/100 par
|-ability|p2a: Eternatus|Pressure
|move|p1a: Eternatus|Recover|p1a: Eternatus
|-heal|p1a: Eternatus|100/100
|
|upkeep
|turn|21
|
|t:|1661411169
|switch|p1a: Xerneas|Xerneas|100/100 slp
|-damage|p1a: Xerneas|88/100 slp|[from] Stealth Rock
|-ability|p1a: Xerneas|Fairy Aura
|move|p2a: Eternatus|Dynamax Cannon|p1a: Xerneas
|-immune|p1a: Xerneas
|
|upkeep
|turn|22
|
|t:|1661411172
|cant|p1a: Xerneas|slp
|move|p1a: Xerneas|Sleep Talk|p1a: Xerneas
|move|p1a: Xerneas|Rest||[from]move: Sleep Talk|[still]
|-fail|p1a: Xerneas
|move|p2a: Eternatus|Dragon Tail|p1a: Xerneas
|-immune|p1a: Xerneas
|
|upkeep
|turn|23
|
|t:|1661411180
|switch|p2a: Ferrothorn|Ferrothorn, F|100/100
|-damage|p2a: Ferrothorn|94/100|[from] Stealth Rock
|cant|p1a: Xerneas|slp
|move|p1a: Xerneas|Sleep Talk|p1a: Xerneas
|move|p1a: Xerneas|Moonblast|p2a: Ferrothorn|[from]move: Sleep Talk
|-resisted|p2a: Ferrothorn
|-damage|p2a: Ferrothorn|73/100
|
|-heal|p2a: Ferrothorn|79/100|[from] item: Leftovers
|upkeep
|turn|24
|inactive|Mountain_Jam has 120 seconds left.
|
|t:|1661411189
|switch|p1a: Eternatus|Eternatus|100/100
|-damage|p1a: Eternatus|88/100|[from] Stealth Rock
|-ability|p1a: Eternatus|Pressure
|move|p2a: Ferrothorn|Leech Seed|p1a: Eternatus
|-start|p1a: Eternatus|move: Leech Seed
|
|-heal|p2a: Ferrothorn|85/100|[from] item: Leftovers
|-damage|p1a: Eternatus|76/100|[from] Leech Seed|[of] p2a: Ferrothorn
|-heal|p2a: Ferrothorn|100/100|[silent]
|upkeep
|turn|25
|inactive|Mountain_Jam has 120 seconds left.
|
|t:|1661411199
|switch|p2a: Eternatus|Eternatus|100/100 par
|-ability|p2a: Eternatus|Pressure
|move|p1a: Eternatus|Recover|p1a: Eternatus
|-heal|p1a: Eternatus|100/100
|
|-damage|p1a: Eternatus|88/100|[from] Leech Seed|[of] p2a: Eternatus
|upkeep
|turn|26
|
|t:|1661411208
|switch|p1a: Xerneas|Xerneas|88/100 slp
|-damage|p1a: Xerneas|75/100 slp|[from] Stealth Rock
|-ability|p1a: Xerneas|Fairy Aura
|move|p2a: Eternatus|Flamethrower|p1a: Xerneas
|-damage|p1a: Xerneas|53/100 slp
|
|upkeep
|turn|27
|
|t:|1661411218
|switch|p2a: Ferrothorn|Ferrothorn, F|100/100
|-damage|p2a: Ferrothorn|94/100|[from] Stealth Rock
|-curestatus|p1a: Xerneas|slp|[msg]
|move|p1a: Xerneas|Rest|p1a: Xerneas
|-status|p1a: Xerneas|slp|[from] move: Rest
|-heal|p1a: Xerneas|100/100 slp|[silent]
|
|-heal|p2a: Ferrothorn|100/100|[from] item: Leftovers
|upkeep
|turn|28
|
|t:|1661411227
|cant|p1a: Xerneas|slp
|move|p1a: Xerneas|Sleep Talk|p1a: Xerneas
|move|p1a: Xerneas|Moonblast|p2a: Ferrothorn|[from]move: Sleep Talk
|-resisted|p2a: Ferrothorn
|-damage|p2a: Ferrothorn|76/100
|-unboost|p2a: Ferrothorn|spa|1
|move|p2a: Ferrothorn|Leech Seed|p1a: Xerneas
|-start|p1a: Xerneas|move: Leech Seed
|
|-heal|p2a: Ferrothorn|82/100|[from] item: Leftovers
|-damage|p1a: Xerneas|88/100 slp|[from] Leech Seed|[of] p2a: Ferrothorn
|-heal|p2a: Ferrothorn|98/100|[silent]
|upkeep
|turn|29
|
|t:|1661411231
|switch|p1a: Eternatus|Eternatus|88/100
|-damage|p1a: Eternatus|76/100|[from] Stealth Rock
|-ability|p1a: Eternatus|Pressure
|move|p2a: Ferrothorn|Spikes|p1a: Eternatus
|-sidestart|p1: waterworld101|Spikes
|
|-heal|p2a: Ferrothorn|100/100|[from] item: Leftovers
|upkeep
|turn|30
|
|t:|1661411242
|switch|p2a: Eternatus|Eternatus|100/100 par
|-ability|p2a: Eternatus|Pressure
|move|p1a: Eternatus|Flamethrower|p2a: Eternatus
|-resisted|p2a: Eternatus
|-damage|p2a: Eternatus|91/100 par
|
|upkeep
|turn|31
|
|t:|1661411251
|move|p1a: Eternatus|Dynamax Cannon|p2a: Eternatus
|-supereffective|p2a: Eternatus
|-damage|p2a: Eternatus|35/100 par
|move|p2a: Eternatus|Dragon Tail|p1a: Eternatus
|-supereffective|p1a: Eternatus
|-damage|p1a: Eternatus|53/100
|drag|p1a: Yveltal|Yveltal|100/100
|-ability|p1a: Yveltal|Dark Aura
|
|upkeep
|turn|32
|inactive|Mountain_Jam has 120 seconds left.
|
|t:|1661411294
|switch|p2a: Ferrothorn|Ferrothorn, F|100/100
|-damage|p2a: Ferrothorn|94/100|[from] Stealth Rock
|move|p1a: Yveltal|Defog|p2a: Ferrothorn
|-unboost|p2a: Ferrothorn|evasion|1
|-sideend|p2: Mountain_Jam|Stealth Rock|[from] move: Defog|[of] p1a: Yveltal
|-sideend|p1: waterworld101|Spikes|[from] move: Defog|[of] p1a: Yveltal
|-sideend|p1: waterworld101|Stealth Rock|[from] move: Defog|[of] p1a: Yveltal
|
|-heal|p2a: Ferrothorn|100/100|[from] item: Leftovers
|upkeep
|turn|33
|
|t:|1661411308
|switch|p1a: Eternatus|Eternatus|53/100
|-ability|p1a: Eternatus|Pressure
|move|p2a: Ferrothorn|Leech Seed|p1a: Eternatus
|-start|p1a: Eternatus|move: Leech Seed
|
|-damage|p1a: Eternatus|41/100|[from] Leech Seed|[of] p2a: Ferrothorn
|upkeep
|turn|34
|
|t:|1661411320
|switch|p2a: Eternatus|Eternatus|35/100 par
|-ability|p2a: Eternatus|Pressure
|move|p1a: Eternatus|Recover|p1a: Eternatus
|-heal|p1a: Eternatus|91/100
|
|-damage|p1a: Eternatus|78/100|[from] Leech Seed|[of] p2a: Eternatus
|-heal|p2a: Eternatus|48/100 par|[silent]
|upkeep
|turn|35
|
|t:|1661411329
|switch|p1a: Xerneas|Xerneas|88/100 slp
|-ability|p1a: Xerneas|Fairy Aura
|move|p2a: Eternatus|Recover|p2a: Eternatus
|-heal|p2a: Eternatus|98/100 par
|
|upkeep
|turn|36
|j| showup downfall
|l| Devolos3D
|
|t:|1661411334
|switch|p2a: Ferrothorn|Ferrothorn, F|100/100
|cant|p1a: Xerneas|slp
|move|p1a: Xerneas|Sleep Talk|p1a: Xerneas
|move|p1a: Xerneas|Moonblast|p2a: Ferrothorn|[from]move: Sleep Talk
|-resisted|p2a: Ferrothorn
|-damage|p2a: Ferrothorn|77/100
|
|-heal|p2a: Ferrothorn|84/100|[from] item: Leftovers
|upkeep
|turn|37
|
|t:|1661411339
|-curestatus|p1a: Xerneas|slp|[msg]
|move|p1a: Xerneas|Aromatherapy|p1a: Xerneas
|-activate|p1a: Xerneas|move: Aromatherapy
|-curestatus|p1: Necrozma|brn|[msg]
|move|p2a: Ferrothorn|Spikes|p1a: Xerneas
|-sidestart|p1: waterworld101|Spikes
|
|-heal|p2a: Ferrothorn|90/100|[from] item: Leftovers
|upkeep
|turn|38
|
|t:|1661411358
|switch|p1a: Eternatus|Eternatus|78/100
|-damage|p1a: Eternatus|66/100|[from] Spikes
|-ability|p1a: Eternatus|Pressure
|move|p2a: Ferrothorn|Spikes|p1a: Eternatus
|-sidestart|p1: waterworld101|Spikes
|
|-heal|p2a: Ferrothorn|96/100|[from] item: Leftovers
|upkeep
|turn|39
|
|t:|1661411367
|switch|p2a: Eternatus|Eternatus|98/100 par
|-ability|p2a: Eternatus|Pressure
|move|p1a: Eternatus|Dragon Tail|p2a: Eternatus
|-supereffective|p2a: Eternatus
|-damage|p2a: Eternatus|74/100 par
|drag|p2a: Zygarde|Zygarde|100/100
|
|upkeep
|turn|40
|inactive|Mountain_Jam has 120 seconds left.
|
|t:|1661411394
|move|p1a: Eternatus|Dynamax Cannon|p2a: Zygarde
|-supereffective|p2a: Zygarde
|-damage|p2a: Zygarde|21/100
|move|p2a: Zygarde|Coil|p2a: Zygarde
|-boost|p2a: Zygarde|atk|1
|-boost|p2a: Zygarde|def|1
|-boost|p2a: Zygarde|accuracy|1
|
|-heal|p2a: Zygarde|27/100|[from] item: Leftovers
|-activate|p2a: Zygarde|ability: Power Construct
|detailschange|p2a: Zygarde|Zygarde-Complete
|-heal|p2a: Zygarde|52/100|[silent]
|upkeep
|turn|41
|inactive|Mountain_Jam has 120 seconds left.
|
|t:|1661411416
|switch|p2a: Ferrothorn|Ferrothorn, F|96/100
|move|p1a: Eternatus|Dynamax Cannon|p2a: Ferrothorn
|-resisted|p2a: Ferrothorn
|-damage|p2a: Ferrothorn|76/100
|
|-heal|p2a: Ferrothorn|82/100|[from] item: Leftovers
|upkeep
|turn|42
|
|t:|1661411422
|move|p1a: Eternatus|Flamethrower|p2a: Ferrothorn
|-supereffective|p2a: Ferrothorn
|-damage|p2a: Ferrothorn|0 fnt
|faint|p2a: Ferrothorn
|
|upkeep
|
|t:|1661411430
|switch|p2a: Marshadow|Marshadow|100/100
|turn|43
|
|t:|1661411444
|move|p2a: Marshadow|Poltergeist|p1a: Eternatus
|-activate|p1a: Eternatus|move: Poltergeist|Shuca Berry
|-damage|p1a: Eternatus|9/100
|move|p1a: Eternatus|Dragon Tail|p2a: Marshadow
|-damage|p2a: Marshadow|80/100
|drag|p2a: Eternatus|Eternatus|74/100 par
|-ability|p2a: Eternatus|Pressure
|
|upkeep
|turn|44
|j| Devolos3D
|
|t:|1661411462
|move|p1a: Eternatus|Recover|p1a: Eternatus
|-heal|p1a: Eternatus|59/100
|move|p2a: Eternatus|Flamethrower|p1a: Eternatus
|-resisted|p1a: Eternatus
|-damage|p1a: Eternatus|49/100
|
|upkeep
|turn|45
|l| Devolos3D
|
|t:|1661411474
|move|p1a: Eternatus|Dynamax Cannon|p2a: Eternatus
|-supereffective|p2a: Eternatus
|-damage|p2a: Eternatus|20/100 par
|move|p2a: Eternatus|Dragon Tail|p1a: Eternatus
|-supereffective|p1a: Eternatus
|-damage|p1a: Eternatus|23/100
|drag|p1a: Necrozma|Necrozma-Dusk-Mane|95/100
|-damage|p1a: Necrozma|78/100|[from] Spikes
|
|-heal|p1a: Necrozma|84/100|[from] item: Leftovers
|upkeep
|turn|46
|
|t:|1661411484
|move|p1a: Necrozma|Iron Head|p2a: Eternatus
|-damage|p2a: Eternatus|0 fnt
|faint|p2a: Eternatus
|
|-heal|p1a: Necrozma|90/100|[from] item: Leftovers
|upkeep
|
|t:|1661411487
|switch|p2a: Zygarde|Zygarde-Complete|52/100
|turn|47
|
|t:|1661411497
|switch|p1a: Eternatus|Eternatus|23/100
|-damage|p1a: Eternatus|6/100|[from] Spikes
|-ability|p1a: Eternatus|Pressure
|move|p2a: Zygarde|Coil|p2a: Zygarde
|-boost|p2a: Zygarde|atk|1
|-boost|p2a: Zygarde|def|1
|-boost|p2a: Zygarde|accuracy|1
|
|-heal|p2a: Zygarde|59/100|[from] item: Leftovers
|upkeep
|turn|48
|
|t:|1661411508
|move|p1a: Eternatus|Dynamax Cannon|p2a: Zygarde
|-supereffective|p2a: Zygarde
|-damage|p2a: Zygarde|4/100
|move|p2a: Zygarde|Thousand Arrows|p1a: Eternatus
|-supereffective|p1a: Eternatus
|-enditem|p1a: Eternatus|Shuca Berry|[eat]
|-enditem|p1a: Eternatus|Shuca Berry|[weaken]
|-damage|p1a: Eternatus|0 fnt
|faint|p1a: Eternatus
|
|-heal|p2a: Zygarde|11/100|[from] item: Leftovers
|upkeep
|
|t:|1661411511
|switch|p1a: Calyrex|Calyrex-Shadow|88/100
|-ability|p1a: Calyrex|As One
|-ability|p1a: Calyrex|Unnerve
|-damage|p1a: Calyrex|72/100|[from] Spikes
|turn|49
|
|t:|1661411527
|switch|p2a: Yveltal|Yveltal|72/100
|-ability|p2a: Yveltal|Dark Aura
|move|p1a: Calyrex|Astral Barrage|p2a: Yveltal
|-resisted|p2a: Yveltal
|-damage|p2a: Yveltal|30/100
|
|upkeep
|turn|50
|
|t:|1661411535
|move|p1a: Calyrex|Astral Barrage|p2a: Yveltal
|-resisted|p2a: Yveltal
|-damage|p2a: Yveltal|0 fnt
|faint|p2a: Yveltal
|-ability|p1a: Calyrex|Grim Neigh|boost
|-boost|p1a: Calyrex|spa|1
|
|upkeep
|c|☆Mountain_Jam|gg
|c|☆waterworld101|gg
|-message|Mountain_Jam forfeited.
|
|win|waterworld101
|n|☆waterworld101|waterworld101
|n|☆Mountain_Jam|mountainjam
|n| RichardMillePlain|richardmilleplain
|n| showup downfall|showupdownfall
