|j|☆sidalin
|j|☆Dysipius
|t:|1663585511
|gametype|singles
|player|p1|sidalin|ghetsis|1637
|player|p2|Dysipius|riley|1557
|teamsize|p1|6
|teamsize|p2|6
|gen|8
|tier|[Gen 8] Ubers
|rated|
|rule|Sleep Clause Mod: Limit one foe put to sleep
|rule|Species Clause: Limit one of each Pokémon
|rule|OHKO Clause: OHKO moves are banned
|rule|Evasion Items Clause: Evasion items are banned
|rule|Evasion Moves Clause: Evasion moves are banned
|rule|Endless Battle Clause: Forcing endless battles is banned
|rule|HP Percentage Mod: HP is shown in percentages
|rule|Dynamax Clause: You cannot dynamax
|clearpoke
|poke|p1|Yveltal|
|poke|p1|Shedinja|
|poke|p1|Toxapex, M|
|poke|p1|Giratina|
|poke|p1|Steelix, F|
|poke|p1|Magearna|
|poke|p2|Marshadow|
|poke|p2|Slowbro, M|
|poke|p2|Yveltal|
|poke|p2|Ferrothorn, M|
|poke|p2|Urshifu-*, M|
|poke|p2|Ho-Oh|
|teampreview
|inactive|Battle timer is ON: inactive players will automatically lose when time's up. (requested by Dysipius)
|
|t:|1663585522
|start
|switch|p1a: Giratina|Giratina|100/100
|switch|p2a: Ferrothorn|Ferrothorn, M|100/100
|-ability|p1a: Giratina|Pressure
|turn|1
|
|t:|1663585529
|move|p1a: Giratina|Will-O-Wisp|p2a: Ferrothorn|[miss]
|-miss|p1a: Giratina|p2a: Ferrothorn
|move|p2a: Ferrothorn|Leech Seed|p1a: Giratina
|-start|p1a: Giratina|move: Leech Seed
|
|-damage|p1a: Giratina|88/100|[from] Leech Seed|[of] p2a: Ferrothorn
|upkeep
|turn|2
|
|t:|1663585541
|move|p1a: Giratina|Will-O-Wisp|p2a: Ferrothorn|[miss]
|-miss|p1a: Giratina|p2a: Ferrothorn
|move|p2a: Ferrothorn|Spikes|p1a: Giratina
|-sidestart|p1: sidalin|Spikes
|
|-heal|p1a: Giratina|94/100|[from] item: Leftovers
|-damage|p1a: Giratina|82/100|[from] Leech Seed|[of] p2a: Ferrothorn
|upkeep
|turn|3
|
|t:|1663585550
|move|p1a: Giratina|Will-O-Wisp|p2a: Ferrothorn
|-status|p2a: Ferrothorn|brn
|move|p2a: Ferrothorn|Spikes|p1a: Giratina
|-sidestart|p1: sidalin|Spikes
|
|-heal|p1a: Giratina|88/100|[from] item: Leftovers
|-damage|p1a: Giratina|75/100|[from] Leech Seed|[of] p2a: Ferrothorn
|-damage|p2a: Ferrothorn|94/100 brn|[from] brn
|upkeep
|turn|4
|
|t:|1663585561
|switch|p2a: Ho-Oh|Ho-Oh|100/100
|move|p1a: Giratina|Defog|p2a: Ho-Oh
|-unboost|p2a: Ho-Oh|evasion|1
|-sideend|p1: sidalin|Spikes|[from] move: Defog|[of] p1a: Giratina
|
|-heal|p1a: Giratina|81/100|[from] item: Leftovers
|-damage|p1a: Giratina|69/100|[from] Leech Seed|[of] p2a: Ho-Oh
|upkeep
|turn|5
|
|t:|1663585571
|switch|p2a: Ferrothorn|Ferrothorn, M|94/100 brn
|switch|p1a: Toxapex|Toxapex, M|100/100
|
|-heal|p2a: Ferrothorn|100/100 brn|[from] item: Leftovers
|-damage|p2a: Ferrothorn|94/100 brn|[from] brn
|upkeep
|turn|6
|
|t:|1663585580
|move|p1a: Toxapex|Knock Off|p2a: Ferrothorn
|-damage|p2a: Ferrothorn|83/100 brn
|-damage|p1a: Toxapex|88/100|[from] ability: Iron Barbs|[of] p2a: Ferrothorn
|-enditem|p2a: Ferrothorn|Leftovers|[from] move: Knock Off|[of] p1a: Toxapex
|move|p2a: Ferrothorn|Leech Seed|p1a: Toxapex
|-start|p1a: Toxapex|move: Leech Seed
|
|-damage|p1a: Toxapex|75/100|[from] Leech Seed|[of] p2a: Ferrothorn
|-heal|p2a: Ferrothorn|94/100 brn|[silent]
|-damage|p2a: Ferrothorn|87/100 brn|[from] brn
|upkeep
|turn|7
|
|t:|1663585591
|switch|p1a: Giratina|Giratina|69/100
|-ability|p1a: Giratina|Pressure
|move|p2a: Ferrothorn|Spikes|p1a: Giratina
|-sidestart|p1: sidalin|Spikes
|
|-heal|p1a: Giratina|75/100|[from] item: Leftovers
|-damage|p2a: Ferrothorn|81/100 brn|[from] brn
|upkeep
|turn|8
|
|t:|1663585600
|move|p1a: Giratina|Defog|p2a: Ferrothorn
|-unboost|p2a: Ferrothorn|evasion|1
|-sideend|p1: sidalin|Spikes|[from] move: Defog|[of] p1a: Giratina
|move|p2a: Ferrothorn|Leech Seed|p1a: Giratina
|-start|p1a: Giratina|move: Leech Seed
|
|-heal|p1a: Giratina|81/100|[from] item: Leftovers
|-damage|p1a: Giratina|69/100|[from] Leech Seed|[of] p2a: Ferrothorn
|-heal|p2a: Ferrothorn|99/100 brn|[silent]
|-damage|p2a: Ferrothorn|93/100 brn|[from] brn
|upkeep
|turn|9
|
|t:|1663585611
|move|p1a: Giratina|Defog|p2a: Ferrothorn
|-unboost|p2a: Ferrothorn|evasion|1
|move|p2a: Ferrothorn|Spikes|p1a: Giratina
|-sidestart|p1: sidalin|Spikes
|
|-heal|p1a: Giratina|75/100|[from] item: Leftovers
|-damage|p1a: Giratina|62/100|[from] Leech Seed|[of] p2a: Ferrothorn
|-heal|p2a: Ferrothorn|100/100 brn|[silent]
|-damage|p2a: Ferrothorn|94/100 brn|[from] brn
|upkeep
|turn|10
|
|t:|1663585621
|switch|p2a: Urshifu|Urshifu, M|100/100
|move|p1a: Giratina|Defog|p2a: Urshifu
|-unboost|p2a: Urshifu|evasion|1
|-sideend|p1: sidalin|Spikes|[from] move: Defog|[of] p1a: Giratina
|
|-heal|p1a: Giratina|69/100|[from] item: Leftovers
|-damage|p1a: Giratina|56/100|[from] Leech Seed|[of] p2a: Urshifu
|upkeep
|turn|11
|
|t:|1663585631
|switch|p1a: Toxapex|Toxapex, M|100/100
|move|p2a: Urshifu|Wicked Blow|p1a: Toxapex
|-crit|p1a: Toxapex
|-damage|p1a: Toxapex|43/100
|-damage|p2a: Urshifu|84/100|[from] item: Rocky Helmet|[of] p1a: Toxapex
|
|upkeep
|turn|12
|
|t:|1663585638
|switch|p1a: Yveltal|Yveltal|100/100
|-ability|p1a: Yveltal|Dark Aura
|move|p2a: Urshifu|Wicked Blow|p1a: Yveltal
|-resisted|p1a: Yveltal
|-crit|p1a: Yveltal
|-damage|p1a: Yveltal|49/100
|
|upkeep
|turn|13
|
|t:|1663585647
|move|p2a: Urshifu|Wicked Blow|p1a: Yveltal
|-resisted|p1a: Yveltal
|-crit|p1a: Yveltal
|-damage|p1a: Yveltal|0 fnt
|faint|p1a: Yveltal
|
|upkeep
|
|t:|1663585650
|switch|p1a: Toxapex|Toxapex, M|76/100
|turn|14
|
|t:|1663585656
|switch|p2a: Ferrothorn|Ferrothorn, M|94/100 brn
|move|p1a: Toxapex|Recover|p1a: Toxapex
|-heal|p1a: Toxapex|100/100
|
|-damage|p2a: Ferrothorn|88/100 brn|[from] brn
|upkeep
|turn|15
|
|t:|1663585665
|switch|p1a: Giratina|Giratina|56/100
|-ability|p1a: Giratina|Pressure
|move|p2a: Ferrothorn|Spikes|p1a: Giratina
|-sidestart|p1: sidalin|Spikes
|
|-heal|p1a: Giratina|62/100|[from] item: Leftovers
|-damage|p2a: Ferrothorn|82/100 brn|[from] brn
|upkeep
|turn|16
|
|t:|1663585675
|move|p1a: Giratina|Defog|p2a: Ferrothorn
|-unboost|p2a: Ferrothorn|evasion|1
|-sideend|p1: sidalin|Spikes|[from] move: Defog|[of] p1a: Giratina
|move|p2a: Ferrothorn|Leech Seed|p1a: Giratina
|-start|p1a: Giratina|move: Leech Seed
|
|-heal|p1a: Giratina|68/100|[from] item: Leftovers
|-damage|p1a: Giratina|56/100|[from] Leech Seed|[of] p2a: Ferrothorn
|-heal|p2a: Ferrothorn|99/100 brn|[silent]
|-damage|p2a: Ferrothorn|93/100 brn|[from] brn
|upkeep
|turn|17
|
|t:|1663585687
|move|p1a: Giratina|Rest|p1a: Giratina
|-status|p1a: Giratina|slp|[from] move: Rest
|-heal|p1a: Giratina|100/100 slp|[silent]
|move|p2a: Ferrothorn|Spikes|p1a: Giratina
|-sidestart|p1: sidalin|Spikes
|
|-damage|p1a: Giratina|88/100 slp|[from] Leech Seed|[of] p2a: Ferrothorn
|-heal|p2a: Ferrothorn|100/100 brn|[silent]
|-damage|p2a: Ferrothorn|94/100 brn|[from] brn
|upkeep
|turn|18
|
|t:|1663585697
|switch|p1a: Toxapex|Toxapex, M|100/100
|-damage|p1a: Toxapex|88/100|[from] Spikes
|switch|p2a: Urshifu|Urshifu, M|84/100
|
|upkeep
|turn|19
|
|t:|1663585705
|switch|p2a: Slowbro|Slowbro, M|100/100
|move|p1a: Toxapex|Recover|p1a: Toxapex
|-heal|p1a: Toxapex|100/100
|
|upkeep
|turn|20
|
|t:|1663585711
|move|p1a: Toxapex|Toxic Spikes|p2a: Slowbro
|-sidestart|p2: Dysipius|move: Toxic Spikes
|move|p2a: Slowbro|Future Sight|p1a: Toxapex
|-start|p2a: Slowbro|move: Future Sight
|
|upkeep
|turn|21
|
|t:|1663585717
|move|p1a: Toxapex|Knock Off|p2a: Slowbro
|-supereffective|p2a: Slowbro
|-damage|p2a: Slowbro|84/100
|-damage|p1a: Toxapex|84/100|[from] item: Rocky Helmet|[of] p2a: Slowbro
|-enditem|p2a: Slowbro|Rocky Helmet|[from] move: Knock Off|[of] p1a: Toxapex
|move|p2a: Slowbro|Teleport|p2a: Slowbro
|
|t:|1663585723
|switch|p2a: Urshifu|Urshifu, M|84/100|[from]move: Teleport
|-status|p2a: Urshifu|psn
|
|-damage|p2a: Urshifu|72/100 psn|[from] psn
|upkeep
|turn|22
|
|t:|1663585731
|switch|p1a: Steelix|Steelix, F|100/100
|-damage|p1a: Steelix|88/100|[from] Spikes
|move|p2a: Urshifu|Wicked Blow|p1a: Steelix
|-crit|p1a: Steelix
|-damage|p1a: Steelix|48/100
|
|-end|p1a: Steelix|move: Future Sight
|-resisted|p1a: Steelix
|-damage|p1a: Steelix|20/100
|-heal|p1a: Steelix|26/100|[from] item: Leftovers
|-damage|p2a: Urshifu|59/100 psn|[from] psn
|upkeep
|turn|23
|
|t:|1663585743
|switch|p1a: Magearna|Magearna|100/100
|-damage|p1a: Magearna|88/100|[from] Spikes
|move|p2a: Urshifu|Wicked Blow|p1a: Magearna
|-resisted|p1a: Magearna
|-crit|p1a: Magearna
|-damage|p1a: Magearna|46/100
|
|-heal|p1a: Magearna|52/100|[from] item: Leftovers
|-damage|p2a: Urshifu|47/100 psn|[from] psn
|upkeep
|turn|24
|
|t:|1663585754
|switch|p2a: Ferrothorn|Ferrothorn, M|94/100 brn
|move|p1a: Magearna|Rest|p1a: Magearna
|-status|p1a: Magearna|slp|[from] move: Rest
|-heal|p1a: Magearna|100/100 slp|[silent]
|
|-damage|p2a: Ferrothorn|88/100 brn|[from] brn
|upkeep
|turn|25
|
|t:|1663585764
|switch|p1a: Giratina|Giratina|88/100 slp
|-damage|p1a: Giratina|75/100 slp|[from] Spikes
|-ability|p1a: Giratina|Pressure
|move|p2a: Ferrothorn|Leech Seed|p1a: Giratina
|-start|p1a: Giratina|move: Leech Seed
|
|-heal|p1a: Giratina|82/100 slp|[from] item: Leftovers
|-damage|p1a: Giratina|69/100 slp|[from] Leech Seed|[of] p2a: Ferrothorn
|-heal|p2a: Ferrothorn|100/100 brn|[silent]
|-damage|p2a: Ferrothorn|94/100 brn|[from] brn
|upkeep
|turn|26
|
|t:|1663585777
|switch|p1a: Steelix|Steelix, F|26/100
|-damage|p1a: Steelix|14/100|[from] Spikes
|move|p2a: Ferrothorn|Spikes|p1a: Steelix
|-sidestart|p1: sidalin|Spikes
|
|-heal|p1a: Steelix|20/100|[from] item: Leftovers
|-damage|p2a: Ferrothorn|88/100 brn|[from] brn
|upkeep
|turn|27
|
|t:|1663585786
|move|p1a: Steelix|Rest|p1a: Steelix
|-status|p1a: Steelix|slp|[from] move: Rest
|-heal|p1a: Steelix|100/100 slp|[silent]
|move|p2a: Ferrothorn|Spikes|p1a: Steelix
|-sidestart|p1: sidalin|Spikes
|
|-damage|p2a: Ferrothorn|82/100 brn|[from] brn
|upkeep
|turn|28
|
|t:|1663585795
|move|p2a: Ferrothorn|Stealth Rock|p1a: Steelix
|-sidestart|p1: sidalin|move: Stealth Rock
|cant|p1a: Steelix|slp
|
|-damage|p2a: Ferrothorn|75/100 brn|[from] brn
|upkeep
|turn|29
|
|t:|1663585801
|move|p2a: Ferrothorn|Leech Seed|p1a: Steelix
|-start|p1a: Steelix|move: Leech Seed
|cant|p1a: Steelix|slp
|
|-damage|p1a: Steelix|88/100 slp|[from] Leech Seed|[of] p2a: Ferrothorn
|-heal|p2a: Ferrothorn|88/100 brn|[silent]
|-damage|p2a: Ferrothorn|82/100 brn|[from] brn
|upkeep
|turn|30
|
|t:|1663585810
|switch|p2a: Slowbro|Slowbro, M|100/100
|-status|p2a: Slowbro|psn
|-curestatus|p1a: Steelix|slp|[msg]
|move|p1a: Steelix|Roar|p2a: Slowbro
|drag|p2a: Marshadow|Marshadow|100/100
|-status|p2a: Marshadow|psn
|
|-heal|p1a: Steelix|94/100|[from] item: Leftovers
|-damage|p1a: Steelix|82/100|[from] Leech Seed|[of] p2a: Marshadow
|-damage|p2a: Marshadow|88/100 psn|[from] psn
|upkeep
|turn|31
|
|t:|1663585826
|switch|p1a: Shedinja|Shedinja|100/100
|move|p2a: Marshadow|Spectral Thief|p1a: Shedinja
|-supereffective|p1a: Shedinja
|-damage|p1a: Shedinja|0 fnt
|faint|p1a: Shedinja
|
|-damage|p2a: Marshadow|76/100 psn|[from] psn
|upkeep
|
|t:|1663585828
|switch|p1a: Toxapex|Toxapex, M|100/100
|-damage|p1a: Toxapex|75/100|[from] Spikes
|-damage|p1a: Toxapex|63/100|[from] Stealth Rock
|turn|32
|
|t:|1663585841
|move|p2a: Marshadow|Spectral Thief|p1a: Toxapex
|-damage|p1a: Toxapex|36/100
|-damage|p2a: Marshadow|59/100 psn|[from] item: Rocky Helmet|[of] p1a: Toxapex
|move|p1a: Toxapex|Recover|p1a: Toxapex
|-heal|p1a: Toxapex|86/100
|
|-damage|p2a: Marshadow|47/100 psn|[from] psn
|upkeep
|turn|33
|inactive|Dysipius has 120 seconds left.
|
|t:|1663585893
|switch|p2a: Ferrothorn|Ferrothorn, M|82/100 brn
|move|p1a: Toxapex|Knock Off|p2a: Ferrothorn
|-damage|p2a: Ferrothorn|73/100 brn
|-damage|p1a: Toxapex|74/100|[from] ability: Iron Barbs|[of] p2a: Ferrothorn
|
|-damage|p2a: Ferrothorn|67/100 brn|[from] brn
|upkeep
|turn|34
|
|t:|1663585904
|move|p1a: Toxapex|Haze|p1a: Toxapex
|-clearallboost
|move|p2a: Ferrothorn|Leech Seed|p1a: Toxapex
|-start|p1a: Toxapex|move: Leech Seed
|
|-damage|p1a: Toxapex|61/100|[from] Leech Seed|[of] p2a: Ferrothorn
|-heal|p2a: Ferrothorn|78/100 brn|[silent]
|-damage|p2a: Ferrothorn|72/100 brn|[from] brn
|upkeep
|turn|35
|
|t:|1663585914
|switch|p1a: Magearna|Magearna|100/100 slp
|-damage|p1a: Magearna|75/100 slp|[from] Spikes
|-damage|p1a: Magearna|69/100 slp|[from] Stealth Rock
|switch|p2a: Slowbro|Slowbro, M|100/100 psn
|
|-heal|p1a: Magearna|75/100 slp|[from] item: Leftovers
|-damage|p2a: Slowbro|88/100 psn|[from] psn
|upkeep
|turn|36
|
|t:|1663585928
|cant|p1a: Magearna|slp
|move|p2a: Slowbro|Future Sight|p1a: Magearna
|-start|p2a: Slowbro|move: Future Sight
|
|-heal|p1a: Magearna|82/100 slp|[from] item: Leftovers
|-damage|p2a: Slowbro|76/100 psn|[from] psn
|upkeep
|turn|37
|
|t:|1663585935
|cant|p1a: Magearna|slp
|move|p2a: Slowbro|Teleport|p2a: Slowbro
|
|t:|1663585938
|switch|p2a: Ho-Oh|Ho-Oh|100/100|[from]move: Teleport
|
|-heal|p1a: Magearna|88/100 slp|[from] item: Leftovers
|upkeep
|turn|38
|inactive|Dysipius has 120 seconds left.
|
|t:|1663585945
|switch|p1a: Steelix|Steelix, F|82/100
|-damage|p1a: Steelix|57/100|[from] Spikes
|-damage|p1a: Steelix|54/100|[from] Stealth Rock
|move|p2a: Ho-Oh|Earthquake|p1a: Steelix
|-supereffective|p1a: Steelix
|-damage|p1a: Steelix|27/100
|
|-end|p1a: Steelix|move: Future Sight
|-resisted|p1a: Steelix
|-damage|p1a: Steelix|0 fnt
|faint|p1a: Steelix
|upkeep
|
|t:|1663585951
|switch|p1a: Toxapex|Toxapex, M|94/100
|-damage|p1a: Toxapex|69/100|[from] Spikes
|-damage|p1a: Toxapex|57/100|[from] Stealth Rock
|turn|39
|
|t:|1663585964
|switch|p2a: Slowbro|Slowbro, M|100/100 psn
|move|p1a: Toxapex|Recover|p1a: Toxapex
|-heal|p1a: Toxapex|100/100
|
|-damage|p2a: Slowbro|88/100 psn|[from] psn
|upkeep
|turn|40
|
|t:|1663585972
|switch|p1a: Magearna|Magearna|88/100 slp
|-damage|p1a: Magearna|63/100 slp|[from] Spikes
|-damage|p1a: Magearna|57/100 slp|[from] Stealth Rock
|move|p2a: Slowbro|Future Sight|p1a: Magearna
|-start|p2a: Slowbro|move: Future Sight
|
|-heal|p1a: Magearna|63/100 slp|[from] item: Leftovers
|-damage|p2a: Slowbro|76/100 psn|[from] psn
|upkeep
|turn|41
|
|t:|1663585982
|switch|p2a: Ho-Oh|Ho-Oh|100/100
|-curestatus|p1a: Magearna|slp|[msg]
|move|p1a: Magearna|Heal Bell|p1a: Magearna
|-activate|p1a: Magearna|move: Heal Bell
|-curestatus|p1: Giratina|slp|[msg]
|
|-heal|p1a: Magearna|69/100|[from] item: Leftovers
|upkeep
|turn|42
|
|t:|1663585993
|move|p2a: Ho-Oh|Earthquake|p1a: Magearna
|-supereffective|p1a: Magearna
|-damage|p1a: Magearna|24/100
|move|p1a: Magearna|Pain Split|p2a: Ho-Oh
|-sethp|p2a: Ho-Oh|60/100|[from] move: Pain Split|[silent]
|-sethp|p1a: Magearna|69/100|[from] move: Pain Split
|
|-end|p1a: Magearna|move: Future Sight
|-resisted|p1a: Magearna
|-damage|p1a: Magearna|55/100
|-heal|p1a: Magearna|61/100|[from] item: Leftovers
|upkeep
|turn|43
|
|t:|1663586015
|move|p2a: Ho-Oh|Sacred Fire|p1a: Magearna
|-supereffective|p1a: Magearna
|-damage|p1a: Magearna|0 fnt
|faint|p1a: Magearna
|
|upkeep
|
|t:|1663586018
|switch|p1a: Giratina|Giratina|69/100
|-damage|p1a: Giratina|44/100|[from] Spikes
|-damage|p1a: Giratina|32/100|[from] Stealth Rock
|-ability|p1a: Giratina|Pressure
|turn|44
|
|t:|1663586027
|move|p2a: Ho-Oh|Brave Bird|p1a: Giratina
|-damage|p1a: Giratina|8/100
|-damage|p2a: Ho-Oh|51/100|[from] Recoil
|move|p1a: Giratina|Defog|p2a: Ho-Oh
|-unboost|p2a: Ho-Oh|evasion|1
|-sideend|p2: Dysipius|Toxic Spikes|[from] move: Defog|[of] p1a: Giratina
|-sideend|p1: sidalin|Spikes|[from] move: Defog|[of] p1a: Giratina
|-sideend|p1: sidalin|Stealth Rock|[from] move: Defog|[of] p1a: Giratina
|
|-heal|p1a: Giratina|14/100|[from] item: Leftovers
|upkeep
|turn|45
|
|t:|1663586038
|switch|p1a: Toxapex|Toxapex, M|100/100
|move|p2a: Ho-Oh|Earthquake|p1a: Toxapex
|-supereffective|p1a: Toxapex
|-damage|p1a: Toxapex|68/100
|
|upkeep
|turn|46
|
|t:|1663586046
|switch|p2a: Ferrothorn|Ferrothorn, M|72/100 brn
|move|p1a: Toxapex|Recover|p1a: Toxapex
|-heal|p1a: Toxapex|100/100
|
|-damage|p2a: Ferrothorn|65/100 brn|[from] brn
|upkeep
|turn|47
|
|t:|1663586054
|switch|p1a: Giratina|Giratina|14/100
|-ability|p1a: Giratina|Pressure
|move|p2a: Ferrothorn|Leech Seed|p1a: Giratina
|-start|p1a: Giratina|move: Leech Seed
|
|-heal|p1a: Giratina|21/100|[from] item: Leftovers
|-damage|p1a: Giratina|8/100|[from] Leech Seed|[of] p2a: Ferrothorn
|-heal|p2a: Ferrothorn|83/100 brn|[silent]
|-damage|p2a: Ferrothorn|77/100 brn|[from] brn
|upkeep
|turn|48
|
|t:|1663586066
|move|p1a: Giratina|Rest|p1a: Giratina
|-status|p1a: Giratina|slp|[from] move: Rest
|-heal|p1a: Giratina|100/100 slp|[silent]
|move|p2a: Ferrothorn|Stealth Rock|p1a: Giratina
|-sidestart|p1: sidalin|move: Stealth Rock
|
|-damage|p1a: Giratina|88/100 slp|[from] Leech Seed|[of] p2a: Ferrothorn
|-heal|p2a: Ferrothorn|95/100 brn|[silent]
|-damage|p2a: Ferrothorn|89/100 brn|[from] brn
|upkeep
|turn|49
|
|t:|1663586078
|cant|p1a: Giratina|slp
|move|p2a: Ferrothorn|Spikes|p1a: Giratina
|-sidestart|p1: sidalin|Spikes
|
|-heal|p1a: Giratina|94/100 slp|[from] item: Leftovers
|-damage|p1a: Giratina|82/100 slp|[from] Leech Seed|[of] p2a: Ferrothorn
|-heal|p2a: Ferrothorn|100/100 brn|[silent]
|-damage|p2a: Ferrothorn|94/100 brn|[from] brn
|upkeep
|turn|50
|
|t:|1663586088
|switch|p2a: Urshifu|Urshifu, M|47/100 psn
|cant|p1a: Giratina|slp
|
|-heal|p1a: Giratina|88/100 slp|[from] item: Leftovers
|-damage|p1a: Giratina|75/100 slp|[from] Leech Seed|[of] p2a: Urshifu
|-heal|p2a: Urshifu|66/100 psn|[silent]
|-damage|p2a: Urshifu|53/100 psn|[from] psn
|upkeep
|turn|51
|
|t:|1663586099
|move|p2a: Urshifu|Wicked Blow|p1a: Giratina
|-supereffective|p1a: Giratina
|-crit|p1a: Giratina
|-damage|p1a: Giratina|0 fnt
|faint|p1a: Giratina
|
|-damage|p2a: Urshifu|41/100 psn|[from] psn
|upkeep
|
|t:|1663586102
|switch|p1a: Toxapex|Toxapex, M|100/100
|-damage|p1a: Toxapex|88/100|[from] Stealth Rock
|-damage|p1a: Toxapex|75/100|[from] Spikes
|turn|52
|
|t:|1663586111
|switch|p2a: Ferrothorn|Ferrothorn, M|94/100 brn
|move|p1a: Toxapex|Recover|p1a: Toxapex
|-heal|p1a: Toxapex|100/100
|
|-damage|p2a: Ferrothorn|88/100 brn|[from] brn
|upkeep
|turn|53
|-message|sidalin forfeited.
|
|win|Dysipius
|raw|sidalin's rating: 1645 &rarr; <strong>1620</strong><br />(-25 for losing)
|raw|Dysipius's rating: 1557 &rarr; <strong>1582</strong><br />(+25 for winning)
|l|☆sidalin
