|j|☆ULTN7U orch
|j|‽ballerz69
|player|p1|ULTN7U orch|rocketgrunt-gen2|1578
|player|p2|ballerz69|2|1627
|teamsize|p1|6
|teamsize|p2|6
|gametype|singles
|gen|8
|tier|[Gen 8] Ubers
|rated|
|clearpoke
|poke|p1|Rotom-Heat|
|poke|p1|Corviknight, F|
|poke|p1|Umbreon, F|
|poke|p1|Gothitelle, F|
|poke|p1|Dugtrio, M|
|poke|p1|Eternatus|
|poke|p2|Ninjask, M|
|poke|p2|Bellossom, M|
|poke|p2|Mew|
|poke|p2|Indeedee-F, F|
|poke|p2|Jirachi|
|poke|p2|Dubwool, M|
|rule|Sleep Clause Mod: Limit one foe put to sleep
|rule|Species Clause: Limit one of each Pokémon
|rule|OHKO Clause: OHKO moves are banned
|rule|Evasion Moves Clause: Evasion moves are banned
|rule|Endless Battle Clause: Forcing endless battles is banned
|rule|HP Percentage Mod: HP is shown in percentages
|html|Ubers Dynamax Clause: Pokémon on the <a href="https://www.smogon.com/dex/ss/formats/uber/">Ubers Dynamax Banlist</a> cannot Dynamax.
|teampreview
|j| KyogreF4N
|j| Squash17
|c|☆ULTN7U orch|hmmmm
|c|☆ULTN7U orch|i lose
|j| BigBouffalant
|c| Squash17|kek
|j| Zamboniiii
|
|start
|switch|p1a: Eternatus|Eternatus|100/100
|switch|p2a: Ninjask|Ninjask, M|100/100
|-ability|p1a: Eternatus|Pressure
|turn|1
|
|move|p2a: Ninjask|Substitute|p2a: Ninjask
|-start|p2a: Ninjask|Substitute
|-damage|p2a: Ninjask|76/100
|move|p1a: Eternatus|Toxic||[still]
|-fail|p1a: Eternatus
|
|-ability|p2a: Ninjask|Speed Boost|boost
|-boost|p2a: Ninjask|spe|1
|upkeep
|turn|2
|
|move|p2a: Ninjask|Protect|p2a: Ninjask
|-singleturn|p2a: Ninjask|Protect
|move|p1a: Eternatus|Flamethrower|p2a: Ninjask
|-activate|p2a: Ninjask|move: Protect
|
|-ability|p2a: Ninjask|Speed Boost|boost
|-boost|p2a: Ninjask|spe|1
|upkeep
|turn|3
|
|move|p2a: Ninjask|Baton Pass|p2a: Ninjask
|
|switch|p2a: Mew|Mew|100/100|[from]move: Baton Pass
|move|p1a: Eternatus|Flamethrower|p2a: Mew
|-end|p2a: Mew|Substitute
|
|upkeep
|turn|4
|
|switch|p1a: Umbreon|Umbreon, F|100/100
|move|p2a: Mew|Calm Mind|p2a: Mew
|-boost|p2a: Mew|spa|1
|-boost|p2a: Mew|spd|1
|
|upkeep
|turn|5
|
|move|p2a: Mew|Taunt|p1a: Umbreon
|-start|p1a: Umbreon|move: Taunt
|move|p1a: Umbreon|Snarl|p2a: Mew
|-supereffective|p2a: Mew
|-damage|p2a: Mew|87/100
|-unboost|p2a: Mew|spa|1
|
|-heal|p2a: Mew|93/100|[from] item: Leftovers
|upkeep
|turn|6
|
|move|p2a: Mew|Calm Mind|p2a: Mew
|-boost|p2a: Mew|spa|1
|-boost|p2a: Mew|spd|1
|move|p1a: Umbreon|Snarl|p2a: Mew
|-supereffective|p2a: Mew
|-damage|p2a: Mew|81/100
|-unboost|p2a: Mew|spa|1
|
|-heal|p2a: Mew|87/100|[from] item: Leftovers
|upkeep
|turn|7
|
|move|p2a: Mew|Calm Mind|p2a: Mew
|-boost|p2a: Mew|spa|1
|-boost|p2a: Mew|spd|1
|move|p1a: Umbreon|Snarl|p2a: Mew
|-supereffective|p2a: Mew
|-crit|p2a: Mew
|-damage|p2a: Mew|55/100
|-unboost|p2a: Mew|spa|1
|
|-heal|p2a: Mew|62/100|[from] item: Leftovers
|-end|p1a: Umbreon|move: Taunt
|upkeep
|turn|8
|
|move|p2a: Mew|Taunt|p1a: Umbreon
|-start|p1a: Umbreon|move: Taunt
|move|p1a: Umbreon|Snarl|p2a: Mew
|-supereffective|p2a: Mew
|-damage|p2a: Mew|52/100
|-unboost|p2a: Mew|spa|1
|
|-heal|p2a: Mew|58/100|[from] item: Leftovers
|upkeep
|turn|9
|
|move|p2a: Mew|Calm Mind|p2a: Mew
|-boost|p2a: Mew|spa|1
|-boost|p2a: Mew|spd|1
|move|p1a: Umbreon|Snarl|p2a: Mew|[miss]
|-miss|p1a: Umbreon|p2a: Mew
|
|-heal|p2a: Mew|65/100|[from] item: Leftovers
|upkeep
|turn|10
|j| Dom225
|
|move|p2a: Mew|Baton Pass|p2a: Mew
|
|switch|p2a: Bellossom|Bellossom, M|100/100|[from]move: Baton Pass
|move|p1a: Umbreon|Snarl|p2a: Bellossom
|-damage|p2a: Bellossom|97/100
|-unboost|p2a: Bellossom|spa|1
|
|-heal|p2a: Bellossom|100/100|[from] item: Leftovers
|-end|p1a: Umbreon|move: Taunt
|upkeep
|turn|11
|
|move|p2a: Bellossom|Substitute|p2a: Bellossom
|-start|p2a: Bellossom|Substitute
|-damage|p2a: Bellossom|76/100
|move|p1a: Umbreon|Baton Pass|p1a: Umbreon
|
|switch|p1a: Rotom|Rotom-Heat|100/100|[from]move: Baton Pass
|
|-heal|p2a: Bellossom|82/100|[from] item: Leftovers
|upkeep
|turn|12
|
|move|p2a: Bellossom|Ingrain|p2a: Bellossom
|-start|p2a: Bellossom|move: Ingrain
|move|p1a: Rotom|Overheat|p2a: Bellossom|[miss]
|-miss|p1a: Rotom|p2a: Bellossom
|
|-heal|p2a: Bellossom|88/100|[from] item: Leftovers
|-heal|p2a: Bellossom|94/100|[from] Ingrain
|upkeep
|turn|13
|
|move|p2a: Bellossom|Quiver Dance|p2a: Bellossom
|-boost|p2a: Bellossom|spa|1
|-boost|p2a: Bellossom|spd|1
|-boost|p2a: Bellossom|spe|1
|move|p1a: Rotom|Volt Switch|p2a: Bellossom
|-resisted|p2a: Bellossom
|-activate|p2a: Bellossom|move: Substitute|[damage]
|
|switch|p1a: Gothitelle|Gothitelle, F|100/100|[from]move: Volt Switch
|
|-heal|p2a: Bellossom|99/100|[from] item: Leftovers
|-heal|p2a: Bellossom|100/100|[from] Ingrain
|upkeep
|turn|14
|
|move|p2a: Bellossom|Quiver Dance|p2a: Bellossom
|-boost|p2a: Bellossom|spa|1
|-boost|p2a: Bellossom|spd|1
|-boost|p2a: Bellossom|spe|1
|move|p1a: Gothitelle|Psychic|p2a: Bellossom
|-activate|p2a: Bellossom|move: Substitute|[damage]
|
|upkeep
|turn|15
|
|move|p2a: Bellossom|Quiver Dance|p2a: Bellossom
|-boost|p2a: Bellossom|spa|1
|-boost|p2a: Bellossom|spd|0
|-boost|p2a: Bellossom|spe|1
|move|p1a: Gothitelle|Psychic|p2a: Bellossom
|-crit|p2a: Bellossom
|-end|p2a: Bellossom|Substitute
|
|upkeep
|turn|16
|j| Lekstaz
|
|switch|p1a: Umbreon|Umbreon, F|100/100
|move|p2a: Bellossom|Substitute|p2a: Bellossom
|-start|p2a: Bellossom|Substitute
|-damage|p2a: Bellossom|76/100
|
|-heal|p2a: Bellossom|82/100|[from] item: Leftovers
|-heal|p2a: Bellossom|88/100|[from] Ingrain
|upkeep
|turn|17
|
|switch|p1a: Gothitelle|Gothitelle, F|100/100
|move|p2a: Bellossom|Quiver Dance|p2a: Bellossom
|-boost|p2a: Bellossom|spa|1
|-boost|p2a: Bellossom|spd|0
|-boost|p2a: Bellossom|spe|1
|
|-heal|p2a: Bellossom|94/100|[from] item: Leftovers
|-heal|p2a: Bellossom|99/100|[from] Ingrain
|upkeep
|turn|18
|
|switch|p1a: Umbreon|Umbreon, F|100/100
|move|p2a: Bellossom|Quiver Dance|p2a: Bellossom
|-boost|p2a: Bellossom|spa|1
|-boost|p2a: Bellossom|spd|0
|-boost|p2a: Bellossom|spe|0
|
|-heal|p2a: Bellossom|100/100|[from] item: Leftovers
|upkeep
|turn|19
|j| Terra's Creator
|
|switch|p1a: Gothitelle|Gothitelle, F|100/100
|move|p2a: Bellossom|Quiver Dance|p2a: Bellossom
|-boost|p2a: Bellossom|spa|1
|-boost|p2a: Bellossom|spd|0
|-boost|p2a: Bellossom|spe|0
|
|upkeep
|turn|20
|
|switch|p1a: Umbreon|Umbreon, F|100/100
|move|p2a: Bellossom|Baton Pass|p2a: Bellossom
|j| Oiseau Bleu
|
|switch|p2a: Dubwool|Dubwool, M, shiny|100/100|[from]move: Baton Pass
|
|upkeep
|turn|21
|j| Easy prey all of u
|
|move|p2a: Dubwool|Cotton Guard|p2a: Dubwool
|-boost|p2a: Dubwool|def|3
|move|p1a: Umbreon|Snarl|p2a: Dubwool
|-damage|p2a: Dubwool|97/100
|-unboost|p2a: Dubwool|spa|1
|
|-heal|p2a: Dubwool|100/100|[from] item: Leftovers
|upkeep
|turn|22
|
|move|p2a: Dubwool|Body Press|p1a: Umbreon
|-supereffective|p1a: Umbreon
|-damage|p1a: Umbreon|2/100
|move|p1a: Umbreon|Snarl|p2a: Dubwool
|-damage|p2a: Dubwool|97/100
|-unboost|p2a: Dubwool|spa|1
|
|-heal|p2a: Dubwool|100/100|[from] item: Leftovers
|-heal|p1a: Umbreon|8/100|[from] item: Leftovers
|upkeep
|turn|23
|
|switch|p1a: Rotom|Rotom-Heat|100/100
|move|p2a: Dubwool|Cotton Guard|p2a: Dubwool
|-boost|p2a: Dubwool|def|3
|
|upkeep
|turn|24
|
|move|p2a: Dubwool|Baton Pass|p2a: Dubwool
|c| Dom225|lol insane game in abuer
|
|switch|p2a: Bellossom|Bellossom, M|100/100|[from]move: Baton Pass
|move|p1a: Rotom|Overheat|p2a: Bellossom
|-supereffective|p2a: Bellossom
|-activate|p2a: Bellossom|move: Substitute|[damage]
|-unboost|p1a: Rotom|spa|2
|
|upkeep
|turn|25
|
|move|p2a: Bellossom|Quiver Dance|p2a: Bellossom
|-boost|p2a: Bellossom|spa|1
|-boost|p2a: Bellossom|spd|0
|-boost|p2a: Bellossom|spe|0
|move|p1a: Rotom|Volt Switch|p2a: Bellossom
|-resisted|p2a: Bellossom
|-activate|p2a: Bellossom|move: Substitute|[damage]
|c| Dom225|uber*
|
|switch|p1a: Umbreon|Umbreon, F|8/100|[from]move: Volt Switch
|
|-heal|p1a: Umbreon|14/100|[from] item: Leftovers
|upkeep
|turn|26
|
|move|p2a: Bellossom|Baton Pass|p2a: Bellossom
|
|switch|p2a: Dubwool|Dubwool, M, shiny|100/100|[from]move: Baton Pass
|move|p1a: Umbreon|Snarl|p2a: Dubwool
|-damage|p2a: Dubwool|97/100
|-unboost|p2a: Dubwool|spa|1
|
|-heal|p2a: Dubwool|100/100|[from] item: Leftovers
|-heal|p1a: Umbreon|20/100|[from] item: Leftovers
|upkeep
|turn|27
|
|switch|p1a: Rotom|Rotom-Heat|100/100
|move|p2a: Dubwool|Body Press|p1a: Rotom
|-damage|p1a: Rotom|0 fnt
|-damage|p2a: Dubwool|84/100|[from] item: Rocky Helmet|[of] p1a: Rotom
|faint|p1a: Rotom
|
|-heal|p2a: Dubwool|90/100|[from] item: Leftovers
|-heal|p2a: Dubwool|96/100|[from] Ingrain
|upkeep
|c|☆ULTN7U orch|im done
|c|☆ULTN7U orch|gg
|c| Easy prey all of u|If your gonna lad need bp mu
|-message|ULTN7U orch forfeited.
|
|win|ballerz69
|l| Squash17
|l| Lekstaz
|l|☆ULTN7U orch
|l| KyogreF4N
|l| BigBouffalant
|l| Terra's Creator
|l| Oiseau Bleu
|l| Dom225
|l| Easy prey all of u
||Ladder (probably) updated, but score could not be retrieved (Response not received).
