|j|☆Ryriss
|j|☆penguinsingh337
|t:|1657901061
|gametype|singles
|player|p1|Ryriss|hilbert|1502
|player|p2|penguinsingh337|ethan|1468
|teamsize|p1|6
|teamsize|p2|6
|gen|8
|tier|[Gen 8] Ubers
|rated|
|rule|Sleep Clause Mod: Limit one foe put to sleep
|rule|Species Clause: Limit one of each Pokémon
|rule|OHKO Clause: OHKO moves are banned
|rule|Evasion Moves Clause: Evasion moves are banned
|rule|Endless Battle Clause: Forcing endless battles is banned
|rule|HP Percentage Mod: HP is shown in percentages
|rule|Dynamax Clause: You cannot dynamax
|clearpoke
|poke|p1|Giratina-Origin|
|poke|p1|Zekrom|
|poke|p1|Necrozma-Dusk-Mane|
|poke|p1|Kyurem-Black|
|poke|p1|Kyogre|
|poke|p1|Yveltal|
|poke|p2|Calyrex-Shadow|
|poke|p2|Darmanitan-Galar, F|
|poke|p2|Zekrom|
|poke|p2|Necrozma-Dusk-Mane|
|poke|p2|Yveltal|
|poke|p2|Marshadow|
|teampreview
|inactive|Battle timer is ON: inactive players will automatically lose when time's up. (requested by penguinsingh337)
|
|t:|1657901071
|start
|switch|p1a: Kyogre|Kyogre|100/100
|switch|p2a: Calyrex|Calyrex-Shadow|100/100
|-ability|p2a: Calyrex|As One
|-ability|p2a: Calyrex|Unnerve
|-weather|RainDance|[from] ability: Drizzle|[of] p1a: Kyogre
|turn|1
|
|t:|1657901086
|switch|p2a: Zekrom|Zekrom|100/100
|-ability|p2a: Zekrom|Teravolt
|switch|p1a: Yveltal|Yveltal|100/100
|-ability|p1a: Yveltal|Dark Aura
|
|-weather|RainDance|[upkeep]
|upkeep
|turn|2
|
|t:|1657901096
|move|p1a: Yveltal|Dark Pulse|p2a: Zekrom
|-damage|p2a: Zekrom|45/100
|move|p2a: Zekrom|Dragon Dance|p2a: Zekrom
|-boost|p2a: Zekrom|atk|1
|-boost|p2a: Zekrom|spe|1
|
|-weather|RainDance|[upkeep]
|upkeep
|turn|3
|
|t:|1657901103
|move|p2a: Zekrom|Roost|p2a: Zekrom
|-heal|p2a: Zekrom|95/100
|-singleturn|p2a: Zekrom|move: Roost
|move|p1a: Yveltal|Dark Pulse|p2a: Zekrom
|-damage|p2a: Zekrom|42/100
|
|-weather|RainDance|[upkeep]
|upkeep
|turn|4
|
|t:|1657901112
|move|p2a: Zekrom|Bolt Strike|p1a: Yveltal
|-supereffective|p1a: Yveltal
|-damage|p1a: Yveltal|0 fnt
|faint|p1a: Yveltal
|
|-weather|RainDance|[upkeep]
|upkeep
|l|☆Ryriss
|inactive|Ryriss disconnected and has a minute to reconnect!
|player|p1|
|c|☆penguinsingh337|is it specs Yveltal?
|inactive|Ryriss has 30 seconds to reconnect!
|inactive|Ryriss has 20 seconds to reconnect!
|inactive|Ryriss has 15 seconds to reconnect!
|inactive|Ryriss has 10 seconds to reconnect!
|j|☆Ryriss
|inactive|Ryriss reconnected and has 90 seconds left.
|player|p1|Ryriss|hilbert
|
|t:|1657901175
|switch|p1a: Giratina|Giratina-Origin|100/100
|turn|5
|
|t:|1657901181
|move|p2a: Zekrom|Dragon Claw|p1a: Giratina
|-supereffective|p1a: Giratina
|-damage|p1a: Giratina|11/100
|move|p1a: Giratina|Draco Meteor|p2a: Zekrom
|-supereffective|p2a: Zekrom
|-enditem|p2a: Zekrom|Haban Berry|[eat]
|-enditem|p2a: Zekrom|Haban Berry|[weaken]
|-damage|p2a: Zekrom|0 fnt
|-unboost|p1a: Giratina|spa|2
|faint|p2a: Zekrom
|
|-weather|none
|upkeep
|
|t:|1657901197
|switch|p2a: Darmanitan|Darmanitan-Galar, F|100/100
|turn|6
|
|t:|1657901206
|switch|p1a: Necrozma|Necrozma-Dusk-Mane|100/100
|move|p2a: Darmanitan|U-turn|p1a: Necrozma
|-damage|p1a: Necrozma|74/100
|
|t:|1657901212
|switch|p2a: Calyrex|Calyrex-Shadow|100/100|[from]move: U-turn
|-ability|p2a: Calyrex|As One
|-ability|p2a: Calyrex|Unnerve
|
|upkeep
|turn|7
|inactive|Ryriss has 120 seconds left.
|
|t:|1657901220
|move|p2a: Calyrex|Astral Barrage|p1a: Necrozma
|-supereffective|p1a: Necrozma
|-damage|p1a: Necrozma|8/100
|move|p1a: Necrozma|Sunsteel Strike|p2a: Calyrex
|-damage|p2a: Calyrex|39/100
|
|-heal|p2a: Calyrex|45/100|[from] item: Leftovers
|upkeep
|turn|8
|inactive|Ryriss has 120 seconds left.
|
|t:|1657901230
|move|p2a: Calyrex|Astral Barrage|p1a: Necrozma
|-supereffective|p1a: Necrozma
|-damage|p1a: Necrozma|0 fnt
|faint|p1a: Necrozma
|-ability|p2a: Calyrex|Grim Neigh|boost
|-boost|p2a: Calyrex|spa|1
|
|-heal|p2a: Calyrex|51/100|[from] item: Leftovers
|upkeep
|inactive|Ryriss has 120 seconds left.
|
|t:|1657901240
|switch|p1a: Kyogre|Kyogre|100/100
|-weather|RainDance|[from] ability: Drizzle|[of] p1a: Kyogre
|turn|9
|
|t:|1657901245
|move|p2a: Calyrex|Astral Barrage|p1a: Kyogre
|-damage|p1a: Kyogre|27/100
|move|p1a: Kyogre|Origin Pulse|p2a: Calyrex|[miss]
|-miss|p1a: Kyogre|p2a: Calyrex
|
|-weather|RainDance|[upkeep]
|-heal|p2a: Calyrex|57/100|[from] item: Leftovers
|-heal|p1a: Kyogre|33/100|[from] item: Leftovers
|upkeep
|turn|10
|
|t:|1657901256
|move|p2a: Calyrex|Astral Barrage|p1a: Kyogre
|-damage|p1a: Kyogre|0 fnt
|faint|p1a: Kyogre
|-ability|p2a: Calyrex|Grim Neigh|boost
|-boost|p2a: Calyrex|spa|1
|
|-weather|RainDance|[upkeep]
|-heal|p2a: Calyrex|63/100|[from] item: Leftovers
|upkeep
|
|t:|1657901265
|switch|p1a: Giratina|Giratina-Origin|11/100
|turn|11
|
|t:|1657901269
|switch|p2a: Yveltal|Yveltal|100/100
|-ability|p2a: Yveltal|Dark Aura
|move|p1a: Giratina|Shadow Sneak|p2a: Yveltal
|-resisted|p2a: Yveltal
|-damage|p2a: Yveltal|91/100
|
|-weather|RainDance|[upkeep]
|upkeep
|turn|12
|
|t:|1657901277
|switch|p1a: Zekrom|Zekrom|100/100
|-ability|p1a: Zekrom|Teravolt
|move|p2a: Yveltal|U-turn|p1a: Zekrom
|-damage|p1a: Zekrom|85/100
|
|t:|1657901285
|switch|p2a: Calyrex|Calyrex-Shadow|63/100|[from]move: U-turn
|-ability|p2a: Calyrex|As One
|-ability|p2a: Calyrex|Unnerve
|
|-weather|RainDance|[upkeep]
|-heal|p2a: Calyrex|69/100|[from] item: Leftovers
|upkeep
|turn|13
|
|t:|1657901295
|move|p2a: Calyrex|Astral Barrage|p1a: Zekrom
|-damage|p1a: Zekrom|25/100
|move|p1a: Zekrom|Bolt Strike|p2a: Calyrex
|-damage|p2a: Calyrex|0 fnt
|faint|p2a: Calyrex
|
|-weather|none
|upkeep
|
|t:|1657901304
|switch|p2a: Darmanitan|Darmanitan-Galar, F|100/100
|turn|14
|
|t:|1657901308
|move|p2a: Darmanitan|Icicle Crash|p1a: Zekrom
|-supereffective|p1a: Zekrom
|-damage|p1a: Zekrom|0 fnt
|faint|p1a: Zekrom
|
|upkeep
|
|t:|1657901313
|switch|p1a: Kyurem|Kyurem-Black|100/100
|-ability|p1a: Kyurem|Teravolt
|turn|15
|
|t:|1657901318
|move|p2a: Darmanitan|Icicle Crash|p1a: Kyurem
|-damage|p1a: Kyurem|42/100
|cant|p1a: Kyurem|flinch
|
|upkeep
|turn|16
|-message|Ryriss forfeited.
|
|win|penguinsingh337
|raw|Ryriss's rating: 1502 &rarr; <strong>1480</strong><br />(-22 for losing)
|raw|penguinsingh337's rating: 1468 &rarr; <strong>1490</strong><br />(+22 for winning)
|l|☆Ryriss
