|j|☆DizRod
|j|☆Kage UwU
|t:|1650993664
|gametype|singles
|player|p1|DizRod|rocketgrunt|1434
|player|p2|Kage UwU|psychic-gen4|1349
|teamsize|p1|6
|teamsize|p2|6
|gen|8
|tier|[Gen 8] Ubers
|rated|
|rule|Sleep Clause Mod: Limit one foe put to sleep
|rule|Species Clause: Limit one of each Pokémon
|rule|OHKO Clause: OHKO moves are banned
|rule|Evasion Moves Clause: Evasion moves are banned
|rule|Endless Battle Clause: Forcing endless battles is banned
|rule|HP Percentage Mod: HP is shown in percentages
|rule|Dynamax Clause: You cannot dynamax
|clearpoke
|poke|p1|Grimmsnarl, M|
|poke|p1|Yveltal|
|poke|p1|Necrozma-Dusk-Mane|
|poke|p1|Kyogre|
|poke|p1|Xerneas-*|
|poke|p1|Eternatus|
|poke|p2|Yveltal|
|poke|p2|Ferrothorn, M|
|poke|p2|Necrozma-Dusk-Mane|
|poke|p2|Groudon|
|poke|p2|Eternatus|
|poke|p2|Blissey, F|
|teampreview
|inactive|Battle timer is ON: inactive players will automatically lose when time's up. (requested by Kage UwU)
|inactive|DizRod also wants the timer to be on.
|
|t:|1650993690
|start
|switch|p1a: Grimmsnarl|Grimmsnarl, M|100/100
|switch|p2a: Cocytus|Necrozma-Dusk-Mane|100/100
|turn|1
|
|t:|1650993696
|move|p1a: Grimmsnarl|Reflect|p1a: Grimmsnarl
|-sidestart|p1: DizRod|Reflect
|move|p2a: Cocytus|Iron Head|p1a: Grimmsnarl
|-supereffective|p1a: Grimmsnarl
|-damage|p1a: Grimmsnarl|69/100
|
|upkeep
|turn|2
|
|t:|1650993702
|move|p1a: Grimmsnarl|Light Screen|p1a: Grimmsnarl
|-sidestart|p1: DizRod|move: Light Screen
|move|p2a: Cocytus|Iron Head|p1a: Grimmsnarl
|-supereffective|p1a: Grimmsnarl
|-crit|p1a: Grimmsnarl
|-damage|p1a: Grimmsnarl|0 fnt
|faint|p1a: Grimmsnarl
|
|upkeep
|
|t:|1650993708
|switch|p1a: Necrozma|Necrozma-Dusk-Mane|100/100
|turn|3
|
|t:|1650993711
|switch|p2a: Albedo|Groudon|100/100
|-weather|SunnyDay|[from] ability: Drought|[of] p2a: Albedo
|move|p1a: Necrozma|Dragon Dance|p1a: Necrozma
|-boost|p1a: Necrozma|atk|1
|-boost|p1a: Necrozma|spe|1
|
|-weather|SunnyDay|[upkeep]
|upkeep
|turn|4
|
|t:|1650993728
|move|p1a: Necrozma|Dragon Dance|p1a: Necrozma
|-boost|p1a: Necrozma|atk|1
|-boost|p1a: Necrozma|spe|1
|move|p2a: Albedo|Precipice Blades|p1a: Necrozma
|-supereffective|p1a: Necrozma
|-damage|p1a: Necrozma|64/100
|-enditem|p1a: Necrozma|Weakness Policy
|-boost|p1a: Necrozma|atk|2|[from] item: Weakness Policy
|-boost|p1a: Necrozma|spa|2|[from] item: Weakness Policy
|
|-weather|SunnyDay|[upkeep]
|upkeep
|turn|5
|
|t:|1650993751
|move|p1a: Necrozma|Sunsteel Strike|p2a: Albedo
|-damage|p2a: Albedo|9/100
|move|p2a: Albedo|Precipice Blades|p1a: Necrozma
|-supereffective|p1a: Necrozma
|-damage|p1a: Necrozma|32/100
|
|-weather|SunnyDay|[upkeep]
|-heal|p2a: Albedo|15/100|[from] item: Leftovers
|upkeep
|turn|6
|
|t:|1650993761
|move|p1a: Necrozma|Moonlight|p1a: Necrozma
|-heal|p1a: Necrozma|99/100
|move|p2a: Albedo|Precipice Blades|p1a: Necrozma|[miss]
|-miss|p2a: Albedo|p1a: Necrozma
|
|-weather|SunnyDay|[upkeep]
|-heal|p2a: Albedo|22/100|[from] item: Leftovers
|upkeep
|turn|7
|c|☆DizRod|Tough
|
|t:|1650993769
|move|p1a: Necrozma|Knock Off|p2a: Albedo
|-damage|p2a: Albedo|0 fnt
|-enditem|p2a: Albedo|Leftovers|[from] move: Knock Off|[of] p1a: Necrozma
|faint|p2a: Albedo
|
|-weather|none
|upkeep
|
|t:|1650993785
|switch|p2a: Hamsuke|Ferrothorn, M|100/100
|turn|8
|
|t:|1650993791
|move|p1a: Necrozma|Knock Off|p2a: Hamsuke
|-damage|p2a: Hamsuke|29/100
|-damage|p1a: Necrozma|87/100|[from] ability: Iron Barbs|[of] p2a: Hamsuke
|-enditem|p2a: Hamsuke|Leftovers|[from] move: Knock Off|[of] p1a: Necrozma
|move|p2a: Hamsuke|Leech Seed|p1a: Necrozma
|-start|p1a: Necrozma|move: Leech Seed
|
|-damage|p1a: Necrozma|74/100|[from] Leech Seed|[of] p2a: Hamsuke
|-heal|p2a: Hamsuke|42/100|[silent]
|-sideend|p1: DizRod|Reflect
|upkeep
|turn|9
|
|t:|1650993804
|switch|p2a: Cocytus|Necrozma-Dusk-Mane|100/100
|move|p1a: Necrozma|Moonlight|p1a: Necrozma
|-heal|p1a: Necrozma|100/100
|
|-damage|p1a: Necrozma|88/100|[from] Leech Seed|[of] p2a: Cocytus
|-sideend|p1: DizRod|move: Light Screen
|upkeep
|turn|10
|
|t:|1650993816
|move|p1a: Necrozma|Knock Off|p2a: Cocytus
|-supereffective|p2a: Cocytus
|-damage|p2a: Cocytus|8/100
|-enditem|p2a: Cocytus|Leftovers|[from] move: Knock Off|[of] p1a: Necrozma
|move|p2a: Cocytus|Earthquake|p1a: Necrozma
|-supereffective|p1a: Necrozma
|-damage|p1a: Necrozma|48/100
|
|-damage|p1a: Necrozma|35/100|[from] Leech Seed|[of] p2a: Cocytus
|-heal|p2a: Cocytus|19/100|[silent]
|upkeep
|turn|11
|
|t:|1650993829
|move|p1a: Necrozma|Knock Off|p2a: Cocytus
|-supereffective|p2a: Cocytus
|-damage|p2a: Cocytus|0 fnt
|faint|p2a: Cocytus
|
|upkeep
|
|t:|1650993833
|switch|p2a: Hamsuke|Ferrothorn, M|42/100
|turn|12
|
|t:|1650993840
|move|p1a: Necrozma|Moonlight|p1a: Necrozma
|-heal|p1a: Necrozma|85/100
|move|p2a: Hamsuke|Body Press|p1a: Necrozma
|-damage|p1a: Necrozma|63/100
|
|-damage|p1a: Necrozma|51/100|[from] Leech Seed|[of] p2a: Hamsuke
|-heal|p2a: Hamsuke|55/100|[silent]
|upkeep
|turn|13
|
|t:|1650993851
|move|p1a: Necrozma|Dragon Dance|p1a: Necrozma
|-boost|p1a: Necrozma|atk|1
|-boost|p1a: Necrozma|spe|1
|move|p2a: Hamsuke|Knock Off|p1a: Necrozma
|-supereffective|p1a: Necrozma
|-damage|p1a: Necrozma|35/100
|
|-damage|p1a: Necrozma|22/100|[from] Leech Seed|[of] p2a: Hamsuke
|-heal|p2a: Hamsuke|68/100|[silent]
|upkeep
|turn|14
|
|t:|1650993859
|move|p1a: Necrozma|Moonlight|p1a: Necrozma
|-heal|p1a: Necrozma|72/100
|move|p2a: Hamsuke|Body Press|p1a: Necrozma
|-damage|p1a: Necrozma|48/100
|
|-damage|p1a: Necrozma|36/100|[from] Leech Seed|[of] p2a: Hamsuke
|-heal|p2a: Hamsuke|81/100|[silent]
|upkeep
|turn|15
|
|t:|1650993868
|move|p1a: Necrozma|Moonlight|p1a: Necrozma
|-heal|p1a: Necrozma|86/100
|move|p2a: Hamsuke|Body Press|p1a: Necrozma
|-damage|p1a: Necrozma|61/100
|
|-damage|p1a: Necrozma|48/100|[from] Leech Seed|[of] p2a: Hamsuke
|-heal|p2a: Hamsuke|94/100|[silent]
|upkeep
|turn|16
|
|t:|1650993875
|move|p1a: Necrozma|Knock Off|p2a: Hamsuke
|-damage|p2a: Hamsuke|37/100
|-damage|p1a: Necrozma|36/100|[from] ability: Iron Barbs|[of] p2a: Hamsuke
|move|p2a: Hamsuke|Body Press|p1a: Necrozma
|-damage|p1a: Necrozma|13/100
|
|-damage|p1a: Necrozma|0 fnt|[from] Leech Seed|[of] p2a: Hamsuke
|-heal|p2a: Hamsuke|50/100|[silent]
|faint|p1a: Necrozma
|upkeep
|
|t:|1650993887
|switch|p1a: Eternatus|Eternatus|100/100
|-ability|p1a: Eternatus|Pressure
|turn|17
|
|t:|1650993896
|switch|p2a: Pleiade|Blissey, F|100/100
|move|p1a: Eternatus|Flamethrower|p2a: Pleiade
|-damage|p2a: Pleiade|92/100
|
|upkeep
|turn|18
|
|t:|1650993909
|move|p1a: Eternatus|Meteor Beam||[still]
|-prepare|p1a: Eternatus|Meteor Beam
|-boost|p1a: Eternatus|spa|1
|move|p2a: Pleiade|Wish|p2a: Pleiade
|
|upkeep
|turn|19
|
|t:|1650993914
|switch|p2a: Hamsuke|Ferrothorn, M|50/100
|move|p1a: Eternatus|Meteor Beam|p2a: Hamsuke|[from]lockedmove|[miss]
|-miss|p1a: Eternatus|p2a: Hamsuke
|
|-heal|p2a: Hamsuke|100/100|[from] move: Wish|[wisher] Pleiade
|upkeep
|turn|20
|
|t:|1650993922
|switch|p2a: Pleiade|Blissey, F|92/100
|move|p1a: Eternatus|Flamethrower|p2a: Pleiade
|-damage|p2a: Pleiade|78/100
|
|upkeep
|turn|21
|
|t:|1650993928
|move|p1a: Eternatus|Meteor Beam||[still]
|-prepare|p1a: Eternatus|Meteor Beam
|-boost|p1a: Eternatus|spa|1
|move|p2a: Pleiade|Confide|p1a: Eternatus
|-unboost|p1a: Eternatus|spa|1
|
|upkeep
|turn|22
|
|t:|1650993933
|move|p1a: Eternatus|Meteor Beam|p2a: Pleiade|[from]lockedmove
|-crit|p2a: Pleiade
|-damage|p2a: Pleiade|52/100
|move|p2a: Pleiade|Confide|p1a: Eternatus
|-unboost|p1a: Eternatus|spa|1
|
|upkeep
|turn|23
|
|t:|1650993940
|move|p1a: Eternatus|Dynamax Cannon|p2a: Pleiade
|-damage|p2a: Pleiade|39/100
|move|p2a: Pleiade|Soft-Boiled|p2a: Pleiade
|-heal|p2a: Pleiade|89/100
|
|upkeep
|turn|24
|
|t:|1650993954
|switch|p1a: Kyogre|Kyogre|100/100
|-weather|RainDance|[from] ability: Drizzle|[of] p1a: Kyogre
|move|p2a: Pleiade|Confide|p1a: Kyogre
|-unboost|p1a: Kyogre|spa|1
|
|-weather|RainDance|[upkeep]
|upkeep
|turn|25
|
|t:|1650993962
|move|p1a: Kyogre|Calm Mind|p1a: Kyogre
|-boost|p1a: Kyogre|spa|1
|-boost|p1a: Kyogre|spd|1
|move|p2a: Pleiade|Confide|p1a: Kyogre
|-unboost|p1a: Kyogre|spa|1
|
|-weather|RainDance|[upkeep]
|upkeep
|turn|26
|
|t:|1650993969
|move|p1a: Kyogre|Calm Mind|p1a: Kyogre
|-boost|p1a: Kyogre|spa|1
|-boost|p1a: Kyogre|spd|1
|move|p2a: Pleiade|Confide|p1a: Kyogre
|-unboost|p1a: Kyogre|spa|1
|
|-weather|RainDance|[upkeep]
|upkeep
|turn|27
|
|t:|1650993977
|switch|p2a: Demiurge|Eternatus|100/100
|-ability|p2a: Demiurge|Pressure
|move|p1a: Kyogre|Scald|p2a: Demiurge
|-resisted|p2a: Demiurge
|-damage|p2a: Demiurge|85/100
|-status|p2a: Demiurge|brn
|
|-weather|RainDance|[upkeep]
|-heal|p2a: Demiurge|92/100 brn|[from] item: Leftovers
|-damage|p2a: Demiurge|85/100 brn|[from] brn
|upkeep
|turn|28
|
|t:|1650993988
|move|p2a: Demiurge|Toxic|p1a: Kyogre
|-status|p1a: Kyogre|tox
|move|p1a: Kyogre|Calm Mind|p1a: Kyogre
|-boost|p1a: Kyogre|spa|1
|-boost|p1a: Kyogre|spd|1
|
|-weather|none
|-heal|p2a: Demiurge|92/100 brn|[from] item: Leftovers
|-damage|p1a: Kyogre|94/100 tox|[from] psn
|-damage|p2a: Demiurge|85/100 brn|[from] brn
|upkeep
|turn|29
|
|t:|1650993998
|switch|p2a: Pleiade|Blissey, F|89/100
|move|p1a: Kyogre|Ice Beam|p2a: Pleiade
|-damage|p2a: Pleiade|79/100
|
|-heal|p1a: Kyogre|100/100 tox|[from] item: Leftovers
|-damage|p1a: Kyogre|88/100 tox|[from] psn
|upkeep
|turn|30
|
|t:|1650994013
|move|p1a: Kyogre|Scald|p2a: Pleiade
|-damage|p2a: Pleiade|67/100
|move|p2a: Pleiade|Confide|p1a: Kyogre
|-unboost|p1a: Kyogre|spa|1
|
|-heal|p1a: Kyogre|94/100 tox|[from] item: Leftovers
|-damage|p1a: Kyogre|76/100 tox|[from] psn
|upkeep
|turn|31
|
|t:|1650994021
|move|p1a: Kyogre|Thunder|p2a: Pleiade
|-damage|p2a: Pleiade|60/100
|move|p2a: Pleiade|Soft-Boiled|p2a: Pleiade
|-heal|p2a: Pleiade|100/100
|
|-heal|p1a: Kyogre|82/100 tox|[from] item: Leftovers
|-damage|p1a: Kyogre|57/100 tox|[from] psn
|upkeep
|turn|32
|
|t:|1650994030
|switch|p1a: Yveltal|Yveltal|100/100
|-ability|p1a: Yveltal|Dark Aura
|switch|p2a: Hamsuke|Ferrothorn, M|100/100
|
|upkeep
|turn|33
|
|t:|1650994039
|switch|p2a: Demiurge|Eternatus|85/100 brn
|-ability|p2a: Demiurge|Pressure
|move|p1a: Yveltal|Oblivion Wing|p2a: Demiurge
|-damage|p2a: Demiurge|62/100 brn
|
|-heal|p2a: Demiurge|68/100 brn|[from] item: Leftovers
|-damage|p2a: Demiurge|62/100 brn|[from] brn
|upkeep
|turn|34
|
|t:|1650994049
|move|p2a: Demiurge|Toxic|p1a: Yveltal
|-status|p1a: Yveltal|tox
|move|p1a: Yveltal|Knock Off|p2a: Demiurge
|-damage|p2a: Demiurge|31/100 brn
|-enditem|p2a: Demiurge|Leftovers|[from] move: Knock Off|[of] p1a: Yveltal
|
|-damage|p1a: Yveltal|94/100 tox|[from] psn
|-damage|p2a: Demiurge|25/100 brn|[from] brn
|upkeep
|turn|35
|
|t:|1650994060
|switch|p2a: Shalltear|Yveltal, shiny|100/100
|-ability|p2a: Shalltear|Dark Aura
|move|p1a: Yveltal|Oblivion Wing|p2a: Shalltear
|-crit|p2a: Shalltear
|-damage|p2a: Shalltear|73/100
|-heal|p1a: Yveltal|100/100 tox|[from] drain|[of] p2a: Shalltear
|
|-damage|p1a: Yveltal|88/100 tox|[from] psn
|upkeep
|turn|36
|
|t:|1650994073
|move|p1a: Yveltal|Oblivion Wing|p2a: Shalltear
|-damage|p2a: Shalltear|57/100
|-heal|p1a: Yveltal|99/100 tox|[from] drain|[of] p2a: Shalltear
|move|p2a: Shalltear|Foul Play|p1a: Yveltal
|-resisted|p1a: Yveltal
|-damage|p1a: Yveltal|79/100 tox
|
|-damage|p1a: Yveltal|61/100 tox|[from] psn
|upkeep
|turn|37
|
|t:|1650994082
|move|p1a: Yveltal|Oblivion Wing|p2a: Shalltear
|-damage|p2a: Shalltear|41/100
|-heal|p1a: Yveltal|73/100 tox|[from] drain|[of] p2a: Shalltear
|move|p2a: Shalltear|Roost|p2a: Shalltear
|-heal|p2a: Shalltear|91/100
|-singleturn|p2a: Shalltear|move: Roost
|
|-damage|p1a: Yveltal|48/100 tox|[from] psn
|upkeep
|turn|38
|
|t:|1650994094
|switch|p1a: Xerneas|Xerneas|100/100
|-ability|p1a: Xerneas|Fairy Aura
|move|p2a: Shalltear|Foul Play|p1a: Xerneas
|-resisted|p1a: Xerneas
|-damage|p1a: Xerneas|85/100
|
|upkeep
|turn|39
|
|t:|1650994109
|switch|p2a: Hamsuke|Ferrothorn, M|100/100
|move|p1a: Xerneas|Geomancy||[still]
|-prepare|p1a: Xerneas|Geomancy
|-enditem|p1a: Xerneas|Power Herb
|-anim|p1a: Xerneas|Geomancy|p1a: Xerneas
|-boost|p1a: Xerneas|spa|2
|-boost|p1a: Xerneas|spd|2
|-boost|p1a: Xerneas|spe|2
|
|upkeep
|turn|40
|
|t:|1650994117
|move|p1a: Xerneas|Thunder|p2a: Hamsuke
|-resisted|p2a: Hamsuke
|-damage|p2a: Hamsuke|62/100
|move|p2a: Hamsuke|Leech Seed|p1a: Xerneas
|-start|p1a: Xerneas|move: Leech Seed
|
|-damage|p1a: Xerneas|72/100|[from] Leech Seed|[of] p2a: Hamsuke
|-heal|p2a: Hamsuke|76/100|[silent]
|upkeep
|turn|41
|
|t:|1650994127
|move|p1a: Xerneas|Moonblast|p2a: Hamsuke
|-resisted|p2a: Hamsuke
|-damage|p2a: Hamsuke|19/100
|move|p2a: Hamsuke|Spikes|p1a: Xerneas
|-sidestart|p1: DizRod|Spikes
|
|-damage|p1a: Xerneas|60/100|[from] Leech Seed|[of] p2a: Hamsuke
|-heal|p2a: Hamsuke|33/100|[silent]
|upkeep
|turn|42
|
|t:|1650994141
|move|p1a: Xerneas|Moonblast|p2a: Hamsuke
|-resisted|p2a: Hamsuke
|-damage|p2a: Hamsuke|0 fnt
|faint|p2a: Hamsuke
|
|upkeep
|
|t:|1650994147
|switch|p2a: Pleiade|Blissey, F|100/100
|turn|43
|
|t:|1650994156
|move|p1a: Xerneas|Moonblast|p2a: Pleiade
|-damage|p2a: Pleiade|58/100
|move|p2a: Pleiade|Soft-Boiled|p2a: Pleiade
|-heal|p2a: Pleiade|100/100
|
|-damage|p1a: Xerneas|47/100|[from] Leech Seed|[of] p2a: Pleiade
|upkeep
|turn|44
|
|t:|1650994166
|move|p1a: Xerneas|Draining Kiss|p2a: Pleiade
|-damage|p2a: Pleiade|77/100
|-heal|p1a: Xerneas|76/100|[from] drain|[of] p2a: Pleiade
|move|p2a: Pleiade|Soft-Boiled|p2a: Pleiade
|-heal|p2a: Pleiade|100/100
|
|-damage|p1a: Xerneas|64/100|[from] Leech Seed|[of] p2a: Pleiade
|upkeep
|turn|45
|
|t:|1650994176
|move|p1a: Xerneas|Geomancy||[still]
|-prepare|p1a: Xerneas|Geomancy
|move|p2a: Pleiade|Confide|p1a: Xerneas
|-unboost|p1a: Xerneas|spa|1
|
|-damage|p1a: Xerneas|51/100|[from] Leech Seed|[of] p2a: Pleiade
|upkeep
|turn|46
|
|t:|1650994182
|move|p1a: Xerneas|Geomancy|p1a: Xerneas|[from]lockedmove
|-boost|p1a: Xerneas|spa|2
|-boost|p1a: Xerneas|spd|2
|-boost|p1a: Xerneas|spe|2
|move|p2a: Pleiade|Confide|p1a: Xerneas
|-unboost|p1a: Xerneas|spa|1
|
|-damage|p1a: Xerneas|39/100|[from] Leech Seed|[of] p2a: Pleiade
|upkeep
|turn|47
|
|t:|1650994189
|move|p1a: Xerneas|Draining Kiss|p2a: Pleiade
|-damage|p2a: Pleiade|77/100
|-heal|p1a: Xerneas|68/100|[from] drain|[of] p2a: Pleiade
|move|p2a: Pleiade|Confide|p1a: Xerneas
|-unboost|p1a: Xerneas|spa|1
|
|-damage|p1a: Xerneas|56/100|[from] Leech Seed|[of] p2a: Pleiade
|-heal|p2a: Pleiade|84/100|[silent]
|upkeep
|turn|48
|
|t:|1650994198
|move|p1a: Xerneas|Moonblast|p2a: Pleiade
|-damage|p2a: Pleiade|49/100
|-unboost|p2a: Pleiade|spa|1
|move|p2a: Pleiade|Confide|p1a: Xerneas
|-unboost|p1a: Xerneas|spa|1
|
|-damage|p1a: Xerneas|43/100|[from] Leech Seed|[of] p2a: Pleiade
|-heal|p2a: Pleiade|57/100|[silent]
|upkeep
|turn|49
|
|t:|1650994209
|move|p1a: Xerneas|Draining Kiss|p2a: Pleiade
|-damage|p2a: Pleiade|46/100
|-heal|p1a: Xerneas|57/100|[from] drain|[of] p2a: Pleiade
|move|p2a: Pleiade|Wish|p2a: Pleiade
|
|-damage|p1a: Xerneas|45/100|[from] Leech Seed|[of] p2a: Pleiade
|-heal|p2a: Pleiade|53/100|[silent]
|upkeep
|turn|50
|
|t:|1650994221
|switch|p2a: Demiurge|Eternatus|25/100 brn
|-ability|p2a: Demiurge|Pressure
|move|p1a: Xerneas|Moonblast|p2a: Demiurge
|-damage|p2a: Demiurge|0 fnt
|faint|p2a: Demiurge
|
|upkeep
|
|t:|1650994228
|switch|p2a: Pleiade|Blissey, F|53/100
|turn|51
|j| sniper151
|
|t:|1650994231
|move|p1a: Xerneas|Geomancy||[still]
|-prepare|p1a: Xerneas|Geomancy
|move|p2a: Pleiade|Soft-Boiled|p2a: Pleiade
|-heal|p2a: Pleiade|100/100
|
|-damage|p1a: Xerneas|32/100|[from] Leech Seed|[of] p2a: Pleiade
|upkeep
|turn|52
|
|t:|1650994237
|move|p1a: Xerneas|Geomancy|p1a: Xerneas|[from]lockedmove
|-boost|p1a: Xerneas|spa|2
|-boost|p1a: Xerneas|spd|2
|-boost|p1a: Xerneas|spe|2
|move|p2a: Pleiade|Confide|p1a: Xerneas
|-unboost|p1a: Xerneas|spa|1
|
|-damage|p1a: Xerneas|20/100|[from] Leech Seed|[of] p2a: Pleiade
|upkeep
|turn|53
|
|t:|1650994246
|move|p1a: Xerneas|Draining Kiss|p2a: Pleiade
|-damage|p2a: Pleiade|82/100
|-heal|p1a: Xerneas|43/100|[from] drain|[of] p2a: Pleiade
|move|p2a: Pleiade|Confide|p1a: Xerneas
|-unboost|p1a: Xerneas|spa|1
|
|-damage|p1a: Xerneas|31/100|[from] Leech Seed|[of] p2a: Pleiade
|-heal|p2a: Pleiade|89/100|[silent]
|upkeep
|turn|54
|
|t:|1650994266
|move|p1a: Xerneas|Draining Kiss|p2a: Pleiade
|-damage|p2a: Pleiade|77/100
|-heal|p1a: Xerneas|46/100|[from] drain|[of] p2a: Pleiade
|move|p2a: Pleiade|Confide|p1a: Xerneas
|-unboost|p1a: Xerneas|spa|1
|
|-damage|p1a: Xerneas|33/100|[from] Leech Seed|[of] p2a: Pleiade
|-heal|p2a: Pleiade|85/100|[silent]
|upkeep
|turn|55
|
|t:|1650994276
|switch|p1a: Yveltal|Yveltal|48/100 tox
|-ability|p1a: Yveltal|Dark Aura
|move|p2a: Pleiade|Confide|p1a: Yveltal
|-unboost|p1a: Yveltal|spa|1
|
|-damage|p1a: Yveltal|42/100 tox|[from] psn
|upkeep
|turn|56
|
|t:|1650994284
|switch|p2a: Shalltear|Yveltal, shiny|91/100
|-ability|p2a: Shalltear|Dark Aura
|move|p1a: Yveltal|Defog|p2a: Shalltear
|-unboost|p2a: Shalltear|evasion|1
|-sideend|p1: DizRod|Spikes|[from] move: Defog|[of] p1a: Yveltal
|
|-damage|p1a: Yveltal|30/100 tox|[from] psn
|upkeep
|turn|57
|
|t:|1650994294
|move|p2a: Shalltear|Roost|p2a: Shalltear
|-heal|p2a: Shalltear|100/100
|-singleturn|p2a: Shalltear|move: Roost
|move|p1a: Yveltal|Oblivion Wing|p2a: Shalltear
|-damage|p2a: Shalltear|89/100
|-heal|p1a: Yveltal|38/100 tox|[from] drain|[of] p2a: Shalltear
|
|-damage|p1a: Yveltal|19/100 tox|[from] psn
|upkeep
|turn|58
|
|t:|1650994305
|move|p1a: Yveltal|Knock Off|p2a: Shalltear
|-resisted|p2a: Shalltear
|-damage|p2a: Shalltear|66/100
|-enditem|p2a: Shalltear|Heavy-Duty Boots|[from] move: Knock Off|[of] p1a: Yveltal
|move|p2a: Shalltear|Foul Play|p1a: Yveltal
|-resisted|p1a: Yveltal
|-damage|p1a: Yveltal|0 fnt
|faint|p1a: Yveltal
|
|upkeep
|
|t:|1650994311
|switch|p1a: Kyogre|Kyogre|57/100 tox
|-weather|RainDance|[from] ability: Drizzle|[of] p1a: Kyogre
|turn|59
|
|t:|1650994316
|switch|p2a: Pleiade|Blissey, F|85/100
|move|p1a: Kyogre|Thunder|p2a: Pleiade
|-damage|p2a: Pleiade|73/100
|
|-weather|RainDance|[upkeep]
|-heal|p1a: Kyogre|63/100 tox|[from] item: Leftovers
|-damage|p1a: Kyogre|57/100 tox|[from] psn
|upkeep
|turn|60
|
|t:|1650994327
|move|p1a: Kyogre|Thunder|p2a: Pleiade
|-damage|p2a: Pleiade|63/100
|move|p2a: Pleiade|Wish|p2a: Pleiade
|
|-weather|RainDance|[upkeep]
|-heal|p1a: Kyogre|63/100 tox|[from] item: Leftovers
|-damage|p1a: Kyogre|51/100 tox|[from] psn
|upkeep
|turn|61
|
|t:|1650994335
|move|p1a: Kyogre|Thunder|p2a: Pleiade
|-damage|p2a: Pleiade|52/100
|-status|p2a: Pleiade|par
|cant|p2a: Pleiade|par
|
|-weather|RainDance|[upkeep]
|-heal|p2a: Pleiade|100/100 par|[from] move: Wish|[wisher] Pleiade
|-heal|p1a: Kyogre|57/100 tox|[from] item: Leftovers
|-damage|p1a: Kyogre|39/100 tox|[from] psn
|upkeep
|turn|62
|
|t:|1650994362
|move|p1a: Kyogre|Calm Mind|p1a: Kyogre
|-boost|p1a: Kyogre|spa|1
|-boost|p1a: Kyogre|spd|1
|cant|p2a: Pleiade|par
|
|-weather|RainDance|[upkeep]
|-heal|p1a: Kyogre|45/100 tox|[from] item: Leftovers
|-damage|p1a: Kyogre|20/100 tox|[from] psn
|upkeep
|turn|63
|
|t:|1650994370
|move|p1a: Kyogre|Scald|p2a: Pleiade
|-damage|p2a: Pleiade|83/100 par
|move|p2a: Pleiade|Aromatherapy|p2a: Pleiade
|-activate|p2a: Pleiade|move: Aromatherapy
|-curestatus|p2a: Pleiade|par|[msg]
|
|-weather|none
|-heal|p1a: Kyogre|26/100 tox|[from] item: Leftovers
|-damage|p1a: Kyogre|0 fnt|[from] psn
|faint|p1a: Kyogre
|upkeep
|c|☆DizRod|Dumb ass Pokémon
|
|t:|1650994384
|switch|p1a: Eternatus|Eternatus|100/100
|-ability|p1a: Eternatus|Pressure
|turn|64
|c|☆Kage UwU|:p
|
|t:|1650994391
|move|p1a: Eternatus|Meteor Beam||[still]
|-prepare|p1a: Eternatus|Meteor Beam
|-boost|p1a: Eternatus|spa|1
|move|p2a: Pleiade|Confide|p1a: Eternatus
|-unboost|p1a: Eternatus|spa|1
|
|upkeep
|turn|65
|
|t:|1650994399
|move|p1a: Eternatus|Meteor Beam|p2a: Pleiade|[from]lockedmove
|-damage|p2a: Pleiade|72/100
|move|p2a: Pleiade|Soft-Boiled|p2a: Pleiade
|-heal|p2a: Pleiade|100/100
|
|upkeep
|turn|66
|c|☆DizRod|Yeah after you lost to me 3 or 4 times
|c|☆DizRod|happy you cheesed your way to a win? Lol
|c|☆Kage UwU|yes, i do many mistakes
|
|t:|1650994426
|move|p1a: Eternatus|Dynamax Cannon|p2a: Pleiade
|-damage|p2a: Pleiade|86/100
|move|p2a: Pleiade|Confide|p1a: Eternatus
|-unboost|p1a: Eternatus|spa|1
|
|upkeep
|turn|67
|c|☆DizRod|Gg
|-message|DizRod forfeited.
|
|win|Kage UwU
|raw|DizRod's rating: 1434 &rarr; <strong>1409</strong><br />(-25 for losing)
|raw|Kage UwU's rating: 1349 &rarr; <strong>1374</strong><br />(+25 for winning)
|l|☆DizRod
|l|☆Kage UwU
