|j|☆Ryrissuu
|j|☆Hahaha.mr
|t:|1650020345
|gametype|singles
|player|p1|Ryrissuu|hilbert|1431
|player|p2|Hahaha.mr|bruno|1322
|teamsize|p1|6
|teamsize|p2|6
|gen|8
|tier|[Gen 8] Ubers
|rated|
|rule|Sleep Clause Mod: Limit one foe put to sleep
|rule|Species Clause: Limit one of each Pokémon
|rule|OHKO Clause: OHKO moves are banned
|rule|Evasion Moves Clause: Evasion moves are banned
|rule|Endless Battle Clause: Forcing endless battles is banned
|rule|HP Percentage Mod: HP is shown in percentages
|rule|Dynamax Clause: You cannot dynamax
|clearpoke
|poke|p1|Giratina-Origin|
|poke|p1|Groudon|
|poke|p1|Genesect|
|poke|p1|Kyurem-Black|
|poke|p1|Lugia|
|poke|p1|Yveltal|
|poke|p2|Excadrill, M|
|poke|p2|Golisopod, M|
|poke|p2|Alakazam, M|
|poke|p2|Sirfetch’d, M|
|poke|p2|Tyranitar, M|
|poke|p2|Weavile, M|
|teampreview
|inactive|Battle timer is ON: inactive players will automatically lose when time's up. (requested by Hahaha.mr)
|inactive|Ryrissuu also wants the timer to be on.
|
|t:|1650020348
|start
|switch|p1a: Lugia|Lugia|100/100
|switch|p2a: Weavile|Weavile, M|100/100
|-ability|p2a: Weavile|Pressure
|-ability|p1a: Lugia|Pressure
|turn|1
|
|t:|1650020358
|move|p2a: Weavile|Fake Out|p1a: Lugia
|-damage|p1a: Lugia|92/100
|cant|p1a: Lugia|flinch
|
|upkeep
|turn|2
|
|t:|1650020366
|move|p2a: Weavile|Knock Off|p1a: Lugia
|-supereffective|p1a: Lugia
|-crit|p1a: Lugia
|-damage|p1a: Lugia|0 fnt
|-enditem|p1a: Lugia|Light Clay|[from] move: Knock Off|[of] p2a: Weavile
|faint|p1a: Lugia
|
|upkeep
|
|t:|1650020377
|switch|p1a: Genesect|Genesect, shiny|100/100
|-ability|p1a: Genesect|Download|boost
|-boost|p1a: Genesect|atk|1
|turn|3
|
|t:|1650020386
|move|p2a: Weavile|Knock Off|p1a: Genesect
|-damage|p1a: Genesect|43/100
|-enditem|p1a: Genesect|Heavy-Duty Boots|[from] move: Knock Off|[of] p2a: Weavile
|move|p1a: Genesect|Shift Gear|p1a: Genesect
|-boost|p1a: Genesect|spe|2
|-boost|p1a: Genesect|atk|1
|
|upkeep
|turn|4
|
|t:|1650020394
|move|p1a: Genesect|Iron Head|p2a: Weavile
|-supereffective|p2a: Weavile
|-enditem|p2a: Weavile|Focus Sash
|-damage|p2a: Weavile|1/100
|move|p2a: Weavile|Knock Off|p1a: Genesect
|-damage|p1a: Genesect|9/100
|
|upkeep
|turn|5
|
|t:|1650020402
|move|p1a: Genesect|Extreme Speed|p2a: Weavile
|-damage|p2a: Weavile|0 fnt
|faint|p2a: Weavile
|
|upkeep
|
|t:|1650020405
|switch|p2a: Golisopod|Golisopod, M|100/100
|turn|6
|
|t:|1650020415
|move|p1a: Genesect|Extreme Speed|p2a: Golisopod
|-damage|p2a: Golisopod|68/100
|move|p2a: Golisopod|First Impression|p1a: Genesect
|-resisted|p1a: Genesect
|-damage|p1a: Genesect|0 fnt
|faint|p1a: Genesect
|
|upkeep
|
|t:|1650020423
|switch|p1a: Yveltal|Yveltal|100/100
|-ability|p1a: Yveltal|Dark Aura
|turn|7
|
|t:|1650020434
|switch|p2a: Tyranitar|Tyranitar, M|100/100
|-weather|Sandstorm|[from] ability: Sand Stream|[of] p2a: Tyranitar
|move|p1a: Yveltal|Dark Pulse|p2a: Tyranitar
|-resisted|p2a: Tyranitar
|-damage|p2a: Tyranitar|89/100
|
|-weather|Sandstorm|[upkeep]
|-damage|p1a: Yveltal|94/100|[from] Sandstorm
|-heal|p2a: Tyranitar|96/100|[from] item: Leftovers
|upkeep
|turn|8
|
|t:|1650020447
|switch|p1a: Giratina|Giratina-Origin|100/100
|move|p2a: Tyranitar|Thunder Wave|p1a: Giratina|[miss]
|-miss|p2a: Tyranitar|p1a: Giratina
|
|-weather|Sandstorm|[upkeep]
|-damage|p1a: Giratina|94/100|[from] Sandstorm
|-heal|p2a: Tyranitar|100/100|[from] item: Leftovers
|upkeep
|turn|9
|
|t:|1650020457
|move|p1a: Giratina|Will-O-Wisp|p2a: Tyranitar
|-status|p2a: Tyranitar|brn
|move|p2a: Tyranitar|Crunch|p1a: Giratina
|-supereffective|p1a: Giratina
|-damage|p1a: Giratina|69/100
|-unboost|p1a: Giratina|def|1
|
|-weather|Sandstorm|[upkeep]
|-damage|p1a: Giratina|63/100|[from] Sandstorm
|-damage|p2a: Tyranitar|94/100 brn|[from] brn
|upkeep
|turn|10
|
|t:|1650020474
|switch|p1a: Groudon|Groudon|100/100
|-weather|SunnyDay|[from] ability: Drought|[of] p1a: Groudon
|move|p2a: Tyranitar|Thunder Wave|p1a: Groudon
|-immune|p1a: Groudon
|
|-weather|SunnyDay|[upkeep]
|-heal|p2a: Tyranitar|100/100 brn|[from] item: Leftovers
|-damage|p2a: Tyranitar|94/100 brn|[from] brn
|upkeep
|turn|11
|
|t:|1650020485
|switch|p2a: Golisopod|Golisopod, M|68/100
|move|p1a: Groudon|Rock Polish|p1a: Groudon
|-boost|p1a: Groudon|spe|2
|
|-weather|SunnyDay|[upkeep]
|upkeep
|turn|12
|
|t:|1650020493
|move|p2a: Golisopod|First Impression|p1a: Groudon
|-damage|p1a: Groudon|67/100
|move|p1a: Groudon|Stone Edge|p2a: Golisopod
|-supereffective|p2a: Golisopod
|-damage|p2a: Golisopod|5/100
|-activate|p2a: Golisopod|ability: Emergency Exit
|
|t:|1650020501
|switch|p2a: Sirfetch’d|Sirfetch’d, M|100/100
|
|-weather|SunnyDay|[upkeep]
|upkeep
|turn|13
|
|t:|1650020506
|move|p1a: Groudon|Swords Dance|p1a: Groudon
|-boost|p1a: Groudon|atk|2
|move|p2a: Sirfetch’d|Leaf Blade|p1a: Groudon
|-supereffective|p1a: Groudon
|-crit|p1a: Groudon
|-damage|p1a: Groudon|3/100
|
|-weather|SunnyDay|[upkeep]
|upkeep
|turn|14
|
|t:|1650020515
|move|p2a: Sirfetch’d|Quick Attack|p1a: Groudon
|-crit|p1a: Groudon
|-damage|p1a: Groudon|0 fnt
|faint|p1a: Groudon
|
|-weather|none
|upkeep
|
|t:|1650020522
|switch|p1a: Yveltal|Yveltal|94/100
|-ability|p1a: Yveltal|Dark Aura
|turn|15
|
|t:|1650020526
|switch|p2a: Tyranitar|Tyranitar, M|94/100 brn
|-weather|Sandstorm|[from] ability: Sand Stream|[of] p2a: Tyranitar
|move|p1a: Yveltal|Oblivion Wing|p2a: Tyranitar
|-resisted|p2a: Tyranitar
|-damage|p2a: Tyranitar|86/100 brn
|-heal|p1a: Yveltal|100/100|[from] drain|[of] p2a: Tyranitar
|
|-weather|Sandstorm|[upkeep]
|-damage|p1a: Yveltal|94/100|[from] Sandstorm
|-heal|p2a: Tyranitar|92/100 brn|[from] item: Leftovers
|-damage|p2a: Tyranitar|86/100 brn|[from] brn
|upkeep
|turn|16
|
|t:|1650020541
|switch|p1a: Giratina|Giratina-Origin|63/100
|move|p2a: Tyranitar|Thunder Wave|p1a: Giratina
|-status|p1a: Giratina|par
|
|-weather|Sandstorm|[upkeep]
|-damage|p1a: Giratina|57/100 par|[from] Sandstorm
|-heal|p2a: Tyranitar|92/100 brn|[from] item: Leftovers
|-damage|p2a: Tyranitar|86/100 brn|[from] brn
|upkeep
|turn|17
|
|t:|1650020552
|move|p2a: Tyranitar|Crunch|p1a: Giratina
|-supereffective|p1a: Giratina
|-damage|p1a: Giratina|35/100 par
|-unboost|p1a: Giratina|def|1
|cant|p1a: Giratina|par
|
|-weather|Sandstorm|[upkeep]
|-damage|p1a: Giratina|28/100 par|[from] Sandstorm
|-heal|p2a: Tyranitar|92/100 brn|[from] item: Leftovers
|-damage|p2a: Tyranitar|86/100 brn|[from] brn
|upkeep
|turn|18
|
|t:|1650020563
|move|p2a: Tyranitar|Crunch|p1a: Giratina
|-supereffective|p1a: Giratina
|-damage|p1a: Giratina|0 fnt
|faint|p1a: Giratina
|
|-weather|Sandstorm|[upkeep]
|-heal|p2a: Tyranitar|92/100 brn|[from] item: Leftovers
|-damage|p2a: Tyranitar|86/100 brn|[from] brn
|upkeep
|
|t:|1650020571
|switch|p1a: Kyurem|Kyurem-Black|100/100
|-ability|p1a: Kyurem|Teravolt
|turn|19
|
|t:|1650020578
|move|p1a: Kyurem|Dragon Dance|p1a: Kyurem
|-boost|p1a: Kyurem|atk|1
|-boost|p1a: Kyurem|spe|1
|move|p2a: Tyranitar|Thunder Wave|p1a: Kyurem
|-status|p1a: Kyurem|par
|
|-weather|none
|-heal|p2a: Tyranitar|92/100 brn|[from] item: Leftovers
|-damage|p2a: Tyranitar|86/100 brn|[from] brn
|upkeep
|turn|20
|
|t:|1650020588
|move|p1a: Kyurem|Dragon Dance|p1a: Kyurem
|-boost|p1a: Kyurem|atk|1
|-boost|p1a: Kyurem|spe|1
|move|p2a: Tyranitar|Rock Blast|p1a: Kyurem
|-supereffective|p1a: Kyurem
|-damage|p1a: Kyurem|91/100 par
|-supereffective|p1a: Kyurem
|-damage|p1a: Kyurem|80/100 par
|-supereffective|p1a: Kyurem
|-damage|p1a: Kyurem|70/100 par
|-hitcount|p1a: Kyurem|3
|
|-heal|p2a: Tyranitar|92/100 brn|[from] item: Leftovers
|-damage|p2a: Tyranitar|86/100 brn|[from] brn
|upkeep
|turn|21
|
|t:|1650020607
|move|p1a: Kyurem|Dragon Dance|p1a: Kyurem
|-boost|p1a: Kyurem|atk|1
|-boost|p1a: Kyurem|spe|1
|move|p2a: Tyranitar|Rock Blast|p1a: Kyurem
|-supereffective|p1a: Kyurem
|-damage|p1a: Kyurem|59/100 par
|-supereffective|p1a: Kyurem
|-damage|p1a: Kyurem|48/100 par
|-supereffective|p1a: Kyurem
|-damage|p1a: Kyurem|39/100 par
|-hitcount|p1a: Kyurem|3
|
|-heal|p2a: Tyranitar|92/100 brn|[from] item: Leftovers
|-damage|p2a: Tyranitar|86/100 brn|[from] brn
|upkeep
|turn|22
|
|t:|1650020621
|switch|p2a: Alakazam|Alakazam, M|100/100
|move|p1a: Kyurem|Dragon Claw|p2a: Alakazam
|-enditem|p2a: Alakazam|Focus Sash
|-damage|p2a: Alakazam|1/100
|
|upkeep
|turn|23
|
|t:|1650020628
|cant|p1a: Kyurem|par
|move|p2a: Alakazam|Dazzling Gleam|p1a: Kyurem
|-supereffective|p1a: Kyurem
|-damage|p1a: Kyurem|0 fnt
|faint|p1a: Kyurem
|
|upkeep
|
|t:|1650020635
|switch|p1a: Yveltal|Yveltal|94/100
|-ability|p1a: Yveltal|Dark Aura
|turn|24
|
|t:|1650020641
|move|p2a: Alakazam|Dazzling Gleam|p1a: Yveltal
|-supereffective|p1a: Yveltal
|-damage|p1a: Yveltal|40/100
|move|p1a: Yveltal|Dark Pulse|p2a: Alakazam
|-supereffective|p2a: Alakazam
|-damage|p2a: Alakazam|0 fnt
|faint|p2a: Alakazam
|
|upkeep
|
|t:|1650020648
|switch|p2a: Golisopod|Golisopod, M|5/100
|turn|25
|
|t:|1650020652
|move|p2a: Golisopod|First Impression|p1a: Yveltal
|-damage|p1a: Yveltal|0 fnt
|faint|p1a: Yveltal
|
|win|Hahaha.mr
|raw|Ryrissuu's rating: 1431 &rarr; <strong>1405</strong><br />(-26 for losing)
|raw|Hahaha.mr's rating: 1322 &rarr; <strong>1348</strong><br />(+26 for winning)
|l|☆Ryrissuu
