|j|☆New ladder hero
|j|☆nicolle925
|player|p1|New ladder hero|1|1781
|player|p2|nicolle925|138|1627
|teamsize|p1|6
|teamsize|p2|6
|gametype|singles
|gen|8
|tier|[Gen 8] Ubers
|rated|
|clearpoke
|poke|p1|Necrozma-Dusk-Mane|
|poke|p1|Mandibuzz, F|
|poke|p1|Lunala|
|poke|p1|Zacian-Crowned|
|poke|p1|Eternatus|
|poke|p1|Ditto|
|poke|p2|Lunala|
|poke|p2|Eternatus|
|poke|p2|Corviknight, F|
|poke|p2|Seismitoad, F|
|poke|p2|Ditto|
|poke|p2|Umbreon, M|
|rule|Sleep Clause Mod: Limit one foe put to sleep
|rule|Species Clause: Limit one of each Pokémon
|rule|OHKO Clause: OHKO moves are banned
|rule|Evasion Moves Clause: Evasion moves are banned
|rule|Endless Battle Clause: Forcing endless battles is banned
|rule|HP Percentage Mod: HP is shown in percentages
|teampreview
|
|start
|switch|p1a: Mandibuzz|Mandibuzz, F|100/100
|switch|p2a: Lunala|Lunala|100/100
|turn|1
|
|move|p2a: Lunala|Trick|p1a: Mandibuzz
|-activate|p2a: Lunala|move: Trick|[of] p1a: Mandibuzz
|-item|p1a: Mandibuzz|Choice Specs|[from] move: Trick
|-item|p2a: Lunala|Heavy-Duty Boots|[from] move: Trick
|move|p1a: Mandibuzz|Knock Off|p2a: Lunala
|-supereffective|p2a: Lunala
|-damage|p2a: Lunala|57/100
|-enditem|p2a: Lunala|Heavy-Duty Boots|[from] move: Knock Off|[of] p1a: Mandibuzz
|
|upkeep
|turn|2
|
|switch|p2a: Seismitoad|Seismitoad, F|100/100
|move|p1a: Mandibuzz|Knock Off|p2a: Seismitoad
|-damage|p2a: Seismitoad|84/100
|-enditem|p2a: Seismitoad|Leftovers|[from] move: Knock Off|[of] p1a: Mandibuzz
|
|upkeep
|turn|3
|
|switch|p1a: Eternatus|Eternatus|100/100
|-ability|p1a: Eternatus|Pressure
|move|p2a: Seismitoad|Stealth Rock|p1a: Eternatus
|-sidestart|p1: New ladder hero|move: Stealth Rock
|
|upkeep
|turn|4
|
|switch|p2a: Umbreon|Umbreon, M, shiny|100/100
|move|p1a: Eternatus|Toxic Spikes|p2a: Umbreon
|-sidestart|p2: nicolle925|move: Toxic Spikes
|
|upkeep
|turn|5
|
|switch|p1a: Mandibuzz|Mandibuzz, F|100/100
|-damage|p1a: Mandibuzz|75/100|[from] Stealth Rock
|move|p2a: Umbreon|Snarl|p1a: Mandibuzz
|-resisted|p1a: Mandibuzz
|-damage|p1a: Mandibuzz|71/100
|-unboost|p1a: Mandibuzz|spa|1
|
|upkeep
|turn|6
|
|move|p2a: Umbreon|Protect|p2a: Umbreon
|-singleturn|p2a: Umbreon|Protect
|move|p1a: Mandibuzz|Knock Off|p2a: Umbreon
|-activate|p2a: Umbreon|move: Protect
|
|upkeep
|turn|7
|
|switch|p2a: Eternatus|Eternatus|100/100
|-sideend|p2: nicolle925|move: Toxic Spikes|[of] p2a: Eternatus
|-ability|p2a: Eternatus|Pressure
|move|p1a: Mandibuzz|Knock Off|p2a: Eternatus
|-damage|p2a: Eternatus|86/100
|-enditem|p2a: Eternatus|Black Sludge|[from] move: Knock Off|[of] p1a: Mandibuzz
|
|upkeep
|turn|8
|
|switch|p1a: Necrozma|Necrozma-Dusk-Mane|100/100
|-damage|p1a: Necrozma|94/100|[from] Stealth Rock
|move|p2a: Eternatus|Dragon Tail|p1a: Necrozma
|-resisted|p1a: Necrozma
|-damage|p1a: Necrozma|90/100
|drag|p1a: Ditto|Ditto|100/100
|-damage|p1a: Ditto|88/100|[from] Stealth Rock
|-transform|p1a: Ditto|p2a: Eternatus|[from] ability: Imposter
|-ability|p1a: Ditto|Pressure
|
|upkeep
|turn|9
|
|move|p2a: Eternatus|Toxic Spikes|p1a: Ditto
|-sidestart|p1: New ladder hero|move: Toxic Spikes
|move|p1a: Ditto|Dragon Tail|p2a: Eternatus
|-supereffective|p2a: Eternatus
|-damage|p2a: Eternatus|65/100
|drag|p2a: Lunala|Lunala|57/100
|
|upkeep
|turn|10
|
|switch|p1a: Mandibuzz|Mandibuzz, F|71/100
|-damage|p1a: Mandibuzz|46/100|[from] Stealth Rock
|move|p2a: Lunala|Trick|p1a: Mandibuzz
|-activate|p2a: Lunala|move: Trick|[of] p1a: Mandibuzz
|-enditem|p1a: Mandibuzz|Choice Specs|[silent]|[from] move: Trick
|-item|p2a: Lunala|Choice Specs|[from] move: Trick
|
|upkeep
|turn|11
|
|switch|p1a: Necrozma|Necrozma-Dusk-Mane|90/100
|-damage|p1a: Necrozma|84/100|[from] Stealth Rock
|move|p2a: Lunala|Focus Blast|p1a: Necrozma
|-damage|p1a: Necrozma|25/100
|
|-heal|p1a: Necrozma|31/100|[from] item: Leftovers
|upkeep
|turn|12
|
|switch|p1a: Eternatus|Eternatus|100/100
|-damage|p1a: Eternatus|88/100|[from] Stealth Rock
|-sideend|p1: New ladder hero|move: Toxic Spikes|[of] p1a: Eternatus
|-ability|p1a: Eternatus|Pressure
|-start|p2a: Lunala|Dynamax
|-heal|p2a: Lunala|57/100|[silent]
|move|p2a: Lunala|Max Phantasm|p1a: Eternatus
|-damage|p1a: Eternatus|33/100
|-unboost|p1a: Eternatus|def|1
|
|-heal|p1a: Eternatus|40/100|[from] item: Black Sludge
|upkeep
|turn|13
|
|move|p1a: Eternatus|Dynamax Cannon|p2a: Lunala
|-damage|p2a: Lunala|22/100
|move|p2a: Lunala|Max Phantasm|p1a: Eternatus
|-damage|p1a: Eternatus|0 fnt
|faint|p1a: Eternatus
|
|upkeep
|
|switch|p1a: Zacian|Zacian-Crowned|100/100
|-damage|p1a: Zacian|94/100|[from] Stealth Rock
|-ability|p1a: Zacian|Intrepid Sword|boost
|-boost|p1a: Zacian|atk|1
|turn|14
|
|-end|p2a: Lunala|Dynamax
|-heal|p2a: Lunala|22/100|[silent]
|switch|p2a: Corviknight|Corviknight, F|100/100
|-ability|p2a: Corviknight|Pressure
|move|p1a: Zacian|Substitute|p1a: Zacian
|-start|p1a: Zacian|Substitute
|-damage|p1a: Zacian|69/100
|
|upkeep
|turn|15
|
|move|p1a: Zacian|Close Combat|p2a: Corviknight
|-damage|p2a: Corviknight|53/100
|-unboost|p1a: Zacian|def|1
|-unboost|p1a: Zacian|spd|1
|move|p2a: Corviknight|Bulk Up|p2a: Corviknight
|-boost|p2a: Corviknight|atk|1
|-boost|p2a: Corviknight|def|1
|
|-heal|p2a: Corviknight|59/100|[from] item: Leftovers
|upkeep
|turn|16
|
|switch|p1a: Necrozma|Necrozma-Dusk-Mane|31/100
|-damage|p1a: Necrozma|25/100|[from] Stealth Rock
|move|p2a: Corviknight|Roost|p2a: Corviknight
|-heal|p2a: Corviknight|100/100
|-singleturn|p2a: Corviknight|move: Roost
|
|-heal|p1a: Necrozma|31/100|[from] item: Leftovers
|upkeep
|turn|17
|
|move|p2a: Corviknight|Bulk Up|p2a: Corviknight
|-boost|p2a: Corviknight|atk|1
|-boost|p2a: Corviknight|def|1
|move|p1a: Necrozma|Morning Sun|p1a: Necrozma
|-heal|p1a: Necrozma|81/100
|
|-heal|p1a: Necrozma|87/100|[from] item: Leftovers
|upkeep
|turn|18
|
|move|p2a: Corviknight|Body Press|p1a: Necrozma
|-damage|p1a: Necrozma|60/100
|move|p1a: Necrozma|Thunder Wave|p2a: Corviknight
|-status|p2a: Corviknight|par
|
|-heal|p1a: Necrozma|66/100|[from] item: Leftovers
|upkeep
|turn|19
|
|move|p1a: Necrozma|Stealth Rock|p2a: Corviknight
|-sidestart|p2: nicolle925|move: Stealth Rock
|move|p2a: Corviknight|Body Press|p1a: Necrozma
|-damage|p1a: Necrozma|39/100
|
|-heal|p1a: Necrozma|45/100|[from] item: Leftovers
|upkeep
|turn|20
|
|move|p1a: Necrozma|Morning Sun|p1a: Necrozma
|-heal|p1a: Necrozma|95/100
|move|p2a: Corviknight|Bulk Up|p2a: Corviknight
|-boost|p2a: Corviknight|atk|1
|-boost|p2a: Corviknight|def|1
|
|-heal|p1a: Necrozma|100/100|[from] item: Leftovers
|upkeep
|turn|21
|
|switch|p1a: Ditto|Ditto|88/100
|-damage|p1a: Ditto|76/100|[from] Stealth Rock
|-transform|p1a: Ditto|p2a: Corviknight|[from] ability: Imposter
|-ability|p1a: Ditto|Pressure
|move|p2a: Corviknight|Brave Bird|p1a: Ditto
|-resisted|p1a: Ditto
|-damage|p1a: Ditto|60/100
|-damage|p2a: Corviknight|96/100 par|[from] Recoil
|
|-heal|p2a: Corviknight|100/100 par|[from] item: Leftovers
|upkeep
|turn|22
|
|move|p1a: Ditto|Roost|p1a: Ditto
|-heal|p1a: Ditto|100/100
|-singleturn|p1a: Ditto|move: Roost
|cant|p2a: Corviknight|par
|
|upkeep
|turn|23
|
|switch|p1a: Lunala|Lunala|100/100
|cant|p2a: Corviknight|par
|
|upkeep
|turn|24
|
|switch|p2a: Umbreon|Umbreon, M, shiny|100/100
|-damage|p2a: Umbreon|88/100|[from] Stealth Rock
|move|p1a: Lunala|Moongeist Beam|p2a: Umbreon
|-resisted|p2a: Umbreon
|-damage|p2a: Umbreon|77/100
|
|-heal|p2a: Umbreon|83/100|[from] item: Leftovers
|upkeep
|turn|25
|
|switch|p1a: Mandibuzz|Mandibuzz, F|46/100
|-damage|p1a: Mandibuzz|21/100|[from] Stealth Rock
|move|p2a: Umbreon|Heal Bell|p2a: Umbreon
|-activate|p2a: Umbreon|move: Heal Bell
|-curestatus|p2: Corviknight|par|[msg]
|
|-heal|p2a: Umbreon|89/100|[from] item: Leftovers
|upkeep
|turn|26
|
|move|p1a: Mandibuzz|Roost|p1a: Mandibuzz
|-heal|p1a: Mandibuzz|71/100
|-singleturn|p1a: Mandibuzz|move: Roost
|move|p2a: Umbreon|Wish|p2a: Umbreon
|
|-heal|p2a: Umbreon|95/100|[from] item: Leftovers
|upkeep
|turn|27
|
|switch|p2a: Eternatus|Eternatus|65/100
|-damage|p2a: Eternatus|53/100|[from] Stealth Rock
|-ability|p2a: Eternatus|Pressure
|move|p1a: Mandibuzz|Knock Off|p2a: Eternatus
|-damage|p2a: Eternatus|42/100
|
|-heal|p2a: Eternatus|86/100|[from] move: Wish|[wisher] Umbreon
|upkeep
|turn|28
|
|move|p2a: Eternatus|Toxic Spikes|p1a: Mandibuzz
|-sidestart|p1: New ladder hero|move: Toxic Spikes
|move|p1a: Mandibuzz|Roost|p1a: Mandibuzz
|-heal|p1a: Mandibuzz|100/100
|-singleturn|p1a: Mandibuzz|move: Roost
|
|upkeep
|turn|29
|
|move|p1a: Mandibuzz|Knock Off|p2a: Eternatus
|-damage|p2a: Eternatus|77/100
|move|p2a: Eternatus|Dragon Tail|p1a: Mandibuzz
|-damage|p1a: Mandibuzz|90/100
|drag|p1a: Zacian|Zacian-Crowned|69/100
|-damage|p1a: Zacian|63/100|[from] Stealth Rock
|-ability|p1a: Zacian|Intrepid Sword|boost
|-boost|p1a: Zacian|atk|1
|
|upkeep
|turn|30
|
|move|p1a: Zacian|Behemoth Blade|p2a: Eternatus
|-damage|p2a: Eternatus|19/100
|move|p2a: Eternatus|Flamethrower|p1a: Zacian
|-supereffective|p1a: Zacian
|-damage|p1a: Zacian|5/100
|
|upkeep
|turn|31
|
|switch|p2a: Lunala|Lunala|22/100
|-damage|p2a: Lunala|10/100|[from] Stealth Rock
|move|p1a: Zacian|Close Combat|p2a: Lunala
|-immune|p2a: Lunala
|
|upkeep
|turn|32
|
|move|p1a: Zacian|Behemoth Blade|p2a: Lunala
|-damage|p2a: Lunala|0 fnt
|faint|p2a: Lunala
|
|upkeep
|
|switch|p2a: Ditto|Ditto, shiny|100/100
|-damage|p2a: Ditto|88/100|[from] Stealth Rock
|-transform|p2a: Ditto|p1a: Zacian|[from] ability: Imposter
|-ability|p2a: Ditto|Intrepid Sword|boost
|-boost|p2a: Ditto|atk|1
|turn|33
|
|switch|p1a: Necrozma|Necrozma-Dusk-Mane|100/100
|-damage|p1a: Necrozma|94/100|[from] Stealth Rock
|move|p2a: Ditto|Behemoth Blade|p1a: Necrozma
|-resisted|p1a: Necrozma
|-damage|p1a: Necrozma|59/100
|
|-heal|p1a: Necrozma|65/100|[from] item: Leftovers
|upkeep
|turn|34
|
|switch|p2a: Seismitoad|Seismitoad, F|84/100
|-damage|p2a: Seismitoad|78/100|[from] Stealth Rock
|move|p1a: Necrozma|Thunder Wave|p2a: Seismitoad
|-immune|p2a: Seismitoad
|
|-heal|p1a: Necrozma|71/100|[from] item: Leftovers
|upkeep
|turn|35
|
|move|p1a: Necrozma|Morning Sun|p1a: Necrozma
|-heal|p1a: Necrozma|100/100
|move|p2a: Seismitoad|Scald|p1a: Necrozma
|-damage|p1a: Necrozma|82/100
|
|-heal|p1a: Necrozma|88/100|[from] item: Leftovers
|upkeep
|turn|36
|
|switch|p1a: Mandibuzz|Mandibuzz, F|90/100
|-damage|p1a: Mandibuzz|65/100|[from] Stealth Rock
|move|p2a: Seismitoad|Scald|p1a: Mandibuzz
|-damage|p1a: Mandibuzz|50/100
|
|upkeep
|turn|37
|
|move|p1a: Mandibuzz|Toxic|p2a: Seismitoad
|-status|p2a: Seismitoad|tox
|move|p2a: Seismitoad|Toxic|p1a: Mandibuzz
|-status|p1a: Mandibuzz|tox
|
|-damage|p1a: Mandibuzz|43/100 tox|[from] psn
|-damage|p2a: Seismitoad|72/100 tox|[from] psn
|upkeep
|turn|38
|
|switch|p2a: Eternatus|Eternatus|19/100
|-damage|p2a: Eternatus|7/100|[from] Stealth Rock
|-ability|p2a: Eternatus|Pressure
|move|p1a: Mandibuzz|Knock Off|p2a: Eternatus
|-damage|p2a: Eternatus|0 fnt
|faint|p2a: Eternatus
|
|-damage|p1a: Mandibuzz|31/100 tox|[from] psn
|upkeep
|
|switch|p2a: Corviknight|Corviknight, F|100/100
|-damage|p2a: Corviknight|88/100|[from] Stealth Rock
|-ability|p2a: Corviknight|Pressure
|turn|39
|
|move|p1a: Mandibuzz|Knock Off|p2a: Corviknight
|-crit|p2a: Corviknight
|-damage|p2a: Corviknight|65/100
|-enditem|p2a: Corviknight|Leftovers|[from] move: Knock Off|[of] p1a: Mandibuzz
|move|p2a: Corviknight|Body Press|p1a: Mandibuzz
|-damage|p1a: Mandibuzz|13/100 tox
|
|-damage|p1a: Mandibuzz|0 fnt|[from] psn
|faint|p1a: Mandibuzz
|upkeep
|
|switch|p1a: Lunala|Lunala|100/100
|turn|40
|
|switch|p2a: Umbreon|Umbreon, M, shiny|95/100
|-damage|p2a: Umbreon|83/100|[from] Stealth Rock
|move|p1a: Lunala|Moongeist Beam|p2a: Umbreon
|-resisted|p2a: Umbreon
|-damage|p2a: Umbreon|70/100
|
|-heal|p2a: Umbreon|76/100|[from] item: Leftovers
|upkeep
|turn|41
|
|switch|p1a: Necrozma|Necrozma-Dusk-Mane|88/100
|-damage|p1a: Necrozma|82/100|[from] Stealth Rock
|move|p2a: Umbreon|Wish|p2a: Umbreon
|
|-heal|p1a: Necrozma|88/100|[from] item: Leftovers
|-heal|p2a: Umbreon|82/100|[from] item: Leftovers
|upkeep
|turn|42
|
|switch|p2a: Corviknight|Corviknight, F|65/100
|-damage|p2a: Corviknight|53/100|[from] Stealth Rock
|-ability|p2a: Corviknight|Pressure
|move|p1a: Necrozma|Sunsteel Strike|p2a: Corviknight
|-resisted|p2a: Corviknight
|-damage|p2a: Corviknight|36/100
|
|-heal|p2a: Corviknight|87/100|[from] move: Wish|[wisher] Umbreon
|-heal|p1a: Necrozma|94/100|[from] item: Leftovers
|upkeep
|turn|43
|
|switch|p1a: Lunala|Lunala|100/100
|move|p2a: Corviknight|Bulk Up|p2a: Corviknight
|-boost|p2a: Corviknight|atk|1
|-boost|p2a: Corviknight|def|1
|
|upkeep
|turn|44
|
|switch|p1a: Necrozma|Necrozma-Dusk-Mane|94/100
|-damage|p1a: Necrozma|88/100|[from] Stealth Rock
|move|p2a: Corviknight|Roost|p2a: Corviknight
|-heal|p2a: Corviknight|100/100
|-singleturn|p2a: Corviknight|move: Roost
|
|-heal|p1a: Necrozma|94/100|[from] item: Leftovers
|upkeep
|turn|45
|
|move|p2a: Corviknight|Brave Bird|p1a: Necrozma
|-resisted|p1a: Necrozma
|-damage|p1a: Necrozma|79/100
|-damage|p2a: Corviknight|95/100|[from] Recoil
|move|p1a: Necrozma|Thunder Wave|p2a: Corviknight
|-status|p2a: Corviknight|par
|
|-heal|p1a: Necrozma|85/100|[from] item: Leftovers
|upkeep
|turn|46
|
|switch|p1a: Lunala|Lunala|100/100
|move|p2a: Corviknight|Bulk Up|p2a: Corviknight
|-boost|p2a: Corviknight|atk|1
|-boost|p2a: Corviknight|def|1
|
|upkeep
|turn|47
|
|switch|p1a: Necrozma|Necrozma-Dusk-Mane|85/100
|-damage|p1a: Necrozma|79/100|[from] Stealth Rock
|switch|p2a: Umbreon|Umbreon, M, shiny|82/100
|-damage|p2a: Umbreon|70/100|[from] Stealth Rock
|
|-heal|p1a: Necrozma|85/100|[from] item: Leftovers
|-heal|p2a: Umbreon|76/100|[from] item: Leftovers
|upkeep
|turn|48
|
|switch|p1a: Lunala|Lunala|100/100
|move|p2a: Umbreon|Heal Bell|p2a: Umbreon
|-activate|p2a: Umbreon|move: Heal Bell
|-curestatus|p2: Seismitoad|tox|[msg]
|-curestatus|p2: Corviknight|par|[msg]
|
|-heal|p2a: Umbreon|82/100|[from] item: Leftovers
|upkeep
|turn|49
|
|switch|p1a: Necrozma|Necrozma-Dusk-Mane|85/100
|-damage|p1a: Necrozma|79/100|[from] Stealth Rock
|move|p2a: Umbreon|Snarl|p1a: Necrozma
|-supereffective|p1a: Necrozma
|-damage|p1a: Necrozma|64/100
|-unboost|p1a: Necrozma|spa|1
|
|-heal|p1a: Necrozma|70/100|[from] item: Leftovers
|-heal|p2a: Umbreon|88/100|[from] item: Leftovers
|upkeep
|turn|50
|
|switch|p2a: Seismitoad|Seismitoad, F|72/100
|-damage|p2a: Seismitoad|65/100|[from] Stealth Rock
|move|p1a: Necrozma|Thunder Wave|p2a: Seismitoad
|-immune|p2a: Seismitoad
|
|-heal|p1a: Necrozma|76/100|[from] item: Leftovers
|upkeep
|turn|51
|
|switch|p1a: Ditto|Ditto|100/100
|-status|p1a: Ditto|psn
|-damage|p1a: Ditto|88/100 psn|[from] Stealth Rock
|-transform|p1a: Ditto|p2a: Seismitoad|[from] ability: Imposter
|move|p2a: Seismitoad|Earthquake|p1a: Ditto
|-damage|p1a: Ditto|52/100 psn
|
|-damage|p1a: Ditto|39/100 psn|[from] psn
|upkeep
|turn|52
|
|move|p1a: Ditto|Earthquake|p2a: Seismitoad
|-damage|p2a: Seismitoad|38/100
|move|p2a: Seismitoad|Earthquake|p1a: Ditto
|-damage|p1a: Ditto|6/100 psn
|
|-damage|p1a: Ditto|0 fnt|[from] psn
|faint|p1a: Ditto
|upkeep
|
|switch|p1a: Lunala|Lunala|100/100
|turn|53
|
|switch|p2a: Umbreon|Umbreon, M, shiny|88/100
|-damage|p2a: Umbreon|76/100|[from] Stealth Rock
|move|p1a: Lunala|Moongeist Beam|p2a: Umbreon
|-resisted|p2a: Umbreon
|-damage|p2a: Umbreon|64/100
|
|-heal|p2a: Umbreon|71/100|[from] item: Leftovers
|upkeep
|turn|54
|
|switch|p1a: Necrozma|Necrozma-Dusk-Mane|76/100
|-damage|p1a: Necrozma|70/100|[from] Stealth Rock
|move|p2a: Umbreon|Wish|p2a: Umbreon
|
|-heal|p1a: Necrozma|76/100|[from] item: Leftovers
|-heal|p2a: Umbreon|77/100|[from] item: Leftovers
|upkeep
|turn|55
|
|switch|p2a: Seismitoad|Seismitoad, F|38/100
|-damage|p2a: Seismitoad|32/100|[from] Stealth Rock
|-start|p1a: Necrozma|Dynamax
|-heal|p1a: Necrozma|76/100|[silent]
|move|p1a: Necrozma|Max Steelspike|p2a: Seismitoad
|-resisted|p2a: Seismitoad
|-damage|p2a: Seismitoad|8/100
|-boost|p1a: Necrozma|def|1
|
|-heal|p2a: Seismitoad|56/100|[from] move: Wish|[wisher] Umbreon
|-heal|p1a: Necrozma|79/100|[from] item: Leftovers
|upkeep
|turn|56
|
|switch|p2a: Corviknight|Corviknight, F|95/100
|-damage|p2a: Corviknight|83/100|[from] Stealth Rock
|-ability|p2a: Corviknight|Pressure
|move|p1a: Necrozma|Max Steelspike|p2a: Corviknight
|-resisted|p2a: Corviknight
|-damage|p2a: Corviknight|61/100
|-boost|p1a: Necrozma|def|1
|
|-heal|p1a: Necrozma|82/100|[from] item: Leftovers
|upkeep
|turn|57
|
|move|p1a: Necrozma|Max Guard|p1a: Necrozma
|-singleturn|p1a: Necrozma|Max Guard
|move|p2a: Corviknight|Roost|p2a: Corviknight
|-heal|p2a: Corviknight|100/100
|-singleturn|p2a: Corviknight|move: Roost
|
|-heal|p1a: Necrozma|85/100|[from] item: Leftovers
|-end|p1a: Necrozma|Dynamax
|-heal|p1a: Necrozma|85/100|[silent]
|upkeep
|turn|58
|
|switch|p2a: Seismitoad|Seismitoad, F|56/100
|-damage|p2a: Seismitoad|50/100|[from] Stealth Rock
|move|p1a: Necrozma|Thunder Wave|p2a: Seismitoad
|-immune|p2a: Seismitoad
|
|-heal|p1a: Necrozma|91/100|[from] item: Leftovers
|upkeep
|turn|59
|
|move|p1a: Necrozma|Sunsteel Strike|p2a: Seismitoad
|-resisted|p2a: Seismitoad
|-damage|p2a: Seismitoad|30/100
|move|p2a: Seismitoad|Earthquake|p1a: Necrozma
|-supereffective|p1a: Necrozma
|-damage|p1a: Necrozma|79/100
|
|-heal|p1a: Necrozma|85/100|[from] item: Leftovers
|upkeep
|turn|60
|
|switch|p2a: Corviknight|Corviknight, F|100/100
|-damage|p2a: Corviknight|88/100|[from] Stealth Rock
|-ability|p2a: Corviknight|Pressure
|move|p1a: Necrozma|Thunder Wave|p2a: Corviknight
|-status|p2a: Corviknight|par
|
|-heal|p1a: Necrozma|91/100|[from] item: Leftovers
|upkeep
|turn|61
|
|switch|p1a: Lunala|Lunala|100/100
|switch|p2a: Umbreon|Umbreon, M, shiny|77/100
|-damage|p2a: Umbreon|64/100|[from] Stealth Rock
|
|-heal|p2a: Umbreon|70/100|[from] item: Leftovers
|upkeep
|turn|62
|
|move|p1a: Lunala|Thunder Wave|p2a: Umbreon
|-status|p2a: Umbreon|par
|-activate|p2a: Umbreon|ability: Synchronize
|-status|p1a: Lunala|par
|move|p2a: Umbreon|Heal Bell|p2a: Umbreon
|-activate|p2a: Umbreon|move: Heal Bell
|-curestatus|p2a: Umbreon|par|[msg]
|-curestatus|p2: Corviknight|par|[msg]
|
|-heal|p2a: Umbreon|76/100|[from] item: Leftovers
|upkeep
|turn|63
|
|cant|p1a: Lunala|par
|move|p2a: Umbreon|Snarl|p1a: Lunala
|-supereffective|p1a: Lunala
|-damage|p1a: Lunala|83/100 par
|-unboost|p1a: Lunala|spa|1
|
|-heal|p2a: Umbreon|82/100|[from] item: Leftovers
|upkeep
|turn|64
|
|cant|p1a: Lunala|par
|move|p2a: Umbreon|Wish|p2a: Umbreon
|
|-heal|p2a: Umbreon|89/100|[from] item: Leftovers
|upkeep
|turn|65
|
|switch|p2a: Seismitoad|Seismitoad, F|30/100
|-damage|p2a: Seismitoad|24/100|[from] Stealth Rock
|move|p1a: Lunala|Thunder Wave|p2a: Seismitoad
|-immune|p2a: Seismitoad
|
|-heal|p2a: Seismitoad|71/100|[from] move: Wish|[wisher] Umbreon
|upkeep
|turn|66
|-message|New ladder hero forfeited.
|
|win|nicolle925
|l|☆New ladder hero
|raw|New ladder hero's rating: 1781 &rarr; <strong>1753</strong><br />(-28 for losing)
|raw|nicolle925's rating: 1627 &rarr; <strong>1655</strong><br />(+28 for winning)
