|j|☆Kage UwU
|j|☆Monlyth29
|t:|1646639401
|gametype|singles
|player|p1|Kage UwU|psychic-gen4|1422
|player|p2|Monlyth29|saturn|1323
|teamsize|p1|6
|teamsize|p2|6
|gen|8
|tier|[Gen 8] Ubers
|rated|
|rule|Sleep Clause Mod: Limit one foe put to sleep
|rule|Species Clause: Limit one of each Pokémon
|rule|OHKO Clause: OHKO moves are banned
|rule|Evasion Moves Clause: Evasion moves are banned
|rule|Endless Battle Clause: Forcing endless battles is banned
|rule|HP Percentage Mod: HP is shown in percentages
|rule|Dynamax Clause: You cannot dynamax
|clearpoke
|poke|p1|Yveltal|
|poke|p1|Necrozma-Dusk-Mane|
|poke|p1|Ho-Oh|
|poke|p1|Xerneas-*|
|poke|p1|Marshadow|
|poke|p1|Zekrom|
|poke|p2|Giratina-Origin|
|poke|p2|Rayquaza|
|poke|p2|Palkia|
|poke|p2|Necrozma-Dusk-Mane|
|poke|p2|Yveltal|
|poke|p2|Calyrex-Shadow|
|teampreview
|inactive|Battle timer is ON: inactive players will automatically lose when time's up. (requested by Kage UwU)
|
|t:|1646639419
|start
|switch|p1a: Yveltal|Yveltal, shiny|100/100
|switch|p2a: Giratina|Giratina-Origin|100/100
|-ability|p1a: Yveltal|Dark Aura
|turn|1
|
|t:|1646639433
|move|p1a: Yveltal|Foul Play|p2a: Giratina
|-supereffective|p2a: Giratina
|-damage|p2a: Giratina|27/100
|move|p2a: Giratina|Thunder Wave|p1a: Yveltal
|-status|p1a: Yveltal|par
|
|upkeep
|turn|2
|
|t:|1646639448
|move|p2a: Giratina|Draco Meteor|p1a: Yveltal
|-crit|p1a: Yveltal
|-damage|p1a: Yveltal|0 fnt
|-unboost|p2a: Giratina|spa|2
|faint|p1a: Yveltal
|
|upkeep
|
|t:|1646639454
|switch|p1a: Life Orb Attacker|Marshadow|100/100
|turn|3
|
|t:|1646639457
|switch|p2a: Yveltal|Yveltal|100/100
|-ability|p2a: Yveltal|Dark Aura
|move|p1a: Life Orb Attacker|Shadow Sneak|p2a: Yveltal
|-resisted|p2a: Yveltal
|-damage|p2a: Yveltal|84/100
|-damage|p1a: Life Orb Attacker|91/100|[from] item: Life Orb
|
|upkeep
|turn|4
|
|t:|1646639465
|switch|p1a: Zekrom|Zekrom|100/100
|-ability|p1a: Zekrom|Teravolt
|move|p2a: Yveltal|Oblivion Wing|p1a: Zekrom
|-resisted|p1a: Zekrom
|-damage|p1a: Zekrom|86/100
|-heal|p2a: Yveltal|94/100|[from] drain|[of] p1a: Zekrom
|
|-heal|p1a: Zekrom|92/100|[from] item: Leftovers
|upkeep
|turn|5
|
|t:|1646639476
|move|p2a: Yveltal|Dark Pulse|p1a: Zekrom
|-damage|p1a: Zekrom|50/100
|move|p1a: Zekrom|Dragon Claw|p2a: Yveltal
|-damage|p2a: Yveltal|63/100
|
|-heal|p1a: Zekrom|56/100|[from] item: Leftovers
|upkeep
|turn|6
|
|t:|1646639483
|move|p2a: Yveltal|Dark Pulse|p1a: Zekrom
|-damage|p1a: Zekrom|13/100
|move|p1a: Zekrom|Bolt Strike|p2a: Yveltal
|-supereffective|p2a: Yveltal
|-damage|p2a: Yveltal|0 fnt
|faint|p2a: Yveltal
|
|-heal|p1a: Zekrom|19/100|[from] item: Leftovers
|upkeep
|
|t:|1646639493
|switch|p2a: Calyrex|Calyrex-Shadow|100/100
|-ability|p2a: Calyrex|As One
|-ability|p2a: Calyrex|Unnerve
|turn|7
|
|t:|1646639499
|move|p2a: Calyrex|Astral Barrage|p1a: Zekrom
|-damage|p1a: Zekrom|0 fnt
|faint|p1a: Zekrom
|-ability|p2a: Calyrex|Grim Neigh|boost
|-boost|p2a: Calyrex|spa|1
|
|upkeep
|
|t:|1646639506
|switch|p1a: Life Orb Attacker|Marshadow|91/100
|turn|8
|
|t:|1646639515
|switch|p2a: Giratina|Giratina-Origin|27/100
|move|p1a: Life Orb Attacker|Shadow Sneak|p2a: Giratina
|-supereffective|p2a: Giratina
|-damage|p2a: Giratina|0 fnt
|faint|p2a: Giratina
|-damage|p1a: Life Orb Attacker|81/100|[from] item: Life Orb
|
|upkeep
|
|t:|1646639530
|switch|p2a: Rayquaza|Rayquaza|100/100
|-ability|p2a: Rayquaza|Air Lock
|turn|9
|
|t:|1646639540
|move|p1a: Life Orb Attacker|Ice Punch|p2a: Rayquaza
|-supereffective|p2a: Rayquaza
|-damage|p2a: Rayquaza|0 fnt
|faint|p2a: Rayquaza
|-damage|p1a: Life Orb Attacker|71/100|[from] item: Life Orb
|
|upkeep
|
|t:|1646639550
|switch|p2a: Necrozma|Necrozma-Dusk-Mane|100/100
|turn|10
|
|t:|1646639554
|move|p1a: Life Orb Attacker|Spectral Thief|p2a: Necrozma
|-supereffective|p2a: Necrozma
|-damage|p2a: Necrozma|42/100
|-enditem|p2a: Necrozma|Weakness Policy
|-boost|p2a: Necrozma|atk|2|[from] item: Weakness Policy
|-boost|p2a: Necrozma|spa|2|[from] item: Weakness Policy
|-damage|p1a: Life Orb Attacker|61/100|[from] item: Life Orb
|move|p2a: Necrozma|Psychic Fangs|p1a: Life Orb Attacker
|-supereffective|p1a: Life Orb Attacker
|-damage|p1a: Life Orb Attacker|0 fnt
|faint|p1a: Life Orb Attacker
|
|upkeep
|
|t:|1646639567
|switch|p1a: Ho-Oh|Ho-Oh|100/100
|turn|11
|
|t:|1646639571
|move|p1a: Ho-Oh|Sacred Fire|p2a: Necrozma
|-supereffective|p2a: Necrozma
|-damage|p2a: Necrozma|0 fnt
|faint|p2a: Necrozma
|
|upkeep
|
|t:|1646639576
|switch|p2a: Palkia|Palkia|100/100
|-ability|p2a: Palkia|Pressure
|turn|12
|
|t:|1646639581
|move|p2a: Palkia|Surf|p1a: Ho-Oh
|-supereffective|p1a: Ho-Oh
|-damage|p1a: Ho-Oh|22/100
|move|p1a: Ho-Oh|Sacred Fire|p2a: Palkia
|-resisted|p2a: Palkia
|-damage|p2a: Palkia|79/100
|-status|p2a: Palkia|brn
|
|-damage|p2a: Palkia|73/100 brn|[from] brn
|upkeep
|turn|13
|
|t:|1646639590
|move|p2a: Palkia|Surf|p1a: Ho-Oh
|-supereffective|p1a: Ho-Oh
|-damage|p1a: Ho-Oh|0 fnt
|faint|p1a: Ho-Oh
|
|-damage|p2a: Palkia|67/100 brn|[from] brn
|upkeep
|
|t:|1646639596
|switch|p1a: Xerneas|Xerneas|100/100
|-ability|p1a: Xerneas|Fairy Aura
|turn|14
|
|t:|1646639600
|move|p1a: Xerneas|Geomancy||[still]
|-prepare|p1a: Xerneas|Geomancy
|-enditem|p1a: Xerneas|Power Herb
|-anim|p1a: Xerneas|Geomancy|p1a: Xerneas
|-boost|p1a: Xerneas|spa|2
|-boost|p1a: Xerneas|spd|2
|-boost|p1a: Xerneas|spe|2
|move|p2a: Palkia|Roar|p1a: Xerneas
|drag|p1a: Necrozma|Necrozma-Dusk-Mane|100/100
|
|-damage|p2a: Palkia|61/100 brn|[from] brn
|upkeep
|turn|15
|
|t:|1646639614
|move|p2a: Palkia|Surf|p1a: Necrozma
|-damage|p1a: Necrozma|55/100
|move|p1a: Necrozma|Dragon Dance|p1a: Necrozma
|-boost|p1a: Necrozma|atk|1
|-boost|p1a: Necrozma|spe|1
|
|-damage|p2a: Palkia|54/100 brn|[from] brn
|upkeep
|turn|16
|
|t:|1646639626
|move|p2a: Palkia|Surf|p1a: Necrozma
|-damage|p1a: Necrozma|5/100
|move|p1a: Necrozma|Moonlight|p1a: Necrozma
|-heal|p1a: Necrozma|55/100
|
|-damage|p2a: Palkia|48/100 brn|[from] brn
|upkeep
|turn|17
|
|t:|1646639634
|move|p2a: Palkia|Surf|p1a: Necrozma
|-damage|p1a: Necrozma|2/100
|move|p1a: Necrozma|Dragon Dance|p1a: Necrozma
|-boost|p1a: Necrozma|atk|1
|-boost|p1a: Necrozma|spe|1
|
|-damage|p2a: Palkia|42/100 brn|[from] brn
|upkeep
|turn|18
|j| LighT Is Back
|
|t:|1646639642
|move|p1a: Necrozma|Moonlight|p1a: Necrozma
|-heal|p1a: Necrozma|52/100
|move|p2a: Palkia|Surf|p1a: Necrozma
|-damage|p1a: Necrozma|4/100
|
|-damage|p2a: Palkia|36/100 brn|[from] brn
|upkeep
|turn|19
|
|t:|1646639661
|move|p1a: Necrozma|Sunsteel Strike|p2a: Palkia
|-resisted|p2a: Palkia
|-damage|p2a: Palkia|0 fnt
|faint|p2a: Palkia
|
|upkeep
|
|t:|1646639667
|switch|p2a: Calyrex|Calyrex-Shadow|100/100
|-ability|p2a: Calyrex|As One
|-ability|p2a: Calyrex|Unnerve
|turn|20
|
|t:|1646639675
|move|p2a: Calyrex|Astral Barrage|p1a: Necrozma
|-supereffective|p1a: Necrozma
|-damage|p1a: Necrozma|0 fnt
|faint|p1a: Necrozma
|-ability|p2a: Calyrex|Grim Neigh|boost
|-boost|p2a: Calyrex|spa|1
|
|upkeep
|
|t:|1646639682
|switch|p1a: Xerneas|Xerneas|100/100
|-ability|p1a: Xerneas|Fairy Aura
|turn|21
|
|t:|1646639689
|move|p2a: Calyrex|Astral Barrage|p1a: Xerneas
|-damage|p1a: Xerneas|0 fnt
|faint|p1a: Xerneas
|
|win|Monlyth29
|raw|Kage UwU's rating: 1422 &rarr; <strong>1396</strong><br />(-26 for losing)
|raw|Monlyth29's rating: 1323 &rarr; <strong>1349</strong><br />(+26 for winning)
|l| LighT Is Back
|l|☆Kage UwU
