|j|☆Xbdkskdjd
|j|☆ult8rq qian
|t:|1620709487
|gametype|singles
|player|p1|Xbdkskdjd|170|1317
|player|p2|ult8rq qian|266|1459
|teamsize|p1|6
|teamsize|p2|6
|gen|8
|tier|[Gen 8] Ubers
|rated|
|rule|Sleep Clause Mod: Limit one foe put to sleep
|rule|Species Clause: Limit one of each Pokémon
|rule|OHKO Clause: OHKO moves are banned
|rule|Evasion Moves Clause: Evasion moves are banned
|rule|Endless Battle Clause: Forcing endless battles is banned
|rule|HP Percentage Mod: HP is shown in percentages
|rule|Dynamax Clause: You cannot dynamax
|clearpoke
|poke|p1|Zacian-*|
|poke|p1|Excadrill, M|
|poke|p1|Calyrex-Shadow|
|poke|p1|Ditto|
|poke|p1|Yveltal|
|poke|p1|Xerneas-*|
|poke|p2|Slurpuff, F|
|poke|p2|Eternatus|
|poke|p2|Yveltal|
|poke|p2|Necrozma-Dusk-Mane|
|poke|p2|Kyogre|
|poke|p2|Calyrex-Shadow|
|teampreview
|
|t:|1620709495
|start
|updatepoke|p1: Xerneas|Xerneas
|switch|p1a: Excadrill|Excadrill, M|100/100
|switch|p2a: Yveltal|Yveltal|100/100
|-ability|p2a: Yveltal|Dark Aura
|-ability|p1a: Excadrill|Mold Breaker
|turn|1
|inactive|Battle timer is ON: inactive players will automatically lose when time's up. (requested by Xbdkskdjd)
|
|t:|1620709503
|move|p2a: Yveltal|Taunt|p1a: Excadrill
|-start|p1a: Excadrill|move: Taunt
|move|p1a: Excadrill|Rock Tomb|p2a: Yveltal
|-supereffective|p2a: Yveltal
|-damage|p2a: Yveltal|54/100
|-unboost|p2a: Yveltal|spe|1
|
|upkeep
|turn|2
|
|t:|1620709506
|switch|p1a: Zacian|Zacian|100/100
|-ability|p1a: Zacian|Intrepid Sword|boost
|-boost|p1a: Zacian|atk|1
|move|p2a: Yveltal|Oblivion Wing|p1a: Zacian
|-damage|p1a: Zacian|51/100
|-heal|p2a: Yveltal|85/100|[from] drain|[of] p1a: Zacian
|-damage|p2a: Yveltal|75/100|[from] item: Life Orb
|
|upkeep
|turn|3
|
|t:|1620709512
|switch|p2a: Slurpuff|Slurpuff, F|100/100
|move|p1a: Zacian|Close Combat|p2a: Slurpuff
|-resisted|p2a: Slurpuff
|-crit|p2a: Slurpuff
|-damage|p2a: Slurpuff|2/100
|-unboost|p1a: Zacian|def|1
|-unboost|p1a: Zacian|spd|1
|-damage|p1a: Zacian|41/100|[from] item: Life Orb
|
|upkeep
|turn|4
|
|t:|1620709521
|move|p1a: Zacian|Wild Charge|p2a: Slurpuff
|-damage|p2a: Slurpuff|0 fnt
|faint|p2a: Slurpuff
|-damage|p1a: Zacian|41/100|[from] Recoil
|-damage|p1a: Zacian|31/100|[from] item: Life Orb
|
|upkeep
|j| rng loser
|
|t:|1620709529
|switch|p2a: Calyrex|Calyrex-Shadow|100/100
|-ability|p2a: Calyrex|As One
|-ability|p2a: Calyrex|Unnerve
|turn|5
|
|t:|1620709533
|switch|p1a: Yveltal|Yveltal|100/100
|-ability|p1a: Yveltal|Dark Aura
|move|p2a: Calyrex|Draining Kiss|p1a: Yveltal
|-supereffective|p1a: Yveltal
|-damage|p1a: Yveltal|59/100
|
|upkeep
|turn|6
|
|t:|1620709539
|switch|p2a: Yveltal|Yveltal|75/100
|-ability|p2a: Yveltal|Dark Aura
|move|p1a: Yveltal|Oblivion Wing|p2a: Yveltal
|-damage|p2a: Yveltal|27/100
|-heal|p1a: Yveltal|94/100|[from] drain|[of] p2a: Yveltal
|-damage|p1a: Yveltal|84/100|[from] item: Life Orb
|
|upkeep
|turn|7
|
|t:|1620709543
|move|p1a: Yveltal|Oblivion Wing|p2a: Yveltal
|-crit|p2a: Yveltal
|-damage|p2a: Yveltal|0 fnt
|-heal|p1a: Yveltal|100/100|[from] drain|[of] p2a: Yveltal
|faint|p2a: Yveltal
|-damage|p1a: Yveltal|91/100|[from] item: Life Orb
|
|upkeep
|
|t:|1620709545
|switch|p2a: Kyogre|Kyogre|100/100
|-weather|RainDance|[from] ability: Drizzle|[of] p2a: Kyogre
|turn|8
|
|t:|1620709551
|switch|p1a: Ditto|Ditto|100/100
|-transform|p1a: Ditto|p2a: Kyogre|[from] ability: Imposter
|move|p2a: Kyogre|Origin Pulse|p1a: Ditto
|-resisted|p1a: Ditto
|-damage|p1a: Ditto|35/100
|
|-weather|RainDance|[upkeep]
|upkeep
|turn|9
|
|t:|1620709563
|switch|p2a: Eternatus|Eternatus|100/100
|-ability|p2a: Eternatus|Pressure
|move|p1a: Ditto|Ice Beam|p2a: Eternatus
|-supereffective|p2a: Eternatus
|-damage|p2a: Eternatus|44/100
|
|-weather|RainDance|[upkeep]
|upkeep
|turn|10
|
|t:|1620709569
|switch|p1a: Calyrex|Calyrex-Shadow|100/100
|-ability|p1a: Calyrex|As One
|-ability|p1a: Calyrex|Unnerve
|switch|p2a: Kyogre|Kyogre|100/100
|
|-weather|RainDance|[upkeep]
|upkeep
|turn|11
|
|t:|1620709573
|move|p1a: Calyrex|Astral Barrage|p2a: Kyogre
|-damage|p2a: Kyogre|47/100
|move|p2a: Kyogre|Origin Pulse|p1a: Calyrex
|-damage|p1a: Calyrex|0 fnt
|faint|p1a: Calyrex
|
|-weather|RainDance|[upkeep]
|upkeep
|
|t:|1620709578
|switch|p1a: Excadrill|Excadrill, M|100/100
|-ability|p1a: Excadrill|Mold Breaker
|turn|12
|
|t:|1620709580
|move|p2a: Kyogre|Origin Pulse|p1a: Excadrill
|-supereffective|p1a: Excadrill
|-enditem|p1a: Excadrill|Focus Sash
|-damage|p1a: Excadrill|1/100
|move|p1a: Excadrill|Stealth Rock|p2a: Kyogre
|-sidestart|p2: ult8rq qian|move: Stealth Rock
|
|-weather|none
|upkeep
|turn|13
|
|t:|1620709585
|move|p2a: Kyogre|Origin Pulse|p1a: Excadrill
|-supereffective|p1a: Excadrill
|-damage|p1a: Excadrill|0 fnt
|faint|p1a: Excadrill
|
|upkeep
|
|t:|1620709588
|switch|p1a: Yveltal|Yveltal|91/100
|-ability|p1a: Yveltal|Dark Aura
|turn|14
|
|t:|1620709591
|move|p1a: Yveltal|Sucker Punch|p2a: Kyogre
|-crit|p2a: Kyogre
|-damage|p2a: Kyogre|0 fnt
|faint|p2a: Kyogre
|-damage|p1a: Yveltal|81/100|[from] item: Life Orb
|
|upkeep
|
|t:|1620709599
|switch|p2a: Necrozma|Necrozma-Dusk-Mane|100/100
|-damage|p2a: Necrozma|94/100|[from] Stealth Rock
|turn|15
|
|t:|1620709602
|move|p1a: Yveltal|Dark Pulse|p2a: Necrozma
|-supereffective|p2a: Necrozma
|-damage|p2a: Necrozma|5/100
|-damage|p1a: Yveltal|71/100|[from] item: Life Orb
|cant|p2a: Necrozma|flinch
|
|upkeep
|turn|16
|
|t:|1620709609
|move|p1a: Yveltal|Oblivion Wing|p2a: Necrozma
|-resisted|p2a: Necrozma
|-damage|p2a: Necrozma|0 fnt
|-heal|p1a: Yveltal|74/100|[from] drain|[of] p2a: Necrozma
|faint|p2a: Necrozma
|-damage|p1a: Yveltal|64/100|[from] item: Life Orb
|
|upkeep
|
|t:|1620709611
|switch|p2a: Calyrex|Calyrex-Shadow|100/100
|-ability|p2a: Calyrex|As One
|-ability|p2a: Calyrex|Unnerve
|-damage|p2a: Calyrex|88/100|[from] Stealth Rock
|turn|17
|
|t:|1620709614
|move|p2a: Calyrex|Draining Kiss|p1a: Yveltal
|-supereffective|p1a: Yveltal
|-damage|p1a: Yveltal|24/100
|-heal|p2a: Calyrex|100/100|[from] drain|[of] p1a: Yveltal
|move|p1a: Yveltal|Knock Off|p2a: Calyrex
|-supereffective|p2a: Calyrex
|-enditem|p2a: Calyrex|Focus Sash
|-damage|p2a: Calyrex|1/100
|-damage|p1a: Yveltal|14/100|[from] item: Life Orb
|
|upkeep
|turn|18
|
|t:|1620709617
|move|p1a: Yveltal|Sucker Punch||[still]
|-fail|p1a: Yveltal
|move|p2a: Calyrex|Nasty Plot|p2a: Calyrex
|-boost|p2a: Calyrex|spa|2
|
|upkeep
|turn|19
|
|t:|1620709620
|move|p2a: Calyrex|Nasty Plot|p2a: Calyrex
|-boost|p2a: Calyrex|spa|2
|move|p1a: Yveltal|Oblivion Wing|p2a: Calyrex
|-damage|p2a: Calyrex|0 fnt
|-heal|p1a: Yveltal|14/100|[from] drain|[of] p2a: Calyrex
|faint|p2a: Calyrex
|-damage|p1a: Yveltal|4/100|[from] item: Life Orb
|
|upkeep
|-message|ult8rq qian forfeited.
|
|win|Xbdkskdjd
|raw|Xbdkskdjd's rating: 1317 &rarr; <strong>1345</strong><br />(+28 for winning)
|raw|ult8rq qian's rating: 1459 &rarr; <strong>1431</strong><br />(-28 for losing)
|l|☆ult8rq qian
|l|☆Xbdkskdjd
