|j|☆dancurso2
|j|☆TaKuTo-SeNpAi
|player|p1|dancurso2|roxie|
|player|p2|TaKuTo-SeNpAi|anabel|
|teamsize|p1|6
|teamsize|p2|6
|gametype|singles
|gen|8
|tier|[Gen 8] Ubers
|rated|Tournament battle
|clearpoke
|poke|p1|Corviknight, M|
|poke|p1|Darmanitan-Galar, M|
|poke|p1|Zacian-Crowned|
|poke|p1|Excadrill, M|
|poke|p1|Tyranitar, M|
|poke|p1|Eternatus|
|poke|p2|Reshiram|
|poke|p2|Zekrom|
|poke|p2|Necrozma-Dusk-Mane|
|poke|p2|Lunala|
|poke|p2|Eternatus|
|poke|p2|Ditto|
|rule|Sleep Clause Mod: Limit one foe put to sleep
|rule|Species Clause: Limit one of each Pokémon
|rule|OHKO Clause: OHKO moves are banned
|rule|Evasion Moves Clause: Evasion moves are banned
|rule|Endless Battle Clause: Forcing endless battles is banned
|rule|HP Percentage Mod: HP is shown in percentages
|teampreview
|inactive|Battle timer is ON: inactive players will automatically lose when time's up. (requested by dancurso2)
|
|start
|switch|p1a: Tyranitar|Tyranitar, M|100/100
|switch|p2a: Lunala|Lunala, shiny|100/100
|-weather|Sandstorm|[from] ability: Sand Stream|[of] p1a: Tyranitar
|turn|1
|
|move|p2a: Lunala|Will-O-Wisp|p1a: Tyranitar
|-status|p1a: Tyranitar|brn
|move|p1a: Tyranitar|Crunch|p2a: Lunala
|-supereffective|p2a: Lunala
|-damage|p2a: Lunala|71/100
|
|-weather|Sandstorm|[upkeep]
|-damage|p2a: Lunala|65/100|[from] Sandstorm
|-damage|p1a: Tyranitar|94/100 brn|[from] brn
|upkeep
|turn|2
|j|+kingbaruk
|
|switch|p2a: Necrozma|Necrozma-Dusk-Mane, shiny|100/100
|move|p1a: Tyranitar|Crunch|p2a: Necrozma
|-supereffective|p2a: Necrozma
|-damage|p2a: Necrozma|86/100
|
|-weather|Sandstorm|[upkeep]
|-heal|p2a: Necrozma|92/100|[from] item: Leftovers
|-heal|p1a: Tyranitar|100/100 brn|[from] item: Leftovers
|-damage|p1a: Tyranitar|94/100 brn|[from] brn
|upkeep
|turn|3
|
|move|p2a: Necrozma|Earthquake|p1a: Tyranitar
|-supereffective|p1a: Tyranitar
|-damage|p1a: Tyranitar|42/100 brn
|move|p1a: Tyranitar|Stealth Rock|p2a: Necrozma
|-sidestart|p2: TaKuTo-SeNpAi|move: Stealth Rock
|
|-weather|Sandstorm|[upkeep]
|-heal|p2a: Necrozma|98/100|[from] item: Leftovers
|-heal|p1a: Tyranitar|49/100 brn|[from] item: Leftovers
|-damage|p1a: Tyranitar|42/100 brn|[from] brn
|upkeep
|turn|4
|
|move|p2a: Necrozma|Stealth Rock|p1a: Tyranitar
|-sidestart|p1: dancurso2|move: Stealth Rock
|move|p1a: Tyranitar|Thunder Wave|p2a: Necrozma
|-status|p2a: Necrozma|par
|
|-weather|Sandstorm|[upkeep]
|-heal|p1a: Tyranitar|49/100 brn|[from] item: Leftovers
|-heal|p2a: Necrozma|100/100 par|[from] item: Leftovers
|-damage|p1a: Tyranitar|42/100 brn|[from] brn
|upkeep
|turn|5
|
|move|p1a: Tyranitar|Earthquake|p2a: Necrozma
|-supereffective|p2a: Necrozma
|-damage|p2a: Necrozma|87/100 par
|move|p2a: Necrozma|Earthquake|p1a: Tyranitar
|-supereffective|p1a: Tyranitar
|-damage|p1a: Tyranitar|0 fnt
|faint|p1a: Tyranitar
|
|-weather|none
|-heal|p2a: Necrozma|93/100 par|[from] item: Leftovers
|upkeep
|
|switch|p1a: Excadrill|Excadrill, M|100/100
|-damage|p1a: Excadrill|97/100|[from] Stealth Rock
|turn|6
|
|move|p1a: Excadrill|Earthquake|p2a: Necrozma
|-supereffective|p2a: Necrozma
|-damage|p2a: Necrozma|37/100 par
|-damage|p1a: Excadrill|87/100|[from] item: Life Orb
|move|p2a: Necrozma|Earthquake|p1a: Excadrill
|-supereffective|p1a: Excadrill
|-damage|p1a: Excadrill|0 fnt
|faint|p1a: Excadrill
|
|-heal|p2a: Necrozma|43/100 par|[from] item: Leftovers
|upkeep
|
|switch|p1a: Darmanitan|Darmanitan-Galar, M|100/100
|-damage|p1a: Darmanitan|76/100|[from] Stealth Rock
|turn|7
|
|-start|p1a: Darmanitan|Dynamax
|-heal|p1a: Darmanitan|76/100|[silent]
|move|p1a: Darmanitan|Max Quake|p2a: Necrozma
|-supereffective|p2a: Necrozma
|-damage|p2a: Necrozma|5/100 par
|-boost|p1a: Darmanitan|spd|1
|move|p2a: Necrozma|Thunder Wave|p1a: Darmanitan|[miss]
|-miss|p2a: Necrozma|p1a: Darmanitan
|
|-heal|p2a: Necrozma|11/100 par|[from] item: Leftovers
|upkeep
|turn|8
|
|move|p1a: Darmanitan|Max Quake|p2a: Necrozma
|-supereffective|p2a: Necrozma
|-damage|p2a: Necrozma|0 fnt
|-boost|p1a: Darmanitan|spd|1
|faint|p2a: Necrozma
|
|upkeep
|inactive|TaKuTo-SeNpAi has 120 seconds left.
|
|switch|p2a: Eternatus|Eternatus|100/100
|-damage|p2a: Eternatus|88/100|[from] Stealth Rock
|-ability|p2a: Eternatus|Pressure
|turn|9
|
|move|p2a: Eternatus|Dynamax Cannon|p1a: Darmanitan
|-damage|p1a: Darmanitan|27/100
|move|p1a: Darmanitan|Max Quake|p2a: Eternatus
|-supereffective|p2a: Eternatus
|-damage|p2a: Eternatus|3/100
|-boost|p1a: Darmanitan|spd|1
|
|-end|p1a: Darmanitan|Dynamax
|-heal|p1a: Darmanitan|27/100|[silent]
|upkeep
|turn|10
|
|move|p2a: Eternatus|Dynamax Cannon|p1a: Darmanitan
|-damage|p1a: Darmanitan|0 fnt
|faint|p1a: Darmanitan
|
|upkeep
|
|switch|p1a: Zacian|Zacian-Crowned|100/100
|-damage|p1a: Zacian|94/100|[from] Stealth Rock
|-ability|p1a: Zacian|Intrepid Sword|boost
|-boost|p1a: Zacian|atk|1
|turn|11
|
|move|p2a: Eternatus|Dynamax Cannon|p1a: Zacian
|-immune|p1a: Zacian
|move|p1a: Zacian|Wild Charge|p2a: Eternatus
|-resisted|p2a: Eternatus
|-damage|p2a: Eternatus|0 fnt
|-damage|p1a: Zacian|93/100|[from] Recoil
|faint|p2a: Eternatus
|
|upkeep
|inactive|TaKuTo-SeNpAi has 120 seconds left.
|
|switch|p2a: Reshiram|Reshiram, shiny|100/100
|-damage|p2a: Reshiram|76/100|[from] Stealth Rock
|-ability|p2a: Reshiram|Turboblaze
|turn|12
|inactive|TaKuTo-SeNpAi has 120 seconds left.
|
|move|p1a: Zacian|Play Rough|p2a: Reshiram|[miss]
|-miss|p1a: Zacian|p2a: Reshiram
|move|p2a: Reshiram|Will-O-Wisp|p1a: Zacian
|-status|p1a: Zacian|brn
|
|-heal|p2a: Reshiram|82/100|[from] item: Leftovers
|-damage|p1a: Zacian|87/100 brn|[from] brn
|upkeep
|turn|13
|inactive|TaKuTo-SeNpAi has 120 seconds left.
|
|move|p1a: Zacian|Play Rough|p2a: Reshiram
|-damage|p2a: Reshiram|43/100
|move|p2a: Reshiram|Defog|p1a: Zacian
|-unboost|p1a: Zacian|evasion|1
|-sideend|p1: dancurso2|Stealth Rock|[from] move: Defog|[of] p2a: Reshiram
|-sideend|p2: TaKuTo-SeNpAi|Stealth Rock|[from] move: Defog|[of] p2a: Reshiram
|
|-heal|p2a: Reshiram|50/100|[from] item: Leftovers
|-damage|p1a: Zacian|81/100 brn|[from] brn
|upkeep
|turn|14
|
|move|p1a: Zacian|Play Rough|p2a: Reshiram
|-damage|p2a: Reshiram|14/100
|move|p2a: Reshiram|Roost|p2a: Reshiram
|-heal|p2a: Reshiram|65/100
|-singleturn|p2a: Reshiram|move: Roost
|
|-heal|p2a: Reshiram|71/100|[from] item: Leftovers
|-damage|p1a: Zacian|75/100 brn|[from] brn
|upkeep
|turn|15
|
|move|p1a: Zacian|Play Rough|p2a: Reshiram
|-damage|p2a: Reshiram|36/100
|move|p2a: Reshiram|Roost|p2a: Reshiram
|-heal|p2a: Reshiram|86/100
|-singleturn|p2a: Reshiram|move: Roost
|
|-heal|p2a: Reshiram|92/100|[from] item: Leftovers
|-damage|p1a: Zacian|69/100 brn|[from] brn
|upkeep
|turn|16
|c|☆dancurso2|Will-o-wisp and roost good method of winning for the coward bot
|inactive|dancurso2 has 120 seconds left.
|
|move|p1a: Zacian|Play Rough|p2a: Reshiram
|-damage|p2a: Reshiram|53/100
|move|p2a: Reshiram|Roost|p2a: Reshiram
|-heal|p2a: Reshiram|100/100
|-singleturn|p2a: Reshiram|move: Roost
|
|-damage|p1a: Zacian|63/100 brn|[from] brn
|upkeep
|turn|17
|
|switch|p2a: Lunala|Lunala, shiny|65/100
|move|p1a: Zacian|Play Rough|p2a: Lunala
|-damage|p2a: Lunala|32/100
|
|-damage|p1a: Zacian|57/100 brn|[from] brn
|upkeep
|turn|18
|
|move|p1a: Zacian|Play Rough|p2a: Lunala
|-damage|p2a: Lunala|0 fnt
|faint|p2a: Lunala
|
|-damage|p1a: Zacian|50/100 brn|[from] brn
|upkeep
|
|switch|p2a: Ditto|Ditto, shiny|100/100
|-transform|p2a: Ditto|p1a: Zacian|[from] ability: Imposter
|-ability|p2a: Ditto|Intrepid Sword|boost
|-boost|p2a: Ditto|atk|1
|turn|19
|
|move|p2a: Ditto|Behemoth Blade|p1a: Zacian
|-damage|p1a: Zacian|0 fnt
|faint|p1a: Zacian
|
|upkeep
|
|switch|p1a: Corviknight|Corviknight, M|100/100
|-ability|p1a: Corviknight|Pressure
|turn|20
|
|switch|p2a: Zekrom|Zekrom, shiny|100/100
|-ability|p2a: Zekrom|Teravolt
|move|p1a: Corviknight|Iron Defense|p1a: Corviknight
|-boost|p1a: Corviknight|def|2
|
|upkeep
|turn|21
|
|move|p2a: Zekrom|Dragon Dance|p2a: Zekrom
|-boost|p2a: Zekrom|atk|1
|-boost|p2a: Zekrom|spe|1
|move|p1a: Corviknight|Iron Defense|p1a: Corviknight
|-boost|p1a: Corviknight|def|2
|
|upkeep
|turn|22
|
|move|p2a: Zekrom|Substitute|p2a: Zekrom
|-start|p2a: Zekrom|Substitute
|-damage|p2a: Zekrom|76/100
|move|p1a: Corviknight|Iron Defense|p1a: Corviknight
|-boost|p1a: Corviknight|def|2
|
|-heal|p2a: Zekrom|82/100|[from] item: Leftovers
|upkeep
|turn|23
|
|move|p2a: Zekrom|Dragon Dance|p2a: Zekrom
|-boost|p2a: Zekrom|atk|1
|-boost|p2a: Zekrom|spe|1
|move|p1a: Corviknight|Body Press|p2a: Zekrom
|-end|p2a: Zekrom|Substitute
|
|-heal|p2a: Zekrom|88/100|[from] item: Leftovers
|upkeep
|turn|24
|
|move|p2a: Zekrom|Dragon Dance|p2a: Zekrom
|-boost|p2a: Zekrom|atk|1
|-boost|p2a: Zekrom|spe|1
|move|p1a: Corviknight|Body Press|p2a: Zekrom
|-damage|p2a: Zekrom|5/100
|
|-heal|p2a: Zekrom|11/100|[from] item: Leftovers
|upkeep
|turn|25
|
|move|p2a: Zekrom|Bolt Strike|p1a: Corviknight
|-supereffective|p1a: Corviknight
|-damage|p1a: Corviknight|40/100
|-damage|p2a: Zekrom|0 fnt|[from] item: Rocky Helmet|[of] p1a: Corviknight
|faint|p2a: Zekrom
|move|p1a: Corviknight|Body Press|p2: Zekrom|[notarget]
|-fail|p1a: Corviknight
|
|upkeep
|
|switch|p2a: Reshiram|Reshiram, shiny|100/100
|-ability|p2a: Reshiram|Turboblaze
|turn|26
|
|move|p2a: Reshiram|Mystical Fire|p1a: Corviknight
|-supereffective|p1a: Corviknight
|-damage|p1a: Corviknight|0 fnt
|faint|p1a: Corviknight
|
|upkeep
|
|switch|p1a: Eternatus|Eternatus|100/100
|-ability|p1a: Eternatus|Pressure
|turn|27
|
|move|p1a: Eternatus|Dynamax Cannon|p2a: Reshiram
|-supereffective|p2a: Reshiram
|-damage|p2a: Reshiram|37/100
|move|p2a: Reshiram|Mystical Fire|p1a: Eternatus
|-resisted|p1a: Eternatus
|-damage|p1a: Eternatus|84/100
|-unboost|p1a: Eternatus|spa|1
|
|-heal|p2a: Reshiram|44/100|[from] item: Leftovers
|upkeep
|turn|28
|
|move|p1a: Eternatus|Dynamax Cannon|p2a: Reshiram
|-supereffective|p2a: Reshiram
|-damage|p2a: Reshiram|0 fnt
|faint|p2a: Reshiram
|
|upkeep
|
|switch|p2a: Ditto|Ditto, shiny|100/100
|-transform|p2a: Ditto|p1a: Eternatus|[from] ability: Imposter
|-ability|p2a: Ditto|Pressure
|turn|29
|
|move|p2a: Ditto|Dynamax Cannon|p1a: Eternatus
|-supereffective|p1a: Eternatus
|-enditem|p1a: Eternatus|Haban Berry|[eat]
|-enditem|p1a: Eternatus|Haban Berry|[weaken]
|-damage|p1a: Eternatus|51/100
|move|p1a: Eternatus|Dynamax Cannon|p2a: Ditto
|-supereffective|p2a: Ditto
|-damage|p2a: Ditto|4/100
|
|upkeep
|turn|30
|
|move|p2a: Ditto|Dynamax Cannon|p1a: Eternatus
|-supereffective|p1a: Eternatus
|-damage|p1a: Eternatus|0 fnt
|faint|p1a: Eternatus
|
|win|TaKuTo-SeNpAi
|c|☆dancurso2|jajaja
|c|☆dancurso2|You are the most coward person i have ever seen
|c|☆dancurso2|dick
|c|☆dancurso2|dick
|c|☆dancurso2|dick
|c|☆dancurso2|dick
|c|☆dancurso2|suck my dock
|c|☆dancurso2|dick
|l|☆dancurso2
|l|+kingbaruk
