|j|☆bhahn
|j|☆neptune732
|t:|1607402791
|player|p1|bhahn|wallace-gen3|1609
|player|p2|neptune732|169|1514
|teamsize|p1|6
|teamsize|p2|6
|gametype|singles
|gen|8
|tier|[Gen 8] Ubers
|rated|
|clearpoke
|poke|p1|Necrozma-Dusk-Mane|
|poke|p1|Eternatus|
|poke|p1|Kyogre|
|poke|p1|Xerneas|
|poke|p1|Yveltal|
|poke|p1|Zacian-Crowned|
|poke|p2|Necrozma-Dusk-Mane|
|poke|p2|Kyogre|
|poke|p2|Palkia|
|poke|p2|Calyrex-Ice|
|poke|p2|Dialga|
|poke|p2|Porygon-Z|
|rule|Sleep Clause Mod: Limit one foe put to sleep
|rule|Species Clause: Limit one of each Pokémon
|rule|OHKO Clause: OHKO moves are banned
|rule|Evasion Moves Clause: Evasion moves are banned
|rule|Endless Battle Clause: Forcing endless battles is banned
|rule|HP Percentage Mod: HP is shown in percentages
|rule|Dynamax Clause: You cannot dynamax
|teampreview
|inactive|Battle timer is ON: inactive players will automatically lose when time's up. (requested by bhahn)
|inactive|neptune732 has 120 seconds left.
|
|t:|1607402862
|start
|switch|p1a: Kyogre|Kyogre|100/100
|switch|p2a: Dialga|Dialga|100/100
|-weather|RainDance|[from] ability: Drizzle|[of] p1a: Kyogre
|-ability|p2a: Dialga|Pressure
|turn|1
|
|t:|1607402890
|switch|p1a: Zacian|Zacian-Crowned|100/100
|-ability|p1a: Zacian|Intrepid Sword|boost
|-boost|p1a: Zacian|atk|1
|move|p2a: Dialga|Trick Room|p2a: Dialga
|-fieldstart|move: Trick Room|[of] p2a: Dialga
|
|-weather|RainDance|[upkeep]
|upkeep
|turn|2
|
|t:|1607402898
|move|p2a: Dialga|Stealth Rock|p1a: Zacian
|-sidestart|p1: bhahn|move: Stealth Rock
|move|p1a: Zacian|Close Combat|p2a: Dialga
|-supereffective|p2a: Dialga
|-enditem|p2a: Dialga|Focus Sash
|-damage|p2a: Dialga|1/100
|-unboost|p1a: Zacian|def|1
|-unboost|p1a: Zacian|spd|1
|
|-weather|RainDance|[upkeep]
|upkeep
|turn|3
|
|t:|1607402908
|switch|p1a: Yveltal|Yveltal|100/100
|-ability|p1a: Yveltal|Dark Aura
|move|p2a: Dialga|Steel Beam|p1a: Yveltal
|-damage|p1a: Yveltal|51/100
|-damage|p2a: Dialga|0 fnt|[from] mindblown
|faint|p2a: Dialga
|
|-weather|RainDance|[upkeep]
|upkeep
|
|t:|1607402918
|switch|p2a: Kyogre|Kyogre|100/100
|turn|4
|
|t:|1607402928
|move|p1a: Yveltal|Sucker Punch|p2a: Kyogre
|-damage|p2a: Kyogre|59/100
|move|p2a: Kyogre|Water Spout|p1a: Yveltal
|-damage|p1a: Yveltal|0 fnt
|faint|p1a: Yveltal
|
|-weather|RainDance|[upkeep]
|upkeep
|
|t:|1607402937
|switch|p1a: Eternatus|Eternatus|100/100
|-damage|p1a: Eternatus|88/100|[from] Stealth Rock
|-ability|p1a: Eternatus|Pressure
|turn|5
|
|t:|1607402947
|switch|p2a: Necrozma|Necrozma-Dusk-Mane|100/100
|move|p1a: Eternatus|Toxic Spikes|p2a: Necrozma
|-sidestart|p2: neptune732|move: Toxic Spikes
|
|-weather|none
|-heal|p1a: Eternatus|94/100|[from] item: Black Sludge
|-fieldend|move: Trick Room
|upkeep
|turn|6
|
|t:|1607402955
|move|p1a: Eternatus|Flamethrower|p2a: Necrozma
|-supereffective|p2a: Necrozma
|-damage|p2a: Necrozma|64/100
|-enditem|p2a: Necrozma|Weakness Policy
|-boost|p2a: Necrozma|atk|2|[from] item: Weakness Policy
|-boost|p2a: Necrozma|spa|2|[from] item: Weakness Policy
|move|p2a: Necrozma|Trick Room|p2a: Necrozma
|-fieldstart|move: Trick Room|[of] p2a: Necrozma
|
|-heal|p1a: Eternatus|100/100|[from] item: Black Sludge
|upkeep
|turn|7
|
|t:|1607402972
|move|p2a: Necrozma|Earthquake|p1a: Eternatus
|-supereffective|p1a: Eternatus
|-damage|p1a: Eternatus|0 fnt
|faint|p1a: Eternatus
|
|upkeep
|
|t:|1607402974
|switch|p1a: Necrozma|Necrozma-Dusk-Mane|100/100
|-damage|p1a: Necrozma|94/100|[from] Stealth Rock
|turn|8
|
|t:|1607402991
|move|p2a: Necrozma|Earthquake|p1a: Necrozma
|-supereffective|p1a: Necrozma
|-damage|p1a: Necrozma|22/100
|move|p1a: Necrozma|Moonlight|p1a: Necrozma
|-heal|p1a: Necrozma|72/100
|
|upkeep
|turn|9
|
|t:|1607402999
|move|p2a: Necrozma|Earthquake|p1a: Necrozma
|-supereffective|p1a: Necrozma
|-damage|p1a: Necrozma|9/100
|move|p1a: Necrozma|Knock Off|p2a: Necrozma
|-supereffective|p2a: Necrozma
|-damage|p2a: Necrozma|42/100
|
|upkeep
|turn|10
|
|t:|1607403013
|move|p2a: Necrozma|Earthquake|p1a: Necrozma
|-supereffective|p1a: Necrozma
|-damage|p1a: Necrozma|0 fnt
|faint|p1a: Necrozma
|
|-fieldend|move: Trick Room
|upkeep
|
|t:|1607403020
|switch|p1a: Zacian|Zacian-Crowned|100/100
|-damage|p1a: Zacian|94/100|[from] Stealth Rock
|-ability|p1a: Zacian|Intrepid Sword|boost
|-boost|p1a: Zacian|atk|1
|turn|11
|
|t:|1607403031
|move|p1a: Zacian|Close Combat|p2a: Necrozma
|-damage|p2a: Necrozma|0 fnt
|-unboost|p1a: Zacian|def|1
|-unboost|p1a: Zacian|spd|1
|faint|p2a: Necrozma
|
|upkeep
|
|t:|1607403038
|switch|p2a: Palkia|Palkia|100/100
|-status|p2a: Palkia|psn
|-ability|p2a: Palkia|Pressure
|turn|12
|inactive|bhahn has 120 seconds left.
|
|t:|1607403069
|move|p1a: Zacian|Close Combat|p2a: Palkia
|-damage|p2a: Palkia|23/100 psn
|-unboost|p1a: Zacian|def|1
|-unboost|p1a: Zacian|spd|1
|move|p2a: Palkia|Trick Room|p2a: Palkia
|-fieldstart|move: Trick Room|[of] p2a: Palkia
|
|-damage|p2a: Palkia|11/100 psn|[from] psn
|upkeep
|turn|13
|inactive|bhahn has 120 seconds left.
|
|t:|1607403099
|switch|p1a: Kyogre|Kyogre|100/100
|-damage|p1a: Kyogre|88/100|[from] Stealth Rock
|-weather|RainDance|[from] ability: Drizzle|[of] p1a: Kyogre
|move|p2a: Palkia|Hydro Pump|p1a: Kyogre
|-resisted|p1a: Kyogre
|-damage|p1a: Kyogre|38/100
|
|-weather|RainDance|[upkeep]
|-damage|p2a: Palkia|0 fnt|[from] psn
|faint|p2a: Palkia
|upkeep
|j| MediumSkin>.<
|
|t:|1607403118
|switch|p2a: Kyogre|Kyogre|59/100
|-status|p2a: Kyogre|psn
|turn|14
|l| MediumSkin>.<
|j| Radxdaddy
|
|t:|1607403147
|switch|p1a: Xerneas|Xerneas|100/100
|-damage|p1a: Xerneas|88/100|[from] Stealth Rock
|-ability|p1a: Xerneas|Fairy Aura
|move|p2a: Kyogre|Origin Pulse|p1a: Xerneas
|-damage|p1a: Xerneas|0 fnt
|faint|p1a: Xerneas
|
|-weather|RainDance|[upkeep]
|-damage|p2a: Kyogre|47/100 psn|[from] psn
|upkeep
|inactive|bhahn has 90 seconds left.
|
|t:|1607403163
|switch|p1a: Kyogre|Kyogre|38/100
|-damage|p1a: Kyogre|26/100|[from] Stealth Rock
|turn|15
|l|☆neptune732
|inactive|neptune732 disconnected and has a minute to reconnect!
|player|p2|
|inactiveoff|Battle timer is now OFF.
|j|☆neptune732
|player|p2|neptune732|169
|
|t:|1607403202
|move|p2a: Kyogre|Origin Pulse|p1a: Kyogre
|-resisted|p1a: Kyogre
|-damage|p1a: Kyogre|0 fnt
|faint|p1a: Kyogre
|
|-weather|RainDance|[upkeep]
|-damage|p2a: Kyogre|34/100 psn|[from] psn
|upkeep
|
|t:|1607403205
|switch|p1a: Zacian|Zacian-Crowned|94/100
|-damage|p1a: Zacian|88/100|[from] Stealth Rock
|-ability|p1a: Zacian|Intrepid Sword|boost
|-boost|p1a: Zacian|atk|1
|turn|16
|
|t:|1607403213
|move|p2a: Kyogre|Origin Pulse|p1a: Zacian|[miss]
|-miss|p2a: Kyogre|p1a: Zacian
|move|p1a: Zacian|Wild Charge|p2a: Kyogre
|-supereffective|p2a: Kyogre
|-damage|p2a: Kyogre|0 fnt
|-damage|p1a: Zacian|78/100|[from] Recoil
|faint|p2a: Kyogre
|
|-weather|RainDance|[upkeep]
|-fieldend|move: Trick Room
|upkeep
|
|t:|1607403229
|switch|p2a: Calyrex|Calyrex-Ice|100/100
|-ability|p2a: Calyrex|As One
|-ability|p2a: Calyrex|Unnerve|p1: bhahn
|-status|p2a: Calyrex|psn
|turn|17
|
|t:|1607403236
|move|p1a: Zacian|Behemoth Blade|p2a: Calyrex
|-supereffective|p2a: Calyrex
|-damage|p2a: Calyrex|0 fnt
|faint|p2a: Calyrex
|
|-weather|none
|upkeep
|-message|neptune732 forfeited.
|
|win|bhahn
|l|☆neptune732
|raw|bhahn's rating: 1609 &rarr; <strong>1622</strong><br />(+13 for winning)
|raw|neptune732's rating: 1481 &rarr; <strong>1468</strong><br />(-13 for losing)
