|raw|<div class="broadcast-blue"><strong>This battle is required to be public due to a player having a name starting with 'ult9ns'.</div>
|j|☆Bald ben
|j|☆ULT9NS Orchid
|t:|1653469276
|gametype|singles
|player|p1|Bald ben|170|1609
|player|p2|ULT9NS Orchid|winona-gen6|1571
|teamsize|p1|6
|teamsize|p2|6
|gen|8
|tier|[Gen 8] Ubers
|rated|
|rule|Sleep Clause Mod: Limit one foe put to sleep
|rule|Species Clause: Limit one of each Pokémon
|rule|OHKO Clause: OHKO moves are banned
|rule|Evasion Moves Clause: Evasion moves are banned
|rule|Endless Battle Clause: Forcing endless battles is banned
|rule|HP Percentage Mod: HP is shown in percentages
|rule|Dynamax Clause: You cannot dynamax
|clearpoke
|poke|p1|Tyranitar, F|
|poke|p1|Toxapex, F|
|poke|p1|Tangrowth, F|
|poke|p1|Ditto|
|poke|p1|Ho-Oh|
|poke|p1|Blissey, F|
|poke|p2|Zygarde|
|poke|p2|Yveltal|
|poke|p2|Eternatus|
|poke|p2|Necrozma-Dusk-Mane|
|poke|p2|Groudon|
|poke|p2|Weavile, F|
|teampreview
|inactive|Battle timer is ON: inactive players will automatically lose when time's up. (requested by Bald ben)
|
|t:|1653469289
|start
|switch|p1a: Ditto|Ditto|100/100
|switch|p2a: Necrozma|Necrozma-Dusk-Mane|100/100
|-transform|p1a: Ditto|p2a: Necrozma|[from] ability: Imposter
|turn|1
|
|t:|1653469296
|move|p1a: Ditto|Stealth Rock|p2a: Necrozma
|-sidestart|p2: ULT9NS Orchid|move: Stealth Rock
|move|p2a: Necrozma|Stealth Rock|p1a: Ditto
|-sidestart|p1: Bald ben|move: Stealth Rock
|
|upkeep
|turn|2
|j| ULT9NS KB
|
|t:|1653469300
|switch|p1a: Tangrowth|Tangrowth, F|100/100
|-damage|p1a: Tangrowth|88/100|[from] Stealth Rock
|move|p2a: Necrozma|Thunder Wave|p1a: Tangrowth|[miss]
|-miss|p2a: Necrozma|p1a: Tangrowth
|
|upkeep
|turn|3
|
|t:|1653469307
|switch|p2a: Eternatus|Eternatus|100/100
|-damage|p2a: Eternatus|88/100|[from] Stealth Rock
|-ability|p2a: Eternatus|Pressure
|move|p1a: Tangrowth|Leech Seed|p2a: Eternatus|[miss]
|-miss|p1a: Tangrowth|p2a: Eternatus
|
|-heal|p2a: Eternatus|94/100|[from] item: Black Sludge
|upkeep
|turn|4
|
|t:|1653469311
|switch|p1a: Blissey|Blissey, F|100/100
|-damage|p1a: Blissey|88/100|[from] Stealth Rock
|move|p2a: Eternatus|Toxic|p1a: Blissey
|-status|p1a: Blissey|tox
|
|-heal|p2a: Eternatus|100/100|[from] item: Black Sludge
|-damage|p1a: Blissey|82/100 tox|[from] psn
|upkeep
|turn|5
|j| ULT9NS Pichu
|j| reje
|
|t:|1653469319
|switch|p2a: Necrozma|Necrozma-Dusk-Mane|100/100
|-damage|p2a: Necrozma|94/100|[from] Stealth Rock
|-curestatus|p1a: Blissey|tox|[from] ability: Natural Cure
|switch|p1a: Tyranitar|Tyranitar, F|100/100
|-weather|Sandstorm|[from] ability: Sand Stream|[of] p1a: Tyranitar
|
|-weather|Sandstorm|[upkeep]
|-heal|p2a: Necrozma|100/100|[from] item: Leftovers
|upkeep
|turn|6
|j| ULT9NS 369
|
|t:|1653469325
|switch|p1a: Tangrowth|Tangrowth, F|100/100
|-damage|p1a: Tangrowth|88/100|[from] Stealth Rock
|move|p2a: Necrozma|Thunder Wave|p1a: Tangrowth
|-status|p1a: Tangrowth|par
|
|-weather|Sandstorm|[upkeep]
|-damage|p1a: Tangrowth|82/100 par|[from] Sandstorm
|upkeep
|turn|7
|
|t:|1653469327
|move|p2a: Necrozma|Iron Head|p1a: Tangrowth
|-damage|p1a: Tangrowth|61/100 par
|-damage|p2a: Necrozma|84/100|[from] item: Rocky Helmet|[of] p1a: Tangrowth
|move|p1a: Tangrowth|Sleep Powder|p2a: Necrozma
|-status|p2a: Necrozma|slp|[from] move: Sleep Powder
|
|-weather|Sandstorm|[upkeep]
|-damage|p1a: Tangrowth|55/100 par|[from] Sandstorm
|-heal|p2a: Necrozma|90/100 slp|[from] item: Leftovers
|upkeep
|turn|8
|
|t:|1653469334
|switch|p2a: Eternatus|Eternatus|100/100
|-damage|p2a: Eternatus|88/100|[from] Stealth Rock
|-ability|p2a: Eternatus|Pressure
|move|p1a: Tangrowth|Leech Seed|p2a: Eternatus
|-start|p2a: Eternatus|move: Leech Seed
|
|-weather|Sandstorm|[upkeep]
|-damage|p2a: Eternatus|82/100|[from] Sandstorm
|-damage|p1a: Tangrowth|49/100 par|[from] Sandstorm
|-heal|p2a: Eternatus|88/100|[from] item: Black Sludge
|-damage|p2a: Eternatus|76/100|[from] Leech Seed|[of] p1a: Tangrowth
|-heal|p1a: Tangrowth|63/100 par|[silent]
|upkeep
|turn|9
|
|t:|1653469339
|switch|p2a: Groudon|Groudon|100/100
|-damage|p2a: Groudon|94/100|[from] Stealth Rock
|-weather|SunnyDay|[from] ability: Drought|[of] p2a: Groudon
|switch|p1a: Blissey|Blissey, F|82/100
|-damage|p1a: Blissey|69/100|[from] Stealth Rock
|
|-weather|SunnyDay|[upkeep]
|-heal|p2a: Groudon|100/100|[from] item: Leftovers
|upkeep
|turn|10
|
|t:|1653469343
|switch|p1a: Tangrowth|Tangrowth, F|97/100 par
|-damage|p1a: Tangrowth|84/100 par|[from] Stealth Rock
|move|p2a: Groudon|Bulk Up|p2a: Groudon
|-boost|p2a: Groudon|atk|1
|-boost|p2a: Groudon|def|1
|
|-weather|SunnyDay|[upkeep]
|upkeep
|turn|11
|
|t:|1653469346
|move|p2a: Groudon|Heat Crash|p1a: Tangrowth
|-supereffective|p1a: Tangrowth
|-damage|p1a: Tangrowth|0 fnt
|-damage|p2a: Groudon|84/100|[from] item: Rocky Helmet|[of] p1a: Tangrowth
|faint|p1a: Tangrowth
|
|-weather|SunnyDay|[upkeep]
|-heal|p2a: Groudon|90/100|[from] item: Leftovers
|upkeep
|
|t:|1653469355
|switch|p1a: Ho-Oh|Ho-Oh|100/100
|turn|12
|
|t:|1653469358
|move|p1a: Ho-Oh|Sacred Fire|p2a: Groudon
|-damage|p2a: Groudon|61/100
|move|p2a: Groudon|Stone Edge|p1a: Ho-Oh
|-supereffective|p1a: Ho-Oh
|-crit|p1a: Ho-Oh
|-damage|p1a: Ho-Oh|0 fnt
|faint|p1a: Ho-Oh
|
|-weather|SunnyDay|[upkeep]
|-heal|p2a: Groudon|67/100|[from] item: Leftovers
|upkeep
|-message|Bald ben forfeited.
|
|win|ULT9NS Orchid
|raw|Bald ben's rating: 1609 &rarr; <strong>1587</strong><br />(-22 for losing)
|raw|ULT9NS Orchid's rating: 1571 &rarr; <strong>1593</strong><br />(+22 for winning)
|l|☆Bald ben
|l|☆ULT9NS Orchid
||Ladder isn't responding, score probably updated but might not have (Request timeout).
|l| ULT9NS Pichu
|l| ULT9NS 369
|l| ULT9NS KB
