|j|☆Nael222
|j|☆Remi25
|t:|1664021899
|gametype|singles
|player|p1|Nael222|1|
|player|p2|Remi25|blue|
|teamsize|p1|6
|teamsize|p2|6
|gen|8
|tier|[Gen 8] Ubers
|rule|Sleep Clause Mod: Limit one foe put to sleep
|rule|Species Clause: Limit one of each Pokémon
|rule|OHKO Clause: OHKO moves are banned
|rule|Evasion Items Clause: Evasion items are banned
|rule|Evasion Moves Clause: Evasion moves are banned
|rule|Endless Battle Clause: Forcing endless battles is banned
|rule|HP Percentage Mod: HP is shown in percentages
|rule|Dynamax Clause: You cannot dynamax
|clearpoke
|poke|p1|Zekrom|
|poke|p1|Groudon|
|poke|p1|Ho-Oh|
|poke|p1|Necrozma-Dusk-Mane|
|poke|p1|Yveltal|
|poke|p1|Eternatus|
|poke|p2|Yveltal|
|poke|p2|Calyrex-Shadow|
|poke|p2|Xerneas-*|
|poke|p2|Excadrill, F|
|poke|p2|Necrozma-Dusk-Mane|
|poke|p2|Eternatus|
|teampreview
|j| PokemonCestDur
|c|☆Remi25|Hf
|j| Mat on the beat
|c|☆Remi25|/log Remi25 made this room public.
|c| Mat on the beat|N
|c| Mat on the beat|a
|c| Mat on the beat|e
|c| Mat on the beat|l
|c| Mat on the beat|222
|
|t:|1664021982
|start
|switch|p1a: Ho-Oh|Ho-Oh|100/100
|switch|p2a: Excadrill|Excadrill, F|100/100
|-ability|p2a: Excadrill|Mold Breaker
|turn|1
|
|t:|1664021990
|move|p1a: Ho-Oh|Substitute|p1a: Ho-Oh
|-start|p1a: Ho-Oh|Substitute
|-damage|p1a: Ho-Oh|76/100
|move|p2a: Excadrill|Stealth Rock|p1a: Ho-Oh
|-sidestart|p1: Nael222|move: Stealth Rock
|
|upkeep
|turn|2
|j| motistrat
|
|t:|1664021998
|move|p1a: Ho-Oh|Flare Blitz|p2a: Excadrill
|-supereffective|p2a: Excadrill
|-enditem|p2a: Excadrill|Focus Sash
|-damage|p2a: Excadrill|1/100
|-damage|p1a: Ho-Oh|42/100|[from] Recoil
|move|p2a: Excadrill|Rapid Spin|p1a: Ho-Oh
|-activate|p1a: Ho-Oh|move: Substitute|[damage]
|-boost|p2a: Excadrill|spe|1
|
|upkeep
|turn|3
|c|☆Nael222|hf
|
|t:|1664022031
|move|p2a: Excadrill|Shadow Claw|p1a: Ho-Oh
|-end|p1a: Ho-Oh|Substitute
|move|p1a: Ho-Oh|Substitute|p1a: Ho-Oh
|-start|p1a: Ho-Oh|Substitute
|-damage|p1a: Ho-Oh|17/100
|
|upkeep
|turn|4
|
|t:|1664022038
|move|p2a: Excadrill|Shadow Claw|p1a: Ho-Oh
|-end|p1a: Ho-Oh|Substitute
|move|p1a: Ho-Oh|Brave Bird|p2a: Excadrill
|-resisted|p2a: Excadrill
|-damage|p2a: Excadrill|0 fnt
|faint|p2a: Excadrill
|-damage|p1a: Ho-Oh|17/100|[from] Recoil
|
|upkeep
|j| H1ruko
|
|t:|1664022120
|switch|p2a: Yveltal|Yveltal|100/100
|-ability|p2a: Yveltal|Dark Aura
|turn|5
|
|t:|1664022136
|switch|p1a: Eternatus|Eternatus|100/100
|-ability|p1a: Eternatus|Pressure
|move|p2a: Yveltal|Oblivion Wing|p1a: Eternatus
|-damage|p1a: Eternatus|66/100
|-damage|p2a: Yveltal|91/100|[from] item: Life Orb
|
|upkeep
|turn|6
|
|t:|1664022159
|switch|p2a: Necrozma|Necrozma-Dusk-Mane|100/100
|move|p1a: Eternatus|Toxic|p2a: Necrozma
|-immune|p2a: Necrozma
|
|upkeep
|turn|7
|l| H1ruko
|j| H1ruko
|
|t:|1664022226
|move|p1a: Eternatus|Reflect|p1a: Eternatus
|-sidestart|p1: Nael222|Reflect
|move|p2a: Necrozma|Dragon Dance|p2a: Necrozma
|-boost|p2a: Necrozma|atk|1
|-boost|p2a: Necrozma|spe|1
|
|upkeep
|turn|8
|inactive|Battle timer is ON: inactive players will automatically lose when time's up. (requested by Nael222)
|inactive|Remi25 has 270 seconds left.
|inactive|Remi25 has 240 seconds left.
|
|t:|1664022293
|switch|p1a: Groudon|Groudon|100/100
|-damage|p1a: Groudon|94/100|[from] Stealth Rock
|-weather|SunnyDay|[from] ability: Drought|[of] p1a: Groudon
|move|p2a: Necrozma|Dragon Dance|p2a: Necrozma
|-boost|p2a: Necrozma|atk|1
|-boost|p2a: Necrozma|spe|1
|
|-weather|SunnyDay|[upkeep]
|-heal|p1a: Groudon|100/100|[from] item: Leftovers
|upkeep
|turn|9
|
|t:|1664022302
|move|p2a: Necrozma|Sunsteel Strike|p1a: Groudon
|-damage|p1a: Groudon|68/100
|move|p1a: Groudon|Swords Dance|p1a: Groudon
|-boost|p1a: Groudon|atk|2
|
|-weather|SunnyDay|[upkeep]
|-heal|p1a: Groudon|74/100|[from] item: Leftovers
|upkeep
|turn|10
|inactive|Remi25 has 270 seconds left.
|
|t:|1664022335
|move|p2a: Necrozma|Sunsteel Strike|p1a: Groudon
|-damage|p1a: Groudon|40/100
|move|p1a: Groudon|Stealth Rock|p2a: Necrozma
|-sidestart|p2: Remi25|move: Stealth Rock
|
|-weather|SunnyDay|[upkeep]
|-heal|p1a: Groudon|47/100|[from] item: Leftovers
|upkeep
|turn|11
|inactive|Remi25 has 270 seconds left.
|
|t:|1664022350
|switch|p2a: Yveltal|Yveltal|91/100
|-damage|p2a: Yveltal|66/100|[from] Stealth Rock
|-ability|p2a: Yveltal|Dark Aura
|move|p1a: Groudon|Precipice Blades|p2a: Yveltal
|-immune|p2a: Yveltal
|
|-weather|SunnyDay|[upkeep]
|-heal|p1a: Groudon|53/100|[from] item: Leftovers
|-sideend|p1: Nael222|Reflect
|upkeep
|turn|12
|inactive|Remi25 has 270 seconds left.
|
|t:|1664022358
|switch|p1a: Eternatus|Eternatus|66/100
|-ability|p1a: Eternatus|Pressure
|move|p2a: Yveltal|Dark Pulse|p1a: Eternatus
|-damage|p1a: Eternatus|20/100
|-damage|p2a: Yveltal|56/100|[from] item: Life Orb
|
|-weather|none
|upkeep
|turn|13
|inactive|Remi25 has 270 seconds left.
|
|t:|1664022369
|move|p1a: Eternatus|Recover|p1a: Eternatus
|-heal|p1a: Eternatus|70/100
|move|p2a: Yveltal|Taunt|p1a: Eternatus
|-start|p1a: Eternatus|move: Taunt
|
|upkeep
|turn|14
|inactive|Remi25 has 270 seconds left.
|
|t:|1664022386
|move|p1a: Eternatus|Dynamax Cannon|p2a: Yveltal
|-damage|p2a: Yveltal|15/100
|move|p2a: Yveltal|Oblivion Wing|p1a: Eternatus
|-damage|p1a: Eternatus|30/100
|-heal|p2a: Yveltal|51/100|[from] drain|[of] p1a: Eternatus
|-damage|p2a: Yveltal|41/100|[from] item: Life Orb
|
|upkeep
|turn|15
|inactive|Remi25 has 270 seconds left.
|inactive|Nael222 has 270 seconds left.
|inactive|Remi25 has 240 seconds left.
|
|t:|1664022426
|switch|p1a: Ho-Oh|Ho-Oh|50/100
|move|p2a: Yveltal|Oblivion Wing|p1a: Ho-Oh
|-damage|p1a: Ho-Oh|11/100
|-heal|p2a: Yveltal|67/100|[from] drain|[of] p1a: Ho-Oh
|-damage|p2a: Yveltal|57/100|[from] item: Life Orb
|
|upkeep
|turn|16
|inactive|Remi25 has 240 seconds left.
|
|t:|1664022443
|move|p2a: Yveltal|Oblivion Wing|p1a: Ho-Oh
|-damage|p1a: Ho-Oh|0 fnt
|-heal|p2a: Yveltal|64/100|[from] drain|[of] p1a: Ho-Oh
|faint|p1a: Ho-Oh
|-damage|p2a: Yveltal|54/100|[from] item: Life Orb
|
|upkeep
|
|t:|1664022445
|switch|p1a: Eternatus|Eternatus|30/100
|-ability|p1a: Eternatus|Pressure
|turn|17
|inactive|Remi25 has 240 seconds left.
|l| Mat on the beat
|
|t:|1664022477
|switch|p2a: Xerneas|Xerneas|100/100
|-damage|p2a: Xerneas|88/100|[from] Stealth Rock
|-ability|p2a: Xerneas|Fairy Aura
|move|p1a: Eternatus|Recover|p1a: Eternatus
|-heal|p1a: Eternatus|80/100
|
|upkeep
|turn|18
|
|t:|1664022495
|move|p1a: Eternatus|Toxic|p2a: Xerneas
|-status|p2a: Xerneas|tox
|move|p2a: Xerneas|Geomancy||[still]
|-prepare|p2a: Xerneas|Geomancy
|-enditem|p2a: Xerneas|Power Herb
|-anim|p2a: Xerneas|Geomancy|p2a: Xerneas
|-boost|p2a: Xerneas|spa|2
|-boost|p2a: Xerneas|spd|2
|-boost|p2a: Xerneas|spe|2
|
|-damage|p2a: Xerneas|82/100 tox|[from] psn
|upkeep
|turn|19
|
|t:|1664022507
|switch|p1a: Necrozma|Necrozma-Dusk-Mane|100/100
|-damage|p1a: Necrozma|94/100|[from] Stealth Rock
|move|p2a: Xerneas|Moonblast|p1a: Necrozma
|-resisted|p1a: Necrozma
|-damage|p1a: Necrozma|45/100
|
|-heal|p1a: Necrozma|52/100|[from] item: Leftovers
|-damage|p2a: Xerneas|70/100 tox|[from] psn
|upkeep
|turn|20
|
|t:|1664022520
|switch|p1a: Eternatus|Eternatus|80/100
|-ability|p1a: Eternatus|Pressure
|move|p2a: Xerneas|Thunder|p1a: Eternatus
|-resisted|p1a: Eternatus
|-damage|p1a: Eternatus|51/100
|-status|p1a: Eternatus|par
|
|-damage|p2a: Xerneas|51/100 tox|[from] psn
|upkeep
|turn|21
|
|t:|1664022529
|switch|p1a: Necrozma|Necrozma-Dusk-Mane|52/100
|-damage|p1a: Necrozma|45/100|[from] Stealth Rock
|move|p2a: Xerneas|Moonblast|p1a: Necrozma
|-resisted|p1a: Necrozma
|-damage|p1a: Necrozma|1/100
|-unboost|p1a: Necrozma|spa|1
|
|-heal|p1a: Necrozma|7/100|[from] item: Leftovers
|-damage|p2a: Xerneas|27/100 tox|[from] psn
|upkeep
|turn|22
|inactive|Remi25 has 240 seconds left.
|
|t:|1664022539
|move|p2a: Xerneas|Moonblast|p1a: Necrozma
|-resisted|p1a: Necrozma
|-crit|p1a: Necrozma
|-damage|p1a: Necrozma|0 fnt
|faint|p1a: Necrozma
|
|-damage|p2a: Xerneas|0 fnt|[from] psn
|faint|p2a: Xerneas
|upkeep
|inactive|Remi25 has 240 seconds left.
|c|☆Nael222|gg
|
|t:|1664022570
|switch|p2a: Eternatus|Eternatus|100/100
|switch|p1a: Yveltal|Yveltal|100/100
|-damage|p2a: Eternatus|88/100|[from] Stealth Rock
|-ability|p2a: Eternatus|Pressure
|-ability|p1a: Yveltal|Dark Aura
|turn|23
|
|t:|1664022580
|switch|p1a: Groudon|Groudon|53/100
|-damage|p1a: Groudon|47/100|[from] Stealth Rock
|-weather|SunnyDay|[from] ability: Drought|[of] p1a: Groudon
|move|p2a: Eternatus|Meteor Beam||[still]
|-prepare|p2a: Eternatus|Meteor Beam
|-boost|p2a: Eternatus|spa|1
|-enditem|p2a: Eternatus|Power Herb
|-anim|p2a: Eternatus|Meteor Beam|p1a: Groudon
|-resisted|p1a: Groudon
|-damage|p1a: Groudon|18/100
|
|-weather|SunnyDay|[upkeep]
|-heal|p1a: Groudon|24/100|[from] item: Leftovers
|upkeep
|turn|24
|c|☆Remi25|gg
|-message|Nael222 forfeited.
|
|win|Remi25
