|j|☆dupakupa169
|j|☆tesla roadster
|t:|1664719027
|gametype|singles
|player|p1|dupakupa169|101|1569
|player|p2|tesla roadster|lucas|1737
|teamsize|p1|6
|teamsize|p2|6
|gen|8
|tier|[Gen 8] Ubers
|rated|
|rule|Sleep Clause Mod: Limit one foe put to sleep
|rule|Species Clause: Limit one of each Pokémon
|rule|OHKO Clause: OHKO moves are banned
|rule|Evasion Items Clause: Evasion items are banned
|rule|Evasion Moves Clause: Evasion moves are banned
|rule|Endless Battle Clause: Forcing endless battles is banned
|rule|HP Percentage Mod: HP is shown in percentages
|rule|Dynamax Clause: You cannot dynamax
|clearpoke
|poke|p1|Slurpuff, M|
|poke|p1|Aerodactyl, F|
|poke|p1|Garchomp, F|
|poke|p1|Kyogre|
|poke|p1|Xerneas-*|
|poke|p1|Yveltal|
|poke|p2|Groudon|
|poke|p2|Necrozma-Dusk-Mane|
|poke|p2|Yveltal|
|poke|p2|Buzzwole|
|poke|p2|Eternatus|
|poke|p2|Calyrex-Shadow|
|teampreview
|
|t:|1664719036
|start
|switch|p1a: Slurpuff|Slurpuff, M|100/100
|switch|p2a: Yveltal|Yveltal|100/100
|-ability|p2a: Yveltal|Dark Aura
|turn|1
|
|t:|1664719039
|move|p1a: Slurpuff|Sticky Web|p2a: Yveltal
|-sidestart|p2: tesla roadster|move: Sticky Web
|move|p2a: Yveltal|U-turn|p1a: Slurpuff
|-resisted|p1a: Slurpuff
|-damage|p1a: Slurpuff|82/100
|inactive|Battle timer is ON: inactive players will automatically lose when time's up. (requested by tesla roadster)
|
|t:|1664719044
|switch|p2a: Calyrex|Calyrex-Shadow|100/100|[from]move: U-turn
|-ability|p2a: Calyrex|As One
|-ability|p2a: Calyrex|Unnerve
|-activate|p2a: Calyrex|move: Sticky Web
|-unboost|p2a: Calyrex|spe|1
|
|upkeep
|turn|2
|
|t:|1664719048
|move|p2a: Calyrex|Astral Barrage|p1a: Slurpuff
|-damage|p1a: Slurpuff|0 fnt
|faint|p1a: Slurpuff
|-ability|p2a: Calyrex|Grim Neigh|boost
|-boost|p2a: Calyrex|spa|1
|
|upkeep
|
|t:|1664719063
|switch|p1a: Aerodactyl|Aerodactyl, F|100/100
|-ability|p1a: Aerodactyl|Pressure
|turn|3
|
|t:|1664719084
|move|p2a: Calyrex|Astral Barrage|p1a: Aerodactyl
|-enditem|p1a: Aerodactyl|Focus Sash
|-damage|p1a: Aerodactyl|1/100
|move|p1a: Aerodactyl|Rock Tomb|p2a: Calyrex
|-damage|p2a: Calyrex|71/100
|-unboost|p2a: Calyrex|spe|1
|
|upkeep
|turn|4
|inactive|tesla roadster has 120 seconds left.
|
|t:|1664719109
|move|p1a: Aerodactyl|Stealth Rock|p2a: Calyrex
|-sidestart|p2: tesla roadster|move: Stealth Rock
|move|p2a: Calyrex|Astral Barrage|p1a: Aerodactyl
|-damage|p1a: Aerodactyl|0 fnt
|faint|p1a: Aerodactyl
|-ability|p2a: Calyrex|Grim Neigh|boost
|-boost|p2a: Calyrex|spa|1
|
|upkeep
|
|t:|1664719111
|switch|p1a: Yveltal|Yveltal|100/100
|-ability|p1a: Yveltal|Dark Aura
|turn|5
|inactive|tesla roadster has 120 seconds left.
|
|t:|1664719134
|move|p2a: Calyrex|Astral Barrage|p1a: Yveltal
|-resisted|p1a: Yveltal
|-damage|p1a: Yveltal|38/100
|move|p1a: Yveltal|Knock Off|p2a: Calyrex
|-supereffective|p2a: Calyrex
|-damage|p2a: Calyrex|0 fnt
|-enditem|p2a: Calyrex|Choice Scarf|[from] move: Knock Off|[of] p1a: Yveltal
|faint|p2a: Calyrex
|-damage|p1a: Yveltal|28/100|[from] item: Life Orb
|
|upkeep
|
|t:|1664719149
|switch|p2a: Buzzwole|Buzzwole|100/100
|-activate|p2a: Buzzwole|move: Sticky Web
|-unboost|p2a: Buzzwole|spe|1
|-damage|p2a: Buzzwole|88/100|[from] Stealth Rock
|turn|6
|
|t:|1664719152
|move|p1a: Yveltal|Oblivion Wing|p2a: Buzzwole
|-supereffective|p2a: Buzzwole
|-crit|p2a: Buzzwole
|-damage|p2a: Buzzwole|0 fnt
|-heal|p1a: Yveltal|94/100|[from] drain|[of] p2a: Buzzwole
|faint|p2a: Buzzwole
|-damage|p1a: Yveltal|84/100|[from] item: Life Orb
|
|upkeep
|
|t:|1664719156
|switch|p2a: Eternatus|Eternatus|100/100
|-ability|p2a: Eternatus|Pressure
|turn|7
|c|☆dupakupa169|Tuż
|c|☆dupakupa169|Thx
|c|☆tesla roadster|xD
|
|t:|1664719170
|move|p2a: Eternatus|Sludge Bomb|p1a: Yveltal
|-damage|p1a: Yveltal|47/100
|move|p1a: Yveltal|Knock Off|p2a: Eternatus
|-damage|p2a: Eternatus|32/100
|-enditem|p2a: Eternatus|Heavy-Duty Boots|[from] move: Knock Off|[of] p1a: Yveltal
|-damage|p1a: Yveltal|37/100|[from] item: Life Orb
|
|upkeep
|turn|8
|
|t:|1664719194
|move|p1a: Yveltal|Sucker Punch||[still]
|-fail|p1a: Yveltal
|move|p2a: Eternatus|Recover|p2a: Eternatus
|-heal|p2a: Eternatus|82/100
|
|upkeep
|turn|9
|
|t:|1664719207
|move|p1a: Yveltal|Sucker Punch|p2a: Eternatus
|-damage|p2a: Eternatus|33/100
|-damage|p1a: Yveltal|27/100|[from] item: Life Orb
|move|p2a: Eternatus|Dynamax Cannon|p1a: Yveltal
|-damage|p1a: Yveltal|0 fnt
|faint|p1a: Yveltal
|
|upkeep
|
|t:|1664719216
|switch|p1a: Kyogre|Kyogre|100/100
|-weather|RainDance|[from] ability: Drizzle|[of] p1a: Kyogre
|turn|10
|
|t:|1664719224
|move|p2a: Eternatus|Recover|p2a: Eternatus
|-heal|p2a: Eternatus|83/100
|move|p1a: Kyogre|Ice Beam|p2a: Eternatus
|-supereffective|p2a: Eternatus
|-damage|p2a: Eternatus|18/100
|
|-weather|RainDance|[upkeep]
|upkeep
|turn|11
|
|t:|1664719231
|move|p2a: Eternatus|Sludge Bomb|p1a: Kyogre
|-damage|p1a: Kyogre|71/100
|-status|p1a: Kyogre|psn
|move|p1a: Kyogre|Ice Beam|p2a: Eternatus
|-supereffective|p2a: Eternatus
|-damage|p2a: Eternatus|0 fnt
|faint|p2a: Eternatus
|
|-weather|RainDance|[upkeep]
|-damage|p1a: Kyogre|59/100 psn|[from] psn
|upkeep
|
|t:|1664719250
|switch|p2a: Yveltal|Yveltal|100/100
|-ability|p2a: Yveltal|Dark Aura
|turn|12
|
|t:|1664719258
|switch|p1a: Xerneas|Xerneas|100/100
|-ability|p1a: Xerneas|Fairy Aura
|move|p2a: Yveltal|Defog|p1a: Xerneas
|-unboost|p1a: Xerneas|evasion|1
|-sideend|p2: tesla roadster|Stealth Rock|[from] move: Defog|[of] p2a: Yveltal
|-sideend|p2: tesla roadster|Sticky Web|[from] move: Defog|[of] p2a: Yveltal
|
|-weather|RainDance|[upkeep]
|upkeep
|turn|13
|
|t:|1664719262
|move|p1a: Xerneas|Geomancy||[still]
|-prepare|p1a: Xerneas|Geomancy
|-enditem|p1a: Xerneas|Power Herb
|-anim|p1a: Xerneas|Geomancy|p1a: Xerneas
|-boost|p1a: Xerneas|spa|2
|-boost|p1a: Xerneas|spd|2
|-boost|p1a: Xerneas|spe|2
|move|p2a: Yveltal|Knock Off|p1a: Xerneas
|-resisted|p1a: Xerneas
|-damage|p1a: Xerneas|84/100
|
|-weather|RainDance|[upkeep]
|upkeep
|turn|14
|
|t:|1664719265
|move|p1a: Xerneas|Moonblast|p2a: Yveltal
|-supereffective|p2a: Yveltal
|-damage|p2a: Yveltal|0 fnt
|faint|p2a: Yveltal
|
|-weather|none
|upkeep
|
|t:|1664719268
|switch|p2a: Necrozma|Necrozma-Dusk-Mane|100/100
|turn|15
|
|t:|1664719271
|move|p1a: Xerneas|Substitute|p1a: Xerneas
|-start|p1a: Xerneas|Substitute
|-damage|p1a: Xerneas|59/100
|move|p2a: Necrozma|Sunsteel Strike|p1a: Xerneas
|-supereffective|p1a: Xerneas
|-end|p1a: Xerneas|Substitute
|
|upkeep
|turn|16
|
|t:|1664719275
|move|p1a: Xerneas|Moonblast|p2a: Necrozma
|-resisted|p2a: Necrozma
|-damage|p2a: Necrozma|41/100
|move|p2a: Necrozma|Sunsteel Strike|p1a: Xerneas
|-supereffective|p1a: Xerneas
|-damage|p1a: Xerneas|0 fnt
|faint|p1a: Xerneas
|
|-heal|p2a: Necrozma|47/100|[from] item: Leftovers
|upkeep
|
|t:|1664719279
|switch|p1a: Garchomp|Garchomp, F|100/100
|turn|17
|
|t:|1664719282
|switch|p2a: Groudon|Groudon|100/100
|-weather|SunnyDay|[from] ability: Drought|[of] p2a: Groudon
|move|p1a: Garchomp|Swords Dance|p1a: Garchomp
|-boost|p1a: Garchomp|atk|2
|
|-weather|SunnyDay|[upkeep]
|upkeep
|turn|18
|
|t:|1664719296
|move|p1a: Garchomp|Earthquake|p2a: Groudon
|-damage|p2a: Groudon|29/100
|move|p2a: Groudon|Dragon Tail|p1a: Garchomp|[miss]
|-miss|p2a: Groudon|p1a: Garchomp
|
|-weather|SunnyDay|[upkeep]
|-heal|p2a: Groudon|35/100|[from] item: Leftovers
|upkeep
|turn|19
|
|t:|1664719301
|move|p1a: Garchomp|Earthquake|p2a: Groudon
|-damage|p2a: Groudon|0 fnt
|faint|p2a: Groudon
|
|-weather|SunnyDay|[upkeep]
|upkeep
|c|☆tesla roadster|gg
|-message|tesla roadster forfeited.
|
|win|dupakupa169
|raw|dupakupa169's rating: 1569 &rarr; <strong>1598</strong><br />(+29 for winning)
|raw|tesla roadster's rating: 1737 &rarr; <strong>1708</strong><br />(-29 for losing)
|l|☆tesla roadster
|c|☆dupakupa169|GG
