|j|☆I like Lovely
|j|☆The_UndeaD_Absol
|player|p1|I like Lovely|170|1557
|player|p2|The_UndeaD_Absol|policeman-gen4|1392
|teamsize|p1|6
|teamsize|p2|6
|gametype|singles
|gen|8
|tier|[Gen 8] Ubers
|rated|
|rule|Sleep Clause Mod: Limit one foe put to sleep
|rule|Species Clause: Limit one of each Pokémon
|rule|OHKO Clause: OHKO moves are banned
|rule|Evasion Moves Clause: Evasion moves are banned
|rule|Endless Battle Clause: Forcing endless battles is banned
|rule|HP Percentage Mod: HP is shown in percentages
|clearpoke
|poke|p1|Corviknight, F|
|poke|p1|Eternatus|
|poke|p1|Quagsire, M|
|poke|p1|Tyranitar, M|
|poke|p1|Dugtrio, M|
|poke|p1|Zacian-Crowned|
|poke|p2|Eternatus|
|poke|p2|Dracozolt|
|poke|p2|Corviknight, M|
|poke|p2|Darmanitan-Galar, M|
|poke|p2|Tyranitar, M|
|poke|p2|Excadrill, F|
|teampreview
|
|start
|switch|p1a: Zacian|Zacian-Crowned|100/100
|switch|p2a: Darmanitan|Darmanitan-Galar, M|100/100
|-ability|p1a: Zacian|Intrepid Sword|boost
|-boost|p1a: Zacian|atk|1
|turn|1
|
|switch|p1a: Quagsire|Quagsire, M|100/100
|move|p2a: Darmanitan|Flare Blitz|p1a: Quagsire
|-resisted|p1a: Quagsire
|-damage|p1a: Quagsire|78/100
|-damage|p2a: Darmanitan|92/100|[from] Recoil
|
|-heal|p1a: Quagsire|84/100|[from] item: Leftovers
|upkeep
|turn|2
|
|-start|p2a: Darmanitan|Dynamax
|-heal|p2a: Darmanitan|92/100|[silent]
|move|p2a: Darmanitan|Max Hailstorm|p1a: Quagsire
|-damage|p1a: Quagsire|37/100
|-weather|Hail
|move|p1a: Quagsire|Scald|p2a: Darmanitan
|-damage|p2a: Darmanitan|78/100
|
|-weather|Hail|[upkeep]
|-damage|p1a: Quagsire|31/100|[from] Hail
|-heal|p1a: Quagsire|37/100|[from] item: Leftovers
|upkeep
|turn|3
|inactive|Battle timer is ON: inactive players will automatically lose when time's up. (requested by I like Lovely)
|inactive|I like Lovely has 120 seconds left.
|
|-start|p1a: Quagsire|Dynamax
|-heal|p1a: Quagsire|37/100|[silent]
|move|p1a: Quagsire|Max Guard|p1a: Quagsire
|-singleturn|p1a: Quagsire|Max Guard
|move|p2a: Darmanitan|Max Hailstorm|p1a: Quagsire
|-activate|p1a: Quagsire|move: Max Guard
|
|-weather|Hail|[upkeep]
|-damage|p1a: Quagsire|34/100|[from] Hail
|-heal|p1a: Quagsire|37/100|[from] item: Leftovers
|upkeep
|turn|4
|
|move|p2a: Darmanitan|Max Hailstorm|p1a: Quagsire
|-damage|p1a: Quagsire|11/100
|move|p1a: Quagsire|Max Geyser|p2a: Darmanitan
|-damage|p2a: Darmanitan|54/100
|-weather|RainDance
|
|-weather|RainDance|[upkeep]
|-heal|p1a: Quagsire|14/100|[from] item: Leftovers
|-end|p2a: Darmanitan|Dynamax
|-heal|p2a: Darmanitan|55/100|[silent]
|upkeep
|turn|5
|inactive|The_UndeaD_Absol has 120 seconds left.
|
|switch|p2a: Rookydooky|Corviknight, M|100/100
|-ability|p2a: Rookydooky|Pressure
|move|p1a: Quagsire|Max Quake|p2a: Rookydooky
|-immune|p2a: Rookydooky
|
|-weather|RainDance|[upkeep]
|-heal|p1a: Quagsire|17/100|[from] item: Leftovers
|-end|p1a: Quagsire|Dynamax
|-heal|p1a: Quagsire|17/100|[silent]
|upkeep
|turn|6
|
|move|p2a: Rookydooky|Brave Bird|p1a: Quagsire
|-damage|p1a: Quagsire|0 fnt
|-damage|p2a: Rookydooky|95/100|[from] Recoil
|faint|p1a: Quagsire
|
|-weather|RainDance|[upkeep]
|-heal|p2a: Rookydooky|100/100|[from] item: Leftovers
|upkeep
|
|switch|p1a: Eternatus|Eternatus|100/100
|-ability|p1a: Eternatus|Pressure
|turn|7
|
|switch|p2a: Tyranitar|Tyranitar, M|100/100
|-weather|Sandstorm|[from] ability: Sand Stream|[of] p2a: Tyranitar
|move|p1a: Eternatus|Substitute|p1a: Eternatus
|-start|p1a: Eternatus|Substitute
|-damage|p1a: Eternatus|75/100
|
|-weather|Sandstorm|[upkeep]
|-damage|p1a: Eternatus|69/100|[from] Sandstorm
|-heal|p1a: Eternatus|75/100|[from] item: Black Sludge
|upkeep
|turn|8
|
|move|p1a: Eternatus|Dynamax Cannon|p2a: Tyranitar
|-damage|p2a: Tyranitar|73/100
|move|p2a: Tyranitar|Stealth Rock|p1a: Eternatus
|-sidestart|p1: I like Lovely|move: Stealth Rock
|
|-weather|Sandstorm|[upkeep]
|-damage|p1a: Eternatus|69/100|[from] Sandstorm
|-heal|p1a: Eternatus|75/100|[from] item: Black Sludge
|upkeep
|turn|9
|
|move|p1a: Eternatus|Dynamax Cannon|p2a: Tyranitar
|-damage|p2a: Tyranitar|48/100
|move|p2a: Tyranitar|Earthquake|p1a: Eternatus
|-supereffective|p1a: Eternatus
|-end|p1a: Eternatus|Substitute
|
|-weather|Sandstorm|[upkeep]
|-damage|p1a: Eternatus|69/100|[from] Sandstorm
|-heal|p1a: Eternatus|75/100|[from] item: Black Sludge
|upkeep
|turn|10
|
|switch|p1a: Corviknight|Corviknight, F|100/100
|-damage|p1a: Corviknight|88/100|[from] Stealth Rock
|-ability|p1a: Corviknight|Pressure
|move|p2a: Tyranitar|Crunch|p1a: Corviknight
|-damage|p1a: Corviknight|62/100
|
|-weather|Sandstorm|[upkeep]
|-heal|p1a: Corviknight|68/100|[from] item: Leftovers
|upkeep
|turn|11
|
|move|p2a: Tyranitar|Fire Punch|p1a: Corviknight
|-supereffective|p1a: Corviknight
|-damage|p1a: Corviknight|36/100
|move|p1a: Corviknight|Defog|p2a: Tyranitar
|-unboost|p2a: Tyranitar|evasion|1
|-sideend|p1: I like Lovely|Stealth Rock|[from] move: Defog|[of] p1a: Corviknight
|
|-weather|Sandstorm|[upkeep]
|-heal|p1a: Corviknight|43/100|[from] item: Leftovers
|upkeep
|turn|12
|
|move|p2a: Tyranitar|Stealth Rock|p1a: Corviknight
|-sidestart|p1: I like Lovely|move: Stealth Rock
|move|p1a: Corviknight|Roost|p1a: Corviknight
|-heal|p1a: Corviknight|93/100
|-singleturn|p1a: Corviknight|move: Roost
|
|-weather|Sandstorm|[upkeep]
|-heal|p1a: Corviknight|99/100|[from] item: Leftovers
|upkeep
|turn|13
|
|switch|p2a: Zekrom-Galar|Dracozolt|100/100
|move|p1a: Corviknight|Defog|p2a: Zekrom-Galar
|-unboost|p2a: Zekrom-Galar|evasion|1
|-sideend|p1: I like Lovely|Stealth Rock|[from] move: Defog|[of] p1a: Corviknight
|
|-weather|Sandstorm|[upkeep]
|-damage|p2a: Zekrom-Galar|94/100|[from] Sandstorm
|-heal|p1a: Corviknight|100/100|[from] item: Leftovers
|upkeep
|turn|14
|
|switch|p1a: Dugtrio|Dugtrio, M|100/100
|move|p2a: Zekrom-Galar|Dragon Rush|p1a: Dugtrio
|-damage|p1a: Dugtrio|0 fnt
|faint|p1a: Dugtrio
|
|-weather|none
|upkeep
|
|switch|p1a: Zacian|Zacian-Crowned|100/100
|-ability|p1a: Zacian|Intrepid Sword|boost
|-boost|p1a: Zacian|atk|1
|turn|15
|
|switch|p2a: Rookydooky|Corviknight, M|100/100
|-ability|p2a: Rookydooky|Pressure
|move|p1a: Zacian|Substitute|p1a: Zacian
|-start|p1a: Zacian|Substitute
|-damage|p1a: Zacian|76/100
|
|upkeep
|turn|16
|
|switch|p2a: Tyranitar|Tyranitar, M|48/100
|-weather|Sandstorm|[from] ability: Sand Stream|[of] p2a: Tyranitar
|move|p1a: Zacian|Fire Fang|p2a: Tyranitar
|-resisted|p2a: Tyranitar
|-damage|p2a: Tyranitar|30/100
|
|-weather|Sandstorm|[upkeep]
|upkeep
|turn|17
|
|switch|p2a: Rookydooky|Corviknight, M|100/100
|-ability|p2a: Rookydooky|Pressure
|move|p1a: Zacian|Fire Fang|p2a: Rookydooky
|-supereffective|p2a: Rookydooky
|-damage|p2a: Rookydooky|46/100
|-status|p2a: Rookydooky|brn
|
|-weather|Sandstorm|[upkeep]
|-heal|p2a: Rookydooky|53/100 brn|[from] item: Leftovers
|-damage|p2a: Rookydooky|46/100 brn|[from] brn
|upkeep
|turn|18
|
|move|p1a: Zacian|Fire Fang|p2a: Rookydooky
|-supereffective|p2a: Rookydooky
|-damage|p2a: Rookydooky|0 fnt
|faint|p2a: Rookydooky
|
|-weather|Sandstorm|[upkeep]
|upkeep
|
|switch|p2a: Darmanitan|Darmanitan-Galar, M|55/100
|turn|19
|
|move|p2a: Darmanitan|Flare Blitz|p1a: Zacian
|-supereffective|p1a: Zacian
|-end|p1a: Zacian|Substitute
|-damage|p2a: Darmanitan|47/100|[from] Recoil|[of] p1a: Zacian
|move|p1a: Zacian|Fire Fang|p2a: Darmanitan
|-supereffective|p2a: Darmanitan
|-damage|p2a: Darmanitan|0 fnt
|faint|p2a: Darmanitan
|
|-weather|Sandstorm|[upkeep]
|upkeep
|
|switch|p2a: Excadrill|Excadrill, F|100/100
|turn|20
|
|switch|p1a: Corviknight|Corviknight, F|100/100
|-ability|p1a: Corviknight|Pressure
|move|p2a: Excadrill|Earthquake|p1a: Corviknight
|-immune|p1a: Corviknight
|
|-weather|Sandstorm|[upkeep]
|upkeep
|turn|21
|
|move|p2a: Excadrill|Swords Dance|p2a: Excadrill
|-boost|p2a: Excadrill|atk|2
|move|p1a: Corviknight|U-turn|p2a: Excadrill
|-resisted|p2a: Excadrill
|-damage|p2a: Excadrill|90/100
|
|switch|p1a: Zacian|Zacian-Crowned|76/100|[from]move: U-turn
|-ability|p1a: Zacian|Intrepid Sword|boost
|-boost|p1a: Zacian|atk|1
|
|-weather|Sandstorm|[upkeep]
|upkeep
|turn|22
|
|switch|p1a: Corviknight|Corviknight, F|100/100
|-ability|p1a: Corviknight|Pressure
|move|p2a: Excadrill|Earthquake|p1a: Corviknight
|-immune|p1a: Corviknight
|
|-weather|Sandstorm|[upkeep]
|upkeep
|turn|23
|
|move|p2a: Excadrill|Earthquake|p1a: Corviknight
|-immune|p1a: Corviknight
|move|p1a: Corviknight|Body Press|p2a: Excadrill
|-supereffective|p2a: Excadrill
|-damage|p2a: Excadrill|9/100
|
|-weather|none
|upkeep
|turn|24
|
|move|p2a: Excadrill|Earthquake|p1a: Corviknight
|-immune|p1a: Corviknight
|move|p1a: Corviknight|Body Press|p2a: Excadrill
|-supereffective|p2a: Excadrill
|-damage|p2a: Excadrill|0 fnt
|faint|p2a: Excadrill
|
|upkeep
|
|switch|p2a: Zekrom-Galar|Dracozolt|94/100
|turn|25
|
|move|p2a: Zekrom-Galar|Dragon Rush|p1a: Corviknight|[miss]
|-miss|p2a: Zekrom-Galar|p1a: Corviknight
|-enditem|p2a: Zekrom-Galar|Blunder Policy
|-boost|p2a: Zekrom-Galar|spe|2
|move|p1a: Corviknight|U-turn|p2a: Zekrom-Galar
|-damage|p2a: Zekrom-Galar|78/100
|
|switch|p1a: Zacian|Zacian-Crowned|76/100|[from]move: U-turn
|-ability|p1a: Zacian|Intrepid Sword|boost
|-boost|p1a: Zacian|atk|1
|
|upkeep
|turn|26
|
|move|p2a: Zekrom-Galar|Bolt Beak|p1a: Zacian
|-damage|p1a: Zacian|0 fnt
|faint|p1a: Zacian
|
|upkeep
|
|switch|p1a: Tyranitar|Tyranitar, M|100/100
|-weather|Sandstorm|[from] ability: Sand Stream|[of] p1a: Tyranitar
|turn|27
|
|move|p2a: Zekrom-Galar|Low Kick|p1a: Tyranitar
|-supereffective|p1a: Tyranitar
|-damage|p1a: Tyranitar|0 fnt
|faint|p1a: Tyranitar
|
|-weather|Sandstorm|[upkeep]
|-damage|p2a: Zekrom-Galar|72/100|[from] Sandstorm
|upkeep
|
|switch|p1a: Eternatus|Eternatus|75/100
|-ability|p1a: Eternatus|Pressure
|turn|28
|
|move|p2a: Zekrom-Galar|Dragon Claw|p1a: Eternatus
|-supereffective|p1a: Eternatus
|-damage|p1a: Eternatus|11/100
|move|p1a: Eternatus|Dynamax Cannon|p2a: Zekrom-Galar
|-supereffective|p2a: Zekrom-Galar
|-damage|p2a: Zekrom-Galar|0 fnt
|faint|p2a: Zekrom-Galar
|
|-weather|Sandstorm|[upkeep]
|-damage|p1a: Eternatus|4/100|[from] Sandstorm
|-heal|p1a: Eternatus|11/100|[from] item: Black Sludge
|upkeep
|
|switch|p2a: Rose <3|Eternatus|100/100
|-ability|p2a: Rose <3|Pressure
|turn|29
|
|move|p1a: Eternatus|Dynamax Cannon|p2a: Rose <3
|-supereffective|p2a: Rose <3
|-enditem|p2a: Rose <3|Haban Berry|[eat]
|-enditem|p2a: Rose <3|Haban Berry|[weaken]
|-damage|p2a: Rose <3|66/100
|move|p2a: Rose <3|Dynamax Cannon|p1a: Eternatus
|-supereffective|p1a: Eternatus
|-damage|p1a: Eternatus|0 fnt
|faint|p1a: Eternatus
|
|-weather|Sandstorm|[upkeep]
|-damage|p2a: Rose <3|59/100|[from] Sandstorm
|upkeep
|
|switch|p1a: Corviknight|Corviknight, F|100/100
|-ability|p1a: Corviknight|Pressure
|turn|30
|
|move|p2a: Rose <3|Flamethrower|p1a: Corviknight
|-supereffective|p1a: Corviknight
|-damage|p1a: Corviknight|32/100
|move|p1a: Corviknight|Body Press|p2a: Rose <3
|-resisted|p2a: Rose <3
|-damage|p2a: Rose <3|50/100
|
|-weather|Sandstorm|[upkeep]
|-damage|p2a: Rose <3|44/100|[from] Sandstorm
|-heal|p1a: Corviknight|39/100|[from] item: Leftovers
|upkeep
|turn|31
|
|move|p2a: Rose <3|Flamethrower|p1a: Corviknight
|-supereffective|p1a: Corviknight
|-damage|p1a: Corviknight|0 fnt
|faint|p1a: Corviknight
|
|win|The_UndeaD_Absol
|l|☆I like Lovely
|raw|I like Lovely's rating: 1557 &rarr; <strong>1529</strong><br />(-28 for losing)
|raw|The_UndeaD_Absol's rating: 1406 &rarr; <strong>1435</strong><br />(+29 for winning)
