|html|<div class="broadcast-blue"><strong>[Gen 8] Ubers is currently suspecting Shadow Tag! For information on how to participate check out the <a href="https://www.smogon.com/forums/threads/np-ss-ubers-stage-6-tag-youre-it.3679546/">suspect thread</a>.</strong></div>
|j|☆comradesquidwar
|j|☆PokeDuels
|t:|1615830048
|player|p1|comradesquidwar|janitor|1501
|player|p2|PokeDuels|170|1369
|teamsize|p1|6
|teamsize|p2|6
|gametype|singles
|gen|8
|tier|[Gen 8] Ubers
|rated|
|clearpoke
|poke|p1|Blissey, F|
|poke|p1|Eternatus|
|poke|p1|Toxapex, F|
|poke|p1|Calyrex-Shadow|
|poke|p1|Yveltal|
|poke|p1|Tangrowth, F|
|poke|p2|Yveltal|
|poke|p2|Mandibuzz, F|
|poke|p2|Urshifu-*, F|
|poke|p2|Pheromosa|
|poke|p2|Calyrex-Shadow|
|poke|p2|Necrozma-Dusk-Mane|
|rule|Sleep Clause Mod: Limit one foe put to sleep
|rule|Species Clause: Limit one of each Pokémon
|rule|OHKO Clause: OHKO moves are banned
|rule|Evasion Moves Clause: Evasion moves are banned
|rule|Endless Battle Clause: Forcing endless battles is banned
|rule|HP Percentage Mod: HP is shown in percentages
|rule|Dynamax Clause: You cannot dynamax
|teampreview
|inactive|Battle timer is ON: inactive players will automatically lose when time's up. (requested by comradesquidwar)
|j| Juandi159
|j| nandinho k7
|
|t:|1615830073
|start
|switch|p1a: Toxapex|Toxapex, F|100/100
|switch|p2a: Calyrex|Calyrex-Shadow|100/100
|-ability|p2a: Calyrex|As One
|-ability|p2a: Calyrex|Unnerve|p1: comradesquidwar
|turn|1
|
|t:|1615830084
|switch|p1a: Blissey|Blissey, F|100/100
|move|p2a: Calyrex|Astral Barrage|p1a: Blissey
|-immune|p1a: Blissey
|
|upkeep
|turn|2
|
|t:|1615830098
|switch|p2a: Necrozma|Necrozma-Dusk-Mane|100/100
|move|p1a: Blissey|Stealth Rock|p2a: Necrozma
|-sidestart|p2: PokeDuels|move: Stealth Rock
|
|upkeep
|turn|3
|
|t:|1615830113
|switch|p1a: Toxapex|Toxapex, F|100/100
|move|p2a: Necrozma|Calm Mind|p2a: Necrozma
|-boost|p2a: Necrozma|spa|1
|-boost|p2a: Necrozma|spd|1
|
|upkeep
|turn|4
|
|t:|1615830117
|move|p2a: Necrozma|Stored Power|p1a: Toxapex
|-supereffective|p1a: Toxapex
|-damage|p1a: Toxapex|41/100
|move|p1a: Toxapex|Haze|p1a: Toxapex
|-clearallboost
|
|upkeep
|turn|5
|
|t:|1615830127
|switch|p2a: Urshifu|Urshifu, F|100/100
|-damage|p2a: Urshifu|94/100|[from] Stealth Rock
|switch|p1a: Calyrex|Calyrex-Shadow|100/100
|-ability|p1a: Calyrex|As One
|-ability|p1a: Calyrex|Unnerve|p2: PokeDuels
|
|upkeep
|turn|6
|
|t:|1615830134
|switch|p1a: Tangrowth|Tangrowth, F, shiny|100/100
|switch|p2a: Mandibuzz|Mandibuzz, F|100/100
|
|upkeep
|turn|7
|l| Juandi159
|
|t:|1615830154
|move|p2a: Mandibuzz|Knock Off|p1a: Tangrowth
|-damage|p1a: Tangrowth|87/100
|-damage|p2a: Mandibuzz|84/100|[from] item: Rocky Helmet|[of] p1a: Tangrowth
|-enditem|p1a: Tangrowth|Rocky Helmet|[from] move: Knock Off|[of] p2a: Mandibuzz
|move|p1a: Tangrowth|Knock Off|p2a: Mandibuzz
|-resisted|p2a: Mandibuzz
|-damage|p2a: Mandibuzz|75/100
|-enditem|p2a: Mandibuzz|Heavy-Duty Boots|[from] move: Knock Off|[of] p1a: Tangrowth
|
|upkeep
|turn|8
|
|t:|1615830165
|move|p2a: Mandibuzz|Toxic|p1a: Tangrowth
|-status|p1a: Tangrowth|tox
|move|p1a: Tangrowth|Knock Off|p2a: Mandibuzz
|-resisted|p2a: Mandibuzz
|-crit|p2a: Mandibuzz
|-damage|p2a: Mandibuzz|67/100
|
|-damage|p1a: Tangrowth|81/100 tox|[from] psn
|upkeep
|turn|9
|
|t:|1615830172
|switch|p1a: Eternatus|Eternatus|100/100
|-ability|p1a: Eternatus|Pressure
|move|p2a: Mandibuzz|Defog|p1a: Eternatus
|-unboost|p1a: Eternatus|evasion|1
|-sideend|p2: PokeDuels|Stealth Rock|[from] move: Defog|[of] p2a: Mandibuzz
|
|upkeep
|turn|10
|
|t:|1615830191
|move|p1a: Eternatus|Substitute|p1a: Eternatus
|-start|p1a: Eternatus|Substitute
|-damage|p1a: Eternatus|76/100
|move|p2a: Mandibuzz|Roost|p2a: Mandibuzz
|-heal|p2a: Mandibuzz|100/100
|-singleturn|p2a: Mandibuzz|move: Roost
|
|-heal|p1a: Eternatus|82/100|[from] item: Black Sludge
|upkeep
|turn|11
|
|t:|1615830199
|switch|p2a: Necrozma|Necrozma-Dusk-Mane|100/100
|move|p1a: Eternatus|Toxic|p2a: Necrozma
|-immune|p2a: Necrozma
|
|-heal|p1a: Eternatus|88/100|[from] item: Black Sludge
|upkeep
|turn|12
|
|t:|1615830210
|move|p2a: Necrozma|Calm Mind|p2a: Necrozma
|-boost|p2a: Necrozma|spa|1
|-boost|p2a: Necrozma|spd|1
|move|p1a: Eternatus|Dragon Tail|p2a: Necrozma|[miss]
|-miss|p1a: Eternatus|p2a: Necrozma
|
|-heal|p1a: Eternatus|94/100|[from] item: Black Sludge
|upkeep
|turn|13
|
|t:|1615830215
|move|p2a: Necrozma|Stored Power|p1a: Eternatus
|-supereffective|p1a: Eternatus
|-end|p1a: Eternatus|Substitute
|move|p1a: Eternatus|Dragon Tail|p2a: Necrozma
|-resisted|p2a: Necrozma
|-damage|p2a: Necrozma|95/100
|drag|p2a: Yveltal|Yveltal|100/100
|-ability|p2a: Yveltal|Dark Aura
|
|-heal|p1a: Eternatus|99/100|[from] item: Black Sludge
|upkeep
|turn|14
|
|t:|1615830223
|switch|p2a: Necrozma|Necrozma-Dusk-Mane|95/100
|move|p1a: Eternatus|Substitute|p1a: Eternatus
|-start|p1a: Eternatus|Substitute
|-damage|p1a: Eternatus|75/100
|
|-heal|p1a: Eternatus|81/100|[from] item: Black Sludge
|-heal|p2a: Necrozma|100/100|[from] item: Leftovers
|upkeep
|turn|15
|
|t:|1615830229
|move|p2a: Necrozma|Calm Mind|p2a: Necrozma
|-boost|p2a: Necrozma|spa|1
|-boost|p2a: Necrozma|spd|1
|move|p1a: Eternatus|Dragon Tail|p2a: Necrozma
|-resisted|p2a: Necrozma
|-damage|p2a: Necrozma|94/100
|drag|p2a: Urshifu|Urshifu, F|94/100
|
|-heal|p1a: Eternatus|87/100|[from] item: Black Sludge
|upkeep
|turn|16
|
|t:|1615830234
|switch|p2a: Necrozma|Necrozma-Dusk-Mane|94/100
|move|p1a: Eternatus|Toxic|p2a: Necrozma
|-immune|p2a: Necrozma
|
|-heal|p1a: Eternatus|94/100|[from] item: Black Sludge
|-heal|p2a: Necrozma|100/100|[from] item: Leftovers
|upkeep
|turn|17
|l| nandinho k7
|
|t:|1615830238
|switch|p1a: Yveltal|Yveltal, shiny|100/100
|-ability|p1a: Yveltal|Dark Aura
|move|p2a: Necrozma|Calm Mind|p2a: Necrozma
|-boost|p2a: Necrozma|spa|1
|-boost|p2a: Necrozma|spd|1
|
|upkeep
|turn|18
|
|t:|1615830250
|switch|p2a: Urshifu|Urshifu, F|94/100
|move|p1a: Yveltal|Taunt|p2a: Urshifu
|-start|p2a: Urshifu|move: Taunt
|
|upkeep
|turn|19
|
|t:|1615830255
|move|p1a: Yveltal|Knock Off|p2a: Urshifu
|-resisted|p2a: Urshifu
|-damage|p2a: Urshifu|80/100
|-enditem|p2a: Urshifu|Choice Band|[from] move: Knock Off|[of] p1a: Yveltal
|move|p2a: Urshifu|U-turn|p1a: Yveltal
|-damage|p1a: Yveltal|78/100
|
|t:|1615830265
|switch|p2a: Pheromosa|Pheromosa|100/100|[from]move: U-turn
|
|upkeep
|turn|20
|
|t:|1615830268
|switch|p1a: Toxapex|Toxapex, F|74/100
|move|p2a: Pheromosa|U-turn|p1a: Toxapex
|-resisted|p1a: Toxapex
|-damage|p1a: Toxapex|56/100
|
|t:|1615830275
|switch|p2a: Calyrex|Calyrex-Shadow|100/100|[from]move: U-turn
|-ability|p2a: Calyrex|As One
|-ability|p2a: Calyrex|Unnerve|p1: comradesquidwar
|
|upkeep
|turn|21
|
|t:|1615830283
|switch|p1a: Blissey|Blissey, F|100/100
|move|p2a: Calyrex|Trick|p1a: Blissey
|-activate|p2a: Calyrex|move: Trick|[of] p1a: Blissey
|-item|p1a: Blissey|Choice Specs|[from] move: Trick
|-item|p2a: Calyrex|Heavy-Duty Boots|[from] move: Trick
|
|upkeep
|turn|22
|
|t:|1615830287
|switch|p1a: Yveltal|Yveltal, shiny|78/100
|-ability|p1a: Yveltal|Dark Aura
|move|p2a: Calyrex|Protect||[still]
|-fail|p2a: Calyrex
|
|upkeep
|turn|23
|
|t:|1615830294
|move|p2a: Calyrex|Protect|p2a: Calyrex
|-singleturn|p2a: Calyrex|Protect
|move|p1a: Yveltal|Roost|p1a: Yveltal
|-heal|p1a: Yveltal|100/100
|-singleturn|p1a: Yveltal|move: Roost
|
|upkeep
|turn|24
|
|t:|1615830306
|switch|p2a: Urshifu|Urshifu, F|80/100
|move|p1a: Yveltal|Taunt|p2a: Urshifu
|-start|p2a: Urshifu|move: Taunt
|
|upkeep
|turn|25
|
|t:|1615830319
|switch|p1a: Toxapex|Toxapex, F|89/100
|move|p2a: Urshifu|U-turn|p1a: Toxapex
|-resisted|p1a: Toxapex
|-damage|p1a: Toxapex|81/100
|inactive|PokeDuels has 120 seconds left.
|
|t:|1615830369
|switch|p2a: Calyrex|Calyrex-Shadow|100/100|[from]move: U-turn
|-ability|p2a: Calyrex|As One
|-ability|p2a: Calyrex|Unnerve|p1: comradesquidwar
|
|upkeep
|turn|26
|
|t:|1615830373
|switch|p1a: Yveltal|Yveltal, shiny|100/100
|-ability|p1a: Yveltal|Dark Aura
|move|p2a: Calyrex|Astral Barrage|p1a: Yveltal
|-resisted|p1a: Yveltal
|-damage|p1a: Yveltal|72/100
|
|upkeep
|turn|27
|
|t:|1615830386
|switch|p2a: Urshifu|Urshifu, F|80/100
|move|p1a: Yveltal|Roost|p1a: Yveltal
|-heal|p1a: Yveltal|100/100
|-singleturn|p1a: Yveltal|move: Roost
|
|upkeep
|turn|28
|inactive|PokeDuels has 90 seconds left.
|
|t:|1615830419
|switch|p1a: Tangrowth|Tangrowth, F, shiny|100/100 tox
|move|p2a: Urshifu|Wicked Blow|p1a: Tangrowth
|-crit|p1a: Tangrowth
|-damage|p1a: Tangrowth|63/100 tox
|
|-damage|p1a: Tangrowth|57/100 tox|[from] psn
|upkeep
|turn|29
|
|t:|1615830426
|move|p2a: Urshifu|U-turn|p1a: Tangrowth
|-supereffective|p1a: Tangrowth
|-damage|p1a: Tangrowth|28/100 tox
|
|t:|1615830429
|switch|p2a: Necrozma|Necrozma-Dusk-Mane|100/100|[from]move: U-turn
|move|p1a: Tangrowth|Grass Knot|p2a: Necrozma
|-resisted|p2a: Necrozma
|-damage|p2a: Necrozma|87/100
|
|-heal|p2a: Necrozma|93/100|[from] item: Leftovers
|-damage|p1a: Tangrowth|16/100 tox|[from] psn
|upkeep
|turn|30
|
|t:|1615830442
|switch|p2a: Pheromosa|Pheromosa|100/100
|switch|p1a: Toxapex|Toxapex, F|100/100
|
|upkeep
|turn|31
|
|t:|1615830444
|move|p2a: Pheromosa|U-turn|p1a: Toxapex
|-resisted|p1a: Toxapex
|-damage|p1a: Toxapex|85/100
|
|t:|1615830447
|switch|p2a: Necrozma|Necrozma-Dusk-Mane|93/100|[from]move: U-turn
|move|p1a: Toxapex|Toxic Spikes|p2a: Necrozma
|-sidestart|p2: PokeDuels|move: Toxic Spikes
|
|-heal|p2a: Necrozma|99/100|[from] item: Leftovers
|upkeep
|turn|32
|
|t:|1615830455
|switch|p2a: Mandibuzz|Mandibuzz, F|100/100
|move|p1a: Toxapex|Toxic Spikes|p2a: Mandibuzz
|-sidestart|p2: PokeDuels|move: Toxic Spikes
|
|upkeep
|turn|33
|
|t:|1615830461
|switch|p1a: Blissey|Blissey, F|100/100
|move|p2a: Mandibuzz|Defog|p1a: Blissey
|-unboost|p1a: Blissey|evasion|1
|-sideend|p2: PokeDuels|Toxic Spikes|[from] move: Defog|[of] p2a: Mandibuzz
|
|upkeep
|turn|34
|
|t:|1615830463
|move|p2a: Mandibuzz|Toxic|p1a: Blissey
|-status|p1a: Blissey|tox
|move|p1a: Blissey|Aromatherapy|p1a: Blissey
|-activate|p1a: Blissey|move: Aromatherapy
|-curestatus|p1a: Blissey|tox|[msg]
|-curestatus|p1: Tangrowth|tox|[msg]
|
|upkeep
|turn|35
|
|t:|1615830472
|switch|p1a: Toxapex|Toxapex, F|100/100
|move|p2a: Mandibuzz|Toxic|p1a: Toxapex|[miss]
|-miss|p2a: Mandibuzz|p1a: Toxapex
|
|upkeep
|turn|36
|
|t:|1615830481
|switch|p2a: Calyrex|Calyrex-Shadow|100/100
|-ability|p2a: Calyrex|As One
|-ability|p2a: Calyrex|Unnerve|p1: comradesquidwar
|move|p1a: Toxapex|Toxic Spikes|p2a: Calyrex
|-sidestart|p2: PokeDuels|move: Toxic Spikes
|
|upkeep
|turn|37
|
|t:|1615830501
|switch|p2a: Pheromosa|Pheromosa|100/100
|-status|p2a: Pheromosa|psn
|switch|p1a: Yveltal|Yveltal, shiny|100/100
|-ability|p1a: Yveltal|Dark Aura
|
|-damage|p2a: Pheromosa|88/100 psn|[from] psn
|upkeep
|turn|38
|
|t:|1615830506
|switch|p1a: Toxapex|Toxapex, F|100/100
|move|p2a: Pheromosa|U-turn|p1a: Toxapex
|-resisted|p1a: Toxapex
|-damage|p1a: Toxapex|83/100
|
|t:|1615830524
|switch|p2a: Necrozma|Necrozma-Dusk-Mane|99/100|[from]move: U-turn
|
|-heal|p2a: Necrozma|100/100|[from] item: Leftovers
|upkeep
|turn|39
|
|t:|1615830528
|move|p2a: Necrozma|Calm Mind|p2a: Necrozma
|-boost|p2a: Necrozma|spa|1
|-boost|p2a: Necrozma|spd|1
|move|p1a: Toxapex|Toxic Spikes|p2a: Necrozma
|-sidestart|p2: PokeDuels|move: Toxic Spikes
|
|upkeep
|turn|40
|
|t:|1615830533
|switch|p2a: Mandibuzz|Mandibuzz, F|100/100
|switch|p1a: Yveltal|Yveltal, shiny|100/100
|-ability|p1a: Yveltal|Dark Aura
|
|upkeep
|turn|41
|
|t:|1615830539
|switch|p1a: Blissey|Blissey, F|100/100
|move|p2a: Mandibuzz|Toxic|p1a: Blissey
|-status|p1a: Blissey|tox
|
|-damage|p1a: Blissey|94/100 tox|[from] psn
|upkeep
|turn|42
|
|t:|1615830543
|move|p2a: Mandibuzz|Defog|p1a: Blissey
|-unboost|p1a: Blissey|evasion|1
|-sideend|p2: PokeDuels|Toxic Spikes|[from] move: Defog|[of] p2a: Mandibuzz
|move|p1a: Blissey|Stealth Rock|p2a: Mandibuzz
|-sidestart|p2: PokeDuels|move: Stealth Rock
|
|-damage|p1a: Blissey|82/100 tox|[from] psn
|upkeep
|turn|43
|
|t:|1615830546
|switch|p1a: Eternatus|Eternatus|94/100
|-ability|p1a: Eternatus|Pressure
|move|p2a: Mandibuzz|Defog|p1a: Eternatus
|-unboost|p1a: Eternatus|evasion|1
|-sideend|p2: PokeDuels|Stealth Rock|[from] move: Defog|[of] p2a: Mandibuzz
|
|-heal|p1a: Eternatus|99/100|[from] item: Black Sludge
|upkeep
|turn|44
|
|t:|1615830554
|move|p1a: Eternatus|Substitute|p1a: Eternatus
|-start|p1a: Eternatus|Substitute
|-damage|p1a: Eternatus|75/100
|move|p2a: Mandibuzz|Knock Off|p1a: Eternatus
|-activate|p1a: Eternatus|move: Substitute|[damage]
|
|-heal|p1a: Eternatus|81/100|[from] item: Black Sludge
|upkeep
|turn|45
|
|t:|1615830559
|switch|p2a: Necrozma|Necrozma-Dusk-Mane|100/100
|move|p1a: Eternatus|Dragon Tail|p2a: Necrozma
|-resisted|p2a: Necrozma
|-damage|p2a: Necrozma|94/100
|drag|p2a: Urshifu|Urshifu, F|80/100
|
|-heal|p1a: Eternatus|87/100|[from] item: Black Sludge
|upkeep
|turn|46
|
|t:|1615830562
|switch|p2a: Necrozma|Necrozma-Dusk-Mane|94/100
|move|p1a: Eternatus|Toxic|p2a: Necrozma
|-immune|p2a: Necrozma
|
|-heal|p1a: Eternatus|93/100|[from] item: Black Sludge
|-heal|p2a: Necrozma|99/100|[from] item: Leftovers
|upkeep
|turn|47
|
|t:|1615830568
|move|p2a: Necrozma|Calm Mind|p2a: Necrozma
|-boost|p2a: Necrozma|spa|1
|-boost|p2a: Necrozma|spd|1
|move|p1a: Eternatus|Dragon Tail|p2a: Necrozma
|-resisted|p2a: Necrozma
|-damage|p2a: Necrozma|94/100
|drag|p2a: Yveltal|Yveltal|100/100
|-ability|p2a: Yveltal|Dark Aura
|
|-heal|p1a: Eternatus|99/100|[from] item: Black Sludge
|upkeep
|turn|48
|
|t:|1615830572
|switch|p2a: Necrozma|Necrozma-Dusk-Mane|94/100
|move|p1a: Eternatus|Toxic|p2a: Necrozma
|-immune|p2a: Necrozma
|
|-heal|p1a: Eternatus|100/100|[from] item: Black Sludge
|-heal|p2a: Necrozma|99/100|[from] item: Leftovers
|upkeep
|turn|49
|
|t:|1615830576
|switch|p1a: Yveltal|Yveltal, shiny|100/100
|-ability|p1a: Yveltal|Dark Aura
|move|p2a: Necrozma|Calm Mind|p2a: Necrozma
|-boost|p2a: Necrozma|spa|1
|-boost|p2a: Necrozma|spd|1
|
|-heal|p2a: Necrozma|100/100|[from] item: Leftovers
|upkeep
|turn|50
|
|t:|1615830583
|switch|p2a: Urshifu|Urshifu, F|80/100
|move|p1a: Yveltal|Taunt|p2a: Urshifu
|-start|p2a: Urshifu|move: Taunt
|
|upkeep
|turn|51
|
|t:|1615830592
|switch|p1a: Toxapex|Toxapex, F|100/100
|move|p2a: Urshifu|Wicked Blow|p1a: Toxapex
|-crit|p1a: Toxapex
|-damage|p1a: Toxapex|63/100
|
|upkeep
|turn|52
|
|t:|1615830598
|move|p2a: Urshifu|Wicked Blow|p1a: Toxapex
|-crit|p1a: Toxapex
|-damage|p1a: Toxapex|18/100
|move|p1a: Toxapex|Recover|p1a: Toxapex
|-heal|p1a: Toxapex|68/100
|
|-end|p2a: Urshifu|move: Taunt
|upkeep
|turn|53
|
|t:|1615830616
|move|p2a: Urshifu|U-turn|p1a: Toxapex
|-resisted|p1a: Toxapex
|-damage|p1a: Toxapex|60/100
|
|t:|1615830617
|switch|p2a: Calyrex|Calyrex-Shadow|100/100|[from]move: U-turn
|-ability|p2a: Calyrex|As One
|-ability|p2a: Calyrex|Unnerve|p1: comradesquidwar
|move|p1a: Toxapex|Recover|p1a: Toxapex
|-heal|p1a: Toxapex|100/100
|
|upkeep
|turn|54
|
|t:|1615830641
|switch|p2a: Pheromosa|Pheromosa|88/100 psn
|switch|p1a: Yveltal|Yveltal, shiny|100/100
|-ability|p1a: Yveltal|Dark Aura
|
|-damage|p2a: Pheromosa|76/100 psn|[from] psn
|upkeep
|turn|55
|
|t:|1615830645
|move|p1a: Yveltal|Sucker Punch|p2a: Pheromosa
|-resisted|p2a: Pheromosa
|-damage|p2a: Pheromosa|22/100 psn
|move|p2a: Pheromosa|U-turn|p1a: Yveltal
|-damage|p1a: Yveltal|54/100
|
|t:|1615830657
|switch|p2a: Urshifu|Urshifu, F|80/100|[from]move: U-turn
|
|upkeep
|turn|56
|
|t:|1615830662
|switch|p1a: Toxapex|Toxapex, F|100/100
|move|p2a: Urshifu|Close Combat|p1a: Toxapex
|-resisted|p1a: Toxapex
|-damage|p1a: Toxapex|79/100
|-unboost|p2a: Urshifu|def|1
|-unboost|p2a: Urshifu|spd|1
|
|upkeep
|turn|57
|
|t:|1615830667
|move|p2a: Urshifu|U-turn|p1a: Toxapex
|-resisted|p1a: Toxapex
|-damage|p1a: Toxapex|72/100
|
|t:|1615830672
|switch|p2a: Calyrex|Calyrex-Shadow|100/100|[from]move: U-turn
|-ability|p2a: Calyrex|As One
|-ability|p2a: Calyrex|Unnerve|p1: comradesquidwar
|move|p1a: Toxapex|Recover|p1a: Toxapex
|-heal|p1a: Toxapex|100/100
|
|upkeep
|turn|58
|
|t:|1615830679
|switch|p2a: Yveltal|Yveltal|100/100
|-ability|p2a: Yveltal|Dark Aura
|switch|p1a: Blissey|Blissey, F|82/100
|
|upkeep
|turn|59
|
|t:|1615830697
|move|p2a: Yveltal|Knock Off|p1a: Blissey
|-damage|p1a: Blissey|0 fnt
|-enditem|p1a: Blissey|Choice Specs|[from] move: Knock Off|[of] p2a: Yveltal
|-damage|p2a: Yveltal|91/100|[from] item: Life Orb
|faint|p1a: Blissey
|
|upkeep
|
|t:|1615830703
|switch|p1a: Toxapex|Toxapex, F|100/100
|turn|60
|
|t:|1615830718
|switch|p2a: Necrozma|Necrozma-Dusk-Mane|100/100
|move|p1a: Toxapex|Scald|p2a: Necrozma
|-damage|p2a: Necrozma|91/100
|-status|p2a: Necrozma|brn
|
|-heal|p2a: Necrozma|97/100 brn|[from] item: Leftovers
|-damage|p2a: Necrozma|91/100 brn|[from] brn
|upkeep
|turn|61
|
|t:|1615830721
|move|p2a: Necrozma|Calm Mind|p2a: Necrozma
|-boost|p2a: Necrozma|spa|1
|-boost|p2a: Necrozma|spd|1
|move|p1a: Toxapex|Toxic Spikes|p2a: Necrozma
|-sidestart|p2: PokeDuels|move: Toxic Spikes
|
|-heal|p2a: Necrozma|97/100 brn|[from] item: Leftovers
|-damage|p2a: Necrozma|91/100 brn|[from] brn
|upkeep
|turn|62
|
|t:|1615830725
|switch|p1a: Yveltal|Yveltal, shiny|54/100
|-ability|p1a: Yveltal|Dark Aura
|move|p2a: Necrozma|Stored Power|p1a: Yveltal
|-immune|p1a: Yveltal
|
|-heal|p2a: Necrozma|97/100 brn|[from] item: Leftovers
|-damage|p2a: Necrozma|91/100 brn|[from] brn
|upkeep
|turn|63
|
|t:|1615830731
|switch|p2a: Mandibuzz|Mandibuzz, F|100/100
|move|p1a: Yveltal|Roost|p1a: Yveltal
|-heal|p1a: Yveltal|100/100
|-singleturn|p1a: Yveltal|move: Roost
|
|upkeep
|turn|64
|
|t:|1615830743
|switch|p1a: Eternatus|Eternatus|100/100
|-ability|p1a: Eternatus|Pressure
|move|p2a: Mandibuzz|Toxic|p1a: Eternatus
|-immune|p1a: Eternatus
|
|upkeep
|turn|65
|
|t:|1615830750
|switch|p1a: Yveltal|Yveltal, shiny|100/100
|-ability|p1a: Yveltal|Dark Aura
|switch|p2a: Necrozma|Necrozma-Dusk-Mane|91/100 brn
|
|-heal|p2a: Necrozma|97/100 brn|[from] item: Leftovers
|-damage|p2a: Necrozma|91/100 brn|[from] brn
|upkeep
|turn|66
|
|t:|1615830770
|switch|p2a: Mandibuzz|Mandibuzz, F|100/100
|move|p1a: Yveltal|Knock Off|p2a: Mandibuzz
|-resisted|p2a: Mandibuzz
|-damage|p2a: Mandibuzz|86/100
|
|upkeep
|turn|67
|
|t:|1615830782
|switch|p1a: Eternatus|Eternatus|100/100
|-ability|p1a: Eternatus|Pressure
|move|p2a: Mandibuzz|Knock Off|p1a: Eternatus
|-damage|p1a: Eternatus|82/100
|-enditem|p1a: Eternatus|Black Sludge|[from] move: Knock Off|[of] p2a: Mandibuzz
|
|upkeep
|turn|68
|
|t:|1615830787
|switch|p2a: Necrozma|Necrozma-Dusk-Mane|91/100 brn
|move|p1a: Eternatus|Dragon Tail|p2a: Necrozma
|-resisted|p2a: Necrozma
|-damage|p2a: Necrozma|86/100 brn
|drag|p2a: Mandibuzz|Mandibuzz, F|86/100
|
|upkeep
|turn|69
|
|t:|1615830797
|switch|p1a: Yveltal|Yveltal, shiny|100/100
|-ability|p1a: Yveltal|Dark Aura
|switch|p2a: Necrozma|Necrozma-Dusk-Mane|86/100 brn
|
|-heal|p2a: Necrozma|92/100 brn|[from] item: Leftovers
|-damage|p2a: Necrozma|86/100 brn|[from] brn
|upkeep
|turn|70
|
|t:|1615830803
|switch|p2a: Mandibuzz|Mandibuzz, F|86/100
|move|p1a: Yveltal|Knock Off|p2a: Mandibuzz
|-resisted|p2a: Mandibuzz
|-damage|p2a: Mandibuzz|72/100
|
|upkeep
|turn|71
|
|t:|1615830812
|move|p1a: Yveltal|Taunt|p2a: Mandibuzz
|-start|p2a: Mandibuzz|move: Taunt
|cant|p2a: Mandibuzz|move: Taunt|Defog
|
|upkeep
|turn|72
|
|t:|1615830815
|move|p1a: Yveltal|Knock Off|p2a: Mandibuzz
|-resisted|p2a: Mandibuzz
|-damage|p2a: Mandibuzz|59/100
|move|p2a: Mandibuzz|Knock Off|p1a: Yveltal
|-resisted|p1a: Yveltal
|-damage|p1a: Yveltal|88/100
|-enditem|p1a: Yveltal|Heavy-Duty Boots|[from] move: Knock Off|[of] p2a: Mandibuzz
|
|upkeep
|turn|73
|
|t:|1615830845
|switch|p2a: Pheromosa|Pheromosa|22/100 psn
|move|p1a: Yveltal|Knock Off|p2a: Pheromosa
|-resisted|p2a: Pheromosa
|-damage|p2a: Pheromosa|0 fnt
|-enditem|p2a: Pheromosa|Choice Band|[from] move: Knock Off|[of] p1a: Yveltal
|faint|p2a: Pheromosa
|
|upkeep
|inactive|PokeDuels has 120 seconds left.
|
|t:|1615830860
|switch|p2a: Yveltal|Yveltal|91/100
|-ability|p2a: Yveltal|Dark Aura
|turn|74
|
|t:|1615830863
|move|p1a: Yveltal|Knock Off|p2a: Yveltal
|-resisted|p2a: Yveltal
|-damage|p2a: Yveltal|63/100
|-enditem|p2a: Yveltal|Life Orb|[from] move: Knock Off|[of] p1a: Yveltal
|move|p2a: Yveltal|Hone Claws|p2a: Yveltal
|-boost|p2a: Yveltal|atk|1
|-boost|p2a: Yveltal|accuracy|1
|
|upkeep
|turn|75
|
|t:|1615830889
|move|p1a: Yveltal|Taunt|p2a: Yveltal
|-start|p2a: Yveltal|move: Taunt
|cant|p2a: Yveltal|move: Taunt|Hone Claws
|
|upkeep
|turn|76
|
|t:|1615830893
|switch|p1a: Toxapex|Toxapex, F|100/100
|move|p2a: Yveltal|Rock Slide|p1a: Toxapex
|-damage|p1a: Toxapex|75/100
|
|upkeep
|turn|77
|
|t:|1615830895
|move|p2a: Yveltal|Knock Off|p1a: Toxapex
|-damage|p1a: Toxapex|10/100
|-enditem|p1a: Toxapex|Shed Shell|[from] move: Knock Off|[of] p2a: Yveltal
|move|p1a: Toxapex|Haze|p1a: Toxapex
|-clearallboost
|
|-end|p2a: Yveltal|move: Taunt
|upkeep
|turn|78
|
|t:|1615830907
|switch|p1a: Yveltal|Yveltal, shiny|88/100
|-ability|p1a: Yveltal|Dark Aura
|move|p2a: Yveltal|Knock Off|p1a: Yveltal
|-resisted|p1a: Yveltal
|-damage|p1a: Yveltal|69/100
|
|upkeep
|turn|79
|
|t:|1615830911
|move|p1a: Yveltal|Taunt|p2a: Yveltal
|-start|p2a: Yveltal|move: Taunt
|move|p2a: Yveltal|Rock Slide|p1a: Yveltal
|-supereffective|p1a: Yveltal
|-damage|p1a: Yveltal|22/100
|
|upkeep
|turn|80
|
|t:|1615830918
|move|p1a: Yveltal|Roost|p1a: Yveltal
|-heal|p1a: Yveltal|72/100
|-singleturn|p1a: Yveltal|move: Roost
|move|p2a: Yveltal|Rock Slide|p1a: Yveltal
|-damage|p1a: Yveltal|50/100
|
|upkeep
|turn|81
|
|t:|1615830920
|move|p1a: Yveltal|Roost|p1a: Yveltal
|-heal|p1a: Yveltal|100/100
|-singleturn|p1a: Yveltal|move: Roost
|move|p2a: Yveltal|Rock Slide|p1a: Yveltal
|-damage|p1a: Yveltal|77/100
|
|-end|p2a: Yveltal|move: Taunt
|upkeep
|turn|82
|
|t:|1615830934
|move|p1a: Yveltal|Knock Off|p2a: Yveltal
|-resisted|p2a: Yveltal
|-damage|p2a: Yveltal|47/100
|move|p2a: Yveltal|Rock Slide|p1a: Yveltal
|-supereffective|p1a: Yveltal
|-damage|p1a: Yveltal|32/100
|
|upkeep
|turn|83
|
|t:|1615830947
|move|p1a: Yveltal|Roost|p1a: Yveltal
|-heal|p1a: Yveltal|82/100
|-singleturn|p1a: Yveltal|move: Roost
|move|p2a: Yveltal|Hone Claws|p2a: Yveltal
|-boost|p2a: Yveltal|atk|1
|-boost|p2a: Yveltal|accuracy|1
|
|upkeep
|turn|84
|
|t:|1615830953
|switch|p1a: Tangrowth|Tangrowth, F, shiny|49/100
|move|p2a: Yveltal|Rock Slide|p1a: Tangrowth
|-damage|p1a: Tangrowth|26/100
|
|upkeep
|turn|85
|
|t:|1615830960
|move|p2a: Yveltal|Knock Off|p1a: Tangrowth
|-damage|p1a: Tangrowth|0 fnt
|faint|p1a: Tangrowth
|
|upkeep
|
|t:|1615830964
|switch|p1a: Toxapex|Toxapex, F|44/100
|turn|86
|
|t:|1615830968
|move|p2a: Yveltal|Knock Off|p1a: Toxapex
|-crit|p1a: Toxapex
|-damage|p1a: Toxapex|0 fnt
|faint|p1a: Toxapex
|
|upkeep
|
|t:|1615830976
|switch|p1a: Calyrex|Calyrex-Shadow|100/100
|-ability|p1a: Calyrex|As One
|-ability|p1a: Calyrex|Unnerve|p2: PokeDuels
|turn|87
|
|t:|1615830978
|move|p2a: Yveltal|Sucker Punch||[still]
|-fail|p2a: Yveltal
|move|p1a: Calyrex|Substitute|p1a: Calyrex
|-start|p1a: Calyrex|Substitute
|-damage|p1a: Calyrex|75/100
|
|-heal|p1a: Calyrex|82/100|[from] item: Leftovers
|upkeep
|turn|88
|
|t:|1615830982
|move|p2a: Yveltal|Sucker Punch||[still]
|-fail|p2a: Yveltal
|move|p1a: Calyrex|Will-O-Wisp|p2a: Yveltal
|-status|p2a: Yveltal|brn
|
|-heal|p1a: Calyrex|88/100|[from] item: Leftovers
|-damage|p2a: Yveltal|41/100 brn|[from] brn
|upkeep
|turn|89
|
|t:|1615830988
|move|p2a: Yveltal|Sucker Punch||[still]
|-fail|p2a: Yveltal
|move|p1a: Calyrex|Leech Seed|p2a: Yveltal
|-start|p2a: Yveltal|move: Leech Seed
|
|-heal|p1a: Calyrex|94/100|[from] item: Leftovers
|-damage|p2a: Yveltal|28/100 brn|[from] Leech Seed|[of] p1a: Calyrex
|-heal|p1a: Calyrex|100/100|[silent]
|-damage|p2a: Yveltal|22/100 brn|[from] brn
|upkeep
|turn|90
|
|t:|1615830991
|move|p1a: Calyrex|Hex|p2a: Yveltal
|-resisted|p2a: Yveltal
|-damage|p2a: Yveltal|0 fnt
|faint|p2a: Yveltal
|-ability|p1a: Calyrex|Grim Neigh|boost
|-boost|p1a: Calyrex|spa|1
|
|upkeep
|
|t:|1615831005
|switch|p2a: Urshifu|Urshifu, F|80/100
|-status|p2a: Urshifu|psn
|turn|91
|
|t:|1615831009
|move|p1a: Calyrex|Hex|p2a: Urshifu
|-resisted|p2a: Urshifu
|-damage|p2a: Urshifu|7/100 psn
|move|p2a: Urshifu|Wicked Blow|p1a: Calyrex
|-supereffective|p1a: Calyrex
|-crit|p1a: Calyrex
|-end|p1a: Calyrex|Substitute
|
|-damage|p2a: Urshifu|0 fnt|[from] psn
|faint|p2a: Urshifu
|upkeep
|
|t:|1615831015
|switch|p2a: Mandibuzz|Mandibuzz, F|59/100
|turn|92
|
|t:|1615831018
|move|p1a: Calyrex|Substitute|p1a: Calyrex
|-start|p1a: Calyrex|Substitute
|-damage|p1a: Calyrex|75/100
|move|p2a: Mandibuzz|Knock Off|p1a: Calyrex
|-supereffective|p1a: Calyrex
|-end|p1a: Calyrex|Substitute
|
|-heal|p1a: Calyrex|82/100|[from] item: Leftovers
|upkeep
|turn|93
|
|t:|1615831024
|switch|p1a: Eternatus|Eternatus|82/100
|-ability|p1a: Eternatus|Pressure
|move|p2a: Mandibuzz|Roost|p2a: Mandibuzz
|-heal|p2a: Mandibuzz|100/100
|-singleturn|p2a: Mandibuzz|move: Roost
|
|upkeep
|turn|94
|
|t:|1615831033
|switch|p2a: Necrozma|Necrozma-Dusk-Mane|86/100 brn
|move|p1a: Eternatus|Toxic||[still]
|-fail|p1a: Eternatus
|
|-heal|p2a: Necrozma|92/100 brn|[from] item: Leftovers
|-damage|p2a: Necrozma|86/100 brn|[from] brn
|upkeep
|turn|95
|
|t:|1615831049
|switch|p2a: Mandibuzz|Mandibuzz, F|100/100
|move|p1a: Eternatus|Substitute|p1a: Eternatus
|-start|p1a: Eternatus|Substitute
|-damage|p1a: Eternatus|57/100
|
|upkeep
|turn|96
|
|t:|1615831054
|switch|p2a: Necrozma|Necrozma-Dusk-Mane|86/100 brn
|move|p1a: Eternatus|Recover|p1a: Eternatus
|-heal|p1a: Eternatus|100/100
|
|-heal|p2a: Necrozma|92/100 brn|[from] item: Leftovers
|-damage|p2a: Necrozma|86/100 brn|[from] brn
|upkeep
|turn|97
|
|t:|1615831060
|move|p2a: Necrozma|Calm Mind|p2a: Necrozma
|-boost|p2a: Necrozma|spa|1
|-boost|p2a: Necrozma|spd|1
|move|p1a: Eternatus|Dragon Tail|p2a: Necrozma
|-resisted|p2a: Necrozma
|-damage|p2a: Necrozma|80/100 brn
|drag|p2a: Calyrex|Calyrex-Shadow|100/100
|-ability|p2a: Calyrex|As One
|-ability|p2a: Calyrex|Unnerve|p1: comradesquidwar
|
|upkeep
|turn|98
|
|t:|1615831067
|move|p2a: Calyrex|Protect|p2a: Calyrex
|-singleturn|p2a: Calyrex|Protect
|move|p1a: Eternatus|Toxic|p2a: Calyrex
|-activate|p2a: Calyrex|move: Protect
|
|upkeep
|turn|99
|
|t:|1615831075
|switch|p1a: Yveltal|Yveltal, shiny|82/100
|-ability|p1a: Yveltal|Dark Aura
|move|p2a: Calyrex|Disable||[still]
|-fail|p2a: Calyrex
|
|upkeep
|turn|100
|
|t:|1615831087
|switch|p2a: Mandibuzz|Mandibuzz, F|100/100
|move|p1a: Yveltal|Taunt|p2a: Mandibuzz
|-start|p2a: Mandibuzz|move: Taunt
|
|upkeep
|turn|101
|
|t:|1615831096
|switch|p1a: Eternatus|Eternatus|100/100
|-ability|p1a: Eternatus|Pressure
|move|p2a: Mandibuzz|Knock Off|p1a: Eternatus
|-damage|p1a: Eternatus|88/100
|
|upkeep
|turn|102
|
|t:|1615831103
|switch|p1a: Yveltal|Yveltal, shiny|82/100
|-ability|p1a: Yveltal|Dark Aura
|switch|p2a: Necrozma|Necrozma-Dusk-Mane|80/100 brn
|
|-heal|p2a: Necrozma|86/100 brn|[from] item: Leftovers
|-damage|p2a: Necrozma|80/100 brn|[from] brn
|upkeep
|turn|103
|
|t:|1615831108
|switch|p2a: Mandibuzz|Mandibuzz, F|100/100
|move|p1a: Yveltal|Knock Off|p2a: Mandibuzz
|-resisted|p2a: Mandibuzz
|-damage|p2a: Mandibuzz|86/100
|
|upkeep
|turn|104
|
|t:|1615831112
|move|p1a: Yveltal|Taunt|p2a: Mandibuzz
|-start|p2a: Mandibuzz|move: Taunt
|cant|p2a: Mandibuzz|move: Taunt|Toxic
|
|upkeep
|turn|105
|
|t:|1615831115
|move|p1a: Yveltal|Knock Off|p2a: Mandibuzz
|-resisted|p2a: Mandibuzz
|-damage|p2a: Mandibuzz|71/100
|move|p2a: Mandibuzz|Knock Off|p1a: Yveltal
|-resisted|p1a: Yveltal
|-damage|p1a: Yveltal|74/100
|
|upkeep
|turn|106
|
|t:|1615831119
|move|p1a: Yveltal|Sucker Punch|p2a: Mandibuzz
|-resisted|p2a: Mandibuzz
|-damage|p2a: Mandibuzz|56/100
|move|p2a: Mandibuzz|Knock Off|p1a: Yveltal
|-resisted|p1a: Yveltal
|-damage|p1a: Yveltal|65/100
|
|-end|p2a: Mandibuzz|move: Taunt
|upkeep
|turn|107
|
|t:|1615831131
|move|p1a: Yveltal|Taunt|p2a: Mandibuzz
|-start|p2a: Mandibuzz|move: Taunt
|cant|p2a: Mandibuzz|move: Taunt|Roost
|
|upkeep
|turn|108
|
|t:|1615831133
|move|p1a: Yveltal|Roost|p1a: Yveltal
|-heal|p1a: Yveltal|100/100
|-singleturn|p1a: Yveltal|move: Roost
|move|p2a: Mandibuzz|Knock Off|p1a: Yveltal
|-resisted|p1a: Yveltal
|-damage|p1a: Yveltal|92/100
|
|upkeep
|turn|109
|
|t:|1615831137
|move|p1a: Yveltal|Sucker Punch|p2a: Mandibuzz
|-resisted|p2a: Mandibuzz
|-crit|p2a: Mandibuzz
|-damage|p2a: Mandibuzz|32/100
|move|p2a: Mandibuzz|Knock Off|p1a: Yveltal
|-resisted|p1a: Yveltal
|-damage|p1a: Yveltal|83/100
|
|-end|p2a: Mandibuzz|move: Taunt
|upkeep
|turn|110
|
|t:|1615831142
|move|p1a: Yveltal|Taunt|p2a: Mandibuzz
|-start|p2a: Mandibuzz|move: Taunt
|cant|p2a: Mandibuzz|move: Taunt|Roost
|
|upkeep
|turn|111
|
|t:|1615831148
|move|p1a: Yveltal|Knock Off|p2a: Mandibuzz
|-resisted|p2a: Mandibuzz
|-damage|p2a: Mandibuzz|18/100
|move|p2a: Mandibuzz|Knock Off|p1a: Yveltal
|-resisted|p1a: Yveltal
|-damage|p1a: Yveltal|74/100
|
|upkeep
|turn|112
|
|t:|1615831152
|move|p1a: Yveltal|Sucker Punch|p2a: Mandibuzz
|-resisted|p2a: Mandibuzz
|-damage|p2a: Mandibuzz|4/100
|move|p2a: Mandibuzz|Knock Off|p1a: Yveltal
|-resisted|p1a: Yveltal
|-damage|p1a: Yveltal|66/100
|
|-end|p2a: Mandibuzz|move: Taunt
|upkeep
|turn|113
|
|t:|1615831159
|move|p1a: Yveltal|Knock Off|p2a: Mandibuzz
|-resisted|p2a: Mandibuzz
|-damage|p2a: Mandibuzz|0 fnt
|faint|p2a: Mandibuzz
|
|upkeep
|
|t:|1615831168
|switch|p2a: Calyrex|Calyrex-Shadow|100/100
|-ability|p2a: Calyrex|As One
|-ability|p2a: Calyrex|Unnerve|p1: comradesquidwar
|turn|114
|
|t:|1615831171
|move|p2a: Calyrex|Disable|p1a: Yveltal
|-start|p1a: Yveltal|Disable|Knock Off
|move|p1a: Yveltal|Roost|p1a: Yveltal
|-heal|p1a: Yveltal|100/100
|-singleturn|p1a: Yveltal|move: Roost
|
|upkeep
|turn|115
|
|t:|1615831176
|move|p2a: Calyrex|Protect|p2a: Calyrex
|-singleturn|p2a: Calyrex|Protect
|move|p1a: Yveltal|Taunt|p2a: Calyrex
|-activate|p2a: Calyrex|move: Protect
|
|upkeep
|turn|116
|
|t:|1615831187
|move|p2a: Calyrex|Astral Barrage|p1a: Yveltal
|-resisted|p1a: Yveltal
|-damage|p1a: Yveltal|72/100
|move|p1a: Yveltal|Taunt|p2a: Calyrex
|-start|p2a: Calyrex|move: Taunt
|
|upkeep
|turn|117
|
|t:|1615831196
|move|p1a: Yveltal|Sucker Punch|p2a: Calyrex
|-supereffective|p2a: Calyrex
|-damage|p2a: Calyrex|0 fnt
|faint|p2a: Calyrex
|
|-end|p1a: Yveltal|Disable
|upkeep
|
|t:|1615831211
|switch|p2a: Necrozma|Necrozma-Dusk-Mane|80/100 brn
|turn|118
|
|t:|1615831215
|move|p1a: Yveltal|Taunt|p2a: Necrozma
|-start|p2a: Necrozma|move: Taunt
|cant|p2a: Necrozma|move: Taunt|Iron Defense
|
|-heal|p2a: Necrozma|86/100 brn|[from] item: Leftovers
|-damage|p2a: Necrozma|80/100 brn|[from] brn
|upkeep
|turn|119
|
|t:|1615831217
|move|p1a: Yveltal|Knock Off|p2a: Necrozma
|-supereffective|p2a: Necrozma
|-damage|p2a: Necrozma|19/100 brn
|-enditem|p2a: Necrozma|Leftovers|[from] move: Knock Off|[of] p1a: Yveltal
|move|p2a: Necrozma|Stored Power|p1a: Yveltal
|-immune|p1a: Yveltal
|
|-damage|p2a: Necrozma|13/100 brn|[from] brn
|upkeep
|turn|120
|
|t:|1615831220
|move|p1a: Yveltal|Knock Off|p2a: Necrozma
|-supereffective|p2a: Necrozma
|-damage|p2a: Necrozma|0 fnt
|faint|p2a: Necrozma
|
|win|comradesquidwar
|c|☆comradesquidwar|gg
|raw|comradesquidwar's rating: 1501 &rarr; <strong>1514</strong><br />(+13 for winning)
|raw|PokeDuels's rating: 1368 &rarr; <strong>1355</strong><br />(-13 for losing)
