|html|<div class="broadcast-blue"><strong>[Gen 8] Ubers is currently suspecting Zacian-Crowned! For information on how to participate check out the <a href="https://www.smogon.com/forums/threads/np-ss-ubers-stage-5-hound-dog.3675589/">suspect thread</a>.</strong></div>
|j|☆Hjuyttdd
|j|☆Holymolycrabby
|t:|1610868203
|player|p1|Hjuyttdd|2|
|player|p2|Holymolycrabby|xerosic|
|teamsize|p1|6
|teamsize|p2|6
|gametype|singles
|gen|8
|tier|[Gen 8] Ubers
|rated|Tournament battle
|clearpoke
|poke|p1|Necrozma-Dusk-Mane|
|poke|p1|Eternatus|
|poke|p1|Yveltal|
|poke|p1|Tangrowth, F|
|poke|p1|Zacian-Crowned|
|poke|p1|Xerneas|
|poke|p2|Yveltal|
|poke|p2|Zacian-Crowned|
|poke|p2|Necrozma-Dusk-Mane|
|poke|p2|Calyrex-Shadow|
|poke|p2|Kyogre|
|poke|p2|Eternatus|
|rule|Sleep Clause Mod: Limit one foe put to sleep
|rule|Species Clause: Limit one of each Pokémon
|rule|OHKO Clause: OHKO moves are banned
|rule|Evasion Moves Clause: Evasion moves are banned
|rule|Endless Battle Clause: Forcing endless battles is banned
|rule|HP Percentage Mod: HP is shown in percentages
|rule|Dynamax Clause: You cannot dynamax
|teampreview
|l|☆Hjuyttdd
|player|p1|
|j| Mega zygarde-98%
|j| BasedWhat?
|j| Holy Flatemo
|inactive|Battle timer is ON: inactive players will automatically lose when time's up. (requested by Holymolycrabby)
|c| Holy Flatemo|ordinary ubers battle
|l| BasedWhat?
|j| BasedWhat?
|l| BasedWhat?
|l| Holy Flatemo
|j| Holy Flatemo
|inactive|Hjuyttdd has 30 seconds to reconnect!
|inactive|Hjuyttdd has 20 seconds to reconnect!
|inactive|Hjuyttdd has 15 seconds to reconnect!
|inactive|Hjuyttdd has 10 seconds to reconnect!
|j|☆Hjuyttdd
|inactive|Hjuyttdd reconnected and has 100 seconds left.
|player|p1|Hjuyttdd|2
|j| Hrishioo7
|c| Hrishioo7|Wtf
|inactive|Hjuyttdd has 90 seconds left.
|c| Hrishioo7|Crabby gen 8 finals?
|
|t:|1610868314
|start
|switch|p1a: Zacian|Zacian-Crowned|100/100
|switch|p2a: Eternatus|Eternatus|100/100
|-ability|p1a: Zacian|Intrepid Sword|boost
|-boost|p1a: Zacian|atk|1
|-ability|p2a: Eternatus|Pressure
|turn|1
|j| CORVERE
|
|t:|1610868337
|move|p1a: Zacian|Crunch|p2a: Eternatus
|-damage|p2a: Eternatus|62/100
|move|p2a: Eternatus|Flamethrower|p1a: Zacian
|-supereffective|p1a: Zacian
|-damage|p1a: Zacian|59/100
|
|-heal|p2a: Eternatus|68/100|[from] item: Black Sludge
|upkeep
|turn|2
|c|☆Hjuyttdd|Hooo tere long da pya lashkara
|c|☆Hjuyttdd|Nii billo sano hosh pol gyeee
|inactive|Hjuyttdd has 120 seconds left.
|
|t:|1610868366
|switch|p2a: Necrozma|Necrozma-Dusk-Mane|100/100
|move|p1a: Zacian|Crunch|p2a: Necrozma
|-supereffective|p2a: Necrozma
|-damage|p2a: Necrozma|52/100
|-unboost|p2a: Necrozma|def|1
|-damage|p1a: Zacian|43/100|[from] item: Rocky Helmet|[of] p2a: Necrozma
|
|upkeep
|turn|3
|inactive|Hjuyttdd has 120 seconds left.
|c|☆Hjuyttdd|Tadie te janaaa
|c|☆Hjuyttdd|Billo de kar
|inactive|Holymolycrabby has 120 seconds left.
|
|t:|1610868402
|switch|p2a: Zacian|Zacian-Crowned|100/100
|-ability|p2a: Zacian|Intrepid Sword|boost
|-boost|p2a: Zacian|atk|1
|move|p1a: Zacian|Crunch|p2a: Zacian
|-resisted|p2a: Zacian
|-damage|p2a: Zacian|74/100
|
|upkeep
|turn|4
|
|t:|1610868413
|switch|p1a: Necrozma|Necrozma-Dusk-Mane|100/100
|move|p2a: Zacian|Close Combat|p1a: Necrozma
|-damage|p1a: Necrozma|55/100
|-unboost|p2a: Zacian|def|1
|-unboost|p2a: Zacian|spd|1
|-damage|p2a: Zacian|57/100|[from] item: Rocky Helmet|[of] p1a: Necrozma
|
|upkeep
|turn|5
|
|t:|1610868422
|switch|p2a: Kyogre|Kyogre|100/100
|-weather|RainDance|[from] ability: Drizzle|[of] p2a: Kyogre
|move|p1a: Necrozma|Morning Sun|p1a: Necrozma
|-heal|p1a: Necrozma|80/100
|
|-weather|RainDance|[upkeep]
|upkeep
|turn|6
|inactive|Holymolycrabby has 120 seconds left.
|
|t:|1610868428
|switch|p1a: Eternatus|Eternatus|100/100
|-ability|p1a: Eternatus|Pressure
|move|p2a: Kyogre|Ice Beam|p1a: Eternatus
|-supereffective|p1a: Eternatus
|-damage|p1a: Eternatus|63/100
|
|-weather|RainDance|[upkeep]
|-heal|p1a: Eternatus|69/100|[from] item: Black Sludge
|upkeep
|turn|7
|inactive|Hjuyttdd has 120 seconds left.
|
|t:|1610868454
|switch|p1a: Necrozma|Necrozma-Dusk-Mane|80/100
|move|p2a: Kyogre|Calm Mind|p2a: Kyogre
|-boost|p2a: Kyogre|spa|1
|-boost|p2a: Kyogre|spd|1
|
|-weather|RainDance|[upkeep]
|upkeep
|turn|8
|
|t:|1610868464
|switch|p1a: Tangrowth|Tangrowth, F|100/100
|move|p2a: Kyogre|Scald|p1a: Tangrowth
|-resisted|p1a: Tangrowth
|-damage|p1a: Tangrowth|40/100
|
|-weather|RainDance|[upkeep]
|upkeep
|turn|9
|c|☆Hjuyttdd|I made bad HO again
|inactive|Hjuyttdd has 90 seconds left.
|c|☆Hjuyttdd|BO
|c|☆Hjuyttdd|Lol
|
|t:|1610868505
|switch|p1a: Eternatus|Eternatus|69/100
|-ability|p1a: Eternatus|Pressure
|move|p2a: Kyogre|Ice Beam|p1a: Eternatus
|-supereffective|p1a: Eternatus
|-damage|p1a: Eternatus|20/100
|
|-weather|none
|-heal|p1a: Eternatus|27/100|[from] item: Black Sludge
|upkeep
|turn|10
|
|t:|1610868510
|move|p1a: Eternatus|Sludge Bomb|p2a: Kyogre
|-damage|p2a: Kyogre|83/100
|-status|p2a: Kyogre|psn
|move|p2a: Kyogre|Ice Beam|p1a: Eternatus
|-supereffective|p1a: Eternatus
|-damage|p1a: Eternatus|0 fnt
|faint|p1a: Eternatus
|
|-heal|p2a: Kyogre|89/100 psn|[from] item: Leftovers
|-damage|p2a: Kyogre|76/100 psn|[from] psn
|upkeep
|
|t:|1610868514
|switch|p1a: Zacian|Zacian-Crowned|43/100
|-ability|p1a: Zacian|Intrepid Sword|boost
|-boost|p1a: Zacian|atk|1
|turn|11
|
|t:|1610868519
|move|p1a: Zacian|Wild Charge|p2a: Kyogre
|-supereffective|p2a: Kyogre
|-damage|p2a: Kyogre|0 fnt
|-damage|p1a: Zacian|23/100|[from] Recoil
|faint|p2a: Kyogre
|
|upkeep
|
|t:|1610868524
|switch|p2a: Calyrex|Calyrex-Shadow|100/100
|-ability|p2a: Calyrex|As One
|-ability|p2a: Calyrex|Unnerve|p1: Hjuyttdd
|turn|12
|
|t:|1610868529
|switch|p1a: Yveltal|Yveltal|100/100
|-ability|p1a: Yveltal|Dark Aura
|move|p2a: Calyrex|Astral Barrage|p1a: Yveltal
|-resisted|p1a: Yveltal
|-damage|p1a: Yveltal|68/100
|
|upkeep
|turn|13
|inactive|Hjuyttdd has 120 seconds left.
|
|t:|1610868539
|switch|p2a: Yveltal|Yveltal|100/100
|-ability|p2a: Yveltal|Dark Aura
|move|p1a: Yveltal|Foul Play|p2a: Yveltal
|-resisted|p2a: Yveltal
|-damage|p2a: Yveltal|80/100
|
|upkeep
|turn|14
|
|t:|1610868546
|switch|p2a: Zacian|Zacian-Crowned|57/100
|-ability|p2a: Zacian|Intrepid Sword|boost
|-boost|p2a: Zacian|atk|1
|switch|p1a: Xerneas|Xerneas|100/100
|-ability|p1a: Xerneas|Fairy Aura
|
|upkeep
|turn|15
|
|t:|1610868555
|move|p2a: Zacian|Close Combat|p1a: Xerneas
|-resisted|p1a: Xerneas
|-damage|p1a: Xerneas|76/100
|-unboost|p2a: Zacian|def|1
|-unboost|p2a: Zacian|spd|1
|move|p1a: Xerneas|Moonblast|p2a: Zacian
|-resisted|p2a: Zacian
|-damage|p2a: Zacian|21/100
|
|-heal|p1a: Xerneas|82/100|[from] item: Leftovers
|upkeep
|turn|16
|
|t:|1610868563
|switch|p2a: Calyrex|Calyrex-Shadow|100/100
|-ability|p2a: Calyrex|As One
|-ability|p2a: Calyrex|Unnerve|p1: Hjuyttdd
|switch|p1a: Tangrowth|Tangrowth, F|73/100
|
|upkeep
|turn|17
|j| Meatie Treatie
|inactive|Hjuyttdd has 120 seconds left.
|
|t:|1610868600
|switch|p1a: Yveltal|Yveltal|68/100
|-ability|p1a: Yveltal|Dark Aura
|move|p2a: Calyrex|Trick|p1a: Yveltal
|-activate|p2a: Calyrex|move: Trick|[of] p1a: Yveltal
|-item|p1a: Yveltal|Choice Specs|[from] move: Trick
|-item|p2a: Calyrex|Heavy-Duty Boots|[from] move: Trick
|
|upkeep
|turn|18
|
|t:|1610868611
|switch|p2a: Yveltal|Yveltal|80/100
|-ability|p2a: Yveltal|Dark Aura
|switch|p1a: Zacian|Zacian-Crowned|23/100
|-ability|p1a: Zacian|Intrepid Sword|boost
|-boost|p1a: Zacian|atk|1
|
|upkeep
|turn|19
|
|t:|1610868626
|move|p1a: Zacian|Wild Charge|p2a: Yveltal
|-supereffective|p2a: Yveltal
|-damage|p2a: Yveltal|0 fnt
|-damage|p1a: Zacian|2/100|[from] Recoil
|faint|p2a: Yveltal
|
|upkeep
|
|t:|1610868631
|switch|p2a: Calyrex|Calyrex-Shadow|100/100
|-ability|p2a: Calyrex|As One
|-ability|p2a: Calyrex|Unnerve|p1: Hjuyttdd
|turn|20
|l| Hrishioo7
|
|t:|1610868638
|switch|p1a: Yveltal|Yveltal|68/100
|-ability|p1a: Yveltal|Dark Aura
|move|p2a: Calyrex|Astral Barrage|p1a: Yveltal
|-resisted|p1a: Yveltal
|-crit|p1a: Yveltal
|-damage|p1a: Yveltal|36/100
|
|upkeep
|turn|21
|
|t:|1610868646
|switch|p2a: Zacian|Zacian-Crowned|21/100
|-ability|p2a: Zacian|Intrepid Sword|boost
|-boost|p2a: Zacian|atk|1
|move|p1a: Yveltal|Roost|p1a: Yveltal
|-heal|p1a: Yveltal|86/100
|-singleturn|p1a: Yveltal|move: Roost
|
|upkeep
|turn|22
|
|t:|1610868656
|switch|p1a: Tangrowth|Tangrowth, F|100/100
|move|p2a: Zacian|Close Combat|p1a: Tangrowth
|-damage|p1a: Tangrowth|55/100
|-unboost|p2a: Zacian|def|1
|-unboost|p2a: Zacian|spd|1
|-damage|p2a: Zacian|4/100|[from] item: Rocky Helmet|[of] p1a: Tangrowth
|
|upkeep
|turn|23
|j| ewqw
|
|t:|1610868685
|switch|p1a: Necrozma|Necrozma-Dusk-Mane|80/100
|move|p2a: Zacian|Play Rough|p1a: Necrozma
|-resisted|p1a: Necrozma
|-damage|p1a: Necrozma|54/100
|-unboost|p1a: Necrozma|atk|1
|-damage|p2a: Zacian|0 fnt|[from] item: Rocky Helmet|[of] p1a: Necrozma
|faint|p2a: Zacian
|
|upkeep
|
|t:|1610868689
|switch|p2a: Calyrex|Calyrex-Shadow|100/100
|-ability|p2a: Calyrex|As One
|-ability|p2a: Calyrex|Unnerve|p1: Hjuyttdd
|turn|24
|
|t:|1610868692
|switch|p1a: Yveltal|Yveltal|86/100
|-ability|p1a: Yveltal|Dark Aura
|move|p2a: Calyrex|Astral Barrage|p1a: Yveltal
|-resisted|p1a: Yveltal
|-damage|p1a: Yveltal|66/100
|
|upkeep
|turn|25
|
|t:|1610868704
|switch|p2a: Eternatus|Eternatus|68/100
|-ability|p2a: Eternatus|Pressure
|move|p1a: Yveltal|Foul Play|p2a: Eternatus
|-crit|p2a: Eternatus
|-damage|p2a: Eternatus|38/100
|
|-heal|p2a: Eternatus|44/100|[from] item: Black Sludge
|upkeep
|turn|26
|c|☆Holymolycrabby|Ogre the mistake
|
|t:|1610868715
|switch|p1a: Xerneas|Xerneas|82/100
|-ability|p1a: Xerneas|Fairy Aura
|move|p2a: Eternatus|Flamethrower|p1a: Xerneas
|-damage|p1a: Xerneas|61/100
|
|-heal|p2a: Eternatus|50/100|[from] item: Black Sludge
|-heal|p1a: Xerneas|67/100|[from] item: Leftovers
|upkeep
|turn|27
|c|☆Hjuyttdd|Kina kuch sochaya si billo kar jawan ge
|
|t:|1610868733
|switch|p2a: Necrozma|Necrozma-Dusk-Mane|52/100
|move|p1a: Xerneas|Moonblast|p2a: Necrozma
|-resisted|p2a: Necrozma
|-damage|p2a: Necrozma|30/100
|
|-heal|p1a: Xerneas|73/100|[from] item: Leftovers
|upkeep
|turn|28
|
|t:|1610868741
|switch|p1a: Tangrowth|Tangrowth, F|89/100
|move|p2a: Necrozma|Moonlight|p2a: Necrozma
|-heal|p2a: Necrozma|80/100
|
|upkeep
|turn|29
|
|t:|1610868747
|move|p2a: Necrozma|Thunder Wave|p1a: Tangrowth
|-status|p1a: Tangrowth|par
|cant|p1a: Tangrowth|par
|
|upkeep
|turn|30
|
|t:|1610868752
|switch|p2a: Eternatus|Eternatus|50/100
|-ability|p2a: Eternatus|Pressure
|move|p1a: Tangrowth|Earthquake|p2a: Eternatus
|-supereffective|p2a: Eternatus
|-damage|p2a: Eternatus|17/100
|
|-heal|p2a: Eternatus|24/100|[from] item: Black Sludge
|upkeep
|turn|31
|
|t:|1610868770
|switch|p1a: Xerneas|Xerneas|73/100
|-ability|p1a: Xerneas|Fairy Aura
|move|p2a: Eternatus|Recover|p2a: Eternatus
|-heal|p2a: Eternatus|74/100
|
|-heal|p2a: Eternatus|80/100|[from] item: Black Sludge
|-heal|p1a: Xerneas|79/100|[from] item: Leftovers
|upkeep
|turn|32
|
|t:|1610868781
|switch|p2a: Necrozma|Necrozma-Dusk-Mane|80/100
|switch|p1a: Zacian|Zacian-Crowned|2/100
|-ability|p1a: Zacian|Intrepid Sword|boost
|-boost|p1a: Zacian|atk|1
|
|upkeep
|turn|33
|
|t:|1610868787
|move|p1a: Zacian|Rest|p1a: Zacian
|-status|p1a: Zacian|slp|[from] move: Rest
|-heal|p1a: Zacian|100/100 slp|[silent]
|move|p2a: Necrozma|Moonlight|p2a: Necrozma
|-heal|p2a: Necrozma|100/100
|
|upkeep
|turn|34
|
|t:|1610868796
|cant|p1a: Zacian|slp
|move|p1a: Zacian|Sleep Talk|p1a: Zacian
|move|p1a: Zacian|Rest||[from]move: Sleep Talk|[still]
|-fail|p1a: Zacian
|move|p2a: Necrozma|Sunsteel Strike|p1a: Zacian
|-damage|p1a: Zacian|63/100 slp
|
|upkeep
|turn|35
|
|t:|1610868802
|switch|p1a: Tangrowth|Tangrowth, F|100/100 par
|move|p2a: Necrozma|Sunsteel Strike|p1a: Tangrowth
|-damage|p1a: Tangrowth|73/100 par
|-damage|p2a: Necrozma|84/100|[from] item: Rocky Helmet|[of] p1a: Tangrowth
|
|upkeep
|turn|36
|
|t:|1610868813
|move|p2a: Necrozma|Stealth Rock|p1a: Tangrowth
|-sidestart|p1: Hjuyttdd|move: Stealth Rock
|move|p1a: Tangrowth|Knock Off|p2a: Necrozma
|-supereffective|p2a: Necrozma
|-damage|p2a: Necrozma|67/100
|-damage|p1a: Tangrowth|56/100 par|[from] item: Rocky Helmet|[of] p2a: Necrozma
|-enditem|p2a: Necrozma|Rocky Helmet|[from] move: Knock Off|[of] p1a: Tangrowth
|
|upkeep
|turn|37
|
|t:|1610868828
|move|p2a: Necrozma|Moonlight|p2a: Necrozma
|-heal|p2a: Necrozma|100/100
|cant|p1a: Tangrowth|par
|
|upkeep
|turn|38
|
|t:|1610868832
|switch|p2a: Eternatus|Eternatus|80/100
|-ability|p2a: Eternatus|Pressure
|cant|p1a: Tangrowth|par
|
|-heal|p2a: Eternatus|86/100|[from] item: Black Sludge
|upkeep
|turn|39
|
|t:|1610868838
|switch|p1a: Xerneas|Xerneas|79/100
|-damage|p1a: Xerneas|67/100|[from] Stealth Rock
|-ability|p1a: Xerneas|Fairy Aura
|move|p2a: Eternatus|Flamethrower|p1a: Xerneas
|-damage|p1a: Xerneas|45/100
|
|-heal|p2a: Eternatus|92/100|[from] item: Black Sludge
|-heal|p1a: Xerneas|51/100|[from] item: Leftovers
|upkeep
|turn|40
|
|t:|1610868842
|move|p2a: Eternatus|Flamethrower|p1a: Xerneas
|-damage|p1a: Xerneas|29/100
|move|p1a: Xerneas|Defog|p2a: Eternatus
|-unboost|p2a: Eternatus|evasion|1
|-sideend|p1: Hjuyttdd|Stealth Rock|[from] move: Defog|[of] p1a: Xerneas
|
|-heal|p2a: Eternatus|99/100|[from] item: Black Sludge
|-heal|p1a: Xerneas|35/100|[from] item: Leftovers
|upkeep
|turn|41
|j| Raph369
|
|t:|1610868848
|move|p2a: Eternatus|Toxic Spikes|p1a: Xerneas
|-sidestart|p1: Hjuyttdd|move: Toxic Spikes
|move|p1a: Xerneas|Aromatherapy|p1a: Xerneas
|-activate|p1a: Xerneas|move: Aromatherapy
|-curestatus|p1: Tangrowth|par|[msg]
|-curestatus|p1: Zacian|slp|[msg]
|
|-heal|p2a: Eternatus|100/100|[from] item: Black Sludge
|-heal|p1a: Xerneas|42/100|[from] item: Leftovers
|upkeep
|turn|42
|
|t:|1610868855
|move|p2a: Eternatus|Flamethrower|p1a: Xerneas
|-damage|p1a: Xerneas|20/100
|-status|p1a: Xerneas|brn
|move|p1a: Xerneas|Moonblast|p2a: Eternatus
|-damage|p2a: Eternatus|72/100
|
|-heal|p2a: Eternatus|79/100|[from] item: Black Sludge
|-heal|p1a: Xerneas|26/100 brn|[from] item: Leftovers
|-damage|p1a: Xerneas|20/100 brn|[from] brn
|upkeep
|turn|43
|c| Raph369|let's go 8truc
|
|t:|1610868869
|move|p2a: Eternatus|Flamethrower|p1a: Xerneas
|-damage|p1a: Xerneas|0 fnt
|faint|p1a: Xerneas
|
|-heal|p2a: Eternatus|85/100|[from] item: Black Sludge
|upkeep
|c|☆Hjuyttdd|Im sleepy lol
|
|t:|1610868879
|switch|p1a: Zacian|Zacian-Crowned|63/100
|-ability|p1a: Zacian|Intrepid Sword|boost
|-boost|p1a: Zacian|atk|1
|turn|44
|
|t:|1610868888
|move|p1a: Zacian|Crunch|p2a: Eternatus
|-damage|p2a: Eternatus|41/100
|move|p2a: Eternatus|Flamethrower|p1a: Zacian
|-supereffective|p1a: Zacian
|-damage|p1a: Zacian|19/100
|
|-heal|p2a: Eternatus|47/100|[from] item: Black Sludge
|upkeep
|turn|45
|
|t:|1610868893
|switch|p2a: Necrozma|Necrozma-Dusk-Mane|100/100
|move|p1a: Zacian|Rest|p1a: Zacian
|-status|p1a: Zacian|slp|[from] move: Rest
|-heal|p1a: Zacian|100/100 slp|[silent]
|
|upkeep
|turn|46
|
|t:|1610868901
|switch|p2a: Eternatus|Eternatus|47/100
|-ability|p2a: Eternatus|Pressure
|cant|p1a: Zacian|slp
|move|p1a: Zacian|Sleep Talk|p1a: Zacian
|move|p1a: Zacian|Wild Charge|p2a: Eternatus|[from]move: Sleep Talk
|-resisted|p2a: Eternatus
|-damage|p2a: Eternatus|24/100
|-damage|p1a: Zacian|93/100 slp|[from] Recoil
|
|-heal|p2a: Eternatus|31/100|[from] item: Black Sludge
|upkeep
|turn|47
|
|t:|1610868905
|cant|p1a: Zacian|slp
|move|p1a: Zacian|Sleep Talk|p1a: Zacian
|move|p1a: Zacian|Wild Charge|p2a: Eternatus|[from]move: Sleep Talk
|-resisted|p2a: Eternatus
|-damage|p2a: Eternatus|6/100
|-damage|p1a: Zacian|86/100 slp|[from] Recoil
|move|p2a: Eternatus|Recover|p2a: Eternatus
|-heal|p2a: Eternatus|56/100
|
|-heal|p2a: Eternatus|62/100|[from] item: Black Sludge
|upkeep
|turn|48
|
|t:|1610868913
|-curestatus|p1a: Zacian|slp|[msg]
|move|p1a: Zacian|Crunch|p2a: Eternatus
|-damage|p2a: Eternatus|23/100
|move|p2a: Eternatus|Flamethrower|p1a: Zacian
|-supereffective|p1a: Zacian
|-damage|p1a: Zacian|38/100
|-status|p1a: Zacian|brn
|
|-heal|p2a: Eternatus|29/100|[from] item: Black Sludge
|-damage|p1a: Zacian|31/100 brn|[from] brn
|upkeep
|turn|49
|
|t:|1610868918
|switch|p2a: Necrozma|Necrozma-Dusk-Mane|100/100
|move|p1a: Zacian|Rest|p1a: Zacian
|-status|p1a: Zacian|slp|[from] move: Rest
|-heal|p1a: Zacian|100/100 slp|[silent]
|
|upkeep
|turn|50
|c|☆Hjuyttdd|My worst creation
|c|☆Hjuyttdd|Is this team
|
|t:|1610868948
|switch|p1a: Necrozma|Necrozma-Dusk-Mane|54/100
|move|p2a: Necrozma|Thunder Wave|p1a: Necrozma
|-status|p1a: Necrozma|par
|
|upkeep
|turn|51
|
|t:|1610868954
|switch|p2a: Calyrex|Calyrex-Shadow|100/100
|-ability|p2a: Calyrex|As One
|-ability|p2a: Calyrex|Unnerve|p1: Hjuyttdd
|move|p1a: Necrozma|Stealth Rock|p2a: Calyrex
|-sidestart|p2: Holymolycrabby|move: Stealth Rock
|
|upkeep
|turn|52
|c| Raph369|lol
|c|☆Holymolycrabby|Lol
|inactive|Hjuyttdd has 120 seconds left.
|l|☆Hjuyttdd
|inactive|Hjuyttdd disconnected and has a minute to reconnect!
|player|p1|
|c| Raph369|ah
|c| Raph369|rip
|c|☆Holymolycrabby|Ah
|inactive|Hjuyttdd has 30 seconds to reconnect!
|inactive|Hjuyttdd has 20 seconds to reconnect!
|inactive|Hjuyttdd has 15 seconds to reconnect!
|inactive|Hjuyttdd has 10 seconds to reconnect!
|c|☆Holymolycrabby|That Ogre
|inactive|Hjuyttdd has 5 seconds to reconnect!
|-message|Hjuyttdd lost due to inactivity.
|
|win|Holymolycrabby
|n|☆Holymolycrabby|holymolycrabby
|n| Mega zygarde-98%|megazygarde98
|n| Holy Flatemo|holyflatemo
|n| CORVERE|corvere
|n| Meatie Treatie|meatietreatie
|n| ewqw|ewqw
|n| Raph369|raph369
