|j|☆RIP_Player
|j|☆lerqx
|t:|1617123823
|player|p1|RIP_Player|firebreather|1548
|player|p2|lerqx|harlequin|1517
|teamsize|p1|6
|teamsize|p2|6
|gametype|singles
|gen|8
|tier|[Gen 8] Ubers
|rated|
|clearpoke
|poke|p1|Eternatus|
|poke|p1|Toxapex, F|
|poke|p1|Yveltal|
|poke|p1|Xerneas|
|poke|p1|Marshadow|
|poke|p1|Heatran, M|
|poke|p2|Xerneas|
|poke|p2|Groudon|
|poke|p2|Kyurem-White|
|poke|p2|Necrozma-Dusk-Mane|
|poke|p2|Eternatus|
|poke|p2|Yveltal|
|rule|Sleep Clause Mod: Limit one foe put to sleep
|rule|Species Clause: Limit one of each Pokémon
|rule|OHKO Clause: OHKO moves are banned
|rule|Evasion Moves Clause: Evasion moves are banned
|rule|Endless Battle Clause: Forcing endless battles is banned
|rule|HP Percentage Mod: HP is shown in percentages
|rule|Dynamax Clause: You cannot dynamax
|teampreview
|inactive|Battle timer is ON: inactive players will automatically lose when time's up. (requested by RIP_Player)
|
|t:|1617123844
|start
|switch|p1a: Yveltal|Yveltal|100/100
|switch|p2a: Kyurem|Kyurem-White|100/100
|-ability|p2a: Kyurem|Turboblaze
|-ability|p1a: Yveltal|Dark Aura
|turn|1
|
|t:|1617123850
|switch|p1a: Heatran|Heatran, M|100/100
|move|p2a: Kyurem|Ice Beam|p1a: Heatran
|-resisted|p1a: Heatran
|-damage|p1a: Heatran|91/100
|
|-heal|p1a: Heatran|98/100|[from] item: Leftovers
|upkeep
|turn|2
|
|t:|1617123863
|switch|p2a: Yveltal|Yveltal|100/100
|-ability|p2a: Yveltal|Dark Aura
|move|p1a: Heatran|Stealth Rock|p2a: Yveltal
|-sidestart|p2: lerqx|move: Stealth Rock
|
|-heal|p1a: Heatran|100/100|[from] item: Leftovers
|upkeep
|turn|3
|
|t:|1617123866
|move|p2a: Yveltal|Knock Off|p1a: Heatran
|-damage|p1a: Heatran|52/100
|-enditem|p1a: Heatran|Leftovers|[from] move: Knock Off|[of] p2a: Yveltal
|move|p1a: Heatran|Toxic|p2a: Yveltal
|-status|p2a: Yveltal|tox
|
|-damage|p2a: Yveltal|94/100 tox|[from] psn
|upkeep
|turn|4
|
|t:|1617123876
|move|p2a: Yveltal|Defog|p1a: Heatran
|-unboost|p1a: Heatran|evasion|1
|-sideend|p2: lerqx|Stealth Rock|[from] move: Defog|[of] p2a: Yveltal
|move|p1a: Heatran|Lava Plume|p2a: Yveltal
|-damage|p2a: Yveltal|75/100 tox
|
|-damage|p2a: Yveltal|63/100 tox|[from] psn
|upkeep
|turn|5
|
|t:|1617123881
|switch|p2a: Eternatus|Eternatus|100/100
|-ability|p2a: Eternatus|Pressure
|move|p1a: Heatran|Stealth Rock|p2a: Eternatus
|-sidestart|p2: lerqx|move: Stealth Rock
|
|upkeep
|turn|6
|
|t:|1617123892
|switch|p2a: Necrozma|Necrozma-Dusk-Mane|100/100
|-damage|p2a: Necrozma|94/100|[from] Stealth Rock
|move|p1a: Heatran|Earth Power|p2a: Necrozma
|-supereffective|p2a: Necrozma
|-crit|p2a: Necrozma
|-damage|p2a: Necrozma|48/100
|
|-heal|p2a: Necrozma|55/100|[from] item: Leftovers
|upkeep
|turn|7
|
|t:|1617123897
|move|p2a: Necrozma|Earthquake|p1a: Heatran
|-supereffective|p1a: Heatran
|-damage|p1a: Heatran|0 fnt
|faint|p1a: Heatran
|
|-heal|p2a: Necrozma|61/100|[from] item: Leftovers
|upkeep
|
|t:|1617123900
|switch|p1a: Yveltal|Yveltal|100/100
|-ability|p1a: Yveltal|Dark Aura
|turn|8
|j| Gitler228
|inactive|lerqx has 120 seconds left.
|
|t:|1617123939
|switch|p2a: Yveltal|Yveltal|63/100 tox
|-ability|p2a: Yveltal|Dark Aura
|move|p1a: Yveltal|Knock Off|p2a: Yveltal
|-resisted|p2a: Yveltal
|-damage|p2a: Yveltal|23/100 tox
|-enditem|p2a: Yveltal|Heavy-Duty Boots|[from] move: Knock Off|[of] p1a: Yveltal
|
|-damage|p2a: Yveltal|17/100 tox|[from] psn
|upkeep
|turn|9
|
|t:|1617123948
|move|p1a: Yveltal|Knock Off|p2a: Yveltal
|-resisted|p2a: Yveltal
|-damage|p2a: Yveltal|0 fnt
|faint|p2a: Yveltal
|
|upkeep
|inactive|lerqx has 120 seconds left.
|
|t:|1617123958
|switch|p2a: Groudon|Groudon|100/100
|-damage|p2a: Groudon|94/100|[from] Stealth Rock
|-weather|SunnyDay|[from] ability: Drought|[of] p2a: Groudon
|turn|10
|
|t:|1617123961
|move|p1a: Yveltal|Knock Off|p2a: Groudon
|-damage|p2a: Groudon|46/100
|-enditem|p2a: Groudon|Leftovers|[from] move: Knock Off|[of] p1a: Yveltal
|move|p2a: Groudon|Stealth Rock|p1a: Yveltal
|-sidestart|p1: RIP_Player|move: Stealth Rock
|
|-weather|SunnyDay|[upkeep]
|upkeep
|turn|11
|
|t:|1617123967
|move|p1a: Yveltal|Knock Off|p2a: Groudon
|-damage|p2a: Groudon|15/100
|move|p2a: Groudon|Thunder Wave|p1a: Yveltal
|-status|p1a: Yveltal|par
|
|-weather|SunnyDay|[upkeep]
|upkeep
|turn|12
|
|t:|1617123973
|move|p2a: Groudon|Stone Edge|p1a: Yveltal
|-supereffective|p1a: Yveltal
|-damage|p1a: Yveltal|46/100 par
|cant|p1a: Yveltal|par
|
|-weather|SunnyDay|[upkeep]
|upkeep
|turn|13
|
|t:|1617123977
|switch|p1a: Toxapex|Toxapex, F|100/100
|-damage|p1a: Toxapex|88/100|[from] Stealth Rock
|move|p2a: Groudon|Stone Edge|p1a: Toxapex
|-damage|p1a: Toxapex|69/100
|
|-weather|SunnyDay|[upkeep]
|-heal|p1a: Toxapex|75/100|[from] item: Black Sludge
|upkeep
|turn|14
|
|t:|1617123983
|move|p2a: Groudon|Precipice Blades|p1a: Toxapex
|-supereffective|p1a: Toxapex
|-damage|p1a: Toxapex|9/100
|move|p1a: Toxapex|Scald|p2a: Groudon
|-supereffective|p2a: Groudon
|-damage|p2a: Groudon|0 fnt
|faint|p2a: Groudon
|
|-weather|none
|-heal|p1a: Toxapex|15/100|[from] item: Black Sludge
|upkeep
|
|t:|1617124009
|switch|p2a: Xerneas|Xerneas|100/100
|-damage|p2a: Xerneas|88/100|[from] Stealth Rock
|-ability|p2a: Xerneas|Fairy Aura
|turn|15
|
|t:|1617124013
|move|p2a: Xerneas|Geomancy||[still]
|-prepare|p2a: Xerneas|Geomancy
|-enditem|p2a: Xerneas|Power Herb
|-anim|p2a: Xerneas|Geomancy|p2a: Xerneas
|-boost|p2a: Xerneas|spa|2
|-boost|p2a: Xerneas|spd|2
|-boost|p2a: Xerneas|spe|2
|move|p1a: Toxapex|Toxic|p2a: Xerneas
|-status|p2a: Xerneas|tox
|
|-heal|p1a: Toxapex|22/100|[from] item: Black Sludge
|-damage|p2a: Xerneas|82/100 tox|[from] psn
|upkeep
|turn|16
|
|t:|1617124019
|move|p1a: Toxapex|Baneful Bunker|p1a: Toxapex
|-singleturn|p1a: Toxapex|move: Protect
|move|p2a: Xerneas|Moonblast|p1a: Toxapex
|-activate|p1a: Toxapex|move: Protect
|
|-heal|p1a: Toxapex|28/100|[from] item: Black Sludge
|-damage|p2a: Xerneas|70/100 tox|[from] psn
|upkeep
|turn|17
|
|t:|1617124023
|move|p2a: Xerneas|Moonblast|p1a: Toxapex
|-resisted|p1a: Toxapex
|-damage|p1a: Toxapex|0 fnt
|faint|p1a: Toxapex
|
|-damage|p2a: Xerneas|51/100 tox|[from] psn
|upkeep
|
|t:|1617124029
|switch|p1a: Xerneas|Xerneas|100/100
|-damage|p1a: Xerneas|88/100|[from] Stealth Rock
|-ability|p1a: Xerneas|Fairy Aura
|turn|18
|
|t:|1617124038
|move|p2a: Xerneas|Moonblast|p1a: Xerneas
|-damage|p1a: Xerneas|0 fnt
|faint|p1a: Xerneas
|
|-damage|p2a: Xerneas|27/100 tox|[from] psn
|upkeep
|
|t:|1617124045
|switch|p1a: Marshadow|Marshadow|100/100
|-damage|p1a: Marshadow|94/100|[from] Stealth Rock
|turn|19
|
|t:|1617124048
|move|p1a: Marshadow|Shadow Sneak|p2a: Xerneas
|-damage|p2a: Xerneas|1/100 tox
|move|p2a: Xerneas|Moonblast|p1a: Marshadow
|-supereffective|p1a: Marshadow
|-damage|p1a: Marshadow|0 fnt
|faint|p1a: Marshadow
|
|-damage|p2a: Xerneas|0 fnt|[from] psn
|faint|p2a: Xerneas
|upkeep
|
|t:|1617124053
|switch|p1a: Eternatus|Eternatus|100/100
|switch|p2a: Eternatus|Eternatus|100/100
|-damage|p1a: Eternatus|88/100|[from] Stealth Rock
|-ability|p1a: Eternatus|Pressure
|-damage|p2a: Eternatus|88/100|[from] Stealth Rock
|-ability|p2a: Eternatus|Pressure
|turn|20
|
|t:|1617124056
|move|p1a: Eternatus|Dynamax Cannon|p2a: Eternatus
|-supereffective|p2a: Eternatus
|-damage|p2a: Eternatus|25/100
|move|p2a: Eternatus|Dynamax Cannon|p1a: Eternatus
|-supereffective|p1a: Eternatus
|-damage|p1a: Eternatus|4/100
|
|-heal|p2a: Eternatus|31/100|[from] item: Black Sludge
|upkeep
|turn|21
|
|t:|1617124063
|move|p1a: Eternatus|Dynamax Cannon|p2a: Eternatus
|-supereffective|p2a: Eternatus
|-damage|p2a: Eternatus|0 fnt
|faint|p2a: Eternatus
|
|upkeep
|
|t:|1617124064
|switch|p2a: Kyurem|Kyurem-White|100/100
|-damage|p2a: Kyurem|76/100|[from] Stealth Rock
|-ability|p2a: Kyurem|Turboblaze
|turn|22
|
|t:|1617124069
|move|p2a: Kyurem|Ice Beam|p1a: Eternatus
|-supereffective|p1a: Eternatus
|-damage|p1a: Eternatus|0 fnt
|faint|p1a: Eternatus
|
|upkeep
|
|t:|1617124071
|switch|p1a: Yveltal|Yveltal|46/100 par
|-damage|p1a: Yveltal|21/100 par|[from] Stealth Rock
|-ability|p1a: Yveltal|Dark Aura
|turn|23
|
|t:|1617124074
|move|p2a: Kyurem|Ice Beam|p1a: Yveltal
|-supereffective|p1a: Yveltal
|-damage|p1a: Yveltal|0 fnt
|faint|p1a: Yveltal
|
|win|lerqx
|l|☆RIP_Player
|raw|RIP_Player's rating: 1548 &rarr; <strong>1526</strong><br />(-22 for losing)
|raw|lerqx's rating: 1517 &rarr; <strong>1539</strong><br />(+22 for winning)
|c|☆lerqx|gg
||Ladder isn't responding, score probably updated but might not have (Request timeout).
|l|☆lerqx
