|j|☆Kage UwU
|j|☆M9s
|t:|1651231541
|gametype|singles
|player|p1|Kage UwU|psychic-gen4|1389
|player|p2|M9s|170|1437
|teamsize|p1|6
|teamsize|p2|6
|gen|8
|tier|[Gen 8] Ubers
|rated|
|rule|Sleep Clause Mod: Limit one foe put to sleep
|rule|Species Clause: Limit one of each Pokémon
|rule|OHKO Clause: OHKO moves are banned
|rule|Evasion Moves Clause: Evasion moves are banned
|rule|Endless Battle Clause: Forcing endless battles is banned
|rule|HP Percentage Mod: HP is shown in percentages
|rule|Dynamax Clause: You cannot dynamax
|clearpoke
|poke|p1|Yveltal|
|poke|p1|Necrozma-Dusk-Mane|
|poke|p1|Dracovish|
|poke|p1|Blissey, F|
|poke|p1|Groudon|
|poke|p1|Eternatus|
|poke|p2|Melmetal|
|poke|p2|Hatterene, F|
|poke|p2|Magearna|
|poke|p2|Calyrex-Ice|
|poke|p2|Marowak-Alola, F|
|poke|p2|Cresselia, F|
|teampreview
|inactive|Battle timer is ON: inactive players will automatically lose when time's up. (requested by Kage UwU)
|
|t:|1651231556
|start
|switch|p1a: ʕ°w°ʔ|Necrozma-Dusk-Mane|100/100
|switch|p2a: Hatterene|Hatterene, F|100/100
|turn|1
|
|t:|1651231561
|move|p1a: ʕ°w°ʔ|Iron Head|p2a: Hatterene
|-supereffective|p2a: Hatterene
|-damage|p2a: Hatterene|6/100
|move|p2a: Hatterene|Trick Room|p2a: Hatterene
|-fieldstart|move: Trick Room|[of] p2a: Hatterene
|
|upkeep
|turn|2
|
|t:|1651231566
|move|p2a: Hatterene|Misty Explosion|p1a: ʕ°w°ʔ
|-resisted|p1a: ʕ°w°ʔ
|-damage|p1a: ʕ°w°ʔ|82/100
|faint|p2a: Hatterene
|move|p1a: ʕ°w°ʔ|Iron Head|p2: Hatterene|[notarget]
|-fail|p1a: ʕ°w°ʔ
|
|-heal|p1a: ʕ°w°ʔ|88/100|[from] item: Leftovers
|upkeep
|
|t:|1651231574
|switch|p2a: Marowak|Marowak-Alola, F|100/100
|turn|3
|
|t:|1651231580
|switch|p1a: (･∀･)|Groudon|100/100
|-weather|SunnyDay|[from] ability: Drought|[of] p1a: (･∀･)
|move|p2a: Marowak|Substitute|p2a: Marowak
|-start|p2a: Marowak|Substitute
|-damage|p2a: Marowak|76/100
|
|-weather|SunnyDay|[upkeep]
|upkeep
|turn|4
|
|t:|1651231594
|move|p2a: Marowak|Flare Blitz|p1a: (･∀･)
|-damage|p1a: (･∀･)|31/100
|move|p1a: (･∀･)|Precipice Blades|p2a: Marowak
|-supereffective|p2a: Marowak
|-end|p2a: Marowak|Substitute
|
|-weather|SunnyDay|[upkeep]
|-heal|p1a: (･∀･)|37/100|[from] item: Leftovers
|upkeep
|turn|5
|
|t:|1651231611
|switch|p1a: (っ´ω`ｃ)|Eternatus|100/100
|-ability|p1a: (っ´ω`ｃ)|Pressure
|move|p2a: Marowak|Flare Blitz|p1a: (っ´ω`ｃ)
|-resisted|p1a: (っ´ω`ｃ)
|-crit|p1a: (っ´ω`ｃ)
|-damage|p1a: (っ´ω`ｃ)|36/100
|
|-weather|SunnyDay|[upkeep]
|-heal|p1a: (っ´ω`ｃ)|43/100|[from] item: Black Sludge
|-fieldend|move: Trick Room
|upkeep
|turn|6
|
|t:|1651231622
|move|p1a: (っ´ω`ｃ)|Dynamax Cannon|p2a: Marowak
|-crit|p2a: Marowak
|-damage|p2a: Marowak|0 fnt
|faint|p2a: Marowak
|
|-weather|SunnyDay|[upkeep]
|-heal|p1a: (っ´ω`ｃ)|49/100|[from] item: Black Sludge
|upkeep
|
|t:|1651231635
|switch|p2a: Magearna|Magearna|100/100
|turn|7
|
|t:|1651231638
|move|p1a: (っ´ω`ｃ)|Recover|p1a: (っ´ω`ｃ)
|-heal|p1a: (っ´ω`ｃ)|99/100
|move|p2a: Magearna|Trick Room|p2a: Magearna
|-fieldstart|move: Trick Room|[of] p2a: Magearna
|
|-weather|none
|-heal|p1a: (っ´ω`ｃ)|100/100|[from] item: Black Sludge
|upkeep
|turn|8
|
|t:|1651231644
|move|p2a: Magearna|Volt Switch|p1a: (っ´ω`ｃ)
|-resisted|p1a: (っ´ω`ｃ)
|-damage|p1a: (っ´ω`ｃ)|87/100
|-damage|p2a: Magearna|91/100|[from] item: Life Orb
|
|t:|1651231651
|switch|p2a: Just a horse…|Calyrex-Ice|100/100|[from]move: Volt Switch
|-ability|p2a: Just a horse…|As One
|-ability|p2a: Just a horse…|Unnerve
|move|p1a: (っ´ω`ｃ)|Flamethrower|p2a: Just a horse…
|-supereffective|p2a: Just a horse…
|-damage|p2a: Just a horse…|59/100
|
|-heal|p1a: (っ´ω`ｃ)|93/100|[from] item: Black Sludge
|upkeep
|turn|9
|
|t:|1651231661
|move|p2a: Just a horse…|Glacial Lance|p1a: (っ´ω`ｃ)
|-supereffective|p1a: (っ´ω`ｃ)
|-damage|p1a: (っ´ω`ｃ)|0 fnt
|faint|p1a: (っ´ω`ｃ)
|-ability|p2a: Just a horse…|Chilling Neigh|boost
|-boost|p2a: Just a horse…|atk|1
|
|upkeep
|
|t:|1651231667
|switch|p1a: ʕ°w°ʔ|Necrozma-Dusk-Mane|88/100
|turn|10
|
|t:|1651231670
|move|p2a: Just a horse…|High Horsepower|p1a: ʕ°w°ʔ
|-supereffective|p1a: ʕ°w°ʔ
|-damage|p1a: ʕ°w°ʔ|21/100
|move|p1a: ʕ°w°ʔ|Moonlight|p1a: ʕ°w°ʔ
|-heal|p1a: ʕ°w°ʔ|71/100
|
|-heal|p1a: ʕ°w°ʔ|77/100|[from] item: Leftovers
|upkeep
|turn|11
|
|t:|1651231680
|move|p2a: Just a horse…|High Horsepower|p1a: ʕ°w°ʔ
|-supereffective|p1a: ʕ°w°ʔ
|-damage|p1a: ʕ°w°ʔ|8/100
|move|p1a: ʕ°w°ʔ|Moonlight|p1a: ʕ°w°ʔ
|-heal|p1a: ʕ°w°ʔ|58/100
|
|-heal|p1a: ʕ°w°ʔ|64/100|[from] item: Leftovers
|-fieldend|move: Trick Room
|upkeep
|turn|12
|
|t:|1651231688
|switch|p2a: Cresselia|Cresselia, F|100/100
|move|p1a: ʕ°w°ʔ|Iron Head|p2a: Cresselia
|-damage|p2a: Cresselia|77/100
|
|-heal|p1a: ʕ°w°ʔ|70/100|[from] item: Leftovers
|upkeep
|turn|13
|
|t:|1651231695
|move|p2a: Cresselia|Trick|p1a: ʕ°w°ʔ
|-activate|p2a: Cresselia|move: Trick|[of] p1a: ʕ°w°ʔ
|-item|p1a: ʕ°w°ʔ|Choice Scarf|[from] move: Trick
|-item|p2a: Cresselia|Leftovers|[from] move: Trick
|move|p1a: ʕ°w°ʔ|Stealth Rock|p2a: Cresselia
|-sidestart|p2: M9s|move: Stealth Rock
|
|-heal|p2a: Cresselia|83/100|[from] item: Leftovers
|upkeep
|turn|14
|
|t:|1651231707
|switch|p1a: し( '∀' )J|Dracovish|100/100
|move|p2a: Cresselia|Trick Room|p2a: Cresselia
|-fieldstart|move: Trick Room|[of] p2a: Cresselia
|
|-heal|p2a: Cresselia|89/100|[from] item: Leftovers
|upkeep
|turn|15
|
|t:|1651231717
|move|p2a: Cresselia|Moonlight|p2a: Cresselia
|-heal|p2a: Cresselia|100/100
|move|p1a: し( '∀' )J|Fishious Rend|p2a: Cresselia
|-damage|p2a: Cresselia|71/100
|
|-heal|p2a: Cresselia|77/100|[from] item: Leftovers
|upkeep
|turn|16
|
|t:|1651231724
|move|p2a: Cresselia|Lunar Dance|p2a: Cresselia
|faint|p2a: Cresselia
|move|p1a: し( '∀' )J|Fishious Rend|p2: Cresselia|[notarget]
|-fail|p1a: し( '∀' )J
|
|upkeep
|
|t:|1651231729
|switch|p2a: Just a horse…|Calyrex-Ice|59/100
|-ability|p2a: Just a horse…|As One
|-ability|p2a: Just a horse…|Unnerve
|-heal|p2a: Just a horse…|100/100|[from] move: Lunar Dance
|-damage|p2a: Just a horse…|76/100|[from] Stealth Rock
|turn|17
|
|t:|1651231739
|move|p2a: Just a horse…|Glacial Lance|p1a: し( '∀' )J
|-damage|p1a: し( '∀' )J|0 fnt
|faint|p1a: し( '∀' )J
|-ability|p2a: Just a horse…|Chilling Neigh|boost
|-boost|p2a: Just a horse…|atk|1
|
|upkeep
|
|t:|1651231748
|switch|p1a: (￣▽￣;)|Blissey, F|100/100
|turn|18
|
|t:|1651231751
|move|p2a: Just a horse…|Close Combat|p1a: (￣▽￣;)
|-supereffective|p1a: (￣▽￣;)
|-damage|p1a: (￣▽￣;)|0 fnt
|-unboost|p2a: Just a horse…|def|1
|-unboost|p2a: Just a horse…|spd|1
|faint|p1a: (￣▽￣;)
|-ability|p2a: Just a horse…|Chilling Neigh|boost
|-boost|p2a: Just a horse…|atk|1
|
|-fieldend|move: Trick Room
|upkeep
|
|t:|1651231759
|switch|p1a: (･∀･)|Groudon|37/100
|-weather|SunnyDay|[from] ability: Drought|[of] p1a: (･∀･)
|turn|19
|
|t:|1651231764
|move|p1a: (･∀･)|Precipice Blades|p2a: Just a horse…
|-damage|p2a: Just a horse…|23/100
|move|p2a: Just a horse…|Glacial Lance|p1a: (･∀･)
|-supereffective|p1a: (･∀･)
|-damage|p1a: (･∀･)|0 fnt
|faint|p1a: (･∀･)
|-ability|p2a: Just a horse…|Chilling Neigh|boost
|-boost|p2a: Just a horse…|atk|1
|
|-weather|SunnyDay|[upkeep]
|upkeep
|
|t:|1651231773
|switch|p1a: ʕ°w°ʔ|Necrozma-Dusk-Mane|70/100
|turn|20
|
|t:|1651231776
|move|p1a: ʕ°w°ʔ|Iron Head|p2a: Just a horse…
|-supereffective|p2a: Just a horse…
|-damage|p2a: Just a horse…|0 fnt
|faint|p2a: Just a horse…
|
|-weather|SunnyDay|[upkeep]
|upkeep
|
|t:|1651231782
|switch|p2a: Deadly 🔪|Melmetal, shiny|100/100
|-damage|p2a: Deadly 🔪|94/100|[from] Stealth Rock
|turn|21
|
|t:|1651231801
|move|p1a: ʕ°w°ʔ|Iron Head|p2a: Deadly 🔪
|-resisted|p2a: Deadly 🔪
|-damage|p2a: Deadly 🔪|84/100
|move|p2a: Deadly 🔪|Double Iron Bash|p1a: ʕ°w°ʔ
|-resisted|p1a: ʕ°w°ʔ
|-damage|p1a: ʕ°w°ʔ|45/100
|-resisted|p1a: ʕ°w°ʔ
|-damage|p1a: ʕ°w°ʔ|23/100
|-hitcount|p1a: ʕ°w°ʔ|2
|
|-weather|SunnyDay|[upkeep]
|upkeep
|turn|22
|
|t:|1651231809
|move|p1a: ʕ°w°ʔ|Iron Head|p2a: Deadly 🔪
|-resisted|p2a: Deadly 🔪
|-damage|p2a: Deadly 🔪|74/100
|cant|p2a: Deadly 🔪|flinch
|
|-weather|SunnyDay|[upkeep]
|upkeep
|turn|23
|
|t:|1651231820
|switch|p1a: ☜╮(´ิ∀´ิ☜╮)|Yveltal|100/100
|-ability|p1a: ☜╮(´ิ∀´ิ☜╮)|Dark Aura
|move|p2a: Deadly 🔪|Double Iron Bash|p1a: ☜╮(´ิ∀´ิ☜╮)
|-damage|p1a: ☜╮(´ิ∀´ิ☜╮)|51/100
|-damage|p1a: ☜╮(´ิ∀´ิ☜╮)|4/100
|-hitcount|p1a: ☜╮(´ิ∀´ิ☜╮)|2
|
|-weather|none
|upkeep
|turn|24
|
|t:|1651231830
|switch|p2a: Magearna|Magearna|91/100
|-damage|p2a: Magearna|85/100|[from] Stealth Rock
|move|p1a: ☜╮(´ิ∀´ิ☜╮)|Foul Play|p2a: Magearna
|-resisted|p2a: Magearna
|-damage|p2a: Magearna|71/100
|
|upkeep
|turn|25
|
|t:|1651231837
|move|p1a: ☜╮(´ิ∀´ิ☜╮)|U-turn|p2a: Magearna
|-resisted|p2a: Magearna
|-damage|p2a: Magearna|66/100
|
|t:|1651231840
|switch|p1a: ʕ°w°ʔ|Necrozma-Dusk-Mane|23/100|[from]move: U-turn
|move|p2a: Magearna|Trick Room|p2a: Magearna
|-fieldstart|move: Trick Room|[of] p2a: Magearna
|
|upkeep
|turn|26
|
|t:|1651231846
|move|p2a: Magearna|Fleur Cannon|p1a: ʕ°w°ʔ
|-resisted|p1a: ʕ°w°ʔ
|-damage|p1a: ʕ°w°ʔ|0 fnt
|-unboost|p2a: Magearna|spa|2
|faint|p1a: ʕ°w°ʔ
|-ability|p2a: Magearna|Soul-Heart|boost
|-boost|p2a: Magearna|spa|1
|-damage|p2a: Magearna|57/100|[from] item: Life Orb
|
|upkeep
|-message|Kage UwU forfeited.
|
|win|M9s
|raw|Kage UwU's rating: 1389 &rarr; <strong>1372</strong><br />(-17 for losing)
|raw|M9s's rating: 1437 &rarr; <strong>1454</strong><br />(+17 for winning)
|l|☆Kage UwU
|c|☆M9s|Gg
