|j|☆The Bboss
|j|☆Pika Sup~
|inactive|Battle timer is ON: inactive players will automatically lose when time's up.
|t:|1669768212
|gametype|singles
|player|p1|The Bboss|cynthia|
|player|p2|Pika Sup~|elaine|
|teamsize|p1|6
|teamsize|p2|6
|gen|8
|tier|[Gen 8] Ubers
|rated|Tournament battle
|rule|Sleep Clause Mod: Limit one foe put to sleep
|rule|Species Clause: Limit one of each Pokémon
|rule|OHKO Clause: OHKO moves are banned
|rule|Evasion Items Clause: Evasion items are banned
|rule|Evasion Moves Clause: Evasion moves are banned
|rule|Endless Battle Clause: Forcing endless battles is banned
|rule|HP Percentage Mod: HP is shown in percentages
|rule|Dynamax Clause: You cannot dynamax
|rule|2 Ability Clause: Limit 2 of each ability
|clearpoke
|poke|p1|Swampert, M|
|poke|p1|Palkia|
|poke|p1|Dracovish|
|poke|p1|Kyogre|
|poke|p1|Toxapex, F|
|poke|p1|Barraskewda, M|
|poke|p2|Necrozma-Dusk-Mane|
|poke|p2|Eternatus|
|poke|p2|Xerneas-*|
|poke|p2|Rayquaza|
|poke|p2|Pheromosa|
|poke|p2|Yveltal|
|teampreview
|j|*Lady Monita ☽
|inactive|Pika Sup~ also wants the timer to be on.
|c|☆The Bboss|Glhf
|inactive|The Bboss has 120 seconds left.
|
|t:|1669768243
|start
|switch|p1a: Swampert|Swampert, M|100/100
|switch|p2a: Pheromosa|Pheromosa|100/100
|turn|1
|
|t:|1669768271
|move|p2a: Pheromosa|U-turn|p1a: Swampert
|-damage|p1a: Swampert|55/100
|
|t:|1669768278
|switch|p2a: Necrozma|Necrozma-Dusk-Mane|100/100|[from] U-turn
|move|p1a: Swampert|Stealth Rock|p2a: Necrozma
|-sidestart|p2: Pika Sup~|move: Stealth Rock
|
|upkeep
|turn|2
|
|t:|1669768285
|move|p2a: Necrozma|Stealth Rock|p1a: Swampert
|move|p1a: Swampert|Stealth Rock||[from]ability: Magic Bounce|[still]
|-fail|p1a: Swampert
|move|p1a: Swampert|Counter||[still]
|-fail|p1a: Swampert
|
|upkeep
|turn|3
|
|t:|1669768293
|move|p2a: Necrozma|Reflect|p2a: Necrozma
|-sidestart|p2: Pika Sup~|Reflect
|move|p1a: Swampert|Counter||[still]
|-fail|p1a: Swampert
|
|upkeep
|turn|4
|c|☆Pika Sup~|Oh yea thats allowed
|
|t:|1669768298
|move|p2a: Necrozma|Light Screen|p2a: Necrozma
|-sidestart|p2: Pika Sup~|move: Light Screen
|move|p1a: Swampert|Liquidation|p2a: Necrozma
|-damage|p2a: Necrozma|90/100
|
|upkeep
|turn|5
|
|t:|1669768305
|switch|p2a: Yveltal|Yveltal|100/100
|-damage|p2a: Yveltal|76/100|[from] Stealth Rock
|move|p1a: Swampert|Counter||[still]
|-fail|p1a: Swampert
|
|upkeep
|turn|6
|
|t:|1669768312
|move|p2a: Yveltal|Oblivion Wing|p1a: Swampert
|-damage|p1a: Swampert|3/100
|-heal|p2a: Yveltal|100/100|[from] drain|[of] p1a: Swampert
|-enditem|p1a: Swampert|Sitrus Berry|[eat]
|-heal|p1a: Swampert|28/100|[from] item: Sitrus Berry
|-damage|p2a: Yveltal|91/100|[from] item: Life Orb
|move|p1a: Swampert|Mirror Coat|p2a: Yveltal
|-immune|p2a: Yveltal
|
|upkeep
|turn|7
|
|t:|1669768330
|move|p2a: Yveltal|Oblivion Wing|p1a: Swampert
|-damage|p1a: Swampert|0 fnt
|-heal|p2a: Yveltal|100/100|[from] drain|[of] p1a: Swampert
|faint|p1a: Swampert
|-damage|p2a: Yveltal|91/100|[from] item: Life Orb
|
|upkeep
|
|t:|1669768349
|switch|p1a: Kyogre|Kyogre|100/100
|-weather|RainDance|[from] ability: Drizzle|[of] p1a: Kyogre
|turn|8
|
|t:|1669768355
|switch|p1a: Toxapex|Toxapex, F|100/100
|move|p2a: Yveltal|Oblivion Wing|p1a: Toxapex
|-damage|p1a: Toxapex|58/100
|-heal|p2a: Yveltal|100/100|[from] drain|[of] p1a: Toxapex
|-damage|p2a: Yveltal|91/100|[from] item: Life Orb
|
|-weather|RainDance|[upkeep]
|-heal|p1a: Toxapex|64/100|[from] ability: Rain Dish
|-heal|p1a: Toxapex|71/100|[from] item: Black Sludge
|upkeep
|turn|9
|
|t:|1669768370
|move|p2a: Yveltal|Taunt|p1a: Toxapex
|-start|p1a: Toxapex|move: Taunt
|cant|p1a: Toxapex|move: Taunt|Toxic
|
|-weather|RainDance|[upkeep]
|-heal|p1a: Toxapex|77/100|[from] ability: Rain Dish
|-heal|p1a: Toxapex|83/100|[from] item: Black Sludge
|upkeep
|turn|10
|
|t:|1669768399
|move|p2a: Yveltal|Oblivion Wing|p1a: Toxapex
|-damage|p1a: Toxapex|36/100
|-heal|p2a: Yveltal|100/100|[from] drain|[of] p1a: Toxapex
|-damage|p2a: Yveltal|91/100|[from] item: Life Orb
|move|p1a: Toxapex|Scald|p2a: Yveltal
|-damage|p2a: Yveltal|80/100
|-status|p2a: Yveltal|brn
|
|-weather|RainDance|[upkeep]
|-heal|p1a: Toxapex|43/100|[from] ability: Rain Dish
|-heal|p1a: Toxapex|49/100|[from] item: Black Sludge
|-damage|p2a: Yveltal|74/100 brn|[from] brn
|-sideend|p2: Pika Sup~|Reflect
|upkeep
|turn|11
|inactive|Pika Sup~ has 120 seconds left.
|inactive|The Bboss has 120 seconds left.
|j| Crown Oji
|inactive|Pika Sup~ has 90 seconds left.
|
|t:|1669768458
|switch|p1a: Barraskewda|Barraskewda, M|100/100
|move|p2a: Yveltal|Dark Pulse|p1a: Barraskewda
|-damage|p1a: Barraskewda|0 fnt
|faint|p1a: Barraskewda
|-damage|p2a: Yveltal|64/100 brn|[from] item: Life Orb
|
|-weather|RainDance|[upkeep]
|-damage|p2a: Yveltal|57/100 brn|[from] brn
|-sideend|p2: Pika Sup~|move: Light Screen
|upkeep
|inactive|The Bboss has 90 seconds left.
|
|t:|1669768470
|switch|p1a: Dracovish|Dracovish|100/100
|turn|12
|
|t:|1669768485
|move|p2a: Yveltal|Oblivion Wing|p1a: Dracovish
|-damage|p1a: Dracovish|26/100
|-heal|p2a: Yveltal|100/100 brn|[from] drain|[of] p1a: Dracovish
|-damage|p2a: Yveltal|91/100 brn|[from] item: Life Orb
|move|p1a: Dracovish|Fishious Rend|p2a: Yveltal
|-damage|p2a: Yveltal|25/100 brn
|
|-weather|none
|-damage|p2a: Yveltal|19/100 brn|[from] brn
|upkeep
|turn|13
|
|t:|1669768498
|move|p2a: Yveltal|Oblivion Wing|p1a: Dracovish
|-damage|p1a: Dracovish|0 fnt
|-heal|p2a: Yveltal|35/100 brn|[from] drain|[of] p1a: Dracovish
|faint|p1a: Dracovish
|-damage|p2a: Yveltal|25/100 brn|[from] item: Life Orb
|
|-damage|p2a: Yveltal|19/100 brn|[from] brn
|upkeep
|inactive|The Bboss has 90 seconds left.
|
|t:|1669768513
|switch|p1a: Kyogre|Kyogre|100/100
|-weather|RainDance|[from] ability: Drizzle|[of] p1a: Kyogre
|turn|14
|
|t:|1669768525
|move|p2a: Yveltal|Oblivion Wing|p1a: Kyogre
|-damage|p1a: Kyogre|62/100
|-heal|p2a: Yveltal|44/100 brn|[from] drain|[of] p1a: Kyogre
|-damage|p2a: Yveltal|34/100 brn|[from] item: Life Orb
|move|p1a: Kyogre|Water Spout|p2a: Yveltal
|-damage|p2a: Yveltal|0 fnt
|faint|p2a: Yveltal
|
|-weather|RainDance|[upkeep]
|upkeep
|
|t:|1669768530
|switch|p2a: Eternatus|Eternatus|100/100
|-damage|p2a: Eternatus|88/100|[from] Stealth Rock
|turn|15
|inactive|The Bboss has 90 seconds left.
|c|☆The Bboss|Are you hacking or something how are you out speeding me I have a choice scarf and you don't
|
|t:|1669768574
|move|p1a: Kyogre|Water Spout|p2a: Eternatus
|-resisted|p2a: Eternatus
|-damage|p2a: Eternatus|55/100
|move|p2a: Eternatus|Meteor Beam||[still]
|-prepare|p2a: Eternatus|Meteor Beam
|-boost|p2a: Eternatus|spa|1
|-enditem|p2a: Eternatus|Power Herb
|-anim|p2a: Eternatus|Meteor Beam|p1a: Kyogre
|-damage|p1a: Kyogre|4/100
|
|-weather|RainDance|[upkeep]
|upkeep
|turn|16
|inactive|Pika Sup~ has 120 seconds left.
|c|☆Pika Sup~|!dt triage
|raw|<ul class="utilichart"><li class="result"><span class="col namecol"><a href="https://dex.pokemonshowdown.com/abilities/triage">Triage</a></span> <span class="col abilitydesccol">This Pokemon's healing moves have their priority increased by 3.</span> </li><li style="clear:both"></li></ul>
|raw|<font size="1"><font color="#686868">Gen:</font> 7</font>

|c|☆Pika Sup~|!dt oblivion wing
|raw|<ul class="utilichart"><li class="result"><span class="col movenamecol"><a href="https://dex.pokemonshowdown.com/moves/oblivionwing">Oblivion Wing</a></span> <span class="col typecol"><img src="//play.pokemonshowdown.com/sprites/types/Flying.png" alt="Flying" width="32" height="14"><img src="//play.pokemonshowdown.com/sprites/categories/Special.png" alt="Special" width="32" height="14"></span> <span class="col labelcol"><em>Power</em><br>80</span> <span class="col widelabelcol"><em>Accuracy</em><br>100%</span> <span class="col pplabelcol"><em>PP</em><br>16</span> <span class="col movedesccol">User recovers 75% of the damage dealt.</span> </li><li style="clear:both"></li></ul>
|raw|<font size="1"><font color="#686868">Priority:</font> 0&nbsp;|&ThickSpace;<font color="#686868">Gen:</font> 6&nbsp;|&ThickSpace;<font color="#686868">Z-Power:</font> 160&nbsp;|&ThickSpace;<font color="#686868">Dynamax Power:</font> 130&nbsp;|&ThickSpace;<font color="#686868">Target:</font> Any Pokémon</font>

|c|☆Pika Sup~|i have triage
|
|t:|1669768599
|move|p1a: Kyogre|Water Spout|p2a: Eternatus
|-resisted|p2a: Eternatus
|-damage|p2a: Eternatus|54/100
|move|p2a: Eternatus|Dynamax Cannon|p1a: Kyogre
|-damage|p1a: Kyogre|0 fnt
|faint|p1a: Kyogre
|
|-weather|RainDance|[upkeep]
|upkeep
|-message|The Bboss forfeited.
|
|win|Pika Sup~
|n|☆The Bboss|thebboss
|n|☆Pika Sup~|pikasup
|n|*Lady Monita ☽|ladymonita
|n| Crown Oji|crownoji
