|raw|<div class="broadcast-blue"><strong>This battle is required to be public due to a player having a name starting with 'ult4pdr'.</div>
|j|☆LeBarBURR2
|j|☆ULT4PDR Kaioken
|t:|1654438475
|gametype|singles
|player|p1|LeBarBURR2|ruinmaniac-gen3|1458
|player|p2|ULT4PDR Kaioken|169|1725
|teamsize|p1|6
|teamsize|p2|6
|gen|8
|tier|[Gen 8] Ubers
|rated|
|rule|Sleep Clause Mod: Limit one foe put to sleep
|rule|Species Clause: Limit one of each Pokémon
|rule|OHKO Clause: OHKO moves are banned
|rule|Evasion Moves Clause: Evasion moves are banned
|rule|Endless Battle Clause: Forcing endless battles is banned
|rule|HP Percentage Mod: HP is shown in percentages
|rule|Dynamax Clause: You cannot dynamax
|clearpoke
|poke|p1|Dragapult, M|
|poke|p1|Excadrill, F|
|poke|p1|Slurpuff, F|
|poke|p1|Weavile, F|
|poke|p1|Kyogre|
|poke|p1|Cloyster, M|
|poke|p2|Slurpuff, F|
|poke|p2|Calyrex-Shadow|
|poke|p2|Xerneas-*|
|poke|p2|Eternatus|
|poke|p2|Yveltal|
|poke|p2|Necrozma-Dusk-Mane|
|teampreview
|inactive|Battle timer is ON: inactive players will automatically lose when time's up. (requested by LeBarBURR2)
|
|t:|1654438505
|start
|switch|p1a: Excadrill|Excadrill, F|100/100
|switch|p2a: Calyrex|Calyrex-Shadow|100/100
|-ability|p2a: Calyrex|As One
|-ability|p2a: Calyrex|Unnerve
|-ability|p1a: Excadrill|Mold Breaker
|turn|1
|
|t:|1654438514
|move|p2a: Calyrex|Astral Barrage|p1a: Excadrill
|-enditem|p1a: Excadrill|Focus Sash
|-damage|p1a: Excadrill|1/100
|move|p1a: Excadrill|Stealth Rock|p2a: Calyrex
|-sidestart|p2: ULT4PDR Kaioken|move: Stealth Rock
|
|upkeep
|turn|2
|
|t:|1654438518
|move|p2a: Calyrex|Draining Kiss|p1a: Excadrill
|-resisted|p1a: Excadrill
|-damage|p1a: Excadrill|0 fnt
|faint|p1a: Excadrill
|-ability|p2a: Calyrex|Grim Neigh|boost
|-boost|p2a: Calyrex|spa|1
|
|upkeep
|
|t:|1654438522
|switch|p1a: Slurpuff|Slurpuff, F|100/100
|turn|3
|
|t:|1654438526
|move|p2a: Calyrex|Draining Kiss|p1a: Slurpuff
|-damage|p1a: Slurpuff|43/100
|move|p1a: Slurpuff|Sticky Web|p2a: Calyrex
|-sidestart|p2: ULT4PDR Kaioken|move: Sticky Web
|
|upkeep
|turn|4
|j| ULT9NS CHICK
|
|t:|1654438532
|move|p2a: Calyrex|Draining Kiss|p1a: Slurpuff
|-damage|p1a: Slurpuff|0 fnt
|faint|p1a: Slurpuff
|-ability|p2a: Calyrex|Grim Neigh|boost
|-boost|p2a: Calyrex|spa|1
|
|upkeep
|
|t:|1654438534
|switch|p1a: Cloyster|Cloyster, M|100/100
|turn|5
|j| ULT4PDR montazak
|
|t:|1654438541
|move|p2a: Calyrex|Astral Barrage|p1a: Cloyster
|-enditem|p1a: Cloyster|Focus Sash
|-damage|p1a: Cloyster|1/100
|move|p1a: Cloyster|Shell Smash|p1a: Cloyster
|-unboost|p1a: Cloyster|def|1
|-unboost|p1a: Cloyster|spd|1
|-boost|p1a: Cloyster|atk|2
|-boost|p1a: Cloyster|spa|2
|-boost|p1a: Cloyster|spe|2
|
|upkeep
|turn|6
|
|t:|1654438547
|switch|p2a: Slurpuff|Slurpuff, F|100/100
|-damage|p2a: Slurpuff|88/100|[from] Stealth Rock
|-activate|p2a: Slurpuff|move: Sticky Web
|-unboost|p2a: Slurpuff|spe|1
|move|p1a: Cloyster|Icicle Spear|p2a: Slurpuff
|-damage|p2a: Slurpuff|60/100
|-damage|p2a: Slurpuff|29/100
|-damage|p2a: Slurpuff|0 fnt
|faint|p2a: Slurpuff
|-hitcount|p2: Slurpuff|3
|
|upkeep
|
|t:|1654438549
|switch|p2a: Necrozma|Necrozma-Dusk-Mane|100/100
|-damage|p2a: Necrozma|95/100|[from] Stealth Rock
|-activate|p2a: Necrozma|move: Sticky Web
|-unboost|p2a: Necrozma|spe|1
|turn|7
|j| skimmythegod
|
|t:|1654438552
|move|p1a: Cloyster|Liquidation|p2a: Necrozma
|-damage|p2a: Necrozma|32/100
|move|p2a: Necrozma|Sunsteel Strike|p1a: Cloyster
|-damage|p1a: Cloyster|0 fnt
|faint|p1a: Cloyster
|-damage|p2a: Necrozma|22/100|[from] item: Life Orb
|
|upkeep
|
|t:|1654438560
|switch|p1a: Dragapult|Dragapult, M|100/100
|turn|8
|
|t:|1654438573
|move|p1a: Dragapult|Phantom Force||[still]
|-prepare|p1a: Dragapult|Phantom Force
|move|p2a: Necrozma|Sunsteel Strike|p1a: Dragapult|[miss]
|-miss|p2a: Necrozma|p1a: Dragapult
|
|upkeep
|turn|9
|
|t:|1654438587
|move|p1a: Dragapult|Phantom Force|p2a: Necrozma|[from]lockedmove
|-supereffective|p2a: Necrozma
|-damage|p2a: Necrozma|0 fnt
|faint|p2a: Necrozma
|
|upkeep
|
|t:|1654438593
|switch|p2a: Yveltal|Yveltal|100/100
|-damage|p2a: Yveltal|76/100|[from] Stealth Rock
|-ability|p2a: Yveltal|Dark Aura
|turn|10
|inactive|LeBarBURR2 has 120 seconds left.
|
|t:|1654438644
|move|p1a: Dragapult|Dragon Darts|p2a: Yveltal
|-damage|p2a: Yveltal|52/100
|-anim|p1a: Dragapult|Dragon Darts|p2a: Yveltal
|-damage|p2a: Yveltal|25/100
|move|p2a: Yveltal|Oblivion Wing|p1a: Dragapult
|-damage|p1a: Dragapult|42/100
|-heal|p2a: Yveltal|60/100|[from] drain|[of] p1a: Dragapult
|
|upkeep
|turn|11
|
|t:|1654438655
|switch|p2a: Xerneas|Xerneas|100/100
|-damage|p2a: Xerneas|88/100|[from] Stealth Rock
|-activate|p2a: Xerneas|move: Sticky Web
|-unboost|p2a: Xerneas|spe|1
|-ability|p2a: Xerneas|Fairy Aura
|move|p1a: Dragapult|Substitute|p1a: Dragapult
|-start|p1a: Dragapult|Substitute
|-damage|p1a: Dragapult|18/100
|
|upkeep
|turn|12
|
|t:|1654438661
|move|p1a: Dragapult|Dragon Dance|p1a: Dragapult
|-boost|p1a: Dragapult|atk|1
|-boost|p1a: Dragapult|spe|1
|move|p2a: Xerneas|Geomancy||[still]
|-prepare|p2a: Xerneas|Geomancy
|-enditem|p2a: Xerneas|Power Herb
|-anim|p2a: Xerneas|Geomancy|p2a: Xerneas
|-boost|p2a: Xerneas|spa|2
|-boost|p2a: Xerneas|spd|2
|-boost|p2a: Xerneas|spe|2
|
|upkeep
|turn|13
|
|t:|1654438664
|move|p1a: Dragapult|Phantom Force||[still]
|-prepare|p1a: Dragapult|Phantom Force
|move|p2a: Xerneas|Moonblast|p1a: Dragapult|[miss]
|-miss|p2a: Xerneas|p1a: Dragapult
|
|upkeep
|turn|14
|
|t:|1654438667
|move|p1a: Dragapult|Phantom Force|p2a: Xerneas|[from]lockedmove
|-damage|p2a: Xerneas|11/100
|move|p2a: Xerneas|Moonblast|p1a: Dragapult
|-supereffective|p1a: Dragapult
|-end|p1a: Dragapult|Substitute
|
|upkeep
|turn|15
|
|t:|1654438670
|move|p1a: Dragapult|Phantom Force||[still]
|-prepare|p1a: Dragapult|Phantom Force
|move|p2a: Xerneas|Moonblast|p1a: Dragapult|[miss]
|-miss|p2a: Xerneas|p1a: Dragapult
|
|upkeep
|turn|16
|
|t:|1654438672
|move|p1a: Dragapult|Phantom Force|p2a: Xerneas|[from]lockedmove
|-damage|p2a: Xerneas|0 fnt
|faint|p2a: Xerneas
|
|upkeep
|j| Entrocefalo
|c|☆ULT4PDR Kaioken|i don't understand
|
|t:|1654438691
|switch|p2a: Calyrex|Calyrex-Shadow|100/100
|-ability|p2a: Calyrex|As One
|-ability|p2a: Calyrex|Unnerve
|-damage|p2a: Calyrex|88/100|[from] Stealth Rock
|-activate|p2a: Calyrex|move: Sticky Web
|-unboost|p2a: Calyrex|spe|1
|turn|17
|
|t:|1654438696
|switch|p2a: Yveltal|Yveltal|60/100
|-damage|p2a: Yveltal|35/100|[from] Stealth Rock
|-ability|p2a: Yveltal|Dark Aura
|move|p1a: Dragapult|Dragon Darts|p2a: Yveltal
|-damage|p2a: Yveltal|0 fnt
|faint|p2a: Yveltal
|
|upkeep
|-message|ULT4PDR Kaioken forfeited.
|
|win|LeBarBURR2
|raw|LeBarBURR2's rating: 1482 &rarr; <strong>1514</strong><br />(+32 for winning)
|raw|ULT4PDR Kaioken's rating: 1725 &rarr; <strong>1693</strong><br />(-32 for losing)
|l|☆ULT4PDR Kaioken
|l| skimmythegod
|l| ULT9NS CHICK
||Ladder isn't responding, score probably updated but might not have (Request timeout).
