|j|☆Mrdarkcyber
|j|☆Pkmn3443
|t:|1638737164
|gametype|singles
|player|p1|Mrdarkcyber|265|1564
|player|p2|Pkmn3443|266|1672
|teamsize|p1|6
|teamsize|p2|6
|gen|8
|tier|[Gen 8] Ubers
|rated|
|rule|Sleep Clause Mod: Limit one foe put to sleep
|rule|Species Clause: Limit one of each Pokémon
|rule|OHKO Clause: OHKO moves are banned
|rule|Evasion Moves Clause: Evasion moves are banned
|rule|Endless Battle Clause: Forcing endless battles is banned
|rule|HP Percentage Mod: HP is shown in percentages
|rule|Dynamax Clause: You cannot dynamax
|clearpoke
|poke|p1|Urshifu-*, M|
|poke|p1|Eternatus|
|poke|p1|Necrozma-Dusk-Mane|
|poke|p1|Groudon|
|poke|p1|Yveltal|
|poke|p1|Calyrex-Shadow|
|poke|p2|Blissey, F|
|poke|p2|Necrozma-Dusk-Mane|
|poke|p2|Ho-Oh|
|poke|p2|Eternatus|
|poke|p2|Ditto|
|poke|p2|Yveltal|
|teampreview
|inactive|Battle timer is ON: inactive players will automatically lose when time's up. (requested by Mrdarkcyber)
|
|t:|1638737172
|start
|switch|p1a: Urshifu|Urshifu, M|100/100
|switch|p2a: Yveltal|Yveltal|100/100
|-ability|p2a: Yveltal|Dark Aura
|turn|1
|
|t:|1638737185
|switch|p1a: Eternatus|Eternatus|100/100
|-ability|p1a: Eternatus|Pressure
|move|p2a: Yveltal|Knock Off|p1a: Eternatus
|-damage|p1a: Eternatus|58/100
|-enditem|p1a: Eternatus|Black Sludge|[from] move: Knock Off|[of] p2a: Yveltal
|
|upkeep
|turn|2
|
|t:|1638737194
|switch|p2a: Necrozma|Necrozma-Dusk-Mane|100/100
|move|p1a: Eternatus|Recover|p1a: Eternatus
|-heal|p1a: Eternatus|100/100
|
|upkeep
|turn|3
|
|t:|1638737203
|switch|p1a: Groudon|Groudon|100/100
|-weather|SunnyDay|[from] ability: Drought|[of] p1a: Groudon
|move|p2a: Necrozma|Stealth Rock|p1a: Groudon
|-sidestart|p1: Mrdarkcyber|move: Stealth Rock
|
|-weather|SunnyDay|[upkeep]
|upkeep
|turn|4
|
|t:|1638737210
|move|p1a: Groudon|Bulk Up|p1a: Groudon
|-boost|p1a: Groudon|atk|1
|-boost|p1a: Groudon|def|1
|move|p2a: Necrozma|Knock Off|p1a: Groudon
|-damage|p1a: Groudon|86/100
|-enditem|p1a: Groudon|Leftovers|[from] move: Knock Off|[of] p2a: Necrozma
|
|-weather|SunnyDay|[upkeep]
|upkeep
|turn|5
|
|t:|1638737223
|move|p1a: Groudon|Heat Crash|p2a: Necrozma
|-supereffective|p2a: Necrozma
|-damage|p2a: Necrozma|55/100
|-damage|p1a: Groudon|69/100|[from] item: Rocky Helmet|[of] p2a: Necrozma
|move|p2a: Necrozma|Sunsteel Strike|p1a: Groudon
|-damage|p1a: Groudon|49/100
|
|-weather|SunnyDay|[upkeep]
|upkeep
|turn|6
|
|t:|1638737228
|move|p1a: Groudon|Precipice Blades|p2a: Necrozma
|-supereffective|p2a: Necrozma
|-damage|p2a: Necrozma|0 fnt
|faint|p2a: Necrozma
|
|-weather|SunnyDay|[upkeep]
|upkeep
|
|t:|1638737234
|switch|p2a: Ditto|Ditto|100/100
|-transform|p2a: Ditto|p1a: Groudon|[from] ability: Imposter
|turn|7
|
|t:|1638737245
|move|p2a: Ditto|Precipice Blades|p1a: Groudon
|-damage|p1a: Groudon|0 fnt
|faint|p1a: Groudon
|
|-weather|none
|upkeep
|
|t:|1638737263
|switch|p1a: Yveltal|Yveltal|100/100
|-ability|p1a: Yveltal|Dark Aura
|turn|8
|
|t:|1638737266
|switch|p2a: Eternatus|Eternatus|100/100
|-ability|p2a: Eternatus|Pressure
|move|p1a: Yveltal|Knock Off|p2a: Eternatus
|-damage|p2a: Eternatus|56/100
|-enditem|p2a: Eternatus|Black Sludge|[from] move: Knock Off|[of] p1a: Yveltal
|
|upkeep
|turn|9
|
|t:|1638737273
|switch|p1a: Necrozma|Necrozma-Dusk-Mane|100/100
|-damage|p1a: Necrozma|94/100|[from] Stealth Rock
|move|p2a: Eternatus|Toxic|p1a: Necrozma
|-immune|p1a: Necrozma
|
|-heal|p1a: Necrozma|100/100|[from] item: Leftovers
|upkeep
|turn|10
|
|t:|1638737277
|move|p2a: Eternatus|Recover|p2a: Eternatus
|-heal|p2a: Eternatus|100/100
|move|p1a: Necrozma|Stealth Rock|p2a: Eternatus
|-sidestart|p2: Pkmn3443|move: Stealth Rock
|
|upkeep
|turn|11
|
|t:|1638737279
|move|p2a: Eternatus|Flamethrower|p1a: Necrozma
|-supereffective|p1a: Necrozma
|-damage|p1a: Necrozma|74/100
|move|p1a: Necrozma|Sunsteel Strike|p2a: Eternatus
|-damage|p2a: Eternatus|60/100
|
|-heal|p1a: Necrozma|80/100|[from] item: Leftovers
|upkeep
|turn|12
|
|t:|1638737284
|move|p2a: Eternatus|Recover|p2a: Eternatus
|-heal|p2a: Eternatus|100/100
|move|p1a: Necrozma|Sunsteel Strike|p2a: Eternatus
|-damage|p2a: Eternatus|61/100
|
|-heal|p1a: Necrozma|86/100|[from] item: Leftovers
|upkeep
|turn|13
|
|t:|1638737293
|switch|p1a: Calyrex|Calyrex-Shadow|100/100
|-ability|p1a: Calyrex|As One
|-ability|p1a: Calyrex|Unnerve
|-damage|p1a: Calyrex|88/100|[from] Stealth Rock
|move|p2a: Eternatus|Recover|p2a: Eternatus
|-heal|p2a: Eternatus|100/100
|
|upkeep
|turn|14
|
|t:|1638737301
|switch|p1a: Necrozma|Necrozma-Dusk-Mane|86/100
|-damage|p1a: Necrozma|80/100|[from] Stealth Rock
|switch|p2a: Yveltal|Yveltal|100/100
|-ability|p2a: Yveltal|Dark Aura
|
|-heal|p1a: Necrozma|86/100|[from] item: Leftovers
|upkeep
|turn|15
|
|t:|1638737306
|switch|p2a: Eternatus|Eternatus|100/100
|-damage|p2a: Eternatus|88/100|[from] Stealth Rock
|-ability|p2a: Eternatus|Pressure
|move|p1a: Necrozma|Toxic|p2a: Eternatus
|-immune|p2a: Eternatus
|
|-heal|p1a: Necrozma|92/100|[from] item: Leftovers
|upkeep
|turn|16
|
|t:|1638737314
|switch|p1a: Yveltal|Yveltal|100/100
|-ability|p1a: Yveltal|Dark Aura
|move|p2a: Eternatus|Flamethrower|p1a: Yveltal
|-damage|p1a: Yveltal|84/100
|-status|p1a: Yveltal|brn
|
|-damage|p1a: Yveltal|78/100 brn|[from] brn
|upkeep
|turn|17
|
|t:|1638737321
|move|p2a: Eternatus|Dynamax Cannon|p1a: Yveltal
|-crit|p1a: Yveltal
|-damage|p1a: Yveltal|34/100 brn
|move|p1a: Yveltal|U-turn|p2a: Eternatus
|-resisted|p2a: Eternatus
|-damage|p2a: Eternatus|84/100
|
|t:|1638737326
|switch|p1a: Calyrex|Calyrex-Shadow|88/100|[from]move: U-turn
|-ability|p1a: Calyrex|As One
|-ability|p1a: Calyrex|Unnerve
|-damage|p1a: Calyrex|76/100|[from] Stealth Rock
|
|upkeep
|turn|18
|
|t:|1638737330
|switch|p2a: Yveltal|Yveltal|100/100
|-ability|p2a: Yveltal|Dark Aura
|move|p1a: Calyrex|Aromatherapy|p1a: Calyrex
|-activate|p1a: Calyrex|move: Aromatherapy
|-curestatus|p1: Yveltal|brn|[msg]
|
|upkeep
|turn|19
|
|t:|1638737342
|switch|p1a: Yveltal|Yveltal|34/100
|-ability|p1a: Yveltal|Dark Aura
|move|p2a: Yveltal|Taunt|p1a: Yveltal
|-start|p1a: Yveltal|move: Taunt
|
|upkeep
|turn|20
|
|t:|1638737346
|move|p2a: Yveltal|Knock Off|p1a: Yveltal
|-resisted|p1a: Yveltal
|-damage|p1a: Yveltal|12/100
|-enditem|p1a: Yveltal|Heavy-Duty Boots|[from] move: Knock Off|[of] p2a: Yveltal
|move|p1a: Yveltal|U-turn|p2a: Yveltal
|-damage|p2a: Yveltal|77/100
|
|t:|1638737354
|switch|p1a: Eternatus|Eternatus|100/100|[from]move: U-turn
|-damage|p1a: Eternatus|88/100|[from] Stealth Rock
|-ability|p1a: Eternatus|Pressure
|
|upkeep
|turn|21
|
|t:|1638737365
|switch|p2a: Blissey|Blissey, F|100/100
|-damage|p2a: Blissey|88/100|[from] Stealth Rock
|move|p1a: Eternatus|Dynamax Cannon|p2a: Blissey
|-damage|p2a: Blissey|76/100
|
|upkeep
|turn|22
|
|t:|1638737372
|move|p1a: Eternatus|Toxic|p2a: Blissey
|-status|p2a: Blissey|tox
|move|p2a: Blissey|Confide|p1a: Eternatus
|-unboost|p1a: Eternatus|spa|1
|
|-damage|p2a: Blissey|70/100 tox|[from] psn
|upkeep
|turn|23
|
|t:|1638737375
|switch|p1a: Urshifu|Urshifu, M|100/100
|-damage|p1a: Urshifu|94/100|[from] Stealth Rock
|move|p2a: Blissey|Soft-Boiled|p2a: Blissey
|-heal|p2a: Blissey|100/100 tox
|
|-damage|p2a: Blissey|88/100 tox|[from] psn
|upkeep
|turn|24
|
|t:|1638737389
|-curestatus|p2a: Blissey|tox|[from] ability: Natural Cure
|switch|p2a: Ho-Oh|Ho-Oh|100/100
|move|p1a: Urshifu|Wicked Blow|p2a: Ho-Oh
|-crit|p2a: Ho-Oh
|-damage|p2a: Ho-Oh|33/100
|
|upkeep
|turn|25
|
|t:|1638737393
|switch|p2a: Yveltal|Yveltal|77/100
|-ability|p2a: Yveltal|Dark Aura
|move|p1a: Urshifu|Wicked Blow|p2a: Yveltal
|-resisted|p2a: Yveltal
|-crit|p2a: Yveltal
|-damage|p2a: Yveltal|11/100
|
|upkeep
|turn|26
|
|t:|1638737401
|move|p2a: Yveltal|Oblivion Wing|p1a: Urshifu
|-supereffective|p1a: Urshifu
|-damage|p1a: Urshifu|0 fnt
|-heal|p2a: Yveltal|72/100|[from] drain|[of] p1a: Urshifu
|faint|p1a: Urshifu
|
|upkeep
|
|t:|1638737407
|switch|p1a: Eternatus|Eternatus|88/100
|-damage|p1a: Eternatus|76/100|[from] Stealth Rock
|-ability|p1a: Eternatus|Pressure
|turn|27
|
|t:|1638737415
|move|p1a: Eternatus|Dynamax Cannon|p2a: Yveltal
|-damage|p2a: Yveltal|30/100
|move|p2a: Yveltal|Roost|p2a: Yveltal
|-heal|p2a: Yveltal|80/100
|-singleturn|p2a: Yveltal|move: Roost
|
|upkeep
|turn|28
|
|t:|1638737419
|switch|p2a: Blissey|Blissey, F|88/100
|-damage|p2a: Blissey|76/100|[from] Stealth Rock
|move|p1a: Eternatus|Toxic|p2a: Blissey
|-status|p2a: Blissey|tox
|
|-damage|p2a: Blissey|70/100 tox|[from] psn
|upkeep
|turn|29
|
|t:|1638737425
|move|p1a: Eternatus|Recover|p1a: Eternatus
|-heal|p1a: Eternatus|100/100
|move|p2a: Blissey|Soft-Boiled|p2a: Blissey
|-heal|p2a: Blissey|100/100 tox
|
|-damage|p2a: Blissey|88/100 tox|[from] psn
|upkeep
|turn|30
|
|t:|1638737429
|-curestatus|p2a: Blissey|tox|[from] ability: Natural Cure
|switch|p2a: Ho-Oh|Ho-Oh|67/100
|move|p1a: Eternatus|Mystical Fire|p2a: Ho-Oh
|-resisted|p2a: Ho-Oh
|-damage|p2a: Ho-Oh|60/100
|-unboost|p2a: Ho-Oh|spa|1
|
|upkeep
|turn|31
|
|t:|1638737433
|switch|p2a: Blissey|Blissey, F|88/100
|-damage|p2a: Blissey|76/100|[from] Stealth Rock
|move|p1a: Eternatus|Toxic|p2a: Blissey
|-status|p2a: Blissey|tox
|
|-damage|p2a: Blissey|70/100 tox|[from] psn
|upkeep
|turn|32
|
|t:|1638737436
|move|p1a: Eternatus|Mystical Fire|p2a: Blissey
|-damage|p2a: Blissey|63/100 tox
|-unboost|p2a: Blissey|spa|1
|move|p2a: Blissey|Soft-Boiled|p2a: Blissey
|-heal|p2a: Blissey|100/100 tox
|
|-damage|p2a: Blissey|88/100 tox|[from] psn
|upkeep
|turn|33
|
|t:|1638737440
|-curestatus|p2a: Blissey|tox|[from] ability: Natural Cure
|switch|p2a: Ho-Oh|Ho-Oh|94/100
|move|p1a: Eternatus|Mystical Fire|p2a: Ho-Oh
|-resisted|p2a: Ho-Oh
|-damage|p2a: Ho-Oh|88/100
|-unboost|p2a: Ho-Oh|spa|1
|
|upkeep
|turn|34
|
|t:|1638737447
|move|p1a: Eternatus|Toxic|p2a: Ho-Oh
|-status|p2a: Ho-Oh|tox
|move|p2a: Ho-Oh|Sacred Fire|p1a: Eternatus
|-resisted|p1a: Eternatus
|-damage|p1a: Eternatus|85/100
|
|-damage|p2a: Ho-Oh|82/100 tox|[from] psn
|upkeep
|turn|35
|
|t:|1638737457
|switch|p1a: Yveltal|Yveltal|12/100
|-damage|p1a: Yveltal|0 fnt|[from] Stealth Rock
|faint|p1a: Yveltal
|move|p2a: Ho-Oh|Sacred Fire|p1: Yveltal|[notarget]
|-fail|p2a: Ho-Oh
|
|-damage|p2a: Ho-Oh|70/100 tox|[from] psn
|upkeep
|
|t:|1638737482
|switch|p1a: Necrozma|Necrozma-Dusk-Mane|92/100
|-damage|p1a: Necrozma|86/100|[from] Stealth Rock
|turn|36
|
|t:|1638737488
|switch|p2a: Eternatus|Eternatus|84/100
|-damage|p2a: Eternatus|72/100|[from] Stealth Rock
|-ability|p2a: Eternatus|Pressure
|move|p1a: Necrozma|Sunsteel Strike|p2a: Eternatus
|-damage|p2a: Eternatus|32/100
|
|-heal|p1a: Necrozma|92/100|[from] item: Leftovers
|upkeep
|turn|37
|
|t:|1638737497
|switch|p1a: Calyrex|Calyrex-Shadow|76/100
|-ability|p1a: Calyrex|As One
|-ability|p1a: Calyrex|Unnerve
|-damage|p1a: Calyrex|64/100|[from] Stealth Rock
|move|p2a: Eternatus|Recover|p2a: Eternatus
|-heal|p2a: Eternatus|82/100
|
|upkeep
|turn|38
|
|t:|1638737502
|switch|p2a: Yveltal|Yveltal|80/100
|-ability|p2a: Yveltal|Dark Aura
|move|p1a: Calyrex|Trick|p2a: Yveltal
|-activate|p1a: Calyrex|move: Trick|[of] p2a: Yveltal
|-item|p2a: Yveltal|Choice Scarf|[from] move: Trick
|-item|p1a: Calyrex|Heavy-Duty Boots|[from] move: Trick
|
|upkeep
|turn|39
|
|t:|1638737515
|move|p2a: Yveltal|Knock Off|p1a: Calyrex
|-supereffective|p1a: Calyrex
|-damage|p1a: Calyrex|0 fnt
|-enditem|p1a: Calyrex|Heavy-Duty Boots|[from] move: Knock Off|[of] p2a: Yveltal
|faint|p1a: Calyrex
|
|upkeep
|
|t:|1638737520
|switch|p1a: Necrozma|Necrozma-Dusk-Mane|92/100
|-damage|p1a: Necrozma|86/100|[from] Stealth Rock
|turn|40
|
|t:|1638737525
|move|p2a: Yveltal|Knock Off|p1a: Necrozma
|-supereffective|p1a: Necrozma
|-damage|p1a: Necrozma|35/100
|-enditem|p1a: Necrozma|Leftovers|[from] move: Knock Off|[of] p2a: Yveltal
|move|p1a: Necrozma|Toxic|p2a: Yveltal
|-status|p2a: Yveltal|tox
|
|-damage|p2a: Yveltal|74/100 tox|[from] psn
|upkeep
|turn|41
|
|t:|1638737528
|move|p2a: Yveltal|Knock Off|p1a: Necrozma
|-supereffective|p1a: Necrozma
|-damage|p1a: Necrozma|0 fnt
|faint|p1a: Necrozma
|
|-damage|p2a: Yveltal|62/100 tox|[from] psn
|upkeep
|
|t:|1638737531
|switch|p1a: Eternatus|Eternatus|85/100
|-damage|p1a: Eternatus|73/100|[from] Stealth Rock
|-ability|p1a: Eternatus|Pressure
|turn|42
|
|t:|1638737534
|move|p2a: Yveltal|Knock Off|p1a: Eternatus
|-damage|p1a: Eternatus|45/100
|move|p1a: Eternatus|Recover|p1a: Eternatus
|-heal|p1a: Eternatus|95/100
|
|-damage|p2a: Yveltal|44/100 tox|[from] psn
|upkeep
|turn|43
|
|t:|1638737539
|switch|p2a: Blissey|Blissey, F|88/100
|-damage|p2a: Blissey|76/100|[from] Stealth Rock
|move|p1a: Eternatus|Recover|p1a: Eternatus
|-heal|p1a: Eternatus|100/100
|
|upkeep
|turn|44
|
|t:|1638737541
|move|p1a: Eternatus|Toxic|p2a: Blissey
|-status|p2a: Blissey|tox
|move|p2a: Blissey|Aromatherapy|p2a: Blissey
|-activate|p2a: Blissey|move: Aromatherapy
|-curestatus|p2a: Blissey|tox|[msg]
|-curestatus|p2: Ho-Oh|tox|[msg]
|-curestatus|p2: Yveltal|tox|[msg]
|
|upkeep
|turn|45
|
|t:|1638737543
|move|p1a: Eternatus|Toxic|p2a: Blissey
|-status|p2a: Blissey|tox
|move|p2a: Blissey|Confide|p1a: Eternatus
|-unboost|p1a: Eternatus|spa|1
|
|-damage|p2a: Blissey|70/100 tox|[from] psn
|upkeep
|turn|46
|
|t:|1638737547
|move|p1a: Eternatus|Mystical Fire|p2a: Blissey
|-damage|p2a: Blissey|65/100 tox
|-unboost|p2a: Blissey|spa|1
|move|p2a: Blissey|Confide|p1a: Eternatus
|-unboost|p1a: Eternatus|spa|1
|
|-damage|p2a: Blissey|52/100 tox|[from] psn
|upkeep
|turn|47
|
|t:|1638737550
|move|p1a: Eternatus|Mystical Fire|p2a: Blissey
|-damage|p2a: Blissey|49/100 tox
|-unboost|p2a: Blissey|spa|1
|move|p2a: Blissey|Soft-Boiled|p2a: Blissey
|-heal|p2a: Blissey|99/100 tox
|
|-damage|p2a: Blissey|81/100 tox|[from] psn
|upkeep
|turn|48
|
|t:|1638737552
|-curestatus|p2a: Blissey|tox|[from] ability: Natural Cure
|switch|p2a: Eternatus|Eternatus|82/100
|-damage|p2a: Eternatus|69/100|[from] Stealth Rock
|-ability|p2a: Eternatus|Pressure
|move|p1a: Eternatus|Mystical Fire|p2a: Eternatus
|-resisted|p2a: Eternatus
|-damage|p2a: Eternatus|66/100
|-unboost|p2a: Eternatus|spa|1
|
|upkeep
|turn|49
|
|t:|1638737558
|move|p1a: Eternatus|Mystical Fire|p2a: Eternatus
|-resisted|p2a: Eternatus
|-damage|p2a: Eternatus|63/100
|-unboost|p2a: Eternatus|spa|1
|move|p2a: Eternatus|Recover|p2a: Eternatus
|-heal|p2a: Eternatus|100/100
|
|upkeep
|turn|50
|
|t:|1638737562
|switch|p2a: Ho-Oh|Ho-Oh|100/100
|move|p1a: Eternatus|Dynamax Cannon|p2a: Ho-Oh
|-damage|p2a: Ho-Oh|88/100
|
|upkeep
|turn|51
|
|t:|1638737565
|switch|p2a: Eternatus|Eternatus|100/100
|-damage|p2a: Eternatus|88/100|[from] Stealth Rock
|-ability|p2a: Eternatus|Pressure
|move|p1a: Eternatus|Toxic|p2a: Eternatus
|-immune|p2a: Eternatus
|
|upkeep
|turn|52
|
|t:|1638737567
|move|p1a: Eternatus|Toxic|p2a: Eternatus
|-immune|p2a: Eternatus
|move|p2a: Eternatus|Dynamax Cannon|p1a: Eternatus
|-supereffective|p1a: Eternatus
|-damage|p1a: Eternatus|43/100
|
|upkeep
|turn|53
|
|t:|1638737569
|move|p1a: Eternatus|Recover|p1a: Eternatus
|-heal|p1a: Eternatus|93/100
|move|p2a: Eternatus|Dynamax Cannon|p1a: Eternatus
|-supereffective|p1a: Eternatus
|-damage|p1a: Eternatus|42/100
|
|upkeep
|turn|54
|
|t:|1638737572
|move|p1a: Eternatus|Recover|p1a: Eternatus
|-heal|p1a: Eternatus|92/100
|move|p2a: Eternatus|Dynamax Cannon|p1a: Eternatus
|-supereffective|p1a: Eternatus
|-damage|p1a: Eternatus|32/100
|
|upkeep
|turn|55
|
|t:|1638737574
|move|p1a: Eternatus|Recover|p1a: Eternatus
|-heal|p1a: Eternatus|82/100
|move|p2a: Eternatus|Dynamax Cannon|p1a: Eternatus
|-supereffective|p1a: Eternatus
|-damage|p1a: Eternatus|29/100
|
|upkeep
|turn|56
|
|t:|1638737576
|move|p1a: Eternatus|Recover|p1a: Eternatus
|-heal|p1a: Eternatus|79/100
|move|p2a: Eternatus|Flamethrower|p1a: Eternatus
|-resisted|p1a: Eternatus
|-damage|p1a: Eternatus|72/100
|
|upkeep
|turn|57
|
|t:|1638737582
|move|p1a: Eternatus|Mystical Fire|p2a: Eternatus
|-resisted|p2a: Eternatus
|-damage|p2a: Eternatus|85/100
|-unboost|p2a: Eternatus|spa|1
|move|p2a: Eternatus|Flamethrower|p1a: Eternatus
|-resisted|p1a: Eternatus
|-damage|p1a: Eternatus|66/100
|-status|p1a: Eternatus|brn
|
|-damage|p1a: Eternatus|60/100 brn|[from] brn
|upkeep
|turn|58
|
|t:|1638737585
|switch|p2a: Ho-Oh|Ho-Oh|100/100
|move|p1a: Eternatus|Mystical Fire|p2a: Ho-Oh
|-resisted|p2a: Ho-Oh
|-damage|p2a: Ho-Oh|98/100
|-unboost|p2a: Ho-Oh|spa|1
|
|-damage|p1a: Eternatus|54/100 brn|[from] brn
|upkeep
|turn|59
|
|t:|1638737592
|switch|p2a: Blissey|Blissey, F|81/100
|-damage|p2a: Blissey|68/100|[from] Stealth Rock
|move|p1a: Eternatus|Mystical Fire|p2a: Blissey
|-damage|p2a: Blissey|65/100
|-unboost|p2a: Blissey|spa|1
|
|-damage|p1a: Eternatus|47/100 brn|[from] brn
|upkeep
|turn|60
|
|t:|1638737594
|move|p1a: Eternatus|Toxic|p2a: Blissey
|-status|p2a: Blissey|tox
|move|p2a: Blissey|Soft-Boiled|p2a: Blissey
|-heal|p2a: Blissey|100/100 tox
|
|-damage|p2a: Blissey|94/100 tox|[from] psn
|-damage|p1a: Eternatus|41/100 brn|[from] brn
|upkeep
|turn|61
|
|t:|1638737597
|-curestatus|p2a: Blissey|tox|[from] ability: Natural Cure
|switch|p2a: Eternatus|Eternatus|85/100
|-damage|p2a: Eternatus|73/100|[from] Stealth Rock
|-ability|p2a: Eternatus|Pressure
|move|p1a: Eternatus|Recover|p1a: Eternatus
|-heal|p1a: Eternatus|91/100 brn
|
|-damage|p1a: Eternatus|85/100 brn|[from] brn
|upkeep
|turn|62
|
|t:|1638737600
|move|p1a: Eternatus|Mystical Fire|p2a: Eternatus
|-resisted|p2a: Eternatus
|-damage|p2a: Eternatus|70/100
|-unboost|p2a: Eternatus|spa|1
|move|p2a: Eternatus|Flamethrower|p1a: Eternatus
|-resisted|p1a: Eternatus
|-damage|p1a: Eternatus|80/100 brn
|
|-damage|p1a: Eternatus|73/100 brn|[from] brn
|upkeep
|turn|63
|
|t:|1638737602
|move|p1a: Eternatus|Mystical Fire|p2a: Eternatus
|-resisted|p2a: Eternatus
|-damage|p2a: Eternatus|66/100
|-unboost|p2a: Eternatus|spa|1
|move|p2a: Eternatus|Recover|p2a: Eternatus
|-heal|p2a: Eternatus|100/100
|
|-damage|p1a: Eternatus|67/100 brn|[from] brn
|upkeep
|turn|64
|
|t:|1638737606
|move|p1a: Eternatus|Dynamax Cannon|p2a: Eternatus
|-supereffective|p2a: Eternatus
|-damage|p2a: Eternatus|74/100
|move|p2a: Eternatus|Flamethrower|p1a: Eternatus
|-resisted|p1a: Eternatus
|-damage|p1a: Eternatus|63/100 brn
|
|-damage|p1a: Eternatus|56/100 brn|[from] brn
|upkeep
|turn|65
|
|t:|1638737609
|move|p1a: Eternatus|Recover|p1a: Eternatus
|-heal|p1a: Eternatus|100/100 brn
|move|p2a: Eternatus|Flamethrower|p1a: Eternatus
|-resisted|p1a: Eternatus
|-damage|p1a: Eternatus|96/100 brn
|
|-damage|p1a: Eternatus|90/100 brn|[from] brn
|upkeep
|turn|66
|
|t:|1638737613
|switch|p2a: Blissey|Blissey, F|94/100
|-damage|p2a: Blissey|82/100|[from] Stealth Rock
|move|p1a: Eternatus|Dynamax Cannon|p2a: Blissey
|-damage|p2a: Blissey|75/100
|
|-damage|p1a: Eternatus|84/100 brn|[from] brn
|upkeep
|turn|67
|
|t:|1638737615
|move|p1a: Eternatus|Toxic|p2a: Blissey
|-status|p2a: Blissey|tox
|move|p2a: Blissey|Confide|p1a: Eternatus
|-unboost|p1a: Eternatus|spa|1
|
|-damage|p2a: Blissey|69/100 tox|[from] psn
|-damage|p1a: Eternatus|78/100 brn|[from] brn
|upkeep
|turn|68
|
|t:|1638737618
|move|p1a: Eternatus|Dynamax Cannon|p2a: Blissey
|-damage|p2a: Blissey|63/100 tox
|move|p2a: Blissey|Soft-Boiled|p2a: Blissey
|-heal|p2a: Blissey|100/100 tox
|
|-damage|p2a: Blissey|88/100 tox|[from] psn
|-damage|p1a: Eternatus|72/100 brn|[from] brn
|upkeep
|turn|69
|-message|Mrdarkcyber forfeited.
|
|win|Pkmn3443
|raw|Mrdarkcyber's rating: 1564 &rarr; <strong>1550</strong><br />(-14 for losing)
|raw|Pkmn3443's rating: 1672 &rarr; <strong>1686</strong><br />(+14 for winning)
|l|☆Mrdarkcyber
