|j|☆Black Shadow 666
|j|☆TheDarkRising
|t:|1625979869
|gametype|singles
|player|p1|Black Shadow 666|unknown|1591
|player|p2|TheDarkRising|cyclistf-gen4|1430
|teamsize|p1|6
|teamsize|p2|6
|gen|8
|tier|[Gen 8] Ubers
|rated|
|rule|Sleep Clause Mod: Limit one foe put to sleep
|rule|Species Clause: Limit one of each Pokémon
|rule|OHKO Clause: OHKO moves are banned
|rule|Evasion Moves Clause: Evasion moves are banned
|rule|Endless Battle Clause: Forcing endless battles is banned
|rule|HP Percentage Mod: HP is shown in percentages
|rule|Dynamax Clause: You cannot dynamax
|clearpoke
|poke|p1|Necrozma-Dusk-Mane|
|poke|p1|Calyrex-Shadow|
|poke|p1|Yveltal|
|poke|p1|Ho-Oh|
|poke|p1|Palkia|
|poke|p1|Zygarde|
|poke|p2|Calyrex-Shadow|
|poke|p2|Xerneas-*|
|poke|p2|Yveltal|
|poke|p2|Eternatus|
|poke|p2|Necrozma-Dusk-Mane|
|poke|p2|Marshadow|
|teampreview
|inactive|Battle timer is ON: inactive players will automatically lose when time's up. (requested by Black Shadow 666)
|
|t:|1625979878
|start
|switch|p1a: Palkia|Palkia, shiny|100/100
|switch|p2a: Calyrex|Calyrex-Shadow|100/100
|-ability|p2a: Calyrex|As One
|-ability|p2a: Calyrex|Unnerve
|-ability|p1a: Palkia|Pressure
|turn|1
|
|t:|1625979905
|move|p2a: Calyrex|Astral Barrage|p1a: Palkia
|-damage|p1a: Palkia|51/100
|move|p1a: Palkia|Spacial Rend|p2a: Calyrex
|-damage|p2a: Calyrex|40/100
|
|upkeep
|turn|2
|
|t:|1625979915
|switch|p2a: Xerneas|Xerneas|100/100
|-ability|p2a: Xerneas|Fairy Aura
|move|p1a: Palkia|Hydro Pump|p2a: Xerneas
|-damage|p2a: Xerneas|50/100
|
|upkeep
|turn|3
|
|t:|1625979922
|move|p1a: Palkia|Hydro Pump|p2a: Xerneas
|-damage|p2a: Xerneas|0 fnt
|faint|p2a: Xerneas
|
|upkeep
|
|t:|1625979927
|switch|p2a: Eternatus|Eternatus|100/100
|-ability|p2a: Eternatus|Pressure
|turn|4
|
|t:|1625979929
|switch|p1a: Necrozma|Necrozma-Dusk-Mane|100/100
|move|p2a: Eternatus|Dynamax Cannon|p1a: Necrozma
|-resisted|p1a: Necrozma
|-damage|p1a: Necrozma|86/100
|
|-heal|p1a: Necrozma|92/100|[from] item: Leftovers
|upkeep
|turn|5
|
|t:|1625979936
|switch|p2a: Marshadow|Marshadow|100/100
|move|p1a: Necrozma|Earthquake|p2a: Marshadow
|-damage|p2a: Marshadow|55/100
|
|-heal|p2a: Marshadow|61/100|[from] item: Leftovers
|-heal|p1a: Necrozma|98/100|[from] item: Leftovers
|upkeep
|turn|6
|
|t:|1625979944
|switch|p1a: Zygarde|Zygarde|100/100
|move|p2a: Marshadow|Poltergeist|p1a: Zygarde
|-activate|p1a: Zygarde|move: Poltergeist|Leftovers
|-damage|p1a: Zygarde|70/100
|
|-heal|p2a: Marshadow|67/100|[from] item: Leftovers
|-heal|p1a: Zygarde|76/100|[from] item: Leftovers
|upkeep
|turn|7
|
|t:|1625979951
|move|p2a: Marshadow|Ice Punch|p1a: Zygarde
|-supereffective|p1a: Zygarde
|-damage|p1a: Zygarde|23/100
|move|p1a: Zygarde|Glare|p2a: Marshadow
|-status|p2a: Marshadow|par
|
|-heal|p1a: Zygarde|29/100|[from] item: Leftovers
|-heal|p2a: Marshadow|74/100 par|[from] item: Leftovers
|-activate|p1a: Zygarde|ability: Power Construct
|detailschange|p1a: Zygarde|Zygarde-Complete
|-heal|p1a: Zygarde|53/100|[silent]
|upkeep
|turn|8
|
|t:|1625979958
|switch|p1a: Necrozma|Necrozma-Dusk-Mane|98/100
|cant|p2a: Marshadow|par
|
|-heal|p1a: Necrozma|100/100|[from] item: Leftovers
|-heal|p2a: Marshadow|80/100 par|[from] item: Leftovers
|upkeep
|turn|9
|
|t:|1625979962
|move|p1a: Necrozma|Sunsteel Strike|p2a: Marshadow
|-damage|p2a: Marshadow|9/100 par
|move|p2a: Marshadow|Poltergeist|p1a: Necrozma
|-activate|p1a: Necrozma|move: Poltergeist|Leftovers
|-supereffective|p1a: Necrozma
|-damage|p1a: Necrozma|32/100
|
|-heal|p1a: Necrozma|38/100|[from] item: Leftovers
|-heal|p2a: Marshadow|15/100 par|[from] item: Leftovers
|upkeep
|turn|10
|j| mesamokaedna
|
|t:|1625979978
|cant|p2a: Marshadow|par
|move|p1a: Necrozma|Earthquake|p2a: Marshadow
|-damage|p2a: Marshadow|0 fnt
|faint|p2a: Marshadow
|
|-heal|p1a: Necrozma|44/100|[from] item: Leftovers
|upkeep
|
|t:|1625979984
|switch|p2a: Yveltal|Yveltal|100/100
|-ability|p2a: Yveltal|Dark Aura
|turn|11
|
|t:|1625979988
|switch|p1a: Zygarde|Zygarde-Complete|53/100
|move|p2a: Yveltal|Knock Off|p1a: Zygarde
|-damage|p1a: Zygarde|31/100
|-enditem|p1a: Zygarde|Leftovers|[from] move: Knock Off|[of] p2a: Yveltal
|
|upkeep
|turn|12
|
|t:|1625979993
|move|p2a: Yveltal|Knock Off|p1a: Zygarde
|-damage|p1a: Zygarde|15/100
|move|p1a: Zygarde|Glare|p2a: Yveltal
|-status|p2a: Yveltal|par
|
|upkeep
|turn|13
|
|t:|1625979999
|move|p1a: Zygarde|Thousand Arrows|p2a: Yveltal
|-damage|p2a: Yveltal|74/100 par
|-start|p2a: Yveltal|Smack Down
|move|p2a: Yveltal|Knock Off|p1a: Zygarde
|-damage|p1a: Zygarde|0 fnt
|faint|p1a: Zygarde
|
|upkeep
|
|t:|1625980003
|switch|p1a: Palkia|Palkia, shiny|51/100
|-ability|p1a: Palkia|Pressure
|turn|14
|
|t:|1625980009
|switch|p2a: Eternatus|Eternatus|100/100
|-ability|p2a: Eternatus|Pressure
|move|p1a: Palkia|Spacial Rend|p2a: Eternatus
|-supereffective|p2a: Eternatus
|-damage|p2a: Eternatus|26/100
|
|-heal|p2a: Eternatus|32/100|[from] item: Black Sludge
|upkeep
|turn|15
|
|t:|1625980016
|move|p2a: Eternatus|Dynamax Cannon|p1a: Palkia
|-supereffective|p1a: Palkia
|-damage|p1a: Palkia|0 fnt
|faint|p1a: Palkia
|
|-heal|p2a: Eternatus|39/100|[from] item: Black Sludge
|upkeep
|
|t:|1625980029
|switch|p1a: Calyrex|Calyrex-Shadow|100/100
|-ability|p1a: Calyrex|As One
|-ability|p1a: Calyrex|Unnerve
|turn|16
|
|t:|1625980034
|switch|p2a: Yveltal|Yveltal|74/100 par
|-ability|p2a: Yveltal|Dark Aura
|move|p1a: Calyrex|Astral Barrage|p2a: Yveltal
|-resisted|p2a: Yveltal
|-damage|p2a: Yveltal|42/100 par
|
|upkeep
|turn|17
|
|t:|1625980051
|move|p1a: Calyrex|Nasty Plot|p1a: Calyrex
|-boost|p1a: Calyrex|spa|2
|move|p2a: Yveltal|Roost|p2a: Yveltal
|-heal|p2a: Yveltal|92/100 par
|-singleturn|p2a: Yveltal|move: Roost
|
|upkeep
|turn|18
|
|t:|1625980058
|move|p1a: Calyrex|Draining Kiss|p2a: Yveltal
|-supereffective|p2a: Yveltal
|-damage|p2a: Yveltal|21/100 par
|move|p2a: Yveltal|Knock Off|p1a: Calyrex
|-supereffective|p1a: Calyrex
|-enditem|p1a: Calyrex|Focus Sash
|-damage|p1a: Calyrex|1/100
|
|upkeep
|turn|19
|
|t:|1625980064
|move|p2a: Yveltal|Sucker Punch|p1a: Calyrex
|-supereffective|p1a: Calyrex
|-damage|p1a: Calyrex|0 fnt
|faint|p1a: Calyrex
|
|upkeep
|
|t:|1625980067
|switch|p1a: Yveltal|Yveltal|100/100
|-ability|p1a: Yveltal|Dark Aura
|turn|20
|
|t:|1625980070
|move|p1a: Yveltal|Oblivion Wing|p2a: Yveltal
|-damage|p2a: Yveltal|0 fnt
|faint|p2a: Yveltal
|-damage|p1a: Yveltal|91/100|[from] item: Life Orb
|
|upkeep
|
|t:|1625980076
|switch|p2a: Eternatus|Eternatus|39/100
|-ability|p2a: Eternatus|Pressure
|turn|21
|
|t:|1625980079
|move|p2a: Eternatus|Recover|p2a: Eternatus
|-heal|p2a: Eternatus|89/100
|move|p1a: Yveltal|Dark Pulse|p2a: Eternatus
|-damage|p2a: Eternatus|43/100
|-damage|p1a: Yveltal|81/100|[from] item: Life Orb
|
|-heal|p2a: Eternatus|49/100|[from] item: Black Sludge
|upkeep
|turn|22
|
|t:|1625980085
|move|p2a: Eternatus|Recover|p2a: Eternatus
|-heal|p2a: Eternatus|99/100
|move|p1a: Yveltal|Oblivion Wing|p2a: Eternatus
|-damage|p2a: Eternatus|63/100
|-heal|p1a: Yveltal|100/100|[from] drain|[of] p2a: Eternatus
|-damage|p1a: Yveltal|91/100|[from] item: Life Orb
|
|-heal|p2a: Eternatus|69/100|[from] item: Black Sludge
|upkeep
|turn|23
|
|t:|1625980091
|switch|p1a: Ho-Oh|Ho-Oh, shiny|100/100
|move|p2a: Eternatus|Toxic|p1a: Ho-Oh
|-status|p1a: Ho-Oh|tox
|
|-heal|p2a: Eternatus|75/100|[from] item: Black Sludge
|-damage|p1a: Ho-Oh|94/100 tox|[from] psn
|upkeep
|turn|24
|
|t:|1625980097
|move|p2a: Eternatus|Dynamax Cannon|p1a: Ho-Oh
|-damage|p1a: Ho-Oh|68/100 tox
|move|p1a: Ho-Oh|Sacred Fire|p2a: Eternatus
|-resisted|p2a: Eternatus
|-damage|p2a: Eternatus|59/100
|-status|p2a: Eternatus|brn
|
|-heal|p2a: Eternatus|65/100 brn|[from] item: Black Sludge
|-damage|p1a: Ho-Oh|55/100 tox|[from] psn
|-damage|p2a: Eternatus|59/100 brn|[from] brn
|upkeep
|turn|25
|
|t:|1625980104
|switch|p1a: Necrozma|Necrozma-Dusk-Mane|44/100
|move|p2a: Eternatus|Dynamax Cannon|p1a: Necrozma
|-resisted|p1a: Necrozma
|-damage|p1a: Necrozma|29/100
|
|-heal|p2a: Eternatus|65/100 brn|[from] item: Black Sludge
|-heal|p1a: Necrozma|35/100|[from] item: Leftovers
|-damage|p2a: Eternatus|59/100 brn|[from] brn
|upkeep
|turn|26
|
|t:|1625980114
|switch|p1a: Ho-Oh|Ho-Oh, shiny|88/100 tox
|move|p2a: Eternatus|Recover|p2a: Eternatus
|-heal|p2a: Eternatus|100/100 brn
|
|-damage|p1a: Ho-Oh|82/100 tox|[from] psn
|-damage|p2a: Eternatus|94/100 brn|[from] brn
|upkeep
|turn|27
|
|t:|1625980128
|switch|p1a: Necrozma|Necrozma-Dusk-Mane|35/100
|move|p2a: Eternatus|Dynamax Cannon|p1a: Necrozma
|-resisted|p1a: Necrozma
|-damage|p1a: Necrozma|21/100
|
|-heal|p2a: Eternatus|100/100 brn|[from] item: Black Sludge
|-heal|p1a: Necrozma|27/100|[from] item: Leftovers
|-damage|p2a: Eternatus|94/100 brn|[from] brn
|upkeep
|turn|28
|
|t:|1625980143
|move|p2a: Eternatus|Mystical Fire|p1a: Necrozma
|-supereffective|p1a: Necrozma
|-damage|p1a: Necrozma|5/100
|-unboost|p1a: Necrozma|spa|1
|move|p1a: Necrozma|Morning Sun|p1a: Necrozma
|-heal|p1a: Necrozma|55/100
|
|-heal|p2a: Eternatus|100/100 brn|[from] item: Black Sludge
|-heal|p1a: Necrozma|61/100|[from] item: Leftovers
|-damage|p2a: Eternatus|94/100 brn|[from] brn
|upkeep
|turn|29
|
|t:|1625980150
|move|p2a: Eternatus|Mystical Fire|p1a: Necrozma
|-supereffective|p1a: Necrozma
|-damage|p1a: Necrozma|38/100
|-unboost|p1a: Necrozma|spa|1
|move|p1a: Necrozma|Morning Sun|p1a: Necrozma
|-heal|p1a: Necrozma|88/100
|
|-heal|p2a: Eternatus|100/100 brn|[from] item: Black Sludge
|-heal|p1a: Necrozma|94/100|[from] item: Leftovers
|-damage|p2a: Eternatus|94/100 brn|[from] brn
|upkeep
|turn|30
|
|t:|1625980157
|switch|p2a: Necrozma|Necrozma-Dusk-Mane|100/100
|switch|p1a: Ho-Oh|Ho-Oh, shiny|100/100 tox
|
|-damage|p1a: Ho-Oh|94/100 tox|[from] psn
|upkeep
|turn|31
|
|t:|1625980163
|switch|p2a: Eternatus|Eternatus|94/100 brn
|-ability|p2a: Eternatus|Pressure
|switch|p1a: Yveltal|Yveltal|91/100
|-ability|p1a: Yveltal|Dark Aura
|
|-heal|p2a: Eternatus|100/100 brn|[from] item: Black Sludge
|-damage|p2a: Eternatus|94/100 brn|[from] brn
|upkeep
|turn|32
|
|t:|1625980172
|switch|p1a: Ho-Oh|Ho-Oh, shiny|100/100 tox
|move|p2a: Eternatus|Toxic|p1a: Ho-Oh
|-fail|p1a: Ho-Oh|tox
|
|-heal|p2a: Eternatus|100/100 brn|[from] item: Black Sludge
|-damage|p1a: Ho-Oh|94/100 tox|[from] psn
|-damage|p2a: Eternatus|94/100 brn|[from] brn
|upkeep
|turn|33
|
|t:|1625980177
|switch|p1a: Necrozma|Necrozma-Dusk-Mane|94/100
|move|p2a: Eternatus|Dynamax Cannon|p1a: Necrozma
|-resisted|p1a: Necrozma
|-damage|p1a: Necrozma|79/100
|
|-heal|p2a: Eternatus|100/100 brn|[from] item: Black Sludge
|-heal|p1a: Necrozma|85/100|[from] item: Leftovers
|-damage|p2a: Eternatus|94/100 brn|[from] brn
|upkeep
|turn|34
|
|t:|1625980180
|switch|p2a: Necrozma|Necrozma-Dusk-Mane|100/100
|move|p1a: Necrozma|Earthquake|p2a: Necrozma
|-supereffective|p2a: Necrozma
|-damage|p2a: Necrozma|72/100
|
|-heal|p2a: Necrozma|78/100|[from] item: Leftovers
|-heal|p1a: Necrozma|91/100|[from] item: Leftovers
|upkeep
|turn|35
|
|t:|1625980190
|move|p2a: Necrozma|Dragon Dance|p2a: Necrozma
|-boost|p2a: Necrozma|atk|1
|-boost|p2a: Necrozma|spe|1
|move|p1a: Necrozma|Earthquake|p2a: Necrozma
|-supereffective|p2a: Necrozma
|-damage|p2a: Necrozma|47/100
|
|-heal|p2a: Necrozma|53/100|[from] item: Leftovers
|-heal|p1a: Necrozma|97/100|[from] item: Leftovers
|upkeep
|turn|36
|
|t:|1625980195
|switch|p1a: Ho-Oh|Ho-Oh, shiny|100/100 tox
|move|p2a: Necrozma|Morning Sun|p2a: Necrozma
|-heal|p2a: Necrozma|100/100
|
|-damage|p1a: Ho-Oh|94/100 tox|[from] psn
|upkeep
|turn|37
|
|t:|1625980199
|switch|p2a: Eternatus|Eternatus|94/100 brn
|-ability|p2a: Eternatus|Pressure
|move|p1a: Ho-Oh|Sacred Fire|p2a: Eternatus
|-resisted|p2a: Eternatus
|-damage|p2a: Eternatus|78/100 brn
|
|-heal|p2a: Eternatus|84/100 brn|[from] item: Black Sludge
|-damage|p1a: Ho-Oh|82/100 tox|[from] psn
|-damage|p2a: Eternatus|78/100 brn|[from] brn
|upkeep
|turn|38
|
|t:|1625980208
|switch|p1a: Necrozma|Necrozma-Dusk-Mane|97/100
|move|p2a: Eternatus|Recover|p2a: Eternatus
|-heal|p2a: Eternatus|100/100 brn
|
|-heal|p1a: Necrozma|100/100|[from] item: Leftovers
|-damage|p2a: Eternatus|94/100 brn|[from] brn
|upkeep
|turn|39
|
|t:|1625980212
|switch|p1a: Yveltal|Yveltal|91/100
|-ability|p1a: Yveltal|Dark Aura
|move|p2a: Eternatus|Mystical Fire|p1a: Yveltal
|-damage|p1a: Yveltal|73/100
|-unboost|p1a: Yveltal|spa|1
|
|-heal|p2a: Eternatus|100/100 brn|[from] item: Black Sludge
|-damage|p2a: Eternatus|94/100 brn|[from] brn
|upkeep
|turn|40
|
|t:|1625980220
|switch|p1a: Necrozma|Necrozma-Dusk-Mane|100/100
|move|p2a: Eternatus|Dynamax Cannon|p1a: Necrozma
|-resisted|p1a: Necrozma
|-damage|p1a: Necrozma|87/100
|
|-heal|p2a: Eternatus|100/100 brn|[from] item: Black Sludge
|-heal|p1a: Necrozma|93/100|[from] item: Leftovers
|-damage|p2a: Eternatus|94/100 brn|[from] brn
|upkeep
|turn|41
|
|t:|1625980229
|switch|p1a: Ho-Oh|Ho-Oh, shiny|100/100 tox
|move|p2a: Eternatus|Mystical Fire|p1a: Ho-Oh
|-resisted|p1a: Ho-Oh
|-damage|p1a: Ho-Oh|94/100 tox
|-unboost|p1a: Ho-Oh|spa|1
|
|-heal|p2a: Eternatus|100/100 brn|[from] item: Black Sludge
|-damage|p1a: Ho-Oh|88/100 tox|[from] psn
|-damage|p2a: Eternatus|94/100 brn|[from] brn
|upkeep
|turn|42
|
|t:|1625980244
|switch|p1a: Necrozma|Necrozma-Dusk-Mane|93/100
|move|p2a: Eternatus|Mystical Fire|p1a: Necrozma
|-supereffective|p1a: Necrozma
|-damage|p1a: Necrozma|69/100
|-unboost|p1a: Necrozma|spa|1
|
|-heal|p2a: Eternatus|100/100 brn|[from] item: Black Sludge
|-heal|p1a: Necrozma|75/100|[from] item: Leftovers
|-damage|p2a: Eternatus|94/100 brn|[from] brn
|upkeep
|turn|43
|
|t:|1625980258
|switch|p2a: Calyrex|Calyrex-Shadow|40/100
|-ability|p2a: Calyrex|As One
|-ability|p2a: Calyrex|Unnerve
|switch|p1a: Ho-Oh|Ho-Oh, shiny|100/100 tox
|
|-damage|p1a: Ho-Oh|94/100 tox|[from] psn
|upkeep
|turn|44
|
|t:|1625980269
|switch|p1a: Yveltal|Yveltal|73/100
|-ability|p1a: Yveltal|Dark Aura
|move|p2a: Calyrex|Trick|p1a: Yveltal
|-activate|p2a: Calyrex|move: Trick|[of] p1a: Yveltal
|-item|p1a: Yveltal|Choice Scarf|[from] move: Trick
|-item|p2a: Calyrex|Life Orb|[from] move: Trick
|
|upkeep
|turn|45
|
|t:|1625980280
|switch|p2a: Eternatus|Eternatus|94/100 brn
|-ability|p2a: Eternatus|Pressure
|move|p1a: Yveltal|Dark Pulse|p2a: Eternatus
|-damage|p2a: Eternatus|59/100 brn
|
|-heal|p2a: Eternatus|66/100 brn|[from] item: Black Sludge
|-damage|p2a: Eternatus|59/100 brn|[from] brn
|upkeep
|turn|46
|
|t:|1625980289
|move|p2a: Eternatus|Recover|p2a: Eternatus
|-heal|p2a: Eternatus|100/100 brn
|move|p1a: Yveltal|Dark Pulse|p2a: Eternatus
|-damage|p2a: Eternatus|66/100 brn
|
|-heal|p2a: Eternatus|72/100 brn|[from] item: Black Sludge
|-damage|p2a: Eternatus|66/100 brn|[from] brn
|upkeep
|turn|47
|
|t:|1625980295
|switch|p1a: Necrozma|Necrozma-Dusk-Mane|75/100
|move|p2a: Eternatus|Toxic|p1a: Necrozma
|-immune|p1a: Necrozma
|
|-heal|p2a: Eternatus|72/100 brn|[from] item: Black Sludge
|-heal|p1a: Necrozma|81/100|[from] item: Leftovers
|-damage|p2a: Eternatus|66/100 brn|[from] brn
|upkeep
|turn|48
|
|t:|1625980308
|move|p2a: Eternatus|Recover|p2a: Eternatus
|-heal|p2a: Eternatus|100/100 brn
|move|p1a: Necrozma|Earthquake|p2a: Eternatus
|-supereffective|p2a: Eternatus
|-crit|p2a: Eternatus
|-damage|p2a: Eternatus|17/100 brn
|
|-heal|p2a: Eternatus|24/100 brn|[from] item: Black Sludge
|-heal|p1a: Necrozma|87/100|[from] item: Leftovers
|-damage|p2a: Eternatus|17/100 brn|[from] brn
|upkeep
|turn|49
|
|t:|1625980312
|move|p2a: Eternatus|Mystical Fire|p1a: Necrozma
|-supereffective|p1a: Necrozma
|-damage|p1a: Necrozma|66/100
|-unboost|p1a: Necrozma|spa|1
|move|p1a: Necrozma|Earthquake|p2a: Eternatus
|-supereffective|p2a: Eternatus
|-crit|p2a: Eternatus
|-damage|p2a: Eternatus|0 fnt
|faint|p2a: Eternatus
|
|-heal|p1a: Necrozma|72/100|[from] item: Leftovers
|upkeep
|
|t:|1625980317
|switch|p2a: Calyrex|Calyrex-Shadow|40/100
|-ability|p2a: Calyrex|As One
|-ability|p2a: Calyrex|Unnerve
|turn|50
|c| mesamokaedna|that crit
|c|☆TheDarkRising|;_;
|c| mesamokaedna|oof, double crit
|c|☆Black Shadow 666|bruh it was bound to happen
|inactive|Black Shadow 666 has 120 seconds left.
|
|t:|1625980359
|move|p2a: Calyrex|Draining Kiss|p1a: Necrozma
|-resisted|p1a: Necrozma
|-crit|p1a: Necrozma
|-damage|p1a: Necrozma|60/100
|-heal|p2a: Calyrex|50/100|[from] drain|[of] p1a: Necrozma
|-damage|p2a: Calyrex|40/100|[from] item: Life Orb
|move|p1a: Necrozma|Sunsteel Strike|p2a: Calyrex
|-damage|p2a: Calyrex|0 fnt
|faint|p2a: Calyrex
|
|-heal|p1a: Necrozma|66/100|[from] item: Leftovers
|upkeep
|
|t:|1625980369
|switch|p2a: Necrozma|Necrozma-Dusk-Mane|100/100
|turn|51
|
|t:|1625980374
|switch|p1a: Ho-Oh|Ho-Oh, shiny|100/100 tox
|move|p2a: Necrozma|Dragon Dance|p2a: Necrozma
|-boost|p2a: Necrozma|atk|1
|-boost|p2a: Necrozma|spe|1
|
|-damage|p1a: Ho-Oh|94/100 tox|[from] psn
|upkeep
|turn|52
|
|t:|1625980377
|move|p2a: Necrozma|Dragon Dance|p2a: Necrozma
|-boost|p2a: Necrozma|atk|1
|-boost|p2a: Necrozma|spe|1
|move|p1a: Ho-Oh|Sacred Fire|p2a: Necrozma
|-supereffective|p2a: Necrozma
|-damage|p2a: Necrozma|64/100
|
|-heal|p2a: Necrozma|70/100|[from] item: Leftovers
|-damage|p1a: Ho-Oh|82/100 tox|[from] psn
|upkeep
|turn|53
|
|t:|1625980385
|move|p2a: Necrozma|Dragon Dance|p2a: Necrozma
|-boost|p2a: Necrozma|atk|1
|-boost|p2a: Necrozma|spe|1
|move|p1a: Ho-Oh|Sacred Fire|p2a: Necrozma
|-supereffective|p2a: Necrozma
|-damage|p2a: Necrozma|34/100
|-status|p2a: Necrozma|brn
|
|-heal|p2a: Necrozma|40/100 brn|[from] item: Leftovers
|-damage|p1a: Ho-Oh|63/100 tox|[from] psn
|-damage|p2a: Necrozma|34/100 brn|[from] brn
|upkeep
|turn|54
|
|t:|1625980390
|move|p2a: Necrozma|Morning Sun|p2a: Necrozma
|-heal|p2a: Necrozma|84/100 brn
|move|p1a: Ho-Oh|Sacred Fire|p2a: Necrozma
|-supereffective|p2a: Necrozma
|-damage|p2a: Necrozma|46/100 brn
|
|-heal|p2a: Necrozma|53/100 brn|[from] item: Leftovers
|-damage|p1a: Ho-Oh|38/100 tox|[from] psn
|-damage|p2a: Necrozma|46/100 brn|[from] brn
|upkeep
|turn|55
|
|t:|1625980393
|switch|p1a: Yveltal|Yveltal|73/100
|-ability|p1a: Yveltal|Dark Aura
|move|p2a: Necrozma|Morning Sun|p2a: Necrozma
|-heal|p2a: Necrozma|96/100 brn
|
|-heal|p2a: Necrozma|100/100 brn|[from] item: Leftovers
|-damage|p2a: Necrozma|94/100 brn|[from] brn
|upkeep
|turn|56
|
|t:|1625980397
|move|p2a: Necrozma|Dragon Dance|p2a: Necrozma
|-boost|p2a: Necrozma|atk|1
|-boost|p2a: Necrozma|spe|1
|move|p1a: Yveltal|Dark Pulse|p2a: Necrozma
|-supereffective|p2a: Necrozma
|-damage|p2a: Necrozma|17/100 brn
|
|-heal|p2a: Necrozma|23/100 brn|[from] item: Leftovers
|-damage|p2a: Necrozma|17/100 brn|[from] brn
|upkeep
|turn|57
|
|t:|1625980403
|move|p2a: Necrozma|Sunsteel Strike|p1a: Yveltal
|-damage|p1a: Yveltal|0 fnt
|faint|p1a: Yveltal
|
|-heal|p2a: Necrozma|23/100 brn|[from] item: Leftovers
|-damage|p2a: Necrozma|17/100 brn|[from] brn
|upkeep
|
|t:|1625980414
|switch|p1a: Necrozma|Necrozma-Dusk-Mane|66/100
|turn|58
|
|t:|1625980419
|move|p2a: Necrozma|Morning Sun|p2a: Necrozma
|-heal|p2a: Necrozma|67/100 brn
|move|p1a: Necrozma|Earthquake|p2a: Necrozma
|-supereffective|p2a: Necrozma
|-damage|p2a: Necrozma|37/100 brn
|
|-heal|p2a: Necrozma|43/100 brn|[from] item: Leftovers
|-heal|p1a: Necrozma|72/100|[from] item: Leftovers
|-damage|p2a: Necrozma|37/100 brn|[from] brn
|upkeep
|turn|59
|j| Krishna♫ 07@!
|l|☆TheDarkRising
|inactive|TheDarkRising disconnected and has a minute to reconnect!
|player|p2|
|l| Krishna♫ 07
|j|☆TheDarkRising
|inactive|TheDarkRising reconnected and has 115 seconds left.
|player|p2|TheDarkRising|cyclistf-gen4
|
|t:|1625980468
|move|p2a: Necrozma|Morning Sun|p2a: Necrozma
|-heal|p2a: Necrozma|87/100 brn
|move|p1a: Necrozma|Earthquake|p2a: Necrozma
|-supereffective|p2a: Necrozma
|-damage|p2a: Necrozma|57/100 brn
|
|-heal|p2a: Necrozma|63/100 brn|[from] item: Leftovers
|-heal|p1a: Necrozma|78/100|[from] item: Leftovers
|-damage|p2a: Necrozma|57/100 brn|[from] brn
|upkeep
|turn|60
|
|t:|1625980473
|move|p2a: Necrozma|Morning Sun|p2a: Necrozma
|-heal|p2a: Necrozma|100/100 brn
|move|p1a: Necrozma|Earthquake|p2a: Necrozma
|-supereffective|p2a: Necrozma
|-damage|p2a: Necrozma|67/100 brn
|
|-heal|p2a: Necrozma|73/100 brn|[from] item: Leftovers
|-heal|p1a: Necrozma|84/100|[from] item: Leftovers
|-damage|p2a: Necrozma|67/100 brn|[from] brn
|upkeep
|turn|61
|
|t:|1625980479
|move|p2a: Necrozma|Dragon Dance|p2a: Necrozma
|-boost|p2a: Necrozma|atk|1
|-boost|p2a: Necrozma|spe|1
|move|p1a: Necrozma|Earthquake|p2a: Necrozma
|-supereffective|p2a: Necrozma
|-damage|p2a: Necrozma|34/100 brn
|
|-heal|p2a: Necrozma|40/100 brn|[from] item: Leftovers
|-heal|p1a: Necrozma|90/100|[from] item: Leftovers
|-damage|p2a: Necrozma|34/100 brn|[from] brn
|upkeep
|turn|62
|inactive|TheDarkRising has 120 seconds left.
|
|t:|1625980485
|move|p2a: Necrozma|Morning Sun|p2a: Necrozma
|-heal|p2a: Necrozma|84/100 brn
|move|p1a: Necrozma|Earthquake|p2a: Necrozma
|-supereffective|p2a: Necrozma
|-damage|p2a: Necrozma|51/100 brn
|
|-heal|p2a: Necrozma|57/100 brn|[from] item: Leftovers
|-heal|p1a: Necrozma|96/100|[from] item: Leftovers
|-damage|p2a: Necrozma|51/100 brn|[from] brn
|upkeep
|turn|63
|
|t:|1625980491
|move|p2a: Necrozma|Earthquake|p1a: Necrozma
|-supereffective|p1a: Necrozma
|-damage|p1a: Necrozma|37/100
|move|p1a: Necrozma|Earthquake|p2a: Necrozma
|-supereffective|p2a: Necrozma
|-damage|p2a: Necrozma|22/100 brn
|
|-heal|p2a: Necrozma|28/100 brn|[from] item: Leftovers
|-heal|p1a: Necrozma|43/100|[from] item: Leftovers
|-damage|p2a: Necrozma|22/100 brn|[from] brn
|upkeep
|turn|64
|
|t:|1625980495
|move|p2a: Necrozma|Earthquake|p1a: Necrozma
|-supereffective|p1a: Necrozma
|-damage|p1a: Necrozma|0 fnt
|faint|p1a: Necrozma
|
|-heal|p2a: Necrozma|28/100 brn|[from] item: Leftovers
|-damage|p2a: Necrozma|22/100 brn|[from] brn
|upkeep
|
|t:|1625980498
|switch|p1a: Ho-Oh|Ho-Oh, shiny|71/100 tox
|turn|65
|
|t:|1625980502
|move|p2a: Necrozma|Morning Sun|p2a: Necrozma
|-heal|p2a: Necrozma|72/100 brn
|move|p1a: Ho-Oh|Sacred Fire|p2a: Necrozma|[miss]
|-miss|p1a: Ho-Oh|p2a: Necrozma
|
|-heal|p2a: Necrozma|78/100 brn|[from] item: Leftovers
|-damage|p1a: Ho-Oh|65/100 tox|[from] psn
|-damage|p2a: Necrozma|72/100 brn|[from] brn
|upkeep
|turn|66
|c|☆Black Shadow 666|well
|c|☆Black Shadow 666|fuck
|c|☆Black Shadow 666|gg
|c| mesamokaedna|it is gg D:
|-message|Black Shadow 666 forfeited.
|
|win|TheDarkRising
|raw|Black Shadow 666's rating: 1591 &rarr; <strong>1562</strong><br />(-29 for losing)
|raw|TheDarkRising's rating: 1430 &rarr; <strong>1459</strong><br />(+29 for winning)
|l|☆Black Shadow 666
|c| mesamokaedna|cause at the end it turned to mud
