|j|☆PokeDuels
|j|☆0nomatopoeia
|t:|1633923023
|gametype|singles
|player|p1|PokeDuels|2|1485
|player|p2|0nomatopoeia|collector|1452
|teamsize|p1|6
|teamsize|p2|6
|gen|8
|tier|[Gen 8] Ubers
|rated|
|rule|Sleep Clause Mod: Limit one foe put to sleep
|rule|Species Clause: Limit one of each Pokémon
|rule|OHKO Clause: OHKO moves are banned
|rule|Evasion Moves Clause: Evasion moves are banned
|rule|Endless Battle Clause: Forcing endless battles is banned
|rule|HP Percentage Mod: HP is shown in percentages
|rule|Dynamax Clause: You cannot dynamax
|clearpoke
|poke|p1|Necrozma-Dusk-Mane|
|poke|p1|Ho-Oh|
|poke|p1|Eternatus|
|poke|p1|Zygarde|
|poke|p1|Lunala|
|poke|p1|Audino, M|
|poke|p2|Calyrex-Ice|
|poke|p2|Slowbro, M|
|poke|p2|Dracovish|
|poke|p2|Necrozma-Dusk-Mane|
|poke|p2|Tyranitar, M|
|poke|p2|Gastrodon-East, F|
|teampreview
|
|t:|1633923046
|start
|switch|p1a: Eternatus|Eternatus|100/100
|switch|p2a: Slowbro|Slowbro, M|100/100
|-ability|p1a: Eternatus|Pressure
|turn|1
|
|t:|1633923049
|move|p1a: Eternatus|Toxic Spikes|p2a: Slowbro
|-sidestart|p2: 0nomatopoeia|move: Toxic Spikes
|move|p2a: Slowbro|Trick Room|p2a: Slowbro
|-fieldstart|move: Trick Room|[of] p2a: Slowbro
|
|upkeep
|turn|2
|
|t:|1633923054
|move|p1a: Eternatus|Toxic Spikes|p2a: Slowbro
|-sidestart|p2: 0nomatopoeia|move: Toxic Spikes
|move|p2a: Slowbro|Teleport|p2a: Slowbro
|
|t:|1633923069
|switch|p2a: Calyrex|Calyrex-Ice|100/100|[from]move: Teleport
|-ability|p2a: Calyrex|As One
|-ability|p2a: Calyrex|Unnerve
|
|upkeep
|turn|3
|
|t:|1633923074
|switch|p2a: Dracovish|Dracovish, shiny|100/100
|-status|p2a: Dracovish|tox
|switch|p1a: Necrozma|Necrozma-Dusk-Mane|100/100
|
|-damage|p2a: Dracovish|94/100 tox|[from] psn
|upkeep
|turn|4
|
|t:|1633923084
|switch|p1a: Zygarde|Zygarde|100/100
|move|p2a: Dracovish|Fishious Rend|p1a: Zygarde
|-damage|p1a: Zygarde|0 fnt
|faint|p1a: Zygarde
|
|-damage|p2a: Dracovish|82/100 tox|[from] psn
|upkeep
|
|t:|1633923090
|switch|p1a: Eternatus|Eternatus|100/100
|-ability|p1a: Eternatus|Pressure
|turn|5
|
|t:|1633923105
|switch|p2a: Necrozma|Necrozma-Dusk-Mane|100/100
|switch|p1a: Audino|Audino, M|100/100
|
|-fieldend|move: Trick Room
|upkeep
|turn|6
|
|t:|1633923110
|move|p2a: Necrozma|Sunsteel Strike|p1a: Audino
|-damage|p1a: Audino|60/100
|move|p1a: Audino|Knock Off|p2a: Necrozma
|-supereffective|p2a: Necrozma
|-damage|p2a: Necrozma|86/100
|-enditem|p2a: Necrozma|Weakness Policy
|-boost|p2a: Necrozma|atk|2|[from] item: Weakness Policy
|-boost|p2a: Necrozma|spa|2|[from] item: Weakness Policy
|
|upkeep
|turn|7
|
|t:|1633923114
|switch|p1a: Lunala|Lunala|100/100
|move|p2a: Necrozma|Trick Room|p2a: Necrozma
|-fieldstart|move: Trick Room|[of] p2a: Necrozma
|
|upkeep
|turn|8
|
|t:|1633923118
|switch|p2a: Tyranitar|Tyranitar, M|100/100
|-weather|Sandstorm|[from] ability: Sand Stream|[of] p2a: Tyranitar
|move|p1a: Lunala|Will-O-Wisp|p2a: Tyranitar
|-status|p2a: Tyranitar|brn
|
|-weather|Sandstorm|[upkeep]
|-damage|p1a: Lunala|94/100|[from] Sandstorm
|-damage|p2a: Tyranitar|94/100 brn|[from] brn
|upkeep
|turn|9
|
|t:|1633923128
|switch|p1a: Audino|Audino, M|93/100
|move|p2a: Tyranitar|Stealth Rock|p1a: Audino
|-sidestart|p1: PokeDuels|move: Stealth Rock
|
|-weather|Sandstorm|[upkeep]
|-damage|p1a: Audino|87/100|[from] Sandstorm
|-damage|p2a: Tyranitar|88/100 brn|[from] brn
|upkeep
|turn|10
|
|t:|1633923132
|move|p2a: Tyranitar|Toxic|p1a: Audino
|-status|p1a: Audino|tox
|move|p1a: Audino|Wish|p1a: Audino
|
|-weather|Sandstorm|[upkeep]
|-damage|p1a: Audino|81/100 tox|[from] Sandstorm
|-damage|p1a: Audino|75/100 tox|[from] psn
|-damage|p2a: Tyranitar|82/100 brn|[from] brn
|upkeep
|turn|11
|
|t:|1633923145
|switch|p2a: Necrozma|Necrozma-Dusk-Mane|86/100
|move|p1a: Audino|Knock Off|p2a: Necrozma
|-supereffective|p2a: Necrozma
|-damage|p2a: Necrozma|76/100
|
|-weather|Sandstorm|[upkeep]
|-damage|p1a: Audino|69/100 tox|[from] Sandstorm
|-heal|p1a: Audino|100/100 tox|[from] move: Wish|[wisher] Audino
|-damage|p1a: Audino|88/100 tox|[from] psn
|-fieldend|move: Trick Room
|upkeep
|turn|12
|
|t:|1633923149
|move|p1a: Audino|Heal Bell|p1a: Audino
|-activate|p1a: Audino|move: Heal Bell
|-curestatus|p1a: Audino|tox|[msg]
|move|p2a: Necrozma|Trick Room|p2a: Necrozma
|-fieldstart|move: Trick Room|[of] p2a: Necrozma
|
|-weather|none
|upkeep
|turn|13
|
|t:|1633923152
|move|p1a: Audino|Encore|p2a: Necrozma
|-start|p2a: Necrozma|Encore
|move|p2a: Necrozma|Trick Room|p2a: Necrozma
|-fieldend|move: Trick Room
|
|upkeep
|turn|14
|
|t:|1633923160
|switch|p1a: Necrozma|Necrozma-Dusk-Mane|100/100
|-damage|p1a: Necrozma|94/100|[from] Stealth Rock
|move|p2a: Necrozma|Trick Room|p2a: Necrozma
|-fieldstart|move: Trick Room|[of] p2a: Necrozma
|
|-heal|p1a: Necrozma|100/100|[from] item: Leftovers
|upkeep
|turn|15
|
|t:|1633923166
|switch|p2a: Slowbro|Slowbro, M|100/100
|move|p1a: Necrozma|Stealth Rock|p2a: Slowbro
|-sidestart|p2: 0nomatopoeia|move: Stealth Rock
|
|upkeep
|turn|16
|
|t:|1633923168
|move|p1a: Necrozma|Thunder Wave|p2a: Slowbro
|-status|p2a: Slowbro|par
|move|p2a: Slowbro|Teleport|p2a: Slowbro
|
|t:|1633923172
|switch|p2a: Dracovish|Dracovish, shiny|82/100 tox|[from]move: Teleport
|-damage|p2a: Dracovish|70/100 tox|[from] Stealth Rock
|
|-damage|p2a: Dracovish|64/100 tox|[from] psn
|upkeep
|turn|17
|
|t:|1633923177
|switch|p1a: Eternatus|Eternatus|100/100
|-ability|p1a: Eternatus|Pressure
|move|p2a: Dracovish|Fishious Rend|p1a: Eternatus
|-resisted|p1a: Eternatus
|-damage|p1a: Eternatus|29/100
|
|-damage|p2a: Dracovish|52/100 tox|[from] psn
|upkeep
|turn|18
|
|t:|1633923205
|switch|p1a: Audino|Audino, M|100/100
|move|p2a: Dracovish|Fishious Rend|p1a: Audino
|-damage|p1a: Audino|0 fnt
|faint|p1a: Audino
|
|-damage|p2a: Dracovish|34/100 tox|[from] psn
|-fieldend|move: Trick Room
|upkeep
|
|t:|1633923218
|switch|p1a: Eternatus|Eternatus|29/100
|-ability|p1a: Eternatus|Pressure
|turn|19
|
|t:|1633923227
|switch|p2a: Calyrex|Calyrex-Ice|100/100
|-ability|p2a: Calyrex|As One
|-ability|p2a: Calyrex|Unnerve
|move|p1a: Eternatus|Recover|p1a: Eternatus
|-heal|p1a: Eternatus|79/100
|
|upkeep
|turn|20
|
|t:|1633923233
|switch|p1a: Lunala|Lunala|94/100
|move|p2a: Calyrex|High Horsepower|p1a: Lunala
|-damage|p1a: Lunala|60/100
|
|upkeep
|turn|21
|
|t:|1633923245
|switch|p2a: Tyranitar|Tyranitar, M|82/100 brn
|-weather|Sandstorm|[from] ability: Sand Stream|[of] p2a: Tyranitar
|move|p1a: Lunala|Roost|p1a: Lunala
|-heal|p1a: Lunala|100/100
|-singleturn|p1a: Lunala|move: Roost
|
|-weather|Sandstorm|[upkeep]
|-damage|p1a: Lunala|94/100|[from] Sandstorm
|-damage|p2a: Tyranitar|76/100 brn|[from] brn
|upkeep
|turn|22
|
|t:|1633923253
|switch|p1a: Ho-Oh|Ho-Oh|100/100
|move|p2a: Tyranitar|Crunch|p1a: Ho-Oh
|-damage|p1a: Ho-Oh|85/100
|
|-weather|Sandstorm|[upkeep]
|-damage|p1a: Ho-Oh|78/100|[from] Sandstorm
|-damage|p2a: Tyranitar|70/100 brn|[from] brn
|upkeep
|turn|23
|
|t:|1633923262
|switch|p1a: Eternatus|Eternatus|79/100
|-ability|p1a: Eternatus|Pressure
|switch|p2a: Gastrodon|Gastrodon-East, F|100/100
|
|-weather|Sandstorm|[upkeep]
|-damage|p1a: Eternatus|73/100|[from] Sandstorm
|upkeep
|turn|24
|
|t:|1633923271
|switch|p1a: Ho-Oh|Ho-Oh|100/100
|move|p2a: Gastrodon|Earth Power|p1a: Ho-Oh
|-immune|p1a: Ho-Oh
|
|-weather|Sandstorm|[upkeep]
|-damage|p1a: Ho-Oh|94/100|[from] Sandstorm
|upkeep
|turn|25
|
|t:|1633923275
|move|p2a: Gastrodon|Toxic|p1a: Ho-Oh
|-status|p1a: Ho-Oh|tox
|move|p1a: Ho-Oh|Whirlwind|p2a: Gastrodon
|drag|p2a: Dracovish|Dracovish, shiny|34/100 tox
|-damage|p2a: Dracovish|22/100 tox|[from] Stealth Rock
|
|-weather|none
|-damage|p1a: Ho-Oh|88/100 tox|[from] psn
|-damage|p2a: Dracovish|16/100 tox|[from] psn
|upkeep
|turn|26
|
|t:|1633923284
|switch|p2a: Gastrodon|Gastrodon-East, F|100/100
|move|p1a: Ho-Oh|Brave Bird|p2a: Gastrodon
|-damage|p2a: Gastrodon|32/100
|-damage|p1a: Ho-Oh|65/100 tox|[from] Recoil
|
|-damage|p1a: Ho-Oh|52/100 tox|[from] psn
|upkeep
|turn|27
|
|t:|1633923295
|switch|p1a: Eternatus|Eternatus|73/100
|-ability|p1a: Eternatus|Pressure
|switch|p2a: Slowbro|Slowbro, M|100/100 par
|
|upkeep
|turn|28
|
|t:|1633923308
|move|p1a: Eternatus|Recover|p1a: Eternatus
|-heal|p1a: Eternatus|100/100
|move|p2a: Slowbro|Trick Room|p2a: Slowbro
|-fieldstart|move: Trick Room|[of] p2a: Slowbro
|
|upkeep
|turn|29
|
|t:|1633923316
|move|p1a: Eternatus|Sludge Bomb|p2a: Slowbro
|-damage|p2a: Slowbro|54/100 par
|cant|p2a: Slowbro|par
|
|upkeep
|turn|30
|
|t:|1633923323
|move|p1a: Eternatus|Draco Meteor|p2a: Slowbro
|-damage|p2a: Slowbro|0 fnt
|-unboost|p1a: Eternatus|spa|2
|faint|p2a: Slowbro
|
|upkeep
|
|t:|1633923330
|switch|p2a: Dracovish|Dracovish, shiny|16/100 tox
|-damage|p2a: Dracovish|4/100 tox|[from] Stealth Rock
|turn|31
|
|t:|1633923334
|move|p2a: Dracovish|Outrage|p1a: Eternatus
|-supereffective|p1a: Eternatus
|-damage|p1a: Eternatus|0 fnt
|faint|p1a: Eternatus
|
|-damage|p2a: Dracovish|0 fnt|[from] psn
|faint|p2a: Dracovish
|upkeep
|
|t:|1633923344
|switch|p2a: Necrozma|Necrozma-Dusk-Mane|76/100
|switch|p1a: Ho-Oh|Ho-Oh|86/100 tox
|-damage|p2a: Necrozma|70/100|[from] Stealth Rock
|turn|32
|
|t:|1633923353
|switch|p1a: Lunala|Lunala|94/100
|move|p2a: Necrozma|Stone Edge|p1a: Lunala
|-damage|p1a: Lunala|63/100
|
|-fieldend|move: Trick Room
|upkeep
|turn|33
|
|t:|1633923359
|switch|p2a: Tyranitar|Tyranitar, M|70/100 brn
|-weather|Sandstorm|[from] ability: Sand Stream|[of] p2a: Tyranitar
|move|p1a: Lunala|Will-O-Wisp|p2a: Tyranitar
|-fail|p2a: Tyranitar|brn
|
|-weather|Sandstorm|[upkeep]
|-damage|p1a: Lunala|57/100|[from] Sandstorm
|-damage|p2a: Tyranitar|63/100 brn|[from] brn
|upkeep
|turn|34
|
|t:|1633923367
|switch|p1a: Ho-Oh|Ho-Oh|100/100 tox
|move|p2a: Tyranitar|Stone Edge|p1a: Ho-Oh
|-supereffective|p1a: Ho-Oh
|-damage|p1a: Ho-Oh|21/100 tox
|
|-weather|Sandstorm|[upkeep]
|-damage|p1a: Ho-Oh|15/100 tox|[from] Sandstorm
|-damage|p1a: Ho-Oh|9/100 tox|[from] psn
|-damage|p2a: Tyranitar|57/100 brn|[from] brn
|upkeep
|turn|35
|
|t:|1633923377
|switch|p1a: Necrozma|Necrozma-Dusk-Mane|100/100
|-damage|p1a: Necrozma|94/100|[from] Stealth Rock
|switch|p2a: Gastrodon|Gastrodon-East, F|32/100
|
|-weather|Sandstorm|[upkeep]
|-heal|p1a: Necrozma|100/100|[from] item: Leftovers
|upkeep
|turn|36
|
|t:|1633923381
|switch|p1a: Ho-Oh|Ho-Oh|42/100 tox
|move|p2a: Gastrodon|Recover|p2a: Gastrodon
|-heal|p2a: Gastrodon|82/100
|
|-weather|Sandstorm|[upkeep]
|-damage|p1a: Ho-Oh|36/100 tox|[from] Sandstorm
|-damage|p1a: Ho-Oh|29/100 tox|[from] psn
|upkeep
|turn|37
|
|t:|1633923395
|switch|p1a: Lunala|Lunala|57/100
|move|p2a: Gastrodon|Recover|p2a: Gastrodon
|-heal|p2a: Gastrodon|100/100
|
|-weather|none
|upkeep
|turn|38
|
|t:|1633923401
|switch|p1a: Ho-Oh|Ho-Oh|63/100 tox
|move|p2a: Gastrodon|Toxic|p1a: Ho-Oh
|-fail|p1a: Ho-Oh|tox
|
|-damage|p1a: Ho-Oh|56/100 tox|[from] psn
|upkeep
|turn|39
|
|t:|1633923409
|switch|p1a: Necrozma|Necrozma-Dusk-Mane|100/100
|-damage|p1a: Necrozma|94/100|[from] Stealth Rock
|move|p2a: Gastrodon|Scald|p1a: Necrozma
|-damage|p1a: Necrozma|76/100
|
|-heal|p1a: Necrozma|82/100|[from] item: Leftovers
|upkeep
|turn|40
|
|t:|1633923416
|switch|p1a: Ho-Oh|Ho-Oh|89/100 tox
|move|p2a: Gastrodon|Scald|p1a: Ho-Oh
|-supereffective|p1a: Ho-Oh
|-damage|p1a: Ho-Oh|59/100 tox
|
|-damage|p1a: Ho-Oh|53/100 tox|[from] psn
|upkeep
|turn|41
|
|t:|1633923432
|switch|p1a: Lunala|Lunala|57/100
|move|p2a: Gastrodon|Scald|p1a: Lunala
|-damage|p1a: Lunala|40/100
|
|upkeep
|turn|42
|
|t:|1633923440
|move|p1a: Lunala|Will-O-Wisp|p2a: Gastrodon
|-status|p2a: Gastrodon|brn
|move|p2a: Gastrodon|Toxic|p1a: Lunala
|-status|p1a: Lunala|tox
|
|-damage|p1a: Lunala|34/100 tox|[from] psn
|-damage|p2a: Gastrodon|94/100 brn|[from] brn
|upkeep
|turn|43
|
|t:|1633923448
|move|p1a: Lunala|Roost|p1a: Lunala
|-heal|p1a: Lunala|84/100 tox
|-singleturn|p1a: Lunala|move: Roost
|move|p2a: Gastrodon|Scald|p1a: Lunala
|-damage|p1a: Lunala|66/100 tox
|
|-damage|p1a: Lunala|54/100 tox|[from] psn
|-damage|p2a: Gastrodon|88/100 brn|[from] brn
|upkeep
|turn|44
|
|t:|1633923458
|switch|p1a: Ho-Oh|Ho-Oh|86/100 tox
|move|p2a: Gastrodon|Scald|p1a: Ho-Oh
|-supereffective|p1a: Ho-Oh
|-damage|p1a: Ho-Oh|57/100 tox
|
|-damage|p1a: Ho-Oh|51/100 tox|[from] psn
|-damage|p2a: Gastrodon|82/100 brn|[from] brn
|upkeep
|turn|45
|
|t:|1633923464
|switch|p1a: Lunala|Lunala|54/100 tox
|move|p2a: Gastrodon|Scald|p1a: Lunala
|-damage|p1a: Lunala|35/100 tox
|
|-damage|p1a: Lunala|29/100 tox|[from] psn
|-damage|p2a: Gastrodon|76/100 brn|[from] brn
|upkeep
|turn|46
|
|t:|1633923470
|move|p1a: Lunala|Roost|p1a: Lunala
|-heal|p1a: Lunala|79/100 tox
|-singleturn|p1a: Lunala|move: Roost
|move|p2a: Gastrodon|Earth Power|p1a: Lunala
|-crit|p1a: Lunala
|-damage|p1a: Lunala|49/100 tox
|
|-damage|p1a: Lunala|37/100 tox|[from] psn
|-damage|p2a: Gastrodon|70/100 brn|[from] brn
|upkeep
|turn|47
|
|t:|1633923478
|switch|p1a: Ho-Oh|Ho-Oh|84/100 tox
|move|p2a: Gastrodon|Earth Power|p1a: Ho-Oh
|-immune|p1a: Ho-Oh
|
|-damage|p1a: Ho-Oh|78/100 tox|[from] psn
|-damage|p2a: Gastrodon|64/100 brn|[from] brn
|upkeep
|turn|48
|
|t:|1633923482
|move|p1a: Ho-Oh|Brave Bird|p2a: Gastrodon
|-damage|p2a: Gastrodon|0 fnt
|faint|p2a: Gastrodon
|-damage|p1a: Ho-Oh|57/100 tox|[from] Recoil
|
|-damage|p1a: Ho-Oh|44/100 tox|[from] psn
|upkeep
|
|t:|1633923486
|switch|p2a: Calyrex|Calyrex-Ice|100/100
|-ability|p2a: Calyrex|As One
|-ability|p2a: Calyrex|Unnerve
|turn|49
|
|t:|1633923491
|move|p1a: Ho-Oh|Sacred Fire|p2a: Calyrex
|-supereffective|p2a: Calyrex
|-damage|p2a: Calyrex|38/100
|move|p2a: Calyrex|Trick Room|p2a: Calyrex
|-fieldstart|move: Trick Room|[of] p2a: Calyrex
|
|-damage|p1a: Ho-Oh|25/100 tox|[from] psn
|upkeep
|turn|50
|
|t:|1633923514
|switch|p1a: Necrozma|Necrozma-Dusk-Mane|82/100
|-damage|p1a: Necrozma|76/100|[from] Stealth Rock
|move|p2a: Calyrex|Close Combat|p1a: Necrozma
|-damage|p1a: Necrozma|39/100
|-unboost|p2a: Calyrex|def|1
|-unboost|p2a: Calyrex|spd|1
|
|-heal|p1a: Necrozma|45/100|[from] item: Leftovers
|upkeep
|turn|51
|
|t:|1633923523
|move|p2a: Calyrex|High Horsepower|p1a: Necrozma
|-supereffective|p1a: Necrozma
|-damage|p1a: Necrozma|0 fnt
|faint|p1a: Necrozma
|-ability|p2a: Calyrex|Chilling Neigh|boost
|-boost|p2a: Calyrex|atk|1
|
|upkeep
|
|t:|1633923533
|switch|p1a: Lunala|Lunala|37/100 tox
|turn|52
|-message|PokeDuels forfeited.
|
|win|0nomatopoeia
|raw|PokeDuels's rating: 1485 &rarr; <strong>1463</strong><br />(-22 for losing)
|raw|0nomatopoeia's rating: 1452 &rarr; <strong>1474</strong><br />(+22 for winning)
|l|☆PokeDuels
