|j|☆heyroar9
|j|☆ULTW5R Yuno✿
|player|p1|heyroar9|102|1364
|player|p2|ULTW5R Yuno✿|cynthia-gen4|1474
|teamsize|p1|6
|teamsize|p2|6
|gametype|singles
|gen|8
|tier|[Gen 8] Ubers
|rated|
|clearpoke
|poke|p1|Ninetales, M|
|poke|p1|Charizard, M|
|poke|p1|Zacian-Crowned|
|poke|p1|Darmanitan-Galar, M|
|poke|p1|Eternatus|
|poke|p1|Necrozma-Dusk-Mane|
|poke|p2|Tyranitar, F|
|poke|p2|Zacian-Crowned|
|poke|p2|Necrozma-Dusk-Mane|
|poke|p2|Zekrom|
|poke|p2|Marshadow|
|poke|p2|Ditto|
|rule|Sleep Clause Mod: Limit one foe put to sleep
|rule|Species Clause: Limit one of each Pokémon
|rule|OHKO Clause: OHKO moves are banned
|rule|Evasion Moves Clause: Evasion moves are banned
|rule|Endless Battle Clause: Forcing endless battles is banned
|rule|HP Percentage Mod: HP is shown in percentages
|html|Ubers Dynamax Clause: Pokémon on the <a href="https://www.smogon.com/dex/ss/formats/uber/">Ubers Dynamax Banlist</a> cannot Dynamax.
|teampreview
|
|start
|switch|p1a: Darmanitan|Darmanitan-Galar, M|100/100
|switch|p2a: Tyranitar|Tyranitar, F|100/100
|-weather|Sandstorm|[from] ability: Sand Stream|[of] p2a: Tyranitar
|turn|1
|
|switch|p2a: Marshadow|Marshadow|100/100
|move|p1a: Darmanitan|U-turn|p2a: Marshadow
|-resisted|p2a: Marshadow
|-damage|p2a: Marshadow|88/100
|
|switch|p1a: Zacian|Zacian-Crowned|100/100|[from]move: U-turn
|-ability|p1a: Zacian|Intrepid Sword|boost
|-boost|p1a: Zacian|atk|1
|
|-weather|Sandstorm|[upkeep]
|-damage|p2a: Marshadow|81/100|[from] Sandstorm
|upkeep
|turn|2
|
|switch|p2a: Necrozma|Necrozma-Dusk-Mane|100/100
|move|p1a: Zacian|Crunch|p2a: Necrozma
|-supereffective|p2a: Necrozma
|-damage|p2a: Necrozma|62/100
|-enditem|p2a: Necrozma|Weakness Policy
|-boost|p2a: Necrozma|atk|2|[from] item: Weakness Policy
|-boost|p2a: Necrozma|spa|2|[from] item: Weakness Policy
|
|-weather|Sandstorm|[upkeep]
|upkeep
|turn|3
|
|move|p1a: Zacian|Crunch|p2a: Necrozma
|-supereffective|p2a: Necrozma
|-damage|p2a: Necrozma|22/100
|move|p2a: Necrozma|Sunsteel Strike|p1a: Zacian
|-damage|p1a: Zacian|9/100
|
|-weather|Sandstorm|[upkeep]
|upkeep
|turn|4
|
|switch|p2a: Tyranitar|Tyranitar, F|100/100
|move|p1a: Zacian|Behemoth Blade|p2a: Tyranitar
|-supereffective|p2a: Tyranitar
|-damage|p2a: Tyranitar|0 fnt
|faint|p2a: Tyranitar
|
|-weather|Sandstorm|[upkeep]
|upkeep
|
|switch|p2a: Marshadow|Marshadow|81/100
|turn|5
|
|switch|p1a: Ninetales|Ninetales, M, shiny|100/100
|-weather|SunnyDay|[from] ability: Drought|[of] p1a: Ninetales
|move|p2a: Marshadow|Shadow Sneak|p1a: Ninetales
|-damage|p1a: Ninetales|56/100
|-damage|p2a: Marshadow|72/100|[from] item: Life Orb
|
|-weather|SunnyDay|[upkeep]
|upkeep
|turn|6
|
|move|p2a: Marshadow|Spectral Thief|p1a: Ninetales
|-damage|p1a: Ninetales|0 fnt
|-damage|p2a: Marshadow|62/100|[from] item: Life Orb
|faint|p1a: Ninetales
|
|-weather|SunnyDay|[upkeep]
|upkeep
|
|switch|p1a: Charizard|Charizard, M, shiny|100/100
|turn|7
|
|-start|p1a: Charizard|Dynamax
|-heal|p1a: Charizard|100/100|[silent]
|move|p2a: Marshadow|Spectral Thief|p1a: Charizard
|-damage|p1a: Charizard|57/100
|-damage|p2a: Marshadow|52/100|[from] item: Life Orb
|move|p1a: Charizard|Max Airstream|p2a: Marshadow
|-supereffective|p2a: Marshadow
|-damage|p2a: Marshadow|0 fnt
|-boost|p1a: Charizard|spe|1
|faint|p2a: Marshadow
|
|-weather|SunnyDay|[upkeep]
|-damage|p1a: Charizard|51/100|[from] ability: Solar Power|[of] p1a: Charizard
|upkeep
|
|switch|p2a: Ditto|Ditto|100/100
|-transform|p2a: Ditto|p1a: Charizard|[from] ability: Imposter
|turn|8
|
|move|p2a: Ditto|Flamethrower|p1a: Charizard
|-resisted|p1a: Charizard
|-damage|p1a: Charizard|20/100
|move|p1a: Charizard|Max Airstream|p2a: Ditto
|-damage|p2a: Ditto|0 fnt
|-boost|p1a: Charizard|spe|1
|faint|p2a: Ditto
|
|-weather|SunnyDay|[upkeep]
|-damage|p1a: Charizard|14/100|[from] ability: Solar Power|[of] p1a: Charizard
|upkeep
|-message|ULTW5R Yuno✿ forfeited.
|
|win|heyroar9
|l|☆ULTW5R Yuno✿
||Ladder (probably) updated, but score could not be retrieved (Response not received).
