|j|☆Verstraeten
|j|☆PokeDuels
|t:|1618277305
|gametype|singles
|player|p1|Verstraeten|scientist|1198
|player|p2|PokeDuels|101|1498
|teamsize|p1|6
|teamsize|p2|6
|gen|8
|tier|[Gen 8] Ubers
|rated|
|clearpoke
|poke|p1|Naganadel|
|poke|p1|Malamar, M|
|poke|p1|Galvantula, F|
|poke|p1|Slurpuff, F|
|poke|p1|Cloyster, F|
|poke|p1|Polteageist|
|poke|p2|Kyogre|
|poke|p2|Dracovish|
|poke|p2|Xatu, F|
|poke|p2|Magearna|
|poke|p2|Porygon2|
|poke|p2|Politoed, F|
|rule|Sleep Clause Mod: Limit one foe put to sleep
|rule|Species Clause: Limit one of each Pokémon
|rule|OHKO Clause: OHKO moves are banned
|rule|Evasion Moves Clause: Evasion moves are banned
|rule|Endless Battle Clause: Forcing endless battles is banned
|rule|HP Percentage Mod: HP is shown in percentages
|rule|Dynamax Clause: You cannot dynamax
|teampreview
|c|☆Verstraeten|glhf!
|inactive|Battle timer is ON: inactive players will automatically lose when time's up. (requested by Verstraeten)
|
|t:|1618277315
|start
|switch|p1a: Galvan-Eyes|Galvantula, F|100/100
|switch|p2a: Xatu|Xatu, F|100/100
|turn|1
|
|t:|1618277329
|switch|p2a: Porygon2|Porygon2|100/100
|-ability|p2a: Porygon2|Compound Eyes|[from] ability: Trace|[of] p1a: Galvan-Eyes
|move|p1a: Galvan-Eyes|Thunder|p2a: Porygon2
|-damage|p2a: Porygon2|70/100
|-status|p2a: Porygon2|par
|
|upkeep
|turn|2
|
|t:|1618277337
|move|p1a: Galvan-Eyes|Sticky Web|p2a: Porygon2
|-sidestart|p2: PokeDuels|move: Sticky Web
|move|p2a: Porygon2|Trick Room|p2a: Porygon2
|-fieldstart|move: Trick Room|[of] p2a: Porygon2
|
|upkeep
|turn|3
|
|t:|1618277344
|move|p2a: Porygon2|Foul Play|p1a: Galvan-Eyes
|-damage|p1a: Galvan-Eyes|74/100
|move|p1a: Galvan-Eyes|Thunder|p2a: Porygon2
|-damage|p2a: Porygon2|41/100 par
|
|upkeep
|turn|4
|
|t:|1618277348
|move|p2a: Porygon2|Recover|p2a: Porygon2
|-heal|p2a: Porygon2|91/100 par
|move|p1a: Galvan-Eyes|Giga Drain|p2a: Porygon2
|-damage|p2a: Porygon2|78/100 par
|-heal|p1a: Galvan-Eyes|82/100|[from] drain|[of] p2a: Porygon2
|
|upkeep
|turn|5
|
|t:|1618277353
|move|p2a: Porygon2|Recover|p2a: Porygon2
|-heal|p2a: Porygon2|100/100 par
|move|p1a: Galvan-Eyes|Thunder|p2a: Porygon2
|-damage|p2a: Porygon2|72/100 par
|
|upkeep
|turn|6
|
|t:|1618277370
|move|p2a: Porygon2|Recover|p2a: Porygon2
|-heal|p2a: Porygon2|100/100 par
|move|p1a: Galvan-Eyes|Thunder|p2a: Porygon2
|-damage|p2a: Porygon2|71/100 par
|
|-fieldend|move: Trick Room
|upkeep
|turn|7
|
|t:|1618277379
|move|p1a: Galvan-Eyes|Bug Buzz|p2a: Porygon2
|-damage|p2a: Porygon2|47/100 par
|move|p2a: Porygon2|Trick Room|p2a: Porygon2
|-fieldstart|move: Trick Room|[of] p2a: Porygon2
|
|upkeep
|turn|8
|
|t:|1618277382
|cant|p2a: Porygon2|par
|move|p1a: Galvan-Eyes|Bug Buzz|p2a: Porygon2
|-damage|p2a: Porygon2|23/100 par
|
|upkeep
|turn|9
|
|t:|1618277385
|move|p2a: Porygon2|Recover|p2a: Porygon2
|-heal|p2a: Porygon2|73/100 par
|move|p1a: Galvan-Eyes|Bug Buzz|p2a: Porygon2
|-damage|p2a: Porygon2|48/100 par
|
|upkeep
|turn|10
|
|t:|1618277388
|move|p2a: Porygon2|Recover|p2a: Porygon2
|-heal|p2a: Porygon2|98/100 par
|move|p1a: Galvan-Eyes|Bug Buzz|p2a: Porygon2
|-damage|p2a: Porygon2|73/100 par
|
|upkeep
|turn|11
|
|t:|1618277393
|move|p2a: Porygon2|Recover|p2a: Porygon2
|-heal|p2a: Porygon2|100/100 par
|move|p1a: Galvan-Eyes|Bug Buzz|p2a: Porygon2
|-damage|p2a: Porygon2|76/100 par
|
|-fieldend|move: Trick Room
|upkeep
|turn|12
|
|t:|1618277416
|move|p1a: Galvan-Eyes|Bug Buzz|p2a: Porygon2
|-damage|p2a: Porygon2|50/100 par
|-unboost|p2a: Porygon2|spd|1
|move|p2a: Porygon2|Trick Room|p2a: Porygon2
|-fieldstart|move: Trick Room|[of] p2a: Porygon2
|
|upkeep
|turn|13
|
|t:|1618277429
|switch|p2a: Magearna|Magearna|100/100
|-activate|p2a: Magearna|move: Sticky Web
|-unboost|p2a: Magearna|spe|1
|move|p1a: Galvan-Eyes|Bug Buzz|p2a: Magearna
|-resisted|p2a: Magearna
|-damage|p2a: Magearna|95/100
|
|upkeep
|turn|14
|
|t:|1618277437
|move|p1a: Galvan-Eyes|Thunder|p2a: Magearna
|-damage|p2a: Magearna|68/100
|-status|p2a: Magearna|par
|move|p2a: Magearna|Fleur Cannon|p1a: Galvan-Eyes
|-damage|p1a: Galvan-Eyes|0 fnt
|-unboost|p2a: Magearna|spa|2
|faint|p1a: Galvan-Eyes
|-ability|p2a: Magearna|Soul-Heart|boost
|-boost|p2a: Magearna|spa|1
|
|upkeep
|
|t:|1618277454
|switch|p1a: Naginata|Naganadel|100/100
|turn|15
|
|t:|1618277456
|move|p1a: Naginata|Nasty Plot|p1a: Naginata
|-boost|p1a: Naginata|spa|2
|cant|p2a: Magearna|par
|
|upkeep
|turn|16
|
|t:|1618277462
|move|p1a: Naginata|Flamethrower|p2a: Magearna
|-supereffective|p2a: Magearna
|-damage|p2a: Magearna|0 fnt
|faint|p2a: Magearna
|-ability|p1a: Naginata|Beast Boost|boost
|-boost|p1a: Naginata|spa|1
|
|-fieldend|move: Trick Room
|upkeep
|
|t:|1618277466
|switch|p2a: Xatu|Xatu, F|100/100
|turn|17
|
|t:|1618277470
|move|p1a: Naginata|Sludge Wave|p2a: Xatu
|-enditem|p2a: Xatu|Focus Sash
|-damage|p2a: Xatu|1/100
|-status|p2a: Xatu|psn
|move|p2a: Xatu|Trick Room|p2a: Xatu
|-fieldstart|move: Trick Room|[of] p2a: Xatu
|
|-damage|p2a: Xatu|0 fnt|[from] psn
|faint|p2a: Xatu
|upkeep
|
|t:|1618277477
|switch|p2a: Politoed|Politoed, F|100/100
|-activate|p2a: Politoed|move: Sticky Web
|-unboost|p2a: Politoed|spe|1
|-weather|RainDance|[from] ability: Drizzle|[of] p2a: Politoed
|turn|18
|
|t:|1618277480
|move|p2a: Politoed|Ice Beam|p1a: Naginata
|-supereffective|p1a: Naginata
|-damage|p1a: Naginata|47/100
|move|p1a: Naginata|Dragon Pulse|p2a: Politoed
|-damage|p2a: Politoed|5/100
|-enditem|p2a: Politoed|Eject Button
|
|t:|1618277485
|switch|p2a: Dracovish|Dracovish|100/100
|-activate|p2a: Dracovish|move: Sticky Web
|-unboost|p2a: Dracovish|spe|1
|
|-weather|RainDance|[upkeep]
|-heal|p1a: Naginata|53/100|[from] item: Leftovers
|upkeep
|turn|19
|
|t:|1618277491
|move|p2a: Dracovish|Fishious Rend|p1a: Naginata
|-resisted|p1a: Naginata
|-damage|p1a: Naginata|0 fnt
|faint|p1a: Naginata
|
|-weather|RainDance|[upkeep]
|upkeep
|
|t:|1618277500
|switch|p1a: Ramalam|Malamar, M|100/100
|turn|20
|
|t:|1618277503
|move|p2a: Dracovish|Fishious Rend|p1a: Ramalam
|-damage|p1a: Ramalam|0 fnt
|faint|p1a: Ramalam
|
|-weather|RainDance|[upkeep]
|upkeep
|
|t:|1618277512
|switch|p1a: Tsarskaya|Cloyster, F|100/100
|turn|21
|
|t:|1618277517
|move|p2a: Dracovish|Fishious Rend|p1a: Tsarskaya
|-resisted|p1a: Tsarskaya
|-damage|p1a: Tsarskaya|0 fnt
|faint|p1a: Tsarskaya
|
|-weather|RainDance|[upkeep]
|-fieldend|move: Trick Room
|upkeep
|
|t:|1618277523
|switch|p1a: Mr. Tea|Polteageist|100/100
|turn|22
|
|t:|1618277525
|move|p1a: Mr. Tea|Shell Smash|p1a: Mr. Tea
|-unboost|p1a: Mr. Tea|def|1
|-unboost|p1a: Mr. Tea|spd|1
|-boost|p1a: Mr. Tea|atk|2
|-boost|p1a: Mr. Tea|spa|2
|-boost|p1a: Mr. Tea|spe|2
|move|p2a: Dracovish|Fishious Rend|p1a: Mr. Tea
|-enditem|p1a: Mr. Tea|Focus Sash
|-damage|p1a: Mr. Tea|1/100
|
|-weather|none
|upkeep
|turn|23
|
|t:|1618277535
|switch|p2a: Politoed|Politoed, F|5/100
|-activate|p2a: Politoed|move: Sticky Web
|-unboost|p2a: Politoed|spe|1
|-weather|RainDance|[from] ability: Drizzle|[of] p2a: Politoed
|move|p1a: Mr. Tea|Stored Power|p2a: Politoed
|-damage|p2a: Politoed|0 fnt
|faint|p2a: Politoed
|
|-weather|RainDance|[upkeep]
|upkeep
|
|t:|1618277538
|switch|p2a: Kyogre|Kyogre|100/100
|-activate|p2a: Kyogre|move: Sticky Web
|-unboost|p2a: Kyogre|spe|1
|turn|24
|
|t:|1618277544
|move|p1a: Mr. Tea|Giga Drain|p2a: Kyogre
|-supereffective|p2a: Kyogre
|-damage|p2a: Kyogre|13/100
|-heal|p1a: Mr. Tea|58/100|[from] drain|[of] p2a: Kyogre
|move|p2a: Kyogre|Thunder|p1a: Mr. Tea
|-damage|p1a: Mr. Tea|0 fnt
|-start|p2a: Kyogre|Disable|Thunder|[from] ability: Cursed Body|[of] p1a: Mr. Tea
|faint|p1a: Mr. Tea
|
|-weather|RainDance|[upkeep]
|upkeep
|
|t:|1618277548
|switch|p1a: SlurPummeler|Slurpuff, F|100/100
|turn|25
|
|t:|1618277554
|move|p1a: SlurPummeler|Belly Drum|p1a: SlurPummeler
|-damage|p1a: SlurPummeler|50/100
|-setboost|p1a: SlurPummeler|atk|6|[from] move: Belly Drum
|-enditem|p1a: SlurPummeler|Sitrus Berry|[eat]
|-heal|p1a: SlurPummeler|75/100|[from] item: Sitrus Berry
|-activate|p2a: Kyogre|move: Struggle
|move|p2a: Kyogre|Struggle|p1a: SlurPummeler
|-damage|p1a: SlurPummeler|63/100
|-damage|p2a: Kyogre|0 fnt|[from] recoil
|faint|p2a: Kyogre
|
|-weather|RainDance|[upkeep]
|upkeep
|
|t:|1618277556
|switch|p2a: Porygon2|Porygon2|50/100 par
|-activate|p2a: Porygon2|move: Sticky Web
|-unboost|p2a: Porygon2|spe|1
|-ability|p2a: Porygon2|Unburden|[from] ability: Trace|[of] p1a: SlurPummeler
|turn|26
|
|t:|1618277560
|move|p1a: SlurPummeler|Drain Punch|p2a: Porygon2
|-supereffective|p2a: Porygon2
|-damage|p2a: Porygon2|0 fnt
|-heal|p1a: SlurPummeler|93/100|[from] drain|[of] p2a: Porygon2
|faint|p2a: Porygon2
|
|-weather|RainDance|[upkeep]
|upkeep
|
|t:|1618277563
|switch|p2a: Dracovish|Dracovish|100/100
|-activate|p2a: Dracovish|move: Sticky Web
|-unboost|p2a: Dracovish|spe|1
|turn|27
|c|☆Verstraeten|gg
|
|t:|1618277568
|move|p1a: SlurPummeler|Play Rough|p2a: Dracovish|[miss]
|-miss|p1a: SlurPummeler|p2a: Dracovish
|move|p2a: Dracovish|Fishious Rend|p1a: SlurPummeler
|-damage|p1a: SlurPummeler|0 fnt
|faint|p1a: SlurPummeler
|
|win|PokeDuels
|raw|Verstraeten's rating: 1198 &rarr; <strong>1191</strong><br />(-7 for losing)
|raw|PokeDuels's rating: 1511 &rarr; <strong>1517</strong><br />(+6 for winning)
|c|☆Verstraeten|aaaah
|l|☆PokeDuels
