|j|☆emiyo
|j|☆chris466
|t:|1655153660
|gametype|singles
|player|p1|emiyo|266|1490
|player|p2|chris466|burglar|1345
|teamsize|p1|6
|teamsize|p2|6
|gen|8
|tier|[Gen 8] Ubers
|rated|
|rule|Sleep Clause Mod: Limit one foe put to sleep
|rule|Species Clause: Limit one of each Pokémon
|rule|OHKO Clause: OHKO moves are banned
|rule|Evasion Moves Clause: Evasion moves are banned
|rule|Endless Battle Clause: Forcing endless battles is banned
|rule|HP Percentage Mod: HP is shown in percentages
|rule|Dynamax Clause: You cannot dynamax
|clearpoke
|poke|p1|Xerneas-*|
|poke|p1|Klefki, M|
|poke|p1|Zekrom|
|poke|p1|Calyrex-Shadow|
|poke|p1|Necrozma-Dusk-Mane|
|poke|p1|Yveltal|
|poke|p2|Obstagoon, F|
|poke|p2|Zygarde|
|poke|p2|Giratina-Origin|
|poke|p2|Groudon|
|poke|p2|Venusaur, M|
|poke|p2|Xerneas-*|
|teampreview
|inactive|Battle timer is ON: inactive players will automatically lose when time's up. (requested by chris466)
|
|t:|1655153674
|start
|switch|p1a: Calyrex|Calyrex-Shadow|100/100
|switch|p2a: Obstagoon|Obstagoon, F|100/100
|-ability|p1a: Calyrex|As One
|-ability|p1a: Calyrex|Unnerve
|turn|1
|
|t:|1655153683
|switch|p1a: Yveltal|Yveltal|100/100
|-ability|p1a: Yveltal|Dark Aura
|move|p2a: Obstagoon|Parting Shot|p1a: Yveltal
|-unboost|p1a: Yveltal|atk|1
|-unboost|p1a: Yveltal|spa|1
|
|t:|1655153688
|switch|p2a: Xerneas|Xerneas|100/100|[from]move: Parting Shot
|-ability|p2a: Xerneas|Fairy Aura
|
|upkeep
|turn|2
|
|t:|1655153696
|move|p2a: Xerneas|Moonblast|p1a: Yveltal
|-supereffective|p1a: Yveltal
|-damage|p1a: Yveltal|0 fnt
|faint|p1a: Yveltal
|
|upkeep
|
|t:|1655153702
|switch|p1a: Necrozma|Necrozma-Dusk-Mane|100/100
|turn|3
|
|t:|1655153706
|switch|p2a: Zygarde|Zygarde|100/100
|move|p1a: Necrozma|Dragon Dance|p1a: Necrozma
|-boost|p1a: Necrozma|atk|1
|-boost|p1a: Necrozma|spe|1
|
|upkeep
|turn|4
|
|t:|1655153719
|switch|p1a: Zekrom|Zekrom|100/100
|-ability|p1a: Zekrom|Teravolt
|move|p2a: Zygarde|Glare|p1a: Zekrom
|-immune|p1a: Zekrom
|
|upkeep
|turn|5
|
|t:|1655153729
|switch|p2a: Groudon|Groudon|100/100
|-weather|SunnyDay|[from] ability: Drought|[of] p2a: Groudon
|move|p1a: Zekrom|Dragon Dance|p1a: Zekrom
|-boost|p1a: Zekrom|atk|1
|-boost|p1a: Zekrom|spe|1
|
|-weather|SunnyDay|[upkeep]
|upkeep
|turn|6
|
|t:|1655153737
|move|p1a: Zekrom|Dragon Claw|p2a: Groudon
|-damage|p2a: Groudon|56/100
|-damage|p1a: Zekrom|91/100|[from] item: Life Orb
|move|p2a: Groudon|Precipice Blades|p1a: Zekrom
|-supereffective|p1a: Zekrom
|-damage|p1a: Zekrom|0 fnt
|faint|p1a: Zekrom
|
|-weather|SunnyDay|[upkeep]
|upkeep
|
|t:|1655153745
|switch|p1a: Klefki|Klefki, M|100/100
|turn|7
|
|t:|1655153749
|switch|p2a: Giratina|Giratina-Origin|100/100
|move|p1a: Klefki|Reflect|p1a: Klefki
|-sidestart|p1: emiyo|Reflect
|
|-weather|SunnyDay|[upkeep]
|upkeep
|turn|8
|
|t:|1655153754
|move|p1a: Klefki|Thunder Wave|p2a: Giratina
|-status|p2a: Giratina|par
|move|p2a: Giratina|Defog|p1a: Klefki
|-unboost|p1a: Klefki|evasion|1
|-sideend|p1: emiyo|Reflect
|
|-weather|SunnyDay|[upkeep]
|upkeep
|turn|9
|
|t:|1655153765
|switch|p1a: Calyrex|Calyrex-Shadow|100/100
|-ability|p1a: Calyrex|As One
|-ability|p1a: Calyrex|Unnerve
|switch|p2a: Zygarde|Zygarde|100/100
|
|-weather|SunnyDay|[upkeep]
|upkeep
|turn|10
|
|t:|1655153780
|move|p1a: Calyrex|Leech Seed|p2a: Zygarde
|-start|p2a: Zygarde|move: Leech Seed
|move|p2a: Zygarde|Glare|p1a: Calyrex
|-status|p1a: Calyrex|par
|
|-weather|SunnyDay|[upkeep]
|-damage|p2a: Zygarde|88/100|[from] Leech Seed|[of] p1a: Calyrex
|upkeep
|turn|11
|
|t:|1655153790
|switch|p2a: Obstagoon|Obstagoon, F|100/100
|switch|p1a: Necrozma|Necrozma-Dusk-Mane|100/100
|
|-weather|SunnyDay|[upkeep]
|-status|p2a: Obstagoon|brn|[from] item: Flame Orb
|upkeep
|turn|12
|
|t:|1655153800
|move|p2a: Obstagoon|Switcheroo|p1a: Necrozma
|-activate|p2a: Obstagoon|move: Trick|[of] p1a: Necrozma
|-item|p1a: Necrozma|Flame Orb|[from] move: Switcheroo
|-item|p2a: Obstagoon|Weakness Policy|[from] move: Switcheroo
|move|p1a: Necrozma|Dragon Dance|p1a: Necrozma
|-boost|p1a: Necrozma|atk|1
|-boost|p1a: Necrozma|spe|1
|
|-weather|none
|-damage|p2a: Obstagoon|94/100 brn|[from] brn
|-status|p1a: Necrozma|brn|[from] item: Flame Orb
|upkeep
|turn|13
|
|t:|1655153816
|move|p1a: Necrozma|Iron Head|p2a: Obstagoon
|-damage|p2a: Obstagoon|56/100 brn
|move|p2a: Obstagoon|Parting Shot|p1a: Necrozma
|-unboost|p1a: Necrozma|atk|1
|-unboost|p1a: Necrozma|spa|1
|
|t:|1655153822
|switch|p2a: Groudon|Groudon|56/100|[from]move: Parting Shot
|-weather|SunnyDay|[from] ability: Drought|[of] p2a: Groudon
|
|-weather|SunnyDay|[upkeep]
|-damage|p1a: Necrozma|95/100 brn|[from] brn
|upkeep
|turn|14
|
|t:|1655153831
|move|p1a: Necrozma|Knock Off|p2a: Groudon
|-damage|p2a: Groudon|46/100
|-enditem|p2a: Groudon|Heat Rock|[from] move: Knock Off|[of] p1a: Necrozma
|move|p2a: Groudon|Stealth Rock|p1a: Necrozma
|-sidestart|p1: emiyo|move: Stealth Rock
|
|-weather|SunnyDay|[upkeep]
|-damage|p1a: Necrozma|89/100 brn|[from] brn
|upkeep
|turn|15
|
|t:|1655153846
|switch|p1a: Klefki|Klefki, M|100/100
|-damage|p1a: Klefki|95/100|[from] Stealth Rock
|move|p2a: Groudon|Precipice Blades|p1a: Klefki|[miss]
|-miss|p2a: Groudon|p1a: Klefki
|
|-weather|SunnyDay|[upkeep]
|upkeep
|turn|16
|
|t:|1655153852
|move|p1a: Klefki|Reflect|p1a: Klefki
|-sidestart|p1: emiyo|Reflect
|move|p2a: Groudon|Precipice Blades|p1a: Klefki
|-supereffective|p1a: Klefki
|-damage|p1a: Klefki|48/100
|
|-weather|SunnyDay|[upkeep]
|upkeep
|turn|17
|
|t:|1655153860
|switch|p2a: Zygarde|Zygarde|88/100
|switch|p1a: Calyrex|Calyrex-Shadow|100/100 par
|-ability|p1a: Calyrex|As One
|-ability|p1a: Calyrex|Unnerve
|-damage|p1a: Calyrex|88/100 par|[from] Stealth Rock
|
|-weather|SunnyDay|[upkeep]
|-heal|p2a: Zygarde|94/100|[from] item: Leftovers
|upkeep
|turn|18
|
|t:|1655153871
|switch|p2a: Obstagoon|Obstagoon, F|56/100 brn
|move|p1a: Calyrex|Astral Barrage|p2a: Obstagoon
|-immune|p2a: Obstagoon
|
|-weather|SunnyDay|[upkeep]
|-damage|p2a: Obstagoon|50/100 brn|[from] brn
|upkeep
|turn|19
|
|t:|1655153883
|switch|p1a: Klefki|Klefki, M|48/100
|-damage|p1a: Klefki|42/100|[from] Stealth Rock
|move|p2a: Obstagoon|Parting Shot|p1a: Klefki
|-unboost|p1a: Klefki|atk|1
|-unboost|p1a: Klefki|spa|1
|
|t:|1655153888
|switch|p2a: Zygarde|Zygarde|94/100|[from]move: Parting Shot
|
|-weather|SunnyDay|[upkeep]
|-heal|p2a: Zygarde|100/100|[from] item: Leftovers
|upkeep
|turn|20
|
|t:|1655153894
|move|p2a: Zygarde|Coil|p2a: Zygarde
|-boost|p2a: Zygarde|atk|1
|-boost|p2a: Zygarde|def|1
|-boost|p2a: Zygarde|accuracy|1
|move|p1a: Klefki|Foul Play|p2a: Zygarde
|-damage|p2a: Zygarde|78/100
|
|-weather|none
|-heal|p2a: Zygarde|84/100|[from] item: Leftovers
|upkeep
|turn|21
|
|t:|1655153903
|switch|p1a: Xerneas|Xerneas|100/100
|-damage|p1a: Xerneas|88/100|[from] Stealth Rock
|-ability|p1a: Xerneas|Fairy Aura
|move|p2a: Zygarde|Coil|p2a: Zygarde
|-boost|p2a: Zygarde|atk|1
|-boost|p2a: Zygarde|def|1
|-boost|p2a: Zygarde|accuracy|1
|
|-heal|p2a: Zygarde|90/100|[from] item: Leftovers
|upkeep
|turn|22
|
|t:|1655153914
|move|p1a: Xerneas|Geomancy||[still]
|-prepare|p1a: Xerneas|Geomancy
|-enditem|p1a: Xerneas|Power Herb
|-anim|p1a: Xerneas|Geomancy|p1a: Xerneas
|-boost|p1a: Xerneas|spa|2
|-boost|p1a: Xerneas|spd|2
|-boost|p1a: Xerneas|spe|2
|move|p2a: Zygarde|Glare|p1a: Xerneas
|-status|p1a: Xerneas|par
|
|-heal|p2a: Zygarde|97/100|[from] item: Leftovers
|upkeep
|turn|23
|
|t:|1655153926
|move|p2a: Zygarde|Extreme Speed|p1a: Xerneas
|-damage|p1a: Xerneas|70/100 par
|move|p1a: Xerneas|Substitute|p1a: Xerneas
|-start|p1a: Xerneas|Substitute
|-damage|p1a: Xerneas|45/100 par
|
|-heal|p2a: Zygarde|100/100|[from] item: Leftovers
|-sideend|p1: emiyo|Reflect
|upkeep
|turn|24
|
|t:|1655153935
|cant|p1a: Xerneas|par
|move|p2a: Zygarde|Thousand Arrows|p1a: Xerneas
|-end|p1a: Xerneas|Substitute
|
|upkeep
|turn|25
|
|t:|1655153940
|move|p1a: Xerneas|Moonblast|p2a: Zygarde
|-supereffective|p2a: Zygarde
|-damage|p2a: Zygarde|0 fnt
|faint|p2a: Zygarde
|
|upkeep
|
|t:|1655153951
|switch|p2a: Obstagoon|Obstagoon, F|50/100 brn
|turn|26
|
|t:|1655153954
|move|p2a: Obstagoon|Facade|p1a: Xerneas
|-damage|p1a: Xerneas|0 fnt
|faint|p1a: Xerneas
|
|-damage|p2a: Obstagoon|44/100 brn|[from] brn
|upkeep
|
|t:|1655153961
|switch|p1a: Calyrex|Calyrex-Shadow|88/100 par
|-ability|p1a: Calyrex|As One
|-ability|p1a: Calyrex|Unnerve
|-damage|p1a: Calyrex|76/100 par|[from] Stealth Rock
|turn|27
|-message|emiyo forfeited.
|
|win|chris466
|raw|emiyo's rating: 1490 &rarr; <strong>1462</strong><br />(-28 for losing)
|raw|chris466's rating: 1345 &rarr; <strong>1373</strong><br />(+28 for winning)
||Ladder isn't responding, score probably updated but might not have (Request timeout).
