|j|☆Xasterk
|j|☆ox04
|t:|1658253514
|gametype|singles
|player|p1|Xasterk|266|1433
|player|p2|ox04|red-gen7|1666
|teamsize|p1|6
|teamsize|p2|6
|gen|8
|tier|[Gen 8] Ubers
|rated|
|rule|Sleep Clause Mod: Limit one foe put to sleep
|rule|Species Clause: Limit one of each Pokémon
|rule|OHKO Clause: OHKO moves are banned
|rule|Evasion Moves Clause: Evasion moves are banned
|rule|Endless Battle Clause: Forcing endless battles is banned
|rule|HP Percentage Mod: HP is shown in percentages
|rule|Dynamax Clause: You cannot dynamax
|clearpoke
|poke|p1|Calyrex-Shadow|
|poke|p1|Ho-Oh|
|poke|p1|Yveltal|
|poke|p1|Necrozma-Dusk-Mane|
|poke|p1|Ferrothorn, M|
|poke|p1|Groudon|
|poke|p2|Marshadow|
|poke|p2|Yveltal|
|poke|p2|Zekrom|
|poke|p2|Reshiram|
|poke|p2|Lunala|
|poke|p2|Genesect|
|teampreview
|c|☆Xasterk|glhf
|c|☆ox04|u2
|
|t:|1658253534
|start
|switch|p1a: Calyrex|Calyrex-Shadow|100/100
|switch|p2a: Reshiram|Reshiram|100/100
|-ability|p1a: Calyrex|As One
|-ability|p1a: Calyrex|Unnerve
|-ability|p2a: Reshiram|Turboblaze
|turn|1
|
|t:|1658253548
|switch|p2a: Yveltal|Yveltal, shiny|100/100
|-ability|p2a: Yveltal|Dark Aura
|move|p1a: Calyrex|Astral Barrage|p2a: Yveltal
|-resisted|p2a: Yveltal
|-damage|p2a: Yveltal|54/100
|
|upkeep
|turn|2
|
|t:|1658253562
|switch|p1a: Ferrothorn|Ferrothorn, M|100/100
|move|p2a: Yveltal|Oblivion Wing|p1a: Ferrothorn
|-damage|p1a: Ferrothorn|63/100
|-heal|p2a: Yveltal|79/100|[from] drain|[of] p1a: Ferrothorn
|-damage|p2a: Yveltal|69/100|[from] item: Life Orb
|
|-heal|p1a: Ferrothorn|69/100|[from] item: Leftovers
|upkeep
|turn|3
|
|t:|1658253570
|move|p2a: Yveltal|Taunt|p1a: Ferrothorn
|-start|p1a: Ferrothorn|move: Taunt
|cant|p1a: Ferrothorn|move: Taunt|Leech Seed
|
|-heal|p1a: Ferrothorn|75/100|[from] item: Leftovers
|upkeep
|turn|4
|
|t:|1658253572
|move|p2a: Yveltal|Oblivion Wing|p1a: Ferrothorn
|-damage|p1a: Ferrothorn|42/100
|-heal|p2a: Yveltal|92/100|[from] drain|[of] p1a: Ferrothorn
|-damage|p2a: Yveltal|82/100|[from] item: Life Orb
|move|p1a: Ferrothorn|Knock Off|p2a: Yveltal
|-resisted|p2a: Yveltal
|-damage|p2a: Yveltal|69/100
|-enditem|p2a: Yveltal|Life Orb|[from] move: Knock Off|[of] p1a: Ferrothorn
|
|-heal|p1a: Ferrothorn|48/100|[from] item: Leftovers
|upkeep
|turn|5
|
|t:|1658253578
|switch|p1a: Ho-Oh|Ho-Oh|100/100
|move|p2a: Yveltal|Oblivion Wing|p1a: Ho-Oh
|-damage|p1a: Ho-Oh|75/100
|-heal|p2a: Yveltal|89/100|[from] drain|[of] p1a: Ho-Oh
|
|upkeep
|turn|6
|
|t:|1658253585
|switch|p2a: Zekrom|Zekrom|100/100
|-ability|p2a: Zekrom|Teravolt
|move|p1a: Ho-Oh|Thunder Wave|p2a: Zekrom|[miss]
|-miss|p1a: Ho-Oh|p2a: Zekrom
|
|upkeep
|turn|7
|
|t:|1658253590
|switch|p1a: Groudon|Groudon|100/100
|-weather|SunnyDay|[from] ability: Drought|[of] p1a: Groudon
|move|p2a: Zekrom|Draco Meteor|p1a: Groudon
|-damage|p1a: Groudon|5/100
|-unboost|p2a: Zekrom|spa|2
|
|-weather|SunnyDay|[upkeep]
|-heal|p1a: Groudon|11/100|[from] item: Leftovers
|upkeep
|turn|8
|inactive|Battle timer is ON: inactive players will automatically lose when time's up. (requested by Xasterk)
|
|t:|1658253599
|switch|p1a: Ferrothorn|Ferrothorn, M|48/100
|move|p2a: Zekrom|Draco Meteor|p1a: Ferrothorn
|-resisted|p1a: Ferrothorn
|-damage|p1a: Ferrothorn|34/100
|-unboost|p2a: Zekrom|spa|2
|
|-weather|SunnyDay|[upkeep]
|-heal|p1a: Ferrothorn|41/100|[from] item: Leftovers
|upkeep
|turn|9
|
|t:|1658253606
|switch|p2a: Reshiram|Reshiram|100/100
|-ability|p2a: Reshiram|Turboblaze
|move|p1a: Ferrothorn|Knock Off|p2a: Reshiram
|-damage|p2a: Reshiram|79/100
|-enditem|p2a: Reshiram|Life Orb|[from] move: Knock Off|[of] p1a: Ferrothorn
|
|-weather|SunnyDay|[upkeep]
|-heal|p1a: Ferrothorn|47/100|[from] item: Leftovers
|upkeep
|turn|10
|
|t:|1658253615
|switch|p1a: Ho-Oh|Ho-Oh|100/100
|move|p2a: Reshiram|Blue Flare|p1a: Ho-Oh
|-resisted|p1a: Ho-Oh
|-damage|p1a: Ho-Oh|67/100
|
|-weather|SunnyDay|[upkeep]
|upkeep
|turn|11
|
|t:|1658253622
|move|p2a: Reshiram|Ancient Power|p1a: Ho-Oh
|-supereffective|p1a: Ho-Oh
|-damage|p1a: Ho-Oh|11/100
|move|p1a: Ho-Oh|Sacred Fire|p2a: Reshiram
|-resisted|p2a: Reshiram
|-damage|p2a: Reshiram|57/100
|
|-weather|none
|upkeep
|turn|12
|
|t:|1658253644
|switch|p1a: Groudon|Groudon|11/100
|-weather|SunnyDay|[from] ability: Drought|[of] p1a: Groudon
|move|p2a: Reshiram|Ancient Power|p1a: Groudon
|-resisted|p1a: Groudon
|-damage|p1a: Groudon|0 fnt
|-boost|p2a: Reshiram|atk|1
|-boost|p2a: Reshiram|def|1
|-boost|p2a: Reshiram|spa|1
|-boost|p2a: Reshiram|spd|1
|-boost|p2a: Reshiram|spe|1
|faint|p1a: Groudon
|
|-weather|SunnyDay|[upkeep]
|upkeep
|c|☆ox04|hehe
|inactive|Xasterk has 120 seconds left.
|-message|Xasterk forfeited.
|
|win|ox04
|raw|Xasterk's rating: 1433 &rarr; <strong>1425</strong><br />(-8 for losing)
|raw|ox04's rating: 1666 &rarr; <strong>1674</strong><br />(+8 for winning)
|l|☆Xasterk
||Ladder isn't responding, score probably updated but might not have (Request timeout).
