|j|☆Rell27
|j|☆Atomicbevo
|t:|1635222347
|gametype|singles
|player|p1|Rell27|101|1597
|player|p2|Atomicbevo|zinnia|1541
|teamsize|p1|6
|teamsize|p2|6
|gen|8
|tier|[Gen 8] Ubers
|rated|
|rule|Sleep Clause Mod: Limit one foe put to sleep
|rule|Species Clause: Limit one of each Pokémon
|rule|OHKO Clause: OHKO moves are banned
|rule|Evasion Moves Clause: Evasion moves are banned
|rule|Endless Battle Clause: Forcing endless battles is banned
|rule|HP Percentage Mod: HP is shown in percentages
|rule|Dynamax Clause: You cannot dynamax
|clearpoke
|poke|p1|Eternatus|
|poke|p1|Necrozma-Dusk-Mane|
|poke|p1|Marshadow|
|poke|p1|Xerneas-*|
|poke|p1|Yveltal|
|poke|p1|Ho-Oh|
|poke|p2|Calyrex-Shadow|
|poke|p2|Necrozma-Dusk-Mane|
|poke|p2|Xerneas-*|
|poke|p2|Yveltal|
|poke|p2|Kyogre|
|poke|p2|Dracovish|
|teampreview
|inactive|Battle timer is ON: inactive players will automatically lose when time's up. (requested by Atomicbevo)
|
|t:|1635222357
|start
|switch|p1a: Eternatus|Eternatus|100/100
|switch|p2a: Kyogre|Kyogre|100/100
|-ability|p1a: Eternatus|Pressure
|-weather|RainDance|[from] ability: Drizzle|[of] p2a: Kyogre
|turn|1
|
|t:|1635222361
|switch|p2a: Necrozma|Necrozma-Dusk-Mane|100/100
|move|p1a: Eternatus|Dynamax Cannon|p2a: Necrozma
|-resisted|p2a: Necrozma
|-damage|p2a: Necrozma|81/100
|-damage|p1a: Eternatus|91/100|[from] item: Life Orb
|
|-weather|RainDance|[upkeep]
|upkeep
|turn|2
|
|t:|1635222368
|switch|p1a: Yveltal|Yveltal|100/100
|-ability|p1a: Yveltal|Dark Aura
|switch|p2a: Dracovish|Dracovish|100/100
|
|-weather|RainDance|[upkeep]
|upkeep
|turn|3
|
|t:|1635222376
|move|p1a: Yveltal|Sucker Punch|p2a: Dracovish
|-damage|p2a: Dracovish|26/100
|-damage|p1a: Yveltal|91/100|[from] item: Life Orb
|move|p2a: Dracovish|Fishious Rend|p1a: Yveltal
|-damage|p1a: Yveltal|19/100
|
|-weather|RainDance|[upkeep]
|upkeep
|turn|4
|
|t:|1635222398
|move|p1a: Yveltal|Sucker Punch|p2a: Dracovish
|-damage|p2a: Dracovish|0 fnt
|faint|p2a: Dracovish
|-damage|p1a: Yveltal|9/100|[from] item: Life Orb
|
|-weather|RainDance|[upkeep]
|upkeep
|
|t:|1635222404
|switch|p2a: Xerneas|Xerneas|100/100
|-ability|p2a: Xerneas|Fairy Aura
|turn|5
|
|t:|1635222407
|switch|p1a: Necrozma|Necrozma-Dusk-Mane|100/100
|move|p2a: Xerneas|Moonblast|p1a: Necrozma
|-resisted|p1a: Necrozma
|-damage|p1a: Necrozma|77/100
|
|-weather|none
|upkeep
|turn|6
|
|t:|1635222416
|switch|p2a: Calyrex|Calyrex-Shadow|100/100
|-ability|p2a: Calyrex|As One
|-ability|p2a: Calyrex|Unnerve
|move|p1a: Necrozma|Stealth Rock|p2a: Calyrex
|-sidestart|p2: Atomicbevo|move: Stealth Rock
|
|upkeep
|turn|7
|
|t:|1635222421
|switch|p1a: Ho-Oh|Ho-Oh|100/100
|move|p2a: Calyrex|Astral Barrage|p1a: Ho-Oh
|-damage|p1a: Ho-Oh|60/100
|
|upkeep
|turn|8
|
|t:|1635222428
|move|p2a: Calyrex|Astral Barrage|p1a: Ho-Oh
|-damage|p1a: Ho-Oh|18/100
|move|p1a: Ho-Oh|Roost|p1a: Ho-Oh
|-heal|p1a: Ho-Oh|68/100
|-singleturn|p1a: Ho-Oh|move: Roost
|
|upkeep
|turn|9
|
|t:|1635222437
|switch|p2a: Kyogre|Kyogre|100/100
|-damage|p2a: Kyogre|88/100|[from] Stealth Rock
|-weather|RainDance|[from] ability: Drizzle|[of] p2a: Kyogre
|move|p1a: Ho-Oh|Roar|p2a: Kyogre
|drag|p2a: Xerneas|Xerneas|100/100
|-damage|p2a: Xerneas|88/100|[from] Stealth Rock
|-ability|p2a: Xerneas|Fairy Aura
|
|-weather|RainDance|[upkeep]
|upkeep
|turn|10
|
|t:|1635222442
|move|p2a: Xerneas|Defog|p1a: Ho-Oh
|-unboost|p1a: Ho-Oh|evasion|1
|-sideend|p2: Atomicbevo|Stealth Rock|[from] move: Defog|[of] p2a: Xerneas
|move|p1a: Ho-Oh|Roar|p2a: Xerneas
|drag|p2a: Calyrex|Calyrex-Shadow|100/100
|-ability|p2a: Calyrex|As One
|-ability|p2a: Calyrex|Unnerve
|
|-weather|RainDance|[upkeep]
|upkeep
|turn|11
|
|t:|1635222449
|move|p2a: Calyrex|Astral Barrage|p1a: Ho-Oh
|-damage|p1a: Ho-Oh|29/100
|move|p1a: Ho-Oh|Roost|p1a: Ho-Oh
|-heal|p1a: Ho-Oh|80/100
|-singleturn|p1a: Ho-Oh|move: Roost
|
|-weather|RainDance|[upkeep]
|upkeep
|turn|12
|j| equenimeus
|
|t:|1635222455
|switch|p2a: Kyogre|Kyogre|88/100
|move|p1a: Ho-Oh|Roost|p1a: Ho-Oh
|-heal|p1a: Ho-Oh|100/100
|-singleturn|p1a: Ho-Oh|move: Roost
|
|-weather|RainDance|[upkeep]
|upkeep
|turn|13
|
|t:|1635222471
|switch|p1a: Necrozma|Necrozma-Dusk-Mane|77/100
|move|p2a: Kyogre|Water Spout|p1a: Necrozma
|-damage|p1a: Necrozma|0 fnt
|faint|p1a: Necrozma
|
|-weather|none
|upkeep
|
|t:|1635222480
|switch|p1a: Eternatus|Eternatus|91/100
|-ability|p1a: Eternatus|Pressure
|turn|14
|
|t:|1635222485
|switch|p2a: Necrozma|Necrozma-Dusk-Mane|81/100
|move|p1a: Eternatus|Flamethrower|p2a: Necrozma
|-supereffective|p2a: Necrozma
|-damage|p2a: Necrozma|47/100
|-status|p2a: Necrozma|brn
|-enditem|p2a: Necrozma|Weakness Policy
|-boost|p2a: Necrozma|atk|2|[from] item: Weakness Policy
|-boost|p2a: Necrozma|spa|2|[from] item: Weakness Policy
|-damage|p1a: Eternatus|81/100|[from] item: Life Orb
|
|-damage|p2a: Necrozma|41/100 brn|[from] brn
|upkeep
|turn|15
|
|t:|1635222499
|switch|p1a: Ho-Oh|Ho-Oh|100/100
|move|p2a: Necrozma|Morning Sun|p2a: Necrozma
|-heal|p2a: Necrozma|91/100 brn
|
|-damage|p2a: Necrozma|85/100 brn|[from] brn
|upkeep
|turn|16
|
|t:|1635222508
|switch|p2a: Kyogre|Kyogre|88/100
|-weather|RainDance|[from] ability: Drizzle|[of] p2a: Kyogre
|move|p1a: Ho-Oh|Sacred Fire|p2a: Kyogre
|-resisted|p2a: Kyogre
|-damage|p2a: Kyogre|73/100
|
|-weather|RainDance|[upkeep]
|upkeep
|turn|17
|
|t:|1635222520
|switch|p1a: Xerneas|Xerneas|100/100
|-ability|p1a: Xerneas|Fairy Aura
|move|p2a: Kyogre|Water Spout|p1a: Xerneas
|-damage|p1a: Xerneas|0 fnt
|faint|p1a: Xerneas
|
|-weather|RainDance|[upkeep]
|upkeep
|
|t:|1635222524
|switch|p1a: Eternatus|Eternatus|81/100
|-ability|p1a: Eternatus|Pressure
|turn|18
|
|t:|1635222528
|switch|p2a: Necrozma|Necrozma-Dusk-Mane|85/100 brn
|move|p1a: Eternatus|Recover|p1a: Eternatus
|-heal|p1a: Eternatus|100/100
|
|-weather|RainDance|[upkeep]
|-damage|p2a: Necrozma|79/100 brn|[from] brn
|upkeep
|turn|19
|
|t:|1635222535
|switch|p1a: Ho-Oh|Ho-Oh|100/100
|move|p2a: Necrozma|Earthquake|p1a: Ho-Oh
|-immune|p1a: Ho-Oh
|
|-weather|RainDance|[upkeep]
|-damage|p2a: Necrozma|73/100 brn|[from] brn
|upkeep
|turn|20
|
|t:|1635222549
|switch|p2a: Yveltal|Yveltal, shiny|100/100
|-ability|p2a: Yveltal|Dark Aura
|move|p1a: Ho-Oh|Brave Bird|p2a: Yveltal
|-damage|p2a: Yveltal|45/100
|-damage|p1a: Ho-Oh|80/100|[from] Recoil
|
|-weather|none
|upkeep
|turn|21
|
|t:|1635222562
|move|p2a: Yveltal|Roost|p2a: Yveltal
|-heal|p2a: Yveltal|95/100
|-singleturn|p2a: Yveltal|move: Roost
|move|p1a: Ho-Oh|Sacred Fire|p2a: Yveltal
|-damage|p2a: Yveltal|52/100
|-status|p2a: Yveltal|brn
|
|-damage|p2a: Yveltal|46/100 brn|[from] brn
|upkeep
|turn|22
|
|t:|1635222573
|move|p2a: Yveltal|U-turn|p1a: Ho-Oh
|-resisted|p1a: Ho-Oh
|-damage|p1a: Ho-Oh|78/100
|
|t:|1635222575
|switch|p2a: Xerneas|Xerneas|88/100|[from]move: U-turn
|-ability|p2a: Xerneas|Fairy Aura
|move|p1a: Ho-Oh|Sacred Fire|p2a: Xerneas
|-damage|p2a: Xerneas|49/100
|-status|p2a: Xerneas|brn
|
|-damage|p2a: Xerneas|43/100 brn|[from] brn
|upkeep
|turn|23
|
|t:|1635222583
|move|p2a: Xerneas|Aromatherapy|p2a: Xerneas
|-activate|p2a: Xerneas|move: Aromatherapy
|-curestatus|p2a: Xerneas|brn|[msg]
|-curestatus|p2: Yveltal|brn|[msg]
|-curestatus|p2: Necrozma|brn|[msg]
|move|p1a: Ho-Oh|Brave Bird|p2a: Xerneas
|-damage|p2a: Xerneas|0 fnt
|faint|p2a: Xerneas
|-damage|p1a: Ho-Oh|63/100|[from] Recoil
|
|upkeep
|
|t:|1635222587
|switch|p2a: Kyogre|Kyogre|73/100
|-weather|RainDance|[from] ability: Drizzle|[of] p2a: Kyogre
|turn|24
|
|t:|1635222591
|switch|p1a: Eternatus|Eternatus|100/100
|-ability|p1a: Eternatus|Pressure
|move|p2a: Kyogre|Water Spout|p1a: Eternatus
|-resisted|p1a: Eternatus
|-damage|p1a: Eternatus|47/100
|
|-weather|RainDance|[upkeep]
|upkeep
|turn|25
|
|t:|1635222596
|switch|p2a: Calyrex|Calyrex-Shadow|100/100
|-ability|p2a: Calyrex|As One
|-ability|p2a: Calyrex|Unnerve
|move|p1a: Eternatus|Recover|p1a: Eternatus
|-heal|p1a: Eternatus|97/100
|
|-weather|RainDance|[upkeep]
|upkeep
|turn|26
|
|t:|1635222605
|switch|p1a: Ho-Oh|Ho-Oh|97/100
|move|p2a: Calyrex|Astral Barrage|p1a: Ho-Oh
|-damage|p1a: Ho-Oh|59/100
|
|-weather|RainDance|[upkeep]
|upkeep
|turn|27
|
|t:|1635222612
|move|p2a: Calyrex|Astral Barrage|p1a: Ho-Oh
|-damage|p1a: Ho-Oh|20/100
|move|p1a: Ho-Oh|Roost|p1a: Ho-Oh
|-heal|p1a: Ho-Oh|70/100
|-singleturn|p1a: Ho-Oh|move: Roost
|
|-weather|RainDance|[upkeep]
|upkeep
|turn|28
|
|t:|1635222617
|move|p2a: Calyrex|Astral Barrage|p1a: Ho-Oh
|-damage|p1a: Ho-Oh|30/100
|move|p1a: Ho-Oh|Roost|p1a: Ho-Oh
|-heal|p1a: Ho-Oh|80/100
|-singleturn|p1a: Ho-Oh|move: Roost
|
|-weather|none
|upkeep
|turn|29
|
|t:|1635222622
|switch|p2a: Kyogre|Kyogre|73/100
|-weather|RainDance|[from] ability: Drizzle|[of] p2a: Kyogre
|move|p1a: Ho-Oh|Sacred Fire|p2a: Kyogre
|-resisted|p2a: Kyogre
|-damage|p2a: Kyogre|57/100
|
|-weather|RainDance|[upkeep]
|upkeep
|turn|30
|
|t:|1635222630
|switch|p1a: Eternatus|Eternatus|97/100
|-ability|p1a: Eternatus|Pressure
|move|p2a: Kyogre|Ice Beam|p1a: Eternatus
|-supereffective|p1a: Eternatus
|-damage|p1a: Eternatus|16/100
|
|-weather|RainDance|[upkeep]
|upkeep
|turn|31
|
|t:|1635222634
|switch|p1a: Ho-Oh|Ho-Oh|100/100
|move|p2a: Kyogre|Ice Beam|p1a: Ho-Oh
|-damage|p1a: Ho-Oh|71/100
|
|-weather|RainDance|[upkeep]
|upkeep
|turn|32
|
|t:|1635222643
|switch|p2a: Calyrex|Calyrex-Shadow|100/100
|-ability|p2a: Calyrex|As One
|-ability|p2a: Calyrex|Unnerve
|move|p1a: Ho-Oh|Brave Bird|p2a: Calyrex
|-damage|p2a: Calyrex|26/100
|-damage|p1a: Ho-Oh|50/100|[from] Recoil
|
|-weather|RainDance|[upkeep]
|upkeep
|turn|33
|
|t:|1635222654
|move|p2a: Calyrex|Trick|p1a: Ho-Oh
|-activate|p2a: Calyrex|move: Trick|[of] p1a: Ho-Oh
|-item|p1a: Ho-Oh|Choice Scarf|[from] move: Trick
|-item|p2a: Calyrex|Heavy-Duty Boots|[from] move: Trick
|move|p1a: Ho-Oh|Roost|p1a: Ho-Oh
|-heal|p1a: Ho-Oh|99/100
|-singleturn|p1a: Ho-Oh|move: Roost
|
|-weather|none
|upkeep
|turn|34
|
|t:|1635222668
|switch|p1a: Yveltal|Yveltal|9/100
|-ability|p1a: Yveltal|Dark Aura
|move|p2a: Calyrex|Astral Barrage|p1a: Yveltal
|-resisted|p1a: Yveltal
|-damage|p1a: Yveltal|0 fnt
|faint|p1a: Yveltal
|-ability|p2a: Calyrex|Grim Neigh|boost
|-boost|p2a: Calyrex|spa|1
|
|upkeep
|
|t:|1635222671
|switch|p1a: Marshadow|Marshadow|100/100
|turn|35
|
|t:|1635222680
|switch|p2a: Yveltal|Yveltal, shiny|46/100
|-ability|p2a: Yveltal|Dark Aura
|move|p1a: Marshadow|Shadow Sneak|p2a: Yveltal
|-resisted|p2a: Yveltal
|-damage|p2a: Yveltal|29/100
|-damage|p1a: Marshadow|91/100|[from] item: Life Orb
|
|upkeep
|turn|36
|
|t:|1635222686
|move|p2a: Yveltal|Sucker Punch|p1a: Marshadow
|-damage|p1a: Marshadow|39/100
|move|p1a: Marshadow|Close Combat|p2a: Yveltal
|-damage|p2a: Yveltal|0 fnt
|-unboost|p1a: Marshadow|def|1
|-unboost|p1a: Marshadow|spd|1
|faint|p2a: Yveltal
|-damage|p1a: Marshadow|30/100|[from] item: Life Orb
|
|upkeep
|
|t:|1635222698
|switch|p2a: Kyogre|Kyogre|57/100
|-weather|RainDance|[from] ability: Drizzle|[of] p2a: Kyogre
|turn|37
|
|t:|1635222702
|switch|p1a: Eternatus|Eternatus|16/100
|-ability|p1a: Eternatus|Pressure
|move|p2a: Kyogre|Scald|p1a: Eternatus
|-resisted|p1a: Eternatus
|-damage|p1a: Eternatus|0 fnt
|faint|p1a: Eternatus
|
|-weather|RainDance|[upkeep]
|upkeep
|
|t:|1635222706
|switch|p1a: Ho-Oh|Ho-Oh|100/100
|turn|38
|
|t:|1635222721
|move|p1a: Ho-Oh|Brave Bird|p2a: Kyogre
|-damage|p2a: Kyogre|0 fnt
|faint|p2a: Kyogre
|-damage|p1a: Ho-Oh|85/100|[from] Recoil
|
|-weather|RainDance|[upkeep]
|upkeep
|
|t:|1635222724
|switch|p2a: Necrozma|Necrozma-Dusk-Mane|73/100
|turn|39
|
|t:|1635222731
|move|p1a: Ho-Oh|Brave Bird|p2a: Necrozma
|-resisted|p2a: Necrozma
|-damage|p2a: Necrozma|48/100
|-damage|p1a: Ho-Oh|77/100|[from] Recoil
|move|p2a: Necrozma|Dragon Dance|p2a: Necrozma
|-boost|p2a: Necrozma|atk|1
|-boost|p2a: Necrozma|spe|1
|
|-weather|RainDance|[upkeep]
|upkeep
|turn|40
|
|t:|1635222748
|switch|p1a: Marshadow|Marshadow|30/100
|move|p2a: Necrozma|Sunsteel Strike|p1a: Marshadow
|-damage|p1a: Marshadow|0 fnt
|faint|p1a: Marshadow
|
|-weather|RainDance|[upkeep]
|upkeep
|
|t:|1635222753
|switch|p1a: Ho-Oh|Ho-Oh|100/100
|turn|41
|
|t:|1635222758
|move|p1a: Ho-Oh|Sacred Fire|p2a: Necrozma
|-supereffective|p2a: Necrozma
|-damage|p2a: Necrozma|21/100
|-status|p2a: Necrozma|brn
|move|p2a: Necrozma|Sunsteel Strike|p1a: Ho-Oh
|-resisted|p1a: Ho-Oh
|-damage|p1a: Ho-Oh|83/100
|
|-weather|none
|-damage|p2a: Necrozma|15/100 brn|[from] brn
|upkeep
|turn|42
|
|t:|1635222763
|move|p1a: Ho-Oh|Sacred Fire|p2a: Necrozma
|-supereffective|p2a: Necrozma
|-damage|p2a: Necrozma|0 fnt
|faint|p2a: Necrozma
|
|upkeep
|
|t:|1635222765
|switch|p2a: Calyrex|Calyrex-Shadow|26/100
|-ability|p2a: Calyrex|As One
|-ability|p2a: Calyrex|Unnerve
|turn|43
|
|t:|1635222767
|move|p2a: Calyrex|Astral Barrage|p1a: Ho-Oh
|-damage|p1a: Ho-Oh|40/100
|move|p1a: Ho-Oh|Sacred Fire|p2a: Calyrex
|-damage|p2a: Calyrex|0 fnt
|faint|p2a: Calyrex
|
|win|Rell27
|raw|Rell27's rating: 1597 &rarr; <strong>1614</strong><br />(+17 for winning)
|raw|Atomicbevo's rating: 1541 &rarr; <strong>1524</strong><br />(-17 for losing)
|l|☆Atomicbevo
|l|☆Rell27
