|j|☆cxcould
|j|☆Ackesh
|t:|1629457863
|gametype|singles
|player|p1|cxcould|dawn|1492
|player|p2|Ackesh|101|1557
|teamsize|p1|6
|teamsize|p2|6
|gen|8
|tier|[Gen 8] Ubers
|rated|
|rule|Sleep Clause Mod: Limit one foe put to sleep
|rule|Species Clause: Limit one of each Pokémon
|rule|OHKO Clause: OHKO moves are banned
|rule|Evasion Moves Clause: Evasion moves are banned
|rule|Endless Battle Clause: Forcing endless battles is banned
|rule|HP Percentage Mod: HP is shown in percentages
|rule|Dynamax Clause: You cannot dynamax
|clearpoke
|poke|p1|Necrozma-Dusk-Mane|
|poke|p1|Yveltal|
|poke|p1|Kyogre|
|poke|p1|Calyrex-Shadow|
|poke|p1|Zygarde|
|poke|p1|Eternatus|
|poke|p2|Necrozma-Dusk-Mane|
|poke|p2|Kyurem-Black|
|poke|p2|Yveltal|
|poke|p2|Lugia|
|poke|p2|Groudon|
|poke|p2|Darmanitan-Galar, F|
|teampreview
|inactive|Battle timer is ON: inactive players will automatically lose when time's up. (requested by cxcould)
|
|t:|1629457881
|start
|switch|p1a: Zygarde|Zygarde|100/100
|switch|p2a: Groudon|Groudon|100/100
|-weather|SunnyDay|[from] ability: Drought|[of] p2a: Groudon
|turn|1
|
|t:|1629457887
|move|p1a: Zygarde|Thousand Waves|p2a: Groudon
|-damage|p2a: Groudon|83/100
|-activate|p2a: Groudon|trapped
|move|p2a: Groudon|Stealth Rock|p1a: Zygarde
|-sidestart|p1: cxcould|move: Stealth Rock
|
|-weather|SunnyDay|[upkeep]
|upkeep
|turn|2
|
|t:|1629457891
|move|p1a: Zygarde|Coil|p1a: Zygarde
|-boost|p1a: Zygarde|atk|1
|-boost|p1a: Zygarde|def|1
|-boost|p1a: Zygarde|accuracy|1
|move|p2a: Groudon|Precipice Blades|p1a: Zygarde
|-damage|p1a: Zygarde|80/100
|
|-weather|SunnyDay|[upkeep]
|-heal|p1a: Zygarde|87/100|[from] item: Leftovers
|upkeep
|turn|3
|
|t:|1629457893
|move|p1a: Zygarde|Coil|p1a: Zygarde
|-boost|p1a: Zygarde|atk|1
|-boost|p1a: Zygarde|def|1
|-boost|p1a: Zygarde|accuracy|1
|move|p2a: Groudon|Precipice Blades|p1a: Zygarde
|-damage|p1a: Zygarde|70/100
|
|-weather|SunnyDay|[upkeep]
|-heal|p1a: Zygarde|76/100|[from] item: Leftovers
|upkeep
|turn|4
|
|t:|1629457895
|move|p1a: Zygarde|Coil|p1a: Zygarde
|-boost|p1a: Zygarde|atk|1
|-boost|p1a: Zygarde|def|1
|-boost|p1a: Zygarde|accuracy|1
|move|p2a: Groudon|Precipice Blades|p1a: Zygarde
|-damage|p1a: Zygarde|65/100
|
|-weather|SunnyDay|[upkeep]
|-heal|p1a: Zygarde|71/100|[from] item: Leftovers
|upkeep
|turn|5
|
|t:|1629457898
|move|p1a: Zygarde|Coil|p1a: Zygarde
|-boost|p1a: Zygarde|atk|1
|-boost|p1a: Zygarde|def|1
|-boost|p1a: Zygarde|accuracy|1
|move|p2a: Groudon|Precipice Blades|p1a: Zygarde
|-damage|p1a: Zygarde|61/100
|
|-weather|SunnyDay|[upkeep]
|-heal|p1a: Zygarde|67/100|[from] item: Leftovers
|upkeep
|turn|6
|
|t:|1629457901
|move|p1a: Zygarde|Coil|p1a: Zygarde
|-boost|p1a: Zygarde|atk|1
|-boost|p1a: Zygarde|def|1
|-boost|p1a: Zygarde|accuracy|1
|move|p2a: Groudon|Precipice Blades|p1a: Zygarde
|-damage|p1a: Zygarde|59/100
|
|-weather|SunnyDay|[upkeep]
|-heal|p1a: Zygarde|65/100|[from] item: Leftovers
|upkeep
|turn|7
|
|t:|1629457905
|move|p1a: Zygarde|Coil|p1a: Zygarde
|-boost|p1a: Zygarde|atk|1
|-boost|p1a: Zygarde|def|1
|-boost|p1a: Zygarde|accuracy|1
|move|p2a: Groudon|Precipice Blades|p1a: Zygarde
|-damage|p1a: Zygarde|58/100
|
|-weather|SunnyDay|[upkeep]
|-heal|p1a: Zygarde|64/100|[from] item: Leftovers
|upkeep
|turn|8
|
|t:|1629457911
|move|p1a: Zygarde|Coil|p1a: Zygarde
|-boost|p1a: Zygarde|atk|0
|-boost|p1a: Zygarde|def|0
|-boost|p1a: Zygarde|accuracy|0
|move|p2a: Groudon|Precipice Blades|p1a: Zygarde|[miss]
|-miss|p2a: Groudon|p1a: Zygarde
|
|-weather|none
|-heal|p1a: Zygarde|70/100|[from] item: Leftovers
|upkeep
|turn|9
|
|t:|1629457914
|move|p1a: Zygarde|Scale Shot|p2a: Groudon
|-damage|p2a: Groudon|65/100
|-damage|p2a: Groudon|48/100
|-damage|p2a: Groudon|32/100
|-hitcount|p2a: Groudon|3
|-unboost|p1a: Zygarde|def|1
|-boost|p1a: Zygarde|spe|1
|move|p2a: Groudon|Precipice Blades|p1a: Zygarde
|-damage|p1a: Zygarde|62/100
|
|-heal|p1a: Zygarde|68/100|[from] item: Leftovers
|upkeep
|turn|10
|
|t:|1629457923
|move|p1a: Zygarde|Coil|p1a: Zygarde
|-boost|p1a: Zygarde|atk|0
|-boost|p1a: Zygarde|def|1
|-boost|p1a: Zygarde|accuracy|0
|move|p2a: Groudon|Precipice Blades|p1a: Zygarde
|-damage|p1a: Zygarde|60/100
|
|-heal|p1a: Zygarde|66/100|[from] item: Leftovers
|upkeep
|turn|11
|
|t:|1629457925
|move|p1a: Zygarde|Scale Shot|p2a: Groudon
|-damage|p2a: Groudon|15/100
|-damage|p2a: Groudon|0 fnt
|faint|p2a: Groudon
|-hitcount|p2: Groudon|2
|-unboost|p1a: Zygarde|def|1
|-boost|p1a: Zygarde|spe|1
|
|-heal|p1a: Zygarde|72/100|[from] item: Leftovers
|upkeep
|
|t:|1629457927
|switch|p2a: Lugia|Lugia|100/100
|turn|12
|
|t:|1629457931
|move|p1a: Zygarde|Scale Shot|p2a: Lugia
|-damage|p2a: Lugia|90/100
|-damage|p2a: Lugia|65/100
|-hitcount|p2a: Lugia|2
|-unboost|p1a: Zygarde|def|1
|-boost|p1a: Zygarde|spe|1
|move|p2a: Lugia|Whirlwind|p1a: Zygarde
|drag|p1a: Eternatus|Eternatus|100/100
|-damage|p1a: Eternatus|88/100|[from] Stealth Rock
|-ability|p1a: Eternatus|Pressure
|
|upkeep
|turn|13
|
|t:|1629457938
|move|p1a: Eternatus|Dynamax Cannon|p2a: Lugia
|-damage|p2a: Lugia|13/100
|move|p2a: Lugia|Thunder Wave|p1a: Eternatus
|-status|p1a: Eternatus|par
|
|upkeep
|turn|14
|
|t:|1629457943
|move|p2a: Lugia|Roost|p2a: Lugia
|-heal|p2a: Lugia|63/100
|-singleturn|p2a: Lugia|move: Roost
|move|p1a: Eternatus|Dynamax Cannon|p2a: Lugia
|-damage|p2a: Lugia|7/100
|
|upkeep
|turn|15
|
|t:|1629457953
|switch|p1a: Calyrex|Calyrex-Shadow|100/100
|-ability|p1a: Calyrex|As One
|-ability|p1a: Calyrex|Unnerve
|-damage|p1a: Calyrex|88/100|[from] Stealth Rock
|move|p2a: Lugia|Roost|p2a: Lugia
|-heal|p2a: Lugia|57/100
|-singleturn|p2a: Lugia|move: Roost
|
|upkeep
|turn|16
|
|t:|1629457959
|switch|p2a: Yveltal|Yveltal|100/100
|-ability|p2a: Yveltal|Dark Aura
|move|p1a: Calyrex|Astral Barrage|p2a: Yveltal
|-resisted|p2a: Yveltal
|-crit|p2a: Yveltal
|-damage|p2a: Yveltal|70/100
|
|upkeep
|turn|17
|
|t:|1629457971
|switch|p1a: Yveltal|Yveltal, shiny|100/100
|-ability|p1a: Yveltal|Dark Aura
|move|p2a: Yveltal|Knock Off|p1a: Yveltal
|-resisted|p1a: Yveltal
|-damage|p1a: Yveltal|77/100
|-enditem|p1a: Yveltal|Heavy-Duty Boots|[from] move: Knock Off|[of] p2a: Yveltal
|
|upkeep
|turn|18
|
|t:|1629457986
|switch|p2a: Kyurem|Kyurem-Black, shiny|100/100
|-ability|p2a: Kyurem|Teravolt
|move|p1a: Yveltal|Defog|p2a: Kyurem
|-unboost|p2a: Kyurem|evasion|1
|-sideend|p1: cxcould|Stealth Rock|[from] move: Defog|[of] p1a: Yveltal
|
|upkeep
|turn|19
|
|t:|1629457991
|switch|p1a: Necrozma|Necrozma-Dusk-Mane|100/100
|switch|p2a: Darmanitan|Darmanitan-Galar, F|100/100
|
|upkeep
|turn|20
|
|t:|1629458000
|move|p2a: Darmanitan|Flare Blitz|p1a: Necrozma
|-supereffective|p1a: Necrozma
|-damage|p1a: Necrozma|23/100
|-damage|p2a: Darmanitan|84/100|[from] item: Rocky Helmet|[of] p1a: Necrozma
|-damage|p2a: Darmanitan|55/100|[from] Recoil
|move|p1a: Necrozma|Thunder Wave|p2a: Darmanitan
|-status|p2a: Darmanitan|par
|
|upkeep
|turn|21
|
|t:|1629458013
|move|p1a: Necrozma|Morning Sun|p1a: Necrozma
|-heal|p1a: Necrozma|73/100
|move|p2a: Darmanitan|Flare Blitz|p1a: Necrozma
|-supereffective|p1a: Necrozma
|-damage|p1a: Necrozma|0 fnt
|-damage|p2a: Darmanitan|39/100 par|[from] item: Rocky Helmet|[of] p1a: Necrozma
|faint|p1a: Necrozma
|-damage|p2a: Darmanitan|11/100 par|[from] Recoil
|
|upkeep
|
|t:|1629458022
|switch|p1a: Zygarde|Zygarde|72/100
|turn|22
|
|t:|1629458024
|switch|p2a: Kyurem|Kyurem-Black, shiny|100/100
|-ability|p2a: Kyurem|Teravolt
|move|p1a: Zygarde|Scale Shot|p2a: Kyurem
|-supereffective|p2a: Kyurem
|-damage|p2a: Kyurem|85/100
|-supereffective|p2a: Kyurem
|-damage|p2a: Kyurem|67/100
|-hitcount|p2a: Kyurem|2
|-unboost|p1a: Zygarde|def|1
|-boost|p1a: Zygarde|spe|1
|
|-heal|p1a: Zygarde|78/100|[from] item: Leftovers
|upkeep
|turn|23
|
|t:|1629458044
|switch|p2a: Lugia|Lugia|57/100
|move|p1a: Zygarde|Scale Shot|p2a: Lugia
|-damage|p2a: Lugia|50/100
|-damage|p2a: Lugia|44/100
|-damage|p2a: Lugia|39/100
|-hitcount|p2a: Lugia|3
|-unboost|p1a: Zygarde|def|1
|-boost|p1a: Zygarde|spe|1
|
|-heal|p1a: Zygarde|85/100|[from] item: Leftovers
|upkeep
|turn|24
|
|t:|1629458053
|switch|p1a: Yveltal|Yveltal, shiny|77/100
|-ability|p1a: Yveltal|Dark Aura
|move|p2a: Lugia|Roost|p2a: Lugia
|-heal|p2a: Lugia|89/100
|-singleturn|p2a: Lugia|move: Roost
|
|upkeep
|turn|25
|
|t:|1629458057
|switch|p2a: Yveltal|Yveltal|70/100
|-ability|p2a: Yveltal|Dark Aura
|move|p1a: Yveltal|Knock Off|p2a: Yveltal
|-resisted|p2a: Yveltal
|-damage|p2a: Yveltal|51/100
|-enditem|p2a: Yveltal|Heavy-Duty Boots|[from] move: Knock Off|[of] p1a: Yveltal
|
|upkeep
|turn|26
|
|t:|1629458064
|move|p1a: Yveltal|Oblivion Wing|p2a: Yveltal
|-damage|p2a: Yveltal|26/100
|-heal|p1a: Yveltal|99/100|[from] drain|[of] p2a: Yveltal
|move|p2a: Yveltal|Roost|p2a: Yveltal
|-heal|p2a: Yveltal|76/100
|-singleturn|p2a: Yveltal|move: Roost
|
|upkeep
|turn|27
|
|t:|1629458072
|move|p1a: Yveltal|Oblivion Wing|p2a: Yveltal
|-crit|p2a: Yveltal
|-damage|p2a: Yveltal|42/100
|-heal|p1a: Yveltal|100/100|[from] drain|[of] p2a: Yveltal
|move|p2a: Yveltal|Roost|p2a: Yveltal
|-heal|p2a: Yveltal|93/100
|-singleturn|p2a: Yveltal|move: Roost
|
|upkeep
|turn|28
|
|t:|1629458084
|move|p1a: Yveltal|Knock Off|p2a: Yveltal
|-resisted|p2a: Yveltal
|-damage|p2a: Yveltal|79/100
|move|p2a: Yveltal|Foul Play|p1a: Yveltal
|-resisted|p1a: Yveltal
|-damage|p1a: Yveltal|78/100
|
|upkeep
|turn|29
|
|t:|1629458089
|move|p1a: Yveltal|Oblivion Wing|p2a: Yveltal
|-damage|p2a: Yveltal|55/100
|-heal|p1a: Yveltal|99/100|[from] drain|[of] p2a: Yveltal
|move|p2a: Yveltal|Knock Off|p1a: Yveltal
|-resisted|p1a: Yveltal
|-damage|p1a: Yveltal|83/100
|
|upkeep
|turn|30
|
|t:|1629458096
|move|p1a: Yveltal|Taunt|p2a: Yveltal
|-start|p2a: Yveltal|move: Taunt
|cant|p2a: Yveltal|move: Taunt|Roost
|
|upkeep
|turn|31
|
|t:|1629458102
|switch|p2a: Darmanitan|Darmanitan-Galar, F|11/100 par
|move|p1a: Yveltal|Oblivion Wing|p2a: Darmanitan
|-damage|p2a: Darmanitan|0 fnt
|-heal|p1a: Yveltal|91/100|[from] drain|[of] p2a: Darmanitan
|faint|p2a: Darmanitan
|
|upkeep
|
|t:|1629458107
|switch|p2a: Lugia|Lugia|89/100
|turn|32
|
|t:|1629458110
|move|p2a: Lugia|Thunder Wave|p1a: Yveltal
|-status|p1a: Yveltal|par
|move|p1a: Yveltal|Taunt|p2a: Lugia
|-start|p2a: Lugia|move: Taunt
|
|upkeep
|turn|33
|j| Dusk of Surtr
|
|t:|1629458119
|switch|p1a: Calyrex|Calyrex-Shadow|88/100
|-ability|p1a: Calyrex|As One
|-ability|p1a: Calyrex|Unnerve
|move|p2a: Lugia|Aeroblast|p1a: Calyrex
|-damage|p1a: Calyrex|57/100
|
|upkeep
|turn|34
|
|t:|1629458121
|switch|p2a: Yveltal|Yveltal|55/100
|-ability|p2a: Yveltal|Dark Aura
|move|p1a: Calyrex|Aromatherapy|p1a: Calyrex
|-activate|p1a: Calyrex|move: Aromatherapy
|-curestatus|p1: Yveltal|par|[msg]
|-curestatus|p1: Eternatus|par|[msg]
|
|upkeep
|turn|35
|
|t:|1629458127
|switch|p1a: Yveltal|Yveltal, shiny|91/100
|-ability|p1a: Yveltal|Dark Aura
|move|p2a: Yveltal|Roost|p2a: Yveltal
|-heal|p2a: Yveltal|100/100
|-singleturn|p2a: Yveltal|move: Roost
|
|upkeep
|turn|36
|
|t:|1629458132
|move|p1a: Yveltal|Knock Off|p2a: Yveltal
|-resisted|p2a: Yveltal
|-damage|p2a: Yveltal|86/100
|move|p2a: Yveltal|Knock Off|p1a: Yveltal
|-resisted|p1a: Yveltal
|-damage|p1a: Yveltal|73/100
|
|upkeep
|turn|37
|
|t:|1629458135
|switch|p2a: Lugia|Lugia|89/100
|move|p1a: Yveltal|Oblivion Wing|p2a: Lugia
|-damage|p2a: Lugia|63/100
|-heal|p1a: Yveltal|93/100|[from] drain|[of] p2a: Lugia
|
|upkeep
|turn|38
|
|t:|1629458142
|switch|p1a: Zygarde|Zygarde|85/100
|move|p2a: Lugia|Thunder Wave|p1a: Zygarde
|-immune|p1a: Zygarde
|
|-heal|p1a: Zygarde|91/100|[from] item: Leftovers
|upkeep
|turn|39
|
|t:|1629458149
|move|p2a: Lugia|Roost|p2a: Lugia
|-heal|p2a: Lugia|100/100
|-singleturn|p2a: Lugia|move: Roost
|move|p1a: Zygarde|Scale Shot|p2a: Lugia
|-damage|p2a: Lugia|98/100
|-damage|p2a: Lugia|92/100
|-damage|p2a: Lugia|87/100
|-hitcount|p2a: Lugia|3
|-unboost|p1a: Zygarde|def|1
|-boost|p1a: Zygarde|spe|1
|
|-heal|p1a: Zygarde|97/100|[from] item: Leftovers
|upkeep
|turn|40
|
|t:|1629458159
|move|p1a: Zygarde|Coil|p1a: Zygarde
|-boost|p1a: Zygarde|atk|1
|-boost|p1a: Zygarde|def|1
|-boost|p1a: Zygarde|accuracy|1
|move|p2a: Lugia|Whirlwind|p1a: Zygarde
|drag|p1a: Yveltal|Yveltal, shiny|93/100
|-ability|p1a: Yveltal|Dark Aura
|
|upkeep
|turn|41
|
|t:|1629458165
|switch|p1a: Zygarde|Zygarde|97/100
|move|p2a: Lugia|Thunder Wave|p1a: Zygarde
|-immune|p1a: Zygarde
|
|-heal|p1a: Zygarde|100/100|[from] item: Leftovers
|upkeep
|turn|42
|
|t:|1629458168
|move|p2a: Lugia|Roost|p2a: Lugia
|-heal|p2a: Lugia|100/100
|-singleturn|p2a: Lugia|move: Roost
|move|p1a: Zygarde|Scale Shot|p2a: Lugia
|-damage|p2a: Lugia|98/100
|-damage|p2a: Lugia|92/100
|-damage|p2a: Lugia|87/100
|-hitcount|p2a: Lugia|3
|-unboost|p1a: Zygarde|def|1
|-boost|p1a: Zygarde|spe|1
|
|upkeep
|turn|43
|
|t:|1629458172
|move|p1a: Zygarde|Scale Shot|p2a: Lugia
|-damage|p2a: Lugia|81/100
|-damage|p2a: Lugia|75/100
|-damage|p2a: Lugia|69/100
|-hitcount|p2a: Lugia|3
|-unboost|p1a: Zygarde|def|1
|-boost|p1a: Zygarde|spe|1
|move|p2a: Lugia|Whirlwind|p1a: Zygarde
|drag|p1a: Eternatus|Eternatus|88/100
|-ability|p1a: Eternatus|Pressure
|
|upkeep
|turn|44
|
|t:|1629458188
|move|p1a: Eternatus|Sludge Bomb|p2a: Lugia
|-damage|p2a: Lugia|18/100
|move|p2a: Lugia|Thunder Wave|p1a: Eternatus
|-status|p1a: Eternatus|par
|
|upkeep
|turn|45
|
|t:|1629458194
|switch|p1a: Zygarde|Zygarde|100/100
|move|p2a: Lugia|Roost|p2a: Lugia
|-heal|p2a: Lugia|68/100
|-singleturn|p2a: Lugia|move: Roost
|
|upkeep
|turn|46
|
|t:|1629458197
|move|p2a: Lugia|Roost|p2a: Lugia
|-heal|p2a: Lugia|100/100
|-singleturn|p2a: Lugia|move: Roost
|move|p1a: Zygarde|Scale Shot|p2a: Lugia
|-damage|p2a: Lugia|98/100
|-damage|p2a: Lugia|92/100
|-hitcount|p2a: Lugia|2
|-unboost|p1a: Zygarde|def|1
|-boost|p1a: Zygarde|spe|1
|
|upkeep
|turn|47
|
|t:|1629458201
|move|p1a: Zygarde|Coil|p1a: Zygarde
|-boost|p1a: Zygarde|atk|1
|-boost|p1a: Zygarde|def|1
|-boost|p1a: Zygarde|accuracy|1
|move|p2a: Lugia|Whirlwind|p1a: Zygarde
|drag|p1a: Kyogre|Kyogre|100/100
|-weather|RainDance|[from] ability: Drizzle|[of] p1a: Kyogre
|
|-weather|RainDance|[upkeep]
|upkeep
|turn|48
|
|t:|1629458209
|move|p2a: Lugia|Thunder Wave|p1a: Kyogre
|-status|p1a: Kyogre|par
|move|p1a: Kyogre|Scald|p2a: Lugia
|-damage|p2a: Lugia|58/100
|
|-weather|RainDance|[upkeep]
|upkeep
|turn|49
|
|t:|1629458217
|move|p2a: Lugia|Roost|p2a: Lugia
|-heal|p2a: Lugia|100/100
|-singleturn|p2a: Lugia|move: Roost
|cant|p1a: Kyogre|par
|
|-weather|RainDance|[upkeep]
|upkeep
|turn|50
|
|t:|1629458222
|move|p2a: Lugia|Aeroblast|p1a: Kyogre
|-damage|p1a: Kyogre|79/100 par
|cant|p1a: Kyogre|par
|
|-weather|RainDance|[upkeep]
|-heal|p1a: Kyogre|86/100 par|[from] item: Leftovers
|upkeep
|turn|51
|
|t:|1629458227
|move|p2a: Lugia|Aeroblast|p1a: Kyogre
|-damage|p1a: Kyogre|65/100 par
|move|p1a: Kyogre|Substitute|p1a: Kyogre
|-start|p1a: Kyogre|Substitute
|-damage|p1a: Kyogre|40/100 par
|
|-weather|none
|-heal|p1a: Kyogre|47/100 par|[from] item: Leftovers
|upkeep
|turn|52
|
|t:|1629458232
|cant|p1a: Kyogre|par
|move|p2a: Lugia|Whirlwind|p1a: Kyogre
|drag|p1a: Yveltal|Yveltal, shiny|93/100
|-ability|p1a: Yveltal|Dark Aura
|
|upkeep
|turn|53
|
|t:|1629458242
|switch|p1a: Kyogre|Kyogre|47/100 par
|-weather|RainDance|[from] ability: Drizzle|[of] p1a: Kyogre
|move|p2a: Lugia|Thunder Wave|p1a: Kyogre
|-fail|p1a: Kyogre|par
|
|-weather|RainDance|[upkeep]
|-heal|p1a: Kyogre|53/100 par|[from] item: Leftovers
|upkeep
|turn|54
|
|t:|1629458245
|move|p2a: Lugia|Aeroblast|p1a: Kyogre
|-damage|p1a: Kyogre|32/100 par
|move|p1a: Kyogre|Substitute|p1a: Kyogre
|-start|p1a: Kyogre|Substitute
|-damage|p1a: Kyogre|7/100 par
|
|-weather|RainDance|[upkeep]
|-heal|p1a: Kyogre|14/100 par|[from] item: Leftovers
|upkeep
|turn|55
|
|t:|1629458250
|move|p1a: Kyogre|Rest|p1a: Kyogre
|-status|p1a: Kyogre|slp|[from] move: Rest
|-heal|p1a: Kyogre|100/100 slp|[silent]
|move|p2a: Lugia|Whirlwind|p1a: Kyogre
|drag|p1a: Calyrex|Calyrex-Shadow|57/100
|-ability|p1a: Calyrex|As One
|-ability|p1a: Calyrex|Unnerve
|
|-weather|RainDance|[upkeep]
|upkeep
|turn|56
|
|t:|1629458261
|move|p1a: Calyrex|Trick|p2a: Lugia
|-activate|p1a: Calyrex|move: Trick|[of] p2a: Lugia
|-item|p2a: Lugia|Choice Scarf|[from] move: Trick
|-item|p1a: Calyrex|Heavy-Duty Boots|[from] move: Trick
|move|p2a: Lugia|Thunder Wave|p1a: Calyrex
|-status|p1a: Calyrex|par
|
|-weather|RainDance|[upkeep]
|upkeep
|turn|57
|
|t:|1629458274
|switch|p2a: Yveltal|Yveltal|86/100
|-ability|p2a: Yveltal|Dark Aura
|move|p1a: Calyrex|Aromatherapy|p1a: Calyrex
|-activate|p1a: Calyrex|move: Aromatherapy
|-curestatus|p1a: Calyrex|par|[msg]
|-curestatus|p1: Kyogre|slp|[msg]
|-curestatus|p1: Eternatus|par|[msg]
|
|-weather|none
|upkeep
|turn|58
|
|t:|1629458281
|switch|p1a: Yveltal|Yveltal, shiny|93/100
|-ability|p1a: Yveltal|Dark Aura
|switch|p2a: Kyurem|Kyurem-Black, shiny|67/100
|-ability|p2a: Kyurem|Teravolt
|
|upkeep
|turn|59
|
|t:|1629458286
|move|p1a: Yveltal|Knock Off|p2a: Kyurem
|-damage|p2a: Kyurem|19/100
|-enditem|p2a: Kyurem|Life Orb|[from] move: Knock Off|[of] p1a: Yveltal
|move|p2a: Kyurem|Fusion Bolt|p1a: Yveltal
|-supereffective|p1a: Yveltal
|-damage|p1a: Yveltal|9/100
|
|upkeep
|turn|60
|
|t:|1629458301
|switch|p2a: Lugia|Lugia|100/100
|move|p1a: Yveltal|Oblivion Wing|p2a: Lugia
|-damage|p2a: Lugia|89/100
|-heal|p1a: Yveltal|19/100|[from] drain|[of] p2a: Lugia
|
|upkeep
|turn|61
|
|t:|1629458309
|switch|p1a: Zygarde|Zygarde|100/100
|move|p2a: Lugia|Thunder Wave|p1a: Zygarde
|-immune|p1a: Zygarde
|
|upkeep
|turn|62
|
|t:|1629458314
|switch|p2a: Yveltal|Yveltal|86/100
|-ability|p2a: Yveltal|Dark Aura
|move|p1a: Zygarde|Scale Shot|p2a: Yveltal|[miss]
|-miss|p1a: Zygarde|p2a: Yveltal
|
|upkeep
|turn|63
|
|t:|1629458320
|move|p2a: Yveltal|Knock Off|p1a: Zygarde
|-damage|p1a: Zygarde|70/100
|-enditem|p1a: Zygarde|Leftovers|[from] move: Knock Off|[of] p2a: Yveltal
|move|p1a: Zygarde|Coil|p1a: Zygarde
|-boost|p1a: Zygarde|atk|1
|-boost|p1a: Zygarde|def|1
|-boost|p1a: Zygarde|accuracy|1
|
|upkeep
|turn|64
|
|t:|1629458326
|switch|p2a: Lugia|Lugia|89/100
|move|p1a: Zygarde|Scale Shot|p2a: Lugia
|-damage|p2a: Lugia|81/100
|-crit|p2a: Lugia
|-damage|p2a: Lugia|68/100
|-damage|p2a: Lugia|60/100
|-hitcount|p2a: Lugia|3
|-unboost|p1a: Zygarde|def|1
|-boost|p1a: Zygarde|spe|1
|
|upkeep
|turn|65
|
|t:|1629458334
|move|p1a: Zygarde|Scale Shot|p2a: Lugia
|-damage|p2a: Lugia|51/100
|-damage|p2a: Lugia|42/100
|-hitcount|p2a: Lugia|2
|-unboost|p1a: Zygarde|def|1
|-boost|p1a: Zygarde|spe|1
|move|p2a: Lugia|Whirlwind|p1a: Zygarde
|drag|p1a: Calyrex|Calyrex-Shadow|57/100
|-ability|p1a: Calyrex|As One
|-ability|p1a: Calyrex|Unnerve
|
|upkeep
|turn|66
|
|t:|1629458340
|switch|p2a: Yveltal|Yveltal|86/100
|-ability|p2a: Yveltal|Dark Aura
|move|p1a: Calyrex|Astral Barrage|p2a: Yveltal
|-resisted|p2a: Yveltal
|-damage|p2a: Yveltal|64/100
|
|upkeep
|turn|67
|
|t:|1629458348
|switch|p1a: Zygarde|Zygarde|70/100
|switch|p2a: Necrozma|Necrozma-Dusk-Mane, shiny|100/100
|
|upkeep
|turn|68
|
|t:|1629458350
|move|p2a: Necrozma|Dragon Dance|p2a: Necrozma
|-boost|p2a: Necrozma|atk|1
|-boost|p2a: Necrozma|spe|1
|move|p1a: Zygarde|Thousand Waves|p2a: Necrozma
|-supereffective|p2a: Necrozma
|-damage|p2a: Necrozma|67/100
|-activate|p2a: Necrozma|trapped
|-enditem|p2a: Necrozma|Weakness Policy
|-boost|p2a: Necrozma|atk|2|[from] item: Weakness Policy
|-boost|p2a: Necrozma|spa|2|[from] item: Weakness Policy
|
|upkeep
|turn|69
|
|t:|1629458359
|move|p2a: Necrozma|Dragon Dance|p2a: Necrozma
|-boost|p2a: Necrozma|atk|1
|-boost|p2a: Necrozma|spe|1
|move|p1a: Zygarde|Thousand Waves|p2a: Necrozma
|-supereffective|p2a: Necrozma
|-damage|p2a: Necrozma|36/100
|
|upkeep
|turn|70
|
|t:|1629458365
|move|p2a: Necrozma|Sunsteel Strike|p1a: Zygarde
|-damage|p1a: Zygarde|0 fnt
|faint|p1a: Zygarde
|
|upkeep
|
|t:|1629458372
|switch|p1a: Kyogre|Kyogre|100/100
|-weather|RainDance|[from] ability: Drizzle|[of] p1a: Kyogre
|turn|71
|inactive|Ackesh has 120 seconds left.
|
|t:|1629458424
|move|p2a: Necrozma|Earthquake|p1a: Kyogre
|-damage|p1a: Kyogre|31/100
|move|p1a: Kyogre|Scald|p2a: Necrozma
|-damage|p2a: Necrozma|0 fnt
|faint|p2a: Necrozma
|
|-weather|RainDance|[upkeep]
|-heal|p1a: Kyogre|38/100|[from] item: Leftovers
|upkeep
|
|t:|1629458427
|switch|p2a: Kyurem|Kyurem-Black, shiny|19/100
|-ability|p2a: Kyurem|Teravolt
|turn|72
|
|t:|1629458440
|move|p2a: Kyurem|Roost|p2a: Kyurem
|-heal|p2a: Kyurem|69/100
|-singleturn|p2a: Kyurem|move: Roost
|move|p1a: Kyogre|Scald|p2a: Kyurem
|-resisted|p2a: Kyurem
|-damage|p2a: Kyurem|40/100
|
|-weather|RainDance|[upkeep]
|-heal|p1a: Kyogre|44/100|[from] item: Leftovers
|upkeep
|turn|73
|
|t:|1629458452
|move|p2a: Kyurem|Dragon Dance|p2a: Kyurem
|-boost|p2a: Kyurem|atk|1
|-boost|p2a: Kyurem|spe|1
|move|p1a: Kyogre|Substitute|p1a: Kyogre
|-start|p1a: Kyogre|Substitute
|-damage|p1a: Kyogre|19/100
|
|-weather|RainDance|[upkeep]
|-heal|p1a: Kyogre|25/100|[from] item: Leftovers
|upkeep
|turn|74
|
|t:|1629458464
|move|p2a: Kyurem|Roost|p2a: Kyurem
|-heal|p2a: Kyurem|90/100
|-singleturn|p2a: Kyurem|move: Roost
|move|p1a: Kyogre|Scald|p2a: Kyurem
|-resisted|p2a: Kyurem
|-damage|p2a: Kyurem|64/100
|
|-weather|RainDance|[upkeep]
|-heal|p1a: Kyogre|31/100|[from] item: Leftovers
|upkeep
|turn|75
|
|t:|1629458473
|move|p2a: Kyurem|Dragon Dance|p2a: Kyurem
|-boost|p2a: Kyurem|atk|1
|-boost|p2a: Kyurem|spe|1
|move|p1a: Kyogre|Rest|p1a: Kyogre
|-status|p1a: Kyogre|slp|[from] move: Rest
|-heal|p1a: Kyogre|100/100 slp|[silent]
|
|-weather|none
|upkeep
|turn|76
|-message|cxcould forfeited.
|
|win|Ackesh
|raw|cxcould's rating: 1492 &rarr; <strong>1476</strong><br />(-16 for losing)
|raw|Ackesh's rating: 1557 &rarr; <strong>1573</strong><br />(+16 for winning)
|l|☆cxcould
|j|☆cxcould
|player|p1|cxcould|dawn
|inactive|Battle timer is ON: inactive players will automatically lose when time's up. (requested by cxcould)
|l|☆cxcould
|player|p1|
|j|☆cxcould
|player|p1|cxcould|dawn
|l|☆cxcould
|player|p1|
