|raw|<div class="broadcast-blue"><strong>This battle is required to be public due to a player having a name starting with 'ULTBG7V'.</div>
|j|☆KyogreF4N
|j|☆ultbg7v tralalala
|t:|1621953092
|gametype|singles
|player|p1|KyogreF4N|hiker-gen4|1711
|player|p2|ultbg7v tralalala|266|1730
|teamsize|p1|6
|teamsize|p2|6
|gen|8
|tier|[Gen 8] Ubers
|rated|
|rule|Sleep Clause Mod: Limit one foe put to sleep
|rule|Species Clause: Limit one of each Pokémon
|rule|OHKO Clause: OHKO moves are banned
|rule|Evasion Moves Clause: Evasion moves are banned
|rule|Endless Battle Clause: Forcing endless battles is banned
|rule|HP Percentage Mod: HP is shown in percentages
|rule|Dynamax Clause: You cannot dynamax
|clearpoke
|poke|p1|Yveltal|
|poke|p1|Ho-Oh|
|poke|p1|Tangrowth, M|
|poke|p1|Eternatus|
|poke|p1|Necrozma-Dusk-Mane|
|poke|p1|Calyrex-Shadow|
|poke|p2|Kyogre|
|poke|p2|Eternatus|
|poke|p2|Tangrowth, F|
|poke|p2|Necrozma-Dusk-Mane|
|poke|p2|Yveltal|
|poke|p2|Xerneas-*|
|teampreview
|j| mm2
|j| ULTBG7VFunkysapien
|j| Hrishioo7
|c| ULTBG7VFunkysapien|casse lui la goulette stp
|j|+Pohjis
|c|☆KyogreF4N|Jfais ce que je peux
|
|t:|1621953125
|start
|switch|p1a: Yveltal|Yveltal|100/100
|switch|p2a: Yveltal|Yveltal|100/100
|-ability|p1a: Yveltal|Dark Aura
|-ability|p2a: Yveltal|Dark Aura
|turn|1
|
|t:|1621953131
|switch|p2a: Xerneas|Xerneas|100/100
|-ability|p2a: Xerneas|Fairy Aura
|-item|p2a: Xerneas|Air Balloon
|move|p1a: Yveltal|Toxic|p2a: Xerneas|[miss]
|-miss|p1a: Yveltal|p2a: Xerneas
|
|upkeep
|turn|2
|j| holymolyshit
|j| ULTBG7V BLAST BURN
|c|☆KyogreF4N|Précis
|
|t:|1621953141
|switch|p1a: Necrozma|Necrozma-Dusk-Mane|100/100
|move|p2a: Xerneas|Moonblast|p1a: Necrozma
|-resisted|p1a: Necrozma
|-damage|p1a: Necrozma|79/100
|-unboost|p1a: Necrozma|spa|1
|
|upkeep
|turn|3
|
|t:|1621953145
|switch|p2a: Necrozma|Necrozma-Dusk-Mane|100/100
|move|p1a: Necrozma|Stealth Rock|p2a: Necrozma
|-sidestart|p2: ultbg7v tralalala|move: Stealth Rock
|
|upkeep
|turn|4
|
|t:|1621953149
|move|p1a: Necrozma|Earthquake|p2a: Necrozma
|-supereffective|p2a: Necrozma
|-damage|p2a: Necrozma|63/100
|move|p2a: Necrozma|Stealth Rock|p1a: Necrozma
|-sidestart|p1: KyogreF4N|move: Stealth Rock
|
|-heal|p2a: Necrozma|69/100|[from] item: Leftovers
|upkeep
|turn|5
|
|t:|1621953157
|move|p1a: Necrozma|Earthquake|p2a: Necrozma
|-supereffective|p2a: Necrozma
|-damage|p2a: Necrozma|27/100
|move|p2a: Necrozma|Rest|p2a: Necrozma
|-status|p2a: Necrozma|slp|[from] move: Rest
|-heal|p2a: Necrozma|100/100 slp|[silent]
|
|upkeep
|turn|6
|c|☆KyogreF4N|Faiblard ce dm
|
|t:|1621953163
|switch|p2a: Tangrowth|Tangrowth, F|100/100
|-damage|p2a: Tangrowth|88/100|[from] Stealth Rock
|move|p1a: Necrozma|Earthquake|p2a: Tangrowth
|-resisted|p2a: Tangrowth
|-damage|p2a: Tangrowth|77/100
|
|upkeep
|turn|7
|
|t:|1621953168
|switch|p1a: Ho-Oh|Ho-Oh|100/100
|move|p2a: Tangrowth|Knock Off|p1a: Ho-Oh
|-damage|p1a: Ho-Oh|84/100
|-enditem|p1a: Ho-Oh|Heavy-Duty Boots|[from] move: Knock Off|[of] p2a: Tangrowth
|
|upkeep
|turn|8
|j| ULTBG7V Fat
|c| ULTBG7VFunkysapien|c'est trop pour moi
|
|t:|1621953174
|move|p1a: Ho-Oh|Defog|p2a: Tangrowth
|-unboost|p2a: Tangrowth|evasion|1
|-sideend|p2: ultbg7v tralalala|Stealth Rock|[from] move: Defog|[of] p1a: Ho-Oh
|-sideend|p1: KyogreF4N|Stealth Rock|[from] move: Defog|[of] p1a: Ho-Oh
|move|p2a: Tangrowth|Toxic|p1a: Ho-Oh
|-status|p1a: Ho-Oh|tox
|
|-damage|p1a: Ho-Oh|78/100 tox|[from] psn
|upkeep
|turn|9
|c| ULTBG7VFunkysapien|pourquoi c'est balloon xern + rest dm
|
|t:|1621953187
|move|p1a: Ho-Oh|Thunder Wave|p2a: Tangrowth
|-status|p2a: Tangrowth|par
|move|p2a: Tangrowth|Infestation|p1a: Ho-Oh
|-resisted|p1a: Ho-Oh
|-damage|p1a: Ho-Oh|78/100 tox
|-activate|p1a: Ho-Oh|move: Infestation|[of] p2a: Tangrowth
|
|-damage|p1a: Ho-Oh|65/100 tox|[from] psn
|-damage|p1a: Ho-Oh|53/100 tox|[from] move: Infestation|[partiallytrapped]
|upkeep
|turn|10
|c|☆KyogreF4N|Jspp
|
|t:|1621953199
|move|p1a: Ho-Oh|Sacred Fire|p2a: Tangrowth
|-supereffective|p2a: Tangrowth
|-damage|p2a: Tangrowth|34/100 par
|move|p2a: Tangrowth|Knock Off|p1a: Ho-Oh
|-damage|p1a: Ho-Oh|41/100 tox
|
|-damage|p1a: Ho-Oh|22/100 tox|[from] psn
|-damage|p1a: Ho-Oh|10/100 tox|[from] move: Infestation|[partiallytrapped]
|upkeep
|turn|11
|c|☆KyogreF4N|What's happening
|
|t:|1621953211
|switch|p2a: Eternatus|Eternatus|100/100
|-ability|p2a: Eternatus|Pressure
|move|p1a: Ho-Oh|Sacred Fire|p2a: Eternatus
|-resisted|p2a: Eternatus
|-damage|p2a: Eternatus|84/100
|-status|p2a: Eternatus|brn
|
|-damage|p1a: Ho-Oh|0 fnt|[from] psn
|faint|p1a: Ho-Oh
|-damage|p2a: Eternatus|78/100 brn|[from] brn
|upkeep
|
|t:|1621953215
|switch|p1a: Calyrex|Calyrex-Shadow|100/100
|-ability|p1a: Calyrex|As One
|-ability|p1a: Calyrex|Unnerve
|turn|12
|
|t:|1621953221
|switch|p1a: Eternatus|Eternatus|100/100
|-ability|p1a: Eternatus|Pressure
|switch|p2a: Yveltal|Yveltal|100/100
|-ability|p2a: Yveltal|Dark Aura
|
|upkeep
|turn|13
|
|t:|1621953230
|switch|p2a: Necrozma|Necrozma-Dusk-Mane|100/100 slp
|move|p1a: Eternatus|Sludge Bomb|p2a: Necrozma
|-immune|p2a: Necrozma
|
|upkeep
|turn|14
|
|t:|1621953235
|switch|p1a: Yveltal|Yveltal|100/100
|-ability|p1a: Yveltal|Dark Aura
|cant|p2a: Necrozma|slp
|
|upkeep
|turn|15
|
|t:|1621953239
|switch|p2a: Xerneas|Xerneas|100/100
|-ability|p2a: Xerneas|Fairy Aura
|-item|p2a: Xerneas|Air Balloon
|move|p1a: Yveltal|Knock Off|p2a: Xerneas
|-resisted|p2a: Xerneas
|-damage|p2a: Xerneas|85/100
|-enditem|p2a: Xerneas|Air Balloon
|
|upkeep
|turn|16
|
|t:|1621953244
|switch|p1a: Necrozma|Necrozma-Dusk-Mane|79/100
|move|p2a: Xerneas|Aromatherapy|p2a: Xerneas
|-activate|p2a: Xerneas|move: Aromatherapy
|-curestatus|p2: Tangrowth|par|[msg]
|-curestatus|p2: Necrozma|slp|[msg]
|-curestatus|p2: Eternatus|brn|[msg]
|
|upkeep
|turn|17
|
|t:|1621953248
|switch|p2a: Tangrowth|Tangrowth, F|67/100
|switch|p1a: Yveltal|Yveltal|100/100
|-ability|p1a: Yveltal|Dark Aura
|
|upkeep
|turn|18
|j| Raph369
|
|t:|1621953251
|switch|p2a: Xerneas|Xerneas|85/100
|-ability|p2a: Xerneas|Fairy Aura
|move|p1a: Yveltal|Knock Off|p2a: Xerneas
|-resisted|p2a: Xerneas
|-damage|p2a: Xerneas|75/100
|
|upkeep
|turn|19
|
|t:|1621953257
|switch|p1a: Eternatus|Eternatus|100/100
|-ability|p1a: Eternatus|Pressure
|move|p2a: Xerneas|Moonblast|p1a: Eternatus
|-damage|p1a: Eternatus|68/100
|-unboost|p1a: Eternatus|spa|1
|
|upkeep
|turn|20
|
|t:|1621953262
|switch|p1a: Necrozma|Necrozma-Dusk-Mane|79/100
|switch|p2a: Necrozma|Necrozma-Dusk-Mane|100/100
|
|upkeep
|turn|21
|
|t:|1621953265
|move|p1a: Necrozma|Stealth Rock|p2a: Necrozma
|-sidestart|p2: ultbg7v tralalala|move: Stealth Rock
|move|p2a: Necrozma|Knock Off|p1a: Necrozma
|-supereffective|p1a: Necrozma
|-damage|p1a: Necrozma|49/100
|-damage|p2a: Necrozma|84/100|[from] item: Rocky Helmet|[of] p1a: Necrozma
|-enditem|p1a: Necrozma|Rocky Helmet|[from] move: Knock Off|[of] p2a: Necrozma
|
|-heal|p2a: Necrozma|90/100|[from] item: Leftovers
|upkeep
|turn|22
|
|t:|1621953269
|move|p1a: Necrozma|Earthquake|p2a: Necrozma
|-supereffective|p2a: Necrozma
|-damage|p2a: Necrozma|52/100
|move|p2a: Necrozma|Stealth Rock|p1a: Necrozma
|-sidestart|p1: KyogreF4N|move: Stealth Rock
|
|-heal|p2a: Necrozma|58/100|[from] item: Leftovers
|upkeep
|turn|23
|
|t:|1621953273
|move|p1a: Necrozma|Morning Sun|p1a: Necrozma
|-heal|p1a: Necrozma|99/100
|move|p2a: Necrozma|Rest|p2a: Necrozma
|-status|p2a: Necrozma|slp|[from] move: Rest
|-heal|p2a: Necrozma|100/100 slp|[silent]
|
|upkeep
|turn|24
|
|t:|1621953281
|switch|p1a: Eternatus|Eternatus|68/100
|-ability|p1a: Eternatus|Pressure
|switch|p2a: Tangrowth|Tangrowth, F|100/100
|-damage|p2a: Tangrowth|88/100|[from] Stealth Rock
|
|upkeep
|turn|25
|
|t:|1621953285
|switch|p2a: Necrozma|Necrozma-Dusk-Mane|100/100 slp
|-damage|p2a: Necrozma|94/100 slp|[from] Stealth Rock
|move|p1a: Eternatus|Flamethrower|p2a: Necrozma
|-supereffective|p2a: Necrozma
|-damage|p2a: Necrozma|70/100 slp
|
|-heal|p2a: Necrozma|76/100 slp|[from] item: Leftovers
|upkeep
|turn|26
|l| ULTBG7V Fat
|
|t:|1621953303
|move|p1a: Eternatus|Flamethrower|p2a: Necrozma
|-supereffective|p2a: Necrozma
|-damage|p2a: Necrozma|50/100 slp
|cant|p2a: Necrozma|slp
|
|-heal|p2a: Necrozma|56/100 slp|[from] item: Leftovers
|upkeep
|turn|27
|j| Side Streets
|
|t:|1621953312
|move|p1a: Eternatus|Flamethrower|p2a: Necrozma
|-supereffective|p2a: Necrozma
|-damage|p2a: Necrozma|33/100 slp
|cant|p2a: Necrozma|slp
|
|-heal|p2a: Necrozma|39/100 slp|[from] item: Leftovers
|upkeep
|turn|28
|c|☆KyogreF4N|Critty action ?
|
|t:|1621953322
|move|p1a: Eternatus|Flamethrower|p2a: Necrozma
|-supereffective|p2a: Necrozma
|-damage|p2a: Necrozma|12/100 slp
|-curestatus|p2a: Necrozma|slp|[msg]
|move|p2a: Necrozma|Rest|p2a: Necrozma
|-status|p2a: Necrozma|slp|[from] move: Rest
|-heal|p2a: Necrozma|100/100 slp|[silent]
|
|upkeep
|turn|29
|
|t:|1621953326
|switch|p1a: Yveltal|Yveltal|100/100
|-ability|p1a: Yveltal|Dark Aura
|cant|p2a: Necrozma|slp
|
|upkeep
|turn|30
|
|t:|1621953329
|switch|p2a: Xerneas|Xerneas|75/100
|-damage|p2a: Xerneas|62/100|[from] Stealth Rock
|-ability|p2a: Xerneas|Fairy Aura
|move|p1a: Yveltal|Knock Off|p2a: Xerneas
|-resisted|p2a: Xerneas
|-damage|p2a: Xerneas|52/100
|
|upkeep
|turn|31
|
|t:|1621953334
|switch|p1a: Eternatus|Eternatus|68/100
|-ability|p1a: Eternatus|Pressure
|move|p2a: Xerneas|Rest|p2a: Xerneas
|-status|p2a: Xerneas|slp|[from] move: Rest
|-heal|p2a: Xerneas|100/100 slp|[silent]
|
|upkeep
|turn|32
|
|t:|1621953346
|switch|p1a: Calyrex|Calyrex-Shadow|100/100
|-ability|p1a: Calyrex|As One
|-ability|p1a: Calyrex|Unnerve
|-damage|p1a: Calyrex|88/100|[from] Stealth Rock
|switch|p2a: Necrozma|Necrozma-Dusk-Mane|100/100 slp
|-damage|p2a: Necrozma|94/100 slp|[from] Stealth Rock
|
|-heal|p2a: Necrozma|100/100 slp|[from] item: Leftovers
|upkeep
|turn|33
|
|t:|1621953354
|move|p1a: Calyrex|Trick|p2a: Necrozma
|-activate|p1a: Calyrex|move: Trick|[of] p2a: Necrozma
|-item|p2a: Necrozma|Choice Specs|[from] move: Trick
|-item|p1a: Calyrex|Leftovers|[from] move: Trick
|cant|p2a: Necrozma|slp
|
|-heal|p1a: Calyrex|94/100|[from] item: Leftovers
|upkeep
|turn|34
|
|t:|1621953360
|switch|p1a: Tangrowth|Tangrowth, M|100/100
|-damage|p1a: Tangrowth|88/100|[from] Stealth Rock
|-curestatus|p2a: Necrozma|slp|[msg]
|move|p2a: Necrozma|Knock Off|p1a: Tangrowth
|-damage|p1a: Tangrowth|72/100
|-damage|p2a: Necrozma|84/100|[from] item: Rocky Helmet|[of] p1a: Tangrowth
|-enditem|p1a: Tangrowth|Rocky Helmet|[from] move: Knock Off|[of] p2a: Necrozma
|
|upkeep
|turn|35
|
|t:|1621953368
|switch|p2a: Tangrowth|Tangrowth, F|100/100
|-damage|p2a: Tangrowth|88/100|[from] Stealth Rock
|move|p1a: Tangrowth|Leech Seed|p2a: Tangrowth
|-immune|p2a: Tangrowth
|
|upkeep
|turn|36
|j| ultbg7v solrock
|
|t:|1621953372
|move|p2a: Tangrowth|Knock Off|p1a: Tangrowth
|-damage|p1a: Tangrowth|64/100
|move|p1a: Tangrowth|Toxic|p2a: Tangrowth
|-status|p2a: Tangrowth|tox
|
|-damage|p2a: Tangrowth|82/100 tox|[from] psn
|upkeep
|turn|37
|
|t:|1621953376
|move|p2a: Tangrowth|Infestation|p1a: Tangrowth
|-supereffective|p1a: Tangrowth
|-crit|p1a: Tangrowth
|-damage|p1a: Tangrowth|42/100
|-activate|p1a: Tangrowth|move: Infestation|[of] p2a: Tangrowth
|move|p1a: Tangrowth|Knock Off|p2a: Tangrowth
|-crit|p2a: Tangrowth
|-damage|p2a: Tangrowth|65/100 tox
|-damage|p1a: Tangrowth|26/100|[from] item: Rocky Helmet|[of] p2a: Tangrowth
|-enditem|p2a: Tangrowth|Rocky Helmet|[from] move: Knock Off|[of] p1a: Tangrowth
|
|-damage|p2a: Tangrowth|52/100 tox|[from] psn
|-damage|p1a: Tangrowth|13/100|[from] move: Infestation|[partiallytrapped]
|upkeep
|turn|38
|c| Side Streets|LOL
|l| Side Streets
|
|t:|1621953386
|move|p2a: Tangrowth|Grass Knot|p1a: Tangrowth
|-resisted|p1a: Tangrowth
|-damage|p1a: Tangrowth|0 fnt
|faint|p1a: Tangrowth
|
|-damage|p2a: Tangrowth|34/100 tox|[from] psn
|upkeep
|
|t:|1621953396
|switch|p1a: Eternatus|Eternatus|68/100
|-ability|p1a: Eternatus|Pressure
|turn|39
|c|☆KyogreF4N|Super trapped
|
|t:|1621953407
|switch|p2a: Necrozma|Necrozma-Dusk-Mane|84/100
|-damage|p2a: Necrozma|78/100|[from] Stealth Rock
|move|p1a: Eternatus|Flamethrower|p2a: Necrozma
|-supereffective|p2a: Necrozma
|-damage|p2a: Necrozma|52/100
|
|upkeep
|turn|40
|
|t:|1621953414
|move|p1a: Eternatus|Flamethrower|p2a: Necrozma
|-supereffective|p2a: Necrozma
|-damage|p2a: Necrozma|27/100
|move|p2a: Necrozma|Rest|p2a: Necrozma
|-status|p2a: Necrozma|slp|[from] move: Rest
|-heal|p2a: Necrozma|100/100 slp|[silent]
|
|upkeep
|turn|41
|
|t:|1621953419
|move|p1a: Eternatus|Flamethrower|p2a: Necrozma
|-supereffective|p2a: Necrozma
|-damage|p2a: Necrozma|76/100 slp
|cant|p2a: Necrozma|slp
|
|upkeep
|turn|42
|
|t:|1621953422
|move|p1a: Eternatus|Flamethrower|p2a: Necrozma
|-supereffective|p2a: Necrozma
|-damage|p2a: Necrozma|51/100 slp
|cant|p2a: Necrozma|slp
|
|upkeep
|turn|43
|
|t:|1621953425
|move|p1a: Eternatus|Flamethrower|p2a: Necrozma
|-supereffective|p2a: Necrozma
|-damage|p2a: Necrozma|26/100 slp
|-curestatus|p2a: Necrozma|slp|[msg]
|move|p2a: Necrozma|Rest|p2a: Necrozma
|-status|p2a: Necrozma|slp|[from] move: Rest
|-heal|p2a: Necrozma|100/100 slp|[silent]
|
|upkeep
|turn|44
|
|t:|1621953430
|move|p1a: Eternatus|Flamethrower|p2a: Necrozma
|-supereffective|p2a: Necrozma
|-damage|p2a: Necrozma|77/100 slp
|cant|p2a: Necrozma|slp
|
|upkeep
|turn|45
|
|t:|1621953432
|move|p1a: Eternatus|Flamethrower|p2a: Necrozma
|-supereffective|p2a: Necrozma
|-damage|p2a: Necrozma|49/100 slp
|cant|p2a: Necrozma|slp
|
|upkeep
|turn|46
|
|t:|1621953440
|switch|p1a: Necrozma|Necrozma-Dusk-Mane|99/100
|-damage|p1a: Necrozma|93/100|[from] Stealth Rock
|-curestatus|p2a: Necrozma|slp|[msg]
|move|p2a: Necrozma|Rest|p2a: Necrozma
|-status|p2a: Necrozma|slp|[from] move: Rest
|-heal|p2a: Necrozma|100/100 slp|[silent]
|
|upkeep
|turn|47
|
|t:|1621953448
|switch|p2a: Yveltal|Yveltal|100/100
|-ability|p2a: Yveltal|Dark Aura
|move|p1a: Necrozma|Sunsteel Strike|p2a: Yveltal
|-damage|p2a: Yveltal|56/100
|
|upkeep
|turn|48
|
|t:|1621953455
|switch|p1a: Eternatus|Eternatus|68/100
|-ability|p1a: Eternatus|Pressure
|move|p2a: Yveltal|Roost|p2a: Yveltal
|-heal|p2a: Yveltal|100/100
|-singleturn|p2a: Yveltal|move: Roost
|
|upkeep
|turn|49
|
|t:|1621953463
|switch|p2a: Kyogre|Kyogre|100/100
|-damage|p2a: Kyogre|88/100|[from] Stealth Rock
|-weather|RainDance|[from] ability: Drizzle|[of] p2a: Kyogre
|move|p1a: Eternatus|Sludge Bomb|p2a: Kyogre
|-damage|p2a: Kyogre|59/100
|
|-weather|RainDance|[upkeep]
|-heal|p2a: Kyogre|66/100|[from] item: Leftovers
|upkeep
|turn|50
|
|t:|1621953470
|move|p1a: Eternatus|Sludge Bomb|p2a: Kyogre
|-damage|p2a: Kyogre|39/100
|move|p2a: Kyogre|Calm Mind|p2a: Kyogre
|-boost|p2a: Kyogre|spa|1
|-boost|p2a: Kyogre|spd|1
|
|-weather|RainDance|[upkeep]
|-heal|p2a: Kyogre|45/100|[from] item: Leftovers
|upkeep
|turn|51
|
|t:|1621953474
|switch|p1a: Yveltal|Yveltal|100/100
|-ability|p1a: Yveltal|Dark Aura
|move|p2a: Kyogre|Rest|p2a: Kyogre
|-status|p2a: Kyogre|slp|[from] move: Rest
|-heal|p2a: Kyogre|100/100 slp|[silent]
|
|-weather|RainDance|[upkeep]
|upkeep
|turn|52
|
|t:|1621953477
|switch|p2a: Xerneas|Xerneas|100/100 slp
|-damage|p2a: Xerneas|88/100 slp|[from] Stealth Rock
|-ability|p2a: Xerneas|Fairy Aura
|move|p1a: Yveltal|Knock Off|p2a: Xerneas
|-resisted|p2a: Xerneas
|-damage|p2a: Xerneas|77/100 slp
|
|-weather|RainDance|[upkeep]
|upkeep
|turn|53
|
|t:|1621953483
|move|p1a: Yveltal|Taunt|p2a: Xerneas
|-start|p2a: Xerneas|move: Taunt
|cant|p2a: Xerneas|slp
|cant|p2a: Xerneas|move: Taunt|Sleep Talk
|
|-weather|none
|upkeep
|turn|54
|j| ULTBG7V Fat
|
|t:|1621953493
|switch|p1a: Calyrex|Calyrex-Shadow|94/100
|-ability|p1a: Calyrex|As One
|-ability|p1a: Calyrex|Unnerve
|-damage|p1a: Calyrex|82/100|[from] Stealth Rock
|cant|p2a: Xerneas|slp
|
|-heal|p1a: Calyrex|88/100|[from] item: Leftovers
|upkeep
|turn|55
|j| ULTBG7V qrts
|
|t:|1621953501
|switch|p2a: Yveltal|Yveltal|100/100
|-ability|p2a: Yveltal|Dark Aura
|move|p1a: Calyrex|Trick|p2a: Yveltal
|-activate|p1a: Calyrex|move: Trick|[of] p2a: Yveltal
|-item|p2a: Yveltal|Leftovers|[from] move: Trick
|-item|p1a: Calyrex|Heavy-Duty Boots|[from] move: Trick
|
|upkeep
|turn|56
|
|t:|1621953515
|switch|p1a: Yveltal|Yveltal|100/100
|-ability|p1a: Yveltal|Dark Aura
|move|p2a: Yveltal|Defog|p1a: Yveltal
|-unboost|p1a: Yveltal|evasion|1
|-sideend|p1: KyogreF4N|Stealth Rock|[from] move: Defog|[of] p2a: Yveltal
|-sideend|p2: ultbg7v tralalala|Stealth Rock|[from] move: Defog|[of] p2a: Yveltal
|
|upkeep
|turn|57
|
|t:|1621953520
|switch|p2a: Xerneas|Xerneas|77/100 slp
|-ability|p2a: Xerneas|Fairy Aura
|switch|p1a: Necrozma|Necrozma-Dusk-Mane|93/100
|
|upkeep
|turn|58
|
|t:|1621953523
|switch|p2a: Yveltal|Yveltal|100/100
|-ability|p2a: Yveltal|Dark Aura
|move|p1a: Necrozma|Stealth Rock|p2a: Yveltal
|-sidestart|p2: ultbg7v tralalala|move: Stealth Rock
|
|upkeep
|turn|59
|
|t:|1621953528
|switch|p1a: Eternatus|Eternatus|68/100
|-ability|p1a: Eternatus|Pressure
|move|p2a: Yveltal|Defog|p1a: Eternatus
|-unboost|p1a: Eternatus|evasion|1
|-sideend|p2: ultbg7v tralalala|Stealth Rock|[from] move: Defog|[of] p2a: Yveltal
|
|upkeep
|turn|60
|
|t:|1621953537
|switch|p2a: Kyogre|Kyogre|100/100 slp
|-weather|RainDance|[from] ability: Drizzle|[of] p2a: Kyogre
|move|p1a: Eternatus|Flamethrower|p2a: Kyogre
|-resisted|p2a: Kyogre
|-damage|p2a: Kyogre|96/100 slp
|
|-weather|RainDance|[upkeep]
|-heal|p2a: Kyogre|100/100 slp|[from] item: Leftovers
|upkeep
|turn|61
|
|t:|1621953546
|switch|p1a: Yveltal|Yveltal|100/100
|-ability|p1a: Yveltal|Dark Aura
|switch|p2a: Yveltal|Yveltal|100/100
|-ability|p2a: Yveltal|Dark Aura
|
|-weather|RainDance|[upkeep]
|upkeep
|turn|62
|
|t:|1621953551
|switch|p1a: Necrozma|Necrozma-Dusk-Mane|93/100
|switch|p2a: Xerneas|Xerneas|77/100 slp
|-ability|p2a: Xerneas|Fairy Aura
|
|-weather|RainDance|[upkeep]
|upkeep
|turn|63
|
|t:|1621953553
|switch|p2a: Necrozma|Necrozma-Dusk-Mane|100/100 slp
|move|p1a: Necrozma|Stealth Rock|p2a: Necrozma
|-sidestart|p2: ultbg7v tralalala|move: Stealth Rock
|
|-weather|RainDance|[upkeep]
|upkeep
|turn|64
|j| FearNeverDies
|
|t:|1621953566
|switch|p2a: Yveltal|Yveltal|100/100
|-damage|p2a: Yveltal|75/100|[from] Stealth Rock
|-ability|p2a: Yveltal|Dark Aura
|move|p1a: Necrozma|Sunsteel Strike|p2a: Yveltal
|-damage|p2a: Yveltal|30/100
|
|-weather|none
|-heal|p2a: Yveltal|36/100|[from] item: Leftovers
|upkeep
|turn|65
|
|t:|1621953570
|switch|p1a: Eternatus|Eternatus|68/100
|-ability|p1a: Eternatus|Pressure
|move|p2a: Yveltal|Roost|p2a: Yveltal
|-heal|p2a: Yveltal|86/100
|-singleturn|p2a: Yveltal|move: Roost
|
|-heal|p2a: Yveltal|92/100|[from] item: Leftovers
|upkeep
|turn|66
|
|t:|1621953573
|move|p1a: Eternatus|Sludge Bomb|p2a: Yveltal
|-damage|p2a: Yveltal|60/100
|-status|p2a: Yveltal|psn
|move|p2a: Yveltal|Defog|p1a: Eternatus
|-unboost|p1a: Eternatus|evasion|1
|-sideend|p2: ultbg7v tralalala|Stealth Rock|[from] move: Defog|[of] p2a: Yveltal
|
|-heal|p2a: Yveltal|66/100 psn|[from] item: Leftovers
|-damage|p2a: Yveltal|54/100 psn|[from] psn
|upkeep
|turn|67
|
|t:|1621953581
|move|p1a: Eternatus|Dynamax Cannon|p2a: Yveltal
|-damage|p2a: Yveltal|20/100 psn
|move|p2a: Yveltal|Roost|p2a: Yveltal
|-heal|p2a: Yveltal|70/100 psn
|-singleturn|p2a: Yveltal|move: Roost
|
|-heal|p2a: Yveltal|76/100 psn|[from] item: Leftovers
|-damage|p2a: Yveltal|64/100 psn|[from] psn
|upkeep
|turn|68
|
|t:|1621953585
|move|p1a: Eternatus|Dynamax Cannon|p2a: Yveltal
|-damage|p2a: Yveltal|28/100 psn
|move|p2a: Yveltal|Roost|p2a: Yveltal
|-heal|p2a: Yveltal|78/100 psn
|-singleturn|p2a: Yveltal|move: Roost
|
|-heal|p2a: Yveltal|84/100 psn|[from] item: Leftovers
|-damage|p2a: Yveltal|72/100 psn|[from] psn
|upkeep
|turn|69
|
|t:|1621953589
|move|p1a: Eternatus|Dynamax Cannon|p2a: Yveltal
|-crit|p2a: Yveltal
|-damage|p2a: Yveltal|24/100 psn
|move|p2a: Yveltal|Roost|p2a: Yveltal
|-heal|p2a: Yveltal|74/100 psn
|-singleturn|p2a: Yveltal|move: Roost
|
|-heal|p2a: Yveltal|80/100 psn|[from] item: Leftovers
|-damage|p2a: Yveltal|67/100 psn|[from] psn
|upkeep
|turn|70
|
|t:|1621953593
|move|p1a: Eternatus|Sludge Bomb|p2a: Yveltal
|-damage|p2a: Yveltal|38/100 psn
|move|p2a: Yveltal|Roost|p2a: Yveltal
|-heal|p2a: Yveltal|88/100 psn
|-singleturn|p2a: Yveltal|move: Roost
|
|-heal|p2a: Yveltal|94/100 psn|[from] item: Leftovers
|-damage|p2a: Yveltal|82/100 psn|[from] psn
|upkeep
|turn|71
|
|t:|1621953599
|switch|p2a: Kyogre|Kyogre|100/100 slp
|-weather|RainDance|[from] ability: Drizzle|[of] p2a: Kyogre
|move|p1a: Eternatus|Sludge Bomb|p2a: Kyogre
|-damage|p2a: Kyogre|71/100 slp
|
|-weather|RainDance|[upkeep]
|-heal|p2a: Kyogre|77/100 slp|[from] item: Leftovers
|upkeep
|turn|72
|
|t:|1621953610
|switch|p2a: Yveltal|Yveltal|82/100 psn
|-ability|p2a: Yveltal|Dark Aura
|move|p1a: Eternatus|Sludge Bomb|p2a: Yveltal
|-damage|p2a: Yveltal|53/100 psn
|
|-weather|RainDance|[upkeep]
|-heal|p2a: Yveltal|59/100 psn|[from] item: Leftovers
|-damage|p2a: Yveltal|46/100 psn|[from] psn
|upkeep
|turn|73
|
|t:|1621953612
|move|p1a: Eternatus|Dynamax Cannon|p2a: Yveltal
|-crit|p2a: Yveltal
|-damage|p2a: Yveltal|0 fnt
|faint|p2a: Yveltal
|
|-weather|RainDance|[upkeep]
|upkeep
|c|☆ultbg7v tralalala|ok
|
|t:|1621953621
|switch|p2a: Eternatus|Eternatus|78/100
|-ability|p2a: Eternatus|Pressure
|turn|74
|c|☆KyogreF4N|As we say in France, vamos'
|c| FearNeverDies|isnt that spanish?
|c|☆KyogreF4N|That was the pun
|c| ULTBG7VFunkysapien|vamos
|c| FearNeverDies|oh
|c| FearNeverDies|vamos
|
|t:|1621953653
|move|p2a: Eternatus|Cosmic Power|p2a: Eternatus
|-boost|p2a: Eternatus|def|1
|-boost|p2a: Eternatus|spd|1
|move|p1a: Eternatus|Dynamax Cannon|p2a: Eternatus
|-supereffective|p2a: Eternatus
|-damage|p2a: Eternatus|35/100
|
|-weather|RainDance|[upkeep]
|upkeep
|turn|75
|
|t:|1621953658
|switch|p1a: Calyrex|Calyrex-Shadow|88/100
|-ability|p1a: Calyrex|As One
|-ability|p1a: Calyrex|Unnerve
|move|p2a: Eternatus|Recover|p2a: Eternatus
|-heal|p2a: Eternatus|85/100
|
|-weather|none
|upkeep
|turn|76
|c| Raph369|:(((
|
|t:|1621953663
|move|p1a: Calyrex|Psyshock|p2a: Eternatus
|-supereffective|p2a: Eternatus
|-crit|p2a: Eternatus
|-damage|p2a: Eternatus|0 fnt
|faint|p2a: Eternatus
|-ability|p1a: Calyrex|Grim Neigh|boost
|-boost|p1a: Calyrex|spa|1
|
|upkeep
|c|☆ultbg7v tralalala|dude
|c| ULTBG7V BLAST BURN|lol
|c| Raph369|VAMOS
|c|☆KyogreF4N|Critty critty
|c| FearNeverDies|VAMOS
|-message|ultbg7v tralalala forfeited.
|
|win|KyogreF4N
|c| ultbg7v solrock|almost a good player
|c| ULTBG7VFunkysapien|kyogre took our vamos
|raw|KyogreF4N's rating: 1711 &rarr; <strong>1732</strong><br />(+21 for winning)
|raw|ultbg7v tralalala's rating: 1730 &rarr; <strong>1709</strong><br />(-21 for losing)
|c| ULTBG7VFunkysapien|amazing
|l|☆ultbg7v tralalala
|l| Raph369
|c| FearNeverDies|kyogre stole points
|l| ultbg7v solrock
|l| FearNeverDies
|l| mm2
|l| ULTBG7VFunkysapien
|l| ULTBG7V BLAST BURN
||Ladder isn't responding, score probably updated but might not have (Request timeout).
