|j|☆D hapiness
|j|☆Rusty blue
|player|p1|D hapiness|benga|1760
|player|p2|Rusty blue|clair|1692
|teamsize|p1|6
|teamsize|p2|6
|gametype|singles
|gen|8
|tier|[Gen 8] Ubers
|rated|
|clearpoke
|poke|p1|Lunala|
|poke|p1|Eternatus|
|poke|p1|Umbreon, M|
|poke|p1|Zacian-Crowned|
|poke|p1|Dracovish|
|poke|p1|Quagsire, M|
|poke|p2|Eternatus|
|poke|p2|Lunala|
|poke|p2|Zamazenta|
|poke|p2|Ferrothorn, M|
|poke|p2|Necrozma-Dusk-Mane|
|poke|p2|Zacian-Crowned|
|rule|Sleep Clause Mod: Limit one foe put to sleep
|rule|Species Clause: Limit one of each Pokémon
|rule|OHKO Clause: OHKO moves are banned
|rule|Evasion Moves Clause: Evasion moves are banned
|rule|Endless Battle Clause: Forcing endless battles is banned
|rule|HP Percentage Mod: HP is shown in percentages
|html|Ubers Dynamax Clause: Pokémon on the <a href="https://www.smogon.com/dex/ss/formats/uber/">Ubers Dynamax Banlist</a> cannot Dynamax.
|teampreview
|
|start
|switch|p1a: Eternatus|Eternatus|100/100
|switch|p2a: Lunala|Lunala|100/100
|-ability|p1a: Eternatus|Pressure
|turn|1
|
|switch|p2a: Ferrothorn|Ferrothorn, M|100/100
|move|p1a: Eternatus|Substitute|p1a: Eternatus
|-start|p1a: Eternatus|Substitute
|-damage|p1a: Eternatus|76/100
|
|upkeep
|turn|2
|
|switch|p2a: Zamazenta|Zamazenta|100/100
|-ability|p2a: Zamazenta|Dauntless Shield|boost
|-boost|p2a: Zamazenta|def|1
|move|p1a: Eternatus|Flamethrower|p2a: Zamazenta
|-damage|p2a: Zamazenta|61/100
|-damage|p1a: Eternatus|66/100|[from] item: Life Orb
|
|upkeep
|turn|3
|
|move|p2a: Zamazenta|Psychic Fangs|p1a: Eternatus
|-supereffective|p1a: Eternatus
|-end|p1a: Eternatus|Substitute
|move|p1a: Eternatus|Dynamax Cannon|p2a: Zamazenta
|-damage|p2a: Zamazenta|0 fnt
|-damage|p1a: Eternatus|56/100|[from] item: Life Orb
|faint|p2a: Zamazenta
|
|upkeep
|
|switch|p2a: Eternatus|Eternatus|100/100
|-ability|p2a: Eternatus|Pressure
|turn|4
|
|switch|p1a: Zacian|Zacian-Crowned|100/100
|-ability|p1a: Zacian|Intrepid Sword|boost
|-boost|p1a: Zacian|atk|1
|move|p2a: Eternatus|Substitute|p2a: Eternatus
|-start|p2a: Eternatus|Substitute
|-damage|p2a: Eternatus|76/100
|
|-heal|p2a: Eternatus|82/100|[from] item: Black Sludge
|upkeep
|turn|5
|
|switch|p1a: Umbreon|Umbreon, M|100/100
|move|p2a: Eternatus|Flamethrower|p1a: Umbreon
|-damage|p1a: Umbreon|82/100
|
|-heal|p2a: Eternatus|88/100|[from] item: Black Sludge
|-heal|p1a: Umbreon|89/100|[from] item: Leftovers
|upkeep
|turn|6
|
|move|p2a: Eternatus|Sludge Bomb|p1a: Umbreon
|-damage|p1a: Umbreon|63/100
|move|p1a: Umbreon|Wish|p1a: Umbreon
|
|-heal|p2a: Eternatus|94/100|[from] item: Black Sludge
|-heal|p1a: Umbreon|69/100|[from] item: Leftovers
|upkeep
|turn|7
|
|move|p2a: Eternatus|Flamethrower|p1a: Umbreon
|-damage|p1a: Umbreon|50/100
|move|p1a: Umbreon|Baton Pass|p1a: Umbreon
|
|switch|p1a: Eternatus|Eternatus|56/100|[from]move: Baton Pass
|-ability|p1a: Eternatus|Pressure
|
|-heal|p1a: Eternatus|100/100|[from] move: Wish|[wisher] Umbreon
|-heal|p2a: Eternatus|99/100|[from] item: Black Sludge
|upkeep
|turn|8
|
|switch|p1a: Lunala|Lunala|100/100
|move|p2a: Eternatus|Dynamax Cannon|p1a: Lunala
|-damage|p1a: Lunala|83/100
|
|-heal|p2a: Eternatus|100/100|[from] item: Black Sludge
|upkeep
|turn|9
|
|move|p2a: Eternatus|Sludge Bomb|p1a: Lunala
|-resisted|p1a: Lunala
|-damage|p1a: Lunala|68/100
|-status|p1a: Lunala|psn
|move|p1a: Lunala|Moongeist Beam|p2a: Eternatus
|-end|p2a: Eternatus|Substitute
|
|-damage|p1a: Lunala|55/100 psn|[from] psn
|upkeep
|turn|10
|
|move|p2a: Eternatus|Substitute|p2a: Eternatus
|-start|p2a: Eternatus|Substitute
|-damage|p2a: Eternatus|76/100
|move|p1a: Lunala|Moongeist Beam|p2a: Eternatus
|-end|p2a: Eternatus|Substitute
|
|-heal|p2a: Eternatus|82/100|[from] item: Black Sludge
|-damage|p1a: Lunala|43/100 psn|[from] psn
|upkeep
|turn|11
|
|move|p2a: Eternatus|Dynamax Cannon|p1a: Lunala
|-damage|p1a: Lunala|8/100 psn
|move|p1a: Lunala|Roost|p1a: Lunala
|-heal|p1a: Lunala|58/100 psn
|-singleturn|p1a: Lunala|move: Roost
|
|-heal|p2a: Eternatus|88/100|[from] item: Black Sludge
|-damage|p1a: Lunala|46/100 psn|[from] psn
|upkeep
|turn|12
|
|switch|p2a: Ferrothorn|Ferrothorn, M|100/100
|move|p1a: Lunala|Roost|p1a: Lunala
|-heal|p1a: Lunala|96/100 psn
|-singleturn|p1a: Lunala|move: Roost
|
|-damage|p1a: Lunala|83/100 psn|[from] psn
|upkeep
|turn|13
|
|move|p1a: Lunala|Focus Blast|p2a: Ferrothorn
|-supereffective|p2a: Ferrothorn
|-damage|p2a: Ferrothorn|36/100
|move|p2a: Ferrothorn|Stealth Rock|p1a: Lunala
|-sidestart|p1: D hapiness|move: Stealth Rock
|
|-heal|p2a: Ferrothorn|43/100|[from] item: Leftovers
|-damage|p1a: Lunala|71/100 psn|[from] psn
|upkeep
|turn|14
|
|switch|p1a: Eternatus|Eternatus|100/100
|-damage|p1a: Eternatus|88/100|[from] Stealth Rock
|-ability|p1a: Eternatus|Pressure
|switch|p2a: Eternatus|Eternatus|88/100
|-ability|p2a: Eternatus|Pressure
|
|-heal|p2a: Eternatus|94/100|[from] item: Black Sludge
|upkeep
|turn|15
|
|switch|p2a: Zacian|Zacian-Crowned|100/100
|-ability|p2a: Zacian|Intrepid Sword|boost
|-boost|p2a: Zacian|atk|1
|move|p1a: Eternatus|Dynamax Cannon|p2a: Zacian
|-immune|p2a: Zacian
|
|upkeep
|turn|16
|
|switch|p2a: Ferrothorn|Ferrothorn, M|43/100
|switch|p1a: Lunala|Lunala|71/100 psn
|
|-heal|p2a: Ferrothorn|49/100|[from] item: Leftovers
|-damage|p1a: Lunala|59/100 psn|[from] psn
|upkeep
|turn|17
|
|move|p1a: Lunala|Focus Blast|p2a: Ferrothorn|[miss]
|-miss|p1a: Lunala|p2a: Ferrothorn
|move|p2a: Ferrothorn|Leech Seed|p1a: Lunala
|-start|p1a: Lunala|move: Leech Seed
|
|-heal|p2a: Ferrothorn|55/100|[from] item: Leftovers
|-damage|p1a: Lunala|46/100 psn|[from] Leech Seed|[of] p2a: Ferrothorn
|-heal|p2a: Ferrothorn|71/100|[silent]
|-damage|p1a: Lunala|34/100 psn|[from] psn
|upkeep
|turn|18
|
|switch|p1a: Eternatus|Eternatus|88/100
|-damage|p1a: Eternatus|76/100|[from] Stealth Rock
|-ability|p1a: Eternatus|Pressure
|move|p2a: Ferrothorn|Knock Off|p1a: Eternatus
|-damage|p1a: Eternatus|57/100
|-enditem|p1a: Eternatus|Life Orb|[from] move: Knock Off|[of] p2a: Ferrothorn
|
|-heal|p2a: Ferrothorn|77/100|[from] item: Leftovers
|upkeep
|turn|19
|
|switch|p2a: Eternatus|Eternatus|94/100
|-ability|p2a: Eternatus|Pressure
|move|p1a: Eternatus|Substitute|p1a: Eternatus
|-start|p1a: Eternatus|Substitute
|-damage|p1a: Eternatus|32/100
|
|-heal|p2a: Eternatus|99/100|[from] item: Black Sludge
|upkeep
|turn|20
|
|switch|p2a: Zacian|Zacian-Crowned|100/100
|-ability|p2a: Zacian|Intrepid Sword|boost
|-boost|p2a: Zacian|atk|1
|move|p1a: Eternatus|Dynamax Cannon|p2a: Zacian
|-immune|p2a: Zacian
|
|upkeep
|turn|21
|
|move|p2a: Zacian|Substitute|p2a: Zacian
|-start|p2a: Zacian|Substitute
|-damage|p2a: Zacian|76/100
|move|p1a: Eternatus|Flamethrower|p2a: Zacian
|-supereffective|p2a: Zacian
|-end|p2a: Zacian|Substitute
|
|upkeep
|turn|22
|
|move|p2a: Zacian|Behemoth Blade|p1a: Eternatus
|-end|p1a: Eternatus|Substitute
|move|p1a: Eternatus|Flamethrower|p2a: Zacian
|-supereffective|p2a: Zacian
|-damage|p2a: Zacian|7/100
|
|upkeep
|turn|23
|
|switch|p1a: Lunala|Lunala|34/100 psn
|move|p2a: Zacian|Close Combat|p1a: Lunala
|-immune|p1a: Lunala
|
|-damage|p1a: Lunala|21/100 psn|[from] psn
|upkeep
|turn|24
|
|move|p2a: Zacian|Behemoth Blade|p1a: Lunala
|-damage|p1a: Lunala|0 fnt
|faint|p1a: Lunala
|
|upkeep
|
|switch|p1a: Zacian|Zacian-Crowned|100/100
|-damage|p1a: Zacian|94/100|[from] Stealth Rock
|-ability|p1a: Zacian|Intrepid Sword|boost
|-boost|p1a: Zacian|atk|1
|turn|25
|
|move|p2a: Zacian|Behemoth Blade|p1a: Zacian
|-damage|p1a: Zacian|12/100
|move|p1a: Zacian|Crunch|p2a: Zacian
|-resisted|p2a: Zacian
|-damage|p2a: Zacian|0 fnt
|faint|p2a: Zacian
|
|upkeep
|
|switch|p2a: Necrozma|Necrozma-Dusk-Mane|100/100
|turn|26
|
|move|p1a: Zacian|Close Combat|p2a: Necrozma
|-damage|p2a: Necrozma|58/100
|-unboost|p1a: Zacian|def|1
|-unboost|p1a: Zacian|spd|1
|move|p2a: Necrozma|Sunsteel Strike|p1a: Zacian
|-damage|p1a: Zacian|0 fnt
|faint|p1a: Zacian
|
|-heal|p2a: Necrozma|64/100|[from] item: Leftovers
|upkeep
|
|switch|p1a: Dracovish|Dracovish|100/100
|-damage|p1a: Dracovish|88/100|[from] Stealth Rock
|turn|27
|
|switch|p2a: Eternatus|Eternatus|99/100
|-ability|p2a: Eternatus|Pressure
|move|p1a: Dracovish|Fishious Rend|p2a: Eternatus
|-resisted|p2a: Eternatus
|-damage|p2a: Eternatus|26/100
|
|-heal|p2a: Eternatus|32/100|[from] item: Black Sludge
|upkeep
|turn|28
|
|-start|p1a: Dracovish|Dynamax
|-heal|p1a: Dracovish|88/100|[silent]
|move|p2a: Eternatus|Dynamax Cannon|p1a: Dracovish
|-supereffective|p1a: Dracovish
|-damage|p1a: Dracovish|0 fnt
|faint|p1a: Dracovish
|
|-heal|p2a: Eternatus|38/100|[from] item: Black Sludge
|upkeep
|
|switch|p1a: Eternatus|Eternatus|32/100
|-damage|p1a: Eternatus|20/100|[from] Stealth Rock
|-ability|p1a: Eternatus|Pressure
|turn|29
|
|move|p2a: Eternatus|Dynamax Cannon|p1a: Eternatus
|-supereffective|p1a: Eternatus
|-damage|p1a: Eternatus|0 fnt
|faint|p1a: Eternatus
|
|-heal|p2a: Eternatus|44/100|[from] item: Black Sludge
|upkeep
|
|switch|p1a: Umbreon|Umbreon, M|50/100
|-damage|p1a: Umbreon|38/100|[from] Stealth Rock
|turn|30
|
|move|p2a: Eternatus|Substitute|p2a: Eternatus
|-start|p2a: Eternatus|Substitute
|-damage|p2a: Eternatus|19/100
|move|p1a: Umbreon|Wish|p1a: Umbreon
|
|-heal|p2a: Eternatus|26/100|[from] item: Black Sludge
|-heal|p1a: Umbreon|44/100|[from] item: Leftovers
|upkeep
|turn|31
|-message|D hapiness forfeited.
|
|win|Rusty blue
|l|☆D hapiness
|raw|D hapiness's rating: 1760 &rarr; <strong>1736</strong><br />(-24 for losing)
|raw|Rusty blue's rating: 1692 &rarr; <strong>1716</strong><br />(+24 for winning)
