|html|<div class="broadcast-blue"><strong>[Gen 8] Ubers is currently suspecting Calyrex-Shadow! For information on how to participate check out the <a href="https://www.smogon.com/forums/threads/np-ss-ubers-stage-8-ridin-dirty-calyrex-shadow-suspect-test.3704200/">suspect thread</a>.</strong></div>
|j|☆Victreenie
|j|☆Hyperbeam Boys
|t:|1657498856
|gametype|singles
|player|p1|Victreenie|169|1301
|player|p2|Hyperbeam Boys|102|1367
|teamsize|p1|6
|teamsize|p2|6
|gen|8
|tier|[Gen 8] Ubers
|rated|
|rule|Sleep Clause Mod: Limit one foe put to sleep
|rule|Species Clause: Limit one of each Pokémon
|rule|OHKO Clause: OHKO moves are banned
|rule|Evasion Moves Clause: Evasion moves are banned
|rule|Endless Battle Clause: Forcing endless battles is banned
|rule|HP Percentage Mod: HP is shown in percentages
|rule|Dynamax Clause: You cannot dynamax
|clearpoke
|poke|p1|Sudowoodo, M|
|poke|p1|Necrozma-Dusk-Mane|
|poke|p1|Yveltal|
|poke|p1|Ditto|
|poke|p1|Eternatus|
|poke|p1|Zekrom|
|poke|p2|Darmanitan-Galar, F|
|poke|p2|Dracovish|
|poke|p2|Yveltal|
|poke|p2|Eternatus|
|poke|p2|Necrozma-Dusk-Mane|
|poke|p2|Xerneas-*|
|teampreview
|
|t:|1657498879
|start
|switch|p1a: Necrozma|Necrozma-Dusk-Mane, shiny|100/100
|switch|p2a: Yveltal|Yveltal|100/100
|-ability|p2a: Yveltal|Dark Aura
|turn|1
|
|t:|1657498884
|move|p2a: Yveltal|U-turn|p1a: Necrozma
|-damage|p1a: Necrozma|85/100
|
|t:|1657498888
|switch|p2a: Dracovish|Dracovish|100/100|[from]move: U-turn
|move|p1a: Necrozma|Future Sight|p2a: Dracovish
|-start|p1a: Necrozma|move: Future Sight
|
|-heal|p1a: Necrozma|91/100|[from] item: Leftovers
|upkeep
|turn|2
|
|t:|1657498931
|switch|p1a: Ditto|Ditto, shiny|100/100
|-transform|p1a: Ditto|p2a: Dracovish|[from] ability: Imposter
|move|p2a: Dracovish|Fishious Rend|p1a: Ditto
|-resisted|p1a: Ditto
|-damage|p1a: Ditto|53/100
|
|upkeep
|turn|3
|
|t:|1657498944
|move|p1a: Ditto|Fishious Rend|p2a: Dracovish
|-resisted|p2a: Dracovish
|-damage|p2a: Dracovish|72/100
|move|p2a: Dracovish|Fishious Rend|p1a: Ditto
|-resisted|p1a: Ditto
|-damage|p1a: Ditto|28/100
|
|-end|p2a: Dracovish|move: Future Sight
|-damage|p2a: Dracovish|13/100
|upkeep
|turn|4
|
|t:|1657498957
|switch|p2a: Eternatus|Eternatus|100/100
|-ability|p2a: Eternatus|Pressure
|move|p1a: Ditto|Fishious Rend|p2a: Eternatus
|-resisted|p2a: Eternatus
|-damage|p2a: Eternatus|56/100
|
|-heal|p2a: Eternatus|62/100|[from] item: Black Sludge
|upkeep
|turn|5
|
|t:|1657498966
|switch|p1a: Necrozma|Necrozma-Dusk-Mane, shiny|91/100
|move|p2a: Eternatus|Recover|p2a: Eternatus
|-heal|p2a: Eternatus|100/100
|
|-heal|p1a: Necrozma|97/100|[from] item: Leftovers
|upkeep
|turn|6
|
|t:|1657498973
|switch|p2a: Necrozma|Necrozma-Dusk-Mane|100/100
|move|p1a: Necrozma|Stealth Rock|p2a: Necrozma
|-sidestart|p2: Hyperbeam Boys|move: Stealth Rock
|
|-heal|p1a: Necrozma|100/100|[from] item: Leftovers
|upkeep
|turn|7
|
|t:|1657498983
|move|p2a: Necrozma|Stealth Rock|p1a: Necrozma
|-sidestart|p1: Victreenie|move: Stealth Rock
|move|p1a: Necrozma|Future Sight|p2a: Necrozma
|-start|p1a: Necrozma|move: Future Sight
|
|upkeep
|turn|8
|
|t:|1657498998
|switch|p1a: Yveltal|Yveltal, shiny|100/100
|-damage|p1a: Yveltal|76/100|[from] Stealth Rock
|-ability|p1a: Yveltal|Dark Aura
|move|p2a: Necrozma|Earthquake|p1a: Yveltal
|-immune|p1a: Yveltal
|
|upkeep
|turn|9
|
|t:|1657499011
|switch|p2a: Yveltal|Yveltal|100/100
|-ability|p2a: Yveltal|Dark Aura
|move|p1a: Yveltal|Dark Pulse|p2a: Yveltal
|-resisted|p2a: Yveltal
|-damage|p2a: Yveltal|76/100
|-damage|p1a: Yveltal|66/100|[from] item: Life Orb
|
|-end|p2a: Yveltal|move: Future Sight
|-immune|p2a: Yveltal
|upkeep
|turn|10
|
|t:|1657499018
|move|p1a: Yveltal|Oblivion Wing|p2a: Yveltal
|-damage|p2a: Yveltal|39/100
|-heal|p1a: Yveltal|95/100|[from] drain|[of] p2a: Yveltal
|-damage|p1a: Yveltal|85/100|[from] item: Life Orb
|move|p2a: Yveltal|Snarl|p1a: Yveltal
|-resisted|p1a: Yveltal
|-damage|p1a: Yveltal|72/100
|-unboost|p1a: Yveltal|spa|1
|
|upkeep
|turn|11
|
|t:|1657499043
|switch|p1a: Zekrom|Zekrom, shiny|100/100
|-damage|p1a: Zekrom|88/100|[from] Stealth Rock
|-ability|p1a: Zekrom|Teravolt
|move|p2a: Yveltal|Roost|p2a: Yveltal
|-heal|p2a: Yveltal|89/100
|-singleturn|p2a: Yveltal|move: Roost
|
|upkeep
|turn|12
|
|t:|1657499052
|move|p2a: Yveltal|U-turn|p1a: Zekrom
|-damage|p1a: Zekrom|70/100
|
|t:|1657499058
|switch|p2a: Necrozma|Necrozma-Dusk-Mane|100/100|[from]move: U-turn
|-damage|p2a: Necrozma|94/100|[from] Stealth Rock
|move|p1a: Zekrom|Bolt Strike|p2a: Necrozma
|-damage|p2a: Necrozma|57/100
|-damage|p1a: Zekrom|53/100|[from] item: Rocky Helmet|[of] p2a: Necrozma
|
|upkeep
|turn|13
|
|t:|1657499073
|switch|p2a: Yveltal|Yveltal|89/100
|-ability|p2a: Yveltal|Dark Aura
|move|p1a: Zekrom|Volt Switch|p2a: Yveltal
|-supereffective|p2a: Yveltal
|-damage|p2a: Yveltal|50/100
|
|t:|1657499092
|switch|p1a: Sudowoodo|Sudowoodo, M, shiny|100/100|[from]move: Volt Switch
|-damage|p1a: Sudowoodo|88/100|[from] Stealth Rock
|
|upkeep
|turn|14
|
|t:|1657499097
|move|p2a: Yveltal|Roost|p2a: Yveltal
|-heal|p2a: Yveltal|99/100
|-singleturn|p2a: Yveltal|move: Roost
|move|p1a: Sudowoodo|Head Smash|p2a: Yveltal
|-damage|p2a: Yveltal|18/100
|-damage|p1a: Sudowoodo|78/100|[from] item: Life Orb
|
|upkeep
|turn|15
|
|t:|1657499111
|move|p2a: Yveltal|U-turn|p1a: Sudowoodo
|-damage|p1a: Sudowoodo|59/100
|
|t:|1657499114
|switch|p2a: Necrozma|Necrozma-Dusk-Mane|57/100|[from]move: U-turn
|-damage|p2a: Necrozma|50/100|[from] Stealth Rock
|move|p1a: Sudowoodo|Earthquake|p2a: Necrozma
|-supereffective|p2a: Necrozma
|-damage|p2a: Necrozma|17/100
|-damage|p1a: Sudowoodo|49/100|[from] item: Life Orb
|
|upkeep
|turn|16
|
|t:|1657499142
|move|p1a: Sudowoodo|Sucker Punch|p2a: Necrozma
|-supereffective|p2a: Necrozma
|-damage|p2a: Necrozma|0 fnt
|-damage|p1a: Sudowoodo|33/100|[from] item: Rocky Helmet|[of] p2a: Necrozma
|faint|p2a: Necrozma
|-damage|p1a: Sudowoodo|23/100|[from] item: Life Orb
|
|upkeep
|
|t:|1657499161
|switch|p2a: Eternatus|Eternatus|100/100
|-damage|p2a: Eternatus|88/100|[from] Stealth Rock
|-ability|p2a: Eternatus|Pressure
|turn|17
|
|t:|1657499173
|move|p2a: Eternatus|Mystical Fire|p1a: Sudowoodo
|-resisted|p1a: Sudowoodo
|-damage|p1a: Sudowoodo|7/100
|-unboost|p1a: Sudowoodo|spa|1
|move|p1a: Sudowoodo|Explosion|p2a: Eternatus
|-damage|p2a: Eternatus|9/100
|faint|p1a: Sudowoodo
|
|-heal|p2a: Eternatus|15/100|[from] item: Black Sludge
|upkeep
|
|t:|1657499190
|switch|p1a: Eternatus|Eternatus|100/100
|-damage|p1a: Eternatus|88/100|[from] Stealth Rock
|-ability|p1a: Eternatus|Pressure
|turn|18
|
|t:|1657499195
|move|p1a: Eternatus|Dynamax Cannon|p2a: Eternatus
|-supereffective|p2a: Eternatus
|-damage|p2a: Eternatus|0 fnt
|faint|p2a: Eternatus
|
|upkeep
|
|t:|1657499200
|switch|p2a: Darmanitan|Darmanitan-Galar, F|100/100
|-damage|p2a: Darmanitan|76/100|[from] Stealth Rock
|turn|19
|
|t:|1657499220
|switch|p1a: Yveltal|Yveltal, shiny|72/100
|-damage|p1a: Yveltal|47/100|[from] Stealth Rock
|-ability|p1a: Yveltal|Dark Aura
|move|p2a: Darmanitan|Icicle Crash|p1a: Yveltal
|-supereffective|p1a: Yveltal
|-damage|p1a: Yveltal|0 fnt
|faint|p1a: Yveltal
|
|upkeep
|
|t:|1657499237
|switch|p1a: Eternatus|Eternatus|88/100
|-damage|p1a: Eternatus|76/100|[from] Stealth Rock
|-ability|p1a: Eternatus|Pressure
|turn|20
|
|t:|1657499244
|switch|p1a: Necrozma|Necrozma-Dusk-Mane, shiny|100/100
|-damage|p1a: Necrozma|94/100|[from] Stealth Rock
|move|p2a: Darmanitan|Icicle Crash|p1a: Necrozma
|-resisted|p1a: Necrozma
|-damage|p1a: Necrozma|71/100
|
|-heal|p1a: Necrozma|77/100|[from] item: Leftovers
|upkeep
|turn|21
|
|t:|1657499269
|switch|p2a: Dracovish|Dracovish|13/100
|-damage|p2a: Dracovish|0 fnt|[from] Stealth Rock
|faint|p2a: Dracovish
|move|p1a: Necrozma|Future Sight|p2: Dracovish
|-start|p1a: Necrozma|move: Future Sight
|
|-heal|p1a: Necrozma|83/100|[from] item: Leftovers
|upkeep
|
|t:|1657499270
|switch|p2a: Yveltal|Yveltal|18/100
|-ability|p2a: Yveltal|Dark Aura
|turn|22
|inactive|Battle timer is ON: inactive players will automatically lose when time's up. (requested by Hyperbeam Boys)
|
|t:|1657499303
|switch|p1a: Zekrom|Zekrom, shiny|53/100
|-damage|p1a: Zekrom|41/100|[from] Stealth Rock
|-ability|p1a: Zekrom|Teravolt
|move|p2a: Yveltal|Roost|p2a: Yveltal
|-heal|p2a: Yveltal|68/100
|-singleturn|p2a: Yveltal|move: Roost
|
|upkeep
|turn|23
|
|t:|1657499331
|move|p2a: Yveltal|Snarl|p1a: Zekrom
|-damage|p1a: Zekrom|19/100
|-unboost|p1a: Zekrom|spa|1
|move|p1a: Zekrom|Bolt Strike|p2a: Yveltal
|-supereffective|p2a: Yveltal
|-damage|p2a: Yveltal|0 fnt
|faint|p2a: Yveltal
|
|-hint|Future Sight did not hit because the target is fainted.
|upkeep
|
|t:|1657499349
|switch|p2a: Xerneas|Xerneas|100/100
|-damage|p2a: Xerneas|88/100|[from] Stealth Rock
|-ability|p2a: Xerneas|Fairy Aura
|turn|24
|
|t:|1657499354
|move|p1a: Zekrom|Bolt Strike|p2a: Xerneas
|-damage|p2a: Xerneas|27/100
|move|p2a: Xerneas|Geomancy||[still]
|-prepare|p2a: Xerneas|Geomancy
|-enditem|p2a: Xerneas|Power Herb
|-anim|p2a: Xerneas|Geomancy|p2a: Xerneas
|-boost|p2a: Xerneas|spa|2
|-boost|p2a: Xerneas|spd|2
|-boost|p2a: Xerneas|spe|2
|
|upkeep
|turn|25
|
|t:|1657499361
|move|p2a: Xerneas|Moonblast|p1a: Zekrom
|-supereffective|p1a: Zekrom
|-damage|p1a: Zekrom|0 fnt
|faint|p1a: Zekrom
|
|upkeep
|
|t:|1657499362
|switch|p1a: Ditto|Ditto, shiny|28/100
|-damage|p1a: Ditto|16/100|[from] Stealth Rock
|-transform|p1a: Ditto|p2a: Xerneas|[from] ability: Imposter
|-ability|p1a: Ditto|Fairy Aura
|turn|26
|c|☆Victreenie|ggwp
|
|t:|1657499373
|move|p1a: Ditto|Moonblast|p2a: Xerneas
|-damage|p2a: Xerneas|0 fnt
|faint|p2a: Xerneas
|
|upkeep
|
|t:|1657499375
|switch|p2a: Darmanitan|Darmanitan-Galar, F|76/100
|-damage|p2a: Darmanitan|51/100|[from] Stealth Rock
|turn|27
|
|t:|1657499377
|move|p1a: Ditto|Moonblast|p2a: Darmanitan
|-damage|p2a: Darmanitan|0 fnt
|faint|p2a: Darmanitan
|
|win|Victreenie
|raw|Victreenie's rating: 1301 &rarr; <strong>1325</strong><br />(+24 for winning)
|raw|Hyperbeam Boys's rating: 1367 &rarr; <strong>1343</strong><br />(-24 for losing)
|l|☆Hyperbeam Boys
