|raw|<div class="broadcast-blue"><strong>This battle is required to be public due to a player having a name starting with 'ult9ns'.</div>
|j|☆ULT9NS Aniki
|j|☆Entrocefalo
|t:|1653767303
|gametype|singles
|player|p1|ULT9NS Aniki|cowgirl|1576
|player|p2|Entrocefalo|fisherman-gen4|1716
|teamsize|p1|6
|teamsize|p2|6
|gen|8
|tier|[Gen 8] Ubers
|rated|
|rule|Sleep Clause Mod: Limit one foe put to sleep
|rule|Species Clause: Limit one of each Pokémon
|rule|OHKO Clause: OHKO moves are banned
|rule|Evasion Moves Clause: Evasion moves are banned
|rule|Endless Battle Clause: Forcing endless battles is banned
|rule|HP Percentage Mod: HP is shown in percentages
|rule|Dynamax Clause: You cannot dynamax
|clearpoke
|poke|p1|Yveltal|
|poke|p1|Eternatus|
|poke|p1|Groudon|
|poke|p1|Xatu, M|
|poke|p1|Lunala|
|poke|p1|Necrozma-Dusk-Mane|
|poke|p2|Ditto|
|poke|p2|Necrozma-Dusk-Mane|
|poke|p2|Eternatus|
|poke|p2|Kyogre|
|poke|p2|Yveltal|
|poke|p2|Zygarde|
|teampreview
|inactive|Battle timer is ON: inactive players will automatically lose when time's up. (requested by ULT9NS Aniki)
|j| ULT9 NSA
|
|t:|1653767315
|start
|switch|p1a: Yveltal|Yveltal|100/100
|switch|p2a: Kyogre|Kyogre|100/100
|-ability|p1a: Yveltal|Dark Aura
|-weather|RainDance|[from] ability: Drizzle|[of] p2a: Kyogre
|turn|1
|j|%Seldanna
|
|t:|1653767327
|switch|p2a: Yveltal|Yveltal|100/100
|-ability|p2a: Yveltal|Dark Aura
|move|p1a: Yveltal|Knock Off|p2a: Yveltal
|-resisted|p2a: Yveltal
|-damage|p2a: Yveltal|78/100
|-enditem|p2a: Yveltal|Heavy-Duty Boots|[from] move: Knock Off|[of] p1a: Yveltal
|
|-weather|RainDance|[upkeep]
|upkeep
|turn|2
|
|t:|1653767332
|switch|p1a: Groudon|Groudon|100/100
|-weather|SunnyDay|[from] ability: Drought|[of] p1a: Groudon
|move|p2a: Yveltal|Knock Off|p1a: Groudon
|-damage|p1a: Groudon|75/100
|-enditem|p1a: Groudon|Leftovers|[from] move: Knock Off|[of] p2a: Yveltal
|
|-weather|SunnyDay|[upkeep]
|upkeep
|turn|3
|
|t:|1653767337
|switch|p2a: Kyogre|Kyogre|100/100
|-weather|RainDance|[from] ability: Drizzle|[of] p2a: Kyogre
|move|p1a: Groudon|Stealth Rock|p2a: Kyogre
|-sidestart|p2: Entrocefalo|move: Stealth Rock
|
|-weather|RainDance|[upkeep]
|upkeep
|turn|4
|
|t:|1653767341
|switch|p1a: Lunala|Lunala|100/100
|move|p2a: Kyogre|Water Spout|p1a: Lunala
|-damage|p1a: Lunala|15/100
|
|-weather|RainDance|[upkeep]
|upkeep
|turn|5
|
|t:|1653767345
|move|p1a: Lunala|Meteor Beam||[still]
|-prepare|p1a: Lunala|Meteor Beam
|-boost|p1a: Lunala|spa|1
|-enditem|p1a: Lunala|Power Herb
|-anim|p1a: Lunala|Meteor Beam|p2a: Kyogre
|-crit|p2a: Kyogre
|-damage|p2a: Kyogre|27/100
|move|p2a: Kyogre|Water Spout|p1a: Lunala
|-damage|p1a: Lunala|0 fnt
|faint|p1a: Lunala
|
|-weather|RainDance|[upkeep]
|upkeep
|
|t:|1653767353
|switch|p1a: Yveltal|Yveltal|100/100
|-ability|p1a: Yveltal|Dark Aura
|turn|6
|
|t:|1653767357
|switch|p2a: Eternatus|Eternatus|100/100
|-damage|p2a: Eternatus|88/100|[from] Stealth Rock
|-ability|p2a: Eternatus|Pressure
|move|p1a: Yveltal|U-turn|p2a: Eternatus
|-resisted|p2a: Eternatus
|-damage|p2a: Eternatus|80/100
|j| ult9ns cringe
|l| ult9ns cringe
|inactive|ULT9NS Aniki has 120 seconds left.
|
|t:|1653767389
|switch|p1a: Groudon|Groudon|75/100|[from]move: U-turn
|-weather|SunnyDay|[from] ability: Drought|[of] p1a: Groudon
|
|-weather|SunnyDay|[upkeep]
|upkeep
|turn|7
|
|t:|1653767392
|move|p2a: Eternatus|Draco Meteor|p1a: Groudon
|-damage|p1a: Groudon|14/100
|-unboost|p2a: Eternatus|spa|2
|-enditem|p2a: Eternatus|Eject Pack
|
|t:|1653767396
|switch|p2a: Zygarde|Zygarde|100/100
|-damage|p2a: Zygarde|94/100|[from] Stealth Rock
|move|p1a: Groudon|Precipice Blades|p2a: Zygarde|[miss]
|-miss|p1a: Groudon|p2a: Zygarde
|
|-weather|SunnyDay|[upkeep]
|-heal|p2a: Zygarde|100/100|[from] item: Leftovers
|upkeep
|turn|8
|
|t:|1653767400
|move|p2a: Zygarde|Thousand Arrows|p1a: Groudon
|-damage|p1a: Groudon|0 fnt
|faint|p1a: Groudon
|
|-weather|SunnyDay|[upkeep]
|upkeep
|
|t:|1653767403
|switch|p1a: Eternatus|Eternatus|100/100
|-ability|p1a: Eternatus|Pressure
|turn|9
|
|t:|1653767408
|switch|p2a: Necrozma|Necrozma-Dusk-Mane|100/100
|-damage|p2a: Necrozma|94/100|[from] Stealth Rock
|move|p1a: Eternatus|Dynamax Cannon|p2a: Necrozma
|-resisted|p2a: Necrozma
|-damage|p2a: Necrozma|77/100
|
|-weather|SunnyDay|[upkeep]
|upkeep
|turn|10
|inactive|ULT9NS Aniki has 120 seconds left.
|
|t:|1653767452
|move|p1a: Eternatus|Flamethrower|p2a: Necrozma
|-supereffective|p2a: Necrozma
|-damage|p2a: Necrozma|30/100
|move|p2a: Necrozma|Stealth Rock|p1a: Eternatus
|-sidestart|p1: ULT9NS Aniki|move: Stealth Rock
|
|-weather|none
|upkeep
|turn|11
|
|t:|1653767457
|move|p1a: Eternatus|Flamethrower|p2a: Necrozma
|-supereffective|p2a: Necrozma
|-damage|p2a: Necrozma|0 fnt
|faint|p2a: Necrozma
|
|upkeep
|j|+pichus
|
|t:|1653767464
|switch|p2a: Ditto|Ditto|100/100
|-damage|p2a: Ditto|88/100|[from] Stealth Rock
|-transform|p2a: Ditto|p1a: Eternatus|[from] ability: Imposter
|-ability|p2a: Ditto|Pressure
|turn|12
|j| ULT9NS Cursed
|
|t:|1653767477
|switch|p1a: Necrozma|Necrozma-Dusk-Mane|100/100
|-damage|p1a: Necrozma|94/100|[from] Stealth Rock
|move|p2a: Ditto|Dynamax Cannon|p1a: Necrozma
|-resisted|p1a: Necrozma
|-damage|p1a: Necrozma|78/100
|
|-heal|p1a: Necrozma|84/100|[from] item: Leftovers
|upkeep
|turn|13
|
|t:|1653767483
|move|p2a: Ditto|Dynamax Cannon|p1a: Necrozma
|-resisted|p1a: Necrozma
|-damage|p1a: Necrozma|68/100
|move|p1a: Necrozma|Knock Off|p2a: Ditto
|-damage|p2a: Ditto|55/100
|-enditem|p2a: Ditto|Choice Scarf|[from] move: Knock Off|[of] p1a: Necrozma
|
|-heal|p1a: Necrozma|74/100|[from] item: Leftovers
|upkeep
|turn|14
|
|t:|1653767486
|move|p2a: Ditto|Recover|p2a: Ditto
|-heal|p2a: Ditto|100/100
|move|p1a: Necrozma|Morning Sun|p1a: Necrozma
|-heal|p1a: Necrozma|100/100
|
|upkeep
|turn|15
|
|t:|1653767492
|move|p2a: Ditto|Flamethrower|p1a: Necrozma
|-supereffective|p1a: Necrozma
|-damage|p1a: Necrozma|73/100
|move|p1a: Necrozma|Dragon Dance|p1a: Necrozma
|-boost|p1a: Necrozma|atk|1
|-boost|p1a: Necrozma|spe|1
|
|-heal|p1a: Necrozma|79/100|[from] item: Leftovers
|upkeep
|turn|16
|
|t:|1653767495
|switch|p2a: Zygarde|Zygarde|100/100
|-damage|p2a: Zygarde|94/100|[from] Stealth Rock
|switch|p1a: Eternatus|Eternatus|100/100
|-ability|p1a: Eternatus|Pressure
|
|-heal|p2a: Zygarde|100/100|[from] item: Leftovers
|upkeep
|turn|17
|
|t:|1653767499
|move|p1a: Eternatus|Dynamax Cannon|p2a: Zygarde
|-supereffective|p2a: Zygarde
|-damage|p2a: Zygarde|4/100
|move|p2a: Zygarde|Glare|p1a: Eternatus
|-status|p1a: Eternatus|par
|
|-heal|p2a: Zygarde|10/100|[from] item: Leftovers
|-activate|p2a: Zygarde|ability: Power Construct
|detailschange|p2a: Zygarde|Zygarde-Complete
|-heal|p2a: Zygarde|41/100|[silent]
|upkeep
|turn|18
|
|t:|1653767506
|switch|p2a: Yveltal|Yveltal|78/100
|-damage|p2a: Yveltal|53/100|[from] Stealth Rock
|-ability|p2a: Yveltal|Dark Aura
|move|p1a: Eternatus|Dynamax Cannon|p2a: Yveltal
|-damage|p2a: Yveltal|22/100
|
|upkeep
|turn|19
|
|t:|1653767520
|move|p2a: Yveltal|Roost|p2a: Yveltal
|-heal|p2a: Yveltal|72/100
|-singleturn|p2a: Yveltal|move: Roost
|cant|p1a: Eternatus|par
|
|upkeep
|turn|20
|
|t:|1653767535
|move|p2a: Yveltal|Knock Off|p1a: Eternatus
|-damage|p1a: Eternatus|61/100 par
|-enditem|p1a: Eternatus|Heavy-Duty Boots|[from] move: Knock Off|[of] p2a: Yveltal
|move|p1a: Eternatus|Sludge Bomb|p2a: Yveltal
|-damage|p2a: Yveltal|44/100
|
|upkeep
|turn|21
|j| Based Fan
|
|t:|1653767565
|move|p2a: Yveltal|Roost|p2a: Yveltal
|-heal|p2a: Yveltal|94/100
|-singleturn|p2a: Yveltal|move: Roost
|move|p1a: Eternatus|Sludge Bomb|p2a: Yveltal
|-damage|p2a: Yveltal|66/100
|-status|p2a: Yveltal|psn
|
|-damage|p2a: Yveltal|54/100 psn|[from] psn
|upkeep
|turn|22
|
|t:|1653767568
|move|p2a: Yveltal|Roost|p2a: Yveltal
|-heal|p2a: Yveltal|100/100 psn
|-singleturn|p2a: Yveltal|move: Roost
|move|p1a: Eternatus|Recover|p1a: Eternatus
|-heal|p1a: Eternatus|100/100 par
|
|-damage|p2a: Yveltal|88/100 psn|[from] psn
|upkeep
|turn|23
|
|t:|1653767571
|move|p2a: Yveltal|Defog|p1a: Eternatus
|-unboost|p1a: Eternatus|evasion|1
|-sideend|p1: ULT9NS Aniki|Stealth Rock|[from] move: Defog|[of] p2a: Yveltal
|-sideend|p2: Entrocefalo|Stealth Rock|[from] move: Defog|[of] p2a: Yveltal
|move|p1a: Eternatus|Dynamax Cannon|p2a: Yveltal
|-damage|p2a: Yveltal|60/100 psn
|
|-damage|p2a: Yveltal|48/100 psn|[from] psn
|upkeep
|turn|24
|
|t:|1653767576
|switch|p1a: Yveltal|Yveltal|100/100
|-ability|p1a: Yveltal|Dark Aura
|move|p2a: Yveltal|Roost|p2a: Yveltal
|-heal|p2a: Yveltal|98/100 psn
|-singleturn|p2a: Yveltal|move: Roost
|
|-damage|p2a: Yveltal|85/100 psn|[from] psn
|upkeep
|turn|25
|
|t:|1653767581
|switch|p2a: Eternatus|Eternatus|80/100
|-ability|p2a: Eternatus|Pressure
|move|p1a: Yveltal|U-turn|p2a: Eternatus
|-resisted|p2a: Eternatus
|-damage|p2a: Eternatus|72/100
|
|t:|1653767590
|switch|p1a: Necrozma|Necrozma-Dusk-Mane|79/100|[from]move: U-turn
|
|-heal|p1a: Necrozma|85/100|[from] item: Leftovers
|upkeep
|turn|26
|
|t:|1653767594
|switch|p2a: Zygarde|Zygarde-Complete|41/100
|move|p1a: Necrozma|Knock Off|p2a: Zygarde
|-damage|p2a: Zygarde|29/100
|-enditem|p2a: Zygarde|Leftovers|[from] move: Knock Off|[of] p1a: Necrozma
|
|-heal|p1a: Necrozma|91/100|[from] item: Leftovers
|upkeep
|turn|27
|
|t:|1653767597
|switch|p1a: Xatu|Xatu, M|100/100
|move|p2a: Zygarde|Rest|p2a: Zygarde
|-status|p2a: Zygarde|slp|[from] move: Rest
|-heal|p2a: Zygarde|100/100 slp|[silent]
|
|upkeep
|turn|28
|
|t:|1653767600
|cant|p2a: Zygarde|slp
|move|p1a: Xatu|Teleport|p1a: Xatu
|
|t:|1653767602
|switch|p1a: Eternatus|Eternatus|100/100 par|[from]move: Teleport
|-ability|p1a: Eternatus|Pressure
|
|upkeep
|turn|29
|
|t:|1653767605
|cant|p2a: Zygarde|slp
|cant|p1a: Eternatus|par
|
|upkeep
|turn|30
|
|t:|1653767612
|-curestatus|p2a: Zygarde|slp|[msg]
|move|p2a: Zygarde|Thousand Arrows|p1a: Eternatus
|-supereffective|p1a: Eternatus
|-damage|p1a: Eternatus|59/100 par
|move|p1a: Eternatus|Dynamax Cannon|p2a: Zygarde
|-supereffective|p2a: Zygarde
|-damage|p2a: Zygarde|39/100
|
|upkeep
|turn|31
|
|t:|1653767620
|switch|p2a: Yveltal|Yveltal|85/100 psn
|-ability|p2a: Yveltal|Dark Aura
|move|p1a: Eternatus|Recover|p1a: Eternatus
|-heal|p1a: Eternatus|100/100 par
|
|-damage|p2a: Yveltal|73/100 psn|[from] psn
|upkeep
|turn|32
|
|t:|1653767623
|move|p2a: Yveltal|Knock Off|p1a: Eternatus
|-damage|p1a: Eternatus|76/100 par
|move|p1a: Eternatus|Sludge Bomb|p2a: Yveltal
|-damage|p2a: Yveltal|44/100 psn
|
|-damage|p2a: Yveltal|32/100 psn|[from] psn
|upkeep
|turn|33
|
|t:|1653767625
|move|p2a: Yveltal|Roost|p2a: Yveltal
|-heal|p2a: Yveltal|82/100 psn
|-singleturn|p2a: Yveltal|move: Roost
|move|p1a: Eternatus|Recover|p1a: Eternatus
|-heal|p1a: Eternatus|100/100 par
|
|-damage|p2a: Yveltal|69/100 psn|[from] psn
|upkeep
|turn|34
|
|t:|1653767629
|move|p2a: Yveltal|Oblivion Wing|p1a: Eternatus
|-damage|p1a: Eternatus|76/100 par
|-heal|p2a: Yveltal|88/100 psn|[from] drain|[of] p1a: Eternatus
|move|p1a: Eternatus|Sludge Bomb|p2a: Yveltal
|-damage|p2a: Yveltal|63/100 psn
|
|-damage|p2a: Yveltal|51/100 psn|[from] psn
|upkeep
|turn|35
|
|t:|1653767642
|move|p2a: Yveltal|Roost|p2a: Yveltal
|-heal|p2a: Yveltal|100/100 psn
|-singleturn|p2a: Yveltal|move: Roost
|move|p1a: Eternatus|Sludge Bomb|p2a: Yveltal
|-damage|p2a: Yveltal|75/100 psn
|
|-damage|p2a: Yveltal|62/100 psn|[from] psn
|upkeep
|turn|36
|l| ULT9NS Cursed
|
|t:|1653767647
|move|p2a: Yveltal|Knock Off|p1a: Eternatus
|-damage|p1a: Eternatus|48/100 par
|move|p1a: Eternatus|Recover|p1a: Eternatus
|-heal|p1a: Eternatus|98/100 par
|
|-damage|p2a: Yveltal|50/100 psn|[from] psn
|upkeep
|turn|37
|inactive|ULT9NS Aniki has 120 seconds left.
|
|t:|1653767680
|move|p2a: Yveltal|Roost|p2a: Yveltal
|-heal|p2a: Yveltal|99/100 psn
|-singleturn|p2a: Yveltal|move: Roost
|move|p1a: Eternatus|Sludge Bomb|p2a: Yveltal
|-crit|p2a: Yveltal
|-damage|p2a: Yveltal|58/100 psn
|
|-damage|p2a: Yveltal|45/100 psn|[from] psn
|upkeep
|turn|38
|
|t:|1653767686
|move|p2a: Yveltal|Roost|p2a: Yveltal
|-heal|p2a: Yveltal|95/100 psn
|-singleturn|p2a: Yveltal|move: Roost
|cant|p1a: Eternatus|par
|
|-damage|p2a: Yveltal|83/100 psn|[from] psn
|upkeep
|turn|39
|
|t:|1653767698
|move|p2a: Yveltal|Knock Off|p1a: Eternatus
|-damage|p1a: Eternatus|74/100 par
|move|p1a: Eternatus|Sludge Bomb|p2a: Yveltal
|-damage|p2a: Yveltal|58/100 psn
|
|-damage|p2a: Yveltal|45/100 psn|[from] psn
|upkeep
|turn|40
|
|t:|1653767701
|move|p2a: Yveltal|Roost|p2a: Yveltal
|-heal|p2a: Yveltal|95/100 psn
|-singleturn|p2a: Yveltal|move: Roost
|move|p1a: Eternatus|Sludge Bomb|p2a: Yveltal
|-damage|p2a: Yveltal|70/100 psn
|
|-damage|p2a: Yveltal|58/100 psn|[from] psn
|upkeep
|turn|41
|
|t:|1653767706
|move|p2a: Yveltal|Oblivion Wing|p1a: Eternatus
|-damage|p1a: Eternatus|48/100 par
|-heal|p2a: Yveltal|77/100 psn|[from] drain|[of] p1a: Eternatus
|move|p1a: Eternatus|Recover|p1a: Eternatus
|-heal|p1a: Eternatus|98/100 par
|
|-damage|p2a: Yveltal|65/100 psn|[from] psn
|upkeep
|turn|42
|
|t:|1653767712
|move|p2a: Yveltal|Oblivion Wing|p1a: Eternatus
|-crit|p1a: Eternatus
|-damage|p1a: Eternatus|57/100 par
|-heal|p2a: Yveltal|96/100 psn|[from] drain|[of] p1a: Eternatus
|move|p1a: Eternatus|Flamethrower|p2a: Yveltal
|-damage|p2a: Yveltal|79/100 psn
|
|-damage|p2a: Yveltal|67/100 psn|[from] psn
|upkeep
|turn|43
|
|t:|1653767728
|move|p2a: Yveltal|Oblivion Wing|p1a: Eternatus
|-damage|p1a: Eternatus|30/100 par
|-heal|p2a: Yveltal|88/100 psn|[from] drain|[of] p1a: Eternatus
|move|p1a: Eternatus|Recover|p1a: Eternatus
|-heal|p1a: Eternatus|80/100 par
|
|-damage|p2a: Yveltal|75/100 psn|[from] psn
|upkeep
|turn|44
|
|t:|1653767732
|move|p2a: Yveltal|Knock Off|p1a: Eternatus
|-damage|p1a: Eternatus|54/100 par
|move|p1a: Eternatus|Recover|p1a: Eternatus
|-heal|p1a: Eternatus|100/100 par
|
|-damage|p2a: Yveltal|63/100 psn|[from] psn
|upkeep
|turn|45
|
|t:|1653767735
|move|p2a: Yveltal|Roost|p2a: Yveltal
|-heal|p2a: Yveltal|100/100 psn
|-singleturn|p2a: Yveltal|move: Roost
|cant|p1a: Eternatus|par
|
|-damage|p2a: Yveltal|88/100 psn|[from] psn
|upkeep
|turn|46
|
|t:|1653767738
|move|p2a: Yveltal|Oblivion Wing|p1a: Eternatus
|-damage|p1a: Eternatus|72/100 par
|-heal|p2a: Yveltal|100/100 psn|[from] drain|[of] p1a: Eternatus
|cant|p1a: Eternatus|par
|
|-damage|p2a: Yveltal|88/100 psn|[from] psn
|upkeep
|turn|47
|
|t:|1653767741
|switch|p2a: Eternatus|Eternatus|72/100
|-ability|p2a: Eternatus|Pressure
|move|p1a: Eternatus|Recover|p1a: Eternatus
|-heal|p1a: Eternatus|100/100 par
|
|upkeep
|turn|48
|
|t:|1653767744
|switch|p1a: Necrozma|Necrozma-Dusk-Mane|91/100
|move|p2a: Eternatus|Mystical Fire|p1a: Necrozma
|-supereffective|p1a: Necrozma
|-damage|p1a: Necrozma|69/100
|-unboost|p1a: Necrozma|spa|1
|
|-heal|p1a: Necrozma|75/100|[from] item: Leftovers
|upkeep
|turn|49
|
|t:|1653767748
|switch|p2a: Zygarde|Zygarde-Complete|39/100
|move|p1a: Necrozma|Dragon Dance|p1a: Necrozma
|-boost|p1a: Necrozma|atk|1
|-boost|p1a: Necrozma|spe|1
|
|-heal|p1a: Necrozma|81/100|[from] item: Leftovers
|upkeep
|turn|50
|
|t:|1653767753
|switch|p1a: Eternatus|Eternatus|100/100 par
|-ability|p1a: Eternatus|Pressure
|move|p2a: Zygarde|Glare|p1a: Eternatus
|-fail|p1a: Eternatus|par
|
|upkeep
|turn|51
|
|t:|1653767762
|switch|p2a: Yveltal|Yveltal|88/100 psn
|-ability|p2a: Yveltal|Dark Aura
|cant|p1a: Eternatus|par
|
|-damage|p2a: Yveltal|75/100 psn|[from] psn
|upkeep
|turn|52
|
|t:|1653767765
|switch|p2a: Eternatus|Eternatus|72/100
|-ability|p2a: Eternatus|Pressure
|move|p1a: Eternatus|Flamethrower|p2a: Eternatus
|-resisted|p2a: Eternatus
|-damage|p2a: Eternatus|62/100
|
|upkeep
|turn|53
|
|t:|1653767770
|switch|p1a: Necrozma|Necrozma-Dusk-Mane|81/100
|move|p2a: Eternatus|Mystical Fire|p1a: Necrozma
|-supereffective|p1a: Necrozma
|-damage|p1a: Necrozma|61/100
|-unboost|p1a: Necrozma|spa|1
|
|-heal|p1a: Necrozma|67/100|[from] item: Leftovers
|upkeep
|turn|54
|
|t:|1653767773
|switch|p2a: Zygarde|Zygarde-Complete|39/100
|move|p1a: Necrozma|Dragon Dance|p1a: Necrozma
|-boost|p1a: Necrozma|atk|1
|-boost|p1a: Necrozma|spe|1
|
|-heal|p1a: Necrozma|73/100|[from] item: Leftovers
|upkeep
|turn|55
|
|t:|1653767777
|switch|p1a: Eternatus|Eternatus|100/100 par
|-ability|p1a: Eternatus|Pressure
|move|p2a: Zygarde|Haze|p2a: Zygarde
|-clearallboost
|
|upkeep
|turn|56
|
|t:|1653767783
|switch|p2a: Yveltal|Yveltal|75/100 psn
|-ability|p2a: Yveltal|Dark Aura
|move|p1a: Eternatus|Flamethrower|p2a: Yveltal
|-damage|p2a: Yveltal|57/100 psn
|
|-damage|p2a: Yveltal|45/100 psn|[from] psn
|upkeep
|turn|57
|
|t:|1653767786
|move|p2a: Yveltal|Roost|p2a: Yveltal
|-heal|p2a: Yveltal|95/100 psn
|-singleturn|p2a: Yveltal|move: Roost
|move|p1a: Eternatus|Flamethrower|p2a: Yveltal
|-damage|p2a: Yveltal|79/100 psn
|
|-damage|p2a: Yveltal|66/100 psn|[from] psn
|upkeep
|turn|58
|
|t:|1653767790
|switch|p2a: Eternatus|Eternatus|62/100
|-ability|p2a: Eternatus|Pressure
|move|p1a: Eternatus|Flamethrower|p2a: Eternatus
|-resisted|p2a: Eternatus
|-damage|p2a: Eternatus|52/100
|
|upkeep
|turn|59
|
|t:|1653767794
|switch|p1a: Necrozma|Necrozma-Dusk-Mane|73/100
|move|p2a: Eternatus|Recover|p2a: Eternatus
|-heal|p2a: Eternatus|100/100
|
|-heal|p1a: Necrozma|79/100|[from] item: Leftovers
|upkeep
|turn|60
|
|t:|1653767798
|switch|p2a: Zygarde|Zygarde-Complete|39/100
|move|p1a: Necrozma|Sunsteel Strike|p2a: Zygarde
|-damage|p2a: Zygarde|21/100
|
|-heal|p1a: Necrozma|85/100|[from] item: Leftovers
|upkeep
|turn|61
|
|t:|1653767806
|switch|p1a: Eternatus|Eternatus|100/100 par
|-ability|p1a: Eternatus|Pressure
|move|p2a: Zygarde|Rest|p2a: Zygarde
|-status|p2a: Zygarde|slp|[from] move: Rest
|-heal|p2a: Zygarde|100/100 slp|[silent]
|
|upkeep
|turn|62
|
|t:|1653767815
|cant|p2a: Zygarde|slp
|move|p1a: Eternatus|Sludge Bomb|p2a: Zygarde
|-resisted|p2a: Zygarde
|-damage|p2a: Zygarde|86/100 slp
|
|upkeep
|turn|63
|
|t:|1653767819
|switch|p2a: Yveltal|Yveltal|66/100 psn
|-ability|p2a: Yveltal|Dark Aura
|move|p1a: Eternatus|Sludge Bomb|p2a: Yveltal
|-damage|p2a: Yveltal|39/100 psn
|
|-damage|p2a: Yveltal|27/100 psn|[from] psn
|upkeep
|turn|64
|
|t:|1653767822
|move|p2a: Yveltal|Roost|p2a: Yveltal
|-heal|p2a: Yveltal|77/100 psn
|-singleturn|p2a: Yveltal|move: Roost
|move|p1a: Eternatus|Flamethrower|p2a: Yveltal
|-damage|p2a: Yveltal|60/100 psn
|
|-damage|p2a: Yveltal|47/100 psn|[from] psn
|upkeep
|turn|65
|
|t:|1653767825
|move|p2a: Yveltal|Roost|p2a: Yveltal
|-heal|p2a: Yveltal|97/100 psn
|-singleturn|p2a: Yveltal|move: Roost
|move|p1a: Eternatus|Flamethrower|p2a: Yveltal
|-damage|p2a: Yveltal|79/100 psn
|
|-damage|p2a: Yveltal|66/100 psn|[from] psn
|upkeep
|turn|66
|
|t:|1653767829
|move|p2a: Yveltal|Oblivion Wing|p1a: Eternatus
|-crit|p1a: Eternatus
|-damage|p1a: Eternatus|58/100 par
|-heal|p2a: Yveltal|98/100 psn|[from] drain|[of] p1a: Eternatus
|move|p1a: Eternatus|Flamethrower|p2a: Yveltal
|-damage|p2a: Yveltal|79/100 psn
|
|-damage|p2a: Yveltal|67/100 psn|[from] psn
|upkeep
|turn|67
|
|t:|1653767834
|switch|p2a: Eternatus|Eternatus|100/100
|-ability|p2a: Eternatus|Pressure
|move|p1a: Eternatus|Recover|p1a: Eternatus
|-heal|p1a: Eternatus|100/100 par
|
|upkeep
|turn|68
|
|t:|1653767839
|switch|p2a: Zygarde|Zygarde-Complete|86/100 slp
|switch|p1a: Necrozma|Necrozma-Dusk-Mane|85/100
|
|-heal|p1a: Necrozma|91/100|[from] item: Leftovers
|upkeep
|turn|69
|
|t:|1653767841
|switch|p1a: Eternatus|Eternatus|100/100 par
|-ability|p1a: Eternatus|Pressure
|cant|p2a: Zygarde|slp
|
|upkeep
|turn|70
|
|t:|1653767846
|switch|p2a: Eternatus|Eternatus|100/100
|-ability|p2a: Eternatus|Pressure
|move|p1a: Eternatus|Dynamax Cannon|p2a: Eternatus
|-supereffective|p2a: Eternatus
|-damage|p2a: Eternatus|35/100
|
|upkeep
|turn|71
|-message|ULT9NS Aniki forfeited.
|
|win|Entrocefalo
|raw|ULT9NS Aniki's rating: 1570 &rarr; <strong>1558</strong><br />(-12 for losing)
|raw|Entrocefalo's rating: 1716 &rarr; <strong>1728</strong><br />(+12 for winning)
|l|☆ULT9NS Aniki
|c|☆Entrocefalo|gg
|l| ULT9 NSA
|l|+pichus
|l|☆Entrocefalo
||Ladder isn't responding, score probably updated but might not have (Request timeout).
