|j|☆Chunkomucho
|j|☆PtJean
|player|p1|Chunkomucho|erika|1490
|player|p2|PtJean|richboy-gen4|1331
|teamsize|p1|6
|teamsize|p2|6
|gametype|singles
|gen|8
|tier|[Gen 8] Ubers
|rated|
|clearpoke
|poke|p1|Eternatus|
|poke|p1|Hatterene, F|
|poke|p1|Toxapex, M|
|poke|p1|Corviknight, M|
|poke|p1|Quagsire, M|
|poke|p1|Tyranitar, M|
|poke|p2|Zacian-Crowned|
|poke|p2|Eternatus|
|poke|p2|Darmanitan-Galar, F|
|poke|p2|Dracovish|
|poke|p2|Corviknight, M|
|poke|p2|Toxapex, M|
|rule|Sleep Clause Mod: Limit one foe put to sleep
|rule|Species Clause: Limit one of each Pokémon
|rule|OHKO Clause: OHKO moves are banned
|rule|Evasion Moves Clause: Evasion moves are banned
|rule|Endless Battle Clause: Forcing endless battles is banned
|rule|HP Percentage Mod: HP is shown in percentages
|html|Ubers Dynamax Clause: Pokémon on the <a href="https://www.smogon.com/dex/ss/formats/uber/">Ubers Dynamax Banlist</a> cannot Dynamax.
|teampreview
|
|start
|switch|p1a: Toxapex|Toxapex, M|100/100
|switch|p2a: Darmanitan|Darmanitan-Galar, F|100/100
|turn|1
|
|move|p2a: Darmanitan|Earthquake|p1a: Toxapex
|-supereffective|p1a: Toxapex
|-damage|p1a: Toxapex|34/100
|move|p1a: Toxapex|Knock Off|p2a: Darmanitan
|-damage|p2a: Darmanitan|80/100
|-enditem|p2a: Darmanitan|Choice Scarf|[from] move: Knock Off|[of] p1a: Toxapex
|
|upkeep
|turn|2
|
|switch|p1a: Corviknight|Corviknight, M|100/100
|-ability|p1a: Corviknight|Pressure
|move|p2a: Darmanitan|Earthquake|p1a: Corviknight
|-immune|p1a: Corviknight
|
|upkeep
|turn|3
|
|switch|p2a: Dracovish|Dracovish|100/100
|move|p1a: Corviknight|U-turn|p2a: Dracovish
|-damage|p2a: Dracovish|86/100
|
|switch|p1a: Toxapex|Toxapex, M|67/100|[from]move: U-turn
|
|upkeep
|turn|4
|
|switch|p1a: Eternatus|Eternatus|100/100
|-ability|p1a: Eternatus|Pressure
|move|p2a: Dracovish|Psychic Fangs|p1a: Eternatus
|-supereffective|p1a: Eternatus
|-crit|p1a: Eternatus
|-damage|p1a: Eternatus|15/100
|
|upkeep
|turn|5
|
|switch|p1a: Corviknight|Corviknight, M|100/100
|-ability|p1a: Corviknight|Pressure
|move|p2a: Dracovish|Psychic Fangs|p1a: Corviknight
|-resisted|p1a: Corviknight
|-damage|p1a: Corviknight|90/100
|-damage|p2a: Dracovish|70/100|[from] item: Rocky Helmet|[of] p1a: Corviknight
|
|upkeep
|turn|6
|
|switch|p2a: Toxapex|Toxapex, M|100/100
|move|p1a: Corviknight|U-turn|p2a: Toxapex
|-resisted|p2a: Toxapex
|-damage|p2a: Toxapex|97/100
|
|switch|p1a: Eternatus|Eternatus|15/100|[from]move: U-turn
|-ability|p1a: Eternatus|Pressure
|
|-heal|p2a: Toxapex|100/100|[from] item: Black Sludge
|upkeep
|turn|7
|
|move|p1a: Eternatus|Recover|p1a: Eternatus
|-heal|p1a: Eternatus|66/100
|move|p2a: Toxapex|Scald|p1a: Eternatus
|-resisted|p1a: Eternatus
|-damage|p1a: Eternatus|58/100
|-status|p1a: Eternatus|brn
|
|-damage|p1a: Eternatus|52/100 brn|[from] brn
|upkeep
|turn|8
|
|switch|p2a: Zacian|Zacian-Crowned|100/100
|-ability|p2a: Zacian|Intrepid Sword|boost
|-boost|p2a: Zacian|atk|1
|move|p1a: Eternatus|Recover|p1a: Eternatus
|-heal|p1a: Eternatus|100/100 brn
|
|-damage|p1a: Eternatus|94/100 brn|[from] brn
|upkeep
|turn|9
|
|switch|p2a: Dracovish|Dracovish|70/100
|switch|p1a: Quagsire|Quagsire, M|100/100
|
|upkeep
|turn|10
|inactive|Battle timer is ON: inactive players will automatically lose when time's up. (requested by Chunkomucho)
|
|switch|p1a: Toxapex|Toxapex, M|100/100
|move|p2a: Dracovish|Fishious Rend|p1a: Toxapex
|-resisted|p1a: Toxapex
|-damage|p1a: Toxapex|70/100
|
|upkeep
|turn|11
|
|switch|p2a: Darmanitan|Darmanitan-Galar, F|80/100
|move|p1a: Toxapex|Scald|p2a: Darmanitan
|-damage|p2a: Darmanitan|56/100
|
|upkeep
|turn|12
|
|switch|p1a: Corviknight|Corviknight, M|90/100
|-ability|p1a: Corviknight|Pressure
|move|p2a: Darmanitan|Earthquake|p1a: Corviknight
|-immune|p1a: Corviknight
|
|upkeep
|turn|13
|
|switch|p2a: Dracovish|Dracovish|70/100
|move|p1a: Corviknight|U-turn|p2a: Dracovish
|-damage|p2a: Dracovish|53/100
|j| MetroBattles
|l| MetroBattles
|
|switch|p1a: Eternatus|Eternatus|94/100 brn|[from]move: U-turn
|-ability|p1a: Eternatus|Pressure
|
|-damage|p1a: Eternatus|88/100 brn|[from] brn
|upkeep
|turn|14
|
|move|p2a: Dracovish|Psychic Fangs|p1a: Eternatus
|-supereffective|p1a: Eternatus
|-damage|p1a: Eternatus|40/100 brn
|move|p1a: Eternatus|Flamethrower|p2a: Dracovish
|-resisted|p2a: Dracovish
|-damage|p2a: Dracovish|39/100
|-damage|p1a: Eternatus|30/100 brn|[from] item: Life Orb
|
|-damage|p1a: Eternatus|24/100 brn|[from] brn
|upkeep
|turn|15
|
|switch|p1a: Toxapex|Toxapex, M|100/100
|move|p2a: Dracovish|Psychic Fangs|p1a: Toxapex
|-supereffective|p1a: Toxapex
|-damage|p1a: Toxapex|57/100
|
|upkeep
|turn|16
|
|move|p2a: Dracovish|Psychic Fangs|p1a: Toxapex
|-supereffective|p1a: Toxapex
|-crit|p1a: Toxapex
|-damage|p1a: Toxapex|0 fnt
|faint|p1a: Toxapex
|
|upkeep
|
|switch|p1a: Himiko|Hatterene, F, shiny|100/100
|turn|17
|
|switch|p2a: Corviknight|Corviknight, M|100/100
|-ability|p2a: Corviknight|Pressure
|move|p1a: Himiko|Trick Room|p1a: Himiko
|-fieldstart|move: Trick Room|[of] p1a: Himiko
|
|upkeep
|turn|18
|c|☆Chunkomucho|Yup
|
|-start|p1a: Himiko|Dynamax
|-formechange|p1a: Himiko|Hatterene-Gmax
|-heal|p1a: Himiko|100/100|[silent]
|move|p1a: Himiko|Max Flare|p2a: Corviknight
|-supereffective|p2a: Corviknight
|-damage|p2a: Corviknight|0 fnt
|-weather|SunnyDay
|-damage|p1a: Himiko|96/100|[from] item: Life Orb
|faint|p2a: Corviknight
|
|-weather|SunnyDay|[upkeep]
|upkeep
|
|switch|p2a: Darmanitan|Darmanitan-Galar, F|56/100
|turn|19
|
|move|p1a: Himiko|Max Mindstorm|p2a: Darmanitan
|-damage|p2a: Darmanitan|0 fnt
|-fieldstart|move: Psychic Terrain
|-damage|p1a: Himiko|91/100|[from] item: Life Orb
|faint|p2a: Darmanitan
|
|-weather|SunnyDay|[upkeep]
|upkeep
|
|switch|p2a: Toxapex|Toxapex, M|100/100
|turn|20
|
|move|p1a: Himiko|Max Mindstorm|p2a: Toxapex
|-supereffective|p2a: Toxapex
|-damage|p2a: Toxapex|0 fnt
|-damage|p1a: Himiko|86/100|[from] item: Life Orb
|faint|p2a: Toxapex
|
|-weather|SunnyDay|[upkeep]
|-end|p1a: Himiko|Dynamax
|-formechange|p1a: Himiko|Hatterene
|-heal|p1a: Himiko|86/100|[silent]
|upkeep
|
|switch|p2a: Zacian|Zacian-Crowned|100/100
|-ability|p2a: Zacian|Intrepid Sword|boost
|-boost|p2a: Zacian|atk|1
|turn|21
|
|switch|p2a: Dracovish|Dracovish|39/100
|move|p1a: Himiko|Mystical Fire|p2a: Dracovish
|-resisted|p2a: Dracovish
|-damage|p2a: Dracovish|19/100
|-unboost|p2a: Dracovish|spa|1
|-damage|p1a: Himiko|76/100|[from] item: Life Orb
|
|-weather|SunnyDay|[upkeep]
|-fieldend|move: Trick Room
|upkeep
|turn|22
|inactive|Chunkomucho has 120 seconds left.
|
|switch|p1a: Corviknight|Corviknight, M|90/100
|-ability|p1a: Corviknight|Pressure
|move|p2a: Dracovish|Fishious Rend|p1a: Corviknight
|-damage|p1a: Corviknight|59/100
|-damage|p2a: Dracovish|2/100|[from] item: Rocky Helmet|[of] p1a: Corviknight
|
|-weather|none
|upkeep
|turn|23
|
|move|p2a: Dracovish|Fishious Rend|p1a: Corviknight
|-damage|p1a: Corviknight|0 fnt
|-damage|p2a: Dracovish|0 fnt|[from] item: Rocky Helmet|[of] p1a: Corviknight
|faint|p1a: Corviknight
|faint|p2a: Dracovish
|
|-fieldend|move: Psychic Terrain
|upkeep
|
|switch|p2a: Zacian|Zacian-Crowned|100/100
|switch|p1a: Tyranitar|Tyranitar, M|100/100
|-ability|p2a: Zacian|Intrepid Sword|boost
|-boost|p2a: Zacian|atk|1
|-weather|Sandstorm|[from] ability: Sand Stream|[of] p1a: Tyranitar
|turn|24
|
|switch|p1a: Quagsire|Quagsire, M|100/100
|move|p2a: Zacian|Swords Dance|p2a: Zacian
|-boost|p2a: Zacian|atk|2
|
|-weather|Sandstorm|[upkeep]
|upkeep
|turn|25
|
|move|p2a: Zacian|Close Combat|p1a: Quagsire
|-damage|p1a: Quagsire|65/100
|-unboost|p2a: Zacian|def|1
|-unboost|p2a: Zacian|spd|1
|move|p1a: Quagsire|Earthquake|p2a: Zacian
|-supereffective|p2a: Zacian
|-damage|p2a: Zacian|45/100
|
|-weather|Sandstorm|[upkeep]
|upkeep
|turn|26
|
|move|p2a: Zacian|Close Combat|p1a: Quagsire
|-damage|p1a: Quagsire|29/100
|-unboost|p2a: Zacian|def|1
|-unboost|p2a: Zacian|spd|1
|move|p1a: Quagsire|Recover|p1a: Quagsire
|-heal|p1a: Quagsire|79/100
|
|-weather|Sandstorm|[upkeep]
|upkeep
|turn|27
|-message|PtJean forfeited.
|
|win|Chunkomucho
|l|☆PtJean
|c|☆Chunkomucho|gg
||Ladder (probably) updated, but score could not be retrieved (Request timeout).
