|j|☆TheGoose0
|j|☆Bladefade
|t:|1668570907
|gametype|singles
|player|p1|TheGoose0|cress|1308
|player|p2|Bladefade|unknown|1512
|teamsize|p1|6
|teamsize|p2|6
|gen|8
|tier|[Gen 8] Ubers
|rated|
|rule|Sleep Clause Mod: Limit one foe put to sleep
|rule|Species Clause: Limit one of each Pokémon
|rule|OHKO Clause: OHKO moves are banned
|rule|Evasion Items Clause: Evasion items are banned
|rule|Evasion Moves Clause: Evasion moves are banned
|rule|Endless Battle Clause: Forcing endless battles is banned
|rule|HP Percentage Mod: HP is shown in percentages
|rule|Dynamax Clause: You cannot dynamax
|clearpoke
|poke|p1|Darmanitan-Galar, M|
|poke|p1|Calyrex-Shadow|
|poke|p1|Ho-Oh|
|poke|p1|Necrozma-Dusk-Mane|
|poke|p1|Eternatus|
|poke|p1|Marshadow|
|poke|p2|Groudon|
|poke|p2|Yveltal|
|poke|p2|Necrozma-Dusk-Mane|
|poke|p2|Eternatus|
|poke|p2|Calyrex-Shadow|
|poke|p2|Kyogre|
|teampreview
|inactive|Battle timer is ON: inactive players will automatically lose when time's up. (requested by Bladefade)
|c|☆TheGoose0|hf
|
|t:|1668570918
|start
|switch|p1a: Darmanitan|Darmanitan-Galar, M|100/100
|switch|p2a: Kyogre|Kyogre|100/100
|-weather|RainDance|[from] ability: Drizzle|[of] p2a: Kyogre
|turn|1
|inactive|Bladefade has 120 seconds left.
|
|t:|1668570967
|move|p1a: Darmanitan|U-turn|p2a: Kyogre
|-damage|p2a: Kyogre|58/100
|
|t:|1668570981
|switch|p1a: Eternatus|Eternatus|100/100|[from]move: U-turn
|-ability|p1a: Eternatus|Pressure
|move|p2a: Kyogre|Origin Pulse|p1a: Eternatus
|-resisted|p1a: Eternatus
|-damage|p1a: Eternatus|47/100
|
|-weather|RainDance|[upkeep]
|-heal|p1a: Eternatus|53/100|[from] item: Black Sludge
|upkeep
|turn|2
|
|t:|1668570989
|move|p1a: Eternatus|Recover|p1a: Eternatus
|-heal|p1a: Eternatus|100/100
|move|p2a: Kyogre|Origin Pulse|p1a: Eternatus
|-resisted|p1a: Eternatus
|-damage|p1a: Eternatus|38/100
|
|-weather|RainDance|[upkeep]
|-heal|p1a: Eternatus|44/100|[from] item: Black Sludge
|upkeep
|turn|3
|
|t:|1668570999
|move|p1a: Eternatus|Recover|p1a: Eternatus
|-heal|p1a: Eternatus|94/100
|move|p2a: Kyogre|Origin Pulse|p1a: Eternatus|[miss]
|-miss|p2a: Kyogre|p1a: Eternatus
|
|-weather|RainDance|[upkeep]
|-heal|p1a: Eternatus|99/100|[from] item: Black Sludge
|upkeep
|turn|4
|
|t:|1668571003
|move|p1a: Eternatus|Dynamax Cannon|p2a: Kyogre
|-damage|p2a: Kyogre|25/100
|move|p2a: Kyogre|Origin Pulse|p1a: Eternatus
|-resisted|p1a: Eternatus
|-damage|p1a: Eternatus|46/100
|
|-weather|RainDance|[upkeep]
|-heal|p1a: Eternatus|53/100|[from] item: Black Sludge
|upkeep
|turn|5
|
|t:|1668571013
|switch|p2a: Necrozma|Necrozma-Dusk-Mane|100/100
|move|p1a: Eternatus|Dynamax Cannon|p2a: Necrozma
|-resisted|p2a: Necrozma
|-damage|p2a: Necrozma|85/100
|
|-weather|none
|-heal|p1a: Eternatus|59/100|[from] item: Black Sludge
|-heal|p2a: Necrozma|91/100|[from] item: Leftovers
|upkeep
|turn|6
|
|t:|1668571017
|move|p1a: Eternatus|Recover|p1a: Eternatus
|-heal|p1a: Eternatus|100/100
|move|p2a: Necrozma|Thunder Wave|p1a: Eternatus
|-status|p1a: Eternatus|par
|
|-heal|p2a: Necrozma|97/100|[from] item: Leftovers
|upkeep
|turn|7
|
|t:|1668571021
|switch|p1a: Necrozma|Necrozma-Dusk-Mane|100/100
|move|p2a: Necrozma|Stealth Rock|p1a: Necrozma
|-sidestart|p1: TheGoose0|move: Stealth Rock
|
|-heal|p2a: Necrozma|100/100|[from] item: Leftovers
|upkeep
|turn|8
|
|t:|1668571025
|move|p2a: Necrozma|Thunder Wave|p1a: Necrozma
|-status|p1a: Necrozma|par
|move|p1a: Necrozma|Knock Off|p2a: Necrozma
|-supereffective|p2a: Necrozma
|-damage|p2a: Necrozma|62/100
|-enditem|p2a: Necrozma|Leftovers|[from] move: Knock Off|[of] p1a: Necrozma
|
|upkeep
|turn|9
|
|t:|1668571034
|switch|p2a: Kyogre|Kyogre|25/100
|-weather|RainDance|[from] ability: Drizzle|[of] p2a: Kyogre
|move|p1a: Necrozma|Stealth Rock|p2a: Kyogre
|-sidestart|p2: Bladefade|move: Stealth Rock
|
|-weather|RainDance|[upkeep]
|upkeep
|turn|10
|
|t:|1668571039
|move|p2a: Kyogre|Origin Pulse|p1a: Necrozma
|-damage|p1a: Necrozma|0 fnt
|faint|p1a: Necrozma
|
|-weather|RainDance|[upkeep]
|upkeep
|
|t:|1668571044
|switch|p1a: Darmanitan|Darmanitan-Galar, M|100/100
|-damage|p1a: Darmanitan|76/100|[from] Stealth Rock
|turn|11
|
|t:|1668571048
|move|p1a: Darmanitan|U-turn|p2a: Kyogre
|-damage|p2a: Kyogre|0 fnt
|faint|p2a: Kyogre
|
|t:|1668571060
|switch|p1a: Marshadow|Marshadow|100/100|[from]move: U-turn
|-damage|p1a: Marshadow|94/100|[from] Stealth Rock
|
|-weather|RainDance|[upkeep]
|upkeep
|
|t:|1668571074
|switch|p2a: Eternatus|Eternatus|100/100
|-damage|p2a: Eternatus|88/100|[from] Stealth Rock
|-ability|p2a: Eternatus|Pressure
|turn|12
|
|t:|1668571080
|move|p2a: Eternatus|Dynamax Cannon|p1a: Marshadow
|-damage|p1a: Marshadow|2/100
|-damage|p2a: Eternatus|78/100|[from] item: Life Orb
|move|p1a: Marshadow|Ice Punch|p2a: Eternatus
|-supereffective|p2a: Eternatus
|-damage|p2a: Eternatus|27/100
|-damage|p1a: Marshadow|0 fnt|[from] item: Life Orb
|faint|p1a: Marshadow
|
|-weather|RainDance|[upkeep]
|upkeep
|
|t:|1668571088
|switch|p1a: Darmanitan|Darmanitan-Galar, M|76/100
|-damage|p1a: Darmanitan|51/100|[from] Stealth Rock
|turn|13
|
|t:|1668571102
|move|p1a: Darmanitan|U-turn|p2a: Eternatus
|-resisted|p2a: Eternatus
|-damage|p2a: Eternatus|11/100
|
|t:|1668571104
|switch|p1a: Ho-Oh|Ho-Oh|100/100|[from]move: U-turn
|move|p2a: Eternatus|Dynamax Cannon|p1a: Ho-Oh
|-damage|p1a: Ho-Oh|67/100
|-damage|p2a: Eternatus|1/100|[from] item: Life Orb
|
|-weather|none
|upkeep
|turn|14
|
|t:|1668571113
|move|p2a: Eternatus|Sludge Bomb|p1a: Ho-Oh
|-damage|p1a: Ho-Oh|38/100
|-damage|p2a: Eternatus|0 fnt|[from] item: Life Orb
|faint|p2a: Eternatus
|move|p1a: Ho-Oh|Defog|p2: Eternatus|[notarget]
|-fail|p1a: Ho-Oh
|
|upkeep
|
|t:|1668571122
|switch|p2a: Yveltal|Yveltal|100/100
|-ability|p2a: Yveltal|Dark Aura
|turn|15
|
|t:|1668571125
|move|p2a: Yveltal|Knock Off|p1a: Ho-Oh
|-damage|p1a: Ho-Oh|0 fnt
|-enditem|p1a: Ho-Oh|Heavy-Duty Boots|[from] move: Knock Off|[of] p2a: Yveltal
|faint|p1a: Ho-Oh
|
|upkeep
|
|t:|1668571130
|switch|p1a: Eternatus|Eternatus|100/100 par
|-damage|p1a: Eternatus|88/100 par|[from] Stealth Rock
|-ability|p1a: Eternatus|Pressure
|turn|16
|
|t:|1668571136
|move|p2a: Yveltal|Knock Off|p1a: Eternatus
|-damage|p1a: Eternatus|45/100 par
|-enditem|p1a: Eternatus|Black Sludge|[from] move: Knock Off|[of] p2a: Yveltal
|move|p1a: Eternatus|Toxic|p2a: Yveltal
|-status|p2a: Yveltal|tox
|
|-damage|p2a: Yveltal|94/100 tox|[from] psn
|upkeep
|turn|17
|
|t:|1668571148
|move|p2a: Yveltal|Knock Off|p1a: Eternatus
|-damage|p1a: Eternatus|18/100 par
|cant|p1a: Eternatus|par
|
|-damage|p2a: Yveltal|82/100 tox|[from] psn
|upkeep
|turn|18
|
|t:|1668571151
|move|p2a: Yveltal|Knock Off|p1a: Eternatus
|-damage|p1a: Eternatus|0 fnt
|faint|p1a: Eternatus
|
|-damage|p2a: Yveltal|64/100 tox|[from] psn
|upkeep
|
|t:|1668571154
|switch|p1a: Darmanitan|Darmanitan-Galar, M|51/100
|-damage|p1a: Darmanitan|26/100|[from] Stealth Rock
|turn|19
|
|t:|1668571160
|switch|p2a: Necrozma|Necrozma-Dusk-Mane|62/100
|-damage|p2a: Necrozma|56/100|[from] Stealth Rock
|move|p1a: Darmanitan|Flare Blitz|p2a: Necrozma
|-supereffective|p2a: Necrozma
|-damage|p2a: Necrozma|0 fnt
|faint|p2a: Necrozma
|-damage|p1a: Darmanitan|5/100|[from] Recoil
|
|upkeep
|
|t:|1668571173
|switch|p2a: Calyrex|Calyrex-Shadow|100/100
|-ability|p2a: Calyrex|As One
|-ability|p2a: Calyrex|Unnerve
|-damage|p2a: Calyrex|88/100|[from] Stealth Rock
|turn|20
|
|t:|1668571183
|move|p1a: Darmanitan|Flare Blitz|p2a: Calyrex
|-damage|p2a: Calyrex|15/100
|-damage|p1a: Darmanitan|0 fnt|[from] Recoil
|faint|p1a: Darmanitan
|move|p2a: Calyrex|Draining Kiss|p1: Darmanitan|[notarget]
|-fail|p2a: Calyrex
|
|upkeep
|
|t:|1668571186
|switch|p1a: Calyrex|Calyrex-Shadow|100/100
|-ability|p1a: Calyrex|As One
|-ability|p1a: Calyrex|Unnerve
|-damage|p1a: Calyrex|88/100|[from] Stealth Rock
|turn|21
|
|t:|1668571191
|move|p1a: Calyrex|Substitute|p1a: Calyrex
|-start|p1a: Calyrex|Substitute
|-damage|p1a: Calyrex|63/100
|move|p2a: Calyrex|Astral Barrage|p1a: Calyrex
|-supereffective|p1a: Calyrex
|-end|p1a: Calyrex|Substitute
|
|upkeep
|turn|22
|
|t:|1668571195
|move|p1a: Calyrex|Astral Barrage|p2a: Calyrex
|-supereffective|p2a: Calyrex
|-damage|p2a: Calyrex|0 fnt
|faint|p2a: Calyrex
|-ability|p1a: Calyrex|Grim Neigh|boost
|-boost|p1a: Calyrex|spa|1
|-damage|p1a: Calyrex|53/100|[from] item: Life Orb
|
|upkeep
|
|t:|1668571197
|switch|p2a: Yveltal|Yveltal|64/100 tox
|-ability|p2a: Yveltal|Dark Aura
|turn|23
|c|☆TheGoose0|hmm
|c|☆TheGoose0|i see we have a predicament here
|
|t:|1668571211
|move|p1a: Calyrex|Substitute|p1a: Calyrex
|-start|p1a: Calyrex|Substitute
|-damage|p1a: Calyrex|28/100
|move|p2a: Yveltal|Knock Off|p1a: Calyrex
|-supereffective|p1a: Calyrex
|-end|p1a: Calyrex|Substitute
|
|-damage|p2a: Yveltal|58/100 tox|[from] psn
|upkeep
|turn|24
|
|t:|1668571215
|move|p1a: Calyrex|Draining Kiss|p2a: Yveltal
|-supereffective|p2a: Yveltal
|-damage|p2a: Yveltal|0 fnt
|-heal|p1a: Calyrex|79/100|[from] drain|[of] p2a: Yveltal
|faint|p2a: Yveltal
|-ability|p1a: Calyrex|Grim Neigh|boost
|-boost|p1a: Calyrex|spa|1
|-damage|p1a: Calyrex|69/100|[from] item: Life Orb
|
|upkeep
|
|t:|1668571217
|switch|p2a: Groudon|Groudon|100/100
|-damage|p2a: Groudon|94/100|[from] Stealth Rock
|-weather|SunnyDay|[from] ability: Drought|[of] p2a: Groudon
|turn|25
|
|t:|1668571220
|move|p1a: Calyrex|Astral Barrage|p2a: Groudon
|-damage|p2a: Groudon|0 fnt
|faint|p2a: Groudon
|-damage|p1a: Calyrex|59/100|[from] item: Life Orb
|
|win|TheGoose0
|raw|TheGoose0's rating: 1308 &rarr; <strong>1339</strong><br />(+31 for winning)
|raw|Bladefade's rating: 1512 &rarr; <strong>1481</strong><br />(-31 for losing)
|c|☆TheGoose0|ggz
|c|☆TheGoose0|yo
|l|☆Bladefade
||Ladder isn't responding, score probably updated but might not have (Request timeout).
