|raw|<div class="broadcast-blue"><strong>This battle is required to be public due to a player having a name starting with 'ult4pdr'.</div>
|j|☆ULT4PDR saws
|j|☆ULT4PDR Fc
|t:|1654401197
|gametype|singles
|player|p1|ULT4PDR saws|unknown|1435
|player|p2|ULT4PDR Fc|#wcop2022canada|1605
|teamsize|p1|6
|teamsize|p2|6
|gen|8
|tier|[Gen 8] Ubers
|rated|
|rule|Sleep Clause Mod: Limit one foe put to sleep
|rule|Species Clause: Limit one of each Pokémon
|rule|OHKO Clause: OHKO moves are banned
|rule|Evasion Moves Clause: Evasion moves are banned
|rule|Endless Battle Clause: Forcing endless battles is banned
|rule|HP Percentage Mod: HP is shown in percentages
|rule|Dynamax Clause: You cannot dynamax
|clearpoke
|poke|p1|Mew|
|poke|p1|Marshadow|
|poke|p1|Xerneas-*|
|poke|p1|Eternatus|
|poke|p1|Necrozma-Dusk-Mane|
|poke|p1|Yveltal|
|poke|p2|Eternatus|
|poke|p2|Ho-Oh|
|poke|p2|Yveltal|
|poke|p2|Groudon|
|poke|p2|Necrozma-Dusk-Mane|
|poke|p2|Calyrex-Shadow|
|teampreview
|inactive|Battle timer is ON: inactive players will automatically lose when time's up. (requested by ULT4PDR Fc)
|c|☆ULT4PDR saws|gl
|
|t:|1654401210
|start
|switch|p1a: Mew|Mew|100/100
|switch|p2a: Ho-Oh|Ho-Oh, shiny|100/100
|turn|1
|
|t:|1654401214
|move|p1a: Mew|Stealth Rock|p2a: Ho-Oh
|-sidestart|p2: ULT4PDR Fc|move: Stealth Rock
|move|p2a: Ho-Oh|Substitute|p2a: Ho-Oh
|-start|p2a: Ho-Oh|Substitute
|-damage|p2a: Ho-Oh|76/100
|
|upkeep
|turn|2
|
|t:|1654401220
|move|p1a: Mew|Spikes|p2a: Ho-Oh
|-sidestart|p2: ULT4PDR Fc|Spikes
|move|p2a: Ho-Oh|Sacred Fire|p1a: Mew|[miss]
|-miss|p2a: Ho-Oh|p1a: Mew
|
|upkeep
|turn|3
|
|t:|1654401224
|move|p1a: Mew|Spikes|p2a: Ho-Oh
|-sidestart|p2: ULT4PDR Fc|Spikes
|move|p2a: Ho-Oh|Sacred Fire|p1a: Mew
|-damage|p1a: Mew|52/100
|
|upkeep
|turn|4
|
|t:|1654401230
|move|p1a: Mew|Spikes|p2a: Ho-Oh
|-sidestart|p2: ULT4PDR Fc|Spikes
|move|p2a: Ho-Oh|Brave Bird|p1a: Mew
|-damage|p1a: Mew|0 fnt
|faint|p1a: Mew
|-damage|p2a: Ho-Oh|62/100|[from] Recoil
|
|upkeep
|j| Agent PG
|
|t:|1654401254
|switch|p1a: Eternatus|Eternatus|100/100
|-ability|p1a: Eternatus|Pressure
|turn|5
|
|t:|1654401258
|move|p1a: Eternatus|Dynamax Cannon|p2a: Ho-Oh
|-crit|p2a: Ho-Oh
|-end|p2a: Ho-Oh|Substitute
|move|p2a: Ho-Oh|Substitute|p2a: Ho-Oh
|-start|p2a: Ho-Oh|Substitute
|-damage|p2a: Ho-Oh|37/100
|
|upkeep
|turn|6
|
|t:|1654401261
|move|p1a: Eternatus|Dynamax Cannon|p2a: Ho-Oh
|-end|p2a: Ho-Oh|Substitute
|move|p2a: Ho-Oh|Brave Bird|p1a: Eternatus
|-damage|p1a: Eternatus|50/100
|-damage|p2a: Ho-Oh|20/100|[from] Recoil
|
|upkeep
|turn|7
|
|t:|1654401268
|move|p1a: Eternatus|Substitute|p1a: Eternatus
|-start|p1a: Eternatus|Substitute
|-damage|p1a: Eternatus|25/100
|move|p2a: Ho-Oh|Brave Bird|p1a: Eternatus
|-end|p1a: Eternatus|Substitute
|-damage|p2a: Ho-Oh|12/100|[from] Recoil|[of] p1a: Eternatus
|
|upkeep
|turn|8
|
|t:|1654401273
|move|p1a: Eternatus|Dynamax Cannon|p2a: Ho-Oh
|-damage|p2a: Ho-Oh|0 fnt
|faint|p2a: Ho-Oh
|
|upkeep
|
|t:|1654401274
|switch|p2a: Calyrex|Calyrex-Shadow|100/100
|-ability|p2a: Calyrex|As One
|-ability|p2a: Calyrex|Unnerve
|-damage|p2a: Calyrex|88/100|[from] Stealth Rock
|-damage|p2a: Calyrex|63/100|[from] Spikes
|turn|9
|
|t:|1654401280
|switch|p1a: Yveltal|Yveltal|100/100
|-ability|p1a: Yveltal|Dark Aura
|move|p2a: Calyrex|Trick|p1a: Yveltal
|-activate|p2a: Calyrex|move: Trick|[of] p1a: Yveltal
|-item|p1a: Yveltal|Choice Scarf|[from] move: Trick
|-item|p2a: Calyrex|Black Glasses|[from] move: Trick
|
|upkeep
|turn|10
|j| uult1 x
|inactive|ULT4PDR saws has 120 seconds left.
|
|t:|1654401310
|move|p1a: Yveltal|Knock Off|p2a: Calyrex
|-supereffective|p2a: Calyrex
|-damage|p2a: Calyrex|0 fnt
|-enditem|p2a: Calyrex|Black Glasses|[from] move: Knock Off|[of] p1a: Yveltal
|faint|p2a: Calyrex
|
|upkeep
|
|t:|1654401312
|switch|p2a: Yveltal|Yveltal|100/100
|-ability|p2a: Yveltal|Dark Aura
|turn|11
|
|t:|1654401320
|switch|p1a: Eternatus|Eternatus|25/100
|-ability|p1a: Eternatus|Pressure
|move|p2a: Yveltal|Defog|p1a: Eternatus
|-unboost|p1a: Eternatus|evasion|1
|-sideend|p2: ULT4PDR Fc|Spikes|[from] move: Defog|[of] p2a: Yveltal
|-sideend|p2: ULT4PDR Fc|Stealth Rock|[from] move: Defog|[of] p2a: Yveltal
|
|upkeep
|turn|12
|
|t:|1654401326
|move|p1a: Eternatus|Meteor Beam||[still]
|-prepare|p1a: Eternatus|Meteor Beam
|-boost|p1a: Eternatus|spa|1
|-enditem|p1a: Eternatus|Power Herb
|-anim|p1a: Eternatus|Meteor Beam|p2a: Yveltal
|-supereffective|p2a: Yveltal
|-damage|p2a: Yveltal|15/100
|move|p2a: Yveltal|Foul Play|p1a: Eternatus
|-damage|p1a: Eternatus|1/100
|
|upkeep
|turn|13
|
|t:|1654401332
|move|p1a: Eternatus|Flamethrower|p2a: Yveltal
|-damage|p2a: Yveltal|0 fnt
|faint|p2a: Yveltal
|
|upkeep
|
|t:|1654401334
|switch|p2a: Necrozma|Necrozma-Dusk-Mane|100/100
|turn|14
|
|t:|1654401337
|move|p1a: Eternatus|Flamethrower|p2a: Necrozma
|-supereffective|p2a: Necrozma
|-damage|p2a: Necrozma|49/100
|move|p2a: Necrozma|Dragon Dance|p2a: Necrozma
|-boost|p2a: Necrozma|atk|1
|-boost|p2a: Necrozma|spe|1
|
|-heal|p2a: Necrozma|55/100|[from] item: Leftovers
|upkeep
|turn|15
|
|t:|1654401342
|move|p1a: Eternatus|Flamethrower|p2a: Necrozma
|-supereffective|p2a: Necrozma
|-damage|p2a: Necrozma|8/100
|move|p2a: Necrozma|Dragon Dance|p2a: Necrozma
|-boost|p2a: Necrozma|atk|1
|-boost|p2a: Necrozma|spe|1
|
|-heal|p2a: Necrozma|14/100|[from] item: Leftovers
|upkeep
|turn|16
|
|t:|1654401346
|move|p2a: Necrozma|Moonlight|p2a: Necrozma
|-heal|p2a: Necrozma|64/100
|move|p1a: Eternatus|Flamethrower|p2a: Necrozma
|-supereffective|p2a: Necrozma
|-damage|p2a: Necrozma|17/100
|
|-heal|p2a: Necrozma|23/100|[from] item: Leftovers
|upkeep
|turn|17
|
|t:|1654401348
|move|p2a: Necrozma|Moonlight|p2a: Necrozma
|-heal|p2a: Necrozma|73/100
|move|p1a: Eternatus|Flamethrower|p2a: Necrozma
|-supereffective|p2a: Necrozma
|-damage|p2a: Necrozma|21/100
|-status|p2a: Necrozma|brn
|
|-heal|p2a: Necrozma|27/100 brn|[from] item: Leftovers
|-damage|p2a: Necrozma|21/100 brn|[from] brn
|upkeep
|turn|18
|
|t:|1654401351
|move|p2a: Necrozma|Moonlight|p2a: Necrozma
|-heal|p2a: Necrozma|71/100 brn
|move|p1a: Eternatus|Flamethrower|p2a: Necrozma
|-supereffective|p2a: Necrozma
|-damage|p2a: Necrozma|25/100 brn
|
|-heal|p2a: Necrozma|31/100 brn|[from] item: Leftovers
|-damage|p2a: Necrozma|25/100 brn|[from] brn
|upkeep
|turn|19
|
|t:|1654401353
|move|p2a: Necrozma|Moonlight|p2a: Necrozma
|-heal|p2a: Necrozma|75/100 brn
|move|p1a: Eternatus|Flamethrower|p2a: Necrozma
|-supereffective|p2a: Necrozma
|-crit|p2a: Necrozma
|-damage|p2a: Necrozma|7/100 brn
|
|-heal|p2a: Necrozma|13/100 brn|[from] item: Leftovers
|-damage|p2a: Necrozma|7/100 brn|[from] brn
|upkeep
|turn|20
|-message|ULT4PDR Fc forfeited.
|
|win|ULT4PDR saws
|raw|ULT4PDR saws's rating: 1435 &rarr; <strong>1464</strong><br />(+29 for winning)
|raw|ULT4PDR Fc's rating: 1605 &rarr; <strong>1576</strong><br />(-29 for losing)
|l|☆ULT4PDR Fc
|l|☆ULT4PDR saws
|l| uult1 x
|l| Agent PG
