|html|<div class="broadcast-blue"><strong>[Gen 8] Ubers is currently suspecting Zacian-Crowned! For information on how to participate check out the <a href="https://www.smogon.com/forums/threads/np-ss-ubers-stage-5-hound-dog.3675589/">suspect thread</a>.</strong></div>
|j|☆Chunkomucho
|j|☆SnorlaxthePokemon
|t:|1609657810
|player|p1|Chunkomucho|erika|1435
|player|p2|SnorlaxthePokemon|ethan|1400
|teamsize|p1|6
|teamsize|p2|6
|gametype|singles
|gen|8
|tier|[Gen 8] Ubers
|rated|
|clearpoke
|poke|p1|Gothitelle, F|
|poke|p1|Zacian-Crowned|
|poke|p1|Necrozma-Dusk-Mane|
|poke|p1|Yveltal|
|poke|p1|Blissey, F|
|poke|p1|Zygarde|
|poke|p2|Snorlax, M|
|poke|p2|Toxapex, M|
|poke|p2|Skarmory, F|
|poke|p2|Zacian-Crowned|
|poke|p2|Lunala|
|poke|p2|Reshiram|
|rule|Sleep Clause Mod: Limit one foe put to sleep
|rule|Species Clause: Limit one of each Pokémon
|rule|OHKO Clause: OHKO moves are banned
|rule|Evasion Moves Clause: Evasion moves are banned
|rule|Endless Battle Clause: Forcing endless battles is banned
|rule|HP Percentage Mod: HP is shown in percentages
|rule|Dynamax Clause: You cannot dynamax
|teampreview
|inactive|Battle timer is ON: inactive players will automatically lose when time's up. (requested by Chunkomucho)
|
|t:|1609657833
|start
|switch|p1a: Necrozma|Necrozma-Dusk-Mane|100/100
|switch|p2a: Toxapex|Toxapex, M|100/100
|turn|1
|
|t:|1609657837
|switch|p1a: Celestia|Gothitelle, F, shiny|100/100
|move|p2a: Toxapex|Scald|p1a: Celestia
|-damage|p1a: Celestia|85/100
|
|-heal|p1a: Celestia|91/100|[from] item: Leftovers
|upkeep
|turn|2
|
|t:|1609657841
|move|p1a: Celestia|Taunt|p2a: Toxapex
|-start|p2a: Toxapex|move: Taunt
|move|p2a: Toxapex|Scald|p1a: Celestia
|-damage|p1a: Celestia|77/100
|
|-heal|p1a: Celestia|83/100|[from] item: Leftovers
|upkeep
|turn|3
|
|t:|1609657844
|move|p1a: Celestia|Cosmic Power|p1a: Celestia
|-boost|p1a: Celestia|def|1
|-boost|p1a: Celestia|spd|1
|move|p2a: Toxapex|Scald|p1a: Celestia
|-damage|p1a: Celestia|72/100
|
|-heal|p1a: Celestia|78/100|[from] item: Leftovers
|upkeep
|turn|4
|
|t:|1609657846
|move|p1a: Celestia|Cosmic Power|p1a: Celestia
|-boost|p1a: Celestia|def|1
|-boost|p1a: Celestia|spd|1
|move|p2a: Toxapex|Scald|p1a: Celestia
|-damage|p1a: Celestia|70/100
|
|-heal|p1a: Celestia|76/100|[from] item: Leftovers
|-end|p2a: Toxapex|move: Taunt
|upkeep
|turn|5
|
|t:|1609657848
|move|p1a: Celestia|Cosmic Power|p1a: Celestia
|-boost|p1a: Celestia|def|1
|-boost|p1a: Celestia|spd|1
|move|p2a: Toxapex|Scald|p1a: Celestia
|-damage|p1a: Celestia|71/100
|-status|p1a: Celestia|brn
|
|-heal|p1a: Celestia|77/100 brn|[from] item: Leftovers
|-damage|p1a: Celestia|71/100 brn|[from] brn
|upkeep
|turn|6
|
|t:|1609657850
|move|p1a: Celestia|Cosmic Power|p1a: Celestia
|-boost|p1a: Celestia|def|1
|-boost|p1a: Celestia|spd|1
|move|p2a: Toxapex|Toxic Spikes|p1a: Celestia
|-sidestart|p1: Chunkomucho|move: Toxic Spikes
|
|-heal|p1a: Celestia|77/100 brn|[from] item: Leftovers
|-damage|p1a: Celestia|71/100 brn|[from] brn
|upkeep
|turn|7
|
|t:|1609657852
|move|p1a: Celestia|Cosmic Power|p1a: Celestia
|-boost|p1a: Celestia|def|1
|-boost|p1a: Celestia|spd|1
|move|p2a: Toxapex|Scald|p1a: Celestia
|-damage|p1a: Celestia|66/100 brn
|
|-heal|p1a: Celestia|72/100 brn|[from] item: Leftovers
|-damage|p1a: Celestia|66/100 brn|[from] brn
|upkeep
|turn|8
|
|t:|1609657855
|move|p1a: Celestia|Cosmic Power|p1a: Celestia
|-boost|p1a: Celestia|def|1
|-boost|p1a: Celestia|spd|1
|move|p2a: Toxapex|Toxic Spikes|p1a: Celestia
|-sidestart|p1: Chunkomucho|move: Toxic Spikes
|
|-heal|p1a: Celestia|72/100 brn|[from] item: Leftovers
|-damage|p1a: Celestia|66/100 brn|[from] brn
|upkeep
|turn|9
|
|t:|1609657857
|move|p1a: Celestia|Charm|p2a: Toxapex
|-unboost|p2a: Toxapex|atk|2
|move|p2a: Toxapex|Scald|p1a: Celestia
|-damage|p1a: Celestia|62/100 brn
|
|-heal|p1a: Celestia|68/100 brn|[from] item: Leftovers
|-damage|p1a: Celestia|62/100 brn|[from] brn
|upkeep
|turn|10
|
|t:|1609657859
|move|p1a: Celestia|Charm|p2a: Toxapex
|-unboost|p2a: Toxapex|atk|2
|move|p2a: Toxapex|Scald|p1a: Celestia
|-damage|p1a: Celestia|57/100 brn
|
|-heal|p1a: Celestia|63/100 brn|[from] item: Leftovers
|-damage|p1a: Celestia|57/100 brn|[from] brn
|upkeep
|turn|11
|
|t:|1609657866
|move|p1a: Celestia|Charm|p2a: Toxapex
|-unboost|p2a: Toxapex|atk|2
|move|p2a: Toxapex|Haze|p2a: Toxapex
|-clearallboost
|
|-heal|p1a: Celestia|63/100 brn|[from] item: Leftovers
|-damage|p1a: Celestia|57/100 brn|[from] brn
|upkeep
|turn|12
|
|t:|1609657871
|move|p1a: Celestia|Taunt|p2a: Toxapex
|-start|p2a: Toxapex|move: Taunt
|cant|p2a: Toxapex|move: Taunt|Haze
|
|-heal|p1a: Celestia|63/100 brn|[from] item: Leftovers
|-damage|p1a: Celestia|57/100 brn|[from] brn
|upkeep
|turn|13
|
|t:|1609657874
|move|p1a: Celestia|Charm|p2a: Toxapex
|-unboost|p2a: Toxapex|atk|2
|move|p2a: Toxapex|Scald|p1a: Celestia
|-damage|p1a: Celestia|42/100 brn
|
|-heal|p1a: Celestia|48/100 brn|[from] item: Leftovers
|-damage|p1a: Celestia|42/100 brn|[from] brn
|upkeep
|turn|14
|
|t:|1609657877
|move|p1a: Celestia|Rest|p1a: Celestia
|-status|p1a: Celestia|slp|[from] move: Rest
|-heal|p1a: Celestia|100/100 slp|[silent]
|move|p2a: Toxapex|Scald|p1a: Celestia
|-crit|p1a: Celestia
|-damage|p1a: Celestia|79/100 slp
|
|-heal|p1a: Celestia|85/100 slp|[from] item: Leftovers
|-end|p2a: Toxapex|move: Taunt
|upkeep
|turn|15
|
|t:|1609657880
|cant|p1a: Celestia|slp
|move|p2a: Toxapex|Haze|p2a: Toxapex
|-clearallboost
|
|-heal|p1a: Celestia|91/100 slp|[from] item: Leftovers
|upkeep
|turn|16
|
|t:|1609657882
|cant|p1a: Celestia|slp
|move|p2a: Toxapex|Haze|p2a: Toxapex
|-clearallboost
|
|-heal|p1a: Celestia|98/100 slp|[from] item: Leftovers
|upkeep
|turn|17
|
|t:|1609657888
|-curestatus|p1a: Celestia|slp|[msg]
|move|p1a: Celestia|Taunt|p2a: Toxapex
|-start|p2a: Toxapex|move: Taunt
|cant|p2a: Toxapex|move: Taunt|Haze
|
|-heal|p1a: Celestia|100/100|[from] item: Leftovers
|upkeep
|turn|18
|
|t:|1609657892
|move|p1a: Celestia|Cosmic Power|p1a: Celestia
|-boost|p1a: Celestia|def|1
|-boost|p1a: Celestia|spd|1
|move|p2a: Toxapex|Scald|p1a: Celestia
|-damage|p1a: Celestia|90/100
|-status|p1a: Celestia|brn
|
|-heal|p1a: Celestia|96/100 brn|[from] item: Leftovers
|-damage|p1a: Celestia|90/100 brn|[from] brn
|upkeep
|turn|19
|
|t:|1609657901
|move|p1a: Celestia|Cosmic Power|p1a: Celestia
|-boost|p1a: Celestia|def|1
|-boost|p1a: Celestia|spd|1
|move|p2a: Toxapex|Scald|p1a: Celestia
|-damage|p1a: Celestia|82/100 brn
|
|-heal|p1a: Celestia|89/100 brn|[from] item: Leftovers
|-damage|p1a: Celestia|82/100 brn|[from] brn
|-end|p2a: Toxapex|move: Taunt
|upkeep
|turn|20
|
|t:|1609657904
|move|p1a: Celestia|Taunt|p2a: Toxapex
|-start|p2a: Toxapex|move: Taunt
|cant|p2a: Toxapex|move: Taunt|Haze
|
|-heal|p1a: Celestia|89/100 brn|[from] item: Leftovers
|-damage|p1a: Celestia|82/100 brn|[from] brn
|upkeep
|turn|21
|
|t:|1609657906
|move|p1a: Celestia|Cosmic Power|p1a: Celestia
|-boost|p1a: Celestia|def|1
|-boost|p1a: Celestia|spd|1
|move|p2a: Toxapex|Scald|p1a: Celestia
|-damage|p1a: Celestia|77/100 brn
|
|-heal|p1a: Celestia|83/100 brn|[from] item: Leftovers
|-damage|p1a: Celestia|77/100 brn|[from] brn
|upkeep
|turn|22
|
|t:|1609657909
|move|p1a: Celestia|Cosmic Power|p1a: Celestia
|-boost|p1a: Celestia|def|1
|-boost|p1a: Celestia|spd|1
|move|p2a: Toxapex|Scald|p1a: Celestia
|-damage|p1a: Celestia|71/100 brn
|
|-heal|p1a: Celestia|77/100 brn|[from] item: Leftovers
|-damage|p1a: Celestia|71/100 brn|[from] brn
|-end|p2a: Toxapex|move: Taunt
|upkeep
|turn|23
|
|t:|1609657911
|move|p1a: Celestia|Taunt|p2a: Toxapex
|-start|p2a: Toxapex|move: Taunt
|cant|p2a: Toxapex|move: Taunt|Haze
|
|-heal|p1a: Celestia|77/100 brn|[from] item: Leftovers
|-damage|p1a: Celestia|71/100 brn|[from] brn
|upkeep
|turn|24
|
|t:|1609657914
|move|p1a: Celestia|Cosmic Power|p1a: Celestia
|-boost|p1a: Celestia|def|1
|-boost|p1a: Celestia|spd|1
|move|p2a: Toxapex|Scald|p1a: Celestia
|-damage|p1a: Celestia|66/100 brn
|
|-heal|p1a: Celestia|73/100 brn|[from] item: Leftovers
|-damage|p1a: Celestia|66/100 brn|[from] brn
|upkeep
|turn|25
|
|t:|1609657918
|move|p1a: Celestia|Cosmic Power|p1a: Celestia
|-boost|p1a: Celestia|def|1
|-boost|p1a: Celestia|spd|1
|move|p2a: Toxapex|Scald|p1a: Celestia
|-damage|p1a: Celestia|62/100 brn
|
|-heal|p1a: Celestia|68/100 brn|[from] item: Leftovers
|-damage|p1a: Celestia|62/100 brn|[from] brn
|-end|p2a: Toxapex|move: Taunt
|upkeep
|turn|26
|
|t:|1609657920
|move|p1a: Celestia|Taunt|p2a: Toxapex
|-start|p2a: Toxapex|move: Taunt
|cant|p2a: Toxapex|move: Taunt|Haze
|
|-heal|p1a: Celestia|68/100 brn|[from] item: Leftovers
|-damage|p1a: Celestia|62/100 brn|[from] brn
|upkeep
|turn|27
|
|t:|1609657922
|move|p1a: Celestia|Rest|p1a: Celestia
|-status|p1a: Celestia|slp|[from] move: Rest
|-heal|p1a: Celestia|100/100 slp|[silent]
|move|p2a: Toxapex|Scald|p1a: Celestia
|-damage|p1a: Celestia|97/100 slp
|
|-heal|p1a: Celestia|100/100 slp|[from] item: Leftovers
|upkeep
|turn|28
|
|t:|1609657927
|cant|p1a: Celestia|slp
|move|p2a: Toxapex|Scald|p1a: Celestia
|-damage|p1a: Celestia|96/100 slp
|
|-heal|p1a: Celestia|100/100 slp|[from] item: Leftovers
|-end|p2a: Toxapex|move: Taunt
|upkeep
|turn|29
|
|t:|1609657929
|cant|p1a: Celestia|slp
|move|p2a: Toxapex|Haze|p2a: Toxapex
|-clearallboost
|
|upkeep
|turn|30
|
|t:|1609657932
|-curestatus|p1a: Celestia|slp|[msg]
|move|p1a: Celestia|Taunt|p2a: Toxapex
|-start|p2a: Toxapex|move: Taunt
|cant|p2a: Toxapex|move: Taunt|Haze
|
|upkeep
|turn|31
|
|t:|1609657938
|move|p1a: Celestia|Charm|p2a: Toxapex
|-unboost|p2a: Toxapex|atk|2
|move|p2a: Toxapex|Scald|p1a: Celestia
|-damage|p1a: Celestia|86/100
|
|-heal|p1a: Celestia|92/100|[from] item: Leftovers
|upkeep
|turn|32
|
|t:|1609657944
|move|p1a: Celestia|Cosmic Power|p1a: Celestia
|-boost|p1a: Celestia|def|1
|-boost|p1a: Celestia|spd|1
|move|p2a: Toxapex|Scald|p1a: Celestia
|-damage|p1a: Celestia|82/100
|-status|p1a: Celestia|brn
|
|-heal|p1a: Celestia|88/100 brn|[from] item: Leftovers
|-damage|p1a: Celestia|82/100 brn|[from] brn
|-end|p2a: Toxapex|move: Taunt
|upkeep
|turn|33
|
|t:|1609657948
|move|p1a: Celestia|Cosmic Power|p1a: Celestia
|-boost|p1a: Celestia|def|1
|-boost|p1a: Celestia|spd|1
|move|p2a: Toxapex|Haze|p2a: Toxapex
|-clearallboost
|
|-heal|p1a: Celestia|88/100 brn|[from] item: Leftovers
|-damage|p1a: Celestia|82/100 brn|[from] brn
|upkeep
|turn|34
|
|t:|1609657952
|move|p1a: Celestia|Taunt|p2a: Toxapex
|-start|p2a: Toxapex|move: Taunt
|cant|p2a: Toxapex|move: Taunt|Haze
|
|-heal|p1a: Celestia|88/100 brn|[from] item: Leftovers
|-damage|p1a: Celestia|82/100 brn|[from] brn
|upkeep
|turn|35
|
|t:|1609657956
|move|p1a: Celestia|Cosmic Power|p1a: Celestia
|-boost|p1a: Celestia|def|1
|-boost|p1a: Celestia|spd|1
|move|p2a: Toxapex|Scald|p1a: Celestia
|-damage|p1a: Celestia|72/100 brn
|
|-heal|p1a: Celestia|78/100 brn|[from] item: Leftovers
|-damage|p1a: Celestia|72/100 brn|[from] brn
|upkeep
|turn|36
|
|t:|1609657961
|move|p1a: Celestia|Taunt||[still]
|-fail|p1a: Celestia
|move|p2a: Toxapex|Scald|p1a: Celestia
|-damage|p1a: Celestia|62/100 brn
|
|-heal|p1a: Celestia|68/100 brn|[from] item: Leftovers
|-damage|p1a: Celestia|62/100 brn|[from] brn
|-end|p2a: Toxapex|move: Taunt
|upkeep
|turn|37
|
|t:|1609657966
|move|p1a: Celestia|Taunt|p2a: Toxapex
|-start|p2a: Toxapex|move: Taunt
|cant|p2a: Toxapex|move: Taunt|Haze
|
|-heal|p1a: Celestia|68/100 brn|[from] item: Leftovers
|-damage|p1a: Celestia|62/100 brn|[from] brn
|upkeep
|turn|38
|
|t:|1609657973
|move|p1a: Celestia|Rest|p1a: Celestia
|-status|p1a: Celestia|slp|[from] move: Rest
|-heal|p1a: Celestia|100/100 slp|[silent]
|move|p2a: Toxapex|Scald|p1a: Celestia
|-damage|p1a: Celestia|90/100 slp
|
|-heal|p1a: Celestia|97/100 slp|[from] item: Leftovers
|upkeep
|turn|39
|
|t:|1609657978
|cant|p1a: Celestia|slp
|move|p2a: Toxapex|Scald|p1a: Celestia
|-damage|p1a: Celestia|87/100 slp
|
|-heal|p1a: Celestia|93/100 slp|[from] item: Leftovers
|-end|p2a: Toxapex|move: Taunt
|upkeep
|turn|40
|
|t:|1609657981
|cant|p1a: Celestia|slp
|move|p2a: Toxapex|Haze|p2a: Toxapex
|-clearallboost
|
|-heal|p1a: Celestia|99/100 slp|[from] item: Leftovers
|upkeep
|turn|41
|
|t:|1609657986
|-curestatus|p1a: Celestia|slp|[msg]
|move|p1a: Celestia|Taunt|p2a: Toxapex
|-start|p2a: Toxapex|move: Taunt
|cant|p2a: Toxapex|move: Taunt|Haze
|
|-heal|p1a: Celestia|100/100|[from] item: Leftovers
|upkeep
|turn|42
|
|t:|1609657992
|move|p1a: Celestia|Charm|p2a: Toxapex
|-unboost|p2a: Toxapex|atk|2
|-activate|p2a: Toxapex|move: Struggle
|move|p2a: Toxapex|Struggle|p1a: Celestia
|-damage|p1a: Celestia|98/100
|-damage|p2a: Toxapex|75/100|[from] recoil
|
|-heal|p1a: Celestia|100/100|[from] item: Leftovers
|-heal|p2a: Toxapex|82/100|[from] item: Black Sludge
|upkeep
|turn|43
|
|t:|1609657995
|move|p1a: Celestia|Charm|p2a: Toxapex
|-unboost|p2a: Toxapex|atk|2
|-activate|p2a: Toxapex|move: Struggle
|move|p2a: Toxapex|Struggle|p1a: Celestia
|-damage|p1a: Celestia|99/100
|-damage|p2a: Toxapex|57/100|[from] recoil
|
|-heal|p1a: Celestia|100/100|[from] item: Leftovers
|-heal|p2a: Toxapex|63/100|[from] item: Black Sludge
|-end|p2a: Toxapex|move: Taunt
|upkeep
|turn|44
|
|t:|1609657997
|move|p1a: Celestia|Charm|p2a: Toxapex
|-unboost|p2a: Toxapex|atk|2
|move|p2a: Toxapex|Haze|p2a: Toxapex
|-clearallboost
|
|-heal|p2a: Toxapex|69/100|[from] item: Black Sludge
|upkeep
|turn|45
|
|t:|1609658002
|move|p1a: Celestia|Charm|p2a: Toxapex
|-unboost|p2a: Toxapex|atk|2
|move|p2a: Toxapex|Haze|p2a: Toxapex
|-clearallboost
|
|-heal|p2a: Toxapex|75/100|[from] item: Black Sludge
|upkeep
|turn|46
|
|t:|1609658005
|move|p1a: Celestia|Taunt|p2a: Toxapex
|-start|p2a: Toxapex|move: Taunt
|cant|p2a: Toxapex|move: Taunt|Haze
|
|-heal|p2a: Toxapex|82/100|[from] item: Black Sludge
|upkeep
|turn|47
|
|t:|1609658008
|move|p1a: Celestia|Charm|p2a: Toxapex
|-unboost|p2a: Toxapex|atk|2
|-activate|p2a: Toxapex|move: Struggle
|move|p2a: Toxapex|Struggle|p1a: Celestia
|-damage|p1a: Celestia|98/100
|-damage|p2a: Toxapex|57/100|[from] recoil
|
|-heal|p1a: Celestia|100/100|[from] item: Leftovers
|-heal|p2a: Toxapex|63/100|[from] item: Black Sludge
|upkeep
|turn|48
|
|t:|1609658011
|move|p1a: Celestia|Charm|p2a: Toxapex
|-unboost|p2a: Toxapex|atk|2
|-activate|p2a: Toxapex|move: Struggle
|move|p2a: Toxapex|Struggle|p1a: Celestia
|-crit|p1a: Celestia
|-damage|p1a: Celestia|93/100
|-damage|p2a: Toxapex|38/100|[from] recoil
|
|-heal|p1a: Celestia|99/100|[from] item: Leftovers
|-heal|p2a: Toxapex|44/100|[from] item: Black Sludge
|-end|p2a: Toxapex|move: Taunt
|upkeep
|turn|49
|
|t:|1609658017
|move|p1a: Celestia|Taunt|p2a: Toxapex
|-start|p2a: Toxapex|move: Taunt
|cant|p2a: Toxapex|move: Taunt|Haze
|
|-heal|p1a: Celestia|100/100|[from] item: Leftovers
|-heal|p2a: Toxapex|50/100|[from] item: Black Sludge
|upkeep
|turn|50
|
|t:|1609658022
|move|p1a: Celestia|Charm|p2a: Toxapex
|-unboost|p2a: Toxapex|atk|2
|-activate|p2a: Toxapex|move: Struggle
|move|p2a: Toxapex|Struggle|p1a: Celestia
|-damage|p1a: Celestia|99/100
|-damage|p2a: Toxapex|25/100|[from] recoil
|
|-heal|p1a: Celestia|100/100|[from] item: Leftovers
|-heal|p2a: Toxapex|32/100|[from] item: Black Sludge
|upkeep
|turn|51
|
|t:|1609658025
|move|p1a: Celestia|Charm|p2a: Toxapex
|-unboost|p2a: Toxapex|atk|0
|-activate|p2a: Toxapex|move: Struggle
|move|p2a: Toxapex|Struggle|p1a: Celestia
|-damage|p1a: Celestia|99/100
|-damage|p2a: Toxapex|7/100|[from] recoil
|
|-heal|p1a: Celestia|100/100|[from] item: Leftovers
|-heal|p2a: Toxapex|13/100|[from] item: Black Sludge
|-end|p2a: Toxapex|move: Taunt
|upkeep
|turn|52
|
|t:|1609658028
|move|p1a: Celestia|Taunt|p2a: Toxapex
|-start|p2a: Toxapex|move: Taunt
|cant|p2a: Toxapex|move: Taunt|Haze
|
|-heal|p2a: Toxapex|19/100|[from] item: Black Sludge
|upkeep
|turn|53
|
|t:|1609658030
|move|p1a: Celestia|Charm|p2a: Toxapex
|-unboost|p2a: Toxapex|atk|0
|-activate|p2a: Toxapex|move: Struggle
|move|p2a: Toxapex|Struggle|p1a: Celestia
|-damage|p1a: Celestia|99/100
|-damage|p2a: Toxapex|0 fnt|[from] recoil
|faint|p2a: Toxapex
|
|-heal|p1a: Celestia|100/100|[from] item: Leftovers
|upkeep
|
|t:|1609658039
|switch|p2a: Lunala|Lunala|100/100
|turn|54
|
|t:|1609658047
|switch|p1a: Yveltal|Yveltal|100/100
|-ability|p1a: Yveltal|Dark Aura
|move|p2a: Lunala|Will-O-Wisp|p1a: Yveltal|[miss]
|-miss|p2a: Lunala|p1a: Yveltal
|
|upkeep
|turn|55
|
|t:|1609658055
|switch|p2a: Zacian|Zacian-Crowned|100/100
|-ability|p2a: Zacian|Intrepid Sword|boost
|-boost|p2a: Zacian|atk|1
|move|p1a: Yveltal|Defog|p2a: Zacian
|-unboost|p2a: Zacian|evasion|1
|-sideend|p1: Chunkomucho|Toxic Spikes|[from] move: Defog|[of] p1a: Yveltal
|
|upkeep
|turn|56
|
|t:|1609658064
|switch|p1a: Necrozma|Necrozma-Dusk-Mane|100/100
|move|p2a: Zacian|Close Combat|p1a: Necrozma
|-damage|p1a: Necrozma|55/100
|-unboost|p2a: Zacian|def|1
|-unboost|p2a: Zacian|spd|1
|
|-heal|p1a: Necrozma|61/100|[from] item: Leftovers
|upkeep
|turn|57
|
|t:|1609658068
|switch|p2a: Reshiram|Reshiram|100/100
|-ability|p2a: Reshiram|Turboblaze
|move|p1a: Necrozma|Moonlight|p1a: Necrozma
|-heal|p1a: Necrozma|100/100
|
|upkeep
|turn|58
|
|t:|1609658077
|switch|p2a: Zacian|Zacian-Crowned|100/100
|-ability|p2a: Zacian|Intrepid Sword|boost
|-boost|p2a: Zacian|atk|1
|switch|p1a: Blissey|Blissey, F|100/100
|
|upkeep
|turn|59
|
|t:|1609658084
|switch|p1a: Necrozma|Necrozma-Dusk-Mane|100/100
|move|p2a: Zacian|Close Combat|p1a: Necrozma
|-damage|p1a: Necrozma|56/100
|-unboost|p2a: Zacian|def|1
|-unboost|p2a: Zacian|spd|1
|
|-heal|p1a: Necrozma|62/100|[from] item: Leftovers
|upkeep
|turn|60
|
|t:|1609658089
|move|p2a: Zacian|Close Combat|p1a: Necrozma
|-damage|p1a: Necrozma|16/100
|-unboost|p2a: Zacian|def|1
|-unboost|p2a: Zacian|spd|1
|move|p1a: Necrozma|Moonlight|p1a: Necrozma
|-heal|p1a: Necrozma|66/100
|
|-heal|p1a: Necrozma|72/100|[from] item: Leftovers
|upkeep
|turn|61
|
|t:|1609658094
|switch|p2a: Reshiram|Reshiram|100/100
|-ability|p2a: Reshiram|Turboblaze
|move|p1a: Necrozma|Moonlight|p1a: Necrozma
|-heal|p1a: Necrozma|100/100
|
|upkeep
|turn|62
|
|t:|1609658101
|switch|p2a: Zacian|Zacian-Crowned|100/100
|-ability|p2a: Zacian|Intrepid Sword|boost
|-boost|p2a: Zacian|atk|1
|switch|p1a: Blissey|Blissey, F|100/100
|
|upkeep
|turn|63
|
|t:|1609658107
|switch|p1a: Necrozma|Necrozma-Dusk-Mane|100/100
|move|p2a: Zacian|Close Combat|p1a: Necrozma
|-damage|p1a: Necrozma|59/100
|-unboost|p2a: Zacian|def|1
|-unboost|p2a: Zacian|spd|1
|
|-heal|p1a: Necrozma|65/100|[from] item: Leftovers
|upkeep
|turn|64
|
|t:|1609658111
|switch|p2a: Reshiram|Reshiram|100/100
|-ability|p2a: Reshiram|Turboblaze
|move|p1a: Necrozma|Moonlight|p1a: Necrozma
|-heal|p1a: Necrozma|100/100
|
|upkeep
|turn|65
|
|t:|1609658114
|switch|p2a: Zacian|Zacian-Crowned|100/100
|-ability|p2a: Zacian|Intrepid Sword|boost
|-boost|p2a: Zacian|atk|1
|move|p1a: Necrozma|Stealth Rock|p2a: Zacian
|-sidestart|p2: SnorlaxthePokemon|move: Stealth Rock
|
|upkeep
|turn|66
|-message|SnorlaxthePokemon forfeited.
|
|win|Chunkomucho
|l|☆SnorlaxthePokemon
|raw|Chunkomucho's rating: 1436 &rarr; <strong>1454</strong><br />(+18 for winning)
|raw|SnorlaxthePokemon's rating: 1400 &rarr; <strong>1382</strong><br />(-18 for losing)
