|j|☆KyogreF4N
|j|☆Zenadark
|player|p1|KyogreF4N|battlegirl-gen4|1903
|player|p2|Zenadark|cyrus|1680
|teamsize|p1|6
|teamsize|p2|6
|gametype|singles
|gen|8
|tier|[Gen 8] Ubers
|rated|
|clearpoke
|poke|p1|Drednaw, M|
|poke|p1|Pelipper, M|
|poke|p1|Necrozma-Dusk-Mane|
|poke|p1|Melmetal|
|poke|p1|Lunala|
|poke|p1|Dracovish|
|poke|p2|Necrozma-Dusk-Mane|
|poke|p2|Lunala|
|poke|p2|Tyranitar, F|
|poke|p2|Corviknight, F|
|poke|p2|Dugtrio, M|
|poke|p2|Eternatus|
|rule|Sleep Clause Mod: Limit one foe put to sleep
|rule|Species Clause: Limit one of each Pokémon
|rule|OHKO Clause: OHKO moves are banned
|rule|Evasion Moves Clause: Evasion moves are banned
|rule|Endless Battle Clause: Forcing endless battles is banned
|rule|HP Percentage Mod: HP is shown in percentages
|html|Ubers Dynamax Clause: Pokémon on the <a href="https://www.smogon.com/dex/ss/formats/uber/">Ubers Dynamax Banlist</a> cannot Dynamax.
|teampreview
|c|☆Zenadark|mdrrrrrrrrr
|c|☆KyogreF4N|Glhf^^
|c|☆Zenadark|hf
|
|start
|switch|p1a: Pelipper|Pelipper, M|100/100
|switch|p2a: Tyranitar|Tyranitar, F|100/100
|-weather|Sandstorm|[from] ability: Sand Stream|[of] p2a: Tyranitar
|-weather|RainDance|[from] ability: Drizzle|[of] p1a: Pelipper
|turn|1
|
|move|p2a: Tyranitar|Stealth Rock|p1a: Pelipper
|-sidestart|p1: KyogreF4N|move: Stealth Rock
|move|p1a: Pelipper|U-turn|p2a: Tyranitar
|-supereffective|p2a: Tyranitar
|-damage|p2a: Tyranitar|84/100
|
|switch|p1a: Drednaw|Drednaw, M|100/100|[from]move: U-turn
|-damage|p1a: Drednaw|88/100|[from] Stealth Rock
|
|-weather|RainDance|[upkeep]
|upkeep
|turn|2
|
|switch|p2a: Corviknight|Corviknight, F|100/100
|-ability|p2a: Corviknight|Pressure
|move|p1a: Drednaw|Swords Dance|p1a: Drednaw
|-boost|p1a: Drednaw|atk|2
|
|-weather|RainDance|[upkeep]
|upkeep
|turn|3
|
|-start|p1a: Drednaw|Dynamax
|-formechange|p1a: Drednaw|Drednaw-Gmax
|-heal|p1a: Drednaw|88/100|[silent]
|-start|p2a: Corviknight|Dynamax
|-heal|p2a: Corviknight|100/100|[silent]
|move|p1a: Drednaw|G-Max Stonesurge|p2a: Corviknight
|-damage|p2a: Corviknight|28/100
|-sidestart|p2: Zenadark|move: Stealth Rock
|-damage|p1a: Drednaw|83/100|[from] item: Life Orb
|move|p2a: Corviknight|Max Knuckle|p1a: Drednaw
|-supereffective|p1a: Drednaw
|-damage|p1a: Drednaw|64/100
|-boost|p2a: Corviknight|atk|1
|
|-weather|RainDance|[upkeep]
|upkeep
|turn|4
|
|move|p2a: Corviknight|Max Guard|p2a: Corviknight
|-singleturn|p2a: Corviknight|Max Guard
|move|p1a: Drednaw|G-Max Stonesurge|p2a: Corviknight
|-activate|p2a: Corviknight|move: Max Guard
|
|-weather|RainDance|[upkeep]
|upkeep
|turn|5
|
|-end|p2a: Corviknight|Dynamax
|-heal|p2a: Corviknight|28/100|[silent]
|switch|p2a: Tyranitar|Tyranitar, F|84/100
|-damage|p2a: Tyranitar|72/100|[from] Stealth Rock
|-weather|Sandstorm|[from] ability: Sand Stream|[of] p2a: Tyranitar
|move|p1a: Drednaw|G-Max Stonesurge|p2a: Tyranitar
|-supereffective|p2a: Tyranitar
|-damage|p2a: Tyranitar|0 fnt
|-damage|p1a: Drednaw|59/100|[from] item: Life Orb
|faint|p2a: Tyranitar
|
|-weather|Sandstorm|[upkeep]
|-end|p1a: Drednaw|Dynamax
|-formechange|p1a: Drednaw|Drednaw
|-heal|p1a: Drednaw|59/100|[silent]
|upkeep
|
|switch|p2a: Dugtrio|Dugtrio, M|100/100
|-damage|p2a: Dugtrio|94/100|[from] Stealth Rock
|turn|6
|
|move|p2a: Dugtrio|Earthquake|p1a: Drednaw
|-supereffective|p1a: Drednaw
|-crit|p1a: Drednaw
|-damage|p1a: Drednaw|0 fnt
|faint|p1a: Drednaw
|
|-weather|Sandstorm|[upkeep]
|upkeep
|
|switch|p1a: Pelipper|Pelipper, M|100/100
|-damage|p1a: Pelipper|76/100|[from] Stealth Rock
|-weather|RainDance|[from] ability: Drizzle|[of] p1a: Pelipper
|turn|7
|
|switch|p2a: Eternatus|Eternatus|100/100
|-damage|p2a: Eternatus|88/100|[from] Stealth Rock
|-ability|p2a: Eternatus|Pressure
|move|p1a: Pelipper|U-turn|p2a: Eternatus
|-resisted|p2a: Eternatus
|-damage|p2a: Eternatus|86/100
|
|switch|p1a: Necrozma|Necrozma-Dusk-Mane|100/100|[from]move: U-turn
|-damage|p1a: Necrozma|94/100|[from] Stealth Rock
|
|-weather|RainDance|[upkeep]
|-heal|p2a: Eternatus|92/100|[from] item: Black Sludge
|upkeep
|turn|8
|
|switch|p2a: Corviknight|Corviknight, F|28/100
|-damage|p2a: Corviknight|15/100|[from] Stealth Rock
|-ability|p2a: Corviknight|Pressure
|move|p1a: Necrozma|Trick Room|p1a: Necrozma
|-fieldstart|move: Trick Room|[of] p1a: Necrozma
|
|-weather|RainDance|[upkeep]
|upkeep
|turn|9
|
|move|p1a: Necrozma|Photon Geyser|p2a: Corviknight
|-resisted|p2a: Corviknight
|-damage|p2a: Corviknight|0 fnt
|faint|p2a: Corviknight
|
|-weather|RainDance|[upkeep]
|upkeep
|
|switch|p2a: Lunala|Lunala|100/100
|-damage|p2a: Lunala|88/100|[from] Stealth Rock
|turn|10
|j| nagisa6666
|
|switch|p1a: Pelipper|Pelipper, M|76/100
|-damage|p1a: Pelipper|51/100|[from] Stealth Rock
|move|p2a: Lunala|Defog|p1a: Pelipper
|-unboost|p1a: Pelipper|evasion|1
|-sideend|p1: KyogreF4N|Stealth Rock|[from] move: Defog|[of] p2a: Lunala
|-sideend|p2: Zenadark|Stealth Rock|[from] move: Defog|[of] p2a: Lunala
|
|-weather|RainDance|[upkeep]
|upkeep
|turn|11
|
|move|p1a: Pelipper|U-turn|p2a: Lunala
|-damage|p2a: Lunala|81/100
|
|switch|p1a: Melmetal|Melmetal|100/100|[from]move: U-turn
|move|p2a: Lunala|Trick|p1a: Melmetal
|-activate|p2a: Lunala|move: Trick|[of] p1a: Melmetal
|-item|p1a: Melmetal|Ring Target|[from] move: Trick
|-item|p2a: Lunala|Choice Band|[from] move: Trick
|
|-weather|RainDance|[upkeep]
|upkeep
|turn|12
|
|move|p1a: Melmetal|Double Iron Bash|p2a: Lunala
|-damage|p2a: Lunala|46/100
|-damage|p2a: Lunala|8/100
|-hitcount|p2a: Lunala|2
|cant|p2a: Lunala|flinch
|
|-weather|RainDance|[upkeep]
|-fieldend|move: Trick Room
|upkeep
|turn|13
|
|move|p2a: Lunala|Hex|p1a: Melmetal
|-damage|p1a: Melmetal|71/100
|move|p1a: Melmetal|Double Iron Bash|p2a: Lunala
|-damage|p2a: Lunala|0 fnt
|-hitcount|p2a: Lunala|1
|faint|p2a: Lunala
|
|-weather|RainDance|[upkeep]
|upkeep
|
|switch|p2a: Necrozma|Necrozma-Dusk-Mane|100/100
|turn|14
|
|switch|p1a: Lunala|Lunala|100/100
|move|p2a: Necrozma|Iron Defense|p2a: Necrozma
|-boost|p2a: Necrozma|def|2
|
|-weather|none
|upkeep
|turn|15
|
|switch|p2a: Eternatus|Eternatus|92/100
|-ability|p2a: Eternatus|Pressure
|move|p1a: Lunala|Moongeist Beam|p2a: Eternatus
|-damage|p2a: Eternatus|46/100
|
|-heal|p2a: Eternatus|53/100|[from] item: Black Sludge
|upkeep
|turn|16
|
|move|p2a: Eternatus|Recover|p2a: Eternatus
|-heal|p2a: Eternatus|100/100
|move|p1a: Lunala|Trick Room|p1a: Lunala
|-fieldstart|move: Trick Room|[of] p1a: Lunala
|
|upkeep
|turn|17
|
|switch|p1a: Pelipper|Pelipper, M|51/100
|-weather|RainDance|[from] ability: Drizzle|[of] p1a: Pelipper
|move|p2a: Eternatus|Toxic|p1a: Pelipper
|-status|p1a: Pelipper|tox
|
|-weather|RainDance|[upkeep]
|-damage|p1a: Pelipper|45/100 tox|[from] psn
|upkeep
|turn|18
|
|move|p1a: Pelipper|U-turn|p2a: Eternatus
|-resisted|p2a: Eternatus
|-damage|p2a: Eternatus|98/100
|
|switch|p1a: Melmetal|Melmetal|71/100|[from]move: U-turn
|move|p2a: Eternatus|Dynamax Cannon|p1a: Melmetal
|-resisted|p1a: Melmetal
|-damage|p1a: Melmetal|49/100
|
|-weather|RainDance|[upkeep]
|-heal|p2a: Eternatus|100/100|[from] item: Black Sludge
|upkeep
|turn|19
|
|switch|p2a: Dugtrio|Dugtrio, M|94/100
|move|p1a: Melmetal|Double Iron Bash|p2a: Dugtrio
|-damage|p2a: Dugtrio|0 fnt
|-hitcount|p2a: Dugtrio|1
|faint|p2a: Dugtrio
|
|-weather|RainDance|[upkeep]
|upkeep
|
|switch|p2a: Necrozma|Necrozma-Dusk-Mane|100/100
|turn|20
|
|switch|p1a: Necrozma|Necrozma-Dusk-Mane|94/100
|move|p2a: Necrozma|Calm Mind|p2a: Necrozma
|-boost|p2a: Necrozma|spa|1
|-boost|p2a: Necrozma|spd|1
|
|-weather|RainDance|[upkeep]
|-fieldend|move: Trick Room
|upkeep
|turn|21
|
|move|p2a: Necrozma|Iron Defense|p2a: Necrozma
|-boost|p2a: Necrozma|def|2
|move|p1a: Necrozma|Swords Dance|p1a: Necrozma
|-boost|p1a: Necrozma|atk|2
|
|-weather|RainDance|[upkeep]
|upkeep
|turn|22
|
|move|p2a: Necrozma|Iron Defense|p2a: Necrozma
|-boost|p2a: Necrozma|def|2
|move|p1a: Necrozma|Trick Room|p1a: Necrozma
|-fieldstart|move: Trick Room|[of] p1a: Necrozma
|
|-weather|RainDance|[upkeep]
|upkeep
|turn|23
|
|move|p1a: Necrozma|Swords Dance|p1a: Necrozma
|-boost|p1a: Necrozma|atk|2
|move|p2a: Necrozma|Calm Mind|p2a: Necrozma
|-boost|p2a: Necrozma|spa|1
|-boost|p2a: Necrozma|spd|1
|
|-weather|RainDance|[upkeep]
|upkeep
|turn|24
|
|move|p1a: Necrozma|Earthquake|p2a: Necrozma
|-supereffective|p2a: Necrozma
|-damage|p2a: Necrozma|64/100
|move|p2a: Necrozma|Iron Defense|p2a: Necrozma
|-boost|p2a: Necrozma|def|2
|
|-weather|none
|-heal|p2a: Necrozma|70/100|[from] item: Leftovers
|upkeep
|turn|25
|
|move|p1a: Necrozma|Swords Dance|p1a: Necrozma
|-boost|p1a: Necrozma|atk|2
|move|p2a: Necrozma|Calm Mind|p2a: Necrozma
|-boost|p2a: Necrozma|spa|1
|-boost|p2a: Necrozma|spd|1
|
|-heal|p2a: Necrozma|76/100|[from] item: Leftovers
|upkeep
|turn|26
|
|move|p1a: Necrozma|Earthquake|p2a: Necrozma
|-supereffective|p2a: Necrozma
|-damage|p2a: Necrozma|42/100
|move|p2a: Necrozma|Calm Mind|p2a: Necrozma
|-boost|p2a: Necrozma|spa|1
|-boost|p2a: Necrozma|spd|1
|
|-heal|p2a: Necrozma|48/100|[from] item: Leftovers
|-fieldend|move: Trick Room
|upkeep
|turn|27
|
|move|p2a: Necrozma|Morning Sun|p2a: Necrozma
|-heal|p2a: Necrozma|98/100
|move|p1a: Necrozma|Trick Room|p1a: Necrozma
|-fieldstart|move: Trick Room|[of] p1a: Necrozma
|
|-heal|p2a: Necrozma|100/100|[from] item: Leftovers
|upkeep
|turn|28
|
|move|p1a: Necrozma|Earthquake|p2a: Necrozma
|-supereffective|p2a: Necrozma
|-damage|p2a: Necrozma|66/100
|move|p2a: Necrozma|Calm Mind|p2a: Necrozma
|-boost|p2a: Necrozma|spa|1
|-boost|p2a: Necrozma|spd|1
|
|-heal|p2a: Necrozma|72/100|[from] item: Leftovers
|upkeep
|turn|29
|
|move|p1a: Necrozma|Earthquake|p2a: Necrozma
|-supereffective|p2a: Necrozma
|-damage|p2a: Necrozma|38/100
|move|p2a: Necrozma|Calm Mind|p2a: Necrozma
|-boost|p2a: Necrozma|spa|1
|-boost|p2a: Necrozma|spd|1
|
|-heal|p2a: Necrozma|44/100|[from] item: Leftovers
|upkeep
|turn|30
|
|move|p1a: Necrozma|Earthquake|p2a: Necrozma
|-supereffective|p2a: Necrozma
|-damage|p2a: Necrozma|8/100
|move|p2a: Necrozma|Morning Sun|p2a: Necrozma
|-heal|p2a: Necrozma|58/100
|
|-heal|p2a: Necrozma|64/100|[from] item: Leftovers
|upkeep
|turn|31
|
|move|p1a: Necrozma|Earthquake|p2a: Necrozma
|-supereffective|p2a: Necrozma
|-damage|p2a: Necrozma|27/100
|move|p2a: Necrozma|Morning Sun|p2a: Necrozma
|-heal|p2a: Necrozma|77/100
|
|-heal|p2a: Necrozma|83/100|[from] item: Leftovers
|-fieldend|move: Trick Room
|upkeep
|turn|32
|
|move|p2a: Necrozma|Stored Power|p1a: Necrozma
|-resisted|p1a: Necrozma
|-damage|p1a: Necrozma|0 fnt
|faint|p1a: Necrozma
|
|-heal|p2a: Necrozma|89/100|[from] item: Leftovers
|upkeep
|
|switch|p1a: Lunala|Lunala|100/100
|turn|33
|
|move|p2a: Necrozma|Stored Power|p1a: Lunala
|-resisted|p1a: Lunala
|-damage|p1a: Lunala|0 fnt
|faint|p1a: Lunala
|
|-heal|p2a: Necrozma|95/100|[from] item: Leftovers
|upkeep
|c|☆KyogreF4N|Ptdr
|c|☆KyogreF4N|Rip ma 1ere place
|
|switch|p1a: Pelipper|Pelipper, M|45/100 tox
|-weather|RainDance|[from] ability: Drizzle|[of] p1a: Pelipper
|turn|34
|c|☆Zenadark|dsl
|
|move|p2a: Necrozma|Stored Power|p1a: Pelipper
|-damage|p1a: Pelipper|0 fnt
|faint|p1a: Pelipper
|
|-weather|RainDance|[upkeep]
|-heal|p2a: Necrozma|100/100|[from] item: Leftovers
|upkeep
|
|switch|p1a: Dracovish|Dracovish|100/100
|turn|35
|
|move|p2a: Necrozma|Stored Power|p1a: Dracovish
|-damage|p1a: Dracovish|0 fnt
|faint|p1a: Dracovish
|
|-weather|RainDance|[upkeep]
|upkeep
|
|switch|p1a: Melmetal|Melmetal|49/100
|turn|36
|
|move|p2a: Necrozma|Stored Power|p1a: Melmetal
|-resisted|p1a: Melmetal
|-damage|p1a: Melmetal|0 fnt
|faint|p1a: Melmetal
|
|win|Zenadark
|c|☆Zenadark|gg
|raw|KyogreF4N's rating: 1904 &rarr; <strong>1872</strong><br />(-32 for losing)
|raw|Zenadark's rating: 1680 &rarr; <strong>1711</strong><br />(+31 for winning)
