|j|☆LatiGOD
|j|☆neptune732
|t:|1601441066
|player|p1|LatiGOD|grimsley|1762
|player|p2|neptune732|2|1477
|teamsize|p1|6
|teamsize|p2|6
|gametype|singles
|gen|8
|tier|[Gen 8] Ubers
|rated|
|clearpoke
|poke|p1|Torkoal, M|
|poke|p1|Charizard, M|
|poke|p1|Necrozma-Dusk-Mane|
|poke|p1|Zacian-Crowned|
|poke|p1|Eternatus|
|poke|p1|Lunala|
|poke|p2|Torkoal, F|
|poke|p2|Charizard, M|
|poke|p2|Reshiram|
|poke|p2|Zacian-Crowned|
|poke|p2|Shiftry, F|
|poke|p2|Eternatus|
|rule|Sleep Clause Mod: Limit one foe put to sleep
|rule|Species Clause: Limit one of each Pokémon
|rule|OHKO Clause: OHKO moves are banned
|rule|Evasion Moves Clause: Evasion moves are banned
|rule|Endless Battle Clause: Forcing endless battles is banned
|rule|HP Percentage Mod: HP is shown in percentages
|html|Ubers Dynamax Clause: Pokémon on the <a href="https://www.smogon.com/dex/ss/formats/uber/">Ubers Dynamax Banlist</a> cannot Dynamax.
|teampreview
|c|☆LatiGOD|glhf
|inactive|Battle timer is ON: inactive players will automatically lose when time's up. (requested by LatiGOD)
|
|t:|1601441076
|start
|switch|p1a: Lunala|Lunala|100/100
|switch|p2a: Eternatus|Eternatus|100/100
|-ability|p2a: Eternatus|Pressure
|turn|1
|
|t:|1601441084
|move|p2a: Eternatus|Shadow Ball|p1a: Lunala
|-supereffective|p1a: Lunala
|-damage|p1a: Lunala|39/100
|-damage|p2a: Eternatus|91/100|[from] item: Life Orb
|move|p1a: Lunala|Moongeist Beam|p2a: Eternatus
|-damage|p2a: Eternatus|26/100
|
|upkeep
|turn|2
|
|t:|1601441098
|switch|p1a: Zacian|Zacian-Crowned|100/100
|-ability|p1a: Zacian|Intrepid Sword|boost
|-boost|p1a: Zacian|atk|1
|move|p2a: Eternatus|Shadow Ball|p1a: Zacian
|-damage|p1a: Zacian|63/100
|-damage|p2a: Eternatus|16/100|[from] item: Life Orb
|
|upkeep
|turn|3
|
|t:|1601441110
|switch|p2a: Torkoal|Torkoal, F|100/100
|-weather|SunnyDay|[from] ability: Drought|[of] p2a: Torkoal
|move|p1a: Zacian|Behemoth Blade|p2a: Torkoal
|-resisted|p2a: Torkoal
|-damage|p2a: Torkoal|73/100
|
|-weather|SunnyDay|[upkeep]
|upkeep
|turn|4
|
|t:|1601441119
|switch|p1a: Lunala|Lunala|39/100
|move|p2a: Torkoal|Stealth Rock|p1a: Lunala
|-sidestart|p1: LatiGOD|move: Stealth Rock
|
|-weather|SunnyDay|[upkeep]
|upkeep
|turn|5
|
|t:|1601441128
|switch|p2a: Shiftry|Shiftry, F|100/100
|move|p1a: Lunala|Moongeist Beam|p2a: Shiftry
|-resisted|p2a: Shiftry
|-damage|p2a: Shiftry|24/100
|
|-weather|SunnyDay|[upkeep]
|upkeep
|turn|6
|
|t:|1601441141
|move|p2a: Shiftry|Knock Off|p1a: Lunala
|-supereffective|p1a: Lunala
|-damage|p1a: Lunala|0 fnt
|-enditem|p1a: Lunala|Choice Specs|[from] move: Knock Off|[of] p2a: Shiftry
|-damage|p2a: Shiftry|14/100|[from] item: Life Orb
|faint|p1a: Lunala
|
|-weather|SunnyDay|[upkeep]
|upkeep
|
|t:|1601441145
|switch|p1a: Zacian|Zacian-Crowned|63/100
|-damage|p1a: Zacian|57/100|[from] Stealth Rock
|-ability|p1a: Zacian|Intrepid Sword|boost
|-boost|p1a: Zacian|atk|1
|turn|7
|
|t:|1601441153
|move|p1a: Zacian|Quick Attack|p2a: Shiftry
|-damage|p2a: Shiftry|0 fnt
|faint|p2a: Shiftry
|
|-weather|SunnyDay|[upkeep]
|upkeep
|
|t:|1601441171
|switch|p2a: Reshiram|Reshiram|100/100
|-ability|p2a: Reshiram|Turboblaze
|turn|8
|
|t:|1601441176
|move|p2a: Reshiram|Blue Flare|p1a: Zacian
|-supereffective|p1a: Zacian
|-crit|p1a: Zacian
|-damage|p1a: Zacian|0 fnt
|faint|p1a: Zacian
|
|-weather|SunnyDay|[upkeep]
|upkeep
|
|t:|1601441179
|switch|p1a: Eternatus|Eternatus|100/100
|-damage|p1a: Eternatus|88/100|[from] Stealth Rock
|-ability|p1a: Eternatus|Pressure
|turn|9
|
|t:|1601441186
|switch|p2a: Zacian|Zacian-Crowned|100/100
|-ability|p2a: Zacian|Intrepid Sword|boost
|-boost|p2a: Zacian|atk|1
|move|p1a: Eternatus|Dynamax Cannon|p2a: Zacian
|-immune|p2a: Zacian
|
|-weather|SunnyDay|[upkeep]
|upkeep
|turn|10
|
|t:|1601441194
|switch|p1a: Necrozma|Necrozma-Dusk-Mane|100/100
|-damage|p1a: Necrozma|94/100|[from] Stealth Rock
|move|p2a: Zacian|Behemoth Blade|p1a: Necrozma
|-resisted|p1a: Necrozma
|-damage|p1a: Necrozma|71/100
|-damage|p2a: Zacian|84/100|[from] item: Rocky Helmet|[of] p1a: Necrozma
|
|-weather|none
|upkeep
|turn|11
|
|t:|1601441204
|switch|p2a: Torkoal|Torkoal, F|73/100
|-weather|SunnyDay|[from] ability: Drought|[of] p2a: Torkoal
|move|p1a: Necrozma|Thunder Wave|p2a: Torkoal|[miss]
|-miss|p1a: Necrozma|p2a: Torkoal
|
|-weather|SunnyDay|[upkeep]
|upkeep
|turn|12
|
|t:|1601441216
|move|p1a: Necrozma|Earthquake|p2a: Torkoal
|-supereffective|p2a: Torkoal
|-damage|p2a: Torkoal|35/100
|move|p2a: Torkoal|Yawn|p1a: Necrozma
|-start|p1a: Necrozma|move: Yawn|[of] p2a: Torkoal
|
|-weather|SunnyDay|[upkeep]
|upkeep
|turn|13
|
|t:|1601441226
|switch|p1a: Torkoal|Torkoal, M|100/100
|-damage|p1a: Torkoal|76/100|[from] Stealth Rock
|move|p2a: Torkoal|Lava Plume|p1a: Torkoal
|-resisted|p1a: Torkoal
|-damage|p1a: Torkoal|50/100
|
|-weather|SunnyDay|[upkeep]
|upkeep
|turn|14
|
|t:|1601441239
|move|p2a: Torkoal|Yawn|p1a: Torkoal
|-start|p1a: Torkoal|move: Yawn|[of] p2a: Torkoal
|move|p1a: Torkoal|Rapid Spin|p2a: Torkoal
|-damage|p2a: Torkoal|29/100
|-boost|p1a: Torkoal|spe|1
|-sideend|p1: LatiGOD|Stealth Rock|[from] move: Rapid Spin|[of] p1a: Torkoal
|
|-weather|SunnyDay|[upkeep]
|upkeep
|turn|15
|
|t:|1601441247
|switch|p1a: Charizard|Charizard, M|100/100
|move|p2a: Torkoal|Stealth Rock|p1a: Charizard
|-sidestart|p1: LatiGOD|move: Stealth Rock
|
|-weather|SunnyDay|[upkeep]
|-damage|p1a: Charizard|88/100|[from] ability: Solar Power|[of] p1a: Charizard
|upkeep
|turn|16
|
|t:|1601441267
|-start|p1a: Charizard|Dynamax
|-formechange|p1a: Charizard|Charizard-Gmax
|-heal|p1a: Charizard|88/100|[silent]
|move|p1a: Charizard|Max Airstream|p2a: Torkoal
|-damage|p2a: Torkoal|0 fnt
|-boost|p1a: Charizard|spe|1
|-damage|p1a: Charizard|83/100|[from] item: Life Orb
|faint|p2a: Torkoal
|
|-weather|SunnyDay|[upkeep]
|-damage|p1a: Charizard|77/100|[from] ability: Solar Power|[of] p1a: Charizard
|upkeep
|
|t:|1601441279
|switch|p2a: Charizard|Charizard, M|100/100
|turn|17
|
|t:|1601441283
|-start|p2a: Charizard|Dynamax
|-formechange|p2a: Charizard|Charizard-Gmax
|-heal|p2a: Charizard|100/100|[silent]
|move|p1a: Charizard|Max Airstream|p2a: Charizard
|-damage|p2a: Charizard|22/100
|-boost|p1a: Charizard|spe|1
|-damage|p1a: Charizard|72/100|[from] item: Life Orb
|move|p2a: Charizard|Max Airstream|p1a: Charizard
|-damage|p1a: Charizard|0 fnt
|-boost|p2a: Charizard|spe|1
|-damage|p2a: Charizard|17/100|[from] item: Life Orb
|faint|p1a: Charizard
|
|-weather|SunnyDay|[upkeep]
|-damage|p2a: Charizard|11/100|[from] ability: Solar Power|[of] p2a: Charizard
|upkeep
|
|t:|1601441291
|switch|p1a: Eternatus|Eternatus|88/100
|-damage|p1a: Eternatus|76/100|[from] Stealth Rock
|-ability|p1a: Eternatus|Pressure
|turn|18
|
|t:|1601441304
|move|p1a: Eternatus|Dynamax Cannon|p2a: Charizard
|-damage|p2a: Charizard|0 fnt
|faint|p2a: Charizard
|
|-weather|none
|upkeep
|
|t:|1601441309
|switch|p2a: Zacian|Zacian-Crowned|84/100
|-ability|p2a: Zacian|Intrepid Sword|boost
|-boost|p2a: Zacian|atk|1
|turn|19
|
|t:|1601441320
|switch|p1a: Torkoal|Torkoal, M|50/100
|-damage|p1a: Torkoal|26/100|[from] Stealth Rock
|-weather|SunnyDay|[from] ability: Drought|[of] p1a: Torkoal
|move|p2a: Zacian|Close Combat|p1a: Torkoal
|-damage|p1a: Torkoal|0 fnt
|-unboost|p2a: Zacian|def|1
|-unboost|p2a: Zacian|spd|1
|faint|p1a: Torkoal
|
|-weather|SunnyDay|[upkeep]
|upkeep
|
|t:|1601441323
|switch|p1a: Necrozma|Necrozma-Dusk-Mane|71/100
|-damage|p1a: Necrozma|65/100|[from] Stealth Rock
|turn|20
|
|t:|1601441336
|switch|p2a: Eternatus|Eternatus|16/100
|-ability|p2a: Eternatus|Pressure
|move|p1a: Necrozma|Thunder Wave|p2a: Eternatus
|-status|p2a: Eternatus|par
|
|-weather|SunnyDay|[upkeep]
|upkeep
|turn|21
|
|t:|1601441344
|cant|p2a: Eternatus|par
|move|p1a: Necrozma|Earthquake|p2a: Eternatus
|-supereffective|p2a: Eternatus
|-crit|p2a: Eternatus
|-damage|p2a: Eternatus|0 fnt
|faint|p2a: Eternatus
|
|-weather|SunnyDay|[upkeep]
|upkeep
|
|t:|1601441351
|switch|p2a: Reshiram|Reshiram|100/100
|-ability|p2a: Reshiram|Turboblaze
|turn|22
|
|t:|1601441356
|switch|p1a: Eternatus|Eternatus|76/100
|-damage|p1a: Eternatus|63/100|[from] Stealth Rock
|-ability|p1a: Eternatus|Pressure
|move|p2a: Reshiram|Blue Flare|p1a: Eternatus
|-resisted|p1a: Eternatus
|-damage|p1a: Eternatus|14/100
|
|-weather|SunnyDay|[upkeep]
|upkeep
|turn|23
|
|t:|1601441370
|switch|p1a: Necrozma|Necrozma-Dusk-Mane|65/100
|-damage|p1a: Necrozma|59/100|[from] Stealth Rock
|switch|p2a: Zacian|Zacian-Crowned|84/100
|-ability|p2a: Zacian|Intrepid Sword|boost
|-boost|p2a: Zacian|atk|1
|
|-weather|SunnyDay|[upkeep]
|upkeep
|turn|24
|
|t:|1601441380
|move|p2a: Zacian|Close Combat|p1a: Necrozma
|-damage|p1a: Necrozma|16/100
|-unboost|p2a: Zacian|def|1
|-unboost|p2a: Zacian|spd|1
|-damage|p2a: Zacian|67/100|[from] item: Rocky Helmet|[of] p1a: Necrozma
|move|p1a: Necrozma|Thunder Wave|p2a: Zacian
|-status|p2a: Zacian|par
|
|-weather|SunnyDay|[upkeep]
|upkeep
|turn|25
|
|t:|1601441404
|cant|p2a: Zacian|par
|move|p1a: Necrozma|Earthquake|p2a: Zacian
|-supereffective|p2a: Zacian
|-damage|p2a: Zacian|0 fnt
|faint|p2a: Zacian
|
|-weather|SunnyDay|[upkeep]
|upkeep
|
|t:|1601441415
|switch|p2a: Reshiram|Reshiram|100/100
|-ability|p2a: Reshiram|Turboblaze
|turn|26
|
|t:|1601441421
|move|p2a: Reshiram|Earth Power|p1a: Necrozma
|-supereffective|p1a: Necrozma
|-damage|p1a: Necrozma|0 fnt
|faint|p1a: Necrozma
|
|-weather|none
|upkeep
|
|t:|1601441438
|switch|p1a: Eternatus|Eternatus|14/100
|-damage|p1a: Eternatus|1/100|[from] Stealth Rock
|-ability|p1a: Eternatus|Pressure
|turn|27
|
|t:|1601441447
|move|p1a: Eternatus|Dynamax Cannon|p2a: Reshiram
|-supereffective|p2a: Reshiram
|-damage|p2a: Reshiram|0 fnt
|faint|p2a: Reshiram
|
|win|LatiGOD
|raw|LatiGOD's rating: 1762 &rarr; <strong>1768</strong><br />(+6 for winning)
|raw|neptune732's rating: 1477 &rarr; <strong>1470</strong><br />(-7 for losing)
|l|☆neptune732
