|raw|<div class="broadcast-blue"><strong>This battle is required to be public due to a player having a name starting with 'ULT8RQ'.</div>
|j|☆ULT8RQ Lund
|j|☆ULT8RQ KB
|t:|1621008643
|gametype|singles
|player|p1|ULT8RQ Lund|1|1633
|player|p2|ULT8RQ KB|265|1580
|teamsize|p1|6
|teamsize|p2|6
|gen|8
|tier|[Gen 8] Ubers
|rated|
|rule|Sleep Clause Mod: Limit one foe put to sleep
|rule|Species Clause: Limit one of each Pokémon
|rule|OHKO Clause: OHKO moves are banned
|rule|Evasion Moves Clause: Evasion moves are banned
|rule|Endless Battle Clause: Forcing endless battles is banned
|rule|HP Percentage Mod: HP is shown in percentages
|rule|Dynamax Clause: You cannot dynamax
|clearpoke
|poke|p1|Zacian-*|
|poke|p1|Tyranitar, M|
|poke|p1|Ho-Oh|
|poke|p1|Palkia|
|poke|p1|Yveltal|
|poke|p1|Zygarde|
|poke|p2|Slurpuff, F|
|poke|p2|Yveltal|
|poke|p2|Zacian-*|
|poke|p2|Eternatus|
|poke|p2|Marshadow|
|poke|p2|Necrozma-Dusk-Mane|
|teampreview
|inactive|Battle timer is ON: inactive players will automatically lose when time's up. (requested by ULT8RQ KB)
|
|t:|1621008678
|start
|switch|p1a: Ho-Oh|Ho-Oh|100/100
|switch|p2a: Slurpuff|Slurpuff, F|100/100
|turn|1
|
|t:|1621008691
|move|p2a: Slurpuff|Sticky Web|p1a: Ho-Oh
|-sidestart|p1: ULT8RQ Lund|move: Sticky Web
|move|p1a: Ho-Oh|Sacred Fire|p2a: Slurpuff
|-damage|p2a: Slurpuff|37/100
|-status|p2a: Slurpuff|brn
|
|-damage|p2a: Slurpuff|31/100 brn|[from] brn
|upkeep
|turn|2
|
|t:|1621008696
|move|p2a: Slurpuff|Misty Explosion|p1a: Ho-Oh
|-resisted|p1a: Ho-Oh
|-damage|p1a: Ho-Oh|90/100
|faint|p2a: Slurpuff
|move|p1a: Ho-Oh|Defog|p2: Slurpuff|[notarget]
|-fail|p1a: Ho-Oh
|
|upkeep
|
|t:|1621008722
|switch|p2a: Eternatus|Eternatus|100/100
|-ability|p2a: Eternatus|Pressure
|turn|3
|
|t:|1621008738
|switch|p1a: Zygarde|Zygarde|100/100
|-activate|p1a: Zygarde|move: Sticky Web
|-unboost|p1a: Zygarde|spe|1
|move|p2a: Eternatus|Meteor Beam||[still]
|-prepare|p2a: Eternatus|Meteor Beam
|-boost|p2a: Eternatus|spa|1
|-enditem|p2a: Eternatus|Power Herb
|-anim|p2a: Eternatus|Meteor Beam|p1a: Zygarde
|-resisted|p1a: Zygarde
|-crit|p1a: Zygarde
|-damage|p1a: Zygarde|52/100
|
|-heal|p1a: Zygarde|58/100|[from] item: Leftovers
|upkeep
|turn|4
|j| ULT8RQ muk
|
|t:|1621008742
|switch|p1a: Zacian|Zacian|100/100
|-activate|p1a: Zacian|move: Sticky Web
|-unboost|p1a: Zacian|spe|1
|-ability|p1a: Zacian|Intrepid Sword|boost
|-boost|p1a: Zacian|atk|1
|move|p2a: Eternatus|Dynamax Cannon|p1a: Zacian
|-immune|p1a: Zacian
|
|upkeep
|turn|5
|
|t:|1621008745
|move|p2a: Eternatus|Sludge Bomb|p1a: Zacian
|-supereffective|p1a: Zacian
|-damage|p1a: Zacian|0 fnt
|faint|p1a: Zacian
|
|upkeep
|
|t:|1621008764
|switch|p1a: Ho-Oh|Ho-Oh|100/100
|turn|6
|j| ULT8RQ HowToUbers
|
|t:|1621008775
|move|p2a: Eternatus|Meteor Beam||[still]
|-prepare|p2a: Eternatus|Meteor Beam
|-boost|p2a: Eternatus|spa|1
|move|p1a: Ho-Oh|Whirlwind|p2a: Eternatus
|drag|p2a: Necrozma|Necrozma-Dusk-Mane|100/100
|
|upkeep
|turn|7
|
|t:|1621008781
|move|p2a: Necrozma|Stone Edge|p1a: Ho-Oh
|-supereffective|p1a: Ho-Oh
|-damage|p1a: Ho-Oh|0 fnt
|faint|p1a: Ho-Oh
|-damage|p2a: Necrozma|91/100|[from] item: Life Orb
|
|upkeep
|
|t:|1621008785
|switch|p1a: Yveltal|Yveltal|100/100
|-ability|p1a: Yveltal|Dark Aura
|turn|8
|
|t:|1621008792
|switch|p2a: Eternatus|Eternatus|100/100
|-ability|p2a: Eternatus|Pressure
|move|p1a: Yveltal|Knock Off|p2a: Eternatus
|-damage|p2a: Eternatus|58/100
|-damage|p1a: Yveltal|91/100|[from] item: Life Orb
|
|upkeep
|turn|9
|
|t:|1621008795
|move|p2a: Eternatus|Sludge Bomb|p1a: Yveltal
|-damage|p1a: Yveltal|43/100
|move|p1a: Yveltal|Dark Pulse|p2a: Eternatus
|-damage|p2a: Eternatus|0 fnt
|faint|p2a: Eternatus
|-damage|p1a: Yveltal|33/100|[from] item: Life Orb
|
|upkeep
|
|t:|1621008803
|switch|p2a: Zacian|Zacian|100/100
|-ability|p2a: Zacian|Intrepid Sword|boost
|-boost|p2a: Zacian|atk|1
|turn|10
|
|t:|1621008808
|move|p2a: Zacian|Play Rough|p1a: Yveltal
|-supereffective|p1a: Yveltal
|-damage|p1a: Yveltal|0 fnt
|faint|p1a: Yveltal
|-damage|p2a: Zacian|91/100|[from] item: Life Orb
|
|upkeep
|
|t:|1621008810
|switch|p1a: Palkia|Palkia|100/100
|-activate|p1a: Palkia|move: Sticky Web
|-unboost|p1a: Palkia|spe|1
|-ability|p1a: Palkia|Pressure
|turn|11
|
|t:|1621008812
|move|p2a: Zacian|Play Rough|p1a: Palkia
|-supereffective|p1a: Palkia
|-damage|p1a: Palkia|0 fnt
|faint|p1a: Palkia
|-damage|p2a: Zacian|81/100|[from] item: Life Orb
|
|upkeep
|
|t:|1621008816
|switch|p1a: Zygarde|Zygarde|58/100
|-activate|p1a: Zygarde|move: Sticky Web
|-unboost|p1a: Zygarde|spe|1
|turn|12
|
|t:|1621008819
|move|p2a: Zacian|Play Rough|p1a: Zygarde
|-supereffective|p1a: Zygarde
|-damage|p1a: Zygarde|0 fnt
|faint|p1a: Zygarde
|-damage|p2a: Zacian|71/100|[from] item: Life Orb
|
|upkeep
|-message|ULT8RQ Lund forfeited.
|
|win|ULT8RQ KB
|l|☆ULT8RQ Lund
|raw|ULT8RQ Lund's rating: 1646 &rarr; <strong>1622</strong><br />(-24 for losing)
|raw|ULT8RQ KB's rating: 1580 &rarr; <strong>1604</strong><br />(+24 for winning)
|l|☆ULT8RQ KB
|l| ULT8RQ HowToUbers
|j| fardin
||Ladder isn't responding, score probably updated but might not have (Request timeout).
