|j|☆TheNorthernBlade1
|j|☆Fbaiqojdhcksow
|t:|1624311339
|gametype|singles
|player|p1|TheNorthernBlade1|101|1520
|player|p2|Fbaiqojdhcksow|benga|1536
|teamsize|p1|6
|teamsize|p2|6
|gen|8
|tier|[Gen 8] Ubers
|rated|
|rule|Sleep Clause Mod: Limit one foe put to sleep
|rule|Species Clause: Limit one of each Pokémon
|rule|OHKO Clause: OHKO moves are banned
|rule|Evasion Moves Clause: Evasion moves are banned
|rule|Endless Battle Clause: Forcing endless battles is banned
|rule|HP Percentage Mod: HP is shown in percentages
|rule|Dynamax Clause: You cannot dynamax
|clearpoke
|poke|p1|Groudon|
|poke|p1|Eternatus|
|poke|p1|Necrozma-Dusk-Mane|
|poke|p1|Yveltal|
|poke|p1|Zygarde|
|poke|p1|Weavile, M|
|poke|p2|Ho-Oh|
|poke|p2|Groudon|
|poke|p2|Ferrothorn, F|
|poke|p2|Calyrex-Shadow|
|poke|p2|Yveltal|
|poke|p2|Eternatus|
|teampreview
|j| walxh
|inactive|Battle timer is ON: inactive players will automatically lose when time's up. (requested by TheNorthernBlade1)
|
|t:|1624311370
|start
|switch|p1a: Yveltal|Yveltal|100/100
|switch|p2a: Groudon|Groudon|100/100
|-ability|p1a: Yveltal|Dark Aura
|-weather|SunnyDay|[from] ability: Drought|[of] p2a: Groudon
|turn|1
|
|t:|1624311376
|move|p1a: Yveltal|Knock Off|p2a: Groudon
|-damage|p2a: Groudon|66/100
|-enditem|p2a: Groudon|Leftovers|[from] move: Knock Off|[of] p1a: Yveltal
|move|p2a: Groudon|Stone Edge|p1a: Yveltal
|-supereffective|p1a: Yveltal
|-damage|p1a: Yveltal|31/100
|
|-weather|SunnyDay|[upkeep]
|upkeep
|turn|2
|
|t:|1624311379
|move|p1a: Yveltal|Roost|p1a: Yveltal
|-heal|p1a: Yveltal|82/100
|-singleturn|p1a: Yveltal|move: Roost
|move|p2a: Groudon|Toxic|p1a: Yveltal
|-status|p1a: Yveltal|tox
|
|-weather|SunnyDay|[upkeep]
|-damage|p1a: Yveltal|75/100 tox|[from] psn
|upkeep
|turn|3
|
|t:|1624311382
|move|p1a: Yveltal|U-turn|p2a: Groudon
|-damage|p2a: Groudon|54/100
|
|t:|1624311385
|switch|p1a: Zygarde|Zygarde|100/100|[from]move: U-turn
|move|p2a: Groudon|Stealth Rock|p1a: Zygarde
|-sidestart|p1: TheNorthernBlade1|move: Stealth Rock
|
|-weather|SunnyDay|[upkeep]
|upkeep
|turn|4
|
|t:|1624311388
|move|p1a: Zygarde|Coil|p1a: Zygarde
|-boost|p1a: Zygarde|atk|1
|-boost|p1a: Zygarde|def|1
|-boost|p1a: Zygarde|accuracy|1
|move|p2a: Groudon|Toxic|p1a: Zygarde
|-status|p1a: Zygarde|tox
|
|-weather|SunnyDay|[upkeep]
|-damage|p1a: Zygarde|94/100 tox|[from] psn
|upkeep
|turn|5
|
|t:|1624311391
|switch|p2a: Ferrothorn|Ferrothorn, F|100/100
|move|p1a: Zygarde|Glare|p2a: Ferrothorn
|-status|p2a: Ferrothorn|par
|
|-weather|none
|-heal|p1a: Zygarde|100/100 tox|[from] item: Leftovers
|-damage|p1a: Zygarde|88/100 tox|[from] psn
|upkeep
|turn|6
|
|t:|1624311396
|move|p1a: Zygarde|Coil|p1a: Zygarde
|-boost|p1a: Zygarde|atk|1
|-boost|p1a: Zygarde|def|1
|-boost|p1a: Zygarde|accuracy|1
|move|p2a: Ferrothorn|Leech Seed|p1a: Zygarde
|-start|p1a: Zygarde|move: Leech Seed
|
|-heal|p1a: Zygarde|94/100 tox|[from] item: Leftovers
|-damage|p1a: Zygarde|82/100 tox|[from] Leech Seed|[of] p2a: Ferrothorn
|-damage|p1a: Zygarde|63/100 tox|[from] psn
|upkeep
|turn|7
|
|t:|1624311399
|move|p1a: Zygarde|Thousand Arrows|p2a: Ferrothorn
|-damage|p2a: Ferrothorn|64/100 par
|cant|p2a: Ferrothorn|par
|
|-heal|p1a: Zygarde|70/100 tox|[from] item: Leftovers
|-heal|p2a: Ferrothorn|70/100 par|[from] item: Leftovers
|-damage|p1a: Zygarde|57/100 tox|[from] Leech Seed|[of] p2a: Ferrothorn
|-heal|p2a: Ferrothorn|84/100 par|[silent]
|-damage|p1a: Zygarde|33/100 tox|[from] psn
|-activate|p1a: Zygarde|ability: Power Construct
|detailschange|p1a: Zygarde|Zygarde-Complete
|-heal|p1a: Zygarde|56/100 tox|[silent]
|upkeep
|turn|8
|
|t:|1624311403
|move|p1a: Zygarde|Thousand Arrows|p2a: Ferrothorn
|-damage|p2a: Ferrothorn|47/100 par
|move|p2a: Ferrothorn|Knock Off|p1a: Zygarde
|-damage|p1a: Zygarde|53/100 tox
|-enditem|p1a: Zygarde|Leftovers|[from] move: Knock Off|[of] p2a: Ferrothorn
|
|-heal|p2a: Ferrothorn|54/100 par|[from] item: Leftovers
|-damage|p1a: Zygarde|40/100 tox|[from] Leech Seed|[of] p2a: Ferrothorn
|-heal|p2a: Ferrothorn|76/100 par|[silent]
|-damage|p1a: Zygarde|9/100 tox|[from] psn
|upkeep
|turn|9
|
|t:|1624311406
|move|p1a: Zygarde|Rest|p1a: Zygarde
|-status|p1a: Zygarde|slp|[from] move: Rest
|-heal|p1a: Zygarde|100/100 slp|[silent]
|move|p2a: Ferrothorn|Spikes|p1a: Zygarde
|-sidestart|p1: TheNorthernBlade1|Spikes
|
|-heal|p2a: Ferrothorn|82/100 par|[from] item: Leftovers
|-damage|p1a: Zygarde|88/100 slp|[from] Leech Seed|[of] p2a: Ferrothorn
|-heal|p2a: Ferrothorn|100/100 par|[silent]
|upkeep
|turn|10
|
|t:|1624311410
|switch|p2a: Calyrex|Calyrex-Shadow|100/100
|-ability|p2a: Calyrex|As One
|-ability|p2a: Calyrex|Unnerve
|cant|p1a: Zygarde|slp
|
|-damage|p1a: Zygarde|75/100 slp|[from] Leech Seed|[of] p2a: Calyrex
|upkeep
|turn|11
|
|t:|1624311417
|switch|p1a: Yveltal|Yveltal|75/100 tox
|-ability|p1a: Yveltal|Dark Aura
|move|p2a: Calyrex|Astral Barrage|p1a: Yveltal
|-resisted|p1a: Yveltal
|-damage|p1a: Yveltal|42/100 tox
|-damage|p2a: Calyrex|91/100|[from] item: Life Orb
|
|-damage|p1a: Yveltal|36/100 tox|[from] psn
|upkeep
|turn|12
|
|t:|1624311425
|switch|p2a: Eternatus|Eternatus|100/100
|-ability|p2a: Eternatus|Pressure
|move|p1a: Yveltal|Roost|p1a: Yveltal
|-heal|p1a: Yveltal|86/100 tox
|-singleturn|p1a: Yveltal|move: Roost
|
|-damage|p1a: Yveltal|74/100 tox|[from] psn
|upkeep
|turn|13
|
|t:|1624311429
|move|p2a: Eternatus|Mystical Fire|p1a: Yveltal
|-damage|p1a: Yveltal|58/100 tox
|-unboost|p1a: Yveltal|spa|1
|move|p1a: Yveltal|Defog|p2a: Eternatus
|-unboost|p2a: Eternatus|evasion|1
|-sideend|p1: TheNorthernBlade1|Spikes|[from] move: Defog|[of] p1a: Yveltal
|-sideend|p1: TheNorthernBlade1|Stealth Rock|[from] move: Defog|[of] p1a: Yveltal
|
|-damage|p1a: Yveltal|39/100 tox|[from] psn
|upkeep
|turn|14
|
|t:|1624311435
|switch|p1a: Necrozma|Necrozma-Dusk-Mane|100/100
|move|p2a: Eternatus|Draco Meteor|p1a: Necrozma
|-resisted|p1a: Necrozma
|-damage|p1a: Necrozma|82/100
|-unboost|p2a: Eternatus|spa|2
|
|-heal|p1a: Necrozma|88/100|[from] item: Leftovers
|upkeep
|turn|15
|
|t:|1624311439
|switch|p2a: Ho-Oh|Ho-Oh|100/100
|move|p1a: Necrozma|Stealth Rock|p2a: Ho-Oh
|-sidestart|p2: Fbaiqojdhcksow|move: Stealth Rock
|
|-heal|p1a: Necrozma|94/100|[from] item: Leftovers
|upkeep
|turn|16
|
|t:|1624311448
|move|p2a: Ho-Oh|Sacred Fire|p1a: Necrozma
|-supereffective|p1a: Necrozma
|-damage|p1a: Necrozma|36/100
|-status|p1a: Necrozma|brn
|move|p1a: Necrozma|Thunder Wave|p2a: Ho-Oh
|-status|p2a: Ho-Oh|par
|
|-heal|p1a: Necrozma|42/100 brn|[from] item: Leftovers
|-damage|p1a: Necrozma|36/100 brn|[from] brn
|upkeep
|turn|17
|
|t:|1624311454
|move|p1a: Necrozma|Morning Sun|p1a: Necrozma
|-heal|p1a: Necrozma|86/100 brn
|move|p2a: Ho-Oh|Defog|p1a: Necrozma
|-unboost|p1a: Necrozma|evasion|1
|-sideend|p2: Fbaiqojdhcksow|Stealth Rock|[from] move: Defog|[of] p2a: Ho-Oh
|
|-heal|p1a: Necrozma|92/100 brn|[from] item: Leftovers
|-damage|p1a: Necrozma|86/100 brn|[from] brn
|upkeep
|turn|18
|
|t:|1624311461
|switch|p2a: Ferrothorn|Ferrothorn, F|100/100 par
|move|p1a: Necrozma|Stealth Rock|p2a: Ferrothorn
|-sidestart|p2: Fbaiqojdhcksow|move: Stealth Rock
|
|-heal|p1a: Necrozma|92/100 brn|[from] item: Leftovers
|-damage|p1a: Necrozma|86/100 brn|[from] brn
|upkeep
|turn|19
|
|t:|1624311469
|switch|p1a: Eternatus|Eternatus|100/100
|-ability|p1a: Eternatus|Pressure
|move|p2a: Ferrothorn|Spikes|p1a: Eternatus
|-sidestart|p1: TheNorthernBlade1|Spikes
|
|upkeep
|turn|20
|
|t:|1624311474
|switch|p1a: Yveltal|Yveltal|39/100 tox
|-ability|p1a: Yveltal|Dark Aura
|switch|p2a: Ho-Oh|Ho-Oh|100/100 par
|
|-damage|p1a: Yveltal|33/100 tox|[from] psn
|upkeep
|turn|21
|
|t:|1624311497
|move|p1a: Yveltal|Roost|p1a: Yveltal
|-heal|p1a: Yveltal|83/100 tox
|-singleturn|p1a: Yveltal|move: Roost
|move|p2a: Ho-Oh|Sacred Fire|p1a: Yveltal|[miss]
|-miss|p2a: Ho-Oh|p1a: Yveltal
|
|-damage|p1a: Yveltal|71/100 tox|[from] psn
|upkeep
|turn|22
|
|t:|1624311504
|move|p1a: Yveltal|Knock Off|p2a: Ho-Oh
|-damage|p2a: Ho-Oh|47/100 par
|-enditem|p2a: Ho-Oh|Heavy-Duty Boots|[from] move: Knock Off|[of] p1a: Yveltal
|cant|p2a: Ho-Oh|par
|
|-damage|p1a: Yveltal|52/100 tox|[from] psn
|upkeep
|turn|23
|
|t:|1624311509
|move|p1a: Yveltal|Roost|p1a: Yveltal
|-heal|p1a: Yveltal|100/100 tox
|-singleturn|p1a: Yveltal|move: Roost
|move|p2a: Ho-Oh|Roost|p2a: Ho-Oh
|-heal|p2a: Ho-Oh|98/100 par
|-singleturn|p2a: Ho-Oh|move: Roost
|
|-damage|p1a: Yveltal|76/100 tox|[from] psn
|upkeep
|turn|24
|
|t:|1624311512
|move|p1a: Yveltal|U-turn|p2a: Ho-Oh
|-resisted|p2a: Ho-Oh
|-damage|p2a: Ho-Oh|93/100 par
|
|t:|1624311519
|switch|p1a: Zygarde|Zygarde-Complete|75/100 slp|[from]move: U-turn
|-damage|p1a: Zygarde|63/100 slp|[from] Spikes
|move|p2a: Ho-Oh|Brave Bird|p1a: Zygarde
|-damage|p1a: Zygarde|38/100 slp
|-damage|p2a: Ho-Oh|81/100 par|[from] Recoil
|
|upkeep
|turn|25
|
|t:|1624311534
|switch|p2a: Ferrothorn|Ferrothorn, F|100/100 par
|-damage|p2a: Ferrothorn|94/100 par|[from] Stealth Rock
|cant|p1a: Zygarde|slp
|
|-heal|p2a: Ferrothorn|100/100 par|[from] item: Leftovers
|upkeep
|turn|26
|
|t:|1624311540
|switch|p1a: Groudon|Groudon|100/100
|-damage|p1a: Groudon|88/100|[from] Spikes
|-weather|SunnyDay|[from] ability: Drought|[of] p1a: Groudon
|move|p2a: Ferrothorn|Leech Seed|p1a: Groudon
|-start|p1a: Groudon|move: Leech Seed
|
|-weather|SunnyDay|[upkeep]
|-heal|p1a: Groudon|94/100|[from] item: Leftovers
|-damage|p1a: Groudon|82/100|[from] Leech Seed|[of] p2a: Ferrothorn
|upkeep
|turn|27
|
|t:|1624311561
|switch|p1a: Necrozma|Necrozma-Dusk-Mane|86/100 brn
|-damage|p1a: Necrozma|74/100 brn|[from] Spikes
|switch|p2a: Groudon|Groudon|54/100
|-damage|p2a: Groudon|48/100|[from] Stealth Rock
|
|-weather|SunnyDay|[upkeep]
|-heal|p1a: Necrozma|80/100 brn|[from] item: Leftovers
|-damage|p1a: Necrozma|74/100 brn|[from] brn
|upkeep
|turn|28
|
|t:|1624311580
|switch|p1a: Zygarde|Zygarde-Complete|38/100 slp
|-damage|p1a: Zygarde|26/100 slp|[from] Spikes
|move|p2a: Groudon|Earthquake|p1a: Zygarde
|-damage|p1a: Zygarde|3/100 slp
|
|-weather|SunnyDay|[upkeep]
|upkeep
|turn|29
|
|t:|1624311590
|-curestatus|p1a: Zygarde|slp|[msg]
|move|p1a: Zygarde|Rest|p1a: Zygarde
|-status|p1a: Zygarde|slp|[from] move: Rest
|-heal|p1a: Zygarde|100/100 slp|[silent]
|move|p2a: Groudon|Stone Edge|p1a: Zygarde
|-resisted|p1a: Zygarde
|-damage|p1a: Zygarde|93/100 slp
|
|-weather|SunnyDay|[upkeep]
|upkeep
|turn|30
|
|t:|1624311594
|cant|p1a: Zygarde|slp
|move|p2a: Groudon|Earthquake|p1a: Zygarde
|-damage|p1a: Zygarde|73/100 slp
|
|-weather|none
|upkeep
|turn|31
|
|t:|1624311596
|cant|p1a: Zygarde|slp
|move|p2a: Groudon|Earthquake|p1a: Zygarde
|-damage|p1a: Zygarde|50/100 slp
|
|upkeep
|turn|32
|
|t:|1624311598
|-curestatus|p1a: Zygarde|slp|[msg]
|move|p1a: Zygarde|Glare|p2a: Groudon
|-status|p2a: Groudon|par
|move|p2a: Groudon|Stealth Rock|p1a: Zygarde
|-sidestart|p1: TheNorthernBlade1|move: Stealth Rock
|
|upkeep
|turn|33
|
|t:|1624311604
|switch|p2a: Ferrothorn|Ferrothorn, F|100/100 par
|-damage|p2a: Ferrothorn|94/100 par|[from] Stealth Rock
|move|p1a: Zygarde|Thousand Arrows|p2a: Ferrothorn
|-damage|p2a: Ferrothorn|75/100 par
|
|-heal|p2a: Ferrothorn|81/100 par|[from] item: Leftovers
|upkeep
|turn|34
|
|t:|1624311608
|move|p1a: Zygarde|Coil|p1a: Zygarde
|-boost|p1a: Zygarde|atk|1
|-boost|p1a: Zygarde|def|1
|-boost|p1a: Zygarde|accuracy|1
|move|p2a: Ferrothorn|Leech Seed|p1a: Zygarde|[miss]
|-miss|p2a: Ferrothorn|p1a: Zygarde
|
|-heal|p2a: Ferrothorn|87/100 par|[from] item: Leftovers
|upkeep
|turn|35
|
|t:|1624311611
|move|p1a: Zygarde|Thousand Arrows|p2a: Ferrothorn
|-damage|p2a: Ferrothorn|58/100 par
|cant|p2a: Ferrothorn|par
|
|-heal|p2a: Ferrothorn|64/100 par|[from] item: Leftovers
|upkeep
|turn|36
|
|t:|1624311614
|move|p1a: Zygarde|Thousand Arrows|p2a: Ferrothorn
|-damage|p2a: Ferrothorn|36/100 par
|cant|p2a: Ferrothorn|par
|
|-heal|p2a: Ferrothorn|42/100 par|[from] item: Leftovers
|upkeep
|turn|37
|
|t:|1624311616
|move|p1a: Zygarde|Thousand Arrows|p2a: Ferrothorn
|-damage|p2a: Ferrothorn|13/100 par
|move|p2a: Ferrothorn|Leech Seed|p1a: Zygarde
|-start|p1a: Zygarde|move: Leech Seed
|
|-heal|p2a: Ferrothorn|20/100 par|[from] item: Leftovers
|-damage|p1a: Zygarde|37/100|[from] Leech Seed|[of] p2a: Ferrothorn
|-heal|p2a: Ferrothorn|42/100 par|[silent]
|upkeep
|turn|38
|
|t:|1624311623
|switch|p1a: Yveltal|Yveltal|76/100 tox
|-ability|p1a: Yveltal|Dark Aura
|move|p2a: Ferrothorn|Spikes|p1a: Yveltal
|-sidestart|p1: TheNorthernBlade1|Spikes
|
|-heal|p2a: Ferrothorn|48/100 par|[from] item: Leftovers
|-damage|p1a: Yveltal|70/100 tox|[from] psn
|upkeep
|turn|39
|
|t:|1624311626
|move|p1a: Yveltal|Defog|p2a: Ferrothorn
|-unboost|p2a: Ferrothorn|evasion|1
|-sideend|p2: Fbaiqojdhcksow|Stealth Rock|[from] move: Defog|[of] p1a: Yveltal
|-sideend|p1: TheNorthernBlade1|Spikes|[from] move: Defog|[of] p1a: Yveltal
|-sideend|p1: TheNorthernBlade1|Stealth Rock|[from] move: Defog|[of] p1a: Yveltal
|cant|p2a: Ferrothorn|par
|
|-heal|p2a: Ferrothorn|54/100 par|[from] item: Leftovers
|-damage|p1a: Yveltal|57/100 tox|[from] psn
|upkeep
|turn|40
|
|t:|1624311631
|switch|p2a: Ho-Oh|Ho-Oh|100/100 par
|move|p1a: Yveltal|Knock Off|p2a: Ho-Oh
|-damage|p2a: Ho-Oh|68/100 par
|
|-damage|p1a: Yveltal|39/100 tox|[from] psn
|upkeep
|turn|41
|
|t:|1624311635
|switch|p2a: Calyrex|Calyrex-Shadow|91/100
|-ability|p2a: Calyrex|As One
|-ability|p2a: Calyrex|Unnerve
|move|p1a: Yveltal|Roost|p1a: Yveltal
|-heal|p1a: Yveltal|89/100 tox
|-singleturn|p1a: Yveltal|move: Roost
|
|-damage|p1a: Yveltal|64/100 tox|[from] psn
|upkeep
|turn|42
|
|t:|1624311639
|switch|p2a: Ho-Oh|Ho-Oh|100/100 par
|move|p1a: Yveltal|U-turn|p2a: Ho-Oh
|-resisted|p2a: Ho-Oh
|-damage|p2a: Ho-Oh|96/100 par
|
|t:|1624311642
|switch|p1a: Groudon|Groudon|82/100|[from]move: U-turn
|-weather|SunnyDay|[from] ability: Drought|[of] p1a: Groudon
|
|-weather|SunnyDay|[upkeep]
|-heal|p1a: Groudon|88/100|[from] item: Leftovers
|upkeep
|turn|43
|
|t:|1624311648
|switch|p2a: Ferrothorn|Ferrothorn, F|54/100 par
|move|p1a: Groudon|Swords Dance|p1a: Groudon
|-boost|p1a: Groudon|atk|2
|
|-weather|SunnyDay|[upkeep]
|-heal|p1a: Groudon|94/100|[from] item: Leftovers
|-heal|p2a: Ferrothorn|60/100 par|[from] item: Leftovers
|upkeep
|turn|44
|
|t:|1624311655
|switch|p2a: Yveltal|Yveltal|100/100
|-ability|p2a: Yveltal|Dark Aura
|move|p1a: Groudon|Heat Crash|p2a: Yveltal
|-damage|p2a: Yveltal|3/100
|
|-weather|SunnyDay|[upkeep]
|-heal|p1a: Groudon|100/100|[from] item: Leftovers
|upkeep
|turn|45
|
|t:|1624311660
|switch|p1a: Yveltal|Yveltal|64/100 tox
|-ability|p1a: Yveltal|Dark Aura
|move|p2a: Yveltal|Knock Off|p1a: Yveltal
|-resisted|p1a: Yveltal
|-damage|p1a: Yveltal|36/100 tox
|-enditem|p1a: Yveltal|Heavy-Duty Boots|[from] move: Knock Off|[of] p2a: Yveltal
|
|-weather|SunnyDay|[upkeep]
|-damage|p1a: Yveltal|30/100 tox|[from] psn
|upkeep
|turn|46
|
|t:|1624311665
|move|p1a: Yveltal|Roost|p1a: Yveltal
|-heal|p1a: Yveltal|80/100 tox
|-singleturn|p1a: Yveltal|move: Roost
|move|p2a: Yveltal|Roost|p2a: Yveltal
|-heal|p2a: Yveltal|53/100
|-singleturn|p2a: Yveltal|move: Roost
|
|-weather|none
|-damage|p1a: Yveltal|68/100 tox|[from] psn
|upkeep
|turn|47
|
|t:|1624311670
|move|p1a: Yveltal|U-turn|p2a: Yveltal
|-damage|p2a: Yveltal|38/100
|
|t:|1624311673
|switch|p1a: Eternatus|Eternatus|100/100|[from]move: U-turn
|-ability|p1a: Eternatus|Pressure
|move|p2a: Yveltal|Roost|p2a: Yveltal
|-heal|p2a: Yveltal|88/100
|-singleturn|p2a: Yveltal|move: Roost
|
|upkeep
|turn|48
|
|t:|1624311679
|move|p1a: Eternatus|Dynamax Cannon|p2a: Yveltal
|-damage|p2a: Yveltal|50/100
|move|p2a: Yveltal|Knock Off|p1a: Eternatus
|-damage|p1a: Eternatus|51/100
|-enditem|p1a: Eternatus|Black Sludge|[from] move: Knock Off|[of] p2a: Yveltal
|
|upkeep
|turn|49
|
|t:|1624311683
|move|p1a: Eternatus|Toxic|p2a: Yveltal
|-status|p2a: Yveltal|tox
|move|p2a: Yveltal|Roost|p2a: Yveltal
|-heal|p2a: Yveltal|100/100 tox
|-singleturn|p2a: Yveltal|move: Roost
|
|-damage|p2a: Yveltal|94/100 tox|[from] psn
|upkeep
|turn|50
|
|t:|1624311685
|move|p1a: Eternatus|Recover|p1a: Eternatus
|-heal|p1a: Eternatus|100/100
|move|p2a: Yveltal|U-turn|p1a: Eternatus
|-resisted|p1a: Eternatus
|-damage|p1a: Eternatus|91/100
|
|t:|1624311690
|switch|p2a: Ho-Oh|Ho-Oh|100/100 par|[from]move: U-turn
|
|upkeep
|turn|51
|
|t:|1624311699
|switch|p1a: Zygarde|Zygarde-Complete|37/100
|switch|p2a: Eternatus|Eternatus|100/100
|-ability|p2a: Eternatus|Pressure
|
|upkeep
|turn|52
|
|t:|1624311703
|switch|p1a: Necrozma|Necrozma-Dusk-Mane|74/100 brn
|move|p2a: Eternatus|Draco Meteor|p1a: Necrozma
|-resisted|p1a: Necrozma
|-damage|p1a: Necrozma|55/100 brn
|-unboost|p2a: Eternatus|spa|2
|
|-heal|p1a: Necrozma|61/100 brn|[from] item: Leftovers
|-damage|p1a: Necrozma|55/100 brn|[from] brn
|upkeep
|turn|53
|
|t:|1624311707
|switch|p2a: Ho-Oh|Ho-Oh|100/100 par
|move|p1a: Necrozma|Stealth Rock|p2a: Ho-Oh
|-sidestart|p2: Fbaiqojdhcksow|move: Stealth Rock
|
|-heal|p1a: Necrozma|61/100 brn|[from] item: Leftovers
|-damage|p1a: Necrozma|55/100 brn|[from] brn
|upkeep
|turn|54
|
|t:|1624311710
|switch|p1a: Groudon|Groudon|100/100
|-weather|SunnyDay|[from] ability: Drought|[of] p1a: Groudon
|cant|p2a: Ho-Oh|par
|
|-weather|SunnyDay|[upkeep]
|upkeep
|turn|55
|
|t:|1624311714
|move|p1a: Groudon|Stone Edge|p2a: Ho-Oh
|-supereffective|p2a: Ho-Oh
|-crit|p2a: Ho-Oh
|-damage|p2a: Ho-Oh|0 fnt
|faint|p2a: Ho-Oh
|
|-weather|SunnyDay|[upkeep]
|upkeep
|c|☆Fbaiqojdhcksow|this is why zygarde is the worst pokemon
|
|t:|1624311738
|switch|p2a: Calyrex|Calyrex-Shadow|91/100
|-ability|p2a: Calyrex|As One
|-ability|p2a: Calyrex|Unnerve
|-damage|p2a: Calyrex|78/100|[from] Stealth Rock
|turn|56
|inactive|TheNorthernBlade1 has 120 seconds left.
|
|t:|1624311770
|switch|p1a: Eternatus|Eternatus|91/100
|-ability|p1a: Eternatus|Pressure
|move|p2a: Calyrex|Astral Barrage|p1a: Eternatus
|-damage|p1a: Eternatus|28/100
|-damage|p2a: Calyrex|68/100|[from] item: Life Orb
|
|-weather|SunnyDay|[upkeep]
|upkeep
|turn|57
|inactive|TheNorthernBlade1 has 120 seconds left.
|
|t:|1624311787
|move|p2a: Calyrex|Astral Barrage|p1a: Eternatus
|-damage|p1a: Eternatus|0 fnt
|faint|p1a: Eternatus
|-ability|p2a: Calyrex|Grim Neigh|boost
|-boost|p2a: Calyrex|spa|1
|-damage|p2a: Calyrex|58/100|[from] item: Life Orb
|
|-weather|SunnyDay|[upkeep]
|upkeep
|
|t:|1624311791
|switch|p1a: Yveltal|Yveltal|68/100 tox
|-ability|p1a: Yveltal|Dark Aura
|turn|58
|
|t:|1624311798
|switch|p2a: Eternatus|Eternatus|100/100
|-damage|p2a: Eternatus|88/100|[from] Stealth Rock
|-ability|p2a: Eternatus|Pressure
|move|p1a: Yveltal|Knock Off|p2a: Eternatus
|-damage|p2a: Eternatus|46/100
|-enditem|p2a: Eternatus|Black Sludge|[from] move: Knock Off|[of] p1a: Yveltal
|
|-weather|none
|-damage|p1a: Yveltal|62/100 tox|[from] psn
|upkeep
|turn|59
|
|t:|1624311809
|switch|p1a: Zygarde|Zygarde-Complete|37/100
|move|p2a: Eternatus|Draco Meteor|p1a: Zygarde
|-supereffective|p1a: Zygarde
|-damage|p1a: Zygarde|0 fnt
|-unboost|p2a: Eternatus|spa|2
|faint|p1a: Zygarde
|
|upkeep
|
|t:|1624311822
|switch|p1a: Weavile|Weavile, M|100/100
|-ability|p1a: Weavile|Pressure
|turn|60
|
|t:|1624311827
|switch|p2a: Ferrothorn|Ferrothorn, F|60/100 par
|-damage|p2a: Ferrothorn|54/100 par|[from] Stealth Rock
|move|p1a: Weavile|Swords Dance|p1a: Weavile
|-boost|p1a: Weavile|atk|2
|
|-heal|p2a: Ferrothorn|60/100 par|[from] item: Leftovers
|upkeep
|turn|61
|
|t:|1624311830
|move|p1a: Weavile|Triple Axel|p2a: Ferrothorn
|-damage|p2a: Ferrothorn|46/100 par
|-damage|p1a: Weavile|88/100|[from] ability: Iron Barbs|[of] p2a: Ferrothorn
|-damage|p2a: Ferrothorn|17/100 par
|-damage|p1a: Weavile|76/100|[from] ability: Iron Barbs|[of] p2a: Ferrothorn
|-damage|p2a: Ferrothorn|0 fnt
|-damage|p1a: Weavile|63/100|[from] ability: Iron Barbs|[of] p2a: Ferrothorn
|faint|p2a: Ferrothorn
|-hitcount|p2: Ferrothorn|3
|-damage|p1a: Weavile|53/100|[from] item: Life Orb
|
|upkeep
|-message|Fbaiqojdhcksow forfeited.
|
|win|TheNorthernBlade1
|l|☆Fbaiqojdhcksow
|raw|TheNorthernBlade1's rating: 1520 &rarr; <strong>1541</strong><br />(+21 for winning)
|raw|Fbaiqojdhcksow's rating: 1535 &rarr; <strong>1514</strong><br />(-21 for losing)
||Ladder isn't responding, score probably updated but might not have (Request timeout).
