|j|☆killer whale squa
|j|☆tiggi7
|player|p1|killer whale squa|216|1397
|player|p2|tiggi7|101|1317
|teamsize|p1|6
|teamsize|p2|6
|gametype|singles
|gen|8
|tier|[Gen 8] Ubers
|rated|
|clearpoke
|poke|p1|Corviknight, M|
|poke|p1|Tyranitar, M|
|poke|p1|Zacian-*|
|poke|p1|Dragapult, M|
|poke|p1|Ditto|
|poke|p1|Rotom-Heat|
|poke|p2|Toxapex, F|
|poke|p2|Ferrothorn, F|
|poke|p2|Umbreon, M|
|poke|p2|Gothitelle, F|
|poke|p2|Excadrill, F|
|poke|p2|Corviknight, F|
|rule|Sleep Clause Mod: Limit one foe put to sleep
|rule|Species Clause: Limit one of each Pokémon
|rule|OHKO Clause: OHKO moves are banned
|rule|Evasion Moves Clause: Evasion moves are banned
|rule|Endless Battle Clause: Forcing endless battles is banned
|rule|HP Percentage Mod: HP is shown in percentages
|teampreview
|inactive|Battle timer is ON: inactive players will automatically lose when time's up. (requested by tiggi7)
|
|start
|switch|p1a: Dragapult|Dragapult, M|100/100
|switch|p2a: Gothitelle|Gothitelle, F|100/100
|turn|1
|
|switch|p2a: Umbreon|Umbreon, M|100/100
|move|p1a: Dragapult|Shadow Ball|p2a: Umbreon
|-resisted|p2a: Umbreon
|-damage|p2a: Umbreon|86/100
|-unboost|p2a: Umbreon|spd|1
|
|-heal|p2a: Umbreon|92/100|[from] item: Leftovers
|upkeep
|turn|2
|
|switch|p1a: Tyranitar|Tyranitar, M|100/100
|-weather|Sandstorm|[from] ability: Sand Stream|[of] p1a: Tyranitar
|move|p2a: Umbreon|Wish|p2a: Umbreon
|
|-weather|Sandstorm|[upkeep]
|-damage|p2a: Umbreon|86/100|[from] Sandstorm
|-heal|p2a: Umbreon|92/100|[from] item: Leftovers
|upkeep
|turn|3
|inactive|killer whale squa has 120 seconds left.
|
|switch|p2a: Ferrothorn|Ferrothorn, F|100/100
|switch|p1a: Zacian|Zacian-Crowned|100/100
|-ability|p1a: Zacian|Intrepid Sword|boost
|-boost|p1a: Zacian|atk|1
|
|-weather|Sandstorm|[upkeep]
|upkeep
|turn|4
|inactive|killer whale squa has 120 seconds left.
|
|switch|p2a: Toxapex|Toxapex, F|100/100
|move|p1a: Zacian|Sacred Sword|p2a: Toxapex
|-resisted|p2a: Toxapex
|-damage|p2a: Toxapex|83/100
|
|-weather|Sandstorm|[upkeep]
|-damage|p2a: Toxapex|77/100|[from] Sandstorm
|-heal|p2a: Toxapex|83/100|[from] item: Black Sludge
|upkeep
|turn|5
|inactive|killer whale squa has 120 seconds left.
|
|switch|p1a: Dragapult|Dragapult, M|100/100
|move|p2a: Toxapex|Scald|p1a: Dragapult
|-resisted|p1a: Dragapult
|-damage|p1a: Dragapult|89/100
|
|-weather|Sandstorm|[upkeep]
|-damage|p1a: Dragapult|83/100|[from] Sandstorm
|-damage|p2a: Toxapex|77/100|[from] Sandstorm
|-heal|p2a: Toxapex|83/100|[from] item: Black Sludge
|upkeep
|turn|6
|inactive|killer whale squa has 120 seconds left.
|
|switch|p2a: Umbreon|Umbreon, M|92/100
|move|p1a: Dragapult|Draco Meteor|p2a: Umbreon
|-damage|p2a: Umbreon|52/100
|-unboost|p1a: Dragapult|spa|2
|
|-weather|none
|-heal|p2a: Umbreon|58/100|[from] item: Leftovers
|upkeep
|turn|7
|
|switch|p1a: Zacian|Zacian-Crowned|100/100
|-ability|p1a: Zacian|Intrepid Sword|boost
|-boost|p1a: Zacian|atk|1
|move|p2a: Umbreon|Wish|p2a: Umbreon
|
|-heal|p2a: Umbreon|64/100|[from] item: Leftovers
|upkeep
|turn|8
|inactive|killer whale squa has 120 seconds left.
|
|move|p2a: Umbreon|Protect|p2a: Umbreon
|-singleturn|p2a: Umbreon|Protect
|move|p1a: Zacian|Swords Dance|p1a: Zacian
|-boost|p1a: Zacian|atk|2
|
|-heal|p2a: Umbreon|100/100|[from] move: Wish|[wisher] Umbreon
|upkeep
|turn|9
|
|move|p1a: Zacian|Behemoth Blade|p2a: Umbreon
|-damage|p2a: Umbreon|0 fnt
|faint|p2a: Umbreon
|
|upkeep
|
|switch|p2a: Toxapex|Toxapex, F|100/100
|turn|10
|inactive|killer whale squa has 120 seconds left.
|
|move|p1a: Zacian|Swords Dance|p1a: Zacian
|-boost|p1a: Zacian|atk|2
|move|p2a: Toxapex|Haze|p2a: Toxapex
|-clearallboost
|
|upkeep
|turn|11
|inactive|killer whale squa has 120 seconds left.
|
|switch|p1a: Dragapult|Dragapult, M|83/100
|move|p2a: Toxapex|Scald|p1a: Dragapult
|-resisted|p1a: Dragapult
|-damage|p1a: Dragapult|71/100
|
|upkeep
|turn|12
|inactive|killer whale squa has 120 seconds left.
|
|move|p1a: Dragapult|Shadow Ball|p2a: Toxapex
|-damage|p2a: Toxapex|55/100
|-unboost|p2a: Toxapex|spd|1
|move|p2a: Toxapex|Toxic|p1a: Dragapult
|-status|p1a: Dragapult|tox
|
|-heal|p2a: Toxapex|61/100|[from] item: Black Sludge
|-damage|p1a: Dragapult|65/100 tox|[from] psn
|upkeep
|turn|13
|
|switch|p2a: Corviknight|Corviknight, F|100/100
|move|p1a: Dragapult|Shadow Ball|p2a: Corviknight
|-damage|p2a: Corviknight|64/100
|
|-heal|p2a: Corviknight|70/100|[from] item: Leftovers
|-damage|p1a: Dragapult|53/100 tox|[from] psn
|upkeep
|turn|14
|
|switch|p1a: Corviknight|Corviknight, M|100/100
|-ability|p1a: Corviknight|Pressure
|move|p2a: Corviknight|Roost|p2a: Corviknight
|-heal|p2a: Corviknight|100/100
|-singleturn|p2a: Corviknight|move: Roost
|
|upkeep
|turn|15
|inactive|killer whale squa has 120 seconds left.
|
|switch|p1a: Rotom|Rotom-Heat|100/100
|switch|p2a: Ferrothorn|Ferrothorn, F|100/100
|
|upkeep
|turn|16
|
|switch|p2a: Gothitelle|Gothitelle, F|100/100
|move|p1a: Rotom|Will-O-Wisp|p2a: Gothitelle
|-status|p2a: Gothitelle|brn
|
|-damage|p2a: Gothitelle|94/100 brn|[from] brn
|upkeep
|turn|17
|
|move|p2a: Gothitelle|Trick|p1a: Rotom
|-activate|p2a: Gothitelle|move: Trick|[of] p1a: Rotom
|-item|p1a: Rotom|Choice Scarf|[from] move: Trick
|-item|p2a: Gothitelle|Leftovers|[from] move: Trick
|move|p1a: Rotom|Volt Switch|p2a: Gothitelle
|-damage|p2a: Gothitelle|71/100 brn
|inactive|killer whale squa has 120 seconds left.
|
|switch|p1a: Ditto|Ditto|100/100|[from]move: Volt Switch
|-transform|p1a: Ditto|p2a: Gothitelle|[from] ability: Imposter
|
|-heal|p2a: Gothitelle|77/100 brn|[from] item: Leftovers
|-damage|p2a: Gothitelle|71/100 brn|[from] brn
|upkeep
|turn|18
|
|move|p1a: Ditto|Trick|p2a: Gothitelle
|-activate|p1a: Ditto|move: Trick|[of] p2a: Gothitelle
|-item|p2a: Gothitelle|Choice Scarf|[from] move: Trick
|-item|p1a: Ditto|Leftovers|[from] move: Trick
|move|p2a: Gothitelle|Cosmic Power|p2a: Gothitelle
|-boost|p2a: Gothitelle|def|1
|-boost|p2a: Gothitelle|spd|1
|
|-damage|p2a: Gothitelle|64/100 brn|[from] brn
|upkeep
|turn|19
|
|move|p2a: Gothitelle|Cosmic Power|p2a: Gothitelle
|-boost|p2a: Gothitelle|def|1
|-boost|p2a: Gothitelle|spd|1
|move|p1a: Ditto|Cosmic Power|p1a: Ditto
|-boost|p1a: Ditto|def|1
|-boost|p1a: Ditto|spd|1
|
|-damage|p2a: Gothitelle|58/100 brn|[from] brn
|upkeep
|turn|20
|
|move|p2a: Gothitelle|Cosmic Power|p2a: Gothitelle
|-boost|p2a: Gothitelle|def|1
|-boost|p2a: Gothitelle|spd|1
|move|p1a: Ditto|Cosmic Power|p1a: Ditto
|-boost|p1a: Ditto|def|1
|-boost|p1a: Ditto|spd|1
|
|-damage|p2a: Gothitelle|52/100 brn|[from] brn
|upkeep
|turn|21
|
|move|p2a: Gothitelle|Cosmic Power|p2a: Gothitelle
|-boost|p2a: Gothitelle|def|1
|-boost|p2a: Gothitelle|spd|1
|move|p1a: Ditto|Cosmic Power|p1a: Ditto
|-boost|p1a: Ditto|def|1
|-boost|p1a: Ditto|spd|1
|
|-damage|p2a: Gothitelle|46/100 brn|[from] brn
|upkeep
|turn|22
|inactive|killer whale squa has 90 seconds left.
|
|move|p2a: Gothitelle|Cosmic Power|p2a: Gothitelle
|-boost|p2a: Gothitelle|def|1
|-boost|p2a: Gothitelle|spd|1
|move|p1a: Ditto|Cosmic Power|p1a: Ditto
|-boost|p1a: Ditto|def|1
|-boost|p1a: Ditto|spd|1
|
|-damage|p2a: Gothitelle|40/100 brn|[from] brn
|upkeep
|turn|23
|inactive|killer whale squa has 90 seconds left.
|
|switch|p2a: Ferrothorn|Ferrothorn, F|100/100
|move|p1a: Ditto|Cosmic Power|p1a: Ditto
|-boost|p1a: Ditto|def|1
|-boost|p1a: Ditto|spd|1
|
|upkeep
|turn|24
|inactive|killer whale squa has 90 seconds left.
|
|move|p1a: Ditto|Stored Power|p2a: Ferrothorn
|-resisted|p2a: Ferrothorn
|-damage|p2a: Ferrothorn|68/100
|move|p2a: Ferrothorn|Leech Seed|p1a: Ditto
|-start|p1a: Ditto|move: Leech Seed
|
|-damage|p1a: Ditto|88/100|[from] Leech Seed|[of] p2a: Ferrothorn
|-heal|p2a: Ferrothorn|78/100|[silent]
|upkeep
|turn|25
|inactive|killer whale squa has 90 seconds left.
|
|switch|p1a: Rotom|Rotom-Heat|100/100
|move|p2a: Ferrothorn|Stealth Rock|p1a: Rotom
|-sidestart|p1: killer whale squa|move: Stealth Rock
|
|upkeep
|turn|26
|inactive|killer whale squa has 90 seconds left.
|l|☆tiggi7
|inactive|tiggi7 disconnected and has a minute to reconnect!
|player|p2|
|
|switch|p2a: Toxapex|Toxapex, F|94/100
|move|p1a: Rotom|Overheat|p2a: Toxapex
|-resisted|p2a: Toxapex
|-damage|p2a: Toxapex|76/100
|-unboost|p1a: Rotom|spa|2
|
|-heal|p2a: Toxapex|82/100|[from] item: Black Sludge
|upkeep
|turn|27
|inactive|tiggi7 has 30 seconds to reconnect!
|inactive|tiggi7 has 20 seconds to reconnect!
|inactive|tiggi7 has 15 seconds to reconnect!
|inactive|tiggi7 has 10 seconds to reconnect!
|inactive|tiggi7 has 5 seconds to reconnect!
|-message|tiggi7 lost due to inactivity.
|
|win|killer whale squa
|raw|killer whale squa's rating: 1408 &rarr; <strong>1422</strong><br />(+14 for winning)
|raw|tiggi7's rating: 1317 &rarr; <strong>1302</strong><br />(-15 for losing)
