|j|☆Ditto TH
|j|☆PokeDuels
|t:|1616969418
|player|p1|Ditto TH|265|1450
|player|p2|PokeDuels|1|1513
|teamsize|p1|6
|teamsize|p2|6
|gametype|singles
|gen|8
|tier|[Gen 8] Ubers
|rated|
|clearpoke
|poke|p1|Calyrex-Shadow|
|poke|p1|Eternatus|
|poke|p1|Blissey, F|
|poke|p1|Clefable, F|
|poke|p1|Urshifu-*, M|
|poke|p1|Groudon|
|poke|p2|Xerneas|
|poke|p2|Necrozma-Dusk-Mane|
|poke|p2|Eternatus|
|poke|p2|Zygarde|
|poke|p2|Calyrex-Shadow|
|poke|p2|Yveltal|
|rule|Sleep Clause Mod: Limit one foe put to sleep
|rule|Species Clause: Limit one of each Pokémon
|rule|OHKO Clause: OHKO moves are banned
|rule|Evasion Moves Clause: Evasion moves are banned
|rule|Endless Battle Clause: Forcing endless battles is banned
|rule|HP Percentage Mod: HP is shown in percentages
|rule|Dynamax Clause: You cannot dynamax
|teampreview
|c|☆Ditto TH|glhf
|inactive|Battle timer is ON: inactive players will automatically lose when time's up. (requested by Ditto TH)
|inactive|PokeDuels has 120 seconds left.
|
|t:|1616969475
|start
|switch|p1a: Groudon|Groudon|100/100
|switch|p2a: Yveltal|Yveltal|100/100
|-weather|SunnyDay|[from] ability: Drought|[of] p1a: Groudon
|-ability|p2a: Yveltal|Dark Aura
|turn|1
|
|t:|1616969484
|move|p1a: Groudon|Stone Edge|p2a: Yveltal
|-supereffective|p2a: Yveltal
|-damage|p2a: Yveltal|44/100
|move|p2a: Yveltal|Knock Off|p1a: Groudon
|-damage|p1a: Groudon|58/100
|-enditem|p1a: Groudon|Choice Scarf|[from] move: Knock Off|[of] p2a: Yveltal
|
|-weather|SunnyDay|[upkeep]
|upkeep
|turn|2
|
|t:|1616969493
|move|p1a: Groudon|Stone Edge|p2a: Yveltal|[miss]
|-miss|p1a: Groudon|p2a: Yveltal
|move|p2a: Yveltal|Roost|p2a: Yveltal
|-heal|p2a: Yveltal|94/100
|-singleturn|p2a: Yveltal|move: Roost
|
|-weather|SunnyDay|[upkeep]
|upkeep
|turn|3
|
|t:|1616969499
|switch|p2a: Zygarde|Zygarde|100/100
|move|p1a: Groudon|Stone Edge|p2a: Zygarde
|-resisted|p2a: Zygarde
|-damage|p2a: Zygarde|90/100
|
|-weather|SunnyDay|[upkeep]
|-heal|p2a: Zygarde|96/100|[from] item: Leftovers
|upkeep
|turn|4
|
|t:|1616969504
|switch|p1a: Clefable|Clefable, F|100/100
|move|p2a: Zygarde|Glare|p1a: Clefable
|-status|p1a: Clefable|par
|
|-weather|SunnyDay|[upkeep]
|-heal|p2a: Zygarde|100/100|[from] item: Leftovers
|upkeep
|turn|5
|
|t:|1616969517
|switch|p2a: Eternatus|Eternatus|100/100
|-ability|p2a: Eternatus|Pressure
|cant|p1a: Clefable|par
|
|-weather|none
|upkeep
|turn|6
|
|t:|1616969522
|switch|p1a: Blissey|Blissey, F|100/100
|move|p2a: Eternatus|Sludge Bomb|p1a: Blissey
|-damage|p1a: Blissey|77/100
|-status|p1a: Blissey|psn
|-damage|p2a: Eternatus|91/100|[from] item: Life Orb
|
|-heal|p1a: Blissey|83/100 psn|[from] item: Leftovers
|-damage|p1a: Blissey|71/100 psn|[from] psn
|upkeep
|turn|7
|
|t:|1616969538
|switch|p2a: Necrozma|Necrozma-Dusk-Mane|100/100
|move|p1a: Blissey|Aromatherapy|p1a: Blissey
|-activate|p1a: Blissey|move: Aromatherapy
|-curestatus|p1a: Blissey|psn|[msg]
|-curestatus|p1: Clefable|par|[msg]
|
|-heal|p1a: Blissey|77/100|[from] item: Leftovers
|upkeep
|turn|8
|
|t:|1616969545
|switch|p1a: Groudon|Groudon|58/100
|-weather|SunnyDay|[from] ability: Drought|[of] p1a: Groudon
|move|p2a: Necrozma|Stealth Rock|p1a: Groudon
|-sidestart|p1: Ditto TH|move: Stealth Rock
|
|-weather|SunnyDay|[upkeep]
|upkeep
|turn|9
|
|t:|1616969555
|switch|p2a: Zygarde|Zygarde|100/100
|move|p1a: Groudon|Fire Punch|p2a: Zygarde
|-resisted|p2a: Zygarde
|-damage|p2a: Zygarde|89/100
|
|-weather|SunnyDay|[upkeep]
|-heal|p2a: Zygarde|95/100|[from] item: Leftovers
|upkeep
|turn|10
|
|t:|1616969562
|move|p1a: Groudon|Precipice Blades|p2a: Zygarde
|-damage|p2a: Zygarde|55/100
|move|p2a: Zygarde|Thousand Arrows|p1a: Groudon
|-damage|p1a: Groudon|36/100
|
|-weather|SunnyDay|[upkeep]
|-heal|p2a: Zygarde|61/100|[from] item: Leftovers
|upkeep
|turn|11
|
|t:|1616969566
|move|p1a: Groudon|Precipice Blades|p2a: Zygarde
|-damage|p2a: Zygarde|25/100
|move|p2a: Zygarde|Glare|p1a: Groudon
|-status|p1a: Groudon|par
|
|-weather|SunnyDay|[upkeep]
|-heal|p2a: Zygarde|31/100|[from] item: Leftovers
|-activate|p2a: Zygarde|ability: Power Construct
|detailschange|p2a: Zygarde|Zygarde-Complete
|-heal|p2a: Zygarde|55/100|[silent]
|upkeep
|turn|12
|
|t:|1616969571
|move|p2a: Zygarde|Thousand Arrows|p1a: Groudon
|-damage|p1a: Groudon|12/100 par
|move|p1a: Groudon|Precipice Blades|p2a: Zygarde
|-damage|p2a: Zygarde|31/100
|
|-weather|none
|-heal|p2a: Zygarde|37/100|[from] item: Leftovers
|upkeep
|turn|13
|
|t:|1616969574
|move|p2a: Zygarde|Thousand Arrows|p1a: Groudon
|-damage|p1a: Groudon|0 fnt
|faint|p1a: Groudon
|
|-heal|p2a: Zygarde|44/100|[from] item: Leftovers
|upkeep
|
|t:|1616969582
|switch|p1a: Eternatus|Eternatus|100/100
|-damage|p1a: Eternatus|88/100|[from] Stealth Rock
|-ability|p1a: Eternatus|Pressure
|turn|14
|
|t:|1616969600
|move|p1a: Eternatus|Dynamax Cannon|p2a: Zygarde
|-supereffective|p2a: Zygarde
|-damage|p2a: Zygarde|0 fnt
|faint|p2a: Zygarde
|
|upkeep
|
|t:|1616969610
|switch|p2a: Calyrex|Calyrex-Shadow|100/100
|-ability|p2a: Calyrex|As One
|-ability|p2a: Calyrex|Unnerve|p1: Ditto TH
|turn|15
|
|t:|1616969615
|switch|p1a: Urshifu|Urshifu, M|100/100
|-damage|p1a: Urshifu|94/100|[from] Stealth Rock
|move|p2a: Calyrex|Psyshock|p1a: Urshifu
|-immune|p1a: Urshifu
|
|upkeep
|turn|16
|
|t:|1616969628
|switch|p2a: Eternatus|Eternatus|91/100
|-ability|p2a: Eternatus|Pressure
|switch|p1a: Eternatus|Eternatus|88/100
|-damage|p1a: Eternatus|76/100|[from] Stealth Rock
|-ability|p1a: Eternatus|Pressure
|
|upkeep
|turn|17
|
|t:|1616969634
|move|p1a: Eternatus|Dynamax Cannon|p2a: Eternatus
|-supereffective|p2a: Eternatus
|-damage|p2a: Eternatus|0 fnt
|faint|p2a: Eternatus
|
|upkeep
|
|t:|1616969643
|switch|p2a: Xerneas|Xerneas|100/100
|-ability|p2a: Xerneas|Fairy Aura
|turn|18
|
|t:|1616969645
|move|p1a: Eternatus|Sludge Wave|p2a: Xerneas
|-supereffective|p2a: Xerneas
|-damage|p2a: Xerneas|8/100
|move|p2a: Xerneas|Geomancy||[still]
|-prepare|p2a: Xerneas|Geomancy
|-enditem|p2a: Xerneas|Power Herb
|-anim|p2a: Xerneas|Geomancy|p2a: Xerneas
|-boost|p2a: Xerneas|spa|2
|-boost|p2a: Xerneas|spd|2
|-boost|p2a: Xerneas|spe|2
|
|upkeep
|turn|19
|
|t:|1616969653
|move|p2a: Xerneas|Moonblast|p1a: Eternatus
|-damage|p1a: Eternatus|0 fnt
|faint|p1a: Eternatus
|
|upkeep
|
|t:|1616969656
|switch|p1a: Urshifu|Urshifu, M|94/100
|-damage|p1a: Urshifu|88/100|[from] Stealth Rock
|turn|20
|
|t:|1616969660
|move|p1a: Urshifu|Sucker Punch|p2a: Xerneas
|-resisted|p2a: Xerneas
|-damage|p2a: Xerneas|0 fnt
|faint|p2a: Xerneas
|
|upkeep
|
|t:|1616969685
|switch|p2a: Yveltal|Yveltal|94/100
|-ability|p2a: Yveltal|Dark Aura
|turn|21
|
|t:|1616969697
|switch|p1a: Blissey|Blissey, F|77/100
|-damage|p1a: Blissey|64/100|[from] Stealth Rock
|move|p2a: Yveltal|Knock Off|p1a: Blissey
|-damage|p1a: Blissey|12/100
|-enditem|p1a: Blissey|Leftovers|[from] move: Knock Off|[of] p2a: Yveltal
|
|upkeep
|turn|22
|
|t:|1616969703
|move|p2a: Yveltal|Knock Off|p1a: Blissey
|-damage|p1a: Blissey|0 fnt
|faint|p1a: Blissey
|
|upkeep
|
|t:|1616969707
|switch|p1a: Clefable|Clefable, F|100/100
|-damage|p1a: Clefable|88/100|[from] Stealth Rock
|turn|23
|
|t:|1616969713
|switch|p2a: Necrozma|Necrozma-Dusk-Mane|100/100
|move|p1a: Clefable|Flamethrower|p2a: Necrozma
|-supereffective|p2a: Necrozma
|-damage|p2a: Necrozma|76/100
|
|-heal|p1a: Clefable|94/100|[from] item: Leftovers
|upkeep
|turn|24
|
|t:|1616969720
|switch|p1a: Urshifu|Urshifu, M|88/100
|-damage|p1a: Urshifu|82/100|[from] Stealth Rock
|move|p2a: Necrozma|Sunsteel Strike|p1a: Urshifu
|-damage|p1a: Urshifu|31/100
|
|upkeep
|turn|25
|
|t:|1616969729
|move|p1a: Urshifu|Close Combat|p2a: Necrozma
|-damage|p2a: Necrozma|45/100
|-unboost|p1a: Urshifu|def|1
|-unboost|p1a: Urshifu|spd|1
|-damage|p1a: Urshifu|14/100|[from] item: Rocky Helmet|[of] p2a: Necrozma
|move|p2a: Necrozma|Sunsteel Strike|p1a: Urshifu
|-damage|p1a: Urshifu|0 fnt
|faint|p1a: Urshifu
|
|upkeep
|
|t:|1616969732
|switch|p1a: Calyrex|Calyrex-Shadow|100/100
|-ability|p1a: Calyrex|As One
|-ability|p1a: Calyrex|Unnerve|p2: PokeDuels
|-damage|p1a: Calyrex|88/100|[from] Stealth Rock
|turn|26
|
|t:|1616969735
|switch|p1a: Clefable|Clefable, F|94/100
|-damage|p1a: Clefable|82/100|[from] Stealth Rock
|switch|p2a: Yveltal|Yveltal|94/100
|-ability|p2a: Yveltal|Dark Aura
|
|-heal|p1a: Clefable|88/100|[from] item: Leftovers
|upkeep
|turn|27
|
|t:|1616969744
|switch|p2a: Necrozma|Necrozma-Dusk-Mane|45/100
|move|p1a: Clefable|Flamethrower|p2a: Necrozma
|-supereffective|p2a: Necrozma
|-damage|p2a: Necrozma|20/100
|
|-heal|p1a: Clefable|94/100|[from] item: Leftovers
|upkeep
|turn|28
|
|t:|1616969748
|move|p2a: Necrozma|Morning Sun|p2a: Necrozma
|-heal|p2a: Necrozma|70/100
|move|p1a: Clefable|Flamethrower|p2a: Necrozma
|-supereffective|p2a: Necrozma
|-damage|p2a: Necrozma|47/100
|-status|p2a: Necrozma|brn
|
|-heal|p1a: Clefable|99/100|[from] item: Leftovers
|-damage|p2a: Necrozma|41/100 brn|[from] brn
|upkeep
|turn|29
|
|t:|1616969754
|move|p2a: Necrozma|Morning Sun|p2a: Necrozma
|-heal|p2a: Necrozma|91/100 brn
|move|p1a: Clefable|Flamethrower|p2a: Necrozma
|-supereffective|p2a: Necrozma
|-damage|p2a: Necrozma|68/100 brn
|
|-heal|p1a: Clefable|100/100|[from] item: Leftovers
|-damage|p2a: Necrozma|62/100 brn|[from] brn
|upkeep
|turn|30
|
|t:|1616969757
|move|p2a: Necrozma|Sunsteel Strike|p1a: Clefable
|-supereffective|p1a: Clefable
|-damage|p1a: Clefable|48/100
|move|p1a: Clefable|Flamethrower|p2a: Necrozma
|-supereffective|p2a: Necrozma
|-damage|p2a: Necrozma|38/100 brn
|
|-heal|p1a: Clefable|54/100|[from] item: Leftovers
|-damage|p2a: Necrozma|32/100 brn|[from] brn
|upkeep
|turn|31
|
|t:|1616969763
|move|p2a: Necrozma|Morning Sun|p2a: Necrozma
|-heal|p2a: Necrozma|82/100 brn
|move|p1a: Clefable|Soft-Boiled|p1a: Clefable
|-heal|p1a: Clefable|100/100
|
|-damage|p2a: Necrozma|76/100 brn|[from] brn
|upkeep
|turn|32
|
|t:|1616969780
|move|p2a: Necrozma|Sunsteel Strike|p1a: Clefable
|-supereffective|p1a: Clefable
|-damage|p1a: Clefable|55/100
|move|p1a: Clefable|Flamethrower|p2a: Necrozma
|-supereffective|p2a: Necrozma
|-damage|p2a: Necrozma|52/100 brn
|
|-heal|p1a: Clefable|61/100|[from] item: Leftovers
|-damage|p2a: Necrozma|46/100 brn|[from] brn
|upkeep
|turn|33
|
|t:|1616969785
|move|p2a: Necrozma|Sunsteel Strike|p1a: Clefable
|-supereffective|p1a: Clefable
|-damage|p1a: Clefable|10/100
|move|p1a: Clefable|Soft-Boiled|p1a: Clefable
|-heal|p1a: Clefable|60/100
|
|-heal|p1a: Clefable|66/100|[from] item: Leftovers
|-damage|p2a: Necrozma|40/100 brn|[from] brn
|upkeep
|turn|34
|
|t:|1616969791
|move|p2a: Necrozma|Sunsteel Strike|p1a: Clefable
|-supereffective|p1a: Clefable
|-damage|p1a: Clefable|17/100
|move|p1a: Clefable|Soft-Boiled|p1a: Clefable
|-heal|p1a: Clefable|67/100
|
|-heal|p1a: Clefable|73/100|[from] item: Leftovers
|-damage|p2a: Necrozma|34/100 brn|[from] brn
|upkeep
|turn|35
|
|t:|1616969797
|move|p2a: Necrozma|Morning Sun|p2a: Necrozma
|-heal|p2a: Necrozma|84/100 brn
|move|p1a: Clefable|Soft-Boiled|p1a: Clefable
|-heal|p1a: Clefable|100/100
|
|-damage|p2a: Necrozma|78/100 brn|[from] brn
|upkeep
|turn|36
|
|t:|1616969801
|move|p2a: Necrozma|Earthquake|p1a: Clefable
|-damage|p1a: Clefable|85/100
|move|p1a: Clefable|Flamethrower|p2a: Necrozma
|-supereffective|p2a: Necrozma
|-damage|p2a: Necrozma|55/100 brn
|
|-heal|p1a: Clefable|91/100|[from] item: Leftovers
|-damage|p2a: Necrozma|49/100 brn|[from] brn
|upkeep
|turn|37
|
|t:|1616969805
|move|p2a: Necrozma|Sunsteel Strike|p1a: Clefable
|-supereffective|p1a: Clefable
|-damage|p1a: Clefable|42/100
|move|p1a: Clefable|Soft-Boiled|p1a: Clefable
|-heal|p1a: Clefable|92/100
|
|-heal|p1a: Clefable|98/100|[from] item: Leftovers
|-damage|p2a: Necrozma|43/100 brn|[from] brn
|upkeep
|turn|38
|
|t:|1616969812
|switch|p2a: Yveltal|Yveltal|94/100
|-ability|p2a: Yveltal|Dark Aura
|move|p1a: Clefable|Soft-Boiled|p1a: Clefable
|-heal|p1a: Clefable|100/100
|
|upkeep
|turn|39
|
|t:|1616969820
|move|p2a: Yveltal|Knock Off|p1a: Clefable
|-resisted|p1a: Clefable
|-damage|p1a: Clefable|73/100
|-enditem|p1a: Clefable|Leftovers|[from] move: Knock Off|[of] p2a: Yveltal
|move|p1a: Clefable|Toxic|p2a: Yveltal
|-status|p2a: Yveltal|tox
|
|-damage|p2a: Yveltal|88/100 tox|[from] psn
|upkeep
|turn|40
|
|t:|1616969829
|switch|p2a: Necrozma|Necrozma-Dusk-Mane|43/100 brn
|move|p1a: Clefable|Moonblast|p2a: Necrozma
|-resisted|p2a: Necrozma
|-damage|p2a: Necrozma|30/100 brn
|
|-damage|p2a: Necrozma|24/100 brn|[from] brn
|upkeep
|turn|41
|
|t:|1616969833
|move|p2a: Necrozma|Sunsteel Strike|p1a: Clefable
|-supereffective|p1a: Clefable
|-damage|p1a: Clefable|22/100
|move|p1a: Clefable|Soft-Boiled|p1a: Clefable
|-heal|p1a: Clefable|72/100
|
|-damage|p2a: Necrozma|18/100 brn|[from] brn
|upkeep
|turn|42
|
|t:|1616969841
|move|p2a: Necrozma|Earthquake|p1a: Clefable
|-damage|p1a: Clefable|57/100
|move|p1a: Clefable|Soft-Boiled|p1a: Clefable
|-heal|p1a: Clefable|100/100
|
|-damage|p2a: Necrozma|12/100 brn|[from] brn
|upkeep
|turn|43
|
|t:|1616969846
|move|p2a: Necrozma|Earthquake|p1a: Clefable
|-damage|p1a: Clefable|83/100
|move|p1a: Clefable|Moonblast|p2a: Necrozma
|-resisted|p2a: Necrozma
|-damage|p2a: Necrozma|0 fnt
|faint|p2a: Necrozma
|
|upkeep
|
|t:|1616969848
|switch|p2a: Calyrex|Calyrex-Shadow|100/100
|-ability|p2a: Calyrex|As One
|-ability|p2a: Calyrex|Unnerve|p1: Ditto TH
|turn|44
|
|t:|1616969859
|move|p2a: Calyrex|Astral Barrage|p1a: Clefable
|-damage|p1a: Clefable|1/100
|move|p1a: Clefable|Toxic|p2a: Calyrex
|-status|p2a: Calyrex|tox
|
|-damage|p2a: Calyrex|94/100 tox|[from] psn
|upkeep
|turn|45
|
|t:|1616969863
|move|p2a: Calyrex|Astral Barrage|p1a: Clefable
|-damage|p1a: Clefable|0 fnt
|faint|p1a: Clefable
|-ability|p2a: Calyrex|Grim Neigh|boost
|-boost|p2a: Calyrex|spa|1
|
|-damage|p2a: Calyrex|82/100 tox|[from] psn
|upkeep
|c|☆Ditto TH|gg
|
|t:|1616969867
|switch|p1a: Calyrex|Calyrex-Shadow|88/100
|-ability|p1a: Calyrex|As One
|-ability|p1a: Calyrex|Unnerve|p2: PokeDuels
|-damage|p1a: Calyrex|76/100|[from] Stealth Rock
|turn|46
|
|t:|1616969868
|move|p1a: Calyrex|Astral Barrage|p2a: Calyrex
|-supereffective|p2a: Calyrex
|-damage|p2a: Calyrex|0 fnt
|faint|p2a: Calyrex
|-ability|p1a: Calyrex|Grim Neigh|boost
|-boost|p1a: Calyrex|spa|1
|
|upkeep
|
|t:|1616969870
|switch|p2a: Yveltal|Yveltal|88/100 tox
|-ability|p2a: Yveltal|Dark Aura
|turn|47
|
|t:|1616969871
|move|p1a: Calyrex|Astral Barrage|p2a: Yveltal
|-resisted|p2a: Yveltal
|-damage|p2a: Yveltal|55/100 tox
|move|p2a: Yveltal|Knock Off|p1a: Calyrex
|-supereffective|p1a: Calyrex
|-damage|p1a: Calyrex|0 fnt
|-enditem|p1a: Calyrex|Choice Scarf|[from] move: Knock Off|[of] p2a: Yveltal
|faint|p1a: Calyrex
|
|win|PokeDuels
|raw|Ditto TH's rating: 1450 &rarr; <strong>1434</strong><br />(-16 for losing)
|raw|PokeDuels's rating: 1513 &rarr; <strong>1529</strong><br />(+16 for winning)
|l|☆PokeDuels
