|j|☆I like Lovely
|j|☆willcoxw
|player|p1|I like Lovely|youngcouple-gen4dp|1830
|player|p2|willcoxw|clair|1612
|teamsize|p1|6
|teamsize|p2|6
|gametype|singles
|gen|8
|tier|[Gen 8] Ubers
|rated|
|clearpoke
|poke|p1|Lunala|
|poke|p1|Necrozma-Dusk-Mane|
|poke|p1|Ditto|
|poke|p1|Ferrothorn, F|
|poke|p1|Eternatus|
|poke|p1|Mandibuzz, F|
|poke|p2|Ferrothorn, M|
|poke|p2|Eternatus|
|poke|p2|Lunala|
|poke|p2|Kommo-o, M|
|poke|p2|Necrozma-Dusk-Mane|
|poke|p2|Zacian-Crowned|
|rule|Sleep Clause Mod: Limit one foe put to sleep
|rule|Species Clause: Limit one of each Pokémon
|rule|OHKO Clause: OHKO moves are banned
|rule|Evasion Moves Clause: Evasion moves are banned
|rule|Endless Battle Clause: Forcing endless battles is banned
|rule|HP Percentage Mod: HP is shown in percentages
|html|Ubers Dynamax Clause: Pokémon on the <a href="https://www.smogon.com/dex/ss/formats/uber/">Ubers Dynamax Banlist</a> cannot Dynamax.
|teampreview
|
|start
|switch|p1a: Lunala|Lunala|100/100
|switch|p2a: Zacian|Zacian-Crowned|100/100
|-ability|p2a: Zacian|Intrepid Sword|boost
|-boost|p2a: Zacian|atk|1
|turn|1
|
|switch|p1a: Necrozma|Necrozma-Dusk-Mane|100/100
|move|p2a: Zacian|Substitute|p2a: Zacian
|-start|p2a: Zacian|Substitute
|-damage|p2a: Zacian|76/100
|
|upkeep
|turn|2
|
|move|p2a: Zacian|Close Combat|p1a: Necrozma
|-damage|p1a: Necrozma|60/100
|-unboost|p2a: Zacian|def|1
|-unboost|p2a: Zacian|spd|1
|move|p1a: Necrozma|Sunsteel Strike|p2a: Zacian
|-end|p2a: Zacian|Substitute
|
|-heal|p1a: Necrozma|66/100|[from] item: Leftovers
|upkeep
|turn|3
|
|switch|p2a: Ferrothorn|Ferrothorn, M|100/100
|move|p1a: Necrozma|Morning Sun|p1a: Necrozma
|-heal|p1a: Necrozma|100/100
|
|upkeep
|turn|4
|
|move|p1a: Necrozma|Knock Off|p2a: Ferrothorn
|-damage|p2a: Ferrothorn|83/100
|-damage|p1a: Necrozma|88/100|[from] ability: Iron Barbs|[of] p2a: Ferrothorn
|-enditem|p2a: Ferrothorn|Leftovers|[from] move: Knock Off|[of] p1a: Necrozma
|move|p2a: Ferrothorn|Leech Seed|p1a: Necrozma
|-start|p1a: Necrozma|move: Leech Seed
|
|-heal|p1a: Necrozma|94/100|[from] item: Leftovers
|-damage|p1a: Necrozma|82/100|[from] Leech Seed|[of] p2a: Ferrothorn
|-heal|p2a: Ferrothorn|97/100|[silent]
|upkeep
|turn|5
|
|switch|p1a: Ferrothorn|Ferrothorn, F|100/100
|move|p2a: Ferrothorn|Stealth Rock|p1a: Ferrothorn
|-sidestart|p1: I like Lovely|move: Stealth Rock
|
|upkeep
|turn|6
|
|move|p1a: Ferrothorn|Spikes|p2a: Ferrothorn
|-sidestart|p2: willcoxw|Spikes
|move|p2a: Ferrothorn|Knock Off|p1a: Ferrothorn
|-damage|p1a: Ferrothorn|87/100
|-damage|p2a: Ferrothorn|84/100|[from] ability: Iron Barbs|[of] p1a: Ferrothorn
|-enditem|p1a: Ferrothorn|Leftovers|[from] move: Knock Off|[of] p2a: Ferrothorn
|
|upkeep
|turn|7
|
|move|p2a: Ferrothorn|Spikes|p1a: Ferrothorn
|-sidestart|p1: I like Lovely|Spikes
|move|p1a: Ferrothorn|Spikes|p2a: Ferrothorn
|-sidestart|p2: willcoxw|Spikes
|
|upkeep
|turn|8
|
|move|p1a: Ferrothorn|Spikes|p2a: Ferrothorn
|-sidestart|p2: willcoxw|Spikes
|move|p2a: Ferrothorn|Spikes|p1a: Ferrothorn
|-sidestart|p1: I like Lovely|Spikes
|
|upkeep
|turn|9
|
|switch|p2a: Zacian|Zacian-Crowned|76/100
|-damage|p2a: Zacian|51/100|[from] Spikes
|-ability|p2a: Zacian|Intrepid Sword|boost
|-boost|p2a: Zacian|atk|1
|switch|p1a: Necrozma|Necrozma-Dusk-Mane|82/100
|-damage|p1a: Necrozma|65/100|[from] Spikes
|-damage|p1a: Necrozma|59/100|[from] Stealth Rock
|
|-heal|p1a: Necrozma|65/100|[from] item: Leftovers
|upkeep
|turn|10
|
|move|p2a: Zacian|Close Combat|p1a: Necrozma
|-crit|p1a: Necrozma
|-damage|p1a: Necrozma|4/100
|-unboost|p2a: Zacian|def|1
|-unboost|p2a: Zacian|spd|1
|move|p1a: Necrozma|Morning Sun|p1a: Necrozma
|-heal|p1a: Necrozma|54/100
|
|-heal|p1a: Necrozma|60/100|[from] item: Leftovers
|upkeep
|turn|11
|
|move|p2a: Zacian|Swords Dance|p2a: Zacian
|-boost|p2a: Zacian|atk|2
|move|p1a: Necrozma|Morning Sun|p1a: Necrozma
|-heal|p1a: Necrozma|100/100
|
|upkeep
|turn|12
|
|move|p2a: Zacian|Substitute|p2a: Zacian
|-start|p2a: Zacian|Substitute
|-damage|p2a: Zacian|26/100
|move|p1a: Necrozma|Sunsteel Strike|p2a: Zacian
|-end|p2a: Zacian|Substitute
|
|upkeep
|turn|13
|
|move|p2a: Zacian|Substitute|p2a: Zacian
|-start|p2a: Zacian|Substitute
|-damage|p2a: Zacian|1/100
|move|p1a: Necrozma|Sunsteel Strike|p2a: Zacian
|-end|p2a: Zacian|Substitute
|
|upkeep
|turn|14
|
|move|p2a: Zacian|Close Combat|p1a: Necrozma
|-damage|p1a: Necrozma|38/100
|-unboost|p2a: Zacian|def|1
|-unboost|p2a: Zacian|spd|1
|move|p1a: Necrozma|Stealth Rock|p2a: Zacian
|-sidestart|p2: willcoxw|move: Stealth Rock
|
|-heal|p1a: Necrozma|44/100|[from] item: Leftovers
|upkeep
|turn|15
|
|move|p2a: Zacian|Behemoth Blade|p1a: Necrozma
|-resisted|p1a: Necrozma
|-damage|p1a: Necrozma|3/100
|move|p1a: Necrozma|Morning Sun|p1a: Necrozma
|-heal|p1a: Necrozma|53/100
|
|-heal|p1a: Necrozma|59/100|[from] item: Leftovers
|upkeep
|turn|16
|
|move|p2a: Zacian|Behemoth Blade|p1a: Necrozma
|-resisted|p1a: Necrozma
|-damage|p1a: Necrozma|21/100
|move|p1a: Necrozma|Morning Sun|p1a: Necrozma
|-heal|p1a: Necrozma|71/100
|
|-heal|p1a: Necrozma|77/100|[from] item: Leftovers
|upkeep
|turn|17
|
|move|p2a: Zacian|Close Combat|p1a: Necrozma
|-damage|p1a: Necrozma|15/100
|-unboost|p2a: Zacian|def|1
|-unboost|p2a: Zacian|spd|1
|move|p1a: Necrozma|Morning Sun|p1a: Necrozma
|-heal|p1a: Necrozma|65/100
|
|-heal|p1a: Necrozma|71/100|[from] item: Leftovers
|upkeep
|turn|18
|
|switch|p1a: Ferrothorn|Ferrothorn, F|87/100
|-damage|p1a: Ferrothorn|70/100|[from] Spikes
|-damage|p1a: Ferrothorn|64/100|[from] Stealth Rock
|move|p2a: Zacian|Close Combat|p1a: Ferrothorn
|-supereffective|p1a: Ferrothorn
|-damage|p1a: Ferrothorn|0 fnt
|-unboost|p2a: Zacian|def|1
|-unboost|p2a: Zacian|spd|1
|-damage|p2a: Zacian|0 fnt|[from] ability: Iron Barbs|[of] p1a: Ferrothorn
|faint|p1a: Ferrothorn
|faint|p2a: Zacian
|
|upkeep
|
|switch|p2a: Ferrothorn|Ferrothorn, M|84/100
|switch|p1a: Lunala|Lunala|100/100
|-damage|p2a: Ferrothorn|78/100|[from] Stealth Rock
|-damage|p2a: Ferrothorn|53/100|[from] Spikes
|turn|19
|
|move|p1a: Lunala|Moongeist Beam|p2a: Ferrothorn
|-damage|p2a: Ferrothorn|4/100
|move|p2a: Ferrothorn|Leech Seed|p1a: Lunala
|-start|p1a: Lunala|move: Leech Seed
|
|-damage|p1a: Lunala|88/100|[from] Leech Seed|[of] p2a: Ferrothorn
|-heal|p2a: Ferrothorn|19/100|[silent]
|upkeep
|turn|20
|
|move|p1a: Lunala|Moongeist Beam|p2a: Ferrothorn
|-damage|p2a: Ferrothorn|0 fnt
|faint|p2a: Ferrothorn
|
|upkeep
|
|switch|p2a: Lunala|Lunala|100/100
|turn|21
|
|switch|p1a: Mandibuzz|Mandibuzz, F|100/100
|move|p2a: Lunala|Thunder Wave|p1a: Mandibuzz
|-status|p1a: Mandibuzz|par
|
|upkeep
|turn|22
|
|switch|p2a: Eternatus|Eternatus|100/100
|-damage|p2a: Eternatus|88/100|[from] Stealth Rock
|-damage|p2a: Eternatus|63/100|[from] Spikes
|-ability|p2a: Eternatus|Pressure
|move|p1a: Mandibuzz|Knock Off|p2a: Eternatus
|-damage|p2a: Eternatus|42/100
|-enditem|p2a: Eternatus|Metronome|[from] move: Knock Off|[of] p1a: Mandibuzz
|
|upkeep
|turn|23
|
|move|p2a: Eternatus|Toxic Spikes|p1a: Mandibuzz
|-sidestart|p1: I like Lovely|move: Toxic Spikes
|move|p1a: Mandibuzz|U-turn|p2a: Eternatus
|-resisted|p2a: Eternatus
|-damage|p2a: Eternatus|38/100
|
|switch|p1a: Lunala|Lunala|88/100|[from]move: U-turn
|
|upkeep
|turn|24
|
|move|p2a: Eternatus|Dynamax Cannon|p1a: Lunala
|-damage|p1a: Lunala|43/100
|move|p1a: Lunala|Calm Mind|p1a: Lunala
|-boost|p1a: Lunala|spa|1
|-boost|p1a: Lunala|spd|1
|
|upkeep
|turn|25
|
|move|p2a: Eternatus|Sludge Bomb|p1a: Lunala
|-resisted|p1a: Lunala
|-damage|p1a: Lunala|31/100
|-status|p1a: Lunala|psn
|move|p1a: Lunala|Roost|p1a: Lunala
|-heal|p1a: Lunala|81/100 psn
|-singleturn|p1a: Lunala|move: Roost
|
|-damage|p1a: Lunala|69/100 psn|[from] psn
|upkeep
|turn|26
|
|move|p2a: Eternatus|Dynamax Cannon|p1a: Lunala
|-damage|p1a: Lunala|40/100 psn
|move|p1a: Lunala|Moongeist Beam|p2a: Eternatus
|-damage|p2a: Eternatus|0 fnt
|faint|p2a: Eternatus
|
|-damage|p1a: Lunala|28/100 psn|[from] psn
|upkeep
|
|switch|p2a: Lunala|Lunala|100/100
|turn|27
|
|move|p2a: Lunala|Hex|p1a: Lunala
|-supereffective|p1a: Lunala
|-damage|p1a: Lunala|0 fnt
|faint|p1a: Lunala
|
|upkeep
|
|switch|p1a: Mandibuzz|Mandibuzz, F|100/100 par
|turn|28
|
|switch|p2a: Necrozma|Necrozma-Dusk-Mane|100/100
|-damage|p2a: Necrozma|76/100|[from] Spikes
|-damage|p2a: Necrozma|70/100|[from] Stealth Rock
|move|p1a: Mandibuzz|Knock Off|p2a: Necrozma
|-supereffective|p2a: Necrozma
|-damage|p2a: Necrozma|53/100
|-enditem|p2a: Necrozma|Leftovers|[from] move: Knock Off|[of] p1a: Mandibuzz
|
|upkeep
|turn|29
|
|switch|p1a: Eternatus|Eternatus|100/100
|-damage|p1a: Eternatus|84/100|[from] Spikes
|-sideend|p1: I like Lovely|move: Toxic Spikes|[of] p1a: Eternatus
|-damage|p1a: Eternatus|72/100|[from] Stealth Rock
|-ability|p1a: Eternatus|Pressure
|move|p2a: Necrozma|Knock Off|p1a: Eternatus
|-damage|p1a: Eternatus|46/100
|-enditem|p1a: Eternatus|Black Sludge|[from] move: Knock Off|[of] p2a: Necrozma
|
|upkeep
|turn|30
|
|move|p1a: Eternatus|Recover|p1a: Eternatus
|-heal|p1a: Eternatus|96/100
|move|p2a: Necrozma|Moonlight|p2a: Necrozma
|-heal|p2a: Necrozma|100/100
|
|upkeep
|turn|31
|
|move|p1a: Eternatus|Flamethrower|p2a: Necrozma
|-supereffective|p2a: Necrozma
|-damage|p2a: Necrozma|55/100
|move|p2a: Necrozma|Thunder Wave|p1a: Eternatus
|-status|p1a: Eternatus|par
|
|upkeep
|turn|32
|
|move|p2a: Necrozma|Moonlight|p2a: Necrozma
|-heal|p2a: Necrozma|100/100
|move|p1a: Eternatus|Flamethrower|p2a: Necrozma
|-supereffective|p2a: Necrozma
|-damage|p2a: Necrozma|53/100
|
|upkeep
|turn|33
|j| flyco
|
|move|p2a: Necrozma|Sunsteel Strike|p1a: Eternatus
|-damage|p1a: Eternatus|58/100 par
|move|p1a: Eternatus|Flamethrower|p2a: Necrozma
|-supereffective|p2a: Necrozma
|-damage|p2a: Necrozma|6/100
|
|upkeep
|turn|34
|
|move|p2a: Necrozma|Moonlight|p2a: Necrozma
|-heal|p2a: Necrozma|56/100
|move|p1a: Eternatus|Recover|p1a: Eternatus
|-heal|p1a: Eternatus|100/100 par
|
|upkeep
|turn|35
|
|move|p2a: Necrozma|Sunsteel Strike|p1a: Eternatus
|-damage|p1a: Eternatus|65/100 par
|move|p1a: Eternatus|Flamethrower|p2a: Necrozma
|-supereffective|p2a: Necrozma
|-damage|p2a: Necrozma|12/100
|
|upkeep
|turn|36
|
|move|p2a: Necrozma|Moonlight|p2a: Necrozma
|-heal|p2a: Necrozma|62/100
|move|p1a: Eternatus|Recover|p1a: Eternatus
|-heal|p1a: Eternatus|100/100 par
|
|upkeep
|turn|37
|
|switch|p2a: Lunala|Lunala|100/100
|cant|p1a: Eternatus|par
|
|upkeep
|turn|38
|
|switch|p1a: Mandibuzz|Mandibuzz, F|100/100 par
|move|p2a: Lunala|Hex|p1a: Mandibuzz
|-resisted|p1a: Mandibuzz
|-damage|p1a: Mandibuzz|77/100 par
|
|upkeep
|turn|39
|
|move|p2a: Lunala|Hex|p1a: Mandibuzz
|-resisted|p1a: Mandibuzz
|-damage|p1a: Mandibuzz|55/100 par
|move|p1a: Mandibuzz|Knock Off|p2a: Lunala
|-supereffective|p2a: Lunala
|-damage|p2a: Lunala|59/100
|-enditem|p2a: Lunala|Heavy-Duty Boots|[from] move: Knock Off|[of] p1a: Mandibuzz
|
|upkeep
|turn|40
|
|move|p2a: Lunala|Roost|p2a: Lunala
|-heal|p2a: Lunala|100/100
|-singleturn|p2a: Lunala|move: Roost
|move|p1a: Mandibuzz|Roost|p1a: Mandibuzz
|-heal|p1a: Mandibuzz|100/100 par
|-singleturn|p1a: Mandibuzz|move: Roost
|
|upkeep
|turn|41
|
|move|p2a: Lunala|Hex|p1a: Mandibuzz
|-resisted|p1a: Mandibuzz
|-damage|p1a: Mandibuzz|79/100 par
|move|p1a: Mandibuzz|Knock Off|p2a: Lunala
|-supereffective|p2a: Lunala
|-damage|p2a: Lunala|70/100
|
|upkeep
|turn|42
|
|move|p2a: Lunala|Roost|p2a: Lunala
|-heal|p2a: Lunala|100/100
|-singleturn|p2a: Lunala|move: Roost
|move|p1a: Mandibuzz|Roost|p1a: Mandibuzz
|-heal|p1a: Mandibuzz|100/100 par
|-singleturn|p1a: Mandibuzz|move: Roost
|
|upkeep
|turn|43
|
|move|p2a: Lunala|Hex|p1a: Mandibuzz
|-resisted|p1a: Mandibuzz
|-damage|p1a: Mandibuzz|81/100 par
|cant|p1a: Mandibuzz|par
|
|upkeep
|turn|44
|
|switch|p2a: Kommo-o|Kommo-o, M|100/100
|-damage|p2a: Kommo-o|94/100|[from] Stealth Rock
|-damage|p2a: Kommo-o|70/100|[from] Spikes
|move|p1a: Mandibuzz|Knock Off|p2a: Kommo-o
|-resisted|p2a: Kommo-o
|-damage|p2a: Kommo-o|59/100
|-enditem|p2a: Kommo-o|Leftovers|[from] move: Knock Off|[of] p1a: Mandibuzz
|
|upkeep
|turn|45
|
|switch|p1a: Necrozma|Necrozma-Dusk-Mane|71/100
|-damage|p1a: Necrozma|65/100|[from] Stealth Rock
|-damage|p1a: Necrozma|48/100|[from] Spikes
|-start|p2a: Kommo-o|Dynamax
|-heal|p2a: Kommo-o|59/100|[silent]
|move|p2a: Kommo-o|Max Wyrmwind|p1a: Necrozma
|-resisted|p1a: Necrozma
|-damage|p1a: Necrozma|23/100
|-unboost|p1a: Necrozma|atk|1
|
|-heal|p1a: Necrozma|29/100|[from] item: Leftovers
|upkeep
|turn|46
|
|move|p2a: Kommo-o|Max Flare|p1a: Necrozma
|-supereffective|p1a: Necrozma
|-damage|p1a: Necrozma|0 fnt
|-weather|SunnyDay
|faint|p1a: Necrozma
|
|-weather|SunnyDay|[upkeep]
|upkeep
|
|switch|p1a: Ditto|Ditto|100/100
|-damage|p1a: Ditto|84/100|[from] Spikes
|-damage|p1a: Ditto|72/100|[from] Stealth Rock
|-transform|p1a: Ditto|p2a: Kommo-o|[from] ability: Imposter
|turn|47
|
|move|p1a: Ditto|Clanging Scales|p2a: Kommo-o
|-immune|p2a: Kommo-o|[from] ability: Soundproof
|move|p2a: Kommo-o|Max Wyrmwind|p1a: Ditto
|-supereffective|p1a: Ditto
|-damage|p1a: Ditto|0 fnt
|faint|p1a: Ditto
|
|-weather|SunnyDay|[upkeep]
|-end|p2a: Kommo-o|Dynamax
|-heal|p2a: Kommo-o|59/100|[silent]
|upkeep
|
|switch|p1a: Mandibuzz|Mandibuzz, F|81/100 par
|turn|48
|
|-start|p1a: Mandibuzz|Dynamax
|-heal|p1a: Mandibuzz|81/100 par|[silent]
|move|p2a: Kommo-o|Clangorous Soul|p2a: Kommo-o
|-boost|p2a: Kommo-o|atk|1
|-boost|p2a: Kommo-o|def|1
|-boost|p2a: Kommo-o|spa|1
|-boost|p2a: Kommo-o|spd|1
|-boost|p2a: Kommo-o|spe|1
|-damage|p2a: Kommo-o|26/100
|cant|p1a: Mandibuzz|par
|
|-weather|SunnyDay|[upkeep]
|upkeep
|turn|49
|
|move|p2a: Kommo-o|Clanging Scales|p1a: Mandibuzz
|-damage|p1a: Mandibuzz|60/100 par
|-unboost|p2a: Kommo-o|def|1
|move|p1a: Mandibuzz|Max Flutterby|p2a: Kommo-o
|-resisted|p2a: Kommo-o
|-damage|p2a: Kommo-o|17/100
|-unboost|p2a: Kommo-o|spa|1
|
|-weather|SunnyDay|[upkeep]
|upkeep
|turn|50
|
|cant|p1a: Mandibuzz|par
|move|p2a: Kommo-o|Close Combat|p1a: Mandibuzz
|-damage|p1a: Mandibuzz|36/100 par
|-unboost|p2a: Kommo-o|def|1
|-unboost|p2a: Kommo-o|spd|1
|
|-weather|none
|-end|p1a: Mandibuzz|Dynamax
|-heal|p1a: Mandibuzz|36/100 par|[silent]
|upkeep
|turn|51
|
|move|p2a: Kommo-o|Close Combat|p1a: Mandibuzz
|-damage|p1a: Mandibuzz|0 fnt
|-unboost|p2a: Kommo-o|def|1
|-unboost|p2a: Kommo-o|spd|1
|faint|p1a: Mandibuzz
|
|upkeep
|
|switch|p1a: Eternatus|Eternatus|100/100 par
|-damage|p1a: Eternatus|84/100 par|[from] Spikes
|-damage|p1a: Eternatus|72/100 par|[from] Stealth Rock
|-ability|p1a: Eternatus|Pressure
|turn|52
|c|☆willcoxw|gg
|j| Its a trap pat
|
|move|p2a: Kommo-o|Clanging Scales|p1a: Eternatus
|-supereffective|p1a: Eternatus
|-damage|p1a: Eternatus|0 fnt
|-unboost|p2a: Kommo-o|def|1
|faint|p1a: Eternatus
|
|win|willcoxw
|l|☆I like Lovely
|raw|I like Lovely's rating: 1831 &rarr; <strong>1800</strong><br />(-31 for losing)
|raw|willcoxw's rating: 1612 &rarr; <strong>1643</strong><br />(+31 for winning)
