|j|☆Magikarp4000
|j|☆Le Rems
|t:|1605685435
|player|p1|Magikarp4000|steven|1598
|player|p2|Le Rems|66|1331
|teamsize|p1|6
|teamsize|p2|6
|gametype|singles
|gen|8
|tier|[Gen 8] Ubers
|rated|
|clearpoke
|poke|p1|Yveltal|
|poke|p1|Kyogre|
|poke|p1|Zacian-Crowned|
|poke|p1|Calyrex-Shadow|
|poke|p1|Zygarde|
|poke|p1|Necrozma-Dusk-Mane|
|poke|p2|Ditto|
|poke|p2|Yveltal|
|poke|p2|Rayquaza|
|poke|p2|Marshadow|
|poke|p2|Lugia|
|poke|p2|Groudon|
|rule|Sleep Clause Mod: Limit one foe put to sleep
|rule|Species Clause: Limit one of each Pokémon
|rule|OHKO Clause: OHKO moves are banned
|rule|Evasion Moves Clause: Evasion moves are banned
|rule|Endless Battle Clause: Forcing endless battles is banned
|rule|HP Percentage Mod: HP is shown in percentages
|rule|Dynamax Clause: You cannot dynamax
|teampreview
|inactive|Battle timer is ON: inactive players will automatically lose when time's up. (requested by Le Rems)
|c|☆Magikarp4000|glhf
|
|t:|1605685482
|start
|switch|p1a: Zacian|Zacian-Crowned|100/100
|switch|p2a: Groudon|Groudon|100/100
|-ability|p1a: Zacian|Intrepid Sword|boost
|-boost|p1a: Zacian|atk|1
|-weather|SunnyDay|[from] ability: Drought|[of] p2a: Groudon
|turn|1
|
|t:|1605685488
|switch|p1a: Zygarde|Zygarde|100/100
|move|p2a: Groudon|Precipice Blades|p1a: Zygarde
|-damage|p1a: Zygarde|62/100
|
|-weather|SunnyDay|[upkeep]
|-heal|p1a: Zygarde|69/100|[from] item: Leftovers
|upkeep
|turn|2
|inactive|Magikarp4000 has 120 seconds left.
|
|t:|1605685521
|move|p2a: Groudon|Stealth Rock|p1a: Zygarde
|-sidestart|p1: Magikarp4000|move: Stealth Rock
|move|p1a: Zygarde|Glare|p2a: Groudon
|-status|p2a: Groudon|par
|
|-weather|SunnyDay|[upkeep]
|-heal|p1a: Zygarde|75/100|[from] item: Leftovers
|upkeep
|turn|3
|
|t:|1605685529
|move|p1a: Zygarde|Thousand Arrows|p2a: Groudon
|-damage|p2a: Groudon|76/100 par
|move|p2a: Groudon|Toxic|p1a: Zygarde
|-status|p1a: Zygarde|tox
|
|-weather|SunnyDay|[upkeep]
|-heal|p1a: Zygarde|81/100 tox|[from] item: Leftovers
|-heal|p2a: Groudon|82/100 par|[from] item: Leftovers
|-damage|p1a: Zygarde|75/100 tox|[from] psn
|upkeep
|turn|4
|
|t:|1605685550
|move|p1a: Zygarde|Thousand Arrows|p2a: Groudon
|-damage|p2a: Groudon|59/100 par
|cant|p2a: Groudon|par
|
|-weather|SunnyDay|[upkeep]
|-heal|p1a: Zygarde|81/100 tox|[from] item: Leftovers
|-heal|p2a: Groudon|65/100 par|[from] item: Leftovers
|-damage|p1a: Zygarde|69/100 tox|[from] psn
|upkeep
|turn|5
|
|t:|1605685574
|move|p1a: Zygarde|Thousand Arrows|p2a: Groudon
|-damage|p2a: Groudon|41/100 par
|move|p2a: Groudon|Precipice Blades|p1a: Zygarde
|-damage|p1a: Zygarde|34/100 tox
|
|-weather|none
|-heal|p1a: Zygarde|40/100 tox|[from] item: Leftovers
|-heal|p2a: Groudon|47/100 par|[from] item: Leftovers
|-damage|p1a: Zygarde|21/100 tox|[from] psn
|-activate|p1a: Zygarde|ability: Power Construct
|detailschange|p1a: Zygarde|Zygarde-Complete
|-heal|p1a: Zygarde|48/100 tox|[silent]
|upkeep
|turn|6
|
|t:|1605685578
|move|p1a: Zygarde|Rest|p1a: Zygarde
|-status|p1a: Zygarde|slp|[from] move: Rest
|-heal|p1a: Zygarde|100/100 slp|[silent]
|move|p2a: Groudon|Precipice Blades|p1a: Zygarde
|-damage|p1a: Zygarde|75/100 slp
|
|-heal|p1a: Zygarde|81/100 slp|[from] item: Leftovers
|-heal|p2a: Groudon|53/100 par|[from] item: Leftovers
|upkeep
|turn|7
|
|t:|1605685589
|switch|p2a: Rayquaza|Rayquaza|100/100
|-ability|p2a: Rayquaza|Air Lock
|cant|p1a: Zygarde|slp
|
|-heal|p1a: Zygarde|87/100 slp|[from] item: Leftovers
|upkeep
|turn|8
|
|t:|1605685594
|switch|p1a: Necrozma|Necrozma-Dusk-Mane|100/100
|-damage|p1a: Necrozma|94/100|[from] Stealth Rock
|move|p2a: Rayquaza|Dragon Dance|p2a: Rayquaza
|-boost|p2a: Rayquaza|atk|1
|-boost|p2a: Rayquaza|spe|1
|
|upkeep
|turn|9
|
|t:|1605685600
|move|p2a: Rayquaza|V-create|p1a: Necrozma
|-supereffective|p1a: Necrozma
|-damage|p1a: Necrozma|14/100
|-unboost|p2a: Rayquaza|spe|1
|-unboost|p2a: Rayquaza|def|1
|-unboost|p2a: Rayquaza|spd|1
|-damage|p2a: Rayquaza|84/100|[from] item: Rocky Helmet|[of] p1a: Necrozma
|move|p1a: Necrozma|Sunsteel Strike|p2a: Rayquaza
|-damage|p2a: Rayquaza|0 fnt
|faint|p2a: Rayquaza
|
|upkeep
|
|t:|1605685608
|switch|p2a: Yveltal|Yveltal|100/100
|-ability|p2a: Yveltal|Dark Aura
|turn|10
|
|t:|1605685633
|switch|p1a: Zacian|Zacian-Crowned|100/100
|-damage|p1a: Zacian|94/100|[from] Stealth Rock
|-ability|p1a: Zacian|Intrepid Sword|boost
|-boost|p1a: Zacian|atk|1
|move|p2a: Yveltal|Dark Pulse|p1a: Zacian
|-resisted|p1a: Zacian
|-damage|p1a: Zacian|68/100
|
|upkeep
|turn|11
|j| SHUBHAM019
|
|t:|1605685648
|move|p1a: Zacian|Play Rough|p2a: Yveltal
|-supereffective|p2a: Yveltal
|-damage|p2a: Yveltal|0 fnt
|faint|p2a: Yveltal
|
|upkeep
|
|t:|1605685651
|switch|p2a: Ditto|Ditto|100/100
|-transform|p2a: Ditto|p1a: Zacian|[from] ability: Imposter
|-ability|p2a: Ditto|Intrepid Sword|boost
|-boost|p2a: Ditto|atk|1
|turn|12
|
|t:|1605685654
|switch|p1a: Necrozma|Necrozma-Dusk-Mane|14/100
|-damage|p1a: Necrozma|8/100|[from] Stealth Rock
|move|p2a: Ditto|Behemoth Blade|p1a: Necrozma
|-resisted|p1a: Necrozma
|-damage|p1a: Necrozma|0 fnt
|-damage|p2a: Ditto|84/100|[from] item: Rocky Helmet|[of] p1a: Necrozma
|faint|p1a: Necrozma
|
|upkeep
|
|t:|1605685656
|switch|p1a: Zygarde|Zygarde-Complete|87/100 slp
|-damage|p1a: Zygarde|81/100 slp|[from] Stealth Rock
|turn|13
|
|t:|1605685660
|move|p2a: Ditto|Behemoth Blade|p1a: Zygarde
|-damage|p1a: Zygarde|40/100 slp
|cant|p1a: Zygarde|slp
|
|-heal|p1a: Zygarde|47/100 slp|[from] item: Leftovers
|upkeep
|turn|14
|
|t:|1605685666
|move|p2a: Ditto|Behemoth Blade|p1a: Zygarde
|-damage|p1a: Zygarde|4/100 slp
|-curestatus|p1a: Zygarde|slp|[msg]
|move|p1a: Zygarde|Glare|p2a: Ditto
|-status|p2a: Ditto|par
|
|-heal|p1a: Zygarde|10/100|[from] item: Leftovers
|upkeep
|turn|15
|
|t:|1605685676
|cant|p2a: Ditto|par
|move|p1a: Zygarde|Rest|p1a: Zygarde
|-status|p1a: Zygarde|slp|[from] move: Rest
|-heal|p1a: Zygarde|100/100 slp|[silent]
|
|upkeep
|turn|16
|
|t:|1605685679
|move|p2a: Ditto|Behemoth Blade|p1a: Zygarde
|-damage|p1a: Zygarde|58/100 slp
|cant|p1a: Zygarde|slp
|
|-heal|p1a: Zygarde|64/100 slp|[from] item: Leftovers
|upkeep
|turn|17
|-message|Le Rems forfeited.
|
|win|Magikarp4000
|l|☆Le Rems
|raw|Magikarp4000's rating: 1598 &rarr; <strong>1605</strong><br />(+7 for winning)
|raw|Le Rems's rating: 1331 &rarr; <strong>1323</strong><br />(-8 for losing)
|c|☆Magikarp4000|ggwp
