|j|☆JamboreeJourney
|j|☆Rell27
|t:|1617866421
|gametype|singles
|player|p1|JamboreeJourney|lady|1412
|player|p2|Rell27|170|1437
|teamsize|p1|6
|teamsize|p2|6
|gen|8
|tier|[Gen 8] Ubers
|rated|
|clearpoke
|poke|p1|Zacian|
|poke|p1|Xerneas|
|poke|p1|Magnezone|
|poke|p1|Eternatus|
|poke|p1|Magearna-Original|
|poke|p1|Yveltal|
|poke|p2|Eternatus|
|poke|p2|Necrozma-Dusk-Mane|
|poke|p2|Calyrex-Shadow|
|poke|p2|Yveltal|
|poke|p2|Zygarde|
|poke|p2|Xerneas|
|rule|Sleep Clause Mod: Limit one foe put to sleep
|rule|Species Clause: Limit one of each Pokémon
|rule|OHKO Clause: OHKO moves are banned
|rule|Evasion Moves Clause: Evasion moves are banned
|rule|Endless Battle Clause: Forcing endless battles is banned
|rule|HP Percentage Mod: HP is shown in percentages
|rule|Dynamax Clause: You cannot dynamax
|teampreview
|
|t:|1617866439
|start
|switch|p1a: Zacian|Zacian|100/100
|switch|p2a: Eternatus|Eternatus|100/100
|-ability|p1a: Zacian|Intrepid Sword|boost
|-boost|p1a: Zacian|atk|1
|-ability|p2a: Eternatus|Pressure
|turn|1
|
|t:|1617866448
|move|p1a: Zacian|Play Rough|p2a: Eternatus
|-damage|p2a: Eternatus|5/100
|move|p2a: Eternatus|Sludge Bomb|p1a: Zacian
|-supereffective|p1a: Zacian
|-damage|p1a: Zacian|0 fnt
|-damage|p2a: Eternatus|0 fnt|[from] item: Life Orb
|faint|p1a: Zacian
|faint|p2a: Eternatus
|
|upkeep
|
|t:|1617866461
|switch|p1a: Magnezone|Magnezone, shiny|100/100
|switch|p2a: Zygarde|Zygarde|100/100
|-item|p1a: Magnezone|Air Balloon
|turn|2
|
|t:|1617866471
|switch|p1a: Xerneas|Xerneas|100/100
|-ability|p1a: Xerneas|Fairy Aura
|move|p2a: Zygarde|Scale Shot|p1a: Xerneas
|-immune|p1a: Xerneas
|
|upkeep
|turn|3
|
|t:|1617866478
|switch|p2a: Necrozma|Necrozma-Dusk-Mane|100/100
|move|p1a: Xerneas|Moonblast|p2a: Necrozma
|-resisted|p2a: Necrozma
|-damage|p2a: Necrozma|72/100
|
|upkeep
|turn|4
|
|t:|1617866481
|switch|p1a: Magnezone|Magnezone, shiny|100/100
|-item|p1a: Magnezone|Air Balloon
|switch|p2a: Yveltal|Yveltal|100/100
|-ability|p2a: Yveltal|Dark Aura
|
|upkeep
|turn|5
|
|t:|1617866489
|switch|p1a: Magearna|Magearna-Original|100/100
|move|p2a: Yveltal|Knock Off|p1a: Magearna
|-resisted|p1a: Magearna
|-damage|p1a: Magearna|71/100
|-enditem|p1a: Magearna|Leftovers|[from] move: Knock Off|[of] p2a: Yveltal
|-damage|p2a: Yveltal|91/100|[from] item: Life Orb
|
|upkeep
|turn|6
|
|t:|1617866498
|move|p2a: Yveltal|Dark Pulse|p1a: Magearna
|-resisted|p1a: Magearna
|-damage|p1a: Magearna|50/100
|-damage|p2a: Yveltal|81/100|[from] item: Life Orb
|move|p1a: Magearna|Fleur Cannon|p2a: Yveltal
|-supereffective|p2a: Yveltal
|-damage|p2a: Yveltal|0 fnt
|-unboost|p1a: Magearna|spa|2
|faint|p2a: Yveltal
|-ability|p1a: Magearna|Soul-Heart|boost
|-boost|p1a: Magearna|spa|1
|
|upkeep
|
|t:|1617866507
|switch|p2a: Calyrex|Calyrex-Shadow|100/100
|-ability|p2a: Calyrex|As One
|-ability|p2a: Calyrex|Unnerve
|turn|7
|
|t:|1617866512
|switch|p1a: Yveltal|Yveltal|100/100
|-ability|p1a: Yveltal|Dark Aura
|move|p2a: Calyrex|Astral Barrage|p1a: Yveltal
|-resisted|p1a: Yveltal
|-damage|p1a: Yveltal|76/100
|
|upkeep
|turn|8
|
|t:|1617866524
|switch|p2a: Necrozma|Necrozma-Dusk-Mane|72/100
|move|p1a: Yveltal|Foul Play|p2a: Necrozma
|-supereffective|p2a: Necrozma
|-damage|p2a: Necrozma|15/100
|
|upkeep
|turn|9
|
|t:|1617866526
|move|p1a: Yveltal|Foul Play|p2a: Necrozma
|-supereffective|p2a: Necrozma
|-damage|p2a: Necrozma|0 fnt
|faint|p2a: Necrozma
|
|upkeep
|
|t:|1617866529
|switch|p2a: Xerneas|Xerneas|100/100
|-ability|p2a: Xerneas|Fairy Aura
|turn|10
|
|t:|1617866531
|switch|p1a: Magearna|Magearna-Original|50/100
|move|p2a: Xerneas|Geomancy||[still]
|-prepare|p2a: Xerneas|Geomancy
|-enditem|p2a: Xerneas|Power Herb
|-anim|p2a: Xerneas|Geomancy|p2a: Xerneas
|-boost|p2a: Xerneas|spa|2
|-boost|p2a: Xerneas|spd|2
|-boost|p2a: Xerneas|spe|2
|
|upkeep
|turn|11
|
|t:|1617866535
|move|p2a: Xerneas|Moonblast|p1a: Magearna
|-resisted|p1a: Magearna
|-damage|p1a: Magearna|4/100
|move|p1a: Magearna|Pain Split|p2a: Xerneas
|-sethp|p2a: Xerneas|52/100|[from] move: Pain Split|[silent]
|-sethp|p1a: Magearna|62/100|[from] move: Pain Split
|
|upkeep
|turn|12
|
|t:|1617866544
|move|p2a: Xerneas|Moonblast|p1a: Magearna
|-resisted|p1a: Magearna
|-damage|p1a: Magearna|15/100
|-unboost|p1a: Magearna|spa|1
|move|p1a: Magearna|Power Swap|p2a: Xerneas
|-swapboost|p1a: Magearna|p2a: Xerneas|atk, spa|[from] move: Power Swap
|
|upkeep
|turn|13
|
|t:|1617866552
|move|p2a: Xerneas|Moonblast|p1a: Magearna
|-resisted|p1a: Magearna
|-damage|p1a: Magearna|2/100
|move|p1a: Magearna|Fleur Cannon|p2a: Xerneas
|-damage|p2a: Xerneas|0 fnt
|-unboost|p1a: Magearna|spa|2
|faint|p2a: Xerneas
|-ability|p1a: Magearna|Soul-Heart|boost
|-boost|p1a: Magearna|spa|1
|
|upkeep
|
|t:|1617866560
|switch|p2a: Calyrex|Calyrex-Shadow|100/100
|-ability|p2a: Calyrex|As One
|-ability|p2a: Calyrex|Unnerve
|turn|14
|
|t:|1617866564
|switch|p1a: Yveltal|Yveltal|76/100
|-ability|p1a: Yveltal|Dark Aura
|move|p2a: Calyrex|Leech Seed|p1a: Yveltal
|-start|p1a: Yveltal|move: Leech Seed
|
|-damage|p1a: Yveltal|63/100|[from] Leech Seed|[of] p2a: Calyrex
|upkeep
|turn|15
|
|t:|1617866568
|move|p2a: Calyrex|Astral Barrage|p1a: Yveltal
|-resisted|p1a: Yveltal
|-damage|p1a: Yveltal|40/100
|move|p1a: Yveltal|Roost|p1a: Yveltal
|-heal|p1a: Yveltal|91/100
|-singleturn|p1a: Yveltal|move: Roost
|
|-damage|p1a: Yveltal|78/100|[from] Leech Seed|[of] p2a: Calyrex
|upkeep
|turn|16
|
|t:|1617866574
|move|p2a: Calyrex|Substitute|p2a: Calyrex
|-start|p2a: Calyrex|Substitute
|-damage|p2a: Calyrex|76/100
|move|p1a: Yveltal|Taunt|p2a: Calyrex
|-start|p2a: Calyrex|move: Taunt
|
|-damage|p1a: Yveltal|66/100|[from] Leech Seed|[of] p2a: Calyrex
|-heal|p2a: Calyrex|89/100|[silent]
|upkeep
|turn|17
|
|t:|1617866577
|move|p2a: Calyrex|Astral Barrage|p1a: Yveltal
|-resisted|p1a: Yveltal
|-damage|p1a: Yveltal|41/100
|move|p1a: Yveltal|Foul Play|p2a: Calyrex
|-supereffective|p2a: Calyrex
|-end|p2a: Calyrex|Substitute
|
|-damage|p1a: Yveltal|28/100|[from] Leech Seed|[of] p2a: Calyrex
|-heal|p2a: Calyrex|100/100|[silent]
|upkeep
|turn|18
|
|t:|1617866583
|move|p2a: Calyrex|Astral Barrage|p1a: Yveltal
|-resisted|p1a: Yveltal
|-damage|p1a: Yveltal|7/100
|move|p1a: Yveltal|Roost|p1a: Yveltal
|-heal|p1a: Yveltal|57/100
|-singleturn|p1a: Yveltal|move: Roost
|
|-damage|p1a: Yveltal|45/100|[from] Leech Seed|[of] p2a: Calyrex
|upkeep
|turn|19
|
|t:|1617866587
|move|p2a: Calyrex|Astral Barrage|p1a: Yveltal
|-resisted|p1a: Yveltal
|-damage|p1a: Yveltal|19/100
|move|p1a: Yveltal|Foul Play|p2a: Calyrex
|-supereffective|p2a: Calyrex
|-enditem|p2a: Calyrex|Focus Sash
|-damage|p2a: Calyrex|1/100
|
|-damage|p1a: Yveltal|7/100|[from] Leech Seed|[of] p2a: Calyrex
|-heal|p2a: Calyrex|15/100|[silent]
|-end|p2a: Calyrex|move: Taunt
|upkeep
|turn|20
|
|t:|1617866609
|move|p2a: Calyrex|Astral Barrage|p1a: Yveltal
|-resisted|p1a: Yveltal
|-damage|p1a: Yveltal|0 fnt
|faint|p1a: Yveltal
|-ability|p2a: Calyrex|Grim Neigh|boost
|-boost|p2a: Calyrex|spa|1
|
|upkeep
|
|t:|1617866611
|switch|p1a: Eternatus|Eternatus|100/100
|-ability|p1a: Eternatus|Pressure
|turn|21
|
|t:|1617866618
|move|p2a: Calyrex|Psyshock|p1a: Eternatus
|-supereffective|p1a: Eternatus
|-damage|p1a: Eternatus|0 fnt
|faint|p1a: Eternatus
|-ability|p2a: Calyrex|Grim Neigh|boost
|-boost|p2a: Calyrex|spa|1
|
|upkeep
|
|t:|1617866621
|switch|p1a: Xerneas|Xerneas|100/100
|-ability|p1a: Xerneas|Fairy Aura
|turn|22
|
|t:|1617866623
|switch|p1a: Magearna|Magearna-Original|2/100
|move|p2a: Calyrex|Astral Barrage|p1a: Magearna
|-damage|p1a: Magearna|0 fnt
|faint|p1a: Magearna
|-ability|p2a: Calyrex|Grim Neigh|boost
|-boost|p2a: Calyrex|spa|1
|
|upkeep
|
|t:|1617866629
|switch|p1a: Xerneas|Xerneas|100/100
|-ability|p1a: Xerneas|Fairy Aura
|turn|23
|
|t:|1617866638
|switch|p1a: Magnezone|Magnezone, shiny|100/100
|-item|p1a: Magnezone|Air Balloon
|move|p2a: Calyrex|Psyshock|p1a: Magnezone
|-resisted|p1a: Magnezone
|-damage|p1a: Magnezone|59/100
|-enditem|p1a: Magnezone|Air Balloon
|
|upkeep
|turn|24
|
|t:|1617866651
|move|p2a: Calyrex|Psyshock|p1a: Magnezone
|-resisted|p1a: Magnezone
|-damage|p1a: Magnezone|12/100
|move|p1a: Magnezone|Body Press|p2a: Calyrex
|-immune|p2a: Calyrex
|
|upkeep
|turn|25
|
|t:|1617866660
|move|p2a: Calyrex|Psyshock|p1a: Magnezone
|-resisted|p1a: Magnezone
|-damage|p1a: Magnezone|0 fnt
|faint|p1a: Magnezone
|-ability|p2a: Calyrex|Grim Neigh|boost
|-boost|p2a: Calyrex|spa|1
|
|upkeep
|
|t:|1617866661
|switch|p1a: Xerneas|Xerneas|100/100
|-ability|p1a: Xerneas|Fairy Aura
|turn|26
|
|t:|1617866664
|move|p2a: Calyrex|Astral Barrage|p1a: Xerneas
|-damage|p1a: Xerneas|0 fnt
|faint|p1a: Xerneas
|
|win|Rell27
|raw|JamboreeJourney's rating: 1412 &rarr; <strong>1393</strong><br />(-19 for losing)
|raw|Rell27's rating: 1437 &rarr; <strong>1456</strong><br />(+19 for winning)
|l|☆JamboreeJourney
