|j|☆asamiii
|j|☆I like Lovely
|player|p1|asamiii|preschoolerf|1801
|player|p2|I like Lovely|pokemonbreederf-gen4|1705
|teamsize|p1|6
|teamsize|p2|6
|gametype|singles
|gen|8
|tier|[Gen 8] Ubers
|rated|
|clearpoke
|poke|p1|Necrozma-Dusk-Mane|
|poke|p1|Tyranitar, M|
|poke|p1|Zekrom|
|poke|p1|Darmanitan-Galar, M|
|poke|p1|Lunala|
|poke|p1|Eternatus|
|poke|p2|Lunala|
|poke|p2|Necrozma-Dusk-Mane|
|poke|p2|Ditto|
|poke|p2|Ferrothorn, M|
|poke|p2|Eternatus|
|poke|p2|Mandibuzz, F|
|rule|Sleep Clause Mod: Limit one foe put to sleep
|rule|Species Clause: Limit one of each Pokémon
|rule|OHKO Clause: OHKO moves are banned
|rule|Evasion Moves Clause: Evasion moves are banned
|rule|Endless Battle Clause: Forcing endless battles is banned
|rule|HP Percentage Mod: HP is shown in percentages
|teampreview
|inactive|Battle timer is ON: inactive players will automatically lose when time's up. (requested by I like Lovely)
|
|start
|switch|p1a: Lunala|Lunala|100/100
|switch|p2a: Necrozma|Necrozma-Dusk-Mane|100/100
|turn|1
|j| Axew_01
|
|switch|p2a: Mandibuzz|Mandibuzz, F|100/100
|move|p1a: Lunala|Will-O-Wisp|p2a: Mandibuzz
|-status|p2a: Mandibuzz|brn
|
|-damage|p2a: Mandibuzz|94/100 brn|[from] brn
|upkeep
|turn|2
|j| Yaoson Kawaii
|
|switch|p1a: Tyranitar|Tyranitar, M|100/100
|-weather|Sandstorm|[from] ability: Sand Stream|[of] p1a: Tyranitar
|move|p2a: Mandibuzz|U-turn|p1a: Tyranitar
|-supereffective|p1a: Tyranitar
|-damage|p1a: Tyranitar|92/100
|inactive|I like Lovely has 120 seconds left.
|
|switch|p2a: Necrozma|Necrozma-Dusk-Mane|100/100|[from]move: U-turn
|
|-weather|Sandstorm|[upkeep]
|-heal|p1a: Tyranitar|98/100|[from] item: Leftovers
|upkeep
|turn|3
|
|move|p2a: Necrozma|Sunsteel Strike|p1a: Tyranitar
|-supereffective|p1a: Tyranitar
|-damage|p1a: Tyranitar|21/100
|move|p1a: Tyranitar|Stealth Rock|p2a: Necrozma
|-sidestart|p2: I like Lovely|move: Stealth Rock
|
|-weather|Sandstorm|[upkeep]
|-heal|p1a: Tyranitar|27/100|[from] item: Leftovers
|upkeep
|turn|4
|
|switch|p1a: Zekrom|Zekrom|100/100
|-ability|p1a: Zekrom|Teravolt
|move|p2a: Necrozma|Sunsteel Strike|p1a: Zekrom
|-resisted|p1a: Zekrom
|-damage|p1a: Zekrom|79/100
|
|-weather|Sandstorm|[upkeep]
|-damage|p1a: Zekrom|73/100|[from] Sandstorm
|-heal|p1a: Zekrom|79/100|[from] item: Leftovers
|upkeep
|turn|5
|
|switch|p2a: Ferrothorn|Ferrothorn, M|100/100
|-damage|p2a: Ferrothorn|94/100|[from] Stealth Rock
|move|p1a: Zekrom|Substitute|p1a: Zekrom
|-start|p1a: Zekrom|Substitute
|-damage|p1a: Zekrom|54/100
|
|-weather|Sandstorm|[upkeep]
|-damage|p1a: Zekrom|48/100|[from] Sandstorm
|-heal|p1a: Zekrom|54/100|[from] item: Leftovers
|-heal|p2a: Ferrothorn|100/100|[from] item: Leftovers
|upkeep
|turn|6
|
|switch|p1a: Eternatus|Eternatus|100/100
|-ability|p1a: Eternatus|Pressure
|move|p2a: Ferrothorn|Spikes|p1a: Eternatus
|-sidestart|p1: asamiii|Spikes
|
|-weather|none
|upkeep
|turn|7
|inactive|I like Lovely has 120 seconds left.
|
|switch|p2a: Lunala|Lunala|100/100
|move|p1a: Eternatus|Flamethrower|p2a: Lunala
|-damage|p2a: Lunala|89/100
|
|upkeep
|turn|8
|
|switch|p2a: Mandibuzz|Mandibuzz, F|94/100 brn
|move|p1a: Eternatus|Toxic||[still]
|-fail|p1a: Eternatus
|
|-damage|p2a: Mandibuzz|88/100 brn|[from] brn
|upkeep
|turn|9
|
|move|p1a: Eternatus|Dynamax Cannon|p2a: Mandibuzz
|-damage|p2a: Mandibuzz|58/100 brn
|move|p2a: Mandibuzz|U-turn|p1a: Eternatus
|-resisted|p1a: Eternatus
|-damage|p1a: Eternatus|99/100
|
|switch|p2a: Necrozma|Necrozma-Dusk-Mane|100/100|[from]move: U-turn
|-damage|p2a: Necrozma|94/100|[from] Stealth Rock
|
|-heal|p1a: Eternatus|100/100|[from] item: Black Sludge
|-heal|p2a: Necrozma|100/100|[from] item: Leftovers
|upkeep
|turn|10
|
|move|p1a: Eternatus|Flamethrower|p2a: Necrozma
|-supereffective|p2a: Necrozma
|-damage|p2a: Necrozma|69/100
|move|p2a: Necrozma|Knock Off|p1a: Eternatus
|-damage|p1a: Eternatus|83/100
|-enditem|p1a: Eternatus|Black Sludge|[from] move: Knock Off|[of] p2a: Necrozma
|
|-heal|p2a: Necrozma|75/100|[from] item: Leftovers
|upkeep
|turn|11
|
|move|p1a: Eternatus|Flamethrower|p2a: Necrozma
|-supereffective|p2a: Necrozma
|-damage|p2a: Necrozma|42/100
|move|p2a: Necrozma|Morning Sun|p2a: Necrozma
|-heal|p2a: Necrozma|92/100
|
|-heal|p2a: Necrozma|98/100|[from] item: Leftovers
|upkeep
|turn|12
|
|switch|p2a: Lunala|Lunala|89/100
|move|p1a: Eternatus|Dynamax Cannon|p2a: Lunala
|-damage|p2a: Lunala|50/100
|
|upkeep
|turn|13
|
|move|p2a: Lunala|Roost|p2a: Lunala
|-heal|p2a: Lunala|99/100
|-singleturn|p2a: Lunala|move: Roost
|move|p1a: Eternatus|Toxic|p2a: Lunala
|-status|p2a: Lunala|tox
|
|-damage|p2a: Lunala|93/100 tox|[from] psn
|upkeep
|turn|14
|j| DanDaMan99
|
|move|p2a: Lunala|Calm Mind|p2a: Lunala
|-boost|p2a: Lunala|spa|1
|-boost|p2a: Lunala|spd|1
|move|p1a: Eternatus|Recover|p1a: Eternatus
|-heal|p1a: Eternatus|100/100
|
|-damage|p2a: Lunala|81/100 tox|[from] psn
|upkeep
|turn|15
|
|move|p2a: Lunala|Moongeist Beam|p1a: Eternatus
|-damage|p1a: Eternatus|45/100
|move|p1a: Eternatus|Dynamax Cannon|p2a: Lunala
|-damage|p2a: Lunala|54/100 tox
|
|-damage|p2a: Lunala|35/100 tox|[from] psn
|upkeep
|turn|16
|
|switch|p1a: Tyranitar|Tyranitar, M|27/100
|-damage|p1a: Tyranitar|14/100|[from] Spikes
|-weather|Sandstorm|[from] ability: Sand Stream|[of] p1a: Tyranitar
|move|p2a: Lunala|Roost|p2a: Lunala
|-heal|p2a: Lunala|85/100 tox
|-singleturn|p2a: Lunala|move: Roost
|
|-weather|Sandstorm|[upkeep]
|-damage|p2a: Lunala|79/100 tox|[from] Sandstorm
|-heal|p1a: Tyranitar|21/100|[from] item: Leftovers
|-damage|p2a: Lunala|54/100 tox|[from] psn
|upkeep
|turn|17
|
|switch|p2a: Ferrothorn|Ferrothorn, M|100/100
|-damage|p2a: Ferrothorn|94/100|[from] Stealth Rock
|switch|p1a: Necrozma|Necrozma-Dusk-Mane|100/100
|-damage|p1a: Necrozma|88/100|[from] Spikes
|
|-weather|Sandstorm|[upkeep]
|-heal|p2a: Ferrothorn|100/100|[from] item: Leftovers
|upkeep
|turn|18
|
|move|p1a: Necrozma|Dragon Dance|p1a: Necrozma
|-boost|p1a: Necrozma|atk|1
|-boost|p1a: Necrozma|spe|1
|move|p2a: Ferrothorn|Leech Seed|p1a: Necrozma|[miss]
|-miss|p2a: Ferrothorn|p1a: Necrozma
|
|-weather|Sandstorm|[upkeep]
|upkeep
|turn|19
|
|move|p1a: Necrozma|Dragon Dance|p1a: Necrozma
|-boost|p1a: Necrozma|atk|1
|-boost|p1a: Necrozma|spe|1
|move|p2a: Ferrothorn|Leech Seed|p1a: Necrozma
|-start|p1a: Necrozma|move: Leech Seed
|
|-weather|Sandstorm|[upkeep]
|-damage|p1a: Necrozma|76/100|[from] Leech Seed|[of] p2a: Ferrothorn
|upkeep
|turn|20
|
|switch|p1a: Eternatus|Eternatus|45/100
|-damage|p1a: Eternatus|33/100|[from] Spikes
|-ability|p1a: Eternatus|Pressure
|move|p2a: Ferrothorn|Curse|p2a: Ferrothorn
|-unboost|p2a: Ferrothorn|spe|1
|-boost|p2a: Ferrothorn|atk|1
|-boost|p2a: Ferrothorn|def|1
|
|-weather|none
|upkeep
|turn|21
|inactive|I like Lovely has 120 seconds left.
|
|switch|p2a: Mandibuzz|Mandibuzz, F|58/100 brn
|move|p1a: Eternatus|Recover|p1a: Eternatus
|-heal|p1a: Eternatus|83/100
|
|-damage|p2a: Mandibuzz|52/100 brn|[from] brn
|upkeep
|turn|22
|
|switch|p1a: Darmanitan|Darmanitan-Galar, M|100/100
|-damage|p1a: Darmanitan|88/100|[from] Spikes
|move|p2a: Mandibuzz|Roost|p2a: Mandibuzz
|-heal|p2a: Mandibuzz|100/100 brn
|-singleturn|p2a: Mandibuzz|move: Roost
|
|-damage|p2a: Mandibuzz|94/100 brn|[from] brn
|upkeep
|turn|23
|
|switch|p2a: Necrozma|Necrozma-Dusk-Mane|98/100
|-damage|p2a: Necrozma|92/100|[from] Stealth Rock
|move|p1a: Darmanitan|Icicle Crash|p2a: Necrozma
|-resisted|p2a: Necrozma
|-damage|p2a: Necrozma|66/100
|
|-heal|p2a: Necrozma|72/100|[from] item: Leftovers
|upkeep
|turn|24
|
|switch|p1a: Eternatus|Eternatus|83/100
|-damage|p1a: Eternatus|71/100|[from] Spikes
|-ability|p1a: Eternatus|Pressure
|move|p2a: Necrozma|Stealth Rock|p1a: Eternatus
|-sidestart|p1: asamiii|move: Stealth Rock
|
|-heal|p2a: Necrozma|78/100|[from] item: Leftovers
|upkeep
|turn|25
|
|switch|p2a: Mandibuzz|Mandibuzz, F|94/100 brn
|move|p1a: Eternatus|Flamethrower|p2a: Mandibuzz
|-damage|p2a: Mandibuzz|78/100 brn
|
|-damage|p2a: Mandibuzz|72/100 brn|[from] brn
|upkeep
|turn|26
|
|move|p1a: Eternatus|Flamethrower|p2a: Mandibuzz
|-damage|p2a: Mandibuzz|54/100 brn
|move|p2a: Mandibuzz|Roost|p2a: Mandibuzz
|-heal|p2a: Mandibuzz|100/100 brn
|-singleturn|p2a: Mandibuzz|move: Roost
|
|-damage|p2a: Mandibuzz|94/100 brn|[from] brn
|upkeep
|turn|27
|
|move|p1a: Eternatus|Recover|p1a: Eternatus
|-heal|p1a: Eternatus|100/100
|move|p2a: Mandibuzz|U-turn|p1a: Eternatus
|-resisted|p1a: Eternatus
|-damage|p1a: Eternatus|99/100
|
|switch|p2a: Lunala|Lunala|54/100 tox|[from]move: U-turn
|
|-damage|p2a: Lunala|48/100 tox|[from] psn
|upkeep
|turn|28
|
|move|p2a: Lunala|Roost|p2a: Lunala
|-heal|p2a: Lunala|98/100 tox
|-singleturn|p2a: Lunala|move: Roost
|move|p1a: Eternatus|Flamethrower|p2a: Lunala
|-damage|p2a: Lunala|76/100 tox
|
|-damage|p2a: Lunala|63/100 tox|[from] psn
|upkeep
|turn|29
|
|move|p2a: Lunala|Roost|p2a: Lunala
|-heal|p2a: Lunala|100/100 tox
|-singleturn|p2a: Lunala|move: Roost
|move|p1a: Eternatus|Flamethrower|p2a: Lunala
|-damage|p2a: Lunala|89/100 tox
|
|-damage|p2a: Lunala|70/100 tox|[from] psn
|upkeep
|turn|30
|
|switch|p2a: Mandibuzz|Mandibuzz, F|94/100 brn
|move|p1a: Eternatus|Flamethrower|p2a: Mandibuzz
|-damage|p2a: Mandibuzz|76/100 brn
|
|-damage|p2a: Mandibuzz|70/100 brn|[from] brn
|upkeep
|turn|31
|
|move|p1a: Eternatus|Flamethrower|p2a: Mandibuzz
|-damage|p2a: Mandibuzz|54/100 brn
|move|p2a: Mandibuzz|Roost|p2a: Mandibuzz
|-heal|p2a: Mandibuzz|100/100 brn
|-singleturn|p2a: Mandibuzz|move: Roost
|
|-damage|p2a: Mandibuzz|94/100 brn|[from] brn
|upkeep
|turn|32
|
|move|p1a: Eternatus|Flamethrower|p2a: Mandibuzz
|-damage|p2a: Mandibuzz|78/100 brn
|move|p2a: Mandibuzz|Knock Off|p1a: Eternatus
|-damage|p1a: Eternatus|95/100
|
|-damage|p2a: Mandibuzz|72/100 brn|[from] brn
|upkeep
|turn|33
|
|switch|p1a: Darmanitan|Darmanitan-Galar, M|88/100
|-damage|p1a: Darmanitan|76/100|[from] Spikes
|-damage|p1a: Darmanitan|51/100|[from] Stealth Rock
|move|p2a: Mandibuzz|Roost|p2a: Mandibuzz
|-heal|p2a: Mandibuzz|100/100 brn
|-singleturn|p2a: Mandibuzz|move: Roost
|
|-damage|p2a: Mandibuzz|94/100 brn|[from] brn
|upkeep
|turn|34
|
|switch|p2a: Necrozma|Necrozma-Dusk-Mane|78/100
|-damage|p2a: Necrozma|72/100|[from] Stealth Rock
|move|p1a: Darmanitan|Icicle Crash|p2a: Necrozma
|-resisted|p2a: Necrozma
|-damage|p2a: Necrozma|45/100
|
|-heal|p2a: Necrozma|52/100|[from] item: Leftovers
|upkeep
|turn|35
|
|-start|p1a: Darmanitan|Dynamax
|-heal|p1a: Darmanitan|51/100|[silent]
|move|p1a: Darmanitan|Max Flare|p2a: Necrozma
|-supereffective|p2a: Necrozma
|-damage|p2a: Necrozma|9/100
|-weather|SunnyDay
|move|p2a: Necrozma|Morning Sun|p2a: Necrozma
|-heal|p2a: Necrozma|76/100
|
|-weather|SunnyDay|[upkeep]
|-heal|p2a: Necrozma|82/100|[from] item: Leftovers
|upkeep
|turn|36
|l| Axew_01
|l| DanDaMan99
|
|move|p1a: Darmanitan|Max Flare|p2a: Necrozma
|-supereffective|p2a: Necrozma
|-damage|p2a: Necrozma|21/100
|move|p2a: Necrozma|Morning Sun|p2a: Necrozma
|-heal|p2a: Necrozma|88/100
|
|-weather|SunnyDay|[upkeep]
|-heal|p2a: Necrozma|94/100|[from] item: Leftovers
|upkeep
|turn|37
|
|move|p1a: Darmanitan|Max Flare|p2a: Necrozma
|-supereffective|p2a: Necrozma
|-damage|p2a: Necrozma|39/100
|move|p2a: Necrozma|Morning Sun|p2a: Necrozma
|-heal|p2a: Necrozma|100/100
|
|-weather|SunnyDay|[upkeep]
|-end|p1a: Darmanitan|Dynamax
|-heal|p1a: Darmanitan|51/100|[silent]
|upkeep
|turn|38
|
|switch|p1a: Eternatus|Eternatus|95/100
|-damage|p1a: Eternatus|83/100|[from] Spikes
|-damage|p1a: Eternatus|70/100|[from] Stealth Rock
|-ability|p1a: Eternatus|Pressure
|move|p2a: Necrozma|Sunsteel Strike|p1a: Eternatus
|-damage|p1a: Eternatus|42/100
|
|-weather|SunnyDay|[upkeep]
|upkeep
|turn|39
|
|switch|p2a: Lunala|Lunala|70/100 tox
|move|p1a: Eternatus|Recover|p1a: Eternatus
|-heal|p1a: Eternatus|92/100
|
|-weather|none
|-damage|p2a: Lunala|64/100 tox|[from] psn
|upkeep
|turn|40
|
|move|p2a: Lunala|Calm Mind|p2a: Lunala
|-boost|p2a: Lunala|spa|1
|-boost|p2a: Lunala|spd|1
|move|p1a: Eternatus|Flamethrower|p2a: Lunala
|-damage|p2a: Lunala|50/100 tox
|
|-damage|p2a: Lunala|37/100 tox|[from] psn
|upkeep
|turn|41
|
|move|p2a: Lunala|Roost|p2a: Lunala
|-heal|p2a: Lunala|87/100 tox
|-singleturn|p2a: Lunala|move: Roost
|move|p1a: Eternatus|Dynamax Cannon|p2a: Lunala
|-damage|p2a: Lunala|61/100 tox
|
|-damage|p2a: Lunala|43/100 tox|[from] psn
|upkeep
|turn|42
|
|move|p2a: Lunala|Roost|p2a: Lunala
|-heal|p2a: Lunala|93/100 tox
|-singleturn|p2a: Lunala|move: Roost
|move|p1a: Eternatus|Dynamax Cannon|p2a: Lunala
|-damage|p2a: Lunala|67/100 tox
|
|-damage|p2a: Lunala|42/100 tox|[from] psn
|upkeep
|turn|43
|
|switch|p2a: Mandibuzz|Mandibuzz, F|94/100 brn
|switch|p1a: Tyranitar|Tyranitar, M|21/100
|-damage|p1a: Tyranitar|8/100|[from] Spikes
|-damage|p1a: Tyranitar|0 fnt|[from] Stealth Rock
|faint|p1a: Tyranitar
|
|-damage|p2a: Mandibuzz|88/100 brn|[from] brn
|upkeep
|
|switch|p1a: Darmanitan|Darmanitan-Galar, M|51/100
|-damage|p1a: Darmanitan|39/100|[from] Spikes
|-damage|p1a: Darmanitan|14/100|[from] Stealth Rock
|turn|44
|
|switch|p2a: Necrozma|Necrozma-Dusk-Mane|100/100
|-damage|p2a: Necrozma|94/100|[from] Stealth Rock
|move|p1a: Darmanitan|Icicle Crash|p2a: Necrozma
|-resisted|p2a: Necrozma
|-damage|p2a: Necrozma|67/100
|
|-heal|p2a: Necrozma|73/100|[from] item: Leftovers
|upkeep
|turn|45
|j| Fogbound Lake
|
|switch|p1a: Lunala|Lunala|100/100
|move|p2a: Necrozma|Morning Sun|p2a: Necrozma
|-heal|p2a: Necrozma|100/100
|
|upkeep
|turn|46
|
|switch|p2a: Eternatus|Eternatus|100/100
|-damage|p2a: Eternatus|88/100|[from] Stealth Rock
|-ability|p2a: Eternatus|Pressure
|move|p1a: Lunala|Defog|p2a: Eternatus
|-unboost|p2a: Eternatus|evasion|1
|-sideend|p2: I like Lovely|Stealth Rock|[from] move: Defog|[of] p1a: Lunala
|-sideend|p1: asamiii|Spikes|[from] move: Defog|[of] p1a: Lunala
|-sideend|p1: asamiii|Stealth Rock|[from] move: Defog|[of] p1a: Lunala
|
|-heal|p2a: Eternatus|94/100|[from] item: Black Sludge
|upkeep
|turn|47
|
|move|p2a: Eternatus|Dynamax Cannon|p1a: Lunala
|-damage|p1a: Lunala|84/100
|move|p1a: Lunala|Will-O-Wisp|p2a: Eternatus
|-status|p2a: Eternatus|brn
|
|-heal|p2a: Eternatus|99/100 brn|[from] item: Black Sludge
|-damage|p2a: Eternatus|94/100 brn|[from] brn
|upkeep
|turn|48
|
|move|p2a: Eternatus|Toxic|p1a: Lunala
|-status|p1a: Lunala|tox
|move|p1a: Lunala|Roost|p1a: Lunala
|-heal|p1a: Lunala|100/100 tox
|-singleturn|p1a: Lunala|move: Roost
|
|-heal|p2a: Eternatus|99/100 brn|[from] item: Black Sludge
|-damage|p2a: Eternatus|94/100 brn|[from] brn
|-damage|p1a: Lunala|94/100 tox|[from] psn
|upkeep
|turn|49
|
|switch|p1a: Necrozma|Necrozma-Dusk-Mane|76/100
|move|p2a: Eternatus|Dynamax Cannon|p1a: Necrozma
|-resisted|p1a: Necrozma
|-damage|p1a: Necrozma|57/100
|
|-heal|p2a: Eternatus|99/100 brn|[from] item: Black Sludge
|-damage|p2a: Eternatus|94/100 brn|[from] brn
|upkeep
|turn|50
|
|switch|p2a: Ferrothorn|Ferrothorn, M|100/100
|move|p1a: Necrozma|Morning Sun|p1a: Necrozma
|-heal|p1a: Necrozma|100/100
|
|upkeep
|turn|51
|
|switch|p1a: Eternatus|Eternatus|92/100
|-ability|p1a: Eternatus|Pressure
|move|p2a: Ferrothorn|Spikes|p1a: Eternatus
|-sidestart|p1: asamiii|Spikes
|
|upkeep
|turn|52
|
|switch|p2a: Mandibuzz|Mandibuzz, F|88/100 brn
|move|p1a: Eternatus|Dynamax Cannon|p2a: Mandibuzz
|-damage|p2a: Mandibuzz|60/100 brn
|
|-damage|p2a: Mandibuzz|54/100 brn|[from] brn
|upkeep
|turn|53
|
|switch|p1a: Darmanitan|Darmanitan-Galar, M|14/100
|-damage|p1a: Darmanitan|2/100|[from] Spikes
|move|p2a: Mandibuzz|Roost|p2a: Mandibuzz
|-heal|p2a: Mandibuzz|100/100 brn
|-singleturn|p2a: Mandibuzz|move: Roost
|
|-damage|p2a: Mandibuzz|94/100 brn|[from] brn
|upkeep
|turn|54
|
|switch|p2a: Necrozma|Necrozma-Dusk-Mane|100/100
|move|p1a: Darmanitan|Icicle Crash|p2a: Necrozma
|-resisted|p2a: Necrozma
|-damage|p2a: Necrozma|72/100
|
|-heal|p2a: Necrozma|78/100|[from] item: Leftovers
|upkeep
|turn|55
|
|switch|p1a: Necrozma|Necrozma-Dusk-Mane|100/100
|-damage|p1a: Necrozma|88/100|[from] Spikes
|move|p2a: Necrozma|Stealth Rock|p1a: Necrozma
|-sidestart|p1: asamiii|move: Stealth Rock
|
|-heal|p2a: Necrozma|84/100|[from] item: Leftovers
|upkeep
|turn|56
|
|switch|p2a: Ferrothorn|Ferrothorn, M|100/100
|move|p1a: Necrozma|Dragon Dance|p1a: Necrozma
|-boost|p1a: Necrozma|atk|1
|-boost|p1a: Necrozma|spe|1
|
|upkeep
|turn|57
|
|move|p1a: Necrozma|Earthquake|p2a: Ferrothorn
|-damage|p2a: Ferrothorn|68/100
|move|p2a: Ferrothorn|Leech Seed|p1a: Necrozma
|-start|p1a: Necrozma|move: Leech Seed
|
|-heal|p2a: Ferrothorn|75/100|[from] item: Leftovers
|-damage|p1a: Necrozma|76/100|[from] Leech Seed|[of] p2a: Ferrothorn
|-heal|p2a: Ferrothorn|89/100|[silent]
|upkeep
|turn|58
|
|switch|p1a: Lunala|Lunala|94/100 tox
|move|p2a: Ferrothorn|Curse|p2a: Ferrothorn
|-unboost|p2a: Ferrothorn|spe|1
|-boost|p2a: Ferrothorn|atk|1
|-boost|p2a: Ferrothorn|def|1
|
|-heal|p2a: Ferrothorn|95/100|[from] item: Leftovers
|-damage|p1a: Lunala|88/100 tox|[from] psn
|upkeep
|turn|59
|
|move|p1a: Lunala|Defog|p2a: Ferrothorn
|-unboost|p2a: Ferrothorn|evasion|1
|-sideend|p1: asamiii|Spikes|[from] move: Defog|[of] p1a: Lunala
|-sideend|p1: asamiii|Stealth Rock|[from] move: Defog|[of] p1a: Lunala
|move|p2a: Ferrothorn|Knock Off|p1a: Lunala
|-supereffective|p1a: Lunala
|-damage|p1a: Lunala|19/100 tox
|-enditem|p1a: Lunala|Heavy-Duty Boots|[from] move: Knock Off|[of] p2a: Ferrothorn
|
|-heal|p2a: Ferrothorn|100/100|[from] item: Leftovers
|-damage|p1a: Lunala|7/100 tox|[from] psn
|upkeep
|turn|60
|
|switch|p1a: Eternatus|Eternatus|92/100
|-ability|p1a: Eternatus|Pressure
|move|p2a: Ferrothorn|Spikes|p1a: Eternatus
|-sidestart|p1: asamiii|Spikes
|
|upkeep
|turn|61
|c|☆asamiii|Why not body press? :v
|
|switch|p1a: Necrozma|Necrozma-Dusk-Mane|76/100
|-damage|p1a: Necrozma|64/100|[from] Spikes
|switch|p2a: Mandibuzz|Mandibuzz, F|94/100 brn
|
|-damage|p2a: Mandibuzz|88/100 brn|[from] brn
|upkeep
|turn|62
|
|move|p2a: Mandibuzz|Taunt|p1a: Necrozma
|-start|p1a: Necrozma|move: Taunt
|cant|p1a: Necrozma|move: Taunt|Dragon Dance
|
|-damage|p2a: Mandibuzz|82/100 brn|[from] brn
|upkeep
|turn|63
|
|switch|p1a: Eternatus|Eternatus|92/100
|-damage|p1a: Eternatus|80/100|[from] Spikes
|-ability|p1a: Eternatus|Pressure
|move|p2a: Mandibuzz|U-turn|p1a: Eternatus
|-resisted|p1a: Eternatus
|-damage|p1a: Eternatus|78/100
|
|switch|p2a: Lunala|Lunala|42/100 tox|[from]move: U-turn
|
|-damage|p2a: Lunala|35/100 tox|[from] psn
|upkeep
|turn|64
|
|move|p2a: Lunala|Roost|p2a: Lunala
|-heal|p2a: Lunala|85/100 tox
|-singleturn|p2a: Lunala|move: Roost
|move|p1a: Eternatus|Dynamax Cannon|p2a: Lunala
|-damage|p2a: Lunala|47/100 tox
|
|-damage|p2a: Lunala|35/100 tox|[from] psn
|upkeep
|turn|65
|
|move|p2a: Lunala|Roost|p2a: Lunala
|-heal|p2a: Lunala|85/100 tox
|-singleturn|p2a: Lunala|move: Roost
|move|p1a: Eternatus|Flamethrower|p2a: Lunala
|-damage|p2a: Lunala|63/100 tox
|
|-damage|p2a: Lunala|45/100 tox|[from] psn
|upkeep
|turn|66
|
|move|p2a: Lunala|Roost|p2a: Lunala
|-heal|p2a: Lunala|95/100 tox
|-singleturn|p2a: Lunala|move: Roost
|move|p1a: Eternatus|Flamethrower|p2a: Lunala
|-damage|p2a: Lunala|74/100 tox
|
|-damage|p2a: Lunala|49/100 tox|[from] psn
|upkeep
|turn|67
|
|switch|p2a: Mandibuzz|Mandibuzz, F|82/100 brn
|switch|p1a: Zekrom|Zekrom|54/100
|-damage|p1a: Zekrom|42/100|[from] Spikes
|-ability|p1a: Zekrom|Teravolt
|
|-heal|p1a: Zekrom|48/100|[from] item: Leftovers
|-damage|p2a: Mandibuzz|76/100 brn|[from] brn
|upkeep
|turn|68
|
|switch|p2a: Ferrothorn|Ferrothorn, M|100/100
|move|p1a: Zekrom|Bolt Strike|p2a: Ferrothorn
|-resisted|p2a: Ferrothorn
|-damage|p2a: Ferrothorn|79/100
|-damage|p1a: Zekrom|35/100|[from] ability: Iron Barbs|[of] p2a: Ferrothorn
|
|-heal|p1a: Zekrom|42/100|[from] item: Leftovers
|-heal|p2a: Ferrothorn|85/100|[from] item: Leftovers
|upkeep
|turn|69
|
|move|p1a: Zekrom|Substitute|p1a: Zekrom
|-start|p1a: Zekrom|Substitute
|-damage|p1a: Zekrom|17/100
|move|p2a: Ferrothorn|Spikes|p1a: Zekrom
|-sidestart|p1: asamiii|Spikes
|
|-heal|p1a: Zekrom|23/100|[from] item: Leftovers
|-heal|p2a: Ferrothorn|92/100|[from] item: Leftovers
|upkeep
|turn|70
|
|move|p1a: Zekrom|Bolt Strike|p2a: Ferrothorn|[miss]
|-miss|p1a: Zekrom|p2a: Ferrothorn
|move|p2a: Ferrothorn|Curse|p2a: Ferrothorn
|-unboost|p2a: Ferrothorn|spe|1
|-boost|p2a: Ferrothorn|atk|1
|-boost|p2a: Ferrothorn|def|1
|
|-heal|p1a: Zekrom|29/100|[from] item: Leftovers
|-heal|p2a: Ferrothorn|98/100|[from] item: Leftovers
|upkeep
|turn|71
|
|move|p1a: Zekrom|Bolt Strike|p2a: Ferrothorn
|-resisted|p2a: Ferrothorn
|-damage|p2a: Ferrothorn|83/100
|-damage|p1a: Zekrom|17/100|[from] ability: Iron Barbs|[of] p2a: Ferrothorn
|move|p2a: Ferrothorn|Spikes|p1a: Zekrom
|-sidestart|p1: asamiii|Spikes
|
|-heal|p1a: Zekrom|23/100|[from] item: Leftovers
|-heal|p2a: Ferrothorn|90/100|[from] item: Leftovers
|upkeep
|turn|72
|
|move|p1a: Zekrom|Bolt Strike|p2a: Ferrothorn
|-resisted|p2a: Ferrothorn
|-damage|p2a: Ferrothorn|74/100
|-damage|p1a: Zekrom|10/100|[from] ability: Iron Barbs|[of] p2a: Ferrothorn
|move|p2a: Ferrothorn|Knock Off|p1a: Zekrom
|-end|p1a: Zekrom|Substitute
|
|-heal|p1a: Zekrom|17/100|[from] item: Leftovers
|-heal|p2a: Ferrothorn|80/100|[from] item: Leftovers
|upkeep
|turn|73
|
|move|p1a: Zekrom|Bolt Strike|p2a: Ferrothorn
|-resisted|p2a: Ferrothorn
|-damage|p2a: Ferrothorn|66/100
|-damage|p1a: Zekrom|4/100|[from] ability: Iron Barbs|[of] p2a: Ferrothorn
|move|p2a: Ferrothorn|Curse|p2a: Ferrothorn
|-unboost|p2a: Ferrothorn|spe|1
|-boost|p2a: Ferrothorn|atk|1
|-boost|p2a: Ferrothorn|def|1
|
|-heal|p1a: Zekrom|10/100|[from] item: Leftovers
|-heal|p2a: Ferrothorn|72/100|[from] item: Leftovers
|upkeep
|turn|74
|
|move|p1a: Zekrom|Bolt Strike|p2a: Ferrothorn
|-resisted|p2a: Ferrothorn
|-damage|p2a: Ferrothorn|62/100
|-damage|p1a: Zekrom|0 fnt|[from] ability: Iron Barbs|[of] p2a: Ferrothorn
|faint|p1a: Zekrom
|move|p2a: Ferrothorn|Leech Seed|p1: Zekrom|[notarget]
|-fail|p2a: Ferrothorn
|
|-heal|p2a: Ferrothorn|68/100|[from] item: Leftovers
|upkeep
|
|switch|p1a: Necrozma|Necrozma-Dusk-Mane|64/100
|-damage|p1a: Necrozma|39/100|[from] Spikes
|turn|75
|
|move|p1a: Necrozma|Morning Sun|p1a: Necrozma
|-heal|p1a: Necrozma|89/100
|move|p2a: Ferrothorn|Knock Off|p1a: Necrozma
|-supereffective|p1a: Necrozma
|-damage|p1a: Necrozma|58/100
|-enditem|p1a: Necrozma|Weakness Policy
|-boost|p1a: Necrozma|atk|2|[from] item: Weakness Policy
|-boost|p1a: Necrozma|spa|2|[from] item: Weakness Policy
|
|-heal|p2a: Ferrothorn|74/100|[from] item: Leftovers
|upkeep
|turn|76
|
|move|p1a: Necrozma|Dragon Dance|p1a: Necrozma
|-boost|p1a: Necrozma|atk|1
|-boost|p1a: Necrozma|spe|1
|move|p2a: Ferrothorn|Leech Seed|p1a: Necrozma
|-start|p1a: Necrozma|move: Leech Seed
|
|-heal|p2a: Ferrothorn|80/100|[from] item: Leftovers
|-damage|p1a: Necrozma|45/100|[from] Leech Seed|[of] p2a: Ferrothorn
|-heal|p2a: Ferrothorn|94/100|[silent]
|upkeep
|turn|77
|
|move|p1a: Necrozma|Earthquake|p2a: Ferrothorn
|-damage|p2a: Ferrothorn|69/100
|move|p2a: Ferrothorn|Curse|p2a: Ferrothorn
|-unboost|p2a: Ferrothorn|spe|1
|-boost|p2a: Ferrothorn|atk|1
|-boost|p2a: Ferrothorn|def|1
|
|-heal|p2a: Ferrothorn|75/100|[from] item: Leftovers
|-damage|p1a: Necrozma|33/100|[from] Leech Seed|[of] p2a: Ferrothorn
|-heal|p2a: Ferrothorn|89/100|[silent]
|upkeep
|turn|78
|
|switch|p1a: Eternatus|Eternatus|78/100
|-damage|p1a: Eternatus|53/100|[from] Spikes
|-ability|p1a: Eternatus|Pressure
|move|p2a: Ferrothorn|Curse|p2a: Ferrothorn
|-unboost|p2a: Ferrothorn|spe|1
|-boost|p2a: Ferrothorn|atk|1
|-boost|p2a: Ferrothorn|def|1
|
|-heal|p2a: Ferrothorn|95/100|[from] item: Leftovers
|upkeep
|turn|79
|
|switch|p2a: Mandibuzz|Mandibuzz, F|76/100 brn
|move|p1a: Eternatus|Flamethrower|p2a: Mandibuzz
|-damage|p2a: Mandibuzz|57/100 brn
|
|-damage|p2a: Mandibuzz|51/100 brn|[from] brn
|upkeep
|turn|80
|
|move|p1a: Eternatus|Dynamax Cannon|p2a: Mandibuzz
|-damage|p2a: Mandibuzz|21/100 brn
|move|p2a: Mandibuzz|Roost|p2a: Mandibuzz
|-heal|p2a: Mandibuzz|71/100 brn
|-singleturn|p2a: Mandibuzz|move: Roost
|
|-damage|p2a: Mandibuzz|64/100 brn|[from] brn
|upkeep
|turn|81
|
|move|p1a: Eternatus|Flamethrower|p2a: Mandibuzz
|-damage|p2a: Mandibuzz|47/100 brn
|move|p2a: Mandibuzz|Roost|p2a: Mandibuzz
|-heal|p2a: Mandibuzz|97/100 brn
|-singleturn|p2a: Mandibuzz|move: Roost
|
|-damage|p2a: Mandibuzz|91/100 brn|[from] brn
|upkeep
|turn|82
|
|move|p1a: Eternatus|Flamethrower|p2a: Mandibuzz
|-damage|p2a: Mandibuzz|75/100 brn
|move|p2a: Mandibuzz|U-turn|p1a: Eternatus
|-resisted|p1a: Eternatus
|-damage|p1a: Eternatus|52/100
|
|switch|p2a: Necrozma|Necrozma-Dusk-Mane|84/100|[from]move: U-turn
|
|-heal|p2a: Necrozma|90/100|[from] item: Leftovers
|upkeep
|turn|83
|
|move|p1a: Eternatus|Flamethrower|p2a: Necrozma
|-supereffective|p2a: Necrozma
|-damage|p2a: Necrozma|58/100
|move|p2a: Necrozma|Stealth Rock|p1a: Eternatus
|-sidestart|p1: asamiii|move: Stealth Rock
|
|-heal|p2a: Necrozma|64/100|[from] item: Leftovers
|upkeep
|turn|84
|
|move|p1a: Eternatus|Flamethrower|p2a: Necrozma
|-supereffective|p2a: Necrozma
|-damage|p2a: Necrozma|27/100
|-status|p2a: Necrozma|brn
|move|p2a: Necrozma|Morning Sun|p2a: Necrozma
|-heal|p2a: Necrozma|77/100 brn
|
|-heal|p2a: Necrozma|83/100 brn|[from] item: Leftovers
|-damage|p2a: Necrozma|77/100 brn|[from] brn
|upkeep
|turn|85
|
|switch|p2a: Mandibuzz|Mandibuzz, F|75/100 brn
|move|p1a: Eternatus|Recover|p1a: Eternatus
|-heal|p1a: Eternatus|100/100
|
|-damage|p2a: Mandibuzz|68/100 brn|[from] brn
|upkeep
|turn|86
|
|switch|p2a: Ditto|Ditto|100/100
|-transform|p2a: Ditto|p1a: Eternatus|[from] ability: Imposter
|-ability|p2a: Ditto|Pressure
|move|p1a: Eternatus|Flamethrower|p2a: Ditto
|-resisted|p2a: Ditto
|-damage|p2a: Ditto|83/100
|
|upkeep
|turn|87
|
|move|p2a: Ditto|Dynamax Cannon|p1a: Eternatus
|-supereffective|p1a: Eternatus
|-damage|p1a: Eternatus|27/100
|move|p1a: Eternatus|Flamethrower|p2a: Ditto
|-resisted|p2a: Ditto
|-damage|p2a: Ditto|65/100
|
|upkeep
|turn|88
|
|move|p2a: Ditto|Dynamax Cannon|p1a: Eternatus
|-supereffective|p1a: Eternatus
|-damage|p1a: Eternatus|0 fnt
|faint|p1a: Eternatus
|
|upkeep
|
|switch|p1a: Lunala|Lunala|7/100 tox
|-damage|p1a: Lunala|0 fnt|[from] Stealth Rock
|faint|p1a: Lunala
|
|switch|p1a: Darmanitan|Darmanitan-Galar, M|2/100
|-damage|p1a: Darmanitan|0 fnt|[from] Stealth Rock
|faint|p1a: Darmanitan
|
|switch|p1a: Necrozma|Necrozma-Dusk-Mane|33/100
|-damage|p1a: Necrozma|27/100|[from] Stealth Rock
|-damage|p1a: Necrozma|2/100|[from] Spikes
|turn|89
|
|move|p2a: Ditto|Dynamax Cannon|p1a: Necrozma
|-resisted|p1a: Necrozma
|-damage|p1a: Necrozma|0 fnt
|faint|p1a: Necrozma
|
|win|I like Lovely
|l|☆asamiii
|raw|asamiii's rating: 1801 &rarr; <strong>1776</strong><br />(-25 for losing)
|raw|I like Lovely's rating: 1705 &rarr; <strong>1731</strong><br />(+26 for winning)
