|j|☆killer whale squa
|j|☆Silver2195
|player|p1|killer whale squa|216|1355
|player|p2|Silver2195|1|1536
|teamsize|p1|6
|teamsize|p2|6
|gametype|singles
|gen|8
|tier|[Gen 8] Ubers
|rated|
|clearpoke
|poke|p1|Corviknight, F|
|poke|p1|Tyranitar, M|
|poke|p1|Zacian-*|
|poke|p1|Dragapult, F|
|poke|p1|Ditto|
|poke|p1|Rotom-Heat|
|poke|p2|Zacian-*|
|poke|p2|Ditto|
|poke|p2|Eternatus|
|poke|p2|Toxapex, F|
|poke|p2|Corviknight, F|
|poke|p2|Quagsire, F|
|rule|Sleep Clause Mod: Limit one foe put to sleep
|rule|Species Clause: Limit one of each Pokémon
|rule|OHKO Clause: OHKO moves are banned
|rule|Evasion Moves Clause: Evasion moves are banned
|rule|Endless Battle Clause: Forcing endless battles is banned
|rule|HP Percentage Mod: HP is shown in percentages
|teampreview
|
|start
|switch|p1a: Dragapult|Dragapult, F|100/100
|switch|p2a: Zacian|Zacian-Crowned|100/100
|-ability|p2a: Zacian|Intrepid Sword|boost
|-boost|p2a: Zacian|atk|1
|turn|1
|
|switch|p1a: Corviknight|Corviknight, F|100/100
|-ability|p1a: Corviknight|Pressure
|switch|p2a: Toxapex|Toxapex, F|100/100
|
|upkeep
|turn|2
|
|switch|p1a: Ditto|Ditto|100/100
|-transform|p1a: Ditto|p2a: Toxapex|[from] ability: Imposter
|switch|p2a: Eternatus|Eternatus|100/100
|-ability|p2a: Eternatus|Pressure
|
|upkeep
|turn|3
|
|move|p2a: Eternatus|Substitute|p2a: Eternatus
|-start|p2a: Eternatus|Substitute
|-damage|p2a: Eternatus|76/100
|move|p1a: Ditto|Scald|p2a: Eternatus
|-resisted|p2a: Eternatus
|-activate|p2a: Eternatus|move: Substitute|[damage]
|
|upkeep
|turn|4
|
|move|p2a: Eternatus|Flamethrower|p1a: Ditto
|-resisted|p1a: Ditto
|-damage|p1a: Ditto|86/100
|-damage|p2a: Eternatus|66/100|[from] item: Life Orb
|move|p1a: Ditto|Scald|p2a: Eternatus
|-resisted|p2a: Eternatus
|-activate|p2a: Eternatus|move: Substitute|[damage]
|
|upkeep
|turn|5
|
|move|p2a: Eternatus|Dynamax Cannon|p1a: Ditto
|-damage|p1a: Ditto|42/100
|-damage|p2a: Eternatus|56/100|[from] item: Life Orb
|move|p1a: Ditto|Scald|p2a: Eternatus
|-resisted|p2a: Eternatus
|-activate|p2a: Eternatus|move: Substitute|[damage]
|
|upkeep
|turn|6
|
|switch|p1a: Tyranitar|Tyranitar, M|100/100
|-weather|Sandstorm|[from] ability: Sand Stream|[of] p1a: Tyranitar
|move|p2a: Eternatus|Flamethrower|p1a: Tyranitar
|-resisted|p1a: Tyranitar
|-damage|p1a: Tyranitar|90/100
|-damage|p2a: Eternatus|46/100|[from] item: Life Orb
|
|-weather|Sandstorm|[upkeep]
|-damage|p2a: Eternatus|39/100|[from] Sandstorm
|-heal|p1a: Tyranitar|96/100|[from] item: Leftovers
|upkeep
|turn|7
|
|move|p2a: Eternatus|Recover|p2a: Eternatus
|-heal|p2a: Eternatus|90/100
|move|p1a: Tyranitar|Stealth Rock|p2a: Eternatus
|-sidestart|p2: Silver2195|move: Stealth Rock
|
|-weather|Sandstorm|[upkeep]
|-damage|p2a: Eternatus|83/100|[from] Sandstorm
|-heal|p1a: Tyranitar|100/100|[from] item: Leftovers
|upkeep
|turn|8
|
|move|p2a: Eternatus|Dynamax Cannon|p1a: Tyranitar
|-damage|p1a: Tyranitar|70/100
|-damage|p2a: Eternatus|73/100|[from] item: Life Orb
|move|p1a: Tyranitar|Snarl|p2a: Eternatus
|-damage|p2a: Eternatus|56/100
|-unboost|p2a: Eternatus|spa|1
|
|-weather|Sandstorm|[upkeep]
|-damage|p2a: Eternatus|50/100|[from] Sandstorm
|-heal|p1a: Tyranitar|76/100|[from] item: Leftovers
|upkeep
|turn|9
|
|move|p2a: Eternatus|Recover|p2a: Eternatus
|-heal|p2a: Eternatus|99/100
|move|p1a: Tyranitar|Snarl|p2a: Eternatus
|-damage|p2a: Eternatus|83/100
|-unboost|p2a: Eternatus|spa|1
|
|-weather|Sandstorm|[upkeep]
|-damage|p2a: Eternatus|77/100|[from] Sandstorm
|-heal|p1a: Tyranitar|82/100|[from] item: Leftovers
|upkeep
|turn|10
|
|switch|p2a: Corviknight|Corviknight, F|100/100
|-damage|p2a: Corviknight|88/100|[from] Stealth Rock
|-ability|p2a: Corviknight|Pressure
|move|p1a: Tyranitar|Snarl|p2a: Corviknight
|-damage|p2a: Corviknight|70/100
|-unboost|p2a: Corviknight|spa|1
|
|-weather|none
|-heal|p1a: Tyranitar|88/100|[from] item: Leftovers
|-heal|p2a: Corviknight|76/100|[from] item: Leftovers
|upkeep
|turn|11
|
|switch|p1a: Corviknight|Corviknight, F|100/100
|-ability|p1a: Corviknight|Pressure
|move|p2a: Corviknight|Defog|p1a: Corviknight
|-unboost|p1a: Corviknight|evasion|1
|-sideend|p2: Silver2195|Stealth Rock|[from] move: Defog|[of] p2a: Corviknight
|
|-heal|p2a: Corviknight|82/100|[from] item: Leftovers
|upkeep
|turn|12
|
|switch|p1a: Zacian|Zacian-Crowned|100/100
|-ability|p1a: Zacian|Intrepid Sword|boost
|-boost|p1a: Zacian|atk|1
|switch|p2a: Eternatus|Eternatus|77/100
|-ability|p2a: Eternatus|Pressure
|
|upkeep
|turn|13
|
|move|p1a: Zacian|Behemoth Blade|p2a: Eternatus
|-damage|p2a: Eternatus|0 fnt
|faint|p2a: Eternatus
|
|upkeep
|
|switch|p2a: Ditto|Ditto|100/100
|-transform|p2a: Ditto|p1a: Zacian|[from] ability: Imposter
|-ability|p2a: Ditto|Intrepid Sword|boost
|-boost|p2a: Ditto|atk|1
|turn|14
|
|switch|p1a: Rotom|Rotom-Heat|100/100
|move|p2a: Ditto|Behemoth Blade|p1a: Rotom
|-resisted|p1a: Rotom
|-damage|p1a: Rotom|74/100
|
|-heal|p1a: Rotom|80/100|[from] item: Leftovers
|upkeep
|turn|15
|
|switch|p2a: Toxapex|Toxapex, F|100/100
|move|p1a: Rotom|Will-O-Wisp|p2a: Toxapex
|-status|p2a: Toxapex|brn
|
|-heal|p1a: Rotom|86/100|[from] item: Leftovers
|-damage|p2a: Toxapex|94/100 brn|[from] brn
|upkeep
|turn|16
|
|move|p1a: Rotom|Volt Switch|p2a: Toxapex
|-supereffective|p2a: Toxapex
|-damage|p2a: Toxapex|63/100 brn
|
|switch|p1a: Ditto|Ditto|75/100|[from]move: Volt Switch
|-transform|p1a: Ditto|p2a: Toxapex|[from] ability: Imposter
|move|p2a: Toxapex|Scald|p1a: Ditto
|-resisted|p1a: Ditto
|-damage|p1a: Ditto|70/100
|
|-heal|p2a: Toxapex|69/100 brn|[from] item: Black Sludge
|-damage|p2a: Toxapex|63/100 brn|[from] brn
|upkeep
|turn|17
|
|move|p1a: Ditto|Toxic Spikes|p2a: Toxapex
|-sidestart|p2: Silver2195|move: Toxic Spikes
|move|p2a: Toxapex|Recover|p2a: Toxapex
|-heal|p2a: Toxapex|100/100 brn
|
|-damage|p2a: Toxapex|94/100 brn|[from] brn
|upkeep
|turn|18
|
|move|p1a: Ditto|Toxic Spikes|p2a: Toxapex
|-sidestart|p2: Silver2195|move: Toxic Spikes
|move|p2a: Toxapex|Toxic Spikes|p1a: Ditto
|-sidestart|p1: killer whale squa|move: Toxic Spikes
|
|-heal|p2a: Toxapex|100/100 brn|[from] item: Black Sludge
|-damage|p2a: Toxapex|94/100 brn|[from] brn
|upkeep
|turn|19
|
|switch|p1a: Dragapult|Dragapult, F|100/100
|-status|p1a: Dragapult|psn
|move|p2a: Toxapex|Toxic Spikes|p1a: Dragapult
|-sidestart|p1: killer whale squa|move: Toxic Spikes
|
|-heal|p2a: Toxapex|100/100 brn|[from] item: Black Sludge
|-damage|p1a: Dragapult|88/100 psn|[from] psn
|-damage|p2a: Toxapex|94/100 brn|[from] brn
|upkeep
|turn|20
|
|move|p1a: Dragapult|Shadow Ball|p2a: Toxapex
|-damage|p2a: Toxapex|61/100 brn
|-unboost|p2a: Toxapex|spd|1
|move|p2a: Toxapex|Haze|p2a: Toxapex
|-clearallboost
|
|-heal|p2a: Toxapex|68/100 brn|[from] item: Black Sludge
|-damage|p1a: Dragapult|76/100 psn|[from] psn
|-damage|p2a: Toxapex|61/100 brn|[from] brn
|upkeep
|turn|21
|
|move|p1a: Dragapult|Shadow Ball|p2a: Toxapex
|-damage|p2a: Toxapex|27/100 brn
|move|p2a: Toxapex|Recover|p2a: Toxapex
|-heal|p2a: Toxapex|77/100 brn
|
|-heal|p2a: Toxapex|83/100 brn|[from] item: Black Sludge
|-damage|p1a: Dragapult|64/100 psn|[from] psn
|-damage|p2a: Toxapex|77/100 brn|[from] brn
|upkeep
|turn|22
|
|move|p1a: Dragapult|Shadow Ball|p2a: Toxapex
|-damage|p2a: Toxapex|42/100 brn
|move|p2a: Toxapex|Recover|p2a: Toxapex
|-heal|p2a: Toxapex|92/100 brn
|
|-heal|p2a: Toxapex|98/100 brn|[from] item: Black Sludge
|-damage|p1a: Dragapult|51/100 psn|[from] psn
|-damage|p2a: Toxapex|92/100 brn|[from] brn
|upkeep
|turn|23
|
|switch|p1a: Ditto|Ditto|100/100
|-status|p1a: Ditto|tox
|-transform|p1a: Ditto|p2a: Toxapex|[from] ability: Imposter
|move|p2a: Toxapex|Haze|p2a: Toxapex
|-clearallboost
|
|-heal|p2a: Toxapex|98/100 brn|[from] item: Black Sludge
|-damage|p1a: Ditto|94/100 tox|[from] psn
|-damage|p2a: Toxapex|92/100 brn|[from] brn
|upkeep
|turn|24
|
|switch|p2a: Corviknight|Corviknight, F|82/100
|-ability|p2a: Corviknight|Pressure
|move|p1a: Ditto|Scald|p2a: Corviknight
|-damage|p2a: Corviknight|65/100
|
|-heal|p2a: Corviknight|72/100|[from] item: Leftovers
|-damage|p1a: Ditto|82/100 tox|[from] psn
|upkeep
|turn|25
|
|switch|p1a: Rotom|Rotom-Heat|86/100
|move|p2a: Corviknight|U-turn|p1a: Rotom
|-resisted|p1a: Rotom
|-damage|p1a: Rotom|81/100
|
|switch|p2a: Toxapex|Toxapex, F|100/100 brn|[from]move: U-turn
|-sideend|p2: Silver2195|move: Toxic Spikes|[of] p2a: Toxapex
|
|-heal|p1a: Rotom|87/100|[from] item: Leftovers
|-damage|p2a: Toxapex|94/100 brn|[from] brn
|upkeep
|turn|26
|
|move|p1a: Rotom|Volt Switch|p2a: Toxapex
|-supereffective|p2a: Toxapex
|-damage|p2a: Toxapex|65/100 brn
|
|switch|p1a: Ditto|Ditto|100/100 tox|[from]move: Volt Switch
|-transform|p1a: Ditto|p2a: Toxapex|[from] ability: Imposter
|move|p2a: Toxapex|Scald|p1a: Ditto
|-resisted|p1a: Ditto
|-damage|p1a: Ditto|95/100 tox
|
|-heal|p2a: Toxapex|71/100 brn|[from] item: Black Sludge
|-damage|p1a: Ditto|89/100 tox|[from] psn
|-damage|p2a: Toxapex|65/100 brn|[from] brn
|upkeep
|turn|27
|
|move|p1a: Ditto|Toxic Spikes|p2a: Toxapex
|-sidestart|p2: Silver2195|move: Toxic Spikes
|move|p2a: Toxapex|Recover|p2a: Toxapex
|-heal|p2a: Toxapex|100/100 brn
|
|-damage|p1a: Ditto|77/100 tox|[from] psn
|-damage|p2a: Toxapex|94/100 brn|[from] brn
|upkeep
|turn|28
|
|switch|p2a: Corviknight|Corviknight, F|72/100
|-ability|p2a: Corviknight|Pressure
|move|p1a: Ditto|Toxic Spikes|p2a: Corviknight
|-sidestart|p2: Silver2195|move: Toxic Spikes
|
|-heal|p2a: Corviknight|78/100|[from] item: Leftovers
|-damage|p1a: Ditto|59/100 tox|[from] psn
|upkeep
|turn|29
|
|switch|p1a: Rotom|Rotom-Heat|87/100
|move|p2a: Corviknight|U-turn|p1a: Rotom
|-resisted|p1a: Rotom
|-damage|p1a: Rotom|82/100
|
|switch|p2a: Toxapex|Toxapex, F|100/100 brn|[from]move: U-turn
|-sideend|p2: Silver2195|move: Toxic Spikes|[of] p2a: Toxapex
|
|-heal|p1a: Rotom|88/100|[from] item: Leftovers
|-damage|p2a: Toxapex|94/100 brn|[from] brn
|upkeep
|turn|30
|
|move|p1a: Rotom|Volt Switch|p2a: Toxapex
|-supereffective|p2a: Toxapex
|-damage|p2a: Toxapex|62/100 brn
|
|switch|p1a: Ditto|Ditto|92/100 tox|[from]move: Volt Switch
|-transform|p1a: Ditto|p2a: Toxapex|[from] ability: Imposter
|move|p2a: Toxapex|Scald|p1a: Ditto
|-resisted|p1a: Ditto
|-damage|p1a: Ditto|87/100 tox
|
|-heal|p2a: Toxapex|68/100 brn|[from] item: Black Sludge
|-damage|p1a: Ditto|81/100 tox|[from] psn
|-damage|p2a: Toxapex|62/100 brn|[from] brn
|upkeep
|turn|31
|
|switch|p2a: Corviknight|Corviknight, F|78/100
|-ability|p2a: Corviknight|Pressure
|move|p1a: Ditto|Toxic Spikes|p2a: Corviknight
|-sidestart|p2: Silver2195|move: Toxic Spikes
|
|-heal|p2a: Corviknight|84/100|[from] item: Leftovers
|-damage|p1a: Ditto|69/100 tox|[from] psn
|upkeep
|turn|32
|
|switch|p2a: Toxapex|Toxapex, F|95/100 brn
|-sideend|p2: Silver2195|move: Toxic Spikes|[of] p2a: Toxapex
|switch|p1a: Corviknight|Corviknight, F|100/100
|-ability|p1a: Corviknight|Pressure
|
|-heal|p2a: Toxapex|100/100 brn|[from] item: Black Sludge
|-damage|p2a: Toxapex|94/100 brn|[from] brn
|upkeep
|turn|33
|
|switch|p1a: Ditto|Ditto|100/100 tox
|-transform|p1a: Ditto|p2a: Toxapex|[from] ability: Imposter
|switch|p2a: Zacian|Zacian-Crowned|100/100
|-ability|p2a: Zacian|Intrepid Sword|boost
|-boost|p2a: Zacian|atk|1
|
|-damage|p1a: Ditto|94/100 tox|[from] psn
|upkeep
|turn|34
|
|switch|p2a: Toxapex|Toxapex, F|100/100 brn
|switch|p1a: Corviknight|Corviknight, F|100/100
|-ability|p1a: Corviknight|Pressure
|
|-damage|p2a: Toxapex|94/100 brn|[from] brn
|upkeep
|turn|35
|
|switch|p2a: Zacian|Zacian-Crowned|100/100
|-ability|p2a: Zacian|Intrepid Sword|boost
|-boost|p2a: Zacian|atk|1
|move|p1a: Corviknight|Defog|p2a: Zacian
|-unboost|p2a: Zacian|evasion|1
|-sideend|p1: killer whale squa|Toxic Spikes|[from] move: Defog|[of] p1a: Corviknight
|
|upkeep
|turn|36
|
|move|p2a: Zacian|Fire Fang|p1a: Corviknight
|-supereffective|p1a: Corviknight
|-damage|p1a: Corviknight|41/100
|-damage|p2a: Zacian|84/100|[from] item: Rocky Helmet|[of] p1a: Corviknight
|move|p1a: Corviknight|Iron Defense|p1a: Corviknight
|-boost|p1a: Corviknight|def|2
|
|upkeep
|turn|37
|
|move|p2a: Zacian|Fire Fang|p1a: Corviknight
|-supereffective|p1a: Corviknight
|-damage|p1a: Corviknight|14/100
|-damage|p2a: Zacian|67/100|[from] item: Rocky Helmet|[of] p1a: Corviknight
|move|p1a: Corviknight|Roost|p1a: Corviknight
|-heal|p1a: Corviknight|64/100
|-singleturn|p1a: Corviknight|move: Roost
|
|upkeep
|turn|38
|
|switch|p2a: Toxapex|Toxapex, F|100/100 brn
|move|p1a: Corviknight|Roost|p1a: Corviknight
|-heal|p1a: Corviknight|100/100
|-singleturn|p1a: Corviknight|move: Roost
|
|-damage|p2a: Toxapex|94/100 brn|[from] brn
|upkeep
|turn|39
|
|switch|p1a: Ditto|Ditto|100/100 tox
|-transform|p1a: Ditto|p2a: Toxapex|[from] ability: Imposter
|move|p2a: Toxapex|Haze|p2a: Toxapex
|-clearallboost
|
|-heal|p2a: Toxapex|100/100 brn|[from] item: Black Sludge
|-damage|p1a: Ditto|94/100 tox|[from] psn
|-damage|p2a: Toxapex|94/100 brn|[from] brn
|upkeep
|turn|40
|
|move|p1a: Ditto|Toxic Spikes|p2a: Toxapex
|-sidestart|p2: Silver2195|move: Toxic Spikes
|move|p2a: Toxapex|Toxic Spikes|p1a: Ditto
|-sidestart|p1: killer whale squa|move: Toxic Spikes
|
|-heal|p2a: Toxapex|100/100 brn|[from] item: Black Sludge
|-damage|p1a: Ditto|82/100 tox|[from] psn
|-damage|p2a: Toxapex|94/100 brn|[from] brn
|upkeep
|turn|41
|
|move|p1a: Ditto|Toxic Spikes|p2a: Toxapex
|-sidestart|p2: Silver2195|move: Toxic Spikes
|move|p2a: Toxapex|Toxic Spikes|p1a: Ditto
|-sidestart|p1: killer whale squa|move: Toxic Spikes
|
|-heal|p2a: Toxapex|100/100 brn|[from] item: Black Sludge
|-damage|p1a: Ditto|64/100 tox|[from] psn
|-damage|p2a: Toxapex|94/100 brn|[from] brn
|upkeep
|turn|42
|
|switch|p1a: Corviknight|Corviknight, F|100/100
|-ability|p1a: Corviknight|Pressure
|switch|p2a: Corviknight|Corviknight, F|84/100
|-ability|p2a: Corviknight|Pressure
|
|-heal|p2a: Corviknight|90/100|[from] item: Leftovers
|upkeep
|turn|43
|
|move|p1a: Corviknight|Iron Defense|p1a: Corviknight
|-boost|p1a: Corviknight|def|2
|move|p2a: Corviknight|U-turn|p1a: Corviknight
|-resisted|p1a: Corviknight
|-damage|p1a: Corviknight|99/100
|-damage|p2a: Corviknight|74/100|[from] item: Rocky Helmet|[of] p1a: Corviknight
|
|switch|p2a: Toxapex|Toxapex, F|100/100 brn|[from]move: U-turn
|-sideend|p2: Silver2195|move: Toxic Spikes|[of] p2a: Toxapex
|
|-damage|p2a: Toxapex|94/100 brn|[from] brn
|upkeep
|turn|44
|
|move|p1a: Corviknight|Defog|p2a: Toxapex
|-unboost|p2a: Toxapex|evasion|1
|-sideend|p1: killer whale squa|Toxic Spikes|[from] move: Defog|[of] p1a: Corviknight
|move|p2a: Toxapex|Haze|p2a: Toxapex
|-clearallboost
|
|-heal|p2a: Toxapex|100/100 brn|[from] item: Black Sludge
|-damage|p2a: Toxapex|94/100 brn|[from] brn
|upkeep
|turn|45
|
|switch|p1a: Ditto|Ditto|97/100 tox
|-transform|p1a: Ditto|p2a: Toxapex|[from] ability: Imposter
|move|p2a: Toxapex|Toxic Spikes|p1a: Ditto
|-sidestart|p1: killer whale squa|move: Toxic Spikes
|
|-heal|p2a: Toxapex|100/100 brn|[from] item: Black Sludge
|-damage|p1a: Ditto|91/100 tox|[from] psn
|-damage|p2a: Toxapex|94/100 brn|[from] brn
|upkeep
|turn|46
|
|switch|p2a: Corviknight|Corviknight, F|74/100
|-ability|p2a: Corviknight|Pressure
|move|p1a: Ditto|Toxic Spikes|p2a: Corviknight
|-sidestart|p2: Silver2195|move: Toxic Spikes
|
|-heal|p2a: Corviknight|80/100|[from] item: Leftovers
|-damage|p1a: Ditto|79/100 tox|[from] psn
|upkeep
|turn|47
|
|switch|p1a: Corviknight|Corviknight, F|99/100
|-ability|p1a: Corviknight|Pressure
|move|p2a: Corviknight|U-turn|p1a: Corviknight
|-resisted|p1a: Corviknight
|-damage|p1a: Corviknight|97/100
|-damage|p2a: Corviknight|64/100|[from] item: Rocky Helmet|[of] p1a: Corviknight
|
|switch|p2a: Toxapex|Toxapex, F|100/100 brn|[from]move: U-turn
|-sideend|p2: Silver2195|move: Toxic Spikes|[of] p2a: Toxapex
|
|-damage|p2a: Toxapex|94/100 brn|[from] brn
|upkeep
|turn|48
|
|switch|p2a: Corviknight|Corviknight, F|64/100
|-ability|p2a: Corviknight|Pressure
|move|p1a: Corviknight|Defog|p2a: Corviknight
|-unboost|p2a: Corviknight|evasion|1
|-sideend|p1: killer whale squa|Toxic Spikes|[from] move: Defog|[of] p1a: Corviknight
|
|-heal|p2a: Corviknight|70/100|[from] item: Leftovers
|upkeep
|turn|49
|
|switch|p2a: Toxapex|Toxapex, F|100/100 brn
|move|p1a: Corviknight|Iron Defense|p1a: Corviknight
|-boost|p1a: Corviknight|def|2
|
|-damage|p2a: Toxapex|94/100 brn|[from] brn
|upkeep
|turn|50
|
|move|p1a: Corviknight|Body Press|p2a: Toxapex
|-resisted|p2a: Toxapex
|-damage|p2a: Toxapex|74/100 brn
|move|p2a: Toxapex|Scald|p1a: Corviknight
|-damage|p1a: Corviknight|80/100
|
|-heal|p2a: Toxapex|80/100 brn|[from] item: Black Sludge
|-damage|p2a: Toxapex|74/100 brn|[from] brn
|upkeep
|turn|51
|
|switch|p1a: Ditto|Ditto|100/100 tox
|-transform|p1a: Ditto|p2a: Toxapex|[from] ability: Imposter
|move|p2a: Toxapex|Haze|p2a: Toxapex
|-clearallboost
|
|-heal|p2a: Toxapex|80/100 brn|[from] item: Black Sludge
|-damage|p1a: Ditto|94/100 tox|[from] psn
|-damage|p2a: Toxapex|74/100 brn|[from] brn
|upkeep
|turn|52
|
|switch|p2a: Corviknight|Corviknight, F|70/100
|-ability|p2a: Corviknight|Pressure
|move|p1a: Ditto|Toxic Spikes|p2a: Corviknight
|-sidestart|p2: Silver2195|move: Toxic Spikes
|
|-heal|p2a: Corviknight|76/100|[from] item: Leftovers
|-damage|p1a: Ditto|82/100 tox|[from] psn
|upkeep
|turn|53
|
|switch|p1a: Corviknight|Corviknight, F|80/100
|-ability|p1a: Corviknight|Pressure
|move|p2a: Corviknight|Roost|p2a: Corviknight
|-heal|p2a: Corviknight|100/100
|-singleturn|p2a: Corviknight|move: Roost
|
|upkeep
|turn|54
|
|switch|p2a: Toxapex|Toxapex, F|100/100 brn
|-sideend|p2: Silver2195|move: Toxic Spikes|[of] p2a: Toxapex
|move|p1a: Corviknight|Body Press|p2a: Toxapex
|-resisted|p2a: Toxapex
|-damage|p2a: Toxapex|90/100 brn
|
|-heal|p2a: Toxapex|96/100 brn|[from] item: Black Sludge
|-damage|p2a: Toxapex|90/100 brn|[from] brn
|upkeep
|turn|55
|
|switch|p1a: Ditto|Ditto|100/100 tox
|-transform|p1a: Ditto|p2a: Toxapex|[from] ability: Imposter
|switch|p2a: Corviknight|Corviknight, F|100/100
|-ability|p2a: Corviknight|Pressure
|
|-damage|p1a: Ditto|94/100 tox|[from] psn
|upkeep
|turn|56
|
|switch|p2a: Toxapex|Toxapex, F|100/100 brn
|switch|p1a: Corviknight|Corviknight, F|80/100
|-ability|p1a: Corviknight|Pressure
|
|-damage|p2a: Toxapex|94/100 brn|[from] brn
|upkeep
|turn|57
|
|switch|p1a: Ditto|Ditto|100/100 tox
|-transform|p1a: Ditto|p2a: Toxapex|[from] ability: Imposter
|switch|p2a: Corviknight|Corviknight, F|100/100
|-ability|p2a: Corviknight|Pressure
|
|-damage|p1a: Ditto|94/100 tox|[from] psn
|upkeep
|turn|58
|
|switch|p2a: Toxapex|Toxapex, F|100/100 brn
|switch|p1a: Corviknight|Corviknight, F|80/100
|-ability|p1a: Corviknight|Pressure
|
|-damage|p2a: Toxapex|94/100 brn|[from] brn
|upkeep
|turn|59
|
|switch|p1a: Rotom|Rotom-Heat|88/100
|switch|p2a: Ditto|Ditto|100/100
|-transform|p2a: Ditto|p1a: Rotom|[from] ability: Imposter
|
|-heal|p1a: Rotom|94/100|[from] item: Leftovers
|upkeep
|turn|60
|
|switch|p2a: Quagsire|Quagsire, F|100/100
|move|p1a: Rotom|Protect||[still]
|-fail|p1a: Rotom
|
|-heal|p1a: Rotom|99/100|[from] item: Leftovers
|upkeep
|turn|61
|
|move|p1a: Rotom|Protect|p1a: Rotom
|-singleturn|p1a: Rotom|Protect
|move|p2a: Quagsire|Toxic|p1a: Rotom
|-activate|p1a: Rotom|move: Protect
|
|-heal|p1a: Rotom|100/100|[from] item: Leftovers
|upkeep
|turn|62
|
|switch|p1a: Dragapult|Dragapult, F|51/100 psn
|move|p2a: Quagsire|Toxic||[still]
|-fail|p2a: Quagsire
|
|-damage|p1a: Dragapult|39/100 psn|[from] psn
|upkeep
|turn|63
|
|switch|p1a: Corviknight|Corviknight, F|80/100
|-ability|p1a: Corviknight|Pressure
|switch|p2a: Toxapex|Toxapex, F|100/100 brn
|
|-damage|p2a: Toxapex|94/100 brn|[from] brn
|upkeep
|turn|64
|
|switch|p2a: Corviknight|Corviknight, F|100/100
|-ability|p2a: Corviknight|Pressure
|move|p1a: Corviknight|Body Press|p2a: Corviknight
|-damage|p2a: Corviknight|86/100
|
|-heal|p2a: Corviknight|92/100|[from] item: Leftovers
|upkeep
|turn|65
|
|switch|p2a: Toxapex|Toxapex, F|100/100 brn
|move|p1a: Corviknight|Iron Defense|p1a: Corviknight
|-boost|p1a: Corviknight|def|2
|
|-damage|p2a: Toxapex|94/100 brn|[from] brn
|upkeep
|turn|66
|
|switch|p1a: Ditto|Ditto|100/100 tox
|-transform|p1a: Ditto|p2a: Toxapex|[from] ability: Imposter
|move|p2a: Toxapex|Haze|p2a: Toxapex
|-clearallboost
|
|-heal|p2a: Toxapex|100/100 brn|[from] item: Black Sludge
|-damage|p1a: Ditto|94/100 tox|[from] psn
|-damage|p2a: Toxapex|94/100 brn|[from] brn
|upkeep
|turn|67
|
|switch|p2a: Corviknight|Corviknight, F|92/100
|-ability|p2a: Corviknight|Pressure
|move|p1a: Ditto|Toxic Spikes|p2a: Corviknight
|-sidestart|p2: Silver2195|move: Toxic Spikes
|
|-heal|p2a: Corviknight|98/100|[from] item: Leftovers
|-damage|p1a: Ditto|82/100 tox|[from] psn
|upkeep
|turn|68
|
|switch|p2a: Toxapex|Toxapex, F|100/100 brn
|-sideend|p2: Silver2195|move: Toxic Spikes|[of] p2a: Toxapex
|move|p1a: Ditto|Toxic Spikes|p2a: Toxapex
|-sidestart|p2: Silver2195|move: Toxic Spikes
|
|-damage|p1a: Ditto|64/100 tox|[from] psn
|-damage|p2a: Toxapex|94/100 brn|[from] brn
|upkeep
|turn|69
|
|switch|p1a: Corviknight|Corviknight, F|80/100
|-ability|p1a: Corviknight|Pressure
|switch|p2a: Corviknight|Corviknight, F|98/100
|-ability|p2a: Corviknight|Pressure
|
|-heal|p2a: Corviknight|100/100|[from] item: Leftovers
|upkeep
|turn|70
|
|switch|p2a: Toxapex|Toxapex, F|100/100 brn
|-sideend|p2: Silver2195|move: Toxic Spikes|[of] p2a: Toxapex
|move|p1a: Corviknight|Iron Defense|p1a: Corviknight
|-boost|p1a: Corviknight|def|2
|
|-damage|p2a: Toxapex|94/100 brn|[from] brn
|upkeep
|turn|71
|
|switch|p1a: Ditto|Ditto|97/100 tox
|-transform|p1a: Ditto|p2a: Toxapex|[from] ability: Imposter
|move|p2a: Toxapex|Haze|p2a: Toxapex
|-clearallboost
|
|-heal|p2a: Toxapex|100/100 brn|[from] item: Black Sludge
|-damage|p1a: Ditto|91/100 tox|[from] psn
|-damage|p2a: Toxapex|94/100 brn|[from] brn
|upkeep
|turn|72
|
|switch|p1a: Corviknight|Corviknight, F|80/100
|-ability|p1a: Corviknight|Pressure
|move|p2a: Toxapex|Toxic Spikes|p1a: Corviknight
|-sidestart|p1: killer whale squa|move: Toxic Spikes
|
|-heal|p2a: Toxapex|100/100 brn|[from] item: Black Sludge
|-damage|p2a: Toxapex|94/100 brn|[from] brn
|upkeep
|turn|73
|
|switch|p2a: Corviknight|Corviknight, F|100/100
|-ability|p2a: Corviknight|Pressure
|move|p1a: Corviknight|Iron Defense|p1a: Corviknight
|-boost|p1a: Corviknight|def|2
|
|upkeep
|turn|74
|
|switch|p2a: Toxapex|Toxapex, F|100/100 brn
|move|p1a: Corviknight|Defog|p2a: Toxapex
|-unboost|p2a: Toxapex|evasion|1
|-sideend|p1: killer whale squa|Toxic Spikes|[from] move: Defog|[of] p1a: Corviknight
|
|-damage|p2a: Toxapex|94/100 brn|[from] brn
|upkeep
|turn|75
|
|switch|p1a: Ditto|Ditto|100/100 tox
|-transform|p1a: Ditto|p2a: Toxapex|[from] ability: Imposter
|move|p2a: Toxapex|Haze|p2a: Toxapex
|-clearallboost
|
|-heal|p2a: Toxapex|100/100 brn|[from] item: Black Sludge
|-damage|p1a: Ditto|94/100 tox|[from] psn
|-damage|p2a: Toxapex|94/100 brn|[from] brn
|upkeep
|turn|76
|
|move|p1a: Ditto|Toxic Spikes|p2a: Toxapex
|-sidestart|p2: Silver2195|move: Toxic Spikes
|move|p2a: Toxapex|Toxic Spikes|p1a: Ditto
|-sidestart|p1: killer whale squa|move: Toxic Spikes
|
|-heal|p2a: Toxapex|100/100 brn|[from] item: Black Sludge
|-damage|p1a: Ditto|82/100 tox|[from] psn
|-damage|p2a: Toxapex|94/100 brn|[from] brn
|upkeep
|turn|77
|
|switch|p2a: Corviknight|Corviknight, F|100/100
|-ability|p2a: Corviknight|Pressure
|move|p1a: Ditto|Toxic Spikes|p2a: Corviknight
|-sidestart|p2: Silver2195|move: Toxic Spikes
|
|-damage|p1a: Ditto|64/100 tox|[from] psn
|upkeep
|turn|78
|
|switch|p1a: Corviknight|Corviknight, F|80/100
|-ability|p1a: Corviknight|Pressure
|move|p2a: Corviknight|U-turn|p1a: Corviknight
|-resisted|p1a: Corviknight
|-damage|p1a: Corviknight|78/100
|-damage|p2a: Corviknight|84/100|[from] item: Rocky Helmet|[of] p1a: Corviknight
|
|switch|p2a: Toxapex|Toxapex, F|100/100 brn|[from]move: U-turn
|-sideend|p2: Silver2195|move: Toxic Spikes|[of] p2a: Toxapex
|
|-damage|p2a: Toxapex|94/100 brn|[from] brn
|upkeep
|turn|79
|
|move|p1a: Corviknight|Defog|p2a: Toxapex
|-unboost|p2a: Toxapex|evasion|1
|-sideend|p1: killer whale squa|Toxic Spikes|[from] move: Defog|[of] p1a: Corviknight
|move|p2a: Toxapex|Scald|p1a: Corviknight
|-damage|p1a: Corviknight|62/100
|
|-heal|p2a: Toxapex|100/100 brn|[from] item: Black Sludge
|-damage|p2a: Toxapex|94/100 brn|[from] brn
|upkeep
|turn|80
|
|switch|p2a: Corviknight|Corviknight, F|84/100
|-ability|p2a: Corviknight|Pressure
|move|p1a: Corviknight|Roost|p1a: Corviknight
|-heal|p1a: Corviknight|100/100
|-singleturn|p1a: Corviknight|move: Roost
|
|-heal|p2a: Corviknight|90/100|[from] item: Leftovers
|upkeep
|turn|81
|
|switch|p2a: Toxapex|Toxapex, F|100/100 brn
|move|p1a: Corviknight|Body Press|p2a: Toxapex
|-resisted|p2a: Toxapex
|-damage|p2a: Toxapex|91/100 brn
|
|-heal|p2a: Toxapex|97/100 brn|[from] item: Black Sludge
|-damage|p2a: Toxapex|91/100 brn|[from] brn
|upkeep
|turn|82
|
|switch|p1a: Ditto|Ditto|97/100 tox
|-transform|p1a: Ditto|p2a: Toxapex|[from] ability: Imposter
|switch|p2a: Corviknight|Corviknight, F|90/100
|-ability|p2a: Corviknight|Pressure
|
|-heal|p2a: Corviknight|96/100|[from] item: Leftovers
|-damage|p1a: Ditto|91/100 tox|[from] psn
|upkeep
|turn|83
|
|switch|p2a: Toxapex|Toxapex, F|100/100 brn
|move|p1a: Ditto|Toxic Spikes|p2a: Toxapex
|-sidestart|p2: Silver2195|move: Toxic Spikes
|
|-damage|p1a: Ditto|79/100 tox|[from] psn
|-damage|p2a: Toxapex|94/100 brn|[from] brn
|upkeep
|turn|84
|
|switch|p2a: Corviknight|Corviknight, F|96/100
|-ability|p2a: Corviknight|Pressure
|move|p1a: Ditto|Toxic Spikes|p2a: Corviknight
|-sidestart|p2: Silver2195|move: Toxic Spikes
|
|-heal|p2a: Corviknight|100/100|[from] item: Leftovers
|-damage|p1a: Ditto|61/100 tox|[from] psn
|upkeep
|turn|85
|
|switch|p2a: Toxapex|Toxapex, F|100/100 brn
|-sideend|p2: Silver2195|move: Toxic Spikes|[of] p2a: Toxapex
|switch|p1a: Corviknight|Corviknight, F|100/100
|-ability|p1a: Corviknight|Pressure
|
|-damage|p2a: Toxapex|94/100 brn|[from] brn
|upkeep
|turn|86
|
|switch|p1a: Ditto|Ditto|94/100 tox
|-transform|p1a: Ditto|p2a: Toxapex|[from] ability: Imposter
|switch|p2a: Corviknight|Corviknight, F|100/100
|-ability|p2a: Corviknight|Pressure
|
|-damage|p1a: Ditto|88/100 tox|[from] psn
|upkeep
|turn|87
|
|switch|p2a: Toxapex|Toxapex, F|100/100 brn
|move|p1a: Ditto|Toxic Spikes|p2a: Toxapex
|-sidestart|p2: Silver2195|move: Toxic Spikes
|
|-damage|p1a: Ditto|76/100 tox|[from] psn
|-damage|p2a: Toxapex|94/100 brn|[from] brn
|upkeep
|turn|88
|
|switch|p2a: Zacian|Zacian-Crowned|67/100
|-ability|p2a: Zacian|Intrepid Sword|boost
|-boost|p2a: Zacian|atk|1
|move|p1a: Ditto|Toxic Spikes|p2a: Zacian
|-sidestart|p2: Silver2195|move: Toxic Spikes
|
|-damage|p1a: Ditto|58/100 tox|[from] psn
|upkeep
|turn|89
|
|switch|p2a: Toxapex|Toxapex, F|100/100 brn
|-sideend|p2: Silver2195|move: Toxic Spikes|[of] p2a: Toxapex
|switch|p1a: Corviknight|Corviknight, F|100/100
|-ability|p1a: Corviknight|Pressure
|
|-damage|p2a: Toxapex|94/100 brn|[from] brn
|upkeep
|turn|90
|
|switch|p1a: Ditto|Ditto|91/100 tox
|-transform|p1a: Ditto|p2a: Toxapex|[from] ability: Imposter
|switch|p2a: Corviknight|Corviknight, F|100/100
|-ability|p2a: Corviknight|Pressure
|
|-damage|p1a: Ditto|85/100 tox|[from] psn
|upkeep
|turn|91
|
|move|p2a: Corviknight|U-turn|p1a: Ditto
|-resisted|p1a: Ditto
|-damage|p1a: Ditto|80/100 tox
|
|switch|p2a: Toxapex|Toxapex, F|100/100 brn|[from]move: U-turn
|move|p1a: Ditto|Toxic Spikes|p2a: Toxapex
|-sidestart|p2: Silver2195|move: Toxic Spikes
|
|-damage|p1a: Ditto|68/100 tox|[from] psn
|-damage|p2a: Toxapex|94/100 brn|[from] brn
|upkeep
|turn|92
|
|switch|p2a: Corviknight|Corviknight, F|100/100
|-ability|p2a: Corviknight|Pressure
|move|p1a: Ditto|Toxic Spikes|p2a: Corviknight
|-sidestart|p2: Silver2195|move: Toxic Spikes
|
|-damage|p1a: Ditto|50/100 tox|[from] psn
|upkeep
|turn|93
|
|switch|p2a: Toxapex|Toxapex, F|100/100 brn
|-sideend|p2: Silver2195|move: Toxic Spikes|[of] p2a: Toxapex
|switch|p1a: Corviknight|Corviknight, F|100/100
|-ability|p1a: Corviknight|Pressure
|
|-damage|p2a: Toxapex|94/100 brn|[from] brn
|upkeep
|turn|94
|
|switch|p1a: Ditto|Ditto|83/100 tox
|-transform|p1a: Ditto|p2a: Toxapex|[from] ability: Imposter
|switch|p2a: Corviknight|Corviknight, F|100/100
|-ability|p2a: Corviknight|Pressure
|
|-damage|p1a: Ditto|77/100 tox|[from] psn
|upkeep
|turn|95
|
|move|p2a: Corviknight|U-turn|p1a: Ditto
|-resisted|p1a: Ditto
|-damage|p1a: Ditto|71/100 tox
|
|switch|p2a: Toxapex|Toxapex, F|100/100 brn|[from]move: U-turn
|move|p1a: Ditto|Toxic Spikes|p2a: Toxapex
|-sidestart|p2: Silver2195|move: Toxic Spikes
|
|-damage|p1a: Ditto|59/100 tox|[from] psn
|-damage|p2a: Toxapex|94/100 brn|[from] brn
|upkeep
|turn|96
|
|switch|p2a: Corviknight|Corviknight, F|100/100
|-ability|p2a: Corviknight|Pressure
|move|p1a: Ditto|Toxic Spikes|p2a: Corviknight
|-sidestart|p2: Silver2195|move: Toxic Spikes
|
|-damage|p1a: Ditto|41/100 tox|[from] psn
|upkeep
|turn|97
|
|switch|p1a: Corviknight|Corviknight, F|100/100
|-ability|p1a: Corviknight|Pressure
|move|p2a: Corviknight|U-turn|p1a: Corviknight
|-resisted|p1a: Corviknight
|-damage|p1a: Corviknight|98/100
|-damage|p2a: Corviknight|84/100|[from] item: Rocky Helmet|[of] p1a: Corviknight
|
|switch|p2a: Toxapex|Toxapex, F|100/100 brn|[from]move: U-turn
|-sideend|p2: Silver2195|move: Toxic Spikes|[of] p2a: Toxapex
|
|-damage|p2a: Toxapex|94/100 brn|[from] brn
|upkeep
|turn|98
|
|switch|p1a: Ditto|Ditto|74/100 tox
|-transform|p1a: Ditto|p2a: Toxapex|[from] ability: Imposter
|switch|p2a: Corviknight|Corviknight, F|84/100
|-ability|p2a: Corviknight|Pressure
|
|-heal|p2a: Corviknight|90/100|[from] item: Leftovers
|-damage|p1a: Ditto|68/100 tox|[from] psn
|upkeep
|turn|99
|
|move|p2a: Corviknight|U-turn|p1a: Ditto
|-resisted|p1a: Ditto
|-damage|p1a: Ditto|62/100 tox
|
|switch|p2a: Toxapex|Toxapex, F|100/100 brn|[from]move: U-turn
|move|p1a: Ditto|Toxic Spikes|p2a: Toxapex
|-sidestart|p2: Silver2195|move: Toxic Spikes
|
|-damage|p1a: Ditto|50/100 tox|[from] psn
|-damage|p2a: Toxapex|94/100 brn|[from] brn
|upkeep
|turn|100
|
|switch|p2a: Corviknight|Corviknight, F|90/100
|-ability|p2a: Corviknight|Pressure
|move|p1a: Ditto|Toxic Spikes|p2a: Corviknight
|-sidestart|p2: Silver2195|move: Toxic Spikes
|
|-heal|p2a: Corviknight|96/100|[from] item: Leftovers
|-damage|p1a: Ditto|32/100 tox|[from] psn
|upkeep
|turn|101
|
|switch|p2a: Toxapex|Toxapex, F|100/100 brn
|-sideend|p2: Silver2195|move: Toxic Spikes|[of] p2a: Toxapex
|switch|p1a: Corviknight|Corviknight, F|98/100
|-ability|p1a: Corviknight|Pressure
|
|-damage|p2a: Toxapex|94/100 brn|[from] brn
|upkeep
|turn|102
|
|switch|p1a: Ditto|Ditto|65/100 tox
|-transform|p1a: Ditto|p2a: Toxapex|[from] ability: Imposter
|switch|p2a: Corviknight|Corviknight, F|96/100
|-ability|p2a: Corviknight|Pressure
|
|-heal|p2a: Corviknight|100/100|[from] item: Leftovers
|-damage|p1a: Ditto|59/100 tox|[from] psn
|upkeep
|turn|103
|
|move|p2a: Corviknight|U-turn|p1a: Ditto
|-resisted|p1a: Ditto
|-damage|p1a: Ditto|54/100 tox
|
|switch|p2a: Toxapex|Toxapex, F|100/100 brn|[from]move: U-turn
|move|p1a: Ditto|Toxic Spikes|p2a: Toxapex
|-sidestart|p2: Silver2195|move: Toxic Spikes
|
|-damage|p1a: Ditto|42/100 tox|[from] psn
|-damage|p2a: Toxapex|94/100 brn|[from] brn
|upkeep
|turn|104
|
|move|p1a: Ditto|Toxic Spikes|p2a: Toxapex
|-sidestart|p2: Silver2195|move: Toxic Spikes
|move|p2a: Toxapex|Scald|p1a: Ditto
|-resisted|p1a: Ditto
|-damage|p1a: Ditto|36/100 tox
|
|-heal|p2a: Toxapex|100/100 brn|[from] item: Black Sludge
|-damage|p1a: Ditto|18/100 tox|[from] psn
|-damage|p2a: Toxapex|94/100 brn|[from] brn
|upkeep
|turn|105
|
|switch|p1a: Corviknight|Corviknight, F|98/100
|-ability|p1a: Corviknight|Pressure
|switch|p2a: Corviknight|Corviknight, F|100/100
|-ability|p2a: Corviknight|Pressure
|
|upkeep
|turn|106
|
|move|p1a: Corviknight|Iron Defense|p1a: Corviknight
|-boost|p1a: Corviknight|def|2
|move|p2a: Corviknight|U-turn|p1a: Corviknight
|-resisted|p1a: Corviknight
|-damage|p1a: Corviknight|97/100
|-damage|p2a: Corviknight|84/100|[from] item: Rocky Helmet|[of] p1a: Corviknight
|
|switch|p2a: Toxapex|Toxapex, F|100/100 brn|[from]move: U-turn
|-sideend|p2: Silver2195|move: Toxic Spikes|[of] p2a: Toxapex
|
|-damage|p2a: Toxapex|94/100 brn|[from] brn
|upkeep
|turn|107
|
|switch|p1a: Ditto|Ditto|51/100 tox
|-transform|p1a: Ditto|p2a: Toxapex|[from] ability: Imposter
|switch|p2a: Corviknight|Corviknight, F|84/100
|-ability|p2a: Corviknight|Pressure
|
|-heal|p2a: Corviknight|90/100|[from] item: Leftovers
|-damage|p1a: Ditto|45/100 tox|[from] psn
|upkeep
|turn|108
|
|switch|p1a: Corviknight|Corviknight, F|97/100
|-ability|p1a: Corviknight|Pressure
|move|p2a: Corviknight|U-turn|p1a: Corviknight
|-resisted|p1a: Corviknight
|-damage|p1a: Corviknight|95/100
|-damage|p2a: Corviknight|74/100|[from] item: Rocky Helmet|[of] p1a: Corviknight
|
|switch|p2a: Toxapex|Toxapex, F|100/100 brn|[from]move: U-turn
|
|-damage|p2a: Toxapex|94/100 brn|[from] brn
|upkeep
|turn|109
|
|switch|p1a: Ditto|Ditto|78/100 tox
|-transform|p1a: Ditto|p2a: Toxapex|[from] ability: Imposter
|switch|p2a: Ditto|Ditto|100/100
|
|-damage|p1a: Ditto|72/100 tox|[from] psn
|upkeep
|turn|110
|
|switch|p2a: Toxapex|Toxapex, F|100/100 brn
|move|p1a: Ditto|Toxic Spikes|p2a: Toxapex
|-sidestart|p2: Silver2195|move: Toxic Spikes
|
|-damage|p1a: Ditto|60/100 tox|[from] psn
|-damage|p2a: Toxapex|94/100 brn|[from] brn
|upkeep
|turn|111
|
|switch|p2a: Corviknight|Corviknight, F|74/100
|-ability|p2a: Corviknight|Pressure
|move|p1a: Ditto|Toxic Spikes|p2a: Corviknight
|-sidestart|p2: Silver2195|move: Toxic Spikes
|
|-heal|p2a: Corviknight|80/100|[from] item: Leftovers
|-damage|p1a: Ditto|42/100 tox|[from] psn
|upkeep
|turn|112
|
|switch|p2a: Zacian|Zacian-Crowned|67/100
|-ability|p2a: Zacian|Intrepid Sword|boost
|-boost|p2a: Zacian|atk|1
|switch|p1a: Corviknight|Corviknight, F|95/100
|-ability|p1a: Corviknight|Pressure
|
|upkeep
|turn|113
|
|switch|p2a: Toxapex|Toxapex, F|100/100 brn
|-sideend|p2: Silver2195|move: Toxic Spikes|[of] p2a: Toxapex
|move|p1a: Corviknight|Iron Defense|p1a: Corviknight
|-boost|p1a: Corviknight|def|2
|
|-damage|p2a: Toxapex|94/100 brn|[from] brn
|upkeep
|turn|114
|
|switch|p1a: Ditto|Ditto|75/100 tox
|-transform|p1a: Ditto|p2a: Toxapex|[from] ability: Imposter
|switch|p2a: Corviknight|Corviknight, F|80/100
|-ability|p2a: Corviknight|Pressure
|
|-heal|p2a: Corviknight|86/100|[from] item: Leftovers
|-damage|p1a: Ditto|69/100 tox|[from] psn
|upkeep
|turn|115
|
|switch|p2a: Toxapex|Toxapex, F|100/100 brn
|switch|p1a: Corviknight|Corviknight, F|95/100
|-ability|p1a: Corviknight|Pressure
|
|-damage|p2a: Toxapex|94/100 brn|[from] brn
|upkeep
|turn|116
|
|switch|p1a: Ditto|Ditto|100/100 tox
|-transform|p1a: Ditto|p2a: Toxapex|[from] ability: Imposter
|switch|p2a: Corviknight|Corviknight, F|86/100
|-ability|p2a: Corviknight|Pressure
|
|-heal|p2a: Corviknight|92/100|[from] item: Leftovers
|-damage|p1a: Ditto|94/100 tox|[from] psn
|upkeep
|turn|117
|
|switch|p2a: Toxapex|Toxapex, F|100/100 brn
|switch|p1a: Corviknight|Corviknight, F|95/100
|-ability|p1a: Corviknight|Pressure
|
|-damage|p2a: Toxapex|94/100 brn|[from] brn
|upkeep
|turn|118
|
|switch|p1a: Ditto|Ditto|100/100 tox
|-transform|p1a: Ditto|p2a: Toxapex|[from] ability: Imposter
|switch|p2a: Ditto|Ditto|100/100
|
|-damage|p1a: Ditto|94/100 tox|[from] psn
|upkeep
|turn|119
|
|switch|p2a: Zacian|Zacian-Crowned|67/100
|-ability|p2a: Zacian|Intrepid Sword|boost
|-boost|p2a: Zacian|atk|1
|move|p1a: Ditto|Toxic Spikes|p2a: Zacian
|-sidestart|p2: Silver2195|move: Toxic Spikes
|
|-damage|p1a: Ditto|82/100 tox|[from] psn
|upkeep
|turn|120
|
|switch|p1a: Corviknight|Corviknight, F|95/100
|-ability|p1a: Corviknight|Pressure
|move|p2a: Zacian|Fire Fang|p1a: Corviknight
|-supereffective|p1a: Corviknight
|-damage|p1a: Corviknight|36/100
|-damage|p2a: Zacian|51/100|[from] item: Rocky Helmet|[of] p1a: Corviknight
|
|upkeep
|turn|121
|
|switch|p1a: Rotom|Rotom-Heat|100/100
|move|p2a: Zacian|Fire Fang|p1a: Rotom
|-resisted|p1a: Rotom
|-damage|p1a: Rotom|82/100
|
|-heal|p1a: Rotom|88/100|[from] item: Leftovers
|upkeep
|turn|122
|
|switch|p2a: Toxapex|Toxapex, F|100/100 brn
|-sideend|p2: Silver2195|move: Toxic Spikes|[of] p2a: Toxapex
|move|p1a: Rotom|Overheat|p2a: Toxapex
|-resisted|p2a: Toxapex
|-damage|p2a: Toxapex|86/100 brn
|-unboost|p1a: Rotom|spa|2
|
|-heal|p1a: Rotom|94/100|[from] item: Leftovers
|-heal|p2a: Toxapex|92/100 brn|[from] item: Black Sludge
|-damage|p2a: Toxapex|86/100 brn|[from] brn
|upkeep
|turn|123
|
|move|p1a: Rotom|Volt Switch|p2a: Toxapex
|-supereffective|p2a: Toxapex
|-damage|p2a: Toxapex|68/100 brn
|
|switch|p1a: Corviknight|Corviknight, F|36/100|[from]move: Volt Switch
|-ability|p1a: Corviknight|Pressure
|move|p2a: Toxapex|Scald|p1a: Corviknight
|-damage|p1a: Corviknight|21/100
|-status|p1a: Corviknight|brn
|
|-heal|p2a: Toxapex|74/100 brn|[from] item: Black Sludge
|-damage|p1a: Corviknight|15/100 brn|[from] brn
|-damage|p2a: Toxapex|68/100 brn|[from] brn
|upkeep
|turn|124
|
|move|p1a: Corviknight|Roost|p1a: Corviknight
|-heal|p1a: Corviknight|65/100 brn
|-singleturn|p1a: Corviknight|move: Roost
|move|p2a: Toxapex|Scald|p1a: Corviknight
|-crit|p1a: Corviknight
|-damage|p1a: Corviknight|39/100 brn
|
|-heal|p2a: Toxapex|74/100 brn|[from] item: Black Sludge
|-damage|p1a: Corviknight|33/100 brn|[from] brn
|-damage|p2a: Toxapex|68/100 brn|[from] brn
|upkeep
|turn|125
|
|switch|p2a: Corviknight|Corviknight, F|92/100
|-ability|p2a: Corviknight|Pressure
|move|p1a: Corviknight|Roost|p1a: Corviknight
|-heal|p1a: Corviknight|83/100 brn
|-singleturn|p1a: Corviknight|move: Roost
|
|-heal|p2a: Corviknight|99/100|[from] item: Leftovers
|-damage|p1a: Corviknight|77/100 brn|[from] brn
|upkeep
|turn|126
|
|switch|p2a: Toxapex|Toxapex, F|100/100 brn
|move|p1a: Corviknight|Roost|p1a: Corviknight
|-heal|p1a: Corviknight|100/100 brn
|-singleturn|p1a: Corviknight|move: Roost
|
|-damage|p1a: Corviknight|94/100 brn|[from] brn
|-damage|p2a: Toxapex|94/100 brn|[from] brn
|upkeep
|turn|127
|
|switch|p1a: Ditto|Ditto|100/100 tox
|-transform|p1a: Ditto|p2a: Toxapex|[from] ability: Imposter
|switch|p2a: Corviknight|Corviknight, F|99/100
|-ability|p2a: Corviknight|Pressure
|
|-heal|p2a: Corviknight|100/100|[from] item: Leftovers
|-damage|p1a: Ditto|94/100 tox|[from] psn
|upkeep
|turn|128
|
|switch|p2a: Toxapex|Toxapex, F|100/100 brn
|move|p1a: Ditto|Toxic Spikes|p2a: Toxapex
|-sidestart|p2: Silver2195|move: Toxic Spikes
|
|-damage|p1a: Ditto|82/100 tox|[from] psn
|-damage|p2a: Toxapex|94/100 brn|[from] brn
|upkeep
|turn|129
|
|switch|p2a: Corviknight|Corviknight, F|100/100
|-ability|p2a: Corviknight|Pressure
|move|p1a: Ditto|Toxic Spikes|p2a: Corviknight
|-sidestart|p2: Silver2195|move: Toxic Spikes
|
|-damage|p1a: Ditto|64/100 tox|[from] psn
|upkeep
|turn|130
|
|switch|p2a: Toxapex|Toxapex, F|100/100 brn
|-sideend|p2: Silver2195|move: Toxic Spikes|[of] p2a: Toxapex
|switch|p1a: Corviknight|Corviknight, F|94/100 brn
|-ability|p1a: Corviknight|Pressure
|
|-damage|p1a: Corviknight|88/100 brn|[from] brn
|-damage|p2a: Toxapex|94/100 brn|[from] brn
|upkeep
|turn|131
|
|switch|p1a: Ditto|Ditto|97/100 tox
|-transform|p1a: Ditto|p2a: Toxapex|[from] ability: Imposter
|switch|p2a: Corviknight|Corviknight, F|100/100
|-ability|p2a: Corviknight|Pressure
|
|-damage|p1a: Ditto|91/100 tox|[from] psn
|upkeep
|turn|132
|
|switch|p2a: Toxapex|Toxapex, F|100/100 brn
|move|p1a: Ditto|Toxic Spikes|p2a: Toxapex
|-sidestart|p2: Silver2195|move: Toxic Spikes
|
|-damage|p1a: Ditto|79/100 tox|[from] psn
|-damage|p2a: Toxapex|94/100 brn|[from] brn
|upkeep
|turn|133
|
|switch|p1a: Corviknight|Corviknight, F|88/100 brn
|-ability|p1a: Corviknight|Pressure
|switch|p2a: Zacian|Zacian-Crowned|51/100
|-ability|p2a: Zacian|Intrepid Sword|boost
|-boost|p2a: Zacian|atk|1
|
|-damage|p1a: Corviknight|82/100 brn|[from] brn
|upkeep
|turn|134
|
|switch|p2a: Corviknight|Corviknight, F|100/100
|-ability|p2a: Corviknight|Pressure
|move|p1a: Corviknight|Roost|p1a: Corviknight
|-heal|p1a: Corviknight|100/100 brn
|-singleturn|p1a: Corviknight|move: Roost
|
|-damage|p1a: Corviknight|94/100 brn|[from] brn
|upkeep
|turn|135
|
|switch|p1a: Rotom|Rotom-Heat|94/100
|switch|p2a: Toxapex|Toxapex, F|100/100 brn
|-sideend|p2: Silver2195|move: Toxic Spikes|[of] p2a: Toxapex
|
|-heal|p1a: Rotom|99/100|[from] item: Leftovers
|-damage|p2a: Toxapex|94/100 brn|[from] brn
|upkeep
|turn|136
|
|move|p1a: Rotom|Volt Switch|p2a: Toxapex
|-supereffective|p2a: Toxapex
|-damage|p2a: Toxapex|61/100 brn
|
|switch|p1a: Ditto|Ditto|100/100 tox|[from]move: Volt Switch
|-transform|p1a: Ditto|p2a: Toxapex|[from] ability: Imposter
|move|p2a: Toxapex|Scald|p1a: Ditto
|-resisted|p1a: Ditto
|-damage|p1a: Ditto|95/100 tox
|
|-heal|p2a: Toxapex|67/100 brn|[from] item: Black Sludge
|-damage|p1a: Ditto|89/100 tox|[from] psn
|-damage|p2a: Toxapex|61/100 brn|[from] brn
|upkeep
|turn|137
|
|switch|p2a: Corviknight|Corviknight, F|100/100
|-ability|p2a: Corviknight|Pressure
|move|p1a: Ditto|Toxic Spikes|p2a: Corviknight
|-sidestart|p2: Silver2195|move: Toxic Spikes
|
|-damage|p1a: Ditto|77/100 tox|[from] psn
|upkeep
|turn|138
|
|switch|p2a: Toxapex|Toxapex, F|94/100 brn
|-sideend|p2: Silver2195|move: Toxic Spikes|[of] p2a: Toxapex
|move|p1a: Ditto|Toxic Spikes|p2a: Toxapex
|-sidestart|p2: Silver2195|move: Toxic Spikes
|
|-heal|p2a: Toxapex|99/100 brn|[from] item: Black Sludge
|-damage|p1a: Ditto|59/100 tox|[from] psn
|-damage|p2a: Toxapex|94/100 brn|[from] brn
|upkeep
|turn|139
|
|switch|p1a: Corviknight|Corviknight, F|94/100 brn
|-ability|p1a: Corviknight|Pressure
|switch|p2a: Corviknight|Corviknight, F|100/100
|-ability|p2a: Corviknight|Pressure
|
|-damage|p1a: Corviknight|88/100 brn|[from] brn
|upkeep
|turn|140
|
|switch|p1a: Rotom|Rotom-Heat|99/100
|switch|p2a: Toxapex|Toxapex, F|100/100 brn
|-sideend|p2: Silver2195|move: Toxic Spikes|[of] p2a: Toxapex
|
|-heal|p1a: Rotom|100/100|[from] item: Leftovers
|-damage|p2a: Toxapex|94/100 brn|[from] brn
|upkeep
|turn|141
|
|switch|p1a: Ditto|Ditto|92/100 tox
|-transform|p1a: Ditto|p2a: Toxapex|[from] ability: Imposter
|move|p2a: Toxapex|Scald|p1a: Ditto
|-resisted|p1a: Ditto
|-damage|p1a: Ditto|86/100 tox
|
|-heal|p2a: Toxapex|100/100 brn|[from] item: Black Sludge
|-damage|p1a: Ditto|80/100 tox|[from] psn
|-damage|p2a: Toxapex|94/100 brn|[from] brn
|upkeep
|turn|142
|
|switch|p2a: Corviknight|Corviknight, F|100/100
|-ability|p2a: Corviknight|Pressure
|move|p1a: Ditto|Toxic Spikes|p2a: Corviknight
|-sidestart|p2: Silver2195|move: Toxic Spikes
|
|-damage|p1a: Ditto|68/100 tox|[from] psn
|upkeep
|turn|143
|
|switch|p2a: Toxapex|Toxapex, F|100/100 brn
|-sideend|p2: Silver2195|move: Toxic Spikes|[of] p2a: Toxapex
|move|p1a: Ditto|Toxic Spikes|p2a: Toxapex
|-sidestart|p2: Silver2195|move: Toxic Spikes
|
|-damage|p1a: Ditto|50/100 tox|[from] psn
|-damage|p2a: Toxapex|94/100 brn|[from] brn
|upkeep
|turn|144
|
|switch|p1a: Rotom|Rotom-Heat|100/100
|switch|p2a: Corviknight|Corviknight, F|100/100
|-ability|p2a: Corviknight|Pressure
|
|upkeep
|turn|145
|
|switch|p1a: Corviknight|Corviknight, F|88/100 brn
|-ability|p1a: Corviknight|Pressure
|switch|p2a: Toxapex|Toxapex, F|100/100 brn
|-sideend|p2: Silver2195|move: Toxic Spikes|[of] p2a: Toxapex
|
|-damage|p1a: Corviknight|82/100 brn|[from] brn
|-damage|p2a: Toxapex|94/100 brn|[from] brn
|upkeep
|turn|146
|
|switch|p1a: Ditto|Ditto|83/100 tox
|-transform|p1a: Ditto|p2a: Toxapex|[from] ability: Imposter
|switch|p2a: Corviknight|Corviknight, F|100/100
|-ability|p2a: Corviknight|Pressure
|
|-damage|p1a: Ditto|77/100 tox|[from] psn
|upkeep
|turn|147
|
|switch|p2a: Toxapex|Toxapex, F|100/100 brn
|switch|p1a: Corviknight|Corviknight, F|82/100 brn
|-ability|p1a: Corviknight|Pressure
|
|-damage|p1a: Corviknight|76/100 brn|[from] brn
|-damage|p2a: Toxapex|94/100 brn|[from] brn
|upkeep
|turn|148
|
|switch|p1a: Ditto|Ditto|100/100 tox
|-transform|p1a: Ditto|p2a: Toxapex|[from] ability: Imposter
|switch|p2a: Corviknight|Corviknight, F|100/100
|-ability|p2a: Corviknight|Pressure
|
|-damage|p1a: Ditto|94/100 tox|[from] psn
|upkeep
|turn|149
|
|switch|p2a: Toxapex|Toxapex, F|100/100 brn
|move|p1a: Ditto|Toxic Spikes|p2a: Toxapex
|-sidestart|p2: Silver2195|move: Toxic Spikes
|
|-damage|p1a: Ditto|82/100 tox|[from] psn
|-damage|p2a: Toxapex|94/100 brn|[from] brn
|upkeep
|turn|150
|
|switch|p1a: Rotom|Rotom-Heat|100/100
|switch|p2a: Corviknight|Corviknight, F|100/100
|-ability|p2a: Corviknight|Pressure
|
|upkeep
|turn|151
|
|switch|p1a: Ditto|Ditto|100/100 tox
|-transform|p1a: Ditto|p2a: Corviknight|[from] ability: Imposter
|-ability|p1a: Ditto|Pressure
|switch|p2a: Toxapex|Toxapex, F|100/100 brn
|-sideend|p2: Silver2195|move: Toxic Spikes|[of] p2a: Toxapex
|
|-damage|p1a: Ditto|94/100 tox|[from] psn
|-damage|p2a: Toxapex|94/100 brn|[from] brn
|upkeep
|turn|152
|
|switch|p1a: Corviknight|Corviknight, F|76/100 brn
|-ability|p1a: Corviknight|Pressure
|switch|p2a: Zacian|Zacian-Crowned|51/100
|-ability|p2a: Zacian|Intrepid Sword|boost
|-boost|p2a: Zacian|atk|1
|
|-damage|p1a: Corviknight|70/100 brn|[from] brn
|upkeep
|turn|153
|
|switch|p2a: Toxapex|Toxapex, F|100/100 brn
|move|p1a: Corviknight|Roost|p1a: Corviknight
|-heal|p1a: Corviknight|100/100 brn
|-singleturn|p1a: Corviknight|move: Roost
|
|-damage|p1a: Corviknight|94/100 brn|[from] brn
|-damage|p2a: Toxapex|94/100 brn|[from] brn
|upkeep
|turn|154
|
|switch|p1a: Ditto|Ditto|94/100 tox
|-transform|p1a: Ditto|p2a: Toxapex|[from] ability: Imposter
|switch|p2a: Corviknight|Corviknight, F|100/100
|-ability|p2a: Corviknight|Pressure
|
|-damage|p1a: Ditto|88/100 tox|[from] psn
|upkeep
|turn|155
|
|switch|p2a: Toxapex|Toxapex, F|100/100 brn
|move|p1a: Ditto|Scald|p2a: Toxapex
|-resisted|p2a: Toxapex
|-damage|p2a: Toxapex|95/100 brn
|
|-heal|p2a: Toxapex|100/100 brn|[from] item: Black Sludge
|-damage|p1a: Ditto|76/100 tox|[from] psn
|-damage|p2a: Toxapex|94/100 brn|[from] brn
|upkeep
|turn|156
|
|switch|p1a: Rotom|Rotom-Heat|100/100
|move|p2a: Toxapex|Toxic Spikes|p1a: Rotom
|-sidestart|p1: killer whale squa|move: Toxic Spikes
|
|-heal|p2a: Toxapex|100/100 brn|[from] item: Black Sludge
|-damage|p2a: Toxapex|94/100 brn|[from] brn
|upkeep
|turn|157
|
|move|p1a: Rotom|Volt Switch|p2a: Toxapex
|-supereffective|p2a: Toxapex
|-damage|p2a: Toxapex|64/100 brn
|
|switch|p1a: Ditto|Ditto|100/100 tox|[from]move: Volt Switch
|-transform|p1a: Ditto|p2a: Toxapex|[from] ability: Imposter
|move|p2a: Toxapex|Scald|p1a: Ditto
|-resisted|p1a: Ditto
|-damage|p1a: Ditto|95/100 tox
|
|-heal|p2a: Toxapex|70/100 brn|[from] item: Black Sludge
|-damage|p1a: Ditto|89/100 tox|[from] psn
|-damage|p2a: Toxapex|64/100 brn|[from] brn
|upkeep
|turn|158
|j|‽Jerry Hillenburg
|l|‽Jerry Hillenburg
|
|switch|p2a: Corviknight|Corviknight, F|100/100
|-ability|p2a: Corviknight|Pressure
|move|p1a: Ditto|Toxic Spikes|p2a: Corviknight
|-sidestart|p2: Silver2195|move: Toxic Spikes
|
|-damage|p1a: Ditto|77/100 tox|[from] psn
|upkeep
|turn|159
|
|switch|p2a: Toxapex|Toxapex, F|97/100 brn
|-sideend|p2: Silver2195|move: Toxic Spikes|[of] p2a: Toxapex
|move|p1a: Ditto|Toxic Spikes|p2a: Toxapex
|-sidestart|p2: Silver2195|move: Toxic Spikes
|
|-heal|p2a: Toxapex|100/100 brn|[from] item: Black Sludge
|-damage|p1a: Ditto|59/100 tox|[from] psn
|-damage|p2a: Toxapex|94/100 brn|[from] brn
|upkeep
|turn|160
|
|switch|p2a: Corviknight|Corviknight, F|100/100
|-ability|p2a: Corviknight|Pressure
|move|p1a: Ditto|Toxic Spikes|p2a: Corviknight
|-sidestart|p2: Silver2195|move: Toxic Spikes
|
|-damage|p1a: Ditto|35/100 tox|[from] psn
|upkeep
|turn|161
|
|switch|p2a: Toxapex|Toxapex, F|100/100 brn
|-sideend|p2: Silver2195|move: Toxic Spikes|[of] p2a: Toxapex
|switch|p1a: Corviknight|Corviknight, F|94/100 brn
|-ability|p1a: Corviknight|Pressure
|
|-damage|p1a: Corviknight|88/100 brn|[from] brn
|-damage|p2a: Toxapex|94/100 brn|[from] brn
|upkeep
|turn|162
|j| aet6cnh9
|
|switch|p2a: Corviknight|Corviknight, F|100/100
|-ability|p2a: Corviknight|Pressure
|move|p1a: Corviknight|Defog|p2a: Corviknight
|-unboost|p2a: Corviknight|evasion|1
|-sideend|p1: killer whale squa|Toxic Spikes|[from] move: Defog|[of] p1a: Corviknight
|
|-damage|p1a: Corviknight|82/100 brn|[from] brn
|upkeep
|turn|163
|
|switch|p1a: Rotom|Rotom-Heat|100/100
|switch|p2a: Ditto|Ditto|100/100
|-transform|p2a: Ditto|p1a: Rotom|[from] ability: Imposter
|
|upkeep
|turn|164
|
|move|p2a: Ditto|Volt Switch|p1a: Rotom
|-resisted|p1a: Rotom
|-damage|p1a: Rotom|86/100
|
|switch|p2a: Toxapex|Toxapex, F|100/100 brn|[from]move: Volt Switch
|move|p1a: Rotom|Will-O-Wisp|p2a: Toxapex
|-fail|p2a: Toxapex|brn
|
|-heal|p1a: Rotom|92/100|[from] item: Leftovers
|-damage|p2a: Toxapex|94/100 brn|[from] brn
|upkeep
|turn|165
|c| aet6cnh9|164 turns of this?
|
|switch|p1a: Ditto|Ditto|68/100 tox
|-transform|p1a: Ditto|p2a: Toxapex|[from] ability: Imposter
|move|p2a: Toxapex|Haze|p2a: Toxapex
|-clearallboost
|
|-heal|p2a: Toxapex|100/100 brn|[from] item: Black Sludge
|-damage|p1a: Ditto|62/100 tox|[from] psn
|-damage|p2a: Toxapex|94/100 brn|[from] brn
|upkeep
|turn|166
|
|switch|p1a: Corviknight|Corviknight, F|82/100 brn
|-ability|p1a: Corviknight|Pressure
|move|p2a: Toxapex|Scald|p1a: Corviknight
|-damage|p1a: Corviknight|67/100 brn
|
|-heal|p2a: Toxapex|100/100 brn|[from] item: Black Sludge
|-damage|p1a: Corviknight|61/100 brn|[from] brn
|-damage|p2a: Toxapex|94/100 brn|[from] brn
|upkeep
|turn|167
|
|move|p1a: Corviknight|Roost|p1a: Corviknight
|-heal|p1a: Corviknight|100/100 brn
|-singleturn|p1a: Corviknight|move: Roost
|move|p2a: Toxapex|Toxic Spikes|p1a: Corviknight
|-sidestart|p1: killer whale squa|move: Toxic Spikes
|
|-heal|p2a: Toxapex|100/100 brn|[from] item: Black Sludge
|-damage|p1a: Corviknight|94/100 brn|[from] brn
|-damage|p2a: Toxapex|94/100 brn|[from] brn
|upkeep
|turn|168
|
|switch|p1a: Ditto|Ditto|95/100 tox
|-transform|p1a: Ditto|p2a: Toxapex|[from] ability: Imposter
|switch|p2a: Corviknight|Corviknight, F|100/100
|-ability|p2a: Corviknight|Pressure
|
|-damage|p1a: Ditto|89/100 tox|[from] psn
|upkeep
|turn|169
|
|move|p2a: Corviknight|U-turn|p1a: Ditto
|-resisted|p1a: Ditto
|-damage|p1a: Ditto|84/100 tox
|
|switch|p2a: Toxapex|Toxapex, F|100/100 brn|[from]move: U-turn
|move|p1a: Ditto|Toxic Spikes|p2a: Toxapex
|-sidestart|p2: Silver2195|move: Toxic Spikes
|
|-damage|p1a: Ditto|72/100 tox|[from] psn
|-damage|p2a: Toxapex|94/100 brn|[from] brn
|upkeep
|turn|170
|
|switch|p2a: Corviknight|Corviknight, F|100/100
|-ability|p2a: Corviknight|Pressure
|move|p1a: Ditto|Toxic Spikes|p2a: Corviknight
|-sidestart|p2: Silver2195|move: Toxic Spikes
|
|-damage|p1a: Ditto|54/100 tox|[from] psn
|upkeep
|turn|171
|
|switch|p1a: Corviknight|Corviknight, F|94/100 brn
|-ability|p1a: Corviknight|Pressure
|move|p2a: Corviknight|U-turn|p1a: Corviknight
|-resisted|p1a: Corviknight
|-damage|p1a: Corviknight|92/100 brn
|-damage|p2a: Corviknight|84/100|[from] item: Rocky Helmet|[of] p1a: Corviknight
|
|switch|p2a: Toxapex|Toxapex, F|100/100 brn|[from]move: U-turn
|-sideend|p2: Silver2195|move: Toxic Spikes|[of] p2a: Toxapex
|
|-damage|p1a: Corviknight|86/100 brn|[from] brn
|-damage|p2a: Toxapex|94/100 brn|[from] brn
|upkeep
|turn|172
|
|switch|p2a: Corviknight|Corviknight, F|84/100
|-ability|p2a: Corviknight|Pressure
|move|p1a: Corviknight|Defog|p2a: Corviknight
|-unboost|p2a: Corviknight|evasion|1
|-sideend|p1: killer whale squa|Toxic Spikes|[from] move: Defog|[of] p1a: Corviknight
|
|-heal|p2a: Corviknight|90/100|[from] item: Leftovers
|-damage|p1a: Corviknight|80/100 brn|[from] brn
|upkeep
|turn|173
|
|switch|p1a: Rotom|Rotom-Heat|92/100
|switch|p2a: Toxapex|Toxapex, F|100/100 brn
|
|-heal|p1a: Rotom|98/100|[from] item: Leftovers
|-damage|p2a: Toxapex|94/100 brn|[from] brn
|upkeep
|turn|174
|
|switch|p1a: Ditto|Ditto|87/100 tox
|-transform|p1a: Ditto|p2a: Toxapex|[from] ability: Imposter
|move|p2a: Toxapex|Haze|p2a: Toxapex
|-clearallboost
|
|-heal|p2a: Toxapex|100/100 brn|[from] item: Black Sludge
|-damage|p1a: Ditto|81/100 tox|[from] psn
|-damage|p2a: Toxapex|94/100 brn|[from] brn
|upkeep
|turn|175
|
|switch|p2a: Corviknight|Corviknight, F|90/100
|-ability|p2a: Corviknight|Pressure
|move|p1a: Ditto|Toxic Spikes|p2a: Corviknight
|-sidestart|p2: Silver2195|move: Toxic Spikes
|
|-heal|p2a: Corviknight|96/100|[from] item: Leftovers
|-damage|p1a: Ditto|69/100 tox|[from] psn
|upkeep
|turn|176
|
|switch|p2a: Toxapex|Toxapex, F|100/100 brn
|-sideend|p2: Silver2195|move: Toxic Spikes|[of] p2a: Toxapex
|switch|p1a: Corviknight|Corviknight, F|80/100 brn
|-ability|p1a: Corviknight|Pressure
|
|-damage|p1a: Corviknight|74/100 brn|[from] brn
|-damage|p2a: Toxapex|94/100 brn|[from] brn
|upkeep
|turn|177
|
|switch|p1a: Ditto|Ditto|100/100 tox
|-transform|p1a: Ditto|p2a: Toxapex|[from] ability: Imposter
|switch|p2a: Quagsire|Quagsire, F|100/100
|
|-damage|p1a: Ditto|94/100 tox|[from] psn
|upkeep
|turn|178
|
|move|p1a: Ditto|Toxic Spikes|p2a: Quagsire
|-sidestart|p2: Silver2195|move: Toxic Spikes
|move|p2a: Quagsire|Earthquake|p1a: Ditto
|-supereffective|p1a: Ditto
|-damage|p1a: Ditto|50/100 tox
|
|-damage|p1a: Ditto|38/100 tox|[from] psn
|upkeep
|turn|179
|
|switch|p1a: Corviknight|Corviknight, F|74/100 brn
|-ability|p1a: Corviknight|Pressure
|move|p2a: Quagsire|Earthquake|p1a: Corviknight
|-immune|p1a: Corviknight
|
|-damage|p1a: Corviknight|68/100 brn|[from] brn
|upkeep
|turn|180
|
|switch|p1a: Ditto|Ditto|71/100 tox
|-transform|p1a: Ditto|p2a: Quagsire|[from] ability: Imposter
|switch|p2a: Toxapex|Toxapex, F|100/100 brn
|-sideend|p2: Silver2195|move: Toxic Spikes|[of] p2a: Toxapex
|
|-damage|p1a: Ditto|65/100 tox|[from] psn
|-damage|p2a: Toxapex|94/100 brn|[from] brn
|upkeep
|turn|181
|
|switch|p2a: Corviknight|Corviknight, F|96/100
|-ability|p2a: Corviknight|Pressure
|move|p1a: Ditto|Earthquake|p2a: Corviknight
|-immune|p2a: Corviknight
|
|-heal|p2a: Corviknight|100/100|[from] item: Leftovers
|-damage|p1a: Ditto|53/100 tox|[from] psn
|upkeep
|turn|182
|
|switch|p1a: Rotom|Rotom-Heat|98/100
|move|p2a: Corviknight|U-turn|p1a: Rotom
|-resisted|p1a: Rotom
|-damage|p1a: Rotom|93/100
|
|switch|p2a: Ditto|Ditto|100/100|[from]move: U-turn
|-transform|p2a: Ditto|p1a: Rotom|[from] ability: Imposter
|
|-heal|p1a: Rotom|99/100|[from] item: Leftovers
|upkeep
|turn|183
|
|move|p2a: Ditto|Volt Switch|p1a: Rotom
|-resisted|p1a: Rotom
|-damage|p1a: Rotom|85/100
|
|switch|p2a: Toxapex|Toxapex, F|100/100 brn|[from]move: Volt Switch
|move|p1a: Rotom|Volt Switch|p2a: Toxapex
|-supereffective|p2a: Toxapex
|-damage|p2a: Toxapex|68/100 brn
|
|switch|p1a: Ditto|Ditto|53/100 tox|[from]move: Volt Switch
|-transform|p1a: Ditto|p2a: Toxapex|[from] ability: Imposter
|
|-heal|p2a: Toxapex|75/100 brn|[from] item: Black Sludge
|-damage|p1a: Ditto|47/100 tox|[from] psn
|-damage|p2a: Toxapex|68/100 brn|[from] brn
|upkeep
|turn|184
|
|switch|p2a: Corviknight|Corviknight, F|100/100
|-ability|p2a: Corviknight|Pressure
|move|p1a: Ditto|Toxic Spikes|p2a: Corviknight
|-sidestart|p2: Silver2195|move: Toxic Spikes
|
|-damage|p1a: Ditto|35/100 tox|[from] psn
|upkeep
|turn|185
|
|switch|p2a: Toxapex|Toxapex, F|100/100 brn
|-sideend|p2: Silver2195|move: Toxic Spikes|[of] p2a: Toxapex
|switch|p1a: Corviknight|Corviknight, F|68/100 brn
|-ability|p1a: Corviknight|Pressure
|
|-damage|p1a: Corviknight|62/100 brn|[from] brn
|-damage|p2a: Toxapex|94/100 brn|[from] brn
|upkeep
|turn|186
|
|switch|p1a: Ditto|Ditto|68/100 tox
|-transform|p1a: Ditto|p2a: Toxapex|[from] ability: Imposter
|switch|p2a: Ditto|Ditto|100/100
|
|-damage|p1a: Ditto|62/100 tox|[from] psn
|upkeep
|turn|187
|
|switch|p2a: Toxapex|Toxapex, F|100/100 brn
|move|p1a: Ditto|Scald|p2a: Toxapex
|-resisted|p2a: Toxapex
|-damage|p2a: Toxapex|95/100 brn
|
|-heal|p2a: Toxapex|100/100 brn|[from] item: Black Sludge
|-damage|p1a: Ditto|50/100 tox|[from] psn
|-damage|p2a: Toxapex|94/100 brn|[from] brn
|upkeep
|turn|188
|
|switch|p1a: Corviknight|Corviknight, F|62/100 brn
|-ability|p1a: Corviknight|Pressure
|move|p2a: Toxapex|Toxic Spikes|p1a: Corviknight
|-sidestart|p1: killer whale squa|move: Toxic Spikes
|
|-heal|p2a: Toxapex|100/100 brn|[from] item: Black Sludge
|-damage|p1a: Corviknight|56/100 brn|[from] brn
|-damage|p2a: Toxapex|94/100 brn|[from] brn
|upkeep
|turn|189
|
|switch|p2a: Ditto|Ditto|100/100
|-transform|p2a: Ditto|p1a: Corviknight|[from] ability: Imposter
|-ability|p2a: Ditto|Pressure
|move|p1a: Corviknight|Defog|p2a: Ditto
|-unboost|p2a: Ditto|evasion|1
|-sideend|p1: killer whale squa|Toxic Spikes|[from] move: Defog|[of] p1a: Corviknight
|
|-damage|p1a: Corviknight|50/100 brn|[from] brn
|upkeep
|turn|190
|
|switch|p1a: Rotom|Rotom-Heat|85/100
|move|p2a: Ditto|Body Press|p1a: Rotom
|-damage|p1a: Rotom|63/100
|
|-heal|p1a: Rotom|68/100|[from] item: Leftovers
|upkeep
|turn|191
|
|switch|p2a: Toxapex|Toxapex, F|100/100 brn
|move|p1a: Rotom|Overheat|p2a: Toxapex
|-resisted|p2a: Toxapex
|-damage|p2a: Toxapex|87/100 brn
|-unboost|p1a: Rotom|spa|2
|
|-heal|p1a: Rotom|74/100|[from] item: Leftovers
|-heal|p2a: Toxapex|93/100 brn|[from] item: Black Sludge
|-damage|p2a: Toxapex|87/100 brn|[from] brn
|upkeep
|turn|192
|
|switch|p1a: Ditto|Ditto|83/100 tox
|-transform|p1a: Ditto|p2a: Toxapex|[from] ability: Imposter
|move|p2a: Toxapex|Toxic Spikes|p1a: Ditto
|-sidestart|p1: killer whale squa|move: Toxic Spikes
|
|-heal|p2a: Toxapex|93/100 brn|[from] item: Black Sludge
|-damage|p1a: Ditto|77/100 tox|[from] psn
|-damage|p2a: Toxapex|87/100 brn|[from] brn
|upkeep
|turn|193
|
|move|p1a: Ditto|Toxic Spikes|p2a: Toxapex
|-sidestart|p2: Silver2195|move: Toxic Spikes
|move|p2a: Toxapex|Haze|p2a: Toxapex
|-clearallboost
|
|-heal|p2a: Toxapex|93/100 brn|[from] item: Black Sludge
|-damage|p1a: Ditto|65/100 tox|[from] psn
|-damage|p2a: Toxapex|87/100 brn|[from] brn
|upkeep
|turn|194
|
|switch|p2a: Zacian|Zacian-Crowned|51/100
|-ability|p2a: Zacian|Intrepid Sword|boost
|-boost|p2a: Zacian|atk|1
|move|p1a: Ditto|Toxic Spikes|p2a: Zacian
|-sidestart|p2: Silver2195|move: Toxic Spikes
|
|-damage|p1a: Ditto|47/100 tox|[from] psn
|upkeep
|turn|195
|
|switch|p2a: Toxapex|Toxapex, F|100/100 brn
|-sideend|p2: Silver2195|move: Toxic Spikes|[of] p2a: Toxapex
|switch|p1a: Rotom|Rotom-Heat|74/100
|
|-heal|p1a: Rotom|80/100|[from] item: Leftovers
|-damage|p2a: Toxapex|94/100 brn|[from] brn
|upkeep
|turn|196
|
|switch|p1a: Ditto|Ditto|80/100 tox
|-transform|p1a: Ditto|p2a: Toxapex|[from] ability: Imposter
|move|p2a: Toxapex|Scald|p1a: Ditto
|-resisted|p1a: Ditto
|-damage|p1a: Ditto|75/100 tox
|
|-heal|p2a: Toxapex|100/100 brn|[from] item: Black Sludge
|-damage|p1a: Ditto|69/100 tox|[from] psn
|-damage|p2a: Toxapex|94/100 brn|[from] brn
|upkeep
|turn|197
|
|switch|p2a: Corviknight|Corviknight, F|100/100
|-ability|p2a: Corviknight|Pressure
|move|p1a: Ditto|Toxic Spikes|p2a: Corviknight
|-sidestart|p2: Silver2195|move: Toxic Spikes
|
|-damage|p1a: Ditto|57/100 tox|[from] psn
|upkeep
|turn|198
|
|switch|p2a: Toxapex|Toxapex, F|100/100 brn
|-sideend|p2: Silver2195|move: Toxic Spikes|[of] p2a: Toxapex
|move|p1a: Ditto|Toxic Spikes|p2a: Toxapex
|-sidestart|p2: Silver2195|move: Toxic Spikes
|
|-damage|p1a: Ditto|39/100 tox|[from] psn
|-damage|p2a: Toxapex|94/100 brn|[from] brn
|upkeep
|turn|199
|
|switch|p1a: Corviknight|Corviknight, F|50/100 brn
|-ability|p1a: Corviknight|Pressure
|move|p2a: Toxapex|Scald|p1a: Corviknight
|-crit|p1a: Corviknight
|-damage|p1a: Corviknight|26/100 brn
|
|-heal|p2a: Toxapex|100/100 brn|[from] item: Black Sludge
|-damage|p1a: Corviknight|20/100 brn|[from] brn
|-damage|p2a: Toxapex|94/100 brn|[from] brn
|upkeep
|turn|200
|
|switch|p2a: Corviknight|Corviknight, F|100/100
|-ability|p2a: Corviknight|Pressure
|move|p1a: Corviknight|Roost|p1a: Corviknight
|-heal|p1a: Corviknight|70/100 brn
|-singleturn|p1a: Corviknight|move: Roost
|
|-damage|p1a: Corviknight|64/100 brn|[from] brn
|upkeep
|turn|201
|
|switch|p1a: Rotom|Rotom-Heat|80/100
|switch|p2a: Toxapex|Toxapex, F|100/100 brn
|-sideend|p2: Silver2195|move: Toxic Spikes|[of] p2a: Toxapex
|
|-heal|p1a: Rotom|86/100|[from] item: Leftovers
|-damage|p2a: Toxapex|94/100 brn|[from] brn
|upkeep
|turn|202
|
|switch|p1a: Ditto|Ditto|72/100 tox
|-transform|p1a: Ditto|p2a: Toxapex|[from] ability: Imposter
|switch|p2a: Ditto|Ditto|100/100
|
|-damage|p1a: Ditto|66/100 tox|[from] psn
|upkeep
|turn|203
|
|switch|p2a: Toxapex|Toxapex, F|100/100 brn
|move|p1a: Ditto|Scald|p2a: Toxapex
|-resisted|p2a: Toxapex
|-damage|p2a: Toxapex|95/100 brn
|
|-heal|p2a: Toxapex|100/100 brn|[from] item: Black Sludge
|-damage|p1a: Ditto|54/100 tox|[from] psn
|-damage|p2a: Toxapex|94/100 brn|[from] brn
|upkeep
|turn|204
|
|switch|p1a: Corviknight|Corviknight, F|64/100 brn
|-ability|p1a: Corviknight|Pressure
|switch|p2a: Corviknight|Corviknight, F|100/100
|-ability|p2a: Corviknight|Pressure
|
|-damage|p1a: Corviknight|58/100 brn|[from] brn
|upkeep
|turn|205
|
|switch|p1a: Rotom|Rotom-Heat|86/100
|move|p2a: Corviknight|Body Press|p1a: Rotom
|-crit|p1a: Rotom
|-damage|p1a: Rotom|58/100
|
|-heal|p1a: Rotom|64/100|[from] item: Leftovers
|upkeep
|turn|206
|
|switch|p2a: Toxapex|Toxapex, F|100/100 brn
|move|p1a: Rotom|Protect||[still]
|-fail|p1a: Rotom
|
|-heal|p1a: Rotom|69/100|[from] item: Leftovers
|-damage|p2a: Toxapex|94/100 brn|[from] brn
|upkeep
|turn|207
|
|switch|p2a: Corviknight|Corviknight, F|100/100
|-ability|p2a: Corviknight|Pressure
|move|p1a: Rotom|Volt Switch|p2a: Corviknight
|-supereffective|p2a: Corviknight
|-crit|p2a: Corviknight
|-damage|p2a: Corviknight|29/100
|
|switch|p1a: Corviknight|Corviknight, F|58/100 brn|[from]move: Volt Switch
|-ability|p1a: Corviknight|Pressure
|
|-heal|p2a: Corviknight|35/100|[from] item: Leftovers
|-damage|p1a: Corviknight|52/100 brn|[from] brn
|upkeep
|turn|208
|
|move|p1a: Corviknight|Roost|p1a: Corviknight
|-heal|p1a: Corviknight|100/100 brn
|-singleturn|p1a: Corviknight|move: Roost
|move|p2a: Corviknight|Roost|p2a: Corviknight
|-heal|p2a: Corviknight|85/100
|-singleturn|p2a: Corviknight|move: Roost
|
|-heal|p2a: Corviknight|91/100|[from] item: Leftovers
|-damage|p1a: Corviknight|94/100 brn|[from] brn
|upkeep
|turn|209
|
|switch|p2a: Toxapex|Toxapex, F|100/100 brn
|move|p1a: Corviknight|Defog|p2a: Toxapex
|-unboost|p2a: Toxapex|evasion|1
|-sideend|p1: killer whale squa|Toxic Spikes|[from] move: Defog|[of] p1a: Corviknight
|
|-damage|p1a: Corviknight|88/100 brn|[from] brn
|-damage|p2a: Toxapex|94/100 brn|[from] brn
|upkeep
|turn|210
|
|switch|p1a: Ditto|Ditto|87/100 tox
|-transform|p1a: Ditto|p2a: Toxapex|[from] ability: Imposter
|switch|p2a: Corviknight|Corviknight, F|91/100
|-ability|p2a: Corviknight|Pressure
|
|-heal|p2a: Corviknight|97/100|[from] item: Leftovers
|-damage|p1a: Ditto|81/100 tox|[from] psn
|upkeep
|turn|211
|
|switch|p2a: Toxapex|Toxapex, F|100/100 brn
|switch|p1a: Rotom|Rotom-Heat|69/100
|
|-heal|p1a: Rotom|75/100|[from] item: Leftovers
|-damage|p2a: Toxapex|94/100 brn|[from] brn
|upkeep
|turn|212
|
|switch|p1a: Ditto|Ditto|100/100 tox
|-transform|p1a: Ditto|p2a: Toxapex|[from] ability: Imposter
|move|p2a: Toxapex|Toxic Spikes|p1a: Ditto
|-sidestart|p1: killer whale squa|move: Toxic Spikes
|
|-heal|p2a: Toxapex|100/100 brn|[from] item: Black Sludge
|-damage|p1a: Ditto|94/100 tox|[from] psn
|-damage|p2a: Toxapex|94/100 brn|[from] brn
|upkeep
|turn|213
|
|move|p1a: Ditto|Toxic Spikes|p2a: Toxapex
|-sidestart|p2: Silver2195|move: Toxic Spikes
|move|p2a: Toxapex|Toxic Spikes|p1a: Ditto
|-sidestart|p1: killer whale squa|move: Toxic Spikes
|
|-heal|p2a: Toxapex|100/100 brn|[from] item: Black Sludge
|-damage|p1a: Ditto|82/100 tox|[from] psn
|-damage|p2a: Toxapex|94/100 brn|[from] brn
|upkeep
|turn|214
|
|switch|p2a: Corviknight|Corviknight, F|97/100
|-ability|p2a: Corviknight|Pressure
|move|p1a: Ditto|Toxic Spikes|p2a: Corviknight
|-sidestart|p2: Silver2195|move: Toxic Spikes
|
|-heal|p2a: Corviknight|100/100|[from] item: Leftovers
|-damage|p1a: Ditto|64/100 tox|[from] psn
|upkeep
|turn|215
|
|switch|p2a: Toxapex|Toxapex, F|100/100 brn
|-sideend|p2: Silver2195|move: Toxic Spikes|[of] p2a: Toxapex
|switch|p1a: Rotom|Rotom-Heat|75/100
|
|-heal|p1a: Rotom|81/100|[from] item: Leftovers
|-damage|p2a: Toxapex|94/100 brn|[from] brn
|upkeep
|turn|216
|
|switch|p2a: Corviknight|Corviknight, F|100/100
|-ability|p2a: Corviknight|Pressure
|move|p1a: Rotom|Overheat|p2a: Corviknight
|-supereffective|p2a: Corviknight
|-damage|p2a: Corviknight|10/100
|-unboost|p1a: Rotom|spa|2
|
|-heal|p1a: Rotom|87/100|[from] item: Leftovers
|-heal|p2a: Corviknight|17/100|[from] item: Leftovers
|upkeep
|turn|217
|j| L'Abeille
|
|switch|p2a: Toxapex|Toxapex, F|100/100 brn
|move|p1a: Rotom|Volt Switch|p2a: Toxapex
|-supereffective|p2a: Toxapex
|-damage|p2a: Toxapex|83/100 brn
|
|switch|p1a: Ditto|Ditto|97/100 tox|[from]move: Volt Switch
|-transform|p1a: Ditto|p2a: Toxapex|[from] ability: Imposter
|
|-heal|p2a: Toxapex|89/100 brn|[from] item: Black Sludge
|-damage|p1a: Ditto|91/100 tox|[from] psn
|-damage|p2a: Toxapex|83/100 brn|[from] brn
|upkeep
|turn|218
|
|move|p1a: Ditto|Scald|p2a: Toxapex
|-resisted|p2a: Toxapex
|-damage|p2a: Toxapex|78/100 brn
|move|p2a: Toxapex|Haze|p2a: Toxapex
|-clearallboost
|
|-heal|p2a: Toxapex|84/100 brn|[from] item: Black Sludge
|-damage|p1a: Ditto|79/100 tox|[from] psn
|-damage|p2a: Toxapex|78/100 brn|[from] brn
|upkeep
|turn|219
|
|switch|p1a: Rotom|Rotom-Heat|87/100
|switch|p2a: Corviknight|Corviknight, F|17/100
|-ability|p2a: Corviknight|Pressure
|
|-heal|p1a: Rotom|93/100|[from] item: Leftovers
|-heal|p2a: Corviknight|23/100|[from] item: Leftovers
|upkeep
|turn|220
|
|switch|p2a: Toxapex|Toxapex, F|100/100 brn
|move|p1a: Rotom|Volt Switch|p2a: Toxapex
|-supereffective|p2a: Toxapex
|-damage|p2a: Toxapex|66/100 brn
|
|switch|p1a: Ditto|Ditto|100/100 tox|[from]move: Volt Switch
|-transform|p1a: Ditto|p2a: Toxapex|[from] ability: Imposter
|
|-heal|p2a: Toxapex|73/100 brn|[from] item: Black Sludge
|-damage|p1a: Ditto|94/100 tox|[from] psn
|-damage|p2a: Toxapex|66/100 brn|[from] brn
|upkeep
|turn|221
|
|switch|p2a: Corviknight|Corviknight, F|23/100
|-ability|p2a: Corviknight|Pressure
|move|p1a: Ditto|Toxic Spikes|p2a: Corviknight
|-sidestart|p2: Silver2195|move: Toxic Spikes
|
|-heal|p2a: Corviknight|29/100|[from] item: Leftovers
|-damage|p1a: Ditto|82/100 tox|[from] psn
|upkeep
|turn|222
|
|switch|p1a: Rotom|Rotom-Heat|93/100
|move|p2a: Corviknight|Roost|p2a: Corviknight
|-heal|p2a: Corviknight|79/100
|-singleturn|p2a: Corviknight|move: Roost
|
|-heal|p1a: Rotom|99/100|[from] item: Leftovers
|-heal|p2a: Corviknight|85/100|[from] item: Leftovers
|upkeep
|turn|223
|
|switch|p2a: Toxapex|Toxapex, F|99/100 brn
|-sideend|p2: Silver2195|move: Toxic Spikes|[of] p2a: Toxapex
|move|p1a: Rotom|Volt Switch|p2a: Toxapex
|-supereffective|p2a: Toxapex
|-damage|p2a: Toxapex|66/100 brn
|
|switch|p1a: Corviknight|Corviknight, F|88/100 brn|[from]move: Volt Switch
|-ability|p1a: Corviknight|Pressure
|
|-heal|p2a: Toxapex|72/100 brn|[from] item: Black Sludge
|-damage|p1a: Corviknight|82/100 brn|[from] brn
|-damage|p2a: Toxapex|66/100 brn|[from] brn
|upkeep
|turn|224
|
|switch|p2a: Corviknight|Corviknight, F|85/100
|-ability|p2a: Corviknight|Pressure
|move|p1a: Corviknight|Defog|p2a: Corviknight
|-unboost|p2a: Corviknight|evasion|1
|-sideend|p1: killer whale squa|Toxic Spikes|[from] move: Defog|[of] p1a: Corviknight
|
|-heal|p2a: Corviknight|92/100|[from] item: Leftovers
|-damage|p1a: Corviknight|76/100 brn|[from] brn
|upkeep
|turn|225
|
|switch|p1a: Rotom|Rotom-Heat|99/100
|switch|p2a: Ditto|Ditto|100/100
|-transform|p2a: Ditto|p1a: Rotom|[from] ability: Imposter
|
|-heal|p1a: Rotom|100/100|[from] item: Leftovers
|upkeep
|turn|226
|
|move|p1a: Rotom|Protect|p1a: Rotom
|-singleturn|p1a: Rotom|Protect
|move|p2a: Ditto|Volt Switch|p1a: Rotom
|-activate|p1a: Rotom|move: Protect
|
|upkeep
|turn|227
|
|move|p2a: Ditto|Volt Switch|p1a: Rotom
|-resisted|p1a: Rotom
|-damage|p1a: Rotom|87/100
|
|switch|p2a: Toxapex|Toxapex, F|99/100 brn|[from]move: Volt Switch
|move|p1a: Rotom|Volt Switch|p2a: Toxapex
|-supereffective|p2a: Toxapex
|-damage|p2a: Toxapex|67/100 brn
|
|switch|p1a: Ditto|Ditto|100/100 tox|[from]move: Volt Switch
|-transform|p1a: Ditto|p2a: Toxapex|[from] ability: Imposter
|
|-heal|p2a: Toxapex|73/100 brn|[from] item: Black Sludge
|-damage|p1a: Ditto|94/100 tox|[from] psn
|-damage|p2a: Toxapex|67/100 brn|[from] brn
|upkeep
|turn|228
|
|switch|p1a: Rotom|Rotom-Heat|87/100
|switch|p2a: Corviknight|Corviknight, F|92/100
|-ability|p2a: Corviknight|Pressure
|
|-heal|p1a: Rotom|93/100|[from] item: Leftovers
|-heal|p2a: Corviknight|98/100|[from] item: Leftovers
|upkeep
|turn|229
|
|move|p1a: Rotom|Will-O-Wisp|p2a: Corviknight
|-status|p2a: Corviknight|brn
|move|p2a: Corviknight|Body Press|p1a: Rotom
|-damage|p1a: Rotom|82/100
|
|-heal|p1a: Rotom|88/100|[from] item: Leftovers
|-heal|p2a: Corviknight|100/100 brn|[from] item: Leftovers
|-damage|p2a: Corviknight|94/100 brn|[from] brn
|upkeep
|turn|230
|
|switch|p2a: Ditto|Ditto|100/100
|-transform|p2a: Ditto|p1a: Rotom|[from] ability: Imposter
|move|p1a: Rotom|Overheat|p2a: Ditto
|-resisted|p2a: Ditto
|-damage|p2a: Ditto|75/100
|-unboost|p1a: Rotom|spa|2
|
|-heal|p1a: Rotom|94/100|[from] item: Leftovers
|upkeep
|turn|231
|
|move|p1a: Rotom|Protect|p1a: Rotom
|-singleturn|p1a: Rotom|Protect
|move|p2a: Ditto|Volt Switch|p1a: Rotom
|-activate|p1a: Rotom|move: Protect
|
|-heal|p1a: Rotom|99/100|[from] item: Leftovers
|upkeep
|turn|232
|
|move|p2a: Ditto|Volt Switch|p1a: Rotom
|-resisted|p1a: Rotom
|-damage|p1a: Rotom|86/100
|
|switch|p2a: Toxapex|Toxapex, F|99/100 brn|[from]move: Volt Switch
|move|p1a: Rotom|Volt Switch|p2a: Toxapex
|-supereffective|p2a: Toxapex
|-damage|p2a: Toxapex|84/100 brn
|
|switch|p1a: Ditto|Ditto|100/100 tox|[from]move: Volt Switch
|-transform|p1a: Ditto|p2a: Toxapex|[from] ability: Imposter
|
|-heal|p2a: Toxapex|90/100 brn|[from] item: Black Sludge
|-damage|p1a: Ditto|94/100 tox|[from] psn
|-damage|p2a: Toxapex|84/100 brn|[from] brn
|upkeep
|turn|233
|
|switch|p2a: Corviknight|Corviknight, F|94/100 brn
|-ability|p2a: Corviknight|Pressure
|move|p1a: Ditto|Toxic Spikes|p2a: Corviknight
|-sidestart|p2: Silver2195|move: Toxic Spikes
|
|-heal|p2a: Corviknight|100/100 brn|[from] item: Leftovers
|-damage|p2a: Corviknight|94/100 brn|[from] brn
|-damage|p1a: Ditto|82/100 tox|[from] psn
|upkeep
|turn|234
|
|switch|p2a: Toxapex|Toxapex, F|100/100 brn
|-sideend|p2: Silver2195|move: Toxic Spikes|[of] p2a: Toxapex
|move|p1a: Ditto|Toxic Spikes|p2a: Toxapex
|-sidestart|p2: Silver2195|move: Toxic Spikes
|
|-damage|p1a: Ditto|64/100 tox|[from] psn
|-damage|p2a: Toxapex|94/100 brn|[from] brn
|upkeep
|turn|235
|
|switch|p2a: Zacian|Zacian-Crowned|51/100
|-ability|p2a: Zacian|Intrepid Sword|boost
|-boost|p2a: Zacian|atk|1
|move|p1a: Ditto|Toxic Spikes|p2a: Zacian
|-sidestart|p2: Silver2195|move: Toxic Spikes
|
|-damage|p1a: Ditto|40/100 tox|[from] psn
|upkeep
|turn|236
|
|switch|p2a: Toxapex|Toxapex, F|100/100 brn
|-sideend|p2: Silver2195|move: Toxic Spikes|[of] p2a: Toxapex
|switch|p1a: Corviknight|Corviknight, F|76/100 brn
|-ability|p1a: Corviknight|Pressure
|
|-damage|p1a: Corviknight|70/100 brn|[from] brn
|-damage|p2a: Toxapex|94/100 brn|[from] brn
|upkeep
|turn|237
|
|switch|p1a: Ditto|Ditto|73/100 tox
|-transform|p1a: Ditto|p2a: Toxapex|[from] ability: Imposter
|switch|p2a: Ditto|Ditto|75/100
|
|-damage|p1a: Ditto|67/100 tox|[from] psn
|upkeep
|turn|238
|
|switch|p2a: Toxapex|Toxapex, F|100/100 brn
|move|p1a: Ditto|Toxic Spikes|p2a: Toxapex
|-sidestart|p2: Silver2195|move: Toxic Spikes
|
|-damage|p1a: Ditto|55/100 tox|[from] psn
|-damage|p2a: Toxapex|94/100 brn|[from] brn
|upkeep
|turn|239
|
|switch|p1a: Rotom|Rotom-Heat|86/100
|switch|p2a: Corviknight|Corviknight, F|94/100 brn
|-ability|p2a: Corviknight|Pressure
|
|-heal|p1a: Rotom|92/100|[from] item: Leftovers
|-heal|p2a: Corviknight|100/100 brn|[from] item: Leftovers
|-damage|p2a: Corviknight|94/100 brn|[from] brn
|upkeep
|turn|240
|
|move|p1a: Rotom|Overheat|p2a: Corviknight
|-supereffective|p2a: Corviknight
|-damage|p2a: Corviknight|10/100 brn
|-unboost|p1a: Rotom|spa|2
|move|p2a: Corviknight|Body Press|p1a: Rotom
|-damage|p1a: Rotom|82/100
|
|-heal|p1a: Rotom|88/100|[from] item: Leftovers
|-heal|p2a: Corviknight|16/100 brn|[from] item: Leftovers
|-damage|p2a: Corviknight|10/100 brn|[from] brn
|upkeep
|turn|241
|
|switch|p2a: Toxapex|Toxapex, F|100/100 brn
|-sideend|p2: Silver2195|move: Toxic Spikes|[of] p2a: Toxapex
|move|p1a: Rotom|Volt Switch|p2a: Toxapex
|-supereffective|p2a: Toxapex
|-damage|p2a: Toxapex|83/100 brn
|
|switch|p1a: Ditto|Ditto|88/100 tox|[from]move: Volt Switch
|-transform|p1a: Ditto|p2a: Toxapex|[from] ability: Imposter
|
|-heal|p2a: Toxapex|89/100 brn|[from] item: Black Sludge
|-damage|p1a: Ditto|82/100 tox|[from] psn
|-damage|p2a: Toxapex|83/100 brn|[from] brn
|upkeep
|turn|242
|
|move|p1a: Ditto|Scald|p2a: Toxapex
|-resisted|p2a: Toxapex
|-damage|p2a: Toxapex|78/100 brn
|move|p2a: Toxapex|Toxic Spikes|p1a: Ditto
|-sidestart|p1: killer whale squa|move: Toxic Spikes
|
|-heal|p2a: Toxapex|84/100 brn|[from] item: Black Sludge
|-damage|p1a: Ditto|70/100 tox|[from] psn
|-damage|p2a: Toxapex|78/100 brn|[from] brn
|upkeep
|turn|243
|
|switch|p1a: Rotom|Rotom-Heat|88/100
|move|p2a: Toxapex|Toxic Spikes|p1a: Rotom
|-sidestart|p1: killer whale squa|move: Toxic Spikes
|
|-heal|p1a: Rotom|94/100|[from] item: Leftovers
|-heal|p2a: Toxapex|84/100 brn|[from] item: Black Sludge
|-damage|p2a: Toxapex|78/100 brn|[from] brn
|upkeep
|turn|244
|
|move|p1a: Rotom|Volt Switch|p2a: Toxapex
|-supereffective|p2a: Toxapex
|-damage|p2a: Toxapex|46/100 brn
|
|switch|p1a: Ditto|Ditto|100/100 tox|[from]move: Volt Switch
|-transform|p1a: Ditto|p2a: Toxapex|[from] ability: Imposter
|move|p2a: Toxapex|Scald|p1a: Ditto
|-resisted|p1a: Ditto
|-damage|p1a: Ditto|94/100 tox
|
|-heal|p2a: Toxapex|52/100 brn|[from] item: Black Sludge
|-damage|p1a: Ditto|88/100 tox|[from] psn
|-damage|p2a: Toxapex|46/100 brn|[from] brn
|upkeep
|turn|245
|
|move|p1a: Ditto|Scald|p2a: Toxapex
|-resisted|p2a: Toxapex
|-damage|p2a: Toxapex|40/100 brn
|move|p2a: Toxapex|Recover|p2a: Toxapex
|-heal|p2a: Toxapex|90/100 brn
|
|-heal|p2a: Toxapex|96/100 brn|[from] item: Black Sludge
|-damage|p1a: Ditto|76/100 tox|[from] psn
|-damage|p2a: Toxapex|90/100 brn|[from] brn
|upkeep
|turn|246
|
|switch|p1a: Rotom|Rotom-Heat|94/100
|move|p2a: Toxapex|Haze|p2a: Toxapex
|-clearallboost
|
|-heal|p1a: Rotom|99/100|[from] item: Leftovers
|-heal|p2a: Toxapex|96/100 brn|[from] item: Black Sludge
|-damage|p2a: Toxapex|90/100 brn|[from] brn
|upkeep
|turn|247
|
|move|p1a: Rotom|Volt Switch|p2a: Toxapex
|-supereffective|p2a: Toxapex
|-damage|p2a: Toxapex|56/100 brn
|
|switch|p1a: Ditto|Ditto|100/100 tox|[from]move: Volt Switch
|-transform|p1a: Ditto|p2a: Toxapex|[from] ability: Imposter
|move|p2a: Toxapex|Scald|p1a: Ditto
|-resisted|p1a: Ditto
|-damage|p1a: Ditto|95/100 tox
|
|-heal|p2a: Toxapex|63/100 brn|[from] item: Black Sludge
|-damage|p1a: Ditto|89/100 tox|[from] psn
|-damage|p2a: Toxapex|56/100 brn|[from] brn
|upkeep
|turn|248
|
|move|p1a: Ditto|Toxic Spikes|p2a: Toxapex
|-sidestart|p2: Silver2195|move: Toxic Spikes
|move|p2a: Toxapex|Recover|p2a: Toxapex
|-heal|p2a: Toxapex|100/100 brn
|
|-damage|p1a: Ditto|77/100 tox|[from] psn
|-damage|p2a: Toxapex|94/100 brn|[from] brn
|upkeep
|turn|249
|
|switch|p1a: Rotom|Rotom-Heat|99/100
|switch|p2a: Corviknight|Corviknight, F|10/100 brn
|-ability|p2a: Corviknight|Pressure
|
|-heal|p1a: Rotom|100/100|[from] item: Leftovers
|-heal|p2a: Corviknight|16/100 brn|[from] item: Leftovers
|-damage|p2a: Corviknight|10/100 brn|[from] brn
|upkeep
|turn|250
|
|switch|p2a: Toxapex|Toxapex, F|100/100 brn
|-sideend|p2: Silver2195|move: Toxic Spikes|[of] p2a: Toxapex
|move|p1a: Rotom|Volt Switch|p2a: Toxapex
|-supereffective|p2a: Toxapex
|-damage|p2a: Toxapex|70/100 brn
|
|switch|p1a: Ditto|Ditto|100/100 tox|[from]move: Volt Switch
|-transform|p1a: Ditto|p2a: Toxapex|[from] ability: Imposter
|
|-heal|p2a: Toxapex|76/100 brn|[from] item: Black Sludge
|-damage|p1a: Ditto|94/100 tox|[from] psn
|-damage|p2a: Toxapex|70/100 brn|[from] brn
|upkeep
|turn|251
|
|switch|p1a: Corviknight|Corviknight, F|70/100 brn
|-ability|p1a: Corviknight|Pressure
|switch|p2a: Quagsire|Quagsire, F|100/100
|
|-damage|p1a: Corviknight|64/100 brn|[from] brn
|upkeep
|turn|252
|
|move|p1a: Corviknight|Defog|p2a: Quagsire
|-unboost|p2a: Quagsire|evasion|1
|-sideend|p1: killer whale squa|Toxic Spikes|[from] move: Defog|[of] p1a: Corviknight
|move|p2a: Quagsire|Scald|p1a: Corviknight
|-damage|p1a: Corviknight|45/100 brn
|
|-damage|p1a: Corviknight|39/100 brn|[from] brn
|upkeep
|turn|253
|
|switch|p1a: Ditto|Ditto|100/100 tox
|-transform|p1a: Ditto|p2a: Quagsire|[from] ability: Imposter
|move|p2a: Quagsire|Earthquake|p1a: Ditto
|-damage|p1a: Ditto|72/100 tox
|
|-damage|p1a: Ditto|66/100 tox|[from] psn
|upkeep
|turn|254
|
|switch|p2a: Corviknight|Corviknight, F|10/100 brn
|-ability|p2a: Corviknight|Pressure
|move|p1a: Ditto|Scald|p2a: Corviknight
|-damage|p2a: Corviknight|0 fnt
|faint|p2a: Corviknight
|
|-damage|p1a: Ditto|54/100 tox|[from] psn
|upkeep
|
|switch|p2a: Quagsire|Quagsire, F|100/100
|turn|255
|
|switch|p1a: Rotom|Rotom-Heat|100/100
|move|p2a: Quagsire|Scald|p1a: Rotom
|-supereffective|p1a: Rotom
|-damage|p1a: Rotom|59/100
|
|-heal|p1a: Rotom|65/100|[from] item: Leftovers
|upkeep
|turn|256
|
|move|p1a: Rotom|Protect|p1a: Rotom
|-singleturn|p1a: Rotom|Protect
|move|p2a: Quagsire|Toxic|p1a: Rotom
|-activate|p1a: Rotom|move: Protect
|
|-heal|p1a: Rotom|71/100|[from] item: Leftovers
|upkeep
|turn|257
|
|switch|p1a: Corviknight|Corviknight, F|39/100 brn
|-ability|p1a: Corviknight|Pressure
|move|p2a: Quagsire|Scald|p1a: Corviknight
|-damage|p1a: Corviknight|21/100 brn
|
|-damage|p1a: Corviknight|15/100 brn|[from] brn
|upkeep
|turn|258
|
|move|p1a: Corviknight|Roost|p1a: Corviknight
|-heal|p1a: Corviknight|65/100 brn
|-singleturn|p1a: Corviknight|move: Roost
|move|p2a: Quagsire|Earthquake|p1a: Corviknight
|-supereffective|p1a: Corviknight
|-crit|p1a: Corviknight
|-damage|p1a: Corviknight|10/100 brn
|
|-damage|p1a: Corviknight|4/100 brn|[from] brn
|upkeep
|turn|259
|
|move|p1a: Corviknight|Roost|p1a: Corviknight
|-heal|p1a: Corviknight|54/100 brn
|-singleturn|p1a: Corviknight|move: Roost
|move|p2a: Quagsire|Earthquake|p1a: Corviknight
|-supereffective|p1a: Corviknight
|-damage|p1a: Corviknight|17/100 brn
|
|-damage|p1a: Corviknight|11/100 brn|[from] brn
|upkeep
|turn|260
|
|switch|p1a: Ditto|Ditto|54/100 tox
|-transform|p1a: Ditto|p2a: Quagsire|[from] ability: Imposter
|move|p2a: Quagsire|Scald|p1a: Ditto
|-damage|p1a: Ditto|23/100 tox
|
|-damage|p1a: Ditto|17/100 tox|[from] psn
|upkeep
|turn|261
|
|switch|p2a: Toxapex|Toxapex, F|100/100 brn
|move|p1a: Ditto|Toxic||[still]
|-fail|p1a: Ditto
|
|-damage|p1a: Ditto|5/100 tox|[from] psn
|-damage|p2a: Toxapex|94/100 brn|[from] brn
|upkeep
|turn|262
|
|switch|p1a: Rotom|Rotom-Heat|71/100
|move|p2a: Toxapex|Toxic Spikes|p1a: Rotom
|-sidestart|p1: killer whale squa|move: Toxic Spikes
|
|-heal|p1a: Rotom|77/100|[from] item: Leftovers
|-heal|p2a: Toxapex|100/100 brn|[from] item: Black Sludge
|-damage|p2a: Toxapex|94/100 brn|[from] brn
|upkeep
|turn|263
|
|move|p1a: Rotom|Volt Switch|p2a: Toxapex
|-supereffective|p2a: Toxapex
|-damage|p2a: Toxapex|63/100 brn
|
|switch|p1a: Dragapult|Dragapult, F|39/100 psn|[from]move: Volt Switch
|move|p2a: Toxapex|Scald|p1a: Dragapult
|-resisted|p1a: Dragapult
|-damage|p1a: Dragapult|27/100 psn
|
|-heal|p2a: Toxapex|69/100 brn|[from] item: Black Sludge
|-damage|p1a: Dragapult|14/100 psn|[from] psn
|-damage|p2a: Toxapex|63/100 brn|[from] brn
|upkeep
|turn|264
|
|move|p1a: Dragapult|Thunderbolt|p2a: Toxapex
|-supereffective|p2a: Toxapex
|-damage|p2a: Toxapex|15/100 brn
|move|p2a: Toxapex|Recover|p2a: Toxapex
|-heal|p2a: Toxapex|65/100 brn
|
|-heal|p2a: Toxapex|71/100 brn|[from] item: Black Sludge
|-damage|p1a: Dragapult|2/100 psn|[from] psn
|-damage|p2a: Toxapex|65/100 brn|[from] brn
|upkeep
|turn|265
|
|switch|p1a: Tyranitar|Tyranitar, M|88/100
|-status|p1a: Tyranitar|psn
|-weather|Sandstorm|[from] ability: Sand Stream|[of] p1a: Tyranitar
|move|p2a: Toxapex|Recover|p2a: Toxapex
|-heal|p2a: Toxapex|100/100 brn
|
|-weather|Sandstorm|[upkeep]
|-damage|p2a: Toxapex|94/100 brn|[from] Sandstorm
|-heal|p1a: Tyranitar|94/100 psn|[from] item: Leftovers
|-heal|p2a: Toxapex|100/100 brn|[from] item: Black Sludge
|-damage|p1a: Tyranitar|82/100 psn|[from] psn
|-damage|p2a: Toxapex|94/100 brn|[from] brn
|upkeep
|turn|266
|
|switch|p2a: Quagsire|Quagsire, F|100/100
|move|p1a: Tyranitar|Stealth Rock|p2a: Quagsire
|-sidestart|p2: Silver2195|move: Stealth Rock
|
|-weather|Sandstorm|[upkeep]
|-heal|p1a: Tyranitar|88/100 psn|[from] item: Leftovers
|-damage|p1a: Tyranitar|76/100 psn|[from] psn
|upkeep
|turn|267
|
|switch|p1a: Rotom|Rotom-Heat|77/100
|move|p2a: Quagsire|Earthquake|p1a: Rotom
|-immune|p1a: Rotom|[from] ability: Levitate
|
|-weather|Sandstorm|[upkeep]
|-damage|p1a: Rotom|71/100|[from] Sandstorm
|-heal|p1a: Rotom|77/100|[from] item: Leftovers
|upkeep
|turn|268
|
|move|p1a: Rotom|Will-O-Wisp|p2a: Quagsire
|-status|p2a: Quagsire|brn
|move|p2a: Quagsire|Scald|p1a: Rotom
|-supereffective|p1a: Rotom
|-damage|p1a: Rotom|37/100
|
|-weather|Sandstorm|[upkeep]
|-damage|p1a: Rotom|31/100|[from] Sandstorm
|-heal|p1a: Rotom|37/100|[from] item: Leftovers
|-damage|p2a: Quagsire|94/100 brn|[from] brn
|upkeep
|turn|269
|
|move|p1a: Rotom|Protect|p1a: Rotom
|-singleturn|p1a: Rotom|Protect
|move|p2a: Quagsire|Scald|p1a: Rotom
|-activate|p1a: Rotom|move: Protect
|
|-weather|none
|-heal|p1a: Rotom|43/100|[from] item: Leftovers
|-damage|p2a: Quagsire|88/100 brn|[from] brn
|upkeep
|turn|270
|
|move|p1a: Rotom|Protect||[still]
|-fail|p1a: Rotom
|move|p2a: Quagsire|Scald|p1a: Rotom
|-supereffective|p1a: Rotom
|-damage|p1a: Rotom|0 fnt
|faint|p1a: Rotom
|
|-damage|p2a: Quagsire|82/100 brn|[from] brn
|upkeep
|
|switch|p1a: Dragapult|Dragapult, F|2/100 psn
|turn|271
|
|move|p1a: Dragapult|Draco Meteor|p2a: Quagsire
|-damage|p2a: Quagsire|0 fnt
|-unboost|p1a: Dragapult|spa|2
|faint|p2a: Quagsire
|
|-damage|p1a: Dragapult|0 fnt|[from] psn
|faint|p1a: Dragapult
|upkeep
|l| aet6cnh9
|j| aet6cnh9
|l| aet6cnh9
|
|switch|p1a: Corviknight|Corviknight, F|11/100 brn
|switch|p2a: Ditto|Ditto|75/100
|-ability|p1a: Corviknight|Pressure
|-damage|p2a: Ditto|63/100|[from] Stealth Rock
|-transform|p2a: Ditto|p1a: Corviknight|[from] ability: Imposter
|-ability|p2a: Ditto|Pressure
|turn|272
|l| L'Abeille
|j| L'Abeille
|
|switch|p1a: Zacian|Zacian-Crowned|100/100
|-ability|p1a: Zacian|Intrepid Sword|boost
|-boost|p1a: Zacian|atk|1
|move|p2a: Ditto|Body Press|p1a: Zacian
|-damage|p1a: Zacian|78/100
|
|upkeep
|turn|273
|
|switch|p2a: Zacian|Zacian-Crowned|51/100
|-damage|p2a: Zacian|44/100|[from] Stealth Rock
|-ability|p2a: Zacian|Intrepid Sword|boost
|-boost|p2a: Zacian|atk|1
|move|p1a: Zacian|Swords Dance|p1a: Zacian
|-boost|p1a: Zacian|atk|2
|
|upkeep
|turn|274
|
|move|p1a: Zacian|Behemoth Blade|p2a: Zacian
|-damage|p2a: Zacian|0 fnt
|faint|p2a: Zacian
|
|upkeep
|
|switch|p2a: Ditto|Ditto|63/100
|-damage|p2a: Ditto|50/100|[from] Stealth Rock
|-transform|p2a: Ditto|p1a: Zacian|[from] ability: Imposter
|-ability|p2a: Ditto|Intrepid Sword|boost
|-boost|p2a: Ditto|atk|1
|turn|275
|
|move|p2a: Ditto|Behemoth Blade|p1a: Zacian
|-damage|p1a: Zacian|0 fnt
|faint|p1a: Zacian
|
|upkeep
|
|switch|p1a: Ditto|Ditto|5/100 tox
|turn|276
|
|switch|p1a: Corviknight|Corviknight, F|11/100 brn
|-ability|p1a: Corviknight|Pressure
|move|p2a: Ditto|Behemoth Blade|p1a: Corviknight
|-resisted|p1a: Corviknight
|-damage|p1a: Corviknight|0 fnt
|-damage|p2a: Ditto|34/100|[from] item: Rocky Helmet|[of] p1a: Corviknight
|faint|p1a: Corviknight
|
|upkeep
|
|switch|p1a: Tyranitar|Tyranitar, M|76/100 psn
|-weather|Sandstorm|[from] ability: Sand Stream|[of] p1a: Tyranitar
|turn|277
|
|move|p2a: Ditto|Behemoth Blade|p1a: Tyranitar
|-supereffective|p1a: Tyranitar
|-damage|p1a: Tyranitar|0 fnt
|faint|p1a: Tyranitar
|
|-weather|Sandstorm|[upkeep]
|upkeep
|
|switch|p1a: Ditto|Ditto|5/100 tox
|turn|278
|inactive|Battle timer is ON: inactive players will automatically lose when time's up. (requested by Silver2195)
|
|move|p2a: Ditto|Behemoth Blade|p1a: Ditto
|-damage|p1a: Ditto|0 fnt
|faint|p1a: Ditto
|
|win|Silver2195
|raw|killer whale squa's rating: 1355 &rarr; <strong>1345</strong><br />(-10 for losing)
|raw|Silver2195's rating: 1536 &rarr; <strong>1547</strong><br />(+11 for winning)
|l| L'Abeille
|l|☆killer whale squa
