|j|☆Dun 26
|j|☆nico2097
|t:|1664279914
|gametype|singles
|player|p1|Dun 26|skyla|1592
|player|p2|nico2097|hiker-gen4|1445
|teamsize|p1|6
|teamsize|p2|6
|gen|8
|tier|[Gen 8] Ubers
|rated|
|rule|Sleep Clause Mod: Limit one foe put to sleep
|rule|Species Clause: Limit one of each Pokémon
|rule|OHKO Clause: OHKO moves are banned
|rule|Evasion Items Clause: Evasion items are banned
|rule|Evasion Moves Clause: Evasion moves are banned
|rule|Endless Battle Clause: Forcing endless battles is banned
|rule|HP Percentage Mod: HP is shown in percentages
|rule|Dynamax Clause: You cannot dynamax
|clearpoke
|poke|p1|Tapu Koko|
|poke|p1|Landorus-Therian, M|
|poke|p1|Zoroark, F|
|poke|p1|Blissey, F|
|poke|p1|Calyrex-Ice|
|poke|p1|Regieleki|
|poke|p2|Dracovish|
|poke|p2|Kyogre|
|poke|p2|Xerneas-*|
|poke|p2|Shuckle, F|
|poke|p2|Yveltal|
|poke|p2|Eternatus|
|teampreview
|inactive|Battle timer is ON: inactive players will automatically lose when time's up. (requested by nico2097)
|inactive|Dun 26 has 120 seconds left.
|inactive|nico2097 has 120 seconds left.
|inactive|nico2097 has 90 seconds left.
|
|t:|1664279985
|start
|switch|p1a: Tapu Koko|Tapu Koko|100/100
|switch|p2a: Shuckle|Shuckle, F|100/100
|-fieldstart|move: Electric Terrain|[from] ability: Electric Surge|[of] p1a: Tapu Koko
|turn|1
|
|t:|1664279988
|move|p1a: Tapu Koko|Taunt|p2a: Shuckle
|-start|p2a: Shuckle|move: Taunt
|-enditem|p2a: Shuckle|Mental Herb
|-end|p2a: Shuckle|move: Taunt
|move|p2a: Shuckle|Infestation|p1a: Tapu Koko
|-resisted|p1a: Tapu Koko
|-crit|p1a: Tapu Koko
|-damage|p1a: Tapu Koko|99/100
|-activate|p1a: Tapu Koko|move: Infestation|[of] p2a: Shuckle
|
|-damage|p1a: Tapu Koko|87/100|[from] move: Infestation|[partiallytrapped]
|upkeep
|turn|2
|
|t:|1664279996
|switch|p2a: Eternatus|Eternatus|100/100
|-ability|p2a: Eternatus|Pressure
|move|p1a: Tapu Koko|Taunt|p2a: Eternatus
|-start|p2a: Eternatus|move: Taunt
|
|-end|p1a: Tapu Koko|Infestation|[partiallytrapped]|[silent]
|upkeep
|turn|3
|
|t:|1664280001
|switch|p1a: Blissey|Blissey, F|100/100
|move|p2a: Eternatus|Sludge Wave|p1a: Blissey
|-damage|p1a: Blissey|80/100
|
|upkeep
|turn|4
|
|t:|1664280005
|switch|p2a: Dracovish|Dracovish|100/100
|move|p1a: Blissey|Teleport|p1a: Blissey
|
|t:|1664280009
|switch|p1a: Regieleki|Regieleki|100/100|[from]move: Teleport
|
|upkeep
|turn|5
|
|t:|1664280012
|switch|p2a: Kyogre|Kyogre|100/100
|-weather|RainDance|[from] ability: Drizzle|[of] p2a: Kyogre
|move|p1a: Regieleki|Rising Voltage|p2a: Kyogre
|-hint|Rising Voltage's BP doubled on grounded target.
|-supereffective|p2a: Kyogre
|-damage|p2a: Kyogre|0 fnt
|faint|p2a: Kyogre
|
|-weather|RainDance|[upkeep]
|upkeep
|
|t:|1664280022
|switch|p2a: Shuckle|Shuckle, F|100/100
|turn|6
|
|t:|1664280025
|move|p1a: Regieleki|Rising Voltage|p2a: Shuckle
|-hint|Rising Voltage's BP doubled on grounded target.
|-ability|p2a: Shuckle|Sturdy
|-damage|p2a: Shuckle|1/100
|move|p2a: Shuckle|Encore|p1a: Regieleki
|-start|p1a: Regieleki|Encore
|
|-weather|RainDance|[upkeep]
|upkeep
|turn|7
|
|t:|1664280030
|move|p1a: Regieleki|Rising Voltage|p2a: Shuckle
|-hint|Rising Voltage's BP doubled on grounded target.
|-damage|p2a: Shuckle|0 fnt
|faint|p2a: Shuckle
|
|-weather|RainDance|[upkeep]
|upkeep
|
|t:|1664280032
|switch|p2a: Eternatus|Eternatus|100/100
|-ability|p2a: Eternatus|Pressure
|turn|8
|
|t:|1664280041
|switch|p1a: Blissey|Blissey, F|80/100
|move|p2a: Eternatus|Meteor Beam||[still]
|-prepare|p2a: Eternatus|Meteor Beam
|-boost|p2a: Eternatus|spa|1
|-enditem|p2a: Eternatus|Power Herb
|-anim|p2a: Eternatus|Meteor Beam|p1a: Blissey
|-damage|p1a: Blissey|55/100
|
|-weather|RainDance|[upkeep]
|-fieldend|move: Electric Terrain
|upkeep
|turn|9
|
|t:|1664280044
|move|p2a: Eternatus|Sludge Wave|p1a: Blissey
|-damage|p1a: Blissey|23/100
|move|p1a: Blissey|Soft-Boiled|p1a: Blissey
|-heal|p1a: Blissey|73/100
|
|-weather|none
|upkeep
|turn|10
|
|t:|1664280047
|move|p2a: Eternatus|Meteor Beam||[still]
|-prepare|p2a: Eternatus|Meteor Beam
|-boost|p2a: Eternatus|spa|1
|move|p1a: Blissey|Confide|p2a: Eternatus
|-unboost|p2a: Eternatus|spa|1
|
|upkeep
|turn|11
|
|t:|1664280050
|move|p2a: Eternatus|Meteor Beam|p1a: Blissey|[from]lockedmove
|-damage|p1a: Blissey|48/100
|move|p1a: Blissey|Confide|p2a: Eternatus
|-unboost|p2a: Eternatus|spa|1
|
|upkeep
|turn|12
|
|t:|1664280059
|move|p2a: Eternatus|Sludge Wave|p1a: Blissey
|-damage|p1a: Blissey|30/100
|move|p1a: Blissey|Soft-Boiled|p1a: Blissey
|-heal|p1a: Blissey|80/100
|
|upkeep
|turn|13
|
|t:|1664280063
|move|p2a: Eternatus|Sludge Wave|p1a: Blissey
|-damage|p1a: Blissey|60/100
|move|p1a: Blissey|Teleport|p1a: Blissey
|
|t:|1664280068
|switch|p1a: Calyrex|Calyrex-Ice|100/100|[from]move: Teleport
|-ability|p1a: Calyrex|As One
|-ability|p1a: Calyrex|Unnerve
|
|upkeep
|turn|14
|
|t:|1664280073
|move|p2a: Eternatus|Flamethrower|p1a: Calyrex
|-supereffective|p1a: Calyrex
|-damage|p1a: Calyrex|45/100
|move|p1a: Calyrex|Glacial Lance|p2a: Eternatus
|-supereffective|p2a: Eternatus
|-damage|p2a: Eternatus|0 fnt
|faint|p2a: Eternatus
|-ability|p1a: Calyrex|Chilling Neigh|boost
|-boost|p1a: Calyrex|atk|1
|
|upkeep
|
|t:|1664280075
|switch|p2a: Yveltal|Yveltal|100/100
|-ability|p2a: Yveltal|Dark Aura
|turn|15
|
|t:|1664280078
|switch|p1a: Tapu Koko|Tapu Koko|87/100
|-fieldstart|move: Electric Terrain|[from] ability: Electric Surge|[of] p1a: Tapu Koko
|move|p2a: Yveltal|Dark Pulse|p1a: Tapu Koko
|-resisted|p1a: Tapu Koko
|-damage|p1a: Tapu Koko|42/100
|-damage|p2a: Yveltal|91/100|[from] item: Life Orb
|
|upkeep
|turn|16
|
|t:|1664280082
|move|p2a: Yveltal|Sucker Punch||[still]
|-fail|p2a: Yveltal
|move|p1a: Tapu Koko|Roost|p1a: Tapu Koko
|-heal|p1a: Tapu Koko|92/100
|-singleturn|p1a: Tapu Koko|move: Roost
|
|upkeep
|turn|17
|
|t:|1664280084
|move|p2a: Yveltal|Sucker Punch|p1a: Tapu Koko
|-resisted|p1a: Tapu Koko
|-crit|p1a: Tapu Koko
|-damage|p1a: Tapu Koko|49/100
|-damage|p2a: Yveltal|81/100|[from] item: Life Orb
|move|p1a: Tapu Koko|Thunder Punch|p2a: Yveltal
|-supereffective|p2a: Yveltal
|-damage|p2a: Yveltal|9/100
|
|upkeep
|turn|18
|
|t:|1664280093
|move|p1a: Tapu Koko|U-turn|p2a: Yveltal
|-damage|p2a: Yveltal|0 fnt
|faint|p2a: Yveltal
|
|t:|1664280095
|switch|p1a: Regieleki|Regieleki|100/100|[from]move: U-turn
|
|upkeep
|c|☆Dun 26|Gg
|
|t:|1664280101
|switch|p2a: Xerneas|Xerneas|100/100
|-ability|p2a: Xerneas|Fairy Aura
|turn|19
|
|t:|1664280104
|move|p1a: Regieleki|Rising Voltage|p2a: Xerneas
|-hint|Rising Voltage's BP doubled on grounded target.
|-damage|p2a: Xerneas|0 fnt
|faint|p2a: Xerneas
|
|upkeep
|
|t:|1664280107
|switch|p2a: Dracovish|Dracovish|100/100
|turn|20
|
|t:|1664280109
|move|p1a: Regieleki|Rising Voltage|p2a: Dracovish
|-hint|Rising Voltage's BP doubled on grounded target.
|-crit|p2a: Dracovish
|-damage|p2a: Dracovish|0 fnt
|faint|p2a: Dracovish
|
|win|Dun 26
|raw|Dun 26's rating: 1592 &rarr; <strong>1604</strong><br />(+12 for winning)
|raw|nico2097's rating: 1445 &rarr; <strong>1433</strong><br />(-12 for losing)
|l|☆nico2097
||Ladder isn't responding, score probably updated but might not have (Request timeout).
