|j|☆a rabbit
|j|☆Reegychodon_64
|t:|1648328012
|gametype|singles
|player|p1|a rabbit|#scl1breakers|
|player|p2|Reegychodon_64|birdkeeper|
|teamsize|p1|6
|teamsize|p2|6
|gen|8
|tier|[Gen 8] Ubers
|rule|Sleep Clause Mod: Limit one foe put to sleep
|rule|Species Clause: Limit one of each Pokémon
|rule|OHKO Clause: OHKO moves are banned
|rule|Evasion Moves Clause: Evasion moves are banned
|rule|Endless Battle Clause: Forcing endless battles is banned
|rule|HP Percentage Mod: HP is shown in percentages
|rule|Dynamax Clause: You cannot dynamax
|clearpoke
|poke|p1|Necrozma-Dusk-Mane|
|poke|p1|Yveltal|
|poke|p1|Eternatus|
|poke|p1|Marshadow|
|poke|p1|Landorus-Therian, M|
|poke|p1|Kyogre|
|poke|p2|Rhyperior, M|
|poke|p2|Kyogre|
|poke|p2|Palkia|
|poke|p2|Xerneas-*|
|poke|p2|Necrozma-Dusk-Mane|
|poke|p2|Yveltal|
|teampreview
|j| Nuage rapide
|
|t:|1648328047
|start
|switch|p1a: Eternatus|Eternatus|100/100
|switch|p2a: Palkia|Palkia|100/100
|-ability|p1a: Eternatus|Pressure
|-ability|p2a: Palkia|Pressure
|turn|1
|
|t:|1648328062
|switch|p2a: Necrozma|Necrozma-Dusk-Mane|100/100
|move|p1a: Eternatus|Dynamax Cannon|p2a: Necrozma
|-resisted|p2a: Necrozma
|-damage|p2a: Necrozma|85/100
|
|-heal|p2a: Necrozma|91/100|[from] item: Leftovers
|upkeep
|turn|2
|
|t:|1648328073
|switch|p1a: Landorus|Landorus-Therian, M|100/100
|-ability|p1a: Landorus|Intimidate|boost
|-unboost|p2a: Necrozma|atk|1
|switch|p2a: Palkia|Palkia|100/100
|-ability|p2a: Palkia|Pressure
|
|upkeep
|turn|3
|
|t:|1648328093
|switch|p1a: Yveltal|Yveltal|100/100
|-ability|p1a: Yveltal|Dark Aura
|move|p2a: Palkia|Thunder Wave|p1a: Yveltal|[miss]
|-miss|p2a: Palkia|p1a: Yveltal
|
|upkeep
|turn|4
|
|t:|1648328103
|switch|p2a: Yveltal|Yveltal|100/100
|-ability|p2a: Yveltal|Dark Aura
|move|p1a: Yveltal|Knock Off|p2a: Yveltal
|-resisted|p2a: Yveltal
|-damage|p2a: Yveltal|77/100
|-enditem|p2a: Yveltal|Heavy-Duty Boots|[from] move: Knock Off|[of] p1a: Yveltal
|
|upkeep
|turn|5
|
|t:|1648328107
|switch|p1a: Eternatus|Eternatus|100/100
|-ability|p1a: Eternatus|Pressure
|move|p2a: Yveltal|U-turn|p1a: Eternatus
|-resisted|p1a: Eternatus
|-damage|p1a: Eternatus|93/100
|
|t:|1648328113
|switch|p2a: Rhyperior|Rhyperior, M|100/100|[from]move: U-turn
|
|upkeep
|turn|6
|
|t:|1648328117
|switch|p1a: Landorus|Landorus-Therian, M|100/100
|-ability|p1a: Landorus|Intimidate|boost
|-unboost|p2a: Rhyperior|atk|1
|move|p2a: Rhyperior|Substitute|p2a: Rhyperior
|-start|p2a: Rhyperior|Substitute
|-damage|p2a: Rhyperior|76/100
|
|-heal|p2a: Rhyperior|82/100|[from] item: Leftovers
|upkeep
|turn|7
|
|t:|1648328124
|move|p1a: Landorus|Earthquake|p2a: Rhyperior
|-supereffective|p2a: Rhyperior
|-end|p2a: Rhyperior|Substitute
|move|p2a: Rhyperior|Ice Punch|p1a: Landorus
|-supereffective|p1a: Landorus
|-damage|p1a: Landorus|42/100
|
|-heal|p1a: Landorus|48/100|[from] item: Leftovers
|-heal|p2a: Rhyperior|88/100|[from] item: Leftovers
|upkeep
|turn|8
|
|t:|1648328133
|move|p1a: Landorus|U-turn|p2a: Rhyperior
|-damage|p2a: Rhyperior|75/100
|
|t:|1648328136
|switch|p1a: Kyogre|Kyogre|100/100|[from]move: U-turn
|-weather|RainDance|[from] ability: Drizzle|[of] p1a: Kyogre
|move|p2a: Rhyperior|Ice Punch|p1a: Kyogre
|-resisted|p1a: Kyogre
|-damage|p1a: Kyogre|93/100
|
|-weather|RainDance|[upkeep]
|-heal|p1a: Kyogre|99/100|[from] item: Leftovers
|-heal|p2a: Rhyperior|81/100|[from] item: Leftovers
|upkeep
|turn|9
|
|t:|1648328145
|switch|p2a: Palkia|Palkia|100/100
|-ability|p2a: Palkia|Pressure
|move|p1a: Kyogre|Scald|p2a: Palkia
|-resisted|p2a: Palkia
|-damage|p2a: Palkia|89/100
|-status|p2a: Palkia|brn
|
|-weather|RainDance|[upkeep]
|-heal|p2a: Palkia|95/100 brn|[from] item: Leftovers
|-heal|p1a: Kyogre|100/100|[from] item: Leftovers
|-damage|p2a: Palkia|89/100 brn|[from] brn
|upkeep
|turn|10
|
|t:|1648328153
|move|p2a: Palkia|Thunder Wave|p1a: Kyogre
|-status|p1a: Kyogre|par
|cant|p1a: Kyogre|par
|
|-weather|RainDance|[upkeep]
|-heal|p2a: Palkia|95/100 brn|[from] item: Leftovers
|-damage|p2a: Palkia|89/100 brn|[from] brn
|upkeep
|turn|11
|
|t:|1648328166
|move|p2a: Palkia|Thunder|p1a: Kyogre
|-supereffective|p1a: Kyogre
|-damage|p1a: Kyogre|49/100 par
|move|p1a: Kyogre|Calm Mind|p1a: Kyogre
|-boost|p1a: Kyogre|spa|1
|-boost|p1a: Kyogre|spd|1
|
|-weather|RainDance|[upkeep]
|-heal|p2a: Palkia|95/100 brn|[from] item: Leftovers
|-heal|p1a: Kyogre|55/100 par|[from] item: Leftovers
|-damage|p2a: Palkia|89/100 brn|[from] brn
|upkeep
|turn|12
|
|t:|1648328171
|move|p2a: Palkia|Thunder|p1a: Kyogre
|-supereffective|p1a: Kyogre
|-damage|p1a: Kyogre|20/100 par
|cant|p1a: Kyogre|par
|
|-weather|none
|-heal|p2a: Palkia|95/100 brn|[from] item: Leftovers
|-heal|p1a: Kyogre|26/100 par|[from] item: Leftovers
|-damage|p2a: Palkia|89/100 brn|[from] brn
|upkeep
|turn|13
|
|t:|1648328179
|switch|p1a: Yveltal|Yveltal|100/100
|-ability|p1a: Yveltal|Dark Aura
|move|p2a: Palkia|Thunder|p1a: Yveltal|[miss]
|-miss|p2a: Palkia|p1a: Yveltal
|
|-heal|p2a: Palkia|95/100 brn|[from] item: Leftovers
|-damage|p2a: Palkia|89/100 brn|[from] brn
|upkeep
|turn|14
|
|t:|1648328187
|switch|p2a: Yveltal|Yveltal|77/100
|-ability|p2a: Yveltal|Dark Aura
|move|p1a: Yveltal|Knock Off|p2a: Yveltal
|-resisted|p2a: Yveltal
|-damage|p2a: Yveltal|63/100
|
|upkeep
|turn|15
|
|t:|1648328192
|move|p2a: Yveltal|U-turn|p1a: Yveltal
|-damage|p1a: Yveltal|85/100
|
|t:|1648328217
|switch|p2a: Rhyperior|Rhyperior, M|81/100|[from]move: U-turn
|move|p1a: Yveltal|Toxic|p2a: Rhyperior
|-status|p2a: Rhyperior|tox
|
|-heal|p2a: Rhyperior|87/100 tox|[from] item: Leftovers
|-damage|p2a: Rhyperior|81/100 tox|[from] psn
|upkeep
|turn|16
|
|t:|1648328229
|switch|p1a: Necrozma|Necrozma-Dusk-Mane|100/100
|move|p2a: Rhyperior|Earthquake|p1a: Necrozma
|-supereffective|p1a: Necrozma
|-damage|p1a: Necrozma|36/100
|
|-heal|p2a: Rhyperior|87/100 tox|[from] item: Leftovers
|-damage|p2a: Rhyperior|75/100 tox|[from] psn
|upkeep
|turn|17
|
|t:|1648328242
|switch|p2a: Yveltal|Yveltal|63/100
|-ability|p2a: Yveltal|Dark Aura
|move|p1a: Necrozma|Morning Sun|p1a: Necrozma
|-heal|p1a: Necrozma|86/100
|
|upkeep
|turn|18
|
|t:|1648328250
|move|p2a: Yveltal|U-turn|p1a: Necrozma
|-damage|p1a: Necrozma|71/100
|
|t:|1648328254
|switch|p2a: Necrozma|Necrozma-Dusk-Mane|91/100|[from]move: U-turn
|move|p1a: Necrozma|Dragon Dance|p1a: Necrozma
|-boost|p1a: Necrozma|atk|1
|-boost|p1a: Necrozma|spe|1
|
|-heal|p2a: Necrozma|97/100|[from] item: Leftovers
|upkeep
|turn|19
|
|t:|1648328264
|switch|p1a: Landorus|Landorus-Therian, M|48/100
|-ability|p1a: Landorus|Intimidate|boost
|-unboost|p2a: Necrozma|atk|1
|switch|p2a: Kyogre|Kyogre|100/100
|-weather|RainDance|[from] ability: Drizzle|[of] p2a: Kyogre
|
|-weather|RainDance|[upkeep]
|-heal|p1a: Landorus|54/100|[from] item: Leftovers
|upkeep
|turn|20
|
|t:|1648328270
|switch|p1a: Eternatus|Eternatus|93/100
|-ability|p1a: Eternatus|Pressure
|move|p2a: Kyogre|Ice Beam|p1a: Eternatus
|-supereffective|p1a: Eternatus
|-damage|p1a: Eternatus|47/100
|
|-weather|RainDance|[upkeep]
|upkeep
|turn|21
|
|t:|1648328274
|move|p2a: Kyogre|Ice Beam|p1a: Eternatus
|-supereffective|p1a: Eternatus
|-damage|p1a: Eternatus|4/100
|-status|p1a: Eternatus|frz
|cant|p1a: Eternatus|frz
|
|-weather|RainDance|[upkeep]
|upkeep
|turn|22
|c|☆a rabbit|lmao
|c|☆Reegychodon_64|my bad
|c|☆a rabbit|i mean it's been like this the whole game
|
|t:|1648328299
|switch|p1a: Necrozma|Necrozma-Dusk-Mane|71/100
|move|p2a: Kyogre|Ice Beam|p1a: Necrozma
|-resisted|p1a: Necrozma
|-damage|p1a: Necrozma|60/100
|
|-weather|RainDance|[upkeep]
|upkeep
|turn|23
|
|t:|1648328319
|switch|p2a: Yveltal|Yveltal|63/100
|-ability|p2a: Yveltal|Dark Aura
|move|p1a: Necrozma|Dragon Dance|p1a: Necrozma
|-boost|p1a: Necrozma|atk|1
|-boost|p1a: Necrozma|spe|1
|
|-weather|none
|upkeep
|turn|24
|
|t:|1648328330
|move|p1a: Necrozma|Sunsteel Strike|p2a: Yveltal
|-damage|p2a: Yveltal|1/100
|move|p2a: Yveltal|Knock Off|p1a: Necrozma
|-supereffective|p1a: Necrozma
|-enditem|p1a: Necrozma|Colbur Berry|[eat]
|-enditem|p1a: Necrozma|Colbur Berry|[weaken]
|-damage|p1a: Necrozma|30/100
|
|upkeep
|turn|25
|
|t:|1648328338
|move|p1a: Necrozma|Knock Off|p2a: Yveltal
|-resisted|p2a: Yveltal
|-damage|p2a: Yveltal|0 fnt
|faint|p2a: Yveltal
|
|upkeep
|
|t:|1648328340
|switch|p2a: Kyogre|Kyogre|100/100
|-weather|RainDance|[from] ability: Drizzle|[of] p2a: Kyogre
|turn|26
|
|t:|1648328347
|switch|p1a: Eternatus|Eternatus|4/100 frz
|-ability|p1a: Eternatus|Pressure
|move|p2a: Kyogre|Water Spout|p1a: Eternatus
|-resisted|p1a: Eternatus
|-damage|p1a: Eternatus|0 fnt
|faint|p1a: Eternatus
|
|-weather|RainDance|[upkeep]
|upkeep
|
|t:|1648328355
|switch|p1a: Yveltal|Yveltal|85/100
|-ability|p1a: Yveltal|Dark Aura
|turn|27
|
|t:|1648328360
|switch|p2a: Rhyperior|Rhyperior, M|75/100 tox
|move|p1a: Yveltal|Knock Off|p2a: Rhyperior
|-damage|p2a: Rhyperior|39/100 tox
|-enditem|p2a: Rhyperior|Leftovers|[from] move: Knock Off|[of] p1a: Yveltal
|
|-weather|RainDance|[upkeep]
|-damage|p2a: Rhyperior|33/100 tox|[from] psn
|upkeep
|turn|28
|
|t:|1648328368
|switch|p1a: Landorus|Landorus-Therian, M|54/100
|-ability|p1a: Landorus|Intimidate|boost
|-unboost|p2a: Rhyperior|atk|1
|move|p2a: Rhyperior|Stone Edge|p1a: Landorus
|-damage|p1a: Landorus|25/100
|
|-weather|RainDance|[upkeep]
|-heal|p1a: Landorus|31/100|[from] item: Leftovers
|-damage|p2a: Rhyperior|20/100 tox|[from] psn
|upkeep
|turn|29
|
|t:|1648328378
|move|p1a: Landorus|Stealth Rock|p2a: Rhyperior
|-sidestart|p2: Reegychodon_64|move: Stealth Rock
|move|p2a: Rhyperior|Earthquake|p1a: Landorus
|-immune|p1a: Landorus
|
|-weather|RainDance|[upkeep]
|-heal|p1a: Landorus|37/100|[from] item: Leftovers
|-damage|p2a: Rhyperior|1/100 tox|[from] psn
|upkeep
|turn|30
|
|t:|1648328421
|move|p1a: Landorus|Earthquake|p2a: Rhyperior
|-supereffective|p2a: Rhyperior
|-damage|p2a: Rhyperior|0 fnt
|faint|p2a: Rhyperior
|
|-weather|none
|-heal|p1a: Landorus|43/100|[from] item: Leftovers
|upkeep
|
|t:|1648328433
|switch|p2a: Kyogre|Kyogre|100/100
|-damage|p2a: Kyogre|88/100|[from] Stealth Rock
|-weather|RainDance|[from] ability: Drizzle|[of] p2a: Kyogre
|turn|31
|
|t:|1648328437
|move|p2a: Kyogre|Water Spout|p1a: Landorus
|-supereffective|p1a: Landorus
|-crit|p1a: Landorus
|-damage|p1a: Landorus|0 fnt
|faint|p1a: Landorus
|
|-weather|RainDance|[upkeep]
|upkeep
|
|t:|1648328440
|switch|p1a: Yveltal|Yveltal|85/100
|-ability|p1a: Yveltal|Dark Aura
|turn|32
|
|t:|1648328456
|switch|p2a: Necrozma|Necrozma-Dusk-Mane|97/100
|-damage|p2a: Necrozma|91/100|[from] Stealth Rock
|move|p1a: Yveltal|Toxic|p2a: Necrozma
|-immune|p2a: Necrozma
|
|-weather|RainDance|[upkeep]
|-heal|p2a: Necrozma|97/100|[from] item: Leftovers
|upkeep
|turn|33
|
|t:|1648328471
|move|p1a: Yveltal|Knock Off|p2a: Necrozma
|-supereffective|p2a: Necrozma
|-damage|p2a: Necrozma|35/100
|-enditem|p2a: Necrozma|Leftovers|[from] move: Knock Off|[of] p1a: Yveltal
|move|p2a: Necrozma|Morning Sun|p2a: Necrozma
|-heal|p2a: Necrozma|60/100
|
|-weather|RainDance|[upkeep]
|upkeep
|turn|34
|
|t:|1648328480
|move|p1a: Yveltal|Knock Off|p2a: Necrozma
|-supereffective|p2a: Necrozma
|-crit|p2a: Necrozma
|-damage|p2a: Necrozma|0 fnt
|faint|p2a: Necrozma
|
|-weather|RainDance|[upkeep]
|upkeep
|
|t:|1648328526
|switch|p2a: Palkia|Palkia|89/100 brn
|-damage|p2a: Palkia|76/100 brn|[from] Stealth Rock
|-ability|p2a: Palkia|Pressure
|turn|35
|
|t:|1648328542
|move|p2a: Palkia|Thunder Wave|p1a: Yveltal
|-status|p1a: Yveltal|par
|cant|p1a: Yveltal|par
|
|-weather|none
|-heal|p2a: Palkia|83/100 brn|[from] item: Leftovers
|-damage|p2a: Palkia|76/100 brn|[from] brn
|upkeep
|turn|36
|
|t:|1648328551
|move|p2a: Palkia|Spacial Rend|p1a: Yveltal
|-damage|p1a: Yveltal|50/100 par
|move|p1a: Yveltal|Knock Off|p2a: Palkia
|-damage|p2a: Palkia|30/100 brn
|-enditem|p2a: Palkia|Leftovers|[from] move: Knock Off|[of] p1a: Yveltal
|
|-damage|p2a: Palkia|24/100 brn|[from] brn
|upkeep
|turn|37
|
|t:|1648328556
|move|p2a: Palkia|Spacial Rend|p1a: Yveltal
|-crit|p1a: Yveltal
|-damage|p1a: Yveltal|0 fnt
|faint|p1a: Yveltal
|
|-damage|p2a: Palkia|18/100 brn|[from] brn
|upkeep
|
|t:|1648328567
|switch|p1a: Necrozma|Necrozma-Dusk-Mane|30/100
|turn|38
|
|t:|1648328571
|move|p2a: Palkia|Thunder Wave|p1a: Necrozma
|-status|p1a: Necrozma|par
|move|p1a: Necrozma|Morning Sun|p1a: Necrozma
|-heal|p1a: Necrozma|80/100 par
|
|-damage|p2a: Palkia|11/100 brn|[from] brn
|upkeep
|turn|39
|
|t:|1648328579
|move|p2a: Palkia|Hydro Pump|p1a: Necrozma
|-damage|p1a: Necrozma|40/100 par
|cant|p1a: Necrozma|par
|
|-damage|p2a: Palkia|5/100 brn|[from] brn
|upkeep
|turn|40
|
|t:|1648328583
|move|p2a: Palkia|Hydro Pump|p1a: Necrozma
|-damage|p1a: Necrozma|4/100 par
|cant|p1a: Necrozma|par
|
|-damage|p2a: Palkia|0 fnt|[from] brn
|faint|p2a: Palkia
|upkeep
|c|☆a rabbit|jesus
|c|☆a rabbit|man
|
|t:|1648328594
|switch|p2a: Kyogre|Kyogre|88/100
|-damage|p2a: Kyogre|76/100|[from] Stealth Rock
|-weather|RainDance|[from] ability: Drizzle|[of] p2a: Kyogre
|turn|41
|
|t:|1648328601
|move|p2a: Kyogre|Thunder|p1a: Necrozma
|-damage|p1a: Necrozma|0 fnt
|faint|p1a: Necrozma
|
|-weather|RainDance|[upkeep]
|upkeep
|
|t:|1648328605
|switch|p1a: Marshadow|Marshadow|100/100
|turn|42
|
|t:|1648328610
|move|p2a: Kyogre|Thunder|p1a: Marshadow
|-damage|p1a: Marshadow|52/100
|move|p1a: Marshadow|Spectral Thief|p2a: Kyogre
|-damage|p2a: Kyogre|4/100
|-damage|p1a: Marshadow|42/100|[from] item: Life Orb
|
|-weather|RainDance|[upkeep]
|upkeep
|turn|43
|
|t:|1648328616
|move|p1a: Marshadow|Shadow Sneak|p2a: Kyogre
|-damage|p2a: Kyogre|0 fnt
|faint|p2a: Kyogre
|-damage|p1a: Marshadow|32/100|[from] item: Life Orb
|
|-weather|RainDance|[upkeep]
|upkeep
|
|t:|1648328618
|switch|p2a: Xerneas|Xerneas|100/100
|-damage|p2a: Xerneas|88/100|[from] Stealth Rock
|-ability|p2a: Xerneas|Fairy Aura
|turn|44
|
|t:|1648328620
|move|p1a: Marshadow|Spectral Thief|p2a: Xerneas
|-damage|p2a: Xerneas|36/100
|-damage|p1a: Marshadow|22/100|[from] item: Life Orb
|move|p2a: Xerneas|Moonblast|p1a: Marshadow
|-supereffective|p1a: Marshadow
|-damage|p1a: Marshadow|0 fnt
|faint|p1a: Marshadow
|
|-weather|RainDance|[upkeep]
|upkeep
|
|t:|1648328624
|switch|p1a: Kyogre|Kyogre|26/100 par
|turn|45
|c|☆Reegychodon_64|sorry for the hax :/
|
|t:|1648328634
|move|p2a: Xerneas|Moonblast|p1a: Kyogre
|-damage|p1a: Kyogre|0 fnt
|faint|p1a: Kyogre
|
|win|Reegychodon_64
|c|☆a rabbit|yea well this is the game
|c|☆a rabbit|ggs
|l|☆a rabbit
|c|☆Reegychodon_64|gg
|l| Nuage rapide
