|j|☆Chunkomucho
|j|☆Tamlamb
|player|p1|Chunkomucho|erika|
|player|p2|Tamlamb|102|
|teamsize|p1|6
|teamsize|p2|6
|gametype|singles
|gen|8
|tier|[Gen 8] Ubers
|clearpoke
|poke|p1|Hatterene, F|
|poke|p1|Dracovish|
|poke|p1|Eternatus|
|poke|p1|Corviknight, M|
|poke|p1|Toxapex, M|
|poke|p1|Mandibuzz, F|
|poke|p2|Mimikyu, F|
|poke|p2|Dragapult, F|
|poke|p2|Alcremie, F|
|poke|p2|Grimmsnarl, M|
|poke|p2|Conkeldurr, M|
|poke|p2|Eternatus|
|rule|Sleep Clause Mod: Limit one foe put to sleep
|rule|Species Clause: Limit one of each Pokémon
|rule|OHKO Clause: OHKO moves are banned
|rule|Evasion Moves Clause: Evasion moves are banned
|rule|Endless Battle Clause: Forcing endless battles is banned
|rule|HP Percentage Mod: HP is shown in percentages
|html|Ubers Dynamax Clause: Pokémon on the <a href="https://www.smogon.com/dex/ss/formats/uber/">Ubers Dynamax Banlist</a> cannot Dynamax.
|teampreview
|inactive|Battle timer is ON: inactive players will automatically lose when time's up. (requested by Chunkomucho)
|
|start
|switch|p1a: Corviknight|Corviknight, M|100/100
|switch|p2a: Dragapult|Dragapult, F|100/100
|-ability|p1a: Corviknight|Pressure
|turn|1
|
|move|p2a: Dragapult|Fire Blast|p1a: Corviknight
|-supereffective|p1a: Corviknight
|-damage|p1a: Corviknight|24/100
|move|p1a: Corviknight|U-turn|p2a: Dragapult
|-resisted|p2a: Dragapult
|-damage|p2a: Dragapult|92/100
|
|switch|p1a: Mandibuzz|Mandibuzz, F|100/100|[from]move: U-turn
|
|upkeep
|turn|2
|
|switch|p2a: Grimmsnarl|Grimmsnarl, M, shiny|100/100
|move|p1a: Mandibuzz|Knock Off|p2a: Grimmsnarl
|-resisted|p2a: Grimmsnarl
|-damage|p2a: Grimmsnarl|92/100
|-enditem|p2a: Grimmsnarl|Toxic Orb|[from] move: Knock Off|[of] p1a: Mandibuzz
|
|upkeep
|turn|3
|
|switch|p1a: Corviknight|Corviknight, M|24/100
|-ability|p1a: Corviknight|Pressure
|move|p2a: Grimmsnarl|Dazzling Gleam|p1a: Corviknight
|-resisted|p1a: Corviknight
|-damage|p1a: Corviknight|13/100
|
|upkeep
|turn|4
|
|switch|p2a: Cream|Alcremie, F|100/100
|move|p1a: Corviknight|Roost|p1a: Corviknight
|-heal|p1a: Corviknight|63/100
|-singleturn|p1a: Corviknight|move: Roost
|
|upkeep
|turn|5
|
|switch|p1a: Toxapex|Toxapex, M|100/100
|move|p2a: Cream|Mystical Fire|p1a: Toxapex
|-resisted|p1a: Toxapex
|-damage|p1a: Toxapex|93/100
|-unboost|p1a: Toxapex|spa|1
|
|upkeep
|turn|6
|
|switch|p2a: Mimikyu|Mimikyu, F|100/100
|move|p1a: Toxapex|Knock Off|p2a: Mimikyu
|-activate|p2a: Mimikyu|ability: Disguise
|-damage|p2a: Mimikyu|100/100
|-enditem|p2a: Mimikyu|Life Orb|[from] move: Knock Off|[of] p1a: Toxapex
|detailschange|p2a: Mimikyu|Mimikyu-Busted, F
|-damage|p2a: Mimikyu|88/100|[from] pokemon: Mimikyu-Busted
|
|upkeep
|turn|7
|
|move|p2a: Mimikyu|Thunder Wave|p1a: Toxapex
|-status|p1a: Toxapex|par
|move|p1a: Toxapex|Scald|p2a: Mimikyu
|-damage|p2a: Mimikyu|77/100
|
|upkeep
|turn|8
|
|move|p2a: Mimikyu|Dazzling Gleam|p1a: Toxapex
|-resisted|p1a: Toxapex
|-damage|p1a: Toxapex|83/100 par
|move|p1a: Toxapex|Scald|p2a: Mimikyu
|-damage|p2a: Mimikyu|66/100
|
|upkeep
|turn|9
|
|move|p2a: Mimikyu|Shadow Claw|p1a: Toxapex
|-damage|p1a: Toxapex|69/100 par
|move|p1a: Toxapex|Scald|p2a: Mimikyu
|-damage|p2a: Mimikyu|54/100
|-status|p2a: Mimikyu|brn
|
|-damage|p2a: Mimikyu|48/100 brn|[from] brn
|upkeep
|turn|10
|
|switch|p2a: Dragapult|Dragapult, F|92/100
|switch|p1a: Himiko|Hatterene, F, shiny|100/100
|
|upkeep
|turn|11
|
|switch|p1a: Mandibuzz|Mandibuzz, F|100/100
|move|p2a: Dragapult|Phantom Force||[still]
|-prepare|p2a: Dragapult|Phantom Force|p1a: Mandibuzz
|
|upkeep
|turn|12
|
|move|p2a: Dragapult|Phantom Force|p1a: Mandibuzz|[from]lockedmove
|-resisted|p1a: Mandibuzz
|-damage|p1a: Mandibuzz|88/100
|move|p1a: Mandibuzz|Knock Off|p2a: Dragapult
|-supereffective|p2a: Dragapult
|-damage|p2a: Dragapult|41/100
|-enditem|p2a: Dragapult|Choice Specs|[from] move: Knock Off|[of] p1a: Mandibuzz
|
|upkeep
|turn|13
|inactive|Tamlamb has 270 seconds left.
|
|switch|p2a: Eternatus|Eternatus|100/100
|-ability|p2a: Eternatus|Pressure
|move|p1a: Mandibuzz|U-turn|p2a: Eternatus
|-resisted|p2a: Eternatus
|-damage|p2a: Eternatus|96/100
|
|switch|p1a: Himiko|Hatterene, F, shiny|100/100|[from]move: U-turn
|
|-heal|p2a: Eternatus|100/100|[from] item: Black Sludge
|upkeep
|turn|14
|
|switch|p1a: Mandibuzz|Mandibuzz, F|88/100
|move|p2a: Eternatus|Poison Jab|p1a: Mandibuzz
|-damage|p1a: Mandibuzz|71/100
|
|upkeep
|turn|15
|
|move|p2a: Eternatus|Poison Jab|p1a: Mandibuzz
|-damage|p1a: Mandibuzz|55/100
|move|p1a: Mandibuzz|Knock Off|p2a: Eternatus
|-damage|p2a: Eternatus|84/100
|-enditem|p2a: Eternatus|Black Sludge|[from] move: Knock Off|[of] p1a: Mandibuzz
|
|upkeep
|turn|16
|
|move|p2a: Eternatus|Flamethrower|p1a: Mandibuzz
|-damage|p1a: Mandibuzz|38/100
|move|p1a: Mandibuzz|Roost|p1a: Mandibuzz
|-heal|p1a: Mandibuzz|88/100
|-singleturn|p1a: Mandibuzz|move: Roost
|
|upkeep
|turn|17
|
|move|p2a: Eternatus|Poison Jab|p1a: Mandibuzz
|-damage|p1a: Mandibuzz|70/100
|-status|p1a: Mandibuzz|psn
|move|p1a: Mandibuzz|U-turn|p2a: Eternatus
|-resisted|p2a: Eternatus
|-damage|p2a: Eternatus|80/100
|
|switch|p1a: Himiko|Hatterene, F, shiny|100/100|[from]move: U-turn
|
|upkeep
|turn|18
|
|move|p2a: Eternatus|Poison Jab|p1a: Himiko
|-supereffective|p1a: Himiko
|-damage|p1a: Himiko|50/100
|-status|p1a: Himiko|psn
|move|p1a: Himiko|Trick Room|p1a: Himiko
|-fieldstart|move: Trick Room|[of] p1a: Himiko
|
|-damage|p1a: Himiko|37/100 psn|[from] psn
|upkeep
|turn|19
|
|-start|p1a: Himiko|Dynamax
|-formechange|p1a: Himiko|Hatterene-Gmax
|-heal|p1a: Himiko|37/100 psn|[silent]
|move|p1a: Himiko|G-Max Smite|p2a: Eternatus
|-damage|p2a: Eternatus|18/100
|-start|p2a: Eternatus|confusion
|-damage|p1a: Himiko|32/100 psn|[from] item: Life Orb
|-activate|p2a: Eternatus|confusion
|move|p2a: Eternatus|Poison Jab|p1a: Himiko
|-supereffective|p1a: Himiko
|-damage|p1a: Himiko|7/100 psn
|
|-damage|p1a: Himiko|0 fnt|[from] psn
|faint|p1a: Himiko
|upkeep
|
|switch|p1a: Dracovish|Dracovish|100/100
|turn|20
|
|switch|p2a: Grimmsnarl|Grimmsnarl, M, shiny|92/100
|move|p1a: Dracovish|Fishious Rend|p2a: Grimmsnarl
|-damage|p2a: Grimmsnarl|0 fnt
|faint|p2a: Grimmsnarl
|
|upkeep
|
|switch|p2a: Bruh|Conkeldurr, M|100/100
|turn|21
|
|move|p2a: Bruh|Close Combat|p1a: Dracovish
|-damage|p1a: Dracovish|38/100
|-unboost|p2a: Bruh|def|1
|-unboost|p2a: Bruh|spd|1
|move|p1a: Dracovish|Fishious Rend|p2a: Bruh
|-damage|p2a: Bruh|0 fnt
|faint|p2a: Bruh
|
|upkeep
|
|switch|p2a: Cream|Alcremie, F|100/100
|turn|22
|
|-start|p2a: Cream|Dynamax
|-formechange|p2a: Cream|Alcremie-Gmax
|-heal|p2a: Cream|100/100|[silent]
|move|p2a: Cream|Max Guard|p2a: Cream
|-singleturn|p2a: Cream|Max Guard
|move|p1a: Dracovish|Fishious Rend|p2a: Cream
|-activate|p2a: Cream|move: Max Guard
|
|-fieldend|move: Trick Room
|upkeep
|turn|23
|
|move|p1a: Dracovish|Fishious Rend|p2a: Cream
|-damage|p2a: Cream|1/100
|move|p2a: Cream|G-Max Finale|p1a: Dracovish
|-supereffective|p1a: Dracovish
|-damage|p1a: Dracovish|0 fnt
|-heal|p2a: Cream|18/100
|faint|p1a: Dracovish
|
|-heal|p2a: Cream|21/100|[from] item: Leftovers
|upkeep
|
|switch|p1a: Eternatus|Eternatus|100/100
|-ability|p1a: Eternatus|Pressure
|turn|24
|
|move|p1a: Eternatus|Flamethrower|p2a: Cream
|-damage|p2a: Cream|1/100
|-damage|p1a: Eternatus|91/100|[from] item: Life Orb
|move|p2a: Cream|G-Max Finale|p1a: Eternatus
|-damage|p1a: Eternatus|48/100
|-heal|p2a: Cream|18/100
|
|-heal|p2a: Cream|21/100|[from] item: Leftovers
|-end|p2a: Cream|Dynamax
|-formechange|p2a: Cream|Alcremie
|-heal|p2a: Cream|21/100|[silent]
|upkeep
|turn|25
|
|move|p1a: Eternatus|Flamethrower|p2a: Cream
|-damage|p2a: Cream|0 fnt
|-damage|p1a: Eternatus|38/100|[from] item: Life Orb
|faint|p2a: Cream
|
|upkeep
|
|switch|p2a: Eternatus|Eternatus|18/100
|-ability|p2a: Eternatus|Pressure
|turn|26
|
|switch|p1a: Mandibuzz|Mandibuzz, F|70/100 psn
|move|p2a: Eternatus|Flamethrower|p1a: Mandibuzz
|-damage|p1a: Mandibuzz|51/100 psn
|
|-damage|p1a: Mandibuzz|38/100 psn|[from] psn
|upkeep
|turn|27
|
|switch|p2a: Mimikyu|Mimikyu-Busted, F|48/100 brn
|move|p1a: Mandibuzz|Roost|p1a: Mandibuzz
|-heal|p1a: Mandibuzz|88/100 psn
|-singleturn|p1a: Mandibuzz|move: Roost
|
|-damage|p2a: Mimikyu|42/100 brn|[from] brn
|-damage|p1a: Mandibuzz|76/100 psn|[from] psn
|upkeep
|turn|28
|
|switch|p1a: Corviknight|Corviknight, M|63/100
|-ability|p1a: Corviknight|Pressure
|move|p2a: Mimikyu|Thunder Wave|p1a: Corviknight
|-status|p1a: Corviknight|par
|
|-damage|p2a: Mimikyu|36/100 brn|[from] brn
|upkeep
|turn|29
|
|move|p2a: Mimikyu|Shadow Claw|p1a: Corviknight
|-damage|p1a: Corviknight|56/100 par
|-damage|p2a: Mimikyu|19/100 brn|[from] item: Rocky Helmet|[of] p1a: Corviknight
|move|p1a: Corviknight|U-turn|p2a: Mimikyu
|-resisted|p2a: Mimikyu
|-damage|p2a: Mimikyu|14/100 brn
|
|switch|p1a: Eternatus|Eternatus|38/100|[from]move: U-turn
|-ability|p1a: Eternatus|Pressure
|
|-damage|p2a: Mimikyu|8/100 brn|[from] brn
|upkeep
|turn|30
|
|move|p1a: Eternatus|Recover|p1a: Eternatus
|-heal|p1a: Eternatus|88/100
|move|p2a: Mimikyu|Thunder Wave|p1a: Eternatus|[miss]
|-miss|p2a: Mimikyu|p1a: Eternatus
|
|-damage|p2a: Mimikyu|2/100 brn|[from] brn
|upkeep
|turn|31
|
|move|p1a: Eternatus|Agility|p1a: Eternatus
|-boost|p1a: Eternatus|spe|2
|move|p2a: Mimikyu|Thunder Wave|p1a: Eternatus
|-status|p1a: Eternatus|par
|
|-damage|p2a: Mimikyu|0 fnt|[from] brn
|faint|p2a: Mimikyu
|upkeep
|
|switch|p2a: Eternatus|Eternatus|18/100
|-ability|p2a: Eternatus|Pressure
|turn|32
|
|move|p2a: Eternatus|Dynamax Cannon|p1a: Eternatus
|-supereffective|p1a: Eternatus
|-damage|p1a: Eternatus|12/100 par
|move|p1a: Eternatus|Dynamax Cannon|p2a: Eternatus
|-supereffective|p2a: Eternatus
|-damage|p2a: Eternatus|0 fnt
|-damage|p1a: Eternatus|2/100 par|[from] item: Life Orb
|faint|p2a: Eternatus
|
|upkeep
|
|switch|p2a: Dragapult|Dragapult, F|41/100
|turn|33
|
|move|p2a: Dragapult|Dragon Darts|p1a: Eternatus
|-supereffective|p1a: Eternatus
|-damage|p1a: Eternatus|0 fnt
|faint|p1a: Eternatus
|
|upkeep
|
|switch|p1a: Mandibuzz|Mandibuzz, F|76/100 psn
|turn|34
|
|move|p2a: Dragapult|Phantom Force||[still]
|-prepare|p2a: Dragapult|Phantom Force|p1a: Mandibuzz
|move|p1a: Mandibuzz|Roost|p1a: Mandibuzz
|-heal|p1a: Mandibuzz|100/100 psn
|-singleturn|p1a: Mandibuzz|move: Roost
|
|-damage|p1a: Mandibuzz|88/100 psn|[from] psn
|upkeep
|turn|35
|
|move|p2a: Dragapult|Phantom Force|p1a: Mandibuzz|[from]lockedmove
|-resisted|p1a: Mandibuzz
|-damage|p1a: Mandibuzz|77/100 psn
|move|p1a: Mandibuzz|U-turn|p2a: Dragapult
|-resisted|p2a: Dragapult
|-damage|p2a: Dragapult|35/100
|
|switch|p1a: Corviknight|Corviknight, M|56/100 par|[from]move: U-turn
|-ability|p1a: Corviknight|Pressure
|
|upkeep
|turn|36
|
|move|p2a: Dragapult|Fire Blast|p1a: Corviknight
|-supereffective|p1a: Corviknight
|-damage|p1a: Corviknight|2/100 par
|cant|p1a: Corviknight|par
|
|upkeep
|turn|37
|
|move|p2a: Dragapult|Psychic Fangs|p1a: Corviknight
|-resisted|p1a: Corviknight
|-damage|p1a: Corviknight|0 fnt
|-damage|p2a: Dragapult|18/100|[from] item: Rocky Helmet|[of] p1a: Corviknight
|faint|p1a: Corviknight
|
|upkeep
|
|switch|p1a: Mandibuzz|Mandibuzz, F|77/100 psn
|turn|38
|
|move|p2a: Dragapult|Phantom Force||[still]
|-prepare|p2a: Dragapult|Phantom Force|p1a: Mandibuzz
|move|p1a: Mandibuzz|Roost|p1a: Mandibuzz
|-heal|p1a: Mandibuzz|100/100 psn
|-singleturn|p1a: Mandibuzz|move: Roost
|
|-damage|p1a: Mandibuzz|88/100 psn|[from] psn
|upkeep
|turn|39
|
|move|p2a: Dragapult|Phantom Force|p1a: Mandibuzz|[from]lockedmove
|-resisted|p1a: Mandibuzz
|-damage|p1a: Mandibuzz|75/100 psn
|move|p1a: Mandibuzz|Knock Off|p2a: Dragapult
|-supereffective|p2a: Dragapult
|-damage|p2a: Dragapult|0 fnt
|faint|p2a: Dragapult
|
|win|Chunkomucho
|c|☆Chunkomucho|Gg
