|j|☆Comanshawa
|j|‽neptune732
|t:|1624878634
|gametype|singles
|player|p1|Comanshawa|101|1267
|player|p2|neptune732|102|1500
|teamsize|p1|6
|teamsize|p2|6
|gen|8
|tier|[Gen 8] Ubers
|rated|
|rule|Sleep Clause Mod: Limit one foe put to sleep
|rule|Species Clause: Limit one of each Pokémon
|rule|OHKO Clause: OHKO moves are banned
|rule|Evasion Moves Clause: Evasion moves are banned
|rule|Endless Battle Clause: Forcing endless battles is banned
|rule|HP Percentage Mod: HP is shown in percentages
|rule|Dynamax Clause: You cannot dynamax
|clearpoke
|poke|p1|Calyrex-Shadow|
|poke|p1|Eternatus|
|poke|p1|Dracovish|
|poke|p1|Ho-Oh|
|poke|p1|Ditto|
|poke|p1|Genesect-Shock|
|poke|p2|Scolipede, F|
|poke|p2|Yveltal|
|poke|p2|Genesect|
|poke|p2|Calyrex-Shadow|
|poke|p2|Darmanitan-Galar, F|
|poke|p2|Rayquaza|
|teampreview
|
|t:|1624878640
|start
|switch|p1a: Dracovish|Dracovish|100/100
|switch|p2a: Scolipede|Scolipede, F|100/100
|turn|1
|
|t:|1624878658
|move|p1a: Dracovish|Fishious Rend|p2a: Scolipede
|-enditem|p2a: Scolipede|Focus Sash
|-damage|p2a: Scolipede|1/100
|move|p2a: Scolipede|Spikes|p1a: Dracovish
|-sidestart|p1: Comanshawa|Spikes
|
|-ability|p2a: Scolipede|Speed Boost|boost
|-boost|p2a: Scolipede|spe|1
|upkeep
|turn|2
|inactive|Battle timer is ON: inactive players will automatically lose when time's up. (requested by Comanshawa)
|
|t:|1624878670
|move|p2a: Scolipede|Endeavor|p1a: Dracovish
|-damage|p1a: Dracovish|1/100
|move|p1a: Dracovish|Fishious Rend|p2a: Scolipede
|-damage|p2a: Scolipede|0 fnt
|faint|p2a: Scolipede
|
|upkeep
|inactive|neptune732 has 120 seconds left.
|
|t:|1624878702
|switch|p2a: Calyrex|Calyrex-Shadow|100/100
|-ability|p2a: Calyrex|As One
|-ability|p2a: Calyrex|Unnerve
|turn|3
|
|t:|1624878711
|move|p2a: Calyrex|Astral Barrage|p1a: Dracovish
|-damage|p1a: Dracovish|0 fnt
|faint|p1a: Dracovish
|-ability|p2a: Calyrex|Grim Neigh|boost
|-boost|p2a: Calyrex|spa|1
|
|upkeep
|
|t:|1624878731
|switch|p1a: Ditto|Ditto|100/100
|-damage|p1a: Ditto|88/100|[from] Spikes
|-transform|p1a: Ditto|p2a: Calyrex|[from] ability: Imposter
|turn|4
|
|t:|1624878738
|switch|p2a: Yveltal|Yveltal|100/100
|-ability|p2a: Yveltal|Dark Aura
|move|p1a: Ditto|Astral Barrage|p2a: Yveltal
|-resisted|p2a: Yveltal
|-damage|p2a: Yveltal|52/100
|
|upkeep
|turn|5
|
|t:|1624878754
|switch|p1a: Eternatus|Eternatus|100/100
|-damage|p1a: Eternatus|88/100|[from] Spikes
|-ability|p1a: Eternatus|Pressure
|move|p2a: Yveltal|Knock Off|p1a: Eternatus
|-damage|p1a: Eternatus|35/100
|-enditem|p1a: Eternatus|Black Sludge|[from] move: Knock Off|[of] p2a: Yveltal
|
|upkeep
|turn|6
|
|t:|1624878769
|switch|p2a: Calyrex|Calyrex-Shadow|100/100
|-ability|p2a: Calyrex|As One
|-ability|p2a: Calyrex|Unnerve
|move|p1a: Eternatus|Dynamax Cannon|p2a: Calyrex
|-damage|p2a: Calyrex|56/100
|
|-heal|p2a: Calyrex|62/100|[from] item: Leftovers
|upkeep
|turn|7
|
|t:|1624878780
|move|p2a: Calyrex|Leech Seed|p1a: Eternatus
|-start|p1a: Eternatus|move: Leech Seed
|move|p1a: Eternatus|Dynamax Cannon|p2a: Calyrex
|-damage|p2a: Calyrex|18/100
|
|-heal|p2a: Calyrex|24/100|[from] item: Leftovers
|-damage|p1a: Eternatus|23/100|[from] Leech Seed|[of] p2a: Calyrex
|-heal|p2a: Calyrex|41/100|[silent]
|upkeep
|turn|8
|
|t:|1624878792
|move|p2a: Calyrex|Astral Barrage|p1a: Eternatus
|-damage|p1a: Eternatus|0 fnt
|faint|p1a: Eternatus
|-ability|p2a: Calyrex|Grim Neigh|boost
|-boost|p2a: Calyrex|spa|1
|
|-heal|p2a: Calyrex|47/100|[from] item: Leftovers
|upkeep
|
|t:|1624878802
|switch|p1a: Ditto|Ditto|88/100
|-damage|p1a: Ditto|76/100|[from] Spikes
|-transform|p1a: Ditto|p2a: Calyrex|[from] ability: Imposter
|turn|9
|j| EWQW
|l| EWQW
|
|t:|1624878816
|move|p1a: Ditto|Astral Barrage|p2a: Calyrex
|-supereffective|p2a: Calyrex
|-damage|p2a: Calyrex|0 fnt
|faint|p2a: Calyrex
|-ability|p1a: Ditto|Grim Neigh|boost
|-boost|p1a: Ditto|spa|1
|
|upkeep
|
|t:|1624878823
|switch|p2a: Yveltal|Yveltal|52/100
|-ability|p2a: Yveltal|Dark Aura
|turn|10
|
|t:|1624878830
|switch|p1a: Genesect|Genesect-Shock, shiny|100/100
|-damage|p1a: Genesect|88/100|[from] Spikes
|-ability|p1a: Genesect|Download|boost
|-boost|p1a: Genesect|atk|1
|move|p2a: Yveltal|Sucker Punch||[still]
|-fail|p2a: Yveltal
|
|upkeep
|turn|11
|
|t:|1624878838
|switch|p2a: Genesect|Genesect|100/100
|-ability|p2a: Genesect|Download|boost
|-boost|p2a: Genesect|atk|1
|move|p1a: Genesect|Techno Blast|p2a: Genesect
|-damage|p2a: Genesect|74/100
|
|upkeep
|turn|12
|
|t:|1624878850
|move|p1a: Genesect|Blaze Kick|p2a: Genesect
|-supereffective|p2a: Genesect
|-damage|p2a: Genesect|0 fnt
|faint|p2a: Genesect
|
|upkeep
|
|t:|1624878861
|switch|p2a: Darmanitan|Darmanitan-Galar, F|100/100
|turn|13
|
|t:|1624878869
|move|p1a: Genesect|Extreme Speed|p2a: Darmanitan
|-damage|p2a: Darmanitan|34/100
|move|p2a: Darmanitan|Flare Blitz|p1a: Genesect
|-supereffective|p1a: Genesect
|-damage|p1a: Genesect|0 fnt
|faint|p1a: Genesect
|-damage|p2a: Darmanitan|10/100|[from] Recoil
|
|upkeep
|j| BlackTyphoon40
|l| BlackTyphoon40
|
|t:|1624878885
|switch|p1a: Ho-Oh|Ho-Oh|100/100
|-ability|p1a: Ho-Oh|Pressure
|turn|14
|
|t:|1624878889
|switch|p2a: Rayquaza|Rayquaza|100/100
|-ability|p2a: Rayquaza|Air Lock
|move|p1a: Ho-Oh|Flame Charge|p2a: Rayquaza
|-resisted|p2a: Rayquaza
|-damage|p2a: Rayquaza|87/100
|-boost|p1a: Ho-Oh|spe|1
|
|upkeep
|turn|15
|inactive|neptune732 has 120 seconds left.
|
|t:|1624878923
|move|p1a: Ho-Oh|Brave Bird|p2a: Rayquaza
|-damage|p2a: Rayquaza|25/100
|-damage|p1a: Ho-Oh|80/100|[from] Recoil
|move|p2a: Rayquaza|Dragon Ascent|p1a: Ho-Oh
|-damage|p1a: Ho-Oh|0 fnt
|-unboost|p2a: Rayquaza|def|1
|-unboost|p2a: Rayquaza|spd|1
|faint|p1a: Ho-Oh
|-damage|p2a: Rayquaza|15/100|[from] item: Life Orb
|
|upkeep
|
|t:|1624878945
|switch|p1a: Ditto|Ditto|76/100
|-damage|p1a: Ditto|63/100|[from] Spikes
|-transform|p1a: Ditto|p2a: Rayquaza|[from] ability: Imposter
|turn|16
|
|t:|1624878956
|move|p1a: Ditto|Dragon Ascent|p2a: Rayquaza
|-damage|p2a: Rayquaza|0 fnt
|-unboost|p1a: Ditto|def|1
|-unboost|p1a: Ditto|spd|1
|faint|p2a: Rayquaza
|
|upkeep
|
|t:|1624878964
|switch|p2a: Yveltal|Yveltal|52/100
|-ability|p2a: Yveltal|Dark Aura
|turn|17
|
|t:|1624878979
|switch|p1a: Calyrex|Calyrex-Shadow|100/100
|-ability|p1a: Calyrex|As One
|-ability|p1a: Calyrex|Unnerve
|-damage|p1a: Calyrex|88/100|[from] Spikes
|move|p2a: Yveltal|Sucker Punch||[still]
|-fail|p2a: Yveltal
|
|upkeep
|turn|18
|
|t:|1624878989
|move|p2a: Yveltal|Sucker Punch|p1a: Calyrex
|-supereffective|p1a: Calyrex
|-damage|p1a: Calyrex|0 fnt
|faint|p1a: Calyrex
|
|upkeep
|
|t:|1624878994
|switch|p1a: Ditto|Ditto|63/100
|-damage|p1a: Ditto|51/100|[from] Spikes
|-transform|p1a: Ditto|p2a: Yveltal|[from] ability: Imposter
|-ability|p1a: Ditto|Dark Aura
|turn|19
|
|t:|1624879007
|move|p1a: Ditto|Knock Off|p2a: Yveltal
|-resisted|p2a: Yveltal
|-damage|p2a: Yveltal|24/100
|-enditem|p2a: Yveltal|Heavy-Duty Boots|[from] move: Knock Off|[of] p1a: Ditto
|move|p2a: Yveltal|Knock Off|p1a: Ditto
|-resisted|p1a: Ditto
|-damage|p1a: Ditto|11/100
|-enditem|p1a: Ditto|Choice Scarf|[from] move: Knock Off|[of] p2a: Yveltal
|
|upkeep
|turn|20
|
|t:|1624879017
|move|p1a: Ditto|Sucker Punch|p2a: Yveltal
|-resisted|p2a: Yveltal
|-damage|p2a: Yveltal|0 fnt
|faint|p2a: Yveltal
|
|upkeep
|
|t:|1624879021
|switch|p2a: Darmanitan|Darmanitan-Galar, F|10/100
|turn|21
|-message|neptune732 forfeited.
|
|win|Comanshawa
|raw|Comanshawa's rating: 1267 &rarr; <strong>1307</strong><br />(+40 for winning)
|raw|neptune732's rating: 1500 &rarr; <strong>1468</strong><br />(-32 for losing)
|l|‽neptune732
