|j|☆Neutralist
|j|☆4125al41
|t:|1631973923
|gametype|singles
|player|p1|Neutralist|169|1469
|player|p2|4125al41|steven|1634
|teamsize|p1|6
|teamsize|p2|6
|gen|8
|tier|[Gen 8] Ubers
|rated|
|rule|Sleep Clause Mod: Limit one foe put to sleep
|rule|Species Clause: Limit one of each Pokémon
|rule|OHKO Clause: OHKO moves are banned
|rule|Evasion Moves Clause: Evasion moves are banned
|rule|Endless Battle Clause: Forcing endless battles is banned
|rule|HP Percentage Mod: HP is shown in percentages
|rule|Dynamax Clause: You cannot dynamax
|clearpoke
|poke|p1|Groudon|
|poke|p1|Giratina|
|poke|p1|Yveltal|
|poke|p1|Kyurem-White|
|poke|p1|Ho-Oh|
|poke|p1|Marshadow|
|poke|p2|Marshadow|
|poke|p2|Eternatus|
|poke|p2|Calyrex-Shadow|
|poke|p2|Ho-Oh|
|poke|p2|Groudon|
|poke|p2|Xerneas-*|
|teampreview
|
|t:|1631973937
|start
|switch|p1a: Groudon|Groudon|100/100
|switch|p2a: Calyrex|Calyrex-Shadow|100/100
|-ability|p2a: Calyrex|As One
|-ability|p2a: Calyrex|Unnerve
|-weather|SunnyDay|[from] ability: Drought|[of] p1a: Groudon
|turn|1
|
|t:|1631973940
|switch|p1a: Yveltal|Yveltal|100/100
|-ability|p1a: Yveltal|Dark Aura
|move|p2a: Calyrex|Astral Barrage|p1a: Yveltal
|-resisted|p1a: Yveltal
|-damage|p1a: Yveltal|56/100
|
|-weather|SunnyDay|[upkeep]
|upkeep
|turn|2
|
|t:|1631973950
|switch|p2a: Xerneas|Xerneas|100/100
|-ability|p2a: Xerneas|Fairy Aura
|move|p1a: Yveltal|Tailwind|p1a: Yveltal
|-sidestart|p1: Neutralist|move: Tailwind
|
|-weather|SunnyDay|[upkeep]
|upkeep
|turn|3
|
|t:|1631973954
|move|p1a: Yveltal|U-turn|p2a: Xerneas
|-resisted|p2a: Xerneas
|-damage|p2a: Xerneas|90/100
|
|t:|1631973957
|switch|p1a: Ho-Oh|Ho-Oh|100/100|[from]move: U-turn
|move|p2a: Xerneas|Rock Slide|p1a: Ho-Oh
|-supereffective|p1a: Ho-Oh
|-damage|p1a: Ho-Oh|5/100
|
|-weather|SunnyDay|[upkeep]
|upkeep
|turn|4
|
|t:|1631973961
|switch|p1a: Groudon|Groudon|100/100
|move|p2a: Xerneas|Rock Slide|p1a: Groudon|[miss]
|-miss|p2a: Xerneas|p1a: Groudon
|
|-weather|SunnyDay|[upkeep]
|upkeep
|turn|5
|
|t:|1631973964
|switch|p2a: Groudon|Groudon|100/100
|move|p1a: Groudon|Stealth Rock|p2a: Groudon
|-sidestart|p2: 4125al41|move: Stealth Rock
|
|-weather|SunnyDay|[upkeep]
|-sideend|p1: Neutralist|move: Tailwind
|upkeep
|turn|6
|
|t:|1631973969
|switch|p1a: Ho-Oh|Ho-Oh|38/100
|move|p2a: Groudon|Stealth Rock|p1a: Ho-Oh
|-sidestart|p1: Neutralist|move: Stealth Rock
|
|-weather|SunnyDay|[upkeep]
|upkeep
|turn|7
|
|t:|1631973973
|move|p1a: Ho-Oh|Sacred Fire|p2a: Groudon|[miss]
|-miss|p1a: Ho-Oh|p2a: Groudon
|move|p2a: Groudon|Stone Edge|p1a: Ho-Oh
|-supereffective|p1a: Ho-Oh
|-damage|p1a: Ho-Oh|0 fnt
|faint|p1a: Ho-Oh
|
|-weather|SunnyDay|[upkeep]
|upkeep
|
|t:|1631973977
|switch|p1a: Kyurem|Kyurem-White|100/100
|-damage|p1a: Kyurem|76/100|[from] Stealth Rock
|-ability|p1a: Kyurem|Turboblaze
|turn|8
|inactive|Battle timer is ON: inactive players will automatically lose when time's up. (requested by Neutralist)
|c|☆Neutralist|That xern is blursed
|
|t:|1631974039
|switch|p2a: Ho-Oh|Ho-Oh|100/100
|move|p1a: Kyurem|Ice Beam|p2a: Ho-Oh
|-damage|p2a: Ho-Oh|66/100
|-damage|p1a: Kyurem|66/100|[from] item: Life Orb
|
|-weather|none
|upkeep
|turn|9
|
|t:|1631974044
|move|p1a: Kyurem|Draco Meteor|p2a: Ho-Oh
|-damage|p2a: Ho-Oh|10/100
|-unboost|p1a: Kyurem|spa|2
|-damage|p1a: Kyurem|56/100|[from] item: Life Orb
|move|p2a: Ho-Oh|Roost|p2a: Ho-Oh
|-heal|p2a: Ho-Oh|60/100
|-singleturn|p2a: Ho-Oh|move: Roost
|
|upkeep
|turn|10
|
|t:|1631974046
|move|p1a: Kyurem|Roost|p1a: Kyurem
|-heal|p1a: Kyurem|100/100
|-singleturn|p1a: Kyurem|move: Roost
|move|p2a: Ho-Oh|Roost|p2a: Ho-Oh
|-heal|p2a: Ho-Oh|100/100
|-singleturn|p2a: Ho-Oh|move: Roost
|
|upkeep
|turn|11
|
|t:|1631974052
|switch|p1a: Groudon|Groudon|100/100
|-damage|p1a: Groudon|94/100|[from] Stealth Rock
|-weather|SunnyDay|[from] ability: Drought|[of] p1a: Groudon
|move|p2a: Ho-Oh|Toxic|p1a: Groudon
|-status|p1a: Groudon|tox
|
|-weather|SunnyDay|[upkeep]
|-damage|p1a: Groudon|88/100 tox|[from] psn
|upkeep
|turn|12
|
|t:|1631974064
|switch|p2a: Calyrex|Calyrex-Shadow|100/100
|-ability|p2a: Calyrex|As One
|-ability|p2a: Calyrex|Unnerve
|-damage|p2a: Calyrex|88/100|[from] Stealth Rock
|move|p1a: Groudon|Stone Edge|p2a: Calyrex
|-damage|p2a: Calyrex|51/100
|
|-weather|SunnyDay|[upkeep]
|-damage|p1a: Groudon|76/100 tox|[from] psn
|upkeep
|turn|13
|
|t:|1631974068
|move|p2a: Calyrex|Astral Barrage|p1a: Groudon
|-damage|p1a: Groudon|0 fnt
|faint|p1a: Groudon
|-ability|p2a: Calyrex|Grim Neigh|boost
|-boost|p2a: Calyrex|spa|1
|
|-weather|SunnyDay|[upkeep]
|upkeep
|
|t:|1631974070
|switch|p1a: Marshadow|Marshadow|100/100
|-damage|p1a: Marshadow|94/100|[from] Stealth Rock
|turn|14
|
|t:|1631974082
|switch|p2a: Eternatus|Eternatus|100/100
|-damage|p2a: Eternatus|88/100|[from] Stealth Rock
|-ability|p2a: Eternatus|Pressure
|move|p1a: Marshadow|Shadow Sneak|p2a: Eternatus
|-damage|p2a: Eternatus|60/100
|
|-weather|SunnyDay|[upkeep]
|upkeep
|turn|15
|
|t:|1631974086
|move|p2a: Eternatus|Recover|p2a: Eternatus
|-heal|p2a: Eternatus|100/100
|move|p1a: Marshadow|Rock Tomb|p2a: Eternatus
|-damage|p2a: Eternatus|76/100
|-unboost|p2a: Eternatus|spe|1
|
|-weather|SunnyDay|[upkeep]
|upkeep
|turn|16
|
|t:|1631974089
|move|p1a: Marshadow|Spectral Thief|p2a: Eternatus
|-damage|p2a: Eternatus|37/100
|move|p2a: Eternatus|Recover|p2a: Eternatus
|-heal|p2a: Eternatus|87/100
|
|-weather|SunnyDay|[upkeep]
|upkeep
|turn|17
|
|t:|1631974094
|switch|p1a: Yveltal|Yveltal|56/100
|-ability|p1a: Yveltal|Dark Aura
|move|p2a: Eternatus|Dynamax Cannon|p1a: Yveltal
|-damage|p1a: Yveltal|10/100
|
|-weather|SunnyDay|[upkeep]
|upkeep
|turn|18
|
|t:|1631974122
|move|p1a: Yveltal|Roost|p1a: Yveltal
|-heal|p1a: Yveltal|60/100
|-singleturn|p1a: Yveltal|move: Roost
|move|p2a: Eternatus|Meteor Beam||[still]
|-prepare|p2a: Eternatus|Meteor Beam
|-boost|p2a: Eternatus|spa|1
|-enditem|p2a: Eternatus|Power Herb
|-anim|p2a: Eternatus|Meteor Beam|p1a: Yveltal
|-damage|p1a: Yveltal|9/100
|
|-weather|none
|upkeep
|turn|19
|
|t:|1631974131
|move|p1a: Yveltal|Tailwind|p1a: Yveltal
|-sidestart|p1: Neutralist|move: Tailwind
|move|p2a: Eternatus|Dynamax Cannon|p1a: Yveltal
|-damage|p1a: Yveltal|0 fnt
|faint|p1a: Yveltal
|
|upkeep
|
|t:|1631974133
|switch|p1a: Kyurem|Kyurem-White|100/100
|-damage|p1a: Kyurem|76/100|[from] Stealth Rock
|-ability|p1a: Kyurem|Turboblaze
|turn|20
|
|t:|1631974148
|switch|p2a: Ho-Oh|Ho-Oh|100/100
|move|p1a: Kyurem|Ice Beam|p2a: Ho-Oh
|-damage|p2a: Ho-Oh|63/100
|-damage|p1a: Kyurem|66/100|[from] item: Life Orb
|
|upkeep
|turn|21
|
|t:|1631974150
|move|p1a: Kyurem|Ice Beam|p2a: Ho-Oh
|-damage|p2a: Ho-Oh|23/100
|-damage|p1a: Kyurem|56/100|[from] item: Life Orb
|move|p2a: Ho-Oh|Roost|p2a: Ho-Oh
|-heal|p2a: Ho-Oh|73/100
|-singleturn|p2a: Ho-Oh|move: Roost
|
|upkeep
|turn|22
|
|t:|1631974153
|move|p1a: Kyurem|Roost|p1a: Kyurem
|-heal|p1a: Kyurem|100/100
|-singleturn|p1a: Kyurem|move: Roost
|move|p2a: Ho-Oh|Sacred Fire|p1a: Kyurem
|-damage|p1a: Kyurem|56/100
|-status|p1a: Kyurem|brn
|
|-damage|p1a: Kyurem|50/100 brn|[from] brn
|-sideend|p1: Neutralist|move: Tailwind
|upkeep
|turn|23
|
|t:|1631974182
|switch|p2a: Xerneas|Xerneas|90/100
|-damage|p2a: Xerneas|78/100|[from] Stealth Rock
|-ability|p2a: Xerneas|Fairy Aura
|move|p1a: Kyurem|Ice Beam|p2a: Xerneas
|-damage|p2a: Xerneas|10/100
|-damage|p1a: Kyurem|40/100 brn|[from] item: Life Orb
|
|-damage|p1a: Kyurem|33/100 brn|[from] brn
|upkeep
|turn|24
|c|☆Neutralist|Was a mistake using KyuW lol
|
|t:|1631974187
|move|p2a: Xerneas|Play Rough|p1a: Kyurem
|-supereffective|p1a: Kyurem
|-damage|p1a: Kyurem|0 fnt
|faint|p1a: Kyurem
|
|upkeep
|
|t:|1631974189
|switch|p1a: Marshadow|Marshadow|94/100
|-damage|p1a: Marshadow|88/100|[from] Stealth Rock
|turn|25
|
|t:|1631974195
|switch|p2a: Groudon|Groudon|100/100
|-damage|p2a: Groudon|94/100|[from] Stealth Rock
|-weather|SunnyDay|[from] ability: Drought|[of] p2a: Groudon
|move|p1a: Marshadow|Spectral Thief|p2a: Groudon
|-damage|p2a: Groudon|73/100
|
|-weather|SunnyDay|[upkeep]
|-heal|p2a: Groudon|79/100|[from] item: Leftovers
|upkeep
|turn|26
|
|t:|1631974198
|move|p1a: Marshadow|Close Combat|p2a: Groudon
|-crit|p2a: Groudon
|-damage|p2a: Groudon|35/100
|-unboost|p1a: Marshadow|def|1
|-unboost|p1a: Marshadow|spd|1
|move|p2a: Groudon|Precipice Blades|p1a: Marshadow
|-damage|p1a: Marshadow|0 fnt
|faint|p1a: Marshadow
|
|-weather|SunnyDay|[upkeep]
|-heal|p2a: Groudon|41/100|[from] item: Leftovers
|upkeep
|
|t:|1631974201
|switch|p1a: Giratina|Giratina|100/100
|-damage|p1a: Giratina|88/100|[from] Stealth Rock
|-ability|p1a: Giratina|Pressure
|turn|27
|inactive|4125al41 has 120 seconds left.
|
|t:|1631974251
|switch|p2a: Ho-Oh|Ho-Oh|100/100
|move|p1a: Giratina|Hex|p2a: Ho-Oh
|-damage|p2a: Ho-Oh|89/100
|
|-weather|SunnyDay|[upkeep]
|-heal|p1a: Giratina|94/100|[from] item: Leftovers
|upkeep
|turn|28
|-message|Neutralist forfeited.
|
|win|4125al41
|raw|Neutralist's rating: 1469 &rarr; <strong>1458</strong><br />(-11 for losing)
|raw|4125al41's rating: 1634 &rarr; <strong>1645</strong><br />(+11 for winning)
|l|☆Neutralist
