|j|☆Kyng Jaymes HO
|j|☆igiegie是菜
|t:|1648611894
|gametype|singles
|player|p1|Kyng Jaymes HO|n|1231
|player|p2|igiegie是菜|veteran|1474
|teamsize|p1|6
|teamsize|p2|6
|gen|8
|tier|[Gen 8] Ubers
|rated|
|rule|Sleep Clause Mod: Limit one foe put to sleep
|rule|Species Clause: Limit one of each Pokémon
|rule|OHKO Clause: OHKO moves are banned
|rule|Evasion Moves Clause: Evasion moves are banned
|rule|Endless Battle Clause: Forcing endless battles is banned
|rule|HP Percentage Mod: HP is shown in percentages
|rule|Dynamax Clause: You cannot dynamax
|clearpoke
|poke|p1|Aerodactyl, F|
|poke|p1|Yveltal|
|poke|p1|Eternatus|
|poke|p1|Necrozma-Dusk-Mane|
|poke|p1|Kyogre|
|poke|p1|Marshadow|
|poke|p2|Kyogre|
|poke|p2|Calyrex-Shadow|
|poke|p2|Eternatus|
|poke|p2|Necrozma-Dusk-Mane|
|poke|p2|Zygarde|
|poke|p2|Yveltal|
|teampreview
|inactive|Battle timer is ON: inactive players will automatically lose when time's up. (requested by Kyng Jaymes HO)
|
|t:|1648611906
|start
|switch|p1a: Aerodactyl|Aerodactyl, F|100/100
|switch|p2a: Necrozma|Necrozma-Dusk-Mane|100/100
|-ability|p1a: Aerodactyl|Unnerve
|turn|1
|
|t:|1648611922
|move|p1a: Aerodactyl|Stealth Rock|p2a: Necrozma
|-sidestart|p2: igiegie是菜|move: Stealth Rock
|move|p2a: Necrozma|Stealth Rock|p1a: Aerodactyl
|-sidestart|p1: Kyng Jaymes HO|move: Stealth Rock
|
|upkeep
|turn|2
|
|t:|1648611946
|move|p1a: Aerodactyl|Taunt|p2a: Necrozma
|-start|p2a: Necrozma|move: Taunt
|move|p2a: Necrozma|Iron Head|p1a: Aerodactyl
|-supereffective|p1a: Aerodactyl
|-crit|p1a: Aerodactyl
|-enditem|p1a: Aerodactyl|Focus Sash
|-damage|p1a: Aerodactyl|1/100
|
|upkeep
|turn|3
|
|t:|1648611948
|move|p1a: Aerodactyl|Tailwind|p1a: Aerodactyl
|-sidestart|p1: Kyng Jaymes HO|move: Tailwind
|move|p2a: Necrozma|Iron Head|p1a: Aerodactyl
|-supereffective|p1a: Aerodactyl
|-damage|p1a: Aerodactyl|0 fnt
|faint|p1a: Aerodactyl
|
|upkeep
|
|t:|1648611953
|switch|p1a: Kyogre|Kyogre|100/100
|-damage|p1a: Kyogre|88/100|[from] Stealth Rock
|-weather|RainDance|[from] ability: Drizzle|[of] p1a: Kyogre
|turn|4
|
|t:|1648611975
|switch|p2a: Kyogre|Kyogre|100/100
|-damage|p2a: Kyogre|88/100|[from] Stealth Rock
|move|p1a: Kyogre|Calm Mind|p1a: Kyogre
|-boost|p1a: Kyogre|spa|1
|-boost|p1a: Kyogre|spd|1
|
|-weather|RainDance|[upkeep]
|-heal|p2a: Kyogre|94/100|[from] item: Leftovers
|upkeep
|turn|5
|
|t:|1648611979
|move|p1a: Kyogre|Thunder|p2a: Kyogre
|-supereffective|p2a: Kyogre
|-damage|p2a: Kyogre|13/100
|move|p2a: Kyogre|Thunder Wave|p1a: Kyogre|[miss]
|-miss|p2a: Kyogre|p1a: Kyogre
|
|-weather|RainDance|[upkeep]
|-heal|p2a: Kyogre|19/100|[from] item: Leftovers
|upkeep
|turn|6
|
|t:|1648611984
|move|p1a: Kyogre|Surf|p2a: Kyogre
|-resisted|p2a: Kyogre
|-damage|p2a: Kyogre|0 fnt
|faint|p2a: Kyogre
|
|-weather|RainDance|[upkeep]
|-sideend|p1: Kyng Jaymes HO|move: Tailwind
|upkeep
|
|t:|1648611988
|switch|p2a: Calyrex|Calyrex-Shadow|100/100
|-ability|p2a: Calyrex|As One
|-ability|p2a: Calyrex|Unnerve
|-damage|p2a: Calyrex|88/100|[from] Stealth Rock
|turn|7
|
|t:|1648611991
|move|p2a: Calyrex|Astral Barrage|p1a: Kyogre
|-crit|p1a: Kyogre
|-damage|p1a: Kyogre|12/100
|move|p1a: Kyogre|Surf|p2a: Calyrex
|-damage|p2a: Calyrex|0 fnt
|faint|p2a: Calyrex
|
|-weather|RainDance|[upkeep]
|upkeep
|-message|igiegie是菜 forfeited.
|
|win|Kyng Jaymes HO
|raw|Kyng Jaymes HO's rating: 1241 &rarr; <strong>1281</strong><br />(+40 for winning)
|raw|igiegie是菜's rating: 1474 &rarr; <strong>1442</strong><br />(-32 for losing)
|l|☆igiegie是菜
