|j|☆ashketchum_elite
|j|☆bald ben
|t:|1638094042
|gametype|singles
|player|p1|ashketchum_elite|ash-kalos|
|player|p2|bald ben|youngster-gen4dp|
|teamsize|p1|6
|teamsize|p2|6
|gen|8
|tier|[Gen 8] Ubers
|rated|Tournament battle
|rule|Sleep Clause Mod: Limit one foe put to sleep
|rule|Species Clause: Limit one of each Pokémon
|rule|OHKO Clause: OHKO moves are banned
|rule|Evasion Moves Clause: Evasion moves are banned
|rule|Endless Battle Clause: Forcing endless battles is banned
|rule|HP Percentage Mod: HP is shown in percentages
|rule|Dynamax Clause: You cannot dynamax
|clearpoke
|poke|p1|Urshifu-*, F|
|poke|p1|Xerneas-*|
|poke|p1|Kyogre|
|poke|p1|Necrozma-Dusk-Mane|
|poke|p1|Yveltal|
|poke|p1|Eternatus|
|poke|p2|Calyrex-Ice|
|poke|p2|Yveltal|
|poke|p2|Eternatus|
|poke|p2|Necrozma-Dusk-Mane|
|poke|p2|Melmetal|
|poke|p2|Kyogre|
|teampreview
|inactive|Battle timer is ON: inactive players will automatically lose when time's up. (requested by bald ben)
|
|t:|1638094059
|start
|switch|p1a: Kyogre|Kyogre|100/100
|switch|p2a: Kyogre|Kyogre|100/100
|-weather|RainDance|[from] ability: Drizzle|[of] p2a: Kyogre
|turn|1
|
|t:|1638094066
|move|p2a: Kyogre|Thunder|p1a: Kyogre
|-supereffective|p1a: Kyogre
|-damage|p1a: Kyogre|47/100
|move|p1a: Kyogre|Origin Pulse|p2a: Kyogre|[miss]
|-miss|p1a: Kyogre|p2a: Kyogre
|
|-weather|RainDance|[upkeep]
|upkeep
|turn|2
|
|t:|1638094075
|switch|p2a: Calyrex|Calyrex-Ice|100/100
|-ability|p2a: Calyrex|As One
|-ability|p2a: Calyrex|Unnerve
|switch|p1a: Necrozma|Necrozma-Dusk-Mane|100/100
|
|-weather|RainDance|[upkeep]
|upkeep
|turn|3
|
|t:|1638094082
|switch|p2a: Yveltal|Yveltal|100/100
|-ability|p2a: Yveltal|Dark Aura
|move|p1a: Necrozma|Thunder Wave|p2a: Yveltal
|-status|p2a: Yveltal|par
|
|-weather|RainDance|[upkeep]
|upkeep
|turn|4
|
|t:|1638094087
|move|p1a: Necrozma|Stealth Rock|p2a: Yveltal
|-sidestart|p2: bald ben|move: Stealth Rock
|cant|p2a: Yveltal|par
|
|-weather|RainDance|[upkeep]
|upkeep
|turn|5
|
|t:|1638094093
|switch|p1a: Xerneas|Xerneas|100/100
|-ability|p1a: Xerneas|Fairy Aura
|-item|p1a: Xerneas|Air Balloon
|move|p2a: Yveltal|Knock Off|p1a: Xerneas
|-resisted|p1a: Xerneas
|-crit|p1a: Xerneas
|-damage|p1a: Xerneas|64/100
|-enditem|p1a: Xerneas|Air Balloon
|
|-weather|none
|upkeep
|turn|6
|
|t:|1638094102
|switch|p1a: Yveltal|Yveltal|100/100
|-ability|p1a: Yveltal|Dark Aura
|switch|p2a: Necrozma|Necrozma-Dusk-Mane|100/100
|-damage|p2a: Necrozma|94/100|[from] Stealth Rock
|
|-heal|p2a: Necrozma|100/100|[from] item: Leftovers
|upkeep
|turn|7
|
|t:|1638094117
|move|p1a: Yveltal|Knock Off|p2a: Necrozma
|-supereffective|p2a: Necrozma
|-damage|p2a: Necrozma|44/100
|-enditem|p2a: Necrozma|Leftovers|[from] move: Knock Off|[of] p1a: Yveltal
|move|p2a: Necrozma|Stealth Rock|p1a: Yveltal
|-sidestart|p1: ashketchum_elite|move: Stealth Rock
|
|upkeep
|turn|8
|
|t:|1638094125
|move|p1a: Yveltal|Knock Off|p2a: Necrozma
|-supereffective|p2a: Necrozma
|-damage|p2a: Necrozma|7/100
|move|p2a: Necrozma|Morning Sun|p2a: Necrozma
|-heal|p2a: Necrozma|56/100
|
|upkeep
|turn|9
|
|t:|1638094131
|move|p1a: Yveltal|Defog|p2a: Necrozma
|-unboost|p2a: Necrozma|evasion|1
|-sideend|p2: bald ben|Stealth Rock|[from] move: Defog|[of] p1a: Yveltal
|-sideend|p1: ashketchum_elite|Stealth Rock|[from] move: Defog|[of] p1a: Yveltal
|move|p2a: Necrozma|Morning Sun|p2a: Necrozma
|-heal|p2a: Necrozma|100/100
|
|upkeep
|turn|10
|
|t:|1638094137
|switch|p1a: Kyogre|Kyogre|47/100
|-weather|RainDance|[from] ability: Drizzle|[of] p1a: Kyogre
|switch|p2a: Eternatus|Eternatus|100/100
|-ability|p2a: Eternatus|Pressure
|
|-weather|RainDance|[upkeep]
|upkeep
|turn|11
|
|t:|1638094146
|move|p2a: Eternatus|Shadow Ball|p1a: Kyogre
|-crit|p1a: Kyogre
|-damage|p1a: Kyogre|23/100
|-unboost|p1a: Kyogre|spd|1
|move|p1a: Kyogre|Rest|p1a: Kyogre
|-status|p1a: Kyogre|slp|[from] move: Rest
|-heal|p1a: Kyogre|100/100 slp|[silent]
|
|-weather|RainDance|[upkeep]
|upkeep
|turn|12
|
|t:|1638094153
|switch|p1a: Necrozma|Necrozma-Dusk-Mane|100/100
|move|p2a: Eternatus|Shadow Ball|p1a: Necrozma
|-supereffective|p1a: Necrozma
|-crit|p1a: Necrozma
|-damage|p1a: Necrozma|65/100
|
|-weather|RainDance|[upkeep]
|-heal|p1a: Necrozma|71/100|[from] item: Leftovers
|upkeep
|turn|13
|j| ric30
|l| ric30
|
|t:|1638094162
|switch|p2a: Necrozma|Necrozma-Dusk-Mane|100/100
|move|p1a: Necrozma|Stealth Rock|p2a: Necrozma
|-sidestart|p2: bald ben|move: Stealth Rock
|
|-weather|RainDance|[upkeep]
|-heal|p1a: Necrozma|77/100|[from] item: Leftovers
|upkeep
|turn|14
|
|t:|1638094167
|switch|p1a: Urshifu|Urshifu, F|100/100
|move|p2a: Necrozma|Stealth Rock|p1a: Urshifu
|-sidestart|p1: ashketchum_elite|move: Stealth Rock
|
|-weather|none
|upkeep
|turn|15
|
|t:|1638094173
|switch|p2a: Eternatus|Eternatus|100/100
|-damage|p2a: Eternatus|88/100|[from] Stealth Rock
|-ability|p2a: Eternatus|Pressure
|move|p1a: Urshifu|Wicked Blow|p2a: Eternatus
|-crit|p2a: Eternatus
|-damage|p2a: Eternatus|18/100
|
|-heal|p2a: Eternatus|24/100|[from] item: Black Sludge
|upkeep
|turn|16
|
|t:|1638094182
|move|p2a: Eternatus|Recover|p2a: Eternatus
|-heal|p2a: Eternatus|74/100
|move|p1a: Urshifu|Wicked Blow|p2a: Eternatus
|-crit|p2a: Eternatus
|-damage|p2a: Eternatus|7/100
|
|-heal|p2a: Eternatus|13/100|[from] item: Black Sludge
|upkeep
|turn|17
|
|t:|1638094187
|move|p2a: Eternatus|Dynamax Cannon|p1a: Urshifu
|-damage|p1a: Urshifu|31/100
|move|p1a: Urshifu|Wicked Blow|p2a: Eternatus
|-crit|p2a: Eternatus
|-damage|p2a: Eternatus|0 fnt
|faint|p2a: Eternatus
|
|upkeep
|
|t:|1638094192
|switch|p2a: Kyogre|Kyogre|100/100
|-damage|p2a: Kyogre|88/100|[from] Stealth Rock
|-weather|RainDance|[from] ability: Drizzle|[of] p2a: Kyogre
|turn|18
|
|t:|1638094218
|switch|p1a: Eternatus|Eternatus|100/100
|-damage|p1a: Eternatus|88/100|[from] Stealth Rock
|-ability|p1a: Eternatus|Pressure
|move|p2a: Kyogre|Ice Beam|p1a: Eternatus
|-supereffective|p1a: Eternatus
|-damage|p1a: Eternatus|49/100
|
|-weather|RainDance|[upkeep]
|upkeep
|turn|19
|
|t:|1638094231
|switch|p2a: Melmetal|Melmetal|100/100
|-damage|p2a: Melmetal|94/100|[from] Stealth Rock
|move|p1a: Eternatus|Recover|p1a: Eternatus
|-heal|p1a: Eternatus|99/100
|
|-weather|RainDance|[upkeep]
|upkeep
|turn|20
|inactive|ashketchum_elite has 120 seconds left.
|
|t:|1638094249
|move|p1a: Eternatus|Flamethrower|p2a: Melmetal
|-supereffective|p2a: Melmetal
|-crit|p2a: Melmetal
|-damage|p2a: Melmetal|56/100
|move|p2a: Melmetal|Double Iron Bash|p1a: Eternatus
|-damage|p1a: Eternatus|50/100
|-damage|p1a: Eternatus|4/100
|-hitcount|p1a: Eternatus|2
|
|-weather|RainDance|[upkeep]
|upkeep
|turn|21
|
|t:|1638094258
|move|p1a: Eternatus|Flamethrower|p2a: Melmetal
|-supereffective|p2a: Melmetal
|-damage|p2a: Melmetal|32/100
|move|p2a: Melmetal|Double Iron Bash|p1a: Eternatus
|-damage|p1a: Eternatus|0 fnt
|faint|p1a: Eternatus
|-hitcount|p1: Eternatus|1
|
|-weather|RainDance|[upkeep]
|upkeep
|inactive|ashketchum_elite has 120 seconds left.
|
|t:|1638094277
|switch|p1a: Urshifu|Urshifu, F|31/100
|-damage|p1a: Urshifu|25/100|[from] Stealth Rock
|turn|22
|inactive|ashketchum_elite has 120 seconds left.
|
|t:|1638094284
|move|p1a: Urshifu|Wicked Blow|p2a: Melmetal
|-crit|p2a: Melmetal
|-damage|p2a: Melmetal|0 fnt
|faint|p2a: Melmetal
|
|-weather|none
|upkeep
|
|t:|1638094287
|switch|p2a: Kyogre|Kyogre|88/100
|-damage|p2a: Kyogre|76/100|[from] Stealth Rock
|-weather|RainDance|[from] ability: Drizzle|[of] p2a: Kyogre
|turn|23
|
|t:|1638094294
|switch|p1a: Necrozma|Necrozma-Dusk-Mane|77/100
|-damage|p1a: Necrozma|71/100|[from] Stealth Rock
|move|p2a: Kyogre|Water Spout|p1a: Necrozma
|-damage|p1a: Necrozma|13/100
|
|-weather|RainDance|[upkeep]
|-heal|p1a: Necrozma|19/100|[from] item: Leftovers
|upkeep
|turn|24
|
|t:|1638094313
|move|p2a: Kyogre|Water Spout|p1a: Necrozma
|-damage|p1a: Necrozma|0 fnt
|faint|p1a: Necrozma
|
|-weather|RainDance|[upkeep]
|upkeep
|
|t:|1638094320
|switch|p1a: Urshifu|Urshifu, F|25/100
|-damage|p1a: Urshifu|19/100|[from] Stealth Rock
|turn|25
|
|t:|1638094327
|switch|p2a: Yveltal|Yveltal|100/100 par
|-ability|p2a: Yveltal|Dark Aura
|move|p1a: Urshifu|Sucker Punch||[still]
|-fail|p1a: Urshifu
|
|-weather|RainDance|[upkeep]
|upkeep
|turn|26
|
|t:|1638094337
|switch|p1a: Kyogre|Kyogre|100/100 slp
|-damage|p1a: Kyogre|88/100 slp|[from] Stealth Rock
|switch|p2a: Necrozma|Necrozma-Dusk-Mane|100/100
|-damage|p2a: Necrozma|94/100|[from] Stealth Rock
|
|-weather|RainDance|[upkeep]
|upkeep
|turn|27
|
|t:|1638094346
|cant|p1a: Kyogre|slp
|move|p2a: Necrozma|Sunsteel Strike|p1a: Kyogre
|-resisted|p1a: Kyogre
|-damage|p1a: Kyogre|63/100 slp
|
|-weather|none
|upkeep
|turn|28
|
|t:|1638094355
|cant|p1a: Kyogre|slp
|move|p2a: Necrozma|Sunsteel Strike|p1a: Kyogre
|-resisted|p1a: Kyogre
|-damage|p1a: Kyogre|37/100 slp
|
|upkeep
|turn|29
|
|t:|1638094362
|-curestatus|p1a: Kyogre|slp|[msg]
|move|p1a: Kyogre|Rest|p1a: Kyogre
|-status|p1a: Kyogre|slp|[from] move: Rest
|-heal|p1a: Kyogre|100/100 slp|[silent]
|move|p2a: Necrozma|Trick Room|p2a: Necrozma
|-fieldstart|move: Trick Room|[of] p2a: Necrozma
|
|upkeep
|turn|30
|
|t:|1638094377
|switch|p2a: Calyrex|Calyrex-Ice|100/100
|-ability|p2a: Calyrex|As One
|-ability|p2a: Calyrex|Unnerve
|switch|p1a: Yveltal|Yveltal|100/100
|-ability|p1a: Yveltal|Dark Aura
|
|upkeep
|turn|31
|
|t:|1638094387
|move|p2a: Calyrex|Glacial Lance|p1a: Yveltal
|-supereffective|p1a: Yveltal
|-damage|p1a: Yveltal|0 fnt
|faint|p1a: Yveltal
|-ability|p2a: Calyrex|Chilling Neigh|boost
|-boost|p2a: Calyrex|atk|1
|
|upkeep
|
|t:|1638094393
|switch|p1a: Xerneas|Xerneas|64/100
|-damage|p1a: Xerneas|52/100|[from] Stealth Rock
|-ability|p1a: Xerneas|Fairy Aura
|turn|32
|
|t:|1638094396
|move|p2a: Calyrex|Glacial Lance|p1a: Xerneas
|-damage|p1a: Xerneas|0 fnt
|faint|p1a: Xerneas
|-ability|p2a: Calyrex|Chilling Neigh|boost
|-boost|p2a: Calyrex|atk|1
|
|upkeep
|
|t:|1638094403
|switch|p1a: Urshifu|Urshifu, F|19/100
|-damage|p1a: Urshifu|12/100|[from] Stealth Rock
|turn|33
|
|t:|1638094408
|move|p2a: Calyrex|Leech Seed|p1a: Urshifu
|-start|p1a: Urshifu|move: Leech Seed
|move|p1a: Urshifu|Wicked Blow|p2a: Calyrex
|-supereffective|p2a: Calyrex
|-crit|p2a: Calyrex
|-damage|p2a: Calyrex|0 fnt
|faint|p2a: Calyrex
|
|-fieldend|move: Trick Room
|upkeep
|
|t:|1638094412
|switch|p2a: Yveltal|Yveltal|100/100 par
|-ability|p2a: Yveltal|Dark Aura
|turn|34
|
|t:|1638094417
|switch|p1a: Kyogre|Kyogre|100/100 slp
|-damage|p1a: Kyogre|88/100 slp|[from] Stealth Rock
|-weather|RainDance|[from] ability: Drizzle|[of] p1a: Kyogre
|cant|p2a: Yveltal|par
|
|-weather|RainDance|[upkeep]
|upkeep
|turn|35
|
|t:|1638094426
|switch|p2a: Kyogre|Kyogre|76/100
|-damage|p2a: Kyogre|64/100|[from] Stealth Rock
|cant|p1a: Kyogre|slp
|
|-weather|RainDance|[upkeep]
|upkeep
|turn|36
|
|t:|1638094443
|move|p2a: Kyogre|Thunder|p1a: Kyogre
|-supereffective|p1a: Kyogre
|-crit|p1a: Kyogre
|-damage|p1a: Kyogre|6/100 slp
|cant|p1a: Kyogre|slp
|
|-weather|RainDance|[upkeep]
|upkeep
|turn|37
|
|t:|1638094449
|move|p2a: Kyogre|Thunder|p1a: Kyogre
|-supereffective|p1a: Kyogre
|-damage|p1a: Kyogre|0 fnt
|faint|p1a: Kyogre
|
|-weather|RainDance|[upkeep]
|upkeep
|
|t:|1638094454
|switch|p1a: Urshifu|Urshifu, F|12/100
|-damage|p1a: Urshifu|6/100|[from] Stealth Rock
|turn|38
|
|t:|1638094458
|move|p2a: Kyogre|Thunder|p1a: Urshifu
|-damage|p1a: Urshifu|0 fnt
|faint|p1a: Urshifu
|
|win|bald ben
|n|☆ashketchum_elite|ashketchumelite
|n|☆bald ben|baldben
|l|☆ashketchum_elite
|l|☆bald ben
|j|☆ashketchum_elite
|player|p1|ashketchum_elite|ash-kalos
