|j|☆IoSonoNeon
|j|☆Bluemotions
|t:|1636921911
|gametype|singles
|player|p1|IoSonoNeon|collector|1590
|player|p2|Bluemotions|blue|1481
|teamsize|p1|6
|teamsize|p2|6
|gen|8
|tier|[Gen 8] Ubers
|rated|
|rule|Sleep Clause Mod: Limit one foe put to sleep
|rule|Species Clause: Limit one of each Pokémon
|rule|OHKO Clause: OHKO moves are banned
|rule|Evasion Moves Clause: Evasion moves are banned
|rule|Endless Battle Clause: Forcing endless battles is banned
|rule|HP Percentage Mod: HP is shown in percentages
|rule|Dynamax Clause: You cannot dynamax
|clearpoke
|poke|p1|Marshadow|
|poke|p1|Yveltal|
|poke|p1|Groudon|
|poke|p1|Necrozma-Dusk-Mane|
|poke|p1|Eternatus|
|poke|p1|Calyrex-Shadow|
|poke|p2|Calyrex-Shadow|
|poke|p2|Yveltal|
|poke|p2|Kyurem-White|
|poke|p2|Necrozma-Dusk-Mane|
|poke|p2|Zygarde|
|poke|p2|Kyogre|
|teampreview
|inactive|Battle timer is ON: inactive players will automatically lose when time's up. (requested by IoSonoNeon)
|
|t:|1636921919
|start
|switch|p1a: Marshadow|Marshadow|100/100
|switch|p2a: Kyogre|Kyogre|100/100
|-weather|RainDance|[from] ability: Drizzle|[of] p2a: Kyogre
|turn|1
|
|t:|1636921947
|switch|p1a: Eternatus|Eternatus|100/100
|-ability|p1a: Eternatus|Pressure
|move|p2a: Kyogre|Water Spout|p1a: Eternatus
|-resisted|p1a: Eternatus
|-damage|p1a: Eternatus|63/100
|
|-weather|RainDance|[upkeep]
|upkeep
|turn|2
|
|t:|1636921964
|switch|p2a: Zygarde|Zygarde|100/100
|move|p1a: Eternatus|Toxic|p2a: Zygarde
|-status|p2a: Zygarde|tox
|
|-weather|RainDance|[upkeep]
|-damage|p2a: Zygarde|94/100 tox|[from] psn
|upkeep
|turn|3
|
|t:|1636921982
|switch|p2a: Kyurem|Kyurem-White|100/100
|-ability|p2a: Kyurem|Turboblaze
|move|p1a: Eternatus|Dynamax Cannon|p2a: Kyurem
|-supereffective|p2a: Kyurem
|-damage|p2a: Kyurem|19/100
|
|-weather|RainDance|[upkeep]
|upkeep
|turn|4
|inactive|Bluemotions has 120 seconds left.
|
|t:|1636921999
|move|p1a: Eternatus|Dynamax Cannon|p2a: Kyurem
|-supereffective|p2a: Kyurem
|-damage|p2a: Kyurem|0 fnt
|faint|p2a: Kyurem
|
|-weather|RainDance|[upkeep]
|upkeep
|inactive|Bluemotions has 120 seconds left.
|
|t:|1636922015
|switch|p2a: Calyrex|Calyrex-Shadow|100/100
|-ability|p2a: Calyrex|As One
|-ability|p2a: Calyrex|Unnerve
|turn|5
|inactive|IoSonoNeon has 120 seconds left.
|
|t:|1636922060
|switch|p1a: Yveltal|Yveltal|100/100
|-ability|p1a: Yveltal|Dark Aura
|move|p2a: Calyrex|Nasty Plot|p2a: Calyrex
|-boost|p2a: Calyrex|spa|2
|
|-weather|none
|upkeep
|turn|6
|inactive|Bluemotions has 120 seconds left.
|
|t:|1636922070
|move|p2a: Calyrex|Draining Kiss|p1a: Yveltal
|-supereffective|p1a: Yveltal
|-damage|p1a: Yveltal|38/100
|-damage|p2a: Calyrex|91/100|[from] item: Life Orb
|move|p1a: Yveltal|Knock Off|p2a: Calyrex
|-supereffective|p2a: Calyrex
|-damage|p2a: Calyrex|0 fnt
|-enditem|p2a: Calyrex|Life Orb|[from] move: Knock Off|[of] p1a: Yveltal
|faint|p2a: Calyrex
|
|upkeep
|
|t:|1636922084
|switch|p2a: Kyogre|Kyogre|100/100
|-weather|RainDance|[from] ability: Drizzle|[of] p2a: Kyogre
|turn|7
|
|t:|1636922089
|switch|p1a: Eternatus|Eternatus|63/100
|-ability|p1a: Eternatus|Pressure
|move|p2a: Kyogre|Water Spout|p1a: Eternatus
|-resisted|p1a: Eternatus
|-damage|p1a: Eternatus|24/100
|
|-weather|RainDance|[upkeep]
|upkeep
|turn|8
|inactive|Bluemotions has 120 seconds left.
|
|t:|1636922098
|move|p2a: Kyogre|Water Spout|p1a: Eternatus
|-resisted|p1a: Eternatus
|-damage|p1a: Eternatus|0 fnt
|faint|p1a: Eternatus
|
|-weather|RainDance|[upkeep]
|upkeep
|
|t:|1636922110
|switch|p1a: Calyrex|Calyrex-Shadow|100/100
|-ability|p1a: Calyrex|As One
|-ability|p1a: Calyrex|Unnerve
|turn|9
|
|t:|1636922120
|move|p1a: Calyrex|Astral Barrage|p2a: Kyogre
|-damage|p2a: Kyogre|44/100
|move|p2a: Kyogre|Water Spout|p1a: Calyrex
|-damage|p1a: Calyrex|43/100
|
|-weather|RainDance|[upkeep]
|upkeep
|turn|10
|
|t:|1636922148
|switch|p2a: Yveltal|Yveltal|100/100
|-ability|p2a: Yveltal|Dark Aura
|move|p1a: Calyrex|Astral Barrage|p2a: Yveltal
|-resisted|p2a: Yveltal
|-damage|p2a: Yveltal|80/100
|
|-weather|RainDance|[upkeep]
|upkeep
|turn|11
|c|☆Bluemotions|play a scarf 150 speed...
|c|☆Bluemotions|lol
|inactive|Bluemotions has 120 seconds left.
|
|t:|1636922168
|switch|p1a: Groudon|Groudon|100/100
|-weather|SunnyDay|[from] ability: Drought|[of] p1a: Groudon
|move|p2a: Yveltal|Knock Off|p1a: Groudon
|-damage|p1a: Groudon|74/100
|-enditem|p1a: Groudon|Leftovers|[from] move: Knock Off|[of] p2a: Yveltal
|
|-weather|SunnyDay|[upkeep]
|upkeep
|turn|12
|c|☆IoSonoNeon|it's about the strategy
|inactive|Bluemotions has 120 seconds left.
|
|t:|1636922190
|move|p2a: Yveltal|Roost|p2a: Yveltal
|-heal|p2a: Yveltal|100/100
|-singleturn|p2a: Yveltal|move: Roost
|move|p1a: Groudon|Stealth Rock|p2a: Yveltal
|-sidestart|p2: Bluemotions|move: Stealth Rock
|
|-weather|SunnyDay|[upkeep]
|upkeep
|turn|13
|
|t:|1636922197
|move|p2a: Yveltal|Defog|p1a: Groudon
|-unboost|p1a: Groudon|evasion|1
|-sideend|p2: Bluemotions|Stealth Rock|[from] move: Defog|[of] p2a: Yveltal
|move|p1a: Groudon|Thunder Wave|p2a: Yveltal
|-status|p2a: Yveltal|par
|
|-weather|SunnyDay|[upkeep]
|upkeep
|turn|14
|inactive|Bluemotions has 120 seconds left.
|
|t:|1636922210
|switch|p2a: Kyogre|Kyogre|44/100
|-weather|RainDance|[from] ability: Drizzle|[of] p2a: Kyogre
|move|p1a: Groudon|Stealth Rock|p2a: Kyogre
|-sidestart|p2: Bluemotions|move: Stealth Rock
|
|-weather|RainDance|[upkeep]
|upkeep
|turn|15
|inactive|Bluemotions has 120 seconds left.
|
|t:|1636922222
|switch|p1a: Yveltal|Yveltal|38/100
|-ability|p1a: Yveltal|Dark Aura
|move|p2a: Kyogre|Origin Pulse|p1a: Yveltal
|-damage|p1a: Yveltal|0 fnt
|faint|p1a: Yveltal
|
|-weather|RainDance|[upkeep]
|upkeep
|
|t:|1636922224
|switch|p1a: Calyrex|Calyrex-Shadow|43/100
|-ability|p1a: Calyrex|As One
|-ability|p1a: Calyrex|Unnerve
|turn|16
|inactive|Bluemotions has 120 seconds left.
|
|t:|1636922235
|switch|p2a: Yveltal|Yveltal|100/100 par
|-ability|p2a: Yveltal|Dark Aura
|move|p1a: Calyrex|Astral Barrage|p2a: Yveltal
|-resisted|p2a: Yveltal
|-damage|p2a: Yveltal|82/100 par
|
|-weather|RainDance|[upkeep]
|upkeep
|turn|17
|inactive|Bluemotions has 120 seconds left.
|
|t:|1636922250
|switch|p1a: Groudon|Groudon|74/100
|-weather|SunnyDay|[from] ability: Drought|[of] p1a: Groudon
|switch|p2a: Kyogre|Kyogre|44/100
|-damage|p2a: Kyogre|32/100|[from] Stealth Rock
|-weather|RainDance|[from] ability: Drizzle|[of] p2a: Kyogre
|
|-weather|RainDance|[upkeep]
|upkeep
|turn|18
|inactive|Bluemotions has 120 seconds left.
|
|t:|1636922265
|switch|p1a: Necrozma|Necrozma-Dusk-Mane|100/100
|move|p2a: Kyogre|Origin Pulse|p1a: Necrozma
|-damage|p1a: Necrozma|38/100
|
|-weather|RainDance|[upkeep]
|-heal|p1a: Necrozma|44/100|[from] item: Leftovers
|upkeep
|turn|19
|inactive|Bluemotions has 120 seconds left.
|
|t:|1636922273
|move|p2a: Kyogre|Origin Pulse|p1a: Necrozma
|-damage|p1a: Necrozma|0 fnt
|faint|p1a: Necrozma
|
|-weather|RainDance|[upkeep]
|upkeep
|
|t:|1636922276
|switch|p1a: Calyrex|Calyrex-Shadow|43/100
|-ability|p1a: Calyrex|As One
|-ability|p1a: Calyrex|Unnerve
|turn|20
|
|t:|1636922283
|switch|p2a: Yveltal|Yveltal|82/100 par
|-ability|p2a: Yveltal|Dark Aura
|move|p1a: Calyrex|Trick|p2a: Yveltal
|-activate|p1a: Calyrex|move: Trick|[of] p2a: Yveltal
|-item|p2a: Yveltal|Choice Scarf|[from] move: Trick
|-item|p1a: Calyrex|Heavy-Duty Boots|[from] move: Trick
|
|-weather|RainDance|[upkeep]
|upkeep
|turn|21
|
|t:|1636922300
|switch|p1a: Groudon|Groudon|74/100
|-weather|SunnyDay|[from] ability: Drought|[of] p1a: Groudon
|move|p2a: Yveltal|Defog|p1a: Groudon
|-unboost|p1a: Groudon|evasion|1
|-sideend|p2: Bluemotions|Stealth Rock|[from] move: Defog|[of] p2a: Yveltal
|
|-weather|SunnyDay|[upkeep]
|upkeep
|turn|22
|inactive|Bluemotions has 120 seconds left.
|
|t:|1636922318
|switch|p2a: Kyogre|Kyogre|32/100
|-weather|RainDance|[from] ability: Drizzle|[of] p2a: Kyogre
|move|p1a: Groudon|Stone Edge|p2a: Kyogre
|-crit|p2a: Kyogre
|-damage|p2a: Kyogre|0 fnt
|faint|p2a: Kyogre
|
|-weather|RainDance|[upkeep]
|upkeep
|inactive|Bluemotions has 120 seconds left.
|
|t:|1636922337
|switch|p2a: Zygarde|Zygarde|94/100 tox
|turn|23
|
|t:|1636922347
|move|p2a: Zygarde|Dragon Dance|p2a: Zygarde
|-boost|p2a: Zygarde|atk|1
|-boost|p2a: Zygarde|spe|1
|move|p1a: Groudon|Stealth Rock|p2a: Zygarde
|-sidestart|p2: Bluemotions|move: Stealth Rock
|
|-weather|RainDance|[upkeep]
|-damage|p2a: Zygarde|88/100 tox|[from] psn
|upkeep
|turn|24
|
|t:|1636922356
|move|p2a: Zygarde|Dragon Dance|p2a: Zygarde
|-boost|p2a: Zygarde|atk|1
|-boost|p2a: Zygarde|spe|1
|move|p1a: Groudon|Precipice Blades|p2a: Zygarde
|-damage|p2a: Zygarde|48/100 tox
|
|-weather|RainDance|[upkeep]
|-damage|p2a: Zygarde|36/100 tox|[from] psn
|-activate|p2a: Zygarde|ability: Power Construct
|detailschange|p2a: Zygarde|Zygarde-Complete
|-heal|p2a: Zygarde|59/100 tox|[silent]
|upkeep
|turn|25
|inactive|Bluemotions has 120 seconds left.
|
|t:|1636922369
|move|p2a: Zygarde|Thousand Arrows|p1a: Groudon
|-damage|p1a: Groudon|41/100
|move|p1a: Groudon|Precipice Blades|p2a: Zygarde|[miss]
|-miss|p1a: Groudon|p2a: Zygarde
|
|-weather|RainDance|[upkeep]
|-damage|p2a: Zygarde|41/100 tox|[from] psn
|upkeep
|turn|26
|inactive|Bluemotions has 120 seconds left.
|
|t:|1636922388
|move|p2a: Zygarde|Thousand Arrows|p1a: Groudon
|-crit|p1a: Groudon
|-damage|p1a: Groudon|0 fnt
|faint|p1a: Groudon
|
|-weather|none
|-damage|p2a: Zygarde|16/100 tox|[from] psn
|upkeep
|
|t:|1636922393
|switch|p1a: Marshadow|Marshadow|100/100
|turn|27
|inactive|Bluemotions has 120 seconds left.
|
|t:|1636922404
|move|p1a: Marshadow|Shadow Sneak|p2a: Zygarde
|-damage|p2a: Zygarde|0 fnt
|faint|p2a: Zygarde
|
|upkeep
|
|t:|1636922426
|switch|p2a: Necrozma|Necrozma-Dusk-Mane|100/100
|-damage|p2a: Necrozma|94/100|[from] Stealth Rock
|turn|28
|
|t:|1636922434
|move|p1a: Marshadow|Shadow Sneak|p2a: Necrozma
|-supereffective|p2a: Necrozma
|-damage|p2a: Necrozma|53/100
|move|p2a: Necrozma|Dragon Dance|p2a: Necrozma
|-boost|p2a: Necrozma|atk|1
|-boost|p2a: Necrozma|spe|1
|
|-heal|p2a: Necrozma|59/100|[from] item: Leftovers
|upkeep
|turn|29
|
|t:|1636922449
|move|p1a: Marshadow|Shadow Sneak|p2a: Necrozma
|-supereffective|p2a: Necrozma
|-damage|p2a: Necrozma|17/100
|move|p2a: Necrozma|Morning Sun|p2a: Necrozma
|-heal|p2a: Necrozma|67/100
|
|-heal|p2a: Necrozma|73/100|[from] item: Leftovers
|upkeep
|turn|30
|
|t:|1636922462
|move|p1a: Marshadow|Shadow Sneak|p2a: Necrozma
|-supereffective|p2a: Necrozma
|-damage|p2a: Necrozma|31/100
|move|p2a: Necrozma|Sunsteel Strike|p1a: Marshadow
|-damage|p1a: Marshadow|0 fnt
|faint|p1a: Marshadow
|
|-heal|p2a: Necrozma|37/100|[from] item: Leftovers
|upkeep
|
|t:|1636922472
|switch|p1a: Calyrex|Calyrex-Shadow|43/100
|-ability|p1a: Calyrex|As One
|-ability|p1a: Calyrex|Unnerve
|turn|31
|
|t:|1636922484
|move|p1a: Calyrex|Astral Barrage|p2a: Necrozma
|-supereffective|p2a: Necrozma
|-damage|p2a: Necrozma|0 fnt
|faint|p2a: Necrozma
|-ability|p1a: Calyrex|Grim Neigh|boost
|-boost|p1a: Calyrex|spa|1
|
|upkeep
|
|t:|1636922492
|switch|p2a: Yveltal|Yveltal|82/100 par
|-damage|p2a: Yveltal|57/100 par|[from] Stealth Rock
|-ability|p2a: Yveltal|Dark Aura
|turn|32
|
|t:|1636922498
|move|p2a: Yveltal|Sucker Punch|p1a: Calyrex
|-supereffective|p1a: Calyrex
|-damage|p1a: Calyrex|0 fnt
|faint|p1a: Calyrex
|
|win|Bluemotions
|raw|IoSonoNeon's rating: 1590 &rarr; <strong>1564</strong><br />(-26 for losing)
|raw|Bluemotions's rating: 1481 &rarr; <strong>1507</strong><br />(+26 for winning)
|c|☆Bluemotions|gg
|l|☆IoSonoNeon
||Ladder isn't responding, score probably updated but might not have (Request timeout).
