|j|☆Pirpiris
|j|☆RichardMillePlain
|t:|1668876054
|gametype|singles
|player|p1|Pirpiris|ethan|
|player|p2|RichardMillePlain|170|
|teamsize|p1|6
|teamsize|p2|6
|gen|8
|tier|[Gen 8] Ubers
|rated|Tournament battle
|rule|Sleep Clause Mod: Limit one foe put to sleep
|rule|Species Clause: Limit one of each Pokémon
|rule|OHKO Clause: OHKO moves are banned
|rule|Evasion Items Clause: Evasion items are banned
|rule|Evasion Moves Clause: Evasion moves are banned
|rule|Endless Battle Clause: Forcing endless battles is banned
|rule|HP Percentage Mod: HP is shown in percentages
|rule|Dynamax Clause: You cannot dynamax
|clearpoke
|poke|p1|Xerneas-*|
|poke|p1|Darmanitan-Galar, M|
|poke|p1|Magnezone|
|poke|p1|Necrozma-Dusk-Mane|
|poke|p1|Eternatus|
|poke|p1|Yveltal|
|poke|p2|Cloyster, F|
|poke|p2|Reshiram|
|poke|p2|Xerneas-*|
|poke|p2|Yveltal|
|poke|p2|Calyrex-Shadow|
|poke|p2|Necrozma-Dusk-Mane|
|teampreview
|j| BB-8-NU
|inactive|Battle timer is ON: inactive players will automatically lose when time's up. (requested by Pirpiris)
|c|☆RichardMillePlain|hf
|j| sdtyuiop
|j| ProXXDev
|c| sdtyuiop|reshiram
|
|t:|1668876069
|start
|switch|p1a: Darmanitan|Darmanitan-Galar, M|100/100
|switch|p2a: Cloyster|Cloyster, F|100/100
|turn|1
|c| sdtyuiop|too good
|c|☆Pirpiris|u2
|j| saba
|
|t:|1668876081
|move|p1a: Darmanitan|U-turn|p2a: Cloyster
|-damage|p2a: Cloyster|66/100
|c| sdtyuiop|pirplris
|
|t:|1668876083
|switch|p1a: Necrozma|Necrozma-Dusk-Mane|100/100|[from]move: U-turn
|move|p2a: Cloyster|Spikes|p1a: Necrozma
|-sidestart|p1: Pirpiris|Spikes
|
|upkeep
|turn|2
|c| sdtyuiop|use your luck to your advantage
|
|t:|1668876093
|move|p2a: Cloyster|Spikes|p1a: Necrozma
|-sidestart|p1: Pirpiris|Spikes
|move|p1a: Necrozma|Sunsteel Strike|p2a: Cloyster
|-damage|p2a: Cloyster|22/100
|
|upkeep
|turn|3
|j| Zoyotte
|
|t:|1668876096
|move|p2a: Cloyster|Spikes|p1a: Necrozma
|-sidestart|p1: Pirpiris|Spikes
|move|p1a: Necrozma|Sunsteel Strike|p2a: Cloyster
|-damage|p2a: Cloyster|0 fnt
|faint|p2a: Cloyster
|
|upkeep
|
|t:|1668876098
|switch|p2a: Reshiram|Reshiram|100/100
|-ability|p2a: Reshiram|Turboblaze
|turn|4
|
|t:|1668876104
|switch|p1a: Eternatus|Eternatus|100/100
|-ability|p1a: Eternatus|Pressure
|move|p2a: Reshiram|Dragon Dance|p2a: Reshiram
|-boost|p2a: Reshiram|atk|1
|-boost|p2a: Reshiram|spe|1
|
|upkeep
|turn|5
|
|t:|1668876111
|move|p2a: Reshiram|Dragon Claw|p1a: Eternatus
|-supereffective|p1a: Eternatus
|-damage|p1a: Eternatus|0 fnt
|faint|p1a: Eternatus
|-damage|p2a: Reshiram|91/100|[from] item: Life Orb
|
|upkeep
|j|@Tranquility ❤
|c| sdtyuiop|Oh no
|
|t:|1668876116
|switch|p1a: Darmanitan|Darmanitan-Galar, M|100/100
|-damage|p1a: Darmanitan|76/100|[from] Spikes
|turn|6
|
|t:|1668876119
|move|p1a: Darmanitan|Earthquake|p2a: Reshiram
|-supereffective|p2a: Reshiram
|-damage|p2a: Reshiram|0 fnt
|faint|p2a: Reshiram
|
|upkeep
|c| sdtyuiop|nvm
|
|t:|1668876123
|switch|p2a: Yveltal|Yveltal|100/100
|-ability|p2a: Yveltal|Dark Aura
|turn|7
|
|t:|1668876127
|switch|p1a: Yveltal|Yveltal|100/100
|-ability|p1a: Yveltal|Dark Aura
|move|p2a: Yveltal|Oblivion Wing|p1a: Yveltal
|-damage|p1a: Yveltal|62/100
|-damage|p2a: Yveltal|91/100|[from] item: Life Orb
|
|upkeep
|turn|8
|
|t:|1668876149
|move|p2a: Yveltal|Taunt|p1a: Yveltal
|-start|p1a: Yveltal|move: Taunt
|move|p1a: Yveltal|U-turn|p2a: Yveltal
|-damage|p2a: Yveltal|68/100
|
|t:|1668876156
|switch|p1a: Darmanitan|Darmanitan-Galar, M|76/100|[from]move: U-turn
|-damage|p1a: Darmanitan|51/100|[from] Spikes
|
|upkeep
|turn|9
|
|t:|1668876159
|move|p2a: Yveltal|Sucker Punch|p1a: Darmanitan
|-damage|p1a: Darmanitan|0 fnt
|faint|p1a: Darmanitan
|-damage|p2a: Yveltal|59/100|[from] item: Life Orb
|
|upkeep
|c|☆Pirpiris|im ass
|
|t:|1668876168
|switch|p1a: Xerneas|Xerneas|100/100
|-damage|p1a: Xerneas|76/100|[from] Spikes
|-ability|p1a: Xerneas|Fairy Aura
|turn|10
|
|t:|1668876172
|move|p2a: Yveltal|Oblivion Wing|p1a: Xerneas
|-damage|p1a: Xerneas|28/100
|-heal|p2a: Yveltal|94/100|[from] drain|[of] p1a: Xerneas
|-damage|p2a: Yveltal|84/100|[from] item: Life Orb
|move|p1a: Xerneas|Moonblast|p2a: Yveltal
|-supereffective|p2a: Yveltal
|-damage|p2a: Yveltal|0 fnt
|faint|p2a: Yveltal
|
|upkeep
|
|t:|1668876175
|switch|p2a: Calyrex|Calyrex-Shadow|100/100
|-ability|p2a: Calyrex|As One
|-ability|p2a: Calyrex|Unnerve
|turn|11
|
|t:|1668876184
|move|p2a: Calyrex|Astral Barrage|p1a: Xerneas
|-damage|p1a: Xerneas|0 fnt
|faint|p1a: Xerneas
|-ability|p2a: Calyrex|Grim Neigh|boost
|-boost|p2a: Calyrex|spa|1
|
|upkeep
|c|☆Pirpiris|gg
|
|t:|1668876195
|switch|p1a: Yveltal|Yveltal|62/100
|-ability|p1a: Yveltal|Dark Aura
|turn|12
|c| sdtyuiop|eus
|
|t:|1668876198
|move|p2a: Calyrex|Draining Kiss|p1a: Yveltal
|-supereffective|p1a: Yveltal
|-damage|p1a: Yveltal|17/100
|move|p1a: Yveltal|Roost|p1a: Yveltal
|-heal|p1a: Yveltal|67/100
|-singleturn|p1a: Yveltal|move: Roost
|
|upkeep
|turn|13
|
|t:|1668876203
|move|p2a: Calyrex|Encore|p1a: Yveltal
|-start|p1a: Yveltal|Encore
|move|p1a: Yveltal|Roost|p1a: Yveltal
|-heal|p1a: Yveltal|100/100
|-singleturn|p1a: Yveltal|move: Roost
|
|upkeep
|turn|14
|l| ProXXDev
|
|t:|1668876210
|switch|p1a: Magnezone|Magnezone|100/100
|-item|p1a: Magnezone|Air Balloon
|move|p2a: Calyrex|Nasty Plot|p2a: Calyrex
|-boost|p2a: Calyrex|spa|2
|
|upkeep
|turn|15
|c| sdtyuiop|Oh no
|c| sdtyuiop|nasty olt
|
|t:|1668876221
|move|p2a: Calyrex|Astral Barrage|p1a: Magnezone
|-damage|p1a: Magnezone|0 fnt
|-enditem|p1a: Magnezone|Air Balloon
|faint|p1a: Magnezone
|-ability|p2a: Calyrex|Grim Neigh|boost
|-boost|p2a: Calyrex|spa|1
|
|upkeep
|
|t:|1668876223
|switch|p1a: Yveltal|Yveltal|100/100
|-ability|p1a: Yveltal|Dark Aura
|turn|16
|
|t:|1668876232
|move|p2a: Calyrex|Draining Kiss|p1a: Yveltal
|-supereffective|p1a: Yveltal
|-damage|p1a: Yveltal|12/100
|move|p1a: Yveltal|Foul Play|p2a: Calyrex
|-supereffective|p2a: Calyrex
|-enditem|p2a: Calyrex|Focus Sash
|-damage|p2a: Calyrex|1/100
|
|upkeep
|turn|17
|
|t:|1668876239
|move|p2a: Calyrex|Draining Kiss|p1a: Yveltal
|-supereffective|p1a: Yveltal
|-damage|p1a: Yveltal|0 fnt
|-heal|p2a: Calyrex|12/100|[from] drain|[of] p1a: Yveltal
|faint|p1a: Yveltal
|-ability|p2a: Calyrex|Grim Neigh|boost
|-boost|p2a: Calyrex|spa|1
|
|upkeep
|j| Strat Cherif18
|
|t:|1668876241
|switch|p1a: Necrozma|Necrozma-Dusk-Mane|100/100
|-damage|p1a: Necrozma|76/100|[from] Spikes
|turn|18
|l| Zoyotte
|c|☆RichardMillePlain|gg
|
|t:|1668876245
|move|p2a: Calyrex|Astral Barrage|p1a: Necrozma
|-supereffective|p1a: Necrozma
|-damage|p1a: Necrozma|0 fnt
|faint|p1a: Necrozma
|
|win|RichardMillePlain
|n|☆Pirpiris|pirpiris
|n|☆RichardMillePlain|richardmilleplain
|n| BB-8-NU|bb8nu
|n| sdtyuiop|sdtyuiop
|n| saba|saba
|n|+Tranquility ❤|tranquility
|n| Strat Cherif18|stratcherif18
