|raw|<div class="broadcast-blue"><strong>This battle is required to be public due to a player having a name starting with 'ULT8RQ'.</div>
|j|☆ult8rq qian
|j|☆Ballfire
|t:|1620752948
|gametype|singles
|player|p1|ult8rq qian|170|1533
|player|p2|Ballfire|battlegirl-gen4|1793
|teamsize|p1|6
|teamsize|p2|6
|gen|8
|tier|[Gen 8] Ubers
|rated|
|rule|Sleep Clause Mod: Limit one foe put to sleep
|rule|Species Clause: Limit one of each Pokémon
|rule|OHKO Clause: OHKO moves are banned
|rule|Evasion Moves Clause: Evasion moves are banned
|rule|Endless Battle Clause: Forcing endless battles is banned
|rule|HP Percentage Mod: HP is shown in percentages
|rule|Dynamax Clause: You cannot dynamax
|clearpoke
|poke|p1|Slurpuff, M|
|poke|p1|Eternatus|
|poke|p1|Yveltal|
|poke|p1|Necrozma-Dusk-Mane|
|poke|p1|Kyogre|
|poke|p1|Calyrex-Shadow|
|poke|p2|Toxapex, M|
|poke|p2|Zygarde|
|poke|p2|Yveltal|
|poke|p2|Blissey, F|
|poke|p2|Clefable, M|
|poke|p2|Amoonguss, M|
|teampreview
|j| ULT8RQ Shivam
|j| Luna's Bann3d N0w
|c|☆Ballfire|gl
|j|+Pohjis
|n| ULT8RQ Luna|lunasbann3dn0w
|j| rng loser
|c|☆ult8rq qian|hf
|inactive|Battle timer is ON: inactive players will automatically lose when time's up. (requested by Ballfire)
|j| Based 4 Ghosters
|j| CORVERE
|j| Hrishioo7
|
|t:|1620752987
|start
|switch|p1a: Necrozma|Necrozma-Dusk-Mane|100/100
|switch|p2a: Clefable|Clefable, M|100/100
|turn|1
|j| SuperEpicAmpharos
|
|t:|1620753009
|switch|p1a: Kyogre|Kyogre|100/100
|-weather|RainDance|[from] ability: Drizzle|[of] p1a: Kyogre
|switch|p2a: Zygarde|Zygarde|100/100
|
|-weather|RainDance|[upkeep]
|upkeep
|turn|2
|
|t:|1620753015
|switch|p2a: Amoonguss|Amoonguss, M|100/100
|move|p1a: Kyogre|Water Spout|p2a: Amoonguss
|-resisted|p2a: Amoonguss
|-damage|p2a: Amoonguss|54/100
|
|-weather|RainDance|[upkeep]
|upkeep
|turn|3
|
|t:|1620753024
|switch|p1a: Slurpuff|Slurpuff, M|100/100
|move|p2a: Amoonguss|Giga Drain|p1a: Slurpuff
|-damage|p1a: Slurpuff|61/100
|-heal|p2a: Amoonguss|68/100|[from] drain|[of] p1a: Slurpuff
|
|-weather|RainDance|[upkeep]
|upkeep
|turn|4
|
|t:|1620753033
|switch|p2a: Clefable|Clefable, M|100/100
|move|p1a: Slurpuff|Yawn|p2a: Clefable
|-start|p2a: Clefable|move: Yawn|[of] p1a: Slurpuff
|
|-weather|RainDance|[upkeep]
|upkeep
|turn|5
|j| GrindZN
|
|t:|1620753046
|switch|p2a: Blissey|Blissey, F|100/100
|move|p1a: Slurpuff|Magic Coat|p1a: Slurpuff
|-singleturn|p1a: Slurpuff|move: Magic Coat
|
|-weather|none
|upkeep
|turn|6
|
|t:|1620753050
|switch|p2a: Clefable|Clefable, M|100/100
|move|p1a: Slurpuff|Sticky Web|p2a: Clefable
|-sidestart|p2: Ballfire|move: Sticky Web
|
|upkeep
|turn|7
|
|t:|1620753070
|switch|p2a: Amoonguss|Amoonguss, M|100/100
|-activate|p2a: Amoonguss|move: Sticky Web
|-unboost|p2a: Amoonguss|spe|1
|move|p1a: Slurpuff|Yawn|p2a: Amoonguss
|-start|p2a: Amoonguss|move: Yawn|[of] p1a: Slurpuff
|
|upkeep
|turn|8
|
|t:|1620753076
|switch|p2a: Clefable|Clefable, M|100/100
|-activate|p2a: Clefable|move: Sticky Web
|-unboost|p2a: Clefable|spe|1
|move|p1a: Slurpuff|Yawn|p2a: Clefable
|-start|p2a: Clefable|move: Yawn|[of] p1a: Slurpuff
|
|upkeep
|turn|9
|
|t:|1620753081
|switch|p1a: Yveltal|Yveltal|100/100
|-ability|p1a: Yveltal|Dark Aura
|switch|p2a: Blissey|Blissey, F|100/100
|-activate|p2a: Blissey|move: Sticky Web
|-unboost|p2a: Blissey|spe|1
|
|upkeep
|turn|10
|
|t:|1620753084
|switch|p2a: Clefable|Clefable, M|100/100
|-activate|p2a: Clefable|move: Sticky Web
|-unboost|p2a: Clefable|spe|1
|move|p1a: Yveltal|Taunt|p2a: Clefable
|-start|p2a: Clefable|move: Taunt
|
|upkeep
|turn|11
|
|t:|1620753090
|switch|p1a: Eternatus|Eternatus|100/100
|-ability|p1a: Eternatus|Pressure
|move|p2a: Clefable|Knock Off|p1a: Eternatus
|-damage|p1a: Eternatus|86/100
|-enditem|p1a: Eternatus|Power Herb|[from] move: Knock Off|[of] p2a: Clefable
|
|upkeep
|turn|12
|j| Ragnar loethbruk
|l| Ragnar loethbruk
|j| ULT8RQ KB
|
|t:|1620753111
|switch|p1a: Necrozma|Necrozma-Dusk-Mane|100/100
|switch|p2a: Amoonguss|Amoonguss, M|100/100
|-activate|p2a: Amoonguss|move: Sticky Web
|-unboost|p2a: Amoonguss|spe|1
|
|upkeep
|turn|13
|
|t:|1620753121
|switch|p1a: Slurpuff|Slurpuff, M|61/100
|switch|p2a: Zygarde|Zygarde|100/100
|-activate|p2a: Zygarde|move: Sticky Web
|-unboost|p2a: Zygarde|spe|1
|
|upkeep
|turn|14
|l| ULT8RQ Luna
|
|t:|1620753126
|switch|p2a: Blissey|Blissey, F|100/100
|-activate|p2a: Blissey|move: Sticky Web
|-unboost|p2a: Blissey|spe|1
|move|p1a: Slurpuff|Yawn|p2a: Blissey
|-start|p2a: Blissey|move: Yawn|[of] p1a: Slurpuff
|
|upkeep
|turn|15
|
|t:|1620753131
|switch|p1a: Kyogre|Kyogre|100/100
|-weather|RainDance|[from] ability: Drizzle|[of] p1a: Kyogre
|switch|p2a: Clefable|Clefable, M|100/100
|-activate|p2a: Clefable|move: Sticky Web
|-unboost|p2a: Clefable|spe|1
|
|-weather|RainDance|[upkeep]
|upkeep
|turn|16
|
|t:|1620753138
|switch|p2a: Amoonguss|Amoonguss, M|100/100
|-activate|p2a: Amoonguss|move: Sticky Web
|-unboost|p2a: Amoonguss|spe|1
|move|p1a: Kyogre|Ice Beam|p2a: Amoonguss
|-supereffective|p2a: Amoonguss
|-damage|p2a: Amoonguss|53/100
|
|-weather|RainDance|[upkeep]
|upkeep
|turn|17
|inactive|Ballfire has 120 seconds left.
|c|☆ult8rq qian|pohjis how am i ever supposed to win
|
|t:|1620753195
|switch|p1a: Yveltal|Yveltal|100/100
|-ability|p1a: Yveltal|Dark Aura
|switch|p2a: Blissey|Blissey, F|100/100
|-activate|p2a: Blissey|move: Sticky Web
|-unboost|p2a: Blissey|spe|1
|
|-weather|RainDance|[upkeep]
|upkeep
|turn|18
|
|t:|1620753199
|switch|p2a: Clefable|Clefable, M|100/100
|-activate|p2a: Clefable|move: Sticky Web
|-unboost|p2a: Clefable|spe|1
|move|p1a: Yveltal|Oblivion Wing|p2a: Clefable
|-damage|p2a: Clefable|65/100
|-damage|p1a: Yveltal|91/100|[from] item: Life Orb
|
|-weather|RainDance|[upkeep]
|-heal|p2a: Clefable|71/100|[from] item: Leftovers
|upkeep
|turn|19
|
|t:|1620753208
|switch|p1a: Calyrex|Calyrex-Shadow|100/100
|-ability|p1a: Calyrex|As One
|-ability|p1a: Calyrex|Unnerve
|move|p2a: Clefable|Knock Off|p1a: Calyrex
|-supereffective|p1a: Calyrex
|-damage|p1a: Calyrex|23/100
|-enditem|p1a: Calyrex|Focus Sash|[from] move: Knock Off|[of] p2a: Clefable
|
|-weather|none
|-heal|p2a: Clefable|77/100|[from] item: Leftovers
|upkeep
|turn|20
|
|t:|1620753219
|switch|p2a: Yveltal|Yveltal|100/100
|-ability|p2a: Yveltal|Dark Aura
|move|p1a: Calyrex|Astral Barrage|p2a: Yveltal
|-resisted|p2a: Yveltal
|-damage|p2a: Yveltal|75/100
|
|upkeep
|turn|21
|
|t:|1620753236
|switch|p1a: Slurpuff|Slurpuff, M|61/100
|move|p2a: Yveltal|Knock Off|p1a: Slurpuff
|-resisted|p1a: Slurpuff
|-damage|p1a: Slurpuff|17/100
|-enditem|p1a: Slurpuff|Focus Sash|[from] move: Knock Off|[of] p2a: Yveltal
|
|upkeep
|turn|22
|c|☆Ballfire|!dt unburden
|raw|<ul class="utilichart"><li class="result"><span class="col namecol"><a href="https://dex.pokemonshowdown.com/abilities/unburden">Unburden</a></span> <span class="col abilitydesccol">Speed is doubled on held item loss; boost is lost if it switches, gets new item/Ability.</span> </li><li style="clear:both"></li></ul>
|raw|<font size="1"><font color="#686868">Gen:</font> 4</font>

|
|t:|1620753255
|switch|p2a: Toxapex|Toxapex, M|100/100
|-activate|p2a: Toxapex|move: Sticky Web
|-unboost|p2a: Toxapex|spe|1
|move|p1a: Slurpuff|Misty Explosion|p2a: Toxapex
|-resisted|p2a: Toxapex
|-damage|p2a: Toxapex|86/100
|faint|p1a: Slurpuff
|
|upkeep
|
|t:|1620753260
|switch|p1a: Yveltal|Yveltal|91/100
|-ability|p1a: Yveltal|Dark Aura
|turn|23
|
|t:|1620753267
|move|p1a: Yveltal|Oblivion Wing|p2a: Toxapex
|-damage|p2a: Toxapex|44/100
|-heal|p1a: Yveltal|100/100|[from] drain|[of] p2a: Toxapex
|-damage|p1a: Yveltal|91/100|[from] item: Life Orb
|move|p2a: Toxapex|Scald|p1a: Yveltal
|-damage|p1a: Yveltal|75/100
|
|upkeep
|turn|24
|
|t:|1620753272
|move|p2a: Toxapex|Baneful Bunker|p2a: Toxapex
|-singleturn|p2a: Toxapex|move: Protect
|move|p1a: Yveltal|Oblivion Wing|p2a: Toxapex
|-activate|p2a: Toxapex|move: Protect
|
|upkeep
|turn|25
|inactive|Ballfire has 120 seconds left.
|
|t:|1620753294
|move|p1a: Yveltal|Oblivion Wing|p2a: Toxapex
|-damage|p2a: Toxapex|0 fnt
|-heal|p1a: Yveltal|100/100|[from] drain|[of] p2a: Toxapex
|faint|p2a: Toxapex
|-damage|p1a: Yveltal|91/100|[from] item: Life Orb
|
|upkeep
|
|t:|1620753296
|switch|p2a: Clefable|Clefable, M|77/100
|-activate|p2a: Clefable|move: Sticky Web
|-unboost|p2a: Clefable|spe|1
|turn|26
|inactive|Ballfire has 120 seconds left.
|
|t:|1620753301
|switch|p1a: Eternatus|Eternatus|86/100
|-ability|p1a: Eternatus|Pressure
|move|p2a: Clefable|Soft-Boiled|p2a: Clefable
|-heal|p2a: Clefable|100/100
|
|upkeep
|turn|27
|l| ULT8RQ Shivam
|inactive|Ballfire has 120 seconds left.
|
|t:|1620753319
|switch|p1a: Necrozma|Necrozma-Dusk-Mane|100/100
|switch|p2a: Amoonguss|Amoonguss, M|86/100
|-activate|p2a: Amoonguss|move: Sticky Web
|-unboost|p2a: Amoonguss|spe|1
|
|upkeep
|turn|28
|inactive|Ballfire has 120 seconds left.
|
|t:|1620753327
|switch|p1a: Calyrex|Calyrex-Shadow|23/100
|-ability|p1a: Calyrex|As One
|-ability|p1a: Calyrex|Unnerve
|switch|p2a: Zygarde|Zygarde|100/100
|-activate|p2a: Zygarde|move: Sticky Web
|-unboost|p2a: Zygarde|spe|1
|
|upkeep
|turn|29
|inactive|Ballfire has 120 seconds left.
|
|t:|1620753349
|move|p1a: Calyrex|Astral Barrage|p2a: Zygarde
|-damage|p2a: Zygarde|37/100
|move|p2a: Zygarde|Thousand Arrows|p1a: Calyrex
|-crit|p1a: Calyrex
|-damage|p1a: Calyrex|0 fnt
|faint|p1a: Calyrex
|
|-heal|p2a: Zygarde|43/100|[from] item: Leftovers
|-activate|p2a: Zygarde|ability: Power Construct
|detailschange|p2a: Zygarde|Zygarde-Complete
|-heal|p2a: Zygarde|62/100|[silent]
|upkeep
|
|t:|1620753354
|switch|p1a: Kyogre|Kyogre|100/100
|-weather|RainDance|[from] ability: Drizzle|[of] p1a: Kyogre
|turn|30
|
|t:|1620753361
|switch|p2a: Amoonguss|Amoonguss, M|100/100
|-activate|p2a: Amoonguss|move: Sticky Web
|-unboost|p2a: Amoonguss|spe|1
|move|p1a: Kyogre|Water Spout|p2a: Amoonguss
|-resisted|p2a: Amoonguss
|-damage|p2a: Amoonguss|57/100
|
|-weather|RainDance|[upkeep]
|upkeep
|turn|31
|
|t:|1620753370
|switch|p1a: Yveltal|Yveltal|91/100
|-ability|p1a: Yveltal|Dark Aura
|move|p2a: Amoonguss|Body Slam|p1a: Yveltal
|-damage|p1a: Yveltal|74/100
|
|-weather|RainDance|[upkeep]
|upkeep
|turn|32
|
|t:|1620753375
|switch|p1a: Necrozma|Necrozma-Dusk-Mane|100/100
|switch|p2a: Clefable|Clefable, M|100/100
|-activate|p2a: Clefable|move: Sticky Web
|-unboost|p2a: Clefable|spe|1
|
|-weather|RainDance|[upkeep]
|upkeep
|turn|33
|
|t:|1620753385
|switch|p2a: Zygarde|Zygarde-Complete|62/100
|-activate|p2a: Zygarde|move: Sticky Web
|-unboost|p2a: Zygarde|spe|1
|move|p1a: Necrozma|Sunsteel Strike|p2a: Zygarde
|-damage|p2a: Zygarde|34/100
|-damage|p1a: Necrozma|91/100|[from] item: Life Orb
|
|-weather|RainDance|[upkeep]
|-heal|p2a: Zygarde|40/100|[from] item: Leftovers
|upkeep
|turn|34
|
|t:|1620753397
|switch|p1a: Kyogre|Kyogre|100/100
|move|p2a: Zygarde|Glare|p1a: Kyogre
|-status|p1a: Kyogre|par
|
|-weather|none
|-heal|p2a: Zygarde|47/100|[from] item: Leftovers
|upkeep
|turn|35
|
|t:|1620753405
|switch|p1a: Yveltal|Yveltal|74/100
|-ability|p1a: Yveltal|Dark Aura
|switch|p2a: Blissey|Blissey, F|100/100
|-activate|p2a: Blissey|move: Sticky Web
|-unboost|p2a: Blissey|spe|1
|
|upkeep
|turn|36
|
|t:|1620753413
|switch|p1a: Necrozma|Necrozma-Dusk-Mane|91/100
|move|p2a: Blissey|Seismic Toss|p1a: Necrozma
|-damage|p1a: Necrozma|64/100
|
|upkeep
|turn|37
|
|t:|1620753419
|switch|p2a: Yveltal|Yveltal|75/100
|-ability|p2a: Yveltal|Dark Aura
|move|p1a: Necrozma|Dragon Dance|p1a: Necrozma
|-boost|p1a: Necrozma|atk|1
|-boost|p1a: Necrozma|spe|1
|
|upkeep
|turn|38
|
|t:|1620753422
|move|p1a: Necrozma|Stone Edge|p2a: Yveltal
|-supereffective|p2a: Yveltal
|-damage|p2a: Yveltal|0 fnt
|faint|p2a: Yveltal
|-damage|p1a: Necrozma|54/100|[from] item: Life Orb
|
|upkeep
|
|t:|1620753424
|switch|p2a: Zygarde|Zygarde-Complete|47/100
|-activate|p2a: Zygarde|move: Sticky Web
|-unboost|p2a: Zygarde|spe|1
|turn|39
|
|t:|1620753438
|switch|p1a: Kyogre|Kyogre|100/100 par
|-weather|RainDance|[from] ability: Drizzle|[of] p1a: Kyogre
|move|p2a: Zygarde|Haze|p2a: Zygarde
|-clearallboost
|
|-weather|RainDance|[upkeep]
|-heal|p2a: Zygarde|53/100|[from] item: Leftovers
|upkeep
|turn|40
|
|t:|1620753446
|switch|p2a: Amoonguss|Amoonguss, M|91/100
|-activate|p2a: Amoonguss|move: Sticky Web
|-unboost|p2a: Amoonguss|spe|1
|switch|p1a: Necrozma|Necrozma-Dusk-Mane|54/100
|
|-weather|RainDance|[upkeep]
|upkeep
|turn|41
|inactive|Ballfire has 120 seconds left.
|
|t:|1620753484
|move|p1a: Necrozma|Sunsteel Strike|p2a: Amoonguss
|-damage|p2a: Amoonguss|7/100
|-damage|p1a: Necrozma|44/100|[from] item: Life Orb
|move|p2a: Amoonguss|Foul Play|p1a: Necrozma
|-supereffective|p1a: Necrozma
|-damage|p1a: Necrozma|0 fnt
|faint|p1a: Necrozma
|
|-weather|RainDance|[upkeep]
|upkeep
|
|t:|1620753492
|switch|p1a: Yveltal|Yveltal|74/100
|-ability|p1a: Yveltal|Dark Aura
|turn|42
|
|t:|1620753500
|switch|p2a: Clefable|Clefable, M|100/100
|-activate|p2a: Clefable|move: Sticky Web
|-unboost|p2a: Clefable|spe|1
|move|p1a: Yveltal|Oblivion Wing|p2a: Clefable
|-damage|p2a: Clefable|63/100
|-heal|p1a: Yveltal|100/100|[from] drain|[of] p2a: Clefable
|-damage|p1a: Yveltal|91/100|[from] item: Life Orb
|
|-weather|RainDance|[upkeep]
|-heal|p2a: Clefable|70/100|[from] item: Leftovers
|upkeep
|turn|43
|
|t:|1620753506
|move|p1a: Yveltal|Taunt|p2a: Clefable
|-start|p2a: Clefable|move: Taunt
|cant|p2a: Clefable|move: Taunt|Soft-Boiled
|
|-weather|none
|-heal|p2a: Clefable|76/100|[from] item: Leftovers
|upkeep
|turn|44
|
|t:|1620753510
|switch|p1a: Eternatus|Eternatus|86/100
|-ability|p1a: Eternatus|Pressure
|move|p2a: Clefable|Knock Off|p1a: Eternatus
|-damage|p1a: Eternatus|76/100
|
|-heal|p2a: Clefable|82/100|[from] item: Leftovers
|upkeep
|turn|45
|
|t:|1620753518
|switch|p1a: Yveltal|Yveltal|91/100
|-ability|p1a: Yveltal|Dark Aura
|switch|p2a: Blissey|Blissey, F|100/100
|-activate|p2a: Blissey|move: Sticky Web
|-unboost|p2a: Blissey|spe|1
|
|upkeep
|turn|46
|
|t:|1620753528
|switch|p2a: Clefable|Clefable, M|82/100
|-activate|p2a: Clefable|move: Sticky Web
|-unboost|p2a: Clefable|spe|1
|move|p1a: Yveltal|Oblivion Wing|p2a: Clefable
|-damage|p2a: Clefable|42/100
|-heal|p1a: Yveltal|100/100|[from] drain|[of] p2a: Clefable
|-damage|p1a: Yveltal|91/100|[from] item: Life Orb
|
|-heal|p2a: Clefable|48/100|[from] item: Leftovers
|upkeep
|turn|47
|
|t:|1620753536
|switch|p1a: Eternatus|Eternatus|76/100
|-ability|p1a: Eternatus|Pressure
|move|p2a: Clefable|Knock Off|p1a: Eternatus
|-damage|p1a: Eternatus|67/100
|
|-heal|p2a: Clefable|54/100|[from] item: Leftovers
|upkeep
|turn|48
|
|t:|1620753542
|move|p1a: Eternatus|Sludge Bomb|p2a: Clefable
|-supereffective|p2a: Clefable
|-damage|p2a: Clefable|0 fnt
|faint|p2a: Clefable
|
|upkeep
|
|t:|1620753547
|switch|p2a: Amoonguss|Amoonguss, M|40/100
|-activate|p2a: Amoonguss|move: Sticky Web
|-unboost|p2a: Amoonguss|spe|1
|turn|49
|
|t:|1620753556
|switch|p2a: Blissey|Blissey, F|100/100
|-activate|p2a: Blissey|move: Sticky Web
|-unboost|p2a: Blissey|spe|1
|move|p1a: Eternatus|Flamethrower|p2a: Blissey
|-damage|p2a: Blissey|89/100
|
|upkeep
|turn|50
|
|t:|1620753567
|switch|p1a: Kyogre|Kyogre|100/100 par
|-weather|RainDance|[from] ability: Drizzle|[of] p1a: Kyogre
|move|p2a: Blissey|Seismic Toss|p1a: Kyogre
|-damage|p1a: Kyogre|71/100 par
|
|-weather|RainDance|[upkeep]
|upkeep
|turn|51
|
|t:|1620753583
|switch|p2a: Amoonguss|Amoonguss, M|73/100
|-activate|p2a: Amoonguss|move: Sticky Web
|-unboost|p2a: Amoonguss|spe|1
|move|p1a: Kyogre|Origin Pulse|p2a: Amoonguss
|-resisted|p2a: Amoonguss
|-damage|p2a: Amoonguss|43/100
|
|-weather|RainDance|[upkeep]
|upkeep
|turn|52
|
|t:|1620753588
|switch|p1a: Yveltal|Yveltal|91/100
|-ability|p1a: Yveltal|Dark Aura
|move|p2a: Amoonguss|Sludge Bomb|p1a: Yveltal
|-damage|p1a: Yveltal|68/100
|-status|p1a: Yveltal|psn
|
|-weather|RainDance|[upkeep]
|-damage|p1a: Yveltal|56/100 psn|[from] psn
|upkeep
|turn|53
|
|t:|1620753595
|switch|p2a: Zygarde|Zygarde-Complete|53/100
|-activate|p2a: Zygarde|move: Sticky Web
|-unboost|p2a: Zygarde|spe|1
|move|p1a: Yveltal|Oblivion Wing|p2a: Zygarde
|-damage|p2a: Zygarde|25/100
|-heal|p1a: Yveltal|90/100 psn|[from] drain|[of] p2a: Zygarde
|-damage|p1a: Yveltal|80/100 psn|[from] item: Life Orb
|
|-weather|RainDance|[upkeep]
|-heal|p2a: Zygarde|31/100|[from] item: Leftovers
|-damage|p1a: Yveltal|68/100 psn|[from] psn
|upkeep
|turn|54
|
|t:|1620753599
|move|p1a: Yveltal|Dark Pulse|p2a: Zygarde
|-crit|p2a: Zygarde
|-damage|p2a: Zygarde|0 fnt
|faint|p2a: Zygarde
|-damage|p1a: Yveltal|58/100 psn|[from] item: Life Orb
|
|-weather|none
|-damage|p1a: Yveltal|46/100 psn|[from] psn
|upkeep
|l| SuperEpicAmpharos
|inactive|Ballfire has 120 seconds left.
|l| Hrishioo7
|
|t:|1620753640
|switch|p2a: Blissey|Blissey, F|89/100
|-activate|p2a: Blissey|move: Sticky Web
|-unboost|p2a: Blissey|spe|1
|turn|55
|
|t:|1620753642
|move|p1a: Yveltal|Oblivion Wing|p2a: Blissey
|-damage|p2a: Blissey|73/100
|-heal|p1a: Yveltal|67/100 psn|[from] drain|[of] p2a: Blissey
|-damage|p1a: Yveltal|57/100 psn|[from] item: Life Orb
|move|p2a: Blissey|Seismic Toss|p1a: Yveltal
|-damage|p1a: Yveltal|31/100 psn
|
|-damage|p1a: Yveltal|19/100 psn|[from] psn
|upkeep
|turn|56
|
|t:|1620753649
|move|p1a: Yveltal|Sucker Punch|p2a: Blissey
|-damage|p2a: Blissey|18/100
|-damage|p1a: Yveltal|9/100 psn|[from] item: Life Orb
|move|p2a: Blissey|Seismic Toss|p1a: Yveltal
|-damage|p1a: Yveltal|0 fnt
|faint|p1a: Yveltal
|
|upkeep
|
|t:|1620753652
|switch|p1a: Eternatus|Eternatus|67/100
|-ability|p1a: Eternatus|Pressure
|turn|57
|
|t:|1620753657
|move|p1a: Eternatus|Dynamax Cannon|p2a: Blissey
|-crit|p2a: Blissey
|-damage|p2a: Blissey|0 fnt
|faint|p2a: Blissey
|
|upkeep
|
|t:|1620753660
|switch|p2a: Amoonguss|Amoonguss, M|76/100
|-activate|p2a: Amoonguss|move: Sticky Web
|-unboost|p2a: Amoonguss|spe|1
|turn|58
|
|t:|1620753665
|move|p1a: Eternatus|Flamethrower|p2a: Amoonguss
|-supereffective|p2a: Amoonguss
|-damage|p2a: Amoonguss|46/100
|move|p2a: Amoonguss|Giga Drain|p1a: Eternatus
|-resisted|p1a: Eternatus
|-crit|p1a: Eternatus
|-damage|p1a: Eternatus|61/100
|-heal|p2a: Amoonguss|49/100|[from] drain|[of] p1a: Eternatus
|
|upkeep
|turn|59
|
|t:|1620753667
|move|p1a: Eternatus|Flamethrower|p2a: Amoonguss
|-supereffective|p2a: Amoonguss
|-damage|p2a: Amoonguss|14/100
|move|p2a: Amoonguss|Body Slam|p1a: Eternatus
|-damage|p1a: Eternatus|49/100
|
|upkeep
|turn|60
|
|t:|1620753671
|move|p1a: Eternatus|Flamethrower|p2a: Amoonguss
|-supereffective|p2a: Amoonguss
|-damage|p2a: Amoonguss|0 fnt
|faint|p2a: Amoonguss
|
|win|ult8rq qian
|raw|ult8rq qian's rating: 1533 &rarr; <strong>1566</strong><br />(+33 for winning)
|raw|Ballfire's rating: 1793 &rarr; <strong>1760</strong><br />(-33 for losing)
|c|☆Ballfire|gg
|c|☆ult8rq qian|gg
|l|☆ult8rq qian
|l|☆Ballfire
|l| CORVERE
||Ladder isn't responding, score probably updated but might not have (Request timeout).
|j| hypErspacE12
|l| hypErspacE12
|l| rng loser
