|j|☆Top Sauce
|j|☆FearNeverDies
|inactive|Battle timer is ON: inactive players will automatically lose when time's up.
|t:|1611724236
|player|p1|Top Sauce|pryce|
|player|p2|FearNeverDies|lyra|
|teamsize|p1|6
|teamsize|p2|6
|gametype|singles
|gen|8
|tier|[Gen 8] Ubers
|rated|Tournament battle
|clearpoke
|poke|p1|Yveltal|
|poke|p1|Melmetal|
|poke|p1|Eternatus|
|poke|p1|Calyrex-Shadow|
|poke|p1|Zacian|
|poke|p1|Ditto|
|poke|p2|Kyogre|
|poke|p2|Eternatus|
|poke|p2|Calyrex-Shadow|
|poke|p2|Yveltal|
|poke|p2|Necrozma-Dusk-Mane|
|poke|p2|Ho-Oh|
|rule|Sleep Clause Mod: Limit one foe put to sleep
|rule|Species Clause: Limit one of each Pokémon
|rule|OHKO Clause: OHKO moves are banned
|rule|Evasion Moves Clause: Evasion moves are banned
|rule|Endless Battle Clause: Forcing endless battles is banned
|rule|HP Percentage Mod: HP is shown in percentages
|rule|Dynamax Clause: You cannot dynamax
|teampreview
|c|☆FearNeverDies|gl
|c|☆Top Sauce|u2
|
|t:|1611724258
|start
|switch|p1a: Y So Serious?|Calyrex-Shadow|100/100
|switch|p2a: Kyogre|Kyogre|100/100
|-ability|p1a: Y So Serious?|As One
|-ability|p1a: Y So Serious?|Unnerve|p2: FearNeverDies
|-weather|RainDance|[from] ability: Drizzle|[of] p2a: Kyogre
|turn|1
|j| ILoveMashing❤
|j| Holy rng loser
|
|t:|1611724266
|switch|p1a: Stickless Zacian|Zacian|100/100
|-ability|p1a: Stickless Zacian|Intrepid Sword|boost
|-boost|p1a: Stickless Zacian|atk|1
|switch|p2a: Ho-Oh|Ho-Oh|100/100
|
|-weather|RainDance|[upkeep]
|upkeep
|turn|2
|
|t:|1611724269
|switch|p2a: Necrozma|Necrozma-Dusk-Mane|100/100
|move|p1a: Stickless Zacian|Wild Charge|p2a: Necrozma
|-damage|p2a: Necrozma|60/100
|-damage|p1a: Stickless Zacian|84/100|[from] item: Rocky Helmet|[of] p2a: Necrozma
|-damage|p1a: Stickless Zacian|72/100|[from] Recoil
|
|-weather|RainDance|[upkeep]
|upkeep
|turn|3
|
|t:|1611724273
|switch|p1a: Most Obvious Play|Yveltal|100/100
|-ability|p1a: Most Obvious Play|Dark Aura
|move|p2a: Necrozma|Moonlight|p2a: Necrozma
|-heal|p2a: Necrozma|85/100
|
|-weather|RainDance|[upkeep]
|upkeep
|turn|4
|
|t:|1611724277
|switch|p2a: Eternatus|Eternatus|100/100
|-ability|p2a: Eternatus|Pressure
|move|p1a: Most Obvious Play|Foul Play|p2a: Eternatus
|-damage|p2a: Eternatus|82/100
|
|-weather|RainDance|[upkeep]
|-heal|p2a: Eternatus|88/100|[from] item: Black Sludge
|upkeep
|turn|5
|
|t:|1611724286
|switch|p1a: Melmetal|Melmetal|100/100
|move|p2a: Eternatus|Toxic|p1a: Melmetal
|-immune|p1a: Melmetal
|
|-weather|none
|-heal|p2a: Eternatus|94/100|[from] item: Black Sludge
|upkeep
|turn|6
|
|t:|1611724300
|switch|p2a: Necrozma|Necrozma-Dusk-Mane|85/100
|switch|p1a: Yami Ripoff|Eternatus|100/100
|-ability|p1a: Yami Ripoff|Pressure
|
|upkeep
|turn|7
|
|t:|1611724305
|switch|p1a: Melmetal|Melmetal|100/100
|move|p2a: Necrozma|Stealth Rock|p1a: Melmetal
|-sidestart|p1: Top Sauce|move: Stealth Rock
|
|upkeep
|turn|8
|
|t:|1611724307
|move|p2a: Necrozma|Earthquake|p1a: Melmetal
|-supereffective|p1a: Melmetal
|-damage|p1a: Melmetal|62/100
|move|p1a: Melmetal|Earthquake|p2a: Necrozma
|-supereffective|p2a: Necrozma
|-damage|p2a: Necrozma|60/100
|
|upkeep
|turn|9
|
|t:|1611724315
|switch|p1a: Most Obvious Play|Yveltal|100/100
|-ability|p1a: Most Obvious Play|Dark Aura
|move|p2a: Necrozma|Moonlight|p2a: Necrozma
|-heal|p2a: Necrozma|100/100
|
|upkeep
|turn|10
|
|t:|1611724320
|switch|p2a: Eternatus|Eternatus|94/100
|-ability|p2a: Eternatus|Pressure
|move|p1a: Most Obvious Play|Snarl|p2a: Eternatus
|-damage|p2a: Eternatus|75/100
|-unboost|p2a: Eternatus|spa|1
|
|-heal|p2a: Eternatus|81/100|[from] item: Black Sludge
|upkeep
|turn|11
|
|t:|1611724331
|switch|p1a: Yami Ripoff|Eternatus|100/100
|-damage|p1a: Yami Ripoff|88/100|[from] Stealth Rock
|-ability|p1a: Yami Ripoff|Pressure
|move|p2a: Eternatus|Mystical Fire|p1a: Yami Ripoff
|-resisted|p1a: Yami Ripoff
|-damage|p1a: Yami Ripoff|83/100
|-unboost|p1a: Yami Ripoff|spa|1
|
|-heal|p1a: Yami Ripoff|90/100|[from] item: Black Sludge
|-heal|p2a: Eternatus|87/100|[from] item: Black Sludge
|upkeep
|turn|12
|
|t:|1611724336
|move|p1a: Yami Ripoff|Mystical Fire|p2a: Eternatus
|-resisted|p2a: Eternatus
|-damage|p2a: Eternatus|82/100
|-unboost|p2a: Eternatus|spa|1
|move|p2a: Eternatus|Mystical Fire|p1a: Yami Ripoff
|-resisted|p1a: Yami Ripoff
|-damage|p1a: Yami Ripoff|86/100
|-unboost|p1a: Yami Ripoff|spa|1
|
|-heal|p1a: Yami Ripoff|92/100|[from] item: Black Sludge
|-heal|p2a: Eternatus|89/100|[from] item: Black Sludge
|upkeep
|turn|13
|
|t:|1611724344
|switch|p2a: Kyogre|Kyogre|100/100
|-weather|RainDance|[from] ability: Drizzle|[of] p2a: Kyogre
|move|p1a: Yami Ripoff|Dynamax Cannon|p2a: Kyogre
|-damage|p2a: Kyogre|86/100
|
|-weather|RainDance|[upkeep]
|-heal|p1a: Yami Ripoff|98/100|[from] item: Black Sludge
|upkeep
|turn|14
|
|t:|1611724347
|move|p1a: Yami Ripoff|Mystical Fire|p2a: Kyogre
|-resisted|p2a: Kyogre
|-damage|p2a: Kyogre|84/100
|-unboost|p2a: Kyogre|spa|1
|move|p2a: Kyogre|Block|p1a: Yami Ripoff
|-activate|p1a: Yami Ripoff|trapped
|
|-weather|RainDance|[upkeep]
|-heal|p1a: Yami Ripoff|100/100|[from] item: Black Sludge
|upkeep
|turn|15
|
|t:|1611724357
|move|p1a: Yami Ripoff|Toxic|p2a: Kyogre
|-status|p2a: Kyogre|tox
|move|p2a: Kyogre|Calm Mind|p2a: Kyogre
|-boost|p2a: Kyogre|spa|1
|-boost|p2a: Kyogre|spd|1
|
|-weather|RainDance|[upkeep]
|-damage|p2a: Kyogre|77/100 tox|[from] psn
|upkeep
|turn|16
|c| ILoveMashing❤|:)
|
|t:|1611724366
|move|p1a: Yami Ripoff|Mystical Fire|p2a: Kyogre
|-resisted|p2a: Kyogre
|-crit|p2a: Kyogre
|-damage|p2a: Kyogre|72/100 tox
|-unboost|p2a: Kyogre|spa|1
|move|p2a: Kyogre|Calm Mind|p2a: Kyogre
|-boost|p2a: Kyogre|spa|1
|-boost|p2a: Kyogre|spd|1
|
|-weather|RainDance|[upkeep]
|-damage|p2a: Kyogre|59/100 tox|[from] psn
|upkeep
|turn|17
|
|t:|1611724373
|move|p1a: Yami Ripoff|Mystical Fire|p2a: Kyogre
|-resisted|p2a: Kyogre
|-damage|p2a: Kyogre|58/100 tox
|-unboost|p2a: Kyogre|spa|1
|move|p2a: Kyogre|Rest|p2a: Kyogre
|-status|p2a: Kyogre|slp|[from] move: Rest
|-heal|p2a: Kyogre|100/100 slp|[silent]
|
|-weather|none
|upkeep
|turn|18
|
|t:|1611724378
|move|p1a: Yami Ripoff|Mystical Fire|p2a: Kyogre
|-resisted|p2a: Kyogre
|-damage|p2a: Kyogre|99/100 slp
|-unboost|p2a: Kyogre|spa|1
|cant|p2a: Kyogre|slp
|
|upkeep
|turn|19
|
|t:|1611724381
|move|p1a: Yami Ripoff|Mystical Fire|p2a: Kyogre
|-resisted|p2a: Kyogre
|-damage|p2a: Kyogre|97/100 slp
|-unboost|p2a: Kyogre|spa|1
|cant|p2a: Kyogre|slp
|
|upkeep
|turn|20
|
|t:|1611724387
|move|p1a: Yami Ripoff|Mystical Fire|p2a: Kyogre
|-resisted|p2a: Kyogre
|-damage|p2a: Kyogre|95/100 slp
|-unboost|p2a: Kyogre|spa|1
|-curestatus|p2a: Kyogre|slp|[msg]
|move|p2a: Kyogre|Calm Mind|p2a: Kyogre
|-boost|p2a: Kyogre|spa|1
|-boost|p2a: Kyogre|spd|1
|
|upkeep
|turn|21
|c| Holy rng loser|funny how it wants to trap its check
|
|t:|1611724390
|move|p1a: Yami Ripoff|Toxic|p2a: Kyogre
|-status|p2a: Kyogre|tox
|move|p2a: Kyogre|Calm Mind|p2a: Kyogre
|-boost|p2a: Kyogre|spa|1
|-boost|p2a: Kyogre|spd|1
|
|-damage|p2a: Kyogre|89/100 tox|[from] psn
|upkeep
|turn|22
|c| ILoveMashing❤|ikr
|
|t:|1611724394
|move|p1a: Yami Ripoff|Mystical Fire|p2a: Kyogre
|-resisted|p2a: Kyogre
|-damage|p2a: Kyogre|87/100 tox
|-unboost|p2a: Kyogre|spa|1
|move|p2a: Kyogre|Calm Mind|p2a: Kyogre
|-boost|p2a: Kyogre|spa|1
|-boost|p2a: Kyogre|spd|1
|
|-damage|p2a: Kyogre|75/100 tox|[from] psn
|upkeep
|turn|23
|
|t:|1611724400
|move|p1a: Yami Ripoff|Mystical Fire|p2a: Kyogre
|-resisted|p2a: Kyogre
|-damage|p2a: Kyogre|74/100 tox
|-unboost|p2a: Kyogre|spa|1
|move|p2a: Kyogre|Calm Mind|p2a: Kyogre
|-boost|p2a: Kyogre|spa|1
|-boost|p2a: Kyogre|spd|1
|
|-damage|p2a: Kyogre|55/100 tox|[from] psn
|upkeep
|turn|24
|c| ILoveMashing❤|using goth this month
|
|t:|1611724405
|move|p1a: Yami Ripoff|Mystical Fire|p2a: Kyogre
|-resisted|p2a: Kyogre
|-damage|p2a: Kyogre|54/100 tox
|-unboost|p2a: Kyogre|spa|1
|move|p2a: Kyogre|Rest|p2a: Kyogre
|-status|p2a: Kyogre|slp|[from] move: Rest
|-heal|p2a: Kyogre|100/100 slp|[silent]
|
|upkeep
|turn|25
|j| Dat my food
|
|t:|1611724411
|move|p1a: Yami Ripoff|Mystical Fire|p2a: Kyogre
|-resisted|p2a: Kyogre
|-damage|p2a: Kyogre|99/100 slp
|-unboost|p2a: Kyogre|spa|1
|cant|p2a: Kyogre|slp
|
|upkeep
|turn|26
|c| ILoveMashing❤|made me realised the trapping potential
|c| ILoveMashing❤|on some mons
|
|t:|1611724417
|move|p1a: Yami Ripoff|Mystical Fire|p2a: Kyogre
|-resisted|p2a: Kyogre
|-damage|p2a: Kyogre|99/100 slp
|-unboost|p2a: Kyogre|spa|1
|cant|p2a: Kyogre|slp
|
|upkeep
|turn|27
|c| ILoveMashing❤|*realise
|j| LeBarBURR2
|
|t:|1611724420
|move|p1a: Yami Ripoff|Mystical Fire|p2a: Kyogre
|-resisted|p2a: Kyogre
|-damage|p2a: Kyogre|98/100 slp
|-unboost|p2a: Kyogre|spa|1
|-curestatus|p2a: Kyogre|slp|[msg]
|move|p2a: Kyogre|Calm Mind|p2a: Kyogre
|-boost|p2a: Kyogre|spa|1
|-boost|p2a: Kyogre|spd|0
|
|upkeep
|turn|28
|
|t:|1611724423
|move|p1a: Yami Ripoff|Toxic|p2a: Kyogre
|-status|p2a: Kyogre|tox
|move|p2a: Kyogre|Calm Mind|p2a: Kyogre
|-boost|p2a: Kyogre|spa|1
|-boost|p2a: Kyogre|spd|0
|
|-damage|p2a: Kyogre|91/100 tox|[from] psn
|upkeep
|turn|29
|
|t:|1611724427
|move|p1a: Yami Ripoff|Mystical Fire|p2a: Kyogre
|-resisted|p2a: Kyogre
|-damage|p2a: Kyogre|90/100 tox
|-unboost|p2a: Kyogre|spa|1
|move|p2a: Kyogre|Calm Mind|p2a: Kyogre
|-boost|p2a: Kyogre|spa|1
|-boost|p2a: Kyogre|spd|0
|
|-damage|p2a: Kyogre|78/100 tox|[from] psn
|upkeep
|turn|30
|
|t:|1611724430
|move|p1a: Yami Ripoff|Mystical Fire|p2a: Kyogre
|-resisted|p2a: Kyogre
|-damage|p2a: Kyogre|77/100 tox
|-unboost|p2a: Kyogre|spa|1
|move|p2a: Kyogre|Calm Mind|p2a: Kyogre
|-boost|p2a: Kyogre|spa|1
|-boost|p2a: Kyogre|spd|0
|
|-damage|p2a: Kyogre|58/100 tox|[from] psn
|upkeep
|turn|31
|
|t:|1611724434
|move|p1a: Yami Ripoff|Dynamax Cannon|p2a: Kyogre
|-damage|p2a: Kyogre|54/100 tox
|move|p2a: Kyogre|Rest|p2a: Kyogre
|-status|p2a: Kyogre|slp|[from] move: Rest
|-heal|p2a: Kyogre|100/100 slp|[silent]
|
|upkeep
|turn|32
|
|t:|1611724440
|move|p1a: Yami Ripoff|Dynamax Cannon|p2a: Kyogre
|-damage|p2a: Kyogre|97/100 slp
|cant|p2a: Kyogre|slp
|
|upkeep
|turn|33
|
|t:|1611724445
|move|p1a: Yami Ripoff|Dynamax Cannon|p2a: Kyogre
|-damage|p2a: Kyogre|93/100 slp
|cant|p2a: Kyogre|slp
|
|upkeep
|turn|34
|
|t:|1611724448
|move|p1a: Yami Ripoff|Dynamax Cannon|p2a: Kyogre
|-damage|p2a: Kyogre|89/100 slp
|-curestatus|p2a: Kyogre|slp|[msg]
|move|p2a: Kyogre|Calm Mind|p2a: Kyogre
|-boost|p2a: Kyogre|spa|1
|-boost|p2a: Kyogre|spd|0
|
|upkeep
|turn|35
|
|t:|1611724451
|move|p1a: Yami Ripoff|Toxic|p2a: Kyogre
|-status|p2a: Kyogre|tox
|move|p2a: Kyogre|Calm Mind|p2a: Kyogre
|-boost|p2a: Kyogre|spa|1
|-boost|p2a: Kyogre|spd|0
|
|-damage|p2a: Kyogre|83/100 tox|[from] psn
|upkeep
|turn|36
|c| LeBarBURR2|Bruh
|
|t:|1611724454
|move|p1a: Yami Ripoff|Dynamax Cannon|p2a: Kyogre
|-damage|p2a: Kyogre|79/100 tox
|move|p2a: Kyogre|Calm Mind|p2a: Kyogre
|-boost|p2a: Kyogre|spa|1
|-boost|p2a: Kyogre|spd|0
|
|-damage|p2a: Kyogre|67/100 tox|[from] psn
|upkeep
|turn|37
|
|t:|1611724458
|move|p1a: Yami Ripoff|Dynamax Cannon|p2a: Kyogre
|-damage|p2a: Kyogre|63/100 tox
|move|p2a: Kyogre|Calm Mind|p2a: Kyogre
|-boost|p2a: Kyogre|spa|1
|-boost|p2a: Kyogre|spd|0
|
|-damage|p2a: Kyogre|44/100 tox|[from] psn
|upkeep
|turn|38
|
|t:|1611724462
|move|p1a: Yami Ripoff|Dynamax Cannon|p2a: Kyogre
|-damage|p2a: Kyogre|41/100 tox
|move|p2a: Kyogre|Rest|p2a: Kyogre
|-status|p2a: Kyogre|slp|[from] move: Rest
|-heal|p2a: Kyogre|100/100 slp|[silent]
|
|upkeep
|turn|39
|
|t:|1611724465
|move|p1a: Yami Ripoff|Toxic||[still]
|-fail|p1a: Yami Ripoff
|cant|p2a: Kyogre|slp
|
|upkeep
|turn|40
|
|t:|1611724467
|move|p1a: Yami Ripoff|Toxic||[still]
|-fail|p1a: Yami Ripoff
|cant|p2a: Kyogre|slp
|
|upkeep
|turn|41
|
|t:|1611724469
|move|p1a: Yami Ripoff|Toxic||[still]
|-fail|p1a: Yami Ripoff
|-curestatus|p2a: Kyogre|slp|[msg]
|move|p2a: Kyogre|Calm Mind|p2a: Kyogre
|-boost|p2a: Kyogre|spa|1
|-boost|p2a: Kyogre|spd|0
|
|upkeep
|turn|42
|
|t:|1611724471
|move|p1a: Yami Ripoff|Toxic|p2a: Kyogre
|-status|p2a: Kyogre|tox
|move|p2a: Kyogre|Calm Mind|p2a: Kyogre
|-boost|p2a: Kyogre|spa|1
|-boost|p2a: Kyogre|spd|0
|
|-damage|p2a: Kyogre|94/100 tox|[from] psn
|upkeep
|turn|43
|c|☆FearNeverDies|pp stall eternatus
|c|☆FearNeverDies|what a sick hoke
|
|t:|1611724482
|move|p1a: Yami Ripoff|Toxic|p2a: Kyogre
|-fail|p2a: Kyogre|tox
|move|p2a: Kyogre|Calm Mind|p2a: Kyogre
|-boost|p2a: Kyogre|spa|1
|-boost|p2a: Kyogre|spd|0
|
|-damage|p2a: Kyogre|82/100 tox|[from] psn
|upkeep
|turn|44
|c| ILoveMashing❤|thx
|
|t:|1611724490
|move|p1a: Yami Ripoff|Toxic|p2a: Kyogre
|-fail|p2a: Kyogre|tox
|move|p2a: Kyogre|Calm Mind|p2a: Kyogre
|-boost|p2a: Kyogre|spa|1
|-boost|p2a: Kyogre|spd|0
|
|-damage|p2a: Kyogre|63/100 tox|[from] psn
|upkeep
|turn|45
|
|t:|1611724499
|move|p1a: Yami Ripoff|Toxic|p2a: Kyogre
|-fail|p2a: Kyogre|tox
|move|p2a: Kyogre|Calm Mind|p2a: Kyogre
|-boost|p2a: Kyogre|spa|1
|-boost|p2a: Kyogre|spd|0
|
|-damage|p2a: Kyogre|39/100 tox|[from] psn
|upkeep
|turn|46
|
|t:|1611724502
|move|p1a: Yami Ripoff|Toxic|p2a: Kyogre
|-fail|p2a: Kyogre|tox
|move|p2a: Kyogre|Rest|p2a: Kyogre
|-status|p2a: Kyogre|slp|[from] move: Rest
|-heal|p2a: Kyogre|100/100 slp|[silent]
|
|upkeep
|turn|47
|
|t:|1611724505
|move|p1a: Yami Ripoff|Toxic||[still]
|-fail|p1a: Yami Ripoff
|cant|p2a: Kyogre|slp
|
|upkeep
|turn|48
|
|t:|1611724508
|move|p1a: Yami Ripoff|Toxic||[still]
|-fail|p1a: Yami Ripoff
|cant|p2a: Kyogre|slp
|
|upkeep
|turn|49
|
|t:|1611724511
|move|p1a: Yami Ripoff|Toxic||[still]
|-fail|p1a: Yami Ripoff
|-curestatus|p2a: Kyogre|slp|[msg]
|move|p2a: Kyogre|Calm Mind|p2a: Kyogre
|-boost|p2a: Kyogre|spa|1
|-boost|p2a: Kyogre|spd|0
|
|upkeep
|turn|50
|
|t:|1611724517
|move|p1a: Yami Ripoff|Toxic|p2a: Kyogre
|-status|p2a: Kyogre|tox
|move|p2a: Kyogre|Calm Mind|p2a: Kyogre
|-boost|p2a: Kyogre|spa|0
|-boost|p2a: Kyogre|spd|0
|
|-damage|p2a: Kyogre|94/100 tox|[from] psn
|upkeep
|turn|51
|
|t:|1611724521
|move|p1a: Yami Ripoff|Recover||[still]
|-fail|p1a: Yami Ripoff|heal
|move|p2a: Kyogre|Calm Mind|p2a: Kyogre
|-boost|p2a: Kyogre|spa|0
|-boost|p2a: Kyogre|spd|0
|
|-damage|p2a: Kyogre|82/100 tox|[from] psn
|upkeep
|turn|52
|c| ILoveMashing❤|rest
|
|t:|1611724528
|move|p1a: Yami Ripoff|Recover||[still]
|-fail|p1a: Yami Ripoff|heal
|move|p2a: Kyogre|Calm Mind|p2a: Kyogre
|-boost|p2a: Kyogre|spa|0
|-boost|p2a: Kyogre|spd|0
|
|-damage|p2a: Kyogre|63/100 tox|[from] psn
|upkeep
|turn|53
|
|t:|1611724532
|move|p1a: Yami Ripoff|Recover||[still]
|-fail|p1a: Yami Ripoff|heal
|move|p2a: Kyogre|Calm Mind|p2a: Kyogre
|-boost|p2a: Kyogre|spa|0
|-boost|p2a: Kyogre|spd|0
|
|-damage|p2a: Kyogre|39/100 tox|[from] psn
|upkeep
|turn|54
|
|t:|1611724534
|move|p1a: Yami Ripoff|Recover||[still]
|-fail|p1a: Yami Ripoff|heal
|move|p2a: Kyogre|Rest|p2a: Kyogre
|-status|p2a: Kyogre|slp|[from] move: Rest
|-heal|p2a: Kyogre|100/100 slp|[silent]
|
|upkeep
|turn|55
|
|t:|1611724541
|move|p1a: Yami Ripoff|Recover||[still]
|-fail|p1a: Yami Ripoff|heal
|cant|p2a: Kyogre|slp
|
|upkeep
|turn|56
|
|t:|1611724544
|move|p1a: Yami Ripoff|Recover||[still]
|-fail|p1a: Yami Ripoff|heal
|cant|p2a: Kyogre|slp
|
|upkeep
|turn|57
|
|t:|1611724547
|move|p1a: Yami Ripoff|Recover||[still]
|-fail|p1a: Yami Ripoff|heal
|-curestatus|p2a: Kyogre|slp|[msg]
|move|p2a: Kyogre|Calm Mind|p2a: Kyogre
|-boost|p2a: Kyogre|spa|0
|-boost|p2a: Kyogre|spd|0
|
|upkeep
|turn|58
|
|t:|1611724549
|move|p1a: Yami Ripoff|Recover||[still]
|-fail|p1a: Yami Ripoff|heal
|move|p2a: Kyogre|Calm Mind|p2a: Kyogre
|-boost|p2a: Kyogre|spa|0
|-boost|p2a: Kyogre|spd|0
|
|upkeep
|turn|59
|
|t:|1611724551
|move|p1a: Yami Ripoff|Recover||[still]
|-fail|p1a: Yami Ripoff|heal
|move|p2a: Kyogre|Calm Mind|p2a: Kyogre
|-boost|p2a: Kyogre|spa|0
|-boost|p2a: Kyogre|spd|0
|
|upkeep
|turn|60
|
|t:|1611724558
|move|p1a: Yami Ripoff|Recover||[still]
|-fail|p1a: Yami Ripoff|heal
|move|p2a: Kyogre|Surf|p1a: Yami Ripoff
|-resisted|p1a: Yami Ripoff
|-damage|p1a: Yami Ripoff|42/100
|
|-heal|p1a: Yami Ripoff|48/100|[from] item: Black Sludge
|upkeep
|turn|61
|
|t:|1611724560
|move|p1a: Yami Ripoff|Recover|p1a: Yami Ripoff
|-heal|p1a: Yami Ripoff|98/100
|move|p2a: Kyogre|Surf|p1a: Yami Ripoff
|-resisted|p1a: Yami Ripoff
|-damage|p1a: Yami Ripoff|43/100
|
|-heal|p1a: Yami Ripoff|50/100|[from] item: Black Sludge
|upkeep
|turn|62
|
|t:|1611724566
|move|p1a: Yami Ripoff|Recover|p1a: Yami Ripoff
|-heal|p1a: Yami Ripoff|99/100
|move|p2a: Kyogre|Calm Mind|p2a: Kyogre
|-boost|p2a: Kyogre|spa|0
|-boost|p2a: Kyogre|spd|0
|
|-heal|p1a: Yami Ripoff|100/100|[from] item: Black Sludge
|upkeep
|turn|63
|c| Holy rng loser|haha still a 2hko
|
|t:|1611724570
|move|p1a: Yami Ripoff|Recover||[still]
|-fail|p1a: Yami Ripoff|heal
|move|p2a: Kyogre|Calm Mind|p2a: Kyogre
|-boost|p2a: Kyogre|spa|0
|-boost|p2a: Kyogre|spd|0
|
|upkeep
|turn|64
|
|t:|1611724572
|move|p1a: Yami Ripoff|Recover||[still]
|-fail|p1a: Yami Ripoff|heal
|move|p2a: Kyogre|Calm Mind|p2a: Kyogre
|-boost|p2a: Kyogre|spa|0
|-boost|p2a: Kyogre|spd|0
|
|upkeep
|turn|65
|
|t:|1611724574
|move|p1a: Yami Ripoff|Recover||[still]
|-fail|p1a: Yami Ripoff|heal
|move|p2a: Kyogre|Calm Mind|p2a: Kyogre
|-boost|p2a: Kyogre|spa|0
|-boost|p2a: Kyogre|spd|0
|
|upkeep
|turn|66
|
|t:|1611724575
|move|p1a: Yami Ripoff|Recover||[still]
|-fail|p1a: Yami Ripoff|heal
|move|p2a: Kyogre|Calm Mind|p2a: Kyogre
|-boost|p2a: Kyogre|spa|0
|-boost|p2a: Kyogre|spd|0
|
|upkeep
|turn|67
|
|t:|1611724578
|-activate|p1a: Yami Ripoff|move: Struggle
|move|p1a: Yami Ripoff|Struggle|p2a: Kyogre
|-damage|p2a: Kyogre|95/100
|-damage|p1a: Yami Ripoff|75/100|[from] recoil
|move|p2a: Kyogre|Surf|p1a: Yami Ripoff
|-resisted|p1a: Yami Ripoff
|-damage|p1a: Yami Ripoff|17/100
|
|-heal|p1a: Yami Ripoff|24/100|[from] item: Black Sludge
|upkeep
|turn|68
|
|t:|1611724584
|-activate|p1a: Yami Ripoff|move: Struggle
|move|p1a: Yami Ripoff|Struggle|p2a: Kyogre
|-damage|p2a: Kyogre|89/100
|-damage|p1a: Yami Ripoff|0 fnt|[from] recoil
|faint|p1a: Yami Ripoff
|move|p2a: Kyogre|Surf|p1: Yami Ripoff|[notarget]
|-fail|p2a: Kyogre
|
|upkeep
|c|☆FearNeverDies|crit struggle incoming
|
|t:|1611724594
|switch|p1a: NO U|Ditto|100/100
|-damage|p1a: NO U|88/100|[from] Stealth Rock
|-transform|p1a: NO U|p2a: Kyogre|[from] ability: Imposter
|-weather|RainDance|[from] ability: Drizzle|[of] p1a: NO U
|turn|69
|c| ILoveMashing❤|ah
|
|t:|1611724613
|move|p1a: NO U|Surf|p2a: Kyogre
|-resisted|p2a: Kyogre
|-damage|p2a: Kyogre|66/100
|move|p2a: Kyogre|Surf|p1a: NO U
|-resisted|p1a: NO U
|-damage|p1a: NO U|57/100
|
|-weather|RainDance|[upkeep]
|upkeep
|turn|70
|c| Holy rng loser|whats ogres item?
|c| ILoveMashing❤|something
|c| ILoveMashing❤|that could be useful later
|inactive|FearNeverDies has 120 seconds left.
|c| Holy rng loser|mystic water
|c| ILoveMashing❤|maybe
|c| Holy rng loser|wise glasses
|c| Holy rng loser|bright powder
|
|t:|1611724658
|move|p1a: NO U|Surf|p2a: Kyogre
|-resisted|p2a: Kyogre
|-damage|p2a: Kyogre|43/100
|move|p2a: Kyogre|Block|p1a: NO U
|-activate|p1a: NO U|trapped
|
|-weather|RainDance|[upkeep]
|upkeep
|turn|71
|
|t:|1611724662
|move|p1a: NO U|Surf|p2a: Kyogre
|-resisted|p2a: Kyogre
|-damage|p2a: Kyogre|20/100
|move|p2a: Kyogre|Rest|p2a: Kyogre
|-status|p2a: Kyogre|slp|[from] move: Rest
|-heal|p2a: Kyogre|100/100 slp|[silent]
|
|-weather|RainDance|[upkeep]
|upkeep
|turn|72
|c| Holy rng loser|shed shell :D
|inactive|FearNeverDies has 120 seconds left.
|
|t:|1611724668
|move|p1a: NO U|Surf|p2a: Kyogre
|-resisted|p2a: Kyogre
|-damage|p2a: Kyogre|76/100 slp
|cant|p2a: Kyogre|slp
|
|-weather|RainDance|[upkeep]
|upkeep
|turn|73
|
|t:|1611724673
|move|p1a: NO U|Surf|p2a: Kyogre
|-resisted|p2a: Kyogre
|-damage|p2a: Kyogre|53/100 slp
|cant|p2a: Kyogre|slp
|
|-weather|none
|upkeep
|turn|74
|
|t:|1611724675
|-activate|p1a: NO U|move: Struggle
|move|p1a: NO U|Struggle|p2a: Kyogre
|-damage|p2a: Kyogre|47/100 slp
|-damage|p1a: NO U|32/100|[from] recoil
|-curestatus|p2a: Kyogre|slp|[msg]
|move|p2a: Kyogre|Rest|p2a: Kyogre
|-status|p2a: Kyogre|slp|[from] move: Rest
|-heal|p2a: Kyogre|100/100 slp|[silent]
|
|upkeep
|turn|75
|
|t:|1611724681
|-activate|p1a: NO U|move: Struggle
|move|p1a: NO U|Struggle|p2a: Kyogre
|-damage|p2a: Kyogre|94/100 slp
|-damage|p1a: NO U|7/100|[from] recoil
|cant|p2a: Kyogre|slp
|
|upkeep
|turn|76
|
|t:|1611724684
|-activate|p1a: NO U|move: Struggle
|move|p1a: NO U|Struggle|p2a: Kyogre
|-damage|p2a: Kyogre|87/100 slp
|-damage|p1a: NO U|0 fnt|[from] recoil
|faint|p1a: NO U
|cant|p2a: Kyogre|slp
|
|upkeep
|
|t:|1611724689
|switch|p1a: Stickless Zacian|Zacian|72/100
|-damage|p1a: Stickless Zacian|59/100|[from] Stealth Rock
|-ability|p1a: Stickless Zacian|Intrepid Sword|boost
|-boost|p1a: Stickless Zacian|atk|1
|turn|77
|
|t:|1611724692
|move|p1a: Stickless Zacian|Wild Charge|p2a: Kyogre
|-supereffective|p2a: Kyogre
|-enditem|p2a: Kyogre|Wacan Berry|[eat]
|-enditem|p2a: Kyogre|Wacan Berry|[weaken]
|-damage|p2a: Kyogre|36/100 slp
|-damage|p1a: Stickless Zacian|44/100|[from] Recoil
|-curestatus|p2a: Kyogre|slp|[msg]
|move|p2a: Kyogre|Surf|p1a: Stickless Zacian
|-damage|p1a: Stickless Zacian|0 fnt
|faint|p1a: Stickless Zacian
|
|upkeep
|c| Holy rng loser|oh damn
|c| ILoveMashing❤|HA
|
|t:|1611724701
|switch|p1a: Y So Serious?|Calyrex-Shadow|100/100
|-ability|p1a: Y So Serious?|As One
|-ability|p1a: Y So Serious?|Unnerve|p2: FearNeverDies
|-damage|p1a: Y So Serious?|88/100|[from] Stealth Rock
|turn|78
|
|t:|1611724704
|move|p1a: Y So Serious?|Psyshock|p2a: Kyogre
|-crit|p2a: Kyogre
|-damage|p2a: Kyogre|0 fnt
|faint|p2a: Kyogre
|-ability|p1a: Y So Serious?|Grim Neigh|boost
|-boost|p1a: Y So Serious?|spa|1
|
|upkeep
|
|t:|1611724707
|switch|p2a: Yveltal|Yveltal|100/100
|-ability|p2a: Yveltal|Dark Aura
|turn|79
|c| Holy rng loser|i thought ogre lived one at full
|
|t:|1611724714
|switch|p1a: Melmetal|Melmetal|62/100
|-damage|p1a: Melmetal|56/100|[from] Stealth Rock
|move|p2a: Yveltal|Knock Off|p1a: Melmetal
|-damage|p1a: Melmetal|26/100
|-enditem|p1a: Melmetal|Assault Vest|[from] move: Knock Off|[of] p2a: Yveltal
|
|upkeep
|turn|80
|c| ILoveMashing❤|it doesnt
|
|t:|1611724717
|move|p2a: Yveltal|Knock Off|p1a: Melmetal
|-damage|p1a: Melmetal|7/100
|move|p1a: Melmetal|Double Iron Bash|p2a: Yveltal
|-damage|p2a: Yveltal|74/100
|-damage|p2a: Yveltal|43/100
|-hitcount|p2a: Yveltal|2
|
|upkeep
|turn|81
|
|t:|1611724725
|move|p2a: Yveltal|U-turn|p1a: Melmetal
|-resisted|p1a: Melmetal
|-damage|p1a: Melmetal|1/100
|
|t:|1611724728
|switch|p2a: Necrozma|Necrozma-Dusk-Mane|100/100|[from]move: U-turn
|move|p1a: Melmetal|Double Iron Bash|p2a: Necrozma
|-resisted|p2a: Necrozma
|-damage|p2a: Necrozma|90/100
|-damage|p1a: Melmetal|0 fnt|[from] item: Rocky Helmet|[of] p2a: Necrozma
|-hitcount|p2a: Necrozma|1
|faint|p1a: Melmetal
|
|upkeep
|
|t:|1611724739
|switch|p1a: Y So Serious?|Calyrex-Shadow|88/100
|-ability|p1a: Y So Serious?|As One
|-ability|p1a: Y So Serious?|Unnerve|p2: FearNeverDies
|-damage|p1a: Y So Serious?|76/100|[from] Stealth Rock
|turn|82
|
|t:|1611724746
|switch|p2a: Ho-Oh|Ho-Oh|100/100
|move|p1a: Y So Serious?|Astral Barrage|p2a: Ho-Oh
|-damage|p2a: Ho-Oh|57/100
|
|upkeep
|turn|83
|
|t:|1611724752
|switch|p1a: Most Obvious Play|Yveltal|100/100
|-ability|p1a: Most Obvious Play|Dark Aura
|move|p2a: Ho-Oh|Thunder Wave|p1a: Most Obvious Play
|-status|p1a: Most Obvious Play|par
|
|upkeep
|turn|84
|
|t:|1611724763
|switch|p2a: Eternatus|Eternatus|89/100
|-ability|p2a: Eternatus|Pressure
|move|p1a: Most Obvious Play|Snarl|p2a: Eternatus
|-damage|p2a: Eternatus|69/100
|-unboost|p2a: Eternatus|spa|1
|
|-heal|p2a: Eternatus|75/100|[from] item: Black Sludge
|upkeep
|turn|85
|
|t:|1611724767
|move|p2a: Eternatus|Mystical Fire|p1a: Most Obvious Play
|-damage|p1a: Most Obvious Play|89/100 par
|-unboost|p1a: Most Obvious Play|spa|1
|move|p1a: Most Obvious Play|Snarl|p2a: Eternatus
|-damage|p2a: Eternatus|62/100
|-unboost|p2a: Eternatus|spa|1
|
|-heal|p2a: Eternatus|68/100|[from] item: Black Sludge
|upkeep
|turn|86
|
|t:|1611724774
|switch|p1a: Y So Serious?|Calyrex-Shadow|76/100
|-ability|p1a: Y So Serious?|As One
|-ability|p1a: Y So Serious?|Unnerve|p2: FearNeverDies
|-damage|p1a: Y So Serious?|64/100|[from] Stealth Rock
|move|p2a: Eternatus|Mystical Fire|p1a: Y So Serious?
|-damage|p1a: Y So Serious?|52/100
|-unboost|p1a: Y So Serious?|spa|1
|
|-heal|p2a: Eternatus|74/100|[from] item: Black Sludge
|upkeep
|turn|87
|
|t:|1611724779
|switch|p2a: Yveltal|Yveltal|43/100
|-ability|p2a: Yveltal|Dark Aura
|move|p1a: Y So Serious?|Psyshock|p2a: Yveltal
|-immune|p2a: Yveltal
|
|upkeep
|turn|88
|c| Dat my food|Demon ogre
|c| ILoveMashing❤|a great ogre set isnt it
|n|!Top Sauce|topsauce
|inactive|Top Sauce has 120 seconds left.
|c|☆FearNeverDies|yeah
|-message|Top Sauce forfeited.
|
|win|FearNeverDies
|n|!Top Sauce|topsauce
|n|☆FearNeverDies|fearneverdies
|n| ILoveMashing❤|ilovemashing
|n| Holy rng loser|holyrngloser
|n| Dat my food|datmyfood
|n| LeBarBURR2|lebarburr2
