|j|☆O Divin Kami
|j|☆Vrji
|player|p1|O Divin Kami|acerola|
|player|p2|Vrji|elesa|
|teamsize|p1|6
|teamsize|p2|6
|gametype|singles
|gen|8
|tier|[Gen 8] Ubers
|rated|Tournament battle
|clearpoke
|poke|p1|Eternatus|
|poke|p1|Gothitelle, F|
|poke|p1|Corviknight, F|
|poke|p1|Zacian-Crowned|
|poke|p1|Quagsire, F|
|poke|p1|Dugtrio, M|
|poke|p2|Zacian-Crowned|
|poke|p2|Pyukumuku, F|
|poke|p2|Eternatus|
|poke|p2|Gyarados, F|
|poke|p2|Ditto|
|poke|p2|Excadrill, F|
|rule|Sleep Clause Mod: Limit one foe put to sleep
|rule|Species Clause: Limit one of each Pokémon
|rule|OHKO Clause: OHKO moves are banned
|rule|Evasion Moves Clause: Evasion moves are banned
|rule|Endless Battle Clause: Forcing endless battles is banned
|rule|HP Percentage Mod: HP is shown in percentages
|teampreview
|inactive|Battle timer is ON: inactive players will automatically lose when time's up. (requested by Vrji)
|j| Ethanoide
|j| Toadow
|l| Ethanoide
|
|start
|switch|p1a: Zacian|Zacian-Crowned|100/100
|switch|p2a: Excadrill|Excadrill, F|100/100
|-ability|p1a: Zacian|Intrepid Sword|boost
|-boost|p1a: Zacian|atk|1
|-ability|p2a: Excadrill|Mold Breaker
|turn|1
|
|switch|p1a: Corviknight|Corviknight, F|100/100
|-ability|p1a: Corviknight|Pressure
|move|p2a: Excadrill|Rapid Spin|p1a: Corviknight
|-resisted|p1a: Corviknight
|-damage|p1a: Corviknight|95/100
|-boost|p2a: Excadrill|spe|1
|-enditem|p1a: Corviknight|Eject Button
|
|switch|p1a: Dugtrio|Dugtrio, M|100/100
|
|upkeep
|turn|2
|
|-start|p2a: Excadrill|Dynamax
|-heal|p2a: Excadrill|100/100|[silent]
|move|p2a: Excadrill|Max Steelspike|p1a: Dugtrio
|-crit|p1a: Dugtrio
|-enditem|p1a: Dugtrio|Focus Sash
|-damage|p1a: Dugtrio|1/100
|-boost|p2a: Excadrill|def|1
|move|p1a: Dugtrio|Earthquake|p2a: Excadrill
|-supereffective|p2a: Excadrill
|-crit|p2a: Excadrill
|-damage|p2a: Excadrill|1/100
|
|upkeep
|turn|3
|
|switch|p1a: Corviknight|Corviknight, F|95/100
|-ability|p1a: Corviknight|Pressure
|move|p2a: Excadrill|Max Quake|p1a: Corviknight
|-immune|p1a: Corviknight
|
|upkeep
|turn|4
|
|move|p2a: Excadrill|Max Steelspike|p1a: Corviknight
|-resisted|p1a: Corviknight
|-damage|p1a: Corviknight|74/100
|-boost|p2a: Excadrill|def|1
|move|p1a: Corviknight|U-turn|p2a: Excadrill
|-resisted|p2a: Excadrill
|-damage|p2a: Excadrill|0 fnt
|faint|p2a: Excadrill
|
|switch|p1a: Zacian|Zacian-Crowned|100/100|[from]move: U-turn
|-ability|p1a: Zacian|Intrepid Sword|boost
|-boost|p1a: Zacian|atk|1
|
|upkeep
|j| FearNeverDies
|inactive|Vrji has 120 seconds left.
|inactive|Vrji has 90 seconds left.
|inactive|Vrji has 60 seconds left.
|j| TannerFrmHghschool
|
|switch|p2a: Zacian beware|Pyukumuku, F|100/100
|turn|5
|
|switch|p1a: Gothitelle|Gothitelle, F|100/100
|move|p2a: Zacian beware|Counter||[still]
|-fail|p2a: Zacian beware
|
|upkeep
|turn|6
|inactive|Vrji has 60 seconds left.
|
|move|p1a: Gothitelle|Trick|p2a: Zacian beware
|-activate|p1a: Gothitelle|move: Trick|[of] p2a: Zacian beware
|-item|p2a: Zacian beware|Choice Specs|[from] move: Trick
|-item|p1a: Gothitelle|Leftovers|[from] move: Trick
|move|p2a: Zacian beware|Toxic|p1a: Gothitelle
|-status|p1a: Gothitelle|tox
|
|-damage|p1a: Gothitelle|95/100 tox|[from] psn
|upkeep
|turn|7
|
|move|p1a: Gothitelle|Rest|p1a: Gothitelle
|-status|p1a: Gothitelle|slp|[from] move: Rest
|-heal|p1a: Gothitelle|100/100 slp|[silent]
|move|p2a: Zacian beware|Toxic||[still]
|-fail|p2a: Zacian beware
|
|upkeep
|turn|8
|inactive|Vrji has 60 seconds left.
|-message|Vrji forfeited.
|
|win|O Divin Kami
