|j|☆Rell27
|j|☆I Crit My Panties
|t:|1625021231
|gametype|singles
|player|p1|Rell27|169|1492
|player|p2|I Crit My Panties|101|1645
|teamsize|p1|6
|teamsize|p2|6
|gen|8
|tier|[Gen 8] Ubers
|rated|
|rule|Sleep Clause Mod: Limit one foe put to sleep
|rule|Species Clause: Limit one of each Pokémon
|rule|OHKO Clause: OHKO moves are banned
|rule|Evasion Moves Clause: Evasion moves are banned
|rule|Endless Battle Clause: Forcing endless battles is banned
|rule|HP Percentage Mod: HP is shown in percentages
|rule|Dynamax Clause: You cannot dynamax
|clearpoke
|poke|p1|Eternatus|
|poke|p1|Necrozma-Dusk-Mane|
|poke|p1|Marshadow|
|poke|p1|Xerneas-*|
|poke|p1|Zygarde|
|poke|p1|Palkia|
|poke|p2|Yveltal|
|poke|p2|Necrozma-Dusk-Mane|
|poke|p2|Eternatus|
|poke|p2|Xerneas-*|
|poke|p2|Ho-Oh|
|poke|p2|Calyrex-Shadow|
|teampreview
|l|☆I Crit My Panties
|player|p2|
|j|☆I Crit My Panties
|player|p2|I Crit My Panties|101
|
|t:|1625021273
|start
|switch|p1a: Xerneas|Xerneas|100/100
|switch|p2a: Yveltal|Yveltal|100/100
|-ability|p1a: Xerneas|Fairy Aura
|-ability|p2a: Yveltal|Dark Aura
|turn|1
|
|t:|1625021289
|switch|p2a: Necrozma|Necrozma-Dusk-Mane|100/100
|move|p1a: Xerneas|Moonblast|p2a: Necrozma
|-resisted|p2a: Necrozma
|-damage|p2a: Necrozma|71/100
|
|upkeep
|turn|2
|
|t:|1625021297
|switch|p1a: Necrozma|Necrozma-Dusk-Mane|100/100
|move|p2a: Necrozma|Stealth Rock|p1a: Necrozma
|-sidestart|p1: Rell27|move: Stealth Rock
|
|upkeep
|turn|3
|j| 37c
|
|t:|1625021341
|move|p2a: Necrozma|Earthquake|p1a: Necrozma
|-supereffective|p1a: Necrozma
|-damage|p1a: Necrozma|70/100
|move|p1a: Necrozma|Stealth Rock|p2a: Necrozma
|-sidestart|p2: I Crit My Panties|move: Stealth Rock
|
|upkeep
|turn|4
|
|t:|1625021349
|move|p1a: Necrozma|Morning Sun|p1a: Necrozma
|-heal|p1a: Necrozma|100/100
|move|p2a: Necrozma|Earthquake|p1a: Necrozma
|-supereffective|p1a: Necrozma
|-damage|p1a: Necrozma|72/100
|
|upkeep
|turn|5
|
|t:|1625021357
|move|p2a: Necrozma|Earthquake|p1a: Necrozma
|-supereffective|p1a: Necrozma
|-damage|p1a: Necrozma|42/100
|move|p1a: Necrozma|Morning Sun|p1a: Necrozma
|-heal|p1a: Necrozma|92/100
|
|upkeep
|turn|6
|
|t:|1625021387
|switch|p1a: Zygarde|Zygarde|100/100
|-damage|p1a: Zygarde|94/100|[from] Stealth Rock
|move|p2a: Necrozma|Earthquake|p1a: Zygarde
|-damage|p1a: Zygarde|74/100
|
|-heal|p1a: Zygarde|80/100|[from] item: Leftovers
|upkeep
|turn|7
|
|t:|1625021394
|switch|p1a: Xerneas|Xerneas|100/100
|-damage|p1a: Xerneas|88/100|[from] Stealth Rock
|-ability|p1a: Xerneas|Fairy Aura
|switch|p2a: Xerneas|Xerneas|100/100
|-damage|p2a: Xerneas|88/100|[from] Stealth Rock
|-ability|p2a: Xerneas|Fairy Aura
|
|-heal|p2a: Xerneas|94/100|[from] item: Leftovers
|upkeep
|turn|8
|
|t:|1625021404
|switch|p2a: Ho-Oh|Ho-Oh|100/100
|move|p1a: Xerneas|Geomancy||[still]
|-prepare|p1a: Xerneas|Geomancy
|-enditem|p1a: Xerneas|Power Herb
|-anim|p1a: Xerneas|Geomancy|p1a: Xerneas
|-boost|p1a: Xerneas|spa|2
|-boost|p1a: Xerneas|spd|2
|-boost|p1a: Xerneas|spe|2
|
|upkeep
|turn|9
|
|t:|1625021408
|move|p1a: Xerneas|Moonblast|p2a: Ho-Oh
|-resisted|p2a: Ho-Oh
|-damage|p2a: Ho-Oh|64/100
|move|p2a: Ho-Oh|Whirlwind|p1a: Xerneas
|drag|p1a: Palkia|Palkia|100/100
|-damage|p1a: Palkia|88/100|[from] Stealth Rock
|-ability|p1a: Palkia|Pressure
|
|upkeep
|turn|10
|
|t:|1625021426
|switch|p2a: Eternatus|Eternatus|100/100
|-damage|p2a: Eternatus|88/100|[from] Stealth Rock
|-ability|p2a: Eternatus|Pressure
|move|p1a: Palkia|Aqua Tail|p2a: Eternatus
|-resisted|p2a: Eternatus
|-damage|p2a: Eternatus|66/100
|-damage|p1a: Palkia|78/100|[from] item: Life Orb
|
|-heal|p2a: Eternatus|72/100|[from] item: Black Sludge
|upkeep
|turn|11
|
|t:|1625021432
|move|p2a: Eternatus|Dynamax Cannon|p1a: Palkia
|-supereffective|p1a: Palkia
|-damage|p1a: Palkia|0 fnt
|faint|p1a: Palkia
|
|-heal|p2a: Eternatus|78/100|[from] item: Black Sludge
|upkeep
|
|t:|1625021439
|switch|p1a: Eternatus|Eternatus|100/100
|-damage|p1a: Eternatus|88/100|[from] Stealth Rock
|-ability|p1a: Eternatus|Pressure
|turn|12
|
|t:|1625021443
|switch|p2a: Ho-Oh|Ho-Oh|97/100
|move|p1a: Eternatus|Dynamax Cannon|p2a: Ho-Oh
|-damage|p2a: Ho-Oh|60/100
|-damage|p1a: Eternatus|78/100|[from] item: Life Orb
|
|upkeep
|turn|13
|
|t:|1625021453
|move|p1a: Eternatus|Sludge Bomb|p2a: Ho-Oh
|-damage|p2a: Ho-Oh|29/100
|-damage|p1a: Eternatus|68/100|[from] item: Life Orb
|move|p2a: Ho-Oh|Thunder Wave|p1a: Eternatus
|-status|p1a: Eternatus|par
|
|upkeep
|turn|14
|
|t:|1625021458
|switch|p1a: Marshadow|Marshadow|100/100
|-damage|p1a: Marshadow|94/100|[from] Stealth Rock
|move|p2a: Ho-Oh|Roost|p2a: Ho-Oh
|-heal|p2a: Ho-Oh|79/100
|-singleturn|p2a: Ho-Oh|move: Roost
|
|upkeep
|turn|15
|
|t:|1625021462
|switch|p2a: Xerneas|Xerneas|94/100
|-damage|p2a: Xerneas|82/100|[from] Stealth Rock
|-ability|p2a: Xerneas|Fairy Aura
|move|p1a: Marshadow|Rock Tomb|p2a: Xerneas
|-damage|p2a: Xerneas|60/100
|-unboost|p2a: Xerneas|spe|1
|-damage|p1a: Marshadow|84/100|[from] item: Life Orb
|
|-heal|p2a: Xerneas|66/100|[from] item: Leftovers
|upkeep
|turn|16
|
|t:|1625021466
|move|p1a: Marshadow|Poltergeist|p2a: Xerneas
|-activate|p2a: Xerneas|move: Poltergeist|Leftovers
|-damage|p2a: Xerneas|25/100
|-damage|p1a: Marshadow|75/100|[from] item: Life Orb
|move|p2a: Xerneas|Moonblast|p1a: Marshadow
|-supereffective|p1a: Marshadow
|-damage|p1a: Marshadow|0 fnt
|faint|p1a: Marshadow
|
|-heal|p2a: Xerneas|31/100|[from] item: Leftovers
|upkeep
|
|t:|1625021476
|switch|p1a: Xerneas|Xerneas|88/100
|-damage|p1a: Xerneas|76/100|[from] Stealth Rock
|-ability|p1a: Xerneas|Fairy Aura
|turn|17
|
|t:|1625021486
|switch|p2a: Ho-Oh|Ho-Oh|100/100
|move|p1a: Xerneas|Aromatherapy|p1a: Xerneas
|-activate|p1a: Xerneas|move: Aromatherapy
|-curestatus|p1: Eternatus|par|[msg]
|
|upkeep
|turn|18
|
|t:|1625021499
|switch|p1a: Eternatus|Eternatus|68/100
|-damage|p1a: Eternatus|56/100|[from] Stealth Rock
|-ability|p1a: Eternatus|Pressure
|move|p2a: Ho-Oh|Sacred Fire|p1a: Eternatus
|-resisted|p1a: Eternatus
|-damage|p1a: Eternatus|38/100
|
|upkeep
|turn|19
|
|t:|1625021506
|move|p1a: Eternatus|Sludge Bomb|p2a: Ho-Oh
|-damage|p2a: Ho-Oh|65/100
|-damage|p1a: Eternatus|28/100|[from] item: Life Orb
|move|p2a: Ho-Oh|Thunder Wave|p1a: Eternatus
|-status|p1a: Eternatus|par
|
|upkeep
|turn|20
|
|t:|1625021514
|move|p1a: Eternatus|Recover|p1a: Eternatus
|-heal|p1a: Eternatus|78/100 par
|move|p2a: Ho-Oh|Whirlwind|p1a: Eternatus
|drag|p1a: Zygarde|Zygarde|80/100
|-damage|p1a: Zygarde|74/100|[from] Stealth Rock
|
|-heal|p1a: Zygarde|80/100|[from] item: Leftovers
|upkeep
|turn|21
|inactive|Battle timer is ON: inactive players will automatically lose when time's up. (requested by I Crit My Panties)
|
|t:|1625021523
|switch|p1a: Eternatus|Eternatus|78/100 par
|-damage|p1a: Eternatus|66/100 par|[from] Stealth Rock
|-ability|p1a: Eternatus|Pressure
|move|p2a: Ho-Oh|Whirlwind|p1a: Eternatus
|drag|p1a: Necrozma|Necrozma-Dusk-Mane|92/100
|-damage|p1a: Necrozma|85/100|[from] Stealth Rock
|
|upkeep
|turn|22
|-message|Rell27 forfeited.
|
|win|I Crit My Panties
|raw|Rell27's rating: 1492 &rarr; <strong>1480</strong><br />(-12 for losing)
|raw|I Crit My Panties's rating: 1645 &rarr; <strong>1657</strong><br />(+12 for winning)
|l|☆Rell27
|j| that boy doctore
|l|☆I Crit My Panties
