|j|☆Oricorioistoogood
|j|☆puissance du feu
|t:|1668539947
|gametype|singles
|player|p1|Oricorioistoogood|unknown|1132
|player|p2|puissance du feu|blackbelt-gen4dp|1325
|teamsize|p1|6
|teamsize|p2|6
|gen|8
|tier|[Gen 8] Ubers
|rated|
|rule|Sleep Clause Mod: Limit one foe put to sleep
|rule|Species Clause: Limit one of each Pokémon
|rule|OHKO Clause: OHKO moves are banned
|rule|Evasion Items Clause: Evasion items are banned
|rule|Evasion Moves Clause: Evasion moves are banned
|rule|Endless Battle Clause: Forcing endless battles is banned
|rule|HP Percentage Mod: HP is shown in percentages
|rule|Dynamax Clause: You cannot dynamax
|clearpoke
|poke|p1|Shuckle, M|
|poke|p1|Dracovish|
|poke|p1|Urshifu-*, F|
|poke|p1|Calyrex-Shadow|
|poke|p1|Kyogre|
|poke|p1|Yveltal|
|poke|p2|Dialga|
|poke|p2|Ho-Oh|
|poke|p2|Mewtwo|
|poke|p2|Weavile, F|
|poke|p2|Kyogre|
|poke|p2|Skarmory, M|
|teampreview
|inactive|Battle timer is ON: inactive players will automatically lose when time's up. (requested by Oricorioistoogood)
|inactive|puissance du feu also wants the timer to be on.
|
|t:|1668539958
|start
|switch|p1a: Shuckle|Shuckle, M|100/100
|switch|p2a: Thang on me !|Weavile, F|100/100
|-ability|p2a: Thang on me !|Pressure
|turn|1
|
|t:|1668539962
|move|p2a: Thang on me !|Swords Dance|p2a: Thang on me !
|-boost|p2a: Thang on me !|atk|2
|move|p1a: Shuckle|Sticky Web|p2a: Thang on me !
|-sidestart|p2: puissance du feu|move: Sticky Web
|
|upkeep
|turn|2
|
|t:|1668539970
|move|p2a: Thang on me !|Knock Off|p1a: Shuckle
|-damage|p1a: Shuckle|36/100
|-enditem|p1a: Shuckle|Custap Berry|[from] move: Knock Off|[of] p2a: Thang on me !
|move|p1a: Shuckle|Stealth Rock|p2a: Thang on me !
|-sidestart|p2: puissance du feu|move: Stealth Rock
|
|upkeep
|turn|3
|
|t:|1668539985
|move|p2a: Thang on me !|Knock Off|p1a: Shuckle
|-damage|p1a: Shuckle|0 fnt
|faint|p1a: Shuckle
|
|upkeep
|
|t:|1668539992
|switch|p1a: Calyrex|Calyrex-Shadow|100/100
|-ability|p1a: Calyrex|As One
|-ability|p1a: Calyrex|Unnerve
|turn|4
|
|t:|1668540004
|move|p1a: Calyrex|Draining Kiss|p2a: Thang on me !
|-supereffective|p2a: Thang on me !
|-damage|p2a: Thang on me !|46/100
|move|p2a: Thang on me !|Knock Off|p1a: Calyrex
|-supereffective|p1a: Calyrex
|-enditem|p1a: Calyrex|Focus Sash
|-damage|p1a: Calyrex|1/100
|
|upkeep
|turn|5
|
|t:|1668540012
|move|p2a: Thang on me !|Ice Shard|p1a: Calyrex
|-damage|p1a: Calyrex|0 fnt
|faint|p1a: Calyrex
|
|upkeep
|
|t:|1668540017
|switch|p1a: Kyogre|Kyogre|100/100
|-weather|RainDance|[from] ability: Drizzle|[of] p1a: Kyogre
|turn|6
|
|t:|1668540024
|move|p2a: Thang on me !|Knock Off|p1a: Kyogre
|-damage|p1a: Kyogre|0 fnt
|-enditem|p1a: Kyogre|Choice Specs|[from] move: Knock Off|[of] p2a: Thang on me !
|faint|p1a: Kyogre
|
|-weather|RainDance|[upkeep]
|upkeep
|
|t:|1668540029
|switch|p1a: Urshifu|Urshifu, F|100/100
|turn|7
|
|t:|1668540043
|move|p2a: Thang on me !|Ice Shard|p1a: Urshifu
|-damage|p1a: Urshifu|61/100
|move|p1a: Urshifu|U-turn|p2a: Thang on me !
|-supereffective|p2a: Thang on me !
|-damage|p2a: Thang on me !|0 fnt
|faint|p2a: Thang on me !
|-damage|p1a: Urshifu|52/100|[from] item: Life Orb
|
|t:|1668540051
|switch|p1a: Dracovish|Dracovish|100/100|[from]move: U-turn
|
|-weather|RainDance|[upkeep]
|upkeep
|
|t:|1668540060
|switch|p2a: Srkria|Skarmory, M|100/100
|-damage|p2a: Srkria|88/100|[from] Stealth Rock
|turn|8
|
|t:|1668540069
|move|p1a: Dracovish|Fishious Rend|p2a: Srkria
|-damage|p2a: Srkria|0 fnt
|-damage|p1a: Dracovish|84/100|[from] item: Rocky Helmet|[of] p2a: Srkria
|faint|p2a: Srkria
|
|-weather|RainDance|[upkeep]
|upkeep
|
|t:|1668540083
|switch|p2a: Fen|Dialga|100/100
|-activate|p2a: Fen|move: Sticky Web
|-unboost|p2a: Fen|spe|1
|-damage|p2a: Fen|94/100|[from] Stealth Rock
|-ability|p2a: Fen|Pressure
|turn|9
|
|t:|1668540091
|move|p1a: Dracovish|Fishious Rend|p2a: Fen
|-resisted|p2a: Fen
|-damage|p2a: Fen|3/100
|move|p2a: Fen|Draco Meteor|p1a: Dracovish|[miss]
|-miss|p2a: Fen|p1a: Dracovish
|
|-weather|RainDance|[upkeep]
|upkeep
|turn|10
|
|t:|1668540099
|move|p1a: Dracovish|Fishious Rend|p2a: Fen
|-resisted|p2a: Fen
|-damage|p2a: Fen|0 fnt
|faint|p2a: Fen
|
|-weather|none
|upkeep
|
|t:|1668540117
|switch|p2a: Le Calino|Kyogre|100/100
|-activate|p2a: Le Calino|move: Sticky Web
|-unboost|p2a: Le Calino|spe|1
|-damage|p2a: Le Calino|88/100|[from] Stealth Rock
|-weather|RainDance|[from] ability: Drizzle|[of] p2a: Le Calino
|turn|11
|
|t:|1668540124
|move|p1a: Dracovish|Fishious Rend|p2a: Le Calino
|-resisted|p2a: Le Calino
|-crit|p2a: Le Calino
|-damage|p2a: Le Calino|0 fnt
|faint|p2a: Le Calino
|
|-weather|RainDance|[upkeep]
|upkeep
|
|t:|1668540129
|switch|p2a: Mew no.|Mewtwo|100/100
|-ability|p2a: Mew no.|Unnerve
|-activate|p2a: Mew no.|move: Sticky Web
|-unboost|p2a: Mew no.|spe|1
|-damage|p2a: Mew no.|88/100|[from] Stealth Rock
|turn|12
|-message|puissance du feu forfeited.
|
|win|Oricorioistoogood
|raw|Oricorioistoogood's rating: 1132 &rarr; <strong>1170</strong><br />(+38 for winning)
|raw|puissance du feu's rating: 1325 &rarr; <strong>1295</strong><br />(-30 for losing)
|l|☆puissance du feu
