|j|☆javaisawesome
|j|☆Ryrissu
|t:|1667329969
|gametype|singles
|player|p1|javaisawesome|cynthia|1344
|player|p2|Ryrissu|hilbert-wonderlauncher|1445
|teamsize|p1|6
|teamsize|p2|6
|gen|8
|tier|[Gen 8] Ubers
|rated|
|rule|Sleep Clause Mod: Limit one foe put to sleep
|rule|Species Clause: Limit one of each Pokémon
|rule|OHKO Clause: OHKO moves are banned
|rule|Evasion Items Clause: Evasion items are banned
|rule|Evasion Moves Clause: Evasion moves are banned
|rule|Endless Battle Clause: Forcing endless battles is banned
|rule|HP Percentage Mod: HP is shown in percentages
|rule|Dynamax Clause: You cannot dynamax
|clearpoke
|poke|p1|Calyrex-Shadow|
|poke|p1|Eternatus|
|poke|p1|Necrozma-Dusk-Mane|
|poke|p1|Pheromosa|
|poke|p1|Yveltal|
|poke|p1|Marshadow|
|poke|p2|Kyogre|
|poke|p2|Palkia|
|poke|p2|Groudon|
|poke|p2|Zekrom|
|poke|p2|Yveltal|
|poke|p2|Necrozma-Dusk-Mane|
|teampreview
|
|t:|1667329975
|start
|switch|p1a: Bonk|Pheromosa|100/100
|switch|p2a: Kyogre|Kyogre|100/100
|-weather|RainDance|[from] ability: Drizzle|[of] p2a: Kyogre
|turn|1
|
|t:|1667329984
|move|p1a: Bonk|Close Combat|p2a: Kyogre
|-damage|p2a: Kyogre|12/100
|-unboost|p1a: Bonk|def|1
|-unboost|p1a: Bonk|spd|1
|move|p2a: Kyogre|Thunder Wave|p1a: Bonk
|-status|p1a: Bonk|par
|
|-weather|RainDance|[upkeep]
|-heal|p2a: Kyogre|18/100|[from] item: Leftovers
|upkeep
|turn|2
|c|☆javaisawesome|ok?
|c|☆javaisawesome|I guess Bonk lost any utility
|
|t:|1667330013
|move|p1a: Bonk|Close Combat|p2a: Kyogre
|-damage|p2a: Kyogre|0 fnt
|-unboost|p1a: Bonk|def|1
|-unboost|p1a: Bonk|spd|1
|faint|p2a: Kyogre
|-ability|p1a: Bonk|Beast Boost|boost
|-boost|p1a: Bonk|spe|1
|
|-weather|RainDance|[upkeep]
|upkeep
|
|t:|1667330015
|switch|p2a: Yveltal|Yveltal|100/100
|-ability|p2a: Yveltal|Dark Aura
|turn|3
|
|t:|1667330019
|move|p1a: Bonk|Close Combat|p2a: Yveltal
|-damage|p2a: Yveltal|23/100
|-unboost|p1a: Bonk|def|1
|-unboost|p1a: Bonk|spd|1
|move|p2a: Yveltal|Oblivion Wing|p1a: Bonk
|-supereffective|p1a: Bonk
|-damage|p1a: Bonk|0 fnt
|-heal|p2a: Yveltal|74/100|[from] drain|[of] p1a: Bonk
|faint|p1a: Bonk
|
|-weather|RainDance|[upkeep]
|upkeep
|
|t:|1667330028
|switch|p1a: Snek|Eternatus|100/100
|-ability|p1a: Snek|Pressure
|turn|4
|
|t:|1667330034
|switch|p2a: Necrozma|Necrozma-Dusk-Mane|100/100
|move|p1a: Snek|Meteor Beam||[still]
|-prepare|p1a: Snek|Meteor Beam
|-boost|p1a: Snek|spa|1
|-enditem|p1a: Snek|Power Herb
|-anim|p1a: Snek|Meteor Beam|p2a: Necrozma
|-resisted|p2a: Necrozma
|-damage|p2a: Necrozma|82/100
|
|-weather|RainDance|[upkeep]
|-heal|p2a: Necrozma|88/100|[from] item: Leftovers
|upkeep
|turn|5
|
|t:|1667330053
|move|p1a: Snek|Flamethrower|p2a: Necrozma
|-supereffective|p2a: Necrozma
|-damage|p2a: Necrozma|68/100
|move|p2a: Necrozma|Cosmic Power|p2a: Necrozma
|-boost|p2a: Necrozma|def|1
|-boost|p2a: Necrozma|spd|1
|
|-weather|none
|-heal|p2a: Necrozma|74/100|[from] item: Leftovers
|upkeep
|turn|6
|
|t:|1667330059
|switch|p1a: Big Bird|Yveltal|100/100
|-ability|p1a: Big Bird|Dark Aura
|move|p2a: Necrozma|Cosmic Power|p2a: Necrozma
|-boost|p2a: Necrozma|def|1
|-boost|p2a: Necrozma|spd|1
|
|-heal|p2a: Necrozma|80/100|[from] item: Leftovers
|upkeep
|turn|7
|
|t:|1667330075
|move|p1a: Big Bird|Knock Off|p2a: Necrozma
|-supereffective|p2a: Necrozma
|-damage|p2a: Necrozma|42/100
|-enditem|p2a: Necrozma|Leftovers|[from] move: Knock Off|[of] p1a: Big Bird
|move|p2a: Necrozma|Cosmic Power|p2a: Necrozma
|-boost|p2a: Necrozma|def|1
|-boost|p2a: Necrozma|spd|1
|
|upkeep
|turn|8
|inactive|Battle timer is ON: inactive players will automatically lose when time's up. (requested by Ryrissu)
|
|t:|1667330083
|move|p1a: Big Bird|U-turn|p2a: Necrozma
|-damage|p2a: Necrozma|35/100
|
|t:|1667330085
|switch|p1a: Steals Your Buff|Marshadow|100/100|[from]move: U-turn
|move|p2a: Necrozma|Morning Sun|p2a: Necrozma
|-heal|p2a: Necrozma|85/100
|
|upkeep
|turn|9
|
|t:|1667330096
|switch|p2a: Zekrom|Zekrom|100/100
|-ability|p2a: Zekrom|Teravolt
|move|p1a: Steals Your Buff|Spectral Thief|p2a: Zekrom
|-damage|p2a: Zekrom|67/100
|
|upkeep
|turn|10
|
|t:|1667330102
|move|p1a: Steals Your Buff|Close Combat|p2a: Zekrom
|-damage|p2a: Zekrom|16/100
|-unboost|p1a: Steals Your Buff|def|1
|-unboost|p1a: Steals Your Buff|spd|1
|move|p2a: Zekrom|Bolt Strike|p1a: Steals Your Buff
|-enditem|p1a: Steals Your Buff|Focus Sash
|-damage|p1a: Steals Your Buff|1/100
|
|upkeep
|turn|11
|
|t:|1667330113
|switch|p2a: Yveltal|Yveltal|74/100
|-ability|p2a: Yveltal|Dark Aura
|move|p1a: Steals Your Buff|Knock Off|p2a: Yveltal
|-resisted|p2a: Yveltal
|-damage|p2a: Yveltal|55/100
|-enditem|p2a: Yveltal|Metronome|[from] move: Knock Off|[of] p1a: Steals Your Buff
|
|upkeep
|turn|12
|
|t:|1667330119
|switch|p1a: Big Bird|Yveltal|100/100
|-ability|p1a: Big Bird|Dark Aura
|move|p2a: Yveltal|Sucker Punch||[still]
|-fail|p2a: Yveltal
|
|upkeep
|turn|13
|
|t:|1667330123
|move|p2a: Yveltal|Oblivion Wing|p1a: Big Bird
|-damage|p1a: Big Bird|70/100
|-heal|p2a: Yveltal|81/100|[from] drain|[of] p1a: Big Bird
|move|p1a: Big Bird|Knock Off|p2a: Yveltal
|-resisted|p2a: Yveltal
|-damage|p2a: Yveltal|60/100
|
|upkeep
|turn|14
|
|t:|1667330128
|move|p2a: Yveltal|Oblivion Wing|p1a: Big Bird
|-damage|p1a: Big Bird|36/100
|-heal|p2a: Yveltal|88/100|[from] drain|[of] p1a: Big Bird
|move|p1a: Big Bird|U-turn|p2a: Yveltal
|-damage|p2a: Yveltal|64/100
|
|t:|1667330134
|switch|p1a: Snek|Eternatus|100/100|[from]move: U-turn
|-ability|p1a: Snek|Pressure
|
|upkeep
|turn|15
|
|t:|1667330143
|move|p1a: Snek|Dynamax Cannon|p2a: Yveltal
|-damage|p2a: Yveltal|19/100
|move|p2a: Yveltal|Oblivion Wing|p1a: Snek
|-damage|p1a: Snek|65/100
|-heal|p2a: Yveltal|47/100|[from] drain|[of] p1a: Snek
|
|upkeep
|turn|16
|
|t:|1667330153
|switch|p2a: Necrozma|Necrozma-Dusk-Mane|85/100
|move|p1a: Snek|Dynamax Cannon|p2a: Necrozma
|-resisted|p2a: Necrozma
|-damage|p2a: Necrozma|68/100
|
|upkeep
|turn|17
|
|t:|1667330161
|switch|p1a: Big Bird|Yveltal|36/100
|-ability|p1a: Big Bird|Dark Aura
|move|p2a: Necrozma|Cosmic Power|p2a: Necrozma
|-boost|p2a: Necrozma|def|1
|-boost|p2a: Necrozma|spd|1
|
|upkeep
|turn|18
|
|t:|1667330164
|move|p1a: Big Bird|Roost|p1a: Big Bird
|-heal|p1a: Big Bird|86/100
|-singleturn|p1a: Big Bird|move: Roost
|move|p2a: Necrozma|Morning Sun|p2a: Necrozma
|-heal|p2a: Necrozma|100/100
|
|upkeep
|turn|19
|
|t:|1667330172
|move|p1a: Big Bird|Knock Off|p2a: Necrozma
|-supereffective|p2a: Necrozma
|-damage|p2a: Necrozma|67/100
|move|p2a: Necrozma|Cosmic Power|p2a: Necrozma
|-boost|p2a: Necrozma|def|1
|-boost|p2a: Necrozma|spd|1
|
|upkeep
|turn|20
|
|t:|1667330178
|move|p1a: Big Bird|U-turn|p2a: Necrozma
|-damage|p2a: Necrozma|57/100
|
|t:|1667330180
|switch|p1a: Steals Your Buff|Marshadow|1/100|[from]move: U-turn
|move|p2a: Necrozma|Morning Sun|p2a: Necrozma
|-heal|p2a: Necrozma|100/100
|
|upkeep
|turn|21
|
|t:|1667330190
|switch|p1a: Gay Crystal|Necrozma-Dusk-Mane|100/100
|move|p2a: Necrozma|Sunsteel Strike|p1a: Gay Crystal
|-resisted|p1a: Gay Crystal
|-damage|p1a: Gay Crystal|84/100
|
|-heal|p1a: Gay Crystal|90/100|[from] item: Leftovers
|upkeep
|turn|22
|
|t:|1667330203
|switch|p2a: Zekrom|Zekrom|16/100
|-ability|p2a: Zekrom|Teravolt
|move|p1a: Gay Crystal|Thunder Wave|p2a: Zekrom|[miss]
|-miss|p1a: Gay Crystal|p2a: Zekrom
|
|-heal|p1a: Gay Crystal|96/100|[from] item: Leftovers
|upkeep
|turn|23
|
|t:|1667330209
|move|p2a: Zekrom|Roost|p2a: Zekrom
|-heal|p2a: Zekrom|67/100
|-singleturn|p2a: Zekrom|move: Roost
|move|p1a: Gay Crystal|Stealth Rock|p2a: Zekrom
|-sidestart|p2: Ryrissu|move: Stealth Rock
|
|-heal|p1a: Gay Crystal|100/100|[from] item: Leftovers
|upkeep
|turn|24
|
|t:|1667330220
|switch|p1a: Heavy Head|Calyrex-Shadow|100/100
|-ability|p1a: Heavy Head|As One
|-ability|p1a: Heavy Head|Unnerve
|move|p2a: Zekrom|Dragon Dance|p2a: Zekrom
|-boost|p2a: Zekrom|atk|1
|-boost|p2a: Zekrom|spe|1
|
|upkeep
|turn|25
|
|t:|1667330222
|move|p1a: Heavy Head|Astral Barrage|p2a: Zekrom
|-damage|p2a: Zekrom|0 fnt
|faint|p2a: Zekrom
|-ability|p1a: Heavy Head|Grim Neigh|boost
|-boost|p1a: Heavy Head|spa|1
|-damage|p1a: Heavy Head|91/100|[from] item: Life Orb
|
|upkeep
|
|t:|1667330226
|switch|p2a: Yveltal|Yveltal|47/100
|-damage|p2a: Yveltal|22/100|[from] Stealth Rock
|-ability|p2a: Yveltal|Dark Aura
|turn|26
|
|t:|1667330237
|switch|p1a: Snek|Eternatus|65/100
|-ability|p1a: Snek|Pressure
|move|p2a: Yveltal|Sucker Punch||[still]
|-fail|p2a: Yveltal
|
|upkeep
|turn|27
|
|t:|1667330241
|switch|p2a: Necrozma|Necrozma-Dusk-Mane|100/100
|-damage|p2a: Necrozma|94/100|[from] Stealth Rock
|move|p1a: Snek|Flamethrower|p2a: Necrozma
|-supereffective|p2a: Necrozma
|-damage|p2a: Necrozma|65/100
|
|upkeep
|turn|28
|
|t:|1667330248
|switch|p1a: Heavy Head|Calyrex-Shadow|91/100
|-ability|p1a: Heavy Head|As One
|-ability|p1a: Heavy Head|Unnerve
|move|p2a: Necrozma|Morning Sun|p2a: Necrozma
|-heal|p2a: Necrozma|100/100
|
|upkeep
|turn|29
|
|t:|1667330253
|move|p1a: Heavy Head|Astral Barrage|p2a: Necrozma
|-supereffective|p2a: Necrozma
|-damage|p2a: Necrozma|21/100
|-damage|p1a: Heavy Head|81/100|[from] item: Life Orb
|move|p2a: Necrozma|Cosmic Power|p2a: Necrozma
|-boost|p2a: Necrozma|def|1
|-boost|p2a: Necrozma|spd|1
|
|upkeep
|turn|30
|
|t:|1667330258
|move|p1a: Heavy Head|Astral Barrage|p2a: Necrozma
|-supereffective|p2a: Necrozma
|-damage|p2a: Necrozma|0 fnt
|faint|p2a: Necrozma
|-ability|p1a: Heavy Head|Grim Neigh|boost
|-boost|p1a: Heavy Head|spa|1
|-damage|p1a: Heavy Head|71/100|[from] item: Life Orb
|
|upkeep
|-message|Ryrissu forfeited.
|
|win|javaisawesome
|raw|javaisawesome's rating: 1344 &rarr; <strong>1370</strong><br />(+26 for winning)
|raw|Ryrissu's rating: 1445 &rarr; <strong>1419</strong><br />(-26 for losing)
|l|☆Ryrissu
||Ladder isn't responding, score probably updated but might not have (Request timeout).
