|j|☆MVPjam
|j|☆Carl Murray
|player|p1|MVPjam|273|1465
|player|p2|Carl Murray|roxie|1514
|teamsize|p1|6
|teamsize|p2|6
|gametype|singles
|gen|8
|tier|[Gen 8] Ubers
|rated|
|clearpoke
|poke|p1|Mewtwo|
|poke|p1|Zacian-Crowned|
|poke|p1|Lunala|
|poke|p1|Tyranitar, M|
|poke|p1|Corviknight, F|
|poke|p1|Marshadow|
|poke|p2|Melmetal|
|poke|p2|Mewtwo|
|poke|p2|Zacian-Crowned|
|poke|p2|Lunala|
|poke|p2|Necrozma-Dusk-Mane|
|poke|p2|Ditto|
|rule|Sleep Clause Mod: Limit one foe put to sleep
|rule|Species Clause: Limit one of each Pokémon
|rule|OHKO Clause: OHKO moves are banned
|rule|Evasion Moves Clause: Evasion moves are banned
|rule|Endless Battle Clause: Forcing endless battles is banned
|rule|HP Percentage Mod: HP is shown in percentages
|teampreview
|
|start
|switch|p1a: Corviknight|Corviknight, F|100/100
|switch|p2a: Melmetal|Melmetal|100/100
|-ability|p1a: Corviknight|Pressure
|turn|1
|inactive|Battle timer is ON: inactive players will automatically lose when time's up. (requested by MVPjam)
|
|move|p1a: Corviknight|U-turn|p2a: Melmetal
|-resisted|p2a: Melmetal
|-damage|p2a: Melmetal|97/100
|
|switch|p1a: Tyranitar|Tyranitar, M|100/100|[from]move: U-turn
|-weather|Sandstorm|[from] ability: Sand Stream|[of] p1a: Tyranitar
|move|p2a: Melmetal|Thunder Punch|p1a: Tyranitar
|-damage|p1a: Tyranitar|54/100
|
|-weather|Sandstorm|[upkeep]
|-heal|p1a: Tyranitar|60/100|[from] item: Leftovers
|upkeep
|turn|2
|
|-start|p2a: Melmetal|Dynamax
|-heal|p2a: Melmetal|97/100|[silent]
|move|p1a: Tyranitar|Stealth Rock|p2a: Melmetal
|-sidestart|p2: Carl Murray|move: Stealth Rock
|move|p2a: Melmetal|Max Steelspike|p1a: Tyranitar
|-supereffective|p1a: Tyranitar
|-damage|p1a: Tyranitar|0 fnt
|-boost|p2a: Melmetal|def|1
|faint|p1a: Tyranitar
|
|-weather|Sandstorm|[upkeep]
|upkeep
|
|switch|p1a: Lunala|Lunala|100/100
|turn|3
|
|move|p1a: Lunala|Will-O-Wisp|p2a: Melmetal
|-status|p2a: Melmetal|brn
|move|p2a: Melmetal|Max Hailstorm|p1a: Lunala
|-damage|p1a: Lunala|91/100
|-weather|Hail
|
|-weather|Hail|[upkeep]
|-damage|p1a: Lunala|85/100|[from] Hail
|-damage|p2a: Melmetal|94/100 brn|[from] Hail
|-damage|p2a: Melmetal|91/100 brn|[from] brn
|upkeep
|turn|4
|
|-end|p2a: Melmetal|Dynamax
|-heal|p2a: Melmetal|91/100 brn|[silent]
|switch|p2a: Lunala|Lunala|100/100
|-damage|p2a: Lunala|88/100|[from] Stealth Rock
|move|p1a: Lunala|Hex|p2a: Lunala
|-supereffective|p2a: Lunala
|-damage|p2a: Lunala|35/100
|
|-weather|Hail|[upkeep]
|-damage|p1a: Lunala|79/100|[from] Hail
|-damage|p2a: Lunala|29/100|[from] Hail
|-heal|p2a: Lunala|35/100|[from] item: Leftovers
|upkeep
|turn|5
|
|move|p1a: Lunala|Hex|p2a: Lunala
|-supereffective|p2a: Lunala
|-damage|p2a: Lunala|0 fnt
|faint|p2a: Lunala
|
|-weather|Hail|[upkeep]
|-damage|p1a: Lunala|73/100|[from] Hail
|upkeep
|
|switch|p2a: Necrozma|Necrozma-Dusk-Mane|100/100
|-damage|p2a: Necrozma|94/100|[from] Stealth Rock
|turn|6
|
|move|p1a: Lunala|Will-O-Wisp|p2a: Necrozma
|-status|p2a: Necrozma|brn
|move|p2a: Necrozma|Stealth Rock|p1a: Lunala
|-sidestart|p1: MVPjam|move: Stealth Rock
|
|-weather|Hail|[upkeep]
|-damage|p1a: Lunala|67/100|[from] Hail
|-damage|p2a: Necrozma|88/100 brn|[from] Hail
|-heal|p2a: Necrozma|94/100 brn|[from] item: Leftovers
|-damage|p2a: Necrozma|88/100 brn|[from] brn
|upkeep
|turn|7
|
|switch|p2a: Ditto|Ditto|100/100
|-damage|p2a: Ditto|88/100|[from] Stealth Rock
|-transform|p2a: Ditto|p1a: Lunala|[from] ability: Imposter
|move|p1a: Lunala|Defog|p2a: Ditto
|-unboost|p2a: Ditto|evasion|1
|-sideend|p2: Carl Murray|Stealth Rock|[from] move: Defog|[of] p1a: Lunala
|-sideend|p1: MVPjam|Stealth Rock|[from] move: Defog|[of] p1a: Lunala
|
|-weather|none
|upkeep
|turn|8
|
|switch|p1a: Corviknight|Corviknight, F|100/100
|-ability|p1a: Corviknight|Pressure
|move|p2a: Ditto|Hex|p1a: Corviknight
|-damage|p1a: Corviknight|72/100
|
|upkeep
|turn|9
|
|switch|p2a: Zacian|Zacian-Crowned|100/100
|-ability|p2a: Zacian|Intrepid Sword|boost
|-boost|p2a: Zacian|atk|1
|move|p1a: Corviknight|Roost|p1a: Corviknight
|-heal|p1a: Corviknight|100/100
|-singleturn|p1a: Corviknight|move: Roost
|
|upkeep
|turn|10
|
|move|p2a: Zacian|Wild Charge|p1a: Corviknight
|-supereffective|p1a: Corviknight
|-damage|p1a: Corviknight|35/100
|-damage|p2a: Zacian|84/100|[from] item: Rocky Helmet|[of] p1a: Corviknight
|-damage|p2a: Zacian|64/100|[from] Recoil
|move|p1a: Corviknight|Body Press|p2a: Zacian
|-damage|p2a: Zacian|39/100
|
|upkeep
|turn|11
|
|move|p2a: Zacian|Wild Charge|p1a: Corviknight
|-supereffective|p1a: Corviknight
|-crit|p1a: Corviknight
|-damage|p1a: Corviknight|0 fnt
|-damage|p2a: Zacian|22/100|[from] item: Rocky Helmet|[of] p1a: Corviknight
|-damage|p2a: Zacian|12/100|[from] Recoil
|faint|p1a: Corviknight
|
|upkeep
|
|switch|p1a: Marshadow|Marshadow|100/100
|turn|12
|
|switch|p2a: Melmetal|Melmetal|91/100 brn
|move|p1a: Marshadow|Close Combat|p2a: Melmetal
|-supereffective|p2a: Melmetal
|-damage|p2a: Melmetal|22/100 brn
|-unboost|p1a: Marshadow|def|1
|-unboost|p1a: Marshadow|spd|1
|
|-damage|p2a: Melmetal|16/100 brn|[from] brn
|upkeep
|turn|13
|
|move|p1a: Marshadow|Spectral Thief|p2a: Melmetal
|-damage|p2a: Melmetal|0 fnt
|faint|p2a: Melmetal
|
|upkeep
|
|switch|p2a: Necrozma|Necrozma-Dusk-Mane|88/100 brn
|turn|14
|
|switch|p1a: Lunala|Lunala|67/100
|move|p2a: Necrozma|Photon Geyser|p1a: Lunala
|-resisted|p1a: Lunala
|-damage|p1a: Lunala|58/100
|
|-heal|p2a: Necrozma|94/100 brn|[from] item: Leftovers
|-damage|p2a: Necrozma|88/100 brn|[from] brn
|upkeep
|turn|15
|
|move|p1a: Lunala|Roost|p1a: Lunala
|-heal|p1a: Lunala|100/100
|-singleturn|p1a: Lunala|move: Roost
|move|p2a: Necrozma|Stealth Rock|p1a: Lunala
|-sidestart|p1: MVPjam|move: Stealth Rock
|
|-heal|p2a: Necrozma|94/100 brn|[from] item: Leftovers
|-damage|p2a: Necrozma|88/100 brn|[from] brn
|upkeep
|turn|16
|
|move|p1a: Lunala|Defog|p2a: Necrozma
|-unboost|p2a: Necrozma|evasion|1
|-sideend|p1: MVPjam|Stealth Rock|[from] move: Defog|[of] p1a: Lunala
|move|p2a: Necrozma|Sunsteel Strike|p1a: Lunala
|-damage|p1a: Lunala|92/100
|
|-heal|p2a: Necrozma|94/100 brn|[from] item: Leftovers
|-damage|p2a: Necrozma|88/100 brn|[from] brn
|upkeep
|turn|17
|
|move|p1a: Lunala|Hex|p2a: Necrozma
|-supereffective|p2a: Necrozma
|-damage|p2a: Necrozma|18/100 brn
|move|p2a: Necrozma|Stealth Rock|p1a: Lunala
|-sidestart|p1: MVPjam|move: Stealth Rock
|
|-heal|p2a: Necrozma|24/100 brn|[from] item: Leftovers
|-damage|p2a: Necrozma|18/100 brn|[from] brn
|upkeep
|turn|18
|
|move|p1a: Lunala|Defog|p2a: Necrozma
|-unboost|p2a: Necrozma|evasion|1
|-sideend|p1: MVPjam|Stealth Rock|[from] move: Defog|[of] p1a: Lunala
|move|p2a: Necrozma|Stealth Rock|p1a: Lunala
|-sidestart|p1: MVPjam|move: Stealth Rock
|
|-heal|p2a: Necrozma|24/100 brn|[from] item: Leftovers
|-damage|p2a: Necrozma|18/100 brn|[from] brn
|upkeep
|turn|19
|
|move|p1a: Lunala|Roost|p1a: Lunala
|-heal|p1a: Lunala|100/100
|-singleturn|p1a: Lunala|move: Roost
|move|p2a: Necrozma|Stealth Rock||[still]
|-fail|p2a: Necrozma
|
|-heal|p2a: Necrozma|24/100 brn|[from] item: Leftovers
|-damage|p2a: Necrozma|18/100 brn|[from] brn
|upkeep
|turn|20
|
|move|p1a: Lunala|Defog|p2a: Necrozma
|-unboost|p2a: Necrozma|evasion|1
|-sideend|p1: MVPjam|Stealth Rock|[from] move: Defog|[of] p1a: Lunala
|move|p2a: Necrozma|Stealth Rock|p1a: Lunala
|-sidestart|p1: MVPjam|move: Stealth Rock
|
|-heal|p2a: Necrozma|24/100 brn|[from] item: Leftovers
|-damage|p2a: Necrozma|18/100 brn|[from] brn
|upkeep
|turn|21
|
|move|p1a: Lunala|Defog|p2a: Necrozma
|-unboost|p2a: Necrozma|evasion|1
|-sideend|p1: MVPjam|Stealth Rock|[from] move: Defog|[of] p1a: Lunala
|move|p2a: Necrozma|Stealth Rock|p1a: Lunala
|-sidestart|p1: MVPjam|move: Stealth Rock
|
|-heal|p2a: Necrozma|24/100 brn|[from] item: Leftovers
|-damage|p2a: Necrozma|18/100 brn|[from] brn
|upkeep
|turn|22
|
|move|p1a: Lunala|Hex|p2a: Necrozma
|-supereffective|p2a: Necrozma
|-crit|p2a: Necrozma
|-damage|p2a: Necrozma|0 fnt
|faint|p2a: Necrozma
|
|upkeep
|
|switch|p2a: Zacian|Zacian-Crowned|12/100
|-ability|p2a: Zacian|Intrepid Sword|boost
|-boost|p2a: Zacian|atk|1
|turn|23
|
|move|p2a: Zacian|Behemoth Blade|p1a: Lunala
|-damage|p1a: Lunala|71/100
|move|p1a: Lunala|Roost|p1a: Lunala
|-heal|p1a: Lunala|100/100
|-singleturn|p1a: Lunala|move: Roost
|
|upkeep
|turn|24
|
|move|p2a: Zacian|Behemoth Blade|p1a: Lunala
|-damage|p1a: Lunala|66/100
|move|p1a: Lunala|Roost|p1a: Lunala
|-heal|p1a: Lunala|100/100
|-singleturn|p1a: Lunala|move: Roost
|
|upkeep
|turn|25
|
|move|p2a: Zacian|Play Rough|p1a: Lunala
|-damage|p1a: Lunala|73/100
|move|p1a: Lunala|Will-O-Wisp|p2a: Zacian
|-status|p2a: Zacian|brn
|
|-damage|p2a: Zacian|5/100 brn|[from] brn
|upkeep
|turn|26
|
|switch|p2a: Mewtwo|Mewtwo|100/100
|-ability|p2a: Mewtwo|Pressure
|move|p1a: Lunala|Roost|p1a: Lunala
|-heal|p1a: Lunala|100/100
|-singleturn|p1a: Lunala|move: Roost
|
|upkeep
|turn|27
|
|move|p2a: Mewtwo|Nasty Plot|p2a: Mewtwo
|-boost|p2a: Mewtwo|spa|2
|move|p1a: Lunala|Hex|p2a: Mewtwo
|-supereffective|p2a: Mewtwo
|-damage|p2a: Mewtwo|43/100
|
|upkeep
|turn|28
|
|-start|p1a: Lunala|Dynamax
|-heal|p1a: Lunala|100/100|[silent]
|move|p2a: Mewtwo|Ice Beam|p1a: Lunala
|-damage|p1a: Lunala|84/100
|-damage|p2a: Mewtwo|33/100|[from] item: Life Orb
|move|p1a: Lunala|Max Phantasm|p2a: Mewtwo
|-supereffective|p2a: Mewtwo
|-damage|p2a: Mewtwo|0 fnt
|faint|p2a: Mewtwo
|
|upkeep
|
|switch|p2a: Ditto|Ditto|88/100
|-transform|p2a: Ditto|p1a: Lunala|[from] ability: Imposter
|turn|29
|
|move|p1a: Lunala|Max Guard|p1a: Lunala
|-singleturn|p1a: Lunala|Max Guard
|move|p2a: Ditto|Hex|p1a: Lunala
|-activate|p1a: Lunala|move: Max Guard
|
|upkeep
|turn|30
|
|move|p2a: Ditto|Hex|p1a: Lunala
|-supereffective|p1a: Lunala
|-damage|p1a: Lunala|46/100
|move|p1a: Lunala|Max Phantasm|p2a: Ditto
|-supereffective|p2a: Ditto
|-damage|p2a: Ditto|0 fnt
|faint|p2a: Ditto
|
|-end|p1a: Lunala|Dynamax
|-heal|p1a: Lunala|46/100|[silent]
|upkeep
|-message|Carl Murray forfeited.
|
|win|MVPjam
|l|☆Carl Murray
|c|☆MVPjam|gg mec
