|j|☆Rell27
|j|☆Blossoming Eggs
|t:|1607839435
|player|p1|Rell27|101|1407
|player|p2|Blossoming Eggs|2|1403
|teamsize|p1|6
|teamsize|p2|6
|gametype|singles
|gen|8
|tier|[Gen 8] Ubers
|rated|
|clearpoke
|poke|p1|Kyogre|
|poke|p1|Yveltal|
|poke|p1|Eternatus|
|poke|p1|Necrozma-Dusk-Mane|
|poke|p1|Calyrex-Shadow|
|poke|p1|Zacian-Crowned|
|poke|p2|Zacian-Crowned|
|poke|p2|Eternatus|
|poke|p2|Necrozma-Dusk-Mane|
|poke|p2|Blissey, F|
|poke|p2|Calyrex-Ice|
|poke|p2|Skarmory, F|
|rule|Sleep Clause Mod: Limit one foe put to sleep
|rule|Species Clause: Limit one of each Pokémon
|rule|OHKO Clause: OHKO moves are banned
|rule|Evasion Moves Clause: Evasion moves are banned
|rule|Endless Battle Clause: Forcing endless battles is banned
|rule|HP Percentage Mod: HP is shown in percentages
|rule|Dynamax Clause: You cannot dynamax
|teampreview
|inactive|Battle timer is ON: inactive players will automatically lose when time's up. (requested by Blossoming Eggs)
|inactive|Rell27 has 120 seconds left.
|
|t:|1607839505
|start
|switch|p1a: Calyrex|Calyrex-Shadow|100/100
|switch|p2a: Blissey|Blissey, F|100/100
|-ability|p1a: Calyrex|As One
|-ability|p1a: Calyrex|Unnerve|p2: Blossoming Eggs
|turn|1
|
|t:|1607839517
|switch|p1a: Zacian|Zacian-Crowned|100/100
|-ability|p1a: Zacian|Intrepid Sword|boost
|-boost|p1a: Zacian|atk|1
|move|p2a: Blissey|Stealth Rock|p1a: Zacian
|-sidestart|p1: Rell27|move: Stealth Rock
|
|upkeep
|turn|2
|
|t:|1607839524
|switch|p2a: Necrozma|Necrozma-Dusk-Mane|100/100
|move|p1a: Zacian|Swords Dance|p1a: Zacian
|-boost|p1a: Zacian|atk|2
|
|upkeep
|turn|3
|
|t:|1607839540
|move|p1a: Zacian|Swords Dance|p1a: Zacian
|-boost|p1a: Zacian|atk|2
|move|p2a: Necrozma|Trick Room|p2a: Necrozma
|-fieldstart|move: Trick Room|[of] p2a: Necrozma
|
|upkeep
|turn|4
|
|t:|1607839547
|move|p2a: Necrozma|Earthquake|p1a: Zacian
|-supereffective|p1a: Zacian
|-damage|p1a: Zacian|24/100
|move|p1a: Zacian|Behemoth Blade|p2a: Necrozma
|-resisted|p2a: Necrozma
|-damage|p2a: Necrozma|21/100
|
|upkeep
|turn|5
|
|t:|1607839560
|switch|p1a: Necrozma|Necrozma-Dusk-Mane|100/100
|-damage|p1a: Necrozma|94/100|[from] Stealth Rock
|move|p2a: Necrozma|Sunsteel Strike|p1a: Necrozma
|-resisted|p1a: Necrozma
|-damage|p1a: Necrozma|73/100
|
|upkeep
|turn|6
|
|t:|1607839569
|move|p2a: Necrozma|Earthquake|p1a: Necrozma
|-supereffective|p1a: Necrozma
|-damage|p1a: Necrozma|35/100
|-enditem|p1a: Necrozma|Weakness Policy
|-boost|p1a: Necrozma|atk|2|[from] item: Weakness Policy
|-boost|p1a: Necrozma|spa|2|[from] item: Weakness Policy
|move|p1a: Necrozma|Stealth Rock|p2a: Necrozma
|-sidestart|p2: Blossoming Eggs|move: Stealth Rock
|
|upkeep
|turn|7
|
|t:|1607839577
|move|p2a: Necrozma|Earthquake|p1a: Necrozma
|-supereffective|p1a: Necrozma
|-damage|p1a: Necrozma|0 fnt
|faint|p1a: Necrozma
|
|-fieldend|move: Trick Room
|upkeep
|
|t:|1607839593
|switch|p1a: Kyogre|Kyogre|100/100
|-damage|p1a: Kyogre|88/100|[from] Stealth Rock
|-weather|RainDance|[from] ability: Drizzle|[of] p1a: Kyogre
|turn|8
|
|t:|1607839615
|switch|p2a: Blissey|Blissey, F|100/100
|-damage|p2a: Blissey|88/100|[from] Stealth Rock
|move|p1a: Kyogre|Water Spout|p2a: Blissey
|-damage|p2a: Blissey|51/100
|
|-weather|RainDance|[upkeep]
|upkeep
|turn|9
|
|t:|1607839633
|switch|p1a: Zacian|Zacian-Crowned|24/100
|-damage|p1a: Zacian|18/100|[from] Stealth Rock
|-ability|p1a: Zacian|Intrepid Sword|boost
|-boost|p1a: Zacian|atk|1
|move|p2a: Blissey|Wish|p2a: Blissey
|
|-weather|RainDance|[upkeep]
|upkeep
|turn|10
|
|t:|1607839647
|move|p1a: Zacian|Swords Dance|p1a: Zacian
|-boost|p1a: Zacian|atk|2
|move|p2a: Blissey|Thunder Wave|p1a: Zacian
|-status|p1a: Zacian|par
|
|-weather|RainDance|[upkeep]
|-heal|p2a: Blissey|100/100|[from] move: Wish|[wisher] Blissey
|upkeep
|turn|11
|
|t:|1607839659
|switch|p2a: Skarmory|Skarmory, F|100/100
|-damage|p2a: Skarmory|88/100|[from] Stealth Rock
|move|p1a: Zacian|Behemoth Blade|p2a: Skarmory
|-resisted|p2a: Skarmory
|-damage|p2a: Skarmory|38/100
|
|-weather|RainDance|[upkeep]
|-heal|p2a: Skarmory|44/100|[from] item: Leftovers
|upkeep
|turn|12
|
|t:|1607839670
|move|p1a: Zacian|Behemoth Blade|p2a: Skarmory
|-resisted|p2a: Skarmory
|-damage|p2a: Skarmory|0 fnt
|faint|p2a: Skarmory
|
|-weather|none
|upkeep
|
|t:|1607839681
|switch|p2a: Zacian|Zacian-Crowned|100/100
|-damage|p2a: Zacian|94/100|[from] Stealth Rock
|-ability|p2a: Zacian|Intrepid Sword|boost
|-boost|p2a: Zacian|atk|1
|turn|13
|
|t:|1607839708
|move|p2a: Zacian|Behemoth Blade|p1a: Zacian
|-damage|p1a: Zacian|0 fnt
|faint|p1a: Zacian
|
|upkeep
|inactive|Rell27 has 120 seconds left.
|
|t:|1607839724
|switch|p1a: Kyogre|Kyogre|88/100
|-damage|p1a: Kyogre|76/100|[from] Stealth Rock
|-weather|RainDance|[from] ability: Drizzle|[of] p1a: Kyogre
|turn|14
|
|t:|1607839735
|switch|p2a: Eternatus|Eternatus|100/100
|-damage|p2a: Eternatus|88/100|[from] Stealth Rock
|-ability|p2a: Eternatus|Pressure
|move|p1a: Kyogre|Origin Pulse|p2a: Eternatus
|-resisted|p2a: Eternatus
|-damage|p2a: Eternatus|40/100
|
|-weather|RainDance|[upkeep]
|upkeep
|turn|15
|
|t:|1607839749
|switch|p1a: Calyrex|Calyrex-Shadow|100/100
|-ability|p1a: Calyrex|As One
|-ability|p1a: Calyrex|Unnerve|p2: Blossoming Eggs
|-damage|p1a: Calyrex|88/100|[from] Stealth Rock
|move|p2a: Eternatus|Recover|p2a: Eternatus
|-heal|p2a: Eternatus|90/100
|
|-weather|RainDance|[upkeep]
|upkeep
|turn|16
|
|t:|1607839759
|switch|p2a: Necrozma|Necrozma-Dusk-Mane|21/100
|-damage|p2a: Necrozma|15/100|[from] Stealth Rock
|move|p1a: Calyrex|Psyshock|p2a: Necrozma
|-resisted|p2a: Necrozma
|-damage|p2a: Necrozma|6/100
|
|-weather|RainDance|[upkeep]
|upkeep
|turn|17
|
|t:|1607839779
|switch|p2a: Calyrex|Calyrex-Ice|100/100
|-ability|p2a: Calyrex|As One
|-ability|p2a: Calyrex|Unnerve|p1: Rell27
|-damage|p2a: Calyrex|76/100|[from] Stealth Rock
|move|p1a: Calyrex|Psyshock|p2a: Calyrex
|-resisted|p2a: Calyrex
|-damage|p2a: Calyrex|62/100
|
|-weather|RainDance|[upkeep]
|upkeep
|turn|18
|
|t:|1607839797
|switch|p1a: Eternatus|Eternatus|100/100
|-damage|p1a: Eternatus|88/100|[from] Stealth Rock
|-ability|p1a: Eternatus|Pressure
|move|p2a: Calyrex|Trick Room|p2a: Calyrex
|-fieldstart|move: Trick Room|[of] p2a: Calyrex
|
|-weather|none
|upkeep
|turn|19
|inactive|Rell27 has 120 seconds left.
|
|t:|1607839825
|switch|p1a: Kyogre|Kyogre|76/100
|-damage|p1a: Kyogre|64/100|[from] Stealth Rock
|-weather|RainDance|[from] ability: Drizzle|[of] p1a: Kyogre
|move|p2a: Calyrex|Glacial Lance|p1a: Kyogre
|-resisted|p1a: Kyogre
|-damage|p1a: Kyogre|22/100
|
|-weather|RainDance|[upkeep]
|upkeep
|turn|20
|inactive|Rell27 has 120 seconds left.
|
|t:|1607839835
|move|p2a: Calyrex|Glacial Lance|p1a: Kyogre
|-resisted|p1a: Kyogre
|-damage|p1a: Kyogre|0 fnt
|faint|p1a: Kyogre
|-ability|p2a: Calyrex|Chilling Neigh|boost
|-boost|p2a: Calyrex|atk|1
|
|-weather|RainDance|[upkeep]
|upkeep
|
|t:|1607839839
|switch|p1a: Yveltal|Yveltal|100/100
|-damage|p1a: Yveltal|76/100|[from] Stealth Rock
|-ability|p1a: Yveltal|Dark Aura
|turn|21
|
|t:|1607839845
|move|p1a: Yveltal|Sucker Punch|p2a: Calyrex
|-supereffective|p2a: Calyrex
|-damage|p2a: Calyrex|0 fnt
|-damage|p1a: Yveltal|66/100|[from] item: Life Orb
|faint|p2a: Calyrex
|
|-weather|RainDance|[upkeep]
|upkeep
|
|t:|1607839859
|switch|p2a: Blissey|Blissey, F|100/100
|-damage|p2a: Blissey|88/100|[from] Stealth Rock
|turn|22
|
|t:|1607839865
|move|p2a: Blissey|Thunder Wave|p1a: Yveltal
|-status|p1a: Yveltal|par
|move|p1a: Yveltal|Knock Off|p2a: Blissey
|-damage|p2a: Blissey|0 fnt
|-enditem|p2a: Blissey|Utility Umbrella|[from] move: Knock Off|[of] p1a: Yveltal
|-damage|p1a: Yveltal|56/100 par|[from] item: Life Orb
|faint|p2a: Blissey
|
|-weather|RainDance|[upkeep]
|-fieldend|move: Trick Room
|upkeep
|
|t:|1607839887
|switch|p2a: Zacian|Zacian-Crowned|94/100
|-damage|p2a: Zacian|88/100|[from] Stealth Rock
|-ability|p2a: Zacian|Intrepid Sword|boost
|-boost|p2a: Zacian|atk|1
|turn|23
|
|t:|1607839895
|move|p1a: Yveltal|Sucker Punch|p2a: Zacian
|-resisted|p2a: Zacian
|-damage|p2a: Zacian|56/100
|-damage|p1a: Yveltal|46/100 par|[from] item: Life Orb
|move|p2a: Zacian|Behemoth Blade|p1a: Yveltal
|-damage|p1a: Yveltal|0 fnt
|faint|p1a: Yveltal
|
|-weather|none
|upkeep
|
|t:|1607839900
|switch|p1a: Calyrex|Calyrex-Shadow|88/100
|-ability|p1a: Calyrex|As One
|-ability|p1a: Calyrex|Unnerve|p2: Blossoming Eggs
|-damage|p1a: Calyrex|76/100|[from] Stealth Rock
|turn|24
|
|t:|1607839920
|switch|p2a: Eternatus|Eternatus|90/100
|-damage|p2a: Eternatus|77/100|[from] Stealth Rock
|-ability|p2a: Eternatus|Pressure
|move|p1a: Calyrex|Astral Barrage|p2a: Eternatus
|-damage|p2a: Eternatus|23/100
|
|upkeep
|turn|25
|
|t:|1607839930
|move|p1a: Calyrex|Astral Barrage|p2a: Eternatus
|-damage|p2a: Eternatus|0 fnt
|faint|p2a: Eternatus
|-ability|p1a: Calyrex|Grim Neigh|boost
|-boost|p1a: Calyrex|spa|1
|
|upkeep
|-message|Blossoming Eggs forfeited.
|
|win|Rell27
|l|☆Blossoming Eggs
|raw|Rell27's rating: 1385 &rarr; <strong>1406</strong><br />(+21 for winning)
|raw|Blossoming Eggs's rating: 1403 &rarr; <strong>1382</strong><br />(-21 for losing)
