|j|☆ssj blunderr
|j|☆RichardMillePlain
|t:|1669535622
|gametype|singles
|player|p1|ssj blunderr|rocketgrunt|
|player|p2|RichardMillePlain|dawn|
|teamsize|p1|6
|teamsize|p2|6
|gen|8
|tier|[Gen 8] Ubers
|rated|Tournament battle
|rule|Sleep Clause Mod: Limit one foe put to sleep
|rule|Species Clause: Limit one of each Pokémon
|rule|OHKO Clause: OHKO moves are banned
|rule|Evasion Items Clause: Evasion items are banned
|rule|Evasion Moves Clause: Evasion moves are banned
|rule|Endless Battle Clause: Forcing endless battles is banned
|rule|HP Percentage Mod: HP is shown in percentages
|rule|Dynamax Clause: You cannot dynamax
|clearpoke
|poke|p1|Yveltal|
|poke|p1|Ho-Oh|
|poke|p1|Xerneas-*|
|poke|p1|Marshadow|
|poke|p1|Kyogre|
|poke|p1|Eternatus|
|poke|p2|Groudon|
|poke|p2|Necrozma-Dusk-Mane|
|poke|p2|Yveltal|
|poke|p2|Eternatus|
|poke|p2|Clefable, M|
|poke|p2|Calyrex-Shadow|
|teampreview
|c|☆ssj blunderr|Gl
|
|t:|1669535632
|start
|switch|p1a: Bloodbath|Yveltal, shiny|100/100
|switch|p2a: Groudon|Groudon|100/100
|-ability|p1a: Bloodbath|Dark Aura
|-weather|SunnyDay|[from] ability: Drought|[of] p2a: Groudon
|turn|1
|
|t:|1669535637
|move|p1a: Bloodbath|Knock Off|p2a: Groudon
|-damage|p2a: Groudon|36/100
|-enditem|p2a: Groudon|Leftovers|[from] move: Knock Off|[of] p1a: Bloodbath
|move|p2a: Groudon|Rock Tomb|p1a: Bloodbath
|-supereffective|p1a: Bloodbath
|-damage|p1a: Bloodbath|57/100
|-unboost|p1a: Bloodbath|spe|1
|
|-weather|SunnyDay|[upkeep]
|upkeep
|turn|2
|j| falcon❤️kelly
|
|t:|1669535649
|switch|p1a: Kai|Kyogre|100/100
|-weather|RainDance|[from] ability: Drizzle|[of] p1a: Kai
|move|p2a: Groudon|Rock Tomb|p1a: Kai
|-damage|p1a: Kai|76/100
|-unboost|p1a: Kai|spe|1
|
|-weather|RainDance|[upkeep]
|upkeep
|turn|3
|
|t:|1669535654
|move|p1a: Kai|Origin Pulse|p2a: Groudon
|-supereffective|p2a: Groudon
|-damage|p2a: Groudon|0 fnt
|faint|p2a: Groudon
|
|-weather|RainDance|[upkeep]
|upkeep
|
|t:|1669535657
|switch|p2a: Eternatus|Eternatus|100/100
|-ability|p2a: Eternatus|Pressure
|turn|4
|
|t:|1669535663
|switch|p1a: Oh-No|Ho-Oh|100/100
|move|p2a: Eternatus|Dynamax Cannon|p1a: Oh-No
|-damage|p1a: Oh-No|81/100
|
|-weather|RainDance|[upkeep]
|upkeep
|turn|5
|
|t:|1669535667
|move|p1a: Oh-No|Sacred Fire|p2a: Eternatus
|-resisted|p2a: Eternatus
|-damage|p2a: Eternatus|92/100
|-status|p2a: Eternatus|brn
|move|p2a: Eternatus|Dragon Tail|p1a: Oh-No
|-damage|p1a: Oh-No|74/100
|drag|p1a: Zernie Sanders|Xerneas|100/100
|-ability|p1a: Zernie Sanders|Fairy Aura
|
|-weather|RainDance|[upkeep]
|-damage|p2a: Eternatus|86/100 brn|[from] brn
|upkeep
|turn|6
|
|t:|1669535684
|switch|p2a: Necrozma|Necrozma-Dusk-Mane|100/100
|switch|p1a: Beastie|Eternatus|100/100
|-ability|p1a: Beastie|Pressure
|
|-weather|none
|upkeep
|turn|7
|
|t:|1669535691
|move|p1a: Beastie|Flamethrower|p2a: Necrozma
|-supereffective|p2a: Necrozma
|-damage|p2a: Necrozma|58/100
|move|p2a: Necrozma|Knock Off|p1a: Beastie
|-damage|p1a: Beastie|64/100
|-enditem|p1a: Beastie|Power Herb|[from] move: Knock Off|[of] p2a: Necrozma
|
|-heal|p2a: Necrozma|64/100|[from] item: Leftovers
|upkeep
|turn|8
|j| Anime marep
|
|t:|1669535697
|move|p1a: Beastie|Flamethrower|p2a: Necrozma
|-supereffective|p2a: Necrozma
|-damage|p2a: Necrozma|26/100
|move|p2a: Necrozma|Dragon Dance|p2a: Necrozma
|-boost|p2a: Necrozma|atk|1
|-boost|p2a: Necrozma|spe|1
|
|-heal|p2a: Necrozma|32/100|[from] item: Leftovers
|upkeep
|turn|9
|
|t:|1669535701
|switch|p2a: Clefable|Clefable, M|100/100
|move|p1a: Beastie|Flamethrower|p2a: Clefable
|-damage|p2a: Clefable|69/100
|
|-heal|p2a: Clefable|75/100|[from] item: Leftovers
|upkeep
|turn|10
|
|t:|1669535704
|move|p1a: Beastie|Sludge Wave|p2a: Clefable
|-supereffective|p2a: Clefable
|-damage|p2a: Clefable|0 fnt
|faint|p2a: Clefable
|
|upkeep
|
|t:|1669535706
|switch|p2a: Calyrex|Calyrex-Shadow|100/100
|-ability|p2a: Calyrex|As One
|-ability|p2a: Calyrex|Unnerve
|turn|11
|
|t:|1669535710
|switch|p1a: Bloodbath|Yveltal, shiny|57/100
|-ability|p1a: Bloodbath|Dark Aura
|move|p2a: Calyrex|Astral Barrage|p1a: Bloodbath
|-resisted|p1a: Bloodbath
|-damage|p1a: Bloodbath|7/100
|
|upkeep
|turn|12
|
|t:|1669535717
|switch|p2a: Eternatus|Eternatus|86/100 brn
|-ability|p2a: Eternatus|Pressure
|move|p1a: Bloodbath|Sucker Punch||[still]
|-fail|p1a: Bloodbath
|
|-damage|p2a: Eternatus|80/100 brn|[from] brn
|upkeep
|turn|13
|
|t:|1669535720
|switch|p1a: Oh-No|Ho-Oh|100/100
|move|p2a: Eternatus|Dynamax Cannon|p1a: Oh-No
|-damage|p1a: Oh-No|79/100
|
|-damage|p2a: Eternatus|74/100 brn|[from] brn
|upkeep
|turn|14
|
|t:|1669535727
|move|p1a: Oh-No|Sacred Fire|p2a: Eternatus
|-resisted|p2a: Eternatus
|-damage|p2a: Eternatus|56/100 brn
|move|p2a: Eternatus|Dragon Tail|p1a: Oh-No
|-damage|p1a: Oh-No|72/100
|drag|p1a: Beastie|Eternatus|64/100
|-ability|p1a: Beastie|Pressure
|
|-damage|p2a: Eternatus|50/100 brn|[from] brn
|upkeep
|turn|15
|
|t:|1669535731
|switch|p2a: Calyrex|Calyrex-Shadow|100/100
|-ability|p2a: Calyrex|As One
|-ability|p2a: Calyrex|Unnerve
|move|p1a: Beastie|Dynamax Cannon|p2a: Calyrex
|-damage|p2a: Calyrex|42/100
|
|upkeep
|turn|16
|
|t:|1669535744
|move|p2a: Calyrex|Astral Barrage|p1a: Beastie
|-damage|p1a: Beastie|0 fnt
|faint|p1a: Beastie
|-ability|p2a: Calyrex|Grim Neigh|boost
|-boost|p2a: Calyrex|spa|1
|
|upkeep
|
|t:|1669535747
|switch|p1a: Marshmallow|Marshadow|100/100
|turn|17
|
|t:|1669535749
|switch|p2a: Yveltal|Yveltal|100/100
|-ability|p2a: Yveltal|Dark Aura
|move|p1a: Marshmallow|Shadow Sneak|p2a: Yveltal
|-resisted|p2a: Yveltal
|-damage|p2a: Yveltal|86/100
|
|upkeep
|turn|18
|j| Inder
|
|t:|1669535755
|switch|p1a: Oh-No|Ho-Oh|100/100
|move|p2a: Yveltal|Foul Play|p1a: Oh-No
|-damage|p1a: Oh-No|51/100
|
|upkeep
|turn|19
|
|t:|1669535759
|switch|p1a: Zernie Sanders|Xerneas|100/100
|-ability|p1a: Zernie Sanders|Fairy Aura
|move|p2a: Yveltal|Foul Play|p1a: Zernie Sanders
|-resisted|p1a: Zernie Sanders
|-damage|p1a: Zernie Sanders|82/100
|
|upkeep
|turn|20
|
|t:|1669535762
|switch|p2a: Necrozma|Necrozma-Dusk-Mane|32/100
|move|p1a: Zernie Sanders|Geomancy||[still]
|-prepare|p1a: Zernie Sanders|Geomancy
|-enditem|p1a: Zernie Sanders|Power Herb
|-anim|p1a: Zernie Sanders|Geomancy|p1a: Zernie Sanders
|-boost|p1a: Zernie Sanders|spa|2
|-boost|p1a: Zernie Sanders|spd|2
|-boost|p1a: Zernie Sanders|spe|2
|
|-heal|p2a: Necrozma|38/100|[from] item: Leftovers
|upkeep
|turn|21
|
|t:|1669535765
|move|p1a: Zernie Sanders|Moonblast|p2a: Necrozma
|-resisted|p2a: Necrozma
|-damage|p2a: Necrozma|0 fnt
|faint|p2a: Necrozma
|
|upkeep
|-message|RichardMillePlain forfeited.
|
|win|ssj blunderr
|n|☆ssj blunderr|ssjblunderr
|n|☆RichardMillePlain|richardmilleplain
|n| falcon❤️kelly|falconkelly
|n| Anime marep|animemarep
|n| Inder|inder
|l|☆RichardMillePlain
|l|☆ssj blunderr
|j| shrang
|l| shrang
