|j|☆Bunrphenix
|j|☆emiyo
|t:|1651267471
|gametype|singles
|player|p1|Bunrphenix|hilda-wonderlauncher|1665
|player|p2|emiyo|170|1489
|teamsize|p1|6
|teamsize|p2|6
|gen|8
|tier|[Gen 8] Ubers
|rated|
|rule|Sleep Clause Mod: Limit one foe put to sleep
|rule|Species Clause: Limit one of each Pokémon
|rule|OHKO Clause: OHKO moves are banned
|rule|Evasion Moves Clause: Evasion moves are banned
|rule|Endless Battle Clause: Forcing endless battles is banned
|rule|HP Percentage Mod: HP is shown in percentages
|rule|Dynamax Clause: You cannot dynamax
|clearpoke
|poke|p1|Marshadow|
|poke|p1|Kyogre|
|poke|p1|Yveltal|
|poke|p1|Necrozma-Dusk-Mane|
|poke|p1|Kyurem-White|
|poke|p1|Xerneas-*|
|poke|p2|Xerneas-*|
|poke|p2|Klefki, M|
|poke|p2|Groudon|
|poke|p2|Calyrex-Shadow|
|poke|p2|Necrozma-Dusk-Mane|
|poke|p2|Yveltal|
|teampreview
|inactive|Battle timer is ON: inactive players will automatically lose when time's up. (requested by Bunrphenix)
|
|t:|1651267510
|start
|switch|p1a: Kyurem|Kyurem-White|100/100
|switch|p2a: Groudon|Groudon|100/100
|-ability|p1a: Kyurem|Turboblaze
|-weather|SunnyDay|[from] ability: Drought|[of] p2a: Groudon
|turn|1
|
|t:|1651267520
|move|p1a: Kyurem|Ice Beam|p2a: Groudon
|-supereffective|p2a: Groudon
|-damage|p2a: Groudon|0 fnt
|faint|p2a: Groudon
|
|-weather|SunnyDay|[upkeep]
|upkeep
|
|t:|1651267526
|switch|p2a: Klefki|Klefki, M|100/100
|turn|2
|
|t:|1651267531
|switch|p1a: Necrozma|Necrozma-Dusk-Mane|100/100
|move|p2a: Klefki|Light Screen|p2a: Klefki
|-sidestart|p2: emiyo|move: Light Screen
|
|-weather|SunnyDay|[upkeep]
|upkeep
|turn|3
|
|t:|1651267535
|move|p2a: Klefki|Reflect|p2a: Klefki
|-sidestart|p2: emiyo|Reflect
|move|p1a: Necrozma|Stealth Rock|p2a: Klefki
|-sidestart|p2: emiyo|move: Stealth Rock
|
|-weather|SunnyDay|[upkeep]
|upkeep
|turn|4
|
|t:|1651267541
|move|p2a: Klefki|Thunder Wave|p1a: Necrozma
|-status|p1a: Necrozma|par
|move|p1a: Necrozma|Iron Head|p2a: Klefki
|-damage|p2a: Klefki|84/100
|
|-weather|SunnyDay|[upkeep]
|upkeep
|turn|5
|
|t:|1651267547
|move|p2a: Klefki|Foul Play|p1a: Necrozma
|-supereffective|p1a: Necrozma
|-damage|p1a: Necrozma|67/100 par
|move|p1a: Necrozma|Iron Head|p2a: Klefki
|-damage|p2a: Klefki|68/100
|
|-weather|none
|-heal|p1a: Necrozma|73/100 par|[from] item: Leftovers
|upkeep
|turn|6
|
|t:|1651267555
|move|p2a: Klefki|Foul Play|p1a: Necrozma
|-supereffective|p1a: Necrozma
|-damage|p1a: Necrozma|36/100 par
|move|p1a: Necrozma|Iron Head|p2a: Klefki
|-damage|p2a: Klefki|52/100
|
|-heal|p1a: Necrozma|42/100 par|[from] item: Leftovers
|upkeep
|turn|7
|
|t:|1651267562
|move|p2a: Klefki|Foul Play|p1a: Necrozma
|-supereffective|p1a: Necrozma
|-damage|p1a: Necrozma|9/100 par
|move|p1a: Necrozma|Moonlight|p1a: Necrozma
|-heal|p1a: Necrozma|59/100 par
|
|-heal|p1a: Necrozma|65/100 par|[from] item: Leftovers
|upkeep
|turn|8
|
|t:|1651267569
|move|p2a: Klefki|Foul Play|p1a: Necrozma
|-supereffective|p1a: Necrozma
|-damage|p1a: Necrozma|28/100 par
|move|p1a: Necrozma|Moonlight|p1a: Necrozma
|-heal|p1a: Necrozma|78/100 par
|
|-heal|p1a: Necrozma|84/100 par|[from] item: Leftovers
|upkeep
|turn|9
|
|t:|1651267576
|move|p2a: Klefki|Foul Play|p1a: Necrozma
|-supereffective|p1a: Necrozma
|-damage|p1a: Necrozma|48/100 par
|cant|p1a: Necrozma|par
|
|-heal|p1a: Necrozma|54/100 par|[from] item: Leftovers
|-sideend|p2: emiyo|move: Light Screen
|upkeep
|turn|10
|
|t:|1651267583
|move|p2a: Klefki|Foul Play|p1a: Necrozma
|-supereffective|p1a: Necrozma
|-crit|p1a: Necrozma
|-damage|p1a: Necrozma|0 fnt
|faint|p1a: Necrozma
|
|-sideend|p2: emiyo|Reflect
|upkeep
|
|t:|1651267595
|switch|p1a: Marshadow|Marshadow|100/100
|turn|11
|
|t:|1651267599
|move|p1a: Marshadow|Shadow Sneak|p2a: Klefki
|-damage|p2a: Klefki|14/100
|-damage|p1a: Marshadow|91/100|[from] item: Life Orb
|move|p2a: Klefki|Reflect|p2a: Klefki
|-sidestart|p2: emiyo|Reflect
|
|upkeep
|turn|12
|
|t:|1651267604
|move|p1a: Marshadow|Shadow Sneak|p2a: Klefki
|-damage|p2a: Klefki|0 fnt
|faint|p2a: Klefki
|-damage|p1a: Marshadow|81/100|[from] item: Life Orb
|
|upkeep
|
|t:|1651267620
|switch|p2a: Yveltal|Yveltal|100/100
|-ability|p2a: Yveltal|Dark Aura
|turn|13
|
|t:|1651267632
|switch|p1a: Yveltal|Yveltal|100/100
|-ability|p1a: Yveltal|Dark Aura
|move|p2a: Yveltal|Knock Off|p1a: Yveltal
|-resisted|p1a: Yveltal
|-damage|p1a: Yveltal|68/100
|-enditem|p1a: Yveltal|Heavy-Duty Boots|[from] move: Knock Off|[of] p2a: Yveltal
|
|upkeep
|turn|14
|
|t:|1651267642
|move|p1a: Yveltal|Snarl|p2a: Yveltal|[miss]
|-miss|p1a: Yveltal|p2a: Yveltal
|move|p2a: Yveltal|Taunt|p1a: Yveltal
|-start|p1a: Yveltal|move: Taunt
|
|upkeep
|turn|15
|inactive|emiyo has 120 seconds left.
|inactive|emiyo has 90 seconds left.
|
|t:|1651267706
|move|p1a: Yveltal|Snarl|p2a: Yveltal
|-resisted|p2a: Yveltal
|-damage|p2a: Yveltal|87/100
|-unboost|p2a: Yveltal|spa|1
|move|p2a: Yveltal|Knock Off|p1a: Yveltal
|-resisted|p1a: Yveltal
|-damage|p1a: Yveltal|48/100
|
|upkeep
|turn|16
|
|t:|1651267713
|move|p2a: Yveltal|Sucker Punch|p1a: Yveltal
|-resisted|p1a: Yveltal
|-damage|p1a: Yveltal|26/100
|move|p1a: Yveltal|Snarl|p2a: Yveltal
|-resisted|p2a: Yveltal
|-damage|p2a: Yveltal|74/100
|-unboost|p2a: Yveltal|spa|1
|
|upkeep
|turn|17
|
|t:|1651267722
|move|p2a: Yveltal|Sucker Punch|p1a: Yveltal
|-resisted|p1a: Yveltal
|-damage|p1a: Yveltal|3/100
|move|p1a: Yveltal|Foul Play|p2a: Yveltal
|-resisted|p2a: Yveltal
|-damage|p2a: Yveltal|60/100
|
|-end|p1a: Yveltal|move: Taunt
|upkeep
|turn|18
|
|t:|1651267737
|move|p1a: Yveltal|Roost|p1a: Yveltal
|-heal|p1a: Yveltal|53/100
|-singleturn|p1a: Yveltal|move: Roost
|move|p2a: Yveltal|Taunt|p1a: Yveltal
|-start|p1a: Yveltal|move: Taunt
|
|-sideend|p2: emiyo|Reflect
|upkeep
|turn|19
|inactive|Bunrphenix has 120 seconds left.
|
|t:|1651267794
|switch|p1a: Kyurem|Kyurem-White|100/100
|-ability|p1a: Kyurem|Turboblaze
|move|p2a: Yveltal|Knock Off|p1a: Kyurem
|-damage|p1a: Kyurem|24/100
|-enditem|p1a: Kyurem|Choice Specs|[from] move: Knock Off|[of] p2a: Yveltal
|
|upkeep
|turn|20
|
|t:|1651267803
|move|p2a: Yveltal|Sucker Punch|p1a: Kyurem
|-damage|p1a: Kyurem|0 fnt
|faint|p1a: Kyurem
|
|upkeep
|
|t:|1651267817
|switch|p1a: Xerneas|Xerneas|100/100
|-ability|p1a: Xerneas|Fairy Aura
|turn|21
|
|t:|1651267837
|move|p2a: Yveltal|Knock Off|p1a: Xerneas
|-resisted|p1a: Xerneas
|-damage|p1a: Xerneas|73/100
|-enditem|p1a: Xerneas|Power Herb|[from] move: Knock Off|[of] p2a: Yveltal
|move|p1a: Xerneas|Geomancy||[still]
|-prepare|p1a: Xerneas|Geomancy
|
|upkeep
|turn|22
|inactive|Bunrphenix has 90 seconds left.
|
|t:|1651267876
|move|p2a: Yveltal|Taunt|p1a: Xerneas
|-start|p1a: Xerneas|move: Taunt
|cant|p1a: Xerneas|move: Taunt|Geomancy
|
|upkeep
|turn|23
|
|t:|1651267882
|switch|p2a: Necrozma|Necrozma-Dusk-Mane|100/100
|-damage|p2a: Necrozma|95/100|[from] Stealth Rock
|move|p1a: Xerneas|Moonblast|p2a: Necrozma
|-resisted|p2a: Necrozma
|-damage|p2a: Necrozma|61/100
|-unboost|p2a: Necrozma|spa|1
|
|upkeep
|turn|24
|inactive|emiyo has 120 seconds left.
|inactive|Bunrphenix has 90 seconds left.
|
|t:|1651267900
|switch|p1a: Yveltal|Yveltal|53/100
|-ability|p1a: Yveltal|Dark Aura
|move|p2a: Necrozma|Dragon Dance|p2a: Necrozma
|-boost|p2a: Necrozma|atk|1
|-boost|p2a: Necrozma|spe|1
|
|upkeep
|turn|25
|inactive|emiyo has 120 seconds left.
|
|t:|1651267908
|move|p2a: Necrozma|Iron Head|p1a: Yveltal
|-damage|p1a: Yveltal|0 fnt
|faint|p1a: Yveltal
|
|upkeep
|
|t:|1651267911
|switch|p1a: Kyogre|Kyogre|100/100
|-weather|RainDance|[from] ability: Drizzle|[of] p1a: Kyogre
|turn|26
|
|t:|1651267917
|move|p1a: Kyogre|Water Spout|p2a: Necrozma
|-damage|p2a: Necrozma|0 fnt
|faint|p2a: Necrozma
|
|-weather|RainDance|[upkeep]
|upkeep
|
|t:|1651267922
|switch|p2a: Yveltal|Yveltal|60/100
|-ability|p2a: Yveltal|Dark Aura
|turn|27
|
|t:|1651267926
|switch|p1a: Xerneas|Xerneas|73/100
|-ability|p1a: Xerneas|Fairy Aura
|move|p2a: Yveltal|Sucker Punch||[still]
|-fail|p2a: Yveltal
|
|-weather|RainDance|[upkeep]
|upkeep
|turn|28
|
|t:|1651267936
|switch|p2a: Calyrex|Calyrex-Shadow|100/100
|-ability|p2a: Calyrex|As One
|-ability|p2a: Calyrex|Unnerve
|-damage|p2a: Calyrex|88/100|[from] Stealth Rock
|move|p1a: Xerneas|Moonblast|p2a: Calyrex
|-damage|p2a: Calyrex|15/100
|
|-weather|RainDance|[upkeep]
|-heal|p2a: Calyrex|21/100|[from] item: Leftovers
|upkeep
|turn|29
|
|t:|1651267961
|move|p2a: Calyrex|Leech Seed|p1a: Xerneas
|-start|p1a: Xerneas|move: Leech Seed
|move|p1a: Xerneas|Moonblast|p2a: Calyrex
|-damage|p2a: Calyrex|0 fnt
|faint|p2a: Calyrex
|
|-weather|RainDance|[upkeep]
|upkeep
|
|t:|1651267967
|switch|p2a: Xerneas|Xerneas|100/100
|-damage|p2a: Xerneas|88/100|[from] Stealth Rock
|-ability|p2a: Xerneas|Fairy Aura
|turn|30
|
|t:|1651267978
|move|p2a: Xerneas|Geomancy||[still]
|-prepare|p2a: Xerneas|Geomancy
|-enditem|p2a: Xerneas|Power Herb
|-anim|p2a: Xerneas|Geomancy|p2a: Xerneas
|-boost|p2a: Xerneas|spa|2
|-boost|p2a: Xerneas|spd|2
|-boost|p2a: Xerneas|spe|2
|move|p1a: Xerneas|Moonblast|p2a: Xerneas
|-damage|p2a: Xerneas|53/100
|-unboost|p2a: Xerneas|spa|1
|
|-weather|none
|-damage|p1a: Xerneas|61/100|[from] Leech Seed|[of] p2a: Xerneas
|-heal|p2a: Xerneas|65/100|[silent]
|upkeep
|turn|31
|
|t:|1651267991
|move|p2a: Xerneas|Moonblast|p1a: Xerneas
|-damage|p1a: Xerneas|0 fnt
|faint|p1a: Xerneas
|
|upkeep
|
|t:|1651267997
|switch|p1a: Kyogre|Kyogre|100/100
|-weather|RainDance|[from] ability: Drizzle|[of] p1a: Kyogre
|turn|32
|
|t:|1651268002
|move|p2a: Xerneas|Thunder|p1a: Kyogre
|-supereffective|p1a: Kyogre
|-damage|p1a: Kyogre|1/100
|-status|p1a: Kyogre|par
|move|p1a: Kyogre|Origin Pulse|p2a: Xerneas
|-damage|p2a: Xerneas|24/100
|
|-weather|RainDance|[upkeep]
|upkeep
|turn|33
|
|t:|1651268012
|move|p2a: Xerneas|Thunder|p1a: Kyogre
|-supereffective|p1a: Kyogre
|-damage|p1a: Kyogre|0 fnt
|faint|p1a: Kyogre
|
|-weather|RainDance|[upkeep]
|upkeep
|
|t:|1651268016
|switch|p1a: Marshadow|Marshadow|81/100
|turn|34
|
|t:|1651268021
|move|p1a: Marshadow|Shadow Sneak|p2a: Xerneas
|-damage|p2a: Xerneas|0 fnt
|faint|p2a: Xerneas
|-damage|p1a: Marshadow|71/100|[from] item: Life Orb
|
|-weather|RainDance|[upkeep]
|upkeep
|
|t:|1651268026
|switch|p2a: Yveltal|Yveltal|60/100
|-ability|p2a: Yveltal|Dark Aura
|turn|35
|
|t:|1651268032
|move|p1a: Marshadow|Close Combat|p2a: Yveltal
|-damage|p2a: Yveltal|0 fnt
|-unboost|p1a: Marshadow|def|1
|-unboost|p1a: Marshadow|spd|1
|faint|p2a: Yveltal
|-damage|p1a: Marshadow|61/100|[from] item: Life Orb
|
|win|Bunrphenix
|raw|Bunrphenix's rating: 1677 &rarr; <strong>1687</strong><br />(+10 for winning)
|raw|emiyo's rating: 1489 &rarr; <strong>1479</strong><br />(-10 for losing)
|c|☆Bunrphenix|gg
|l|☆Bunrphenix
||Ladder isn't responding, score probably updated but might not have (Request timeout).
