|raw|<div class="broadcast-blue"><strong>This battle is required to be public due to a player having a name starting with 'ult9ns'.</div>
|j|☆ULT9NS Sombra
|j|☆crottefeu
|t:|1653677008
|gametype|singles
|player|p1|ULT9NS Sombra|pokemaniac|1560
|player|p2|crottefeu|lucas|1550
|teamsize|p1|6
|teamsize|p2|6
|gen|8
|tier|[Gen 8] Ubers
|rated|
|rule|Sleep Clause Mod: Limit one foe put to sleep
|rule|Species Clause: Limit one of each Pokémon
|rule|OHKO Clause: OHKO moves are banned
|rule|Evasion Moves Clause: Evasion moves are banned
|rule|Endless Battle Clause: Forcing endless battles is banned
|rule|HP Percentage Mod: HP is shown in percentages
|rule|Dynamax Clause: You cannot dynamax
|clearpoke
|poke|p1|Aerodactyl, M|
|poke|p1|Weavile, M|
|poke|p1|Yveltal|
|poke|p1|Calyrex-Shadow|
|poke|p1|Necrozma-Dusk-Mane|
|poke|p1|Rayquaza|
|poke|p2|Froslass, F|
|poke|p2|Kyurem-Black|
|poke|p2|Glalie, M|
|poke|p2|Cloyster, M|
|poke|p2|Weavile, M|
|poke|p2|Darmanitan-Galar, M|
|teampreview
|
|t:|1653677015
|start
|switch|p1a: Aerodactyl|Aerodactyl, M|100/100
|switch|p2a: Cloyster|Cloyster, M|100/100
|-ability|p1a: Aerodactyl|Pressure
|turn|1
|
|t:|1653677020
|move|p1a: Aerodactyl|Stealth Rock|p2a: Cloyster
|-sidestart|p2: crottefeu|move: Stealth Rock
|move|p2a: Cloyster|Shell Smash|p2a: Cloyster
|-unboost|p2a: Cloyster|def|1
|-unboost|p2a: Cloyster|spd|1
|-boost|p2a: Cloyster|atk|2
|-boost|p2a: Cloyster|spa|2
|-boost|p2a: Cloyster|spe|2
|
|upkeep
|turn|2
|
|t:|1653677024
|move|p2a: Cloyster|Rapid Spin|p1a: Aerodactyl
|-resisted|p1a: Aerodactyl
|-damage|p1a: Aerodactyl|77/100
|-boost|p2a: Cloyster|spe|1
|-sideend|p2: crottefeu|Stealth Rock|[from] move: Rapid Spin|[of] p2a: Cloyster
|move|p1a: Aerodactyl|Rock Tomb|p2a: Cloyster
|-supereffective|p2a: Cloyster
|-damage|p2a: Cloyster|35/100
|-unboost|p2a: Cloyster|spe|1
|
|upkeep
|turn|3
|
|t:|1653677030
|move|p2a: Cloyster|Icicle Spear|p1a: Aerodactyl
|-supereffective|p1a: Aerodactyl
|-damage|p1a: Aerodactyl|8/100
|-supereffective|p1a: Aerodactyl
|-damage|p1a: Aerodactyl|0 fnt
|faint|p1a: Aerodactyl
|-hitcount|p1: Aerodactyl|2
|
|upkeep
|inactive|Battle timer is ON: inactive players will automatically lose when time's up. (requested by crottefeu)
|
|t:|1653677044
|switch|p1a: Weavile|Weavile, M|100/100
|-ability|p1a: Weavile|Pressure
|turn|4
|
|t:|1653677048
|move|p2a: Cloyster|Rock Blast|p1a: Weavile
|-supereffective|p1a: Weavile
|-damage|p1a: Weavile|54/100
|-supereffective|p1a: Weavile
|-damage|p1a: Weavile|8/100
|-supereffective|p1a: Weavile
|-damage|p1a: Weavile|0 fnt
|faint|p1a: Weavile
|-hitcount|p1: Weavile|3
|
|upkeep
|
|t:|1653677051
|switch|p1a: Necrozma|Necrozma-Dusk-Mane|100/100
|turn|5
|
|t:|1653677052
|move|p2a: Cloyster|Rock Blast|p1a: Necrozma
|-resisted|p1a: Necrozma
|-damage|p1a: Necrozma|95/100
|-resisted|p1a: Necrozma
|-crit|p1a: Necrozma
|-damage|p1a: Necrozma|86/100
|-resisted|p1a: Necrozma
|-crit|p1a: Necrozma
|-damage|p1a: Necrozma|78/100
|-resisted|p1a: Necrozma
|-crit|p1a: Necrozma
|-damage|p1a: Necrozma|69/100
|-resisted|p1a: Necrozma
|-damage|p1a: Necrozma|63/100
|-hitcount|p1a: Necrozma|5
|cant|p1a: Necrozma|flinch
|
|upkeep
|turn|6
|
|t:|1653677055
|move|p2a: Cloyster|Icicle Spear|p1a: Necrozma
|-resisted|p1a: Necrozma
|-damage|p1a: Necrozma|54/100
|-resisted|p1a: Necrozma
|-damage|p1a: Necrozma|46/100
|-resisted|p1a: Necrozma
|-damage|p1a: Necrozma|37/100
|-resisted|p1a: Necrozma
|-damage|p1a: Necrozma|28/100
|-resisted|p1a: Necrozma
|-damage|p1a: Necrozma|19/100
|-hitcount|p1a: Necrozma|5
|move|p1a: Necrozma|Sunsteel Strike|p2a: Cloyster
|-damage|p2a: Cloyster|0 fnt
|faint|p2a: Cloyster
|
|upkeep
|
|t:|1653677058
|switch|p2a: Froslass|Froslass, F|100/100
|turn|7
|
|t:|1653677061
|move|p2a: Froslass|Spikes|p1a: Necrozma
|-sidestart|p1: ULT9NS Sombra|Spikes
|move|p1a: Necrozma|Sunsteel Strike|p2a: Froslass
|-supereffective|p2a: Froslass
|-enditem|p2a: Froslass|Focus Sash
|-damage|p2a: Froslass|1/100
|-start|p1a: Necrozma|Disable|Sunsteel Strike|[from] ability: Cursed Body|[of] p2a: Froslass
|
|upkeep
|turn|8
|
|t:|1653677065
|move|p2a: Froslass|Taunt|p1a: Necrozma
|-start|p1a: Necrozma|move: Taunt
|move|p1a: Necrozma|Earthquake|p2a: Froslass
|-damage|p2a: Froslass|0 fnt
|faint|p2a: Froslass
|
|upkeep
|
|t:|1653677068
|switch|p2a: Darmanitan|Darmanitan-Galar, M|100/100
|turn|9
|
|t:|1653677075
|move|p2a: Darmanitan|U-turn|p1a: Necrozma
|-damage|p1a: Necrozma|0 fnt
|faint|p1a: Necrozma
|
|t:|1653677077
|switch|p2a: Weavile|Weavile, M|100/100|[from]move: U-turn
|-ability|p2a: Weavile|Pressure
|
|upkeep
|
|t:|1653677083
|switch|p1a: Calyrex|Calyrex-Shadow|100/100
|-ability|p1a: Calyrex|As One
|-ability|p1a: Calyrex|Unnerve
|-damage|p1a: Calyrex|88/100|[from] Spikes
|turn|10
|
|t:|1653677085
|move|p1a: Calyrex|Draining Kiss|p2a: Weavile
|-supereffective|p2a: Weavile
|-damage|p2a: Weavile|40/100
|-heal|p1a: Calyrex|100/100|[from] drain|[of] p2a: Weavile
|move|p2a: Weavile|Knock Off|p1a: Calyrex
|-supereffective|p1a: Calyrex
|-enditem|p1a: Calyrex|Focus Sash
|-damage|p1a: Calyrex|1/100
|
|upkeep
|turn|11
|
|t:|1653677087
|move|p2a: Weavile|Ice Shard|p1a: Calyrex
|-damage|p1a: Calyrex|0 fnt
|faint|p1a: Calyrex
|
|upkeep
|
|t:|1653677089
|switch|p1a: Yveltal|Yveltal|100/100
|-ability|p1a: Yveltal|Dark Aura
|turn|12
|
|t:|1653677094
|move|p1a: Yveltal|Sucker Punch|p2a: Weavile
|-resisted|p2a: Weavile
|-damage|p2a: Weavile|0 fnt
|faint|p2a: Weavile
|
|upkeep
|
|t:|1653677095
|switch|p2a: Kyurem|Kyurem-Black|100/100
|-ability|p2a: Kyurem|Teravolt
|turn|13
|
|t:|1653677098
|move|p1a: Yveltal|Knock Off|p2a: Kyurem
|-crit|p2a: Kyurem
|-damage|p2a: Kyurem|1/100
|-enditem|p2a: Kyurem|TR43|[from] move: Knock Off|[of] p1a: Yveltal
|move|p2a: Kyurem|Icicle Spear|p1a: Yveltal
|-supereffective|p1a: Yveltal
|-crit|p1a: Yveltal
|-damage|p1a: Yveltal|60/100
|-supereffective|p1a: Yveltal
|-damage|p1a: Yveltal|30/100
|-supereffective|p1a: Yveltal
|-damage|p1a: Yveltal|0 fnt
|faint|p1a: Yveltal
|-hitcount|p1: Yveltal|3
|
|upkeep
|
|t:|1653677100
|switch|p1a: Rayquaza|Rayquaza|100/100
|-ability|p1a: Rayquaza|Air Lock
|turn|14
|
|t:|1653677103
|move|p1a: Rayquaza|Scale Shot|p2a: Kyurem
|-supereffective|p2a: Kyurem
|-damage|p2a: Kyurem|0 fnt
|faint|p2a: Kyurem
|-hitcount|p2: Kyurem|1
|-unboost|p1a: Rayquaza|def|1
|-boost|p1a: Rayquaza|spe|1
|
|upkeep
|
|t:|1653677111
|switch|p2a: Darmanitan|Darmanitan-Galar, M|100/100
|turn|15
|
|t:|1653677115
|move|p1a: Rayquaza|V-create|p2a: Darmanitan
|-supereffective|p2a: Darmanitan
|-damage|p2a: Darmanitan|0 fnt
|-unboost|p1a: Rayquaza|spe|1
|-unboost|p1a: Rayquaza|def|1
|-unboost|p1a: Rayquaza|spd|1
|faint|p2a: Darmanitan
|
|upkeep
|
|t:|1653677117
|switch|p2a: Glalie|Glalie, M|100/100
|turn|16
|
|t:|1653677121
|move|p2a: Glalie|Protect|p2a: Glalie
|-singleturn|p2a: Glalie|Protect
|move|p1a: Rayquaza|Scale Shot|p2a: Glalie
|-activate|p2a: Glalie|move: Protect
|
|-ability|p2a: Glalie|Moody|boost
|-boost|p2a: Glalie|spd|2
|-unboost|p2a: Glalie|atk|1
|upkeep
|turn|17
|
|t:|1653677125
|move|p2a: Glalie|Protect||[still]
|-fail|p2a: Glalie
|move|p1a: Rayquaza|Scale Shot|p2a: Glalie
|-damage|p2a: Glalie|85/100
|-damage|p2a: Glalie|70/100
|-hitcount|p2a: Glalie|2
|-unboost|p1a: Rayquaza|def|1
|-boost|p1a: Rayquaza|spe|1
|
|-heal|p2a: Glalie|76/100|[from] item: Leftovers
|-ability|p2a: Glalie|Moody|boost
|-boost|p2a: Glalie|spa|2
|-unboost|p2a: Glalie|def|1
|upkeep
|turn|18
|
|t:|1653677132
|move|p2a: Glalie|Protect|p2a: Glalie
|-singleturn|p2a: Glalie|Protect
|move|p1a: Rayquaza|Dragon Ascent|p2a: Glalie
|-activate|p2a: Glalie|move: Protect
|
|-heal|p2a: Glalie|82/100|[from] item: Leftovers
|-ability|p2a: Glalie|Moody|boost
|-boost|p2a: Glalie|def|2
|-unboost|p2a: Glalie|spa|1
|upkeep
|turn|19
|
|t:|1653677136
|move|p1a: Rayquaza|Dragon Ascent|p2a: Glalie
|-damage|p2a: Glalie|29/100
|-unboost|p1a: Rayquaza|def|1
|-unboost|p1a: Rayquaza|spd|1
|move|p2a: Glalie|Freeze-Dry|p1a: Rayquaza
|-supereffective|p1a: Rayquaza
|-enditem|p1a: Rayquaza|Focus Sash
|-damage|p1a: Rayquaza|1/100
|
|-heal|p2a: Glalie|35/100|[from] item: Leftovers
|-ability|p2a: Glalie|Moody|boost
|-boost|p2a: Glalie|def|2
|-unboost|p2a: Glalie|spd|1
|upkeep
|turn|20
|
|t:|1653677142
|move|p2a: Glalie|Protect|p2a: Glalie
|-singleturn|p2a: Glalie|Protect
|move|p1a: Rayquaza|V-create|p2a: Glalie
|-activate|p2a: Glalie|move: Protect
|
|-heal|p2a: Glalie|41/100|[from] item: Leftovers
|-ability|p2a: Glalie|Moody|boost
|-boost|p2a: Glalie|spe|2
|-unboost|p2a: Glalie|spa|1
|upkeep
|turn|21
|
|t:|1653677144
|move|p2a: Glalie|Freeze-Dry|p1a: Rayquaza
|-supereffective|p1a: Rayquaza
|-damage|p1a: Rayquaza|0 fnt
|faint|p1a: Rayquaza
|
|win|crottefeu
|raw|ULT9NS Sombra's rating: 1560 &rarr; <strong>1539</strong><br />(-21 for losing)
|raw|crottefeu's rating: 1550 &rarr; <strong>1571</strong><br />(+21 for winning)
|l|☆ULT9NS Sombra
|l|☆crottefeu
|j|☆ULT9NS Sombra
|player|p1|ULT9NS Sombra|pokemaniac
