|j|☆Frempo
|j|☆snakey77
|t:|1627983124
|gametype|singles
|player|p1|Frempo|ghetsis-gen5bw|1388
|player|p2|snakey77|169|1579
|teamsize|p1|6
|teamsize|p2|6
|gen|8
|tier|[Gen 8] Ubers
|rated|
|rule|Sleep Clause Mod: Limit one foe put to sleep
|rule|Species Clause: Limit one of each Pokémon
|rule|OHKO Clause: OHKO moves are banned
|rule|Evasion Moves Clause: Evasion moves are banned
|rule|Endless Battle Clause: Forcing endless battles is banned
|rule|HP Percentage Mod: HP is shown in percentages
|rule|Dynamax Clause: You cannot dynamax
|clearpoke
|poke|p1|Kyogre|
|poke|p1|Dracovish|
|poke|p1|Yveltal|
|poke|p1|Genesect-Douse|
|poke|p1|Bronzong|
|poke|p1|Seismitoad, M|
|poke|p2|Necrozma-Dusk-Mane|
|poke|p2|Calyrex-Ice|
|poke|p2|Kyogre|
|poke|p2|Yveltal|
|poke|p2|Ferrothorn, F|
|poke|p2|Magearna|
|teampreview
|inactive|Battle timer is ON: inactive players will automatically lose when time's up. (requested by Frempo)
|
|t:|1627983135
|start
|switch|p1a: Genesect|Genesect-Douse|100/100
|switch|p2a: Salili|Ferrothorn, F|100/100
|-ability|p1a: Genesect|Download|boost
|-boost|p1a: Genesect|atk|1
|turn|1
|
|t:|1627983144
|switch|p2a: Magearna|Magearna|100/100
|move|p1a: Genesect|Flamethrower|p2a: Magearna
|-supereffective|p2a: Magearna
|-damage|p2a: Magearna|64/100
|-status|p2a: Magearna|brn
|
|-heal|p2a: Magearna|70/100 brn|[from] item: Leftovers
|-damage|p2a: Magearna|64/100 brn|[from] brn
|upkeep
|turn|2
|
|t:|1627983148
|move|p1a: Genesect|Flamethrower|p2a: Magearna
|-supereffective|p2a: Magearna
|-damage|p2a: Magearna|28/100 brn
|move|p2a: Magearna|Trick Room|p2a: Magearna
|-fieldstart|move: Trick Room|[of] p2a: Magearna
|
|-heal|p2a: Magearna|34/100 brn|[from] item: Leftovers
|-damage|p2a: Magearna|28/100 brn|[from] brn
|upkeep
|turn|3
|
|t:|1627983154
|move|p2a: Magearna|Volt Switch|p1a: Genesect
|-damage|p1a: Genesect|76/100
|
|t:|1627983159
|switch|p2a: Master Knight|Calyrex-Ice|100/100|[from]move: Volt Switch
|-ability|p2a: Master Knight|As One
|-ability|p2a: Master Knight|Unnerve
|move|p1a: Genesect|U-turn|p2a: Master Knight
|-supereffective|p2a: Master Knight
|-damage|p2a: Master Knight|57/100
|
|t:|1627983164
|switch|p1a: Bronzong|Bronzong|100/100|[from]move: U-turn
|
|upkeep
|turn|4
|
|t:|1627983168
|move|p1a: Bronzong|Stealth Rock|p2a: Master Knight
|-sidestart|p2: snakey77|move: Stealth Rock
|move|p2a: Master Knight|Leech Seed|p1a: Bronzong
|-start|p1a: Bronzong|move: Leech Seed
|
|-damage|p1a: Bronzong|88/100|[from] Leech Seed|[of] p2a: Master Knight
|-heal|p2a: Master Knight|68/100|[silent]
|upkeep
|turn|5
|
|t:|1627983174
|move|p1a: Bronzong|Gyro Ball|p2a: Master Knight
|-supereffective|p2a: Master Knight
|-damage|p2a: Master Knight|52/100
|move|p2a: Master Knight|Glacial Lance|p1a: Bronzong
|-resisted|p1a: Bronzong
|-damage|p1a: Bronzong|51/100
|
|-heal|p1a: Bronzong|57/100|[from] item: Leftovers
|-damage|p1a: Bronzong|45/100|[from] Leech Seed|[of] p2a: Master Knight
|-heal|p2a: Master Knight|63/100|[silent]
|upkeep
|turn|6
|
|t:|1627983180
|switch|p1a: Genesect|Genesect-Douse|76/100
|-ability|p1a: Genesect|Download|boost
|-boost|p1a: Genesect|spa|1
|move|p2a: Master Knight|Leech Seed|p1a: Genesect
|-start|p1a: Genesect|move: Leech Seed
|
|-damage|p1a: Genesect|64/100|[from] Leech Seed|[of] p2a: Master Knight
|-heal|p2a: Master Knight|72/100|[silent]
|-fieldend|move: Trick Room
|upkeep
|turn|7
|
|t:|1627983188
|switch|p2a: Salili|Ferrothorn, F|100/100
|-damage|p2a: Salili|94/100|[from] Stealth Rock
|move|p1a: Genesect|U-turn|p2a: Salili
|-damage|p2a: Salili|74/100
|-damage|p1a: Genesect|52/100|[from] ability: Iron Barbs|[of] p2a: Salili
|
|t:|1627983197
|switch|p1a: Yveltal|Yveltal|100/100|[from]move: U-turn
|-ability|p1a: Yveltal|Dark Aura
|
|-heal|p2a: Salili|80/100|[from] item: Leftovers
|upkeep
|turn|8
|
|t:|1627983202
|switch|p2a: Yveltal|Yveltal|100/100
|-ability|p2a: Yveltal|Dark Aura
|move|p1a: Yveltal|Knock Off|p2a: Yveltal
|-resisted|p2a: Yveltal
|-damage|p2a: Yveltal|85/100
|-enditem|p2a: Yveltal|Heavy-Duty Boots|[from] move: Knock Off|[of] p1a: Yveltal
|
|upkeep
|turn|9
|
|t:|1627983206
|move|p1a: Yveltal|U-turn|p2a: Yveltal
|-damage|p2a: Yveltal|73/100
|
|t:|1627983208
|switch|p1a: Dracovish|Dracovish|100/100|[from]move: U-turn
|move|p2a: Yveltal|U-turn|p1a: Dracovish
|-damage|p1a: Dracovish|80/100
|
|t:|1627983218
|switch|p2a: Salili|Ferrothorn, F|80/100|[from]move: U-turn
|-damage|p2a: Salili|74/100|[from] Stealth Rock
|
|-heal|p2a: Salili|80/100|[from] item: Leftovers
|upkeep
|turn|10
|
|t:|1627983224
|switch|p1a: Genesect|Genesect-Douse|52/100
|-ability|p1a: Genesect|Download|boost
|-boost|p1a: Genesect|atk|1
|move|p2a: Salili|Stealth Rock|p1a: Genesect
|-sidestart|p1: Frempo|move: Stealth Rock
|
|-heal|p2a: Salili|86/100|[from] item: Leftovers
|upkeep
|turn|11
|
|t:|1627983231
|switch|p2a: Saviour King|Necrozma-Dusk-Mane|100/100
|-damage|p2a: Saviour King|94/100|[from] Stealth Rock
|move|p1a: Genesect|U-turn|p2a: Saviour King
|-damage|p2a: Saviour King|67/100
|
|t:|1627983237
|switch|p1a: Kyogre|Kyogre|100/100|[from]move: U-turn
|-damage|p1a: Kyogre|88/100|[from] Stealth Rock
|-weather|RainDance|[from] ability: Drizzle|[of] p1a: Kyogre
|
|-weather|RainDance|[upkeep]
|-heal|p2a: Saviour King|73/100|[from] item: Leftovers
|upkeep
|turn|12
|
|t:|1627983240
|move|p1a: Kyogre|Water Spout|p2a: Saviour King
|-damage|p2a: Saviour King|2/100
|move|p2a: Saviour King|Photon Geyser|p1a: Kyogre
|-damage|p1a: Kyogre|29/100
|
|-weather|RainDance|[upkeep]
|-heal|p2a: Saviour King|8/100|[from] item: Leftovers
|upkeep
|turn|13
|
|t:|1627983249
|switch|p2a: Salili|Ferrothorn, F|86/100
|-damage|p2a: Salili|80/100|[from] Stealth Rock
|move|p1a: Kyogre|Origin Pulse|p2a: Salili
|-resisted|p2a: Salili
|-crit|p2a: Salili
|-damage|p2a: Salili|37/100
|
|-weather|RainDance|[upkeep]
|-heal|p2a: Salili|43/100|[from] item: Leftovers
|upkeep
|turn|14
|
|t:|1627983257
|switch|p1a: Yveltal|Yveltal|100/100
|-ability|p1a: Yveltal|Dark Aura
|move|p2a: Salili|Knock Off|p1a: Yveltal
|-resisted|p1a: Yveltal
|-damage|p1a: Yveltal|89/100
|-enditem|p1a: Yveltal|Heavy-Duty Boots|[from] move: Knock Off|[of] p2a: Salili
|
|-weather|RainDance|[upkeep]
|-heal|p2a: Salili|49/100|[from] item: Leftovers
|upkeep
|turn|15
|
|t:|1627983261
|move|p1a: Yveltal|U-turn|p2a: Salili
|-damage|p2a: Salili|35/100
|-damage|p1a: Yveltal|76/100|[from] ability: Iron Barbs|[of] p2a: Salili
|
|t:|1627983263
|switch|p1a: Seismitoad|Seismitoad, M|100/100|[from]move: U-turn
|-damage|p1a: Seismitoad|95/100|[from] Stealth Rock
|move|p2a: Salili|Leech Seed|p1a: Seismitoad
|-start|p1a: Seismitoad|move: Leech Seed
|
|-weather|RainDance|[upkeep]
|-heal|p2a: Salili|41/100|[from] item: Leftovers
|-damage|p1a: Seismitoad|82/100|[from] Leech Seed|[of] p2a: Salili
|-heal|p2a: Salili|53/100|[silent]
|upkeep
|turn|16
|
|t:|1627983268
|switch|p1a: Yveltal|Yveltal|76/100
|-damage|p1a: Yveltal|51/100|[from] Stealth Rock
|-ability|p1a: Yveltal|Dark Aura
|move|p2a: Salili|Spikes|p1a: Yveltal
|-sidestart|p1: Frempo|Spikes
|
|-weather|RainDance|[upkeep]
|-heal|p2a: Salili|59/100|[from] item: Leftovers
|upkeep
|turn|17
|
|t:|1627983271
|move|p1a: Yveltal|Knock Off|p2a: Salili
|-damage|p2a: Salili|15/100
|-damage|p1a: Yveltal|39/100|[from] ability: Iron Barbs|[of] p2a: Salili
|-enditem|p2a: Salili|Leftovers|[from] move: Knock Off|[of] p1a: Yveltal
|move|p2a: Salili|Leech Seed|p1a: Yveltal
|-start|p1a: Yveltal|move: Leech Seed
|
|-weather|RainDance|[upkeep]
|-damage|p1a: Yveltal|27/100|[from] Leech Seed|[of] p2a: Salili
|-heal|p2a: Salili|31/100|[silent]
|upkeep
|turn|18
|
|t:|1627983281
|switch|p2a: Magearna|Magearna|28/100 brn
|-damage|p2a: Magearna|22/100 brn|[from] Stealth Rock
|move|p1a: Yveltal|U-turn|p2a: Magearna
|-resisted|p2a: Magearna
|-damage|p2a: Magearna|18/100 brn
|
|t:|1627983287
|switch|p1a: Genesect|Genesect-Douse|52/100|[from]move: U-turn
|-damage|p1a: Genesect|39/100|[from] Stealth Rock
|-damage|p1a: Genesect|27/100|[from] Spikes
|-ability|p1a: Genesect|Download|boost
|-boost|p1a: Genesect|atk|1
|
|-weather|none
|-heal|p2a: Magearna|24/100 brn|[from] item: Leftovers
|-damage|p2a: Magearna|18/100 brn|[from] brn
|upkeep
|turn|19
|
|t:|1627983294
|move|p1a: Genesect|Flamethrower|p2a: Magearna
|-supereffective|p2a: Magearna
|-damage|p2a: Magearna|0 fnt
|faint|p2a: Magearna
|
|upkeep
|
|t:|1627983296
|switch|p2a: Yveltal|Yveltal|73/100
|-damage|p2a: Yveltal|48/100|[from] Stealth Rock
|-ability|p2a: Yveltal|Dark Aura
|turn|20
|
|t:|1627983301
|move|p2a: Yveltal|Sucker Punch|p1a: Genesect
|-crit|p1a: Genesect
|-damage|p1a: Genesect|0 fnt
|faint|p1a: Genesect
|
|upkeep
|j| van37
|
|t:|1627983307
|switch|p1a: Dracovish|Dracovish|80/100
|-damage|p1a: Dracovish|67/100|[from] Spikes
|-damage|p1a: Dracovish|55/100|[from] Stealth Rock
|turn|21
|
|t:|1627983311
|move|p1a: Dracovish|Fishious Rend|p2a: Yveltal
|-damage|p2a: Yveltal|0 fnt
|faint|p2a: Yveltal
|
|upkeep
|l|☆Frempo
|inactive|Frempo disconnected and has a minute to reconnect!
|player|p1|
|j|☆Frempo
|inactive|Frempo reconnected.
|player|p1|Frempo|ghetsis-gen5bw
|
|t:|1627983331
|switch|p2a: Salili|Ferrothorn, F|31/100
|-damage|p2a: Salili|24/100|[from] Stealth Rock
|turn|22
|
|t:|1627983336
|move|p1a: Dracovish|Fishious Rend|p2a: Salili
|-resisted|p2a: Salili
|-damage|p2a: Salili|0 fnt
|-damage|p1a: Dracovish|43/100|[from] ability: Iron Barbs|[of] p2a: Salili
|faint|p2a: Salili
|
|upkeep
|
|t:|1627983339
|switch|p2a: Kyogre|Kyogre|100/100
|-damage|p2a: Kyogre|88/100|[from] Stealth Rock
|-weather|RainDance|[from] ability: Drizzle|[of] p2a: Kyogre
|turn|23
|
|t:|1627983347
|move|p1a: Dracovish|Fishious Rend|p2a: Kyogre
|-resisted|p2a: Kyogre
|-damage|p2a: Kyogre|14/100
|move|p2a: Kyogre|Ice Beam|p1a: Dracovish
|-damage|p1a: Dracovish|0 fnt
|faint|p1a: Dracovish
|
|-weather|RainDance|[upkeep]
|upkeep
|
|t:|1627983351
|switch|p1a: Seismitoad|Seismitoad, M|82/100
|-damage|p1a: Seismitoad|76/100|[from] Stealth Rock
|-damage|p1a: Seismitoad|64/100|[from] Spikes
|turn|24
|
|t:|1627983356
|move|p1a: Seismitoad|Earth Power|p2a: Kyogre
|-damage|p2a: Kyogre|0 fnt
|faint|p2a: Kyogre
|-damage|p1a: Seismitoad|54/100|[from] item: Life Orb
|
|-weather|RainDance|[upkeep]
|upkeep
|
|t:|1627983361
|switch|p2a: Master Knight|Calyrex-Ice|72/100
|-ability|p2a: Master Knight|As One
|-ability|p2a: Master Knight|Unnerve
|turn|25
|
|t:|1627983366
|move|p1a: Seismitoad|Weather Ball|p2a: Master Knight
|-damage|p2a: Master Knight|17/100
|-damage|p1a: Seismitoad|44/100|[from] item: Life Orb
|move|p2a: Master Knight|Trick Room|p2a: Master Knight
|-fieldstart|move: Trick Room|[of] p2a: Master Knight
|
|-weather|RainDance|[upkeep]
|upkeep
|turn|26
|
|t:|1627983374
|switch|p1a: Bronzong|Bronzong|45/100
|-damage|p1a: Bronzong|39/100|[from] Stealth Rock
|move|p2a: Master Knight|Glacial Lance|p1a: Bronzong
|-resisted|p1a: Bronzong
|-damage|p1a: Bronzong|0 fnt
|faint|p1a: Bronzong
|-ability|p2a: Master Knight|Chilling Neigh|boost
|-boost|p2a: Master Knight|atk|1
|
|-weather|RainDance|[upkeep]
|upkeep
|
|t:|1627983381
|switch|p1a: Yveltal|Yveltal|27/100
|-damage|p1a: Yveltal|2/100|[from] Stealth Rock
|-ability|p1a: Yveltal|Dark Aura
|turn|27
|
|t:|1627983386
|move|p2a: Master Knight|Leech Seed|p1a: Yveltal
|-start|p1a: Yveltal|move: Leech Seed
|move|p1a: Yveltal|U-turn|p2a: Master Knight
|-supereffective|p2a: Master Knight
|-damage|p2a: Master Knight|0 fnt
|faint|p2a: Master Knight
|
|t:|1627983392
|switch|p1a: Kyogre|Kyogre|29/100|[from]move: U-turn
|-damage|p1a: Kyogre|17/100|[from] Stealth Rock
|-damage|p1a: Kyogre|4/100|[from] Spikes
|
|-weather|none
|upkeep
|
|t:|1627983396
|switch|p2a: Saviour King|Necrozma-Dusk-Mane|8/100
|-damage|p2a: Saviour King|2/100|[from] Stealth Rock
|turn|28
|
|t:|1627983413
|move|p2a: Saviour King|Photon Geyser|p1a: Kyogre
|-damage|p1a: Kyogre|0 fnt
|faint|p1a: Kyogre
|
|-heal|p2a: Saviour King|8/100|[from] item: Leftovers
|upkeep
|
|t:|1627983416
|switch|p1a: Seismitoad|Seismitoad, M|44/100
|-damage|p1a: Seismitoad|32/100|[from] Spikes
|-damage|p1a: Seismitoad|26/100|[from] Stealth Rock
|turn|29
|
|t:|1627983419
|switch|p1a: Yveltal|Yveltal|2/100
|-damage|p1a: Yveltal|0 fnt|[from] Stealth Rock
|faint|p1a: Yveltal
|move|p2a: Saviour King|Moonlight|p2a: Saviour King
|-heal|p2a: Saviour King|58/100
|
|-heal|p2a: Saviour King|64/100|[from] item: Leftovers
|-fieldend|move: Trick Room
|upkeep
|
|t:|1627983423
|switch|p1a: Seismitoad|Seismitoad, M|26/100
|-damage|p1a: Seismitoad|20/100|[from] Stealth Rock
|-damage|p1a: Seismitoad|8/100|[from] Spikes
|turn|30
|
|t:|1627983434
|move|p1a: Seismitoad|Earth Power|p2a: Saviour King
|-supereffective|p2a: Saviour King
|-damage|p2a: Saviour King|22/100
|-damage|p1a: Seismitoad|0 fnt|[from] item: Life Orb
|faint|p1a: Seismitoad
|
|win|snakey77
|raw|Frempo's rating: 1388 &rarr; <strong>1378</strong><br />(-10 for losing)
|raw|snakey77's rating: 1579 &rarr; <strong>1589</strong><br />(+10 for winning)
|l|☆Frempo
|c|☆snakey77|great game
