|raw|<div class="broadcast-blue"><strong>This battle is required to be public due to a player having a name starting with 'ult4pdr'.</div>
|j|☆Marshadow hunter
|j|☆ULT4PDR Jules
|t:|1654384672
|gametype|singles
|player|p1|Marshadow hunter|unknown|1684
|player|p2|ULT4PDR Jules|mars|1737
|teamsize|p1|6
|teamsize|p2|6
|gen|8
|tier|[Gen 8] Ubers
|rated|
|rule|Sleep Clause Mod: Limit one foe put to sleep
|rule|Species Clause: Limit one of each Pokémon
|rule|OHKO Clause: OHKO moves are banned
|rule|Evasion Moves Clause: Evasion moves are banned
|rule|Endless Battle Clause: Forcing endless battles is banned
|rule|HP Percentage Mod: HP is shown in percentages
|rule|Dynamax Clause: You cannot dynamax
|clearpoke
|poke|p1|Ribombee, F|
|poke|p1|Yveltal|
|poke|p1|Necrozma-Dusk-Mane|
|poke|p1|Groudon|
|poke|p1|Marshadow|
|poke|p1|Xerneas-*|
|poke|p2|Palkia|
|poke|p2|Groudon|
|poke|p2|Necrozma-Dusk-Mane|
|poke|p2|Yveltal|
|poke|p2|Calyrex-Shadow|
|poke|p2|Kyogre|
|teampreview
|inactive|Battle timer is ON: inactive players will automatically lose when time's up. (requested by Marshadow hunter)
|
|t:|1654384689
|start
|switch|p1a: Ribombee|Ribombee, F|100/100
|switch|p2a: Groudon|Groudon|100/100
|-weather|SunnyDay|[from] ability: Drought|[of] p2a: Groudon
|turn|1
|j| ULT4PDR Kaioken
|j| ULT4PDR★Shionツ
|
|t:|1654384697
|move|p1a: Ribombee|Sticky Web|p2a: Groudon
|-sidestart|p2: ULT4PDR Jules|move: Sticky Web
|move|p2a: Groudon|Thunder Wave|p1a: Ribombee
|-status|p1a: Ribombee|par
|
|-weather|SunnyDay|[upkeep]
|upkeep
|turn|2
|
|t:|1654384701
|move|p2a: Groudon|Stealth Rock|p1a: Ribombee
|-sidestart|p1: Marshadow hunter|move: Stealth Rock
|move|p1a: Ribombee|Moonblast|p2a: Groudon
|-damage|p2a: Groudon|69/100
|
|-weather|SunnyDay|[upkeep]
|-heal|p2a: Groudon|75/100|[from] item: Leftovers
|upkeep
|turn|3
|
|t:|1654384707
|switch|p2a: Necrozma|Necrozma-Dusk-Mane|100/100
|-activate|p2a: Necrozma|move: Sticky Web
|-unboost|p2a: Necrozma|spe|1
|move|p1a: Ribombee|Moonblast|p2a: Necrozma
|-resisted|p2a: Necrozma
|-damage|p2a: Necrozma|91/100
|
|-weather|SunnyDay|[upkeep]
|-heal|p2a: Necrozma|97/100|[from] item: Leftovers
|upkeep
|turn|4
|
|t:|1654384711
|switch|p1a: Groudon|Groudon|100/100
|-damage|p1a: Groudon|94/100|[from] Stealth Rock
|move|p2a: Necrozma|Sunsteel Strike|p1a: Groudon
|-damage|p1a: Groudon|59/100
|
|-weather|SunnyDay|[upkeep]
|-heal|p2a: Necrozma|100/100|[from] item: Leftovers
|upkeep
|turn|5
|
|t:|1654384717
|switch|p2a: Calyrex|Calyrex-Shadow|100/100
|-ability|p2a: Calyrex|As One
|-ability|p2a: Calyrex|Unnerve
|-activate|p2a: Calyrex|move: Sticky Web
|-unboost|p2a: Calyrex|spe|1
|move|p1a: Groudon|Swords Dance|p1a: Groudon
|-boost|p1a: Groudon|atk|2
|
|-weather|none
|upkeep
|turn|6
|
|t:|1654384719
|move|p2a: Calyrex|Astral Barrage|p1a: Groudon
|-damage|p1a: Groudon|0 fnt
|faint|p1a: Groudon
|-ability|p2a: Calyrex|Grim Neigh|boost
|-boost|p2a: Calyrex|spa|1
|
|upkeep
|
|t:|1654384723
|switch|p1a: Yveltal|Yveltal|100/100
|-damage|p1a: Yveltal|76/100|[from] Stealth Rock
|-ability|p1a: Yveltal|Dark Aura
|turn|7
|
|t:|1654384725
|switch|p2a: Yveltal|Yveltal|100/100
|-ability|p2a: Yveltal|Dark Aura
|move|p1a: Yveltal|Snarl|p2a: Yveltal
|-resisted|p2a: Yveltal
|-damage|p2a: Yveltal|86/100
|-unboost|p2a: Yveltal|spa|1
|-enditem|p1a: Yveltal|Throat Spray
|-boost|p1a: Yveltal|spa|1|[from] item: Throat Spray
|
|upkeep
|turn|8
|
|t:|1654384729
|move|p2a: Yveltal|Defog|p1a: Yveltal
|-unboost|p1a: Yveltal|evasion|1
|-sideend|p1: Marshadow hunter|Stealth Rock|[from] move: Defog|[of] p2a: Yveltal
|-sideend|p2: ULT4PDR Jules|Sticky Web|[from] move: Defog|[of] p2a: Yveltal
|move|p1a: Yveltal|Taunt|p2a: Yveltal
|-start|p2a: Yveltal|move: Taunt
|
|upkeep
|turn|9
|
|t:|1654384735
|switch|p2a: Palkia|Palkia|100/100
|-ability|p2a: Palkia|Pressure
|move|p1a: Yveltal|Oblivion Wing|p2a: Palkia
|-damage|p2a: Palkia|45/100
|-heal|p1a: Yveltal|100/100|[from] drain|[of] p2a: Palkia
|
|-heal|p2a: Palkia|51/100|[from] item: Leftovers
|upkeep
|turn|10
|
|t:|1654384740
|move|p1a: Yveltal|Oblivion Wing|p2a: Palkia
|-damage|p2a: Palkia|0 fnt
|faint|p2a: Palkia
|
|upkeep
|
|t:|1654384741
|switch|p2a: Kyogre|Kyogre|100/100
|-weather|RainDance|[from] ability: Drizzle|[of] p2a: Kyogre
|turn|11
|
|t:|1654384747
|switch|p1a: Ribombee|Ribombee, F|100/100 par
|move|p2a: Kyogre|Thunder Wave|p1a: Ribombee|[miss]
|-miss|p2a: Kyogre|p1a: Ribombee
|
|-weather|RainDance|[upkeep]
|upkeep
|turn|12
|
|t:|1654384752
|move|p2a: Kyogre|Substitute|p2a: Kyogre
|-start|p2a: Kyogre|Substitute
|-damage|p2a: Kyogre|75/100
|move|p1a: Ribombee|Sticky Web|p2a: Kyogre
|-sidestart|p2: ULT4PDR Jules|move: Sticky Web
|
|-weather|RainDance|[upkeep]
|-heal|p2a: Kyogre|82/100|[from] item: Leftovers
|upkeep
|turn|13
|
|t:|1654384759
|switch|p1a: Necrozma|Necrozma-Dusk-Mane|100/100
|move|p2a: Kyogre|Surf|p1a: Necrozma
|-damage|p1a: Necrozma|44/100
|-enditem|p1a: Necrozma|Red Card|[of] p2a: Kyogre
|drag|p2a: Groudon|Groudon|75/100
|-activate|p2a: Groudon|move: Sticky Web
|-unboost|p2a: Groudon|spe|1
|-weather|SunnyDay|[from] ability: Drought|[of] p2a: Groudon
|
|-weather|SunnyDay|[upkeep]
|-heal|p2a: Groudon|82/100|[from] item: Leftovers
|upkeep
|turn|14
|
|t:|1654384764
|move|p1a: Necrozma|Knock Off|p2a: Groudon
|-crit|p2a: Groudon
|-damage|p2a: Groudon|45/100
|-enditem|p2a: Groudon|Leftovers|[from] move: Knock Off|[of] p1a: Necrozma
|move|p2a: Groudon|Stealth Rock|p1a: Necrozma
|-sidestart|p1: Marshadow hunter|move: Stealth Rock
|
|-weather|SunnyDay|[upkeep]
|upkeep
|turn|15
|
|t:|1654384769
|move|p1a: Necrozma|Substitute|p1a: Necrozma
|-start|p1a: Necrozma|Substitute
|-damage|p1a: Necrozma|19/100
|move|p2a: Groudon|Precipice Blades|p1a: Necrozma
|-supereffective|p1a: Necrozma
|-end|p1a: Necrozma|Substitute
|
|-weather|SunnyDay|[upkeep]
|upkeep
|turn|16
|
|t:|1654384772
|move|p1a: Necrozma|Iron Head|p2a: Groudon
|-damage|p2a: Groudon|14/100
|move|p2a: Groudon|Precipice Blades|p1a: Necrozma
|-supereffective|p1a: Necrozma
|-damage|p1a: Necrozma|0 fnt
|faint|p1a: Necrozma
|
|-weather|SunnyDay|[upkeep]
|upkeep
|
|t:|1654384781
|switch|p1a: Yveltal|Yveltal|100/100
|-damage|p1a: Yveltal|76/100|[from] Stealth Rock
|-ability|p1a: Yveltal|Dark Aura
|turn|17
|
|t:|1654384783
|move|p1a: Yveltal|Oblivion Wing|p2a: Groudon
|-damage|p2a: Groudon|0 fnt
|-heal|p1a: Yveltal|86/100|[from] drain|[of] p2a: Groudon
|faint|p2a: Groudon
|
|-weather|none
|upkeep
|
|t:|1654384784
|switch|p2a: Kyogre|Kyogre|82/100
|-activate|p2a: Kyogre|move: Sticky Web
|-unboost|p2a: Kyogre|spe|1
|-weather|RainDance|[from] ability: Drizzle|[of] p2a: Kyogre
|turn|18
|
|t:|1654384787
|move|p1a: Yveltal|Taunt|p2a: Kyogre
|-start|p2a: Kyogre|move: Taunt
|move|p2a: Kyogre|Surf|p1a: Yveltal
|-damage|p1a: Yveltal|26/100
|
|-weather|RainDance|[upkeep]
|-heal|p2a: Kyogre|88/100|[from] item: Leftovers
|upkeep
|turn|19
|
|t:|1654384790
|move|p1a: Yveltal|Dark Pulse|p2a: Kyogre
|-damage|p2a: Kyogre|54/100
|cant|p2a: Kyogre|flinch
|
|-weather|RainDance|[upkeep]
|-heal|p2a: Kyogre|60/100|[from] item: Leftovers
|upkeep
|turn|20
|
|t:|1654384793
|move|p1a: Yveltal|Dark Pulse|p2a: Kyogre
|-crit|p2a: Kyogre
|-damage|p2a: Kyogre|10/100
|cant|p2a: Kyogre|flinch
|
|-weather|RainDance|[upkeep]
|-heal|p2a: Kyogre|16/100|[from] item: Leftovers
|-end|p2a: Kyogre|move: Taunt
|upkeep
|turn|21
|
|t:|1654384800
|move|p1a: Yveltal|Oblivion Wing|p2a: Kyogre
|-damage|p2a: Kyogre|0 fnt
|-heal|p1a: Yveltal|38/100|[from] drain|[of] p2a: Kyogre
|faint|p2a: Kyogre
|
|-weather|RainDance|[upkeep]
|upkeep
|
|t:|1654384805
|switch|p2a: Necrozma|Necrozma-Dusk-Mane|100/100
|-activate|p2a: Necrozma|move: Sticky Web
|-unboost|p2a: Necrozma|spe|1
|turn|22
|
|t:|1654384811
|move|p1a: Yveltal|Dark Pulse|p2a: Necrozma
|-supereffective|p2a: Necrozma
|-damage|p2a: Necrozma|49/100
|move|p2a: Necrozma|Sunsteel Strike|p1a: Yveltal
|-damage|p1a: Yveltal|0 fnt
|faint|p1a: Yveltal
|
|-weather|none
|-heal|p2a: Necrozma|55/100|[from] item: Leftovers
|upkeep
|
|t:|1654384817
|switch|p1a: Marshadow|Marshadow|100/100
|-damage|p1a: Marshadow|94/100|[from] Stealth Rock
|turn|23
|
|t:|1654384827
|switch|p2a: Yveltal|Yveltal|86/100
|-ability|p2a: Yveltal|Dark Aura
|move|p1a: Marshadow|Low Kick|p2a: Yveltal
|-damage|p2a: Yveltal|28/100
|-damage|p1a: Marshadow|84/100|[from] item: Life Orb
|
|upkeep
|turn|24
|
|t:|1654384833
|move|p1a: Marshadow|Low Kick|p2a: Yveltal
|-damage|p2a: Yveltal|0 fnt
|faint|p2a: Yveltal
|-damage|p1a: Marshadow|74/100|[from] item: Life Orb
|
|upkeep
|-message|ULT4PDR Jules forfeited.
|
|win|Marshadow hunter
|raw|Marshadow hunter's rating: 1684 &rarr; <strong>1707</strong><br />(+23 for winning)
|raw|ULT4PDR Jules's rating: 1737 &rarr; <strong>1714</strong><br />(-23 for losing)
|l|☆ULT4PDR Jules
|l| ULT4PDR Kaioken
