|j|☆Galacticguck300
|j|☆ox04
|t:|1663766767
|gametype|singles
|player|p1|Galacticguck300|brycenman|1478
|player|p2|ox04|red-gen7|1728
|teamsize|p1|6
|teamsize|p2|6
|gen|8
|tier|[Gen 8] Ubers
|rated|
|rule|Sleep Clause Mod: Limit one foe put to sleep
|rule|Species Clause: Limit one of each Pokémon
|rule|OHKO Clause: OHKO moves are banned
|rule|Evasion Items Clause: Evasion items are banned
|rule|Evasion Moves Clause: Evasion moves are banned
|rule|Endless Battle Clause: Forcing endless battles is banned
|rule|HP Percentage Mod: HP is shown in percentages
|rule|Dynamax Clause: You cannot dynamax
|clearpoke
|poke|p1|Weavile, M|
|poke|p1|Cinderace, F|
|poke|p1|Bisharp, F|
|poke|p1|Dragapult, F|
|poke|p1|Garchomp, M|
|poke|p1|Regieleki|
|poke|p2|Marshadow|
|poke|p2|Yveltal|
|poke|p2|Reshiram|
|poke|p2|Necrozma-Dusk-Mane|
|poke|p2|Groudon|
|poke|p2|Emolga, M|
|teampreview
|inactive|Battle timer is ON: inactive players will automatically lose when time's up. (requested by Galacticguck300)
|inactive|Galacticguck300 has 120 seconds left.
|
|t:|1663766816
|start
|switch|p1a: Sharp bih|Bisharp, F|100/100
|switch|p2a: Emolga|Emolga, M|100/100
|turn|1
|
|t:|1663766821
|move|p2a: Emolga|Volt Switch|p1a: Sharp bih
|-damage|p1a: Sharp bih|65/100
|
|t:|1663766824
|switch|p2a: Groudon|Groudon|100/100|[from]move: Volt Switch
|-weather|SunnyDay|[from] ability: Drought|[of] p2a: Groudon
|move|p1a: Sharp bih|Knock Off|p2a: Groudon
|-damage|p2a: Groudon|71/100
|-enditem|p2a: Groudon|Leftovers|[from] move: Knock Off|[of] p1a: Sharp bih
|
|-weather|SunnyDay|[upkeep]
|upkeep
|turn|2
|
|t:|1663766830
|move|p2a: Groudon|Earthquake|p1a: Sharp bih
|-supereffective|p1a: Sharp bih
|-damage|p1a: Sharp bih|0 fnt
|faint|p1a: Sharp bih
|
|-weather|SunnyDay|[upkeep]
|upkeep
|
|t:|1663766840
|switch|p1a: Boingus floingus|Weavile, M|100/100
|-ability|p1a: Boingus floingus|Pressure
|turn|3
|
|t:|1663766846
|switch|p2a: Necrozma|Necrozma-Dusk-Mane|100/100
|move|p1a: Boingus floingus|Icicle Crash|p2a: Necrozma
|-resisted|p2a: Necrozma
|-damage|p2a: Necrozma|86/100
|
|-weather|SunnyDay|[upkeep]
|-heal|p2a: Necrozma|92/100|[from] item: Leftovers
|upkeep
|turn|4
|
|t:|1663766850
|move|p1a: Boingus floingus|Knock Off|p2a: Necrozma
|-supereffective|p2a: Necrozma
|-damage|p2a: Necrozma|42/100
|-enditem|p2a: Necrozma|Leftovers|[from] move: Knock Off|[of] p1a: Boingus floingus
|move|p2a: Necrozma|Sunsteel Strike|p1a: Boingus floingus
|-supereffective|p1a: Boingus floingus
|-enditem|p1a: Boingus floingus|Focus Sash
|-damage|p1a: Boingus floingus|1/100
|
|-weather|SunnyDay|[upkeep]
|upkeep
|turn|5
|
|t:|1663766857
|move|p1a: Boingus floingus|Knock Off|p2a: Necrozma
|-supereffective|p2a: Necrozma
|-crit|p2a: Necrozma
|-damage|p2a: Necrozma|0 fnt
|faint|p2a: Necrozma
|
|-weather|none
|upkeep
|
|t:|1663766862
|switch|p2a: Emolga|Emolga, M|100/100
|turn|6
|
|t:|1663766867
|move|p1a: Boingus floingus|Ice Shard|p2a: Emolga
|-supereffective|p2a: Emolga
|-damage|p2a: Emolga|14/100
|move|p2a: Emolga|U-turn|p1a: Boingus floingus
|-supereffective|p1a: Boingus floingus
|-damage|p1a: Boingus floingus|0 fnt
|faint|p1a: Boingus floingus
|c|☆ox04|funny nicknames
|
|t:|1663766880
|switch|p2a: Yveltal|Yveltal, shiny|100/100|[from]move: U-turn
|-ability|p2a: Yveltal|Dark Aura
|
|upkeep
|
|t:|1663766885
|switch|p1a: Garchomp|Garchomp, M|100/100
|turn|7
|
|t:|1663766888
|move|p1a: Garchomp|Outrage|p2a: Yveltal
|-damage|p2a: Yveltal|9/100
|move|p2a: Yveltal|Dark Pulse|p1a: Garchomp
|-damage|p1a: Garchomp|20/100
|-damage|p2a: Yveltal|0 fnt|[from] item: Life Orb
|faint|p2a: Yveltal
|
|upkeep
|
|t:|1663766893
|switch|p2a: Marshadow|Marshadow|100/100
|turn|8
|
|t:|1663766896
|move|p2a: Marshadow|Shadow Sneak|p1a: Garchomp
|-damage|p1a: Garchomp|0 fnt
|-damage|p2a: Marshadow|88/100|[from] ability: Rough Skin|[of] p1a: Garchomp
|faint|p1a: Garchomp
|-damage|p2a: Marshadow|78/100|[from] item: Life Orb
|
|upkeep
|
|t:|1663766905
|switch|p1a: Shoingus groingus|Cinderace, F|100/100
|turn|9
|
|t:|1663766912
|move|p2a: Marshadow|Low Kick|p1a: Shoingus groingus
|-damage|p1a: Shoingus groingus|22/100
|-damage|p2a: Marshadow|68/100|[from] item: Life Orb
|move|p1a: Shoingus groingus|Pyro Ball|p2a: Marshadow
|-damage|p2a: Marshadow|0 fnt
|faint|p2a: Marshadow
|
|upkeep
|
|t:|1663766923
|switch|p2a: Reshiram|Reshiram|100/100
|-ability|p2a: Reshiram|Turboblaze
|turn|10
|
|t:|1663766928
|move|p1a: Shoingus groingus|Gunk Shot|p2a: Reshiram
|-start|p1a: Shoingus groingus|typechange|Poison|[from] ability: Libero
|-damage|p2a: Reshiram|47/100
|-status|p2a: Reshiram|psn
|move|p2a: Reshiram|Body Press|p1a: Shoingus groingus
|-resisted|p1a: Shoingus groingus
|-damage|p1a: Shoingus groingus|3/100
|-damage|p2a: Reshiram|37/100 psn|[from] item: Life Orb
|
|-damage|p2a: Reshiram|25/100 psn|[from] psn
|upkeep
|turn|11
|
|t:|1663766935
|move|p1a: Shoingus groingus|Sucker Punch|p2a: Reshiram
|-start|p1a: Shoingus groingus|typechange|Dark|[from] ability: Libero
|-damage|p2a: Reshiram|0 fnt
|faint|p2a: Reshiram
|
|upkeep
|
|t:|1663766937
|switch|p2a: Emolga|Emolga, M|14/100
|turn|12
|
|t:|1663766940
|move|p2a: Emolga|Encore|p1a: Shoingus groingus
|-start|p1a: Shoingus groingus|Encore
|move|p1a: Shoingus groingus|Sucker Punch||[still]
|-fail|p1a: Shoingus groingus
|
|upkeep
|turn|13
|
|t:|1663766946
|switch|p2a: Groudon|Groudon|71/100
|-weather|SunnyDay|[from] ability: Drought|[of] p2a: Groudon
|switch|p1a: Zolt|Regieleki|100/100
|
|-weather|SunnyDay|[upkeep]
|upkeep
|turn|14
|
|t:|1663766953
|move|p1a: Zolt|Explosion|p2a: Groudon
|-damage|p2a: Groudon|10/100
|faint|p1a: Zolt
|move|p2a: Groudon|Thunder Wave|p1: Zolt|[notarget]
|-fail|p2a: Groudon
|
|-weather|SunnyDay|[upkeep]
|upkeep
|c|☆ox04|gg
|
|t:|1663766960
|switch|p1a: Dragapult|Dragapult, F|100/100
|turn|15
|
|t:|1663766963
|move|p1a: Dragapult|Shadow Ball|p2a: Groudon
|-damage|p2a: Groudon|0 fnt
|faint|p2a: Groudon
|-damage|p1a: Dragapult|91/100|[from] item: Life Orb
|
|-weather|SunnyDay|[upkeep]
|upkeep
|
|t:|1663766964
|switch|p2a: Emolga|Emolga, M|14/100
|turn|16
|
|t:|1663766973
|move|p2a: Emolga|Volt Switch|p1a: Dragapult
|-resisted|p1a: Dragapult
|-damage|p1a: Dragapult|73/100
|move|p1a: Dragapult|Shadow Ball|p2a: Emolga
|-damage|p2a: Emolga|0 fnt
|faint|p2a: Emolga
|-damage|p1a: Dragapult|64/100|[from] item: Life Orb
|
|win|Galacticguck300
|raw|Galacticguck300's rating: 1478 &rarr; <strong>1510</strong><br />(+32 for winning)
|raw|ox04's rating: 1728 &rarr; <strong>1696</strong><br />(-32 for losing)
|c|☆Galacticguck300|Gg.
