|j|☆hesicrosspull
|j|☆hanshappy
|t:|1660392134
|gametype|singles
|player|p1|hesicrosspull|ash-capbackward|1406
|player|p2|hanshappy|265|1466
|teamsize|p1|6
|teamsize|p2|6
|gen|8
|tier|[Gen 8] Ubers
|rated|
|rule|Sleep Clause Mod: Limit one foe put to sleep
|rule|Species Clause: Limit one of each Pokémon
|rule|OHKO Clause: OHKO moves are banned
|rule|Evasion Items Clause: Evasion items are banned
|rule|Evasion Moves Clause: Evasion moves are banned
|rule|Endless Battle Clause: Forcing endless battles is banned
|rule|HP Percentage Mod: HP is shown in percentages
|rule|Dynamax Clause: You cannot dynamax
|clearpoke
|poke|p1|Ho-Oh|
|poke|p1|Necrozma-Dusk-Mane|
|poke|p1|Urshifu-*, M|
|poke|p1|Yveltal|
|poke|p1|Xerneas-*|
|poke|p1|Calyrex-Shadow|
|poke|p2|Yveltal|
|poke|p2|Eternatus|
|poke|p2|Necrozma-Dusk-Mane|
|poke|p2|Ferrothorn, M|
|poke|p2|Xerneas-*|
|poke|p2|Zygarde|
|teampreview
|inactive|Battle timer is ON: inactive players will automatically lose when time's up. (requested by hesicrosspull)
|
|t:|1660392156
|start
|switch|p1a: Ho-Oh|Ho-Oh|100/100
|switch|p2a: Zygarde|Zygarde|100/100
|turn|1
|
|t:|1660392163
|move|p2a: Zygarde|Glare|p1a: Ho-Oh
|-status|p1a: Ho-Oh|par
|move|p1a: Ho-Oh|Toxic|p2a: Zygarde
|-status|p2a: Zygarde|tox
|
|-damage|p2a: Zygarde|94/100 tox|[from] psn
|upkeep
|turn|2
|
|t:|1660392178
|switch|p1a: Yveltal|Yveltal|100/100
|-ability|p1a: Yveltal|Dark Aura
|move|p2a: Zygarde|Thousand Arrows|p1a: Yveltal
|-damage|p1a: Yveltal|75/100
|-start|p1a: Yveltal|Smack Down
|
|-heal|p2a: Zygarde|100/100 tox|[from] item: Leftovers
|-damage|p2a: Zygarde|88/100 tox|[from] psn
|upkeep
|turn|3
|
|t:|1660392189
|switch|p2a: Xerneas|Xerneas|100/100
|-ability|p2a: Xerneas|Fairy Aura
|-item|p2a: Xerneas|Air Balloon
|move|p1a: Yveltal|Dark Pulse|p2a: Xerneas
|-resisted|p2a: Xerneas
|-damage|p2a: Xerneas|77/100
|-enditem|p2a: Xerneas|Air Balloon
|
|upkeep
|turn|4
|
|t:|1660392204
|switch|p2a: Ferrothorn|Ferrothorn, M|100/100
|move|p1a: Yveltal|Oblivion Wing|p2a: Ferrothorn
|-damage|p2a: Ferrothorn|73/100
|-heal|p1a: Yveltal|91/100|[from] drain|[of] p2a: Ferrothorn
|
|-heal|p2a: Ferrothorn|79/100|[from] item: Leftovers
|upkeep
|turn|5
|
|t:|1660392213
|switch|p2a: Xerneas|Xerneas|77/100
|-ability|p2a: Xerneas|Fairy Aura
|move|p1a: Yveltal|Dark Pulse|p2a: Xerneas
|-resisted|p2a: Xerneas
|-damage|p2a: Xerneas|55/100
|
|upkeep
|turn|6
|
|t:|1660392220
|move|p2a: Xerneas|Rest|p2a: Xerneas
|-status|p2a: Xerneas|slp|[from] move: Rest
|-heal|p2a: Xerneas|100/100 slp|[silent]
|move|p1a: Yveltal|Dark Pulse|p2a: Xerneas
|-resisted|p2a: Xerneas
|-damage|p2a: Xerneas|78/100 slp
|
|upkeep
|turn|7
|
|t:|1660392228
|cant|p2a: Xerneas|slp
|move|p2a: Xerneas|Sleep Talk|p2a: Xerneas
|move|p2a: Xerneas|Aromatherapy|p2a: Xerneas|[from]move: Sleep Talk
|-activate|p2a: Xerneas|move: Aromatherapy
|-curestatus|p2a: Xerneas|slp|[msg]
|-curestatus|p2: Zygarde|tox|[msg]
|move|p1a: Yveltal|Oblivion Wing|p2a: Xerneas
|-damage|p2a: Xerneas|43/100
|-heal|p1a: Yveltal|100/100|[from] drain|[of] p2a: Xerneas
|
|upkeep
|turn|8
|
|t:|1660392240
|move|p2a: Xerneas|Moonblast|p1a: Yveltal
|-supereffective|p1a: Yveltal
|-damage|p1a: Yveltal|11/100
|-unboost|p1a: Yveltal|spa|1
|move|p1a: Yveltal|Oblivion Wing|p2a: Xerneas
|-damage|p2a: Xerneas|17/100
|-heal|p1a: Yveltal|29/100|[from] drain|[of] p2a: Xerneas
|
|upkeep
|turn|9
|
|t:|1660392249
|move|p1a: Yveltal|Sucker Punch||[still]
|-fail|p1a: Yveltal
|move|p2a: Xerneas|Rest|p2a: Xerneas
|-status|p2a: Xerneas|slp|[from] move: Rest
|-heal|p2a: Xerneas|100/100 slp|[silent]
|
|upkeep
|turn|10
|
|t:|1660392256
|switch|p1a: Ho-Oh|Ho-Oh|100/100 par
|cant|p2a: Xerneas|slp
|move|p2a: Xerneas|Sleep Talk|p2a: Xerneas
|move|p2a: Xerneas|Moonblast|p1a: Ho-Oh|[from]move: Sleep Talk
|-resisted|p1a: Ho-Oh
|-damage|p1a: Ho-Oh|85/100 par
|
|upkeep
|turn|11
|
|t:|1660392265
|switch|p2a: Zygarde|Zygarde|88/100
|move|p1a: Ho-Oh|Brave Bird|p2a: Zygarde
|-damage|p2a: Zygarde|35/100
|-damage|p1a: Ho-Oh|68/100 par|[from] Recoil
|
|-heal|p2a: Zygarde|42/100|[from] item: Leftovers
|-activate|p2a: Zygarde|ability: Power Construct
|detailschange|p2a: Zygarde|Zygarde-Complete
|-heal|p2a: Zygarde|62/100|[silent]
|upkeep
|turn|12
|
|t:|1660392278
|move|p2a: Zygarde|Thousand Arrows|p1a: Ho-Oh
|-damage|p1a: Ho-Oh|42/100 par
|-start|p1a: Ho-Oh|Smack Down
|move|p1a: Ho-Oh|Brave Bird|p2a: Zygarde
|-damage|p2a: Zygarde|25/100
|-damage|p1a: Ho-Oh|24/100 par|[from] Recoil
|
|-heal|p2a: Zygarde|32/100|[from] item: Leftovers
|upkeep
|turn|13
|
|t:|1660392308
|move|p2a: Zygarde|Thousand Arrows|p1a: Ho-Oh
|-supereffective|p1a: Ho-Oh
|-damage|p1a: Ho-Oh|0 fnt
|faint|p1a: Ho-Oh
|
|-heal|p2a: Zygarde|38/100|[from] item: Leftovers
|upkeep
|inactive|hesicrosspull has 120 seconds left.
|
|t:|1660392336
|switch|p1a: Urshifu|Urshifu, M|100/100
|turn|14
|
|t:|1660392353
|move|p1a: Urshifu|Sucker Punch||[still]
|-fail|p1a: Urshifu
|move|p2a: Zygarde|Glare|p1a: Urshifu
|-status|p1a: Urshifu|par
|
|-heal|p2a: Zygarde|44/100|[from] item: Leftovers
|upkeep
|turn|15
|
|t:|1660392368
|switch|p1a: Yveltal|Yveltal|29/100
|-ability|p1a: Yveltal|Dark Aura
|move|p2a: Zygarde|Thousand Arrows|p1a: Yveltal
|-damage|p1a: Yveltal|4/100
|-start|p1a: Yveltal|Smack Down
|
|-heal|p2a: Zygarde|50/100|[from] item: Leftovers
|upkeep
|turn|16
|
|t:|1660392378
|move|p1a: Yveltal|Sucker Punch||[still]
|-fail|p1a: Yveltal
|move|p2a: Zygarde|Glare|p1a: Yveltal
|-status|p1a: Yveltal|par
|
|-heal|p2a: Zygarde|57/100|[from] item: Leftovers
|upkeep
|turn|17
|
|t:|1660392383
|cant|p1a: Yveltal|par
|move|p2a: Zygarde|Thousand Arrows|p1a: Yveltal
|-damage|p1a: Yveltal|0 fnt
|faint|p1a: Yveltal
|
|-heal|p2a: Zygarde|63/100|[from] item: Leftovers
|upkeep
|j| Llamajestic
|
|t:|1660392397
|switch|p1a: Urshifu|Urshifu, M|100/100 par
|turn|18
|
|t:|1660392402
|move|p2a: Zygarde|Thousand Arrows|p1a: Urshifu
|-damage|p1a: Urshifu|76/100 par
|cant|p1a: Urshifu|par
|
|-heal|p2a: Zygarde|69/100|[from] item: Leftovers
|upkeep
|turn|19
|
|t:|1660392410
|move|p2a: Zygarde|Thousand Arrows|p1a: Urshifu
|-damage|p1a: Urshifu|51/100 par
|cant|p1a: Urshifu|par
|
|-heal|p2a: Zygarde|75/100|[from] item: Leftovers
|upkeep
|turn|20
|
|t:|1660392416
|move|p2a: Zygarde|Thousand Arrows|p1a: Urshifu
|-damage|p1a: Urshifu|25/100 par
|move|p1a: Urshifu|Wicked Blow|p2a: Zygarde
|-crit|p2a: Zygarde
|-damage|p2a: Zygarde|42/100
|
|-heal|p2a: Zygarde|48/100|[from] item: Leftovers
|upkeep
|turn|21
|
|t:|1660392424
|move|p2a: Zygarde|Thousand Arrows|p1a: Urshifu
|-damage|p1a: Urshifu|0 fnt
|faint|p1a: Urshifu
|
|-heal|p2a: Zygarde|55/100|[from] item: Leftovers
|upkeep
|
|t:|1660392430
|switch|p1a: Calyrex|Calyrex-Shadow|100/100
|-ability|p1a: Calyrex|As One
|-ability|p1a: Calyrex|Unnerve
|turn|22
|
|t:|1660392436
|switch|p2a: Yveltal|Yveltal|100/100
|-ability|p2a: Yveltal|Dark Aura
|move|p1a: Calyrex|Nasty Plot|p1a: Calyrex
|-boost|p1a: Calyrex|spa|2
|
|upkeep
|turn|23
|
|t:|1660392442
|move|p1a: Calyrex|Draining Kiss|p2a: Yveltal
|-supereffective|p2a: Yveltal
|-damage|p2a: Yveltal|44/100
|move|p2a: Yveltal|Knock Off|p1a: Calyrex
|-supereffective|p1a: Calyrex
|-enditem|p1a: Calyrex|Focus Sash
|-damage|p1a: Calyrex|1/100
|
|upkeep
|turn|24
|
|t:|1660392450
|move|p2a: Yveltal|Sucker Punch|p1a: Calyrex
|-supereffective|p1a: Calyrex
|-damage|p1a: Calyrex|0 fnt
|faint|p1a: Calyrex
|
|upkeep
|
|t:|1660392455
|switch|p1a: Xerneas|Xerneas|100/100
|-ability|p1a: Xerneas|Fairy Aura
|turn|25
|
|t:|1660392460
|switch|p2a: Necrozma|Necrozma-Dusk-Mane|100/100
|move|p1a: Xerneas|Geomancy||[still]
|-prepare|p1a: Xerneas|Geomancy
|-enditem|p1a: Xerneas|Power Herb
|-anim|p1a: Xerneas|Geomancy|p1a: Xerneas
|-boost|p1a: Xerneas|spa|2
|-boost|p1a: Xerneas|spd|2
|-boost|p1a: Xerneas|spe|2
|
|upkeep
|turn|26
|
|t:|1660392469
|switch|p1a: Necrozma|Necrozma-Dusk-Mane|100/100
|move|p2a: Necrozma|Iron Head|p1a: Necrozma
|-resisted|p1a: Necrozma
|-damage|p1a: Necrozma|83/100
|
|upkeep
|turn|27
|
|t:|1660392477
|switch|p2a: Zygarde|Zygarde-Complete|55/100
|move|p1a: Necrozma|Autotomize|p1a: Necrozma
|-boost|p1a: Necrozma|spe|2
|-start|p1a: Necrozma|Autotomize
|
|-heal|p2a: Zygarde|61/100|[from] item: Leftovers
|upkeep
|turn|28
|
|t:|1660392489
|move|p1a: Necrozma|Photon Geyser|p2a: Zygarde
|-damage|p2a: Zygarde|38/100
|move|p2a: Zygarde|Glare|p1a: Necrozma
|-status|p1a: Necrozma|par
|
|-heal|p2a: Zygarde|44/100|[from] item: Leftovers
|upkeep
|turn|29
|
|t:|1660392507
|move|p1a: Necrozma|Photon Geyser|p2a: Zygarde
|-damage|p2a: Zygarde|21/100
|move|p2a: Zygarde|Rest|p2a: Zygarde
|-status|p2a: Zygarde|slp|[from] move: Rest
|-heal|p2a: Zygarde|100/100 slp|[silent]
|
|upkeep
|turn|30
|-message|hesicrosspull forfeited.
|
|win|hanshappy
|raw|hesicrosspull's rating: 1406 &rarr; <strong>1389</strong><br />(-17 for losing)
|raw|hanshappy's rating: 1466 &rarr; <strong>1483</strong><br />(+17 for winning)
|l|☆hesicrosspull
|l|☆hanshappy
|j|☆hanshappy
|player|p2|hanshappy|265
|l| Llamajestic
