|j|☆caionamax
|j|☆85792195wwww
|t:|1647949412
|gametype|singles
|player|p1|caionamax|sordward|1509
|player|p2|85792195wwww|lady|1679
|teamsize|p1|6
|teamsize|p2|6
|gen|8
|tier|[Gen 8] Ubers
|rated|
|rule|Sleep Clause Mod: Limit one foe put to sleep
|rule|Species Clause: Limit one of each Pokémon
|rule|OHKO Clause: OHKO moves are banned
|rule|Evasion Moves Clause: Evasion moves are banned
|rule|Endless Battle Clause: Forcing endless battles is banned
|rule|HP Percentage Mod: HP is shown in percentages
|rule|Dynamax Clause: You cannot dynamax
|clearpoke
|poke|p1|Dwebble, F|
|poke|p1|Xerneas-*|
|poke|p1|Yveltal|
|poke|p1|Regieleki|
|poke|p1|Calyrex-Shadow|
|poke|p1|Necrozma-Dusk-Mane|
|poke|p2|Landorus-Therian, M|
|poke|p2|Excadrill, M|
|poke|p2|Tyranitar, M|
|poke|p2|Zekrom|
|poke|p2|Marshadow|
|poke|p2|Cloyster, M|
|teampreview
|inactive|Battle timer is ON: inactive players will automatically lose when time's up. (requested by caionamax)
|
|t:|1647949424
|start
|switch|p1a: Dwebble|Dwebble, F|100/100
|switch|p2a: Cloyster|Cloyster, M|100/100
|turn|1
|
|t:|1647949430
|move|p2a: Cloyster|Spikes|p1a: Dwebble
|-sidestart|p1: caionamax|Spikes
|move|p1a: Dwebble|Knock Off|p2a: Cloyster
|-damage|p2a: Cloyster|79/100
|-enditem|p2a: Cloyster|Focus Sash|[from] move: Knock Off|[of] p1a: Dwebble
|
|upkeep
|turn|2
|
|t:|1647949440
|move|p2a: Cloyster|Shell Smash|p2a: Cloyster
|-unboost|p2a: Cloyster|def|1
|-unboost|p2a: Cloyster|spd|1
|-boost|p2a: Cloyster|atk|2
|-boost|p2a: Cloyster|spa|2
|-boost|p2a: Cloyster|spe|2
|move|p1a: Dwebble|Stealth Rock|p2a: Cloyster
|-sidestart|p2: 85792195wwww|move: Stealth Rock
|
|upkeep
|turn|3
|
|t:|1647949449
|move|p2a: Cloyster|Shell Smash|p2a: Cloyster
|-unboost|p2a: Cloyster|def|1
|-unboost|p2a: Cloyster|spd|1
|-boost|p2a: Cloyster|atk|2
|-boost|p2a: Cloyster|spa|2
|-boost|p2a: Cloyster|spe|2
|move|p1a: Dwebble|Rock Wrecker|p2a: Cloyster
|-supereffective|p2a: Cloyster
|-damage|p2a: Cloyster|0 fnt
|-mustrecharge|p1a: Dwebble
|faint|p2a: Cloyster
|
|upkeep
|inactive|85792195wwww has 120 seconds left.
|
|t:|1647949479
|switch|p2a: Zekrom|Zekrom|100/100
|-damage|p2a: Zekrom|88/100|[from] Stealth Rock
|-ability|p2a: Zekrom|Teravolt
|turn|4
|
|t:|1647949489
|move|p2a: Zekrom|Dragon Dance|p2a: Zekrom
|-boost|p2a: Zekrom|atk|1
|-boost|p2a: Zekrom|spe|1
|cant|p1a: Dwebble|recharge
|
|upkeep
|turn|5
|
|t:|1647949496
|move|p2a: Zekrom|Substitute|p2a: Zekrom
|-start|p2a: Zekrom|Substitute
|-damage|p2a: Zekrom|63/100
|move|p1a: Dwebble|Knock Off|p2a: Zekrom
|-activate|p2a: Zekrom|move: Substitute|[damage]
|
|upkeep
|turn|6
|
|t:|1647949503
|move|p2a: Zekrom|Dragon Dance|p2a: Zekrom
|-boost|p2a: Zekrom|atk|1
|-boost|p2a: Zekrom|spe|1
|move|p1a: Dwebble|Knock Off|p2a: Zekrom
|-end|p2a: Zekrom|Substitute
|
|upkeep
|turn|7
|
|t:|1647949510
|move|p2a: Zekrom|Substitute|p2a: Zekrom
|-start|p2a: Zekrom|Substitute
|-damage|p2a: Zekrom|38/100
|move|p1a: Dwebble|Knock Off|p2a: Zekrom
|-activate|p2a: Zekrom|move: Substitute|[damage]
|
|upkeep
|turn|8
|
|t:|1647949517
|move|p2a: Zekrom|Bolt Strike|p1a: Dwebble
|-enditem|p1a: Dwebble|Focus Sash
|-damage|p1a: Dwebble|1/100
|-ability|p1a: Dwebble|Weak Armor|boost
|-unboost|p1a: Dwebble|def|1
|-boost|p1a: Dwebble|spe|2
|move|p1a: Dwebble|Knock Off|p2a: Zekrom
|-end|p2a: Zekrom|Substitute
|
|upkeep
|turn|9
|
|t:|1647949530
|move|p2a: Zekrom|Bolt Strike|p1a: Dwebble
|-damage|p1a: Dwebble|0 fnt
|faint|p1a: Dwebble
|
|upkeep
|
|t:|1647949535
|switch|p1a: Yveltal|Yveltal|100/100
|-ability|p1a: Yveltal|Dark Aura
|turn|10
|
|t:|1647949545
|move|p1a: Yveltal|Sucker Punch||[still]
|-fail|p1a: Yveltal
|move|p2a: Zekrom|Substitute|p2a: Zekrom
|-start|p2a: Zekrom|Substitute
|-damage|p2a: Zekrom|13/100
|
|upkeep
|turn|11
|
|t:|1647949553
|move|p1a: Yveltal|Sucker Punch|p2a: Zekrom
|-end|p2a: Zekrom|Substitute
|-damage|p1a: Yveltal|91/100|[from] item: Life Orb
|move|p2a: Zekrom|Bolt Strike|p1a: Yveltal
|-supereffective|p1a: Yveltal
|-damage|p1a: Yveltal|0 fnt
|faint|p1a: Yveltal
|
|upkeep
|
|t:|1647949558
|switch|p1a: Regieleki|Regieleki|100/100
|-damage|p1a: Regieleki|88/100|[from] Spikes
|turn|12
|
|t:|1647949574
|move|p2a: Zekrom|Bolt Strike|p1a: Regieleki
|-resisted|p1a: Regieleki
|-damage|p1a: Regieleki|0 fnt
|faint|p1a: Regieleki
|
|upkeep
|
|t:|1647949578
|switch|p1a: Calyrex|Calyrex-Shadow|100/100
|-ability|p1a: Calyrex|As One
|-ability|p1a: Calyrex|Unnerve
|-damage|p1a: Calyrex|88/100|[from] Spikes
|turn|13
|
|t:|1647949586
|move|p2a: Zekrom|Bolt Strike|p1a: Calyrex|[miss]
|-miss|p2a: Zekrom|p1a: Calyrex
|move|p1a: Calyrex|Draining Kiss|p2a: Zekrom
|-supereffective|p2a: Zekrom
|-damage|p2a: Zekrom|0 fnt
|-heal|p1a: Calyrex|98/100|[from] drain|[of] p2a: Zekrom
|faint|p2a: Zekrom
|-ability|p1a: Calyrex|Grim Neigh|boost
|-boost|p1a: Calyrex|spa|1
|
|upkeep
|
|t:|1647949602
|switch|p2a: Marshadow|Marshadow|100/100
|-damage|p2a: Marshadow|94/100|[from] Stealth Rock
|turn|14
|
|t:|1647949607
|move|p2a: Marshadow|Shadow Sneak|p1a: Calyrex
|-supereffective|p1a: Calyrex
|-damage|p1a: Calyrex|0 fnt
|faint|p1a: Calyrex
|-damage|p2a: Marshadow|84/100|[from] item: Life Orb
|
|upkeep
|
|t:|1647949609
|switch|p1a: Xerneas|Xerneas|100/100
|-damage|p1a: Xerneas|88/100|[from] Spikes
|-ability|p1a: Xerneas|Fairy Aura
|turn|15
|
|t:|1647949618
|move|p2a: Marshadow|Poltergeist|p1a: Xerneas
|-activate|p1a: Xerneas|move: Poltergeist|Power Herb
|-damage|p1a: Xerneas|27/100
|-damage|p2a: Marshadow|75/100|[from] item: Life Orb
|move|p1a: Xerneas|Geomancy||[still]
|-prepare|p1a: Xerneas|Geomancy
|-enditem|p1a: Xerneas|Power Herb
|-anim|p1a: Xerneas|Geomancy|p1a: Xerneas
|-boost|p1a: Xerneas|spa|2
|-boost|p1a: Xerneas|spd|2
|-boost|p1a: Xerneas|spe|2
|
|upkeep
|turn|16
|
|t:|1647949632
|switch|p2a: Tyranitar|Tyranitar, M|100/100
|-damage|p2a: Tyranitar|88/100|[from] Stealth Rock
|-weather|Sandstorm|[from] ability: Sand Stream|[of] p2a: Tyranitar
|move|p1a: Xerneas|Moonblast|p2a: Tyranitar
|-supereffective|p2a: Tyranitar
|-crit|p2a: Tyranitar
|-damage|p2a: Tyranitar|0 fnt
|faint|p2a: Tyranitar
|
|-weather|Sandstorm|[upkeep]
|-damage|p1a: Xerneas|21/100|[from] Sandstorm
|upkeep
|
|t:|1647949643
|switch|p2a: Excadrill|Excadrill, M|100/100
|-damage|p2a: Excadrill|97/100|[from] Stealth Rock
|turn|17
|
|t:|1647949648
|move|p2a: Excadrill|Earthquake|p1a: Xerneas
|-damage|p1a: Xerneas|0 fnt
|faint|p1a: Xerneas
|-damage|p2a: Excadrill|87/100|[from] item: Life Orb
|
|-weather|Sandstorm|[upkeep]
|upkeep
|
|t:|1647949650
|switch|p1a: Necrozma|Necrozma-Dusk-Mane|100/100
|-damage|p1a: Necrozma|88/100|[from] Spikes
|turn|18
|
|t:|1647949657
|move|p2a: Excadrill|Earthquake|p1a: Necrozma
|-supereffective|p1a: Necrozma
|-damage|p1a: Necrozma|13/100
|-enditem|p1a: Necrozma|Weakness Policy
|-boost|p1a: Necrozma|atk|2|[from] item: Weakness Policy
|-boost|p1a: Necrozma|spa|2|[from] item: Weakness Policy
|-damage|p2a: Excadrill|78/100|[from] item: Life Orb
|move|p1a: Necrozma|Earthquake|p2a: Excadrill
|-supereffective|p2a: Excadrill
|-damage|p2a: Excadrill|0 fnt
|faint|p2a: Excadrill
|
|-weather|Sandstorm|[upkeep]
|upkeep
|
|t:|1647949669
|switch|p2a: Landorus|Landorus-Therian, M|100/100
|-damage|p2a: Landorus|88/100|[from] Stealth Rock
|-ability|p2a: Landorus|Intimidate|boost
|-unboost|p1a: Necrozma|atk|1
|turn|19
|
|t:|1647949674
|move|p2a: Landorus|Earthquake|p1a: Necrozma
|-supereffective|p1a: Necrozma
|-damage|p1a: Necrozma|0 fnt
|faint|p1a: Necrozma
|
|win|85792195wwww
|raw|caionamax's rating: 1509 &rarr; <strong>1498</strong><br />(-11 for losing)
|raw|85792195wwww's rating: 1679 &rarr; <strong>1690</strong><br />(+11 for winning)
|l|☆caionamax
