|j|☆ballerz69
|j|☆tonton Nykos
|player|p1|ballerz69|279|1514
|player|p2|tonton Nykos|290|1358
|teamsize|p1|6
|teamsize|p2|6
|gametype|singles
|gen|8
|tier|[Gen 8] Ubers
|rated|
|clearpoke
|poke|p1|Ninjask, M|
|poke|p1|Bellossom, M|
|poke|p1|Vaporeon, M|
|poke|p1|Indeedee-F, F|
|poke|p1|Jirachi|
|poke|p1|Dubwool, M|
|poke|p2|Necrozma-Dusk-Mane|
|poke|p2|Darmanitan-Galar, F|
|poke|p2|Eternatus|
|poke|p2|Ditto|
|poke|p2|Melmetal|
|poke|p2|Hydreigon, M|
|rule|Sleep Clause Mod: Limit one foe put to sleep
|rule|Species Clause: Limit one of each Pokémon
|rule|OHKO Clause: OHKO moves are banned
|rule|Evasion Moves Clause: Evasion moves are banned
|rule|Endless Battle Clause: Forcing endless battles is banned
|rule|HP Percentage Mod: HP is shown in percentages
|html|Ubers Dynamax Clause: Pokémon on the <a href="https://www.smogon.com/dex/ss/formats/uber/">Ubers Dynamax Banlist</a> cannot Dynamax.
|teampreview
|
|start
|switch|p1a: Ninjask|Ninjask, M|100/100
|switch|p2a: Hydreigon|Hydreigon, M|100/100
|turn|1
|
|move|p2a: Hydreigon|Flamethrower|p1a: Ninjask
|-supereffective|p1a: Ninjask
|-damage|p1a: Ninjask|0 fnt
|faint|p1a: Ninjask
|
|upkeep
|
|switch|p1a: Vaporeon|Vaporeon, M|100/100
|turn|2
|
|switch|p2a: Necrozma|Necrozma-Dusk-Mane|100/100
|move|p1a: Vaporeon|Substitute|p1a: Vaporeon
|-start|p1a: Vaporeon|Substitute
|-damage|p1a: Vaporeon|76/100
|
|-heal|p1a: Vaporeon|82/100|[from] item: Leftovers
|upkeep
|turn|3
|
|move|p2a: Necrozma|Sunsteel Strike|p1a: Vaporeon
|-resisted|p1a: Vaporeon
|-end|p1a: Vaporeon|Substitute
|move|p1a: Vaporeon|Charm|p2a: Necrozma
|-unboost|p2a: Necrozma|atk|2
|
|-heal|p1a: Vaporeon|88/100|[from] item: Leftovers
|upkeep
|turn|4
|
|move|p2a: Necrozma|Knock Off|p1a: Vaporeon
|-damage|p1a: Vaporeon|63/100
|-enditem|p1a: Vaporeon|Leftovers|[from] move: Knock Off|[of] p2a: Necrozma
|move|p1a: Vaporeon|Substitute|p1a: Vaporeon
|-start|p1a: Vaporeon|Substitute
|-damage|p1a: Vaporeon|38/100
|
|upkeep
|turn|5
|
|move|p2a: Necrozma|Sunsteel Strike|p1a: Vaporeon
|-resisted|p1a: Vaporeon
|-activate|p1a: Vaporeon|move: Substitute|[damage]
|move|p1a: Vaporeon|Aqua Ring|p1a: Vaporeon
|-start|p1a: Vaporeon|Aqua Ring
|
|-heal|p1a: Vaporeon|44/100|[from] Aqua Ring
|upkeep
|turn|6
|
|move|p2a: Necrozma|Sunsteel Strike|p1a: Vaporeon
|-resisted|p1a: Vaporeon
|-end|p1a: Vaporeon|Substitute
|move|p1a: Vaporeon|Baton Pass|p1a: Vaporeon
|
|switch|p1a: Big Dub|Dubwool, M, shiny|100/100|[from]move: Baton Pass
|
|upkeep
|turn|7
|
|switch|p2a: Melmetal|Melmetal|100/100
|move|p1a: Big Dub|Substitute|p1a: Big Dub
|-start|p1a: Big Dub|Substitute
|-damage|p1a: Big Dub|75/100
|
|-heal|p1a: Big Dub|82/100|[from] item: Leftovers
|-heal|p1a: Big Dub|88/100|[from] Aqua Ring
|upkeep
|turn|8
|
|-start|p2a: Melmetal|Dynamax
|-heal|p2a: Melmetal|100/100|[silent]
|move|p1a: Big Dub|Cotton Guard|p1a: Big Dub
|-boost|p1a: Big Dub|def|3
|move|p2a: Melmetal|Max Knuckle|p1a: Big Dub
|-supereffective|p1a: Big Dub
|-activate|p1a: Big Dub|move: Substitute|[damage]
|-boost|p2a: Melmetal|atk|1
|
|-heal|p1a: Big Dub|94/100|[from] item: Leftovers
|-heal|p1a: Big Dub|99/100|[from] Aqua Ring
|upkeep
|turn|9
|
|move|p1a: Big Dub|Cotton Guard|p1a: Big Dub
|-boost|p1a: Big Dub|def|3
|move|p2a: Melmetal|Max Knuckle|p1a: Big Dub
|-supereffective|p1a: Big Dub
|-end|p1a: Big Dub|Substitute
|-boost|p2a: Melmetal|atk|1
|
|-heal|p1a: Big Dub|100/100|[from] item: Leftovers
|upkeep
|turn|10
|
|move|p1a: Big Dub|Substitute|p1a: Big Dub
|-start|p1a: Big Dub|Substitute
|-damage|p1a: Big Dub|75/100
|move|p2a: Melmetal|Max Quake|p1a: Big Dub
|-activate|p1a: Big Dub|move: Substitute|[damage]
|-boost|p2a: Melmetal|spd|1
|
|-heal|p1a: Big Dub|82/100|[from] item: Leftovers
|-heal|p1a: Big Dub|88/100|[from] Aqua Ring
|-end|p2a: Melmetal|Dynamax
|-heal|p2a: Melmetal|100/100|[silent]
|upkeep
|turn|11
|
|move|p1a: Big Dub|Body Press|p2a: Melmetal
|-supereffective|p2a: Melmetal
|-damage|p2a: Melmetal|0 fnt
|faint|p2a: Melmetal
|
|-heal|p1a: Big Dub|94/100|[from] item: Leftovers
|-heal|p1a: Big Dub|99/100|[from] Aqua Ring
|upkeep
|inactive|Battle timer is ON: inactive players will automatically lose when time's up. (requested by ballerz69)
|
|switch|p2a: Hydreigon|Hydreigon, M|100/100
|turn|12
|
|move|p2a: Hydreigon|Dark Pulse|p1a: Big Dub
|-end|p1a: Big Dub|Substitute
|move|p1a: Big Dub|Baton Pass|p1a: Big Dub
|
|switch|p1a: Bellossom|Bellossom, M|100/100|[from]move: Baton Pass
|
|upkeep
|turn|13
|
|move|p2a: Hydreigon|Dark Pulse|p1a: Bellossom
|-damage|p1a: Bellossom|69/100
|cant|p1a: Bellossom|flinch
|
|-heal|p1a: Bellossom|75/100|[from] item: Leftovers
|-heal|p1a: Bellossom|81/100|[from] Aqua Ring
|upkeep
|turn|14
|
|move|p2a: Hydreigon|Dark Pulse|p1a: Bellossom
|-damage|p1a: Bellossom|45/100
|move|p1a: Bellossom|Quiver Dance|p1a: Bellossom
|-boost|p1a: Bellossom|spa|1
|-boost|p1a: Bellossom|spd|1
|-boost|p1a: Bellossom|spe|1
|
|-heal|p1a: Bellossom|51/100|[from] item: Leftovers
|-heal|p1a: Bellossom|57/100|[from] Aqua Ring
|upkeep
|turn|15
|
|move|p2a: Hydreigon|Dark Pulse|p1a: Bellossom
|-damage|p1a: Bellossom|33/100
|move|p1a: Bellossom|Sleep Powder|p2a: Hydreigon|[miss]
|-miss|p1a: Bellossom|p2a: Hydreigon
|
|-heal|p1a: Bellossom|39/100|[from] item: Leftovers
|-heal|p1a: Bellossom|45/100|[from] Aqua Ring
|upkeep
|turn|16
|
|move|p2a: Hydreigon|Dark Pulse|p1a: Bellossom
|-damage|p1a: Bellossom|22/100
|cant|p1a: Bellossom|flinch
|
|-heal|p1a: Bellossom|28/100|[from] item: Leftovers
|-heal|p1a: Bellossom|34/100|[from] Aqua Ring
|upkeep
|turn|17
|
|move|p2a: Hydreigon|Dark Pulse|p1a: Bellossom
|-damage|p1a: Bellossom|10/100
|move|p1a: Bellossom|Baton Pass|p1a: Bellossom
|
|switch|p1a: Vaporeon|Vaporeon, M|44/100|[from]move: Baton Pass
|
|-heal|p1a: Vaporeon|50/100|[from] Aqua Ring
|upkeep
|turn|18
|
|move|p2a: Hydreigon|Dark Pulse|p1a: Vaporeon
|-damage|p1a: Vaporeon|32/100
|cant|p1a: Vaporeon|flinch
|
|-heal|p1a: Vaporeon|38/100|[from] Aqua Ring
|upkeep
|turn|19
|
|move|p2a: Hydreigon|Dark Pulse|p1a: Vaporeon
|-damage|p1a: Vaporeon|20/100
|move|p1a: Vaporeon|Substitute|p1a: Vaporeon
|-fail|p1a: Vaporeon|move: Substitute|[weak]
|
|-heal|p1a: Vaporeon|26/100|[from] Aqua Ring
|upkeep
|turn|20
|
|move|p2a: Hydreigon|Dark Pulse|p1a: Vaporeon
|-crit|p1a: Vaporeon
|-damage|p1a: Vaporeon|0 fnt
|faint|p1a: Vaporeon
|
|upkeep
|c|☆ballerz69|Are you fucking serious
|-message|ballerz69 forfeited.
|
|win|tonton Nykos
|l|☆ballerz69
