|j|☆Preguizinha
|j|☆xErick17x
|t:|1651608835
|gametype|singles
|player|p1|Preguizinha|mars|1419
|player|p2|xErick17x|nate|1418
|teamsize|p1|6
|teamsize|p2|6
|gen|8
|tier|[Gen 8] Ubers
|rated|
|rule|Sleep Clause Mod: Limit one foe put to sleep
|rule|Species Clause: Limit one of each Pokémon
|rule|OHKO Clause: OHKO moves are banned
|rule|Evasion Moves Clause: Evasion moves are banned
|rule|Endless Battle Clause: Forcing endless battles is banned
|rule|HP Percentage Mod: HP is shown in percentages
|rule|Dynamax Clause: You cannot dynamax
|clearpoke
|poke|p1|Calyrex-Shadow|
|poke|p1|Ho-Oh|
|poke|p1|Zamazenta-*|
|poke|p1|Marshadow|
|poke|p1|Groudon|
|poke|p1|Malamar, M|
|poke|p2|Calyrex-Shadow|
|poke|p2|Groudon|
|poke|p2|Yveltal|
|poke|p2|Necrozma-Dusk-Mane|
|poke|p2|Kyogre|
|poke|p2|Eternatus|
|teampreview
|inactive|Battle timer is ON: inactive players will automatically lose when time's up. (requested by xErick17x)
|
|t:|1651608847
|start
|switch|p1a: Ho-Oh|Ho-Oh|100/100
|switch|p2a: Kyogre|Kyogre|100/100
|-weather|RainDance|[from] ability: Drizzle|[of] p2a: Kyogre
|turn|1
|
|t:|1651608850
|move|p2a: Kyogre|Water Spout|p1a: Ho-Oh
|-supereffective|p1a: Ho-Oh
|-damage|p1a: Ho-Oh|0 fnt
|faint|p1a: Ho-Oh
|
|-weather|RainDance|[upkeep]
|upkeep
|
|t:|1651608860
|switch|p1a: Malamar|Malamar, M|100/100
|turn|2
|j| Fartherr
|
|t:|1651608862
|move|p2a: Kyogre|Water Spout|p1a: Malamar
|-damage|p1a: Malamar|0 fnt
|faint|p1a: Malamar
|
|-weather|RainDance|[upkeep]
|upkeep
|
|t:|1651608865
|switch|p1a: Zamazenta|Zamazenta-Crowned|100/100
|-ability|p1a: Zamazenta|Dauntless Shield|boost
|-boost|p1a: Zamazenta|def|1
|turn|3
|
|t:|1651608868
|move|p2a: Kyogre|Water Spout|p1a: Zamazenta
|-damage|p1a: Zamazenta|0 fnt
|faint|p1a: Zamazenta
|
|-weather|RainDance|[upkeep]
|upkeep
|
|t:|1651608877
|switch|p1a: Marshadow|Marshadow|100/100
|turn|4
|
|t:|1651608883
|move|p2a: Kyogre|Water Spout|p1a: Marshadow
|-damage|p1a: Marshadow|0 fnt
|faint|p1a: Marshadow
|
|-weather|RainDance|[upkeep]
|upkeep
|
|t:|1651608890
|switch|p1a: Groudon|Groudon|100/100
|-weather|SunnyDay|[from] ability: Drought|[of] p1a: Groudon
|turn|5
|
|t:|1651608893
|switch|p2a: Yveltal|Yveltal|100/100
|-ability|p2a: Yveltal|Dark Aura
|move|p1a: Groudon|Precipice Blades|p2a: Yveltal
|-immune|p2a: Yveltal
|
|-weather|SunnyDay|[upkeep]
|upkeep
|turn|6
|
|t:|1651608896
|move|p1a: Groudon|Rock Slide|p2a: Yveltal
|-supereffective|p2a: Yveltal
|-damage|p2a: Yveltal|54/100
|move|p2a: Yveltal|Foul Play|p1a: Groudon
|-damage|p1a: Groudon|49/100
|
|-weather|SunnyDay|[upkeep]
|upkeep
|turn|7
|
|t:|1651608900
|move|p1a: Groudon|Stealth Rock|p2a: Yveltal
|-sidestart|p2: xErick17x|move: Stealth Rock
|move|p2a: Yveltal|Foul Play|p1a: Groudon
|-damage|p1a: Groudon|0 fnt
|faint|p1a: Groudon
|
|-weather|SunnyDay|[upkeep]
|upkeep
|
|t:|1651608904
|switch|p1a: Calyrex|Calyrex-Shadow|100/100
|-ability|p1a: Calyrex|As One
|-ability|p1a: Calyrex|Unnerve
|turn|8
|
|t:|1651608908
|move|p1a: Calyrex|Astral Barrage|p2a: Yveltal
|-resisted|p2a: Yveltal
|-damage|p2a: Yveltal|21/100
|move|p2a: Yveltal|Foul Play|p1a: Calyrex
|-supereffective|p1a: Calyrex
|-damage|p1a: Calyrex|0 fnt
|faint|p1a: Calyrex
|
|win|xErick17x
|raw|Preguizinha's rating: 1419 &rarr; <strong>1399</strong><br />(-20 for losing)
|raw|xErick17x's rating: 1418 &rarr; <strong>1438</strong><br />(+20 for winning)
|l|☆Preguizinha
||Ladder isn't responding, score probably updated but might not have (Request timeout).
