|raw|<div class="broadcast-blue"><strong>This battle is required to be public due to a player having a name starting with 'ult9ns'.</div>
|j|☆ULT9NS Cursed
|j|☆rburburbu
|t:|1653401690
|gametype|singles
|player|p1|ULT9NS Cursed|lucas|1472
|player|p2|rburburbu|erika|1510
|teamsize|p1|6
|teamsize|p2|6
|gen|8
|tier|[Gen 8] Ubers
|rated|
|rule|Sleep Clause Mod: Limit one foe put to sleep
|rule|Species Clause: Limit one of each Pokémon
|rule|OHKO Clause: OHKO moves are banned
|rule|Evasion Moves Clause: Evasion moves are banned
|rule|Endless Battle Clause: Forcing endless battles is banned
|rule|HP Percentage Mod: HP is shown in percentages
|rule|Dynamax Clause: You cannot dynamax
|clearpoke
|poke|p1|Darmanitan-Galar, F|
|poke|p1|Landorus-Therian, M|
|poke|p1|Yveltal|
|poke|p1|Necrozma-Dusk-Mane|
|poke|p1|Eternatus|
|poke|p1|Kyogre|
|poke|p2|Kartana|
|poke|p2|Dugtrio, F|
|poke|p2|Tyranitar, M|
|poke|p2|Blissey, F|
|poke|p2|Eternatus|
|poke|p2|Zarude|
|teampreview
|inactive|Battle timer is ON: inactive players will automatically lose when time's up. (requested by ULT9NS Cursed)
|inactive|rburburbu also wants the timer to be on.
|inactive|rburburbu has 120 seconds left.
|j| Kssr
|
|t:|1653401737
|start
|switch|p1a: Landorus|Landorus-Therian, M|100/100
|switch|p2a: Dugtrio|Dugtrio, F|100/100
|-ability|p1a: Landorus|Intimidate|boost
|-unboost|p2a: Dugtrio|atk|1
|turn|1
|j| reje
|
|t:|1653401745
|switch|p2a: Kartana|Kartana, shiny|100/100
|move|p1a: Landorus|Earthquake|p2a: Kartana
|-damage|p2a: Kartana|47/100
|
|upkeep
|turn|2
|
|t:|1653401759
|move|p2a: Kartana|Synthesis|p2a: Kartana
|-heal|p2a: Kartana|97/100
|move|p1a: Landorus|Earthquake|p2a: Kartana
|-damage|p2a: Kartana|49/100
|
|upkeep
|turn|3
|
|t:|1653401764
|switch|p1a: Eternatus|Eternatus|100/100
|-ability|p1a: Eternatus|Pressure
|move|p2a: Kartana|Synthesis|p2a: Kartana
|-heal|p2a: Kartana|99/100
|
|upkeep
|turn|4
|
|t:|1653401775
|switch|p1a: Yveltal|Yveltal|100/100
|-ability|p1a: Yveltal|Dark Aura
|switch|p2a: Tyranitar|Tyranitar, M|100/100
|-weather|Sandstorm|[from] ability: Sand Stream|[of] p2a: Tyranitar
|
|-weather|Sandstorm|[upkeep]
|-damage|p1a: Yveltal|94/100|[from] Sandstorm
|upkeep
|turn|5
|
|t:|1653401783
|move|p1a: Yveltal|Knock Off|p2a: Tyranitar
|-resisted|p2a: Tyranitar
|-damage|p2a: Tyranitar|79/100
|-enditem|p2a: Tyranitar|Leftovers|[from] move: Knock Off|[of] p1a: Yveltal
|move|p2a: Tyranitar|Stealth Rock|p1a: Yveltal
|-sidestart|p1: ULT9NS Cursed|move: Stealth Rock
|
|-weather|Sandstorm|[upkeep]
|-damage|p1a: Yveltal|88/100|[from] Sandstorm
|upkeep
|turn|6
|
|t:|1653401804
|move|p1a: Yveltal|U-turn|p2a: Tyranitar
|-supereffective|p2a: Tyranitar
|-crit|p2a: Tyranitar
|-damage|p2a: Tyranitar|32/100
|
|t:|1653401806
|switch|p1a: Landorus|Landorus-Therian, M|100/100|[from]move: U-turn
|-damage|p1a: Landorus|88/100|[from] Stealth Rock
|-ability|p1a: Landorus|Intimidate|boost
|-unboost|p2a: Tyranitar|atk|1
|move|p2a: Tyranitar|Thunder Wave|p1a: Landorus
|-immune|p1a: Landorus
|
|-weather|Sandstorm|[upkeep]
|-heal|p1a: Landorus|94/100|[from] item: Leftovers
|upkeep
|turn|7
|
|t:|1653401831
|switch|p2a: Kartana|Kartana, shiny|99/100
|move|p1a: Landorus|Earthquake|p2a: Kartana
|-damage|p2a: Kartana|51/100
|
|-weather|Sandstorm|[upkeep]
|-heal|p1a: Landorus|99/100|[from] item: Leftovers
|upkeep
|turn|8
|
|t:|1653401838
|move|p2a: Kartana|Knock Off|p1a: Landorus
|-damage|p1a: Landorus|68/100
|-enditem|p1a: Landorus|Leftovers|[from] move: Knock Off|[of] p2a: Kartana
|move|p1a: Landorus|Earthquake|p2a: Kartana
|-damage|p2a: Kartana|1/100
|
|-weather|none
|upkeep
|turn|9
|
|t:|1653401844
|move|p2a: Kartana|Synthesis|p2a: Kartana
|-heal|p2a: Kartana|51/100
|move|p1a: Landorus|Defog|p2a: Kartana
|-unboost|p2a: Kartana|evasion|1
|-sideend|p1: ULT9NS Cursed|Stealth Rock|[from] move: Defog|[of] p1a: Landorus
|
|upkeep
|turn|10
|
|t:|1653401853
|move|p2a: Kartana|Leaf Blade|p1a: Landorus
|-damage|p1a: Landorus|26/100
|move|p1a: Landorus|U-turn|p2a: Kartana
|-damage|p2a: Kartana|28/100
|-damage|p1a: Landorus|9/100|[from] item: Rocky Helmet|[of] p2a: Kartana
|
|t:|1653401857
|switch|p1a: Darmanitan|Darmanitan-Galar, F|100/100|[from]move: U-turn
|
|upkeep
|turn|11
|
|t:|1653401871
|switch|p2a: Tyranitar|Tyranitar, M|32/100
|-weather|Sandstorm|[from] ability: Sand Stream|[of] p2a: Tyranitar
|move|p1a: Darmanitan|U-turn|p2a: Tyranitar
|-supereffective|p2a: Tyranitar
|-damage|p2a: Tyranitar|0 fnt
|faint|p2a: Tyranitar
|
|t:|1653401881
|switch|p1a: Yveltal|Yveltal|88/100|[from]move: U-turn
|-ability|p1a: Yveltal|Dark Aura
|
|-weather|Sandstorm|[upkeep]
|-damage|p1a: Yveltal|82/100|[from] Sandstorm
|upkeep
|
|t:|1653401885
|switch|p2a: Eternatus|Eternatus|100/100
|-ability|p2a: Eternatus|Pressure
|turn|12
|
|t:|1653401892
|switch|p1a: Necrozma|Necrozma-Dusk-Mane|100/100
|move|p2a: Eternatus|Toxic Spikes|p1a: Necrozma
|-sidestart|p1: ULT9NS Cursed|move: Toxic Spikes
|
|-weather|Sandstorm|[upkeep]
|-damage|p2a: Eternatus|94/100|[from] Sandstorm
|upkeep
|turn|13
|
|t:|1653401898
|switch|p2a: Kartana|Kartana, shiny|28/100
|move|p1a: Necrozma|Iron Head|p2a: Kartana
|-resisted|p2a: Kartana
|-damage|p2a: Kartana|6/100
|-damage|p1a: Necrozma|84/100|[from] item: Rocky Helmet|[of] p2a: Kartana
|
|-weather|Sandstorm|[upkeep]
|-heal|p1a: Necrozma|90/100|[from] item: Leftovers
|upkeep
|turn|14
|
|t:|1653401914
|switch|p1a: Yveltal|Yveltal|82/100
|-ability|p1a: Yveltal|Dark Aura
|move|p2a: Kartana|Synthesis|p2a: Kartana
|-heal|p2a: Kartana|31/100
|
|-weather|Sandstorm|[upkeep]
|-damage|p1a: Yveltal|76/100|[from] Sandstorm
|upkeep
|turn|15
|
|t:|1653401921
|switch|p2a: Eternatus|Eternatus|94/100
|-ability|p2a: Eternatus|Pressure
|move|p1a: Yveltal|Knock Off|p2a: Eternatus
|-damage|p2a: Eternatus|59/100
|-enditem|p2a: Eternatus|Heavy-Duty Boots|[from] move: Knock Off|[of] p1a: Yveltal
|
|-weather|none
|upkeep
|turn|16
|
|t:|1653401928
|switch|p1a: Eternatus|Eternatus|100/100
|-sideend|p1: ULT9NS Cursed|move: Toxic Spikes|[of] p1a: Eternatus
|-ability|p1a: Eternatus|Pressure
|move|p2a: Eternatus|Recover|p2a: Eternatus
|-heal|p2a: Eternatus|100/100
|
|upkeep
|turn|17
|
|t:|1653401941
|switch|p2a: Blissey|Blissey, F|100/100
|move|p1a: Eternatus|Dragon Pulse|p2a: Blissey
|-damage|p2a: Blissey|89/100
|
|upkeep
|turn|18
|
|t:|1653401949
|switch|p1a: Landorus|Landorus-Therian, M|9/100
|-ability|p1a: Landorus|Intimidate|boost
|-unboost|p2a: Blissey|atk|1
|move|p2a: Blissey|Seismic Toss|p1a: Landorus
|-damage|p1a: Landorus|0 fnt
|faint|p1a: Landorus
|
|upkeep
|
|t:|1653401951
|switch|p1a: Darmanitan|Darmanitan-Galar, F|100/100
|turn|19
|
|t:|1653401958
|switch|p2a: Kartana|Kartana, shiny|31/100
|move|p1a: Darmanitan|Icicle Crash|p2a: Kartana
|-damage|p2a: Kartana|0 fnt
|faint|p2a: Kartana
|
|upkeep
|
|t:|1653401967
|switch|p2a: Dugtrio|Dugtrio, F|100/100
|turn|20
|
|t:|1653401971
|move|p2a: Dugtrio|Stone Edge|p1a: Darmanitan
|-supereffective|p1a: Darmanitan
|-crit|p1a: Darmanitan
|-damage|p1a: Darmanitan|0 fnt
|faint|p1a: Darmanitan
|
|upkeep
|
|t:|1653401979
|switch|p1a: Necrozma|Necrozma-Dusk-Mane|90/100
|turn|21
|j| Holy Ghost
|
|t:|1653401985
|switch|p2a: Zarude|Zarude|100/100
|move|p1a: Necrozma|Stealth Rock|p2a: Zarude
|-sidestart|p2: rburburbu|move: Stealth Rock
|
|-heal|p1a: Necrozma|96/100|[from] item: Leftovers
|upkeep
|turn|22
|
|t:|1653401995
|move|p2a: Zarude|Bulk Up|p2a: Zarude
|-boost|p2a: Zarude|atk|1
|-boost|p2a: Zarude|def|1
|move|p1a: Necrozma|Thunder Wave|p2a: Zarude
|-status|p2a: Zarude|par
|
|-heal|p1a: Necrozma|100/100|[from] item: Leftovers
|upkeep
|turn|23
|
|t:|1653401998
|switch|p1a: Eternatus|Eternatus|100/100
|-ability|p1a: Eternatus|Pressure
|move|p2a: Zarude|Jungle Healing|p2a: Zarude
|-curestatus|p2a: Zarude|par|[msg]
|
|upkeep
|turn|24
|
|t:|1653402005
|move|p1a: Eternatus|Dragon Pulse|p2a: Zarude
|-damage|p2a: Zarude|64/100
|move|p2a: Zarude|Darkest Lariat|p1a: Eternatus
|-damage|p1a: Eternatus|59/100
|
|-heal|p2a: Zarude|70/100|[from] item: Leftovers
|upkeep
|turn|25
|n| yuzion|holyghost
|
|t:|1653402018
|switch|p2a: Dugtrio|Dugtrio, F|100/100
|-damage|p2a: Dugtrio|94/100|[from] Stealth Rock
|move|p1a: Eternatus|Meteor Beam||[still]
|-prepare|p1a: Eternatus|Meteor Beam
|-boost|p1a: Eternatus|spa|1
|-enditem|p1a: Eternatus|Power Herb
|-anim|p1a: Eternatus|Meteor Beam|p2a: Dugtrio
|-resisted|p2a: Dugtrio
|-damage|p2a: Dugtrio|41/100
|
|upkeep
|turn|26
|
|t:|1653402023
|move|p2a: Dugtrio|Earthquake|p1a: Eternatus
|-supereffective|p1a: Eternatus
|-damage|p1a: Eternatus|0 fnt
|faint|p1a: Eternatus
|
|upkeep
|
|t:|1653402028
|switch|p1a: Kyogre|Kyogre|100/100
|-weather|RainDance|[from] ability: Drizzle|[of] p1a: Kyogre
|turn|27
|
|t:|1653402035
|move|p2a: Dugtrio|Earthquake|p1a: Kyogre
|-damage|p1a: Kyogre|71/100
|move|p1a: Kyogre|Surf|p2a: Dugtrio
|-supereffective|p2a: Dugtrio
|-damage|p2a: Dugtrio|0 fnt
|faint|p2a: Dugtrio
|
|-weather|RainDance|[upkeep]
|-heal|p1a: Kyogre|77/100|[from] item: Leftovers
|upkeep
|
|t:|1653402039
|switch|p2a: Eternatus|Eternatus|100/100
|-damage|p2a: Eternatus|88/100|[from] Stealth Rock
|-ability|p2a: Eternatus|Pressure
|turn|28
|
|t:|1653402046
|move|p2a: Eternatus|Toxic Spikes|p1a: Kyogre
|-sidestart|p1: ULT9NS Cursed|move: Toxic Spikes
|move|p1a: Kyogre|Thunder Wave|p2a: Eternatus|[miss]
|-miss|p1a: Kyogre|p2a: Eternatus
|
|-weather|RainDance|[upkeep]
|-heal|p1a: Kyogre|83/100|[from] item: Leftovers
|upkeep
|turn|29
|
|t:|1653402054
|move|p2a: Eternatus|Dynamax Cannon|p1a: Kyogre
|-damage|p1a: Kyogre|52/100
|move|p1a: Kyogre|Thunder Wave|p2a: Eternatus
|-status|p2a: Eternatus|par
|
|-weather|RainDance|[upkeep]
|-heal|p1a: Kyogre|58/100|[from] item: Leftovers
|upkeep
|turn|30
|
|t:|1653402059
|switch|p2a: Blissey|Blissey, F|89/100
|move|p1a: Kyogre|Calm Mind|p1a: Kyogre
|-boost|p1a: Kyogre|spa|1
|-boost|p1a: Kyogre|spd|1
|
|-weather|RainDance|[upkeep]
|-heal|p1a: Kyogre|64/100|[from] item: Leftovers
|upkeep
|turn|31
|
|t:|1653402062
|move|p1a: Kyogre|Substitute|p1a: Kyogre
|-start|p1a: Kyogre|Substitute
|-damage|p1a: Kyogre|39/100
|move|p2a: Blissey|Confide|p1a: Kyogre
|-unboost|p1a: Kyogre|spa|1
|
|-weather|none
|-heal|p1a: Kyogre|45/100|[from] item: Leftovers
|upkeep
|turn|32
|
|t:|1653402066
|move|p1a: Kyogre|Thunder Wave|p2a: Blissey
|-status|p2a: Blissey|par
|move|p2a: Blissey|Aromatherapy|p2a: Blissey
|-activate|p2a: Blissey|move: Aromatherapy
|-curestatus|p2a: Blissey|par|[msg]
|-curestatus|p2: Eternatus|par|[msg]
|
|-heal|p1a: Kyogre|51/100|[from] item: Leftovers
|upkeep
|turn|33
|
|t:|1653402070
|move|p1a: Kyogre|Thunder Wave|p2a: Blissey
|-status|p2a: Blissey|par
|move|p2a: Blissey|Seismic Toss|p1a: Kyogre
|-end|p1a: Kyogre|Substitute
|
|-heal|p1a: Kyogre|57/100|[from] item: Leftovers
|upkeep
|turn|34
|
|t:|1653402076
|move|p1a: Kyogre|Substitute|p1a: Kyogre
|-start|p1a: Kyogre|Substitute
|-damage|p1a: Kyogre|33/100
|cant|p2a: Blissey|par
|
|-heal|p1a: Kyogre|39/100|[from] item: Leftovers
|upkeep
|turn|35
|
|t:|1653402081
|move|p1a: Kyogre|Calm Mind|p1a: Kyogre
|-boost|p1a: Kyogre|spa|1
|-boost|p1a: Kyogre|spd|1
|move|p2a: Blissey|Seismic Toss|p1a: Kyogre
|-end|p1a: Kyogre|Substitute
|
|-heal|p1a: Kyogre|45/100|[from] item: Leftovers
|upkeep
|turn|36
|
|t:|1653402083
|move|p1a: Kyogre|Substitute|p1a: Kyogre
|-start|p1a: Kyogre|Substitute
|-damage|p1a: Kyogre|20/100
|cant|p2a: Blissey|par
|
|-heal|p1a: Kyogre|26/100|[from] item: Leftovers
|upkeep
|turn|37
|
|t:|1653402088
|move|p1a: Kyogre|Calm Mind|p1a: Kyogre
|-boost|p1a: Kyogre|spa|1
|-boost|p1a: Kyogre|spd|1
|move|p2a: Blissey|Confide|p1a: Kyogre
|-unboost|p1a: Kyogre|spa|1
|
|-heal|p1a: Kyogre|32/100|[from] item: Leftovers
|upkeep
|turn|38
|
|t:|1653402094
|move|p1a: Kyogre|Calm Mind|p1a: Kyogre
|-boost|p1a: Kyogre|spa|1
|-boost|p1a: Kyogre|spd|1
|move|p2a: Blissey|Confide|p1a: Kyogre
|-unboost|p1a: Kyogre|spa|1
|
|-heal|p1a: Kyogre|38/100|[from] item: Leftovers
|upkeep
|turn|39
|
|t:|1653402096
|move|p1a: Kyogre|Calm Mind|p1a: Kyogre
|-boost|p1a: Kyogre|spa|1
|-boost|p1a: Kyogre|spd|1
|move|p2a: Blissey|Seismic Toss|p1a: Kyogre
|-end|p1a: Kyogre|Substitute
|
|-heal|p1a: Kyogre|44/100|[from] item: Leftovers
|upkeep
|turn|40
|
|t:|1653402098
|move|p1a: Kyogre|Calm Mind|p1a: Kyogre
|-boost|p1a: Kyogre|spa|1
|-boost|p1a: Kyogre|spd|1
|cant|p2a: Blissey|par
|
|-heal|p1a: Kyogre|50/100|[from] item: Leftovers
|upkeep
|turn|41
|
|t:|1653402102
|move|p1a: Kyogre|Substitute|p1a: Kyogre
|-start|p1a: Kyogre|Substitute
|-damage|p1a: Kyogre|26/100
|move|p2a: Blissey|Seismic Toss|p1a: Kyogre
|-end|p1a: Kyogre|Substitute
|
|-heal|p1a: Kyogre|32/100|[from] item: Leftovers
|upkeep
|turn|42
|
|t:|1653402106
|move|p1a: Kyogre|Calm Mind|p1a: Kyogre
|-boost|p1a: Kyogre|spa|1
|-boost|p1a: Kyogre|spd|0
|move|p2a: Blissey|Seismic Toss|p1a: Kyogre
|-damage|p1a: Kyogre|6/100
|
|-heal|p1a: Kyogre|12/100|[from] item: Leftovers
|upkeep
|turn|43
|
|t:|1653402111
|move|p1a: Kyogre|Surf|p2a: Blissey
|-damage|p2a: Blissey|55/100 par
|move|p2a: Blissey|Seismic Toss|p1a: Kyogre
|-damage|p1a: Kyogre|0 fnt
|faint|p1a: Kyogre
|
|upkeep
|
|t:|1653402114
|switch|p1a: Yveltal|Yveltal|76/100
|-ability|p1a: Yveltal|Dark Aura
|turn|44
|c|☆rburburbu|even not a 404 hp one
|
|t:|1653402142
|-curestatus|p2a: Blissey|par|[from] ability: Natural Cure
|switch|p2a: Eternatus|Eternatus|88/100
|-damage|p2a: Eternatus|76/100|[from] Stealth Rock
|-ability|p2a: Eternatus|Pressure
|move|p1a: Yveltal|Knock Off|p2a: Eternatus
|-damage|p2a: Eternatus|52/100
|
|upkeep
|turn|45
|
|t:|1653402149
|move|p2a: Eternatus|Recover|p2a: Eternatus
|-heal|p2a: Eternatus|100/100
|move|p1a: Yveltal|U-turn|p2a: Eternatus
|-resisted|p2a: Eternatus
|-crit|p2a: Eternatus
|-damage|p2a: Eternatus|91/100
|
|t:|1653402150
|switch|p1a: Necrozma|Necrozma-Dusk-Mane|100/100|[from]move: U-turn
|
|upkeep
|turn|46
|
|t:|1653402162
|switch|p2a: Blissey|Blissey, F|55/100
|move|p1a: Necrozma|Thunder Wave|p2a: Blissey
|-status|p2a: Blissey|par
|
|upkeep
|turn|47
|
|t:|1653402180
|move|p1a: Necrozma|Iron Head|p2a: Blissey
|-damage|p2a: Blissey|0 fnt
|faint|p2a: Blissey
|
|upkeep
|
|t:|1653402185
|switch|p2a: Zarude|Zarude|70/100
|-damage|p2a: Zarude|57/100|[from] Stealth Rock
|turn|48
|
|t:|1653402192
|switch|p1a: Yveltal|Yveltal|76/100
|-ability|p1a: Yveltal|Dark Aura
|move|p2a: Zarude|Bulk Up|p2a: Zarude
|-boost|p2a: Zarude|atk|1
|-boost|p2a: Zarude|def|1
|
|-heal|p2a: Zarude|63/100|[from] item: Leftovers
|upkeep
|turn|49
|
|t:|1653402196
|move|p1a: Yveltal|Knock Off|p2a: Zarude
|-resisted|p2a: Zarude
|-damage|p2a: Zarude|49/100
|-enditem|p2a: Zarude|Leftovers|[from] move: Knock Off|[of] p1a: Yveltal
|move|p2a: Zarude|Bulk Up|p2a: Zarude
|-boost|p2a: Zarude|atk|1
|-boost|p2a: Zarude|def|1
|
|upkeep
|turn|50
|
|t:|1653402200
|move|p1a: Yveltal|U-turn|p2a: Zarude
|-supereffective|p2a: Zarude
|-damage|p2a: Zarude|21/100
|
|t:|1653402202
|switch|p1a: Necrozma|Necrozma-Dusk-Mane|100/100|[from]move: U-turn
|move|p2a: Zarude|Synthesis|p2a: Zarude
|-heal|p2a: Zarude|71/100
|
|upkeep
|turn|51
|
|t:|1653402205
|move|p2a: Zarude|Darkest Lariat|p1a: Necrozma
|-supereffective|p1a: Necrozma
|-damage|p1a: Necrozma|30/100
|move|p1a: Necrozma|Thunder Wave|p2a: Zarude
|-status|p2a: Zarude|par
|
|-heal|p1a: Necrozma|36/100|[from] item: Leftovers
|upkeep
|turn|52
|
|t:|1653402208
|move|p1a: Necrozma|Iron Head|p2a: Zarude
|-damage|p2a: Zarude|57/100 par
|cant|p2a: Zarude|flinch
|
|-heal|p1a: Necrozma|42/100|[from] item: Leftovers
|upkeep
|turn|53
|
|t:|1653402211
|move|p1a: Necrozma|Iron Head|p2a: Zarude
|-damage|p2a: Zarude|42/100 par
|move|p2a: Zarude|Jungle Healing|p2a: Zarude
|-heal|p2a: Zarude|67/100 par
|-curestatus|p2a: Zarude|par|[msg]
|
|-heal|p1a: Necrozma|48/100|[from] item: Leftovers
|upkeep
|turn|54
|
|t:|1653402215
|switch|p1a: Yveltal|Yveltal|76/100
|-ability|p1a: Yveltal|Dark Aura
|move|p2a: Zarude|Darkest Lariat|p1a: Yveltal
|-resisted|p1a: Yveltal
|-damage|p1a: Yveltal|38/100
|
|upkeep
|turn|55
|
|t:|1653402219
|move|p1a: Yveltal|Roost|p1a: Yveltal
|-heal|p1a: Yveltal|88/100
|-singleturn|p1a: Yveltal|move: Roost
|move|p2a: Zarude|Darkest Lariat|p1a: Yveltal
|-resisted|p1a: Yveltal
|-damage|p1a: Yveltal|46/100
|
|upkeep
|turn|56
|
|t:|1653402223
|move|p1a: Yveltal|Roost|p1a: Yveltal
|-heal|p1a: Yveltal|96/100
|-singleturn|p1a: Yveltal|move: Roost
|move|p2a: Zarude|Bulk Up|p2a: Zarude
|-boost|p2a: Zarude|atk|1
|-boost|p2a: Zarude|def|1
|
|upkeep
|turn|57
|
|t:|1653402226
|move|p1a: Yveltal|U-turn|p2a: Zarude
|-supereffective|p2a: Zarude
|-damage|p2a: Zarude|45/100
|
|t:|1653402227
|switch|p1a: Necrozma|Necrozma-Dusk-Mane|48/100|[from]move: U-turn
|move|p2a: Zarude|Synthesis|p2a: Zarude
|-heal|p2a: Zarude|95/100
|
|-heal|p1a: Necrozma|54/100|[from] item: Leftovers
|upkeep
|turn|58
|
|t:|1653402229
|switch|p1a: Yveltal|Yveltal|96/100
|-ability|p1a: Yveltal|Dark Aura
|move|p2a: Zarude|Darkest Lariat|p1a: Yveltal
|-resisted|p1a: Yveltal
|-damage|p1a: Yveltal|42/100
|
|upkeep
|turn|59
|
|t:|1653402233
|move|p1a: Yveltal|U-turn|p2a: Zarude
|-supereffective|p2a: Zarude
|-damage|p2a: Zarude|72/100
|
|t:|1653402235
|switch|p1a: Necrozma|Necrozma-Dusk-Mane|54/100|[from]move: U-turn
|move|p2a: Zarude|Bulk Up|p2a: Zarude
|-boost|p2a: Zarude|atk|1
|-boost|p2a: Zarude|def|1
|
|-heal|p1a: Necrozma|60/100|[from] item: Leftovers
|upkeep
|turn|60
|
|t:|1653402239
|move|p2a: Zarude|Darkest Lariat|p1a: Necrozma
|-supereffective|p1a: Necrozma
|-damage|p1a: Necrozma|0 fnt
|faint|p1a: Necrozma
|
|upkeep
|-message|ULT9NS Cursed forfeited.
|
|win|rburburbu
|raw|ULT9NS Cursed's rating: 1472 &rarr; <strong>1454</strong><br />(-18 for losing)
|raw|rburburbu's rating: 1510 &rarr; <strong>1528</strong><br />(+18 for winning)
|l|☆ULT9NS Cursed
|l| reje
|l|☆rburburbu
|j|☆rburburbu
|player|p2|rburburbu|erika
|l| Kssr
||Ladder isn't responding, score probably updated but might not have (Request timeout).
