|j|☆Jrie
|j|☆TogeBirlHQ
|t:|1662682156
|gametype|singles
|player|p1|Jrie|wallace|1643
|player|p2|TogeBirlHQ|nate|1657
|teamsize|p1|6
|teamsize|p2|6
|gen|8
|tier|[Gen 8] Ubers
|rated|
|rule|Sleep Clause Mod: Limit one foe put to sleep
|rule|Species Clause: Limit one of each Pokémon
|rule|OHKO Clause: OHKO moves are banned
|rule|Evasion Items Clause: Evasion items are banned
|rule|Evasion Moves Clause: Evasion moves are banned
|rule|Endless Battle Clause: Forcing endless battles is banned
|rule|HP Percentage Mod: HP is shown in percentages
|rule|Dynamax Clause: You cannot dynamax
|clearpoke
|poke|p1|Marshadow|
|poke|p1|Necrozma-Dusk-Mane|
|poke|p1|Calyrex-Shadow|
|poke|p1|Yveltal|
|poke|p1|Eternatus|
|poke|p1|Dracovish|
|poke|p2|Ho-Oh|
|poke|p2|Eternatus|
|poke|p2|Necrozma-Dusk-Mane|
|poke|p2|Yveltal|
|poke|p2|Marshadow|
|poke|p2|Xerneas-*|
|teampreview
|inactive|Battle timer is ON: inactive players will automatically lose when time's up. (requested by Jrie)
|
|t:|1662682170
|start
|switch|p1a: Dracovish|Dracovish|100/100
|switch|p2a: Marshadow|Marshadow|100/100
|turn|1
|
|t:|1662682182
|switch|p2a: Eternatus|Eternatus|100/100
|-ability|p2a: Eternatus|Pressure
|move|p1a: Dracovish|Fishious Rend|p2a: Eternatus
|-resisted|p2a: Eternatus
|-damage|p2a: Eternatus|57/100
|
|upkeep
|turn|2
|
|t:|1662682190
|switch|p2a: Ho-Oh|Ho-Oh|100/100
|switch|p1a: Necrozma|Necrozma-Dusk-Mane|100/100
|
|upkeep
|turn|3
|
|t:|1662682198
|move|p2a: Ho-Oh|Earthquake|p1a: Necrozma
|-supereffective|p1a: Necrozma
|-damage|p1a: Necrozma|45/100
|move|p1a: Necrozma|Thunder Wave|p2a: Ho-Oh
|-status|p2a: Ho-Oh|par
|
|-heal|p1a: Necrozma|52/100|[from] item: Leftovers
|upkeep
|turn|4
|
|t:|1662682207
|switch|p1a: Yveltal|Yveltal|100/100
|-ability|p1a: Yveltal|Dark Aura
|switch|p2a: Xerneas|Xerneas|100/100
|-ability|p2a: Xerneas|Fairy Aura
|-item|p2a: Xerneas|Air Balloon
|
|upkeep
|turn|5
|
|t:|1662682212
|switch|p2a: Ho-Oh|Ho-Oh|100/100 par
|move|p1a: Yveltal|Toxic||[still]
|-fail|p1a: Yveltal
|
|upkeep
|turn|6
|
|t:|1662682221
|switch|p2a: Xerneas|Xerneas|100/100
|-ability|p2a: Xerneas|Fairy Aura
|-item|p2a: Xerneas|Air Balloon
|move|p1a: Yveltal|Knock Off|p2a: Xerneas
|-resisted|p2a: Xerneas
|-damage|p2a: Xerneas|85/100
|-enditem|p2a: Xerneas|Air Balloon
|
|upkeep
|turn|7
|
|t:|1662682229
|move|p1a: Yveltal|Toxic|p2a: Xerneas
|-status|p2a: Xerneas|tox
|move|p2a: Xerneas|Moonblast|p1a: Yveltal
|-supereffective|p1a: Yveltal
|-damage|p1a: Yveltal|41/100
|
|-damage|p2a: Xerneas|79/100 tox|[from] psn
|upkeep
|turn|8
|
|t:|1662682235
|switch|p1a: Necrozma|Necrozma-Dusk-Mane|52/100
|move|p2a: Xerneas|Moonblast|p1a: Necrozma
|-resisted|p1a: Necrozma
|-damage|p1a: Necrozma|35/100
|
|-heal|p1a: Necrozma|41/100|[from] item: Leftovers
|-damage|p2a: Xerneas|66/100 tox|[from] psn
|upkeep
|turn|9
|
|t:|1662682239
|switch|p2a: Marshadow|Marshadow|100/100
|move|p1a: Necrozma|Stealth Rock|p2a: Marshadow
|-sidestart|p2: TogeBirlHQ|move: Stealth Rock
|
|-heal|p1a: Necrozma|47/100|[from] item: Leftovers
|upkeep
|turn|10
|
|t:|1662682247
|move|p2a: Marshadow|Close Combat|p1a: Necrozma
|-damage|p1a: Necrozma|0 fnt
|-unboost|p2a: Marshadow|def|1
|-unboost|p2a: Marshadow|spd|1
|faint|p1a: Necrozma
|
|upkeep
|
|t:|1662682272
|switch|p1a: Eternatus|Eternatus|100/100
|-ability|p1a: Eternatus|Pressure
|turn|11
|
|t:|1662682280
|switch|p2a: Necrozma|Necrozma-Dusk-Mane|100/100
|-damage|p2a: Necrozma|94/100|[from] Stealth Rock
|move|p1a: Eternatus|Sludge Bomb|p2a: Necrozma
|-immune|p2a: Necrozma
|
|-heal|p2a: Necrozma|100/100|[from] item: Leftovers
|upkeep
|turn|12
|
|t:|1662682290
|switch|p1a: Yveltal|Yveltal|41/100
|-ability|p1a: Yveltal|Dark Aura
|switch|p2a: Eternatus|Eternatus|57/100
|-damage|p2a: Eternatus|45/100|[from] Stealth Rock
|-ability|p2a: Eternatus|Pressure
|
|upkeep
|turn|13
|
|t:|1662682300
|move|p2a: Eternatus|Recover|p2a: Eternatus
|-heal|p2a: Eternatus|95/100
|move|p1a: Yveltal|Roost|p1a: Yveltal
|-heal|p1a: Yveltal|91/100
|-singleturn|p1a: Yveltal|move: Roost
|
|upkeep
|turn|14
|
|t:|1662682306
|switch|p2a: Xerneas|Xerneas|66/100 tox
|-damage|p2a: Xerneas|54/100 tox|[from] Stealth Rock
|-ability|p2a: Xerneas|Fairy Aura
|move|p1a: Yveltal|Knock Off|p2a: Xerneas
|-resisted|p2a: Xerneas
|-damage|p2a: Xerneas|44/100 tox
|
|-damage|p2a: Xerneas|38/100 tox|[from] psn
|upkeep
|turn|15
|
|t:|1662682323
|move|p2a: Xerneas|Rest|p2a: Xerneas
|-status|p2a: Xerneas|slp|[from] move: Rest
|-heal|p2a: Xerneas|100/100 slp|[silent]
|move|p1a: Yveltal|Knock Off|p2a: Xerneas
|-resisted|p2a: Xerneas
|-damage|p2a: Xerneas|90/100 slp
|
|upkeep
|turn|16
|
|t:|1662682329
|switch|p1a: Eternatus|Eternatus|100/100
|-ability|p1a: Eternatus|Pressure
|cant|p2a: Xerneas|slp
|move|p2a: Xerneas|Sleep Talk|p2a: Xerneas
|move|p2a: Xerneas|Moonblast|p1a: Eternatus|[from]move: Sleep Talk
|-damage|p1a: Eternatus|57/100
|
|upkeep
|turn|17
|
|t:|1662682341
|switch|p2a: Necrozma|Necrozma-Dusk-Mane|100/100
|-damage|p2a: Necrozma|94/100|[from] Stealth Rock
|move|p1a: Eternatus|Flamethrower|p2a: Necrozma
|-supereffective|p2a: Necrozma
|-damage|p2a: Necrozma|65/100
|
|-heal|p2a: Necrozma|71/100|[from] item: Leftovers
|upkeep
|turn|18
|
|t:|1662682362
|move|p1a: Eternatus|Flamethrower|p2a: Necrozma
|-supereffective|p2a: Necrozma
|-damage|p2a: Necrozma|39/100
|move|p2a: Necrozma|Iron Head|p1a: Eternatus
|-damage|p1a: Eternatus|23/100
|
|-heal|p2a: Necrozma|45/100|[from] item: Leftovers
|upkeep
|turn|19
|
|t:|1662682368
|switch|p1a: Yveltal|Yveltal|91/100
|-ability|p1a: Yveltal|Dark Aura
|move|p2a: Necrozma|Moonlight|p2a: Necrozma
|-heal|p2a: Necrozma|95/100
|
|-heal|p2a: Necrozma|100/100|[from] item: Leftovers
|upkeep
|turn|20
|
|t:|1662682373
|switch|p1a: Eternatus|Eternatus|23/100
|-ability|p1a: Eternatus|Pressure
|switch|p2a: Xerneas|Xerneas|90/100 slp
|-damage|p2a: Xerneas|77/100 slp|[from] Stealth Rock
|-ability|p2a: Xerneas|Fairy Aura
|
|upkeep
|turn|21
|
|t:|1662682378
|switch|p2a: Eternatus|Eternatus|95/100
|-damage|p2a: Eternatus|82/100|[from] Stealth Rock
|-ability|p2a: Eternatus|Pressure
|move|p1a: Eternatus|Meteor Beam||[still]
|-prepare|p1a: Eternatus|Meteor Beam
|-boost|p1a: Eternatus|spa|1
|-enditem|p1a: Eternatus|Power Herb
|-anim|p1a: Eternatus|Meteor Beam|p2a: Eternatus
|-damage|p2a: Eternatus|39/100
|
|upkeep
|turn|22
|
|t:|1662682390
|move|p2a: Eternatus|Draco Meteor|p1a: Eternatus
|-supereffective|p1a: Eternatus
|-damage|p1a: Eternatus|0 fnt
|-unboost|p2a: Eternatus|spa|2
|faint|p1a: Eternatus
|
|upkeep
|
|t:|1662682399
|switch|p1a: Calyrex|Calyrex-Shadow|100/100
|-ability|p1a: Calyrex|As One
|-ability|p1a: Calyrex|Unnerve
|turn|23
|
|t:|1662682403
|switch|p2a: Yveltal|Yveltal|100/100
|-ability|p2a: Yveltal|Dark Aura
|move|p1a: Calyrex|Draining Kiss|p2a: Yveltal
|-supereffective|p2a: Yveltal
|-damage|p2a: Yveltal|71/100
|
|upkeep
|turn|24
|
|t:|1662682411
|switch|p1a: Yveltal|Yveltal|91/100
|-ability|p1a: Yveltal|Dark Aura
|move|p2a: Yveltal|Defog|p1a: Yveltal
|-unboost|p1a: Yveltal|evasion|1
|-sideend|p2: TogeBirlHQ|Stealth Rock|[from] move: Defog|[of] p2a: Yveltal
|
|upkeep
|turn|25
|
|t:|1662682415
|switch|p2a: Xerneas|Xerneas|77/100 slp
|-ability|p2a: Xerneas|Fairy Aura
|move|p1a: Yveltal|Toxic|p2a: Xerneas|[miss]
|-miss|p1a: Yveltal|p2a: Xerneas
|
|upkeep
|turn|26
|
|t:|1662682425
|switch|p1a: Dracovish|Dracovish|100/100
|cant|p2a: Xerneas|slp
|move|p2a: Xerneas|Sleep Talk|p2a: Xerneas
|move|p2a: Xerneas|Moonblast|p1a: Dracovish|[from]move: Sleep Talk
|-supereffective|p1a: Dracovish
|-damage|p1a: Dracovish|0 fnt
|faint|p1a: Dracovish
|
|upkeep
|
|t:|1662682431
|switch|p1a: Calyrex|Calyrex-Shadow|100/100
|-ability|p1a: Calyrex|As One
|-ability|p1a: Calyrex|Unnerve
|turn|27
|
|t:|1662682441
|switch|p2a: Yveltal|Yveltal|71/100
|-ability|p2a: Yveltal|Dark Aura
|move|p1a: Calyrex|Astral Barrage|p2a: Yveltal
|-resisted|p2a: Yveltal
|-damage|p2a: Yveltal|45/100
|
|upkeep
|turn|28
|
|t:|1662682449
|move|p1a: Calyrex|Draining Kiss|p2a: Yveltal
|-supereffective|p2a: Yveltal
|-damage|p2a: Yveltal|17/100
|move|p2a: Yveltal|Roost|p2a: Yveltal
|-heal|p2a: Yveltal|67/100
|-singleturn|p2a: Yveltal|move: Roost
|
|upkeep
|turn|29
|
|t:|1662682456
|switch|p1a: Marshadow|Marshadow|100/100
|move|p2a: Yveltal|Roost|p2a: Yveltal
|-heal|p2a: Yveltal|100/100
|-singleturn|p2a: Yveltal|move: Roost
|
|upkeep
|turn|30
|
|t:|1662682465
|switch|p2a: Necrozma|Necrozma-Dusk-Mane|100/100
|move|p1a: Marshadow|Ice Punch|p2a: Necrozma
|-resisted|p2a: Necrozma
|-damage|p2a: Necrozma|91/100
|
|-heal|p2a: Necrozma|97/100|[from] item: Leftovers
|upkeep
|turn|31
|
|t:|1662682474
|move|p1a: Marshadow|Spectral Thief|p2a: Necrozma
|-supereffective|p2a: Necrozma
|-damage|p2a: Necrozma|46/100
|move|p2a: Necrozma|Stealth Rock|p1a: Marshadow
|-sidestart|p1: Jrie|move: Stealth Rock
|
|-heal|p2a: Necrozma|52/100|[from] item: Leftovers
|upkeep
|turn|32
|
|t:|1662682479
|move|p1a: Marshadow|Spectral Thief|p2a: Necrozma
|-supereffective|p2a: Necrozma
|-damage|p2a: Necrozma|5/100
|move|p2a: Necrozma|Iron Head|p1a: Marshadow
|-damage|p1a: Marshadow|53/100
|
|-heal|p2a: Necrozma|11/100|[from] item: Leftovers
|upkeep
|turn|33
|
|t:|1662682483
|move|p1a: Marshadow|Spectral Thief|p2a: Necrozma
|-supereffective|p2a: Necrozma
|-crit|p2a: Necrozma
|-damage|p2a: Necrozma|0 fnt
|faint|p2a: Necrozma
|
|upkeep
|
|t:|1662682491
|switch|p2a: Eternatus|Eternatus|39/100
|-ability|p2a: Eternatus|Pressure
|turn|34
|
|t:|1662682496
|move|p1a: Marshadow|Shadow Sneak|p2a: Eternatus
|-damage|p2a: Eternatus|12/100
|move|p2a: Eternatus|Draco Meteor|p1a: Marshadow
|-damage|p1a: Marshadow|0 fnt
|-unboost|p2a: Eternatus|spa|2
|faint|p1a: Marshadow
|
|upkeep
|
|t:|1662682501
|switch|p1a: Yveltal|Yveltal|91/100
|-ability|p1a: Yveltal|Dark Aura
|turn|35
|
|t:|1662682509
|switch|p2a: Xerneas|Xerneas|77/100 slp
|-ability|p2a: Xerneas|Fairy Aura
|move|p1a: Yveltal|Knock Off|p2a: Xerneas
|-resisted|p2a: Xerneas
|-damage|p2a: Xerneas|67/100 slp
|
|upkeep
|turn|36
|-message|Jrie forfeited.
|
|win|TogeBirlHQ
|raw|Jrie's rating: 1643 &rarr; <strong>1624</strong><br />(-19 for losing)
|raw|TogeBirlHQ's rating: 1657 &rarr; <strong>1676</strong><br />(+19 for winning)
|l|☆Jrie
