|j|☆LD8 nvzhuangkeai
|j|☆ox04
|t:|1664803657
|gametype|singles
|player|p1|LD8 nvzhuangkeai|dawn|1753
|player|p2|ox04|red-gen7|1742
|teamsize|p1|6
|teamsize|p2|6
|gen|8
|tier|[Gen 8] Ubers
|rated|
|rule|Sleep Clause Mod: Limit one foe put to sleep
|rule|Species Clause: Limit one of each Pokémon
|rule|OHKO Clause: OHKO moves are banned
|rule|Evasion Items Clause: Evasion items are banned
|rule|Evasion Moves Clause: Evasion moves are banned
|rule|Endless Battle Clause: Forcing endless battles is banned
|rule|HP Percentage Mod: HP is shown in percentages
|rule|Dynamax Clause: You cannot dynamax
|clearpoke
|poke|p1|Toxapex, M|
|poke|p1|Corviknight, M|
|poke|p1|Tyranitar, F|
|poke|p1|Xerneas-*|
|poke|p1|Blissey, F|
|poke|p1|Groudon|
|poke|p2|Kyurem-White|
|poke|p2|Yveltal|
|poke|p2|Darmanitan-Galar, M|
|poke|p2|Groudon|
|poke|p2|Necrozma-Dusk-Mane|
|poke|p2|Xerneas-*|
|teampreview
|
|t:|1664803679
|start
|switch|p1a: Toxapex|Toxapex, M|100/100
|switch|p2a: Darmanitan|Darmanitan-Galar, M, shiny|100/100
|turn|1
|
|t:|1664803682
|move|p1a: Toxapex|Baneful Bunker|p1a: Toxapex
|-singleturn|p1a: Toxapex|move: Protect
|move|p2a: Darmanitan|U-turn|p1a: Toxapex
|-activate|p1a: Toxapex|move: Protect
|-status|p2a: Darmanitan|psn
|
|-damage|p2a: Darmanitan|88/100 psn|[from] psn
|upkeep
|turn|2
|
|t:|1664803684
|move|p2a: Darmanitan|U-turn|p1a: Toxapex
|-resisted|p1a: Toxapex
|-damage|p1a: Toxapex|90/100
|-damage|p2a: Darmanitan|72/100 psn|[from] item: Rocky Helmet|[of] p1a: Toxapex
|
|t:|1664803686
|switch|p2a: Groudon|Groudon|100/100|[from]move: U-turn
|-weather|SunnyDay|[from] ability: Drought|[of] p2a: Groudon
|move|p1a: Toxapex|Knock Off|p2a: Groudon
|-damage|p2a: Groudon|93/100
|-enditem|p2a: Groudon|Leftovers|[from] move: Knock Off|[of] p1a: Toxapex
|
|-weather|SunnyDay|[upkeep]
|upkeep
|turn|3
|
|t:|1664803693
|switch|p2a: Xerneas|Xerneas, shiny|100/100
|-ability|p2a: Xerneas|Fairy Aura
|switch|p1a: Xerneas|Xerneas|100/100
|-ability|p1a: Xerneas|Fairy Aura
|
|-weather|SunnyDay|[upkeep]
|upkeep
|turn|4
|
|t:|1664803701
|switch|p1a: Colorful Choco|Blissey, F|100/100
|move|p2a: Xerneas|Geomancy||[still]
|-prepare|p2a: Xerneas|Geomancy
|-enditem|p2a: Xerneas|Power Herb
|-anim|p2a: Xerneas|Geomancy|p2a: Xerneas
|-boost|p2a: Xerneas|spa|2
|-boost|p2a: Xerneas|spd|2
|-boost|p2a: Xerneas|spe|2
|
|-weather|SunnyDay|[upkeep]
|upkeep
|turn|5
|
|t:|1664803703
|move|p2a: Xerneas|Close Combat|p1a: Colorful Choco
|-supereffective|p1a: Colorful Choco
|-damage|p1a: Colorful Choco|0 fnt
|-unboost|p2a: Xerneas|def|1
|-unboost|p2a: Xerneas|spd|1
|faint|p1a: Colorful Choco
|
|-weather|SunnyDay|[upkeep]
|upkeep
|
|t:|1664803708
|switch|p1a: Toxapex|Toxapex, M|100/100
|turn|6
|
|t:|1664803710
|move|p2a: Xerneas|Thunder|p1a: Toxapex
|-supereffective|p1a: Toxapex
|-damage|p1a: Toxapex|0 fnt
|faint|p1a: Toxapex
|
|-weather|none
|upkeep
|c|☆ox04|ez
|c|☆ox04|sorry
|
|t:|1664803717
|switch|p1a: Groudon|Groudon|100/100
|-weather|SunnyDay|[from] ability: Drought|[of] p1a: Groudon
|turn|7
|
|t:|1664803720
|move|p2a: Xerneas|Moonblast|p1a: Groudon
|-damage|p1a: Groudon|0 fnt
|faint|p1a: Groudon
|
|-weather|SunnyDay|[upkeep]
|upkeep
|-message|LD8 nvzhuangkeai forfeited.
|
|win|ox04
|raw|LD8 nvzhuangkeai's rating: 1753 &rarr; <strong>1732</strong><br />(-21 for losing)
|raw|ox04's rating: 1742 &rarr; <strong>1763</strong><br />(+21 for winning)
|l|☆LD8 nvzhuangkeai
||Ladder isn't responding, score probably updated but might not have (Request timeout).
