|j|☆ThatOneGuy1337
|j|☆Ryrissuu
|t:|1663776744
|gametype|singles
|player|p1|ThatOneGuy1337|volkner|1590
|player|p2|Ryrissuu|hilbert|1507
|teamsize|p1|6
|teamsize|p2|6
|gen|8
|tier|[Gen 8] Ubers
|rated|
|rule|Sleep Clause Mod: Limit one foe put to sleep
|rule|Species Clause: Limit one of each Pokémon
|rule|OHKO Clause: OHKO moves are banned
|rule|Evasion Items Clause: Evasion items are banned
|rule|Evasion Moves Clause: Evasion moves are banned
|rule|Endless Battle Clause: Forcing endless battles is banned
|rule|HP Percentage Mod: HP is shown in percentages
|rule|Dynamax Clause: You cannot dynamax
|clearpoke
|poke|p1|Xerneas-*|
|poke|p1|Darmanitan-Galar, M|
|poke|p1|Magnezone|
|poke|p1|Necrozma-Dusk-Mane|
|poke|p1|Eternatus|
|poke|p1|Yveltal|
|poke|p2|Giratina-Origin|
|poke|p2|Groudon|
|poke|p2|Genesect|
|poke|p2|Kyurem-Black|
|poke|p2|Lugia|
|poke|p2|Yveltal|
|teampreview
|inactive|Battle timer is ON: inactive players will automatically lose when time's up. (requested by ThatOneGuy1337)
|
|t:|1663776784
|start
|switch|p1a: Xerneas|Xerneas|100/100
|switch|p2a: Lugia|Lugia|100/100
|-ability|p2a: Lugia|Pressure
|-ability|p1a: Xerneas|Fairy Aura
|turn|1
|inactive|ThatOneGuy1337 has 120 seconds left.
|
|t:|1663776845
|move|p2a: Lugia|Thunder Wave|p1a: Xerneas
|-status|p1a: Xerneas|par
|move|p1a: Xerneas|Block|p2a: Lugia
|-activate|p2a: Lugia|trapped
|
|upkeep
|turn|2
|
|t:|1663776856
|move|p2a: Lugia|Light Screen|p2a: Lugia
|-sidestart|p2: Ryrissuu|move: Light Screen
|move|p1a: Xerneas|Geomancy||[still]
|-prepare|p1a: Xerneas|Geomancy
|-enditem|p1a: Xerneas|Power Herb
|-anim|p1a: Xerneas|Geomancy|p1a: Xerneas
|-boost|p1a: Xerneas|spa|2
|-boost|p1a: Xerneas|spd|2
|-boost|p1a: Xerneas|spe|2
|
|upkeep
|turn|3
|
|t:|1663776860
|move|p2a: Lugia|Reflect|p2a: Lugia
|-sidestart|p2: Ryrissuu|Reflect
|cant|p1a: Xerneas|par
|
|upkeep
|turn|4
|
|t:|1663776863
|move|p2a: Lugia|Safeguard|p2a: Lugia
|-sidestart|p2: Ryrissuu|Safeguard
|move|p1a: Xerneas|Geomancy||[still]
|-prepare|p1a: Xerneas|Geomancy
|
|upkeep
|turn|5
|
|t:|1663776868
|move|p2a: Lugia|Thunder Wave|p1a: Xerneas
|-fail|p1a: Xerneas|par
|cant|p1a: Xerneas|par
|
|upkeep
|turn|6
|
|t:|1663776873
|move|p2a: Lugia|Thunder Wave|p1a: Xerneas
|-fail|p1a: Xerneas|par
|move|p1a: Xerneas|Geomancy||[still]
|-prepare|p1a: Xerneas|Geomancy
|
|upkeep
|turn|7
|
|t:|1663776879
|move|p2a: Lugia|Thunder Wave|p1a: Xerneas
|-fail|p1a: Xerneas|par
|move|p1a: Xerneas|Geomancy|p1a: Xerneas|[from]lockedmove
|-boost|p1a: Xerneas|spa|2
|-boost|p1a: Xerneas|spd|2
|-boost|p1a: Xerneas|spe|2
|
|upkeep
|turn|8
|
|t:|1663776889
|move|p1a: Xerneas|Geomancy||[still]
|-prepare|p1a: Xerneas|Geomancy
|move|p2a: Lugia|Thunder Wave|p1a: Xerneas
|-fail|p1a: Xerneas|par
|
|-sideend|p2: Ryrissuu|Safeguard
|upkeep
|turn|9
|
|t:|1663776898
|move|p1a: Xerneas|Geomancy|p1a: Xerneas|[from]lockedmove
|-boost|p1a: Xerneas|spa|2
|-boost|p1a: Xerneas|spd|2
|-boost|p1a: Xerneas|spe|2
|move|p2a: Lugia|Safeguard|p2a: Lugia
|-sidestart|p2: Ryrissuu|Safeguard
|
|-sideend|p2: Ryrissuu|move: Light Screen
|upkeep
|turn|10
|
|t:|1663776905
|cant|p1a: Xerneas|par
|move|p2a: Lugia|Light Screen|p2a: Lugia
|-sidestart|p2: Ryrissuu|move: Light Screen
|
|-sideend|p2: Ryrissuu|Reflect
|upkeep
|turn|11
|
|t:|1663776914
|move|p1a: Xerneas|Rest|p1a: Xerneas
|-fail|p1a: Xerneas|heal
|move|p2a: Lugia|Reflect|p2a: Lugia
|-sidestart|p2: Ryrissuu|Reflect
|
|upkeep
|turn|12
|
|t:|1663776920
|move|p1a: Xerneas|Geomancy||[still]
|-prepare|p1a: Xerneas|Geomancy
|move|p2a: Lugia|Safeguard||[still]
|-fail|p2a: Lugia
|
|upkeep
|turn|13
|
|t:|1663776926
|cant|p1a: Xerneas|par
|move|p2a: Lugia|Thunder Wave|p1a: Xerneas
|-fail|p1a: Xerneas|par
|
|-sideend|p2: Ryrissuu|Safeguard
|upkeep
|turn|14
|
|t:|1663776931
|move|p1a: Xerneas|Geomancy||[still]
|-prepare|p1a: Xerneas|Geomancy
|move|p2a: Lugia|Reflect||[still]
|-fail|p2a: Lugia
|
|upkeep
|turn|15
|
|t:|1663776937
|move|p1a: Xerneas|Geomancy|p1a: Xerneas|[from]lockedmove
|-boost|p1a: Xerneas|spa|0
|-boost|p1a: Xerneas|spd|0
|-boost|p1a: Xerneas|spe|0
|move|p2a: Lugia|Thunder Wave|p1a: Xerneas
|-fail|p1a: Xerneas|par
|
|upkeep
|turn|16
|
|t:|1663776940
|cant|p1a: Xerneas|par
|move|p2a: Lugia|Safeguard|p2a: Lugia
|-sidestart|p2: Ryrissuu|Safeguard
|
|upkeep
|turn|17
|
|t:|1663776944
|move|p1a: Xerneas|Moonblast|p2a: Lugia
|-damage|p2a: Lugia|28/100
|move|p2a: Lugia|Thunder Wave|p1a: Xerneas
|-fail|p1a: Xerneas|par
|
|-sideend|p2: Ryrissuu|move: Light Screen
|upkeep
|turn|18
|
|t:|1663776949
|cant|p1a: Xerneas|par
|move|p2a: Lugia|Light Screen|p2a: Lugia
|-sidestart|p2: Ryrissuu|move: Light Screen
|
|-sideend|p2: Ryrissuu|Reflect
|upkeep
|turn|19
|
|t:|1663776956
|move|p1a: Xerneas|Geomancy||[still]
|-prepare|p1a: Xerneas|Geomancy
|move|p2a: Lugia|Reflect|p2a: Lugia
|-sidestart|p2: Ryrissuu|Reflect
|
|upkeep
|turn|20
|
|t:|1663776961
|move|p1a: Xerneas|Geomancy|p1a: Xerneas|[from]lockedmove
|-boost|p1a: Xerneas|spa|0
|-boost|p1a: Xerneas|spd|0
|-boost|p1a: Xerneas|spe|0
|move|p2a: Lugia|Thunder Wave|p1a: Xerneas
|-fail|p1a: Xerneas|par
|
|-sideend|p2: Ryrissuu|Safeguard
|upkeep
|turn|21
|
|t:|1663776970
|move|p1a: Xerneas|Geomancy||[still]
|-prepare|p1a: Xerneas|Geomancy
|move|p2a: Lugia|Safeguard|p2a: Lugia
|-sidestart|p2: Ryrissuu|Safeguard
|
|upkeep
|turn|22
|
|t:|1663776978
|move|p1a: Xerneas|Geomancy|p1a: Xerneas|[from]lockedmove
|-boost|p1a: Xerneas|spa|0
|-boost|p1a: Xerneas|spd|0
|-boost|p1a: Xerneas|spe|0
|move|p2a: Lugia|Thunder Wave|p1a: Xerneas
|-fail|p1a: Xerneas|par
|
|upkeep
|turn|23
|
|t:|1663776984
|move|p1a: Xerneas|Geomancy||[still]
|-prepare|p1a: Xerneas|Geomancy
|move|p2a: Lugia|Thunder Wave|p1a: Xerneas
|-fail|p1a: Xerneas|par
|
|upkeep
|turn|24
|
|t:|1663776989
|move|p1a: Xerneas|Geomancy|p1a: Xerneas|[from]lockedmove
|-boost|p1a: Xerneas|spa|0
|-boost|p1a: Xerneas|spd|0
|-boost|p1a: Xerneas|spe|0
|move|p2a: Lugia|Thunder Wave|p1a: Xerneas
|-fail|p1a: Xerneas|par
|
|upkeep
|turn|25
|
|t:|1663776995
|move|p1a: Xerneas|Moonblast|p2a: Lugia
|-damage|p2a: Lugia|0 fnt
|faint|p2a: Lugia
|
|-sideend|p2: Ryrissuu|move: Light Screen
|-sideend|p2: Ryrissuu|Safeguard
|upkeep
|
|t:|1663776998
|switch|p2a: Genesect|Genesect, shiny|100/100
|-ability|p2a: Genesect|Download|boost
|-boost|p2a: Genesect|atk|1
|turn|26
|
|t:|1663777000
|move|p1a: Xerneas|Moonblast|p2a: Genesect
|-resisted|p2a: Genesect
|-damage|p2a: Genesect|0 fnt
|faint|p2a: Genesect
|
|-sideend|p2: Ryrissuu|Reflect
|upkeep
|
|t:|1663777004
|switch|p2a: Groudon|Groudon|100/100
|-weather|SunnyDay|[from] ability: Drought|[of] p2a: Groudon
|turn|27
|
|t:|1663777006
|move|p1a: Xerneas|Moonblast|p2a: Groudon
|-damage|p2a: Groudon|0 fnt
|faint|p2a: Groudon
|
|-weather|SunnyDay|[upkeep]
|upkeep
|-message|Ryrissuu forfeited.
|
|win|ThatOneGuy1337
|raw|ThatOneGuy1337's rating: 1564 &rarr; <strong>1581</strong><br />(+17 for winning)
|raw|Ryrissuu's rating: 1507 &rarr; <strong>1490</strong><br />(-17 for losing)
|l|☆Ryrissuu
