|html|<div class="broadcast-blue"><strong>[Gen 8] Ubers is currently suspecting Shadow Tag! For information on how to participate check out the <a href="https://www.smogon.com/forums/threads/np-ss-ubers-stage-6-tag-youre-it.3679546/">suspect thread</a>.</strong></div>
|j|☆MeteorAsh15
|j|☆Certifiied
|t:|1615674875
|player|p1|MeteorAsh15|nate|1231
|player|p2|Certifiied|101|1115
|teamsize|p1|6
|teamsize|p2|6
|gametype|singles
|gen|8
|tier|[Gen 8] Ubers
|rated|
|clearpoke
|poke|p1|Garchomp, F|
|poke|p1|Landorus-Therian, M|
|poke|p1|Tyranitar, F|
|poke|p1|Excadrill, F|
|poke|p1|Cinderace, M|
|poke|p1|Inteleon, M|
|poke|p2|Zacian|
|poke|p2|Dracozolt|
|poke|p2|Marshadow|
|poke|p2|Cinderace, M|
|poke|p2|Darmanitan-Galar, F|
|poke|p2|Eternatus|
|rule|Sleep Clause Mod: Limit one foe put to sleep
|rule|Species Clause: Limit one of each Pokémon
|rule|OHKO Clause: OHKO moves are banned
|rule|Evasion Moves Clause: Evasion moves are banned
|rule|Endless Battle Clause: Forcing endless battles is banned
|rule|HP Percentage Mod: HP is shown in percentages
|rule|Dynamax Clause: You cannot dynamax
|teampreview
|inactive|Battle timer is ON: inactive players will automatically lose when time's up. (requested by Certifiied)
|
|t:|1615674883
|start
|switch|p1a: Landorus|Landorus-Therian, M|100/100
|switch|p2a: Marshadow|Marshadow|100/100
|-ability|p1a: Landorus|Intimidate|boost
|-unboost|p2a: Marshadow|atk|1
|turn|1
|
|t:|1615674893
|move|p2a: Marshadow|Bulk Up|p2a: Marshadow
|-boost|p2a: Marshadow|atk|1
|-boost|p2a: Marshadow|def|1
|move|p1a: Landorus|Stealth Rock|p2a: Marshadow
|-sidestart|p2: Certifiied|move: Stealth Rock
|
|upkeep
|turn|2
|
|t:|1615674905
|move|p2a: Marshadow|Bulk Up|p2a: Marshadow
|-boost|p2a: Marshadow|atk|1
|-boost|p2a: Marshadow|def|1
|move|p1a: Landorus|Earthquake|p2a: Marshadow
|-damage|p2a: Marshadow|70/100
|
|upkeep
|turn|3
|
|t:|1615674915
|move|p2a: Marshadow|Bulk Up|p2a: Marshadow
|-boost|p2a: Marshadow|atk|1
|-boost|p2a: Marshadow|def|1
|move|p1a: Landorus|Sandstorm|p1a: Landorus
|-weather|Sandstorm
|
|-weather|Sandstorm|[upkeep]
|-damage|p2a: Marshadow|63/100|[from] Sandstorm
|upkeep
|turn|4
|
|t:|1615674923
|move|p2a: Marshadow|Spectral Thief|p1a: Landorus
|-damage|p1a: Landorus|0 fnt
|-damage|p2a: Marshadow|53/100|[from] item: Life Orb
|faint|p1a: Landorus
|
|-weather|Sandstorm|[upkeep]
|-damage|p2a: Marshadow|47/100|[from] Sandstorm
|upkeep
|
|t:|1615674938
|switch|p1a: Inteleon|Inteleon, M|100/100
|turn|5
|
|t:|1615674950
|move|p2a: Marshadow|Spectral Thief|p1a: Inteleon
|-damage|p1a: Inteleon|0 fnt
|-damage|p2a: Marshadow|37/100|[from] item: Life Orb
|faint|p1a: Inteleon
|
|-weather|Sandstorm|[upkeep]
|-damage|p2a: Marshadow|31/100|[from] Sandstorm
|upkeep
|
|t:|1615674960
|switch|p1a: Excadrill|Excadrill, F|100/100
|turn|6
|
|t:|1615674967
|move|p1a: Excadrill|Earthquake|p2a: Marshadow
|-damage|p2a: Marshadow|0 fnt
|faint|p2a: Marshadow
|
|-weather|Sandstorm|[upkeep]
|upkeep
|
|t:|1615674978
|switch|p2a: Eternatus|Eternatus|100/100
|-damage|p2a: Eternatus|88/100|[from] Stealth Rock
|-ability|p2a: Eternatus|Pressure
|turn|7
|
|t:|1615674985
|move|p1a: Excadrill|Earthquake|p2a: Eternatus
|-supereffective|p2a: Eternatus
|-damage|p2a: Eternatus|0 fnt
|faint|p2a: Eternatus
|
|-weather|none
|upkeep
|
|t:|1615674992
|switch|p2a: Darmanitan|Darmanitan-Galar, F|100/100
|-damage|p2a: Darmanitan|76/100|[from] Stealth Rock
|turn|8
|
|t:|1615674997
|switch|p1a: Tyranitar|Tyranitar, F|100/100
|-weather|Sandstorm|[from] ability: Sand Stream|[of] p1a: Tyranitar
|move|p2a: Darmanitan|Flare Blitz|p1a: Tyranitar
|-resisted|p1a: Tyranitar
|-damage|p1a: Tyranitar|72/100
|-damage|p2a: Darmanitan|67/100|[from] Recoil
|
|-weather|Sandstorm|[upkeep]
|-damage|p2a: Darmanitan|61/100|[from] Sandstorm
|upkeep
|turn|9
|
|t:|1615675008
|switch|p2a: Zacian|Zacian|100/100
|-damage|p2a: Zacian|88/100|[from] Stealth Rock
|-ability|p2a: Zacian|Intrepid Sword|boost
|-boost|p2a: Zacian|atk|1
|move|p1a: Tyranitar|Stone Edge|p2a: Zacian
|-crit|p2a: Zacian
|-damage|p2a: Zacian|3/100
|
|-weather|Sandstorm|[upkeep]
|-damage|p2a: Zacian|0 fnt|[from] Sandstorm
|faint|p2a: Zacian
|upkeep
|
|t:|1615675014
|switch|p2a: Cinderace|Cinderace, M|100/100
|-damage|p2a: Cinderace|76/100|[from] Stealth Rock
|turn|10
|
|t:|1615675026
|move|p2a: Cinderace|High Jump Kick|p1a: Tyranitar
|-start|p2a: Cinderace|typechange|Fighting|[from] ability: Libero
|-supereffective|p1a: Tyranitar
|-damage|p1a: Tyranitar|0 fnt
|-damage|p2a: Cinderace|66/100|[from] item: Life Orb
|faint|p1a: Tyranitar
|
|-weather|Sandstorm|[upkeep]
|-damage|p2a: Cinderace|60/100|[from] Sandstorm
|upkeep
|
|t:|1615675037
|switch|p1a: Excadrill|Excadrill, F|100/100
|turn|11
|
|t:|1615675042
|move|p2a: Cinderace|Sucker Punch|p1a: Excadrill
|-start|p2a: Cinderace|typechange|Dark|[from] ability: Libero
|-damage|p1a: Excadrill|41/100
|-damage|p2a: Cinderace|50/100|[from] item: Life Orb
|move|p1a: Excadrill|Earthquake|p2a: Cinderace
|-damage|p2a: Cinderace|0 fnt
|faint|p2a: Cinderace
|
|-weather|Sandstorm|[upkeep]
|upkeep
|
|t:|1615675049
|switch|p2a: Darmanitan|Darmanitan-Galar, F|61/100
|-damage|p2a: Darmanitan|36/100|[from] Stealth Rock
|turn|12
|
|t:|1615675057
|move|p1a: Excadrill|Iron Head|p2a: Darmanitan
|-supereffective|p2a: Darmanitan
|-damage|p2a: Darmanitan|0 fnt
|faint|p2a: Darmanitan
|
|-weather|Sandstorm|[upkeep]
|upkeep
|
|t:|1615675059
|switch|p2a: Dracozolt|Dracozolt|100/100
|-damage|p2a: Dracozolt|88/100|[from] Stealth Rock
|turn|13
|
|t:|1615675066
|move|p1a: Excadrill|Earthquake|p2a: Dracozolt
|-supereffective|p2a: Dracozolt
|-damage|p2a: Dracozolt|0 fnt
|faint|p2a: Dracozolt
|
|win|MeteorAsh15
|raw|MeteorAsh15's rating: 1231 &rarr; <strong>1242</strong><br />(+11 for winning)
|raw|Certifiied's rating: 1109 &rarr; <strong>1098</strong><br />(-11 for losing)
|l|☆Certifiied
|c|☆MeteorAsh15|Ez
||Ladder (probably) updated, but score could not be retrieved (Request timeout).
