|j|☆Blitzle Adorable
|j|☆QiYu4
|player|p1|Blitzle Adorable|lass-gen4|1585
|player|p2|QiYu4|bugcatcher|1694
|teamsize|p1|6
|teamsize|p2|6
|gametype|singles
|gen|8
|tier|[Gen 8] Ubers
|rated|
|clearpoke
|poke|p1|Hippowdon, M|
|poke|p1|Excadrill, F|
|poke|p1|Tyranitar, M|
|poke|p1|Toxapex, F|
|poke|p1|Reshiram|
|poke|p1|Ditto|
|poke|p2|Ditto|
|poke|p2|Darmanitan-Galar, M|
|poke|p2|Hippowdon, F|
|poke|p2|Excadrill, F|
|poke|p2|Necrozma-Dusk-Mane|
|poke|p2|Reshiram|
|rule|Sleep Clause Mod: Limit one foe put to sleep
|rule|Species Clause: Limit one of each Pokémon
|rule|OHKO Clause: OHKO moves are banned
|rule|Evasion Moves Clause: Evasion moves are banned
|rule|Endless Battle Clause: Forcing endless battles is banned
|rule|HP Percentage Mod: HP is shown in percentages
|teampreview
|inactive|Battle timer is ON: inactive players will automatically lose when time's up. (requested by Blitzle Adorable)
|
|start
|switch|p1a: Hippowdon|Hippowdon, M|100/100
|switch|p2a: Darmanitan|Darmanitan-Galar, M|100/100
|-weather|Sandstorm|[from] ability: Sand Stream|[of] p1a: Hippowdon
|turn|1
|
|switch|p1a: Toxapex|Toxapex, F|100/100
|move|p2a: Darmanitan|Earthquake|p1a: Toxapex
|-supereffective|p1a: Toxapex
|-damage|p1a: Toxapex|35/100
|
|-weather|Sandstorm|[upkeep]
|-damage|p2a: Darmanitan|95/100|[from] Sandstorm
|-damage|p1a: Toxapex|29/100|[from] Sandstorm
|upkeep
|turn|2
|
|switch|p1a: Hippowdon|Hippowdon, M|100/100
|-start|p2a: Darmanitan|Dynamax
|-heal|p2a: Darmanitan|95/100|[silent]
|move|p2a: Darmanitan|Max Hailstorm|p1a: Hippowdon
|-supereffective|p1a: Hippowdon
|-damage|p1a: Hippowdon|30/100
|-weather|Hail
|
|-weather|Hail|[upkeep]
|-damage|p1a: Hippowdon|24/100|[from] Hail
|-heal|p1a: Hippowdon|30/100|[from] item: Leftovers
|upkeep
|turn|3
|
|move|p2a: Darmanitan|Max Quake|p1a: Hippowdon
|-damage|p1a: Hippowdon|5/100
|-boost|p2a: Darmanitan|spd|1
|move|p1a: Hippowdon|Earthquake|p2a: Darmanitan
|-damage|p2a: Darmanitan|64/100
|
|-weather|Hail|[upkeep]
|-damage|p1a: Hippowdon|0 fnt|[from] Hail
|faint|p1a: Hippowdon
|upkeep
|
|switch|p1a: Ditto|Ditto|100/100
|-transform|p1a: Ditto|p2a: Darmanitan|[from] ability: Imposter
|turn|4
|
|-end|p2a: Darmanitan|Dynamax
|-heal|p2a: Darmanitan|64/100|[silent]
|switch|p2a: Reshiram|Reshiram|100/100
|-ability|p2a: Reshiram|Turboblaze
|move|p1a: Ditto|Flare Blitz|p2a: Reshiram
|-resisted|p2a: Reshiram
|-damage|p2a: Reshiram|91/100
|-damage|p1a: Ditto|96/100|[from] Recoil
|
|-weather|Hail|[upkeep]
|-damage|p2a: Reshiram|85/100|[from] Hail
|upkeep
|turn|5
|
|switch|p1a: Tyranitar|Tyranitar, M|100/100
|-weather|Sandstorm|[from] ability: Sand Stream|[of] p1a: Tyranitar
|move|p2a: Reshiram|Will-O-Wisp|p1a: Tyranitar|[miss]
|-miss|p2a: Reshiram|p1a: Tyranitar
|
|-weather|Sandstorm|[upkeep]
|-damage|p2a: Reshiram|79/100|[from] Sandstorm
|upkeep
|turn|6
|
|switch|p1a: Reshiram|Reshiram|100/100
|-ability|p1a: Reshiram|Turboblaze
|move|p2a: Reshiram|Will-O-Wisp|p1a: Reshiram
|-immune|p1a: Reshiram
|
|-weather|Sandstorm|[upkeep]
|-damage|p1a: Reshiram|94/100|[from] Sandstorm
|-damage|p2a: Reshiram|73/100|[from] Sandstorm
|upkeep
|turn|7
|
|switch|p2a: Necrozma|Necrozma-Dusk-Mane|100/100
|move|p1a: Reshiram|Dragon Pulse|p2a: Necrozma
|-resisted|p2a: Necrozma
|-damage|p2a: Necrozma|86/100
|
|-weather|Sandstorm|[upkeep]
|-damage|p1a: Reshiram|88/100|[from] Sandstorm
|-heal|p2a: Necrozma|92/100|[from] item: Leftovers
|upkeep
|turn|8
|
|switch|p2a: Reshiram|Reshiram|73/100
|-ability|p2a: Reshiram|Turboblaze
|move|p1a: Reshiram|Will-O-Wisp|p2a: Reshiram
|-immune|p2a: Reshiram
|
|-weather|Sandstorm|[upkeep]
|-damage|p1a: Reshiram|82/100|[from] Sandstorm
|-damage|p2a: Reshiram|67/100|[from] Sandstorm
|upkeep
|turn|9
|
|switch|p1a: Tyranitar|Tyranitar, M|100/100
|switch|p2a: Necrozma|Necrozma-Dusk-Mane|92/100
|
|-weather|none
|-heal|p2a: Necrozma|98/100|[from] item: Leftovers
|upkeep
|turn|10
|
|switch|p1a: Toxapex|Toxapex, F|62/100
|move|p2a: Necrozma|Sunsteel Strike|p1a: Toxapex
|-resisted|p1a: Toxapex
|-damage|p1a: Toxapex|47/100
|-damage|p2a: Necrozma|82/100|[from] item: Rocky Helmet|[of] p1a: Toxapex
|
|-heal|p2a: Necrozma|88/100|[from] item: Leftovers
|upkeep
|turn|11
|
|switch|p1a: Reshiram|Reshiram|82/100
|-ability|p1a: Reshiram|Turboblaze
|move|p2a: Necrozma|Swords Dance|p2a: Necrozma
|-boost|p2a: Necrozma|atk|2
|
|-heal|p2a: Necrozma|94/100|[from] item: Leftovers
|upkeep
|turn|12
|
|move|p1a: Reshiram|Will-O-Wisp|p2a: Necrozma
|-status|p2a: Necrozma|brn
|move|p2a: Necrozma|Knock Off|p1a: Reshiram
|-damage|p1a: Reshiram|49/100
|-enditem|p1a: Reshiram|Heavy-Duty Boots|[from] move: Knock Off|[of] p2a: Necrozma
|
|-heal|p2a: Necrozma|99/100 brn|[from] item: Leftovers
|-damage|p2a: Necrozma|94/100 brn|[from] brn
|upkeep
|turn|13
|
|move|p1a: Reshiram|Roost|p1a: Reshiram
|-heal|p1a: Reshiram|99/100
|-singleturn|p1a: Reshiram|move: Roost
|move|p2a: Necrozma|Knock Off|p1a: Reshiram
|-damage|p1a: Reshiram|77/100
|
|-heal|p2a: Necrozma|99/100 brn|[from] item: Leftovers
|-damage|p2a: Necrozma|94/100 brn|[from] brn
|upkeep
|turn|14
|
|switch|p2a: Reshiram|Reshiram|67/100
|-ability|p2a: Reshiram|Turboblaze
|move|p1a: Reshiram|Dragon Pulse|p2a: Reshiram
|-supereffective|p2a: Reshiram
|-damage|p2a: Reshiram|0 fnt
|faint|p2a: Reshiram
|
|upkeep
|
|switch|p2a: Darmanitan|Darmanitan-Galar, M|64/100
|turn|15
|
|switch|p1a: Toxapex|Toxapex, F|80/100
|move|p2a: Darmanitan|Earthquake|p1a: Toxapex
|-supereffective|p1a: Toxapex
|-damage|p1a: Toxapex|19/100
|
|upkeep
|turn|16
|j| Atandyue
|
|move|p2a: Darmanitan|Earthquake|p1a: Toxapex
|-supereffective|p1a: Toxapex
|-damage|p1a: Toxapex|0 fnt
|faint|p1a: Toxapex
|
|upkeep
|
|switch|p1a: Ditto|Ditto|96/100
|-transform|p1a: Ditto|p2a: Darmanitan|[from] ability: Imposter
|turn|17
|
|move|p1a: Ditto|Flare Blitz|p2a: Darmanitan
|-supereffective|p2a: Darmanitan
|-damage|p2a: Darmanitan|0 fnt
|-damage|p1a: Ditto|72/100|[from] Recoil
|faint|p2a: Darmanitan
|
|upkeep
|
|switch|p2a: Hippowdon|Hippowdon, F|100/100
|-weather|Sandstorm|[from] ability: Sand Stream|[of] p2a: Hippowdon
|turn|18
|
|-start|p1a: Ditto|Dynamax
|-heal|p1a: Ditto|72/100|[silent]
|move|p1a: Ditto|Max Hailstorm|p2a: Hippowdon
|-supereffective|p2a: Hippowdon
|-damage|p2a: Hippowdon|19/100
|-weather|Hail
|move|p2a: Hippowdon|Stealth Rock|p1a: Ditto
|-sidestart|p1: Blitzle Adorable|move: Stealth Rock
|
|-weather|Hail|[upkeep]
|-damage|p2a: Hippowdon|13/100|[from] Hail
|-heal|p2a: Hippowdon|19/100|[from] item: Leftovers
|upkeep
|turn|19
|
|switch|p2a: Necrozma|Necrozma-Dusk-Mane|94/100 brn
|move|p1a: Ditto|Max Quake|p2a: Necrozma
|-supereffective|p2a: Necrozma
|-damage|p2a: Necrozma|40/100 brn
|-boost|p1a: Ditto|spd|1
|
|-weather|Hail|[upkeep]
|-damage|p2a: Necrozma|34/100 brn|[from] Hail
|-heal|p2a: Necrozma|40/100 brn|[from] item: Leftovers
|-damage|p2a: Necrozma|34/100 brn|[from] brn
|upkeep
|turn|20
|
|move|p1a: Ditto|Max Quake|p2a: Necrozma
|-supereffective|p2a: Necrozma
|-damage|p2a: Necrozma|0 fnt
|-boost|p1a: Ditto|spd|1
|faint|p2a: Necrozma
|
|-weather|Hail|[upkeep]
|-end|p1a: Ditto|Dynamax
|-heal|p1a: Ditto|72/100|[silent]
|upkeep
|
|switch|p2a: Excadrill|Excadrill, F|100/100
|turn|21
|
|switch|p2a: Hippowdon|Hippowdon, F|19/100
|-weather|Sandstorm|[from] ability: Sand Stream|[of] p2a: Hippowdon
|move|p1a: Ditto|Flare Blitz|p2a: Hippowdon
|-damage|p2a: Hippowdon|0 fnt
|-damage|p1a: Ditto|63/100|[from] Recoil
|faint|p2a: Hippowdon
|
|-weather|Sandstorm|[upkeep]
|-damage|p1a: Ditto|57/100|[from] Sandstorm
|upkeep
|
|switch|p2a: Excadrill|Excadrill, F|100/100
|turn|22
|c|☆QiYu4|😄
|c|☆QiYu4|凉了把
|inactive|Blitzle Adorable has 120 seconds left.
|c| Atandyue|我觉得极巨钢就好啦
|
|switch|p1a: Reshiram|Reshiram|77/100
|-damage|p1a: Reshiram|52/100|[from] Stealth Rock
|-ability|p1a: Reshiram|Turboblaze
|move|p2a: Excadrill|Earthquake|p1a: Reshiram
|-supereffective|p1a: Reshiram
|-damage|p1a: Reshiram|0 fnt
|faint|p1a: Reshiram
|
|-weather|Sandstorm|[upkeep]
|upkeep
|c| Atandyue|可以加def
|
|switch|p1a: Ditto|Ditto|57/100
|-damage|p1a: Ditto|45/100|[from] Stealth Rock
|-transform|p1a: Ditto|p2a: Excadrill|[from] ability: Imposter
|turn|23
|
|move|p1a: Ditto|Earthquake|p2a: Excadrill
|-supereffective|p2a: Excadrill
|-enditem|p2a: Excadrill|Shuca Berry|[eat]
|-enditem|p2a: Excadrill|Shuca Berry|[weaken]
|-damage|p2a: Excadrill|20/100
|move|p2a: Excadrill|Earthquake|p1a: Ditto
|-supereffective|p1a: Ditto
|-damage|p1a: Ditto|0 fnt
|faint|p1a: Ditto
|
|-weather|Sandstorm|[upkeep]
|upkeep
|inactive|Blitzle Adorable has 120 seconds left.
|
|switch|p1a: Tyranitar|Tyranitar, M|100/100
|-damage|p1a: Tyranitar|88/100|[from] Stealth Rock
|turn|24
|
|move|p2a: Excadrill|Earthquake|p1a: Tyranitar
|-supereffective|p1a: Tyranitar
|-damage|p1a: Tyranitar|3/100
|move|p1a: Tyranitar|Earthquake|p2a: Excadrill
|-supereffective|p2a: Excadrill
|-damage|p2a: Excadrill|0 fnt
|faint|p2a: Excadrill
|
|-weather|Sandstorm|[upkeep]
|upkeep
|c|☆QiYu4|233
|
|switch|p2a: Ditto|Ditto|100/100
|-transform|p2a: Ditto|p1a: Tyranitar|[from] ability: Imposter
|turn|25
|
|move|p1a: Tyranitar|Earthquake|p2a: Ditto
|-supereffective|p2a: Ditto
|-damage|p2a: Ditto|34/100
|move|p2a: Ditto|Earthquake|p1a: Tyranitar
|-supereffective|p1a: Tyranitar
|-damage|p1a: Tyranitar|0 fnt
|faint|p1a: Tyranitar
|
|-weather|none
|upkeep
|
|switch|p1a: Excadrill|Excadrill, F|100/100
|-damage|p1a: Excadrill|97/100|[from] Stealth Rock
|turn|26
|c|☆QiYu4|这运气
|
|move|p1a: Excadrill|Earthquake|p2a: Ditto
|-supereffective|p2a: Ditto
|-damage|p2a: Ditto|0 fnt
|-damage|p1a: Excadrill|87/100|[from] item: Life Orb
|faint|p2a: Ditto
|
|win|Blitzle Adorable
|raw|Blitzle Adorable's rating: 1585 &rarr; <strong>1611</strong><br />(+26 for winning)
|raw|QiYu4's rating: 1680 &rarr; <strong>1654</strong><br />(-26 for losing)
|l| Atandyue
|c|☆QiYu4|最后还被先手了
|l|☆QiYu4
