|j|☆Geoluks
|j|☆TaKuTo-SeNpAi
|player|p1|Geoluks|lucas|1044
|player|p2|TaKuTo-SeNpAi|anabel|1180
|teamsize|p1|6
|teamsize|p2|6
|gametype|singles
|gen|8
|tier|[Gen 8] Ubers
|rated|
|clearpoke
|poke|p1|Mew|
|poke|p1|Ditto|
|poke|p1|Ribombee, M|
|poke|p1|Dusclops, M|
|poke|p1|Kommo-o, M|
|poke|p1|Dubwool, M|
|poke|p2|Reshiram|
|poke|p2|Zekrom|
|poke|p2|Necrozma-Dusk-Mane|
|poke|p2|Lunala|
|poke|p2|Eternatus|
|poke|p2|Ditto|
|rule|Sleep Clause Mod: Limit one foe put to sleep
|rule|Species Clause: Limit one of each Pokémon
|rule|OHKO Clause: OHKO moves are banned
|rule|Evasion Moves Clause: Evasion moves are banned
|rule|Endless Battle Clause: Forcing endless battles is banned
|rule|HP Percentage Mod: HP is shown in percentages
|teampreview
|inactive|Battle timer is ON: inactive players will automatically lose when time's up. (requested by Geoluks)
|inactive|TaKuTo-SeNpAi has 120 seconds left.
|
|start
|switch|p1a: Dubwool|Dubwool, M|100/100
|switch|p2a: Reshiram|Reshiram, shiny|100/100
|-ability|p2a: Reshiram|Turboblaze
|turn|1
|
|move|p2a: Reshiram|Will-O-Wisp|p1a: Dubwool
|-status|p1a: Dubwool|brn
|move|p1a: Dubwool|Cotton Guard|p1a: Dubwool
|-boost|p1a: Dubwool|def|3
|
|-damage|p1a: Dubwool|95/100 brn|[from] brn
|upkeep
|turn|2
|
|move|p2a: Reshiram|Mystical Fire|p1a: Dubwool
|-damage|p1a: Dubwool|55/100 brn
|-unboost|p1a: Dubwool|spa|1
|move|p1a: Dubwool|Cotton Guard|p1a: Dubwool
|-boost|p1a: Dubwool|def|3
|
|-heal|p1a: Dubwool|61/100 brn|[from] item: Leftovers
|-damage|p1a: Dubwool|55/100 brn|[from] brn
|upkeep
|turn|3
|
|move|p2a: Reshiram|Mystical Fire|p1a: Dubwool
|-damage|p1a: Dubwool|20/100 brn
|-unboost|p1a: Dubwool|spa|1
|move|p1a: Dubwool|Baton Pass|p1a: Dubwool
|
|switch|p1a: Dusclops|Dusclops, M|100/100|[from]move: Baton Pass
|-item|p2a: Reshiram|Leftovers|[from] ability: Frisk|[of] p1a: Dusclops|[identify]
|
|upkeep
|turn|4
|
|move|p2a: Reshiram|Will-O-Wisp|p1a: Dusclops|[miss]
|-miss|p2a: Reshiram|p1a: Dusclops
|move|p1a: Dusclops|Infestation|p2a: Reshiram
|-resisted|p2a: Reshiram
|-damage|p2a: Reshiram|99/100
|-activate|p2a: Reshiram|move: Infestation|[of] p1a: Dusclops
|
|-heal|p2a: Reshiram|100/100|[from] item: Leftovers
|-damage|p2a: Reshiram|88/100|[from] move: Infestation|[partiallytrapped]
|upkeep
|turn|5
|
|move|p2a: Reshiram|Will-O-Wisp|p1a: Dusclops
|-status|p1a: Dusclops|brn
|move|p1a: Dusclops|Confuse Ray|p2a: Reshiram
|-start|p2a: Reshiram|confusion
|
|-heal|p2a: Reshiram|94/100|[from] item: Leftovers
|-damage|p1a: Dusclops|95/100 brn|[from] brn
|-damage|p2a: Reshiram|82/100|[from] move: Infestation|[partiallytrapped]
|upkeep
|turn|6
|
|-activate|p2a: Reshiram|confusion
|-damage|p2a: Reshiram|74/100|[from] confusion
|move|p1a: Dusclops|Toxic|p2a: Reshiram
|-status|p2a: Reshiram|tox
|
|-heal|p2a: Reshiram|81/100 tox|[from] item: Leftovers
|-damage|p2a: Reshiram|74/100 tox|[from] psn
|-damage|p1a: Dusclops|89/100 brn|[from] brn
|-damage|p2a: Reshiram|62/100 tox|[from] move: Infestation|[partiallytrapped]
|upkeep
|turn|7
|
|switch|p1a: Ribombee|Ribombee, M|100/100
|-activate|p2a: Reshiram|confusion
|-damage|p2a: Reshiram|55/100 tox|[from] confusion
|
|-heal|p2a: Reshiram|61/100 tox|[from] item: Leftovers
|-damage|p2a: Reshiram|49/100 tox|[from] psn
|-end|p2a: Reshiram|Infestation|[partiallytrapped]|[silent]
|upkeep
|turn|8
|
|move|p1a: Ribombee|Quiver Dance|p1a: Ribombee
|-boost|p1a: Ribombee|spa|1
|-boost|p1a: Ribombee|spd|1
|-boost|p1a: Ribombee|spe|1
|-end|p2a: Reshiram|confusion
|move|p2a: Reshiram|Roost|p2a: Reshiram
|-heal|p2a: Reshiram|99/100 tox
|-singleturn|p2a: Reshiram|move: Roost
|
|-heal|p2a: Reshiram|100/100 tox|[from] item: Leftovers
|-damage|p2a: Reshiram|82/100 tox|[from] psn
|upkeep
|turn|9
|
|switch|p2a: Necrozma|Necrozma-Dusk-Mane, shiny|100/100
|move|p1a: Ribombee|Quiver Dance|p1a: Ribombee
|-boost|p1a: Ribombee|spa|1
|-boost|p1a: Ribombee|spd|1
|-boost|p1a: Ribombee|spe|1
|
|upkeep
|turn|10
|
|move|p1a: Ribombee|Baton Pass|p1a: Ribombee
|
|switch|p1a: Kommo-o|Kommo-o, M|100/100|[from]move: Baton Pass
|move|p2a: Necrozma|Thunder Wave|p1a: Kommo-o
|-status|p1a: Kommo-o|par
|
|upkeep
|turn|11
|
|move|p1a: Kommo-o|Dragon Dance|p1a: Kommo-o
|-boost|p1a: Kommo-o|atk|1
|-boost|p1a: Kommo-o|spe|1
|move|p2a: Necrozma|Stealth Rock|p1a: Kommo-o
|-sidestart|p1: Geoluks|move: Stealth Rock
|
|upkeep
|turn|12
|
|move|p1a: Kommo-o|Dragon Dance|p1a: Kommo-o
|-boost|p1a: Kommo-o|atk|1
|-boost|p1a: Kommo-o|spe|1
|move|p2a: Necrozma|Earthquake|p1a: Kommo-o
|-damage|p1a: Kommo-o|75/100 par
|
|-heal|p1a: Kommo-o|81/100 par|[from] item: Leftovers
|upkeep
|turn|13
|
|cant|p1a: Kommo-o|par
|move|p2a: Necrozma|Earthquake|p1a: Kommo-o
|-damage|p1a: Kommo-o|55/100 par
|
|-heal|p1a: Kommo-o|62/100 par|[from] item: Leftovers
|upkeep
|turn|14
|
|move|p1a: Kommo-o|Earthquake|p2a: Necrozma
|-supereffective|p2a: Necrozma
|-damage|p2a: Necrozma|50/100
|move|p2a: Necrozma|Earthquake|p1a: Kommo-o
|-damage|p1a: Kommo-o|36/100 par
|
|-heal|p1a: Kommo-o|42/100 par|[from] item: Leftovers
|-heal|p2a: Necrozma|56/100|[from] item: Leftovers
|upkeep
|turn|15
|
|move|p1a: Kommo-o|Earthquake|p2a: Necrozma
|-supereffective|p2a: Necrozma
|-damage|p2a: Necrozma|7/100
|move|p2a: Necrozma|Earthquake|p1a: Kommo-o
|-damage|p1a: Kommo-o|15/100 par
|
|-heal|p1a: Kommo-o|21/100 par|[from] item: Leftovers
|-heal|p2a: Necrozma|13/100|[from] item: Leftovers
|upkeep
|turn|16
|
|move|p1a: Kommo-o|Earthquake|p2a: Necrozma
|-supereffective|p2a: Necrozma
|-damage|p2a: Necrozma|0 fnt
|faint|p2a: Necrozma
|
|-heal|p1a: Kommo-o|28/100 par|[from] item: Leftovers
|upkeep
|
|switch|p2a: Ditto|Ditto, shiny|100/100
|-transform|p2a: Ditto|p1a: Kommo-o|[from] ability: Imposter
|turn|17
|
|move|p2a: Ditto|Earthquake|p1a: Kommo-o
|-damage|p1a: Kommo-o|0 fnt
|faint|p1a: Kommo-o
|
|upkeep
|
|switch|p1a: Ribombee|Ribombee, M|100/100
|-damage|p1a: Ribombee|76/100|[from] Stealth Rock
|turn|18
|
|-start|p2a: Ditto|Dynamax
|-heal|p2a: Ditto|100/100|[silent]
|move|p2a: Ditto|Max Quake|p1a: Ribombee
|-resisted|p1a: Ribombee
|-damage|p1a: Ribombee|17/100
|-boost|p2a: Ditto|spd|1
|move|p1a: Ribombee|Quiver Dance|p1a: Ribombee
|-boost|p1a: Ribombee|spa|1
|-boost|p1a: Ribombee|spd|1
|-boost|p1a: Ribombee|spe|1
|
|-heal|p1a: Ribombee|23/100|[from] item: Leftovers
|upkeep
|turn|19
|inactive|Geoluks has 120 seconds left.
|
|move|p2a: Ditto|Max Quake|p1a: Ribombee
|-resisted|p1a: Ribombee
|-damage|p1a: Ribombee|0 fnt
|-boost|p2a: Ditto|spd|1
|faint|p1a: Ribombee
|
|upkeep
|-message|Geoluks forfeited.
|inactive|Geoluks has 120 seconds left.
|
|win|TaKuTo-SeNpAi
|l|☆Geoluks
|raw|Geoluks's rating: 1044 &rarr; <strong>1033</strong><br />(-11 for losing)
|raw|TaKuTo-SeNpAi's rating: 1180 &rarr; <strong>1196</strong><br />(+16 for winning)
