|j|☆ban123456
|j|☆Ryrissu
|t:|1660648960
|gametype|singles
|player|p1|ban123456|fisherman|1507
|player|p2|Ryrissu|hilbert|1427
|teamsize|p1|6
|teamsize|p2|6
|gen|8
|tier|[Gen 8] Ubers
|rated|
|rule|Sleep Clause Mod: Limit one foe put to sleep
|rule|Species Clause: Limit one of each Pokémon
|rule|OHKO Clause: OHKO moves are banned
|rule|Evasion Items Clause: Evasion items are banned
|rule|Evasion Moves Clause: Evasion moves are banned
|rule|Endless Battle Clause: Forcing endless battles is banned
|rule|HP Percentage Mod: HP is shown in percentages
|rule|Dynamax Clause: You cannot dynamax
|clearpoke
|poke|p1|Shuckle, M|
|poke|p1|Necrozma-Dusk-Mane|
|poke|p1|Marshadow|
|poke|p1|Weavile, M|
|poke|p1|Groudon|
|poke|p1|Yveltal|
|poke|p2|Giratina-Origin|
|poke|p2|Groudon|
|poke|p2|Genesect|
|poke|p2|Kyurem-Black|
|poke|p2|Lugia|
|poke|p2|Yveltal|
|teampreview
|
|t:|1660648969
|start
|switch|p1a: Shuckle|Shuckle, M, shiny|100/100
|switch|p2a: Lugia|Lugia|100/100
|-ability|p2a: Lugia|Pressure
|turn|1
|
|t:|1660648976
|move|p2a: Lugia|Reflect|p2a: Lugia
|-sidestart|p2: Ryrissu|Reflect
|move|p1a: Shuckle|Sticky Web|p2a: Lugia
|-sidestart|p2: Ryrissu|move: Sticky Web
|
|upkeep
|turn|2
|
|t:|1660648983
|move|p2a: Lugia|Safeguard|p2a: Lugia
|-sidestart|p2: Ryrissu|Safeguard
|move|p1a: Shuckle|Encore|p2a: Lugia
|-start|p2a: Lugia|Encore
|
|upkeep
|turn|3
|
|t:|1660648989
|switch|p2a: Genesect|Genesect, shiny|100/100
|-ability|p2a: Genesect|Download|boost
|-boost|p2a: Genesect|spa|1
|move|p1a: Shuckle|Stealth Rock|p2a: Genesect
|-sidestart|p2: Ryrissu|move: Stealth Rock
|
|upkeep
|turn|4
|
|t:|1660648996
|move|p2a: Genesect|Iron Head|p1a: Shuckle
|-supereffective|p1a: Shuckle
|-damage|p1a: Shuckle|66/100
|-enditem|p1a: Shuckle|Red Card|[of] p2a: Genesect
|drag|p2a: Lugia|Lugia|100/100
|-damage|p2a: Lugia|75/100|[from] Stealth Rock
|-ability|p2a: Lugia|Pressure
|move|p1a: Shuckle|Encore||[still]
|-fail|p1a: Shuckle
|
|upkeep
|turn|5
|
|t:|1660649010
|switch|p2a: Giratina|Giratina-Origin|100/100
|-damage|p2a: Giratina|88/100|[from] Stealth Rock
|move|p1a: Shuckle|Encore||[still]
|-fail|p1a: Shuckle
|
|upkeep
|turn|6
|
|t:|1660649017
|move|p2a: Giratina|Draco Meteor|p1a: Shuckle
|-damage|p1a: Shuckle|25/100
|-unboost|p2a: Giratina|spa|2
|move|p1a: Shuckle|Encore|p2a: Giratina
|-start|p2a: Giratina|Encore
|
|-sideend|p2: Ryrissu|Safeguard
|upkeep
|turn|7
|
|t:|1660649026
|switch|p1a: Necrozma|Necrozma-Dusk-Mane|100/100
|move|p2a: Giratina|Draco Meteor|p1a: Necrozma
|-resisted|p1a: Necrozma
|-damage|p1a: Necrozma|86/100
|-unboost|p2a: Giratina|spa|2
|
|upkeep
|turn|8
|
|t:|1660649037
|switch|p2a: Lugia|Lugia|75/100
|-damage|p2a: Lugia|50/100|[from] Stealth Rock
|-ability|p2a: Lugia|Pressure
|move|p1a: Necrozma|Dragon Dance|p1a: Necrozma
|-boost|p1a: Necrozma|atk|1
|-boost|p1a: Necrozma|spe|1
|
|-sideend|p2: Ryrissu|Reflect
|upkeep
|turn|9
|
|t:|1660649047
|move|p1a: Necrozma|Sunsteel Strike|p2a: Lugia
|-damage|p2a: Lugia|0 fnt
|faint|p2a: Lugia
|
|upkeep
|
|t:|1660649054
|switch|p2a: Giratina|Giratina-Origin|88/100
|-damage|p2a: Giratina|75/100|[from] Stealth Rock
|turn|10
|
|t:|1660649058
|move|p1a: Necrozma|Sunsteel Strike|p2a: Giratina
|-damage|p2a: Giratina|8/100
|move|p2a: Giratina|Will-O-Wisp|p1a: Necrozma
|-status|p1a: Necrozma|brn
|-enditem|p1a: Necrozma|Lum Berry|[eat]
|-curestatus|p1a: Necrozma|brn|[msg]
|
|upkeep
|turn|11
|
|t:|1660649071
|move|p2a: Giratina|Shadow Sneak|p1a: Necrozma
|-supereffective|p1a: Necrozma
|-damage|p1a: Necrozma|59/100
|move|p1a: Necrozma|Photon Geyser|p2a: Giratina
|-damage|p2a: Giratina|0 fnt
|faint|p2a: Giratina
|
|upkeep
|
|t:|1660649086
|switch|p2a: Genesect|Genesect, shiny|100/100
|-ability|p2a: Genesect|Download|boost
|-boost|p2a: Genesect|spa|1
|turn|12
|
|t:|1660649096
|move|p1a: Necrozma|Dragon Dance|p1a: Necrozma
|-boost|p1a: Necrozma|atk|1
|-boost|p1a: Necrozma|spe|1
|move|p2a: Genesect|Shift Gear|p2a: Genesect
|-boost|p2a: Genesect|spe|2
|-boost|p2a: Genesect|atk|1
|
|upkeep
|turn|13
|
|t:|1660649103
|move|p2a: Genesect|Shift Gear|p2a: Genesect
|-boost|p2a: Genesect|spe|2
|-boost|p2a: Genesect|atk|1
|move|p1a: Necrozma|Earthquake|p2a: Genesect
|-damage|p2a: Genesect|0 fnt
|faint|p2a: Genesect
|
|upkeep
|
|t:|1660649111
|switch|p2a: Groudon|Groudon|100/100
|-weather|SunnyDay|[from] ability: Drought|[of] p2a: Groudon
|turn|14
|
|t:|1660649116
|move|p1a: Necrozma|Sunsteel Strike|p2a: Groudon
|-damage|p2a: Groudon|19/100
|move|p2a: Groudon|Precipice Blades|p1a: Necrozma
|-supereffective|p1a: Necrozma
|-damage|p1a: Necrozma|0 fnt
|faint|p1a: Necrozma
|
|-weather|SunnyDay|[upkeep]
|upkeep
|
|t:|1660649121
|switch|p1a: Yveltal|Yveltal, shiny|100/100
|-ability|p1a: Yveltal|Dark Aura
|turn|15
|
|t:|1660649131
|move|p1a: Yveltal|Oblivion Wing|p2a: Groudon
|-damage|p2a: Groudon|0 fnt
|faint|p2a: Groudon
|-damage|p1a: Yveltal|91/100|[from] item: Life Orb
|
|-weather|SunnyDay|[upkeep]
|upkeep
|
|t:|1660649140
|switch|p2a: Yveltal|Yveltal|100/100
|-damage|p2a: Yveltal|76/100|[from] Stealth Rock
|-ability|p2a: Yveltal|Dark Aura
|turn|16
|
|t:|1660649148
|move|p1a: Yveltal|Taunt|p2a: Yveltal
|-start|p2a: Yveltal|move: Taunt
|move|p2a: Yveltal|Oblivion Wing|p1a: Yveltal
|-damage|p1a: Yveltal|52/100
|-heal|p2a: Yveltal|100/100|[from] drain|[of] p1a: Yveltal
|
|-weather|SunnyDay|[upkeep]
|upkeep
|turn|17
|
|t:|1660649158
|move|p1a: Yveltal|Oblivion Wing|p2a: Yveltal
|-damage|p2a: Yveltal|53/100
|-heal|p1a: Yveltal|88/100|[from] drain|[of] p2a: Yveltal
|-damage|p1a: Yveltal|78/100|[from] item: Life Orb
|move|p2a: Yveltal|Oblivion Wing|p1a: Yveltal
|-damage|p1a: Yveltal|35/100
|-heal|p2a: Yveltal|85/100|[from] drain|[of] p1a: Yveltal
|
|-weather|SunnyDay|[upkeep]
|upkeep
|turn|18
|
|t:|1660649171
|move|p1a: Yveltal|Oblivion Wing|p2a: Yveltal
|-damage|p2a: Yveltal|40/100
|-heal|p1a: Yveltal|69/100|[from] drain|[of] p2a: Yveltal
|-damage|p1a: Yveltal|59/100|[from] item: Life Orb
|move|p2a: Yveltal|Oblivion Wing|p1a: Yveltal
|-damage|p1a: Yveltal|7/100
|-heal|p2a: Yveltal|79/100|[from] drain|[of] p1a: Yveltal
|
|-weather|none
|-end|p2a: Yveltal|move: Taunt
|upkeep
|turn|19
|
|t:|1660649185
|move|p1a: Yveltal|Oblivion Wing|p2a: Yveltal
|-damage|p2a: Yveltal|28/100
|-heal|p1a: Yveltal|45/100|[from] drain|[of] p2a: Yveltal
|-damage|p1a: Yveltal|35/100|[from] item: Life Orb
|move|p2a: Yveltal|Oblivion Wing|p1a: Yveltal
|-damage|p1a: Yveltal|0 fnt
|-heal|p2a: Yveltal|54/100|[from] drain|[of] p1a: Yveltal
|faint|p1a: Yveltal
|
|upkeep
|
|t:|1660649186
|switch|p1a: Weavile|Weavile, M, shiny|100/100
|-ability|p1a: Weavile|Pressure
|turn|20
|inactive|Battle timer is ON: inactive players will automatically lose when time's up. (requested by ban123456)
|
|t:|1660649203
|move|p1a: Weavile|Triple Axel|p2a: Yveltal
|-supereffective|p2a: Yveltal
|-crit|p2a: Yveltal
|-damage|p2a: Yveltal|23/100
|-supereffective|p2a: Yveltal
|-damage|p2a: Yveltal|0 fnt
|faint|p2a: Yveltal
|-hitcount|p2: Yveltal|2
|
|upkeep
|
|t:|1660649211
|switch|p2a: Kyurem|Kyurem-Black|100/100
|-ability|p2a: Kyurem|Teravolt
|turn|21
|
|t:|1660649215
|move|p1a: Weavile|Knock Off|p2a: Kyurem
|-damage|p2a: Kyurem|51/100
|-enditem|p2a: Kyurem|Heavy-Duty Boots|[from] move: Knock Off|[of] p1a: Weavile
|move|p2a: Kyurem|Dragon Dance|p2a: Kyurem
|-boost|p2a: Kyurem|atk|1
|-boost|p2a: Kyurem|spe|1
|
|upkeep
|turn|22
|
|t:|1660649229
|move|p2a: Kyurem|Dragon Claw|p1a: Weavile
|-enditem|p1a: Weavile|Focus Sash
|-damage|p1a: Weavile|1/100
|move|p1a: Weavile|Triple Axel|p2a: Kyurem|[miss]
|-miss|p1a: Weavile|p2a: Kyurem
|
|upkeep
|turn|23
|
|t:|1660649241
|move|p1a: Weavile|Ice Shard|p2a: Kyurem
|-damage|p2a: Kyurem|32/100
|move|p2a: Kyurem|Icicle Spear|p1a: Weavile
|-resisted|p1a: Weavile
|-damage|p1a: Weavile|0 fnt
|faint|p1a: Weavile
|-hitcount|p1: Weavile|1
|
|upkeep
|
|t:|1660649245
|switch|p1a: Marshadow|Marshadow|100/100
|turn|24
|
|t:|1660649252
|move|p1a: Marshadow|Shadow Sneak|p2a: Kyurem
|-damage|p2a: Kyurem|0 fnt
|faint|p2a: Kyurem
|-damage|p1a: Marshadow|91/100|[from] item: Life Orb
|
|win|ban123456
|raw|ban123456's rating: 1507 &rarr; <strong>1522</strong><br />(+15 for winning)
|raw|Ryrissu's rating: 1427 &rarr; <strong>1412</strong><br />(-15 for losing)
|l|☆Ryrissu
|j| Mr.CaiNiao
