|j|☆Joeilite
|j|☆tesla roadster
|t:|1662828016
|gametype|singles
|player|p1|Joeilite|benga|1400
|player|p2|tesla roadster|lucas|1662
|teamsize|p1|6
|teamsize|p2|6
|gen|8
|tier|[Gen 8] Ubers
|rated|
|rule|Sleep Clause Mod: Limit one foe put to sleep
|rule|Species Clause: Limit one of each Pokémon
|rule|OHKO Clause: OHKO moves are banned
|rule|Evasion Items Clause: Evasion items are banned
|rule|Evasion Moves Clause: Evasion moves are banned
|rule|Endless Battle Clause: Forcing endless battles is banned
|rule|HP Percentage Mod: HP is shown in percentages
|rule|Dynamax Clause: You cannot dynamax
|clearpoke
|poke|p1|Necrozma-Dusk-Mane|
|poke|p1|Zekrom|
|poke|p1|Xerneas-*|
|poke|p1|Eternatus|
|poke|p1|Yveltal|
|poke|p1|Calyrex-Shadow|
|poke|p2|Groudon|
|poke|p2|Tapu Fini|
|poke|p2|Heatran, F|
|poke|p2|Yveltal|
|poke|p2|Marshadow|
|poke|p2|Eternatus|
|teampreview
|inactive|Battle timer is ON: inactive players will automatically lose when time's up. (requested by Joeilite)
|
|t:|1662828120
|start
|switch|p1a: Eternatus|Eternatus|100/100
|switch|p2a: Heatran|Heatran, F|100/100
|-ability|p1a: Eternatus|Pressure
|turn|1
|
|t:|1662828136
|move|p1a: Eternatus|Meteor Beam||[still]
|-prepare|p1a: Eternatus|Meteor Beam
|-boost|p1a: Eternatus|spa|1
|-enditem|p1a: Eternatus|Power Herb
|-anim|p1a: Eternatus|Meteor Beam|p2a: Heatran|[miss]
|-miss|p1a: Eternatus|p2a: Heatran
|move|p2a: Heatran|Magma Storm|p1a: Eternatus|[miss]
|-miss|p2a: Heatran|p1a: Eternatus
|
|upkeep
|turn|2
|
|t:|1662828151
|switch|p2a: Groudon|Groudon|100/100
|-weather|SunnyDay|[from] ability: Drought|[of] p2a: Groudon
|move|p1a: Eternatus|Dynamax Cannon|p2a: Groudon
|-damage|p2a: Groudon|22/100
|
|-weather|SunnyDay|[upkeep]
|-heal|p2a: Groudon|29/100|[from] item: Leftovers
|upkeep
|turn|3
|
|t:|1662828162
|switch|p2a: Tapu Fini|Tapu Fini|100/100
|-fieldstart|move: Misty Terrain|[from] ability: Misty Surge|[of] p2a: Tapu Fini
|move|p1a: Eternatus|Flamethrower|p2a: Tapu Fini
|-resisted|p2a: Tapu Fini
|-damage|p2a: Tapu Fini|71/100
|
|-weather|SunnyDay|[upkeep]
|-heal|p2a: Tapu Fini|77/100|[from] item: Leftovers
|upkeep
|turn|4
|
|t:|1662828183
|switch|p2a: Marshadow|Marshadow|100/100
|move|p1a: Eternatus|Sludge Bomb|p2a: Marshadow
|-resisted|p2a: Marshadow
|-damage|p2a: Marshadow|53/100
|
|-weather|SunnyDay|[upkeep]
|upkeep
|turn|5
|
|t:|1662828193
|switch|p2a: Heatran|Heatran, F|100/100
|move|p1a: Eternatus|Flamethrower|p2a: Heatran
|-start|p2a: Heatran|ability: Flash Fire
|
|-weather|SunnyDay|[upkeep]
|upkeep
|turn|6
|
|t:|1662828201
|move|p1a: Eternatus|Meteor Beam||[still]
|-prepare|p1a: Eternatus|Meteor Beam
|-boost|p1a: Eternatus|spa|1
|move|p2a: Heatran|Magma Storm|p1a: Eternatus
|-resisted|p1a: Eternatus
|-damage|p1a: Eternatus|57/100
|-activate|p1a: Eternatus|move: Magma Storm|[of] p2a: Heatran
|
|-weather|none
|-damage|p1a: Eternatus|44/100|[from] move: Magma Storm|[partiallytrapped]
|upkeep
|turn|7
|
|t:|1662828210
|move|p1a: Eternatus|Meteor Beam|p2a: Heatran|[from]lockedmove
|-damage|p2a: Heatran|48/100
|move|p2a: Heatran|Earth Power|p1a: Eternatus
|-supereffective|p1a: Eternatus
|-damage|p1a: Eternatus|0 fnt
|faint|p1a: Eternatus
|
|-heal|p2a: Heatran|54/100|[from] item: Leftovers
|-fieldend|Misty Terrain
|upkeep
|
|t:|1662828221
|switch|p1a: Calyrex|Calyrex-Shadow|100/100
|-ability|p1a: Calyrex|As One
|-ability|p1a: Calyrex|Unnerve
|turn|8
|
|t:|1662828244
|-end|p2a: Heatran|ability: Flash Fire|[silent]
|switch|p2a: Yveltal|Yveltal|100/100
|-ability|p2a: Yveltal|Dark Aura
|move|p1a: Calyrex|Nasty Plot|p1a: Calyrex
|-boost|p1a: Calyrex|spa|2
|
|upkeep
|turn|9
|
|t:|1662828255
|move|p1a: Calyrex|Substitute|p1a: Calyrex
|-start|p1a: Calyrex|Substitute
|-damage|p1a: Calyrex|76/100
|move|p2a: Yveltal|Knock Off|p1a: Calyrex
|-supereffective|p1a: Calyrex
|-end|p1a: Calyrex|Substitute
|
|-heal|p1a: Calyrex|82/100|[from] item: Leftovers
|upkeep
|turn|10
|
|t:|1662828265
|move|p1a: Calyrex|Substitute|p1a: Calyrex
|-start|p1a: Calyrex|Substitute
|-damage|p1a: Calyrex|57/100
|move|p2a: Yveltal|U-turn|p1a: Calyrex
|-activate|p1a: Calyrex|move: Substitute|[damage]
|
|t:|1662828276
|switch|p2a: Marshadow|Marshadow|53/100|[from]move: U-turn
|
|-heal|p1a: Calyrex|63/100|[from] item: Leftovers
|upkeep
|turn|11
|
|t:|1662828282
|move|p2a: Marshadow|Shadow Sneak|p1a: Calyrex
|-supereffective|p1a: Calyrex
|-end|p1a: Calyrex|Substitute
|move|p1a: Calyrex|Astral Barrage|p2a: Marshadow
|-supereffective|p2a: Marshadow
|-damage|p2a: Marshadow|0 fnt
|faint|p2a: Marshadow
|-ability|p1a: Calyrex|Grim Neigh|boost
|-boost|p1a: Calyrex|spa|1
|
|-heal|p1a: Calyrex|69/100|[from] item: Leftovers
|upkeep
|
|t:|1662828284
|switch|p2a: Yveltal|Yveltal|100/100
|-ability|p2a: Yveltal|Dark Aura
|turn|12
|
|t:|1662828298
|move|p1a: Calyrex|Substitute|p1a: Calyrex
|-start|p1a: Calyrex|Substitute
|-damage|p1a: Calyrex|44/100
|move|p2a: Yveltal|Knock Off|p1a: Calyrex
|-supereffective|p1a: Calyrex
|-end|p1a: Calyrex|Substitute
|
|-heal|p1a: Calyrex|50/100|[from] item: Leftovers
|upkeep
|turn|13
|
|t:|1662828303
|move|p1a: Calyrex|Substitute|p1a: Calyrex
|-start|p1a: Calyrex|Substitute
|-damage|p1a: Calyrex|25/100
|move|p2a: Yveltal|Knock Off|p1a: Calyrex
|-supereffective|p1a: Calyrex
|-end|p1a: Calyrex|Substitute
|
|-heal|p1a: Calyrex|32/100|[from] item: Leftovers
|upkeep
|turn|14
|
|t:|1662828308
|move|p1a: Calyrex|Substitute|p1a: Calyrex
|-start|p1a: Calyrex|Substitute
|-damage|p1a: Calyrex|7/100
|move|p2a: Yveltal|Knock Off|p1a: Calyrex
|-supereffective|p1a: Calyrex
|-end|p1a: Calyrex|Substitute
|
|-heal|p1a: Calyrex|13/100|[from] item: Leftovers
|upkeep
|turn|15
|
|t:|1662828317
|move|p1a: Calyrex|Leech Seed|p2a: Yveltal
|-start|p2a: Yveltal|move: Leech Seed
|move|p2a: Yveltal|Knock Off|p1a: Calyrex
|-supereffective|p1a: Calyrex
|-damage|p1a: Calyrex|0 fnt
|-enditem|p1a: Calyrex|Leftovers|[from] move: Knock Off|[of] p2a: Yveltal
|faint|p1a: Calyrex
|
|upkeep
|
|t:|1662828322
|switch|p1a: Zekrom|Zekrom|100/100
|-ability|p1a: Zekrom|Teravolt
|turn|16
|
|t:|1662828329
|move|p1a: Zekrom|Dragon Claw|p2a: Yveltal
|-damage|p2a: Yveltal|56/100
|-damage|p1a: Zekrom|91/100|[from] item: Life Orb
|move|p2a: Yveltal|Knock Off|p1a: Zekrom
|-damage|p1a: Zekrom|46/100
|-enditem|p1a: Zekrom|Life Orb|[from] move: Knock Off|[of] p2a: Yveltal
|
|-damage|p2a: Yveltal|43/100|[from] Leech Seed|[of] p1a: Zekrom
|-heal|p1a: Zekrom|62/100|[silent]
|upkeep
|turn|17
|
|t:|1662828334
|move|p1a: Zekrom|Dragon Claw|p2a: Yveltal
|-damage|p2a: Yveltal|8/100
|move|p2a: Yveltal|U-turn|p1a: Zekrom
|-damage|p1a: Zekrom|43/100
|
|t:|1662828342
|switch|p2a: Eternatus|Eternatus|100/100|[from]move: U-turn
|-ability|p2a: Eternatus|Pressure
|
|upkeep
|turn|18
|
|t:|1662828354
|switch|p1a: Necrozma|Necrozma-Dusk-Mane|100/100
|move|p2a: Eternatus|Sludge Wave|p1a: Necrozma
|-immune|p1a: Necrozma
|
|upkeep
|turn|19
|
|t:|1662828360
|move|p2a: Eternatus|Flamethrower|p1a: Necrozma
|-supereffective|p1a: Necrozma
|-damage|p1a: Necrozma|75/100
|move|p1a: Necrozma|Thunder Wave|p2a: Eternatus
|-status|p2a: Eternatus|par
|
|-heal|p1a: Necrozma|81/100|[from] item: Leftovers
|upkeep
|turn|20
|-message|tesla roadster forfeited.
|
|win|Joeilite
|raw|Joeilite's rating: 1400 &rarr; <strong>1433</strong><br />(+33 for winning)
|raw|tesla roadster's rating: 1662 &rarr; <strong>1629</strong><br />(-33 for losing)
|l|☆tesla roadster
