|j|☆Fartherr
|j|☆TogeBirlHQ
|t:|1659999231
|gametype|singles
|player|p1|Fartherr|169|1440
|player|p2|TogeBirlHQ|nate|1552
|teamsize|p1|6
|teamsize|p2|6
|gen|8
|tier|[Gen 8] Ubers
|rated|
|rule|Sleep Clause Mod: Limit one foe put to sleep
|rule|Species Clause: Limit one of each Pokémon
|rule|OHKO Clause: OHKO moves are banned
|rule|Evasion Items Clause: Evasion items are banned
|rule|Evasion Moves Clause: Evasion moves are banned
|rule|Endless Battle Clause: Forcing endless battles is banned
|rule|HP Percentage Mod: HP is shown in percentages
|rule|Dynamax Clause: You cannot dynamax
|clearpoke
|poke|p1|Calyrex-Ice|
|poke|p1|Porygon2|
|poke|p1|Hatterene, F|
|poke|p1|Kyogre|
|poke|p1|Melmetal|
|poke|p1|Xatu, M|
|poke|p2|Eternatus|
|poke|p2|Yveltal|
|poke|p2|Magearna|
|poke|p2|Zygarde|
|poke|p2|Kyogre|
|poke|p2|Tyranitar, F|
|teampreview
|inactive|Battle timer is ON: inactive players will automatically lose when time's up. (requested by Fartherr)
|
|t:|1659999239
|start
|switch|p1a: Hatterene|Hatterene, F|100/100
|switch|p2a: Magearna|Magearna|100/100
|turn|1
|c|☆Fartherr|gl
|
|t:|1659999249
|move|p2a: Magearna|Iron Head|p1a: Hatterene
|-supereffective|p1a: Hatterene
|-damage|p1a: Hatterene|42/100
|move|p1a: Hatterene|Trick Room|p1a: Hatterene
|-fieldstart|move: Trick Room|[of] p1a: Hatterene
|
|upkeep
|turn|2
|c|☆TogeBirlHQ|Hf
|
|t:|1659999254
|move|p1a: Hatterene|Misty Explosion|p2a: Magearna
|-resisted|p2a: Magearna
|-damage|p2a: Magearna|82/100
|faint|p1a: Hatterene
|-ability|p2a: Magearna|Soul-Heart|boost
|-boost|p2a: Magearna|spa|1
|move|p2a: Magearna|Trick Room|p2a: Magearna
|-fieldend|move: Trick Room
|
|-heal|p2a: Magearna|88/100|[from] item: Leftovers
|upkeep
|
|t:|1659999270
|switch|p1a: Melmetal|Melmetal|100/100
|turn|3
|
|t:|1659999299
|move|p2a: Magearna|Volt Switch|p1a: Melmetal
|-damage|p1a: Melmetal|73/100
|
|t:|1659999308
|switch|p2a: Zygarde|Zygarde|100/100|[from]move: Volt Switch
|move|p1a: Melmetal|Earthquake|p2a: Zygarde
|-damage|p2a: Zygarde|61/100
|
|-heal|p2a: Zygarde|67/100|[from] item: Leftovers
|upkeep
|turn|4
|
|t:|1659999317
|switch|p1a: Porygon2|Porygon2|100/100
|move|p2a: Zygarde|Glare|p1a: Porygon2
|-status|p1a: Porygon2|par
|
|-heal|p2a: Zygarde|73/100|[from] item: Leftovers
|upkeep
|turn|5
|
|t:|1659999322
|switch|p2a: Magearna|Magearna|88/100
|-ability|p1a: Porygon2|Soul-Heart|[from] ability: Trace|[of] p2a: Magearna
|move|p1a: Porygon2|Trick Room|p1a: Porygon2
|-fieldstart|move: Trick Room|[of] p1a: Porygon2
|
|-heal|p2a: Magearna|94/100|[from] item: Leftovers
|upkeep
|turn|6
|
|t:|1659999330
|cant|p1a: Porygon2|par
|move|p2a: Magearna|Trick Room|p2a: Magearna
|-fieldend|move: Trick Room
|
|-heal|p2a: Magearna|99/100|[from] item: Leftovers
|upkeep
|turn|7
|
|t:|1659999335
|move|p2a: Magearna|Iron Head|p1a: Porygon2
|-damage|p1a: Porygon2|87/100 par
|cant|p1a: Porygon2|flinch
|
|-heal|p2a: Magearna|100/100|[from] item: Leftovers
|upkeep
|turn|8
|
|t:|1659999339
|move|p2a: Magearna|Iron Head|p1a: Porygon2
|-damage|p1a: Porygon2|74/100 par
|cant|p1a: Porygon2|par
|
|upkeep
|turn|9
|
|t:|1659999343
|move|p2a: Magearna|Iron Head|p1a: Porygon2
|-damage|p1a: Porygon2|62/100 par
|cant|p1a: Porygon2|flinch
|
|upkeep
|turn|10
|
|t:|1659999348
|move|p2a: Magearna|Iron Head|p1a: Porygon2
|-damage|p1a: Porygon2|48/100 par
|move|p1a: Porygon2|Recover|p1a: Porygon2
|-heal|p1a: Porygon2|98/100 par
|
|upkeep
|turn|11
|
|t:|1659999354
|move|p2a: Magearna|Iron Head|p1a: Porygon2
|-damage|p1a: Porygon2|85/100 par
|cant|p1a: Porygon2|flinch
|
|upkeep
|turn|12
|
|t:|1659999358
|move|p2a: Magearna|Iron Head|p1a: Porygon2
|-damage|p1a: Porygon2|73/100 par
|cant|p1a: Porygon2|flinch
|
|upkeep
|turn|13
|
|t:|1659999363
|move|p2a: Magearna|Iron Head|p1a: Porygon2
|-damage|p1a: Porygon2|59/100 par
|cant|p1a: Porygon2|flinch
|
|upkeep
|turn|14
|
|t:|1659999371
|move|p2a: Magearna|Volt Switch|p1a: Porygon2
|-damage|p1a: Porygon2|48/100 par
|
|t:|1659999376
|switch|p2a: Kyogre|Kyogre|100/100|[from]move: Volt Switch
|-weather|RainDance|[from] ability: Drizzle|[of] p2a: Kyogre
|move|p1a: Porygon2|Trick Room|p1a: Porygon2
|-fieldstart|move: Trick Room|[of] p1a: Porygon2
|
|-weather|RainDance|[upkeep]
|upkeep
|turn|15
|
|t:|1659999390
|move|p2a: Kyogre|Water Spout|p1a: Porygon2
|-damage|p1a: Porygon2|0 fnt
|faint|p1a: Porygon2
|
|-weather|RainDance|[upkeep]
|upkeep
|
|t:|1659999393
|switch|p1a: Kyogre|Kyogre|100/100
|turn|16
|
|t:|1659999398
|switch|p2a: Zygarde|Zygarde|73/100
|move|p1a: Kyogre|Thunder|p2a: Zygarde
|-immune|p2a: Zygarde
|
|-weather|RainDance|[upkeep]
|-heal|p2a: Zygarde|79/100|[from] item: Leftovers
|upkeep
|turn|17
|inactive|Fartherr has 120 seconds left.
|inactive|Fartherr has 90 seconds left.
|
|t:|1659999465
|switch|p1a: Xatu|Xatu, M|100/100
|switch|p2a: Magearna|Magearna|100/100
|
|-weather|RainDance|[upkeep]
|upkeep
|turn|18
|inactive|Fartherr has 90 seconds left.
|
|t:|1659999476
|move|p1a: Xatu|Psychic|p2a: Magearna
|-resisted|p2a: Magearna
|-damage|p2a: Magearna|91/100
|move|p2a: Magearna|Trick Room|p2a: Magearna
|-fieldend|move: Trick Room
|
|-weather|none
|-heal|p2a: Magearna|97/100|[from] item: Leftovers
|upkeep
|turn|19
|l|☆Fartherr
|inactive|Fartherr disconnected and has a minute to reconnect!
|player|p1|
|j| 09ui
|inactive|Fartherr has 30 seconds to reconnect!
|inactive|Fartherr has 20 seconds to reconnect!
|inactive|Fartherr has 15 seconds to reconnect!
|inactive|Fartherr has 10 seconds to reconnect!
|inactive|Fartherr has 5 seconds to reconnect!
|-message|Fartherr lost due to inactivity.
|
|win|TogeBirlHQ
|raw|Fartherr's rating: 1440 &rarr; <strong>1426</strong><br />(-14 for losing)
|raw|TogeBirlHQ's rating: 1552 &rarr; <strong>1566</strong><br />(+14 for winning)
|l|☆TogeBirlHQ
||Ladder isn't responding, score probably updated but might not have (Request timeout).
|l| 09ui
|j| 09ui
