|j|☆Pkmn3443
|j|☆neptune732
|t:|1633486616
|gametype|singles
|player|p1|Pkmn3443|101|1601
|player|p2|neptune732|265|1445
|teamsize|p1|6
|teamsize|p2|6
|gen|8
|tier|[Gen 8] Ubers
|rated|
|rule|Sleep Clause Mod: Limit one foe put to sleep
|rule|Species Clause: Limit one of each Pokémon
|rule|OHKO Clause: OHKO moves are banned
|rule|Evasion Moves Clause: Evasion moves are banned
|rule|Endless Battle Clause: Forcing endless battles is banned
|rule|HP Percentage Mod: HP is shown in percentages
|rule|Dynamax Clause: You cannot dynamax
|clearpoke
|poke|p1|Calyrex-Shadow|
|poke|p1|Necrozma-Dusk-Mane|
|poke|p1|Ho-Oh|
|poke|p1|Eternatus|
|poke|p1|Ditto|
|poke|p1|Yveltal|
|poke|p2|Necrozma-Dusk-Mane|
|poke|p2|Kyogre|
|poke|p2|Palkia|
|poke|p2|Calyrex-Ice|
|poke|p2|Hatterene, F|
|poke|p2|Porygon2|
|teampreview
|
|t:|1633486625
|start
|switch|p1a: Ditto|Ditto|100/100
|switch|p2a: Hatterene|Hatterene, F|100/100
|-transform|p1a: Ditto|p2a: Hatterene|[from] ability: Imposter
|turn|1
|
|t:|1633486637
|switch|p1a: Ho-Oh|Ho-Oh|100/100
|move|p2a: Hatterene|Trick Room|p2a: Hatterene
|-fieldstart|move: Trick Room|[of] p2a: Hatterene
|
|upkeep
|turn|2
|
|t:|1633486659
|switch|p2a: Kyogre|Kyogre|100/100
|-weather|RainDance|[from] ability: Drizzle|[of] p2a: Kyogre
|move|p1a: Ho-Oh|Defog|p2a: Kyogre
|-unboost|p2a: Kyogre|evasion|1
|
|-weather|RainDance|[upkeep]
|upkeep
|turn|3
|
|t:|1633486670
|switch|p1a: Eternatus|Eternatus|100/100
|-ability|p1a: Eternatus|Pressure
|move|p2a: Kyogre|Water Spout|p1a: Eternatus
|-resisted|p1a: Eternatus
|-damage|p1a: Eternatus|42/100
|
|-weather|RainDance|[upkeep]
|-heal|p1a: Eternatus|48/100|[from] item: Black Sludge
|upkeep
|turn|4
|inactive|Battle timer is ON: inactive players will automatically lose when time's up. (requested by neptune732)
|
|t:|1633486684
|switch|p1a: Ditto|Ditto|100/100
|-transform|p1a: Ditto|p2a: Kyogre|[from] ability: Imposter
|move|p2a: Kyogre|Water Spout|p1a: Ditto
|-resisted|p1a: Ditto
|-damage|p1a: Ditto|5/100
|
|-weather|RainDance|[upkeep]
|upkeep
|turn|5
|
|t:|1633486693
|move|p2a: Kyogre|Water Spout|p1a: Ditto
|-resisted|p1a: Ditto
|-damage|p1a: Ditto|0 fnt
|faint|p1a: Ditto
|
|-weather|RainDance|[upkeep]
|-fieldend|move: Trick Room
|upkeep
|
|t:|1633486695
|switch|p1a: Eternatus|Eternatus|48/100
|-ability|p1a: Eternatus|Pressure
|turn|6
|
|t:|1633486708
|switch|p2a: Necrozma|Necrozma-Dusk-Mane|100/100
|move|p1a: Eternatus|Recover|p1a: Eternatus
|-heal|p1a: Eternatus|98/100
|
|-weather|none
|-heal|p1a: Eternatus|100/100|[from] item: Black Sludge
|upkeep
|turn|7
|
|t:|1633486716
|switch|p1a: Necrozma|Necrozma-Dusk-Mane|100/100
|move|p2a: Necrozma|Trick Room|p2a: Necrozma
|-fieldstart|move: Trick Room|[of] p2a: Necrozma
|
|upkeep
|turn|8
|
|t:|1633486720
|move|p2a: Necrozma|Swords Dance|p2a: Necrozma
|-boost|p2a: Necrozma|atk|2
|move|p1a: Necrozma|Stealth Rock|p2a: Necrozma
|-sidestart|p2: neptune732|move: Stealth Rock
|
|upkeep
|turn|9
|
|t:|1633486726
|switch|p1a: Ho-Oh|Ho-Oh|100/100
|move|p2a: Necrozma|Knock Off|p1a: Ho-Oh
|-damage|p1a: Ho-Oh|42/100
|-enditem|p1a: Ho-Oh|Heavy-Duty Boots|[from] move: Knock Off|[of] p2a: Necrozma
|
|upkeep
|turn|10
|
|t:|1633486737
|switch|p1a: Necrozma|Necrozma-Dusk-Mane|100/100
|move|p2a: Necrozma|Sunsteel Strike|p1a: Necrozma
|-resisted|p1a: Necrozma
|-damage|p1a: Necrozma|68/100
|-damage|p2a: Necrozma|84/100|[from] item: Rocky Helmet|[of] p1a: Necrozma
|
|upkeep
|turn|11
|
|t:|1633486745
|move|p2a: Necrozma|Knock Off|p1a: Necrozma
|-supereffective|p1a: Necrozma
|-damage|p1a: Necrozma|5/100
|-damage|p2a: Necrozma|67/100|[from] item: Rocky Helmet|[of] p1a: Necrozma
|-enditem|p1a: Necrozma|Rocky Helmet|[from] move: Knock Off|[of] p2a: Necrozma
|move|p1a: Necrozma|Morning Sun|p1a: Necrozma
|-heal|p1a: Necrozma|55/100
|
|-fieldend|move: Trick Room
|upkeep
|turn|12
|
|t:|1633486755
|move|p1a: Necrozma|Morning Sun|p1a: Necrozma
|-heal|p1a: Necrozma|100/100
|move|p2a: Necrozma|Trick Room|p2a: Necrozma
|-fieldstart|move: Trick Room|[of] p2a: Necrozma
|
|upkeep
|turn|13
|
|t:|1633486763
|move|p2a: Necrozma|Swords Dance|p2a: Necrozma
|-boost|p2a: Necrozma|atk|2
|move|p1a: Necrozma|Morning Sun||[still]
|-fail|p1a: Necrozma
|
|upkeep
|turn|14
|
|t:|1633486778
|move|p2a: Necrozma|Swords Dance|p2a: Necrozma
|-boost|p2a: Necrozma|atk|2
|move|p1a: Necrozma|Morning Sun||[still]
|-fail|p1a: Necrozma
|
|upkeep
|turn|15
|
|t:|1633486783
|move|p2a: Necrozma|Knock Off|p1a: Necrozma
|-supereffective|p1a: Necrozma
|-damage|p1a: Necrozma|8/100
|move|p1a: Necrozma|Knock Off|p2a: Necrozma
|-supereffective|p2a: Necrozma
|-damage|p2a: Necrozma|35/100
|-enditem|p2a: Necrozma|Weakness Policy
|-boost|p2a: Necrozma|atk|0
|-boost|p2a: Necrozma|spa|2|[from] item: Weakness Policy
|
|upkeep
|turn|16
|
|t:|1633486798
|move|p2a: Necrozma|Sunsteel Strike|p1a: Necrozma
|-resisted|p1a: Necrozma
|-damage|p1a: Necrozma|0 fnt
|faint|p1a: Necrozma
|
|-fieldend|move: Trick Room
|upkeep
|
|t:|1633486802
|switch|p1a: Calyrex|Calyrex-Shadow|100/100
|-ability|p1a: Calyrex|As One
|-ability|p1a: Calyrex|Unnerve
|turn|17
|
|t:|1633486810
|switch|p2a: Porygon2|Porygon2|100/100
|-damage|p2a: Porygon2|88/100|[from] Stealth Rock
|move|p1a: Calyrex|Astral Barrage|p2a: Porygon2
|-immune|p2a: Porygon2
|
|upkeep
|turn|18
|
|t:|1633486822
|move|p1a: Calyrex|Substitute|p1a: Calyrex
|-start|p1a: Calyrex|Substitute
|-damage|p1a: Calyrex|76/100
|move|p2a: Porygon2|Trick Room|p2a: Porygon2
|-fieldstart|move: Trick Room|[of] p2a: Porygon2
|
|-heal|p1a: Calyrex|82/100|[from] item: Leftovers
|upkeep
|turn|19
|
|t:|1633486832
|move|p2a: Porygon2|Foul Play|p1a: Calyrex
|-supereffective|p1a: Calyrex
|-end|p1a: Calyrex|Substitute
|move|p1a: Calyrex|Psyshock|p2a: Porygon2
|-damage|p2a: Porygon2|62/100
|
|-heal|p1a: Calyrex|88/100|[from] item: Leftovers
|upkeep
|turn|20
|
|t:|1633486841
|switch|p1a: Yveltal|Yveltal|100/100
|-ability|p2a: Porygon2|Dark Aura|[from] ability: Trace|[of] p1a: Yveltal
|-ability|p2a: Porygon2|Dark Aura
|-ability|p1a: Yveltal|Dark Aura
|move|p2a: Porygon2|Teleport|p2a: Porygon2
|
|t:|1633486854
|switch|p2a: Kyogre|Kyogre|100/100|[from]move: Teleport
|-damage|p2a: Kyogre|88/100|[from] Stealth Rock
|-weather|RainDance|[from] ability: Drizzle|[of] p2a: Kyogre
|
|-weather|RainDance|[upkeep]
|upkeep
|turn|21
|
|t:|1633486863
|switch|p1a: Eternatus|Eternatus|100/100
|-ability|p1a: Eternatus|Pressure
|move|p2a: Kyogre|Ice Beam|p1a: Eternatus
|-supereffective|p1a: Eternatus
|-damage|p1a: Eternatus|33/100
|
|-weather|RainDance|[upkeep]
|-heal|p1a: Eternatus|39/100|[from] item: Black Sludge
|upkeep
|turn|22
|
|t:|1633486872
|switch|p1a: Ho-Oh|Ho-Oh|75/100
|move|p2a: Kyogre|Ice Beam|p1a: Ho-Oh
|-damage|p1a: Ho-Oh|46/100
|
|-weather|RainDance|[upkeep]
|-fieldend|move: Trick Room
|upkeep
|turn|23
|
|t:|1633486887
|switch|p2a: Necrozma|Necrozma-Dusk-Mane|35/100
|-damage|p2a: Necrozma|29/100|[from] Stealth Rock
|move|p1a: Ho-Oh|Toxic|p2a: Necrozma
|-immune|p2a: Necrozma
|
|-weather|RainDance|[upkeep]
|upkeep
|turn|24
|
|t:|1633486900
|switch|p1a: Yveltal|Yveltal|100/100
|-ability|p1a: Yveltal|Dark Aura
|move|p2a: Necrozma|Trick Room|p2a: Necrozma
|-fieldstart|move: Trick Room|[of] p2a: Necrozma
|
|-weather|none
|upkeep
|turn|25
|j| qwpqwq
|
|t:|1633486909
|move|p2a: Necrozma|Sunsteel Strike|p1a: Yveltal
|-damage|p1a: Yveltal|36/100
|move|p1a: Yveltal|Knock Off|p2a: Necrozma
|-supereffective|p2a: Necrozma
|-damage|p2a: Necrozma|0 fnt
|faint|p2a: Necrozma
|
|upkeep
|
|t:|1633486924
|switch|p2a: Kyogre|Kyogre|88/100
|-damage|p2a: Kyogre|76/100|[from] Stealth Rock
|-weather|RainDance|[from] ability: Drizzle|[of] p2a: Kyogre
|turn|26
|
|t:|1633486934
|move|p2a: Kyogre|Origin Pulse|p1a: Yveltal|[miss]
|-miss|p2a: Kyogre|p1a: Yveltal
|move|p1a: Yveltal|Knock Off|p2a: Kyogre
|-damage|p2a: Kyogre|22/100
|-enditem|p2a: Kyogre|Choice Specs|[from] move: Knock Off|[of] p1a: Yveltal
|
|-weather|RainDance|[upkeep]
|upkeep
|turn|27
|
|t:|1633486946
|switch|p1a: Eternatus|Eternatus|39/100
|-ability|p1a: Eternatus|Pressure
|move|p2a: Kyogre|Thunder|p1a: Eternatus
|-resisted|p1a: Eternatus
|-damage|p1a: Eternatus|27/100
|-status|p1a: Eternatus|par
|
|-weather|RainDance|[upkeep]
|-heal|p1a: Eternatus|33/100 par|[from] item: Black Sludge
|upkeep
|turn|28
|l| qwpqwq
|inactive|neptune732 has 120 seconds left.
|
|t:|1633487002
|switch|p2a: Hatterene|Hatterene, F|100/100
|-damage|p2a: Hatterene|88/100|[from] Stealth Rock
|move|p1a: Eternatus|Recover|p1a: Eternatus
|-heal|p1a: Eternatus|83/100 par
|
|-weather|RainDance|[upkeep]
|-heal|p1a: Eternatus|89/100 par|[from] item: Black Sludge
|-fieldend|move: Trick Room
|upkeep
|turn|29
|
|t:|1633487015
|switch|p1a: Ho-Oh|Ho-Oh|79/100
|move|p2a: Hatterene|Trick Room|p2a: Hatterene
|-fieldstart|move: Trick Room|[of] p2a: Hatterene
|
|-weather|RainDance|[upkeep]
|upkeep
|turn|30
|
|t:|1633487024
|switch|p1a: Calyrex|Calyrex-Shadow|88/100
|-ability|p1a: Calyrex|As One
|-ability|p1a: Calyrex|Unnerve
|move|p2a: Hatterene|Healing Wish|p2a: Hatterene
|faint|p2a: Hatterene
|
|-weather|none
|-heal|p1a: Calyrex|94/100|[from] item: Leftovers
|upkeep
|
|t:|1633487039
|switch|p2a: Kyogre|Kyogre|22/100
|-heal|p2a: Kyogre|100/100|[from] move: Healing Wish
|-damage|p2a: Kyogre|88/100|[from] Stealth Rock
|-weather|RainDance|[from] ability: Drizzle|[of] p2a: Kyogre
|turn|31
|
|t:|1633487049
|switch|p1a: Eternatus|Eternatus|89/100 par
|-ability|p1a: Eternatus|Pressure
|move|p2a: Kyogre|Water Spout|p1a: Eternatus
|-resisted|p1a: Eternatus
|-damage|p1a: Eternatus|55/100 par
|
|-weather|RainDance|[upkeep]
|-heal|p1a: Eternatus|61/100 par|[from] item: Black Sludge
|upkeep
|turn|32
|
|t:|1633487059
|switch|p2a: Calyrex|Calyrex-Ice|100/100
|-ability|p2a: Calyrex|As One
|-ability|p2a: Calyrex|Unnerve
|-damage|p2a: Calyrex|76/100|[from] Stealth Rock
|cant|p1a: Eternatus|par
|
|-weather|RainDance|[upkeep]
|-heal|p1a: Eternatus|67/100 par|[from] item: Black Sludge
|upkeep
|turn|33
|
|t:|1633487069
|switch|p1a: Calyrex|Calyrex-Shadow|94/100
|-ability|p1a: Calyrex|As One
|-ability|p1a: Calyrex|Unnerve
|move|p2a: Calyrex|Glacial Lance|p1a: Calyrex
|-damage|p1a: Calyrex|0 fnt
|faint|p1a: Calyrex
|-ability|p2a: Calyrex|Chilling Neigh|boost
|-boost|p2a: Calyrex|atk|1
|-damage|p2a: Calyrex|66/100|[from] item: Life Orb
|
|-weather|RainDance|[upkeep]
|-fieldend|move: Trick Room
|upkeep
|
|t:|1633487073
|switch|p1a: Yveltal|Yveltal|36/100
|-ability|p1a: Yveltal|Dark Aura
|turn|34
|
|t:|1633487084
|switch|p2a: Kyogre|Kyogre|88/100
|-damage|p2a: Kyogre|76/100|[from] Stealth Rock
|move|p1a: Yveltal|Knock Off|p2a: Kyogre
|-damage|p2a: Kyogre|39/100
|
|-weather|RainDance|[upkeep]
|upkeep
|turn|35
|
|t:|1633487098
|switch|p1a: Ho-Oh|Ho-Oh|100/100
|move|p2a: Kyogre|Ice Beam|p1a: Ho-Oh
|-damage|p1a: Ho-Oh|80/100
|
|-weather|none
|upkeep
|turn|36
|
|t:|1633487108
|move|p1a: Ho-Oh|Sacred Fire|p2a: Kyogre
|-resisted|p2a: Kyogre
|-damage|p2a: Kyogre|18/100
|-status|p2a: Kyogre|brn
|move|p2a: Kyogre|Origin Pulse|p1a: Ho-Oh
|-supereffective|p1a: Ho-Oh
|-damage|p1a: Ho-Oh|0 fnt
|faint|p1a: Ho-Oh
|
|-damage|p2a: Kyogre|12/100 brn|[from] brn
|upkeep
|
|t:|1633487110
|switch|p1a: Eternatus|Eternatus|67/100 par
|-ability|p1a: Eternatus|Pressure
|turn|37
|inactive|neptune732 has 120 seconds left.
|
|t:|1633487120
|move|p2a: Kyogre|Ice Beam|p1a: Eternatus
|-supereffective|p1a: Eternatus
|-damage|p1a: Eternatus|25/100 par
|move|p1a: Eternatus|Recover|p1a: Eternatus
|-heal|p1a: Eternatus|75/100 par
|
|-heal|p1a: Eternatus|81/100 par|[from] item: Black Sludge
|-damage|p2a: Kyogre|6/100 brn|[from] brn
|upkeep
|turn|38
|inactive|neptune732 has 120 seconds left.
|
|t:|1633487143
|move|p2a: Kyogre|Ice Beam|p1a: Eternatus
|-supereffective|p1a: Eternatus
|-damage|p1a: Eternatus|42/100 par
|move|p1a: Eternatus|Recover|p1a: Eternatus
|-heal|p1a: Eternatus|92/100 par
|
|-heal|p1a: Eternatus|98/100 par|[from] item: Black Sludge
|-damage|p2a: Kyogre|0 fnt|[from] brn
|faint|p2a: Kyogre
|upkeep
|
|t:|1633487152
|switch|p2a: Palkia|Palkia|100/100
|-damage|p2a: Palkia|88/100|[from] Stealth Rock
|-ability|p2a: Palkia|Pressure
|turn|39
|
|t:|1633487157
|move|p2a: Palkia|Draco Meteor|p1a: Eternatus
|-supereffective|p1a: Eternatus
|-damage|p1a: Eternatus|0 fnt
|-unboost|p2a: Palkia|spa|2
|faint|p1a: Eternatus
|
|upkeep
|
|t:|1633487159
|switch|p1a: Yveltal|Yveltal|36/100
|-ability|p1a: Yveltal|Dark Aura
|turn|40
|
|t:|1633487167
|move|p1a: Yveltal|Taunt|p2a: Palkia
|-start|p2a: Palkia|move: Taunt
|cant|p2a: Palkia|move: Taunt|Trick Room
|
|upkeep
|turn|41
|
|t:|1633487177
|move|p1a: Yveltal|Oblivion Wing|p2a: Palkia
|-damage|p2a: Palkia|55/100
|-heal|p1a: Yveltal|60/100|[from] drain|[of] p2a: Palkia
|move|p2a: Palkia|Draco Meteor|p1a: Yveltal|[miss]
|-miss|p2a: Palkia|p1a: Yveltal
|
|upkeep
|turn|42
|
|t:|1633487192
|move|p1a: Yveltal|Knock Off|p2a: Palkia
|-damage|p2a: Palkia|8/100
|-enditem|p2a: Palkia|Lustrous Orb|[from] move: Knock Off|[of] p1a: Yveltal
|move|p2a: Palkia|Draco Meteor|p1a: Yveltal
|-damage|p1a: Yveltal|25/100
|-unboost|p2a: Palkia|spa|2
|
|-end|p2a: Palkia|move: Taunt
|upkeep
|turn|43
|
|t:|1633487203
|move|p1a: Yveltal|Oblivion Wing|p2a: Palkia
|-damage|p2a: Palkia|0 fnt
|-heal|p1a: Yveltal|31/100|[from] drain|[of] p2a: Palkia
|faint|p2a: Palkia
|
|upkeep
|j| Communist Josh
|l| Communist Josh
|
|t:|1633487211
|switch|p2a: Porygon2|Porygon2|62/100
|-damage|p2a: Porygon2|49/100|[from] Stealth Rock
|-ability|p2a: Porygon2|Dark Aura|[from] ability: Trace|[of] p1a: Yveltal
|-ability|p2a: Porygon2|Dark Aura
|turn|44
|j| Communist Josh
|
|t:|1633487218
|move|p1a: Yveltal|Taunt|p2a: Porygon2
|-start|p2a: Porygon2|move: Taunt
|cant|p2a: Porygon2|move: Taunt|Toxic
|
|upkeep
|turn|45
|
|t:|1633487231
|move|p1a: Yveltal|Oblivion Wing|p2a: Porygon2
|-damage|p2a: Porygon2|25/100
|-heal|p1a: Yveltal|48/100|[from] drain|[of] p2a: Porygon2
|move|p2a: Porygon2|Foul Play|p1a: Yveltal
|-resisted|p1a: Yveltal
|-damage|p1a: Yveltal|28/100
|
|upkeep
|turn|46
|
|t:|1633487240
|move|p1a: Yveltal|Roost|p1a: Yveltal
|-heal|p1a: Yveltal|78/100
|-singleturn|p1a: Yveltal|move: Roost
|move|p2a: Porygon2|Foul Play|p1a: Yveltal
|-resisted|p1a: Yveltal
|-damage|p1a: Yveltal|59/100
|
|-end|p2a: Porygon2|move: Taunt
|upkeep
|turn|47
|
|t:|1633487250
|switch|p2a: Calyrex|Calyrex-Ice|66/100
|-ability|p2a: Calyrex|As One
|-ability|p2a: Calyrex|Unnerve
|-damage|p2a: Calyrex|41/100|[from] Stealth Rock
|move|p1a: Yveltal|Taunt|p2a: Calyrex
|-start|p2a: Calyrex|move: Taunt
|
|upkeep
|turn|48
|
|t:|1633487259
|move|p1a: Yveltal|Knock Off|p2a: Calyrex
|-supereffective|p2a: Calyrex
|-damage|p2a: Calyrex|0 fnt
|-enditem|p2a: Calyrex|Life Orb|[from] move: Knock Off|[of] p1a: Yveltal
|faint|p2a: Calyrex
|
|upkeep
|-message|neptune732 forfeited.
|
|win|Pkmn3443
|raw|Pkmn3443's rating: 1601 &rarr; <strong>1613</strong><br />(+12 for winning)
|raw|neptune732's rating: 1445 &rarr; <strong>1433</strong><br />(-12 for losing)
|l|☆neptune732
