|j|☆hljjj
|j|☆UR9 L'Abeille
|t:|1605172541
|player|p1|hljjj|266|1475
|player|p2|UR9 L'Abeille|veteranf|1603
|teamsize|p1|6
|teamsize|p2|6
|gametype|singles
|gen|8
|tier|[Gen 8] Ubers
|rated|
|clearpoke
|poke|p1|Ditto|
|poke|p1|Excadrill, M|
|poke|p1|Ribombee, M|
|poke|p1|Thundurus, M|
|poke|p1|Dracovish|
|poke|p1|Calyrex-Shadow|
|poke|p2|Eternatus|
|poke|p2|Necrozma-Dusk-Mane|
|poke|p2|Tyranitar, F|
|poke|p2|Giratina|
|poke|p2|Zygarde|
|poke|p2|Ditto|
|rule|Sleep Clause Mod: Limit one foe put to sleep
|rule|Species Clause: Limit one of each Pokémon
|rule|OHKO Clause: OHKO moves are banned
|rule|Evasion Moves Clause: Evasion moves are banned
|rule|Endless Battle Clause: Forcing endless battles is banned
|rule|HP Percentage Mod: HP is shown in percentages
|teampreview
|inactive|Battle timer is ON: inactive players will automatically lose when time's up. (requested by hljjj)
|
|t:|1605172568
|start
|switch|p1a: Ribombee|Ribombee, M|100/100
|switch|p2a: Eternatus|Eternatus|100/100
|-ability|p2a: Eternatus|Pressure
|turn|1
|
|t:|1605172575
|move|p1a: Ribombee|Stun Spore|p2a: Eternatus
|-status|p2a: Eternatus|par
|cant|p2a: Eternatus|par
|
|upkeep
|turn|2
|
|t:|1605172581
|move|p1a: Ribombee|Sticky Web|p2a: Eternatus
|-sidestart|p2: UR9 L'Abeille|move: Sticky Web
|move|p2a: Eternatus|Flamethrower|p1a: Ribombee
|-supereffective|p1a: Ribombee
|-enditem|p1a: Ribombee|Focus Sash
|-damage|p1a: Ribombee|1/100
|
|upkeep
|turn|3
|
|t:|1605172589
|move|p1a: Ribombee|Moonblast|p2a: Eternatus
|-damage|p2a: Eternatus|69/100 par
|move|p2a: Eternatus|Dynamax Cannon|p1a: Ribombee
|-immune|p1a: Ribombee
|
|upkeep
|turn|4
|
|t:|1605172599
|move|p1a: Ribombee|Moonblast|p2a: Eternatus
|-damage|p2a: Eternatus|36/100 par
|-unboost|p2a: Eternatus|spa|1
|move|p2a: Eternatus|Flamethrower|p1a: Ribombee
|-supereffective|p1a: Ribombee
|-damage|p1a: Ribombee|0 fnt
|faint|p1a: Ribombee
|
|upkeep
|
|t:|1605172612
|switch|p1a: Dracovish|Dracovish|100/100
|turn|5
|
|t:|1605172616
|move|p1a: Dracovish|Fishious Rend|p2a: Eternatus
|-resisted|p2a: Eternatus
|-damage|p2a: Eternatus|0 fnt
|faint|p2a: Eternatus
|
|upkeep
|
|t:|1605172620
|switch|p2a: Giratina|Giratina, shiny|100/100
|-activate|p2a: Giratina|move: Sticky Web
|-unboost|p2a: Giratina|spe|1
|-ability|p2a: Giratina|Pressure
|turn|6
|
|t:|1605172625
|move|p1a: Dracovish|Fishious Rend|p2a: Giratina
|-resisted|p2a: Giratina
|-damage|p2a: Giratina|62/100
|move|p2a: Giratina|Defog|p1a: Dracovish
|-unboost|p1a: Dracovish|evasion|1
|-sideend|p2: UR9 L'Abeille|Sticky Web|[from] move: Defog|[of] p2a: Giratina
|
|-heal|p2a: Giratina|68/100|[from] item: Leftovers
|upkeep
|turn|7
|
|t:|1605172632
|switch|p1a: Excadrill|Excadrill, M|100/100
|-ability|p1a: Excadrill|Mold Breaker
|move|p2a: Giratina|Will-O-Wisp|p1a: Excadrill
|-status|p1a: Excadrill|brn
|
|-heal|p2a: Giratina|74/100|[from] item: Leftovers
|-damage|p1a: Excadrill|94/100 brn|[from] brn
|upkeep
|turn|8
|
|t:|1605172648
|move|p1a: Excadrill|Stealth Rock|p2a: Giratina
|-sidestart|p2: UR9 L'Abeille|move: Stealth Rock
|move|p2a: Giratina|Defog|p1a: Excadrill
|-unboost|p1a: Excadrill|evasion|1
|-sideend|p2: UR9 L'Abeille|Stealth Rock|[from] move: Defog|[of] p2a: Giratina
|
|-heal|p1a: Excadrill|100/100 brn|[from] item: Leftovers
|-heal|p2a: Giratina|80/100|[from] item: Leftovers
|-damage|p1a: Excadrill|94/100 brn|[from] brn
|upkeep
|turn|9
|
|t:|1605172658
|move|p1a: Excadrill|Earthquake|p2a: Giratina
|-crit|p2a: Giratina
|-damage|p2a: Giratina|63/100
|move|p2a: Giratina|Defog|p1a: Excadrill
|-unboost|p1a: Excadrill|evasion|1
|
|-heal|p1a: Excadrill|100/100 brn|[from] item: Leftovers
|-heal|p2a: Giratina|70/100|[from] item: Leftovers
|-damage|p1a: Excadrill|94/100 brn|[from] brn
|upkeep
|turn|10
|
|t:|1605172670
|switch|p2a: Zygarde|Zygarde, shiny|100/100
|move|p1a: Excadrill|Stealth Rock|p2a: Zygarde
|-sidestart|p2: UR9 L'Abeille|move: Stealth Rock
|
|-heal|p1a: Excadrill|100/100 brn|[from] item: Leftovers
|-damage|p1a: Excadrill|94/100 brn|[from] brn
|upkeep
|turn|11
|
|t:|1605172679
|switch|p1a: Dracovish|Dracovish|100/100
|move|p2a: Zygarde|Substitute|p2a: Zygarde
|-start|p2a: Zygarde|Substitute
|-damage|p2a: Zygarde|76/100
|
|-heal|p2a: Zygarde|82/100|[from] item: Leftovers
|upkeep
|turn|12
|
|t:|1605172686
|move|p2a: Zygarde|Glare|p1a: Dracovish
|-status|p1a: Dracovish|par
|move|p1a: Dracovish|Fishious Rend|p2a: Zygarde
|-end|p2a: Zygarde|Substitute
|
|-heal|p2a: Zygarde|88/100|[from] item: Leftovers
|upkeep
|turn|13
|
|t:|1605172693
|move|p2a: Zygarde|Substitute|p2a: Zygarde
|-start|p2a: Zygarde|Substitute
|-damage|p2a: Zygarde|63/100
|move|p1a: Dracovish|Fishious Rend|p2a: Zygarde
|-end|p2a: Zygarde|Substitute
|
|-heal|p2a: Zygarde|69/100|[from] item: Leftovers
|upkeep
|turn|14
|
|t:|1605172702
|move|p2a: Zygarde|Substitute|p2a: Zygarde
|-start|p2a: Zygarde|Substitute
|-damage|p2a: Zygarde|44/100
|cant|p1a: Dracovish|par
|
|-heal|p2a: Zygarde|50/100|[from] item: Leftovers
|-activate|p2a: Zygarde|ability: Power Construct
|detailschange|p2a: Zygarde|Zygarde-Complete, shiny
|-heal|p2a: Zygarde|69/100|[silent]
|upkeep
|turn|15
|
|t:|1605172712
|move|p2a: Zygarde|Dragon Dance|p2a: Zygarde
|-boost|p2a: Zygarde|atk|1
|-boost|p2a: Zygarde|spe|1
|move|p1a: Dracovish|Fishious Rend|p2a: Zygarde
|-end|p2a: Zygarde|Substitute
|
|-heal|p2a: Zygarde|75/100|[from] item: Leftovers
|upkeep
|turn|16
|
|t:|1605172719
|move|p2a: Zygarde|Thousand Arrows|p1a: Dracovish
|-damage|p1a: Dracovish|35/100 par
|move|p1a: Dracovish|Fishious Rend|p2a: Zygarde
|-damage|p2a: Zygarde|33/100
|
|-heal|p2a: Zygarde|39/100|[from] item: Leftovers
|upkeep
|turn|17
|
|t:|1605172726
|move|p2a: Zygarde|Thousand Arrows|p1a: Dracovish
|-damage|p1a: Dracovish|0 fnt
|faint|p1a: Dracovish
|
|-heal|p2a: Zygarde|45/100|[from] item: Leftovers
|upkeep
|
|t:|1605172730
|switch|p1a: Ditto|Ditto|100/100
|-transform|p1a: Ditto|p2a: Zygarde|[from] ability: Imposter
|turn|18
|
|t:|1605172739
|move|p1a: Ditto|Substitute|p1a: Ditto
|-start|p1a: Ditto|Substitute
|-damage|p1a: Ditto|75/100
|move|p2a: Zygarde|Glare||[still]
|-fail|p2a: Zygarde
|
|-heal|p2a: Zygarde|51/100|[from] item: Leftovers
|upkeep
|turn|19
|
|t:|1605172746
|-end|p1a: Ditto|Substitute
|-start|p1a: Ditto|Dynamax
|-heal|p1a: Ditto|75/100|[silent]
|move|p2a: Zygarde|Substitute|p2a: Zygarde
|-start|p2a: Zygarde|Substitute
|-damage|p2a: Zygarde|26/100
|move|p1a: Ditto|Max Quake|p2a: Zygarde
|-end|p2a: Zygarde|Substitute
|-boost|p1a: Ditto|spd|1
|
|-heal|p2a: Zygarde|32/100|[from] item: Leftovers
|upkeep
|turn|20
|
|t:|1605172758
|move|p2a: Zygarde|Glare|p1a: Ditto
|-status|p1a: Ditto|par
|move|p1a: Ditto|Max Quake|p2a: Zygarde
|-damage|p2a: Zygarde|0 fnt
|-boost|p1a: Ditto|spd|1
|faint|p2a: Zygarde
|
|upkeep
|
|t:|1605172765
|switch|p2a: Giratina|Giratina, shiny|70/100
|-damage|p2a: Giratina|57/100|[from] Stealth Rock
|-ability|p2a: Giratina|Pressure
|turn|21
|
|t:|1605172771
|move|p1a: Ditto|Max Quake|p2a: Giratina
|-damage|p2a: Giratina|23/100
|-boost|p1a: Ditto|spd|1
|move|p2a: Giratina|Defog|p1a: Ditto
|-unboost|p1a: Ditto|evasion|1
|-sideend|p2: UR9 L'Abeille|Stealth Rock|[from] move: Defog|[of] p2a: Giratina
|
|-heal|p2a: Giratina|29/100|[from] item: Leftovers
|-end|p1a: Ditto|Dynamax
|-heal|p1a: Ditto|75/100 par|[silent]
|upkeep
|turn|22
|
|t:|1605172782
|switch|p1a: Excadrill|Excadrill, M|94/100 brn
|-ability|p1a: Excadrill|Mold Breaker
|move|p2a: Giratina|Rest|p2a: Giratina
|-status|p2a: Giratina|slp|[from] move: Rest
|-heal|p2a: Giratina|100/100 slp|[silent]
|
|-heal|p1a: Excadrill|100/100 brn|[from] item: Leftovers
|-damage|p1a: Excadrill|94/100 brn|[from] brn
|upkeep
|turn|23
|
|t:|1605172792
|move|p1a: Excadrill|Stealth Rock|p2a: Giratina
|-sidestart|p2: UR9 L'Abeille|move: Stealth Rock
|cant|p2a: Giratina|slp
|
|-heal|p1a: Excadrill|100/100 brn|[from] item: Leftovers
|-damage|p1a: Excadrill|94/100 brn|[from] brn
|upkeep
|turn|24
|
|t:|1605172799
|switch|p1a: Calyrex|Calyrex-Shadow|100/100
|-ability|p1a: Calyrex|As One
|-ability|p1a: Calyrex|Unnerve|p2: UR9 L'Abeille
|cant|p2a: Giratina|slp
|
|upkeep
|turn|25
|
|t:|1605172807
|switch|p2a: Tyranitar|Tyranitar, F|100/100
|-damage|p2a: Tyranitar|88/100|[from] Stealth Rock
|-weather|Sandstorm|[from] ability: Sand Stream|[of] p2a: Tyranitar
|move|p1a: Calyrex|Astral Barrage|p2a: Tyranitar
|-resisted|p2a: Tyranitar
|-damage|p2a: Tyranitar|70/100
|-damage|p1a: Calyrex|91/100|[from] item: Life Orb
|
|-weather|Sandstorm|[upkeep]
|-damage|p1a: Calyrex|84/100|[from] Sandstorm
|-heal|p2a: Tyranitar|76/100|[from] item: Leftovers
|upkeep
|turn|26
|
|t:|1605172821
|switch|p1a: Excadrill|Excadrill, M|94/100 brn
|-ability|p1a: Excadrill|Mold Breaker
|move|p2a: Tyranitar|Stealth Rock|p1a: Excadrill
|-sidestart|p1: hljjj|move: Stealth Rock
|
|-weather|Sandstorm|[upkeep]
|-heal|p1a: Excadrill|100/100 brn|[from] item: Leftovers
|-heal|p2a: Tyranitar|82/100|[from] item: Leftovers
|-damage|p1a: Excadrill|94/100 brn|[from] brn
|upkeep
|turn|27
|
|t:|1605172831
|switch|p1a: Calyrex|Calyrex-Shadow|84/100
|-ability|p1a: Calyrex|As One
|-ability|p1a: Calyrex|Unnerve|p2: UR9 L'Abeille
|-damage|p1a: Calyrex|72/100|[from] Stealth Rock
|switch|p2a: Giratina|Giratina, shiny|100/100 slp
|-damage|p2a: Giratina|88/100 slp|[from] Stealth Rock
|-ability|p2a: Giratina|Pressure
|
|-weather|Sandstorm|[upkeep]
|-damage|p1a: Calyrex|66/100|[from] Sandstorm
|-damage|p2a: Giratina|82/100 slp|[from] Sandstorm
|-heal|p2a: Giratina|88/100 slp|[from] item: Leftovers
|upkeep
|turn|28
|
|t:|1605172845
|switch|p2a: Tyranitar|Tyranitar, F|82/100
|-damage|p2a: Tyranitar|70/100|[from] Stealth Rock
|move|p1a: Calyrex|Draining Kiss|p2a: Tyranitar
|-supereffective|p2a: Tyranitar
|-damage|p2a: Tyranitar|49/100
|-heal|p1a: Calyrex|84/100|[from] drain|[of] p2a: Tyranitar
|-damage|p1a: Calyrex|74/100|[from] item: Life Orb
|
|-weather|Sandstorm|[upkeep]
|-damage|p1a: Calyrex|68/100|[from] Sandstorm
|-heal|p2a: Tyranitar|55/100|[from] item: Leftovers
|upkeep
|turn|29
|
|t:|1605172857
|switch|p1a: Excadrill|Excadrill, M|94/100 brn
|-damage|p1a: Excadrill|91/100 brn|[from] Stealth Rock
|-ability|p1a: Excadrill|Mold Breaker
|move|p2a: Tyranitar|Crunch|p1a: Excadrill
|-damage|p1a: Excadrill|36/100 brn
|
|-weather|none
|-heal|p1a: Excadrill|42/100 brn|[from] item: Leftovers
|-heal|p2a: Tyranitar|62/100|[from] item: Leftovers
|-damage|p1a: Excadrill|36/100 brn|[from] brn
|upkeep
|turn|30
|
|t:|1605172868
|move|p1a: Excadrill|Earthquake|p2a: Tyranitar
|-supereffective|p2a: Tyranitar
|-damage|p2a: Tyranitar|18/100
|move|p2a: Tyranitar|Crunch|p1a: Excadrill
|-damage|p1a: Excadrill|0 fnt
|faint|p1a: Excadrill
|
|-heal|p2a: Tyranitar|24/100|[from] item: Leftovers
|upkeep
|
|t:|1605172882
|switch|p1a: Calyrex|Calyrex-Shadow|68/100
|-ability|p1a: Calyrex|As One
|-ability|p1a: Calyrex|Unnerve|p2: UR9 L'Abeille
|-damage|p1a: Calyrex|56/100|[from] Stealth Rock
|turn|31
|
|t:|1605172892
|move|p1a: Calyrex|Draining Kiss|p2a: Tyranitar
|-supereffective|p2a: Tyranitar
|-damage|p2a: Tyranitar|0 fnt
|-heal|p1a: Calyrex|76/100|[from] drain|[of] p2a: Tyranitar
|-damage|p1a: Calyrex|66/100|[from] item: Life Orb
|faint|p2a: Tyranitar
|-ability|p1a: Calyrex|Grim Neigh|boost
|-boost|p1a: Calyrex|spa|1
|
|upkeep
|
|t:|1605172899
|switch|p2a: Ditto|Ditto|100/100
|-damage|p2a: Ditto|88/100|[from] Stealth Rock
|-transform|p2a: Ditto|p1a: Calyrex|[from] ability: Imposter
|turn|32
|
|t:|1605172908
|switch|p1a: Ditto|Ditto|75/100 par
|-damage|p1a: Ditto|63/100 par|[from] Stealth Rock
|move|p2a: Ditto|Astral Barrage|p1a: Ditto
|-immune|p1a: Ditto
|
|upkeep
|turn|33
|
|t:|1605172918
|-start|p2a: Ditto|Dynamax
|-heal|p2a: Ditto|88/100|[silent]
|move|p2a: Ditto|Max Starfall|p1a: Ditto
|-damage|p1a: Ditto|0 fnt
|-fieldstart|move: Misty Terrain
|faint|p1a: Ditto
|-ability|p2a: Ditto|Grim Neigh|boost
|-boost|p2a: Ditto|spa|1
|
|upkeep
|
|t:|1605172923
|switch|p1a: Calyrex|Calyrex-Shadow|66/100
|-ability|p1a: Calyrex|As One
|-ability|p1a: Calyrex|Unnerve|p2: UR9 L'Abeille
|-damage|p1a: Calyrex|54/100|[from] Stealth Rock
|turn|34
|
|t:|1605172942
|-end|p2a: Ditto|Dynamax
|-heal|p2a: Ditto|88/100|[silent]
|switch|p2a: Giratina|Giratina, shiny|88/100 slp
|-damage|p2a: Giratina|75/100 slp|[from] Stealth Rock
|-ability|p2a: Giratina|Pressure
|move|p1a: Calyrex|Substitute|p1a: Calyrex
|-start|p1a: Calyrex|Substitute
|-damage|p1a: Calyrex|29/100
|
|-heal|p2a: Giratina|82/100 slp|[from] item: Leftovers
|upkeep
|turn|35
|
|t:|1605172952
|move|p1a: Calyrex|Astral Barrage|p2a: Giratina
|-supereffective|p2a: Giratina
|-damage|p2a: Giratina|0 fnt
|-damage|p1a: Calyrex|19/100|[from] item: Life Orb
|faint|p2a: Giratina
|-ability|p1a: Calyrex|Grim Neigh|boost
|-boost|p1a: Calyrex|spa|1
|
|upkeep
|
|t:|1605172961
|switch|p2a: Necrozma|Necrozma-Dusk-Mane, shiny|100/100
|-damage|p2a: Necrozma|94/100|[from] Stealth Rock
|turn|36
|
|t:|1605172965
|move|p1a: Calyrex|Astral Barrage|p2a: Necrozma
|-supereffective|p2a: Necrozma
|-damage|p2a: Necrozma|0 fnt
|-damage|p1a: Calyrex|9/100|[from] item: Life Orb
|faint|p2a: Necrozma
|-ability|p1a: Calyrex|Grim Neigh|boost
|-boost|p1a: Calyrex|spa|1
|
|upkeep
|
|t:|1605172974
|switch|p2a: Ditto|Ditto|88/100
|-damage|p2a: Ditto|76/100|[from] Stealth Rock
|turn|37
|
|t:|1605172977
|move|p1a: Calyrex|Draining Kiss|p2a: Ditto
|-damage|p2a: Ditto|0 fnt
|-heal|p1a: Calyrex|59/100|[from] drain|[of] p2a: Ditto
|-damage|p1a: Calyrex|49/100|[from] item: Life Orb
|faint|p2a: Ditto
|
|win|hljjj
|l|☆UR9 L'Abeille
|raw|hljjj's rating: 1475 &rarr; <strong>1502</strong><br />(+27 for winning)
|raw|UR9 L&apos;Abeille's rating: 1604 &rarr; <strong>1577</strong><br />(-27 for losing)
|l|☆hljjj
|j|☆hljjj
|player|p1|hljjj|266
