|raw|<div class="broadcast-blue"><strong>This battle is required to be public due to a player having a name starting with 'ULTBG7V'.</div>
|j|☆ULTBG7V Trade
|j|☆I Crit My Panties
|t:|1621770326
|gametype|singles
|player|p1|ULTBG7V Trade|169|1591
|player|p2|I Crit My Panties|2|1565
|teamsize|p1|6
|teamsize|p2|6
|gen|8
|tier|[Gen 8] Ubers
|rated|
|rule|Sleep Clause Mod: Limit one foe put to sleep
|rule|Species Clause: Limit one of each Pokémon
|rule|OHKO Clause: OHKO moves are banned
|rule|Evasion Moves Clause: Evasion moves are banned
|rule|Endless Battle Clause: Forcing endless battles is banned
|rule|HP Percentage Mod: HP is shown in percentages
|rule|Dynamax Clause: You cannot dynamax
|clearpoke
|poke|p1|Marshadow|
|poke|p1|Xerneas-*|
|poke|p1|Ho-Oh|
|poke|p1|Yveltal|
|poke|p1|Eternatus|
|poke|p1|Necrozma-Dusk-Mane|
|poke|p2|Yveltal|
|poke|p2|Necrozma-Dusk-Mane|
|poke|p2|Eternatus|
|poke|p2|Xerneas-*|
|poke|p2|Ho-Oh|
|poke|p2|Calyrex-Shadow|
|teampreview
|
|t:|1621770337
|start
|switch|p1a: Eternatus|Eternatus|100/100
|switch|p2a: Yveltal|Yveltal|100/100
|-ability|p1a: Eternatus|Pressure
|-ability|p2a: Yveltal|Dark Aura
|turn|1
|
|t:|1621770340
|move|p1a: Eternatus|Toxic|p2a: Yveltal
|-status|p2a: Yveltal|tox
|move|p2a: Yveltal|Knock Off|p1a: Eternatus
|-damage|p1a: Eternatus|54/100
|-enditem|p1a: Eternatus|Heavy-Duty Boots|[from] move: Knock Off|[of] p2a: Yveltal
|
|-damage|p2a: Yveltal|94/100 tox|[from] psn
|upkeep
|turn|2
|
|t:|1621770343
|move|p1a: Eternatus|Recover|p1a: Eternatus
|-heal|p1a: Eternatus|100/100
|move|p2a: Yveltal|U-turn|p1a: Eternatus
|-resisted|p1a: Eternatus
|-damage|p1a: Eternatus|93/100
|
|t:|1621770347
|switch|p2a: Calyrex|Calyrex-Shadow|100/100|[from]move: U-turn
|-ability|p2a: Calyrex|As One
|-ability|p2a: Calyrex|Unnerve
|
|upkeep
|turn|3
|
|t:|1621770351
|switch|p1a: Ho-Oh|Ho-Oh|100/100
|move|p2a: Calyrex|Trick|p1a: Ho-Oh
|-activate|p2a: Calyrex|move: Trick|[of] p1a: Ho-Oh
|-item|p1a: Ho-Oh|Choice Scarf|[from] move: Trick
|-item|p2a: Calyrex|Heavy-Duty Boots|[from] move: Trick
|
|upkeep
|turn|4
|
|t:|1621770357
|switch|p2a: Eternatus|Eternatus|100/100
|-ability|p2a: Eternatus|Pressure
|move|p1a: Ho-Oh|Thunder Wave|p2a: Eternatus|[miss]
|-miss|p1a: Ho-Oh|p2a: Eternatus
|
|upkeep
|turn|5
|
|t:|1621770372
|switch|p1a: Necrozma|Necrozma-Dusk-Mane|100/100
|move|p2a: Eternatus|Toxic|p1a: Necrozma
|-immune|p1a: Necrozma
|
|upkeep
|turn|6
|
|t:|1621770376
|switch|p2a: Necrozma|Necrozma-Dusk-Mane|100/100
|move|p1a: Necrozma|Stealth Rock|p2a: Necrozma
|-sidestart|p2: I Crit My Panties|move: Stealth Rock
|
|upkeep
|turn|7
|
|t:|1621770389
|switch|p1a: Ho-Oh|Ho-Oh|100/100
|move|p2a: Necrozma|Stealth Rock|p1a: Ho-Oh
|-sidestart|p1: ULTBG7V Trade|move: Stealth Rock
|
|upkeep
|turn|8
|
|t:|1621770392
|switch|p2a: Eternatus|Eternatus|100/100
|-damage|p2a: Eternatus|88/100|[from] Stealth Rock
|-ability|p2a: Eternatus|Pressure
|move|p1a: Ho-Oh|Sacred Fire|p2a: Eternatus
|-resisted|p2a: Eternatus
|-damage|p2a: Eternatus|71/100
|-status|p2a: Eternatus|brn
|
|-heal|p2a: Eternatus|78/100 brn|[from] item: Black Sludge
|-damage|p2a: Eternatus|71/100 brn|[from] brn
|upkeep
|turn|9
|
|t:|1621770397
|switch|p1a: Eternatus|Eternatus|93/100
|-damage|p1a: Eternatus|81/100|[from] Stealth Rock
|-ability|p1a: Eternatus|Pressure
|move|p2a: Eternatus|Flamethrower|p1a: Eternatus
|-resisted|p1a: Eternatus
|-damage|p1a: Eternatus|72/100
|
|-heal|p2a: Eternatus|78/100 brn|[from] item: Black Sludge
|-damage|p2a: Eternatus|71/100 brn|[from] brn
|upkeep
|turn|10
|
|t:|1621770402
|move|p1a: Eternatus|Dynamax Cannon|p2a: Eternatus
|-supereffective|p2a: Eternatus
|-damage|p2a: Eternatus|12/100 brn
|move|p2a: Eternatus|Recover|p2a: Eternatus
|-heal|p2a: Eternatus|62/100 brn
|
|-heal|p2a: Eternatus|68/100 brn|[from] item: Black Sludge
|-damage|p2a: Eternatus|62/100 brn|[from] brn
|upkeep
|turn|11
|
|t:|1621770405
|switch|p2a: Xerneas|Xerneas|100/100
|-damage|p2a: Xerneas|88/100|[from] Stealth Rock
|-ability|p2a: Xerneas|Fairy Aura
|move|p1a: Eternatus|Dynamax Cannon|p2a: Xerneas
|-immune|p2a: Xerneas
|
|-heal|p2a: Xerneas|94/100|[from] item: Leftovers
|upkeep
|turn|12
|
|t:|1621770411
|move|p1a: Eternatus|Mystical Fire|p2a: Xerneas
|-damage|p2a: Xerneas|77/100
|-unboost|p2a: Xerneas|spa|1
|move|p2a: Xerneas|Aromatherapy|p2a: Xerneas
|-activate|p2a: Xerneas|move: Aromatherapy
|-curestatus|p2: Eternatus|brn|[msg]
|-curestatus|p2: Yveltal|tox|[msg]
|
|-heal|p2a: Xerneas|84/100|[from] item: Leftovers
|upkeep
|turn|13
|
|t:|1621770416
|move|p1a: Eternatus|Toxic|p2a: Xerneas
|-status|p2a: Xerneas|tox
|move|p2a: Xerneas|Thunder Wave|p1a: Eternatus
|-status|p1a: Eternatus|par
|
|-heal|p2a: Xerneas|90/100 tox|[from] item: Leftovers
|-damage|p2a: Xerneas|84/100 tox|[from] psn
|upkeep
|turn|14
|
|t:|1621770424
|switch|p1a: Ho-Oh|Ho-Oh|100/100
|-damage|p1a: Ho-Oh|51/100|[from] Stealth Rock
|move|p2a: Xerneas|Aromatherapy|p2a: Xerneas
|-activate|p2a: Xerneas|move: Aromatherapy
|-curestatus|p2a: Xerneas|tox|[msg]
|
|-heal|p2a: Xerneas|90/100|[from] item: Leftovers
|upkeep
|turn|15
|
|t:|1621770428
|switch|p2a: Eternatus|Eternatus|62/100
|-damage|p2a: Eternatus|49/100|[from] Stealth Rock
|-ability|p2a: Eternatus|Pressure
|move|p1a: Ho-Oh|Sacred Fire|p2a: Eternatus|[miss]
|-miss|p1a: Ho-Oh|p2a: Eternatus
|
|-heal|p2a: Eternatus|56/100|[from] item: Black Sludge
|upkeep
|turn|16
|j| ULTBG7V Entroxx
|
|t:|1621770435
|switch|p1a: Necrozma|Necrozma-Dusk-Mane|100/100
|-damage|p1a: Necrozma|94/100|[from] Stealth Rock
|move|p2a: Eternatus|Recover|p2a: Eternatus
|-heal|p2a: Eternatus|100/100
|
|upkeep
|turn|17
|
|t:|1621770438
|switch|p2a: Necrozma|Necrozma-Dusk-Mane|100/100
|-damage|p2a: Necrozma|94/100|[from] Stealth Rock
|move|p1a: Necrozma|Sunsteel Strike|p2a: Necrozma
|-resisted|p2a: Necrozma
|-damage|p2a: Necrozma|81/100
|-damage|p1a: Necrozma|78/100|[from] item: Rocky Helmet|[of] p2a: Necrozma
|
|upkeep
|turn|18
|
|t:|1621770441
|move|p1a: Necrozma|Earthquake|p2a: Necrozma
|-supereffective|p2a: Necrozma
|-damage|p2a: Necrozma|56/100
|move|p2a: Necrozma|Earthquake|p1a: Necrozma
|-supereffective|p1a: Necrozma
|-damage|p1a: Necrozma|50/100
|
|upkeep
|turn|19
|
|t:|1621770449
|move|p1a: Necrozma|Earthquake|p2a: Necrozma
|-supereffective|p2a: Necrozma
|-damage|p2a: Necrozma|30/100
|move|p2a: Necrozma|Earthquake|p1a: Necrozma
|-supereffective|p1a: Necrozma
|-damage|p1a: Necrozma|21/100
|
|upkeep
|turn|20
|
|t:|1621770454
|move|p1a: Necrozma|Earthquake|p2a: Necrozma
|-supereffective|p2a: Necrozma
|-damage|p2a: Necrozma|2/100
|move|p2a: Necrozma|Morning Sun|p2a: Necrozma
|-heal|p2a: Necrozma|52/100
|
|upkeep
|turn|21
|
|t:|1621770456
|move|p1a: Necrozma|Moonlight|p1a: Necrozma
|-heal|p1a: Necrozma|71/100
|move|p2a: Necrozma|Earthquake|p1a: Necrozma
|-supereffective|p1a: Necrozma
|-damage|p1a: Necrozma|44/100
|
|upkeep
|turn|22
|
|t:|1621770460
|move|p1a: Necrozma|Moonlight|p1a: Necrozma
|-heal|p1a: Necrozma|94/100
|move|p2a: Necrozma|Earthquake|p1a: Necrozma
|-supereffective|p1a: Necrozma
|-damage|p1a: Necrozma|69/100
|
|upkeep
|turn|23
|
|t:|1621770463
|move|p1a: Necrozma|Earthquake|p2a: Necrozma
|-supereffective|p2a: Necrozma
|-damage|p2a: Necrozma|27/100
|move|p2a: Necrozma|Morning Sun|p2a: Necrozma
|-heal|p2a: Necrozma|77/100
|
|upkeep
|turn|24
|
|t:|1621770465
|move|p1a: Necrozma|Earthquake|p2a: Necrozma
|-supereffective|p2a: Necrozma
|-damage|p2a: Necrozma|49/100
|move|p2a: Necrozma|Earthquake|p1a: Necrozma
|-supereffective|p1a: Necrozma
|-damage|p1a: Necrozma|43/100
|
|upkeep
|turn|25
|
|t:|1621770468
|move|p1a: Necrozma|Earthquake|p2a: Necrozma
|-supereffective|p2a: Necrozma
|-damage|p2a: Necrozma|21/100
|move|p2a: Necrozma|Morning Sun|p2a: Necrozma
|-heal|p2a: Necrozma|71/100
|
|upkeep
|turn|26
|
|t:|1621770470
|move|p1a: Necrozma|Moonlight|p1a: Necrozma
|-heal|p1a: Necrozma|92/100
|move|p2a: Necrozma|Earthquake|p1a: Necrozma
|-supereffective|p1a: Necrozma
|-damage|p1a: Necrozma|67/100
|
|upkeep
|turn|27
|
|t:|1621770473
|move|p1a: Necrozma|Earthquake|p2a: Necrozma
|-supereffective|p2a: Necrozma
|-damage|p2a: Necrozma|43/100
|move|p2a: Necrozma|Earthquake|p1a: Necrozma
|-supereffective|p1a: Necrozma
|-damage|p1a: Necrozma|39/100
|
|upkeep
|turn|28
|
|t:|1621770479
|move|p1a: Necrozma|Earthquake|p2a: Necrozma
|-supereffective|p2a: Necrozma
|-damage|p2a: Necrozma|17/100
|move|p2a: Necrozma|Morning Sun|p2a: Necrozma
|-heal|p2a: Necrozma|67/100
|
|upkeep
|turn|29
|
|t:|1621770482
|move|p1a: Necrozma|Moonlight|p1a: Necrozma
|-heal|p1a: Necrozma|89/100
|move|p2a: Necrozma|Earthquake|p1a: Necrozma
|-supereffective|p1a: Necrozma
|-damage|p1a: Necrozma|62/100
|
|upkeep
|turn|30
|
|t:|1621770486
|move|p1a: Necrozma|Earthquake|p2a: Necrozma
|-supereffective|p2a: Necrozma
|-damage|p2a: Necrozma|40/100
|move|p2a: Necrozma|Earthquake|p1a: Necrozma
|-supereffective|p1a: Necrozma
|-damage|p1a: Necrozma|35/100
|
|upkeep
|turn|31
|
|t:|1621770491
|move|p1a: Necrozma|Moonlight|p1a: Necrozma
|-heal|p1a: Necrozma|84/100
|move|p2a: Necrozma|Morning Sun|p2a: Necrozma
|-heal|p2a: Necrozma|90/100
|
|upkeep
|turn|32
|
|t:|1621770494
|move|p1a: Necrozma|Earthquake|p2a: Necrozma
|-supereffective|p2a: Necrozma
|-damage|p2a: Necrozma|65/100
|move|p2a: Necrozma|Earthquake|p1a: Necrozma
|-supereffective|p1a: Necrozma
|-damage|p1a: Necrozma|55/100
|
|upkeep
|turn|33
|
|t:|1621770498
|move|p1a: Necrozma|Earthquake|p2a: Necrozma
|-supereffective|p2a: Necrozma
|-damage|p2a: Necrozma|36/100
|move|p2a: Necrozma|Earthquake|p1a: Necrozma
|-supereffective|p1a: Necrozma
|-damage|p1a: Necrozma|31/100
|
|upkeep
|turn|34
|
|t:|1621770502
|move|p1a: Necrozma|Moonlight|p1a: Necrozma
|-heal|p1a: Necrozma|81/100
|move|p2a: Necrozma|Morning Sun|p2a: Necrozma
|-heal|p2a: Necrozma|86/100
|
|upkeep
|turn|35
|
|t:|1621770508
|switch|p2a: Ho-Oh|Ho-Oh|100/100
|move|p1a: Necrozma|Earthquake|p2a: Ho-Oh
|-immune|p2a: Ho-Oh
|
|upkeep
|turn|36
|
|t:|1621770517
|switch|p1a: Ho-Oh|Ho-Oh|84/100
|-damage|p1a: Ho-Oh|34/100|[from] Stealth Rock
|move|p2a: Ho-Oh|Whirlwind|p1a: Ho-Oh
|drag|p1a: Eternatus|Eternatus|72/100 par
|-damage|p1a: Eternatus|60/100 par|[from] Stealth Rock
|-ability|p1a: Eternatus|Pressure
|
|upkeep
|turn|37
|
|t:|1621770525
|switch|p2a: Eternatus|Eternatus|100/100
|-damage|p2a: Eternatus|88/100|[from] Stealth Rock
|-ability|p2a: Eternatus|Pressure
|move|p1a: Eternatus|Toxic|p2a: Eternatus
|-immune|p2a: Eternatus
|
|-heal|p2a: Eternatus|94/100|[from] item: Black Sludge
|upkeep
|turn|38
|
|t:|1621770531
|move|p2a: Eternatus|Dynamax Cannon|p1a: Eternatus
|-supereffective|p1a: Eternatus
|-damage|p1a: Eternatus|0 fnt
|faint|p1a: Eternatus
|
|-heal|p2a: Eternatus|100/100|[from] item: Black Sludge
|upkeep
|
|t:|1621770533
|switch|p1a: Xerneas|Xerneas|100/100
|-damage|p1a: Xerneas|88/100|[from] Stealth Rock
|-ability|p1a: Xerneas|Fairy Aura
|turn|39
|
|t:|1621770536
|switch|p2a: Ho-Oh|Ho-Oh|100/100
|move|p1a: Xerneas|Geomancy||[still]
|-prepare|p1a: Xerneas|Geomancy
|-enditem|p1a: Xerneas|Power Herb
|-anim|p1a: Xerneas|Geomancy|p1a: Xerneas
|-boost|p1a: Xerneas|spa|2
|-boost|p1a: Xerneas|spd|2
|-boost|p1a: Xerneas|spe|2
|
|upkeep
|turn|40
|
|t:|1621770539
|move|p1a: Xerneas|Thunder|p2a: Ho-Oh|[miss]
|-miss|p1a: Xerneas|p2a: Ho-Oh
|move|p2a: Ho-Oh|Whirlwind|p1a: Xerneas
|drag|p1a: Ho-Oh|Ho-Oh|67/100
|-damage|p1a: Ho-Oh|17/100|[from] Stealth Rock
|
|upkeep
|turn|41
|
|t:|1621770545
|move|p1a: Ho-Oh|Thunder Wave|p2a: Ho-Oh
|-status|p2a: Ho-Oh|par
|move|p2a: Ho-Oh|Thunder Wave|p1a: Ho-Oh
|-status|p1a: Ho-Oh|par
|
|upkeep
|turn|42
|
|t:|1621770550
|move|p1a: Ho-Oh|Thunder Wave|p2a: Ho-Oh
|-fail|p2a: Ho-Oh|par
|move|p2a: Ho-Oh|Sacred Fire|p1a: Ho-Oh
|-resisted|p1a: Ho-Oh
|-damage|p1a: Ho-Oh|2/100 par
|
|upkeep
|turn|43
|
|t:|1621770554
|switch|p2a: Xerneas|Xerneas|90/100
|-damage|p2a: Xerneas|77/100|[from] Stealth Rock
|-ability|p2a: Xerneas|Fairy Aura
|move|p1a: Ho-Oh|Thunder Wave|p2a: Xerneas
|-status|p2a: Xerneas|par
|
|-heal|p2a: Xerneas|83/100 par|[from] item: Leftovers
|upkeep
|turn|44
|
|t:|1621770558
|switch|p1a: Xerneas|Xerneas|88/100
|-damage|p1a: Xerneas|76/100|[from] Stealth Rock
|-ability|p1a: Xerneas|Fairy Aura
|move|p2a: Xerneas|Aromatherapy|p2a: Xerneas
|-activate|p2a: Xerneas|move: Aromatherapy
|-curestatus|p2a: Xerneas|par|[msg]
|-curestatus|p2: Ho-Oh|par|[msg]
|
|-heal|p2a: Xerneas|90/100|[from] item: Leftovers
|upkeep
|turn|45
|
|t:|1621770562
|switch|p2a: Ho-Oh|Ho-Oh|100/100
|move|p1a: Xerneas|Thunder|p2a: Ho-Oh|[miss]
|-miss|p1a: Xerneas|p2a: Ho-Oh
|
|upkeep
|turn|46
|
|t:|1621770567
|move|p1a: Xerneas|Thunder|p2a: Ho-Oh
|-supereffective|p2a: Ho-Oh
|-damage|p2a: Ho-Oh|56/100
|move|p2a: Ho-Oh|Sacred Fire|p1a: Xerneas
|-damage|p1a: Xerneas|43/100
|
|upkeep
|turn|47
|
|t:|1621770572
|move|p1a: Xerneas|Thunder|p2a: Ho-Oh|[miss]
|-miss|p1a: Xerneas|p2a: Ho-Oh
|move|p2a: Ho-Oh|Sacred Fire|p1a: Xerneas|[miss]
|-miss|p2a: Ho-Oh|p1a: Xerneas
|
|upkeep
|turn|48
|
|t:|1621770575
|move|p1a: Xerneas|Thunder|p2a: Ho-Oh
|-supereffective|p2a: Ho-Oh
|-damage|p2a: Ho-Oh|10/100
|move|p2a: Ho-Oh|Whirlwind|p1a: Xerneas
|drag|p1a: Ho-Oh|Ho-Oh|35/100 par
|-damage|p1a: Ho-Oh|0 fnt|[from] Stealth Rock
|faint|p1a: Ho-Oh
|
|upkeep
|
|t:|1621770577
|switch|p1a: Marshadow|Marshadow|100/100
|-damage|p1a: Marshadow|94/100|[from] Stealth Rock
|turn|49
|
|t:|1621770584
|switch|p2a: Eternatus|Eternatus|100/100
|-damage|p2a: Eternatus|88/100|[from] Stealth Rock
|-ability|p2a: Eternatus|Pressure
|move|p1a: Marshadow|Bulk Up|p1a: Marshadow
|-boost|p1a: Marshadow|atk|1
|-boost|p1a: Marshadow|def|1
|
|-heal|p2a: Eternatus|94/100|[from] item: Black Sludge
|upkeep
|turn|50
|
|t:|1621770587
|move|p1a: Marshadow|Poltergeist|p2a: Eternatus
|-activate|p2a: Eternatus|move: Poltergeist|Black Sludge
|-damage|p2a: Eternatus|11/100
|-damage|p1a: Marshadow|84/100|[from] item: Life Orb
|move|p2a: Eternatus|Toxic|p1a: Marshadow
|-status|p1a: Marshadow|tox
|
|-heal|p2a: Eternatus|17/100|[from] item: Black Sludge
|-damage|p1a: Marshadow|78/100 tox|[from] psn
|upkeep
|turn|51
|
|t:|1621770594
|move|p1a: Marshadow|Close Combat|p2a: Eternatus
|-resisted|p2a: Eternatus
|-damage|p2a: Eternatus|0 fnt
|-unboost|p1a: Marshadow|def|1
|-unboost|p1a: Marshadow|spd|1
|faint|p2a: Eternatus
|-damage|p1a: Marshadow|68/100 tox|[from] item: Life Orb
|
|-damage|p1a: Marshadow|56/100 tox|[from] psn
|upkeep
|j| Maxomega
|
|t:|1621770604
|switch|p2a: Yveltal|Yveltal|94/100
|-ability|p2a: Yveltal|Dark Aura
|turn|52
|
|t:|1621770639
|switch|p2a: Necrozma|Necrozma-Dusk-Mane|86/100
|-damage|p2a: Necrozma|80/100|[from] Stealth Rock
|move|p1a: Marshadow|Close Combat|p2a: Necrozma
|-damage|p2a: Necrozma|13/100
|-unboost|p1a: Marshadow|def|1
|-unboost|p1a: Marshadow|spd|1
|-damage|p1a: Marshadow|39/100 tox|[from] item: Rocky Helmet|[of] p2a: Necrozma
|-damage|p1a: Marshadow|29/100 tox|[from] item: Life Orb
|
|-damage|p1a: Marshadow|10/100 tox|[from] psn
|upkeep
|turn|53
|-message|ULTBG7V Trade forfeited.
|
|win|I Crit My Panties
|raw|ULTBG7V Trade's rating: 1591 &rarr; <strong>1570</strong><br />(-21 for losing)
|raw|I Crit My Panties's rating: 1565 &rarr; <strong>1586</strong><br />(+21 for winning)
|l|☆ULTBG7V Trade
|l|☆I Crit My Panties
|l| Maxomega
