|j|☆Nael222
|j|☆motistrat
|t:|1664035233
|gametype|singles
|player|p1|Nael222|170|
|player|p2|motistrat|n|
|teamsize|p1|6
|teamsize|p2|6
|gen|8
|tier|[Gen 8] Ubers
|rule|Sleep Clause Mod: Limit one foe put to sleep
|rule|Species Clause: Limit one of each Pokémon
|rule|OHKO Clause: OHKO moves are banned
|rule|Evasion Items Clause: Evasion items are banned
|rule|Evasion Moves Clause: Evasion moves are banned
|rule|Endless Battle Clause: Forcing endless battles is banned
|rule|HP Percentage Mod: HP is shown in percentages
|rule|Dynamax Clause: You cannot dynamax
|clearpoke
|poke|p1|Slurpuff, F|
|poke|p1|Calyrex-Shadow|
|poke|p1|Xerneas-*|
|poke|p1|Eternatus|
|poke|p1|Yveltal|
|poke|p1|Necrozma-Dusk-Mane|
|poke|p2|Necrozma-Dusk-Mane|
|poke|p2|Porygon2|
|poke|p2|Melmetal|
|poke|p2|Dracovish|
|poke|p2|Calyrex-Shadow|
|poke|p2|Hatterene, F|
|teampreview
|c|☆motistrat|gl hf
|c|☆Nael222|vous rendez fou à jouer TR pile quand j'HO
|c|☆motistrat|mdr
|j| Banal paradis ☆〜ゝ。
|c|☆Nael222|calyrex shadow par contre :paz:
|
|t:|1664035306
|start
|switch|p1a: Yveltal|Yveltal|100/100
|switch|p2a: Hatterene|Hatterene, F|100/100
|-ability|p1a: Yveltal|Dark Aura
|turn|1
|
|t:|1664035312
|move|p1a: Yveltal|Dark Pulse|p2a: Hatterene
|-damage|p2a: Hatterene|39/100
|move|p2a: Hatterene|Trick Room|p2a: Hatterene
|-fieldstart|move: Trick Room|[of] p2a: Hatterene
|
|upkeep
|turn|2
|j| TGtz8920
|j| Acura RL
|
|t:|1664035321
|switch|p1a: Eternatus|Eternatus|100/100
|-ability|p1a: Eternatus|Pressure
|move|p2a: Hatterene|Healing Wish|p2a: Hatterene
|faint|p2a: Hatterene
|
|upkeep
|j| Remi25
|
|t:|1664035332
|switch|p2a: Melmetal|Melmetal|100/100
|turn|3
|
|t:|1664035358
|switch|p1a: Necrozma|Necrozma-Dusk-Mane|100/100
|move|p2a: Melmetal|Double Iron Bash|p1a: Necrozma
|-resisted|p1a: Necrozma
|-damage|p1a: Necrozma|73/100
|-resisted|p1a: Necrozma
|-damage|p1a: Necrozma|45/100
|-hitcount|p1a: Necrozma|2
|
|upkeep
|turn|4
|
|t:|1664035370
|move|p2a: Melmetal|Double Iron Bash|p1a: Necrozma
|-resisted|p1a: Necrozma
|-damage|p1a: Necrozma|15/100
|-resisted|p1a: Necrozma
|-damage|p1a: Necrozma|0 fnt
|faint|p1a: Necrozma
|-hitcount|p1: Necrozma|2
|
|upkeep
|
|t:|1664035376
|switch|p1a: Slurpuff|Slurpuff, F|100/100
|turn|5
|
|t:|1664035381
|move|p2a: Melmetal|Double Iron Bash|p1a: Slurpuff
|-supereffective|p1a: Slurpuff
|-enditem|p1a: Slurpuff|Focus Sash
|-damage|p1a: Slurpuff|1/100
|-supereffective|p1a: Slurpuff
|-damage|p1a: Slurpuff|0 fnt
|faint|p1a: Slurpuff
|-hitcount|p1: Slurpuff|2
|
|-fieldend|move: Trick Room
|upkeep
|
|t:|1664035390
|switch|p1a: Eternatus|Eternatus|100/100
|-ability|p1a: Eternatus|Pressure
|turn|6
|j| Jeza.p
|
|t:|1664035398
|switch|p2a: Calyrex|Calyrex-Shadow|100/100
|-ability|p2a: Calyrex|As One
|-ability|p2a: Calyrex|Unnerve
|move|p1a: Eternatus|Flamethrower|p2a: Calyrex
|-damage|p2a: Calyrex|63/100
|-status|p2a: Calyrex|brn
|
|-damage|p2a: Calyrex|57/100 brn|[from] brn
|upkeep
|turn|7
|c| Remi25|Motistrat qui joue Melmetal ???
|
|t:|1664035408
|move|p2a: Calyrex|Astral Barrage|p1a: Eternatus
|-damage|p1a: Eternatus|11/100
|move|p1a: Eternatus|Meteor Beam||[still]
|-prepare|p1a: Eternatus|Meteor Beam
|-boost|p1a: Eternatus|spa|1
|-enditem|p1a: Eternatus|Power Herb
|-anim|p1a: Eternatus|Meteor Beam|p2a: Calyrex
|-damage|p2a: Calyrex|0 fnt
|faint|p2a: Calyrex
|
|upkeep
|
|t:|1664035419
|switch|p2a: Necrozma|Necrozma-Dusk-Mane|100/100
|turn|8
|
|t:|1664035429
|move|p1a: Eternatus|Dynamax Cannon|p2a: Necrozma
|-resisted|p2a: Necrozma
|-damage|p2a: Necrozma|65/100
|move|p2a: Necrozma|Trick Room|p2a: Necrozma
|-fieldstart|move: Trick Room|[of] p2a: Necrozma
|
|upkeep
|turn|9
|
|t:|1664035457
|switch|p1a: Yveltal|Yveltal|100/100
|-ability|p1a: Yveltal|Dark Aura
|move|p2a: Necrozma|Stealth Rock|p1a: Yveltal
|-sidestart|p1: Nael222|move: Stealth Rock
|
|upkeep
|turn|10
|
|t:|1664035467
|switch|p1a: Eternatus|Eternatus|11/100
|-damage|p1a: Eternatus|0 fnt|[from] Stealth Rock
|faint|p1a: Eternatus
|move|p2a: Necrozma|Sunsteel Strike|p1: Eternatus|[notarget]
|-fail|p2a: Necrozma
|
|upkeep
|
|t:|1664035478
|switch|p1a: Xerneas|Xerneas|100/100
|-damage|p1a: Xerneas|88/100|[from] Stealth Rock
|-ability|p1a: Xerneas|Fairy Aura
|turn|11
|
|t:|1664035482
|move|p2a: Necrozma|Sunsteel Strike|p1a: Xerneas
|-supereffective|p1a: Xerneas
|-damage|p1a: Xerneas|0 fnt
|faint|p1a: Xerneas
|
|upkeep
|
|t:|1664035486
|switch|p1a: Yveltal|Yveltal|100/100
|-damage|p1a: Yveltal|76/100|[from] Stealth Rock
|-ability|p1a: Yveltal|Dark Aura
|turn|12
|j| Nowelle
|
|t:|1664035494
|move|p2a: Necrozma|Sunsteel Strike|p1a: Yveltal
|-damage|p1a: Yveltal|16/100
|move|p1a: Yveltal|Snarl|p2a: Necrozma
|-supereffective|p2a: Necrozma
|-damage|p2a: Necrozma|21/100
|-unboost|p2a: Necrozma|spa|1
|-enditem|p2a: Necrozma|Weakness Policy
|-boost|p2a: Necrozma|atk|2|[from] item: Weakness Policy
|-boost|p2a: Necrozma|spa|2|[from] item: Weakness Policy
|-enditem|p1a: Yveltal|Throat Spray
|-boost|p1a: Yveltal|spa|1|[from] item: Throat Spray
|
|-fieldend|move: Trick Room
|upkeep
|turn|13
|
|t:|1664035534
|move|p1a: Yveltal|Oblivion Wing|p2a: Necrozma
|-resisted|p2a: Necrozma
|-damage|p2a: Necrozma|0 fnt
|-heal|p1a: Yveltal|32/100|[from] drain|[of] p2a: Necrozma
|faint|p2a: Necrozma
|
|upkeep
|
|t:|1664035539
|switch|p2a: Porygon2|Porygon2|100/100
|-ability|p2a: Porygon2|Download|boost
|-boost|p2a: Porygon2|atk|1
|turn|14
|
|t:|1664035542
|move|p1a: Yveltal|Taunt|p2a: Porygon2
|-start|p2a: Porygon2|move: Taunt
|cant|p2a: Porygon2|move: Taunt|Trick Room
|
|upkeep
|turn|15
|
|t:|1664035548
|switch|p2a: Dracovish|Dracovish|100/100
|move|p1a: Yveltal|Oblivion Wing|p2a: Dracovish
|-damage|p2a: Dracovish|31/100
|-heal|p1a: Yveltal|83/100|[from] drain|[of] p2a: Dracovish
|
|upkeep
|turn|16
|
|t:|1664035550
|move|p1a: Yveltal|Oblivion Wing|p2a: Dracovish
|-damage|p2a: Dracovish|0 fnt
|-heal|p1a: Yveltal|100/100|[from] drain|[of] p2a: Dracovish
|faint|p2a: Dracovish
|
|upkeep
|
|t:|1664035552
|switch|p2a: Melmetal|Melmetal|100/100
|turn|17
|
|t:|1664035555
|move|p1a: Yveltal|Dark Pulse|p2a: Melmetal
|-damage|p2a: Melmetal|21/100
|move|p2a: Melmetal|Double Iron Bash|p1a: Yveltal
|-damage|p1a: Yveltal|38/100
|-damage|p1a: Yveltal|0 fnt
|faint|p1a: Yveltal
|-hitcount|p1: Yveltal|2
|
|upkeep
|c| Remi25|Alors peut-être ?
|j| Mirageuuuuh
|
|t:|1664035560
|switch|p1a: Calyrex|Calyrex-Shadow|100/100
|-ability|p1a: Calyrex|As One
|-ability|p1a: Calyrex|Unnerve
|-damage|p1a: Calyrex|88/100|[from] Stealth Rock
|turn|18
|
|t:|1664035565
|move|p1a: Calyrex|Astral Barrage|p2a: Melmetal
|-damage|p2a: Melmetal|0 fnt
|faint|p2a: Melmetal
|-ability|p1a: Calyrex|Grim Neigh|boost
|-boost|p1a: Calyrex|spa|1
|
|upkeep
|
|t:|1664035567
|switch|p2a: Porygon2|Porygon2|100/100
|-ability|p2a: Porygon2|Download|boost
|-boost|p2a: Porygon2|atk|1
|turn|19
|
|t:|1664035569
|move|p1a: Calyrex|Draining Kiss|p2a: Porygon2
|-damage|p2a: Porygon2|83/100
|-heal|p1a: Calyrex|100/100|[from] drain|[of] p2a: Porygon2
|move|p2a: Porygon2|Foul Play|p1a: Calyrex
|-supereffective|p1a: Calyrex
|-damage|p1a: Calyrex|32/100
|
|upkeep
|turn|20
|c|☆Nael222|le monde est méchant
|
|t:|1664035578
|move|p1a: Calyrex|Draining Kiss|p2a: Porygon2
|-damage|p2a: Porygon2|65/100
|-heal|p1a: Calyrex|47/100|[from] drain|[of] p2a: Porygon2
|move|p2a: Porygon2|Foul Play|p1a: Calyrex
|-supereffective|p1a: Calyrex
|-damage|p1a: Calyrex|0 fnt
|faint|p1a: Calyrex
|
|win|motistrat
|c|☆motistrat|mdr
|l| Banal paradis ☆〜ゝ。
|l| Mirageuuuuh
