|j|☆D hapiness
|j|☆Trade
|player|p1|D hapiness|benga|1812
|player|p2|Trade|1|1663
|teamsize|p1|6
|teamsize|p2|6
|gametype|singles
|gen|8
|tier|[Gen 8] Ubers
|rated|
|clearpoke
|poke|p1|Lunala|
|poke|p1|Eternatus|
|poke|p1|Umbreon, M|
|poke|p1|Zacian-Crowned|
|poke|p1|Dracovish|
|poke|p1|Quagsire, F|
|poke|p2|Charizard, M|
|poke|p2|Torkoal, F|
|poke|p2|Eternatus|
|poke|p2|Zacian-Crowned|
|poke|p2|Darmanitan-Galar, M|
|poke|p2|Necrozma-Dusk-Mane|
|rule|Sleep Clause Mod: Limit one foe put to sleep
|rule|Species Clause: Limit one of each Pokémon
|rule|OHKO Clause: OHKO moves are banned
|rule|Evasion Moves Clause: Evasion moves are banned
|rule|Endless Battle Clause: Forcing endless battles is banned
|rule|HP Percentage Mod: HP is shown in percentages
|html|Ubers Dynamax Clause: Pokémon on the <a href="https://www.smogon.com/dex/ss/formats/uber/">Ubers Dynamax Banlist</a> cannot Dynamax.
|teampreview
|j| Rusty blue
|
|start
|switch|p1a: Eternatus|Eternatus|100/100
|switch|p2a: Eternatus|Eternatus|100/100
|-ability|p1a: Eternatus|Pressure
|-ability|p2a: Eternatus|Pressure
|turn|1
|
|switch|p1a: Zacian|Zacian-Crowned|100/100
|-ability|p1a: Zacian|Intrepid Sword|boost
|-boost|p1a: Zacian|atk|1
|move|p2a: Eternatus|Dynamax Cannon|p1a: Zacian
|-immune|p1a: Zacian
|
|upkeep
|turn|2
|
|move|p1a: Zacian|Psychic Fangs|p2a: Eternatus
|-supereffective|p2a: Eternatus
|-damage|p2a: Eternatus|18/100
|move|p2a: Eternatus|Flamethrower|p1a: Zacian
|-supereffective|p1a: Zacian
|-damage|p1a: Zacian|25/100
|-damage|p2a: Eternatus|8/100|[from] item: Life Orb
|
|upkeep
|turn|3
|
|switch|p2a: Torkoal|Torkoal, F|100/100
|-weather|SunnyDay|[from] ability: Drought|[of] p2a: Torkoal
|move|p1a: Zacian|Crunch|p2a: Torkoal
|-damage|p2a: Torkoal|71/100
|
|-weather|SunnyDay|[upkeep]
|upkeep
|turn|4
|
|switch|p1a: Eternatus|Eternatus|100/100
|-ability|p1a: Eternatus|Pressure
|move|p2a: Torkoal|Stealth Rock|p1a: Eternatus
|-sidestart|p1: D hapiness|move: Stealth Rock
|
|-weather|SunnyDay|[upkeep]
|upkeep
|turn|5
|
|switch|p2a: Eternatus|Eternatus|8/100
|-ability|p2a: Eternatus|Pressure
|move|p1a: Eternatus|Substitute|p1a: Eternatus
|-start|p1a: Eternatus|Substitute
|-damage|p1a: Eternatus|76/100
|
|-weather|SunnyDay|[upkeep]
|upkeep
|turn|6
|
|move|p1a: Eternatus|Flamethrower|p2a: Eternatus
|-resisted|p2a: Eternatus
|-damage|p2a: Eternatus|0 fnt
|-damage|p1a: Eternatus|66/100|[from] item: Life Orb
|faint|p2a: Eternatus
|
|-weather|SunnyDay|[upkeep]
|upkeep
|
|switch|p2a: Zacian|Zacian-Crowned|100/100
|-ability|p2a: Zacian|Intrepid Sword|boost
|-boost|p2a: Zacian|atk|1
|turn|7
|
|move|p2a: Zacian|Behemoth Blade|p1a: Eternatus
|-end|p1a: Eternatus|Substitute
|move|p1a: Eternatus|Flamethrower|p2a: Zacian
|-supereffective|p2a: Zacian
|-damage|p2a: Zacian|0 fnt
|-damage|p1a: Eternatus|56/100|[from] item: Life Orb
|faint|p2a: Zacian
|
|-weather|none
|upkeep
|
|switch|p2a: Darmanitan|Darmanitan-Galar, M|100/100
|turn|8
|
|switch|p1a: Quagsire|Quagsire, F|100/100
|-damage|p1a: Quagsire|94/100|[from] Stealth Rock
|move|p2a: Darmanitan|Icicle Crash|p1a: Quagsire
|-damage|p1a: Quagsire|44/100
|
|-heal|p1a: Quagsire|50/100|[from] item: Leftovers
|upkeep
|turn|9
|
|move|p1a: Quagsire|Protect|p1a: Quagsire
|-singleturn|p1a: Quagsire|Protect
|move|p2a: Darmanitan|Icicle Crash|p1a: Quagsire
|-activate|p1a: Quagsire|move: Protect
|
|-heal|p1a: Quagsire|56/100|[from] item: Leftovers
|upkeep
|turn|10
|
|move|p2a: Darmanitan|Icicle Crash|p1a: Quagsire
|-damage|p1a: Quagsire|11/100
|move|p1a: Quagsire|Recover|p1a: Quagsire
|-heal|p1a: Quagsire|61/100
|
|-heal|p1a: Quagsire|67/100|[from] item: Leftovers
|upkeep
|turn|11
|
|switch|p2a: Charizard|Charizard, M|100/100
|move|p1a: Quagsire|Protect||[still]
|-fail|p1a: Quagsire
|
|-heal|p1a: Quagsire|73/100|[from] item: Leftovers
|upkeep
|turn|12
|
|switch|p1a: Umbreon|Umbreon, M|100/100
|-damage|p1a: Umbreon|88/100|[from] Stealth Rock
|move|p2a: Charizard|Hurricane|p1a: Umbreon
|-damage|p1a: Umbreon|62/100
|
|-heal|p1a: Umbreon|68/100|[from] item: Leftovers
|upkeep
|turn|13
|
|switch|p2a: Darmanitan|Darmanitan-Galar, M|100/100
|move|p1a: Umbreon|Wish|p1a: Umbreon
|
|-heal|p1a: Umbreon|74/100|[from] item: Leftovers
|upkeep
|turn|14
|
|move|p1a: Umbreon|Protect|p1a: Umbreon
|-singleturn|p1a: Umbreon|Protect
|move|p2a: Darmanitan|U-turn|p1a: Umbreon
|-activate|p1a: Umbreon|move: Protect
|
|-heal|p1a: Umbreon|100/100|[from] move: Wish|[wisher] Umbreon
|upkeep
|turn|15
|
|switch|p1a: Eternatus|Eternatus|56/100
|-damage|p1a: Eternatus|43/100|[from] Stealth Rock
|-ability|p1a: Eternatus|Pressure
|move|p2a: Darmanitan|U-turn|p1a: Eternatus
|-resisted|p1a: Eternatus
|-damage|p1a: Eternatus|26/100
|
|switch|p2a: Necrozma|Necrozma-Dusk-Mane|100/100|[from]move: U-turn
|
|upkeep
|turn|16
|
|switch|p1a: Zacian|Zacian-Crowned|25/100
|-damage|p1a: Zacian|19/100|[from] Stealth Rock
|-ability|p1a: Zacian|Intrepid Sword|boost
|-boost|p1a: Zacian|atk|1
|move|p2a: Necrozma|Trick Room|p2a: Necrozma
|-fieldstart|move: Trick Room|[of] p2a: Necrozma
|
|upkeep
|turn|17
|
|move|p2a: Necrozma|Earthquake|p1a: Zacian
|-supereffective|p1a: Zacian
|-crit|p1a: Zacian
|-damage|p1a: Zacian|0 fnt
|faint|p1a: Zacian
|
|upkeep
|
|switch|p1a: Umbreon|Umbreon, M|100/100
|-damage|p1a: Umbreon|88/100|[from] Stealth Rock
|turn|18
|
|move|p1a: Umbreon|Wish|p1a: Umbreon
|move|p2a: Necrozma|Sunsteel Strike|p1a: Umbreon
|-damage|p1a: Umbreon|36/100
|
|-heal|p1a: Umbreon|42/100|[from] item: Leftovers
|upkeep
|turn|19
|
|switch|p2a: Torkoal|Torkoal, F|71/100
|-weather|SunnyDay|[from] ability: Drought|[of] p2a: Torkoal
|move|p1a: Umbreon|Protect||[still]
|-fail|p1a: Umbreon
|
|-weather|SunnyDay|[upkeep]
|-heal|p1a: Umbreon|92/100|[from] move: Wish|[wisher] Umbreon
|-heal|p1a: Umbreon|98/100|[from] item: Leftovers
|upkeep
|turn|20
|
|move|p2a: Torkoal|Body Press|p1a: Umbreon
|-supereffective|p1a: Umbreon
|-damage|p1a: Umbreon|47/100
|move|p1a: Umbreon|Baton Pass|p1a: Umbreon
|
|switch|p1a: Eternatus|Eternatus|26/100|[from]move: Baton Pass
|-damage|p1a: Eternatus|14/100|[from] Stealth Rock
|-ability|p1a: Eternatus|Pressure
|
|-weather|SunnyDay|[upkeep]
|-fieldend|move: Trick Room
|upkeep
|turn|21
|
|move|p1a: Eternatus|Recover|p1a: Eternatus
|-heal|p1a: Eternatus|64/100
|move|p2a: Torkoal|Lava Plume|p1a: Eternatus
|-resisted|p1a: Eternatus
|-damage|p1a: Eternatus|48/100
|
|-weather|SunnyDay|[upkeep]
|upkeep
|turn|22
|
|move|p1a: Eternatus|Substitute|p1a: Eternatus
|-start|p1a: Eternatus|Substitute
|-damage|p1a: Eternatus|23/100
|move|p2a: Torkoal|Lava Plume|p1a: Eternatus
|-resisted|p1a: Eternatus
|-activate|p1a: Eternatus|move: Substitute|[damage]
|
|-weather|SunnyDay|[upkeep]
|upkeep
|turn|23
|
|move|p1a: Eternatus|Recover|p1a: Eternatus
|-heal|p1a: Eternatus|73/100
|move|p2a: Torkoal|Lava Plume|p1a: Eternatus
|-resisted|p1a: Eternatus
|-end|p1a: Eternatus|Substitute
|
|-weather|none
|upkeep
|turn|24
|
|switch|p2a: Necrozma|Necrozma-Dusk-Mane|100/100
|move|p1a: Eternatus|Substitute|p1a: Eternatus
|-start|p1a: Eternatus|Substitute
|-damage|p1a: Eternatus|48/100
|
|upkeep
|turn|25
|
|move|p1a: Eternatus|Flamethrower|p2a: Necrozma
|-supereffective|p2a: Necrozma
|-damage|p2a: Necrozma|44/100
|-enditem|p2a: Necrozma|Weakness Policy
|-boost|p2a: Necrozma|atk|2|[from] item: Weakness Policy
|-boost|p2a: Necrozma|spa|2|[from] item: Weakness Policy
|-damage|p1a: Eternatus|38/100|[from] item: Life Orb
|move|p2a: Necrozma|Earthquake|p1a: Eternatus
|-supereffective|p1a: Eternatus
|-end|p1a: Eternatus|Substitute
|
|upkeep
|turn|26
|
|move|p1a: Eternatus|Flamethrower|p2a: Necrozma
|-supereffective|p2a: Necrozma
|-damage|p2a: Necrozma|0 fnt
|-damage|p1a: Eternatus|28/100|[from] item: Life Orb
|faint|p2a: Necrozma
|
|upkeep
|
|switch|p2a: Darmanitan|Darmanitan-Galar, M|100/100
|turn|27
|
|switch|p1a: Quagsire|Quagsire, F|73/100
|-damage|p1a: Quagsire|67/100|[from] Stealth Rock
|move|p2a: Darmanitan|Icicle Crash|p1a: Quagsire
|-damage|p1a: Quagsire|21/100
|
|-heal|p1a: Quagsire|27/100|[from] item: Leftovers
|upkeep
|turn|28
|
|move|p2a: Darmanitan|Icicle Crash|p1a: Quagsire
|-damage|p1a: Quagsire|0 fnt
|faint|p1a: Quagsire
|
|upkeep
|
|switch|p1a: Dracovish|Dracovish|100/100
|-damage|p1a: Dracovish|88/100|[from] Stealth Rock
|turn|29
|
|-start|p1a: Dracovish|Dynamax
|-heal|p1a: Dracovish|88/100|[silent]
|move|p2a: Darmanitan|Icicle Crash|p1a: Dracovish
|-damage|p1a: Dracovish|51/100
|move|p1a: Dracovish|Max Geyser|p2a: Darmanitan
|-damage|p2a: Darmanitan|9/100
|-weather|RainDance
|
|-weather|RainDance|[upkeep]
|upkeep
|turn|30
|
|switch|p2a: Torkoal|Torkoal, F|71/100
|-weather|SunnyDay|[from] ability: Drought|[of] p2a: Torkoal
|move|p1a: Dracovish|Max Geyser|p2a: Torkoal
|-supereffective|p2a: Torkoal
|-damage|p2a: Torkoal|39/100
|-weather|RainDance
|
|-weather|RainDance|[upkeep]
|upkeep
|turn|31
|
|move|p1a: Dracovish|Max Geyser|p2a: Torkoal
|-supereffective|p2a: Torkoal
|-damage|p2a: Torkoal|0 fnt
|faint|p2a: Torkoal
|
|-weather|RainDance|[upkeep]
|-end|p1a: Dracovish|Dynamax
|-heal|p1a: Dracovish|51/100|[silent]
|upkeep
|
|switch|p2a: Darmanitan|Darmanitan-Galar, M|9/100
|turn|32
|
|move|p2a: Darmanitan|Icicle Crash|p1a: Dracovish
|-damage|p1a: Dracovish|0 fnt
|faint|p1a: Dracovish
|
|-weather|RainDance|[upkeep]
|upkeep
|
|switch|p1a: Lunala|Lunala|100/100
|turn|33
|
|move|p2a: Darmanitan|Icicle Crash|p1a: Lunala
|-damage|p1a: Lunala|71/100
|cant|p1a: Lunala|flinch
|
|-weather|RainDance|[upkeep]
|upkeep
|turn|34
|
|move|p2a: Darmanitan|Icicle Crash|p1a: Lunala
|-damage|p1a: Lunala|16/100
|move|p1a: Lunala|Moongeist Beam|p2a: Darmanitan
|-damage|p2a: Darmanitan|0 fnt
|faint|p2a: Darmanitan
|
|-weather|none
|upkeep
|
|switch|p2a: Charizard|Charizard, M|100/100
|turn|35
|
|-start|p2a: Charizard|Dynamax
|-heal|p2a: Charizard|100/100|[silent]
|move|p2a: Charizard|Max Airstream|p1a: Lunala
|-damage|p1a: Lunala|0 fnt
|-boost|p2a: Charizard|spe|1
|faint|p1a: Lunala
|
|upkeep
|
|switch|p1a: Eternatus|Eternatus|28/100
|-damage|p1a: Eternatus|16/100|[from] Stealth Rock
|-ability|p1a: Eternatus|Pressure
|turn|36
|
|move|p2a: Charizard|Max Flare|p1a: Eternatus
|-resisted|p1a: Eternatus
|-damage|p1a: Eternatus|0 fnt
|-weather|SunnyDay
|faint|p1a: Eternatus
|
|-weather|SunnyDay|[upkeep]
|-damage|p2a: Charizard|94/100|[from] ability: Solar Power|[of] p2a: Charizard
|upkeep
|
|switch|p1a: Umbreon|Umbreon, M|47/100
|-damage|p1a: Umbreon|35/100|[from] Stealth Rock
|turn|37
|
|move|p1a: Umbreon|Protect|p1a: Umbreon
|-singleturn|p1a: Umbreon|Protect
|move|p2a: Charizard|Max Flare|p1a: Umbreon
|-zbroken|p1a: Umbreon
|-damage|p1a: Umbreon|16/100
|
|-weather|SunnyDay|[upkeep]
|-damage|p2a: Charizard|88/100|[from] ability: Solar Power|[of] p2a: Charizard
|-heal|p1a: Umbreon|22/100|[from] item: Leftovers
|-end|p2a: Charizard|Dynamax
|-heal|p2a: Charizard|88/100|[silent]
|upkeep
|turn|38
|
|move|p2a: Charizard|Flamethrower|p1a: Umbreon
|-damage|p1a: Umbreon|0 fnt
|faint|p1a: Umbreon
|
|win|Trade
|raw|D hapiness's rating: 1812 &rarr; <strong>1784</strong><br />(-28 for losing)
|raw|Trade's rating: 1663 &rarr; <strong>1691</strong><br />(+28 for winning)
|c|☆D hapiness|gg!
|l|☆D hapiness
|c|☆Trade|gg
