|raw|<div class="broadcast-blue"><strong>This battle is required to be public due to a player having a name starting with 'ULT8RQ'.</div>
|j|☆Research Club
|j|☆ULT8RQ iceman
|t:|1620830674
|gametype|singles
|player|p1|Research Club|unknownf|1541
|player|p2|ULT8RQ iceman|266|1641
|teamsize|p1|6
|teamsize|p2|6
|gen|8
|tier|[Gen 8] Ubers
|rated|
|rule|Sleep Clause Mod: Limit one foe put to sleep
|rule|Species Clause: Limit one of each Pokémon
|rule|OHKO Clause: OHKO moves are banned
|rule|Evasion Moves Clause: Evasion moves are banned
|rule|Endless Battle Clause: Forcing endless battles is banned
|rule|HP Percentage Mod: HP is shown in percentages
|rule|Dynamax Clause: You cannot dynamax
|clearpoke
|poke|p1|Swirlix, M|
|poke|p1|Mesprit|
|poke|p1|Crawdaunt, M|
|poke|p1|Zekrom|
|poke|p1|Groudon|
|poke|p1|Necrozma-Dusk-Mane|
|poke|p2|Shuckle, M|
|poke|p2|Eternatus|
|poke|p2|Calyrex-Shadow|
|poke|p2|Yveltal|
|poke|p2|Regieleki|
|poke|p2|Necrozma-Dusk-Mane|
|teampreview
|c|☆ULT8RQ iceman|Hf
|j| ULT8RQ Tanner
|
|t:|1620830703
|start
|switch|p1a: Swirlix|Swirlix, M|100/100
|switch|p2a: Shuckle|Shuckle, M|100/100
|turn|1
|j| ULT8RQ bilelfam
|j| Mega Zygarde-100%
|inactive|Battle timer is ON: inactive players will automatically lose when time's up. (requested by Research Club)
|
|t:|1620830729
|move|p1a: Swirlix|Magic Coat|p1a: Swirlix
|-singleturn|p1a: Swirlix|move: Magic Coat
|move|p2a: Shuckle|Encore|p1a: Swirlix
|move|p1a: Swirlix|Encore||[from]Magic Coat|[still]
|-fail|p1a: Swirlix
|
|upkeep
|turn|2
|
|t:|1620830737
|move|p1a: Swirlix|Magic Coat|p1a: Swirlix
|-singleturn|p1a: Swirlix|move: Magic Coat
|move|p2a: Shuckle|Sticky Web|p1a: Swirlix
|move|p1a: Swirlix|Sticky Web|p2a: Shuckle|[from]Magic Coat
|-sidestart|p2: ULT8RQ iceman|move: Sticky Web
|
|upkeep
|turn|3
|
|t:|1620830742
|move|p1a: Swirlix|Yawn|p2a: Shuckle
|-start|p2a: Shuckle|move: Yawn|[of] p1a: Swirlix
|move|p2a: Shuckle|Sticky Web|p1a: Swirlix
|-sidestart|p1: Research Club|move: Sticky Web
|
|upkeep
|turn|4
|
|t:|1620830748
|move|p1a: Swirlix|Magic Coat|p1a: Swirlix
|-singleturn|p1a: Swirlix|move: Magic Coat
|move|p2a: Shuckle|Final Gambit|p1a: Swirlix
|-enditem|p1a: Swirlix|Focus Sash
|-damage|p1a: Swirlix|1/100
|faint|p2a: Shuckle
|
|upkeep
|
|t:|1620830753
|switch|p2a: Regieleki|Regieleki|100/100
|-activate|p2a: Regieleki|move: Sticky Web
|-unboost|p2a: Regieleki|spe|1
|turn|5
|j| ULT8RQ Quintuplets
|
|t:|1620830756
|move|p1a: Swirlix|Misty Explosion|p2a: Regieleki
|-damage|p2a: Regieleki|34/100
|faint|p1a: Swirlix
|move|p2a: Regieleki|Rapid Spin|p1: Swirlix|[notarget]
|-fail|p2a: Regieleki
|
|upkeep
|inactive|Research Club has 120 seconds left.
|
|t:|1620830794
|switch|p1a: Crawdaunt|Crawdaunt, M|100/100
|-activate|p1a: Crawdaunt|move: Sticky Web
|-unboost|p1a: Crawdaunt|spe|1
|turn|6
|
|t:|1620830816
|switch|p2a: Yveltal|Yveltal|100/100
|-ability|p2a: Yveltal|Dark Aura
|move|p1a: Crawdaunt|Aqua Jet|p2a: Yveltal
|-damage|p2a: Yveltal|76/100
|
|upkeep
|turn|7
|-activate|p1a: Crawdaunt|item: Quick Claw
|
|t:|1620830823
|move|p1a: Crawdaunt|Crabhammer|p2a: Yveltal
|-crit|p2a: Yveltal
|-damage|p2a: Yveltal|0 fnt
|faint|p2a: Yveltal
|
|upkeep
|c|☆Research Club|LOL
|c|☆ULT8RQ iceman|Fuck
|
|t:|1620830838
|switch|p2a: Eternatus|Eternatus|100/100
|-activate|p2a: Eternatus|move: Sticky Web
|-unboost|p2a: Eternatus|spe|1
|-ability|p2a: Eternatus|Pressure
|turn|8
|
|t:|1620830844
|switch|p1a: Mesprit|Mesprit|100/100
|move|p2a: Eternatus|Meteor Beam||[still]
|-prepare|p2a: Eternatus|Meteor Beam
|-boost|p2a: Eternatus|spa|1
|-enditem|p2a: Eternatus|Power Herb
|-anim|p2a: Eternatus|Meteor Beam|p1a: Mesprit
|-damage|p1a: Mesprit|33/100
|
|upkeep
|turn|9
|l| Mega Zygarde-100%
|
|t:|1620830856
|move|p1a: Mesprit|Healing Wish|p1a: Mesprit
|faint|p1a: Mesprit
|move|p2a: Eternatus|Sludge Bomb|p1: Mesprit|[notarget]
|-fail|p2a: Eternatus
|
|upkeep
|
|t:|1620830870
|switch|p1a: Necrozma|Necrozma-Dusk-Mane|100/100
|-activate|p1a: Necrozma|move: Sticky Web
|-unboost|p1a: Necrozma|spe|1
|turn|10
|
|t:|1620830874
|move|p2a: Eternatus|Flamethrower|p1a: Necrozma
|-supereffective|p1a: Necrozma
|-damage|p1a: Necrozma|24/100
|move|p1a: Necrozma|Dragon Dance|p1a: Necrozma
|-boost|p1a: Necrozma|atk|1
|-boost|p1a: Necrozma|spe|1
|
|-heal|p1a: Necrozma|30/100|[from] item: Leftovers
|upkeep
|turn|11
|
|t:|1620830881
|move|p1a: Necrozma|Earthquake|p2a: Eternatus
|-supereffective|p2a: Eternatus
|-damage|p2a: Eternatus|0 fnt
|faint|p2a: Eternatus
|
|-heal|p1a: Necrozma|36/100|[from] item: Leftovers
|upkeep
|
|t:|1620830885
|switch|p2a: Regieleki|Regieleki|34/100
|-activate|p2a: Regieleki|move: Sticky Web
|-unboost|p2a: Regieleki|spe|1
|turn|12
|
|t:|1620830887
|move|p2a: Regieleki|Rapid Spin|p1a: Necrozma
|-resisted|p1a: Necrozma
|-damage|p1a: Necrozma|27/100
|-boost|p2a: Regieleki|spe|1
|-sideend|p2: ULT8RQ iceman|Sticky Web|[from] move: Rapid Spin|[of] p2a: Regieleki
|-damage|p2a: Regieleki|24/100|[from] item: Life Orb
|move|p1a: Necrozma|Dragon Dance|p1a: Necrozma
|-boost|p1a: Necrozma|atk|1
|-boost|p1a: Necrozma|spe|1
|
|-heal|p1a: Necrozma|33/100|[from] item: Leftovers
|upkeep
|turn|13
|j| Mega Zygarde-100%
|
|t:|1620830898
|move|p2a: Regieleki|Explosion|p1a: Necrozma
|-resisted|p1a: Necrozma
|-damage|p1a: Necrozma|0 fnt
|faint|p2a: Regieleki
|faint|p1a: Necrozma
|
|upkeep
|
|t:|1620830907
|switch|p2a: Calyrex|Calyrex-Shadow|100/100
|switch|p1a: Crawdaunt|Crawdaunt, M|100/100
|-ability|p2a: Calyrex|As One
|-ability|p2a: Calyrex|Unnerve
|-activate|p1a: Crawdaunt|move: Sticky Web
|-unboost|p1a: Crawdaunt|spe|1
|turn|14
|
|t:|1620830911
|move|p2a: Calyrex|Draining Kiss|p1a: Crawdaunt
|-supereffective|p1a: Crawdaunt
|-damage|p1a: Crawdaunt|13/100
|move|p1a: Crawdaunt|Knock Off|p2a: Calyrex
|-supereffective|p2a: Calyrex
|-enditem|p2a: Calyrex|Focus Sash
|-damage|p2a: Calyrex|1/100
|
|upkeep
|turn|15
|
|t:|1620830919
|switch|p2a: Necrozma|Necrozma-Dusk-Mane|100/100
|move|p1a: Crawdaunt|Aqua Jet|p2a: Necrozma
|-damage|p2a: Necrozma|79/100
|
|upkeep
|turn|16
|
|t:|1620830927
|switch|p1a: Groudon|Groudon|100/100
|-activate|p1a: Groudon|move: Sticky Web
|-unboost|p1a: Groudon|spe|1
|-weather|SunnyDay|[from] ability: Drought|[of] p1a: Groudon
|move|p2a: Necrozma|Sunsteel Strike|p1a: Groudon
|-damage|p1a: Groudon|38/100
|-damage|p2a: Necrozma|69/100|[from] item: Life Orb
|
|-weather|SunnyDay|[upkeep]
|upkeep
|turn|17
|
|t:|1620830931
|move|p2a: Necrozma|Sunsteel Strike|p1a: Groudon
|-damage|p1a: Groudon|0 fnt
|faint|p1a: Groudon
|-damage|p2a: Necrozma|59/100|[from] item: Life Orb
|
|-weather|SunnyDay|[upkeep]
|upkeep
|
|t:|1620830933
|switch|p1a: Zekrom|Zekrom|100/100
|-activate|p1a: Zekrom|move: Sticky Web
|-unboost|p1a: Zekrom|spe|1
|-ability|p1a: Zekrom|Teravolt
|turn|18
|
|t:|1620830941
|move|p2a: Necrozma|Earthquake|p1a: Zekrom
|-supereffective|p1a: Zekrom
|-damage|p1a: Zekrom|0 fnt
|faint|p1a: Zekrom
|-damage|p2a: Necrozma|49/100|[from] item: Life Orb
|
|-weather|SunnyDay|[upkeep]
|upkeep
|
|t:|1620830944
|switch|p1a: Crawdaunt|Crawdaunt, M|13/100
|-heal|p1a: Crawdaunt|100/100|[from] move: Healing Wish
|-activate|p1a: Crawdaunt|move: Sticky Web
|-unboost|p1a: Crawdaunt|spe|1
|turn|19
|l| ULT8RQ Tanner
|
|t:|1620830949
|move|p2a: Necrozma|Earthquake|p1a: Crawdaunt
|-damage|p1a: Crawdaunt|24/100
|-damage|p2a: Necrozma|39/100|[from] item: Life Orb
|move|p1a: Crawdaunt|Knock Off|p2a: Necrozma
|-supereffective|p2a: Necrozma
|-damage|p2a: Necrozma|0 fnt
|-enditem|p2a: Necrozma|Life Orb|[from] move: Knock Off|[of] p1a: Crawdaunt
|faint|p2a: Necrozma
|
|-weather|SunnyDay|[upkeep]
|upkeep
|c|☆Research Club|hope it doesnt die
|c|☆Research Club|bruh
|j| ULT8RQ Tanner
|c|☆ULT8RQ iceman|This is so unfai
|c|☆ULT8RQ iceman|R
|c|☆Research Club|it won
|-message|ULT8RQ iceman forfeited.
|
|win|Research Club
|raw|Research Club's rating: 1541 &rarr; <strong>1567</strong><br />(+26 for winning)
|raw|ULT8RQ iceman's rating: 1641 &rarr; <strong>1615</strong><br />(-26 for losing)
|c|☆Research Club|lol
|l|☆ULT8RQ iceman
|c| Mega Zygarde-100%|LMAO wtd
|c| Mega Zygarde-100%|Wtf
|c|☆Research Club|LMFAO
|c| Mega Zygarde-100%|Crawdaunt
|c|☆Research Club|IT WON
|c|☆Research Club|???????
|c| Mega Zygarde-100%|HOlly shit
|l| Mega Zygarde-100%
|l| ULT8RQ Quintuplets
||Ladder isn't responding, score probably updated but might not have (Request timeout).
