|j|☆Hosm190
|j|☆TheGrassToucher
|t:|1662165889
|gametype|singles
|player|p1|Hosm190|hiker-gen4|1200
|player|p2|TheGrassToucher|pokemaniac|1379
|teamsize|p1|6
|teamsize|p2|6
|gen|8
|tier|[Gen 8] Ubers
|rated|
|rule|Sleep Clause Mod: Limit one foe put to sleep
|rule|Species Clause: Limit one of each Pokémon
|rule|OHKO Clause: OHKO moves are banned
|rule|Evasion Items Clause: Evasion items are banned
|rule|Evasion Moves Clause: Evasion moves are banned
|rule|Endless Battle Clause: Forcing endless battles is banned
|rule|HP Percentage Mod: HP is shown in percentages
|rule|Dynamax Clause: You cannot dynamax
|clearpoke
|poke|p1|Darmanitan-Galar, F|
|poke|p1|Galvantula, M|
|poke|p1|Tyrantrum, M|
|poke|p1|Chandelure, M|
|poke|p1|Celesteela|
|poke|p1|Whimsicott, F|
|poke|p2|Groudon|
|poke|p2|Eternatus|
|poke|p2|Lugia|
|poke|p2|Yveltal|
|poke|p2|Zamazenta-*|
|poke|p2|Necrozma-Dusk-Mane|
|teampreview
|inactive|Battle timer is ON: inactive players will automatically lose when time's up. (requested by TheGrassToucher)
|
|t:|1662165899
|start
|switch|p1a: Darmanitan|Darmanitan-Galar, F|100/100
|switch|p2a: Groudon|Groudon|100/100
|-weather|SunnyDay|[from] ability: Drought|[of] p2a: Groudon
|turn|1
|
|t:|1662165905
|move|p1a: Darmanitan|Icicle Crash|p2a: Groudon
|-supereffective|p2a: Groudon
|-crit|p2a: Groudon
|-damage|p2a: Groudon|0 fnt
|faint|p2a: Groudon
|
|-weather|SunnyDay|[upkeep]
|upkeep
|
|t:|1662165910
|switch|p2a: Necrozma|Necrozma-Dusk-Mane|100/100
|turn|2
|
|t:|1662165914
|switch|p1a: Celesteela|Celesteela|100/100
|move|p2a: Necrozma|Dragon Dance|p2a: Necrozma
|-boost|p2a: Necrozma|atk|1
|-boost|p2a: Necrozma|spe|1
|
|-weather|SunnyDay|[upkeep]
|upkeep
|turn|3
|
|t:|1662165920
|move|p2a: Necrozma|Dragon Dance|p2a: Necrozma
|-boost|p2a: Necrozma|atk|1
|-boost|p2a: Necrozma|spe|1
|move|p1a: Celesteela|Leech Seed|p2a: Necrozma
|-start|p2a: Necrozma|move: Leech Seed
|
|-weather|SunnyDay|[upkeep]
|-damage|p2a: Necrozma|88/100|[from] Leech Seed|[of] p1a: Celesteela
|upkeep
|turn|4
|
|t:|1662165927
|switch|p1a: Whimsicott|Whimsicott, F|100/100
|move|p2a: Necrozma|Stone Edge|p1a: Whimsicott|[miss]
|-miss|p2a: Necrozma|p1a: Whimsicott
|
|-weather|SunnyDay|[upkeep]
|-damage|p2a: Necrozma|76/100|[from] Leech Seed|[of] p1a: Whimsicott
|upkeep
|turn|5
|
|t:|1662165938
|move|p1a: Whimsicott|Stun Spore|p2a: Necrozma
|-status|p2a: Necrozma|par
|move|p2a: Necrozma|Sunsteel Strike|p1a: Whimsicott
|-supereffective|p1a: Whimsicott
|-damage|p1a: Whimsicott|0 fnt
|faint|p1a: Whimsicott
|
|-weather|none
|upkeep
|
|t:|1662165949
|switch|p1a: Darmanitan|Darmanitan-Galar, F|100/100
|turn|6
|
|t:|1662165953
|switch|p2a: Eternatus|Eternatus|100/100
|-ability|p2a: Eternatus|Pressure
|move|p1a: Darmanitan|Flare Blitz|p2a: Eternatus
|-resisted|p2a: Eternatus
|-damage|p2a: Eternatus|63/100
|-damage|p1a: Darmanitan|84/100|[from] Recoil
|
|-heal|p2a: Eternatus|69/100|[from] item: Black Sludge
|upkeep
|turn|7
|
|t:|1662165964
|switch|p1a: Chandelure|Chandelure, M|100/100
|move|p2a: Eternatus|Mystical Fire|p1a: Chandelure
|-start|p1a: Chandelure|ability: Flash Fire
|
|-heal|p2a: Eternatus|75/100|[from] item: Black Sludge
|upkeep
|turn|8
|
|t:|1662165971
|move|p2a: Eternatus|Toxic|p1a: Chandelure
|-status|p1a: Chandelure|tox
|move|p1a: Chandelure|Flamethrower|p2a: Eternatus
|-resisted|p2a: Eternatus
|-damage|p2a: Eternatus|39/100
|
|-heal|p2a: Eternatus|46/100|[from] item: Black Sludge
|-damage|p1a: Chandelure|94/100 tox|[from] psn
|upkeep
|turn|9
|
|t:|1662165979
|-end|p1a: Chandelure|ability: Flash Fire|[silent]
|switch|p1a: Tyrantrum|Tyrantrum, M|100/100
|move|p2a: Eternatus|Recover|p2a: Eternatus
|-heal|p2a: Eternatus|96/100
|
|-heal|p2a: Eternatus|100/100|[from] item: Black Sludge
|upkeep
|turn|10
|
|t:|1662165986
|move|p1a: Tyrantrum|Outrage|p2a: Eternatus
|-supereffective|p2a: Eternatus
|-damage|p2a: Eternatus|0 fnt
|faint|p2a: Eternatus
|
|upkeep
|
|t:|1662165992
|switch|p2a: Zamazenta|Zamazenta-Crowned|100/100
|-ability|p2a: Zamazenta|Dauntless Shield|boost
|-boost|p2a: Zamazenta|def|1
|turn|11
|
|t:|1662165996
|move|p1a: Tyrantrum|Outrage|p2a: Zamazenta|[from]lockedmove
|-resisted|p2a: Zamazenta
|-damage|p2a: Zamazenta|87/100
|-start|p1a: Tyrantrum|confusion|[fatigue]
|move|p2a: Zamazenta|Behemoth Bash|p1a: Tyrantrum
|-supereffective|p1a: Tyrantrum
|-damage|p1a: Tyrantrum|14/100
|
|upkeep
|turn|12
|
|t:|1662166006
|switch|p1a: Chandelure|Chandelure, M|94/100 tox
|move|p2a: Zamazenta|Close Combat|p1a: Chandelure
|-immune|p1a: Chandelure
|
|-damage|p1a: Chandelure|88/100 tox|[from] psn
|upkeep
|turn|13
|
|t:|1662166015
|switch|p2a: Yveltal|Yveltal|100/100
|-ability|p2a: Yveltal|Dark Aura
|move|p1a: Chandelure|Flamethrower|p2a: Yveltal
|-damage|p2a: Yveltal|39/100
|
|-damage|p1a: Chandelure|76/100 tox|[from] psn
|upkeep
|turn|14
|
|t:|1662166025
|switch|p1a: Celesteela|Celesteela|100/100
|move|p2a: Yveltal|Sucker Punch||[still]
|-fail|p2a: Yveltal
|
|upkeep
|turn|15
|
|t:|1662166030
|move|p2a: Yveltal|Knock Off|p1a: Celesteela
|-damage|p1a: Celesteela|48/100
|-damage|p2a: Yveltal|22/100|[from] item: Rocky Helmet|[of] p1a: Celesteela
|-enditem|p1a: Celesteela|Rocky Helmet|[from] move: Knock Off|[of] p2a: Yveltal
|move|p1a: Celesteela|Leech Seed|p2a: Yveltal
|-start|p2a: Yveltal|move: Leech Seed
|
|-damage|p2a: Yveltal|10/100|[from] Leech Seed|[of] p1a: Celesteela
|-heal|p1a: Celesteela|61/100|[silent]
|upkeep
|turn|16
|
|t:|1662166041
|move|p2a: Yveltal|Roost|p2a: Yveltal
|-heal|p2a: Yveltal|60/100
|-singleturn|p2a: Yveltal|move: Roost
|move|p1a: Celesteela|Toxic|p2a: Yveltal
|-status|p2a: Yveltal|tox
|
|-damage|p2a: Yveltal|47/100 tox|[from] Leech Seed|[of] p1a: Celesteela
|-heal|p1a: Celesteela|73/100|[silent]
|-damage|p2a: Yveltal|41/100 tox|[from] psn
|upkeep
|turn|17
|
|t:|1662166050
|switch|p2a: Lugia|Lugia|100/100
|move|p1a: Celesteela|Protect||[still]
|-fail|p1a: Celesteela
|
|upkeep
|turn|18
|
|t:|1662166055
|move|p2a: Lugia|Thunder Wave|p1a: Celesteela
|-status|p1a: Celesteela|par
|move|p1a: Celesteela|Toxic|p2a: Lugia
|-status|p2a: Lugia|tox
|
|-damage|p2a: Lugia|94/100 tox|[from] psn
|upkeep
|turn|19
|
|t:|1662166062
|switch|p2a: Necrozma|Necrozma-Dusk-Mane|76/100 par
|cant|p1a: Celesteela|par
|
|upkeep
|turn|20
|
|t:|1662166066
|move|p2a: Necrozma|Dragon Dance|p2a: Necrozma
|-boost|p2a: Necrozma|atk|1
|-boost|p2a: Necrozma|spe|1
|move|p1a: Celesteela|Leech Seed|p2a: Necrozma
|-start|p2a: Necrozma|move: Leech Seed
|
|-damage|p2a: Necrozma|63/100 par|[from] Leech Seed|[of] p1a: Celesteela
|-heal|p1a: Celesteela|84/100 par|[silent]
|upkeep
|turn|21
|
|t:|1662166074
|move|p2a: Necrozma|Dragon Dance|p2a: Necrozma
|-boost|p2a: Necrozma|atk|1
|-boost|p2a: Necrozma|spe|1
|cant|p1a: Celesteela|par
|
|-damage|p2a: Necrozma|51/100 par|[from] Leech Seed|[of] p1a: Celesteela
|-heal|p1a: Celesteela|95/100 par|[silent]
|upkeep
|turn|22
|
|t:|1662166087
|switch|p1a: Galvantula|Galvantula, M|100/100
|move|p2a: Necrozma|Stone Edge|p1a: Galvantula|[miss]
|-miss|p2a: Necrozma|p1a: Galvantula
|
|-damage|p2a: Necrozma|39/100 par|[from] Leech Seed|[of] p1a: Galvantula
|upkeep
|turn|23
|
|t:|1662166098
|move|p1a: Galvantula|Volt Switch|p2a: Necrozma
|-damage|p2a: Necrozma|18/100 par
|
|t:|1662166102
|switch|p1a: Celesteela|Celesteela|95/100 par|[from]move: Volt Switch
|move|p2a: Necrozma|Earthquake|p1a: Celesteela
|-immune|p1a: Celesteela
|
|-damage|p2a: Necrozma|6/100 par|[from] Leech Seed|[of] p1a: Celesteela
|-heal|p1a: Celesteela|100/100 par|[silent]
|upkeep
|turn|24
|
|t:|1662166109
|move|p1a: Celesteela|Protect|p1a: Celesteela
|-singleturn|p1a: Celesteela|Protect
|move|p2a: Necrozma|Stone Edge|p1a: Celesteela
|-activate|p1a: Celesteela|move: Protect
|
|-damage|p2a: Necrozma|0 fnt|[from] Leech Seed|[of] p1a: Celesteela
|faint|p2a: Necrozma
|upkeep
|-message|TheGrassToucher forfeited.
|
|win|Hosm190
|raw|Hosm190's rating: 1200 &rarr; <strong>1237</strong><br />(+37 for winning)
|raw|TheGrassToucher's rating: 1379 &rarr; <strong>1350</strong><br />(-29 for losing)
|l|☆TheGrassToucher
