|j|☆mala☆huju@!
|j|☆TheGrassToucher
|t:|1664686921
|gametype|singles
|player|p1|mala☆huju|lance|1342
|player|p2|TheGrassToucher|pokemaniac|1419
|teamsize|p1|6
|teamsize|p2|6
|gen|8
|tier|[Gen 8] Ubers
|rated|
|rule|Sleep Clause Mod: Limit one foe put to sleep
|rule|Species Clause: Limit one of each Pokémon
|rule|OHKO Clause: OHKO moves are banned
|rule|Evasion Items Clause: Evasion items are banned
|rule|Evasion Moves Clause: Evasion moves are banned
|rule|Endless Battle Clause: Forcing endless battles is banned
|rule|HP Percentage Mod: HP is shown in percentages
|rule|Dynamax Clause: You cannot dynamax
|clearpoke
|poke|p1|Kyogre|
|poke|p1|Groudon|
|poke|p1|Ho-Oh|
|poke|p1|Marshadow|
|poke|p1|Eternatus|
|poke|p1|Yveltal|
|poke|p2|Zekrom|
|poke|p2|Necrozma-Dusk-Mane|
|poke|p2|Xerneas-*|
|poke|p2|Yveltal|
|poke|p2|Blissey, F|
|poke|p2|Groudon|
|teampreview
|inactive|Battle timer is ON: inactive players will automatically lose when time's up. (requested by TheGrassToucher)
|c|☆mala☆huju|hf
|c|☆TheGrassToucher|u2
|inactive|mala☆huju has 120 seconds left.
|inactive|TheGrassToucher has 120 seconds left.
|
|t:|1664686971
|start
|switch|p1a: Groudon|Groudon|100/100
|switch|p2a: Groudon|Groudon|100/100
|-weather|SunnyDay|[from] ability: Drought|[of] p1a: Groudon
|turn|1
|
|t:|1664686990
|move|p2a: Groudon|Stealth Rock|p1a: Groudon
|-sidestart|p1: mala☆huju|move: Stealth Rock
|move|p1a: Groudon|Bulk Up|p1a: Groudon
|-boost|p1a: Groudon|atk|1
|-boost|p1a: Groudon|def|1
|
|-weather|SunnyDay|[upkeep]
|upkeep
|turn|2
|inactive|mala☆huju has 120 seconds left.
|
|t:|1664687030
|move|p2a: Groudon|Precipice Blades|p1a: Groudon
|-damage|p1a: Groudon|81/100
|move|p1a: Groudon|Stealth Rock|p2a: Groudon
|-sidestart|p2: TheGrassToucher|move: Stealth Rock
|
|-weather|SunnyDay|[upkeep]
|-heal|p1a: Groudon|87/100|[from] item: Leftovers
|upkeep
|turn|3
|
|t:|1664687035
|move|p2a: Groudon|Precipice Blades|p1a: Groudon
|-damage|p1a: Groudon|68/100
|move|p1a: Groudon|Bulk Up|p1a: Groudon
|-boost|p1a: Groudon|atk|1
|-boost|p1a: Groudon|def|1
|
|-weather|SunnyDay|[upkeep]
|-heal|p1a: Groudon|74/100|[from] item: Leftovers
|upkeep
|turn|4
|
|t:|1664687042
|switch|p2a: Xerneas|Xerneas|100/100
|-ability|p2a: Xerneas|Fairy Aura
|move|p1a: Groudon|Precipice Blades|p2a: Xerneas
|-crit|p2a: Xerneas
|-damage|p2a: Xerneas|4/100
|
|-weather|SunnyDay|[upkeep]
|-heal|p1a: Groudon|80/100|[from] item: Leftovers
|upkeep
|turn|5
|
|t:|1664687048
|move|p2a: Xerneas|Moonblast|p1a: Groudon
|-damage|p1a: Groudon|34/100
|move|p1a: Groudon|Precipice Blades|p2a: Xerneas|[miss]
|-miss|p1a: Groudon|p2a: Xerneas
|
|-weather|none
|-heal|p1a: Groudon|40/100|[from] item: Leftovers
|upkeep
|turn|6
|
|t:|1664687054
|move|p2a: Xerneas|Moonblast|p1a: Groudon
|-damage|p1a: Groudon|0 fnt
|faint|p1a: Groudon
|
|upkeep
|
|t:|1664687058
|switch|p1a: Marshadow|Marshadow|100/100
|-damage|p1a: Marshadow|94/100|[from] Stealth Rock
|turn|7
|
|t:|1664687062
|switch|p2a: Groudon|Groudon|100/100
|-damage|p2a: Groudon|94/100|[from] Stealth Rock
|-weather|SunnyDay|[from] ability: Drought|[of] p2a: Groudon
|move|p1a: Marshadow|Shadow Sneak|p2a: Groudon
|-damage|p2a: Groudon|75/100
|-damage|p1a: Marshadow|84/100|[from] item: Life Orb
|
|-weather|SunnyDay|[upkeep]
|-heal|p2a: Groudon|81/100|[from] item: Leftovers
|upkeep
|turn|8
|
|t:|1664687067
|move|p1a: Marshadow|Low Kick|p2a: Groudon
|-damage|p2a: Groudon|39/100
|-damage|p1a: Marshadow|74/100|[from] item: Life Orb
|move|p2a: Groudon|Thunder Wave|p1a: Marshadow
|-status|p1a: Marshadow|par
|
|-weather|SunnyDay|[upkeep]
|-heal|p2a: Groudon|45/100|[from] item: Leftovers
|upkeep
|turn|9
|
|t:|1664687072
|move|p2a: Groudon|Precipice Blades|p1a: Marshadow
|-damage|p1a: Marshadow|0 fnt
|faint|p1a: Marshadow
|
|-weather|SunnyDay|[upkeep]
|-heal|p2a: Groudon|51/100|[from] item: Leftovers
|upkeep
|
|t:|1664687079
|switch|p1a: Yveltal|Yveltal|100/100
|-damage|p1a: Yveltal|76/100|[from] Stealth Rock
|-ability|p1a: Yveltal|Dark Aura
|turn|10
|
|t:|1664687085
|move|p1a: Yveltal|Knock Off|p2a: Groudon
|-damage|p2a: Groudon|16/100
|-enditem|p2a: Groudon|Leftovers|[from] move: Knock Off|[of] p1a: Yveltal
|move|p2a: Groudon|Thunder Wave|p1a: Yveltal
|-status|p1a: Yveltal|par
|
|-weather|SunnyDay|[upkeep]
|upkeep
|turn|11
|j| No Nice Names Left
|
|t:|1664687089
|cant|p1a: Yveltal|par
|move|p2a: Groudon|Stone Edge|p1a: Yveltal
|-supereffective|p1a: Yveltal
|-damage|p1a: Yveltal|18/100 par
|
|-weather|none
|upkeep
|turn|12
|
|t:|1664687094
|move|p1a: Yveltal|Sucker Punch|p2a: Groudon
|-damage|p2a: Groudon|0 fnt
|faint|p2a: Groudon
|
|upkeep
|
|t:|1664687096
|switch|p2a: Zekrom|Zekrom|100/100
|-damage|p2a: Zekrom|88/100|[from] Stealth Rock
|-ability|p2a: Zekrom|Teravolt
|turn|13
|
|t:|1664687100
|move|p2a: Zekrom|Dragon Dance|p2a: Zekrom
|-boost|p2a: Zekrom|atk|1
|-boost|p2a: Zekrom|spe|1
|move|p1a: Yveltal|Knock Off|p2a: Zekrom
|-damage|p2a: Zekrom|24/100
|-enditem|p2a: Zekrom|Life Orb|[from] move: Knock Off|[of] p1a: Yveltal
|
|upkeep
|turn|14
|
|t:|1664687106
|move|p1a: Yveltal|Sucker Punch||[still]
|-fail|p1a: Yveltal
|move|p2a: Zekrom|Roost|p2a: Zekrom
|-heal|p2a: Zekrom|74/100
|-singleturn|p2a: Zekrom|move: Roost
|
|upkeep
|turn|15
|
|t:|1664687110
|cant|p1a: Yveltal|par
|move|p2a: Zekrom|Roost|p2a: Zekrom
|-heal|p2a: Zekrom|100/100
|-singleturn|p2a: Zekrom|move: Roost
|
|upkeep
|turn|16
|
|t:|1664687116
|move|p2a: Zekrom|Dragon Dance|p2a: Zekrom
|-boost|p2a: Zekrom|atk|1
|-boost|p2a: Zekrom|spe|1
|move|p1a: Yveltal|Knock Off|p2a: Zekrom
|-damage|p2a: Zekrom|52/100
|
|upkeep
|turn|17
|
|t:|1664687120
|move|p1a: Yveltal|Sucker Punch||[still]
|-fail|p1a: Yveltal
|move|p2a: Zekrom|Roost|p2a: Zekrom
|-heal|p2a: Zekrom|100/100
|-singleturn|p2a: Zekrom|move: Roost
|
|upkeep
|turn|18
|
|t:|1664687124
|move|p2a: Zekrom|Dragon Dance|p2a: Zekrom
|-boost|p2a: Zekrom|atk|1
|-boost|p2a: Zekrom|spe|1
|move|p1a: Yveltal|Taunt|p2a: Zekrom
|-start|p2a: Zekrom|move: Taunt
|
|upkeep
|turn|19
|
|t:|1664687127
|cant|p1a: Yveltal|par
|move|p2a: Zekrom|Dragon Claw|p1a: Yveltal
|-damage|p1a: Yveltal|0 fnt
|faint|p1a: Yveltal
|
|upkeep
|
|t:|1664687129
|switch|p1a: Ho-Oh|Ho-Oh|100/100
|turn|20
|
|t:|1664687132
|move|p2a: Zekrom|Bolt Strike|p1a: Ho-Oh|[miss]
|-miss|p2a: Zekrom|p1a: Ho-Oh
|move|p1a: Ho-Oh|Whirlwind|p2a: Zekrom
|drag|p2a: Xerneas|Xerneas|4/100
|-ability|p2a: Xerneas|Fairy Aura
|
|upkeep
|turn|21
|
|t:|1664687138
|move|p2a: Xerneas|Rest|p2a: Xerneas
|-status|p2a: Xerneas|slp|[from] move: Rest
|-heal|p2a: Xerneas|100/100 slp|[silent]
|move|p1a: Ho-Oh|Sacred Fire|p2a: Xerneas
|-damage|p2a: Xerneas|76/100 slp
|
|upkeep
|turn|22
|
|t:|1664687147
|cant|p2a: Xerneas|slp
|move|p2a: Xerneas|Sleep Talk|p2a: Xerneas
|move|p2a: Xerneas|Moonblast|p1a: Ho-Oh|[from]move: Sleep Talk
|-resisted|p1a: Ho-Oh
|-damage|p1a: Ho-Oh|85/100
|-unboost|p1a: Ho-Oh|spa|1
|move|p1a: Ho-Oh|Whirlwind|p2a: Xerneas
|drag|p2a: Necrozma|Necrozma-Dusk-Mane|100/100
|-damage|p2a: Necrozma|94/100|[from] Stealth Rock
|
|-heal|p2a: Necrozma|100/100|[from] item: Leftovers
|upkeep
|turn|23
|
|t:|1664687156
|move|p2a: Necrozma|Knock Off|p1a: Ho-Oh
|-damage|p1a: Ho-Oh|62/100
|-enditem|p1a: Ho-Oh|Heavy-Duty Boots|[from] move: Knock Off|[of] p2a: Necrozma
|move|p1a: Ho-Oh|Thunder Wave|p2a: Necrozma
|-status|p2a: Necrozma|par
|
|upkeep
|turn|24
|
|t:|1664687164
|switch|p2a: Zekrom|Zekrom|100/100
|-damage|p2a: Zekrom|88/100|[from] Stealth Rock
|-ability|p2a: Zekrom|Teravolt
|move|p1a: Ho-Oh|Sacred Fire|p2a: Zekrom
|-resisted|p2a: Zekrom
|-damage|p2a: Zekrom|69/100
|-status|p2a: Zekrom|brn
|
|-damage|p2a: Zekrom|63/100 brn|[from] brn
|upkeep
|turn|25
|
|t:|1664687169
|move|p2a: Zekrom|Bolt Strike|p1a: Ho-Oh
|-supereffective|p1a: Ho-Oh
|-damage|p1a: Ho-Oh|13/100
|move|p1a: Ho-Oh|Whirlwind|p2a: Zekrom
|drag|p2a: Yveltal|Yveltal|100/100
|-damage|p2a: Yveltal|76/100|[from] Stealth Rock
|-ability|p2a: Yveltal|Dark Aura
|
|upkeep
|turn|26
|
|t:|1664687173
|switch|p1a: Eternatus|Eternatus|100/100
|-ability|p1a: Eternatus|Pressure
|move|p2a: Yveltal|Oblivion Wing|p1a: Eternatus
|-crit|p1a: Eternatus
|-damage|p1a: Eternatus|67/100
|-heal|p2a: Yveltal|100/100|[from] drain|[of] p1a: Eternatus
|
|upkeep
|turn|27
|
|t:|1664687177
|move|p2a: Yveltal|Oblivion Wing|p1a: Eternatus
|-damage|p1a: Eternatus|46/100
|move|p1a: Eternatus|Toxic|p2a: Yveltal
|-status|p2a: Yveltal|tox
|
|-damage|p2a: Yveltal|94/100 tox|[from] psn
|upkeep
|turn|28
|
|t:|1664687182
|switch|p2a: Blissey|Blissey, F|100/100
|-damage|p2a: Blissey|88/100|[from] Stealth Rock
|move|p1a: Eternatus|Recover|p1a: Eternatus
|-heal|p1a: Eternatus|96/100
|
|upkeep
|turn|29
|
|t:|1664687186
|switch|p1a: Ho-Oh|Ho-Oh|46/100
|-damage|p1a: Ho-Oh|0 fnt|[from] Stealth Rock
|faint|p1a: Ho-Oh
|move|p2a: Blissey|Aromatherapy|p2a: Blissey
|-activate|p2a: Blissey|move: Aromatherapy
|-curestatus|p2: Xerneas|slp|[msg]
|-curestatus|p2: Necrozma|par|[msg]
|-curestatus|p2: Zekrom|brn|[msg]
|-curestatus|p2: Yveltal|tox|[msg]
|
|upkeep
|
|t:|1664687190
|switch|p1a: Kyogre|Kyogre|100/100
|-damage|p1a: Kyogre|88/100|[from] Stealth Rock
|-weather|RainDance|[from] ability: Drizzle|[of] p1a: Kyogre
|turn|30
|
|t:|1664687194
|move|p1a: Kyogre|Substitute|p1a: Kyogre
|-start|p1a: Kyogre|Substitute
|-damage|p1a: Kyogre|63/100
|move|p2a: Blissey|Confide|p1a: Kyogre
|-unboost|p1a: Kyogre|spa|1
|
|-weather|RainDance|[upkeep]
|-heal|p1a: Kyogre|69/100|[from] item: Leftovers
|upkeep
|turn|31
|-message|mala☆huju forfeited.
|
|win|TheGrassToucher
|raw|mala☆huju's rating: 1342 &rarr; <strong>1326</strong><br />(-16 for losing)
|raw|TheGrassToucher's rating: 1419 &rarr; <strong>1435</strong><br />(+16 for winning)
|l|☆mala☆huju
|l|☆TheGrassToucher
|c| No Nice Names Left|nice Blissey!
