|j|☆killer whale squa
|j|☆Pkmn3443
|t:|1621021817
|gametype|singles
|player|p1|killer whale squa|dawn-gen4pt|1446
|player|p2|Pkmn3443|169|1489
|teamsize|p1|6
|teamsize|p2|6
|gen|8
|tier|[Gen 8] Ubers
|rated|
|rule|Sleep Clause Mod: Limit one foe put to sleep
|rule|Species Clause: Limit one of each Pokémon
|rule|OHKO Clause: OHKO moves are banned
|rule|Evasion Moves Clause: Evasion moves are banned
|rule|Endless Battle Clause: Forcing endless battles is banned
|rule|HP Percentage Mod: HP is shown in percentages
|rule|Dynamax Clause: You cannot dynamax
|clearpoke
|poke|p1|Necrozma-Dusk-Mane|
|poke|p1|Calyrex-Shadow|
|poke|p1|Yveltal|
|poke|p1|Eternatus|
|poke|p1|Zygarde|
|poke|p1|Xerneas-*|
|poke|p2|Zacian-*|
|poke|p2|Necrozma-Dusk-Mane|
|poke|p2|Ditto|
|poke|p2|Kyogre|
|poke|p2|Eternatus|
|poke|p2|Yveltal|
|teampreview
|
|t:|1621021832
|start
|switch|p1a: Eternatus|Eternatus|100/100
|switch|p2a: Eternatus|Eternatus|100/100
|-ability|p1a: Eternatus|Pressure
|-ability|p2a: Eternatus|Pressure
|turn|1
|
|t:|1621021840
|switch|p1a: Yveltal|Yveltal|100/100
|-ability|p1a: Yveltal|Dark Aura
|move|p2a: Eternatus|Mystical Fire|p1a: Yveltal
|-damage|p1a: Yveltal|88/100
|-unboost|p1a: Yveltal|spa|1
|
|upkeep
|turn|2
|
|t:|1621021849
|move|p2a: Eternatus|Toxic|p1a: Yveltal
|-status|p1a: Yveltal|tox
|move|p1a: Yveltal|Knock Off|p2a: Eternatus
|-damage|p2a: Eternatus|59/100
|-enditem|p2a: Eternatus|Black Sludge|[from] move: Knock Off|[of] p1a: Yveltal
|
|-damage|p1a: Yveltal|81/100 tox|[from] psn
|upkeep
|turn|3
|
|t:|1621021855
|move|p2a: Eternatus|Recover|p2a: Eternatus
|-heal|p2a: Eternatus|100/100
|move|p1a: Yveltal|Taunt|p2a: Eternatus
|-start|p2a: Eternatus|move: Taunt
|
|-damage|p1a: Yveltal|69/100 tox|[from] psn
|upkeep
|turn|4
|
|t:|1621021865
|move|p2a: Eternatus|Mystical Fire|p1a: Yveltal
|-damage|p1a: Yveltal|56/100 tox
|-unboost|p1a: Yveltal|spa|1
|move|p1a: Yveltal|Knock Off|p2a: Eternatus
|-damage|p2a: Eternatus|74/100
|
|-damage|p1a: Yveltal|38/100 tox|[from] psn
|upkeep
|turn|5
|
|t:|1621021871
|move|p2a: Eternatus|Mystical Fire|p1a: Yveltal
|-crit|p1a: Yveltal
|-damage|p1a: Yveltal|18/100 tox
|-unboost|p1a: Yveltal|spa|1
|move|p1a: Yveltal|Roost|p1a: Yveltal
|-heal|p1a: Yveltal|68/100 tox
|-singleturn|p1a: Yveltal|move: Roost
|
|-damage|p1a: Yveltal|44/100 tox|[from] psn
|upkeep
|turn|6
|
|t:|1621021877
|move|p2a: Eternatus|Mystical Fire|p1a: Yveltal
|-damage|p1a: Yveltal|31/100 tox
|-unboost|p1a: Yveltal|spa|1
|move|p1a: Yveltal|Roost|p1a: Yveltal
|-heal|p1a: Yveltal|82/100 tox
|-singleturn|p1a: Yveltal|move: Roost
|
|-damage|p1a: Yveltal|51/100 tox|[from] psn
|-end|p2a: Eternatus|move: Taunt
|upkeep
|turn|7
|
|t:|1621021889
|move|p2a: Eternatus|Mystical Fire|p1a: Yveltal
|-damage|p1a: Yveltal|37/100 tox
|-unboost|p1a: Yveltal|spa|1
|move|p1a: Yveltal|Roost|p1a: Yveltal
|-heal|p1a: Yveltal|87/100 tox
|-singleturn|p1a: Yveltal|move: Roost
|
|-damage|p1a: Yveltal|50/100 tox|[from] psn
|upkeep
|turn|8
|
|t:|1621021896
|move|p2a: Eternatus|Dynamax Cannon|p1a: Yveltal
|-damage|p1a: Yveltal|22/100 tox
|move|p1a: Yveltal|Knock Off|p2a: Eternatus
|-damage|p2a: Eternatus|46/100
|
|-damage|p1a: Yveltal|0 fnt|[from] psn
|faint|p1a: Yveltal
|upkeep
|
|t:|1621021902
|switch|p1a: Calyrex|Calyrex-Shadow|100/100
|-ability|p1a: Calyrex|As One
|-ability|p1a: Calyrex|Unnerve
|turn|9
|
|t:|1621021911
|switch|p2a: Yveltal|Yveltal|100/100
|-ability|p2a: Yveltal|Dark Aura
|move|p1a: Calyrex|Astral Barrage|p2a: Yveltal
|-resisted|p2a: Yveltal
|-damage|p2a: Yveltal|66/100
|
|upkeep
|turn|10
|
|t:|1621021916
|switch|p1a: Xerneas|Xerneas|100/100
|-ability|p1a: Xerneas|Fairy Aura
|move|p2a: Yveltal|Knock Off|p1a: Xerneas
|-resisted|p1a: Xerneas
|-damage|p1a: Xerneas|78/100
|-enditem|p1a: Xerneas|Power Herb|[from] move: Knock Off|[of] p2a: Yveltal
|
|upkeep
|turn|11
|
|t:|1621021924
|switch|p2a: Necrozma|Necrozma-Dusk-Mane|100/100
|move|p1a: Xerneas|Moonblast|p2a: Necrozma
|-resisted|p2a: Necrozma
|-crit|p2a: Necrozma
|-damage|p2a: Necrozma|60/100
|
|upkeep
|turn|12
|
|t:|1621021929
|switch|p1a: Calyrex|Calyrex-Shadow|100/100
|-ability|p1a: Calyrex|As One
|-ability|p1a: Calyrex|Unnerve
|move|p2a: Necrozma|Stealth Rock|p1a: Calyrex
|-sidestart|p1: killer whale squa|move: Stealth Rock
|
|upkeep
|turn|13
|
|t:|1621021938
|switch|p2a: Yveltal|Yveltal|66/100
|-ability|p2a: Yveltal|Dark Aura
|move|p1a: Calyrex|Astral Barrage|p2a: Yveltal
|-resisted|p2a: Yveltal
|-damage|p2a: Yveltal|34/100
|
|upkeep
|turn|14
|
|t:|1621021947
|move|p1a: Calyrex|Astral Barrage|p2a: Yveltal
|-resisted|p2a: Yveltal
|-damage|p2a: Yveltal|2/100
|move|p2a: Yveltal|Oblivion Wing|p1a: Calyrex
|-damage|p1a: Calyrex|56/100
|-heal|p2a: Yveltal|31/100|[from] drain|[of] p1a: Calyrex
|
|upkeep
|turn|15
|
|t:|1621021955
|switch|p1a: Xerneas|Xerneas|78/100
|-damage|p1a: Xerneas|65/100|[from] Stealth Rock
|-ability|p1a: Xerneas|Fairy Aura
|move|p2a: Yveltal|Sucker Punch||[still]
|-fail|p2a: Yveltal
|
|upkeep
|turn|16
|
|t:|1621021964
|switch|p2a: Necrozma|Necrozma-Dusk-Mane|60/100
|move|p1a: Xerneas|Moonblast|p2a: Necrozma
|-resisted|p2a: Necrozma
|-damage|p2a: Necrozma|33/100
|
|upkeep
|turn|17
|
|t:|1621021974
|switch|p1a: Necrozma|Necrozma-Dusk-Mane|100/100
|-damage|p1a: Necrozma|94/100|[from] Stealth Rock
|move|p2a: Necrozma|Sunsteel Strike|p1a: Necrozma
|-resisted|p1a: Necrozma
|-damage|p1a: Necrozma|80/100
|-damage|p2a: Necrozma|17/100|[from] item: Rocky Helmet|[of] p1a: Necrozma
|
|upkeep
|turn|18
|
|t:|1621021983
|move|p1a: Necrozma|Earthquake|p2a: Necrozma
|-supereffective|p2a: Necrozma
|-damage|p2a: Necrozma|0 fnt
|faint|p2a: Necrozma
|
|upkeep
|
|t:|1621021986
|switch|p2a: Kyogre|Kyogre|100/100
|-weather|RainDance|[from] ability: Drizzle|[of] p2a: Kyogre
|turn|19
|
|t:|1621022007
|switch|p2a: Zacian|Zacian|100/100
|-ability|p2a: Zacian|Intrepid Sword|boost
|-boost|p2a: Zacian|atk|1
|move|p1a: Necrozma|Earthquake|p2a: Zacian
|-damage|p2a: Zacian|68/100
|
|-weather|RainDance|[upkeep]
|upkeep
|turn|20
|
|t:|1621022019
|switch|p2a: Eternatus|Eternatus|46/100
|-ability|p2a: Eternatus|Pressure
|move|p1a: Necrozma|Stealth Rock|p2a: Eternatus
|-sidestart|p2: Pkmn3443|move: Stealth Rock
|
|-weather|RainDance|[upkeep]
|upkeep
|turn|21
|
|t:|1621022024
|move|p2a: Eternatus|Recover|p2a: Eternatus
|-heal|p2a: Eternatus|96/100
|move|p1a: Necrozma|Earthquake|p2a: Eternatus
|-supereffective|p2a: Eternatus
|-damage|p2a: Eternatus|48/100
|
|-weather|RainDance|[upkeep]
|upkeep
|turn|22
|
|t:|1621022030
|switch|p2a: Yveltal|Yveltal|31/100
|-ability|p2a: Yveltal|Dark Aura
|move|p1a: Necrozma|Earthquake|p2a: Yveltal
|-immune|p2a: Yveltal
|
|-weather|RainDance|[upkeep]
|upkeep
|turn|23
|
|t:|1621022035
|move|p2a: Yveltal|Oblivion Wing|p1a: Necrozma
|-resisted|p1a: Necrozma
|-damage|p1a: Necrozma|65/100
|-heal|p2a: Yveltal|43/100|[from] drain|[of] p1a: Necrozma
|move|p1a: Necrozma|Sunsteel Strike|p2a: Yveltal
|-damage|p2a: Yveltal|0 fnt
|faint|p2a: Yveltal
|
|-weather|none
|upkeep
|
|t:|1621022039
|switch|p2a: Kyogre|Kyogre|100/100
|-damage|p2a: Kyogre|88/100|[from] Stealth Rock
|-weather|RainDance|[from] ability: Drizzle|[of] p2a: Kyogre
|turn|24
|
|t:|1621022072
|switch|p1a: Zygarde|Zygarde|100/100
|-damage|p1a: Zygarde|94/100|[from] Stealth Rock
|move|p2a: Kyogre|Water Spout|p1a: Zygarde
|-damage|p1a: Zygarde|0 fnt
|faint|p1a: Zygarde
|
|-weather|RainDance|[upkeep]
|upkeep
|
|t:|1621022079
|switch|p1a: Calyrex|Calyrex-Shadow|56/100
|-ability|p1a: Calyrex|As One
|-ability|p1a: Calyrex|Unnerve
|-damage|p1a: Calyrex|43/100|[from] Stealth Rock
|turn|25
|
|t:|1621022082
|move|p1a: Calyrex|Grass Knot|p2a: Kyogre
|-supereffective|p2a: Kyogre
|-damage|p2a: Kyogre|9/100
|move|p2a: Kyogre|Water Spout|p1a: Calyrex
|-damage|p1a: Calyrex|32/100
|
|-weather|RainDance|[upkeep]
|upkeep
|turn|26
|
|t:|1621022088
|move|p1a: Calyrex|Grass Knot|p2a: Kyogre
|-supereffective|p2a: Kyogre
|-damage|p2a: Kyogre|0 fnt
|faint|p2a: Kyogre
|-ability|p1a: Calyrex|Grim Neigh|boost
|-boost|p1a: Calyrex|spa|1
|
|-weather|RainDance|[upkeep]
|upkeep
|
|t:|1621022091
|switch|p2a: Ditto|Ditto|100/100
|-damage|p2a: Ditto|88/100|[from] Stealth Rock
|-transform|p2a: Ditto|p1a: Calyrex|[from] ability: Imposter
|turn|27
|
|t:|1621022110
|switch|p1a: Eternatus|Eternatus|100/100
|-damage|p1a: Eternatus|88/100|[from] Stealth Rock
|-ability|p1a: Eternatus|Pressure
|move|p2a: Ditto|Astral Barrage|p1a: Eternatus
|-damage|p1a: Eternatus|1/100
|
|-weather|RainDance|[upkeep]
|upkeep
|turn|28
|
|t:|1621022124
|move|p2a: Ditto|Astral Barrage|p1a: Eternatus
|-damage|p1a: Eternatus|0 fnt
|faint|p1a: Eternatus
|-ability|p2a: Ditto|Grim Neigh|boost
|-boost|p2a: Ditto|spa|1
|
|-weather|none
|upkeep
|
|t:|1621022132
|switch|p1a: Calyrex|Calyrex-Shadow|32/100
|-ability|p1a: Calyrex|As One
|-ability|p1a: Calyrex|Unnerve
|-damage|p1a: Calyrex|20/100|[from] Stealth Rock
|turn|29
|
|t:|1621022145
|move|p2a: Ditto|Astral Barrage|p1a: Calyrex
|-supereffective|p1a: Calyrex
|-damage|p1a: Calyrex|0 fnt
|faint|p1a: Calyrex
|-ability|p2a: Ditto|Grim Neigh|boost
|-boost|p2a: Ditto|spa|1
|
|upkeep
|
|t:|1621022159
|switch|p1a: Xerneas|Xerneas|65/100
|-damage|p1a: Xerneas|53/100|[from] Stealth Rock
|-ability|p1a: Xerneas|Fairy Aura
|turn|30
|
|t:|1621022169
|switch|p2a: Eternatus|Eternatus|48/100
|-damage|p2a: Eternatus|35/100|[from] Stealth Rock
|-ability|p2a: Eternatus|Pressure
|move|p1a: Xerneas|Geomancy||[still]
|-prepare|p1a: Xerneas|Geomancy
|
|upkeep
|turn|31
|
|t:|1621022187
|move|p2a: Eternatus|Mystical Fire|p1a: Xerneas
|-damage|p1a: Xerneas|32/100
|-unboost|p1a: Xerneas|spa|1
|move|p1a: Xerneas|Geomancy|p1a: Xerneas|[from]lockedmove
|-boost|p1a: Xerneas|spa|2
|-boost|p1a: Xerneas|spd|2
|-boost|p1a: Xerneas|spe|2
|
|upkeep
|turn|32
|
|t:|1621022212
|move|p1a: Xerneas|Moonblast|p2a: Eternatus
|-damage|p2a: Eternatus|0 fnt
|faint|p2a: Eternatus
|
|upkeep
|
|t:|1621022215
|switch|p2a: Ditto|Ditto|88/100
|-damage|p2a: Ditto|76/100|[from] Stealth Rock
|-transform|p2a: Ditto|p1a: Xerneas|[from] ability: Imposter
|-ability|p2a: Ditto|Fairy Aura
|turn|33
|
|t:|1621022223
|switch|p1a: Necrozma|Necrozma-Dusk-Mane|65/100
|-damage|p1a: Necrozma|59/100|[from] Stealth Rock
|move|p2a: Ditto|Moonblast|p1a: Necrozma
|-resisted|p1a: Necrozma
|-damage|p1a: Necrozma|18/100
|
|upkeep
|turn|34
|
|t:|1621022229
|move|p2a: Ditto|Moonblast|p1a: Necrozma
|-resisted|p1a: Necrozma
|-damage|p1a: Necrozma|0 fnt
|faint|p1a: Necrozma
|
|upkeep
|
|t:|1621022236
|switch|p1a: Xerneas|Xerneas|32/100
|-damage|p1a: Xerneas|19/100|[from] Stealth Rock
|-ability|p1a: Xerneas|Fairy Aura
|turn|35
|
|t:|1621022240
|move|p2a: Ditto|Moonblast|p1a: Xerneas
|-damage|p1a: Xerneas|0 fnt
|faint|p1a: Xerneas
|
|win|Pkmn3443
|raw|killer whale squa's rating: 1446 &rarr; <strong>1428</strong><br />(-18 for losing)
|raw|Pkmn3443's rating: 1488 &rarr; <strong>1506</strong><br />(+18 for winning)
