|j|☆Zerotti
|j|☆Juanita Trainer
|t:|1666400948
|gametype|singles
|player|p1|Zerotti|lusamine-nihilego|
|player|p2|Juanita Trainer|101|
|teamsize|p1|6
|teamsize|p2|6
|gen|8
|tier|[Gen 8] Ubers
|rule|Sleep Clause Mod: Limit one foe put to sleep
|rule|Species Clause: Limit one of each Pokémon
|rule|OHKO Clause: OHKO moves are banned
|rule|Evasion Items Clause: Evasion items are banned
|rule|Evasion Moves Clause: Evasion moves are banned
|rule|Endless Battle Clause: Forcing endless battles is banned
|rule|HP Percentage Mod: HP is shown in percentages
|rule|Dynamax Clause: You cannot dynamax
|clearpoke
|poke|p1|Solgaleo|
|poke|p1|Eternatus|
|poke|p1|Kyogre|
|poke|p1|Yveltal|
|poke|p1|Landorus-Therian, M|
|poke|p1|Marshadow|
|poke|p2|Marshadow|
|poke|p2|Darmanitan-Galar, M|
|poke|p2|Ho-Oh|
|poke|p2|Calyrex-Shadow|
|poke|p2|Eternatus|
|poke|p2|Necrozma-Dusk-Mane|
|teampreview
|
|t:|1666400966
|start
|switch|p1a: Landorus|Landorus-Therian, M|100/100
|switch|p2a: Darmanitan|Darmanitan-Galar, M|100/100
|-ability|p1a: Landorus|Intimidate|boost
|-unboost|p2a: Darmanitan|atk|1
|turn|1
|
|t:|1666400979
|switch|p1a: Solgaleo|Solgaleo|100/100
|move|p2a: Darmanitan|U-turn|p1a: Solgaleo
|-damage|p1a: Solgaleo|83/100
|
|t:|1666400990
|switch|p2a: Calyrex|Calyrex-Shadow|100/100|[from]move: U-turn
|-ability|p2a: Calyrex|As One
|-ability|p2a: Calyrex|Unnerve
|
|-heal|p1a: Solgaleo|89/100|[from] item: Leftovers
|upkeep
|turn|2
|
|t:|1666401002
|switch|p2a: Darmanitan|Darmanitan-Galar, M|100/100
|switch|p1a: Yveltal|Yveltal|100/100
|-ability|p1a: Yveltal|Dark Aura
|
|upkeep
|turn|3
|
|t:|1666401012
|switch|p1a: Kyogre|Kyogre|100/100
|-weather|RainDance|[from] ability: Drizzle|[of] p1a: Kyogre
|move|p2a: Darmanitan|Ice Punch|p1a: Kyogre
|-resisted|p1a: Kyogre
|-damage|p1a: Kyogre|65/100
|
|-weather|RainDance|[upkeep]
|upkeep
|turn|4
|
|t:|1666401024
|switch|p2a: Eternatus|Eternatus|100/100
|-ability|p2a: Eternatus|Pressure
|switch|p1a: Solgaleo|Solgaleo|89/100
|
|-weather|RainDance|[upkeep]
|-heal|p1a: Solgaleo|95/100|[from] item: Leftovers
|upkeep
|turn|5
|
|t:|1666401033
|switch|p2a: Ho-Oh|Ho-Oh|100/100
|move|p1a: Solgaleo|Future Sight|p2a: Ho-Oh
|-start|p1a: Solgaleo|move: Future Sight
|
|-weather|RainDance|[upkeep]
|-heal|p1a: Solgaleo|100/100|[from] item: Leftovers
|upkeep
|turn|6
|
|t:|1666401046
|move|p2a: Ho-Oh|Brave Bird|p1a: Solgaleo
|-resisted|p1a: Solgaleo
|-damage|p1a: Solgaleo|82/100
|-damage|p2a: Ho-Oh|94/100|[from] Recoil
|move|p1a: Solgaleo|Teleport|p1a: Solgaleo
|
|t:|1666401049
|switch|p1a: Kyogre|Kyogre|65/100|[from]move: Teleport
|
|-weather|RainDance|[upkeep]
|upkeep
|turn|7
|
|t:|1666401059
|move|p1a: Kyogre|Water Spout|p2a: Ho-Oh
|-supereffective|p2a: Ho-Oh
|-damage|p2a: Ho-Oh|3/100
|move|p2a: Ho-Oh|Sacred Fire|p1a: Kyogre
|-resisted|p1a: Kyogre
|-damage|p1a: Kyogre|53/100
|-status|p1a: Kyogre|brn
|
|-weather|none
|-end|p2a: Ho-Oh|move: Future Sight
|-damage|p2a: Ho-Oh|0 fnt
|faint|p2a: Ho-Oh
|-damage|p1a: Kyogre|47/100 brn|[from] brn
|upkeep
|
|t:|1666401079
|switch|p2a: Darmanitan|Darmanitan-Galar, M|100/100
|turn|8
|
|t:|1666401103
|move|p2a: Darmanitan|U-turn|p1a: Kyogre
|-damage|p1a: Kyogre|6/100 brn
|
|t:|1666401106
|switch|p2a: Eternatus|Eternatus|100/100|[from]move: U-turn
|-ability|p2a: Eternatus|Pressure
|move|p1a: Kyogre|Water Spout|p2a: Eternatus
|-resisted|p2a: Eternatus
|-damage|p2a: Eternatus|99/100
|
|-damage|p1a: Kyogre|0 fnt|[from] brn
|faint|p1a: Kyogre
|upkeep
|
|t:|1666401137
|switch|p1a: Solgaleo|Solgaleo|82/100
|turn|9
|
|t:|1666401144
|move|p2a: Eternatus|Flamethrower|p1a: Solgaleo
|-supereffective|p1a: Solgaleo
|-damage|p1a: Solgaleo|37/100
|-damage|p2a: Eternatus|89/100|[from] item: Life Orb
|move|p1a: Solgaleo|Future Sight|p2a: Eternatus
|-start|p1a: Solgaleo|move: Future Sight
|
|-heal|p1a: Solgaleo|43/100|[from] item: Leftovers
|upkeep
|turn|10
|
|t:|1666401161
|move|p2a: Eternatus|Flamethrower|p1a: Solgaleo
|-supereffective|p1a: Solgaleo
|-damage|p1a: Solgaleo|0 fnt
|faint|p1a: Solgaleo
|-damage|p2a: Eternatus|79/100|[from] item: Life Orb
|
|upkeep
|
|t:|1666401165
|switch|p1a: Yveltal|Yveltal|100/100
|-ability|p1a: Yveltal|Dark Aura
|turn|11
|
|t:|1666401172
|move|p2a: Eternatus|Dynamax Cannon|p1a: Yveltal
|-damage|p1a: Yveltal|48/100
|-damage|p2a: Eternatus|69/100|[from] item: Life Orb
|move|p1a: Yveltal|Roost|p1a: Yveltal
|-heal|p1a: Yveltal|99/100
|-singleturn|p1a: Yveltal|move: Roost
|
|-end|p2a: Eternatus|move: Future Sight
|-supereffective|p2a: Eternatus
|-damage|p2a: Eternatus|0 fnt
|faint|p2a: Eternatus
|upkeep
|
|t:|1666401184
|switch|p2a: Darmanitan|Darmanitan-Galar, M|100/100
|turn|12
|
|t:|1666401191
|switch|p1a: Eternatus|Eternatus|100/100
|-ability|p1a: Eternatus|Pressure
|move|p2a: Darmanitan|Ice Punch|p1a: Eternatus
|-supereffective|p1a: Eternatus
|-damage|p1a: Eternatus|5/100
|
|-heal|p1a: Eternatus|11/100|[from] item: Black Sludge
|upkeep
|turn|13
|
|t:|1666401201
|move|p2a: Darmanitan|Ice Punch|p1a: Eternatus
|-supereffective|p1a: Eternatus
|-damage|p1a: Eternatus|0 fnt
|faint|p1a: Eternatus
|
|upkeep
|
|t:|1666401206
|switch|p1a: Marshadow|Marshadow|100/100
|turn|14
|
|t:|1666401211
|switch|p2a: Calyrex|Calyrex-Shadow|100/100
|-ability|p2a: Calyrex|As One
|-ability|p2a: Calyrex|Unnerve
|move|p1a: Marshadow|Spectral Thief|p2a: Calyrex
|-supereffective|p2a: Calyrex
|-enditem|p2a: Calyrex|Focus Sash
|-damage|p2a: Calyrex|1/100
|
|upkeep
|turn|15
|
|t:|1666401224
|move|p1a: Marshadow|Shadow Sneak|p2a: Calyrex
|-supereffective|p2a: Calyrex
|-damage|p2a: Calyrex|0 fnt
|faint|p2a: Calyrex
|
|upkeep
|
|t:|1666401237
|switch|p2a: Necrozma|Necrozma-Dusk-Mane|100/100
|turn|16
|
|t:|1666401247
|move|p1a: Marshadow|Bulk Up|p1a: Marshadow
|-boost|p1a: Marshadow|atk|1
|-boost|p1a: Marshadow|def|1
|move|p2a: Necrozma|Thunder Wave|p1a: Marshadow
|-status|p1a: Marshadow|par
|
|upkeep
|turn|17
|
|t:|1666401255
|cant|p1a: Marshadow|par
|move|p2a: Necrozma|Stealth Rock|p1a: Marshadow
|-sidestart|p1: Zerotti|move: Stealth Rock
|
|upkeep
|turn|18
|
|t:|1666401262
|move|p1a: Marshadow|Spectral Thief|p2a: Necrozma
|-supereffective|p2a: Necrozma
|-damage|p2a: Necrozma|11/100
|move|p2a: Necrozma|Iron Head|p1a: Marshadow
|-damage|p1a: Marshadow|68/100 par
|
|-heal|p2a: Necrozma|17/100|[from] item: Leftovers
|upkeep
|turn|19
|
|t:|1666401273
|move|p1a: Marshadow|Shadow Sneak|p2a: Necrozma
|-supereffective|p2a: Necrozma
|-damage|p2a: Necrozma|0 fnt
|faint|p2a: Necrozma
|
|upkeep
|
|t:|1666401277
|switch|p2a: Marshadow|Marshadow|100/100
|turn|20
|
|t:|1666401281
|switch|p1a: Landorus|Landorus-Therian, M|100/100
|-damage|p1a: Landorus|88/100|[from] Stealth Rock
|-ability|p1a: Landorus|Intimidate|boost
|-unboost|p2a: Marshadow|atk|1
|move|p2a: Marshadow|Spectral Thief|p1a: Landorus
|-damage|p1a: Landorus|67/100
|
|-heal|p1a: Landorus|73/100|[from] item: Leftovers
|upkeep
|turn|21
|
|t:|1666401303
|move|p2a: Marshadow|Spectral Thief|p1a: Landorus
|-damage|p1a: Landorus|53/100
|move|p1a: Landorus|Earthquake|p2a: Marshadow
|-damage|p2a: Marshadow|43/100
|
|-heal|p1a: Landorus|59/100|[from] item: Leftovers
|upkeep
|turn|22
|
|t:|1666401320
|move|p2a: Marshadow|Spectral Thief|p1a: Landorus
|-damage|p1a: Landorus|38/100
|move|p1a: Landorus|Stealth Rock|p2a: Marshadow
|-sidestart|p2: Juanita Trainer|move: Stealth Rock
|
|-heal|p1a: Landorus|44/100|[from] item: Leftovers
|upkeep
|turn|23
|
|t:|1666401329
|move|p2a: Marshadow|Spectral Thief|p1a: Landorus
|-damage|p1a: Landorus|23/100
|move|p1a: Landorus|Earthquake|p2a: Marshadow
|-damage|p2a: Marshadow|0 fnt
|faint|p2a: Marshadow
|
|-heal|p1a: Landorus|29/100|[from] item: Leftovers
|upkeep
|
|t:|1666401340
|switch|p2a: Darmanitan|Darmanitan-Galar, M|100/100
|-damage|p2a: Darmanitan|76/100|[from] Stealth Rock
|turn|24
|
|t:|1666401346
|move|p2a: Darmanitan|Ice Punch|p1a: Landorus
|-supereffective|p1a: Landorus
|-damage|p1a: Landorus|0 fnt
|faint|p1a: Landorus
|
|upkeep
|
|t:|1666401349
|switch|p1a: Yveltal|Yveltal|99/100
|-ability|p1a: Yveltal|Dark Aura
|turn|25
|
|t:|1666401354
|move|p2a: Darmanitan|Ice Punch|p1a: Yveltal
|-supereffective|p1a: Yveltal
|-damage|p1a: Yveltal|0 fnt
|faint|p1a: Yveltal
|
|upkeep
|
|t:|1666401357
|switch|p1a: Marshadow|Marshadow|68/100 par
|-damage|p1a: Marshadow|62/100 par|[from] Stealth Rock
|turn|26
|
|t:|1666401363
|move|p1a: Marshadow|Shadow Sneak|p2a: Darmanitan
|-damage|p2a: Darmanitan|17/100
|move|p2a: Darmanitan|Ice Punch|p1a: Marshadow
|-damage|p1a: Marshadow|0 fnt
|faint|p1a: Marshadow
|
|win|Juanita Trainer
|c|☆Juanita Trainer|Buen juego
