|j|☆Kyng Jaymes HO
|j|☆CharlieBattler
|t:|1648663064
|gametype|singles
|player|p1|Kyng Jaymes HO|n|1398
|player|p2|CharlieBattler|lance|1426
|teamsize|p1|6
|teamsize|p2|6
|gen|8
|tier|[Gen 8] Ubers
|rated|
|rule|Sleep Clause Mod: Limit one foe put to sleep
|rule|Species Clause: Limit one of each Pokémon
|rule|OHKO Clause: OHKO moves are banned
|rule|Evasion Moves Clause: Evasion moves are banned
|rule|Endless Battle Clause: Forcing endless battles is banned
|rule|HP Percentage Mod: HP is shown in percentages
|rule|Dynamax Clause: You cannot dynamax
|clearpoke
|poke|p1|Aerodactyl, F|
|poke|p1|Yveltal|
|poke|p1|Eternatus|
|poke|p1|Necrozma-Dusk-Mane|
|poke|p1|Kyogre|
|poke|p1|Marshadow|
|poke|p2|Calyrex-Shadow|
|poke|p2|Chansey, F|
|poke|p2|Yveltal|
|poke|p2|Ditto|
|poke|p2|Xerneas-*|
|poke|p2|Groudon|
|teampreview
|inactive|Battle timer is ON: inactive players will automatically lose when time's up. (requested by Kyng Jaymes HO)
|
|t:|1648663067
|start
|switch|p1a: Aerodactyl|Aerodactyl, F|100/100
|switch|p2a: Groudon|Groudon|100/100
|-ability|p1a: Aerodactyl|Unnerve
|-weather|SunnyDay|[from] ability: Drought|[of] p2a: Groudon
|turn|1
|
|t:|1648663073
|move|p1a: Aerodactyl|Taunt|p2a: Groudon
|-start|p2a: Groudon|move: Taunt
|cant|p2a: Groudon|move: Taunt|Stealth Rock
|
|-weather|SunnyDay|[upkeep]
|upkeep
|turn|2
|
|t:|1648663076
|switch|p2a: Yveltal|Yveltal|100/100
|-ability|p2a: Yveltal|Dark Aura
|move|p1a: Aerodactyl|Stealth Rock|p2a: Yveltal
|-sidestart|p2: CharlieBattler|move: Stealth Rock
|
|-weather|SunnyDay|[upkeep]
|upkeep
|turn|3
|
|t:|1648663093
|move|p2a: Yveltal|Knock Off|p1a: Aerodactyl
|-enditem|p1a: Aerodactyl|Focus Sash
|-damage|p1a: Aerodactyl|1/100
|move|p1a: Aerodactyl|Rock Tomb|p2a: Yveltal
|-supereffective|p2a: Yveltal
|-damage|p2a: Yveltal|44/100
|-unboost|p2a: Yveltal|spe|1
|
|-weather|SunnyDay|[upkeep]
|upkeep
|turn|4
|
|t:|1648663100
|switch|p2a: Groudon|Groudon|100/100
|-damage|p2a: Groudon|94/100|[from] Stealth Rock
|move|p1a: Aerodactyl|Tailwind|p1a: Aerodactyl
|-sidestart|p1: Kyng Jaymes HO|move: Tailwind
|
|-weather|SunnyDay|[upkeep]
|-heal|p2a: Groudon|100/100|[from] item: Leftovers
|upkeep
|turn|5
|
|t:|1648663104
|move|p1a: Aerodactyl|Taunt|p2a: Groudon
|-start|p2a: Groudon|move: Taunt
|move|p2a: Groudon|Fire Punch|p1a: Aerodactyl
|-resisted|p1a: Aerodactyl
|-damage|p1a: Aerodactyl|0 fnt
|faint|p1a: Aerodactyl
|
|-weather|none
|upkeep
|
|t:|1648663114
|switch|p1a: Kyogre|Kyogre|100/100
|-weather|RainDance|[from] ability: Drizzle|[of] p1a: Kyogre
|turn|6
|
|t:|1648663117
|switch|p2a: Chansey|Chansey, F|100/100
|-damage|p2a: Chansey|88/100|[from] Stealth Rock
|move|p1a: Kyogre|Calm Mind|p1a: Kyogre
|-boost|p1a: Kyogre|spa|1
|-boost|p1a: Kyogre|spd|1
|
|-weather|RainDance|[upkeep]
|upkeep
|turn|7
|
|t:|1648663120
|move|p1a: Kyogre|Surf|p2a: Chansey
|-damage|p2a: Chansey|40/100
|-damage|p1a: Kyogre|91/100|[from] item: Life Orb
|move|p2a: Chansey|Toxic|p1a: Kyogre
|-status|p1a: Kyogre|tox
|
|-weather|RainDance|[upkeep]
|-damage|p1a: Kyogre|85/100 tox|[from] psn
|-sideend|p1: Kyng Jaymes HO|move: Tailwind
|upkeep
|turn|8
|
|t:|1648663124
|move|p1a: Kyogre|Surf|p2a: Chansey
|-damage|p2a: Chansey|0 fnt
|faint|p2a: Chansey
|-damage|p1a: Kyogre|75/100 tox|[from] item: Life Orb
|
|-weather|RainDance|[upkeep]
|-damage|p1a: Kyogre|63/100 tox|[from] psn
|upkeep
|
|t:|1648663128
|switch|p2a: Ditto|Ditto|100/100
|-damage|p2a: Ditto|88/100|[from] Stealth Rock
|-transform|p2a: Ditto|p1a: Kyogre|[from] ability: Imposter
|turn|9
|
|t:|1648663131
|move|p2a: Ditto|Thunder|p1a: Kyogre
|-supereffective|p1a: Kyogre
|-damage|p1a: Kyogre|0 fnt
|faint|p1a: Kyogre
|
|-weather|RainDance|[upkeep]
|upkeep
|
|t:|1648663134
|switch|p1a: Eternatus|Eternatus|100/100
|-ability|p1a: Eternatus|Pressure
|turn|10
|
|t:|1648663138
|switch|p2a: Groudon|Groudon|100/100
|-damage|p2a: Groudon|94/100|[from] Stealth Rock
|-weather|SunnyDay|[from] ability: Drought|[of] p2a: Groudon
|move|p1a: Eternatus|Substitute|p1a: Eternatus
|-start|p1a: Eternatus|Substitute
|-damage|p1a: Eternatus|76/100
|
|-weather|SunnyDay|[upkeep]
|-heal|p2a: Groudon|100/100|[from] item: Leftovers
|upkeep
|turn|11
|
|t:|1648663140
|move|p1a: Eternatus|Meteor Beam||[still]
|-prepare|p1a: Eternatus|Meteor Beam
|-boost|p1a: Eternatus|spa|1
|-enditem|p1a: Eternatus|Power Herb
|-anim|p1a: Eternatus|Meteor Beam|p2a: Groudon
|-resisted|p2a: Groudon
|-damage|p2a: Groudon|69/100
|move|p2a: Groudon|Precipice Blades|p1a: Eternatus
|-supereffective|p1a: Eternatus
|-end|p1a: Eternatus|Substitute
|
|-weather|SunnyDay|[upkeep]
|-heal|p2a: Groudon|75/100|[from] item: Leftovers
|upkeep
|turn|12
|
|t:|1648663149
|move|p1a: Eternatus|Dynamax Cannon|p2a: Groudon
|-damage|p2a: Groudon|0 fnt
|faint|p2a: Groudon
|
|-weather|SunnyDay|[upkeep]
|upkeep
|
|t:|1648663154
|switch|p2a: Ditto|Ditto|88/100
|-damage|p2a: Ditto|76/100|[from] Stealth Rock
|-transform|p2a: Ditto|p1a: Eternatus|[from] ability: Imposter
|-ability|p2a: Ditto|Pressure
|turn|13
|
|t:|1648663158
|switch|p1a: Necrozma|Necrozma-Dusk-Mane|100/100
|move|p2a: Ditto|Dynamax Cannon|p1a: Necrozma
|-resisted|p1a: Necrozma
|-damage|p1a: Necrozma|60/100
|
|-weather|SunnyDay|[upkeep]
|upkeep
|turn|14
|
|t:|1648663162
|switch|p2a: Yveltal|Yveltal|44/100
|-damage|p2a: Yveltal|19/100|[from] Stealth Rock
|-ability|p2a: Yveltal|Dark Aura
|move|p1a: Necrozma|Knock Off|p2a: Yveltal
|-resisted|p2a: Yveltal
|-damage|p2a: Yveltal|0 fnt
|-enditem|p2a: Yveltal|Choice Scarf|[from] move: Knock Off|[of] p1a: Necrozma
|faint|p2a: Yveltal
|
|-weather|none
|upkeep
|
|t:|1648663165
|switch|p2a: Calyrex|Calyrex-Shadow|100/100
|-ability|p2a: Calyrex|As One
|-ability|p2a: Calyrex|Unnerve
|-damage|p2a: Calyrex|88/100|[from] Stealth Rock
|turn|15
|
|t:|1648663172
|switch|p2a: Xerneas|Xerneas|100/100
|-damage|p2a: Xerneas|88/100|[from] Stealth Rock
|-ability|p2a: Xerneas|Fairy Aura
|switch|p1a: Eternatus|Eternatus|76/100
|-ability|p1a: Eternatus|Pressure
|
|upkeep
|turn|16
|
|t:|1648663178
|switch|p1a: Necrozma|Necrozma-Dusk-Mane|60/100
|move|p2a: Xerneas|Geomancy||[still]
|-prepare|p2a: Xerneas|Geomancy
|-enditem|p2a: Xerneas|Power Herb
|-anim|p2a: Xerneas|Geomancy|p2a: Xerneas
|-boost|p2a: Xerneas|spa|2
|-boost|p2a: Xerneas|spd|2
|-boost|p2a: Xerneas|spe|2
|
|upkeep
|turn|17
|
|t:|1648663181
|move|p2a: Xerneas|Focus Blast|p1a: Necrozma
|-damage|p1a: Necrozma|0 fnt
|faint|p1a: Necrozma
|
|upkeep
|c|☆Kyng Jaymes HO|Nice play
|c|☆Kyng Jaymes HO|gg
|-message|Kyng Jaymes HO forfeited.
|
|win|CharlieBattler
|raw|Kyng Jaymes HO's rating: 1398 &rarr; <strong>1380</strong><br />(-18 for losing)
|raw|CharlieBattler's rating: 1426 &rarr; <strong>1444</strong><br />(+18 for winning)
|l|☆CharlieBattler
