|j|☆AbsoluteBeginners
|j|☆udongirl
|inactive|Battle timer is ON: inactive players will automatically lose when time's up.
|t:|1664545255
|gametype|singles
|player|p1|AbsoluteBeginners|gambler|
|player|p2|udongirl|#bltviiiturtwigs|
|teamsize|p1|6
|teamsize|p2|6
|gen|8
|tier|[Gen 8] Ubers
|rated|Tournament battle
|rule|Sleep Clause Mod: Limit one foe put to sleep
|rule|Species Clause: Limit one of each Pokémon
|rule|OHKO Clause: OHKO moves are banned
|rule|Evasion Items Clause: Evasion items are banned
|rule|Evasion Moves Clause: Evasion moves are banned
|rule|Endless Battle Clause: Forcing endless battles is banned
|rule|HP Percentage Mod: HP is shown in percentages
|rule|Dynamax Clause: You cannot dynamax
|clearpoke
|poke|p1|Calyrex-Ice|
|poke|p1|Necrozma-Dusk-Mane|
|poke|p1|Zygarde|
|poke|p1|Pheromosa|
|poke|p1|Eternatus|
|poke|p1|Marshadow|
|poke|p2|Necrozma-Dusk-Mane|
|poke|p2|Yveltal|
|poke|p2|Eternatus|
|poke|p2|Calyrex-Shadow|
|poke|p2|Xerneas-*|
|poke|p2|Groudon|
|teampreview
|j|*Lady Monita
|
|t:|1664545271
|start
|switch|p1a: Necrozma|Necrozma-Dusk-Mane|100/100
|switch|p2a: Yveltal|Yveltal|100/100
|-ability|p2a: Yveltal|Dark Aura
|turn|1
|j| ACrumbOfSerotonin
|
|t:|1664545286
|move|p2a: Yveltal|Knock Off|p1a: Necrozma
|-supereffective|p1a: Necrozma
|-damage|p1a: Necrozma|39/100
|-enditem|p1a: Necrozma|Weakness Policy
|-boost|p1a: Necrozma|atk|2|[from] item: Weakness Policy
|-boost|p1a: Necrozma|spa|2|[from] item: Weakness Policy
|move|p1a: Necrozma|Stealth Rock|p2a: Yveltal
|-sidestart|p2: udongirl|move: Stealth Rock
|
|upkeep
|turn|2
|
|t:|1664545292
|move|p2a: Yveltal|Knock Off|p1a: Necrozma
|-supereffective|p1a: Necrozma
|-damage|p1a: Necrozma|0 fnt
|faint|p1a: Necrozma
|
|upkeep
|
|t:|1664545298
|switch|p1a: Eternatus|Eternatus|100/100
|-ability|p1a: Eternatus|Pressure
|turn|3
|
|t:|1664545308
|move|p1a: Eternatus|Meteor Beam||[still]
|-prepare|p1a: Eternatus|Meteor Beam
|-boost|p1a: Eternatus|spa|1
|-enditem|p1a: Eternatus|Power Herb
|-anim|p1a: Eternatus|Meteor Beam|p2a: Yveltal
|-supereffective|p2a: Yveltal
|-damage|p2a: Yveltal|19/100
|move|p2a: Yveltal|Defog|p1a: Eternatus
|-unboost|p1a: Eternatus|evasion|1
|-sideend|p2: udongirl|Stealth Rock|[from] move: Defog|[of] p2a: Yveltal
|
|upkeep
|turn|4
|
|t:|1664545321
|move|p1a: Eternatus|Sludge Bomb|p2a: Yveltal
|-damage|p2a: Yveltal|0 fnt
|faint|p2a: Yveltal
|
|upkeep
|
|t:|1664545324
|switch|p2a: Groudon|Groudon|100/100
|-weather|SunnyDay|[from] ability: Drought|[of] p2a: Groudon
|turn|5
|
|t:|1664545337
|move|p1a: Eternatus|Dynamax Cannon|p2a: Groudon
|-damage|p2a: Groudon|26/100
|move|p2a: Groudon|Precipice Blades|p1a: Eternatus
|-supereffective|p1a: Eternatus
|-damage|p1a: Eternatus|0 fnt
|faint|p1a: Eternatus
|
|-weather|SunnyDay|[upkeep]
|-heal|p2a: Groudon|32/100|[from] item: Leftovers
|upkeep
|inactive|AbsoluteBeginners has 120 seconds left.
|
|t:|1664545364
|switch|p1a: Pheromosa|Pheromosa|100/100
|turn|6
|
|t:|1664545375
|switch|p2a: Xerneas|Xerneas|100/100
|-ability|p2a: Xerneas|Fairy Aura
|move|p1a: Pheromosa|Triple Axel|p2a: Xerneas
|-damage|p2a: Xerneas|96/100
|-damage|p2a: Xerneas|86/100
|-damage|p2a: Xerneas|73/100
|-hitcount|p2a: Xerneas|3
|
|-weather|SunnyDay|[upkeep]
|-heal|p2a: Xerneas|79/100|[from] item: Leftovers
|upkeep
|turn|7
|
|t:|1664545391
|move|p1a: Pheromosa|Poison Jab|p2a: Xerneas
|-supereffective|p2a: Xerneas
|-damage|p2a: Xerneas|47/100
|-status|p2a: Xerneas|psn
|move|p2a: Xerneas|Moonblast|p1a: Pheromosa
|-supereffective|p1a: Pheromosa
|-damage|p1a: Pheromosa|0 fnt
|faint|p1a: Pheromosa
|
|-weather|SunnyDay|[upkeep]
|-heal|p2a: Xerneas|53/100 psn|[from] item: Leftovers
|-damage|p2a: Xerneas|40/100 psn|[from] psn
|upkeep
|
|t:|1664545400
|switch|p1a: Zygarde|Zygarde|100/100
|turn|8
|
|t:|1664545405
|move|p2a: Xerneas|Rest|p2a: Xerneas
|-status|p2a: Xerneas|slp|[from] move: Rest
|-heal|p2a: Xerneas|100/100 slp|[silent]
|move|p1a: Zygarde|Dragon Dance|p1a: Zygarde
|-boost|p1a: Zygarde|atk|1
|-boost|p1a: Zygarde|spe|1
|
|-weather|SunnyDay|[upkeep]
|upkeep
|turn|9
|
|t:|1664545409
|move|p1a: Zygarde|Substitute|p1a: Zygarde
|-start|p1a: Zygarde|Substitute
|-damage|p1a: Zygarde|75/100
|cant|p2a: Xerneas|slp
|move|p2a: Xerneas|Sleep Talk|p2a: Xerneas
|move|p2a: Xerneas|Rest||[from]move: Sleep Talk|[still]
|-fail|p2a: Xerneas
|
|-weather|none
|-heal|p1a: Zygarde|82/100|[from] item: Leftovers
|upkeep
|turn|10
|
|t:|1664545415
|move|p1a: Zygarde|Dragon Dance|p1a: Zygarde
|-boost|p1a: Zygarde|atk|1
|-boost|p1a: Zygarde|spe|1
|cant|p2a: Xerneas|slp
|move|p2a: Xerneas|Sleep Talk|p2a: Xerneas
|move|p2a: Xerneas|Moonblast|p1a: Zygarde|[from]move: Sleep Talk
|-supereffective|p1a: Zygarde
|-end|p1a: Zygarde|Substitute
|
|-heal|p1a: Zygarde|88/100|[from] item: Leftovers
|upkeep
|turn|11
|
|t:|1664545418
|move|p1a: Zygarde|Thousand Arrows|p2a: Xerneas
|-damage|p2a: Xerneas|56/100 slp
|-curestatus|p2a: Xerneas|slp|[msg]
|move|p2a: Xerneas|Moonblast|p1a: Zygarde
|-supereffective|p1a: Zygarde
|-damage|p1a: Zygarde|1/100
|
|-heal|p1a: Zygarde|7/100|[from] item: Leftovers
|-heal|p2a: Xerneas|62/100|[from] item: Leftovers
|-activate|p1a: Zygarde|ability: Power Construct
|detailschange|p1a: Zygarde|Zygarde-Complete
|-heal|p1a: Zygarde|39/100|[silent]
|upkeep
|turn|12
|l| ACrumbOfSerotonin
|
|t:|1664545422
|move|p1a: Zygarde|Thousand Arrows|p2a: Xerneas
|-damage|p2a: Xerneas|13/100
|move|p2a: Xerneas|Moonblast|p1a: Zygarde
|-supereffective|p1a: Zygarde
|-damage|p1a: Zygarde|0 fnt
|faint|p1a: Zygarde
|
|-heal|p2a: Xerneas|19/100|[from] item: Leftovers
|upkeep
|
|t:|1664545427
|switch|p1a: Marshadow|Marshadow|100/100
|turn|13
|
|t:|1664545437
|move|p1a: Marshadow|Spectral Thief|p2a: Xerneas
|-damage|p2a: Xerneas|0 fnt
|faint|p2a: Xerneas
|
|upkeep
|
|t:|1664545441
|switch|p2a: Eternatus|Eternatus|100/100
|-ability|p2a: Eternatus|Pressure
|turn|14
|
|t:|1664545448
|move|p1a: Marshadow|Spectral Thief|p2a: Eternatus
|-damage|p2a: Eternatus|65/100
|move|p2a: Eternatus|Dynamax Cannon|p1a: Marshadow
|-damage|p1a: Marshadow|47/100
|
|upkeep
|turn|15
|
|t:|1664545457
|move|p1a: Marshadow|Spectral Thief|p2a: Eternatus
|-damage|p2a: Eternatus|28/100
|move|p2a: Eternatus|Dynamax Cannon|p1a: Marshadow
|-damage|p1a: Marshadow|0 fnt
|faint|p1a: Marshadow
|
|upkeep
|
|t:|1664545459
|switch|p1a: Calyrex|Calyrex-Ice|100/100
|-ability|p1a: Calyrex|As One
|-ability|p1a: Calyrex|Unnerve
|turn|16
|
|t:|1664545464
|move|p2a: Eternatus|Toxic|p1a: Calyrex
|-status|p1a: Calyrex|tox
|move|p1a: Calyrex|Trick Room|p1a: Calyrex
|-fieldstart|move: Trick Room|[of] p1a: Calyrex
|
|-damage|p1a: Calyrex|94/100 tox|[from] psn
|upkeep
|turn|17
|
|t:|1664545468
|move|p1a: Calyrex|High Horsepower|p2a: Eternatus
|-supereffective|p2a: Eternatus
|-damage|p2a: Eternatus|0 fnt
|faint|p2a: Eternatus
|-ability|p1a: Calyrex|Chilling Neigh|boost
|-boost|p1a: Calyrex|atk|1
|
|-damage|p1a: Calyrex|82/100 tox|[from] psn
|upkeep
|
|t:|1664545472
|switch|p2a: Necrozma|Necrozma-Dusk-Mane|100/100
|turn|18
|
|t:|1664545485
|move|p1a: Calyrex|Close Combat|p2a: Necrozma
|-damage|p2a: Necrozma|40/100
|-unboost|p1a: Calyrex|def|1
|-unboost|p1a: Calyrex|spd|1
|move|p2a: Necrozma|Sunsteel Strike|p1a: Calyrex
|-supereffective|p1a: Calyrex
|-damage|p1a: Calyrex|0 fnt
|faint|p1a: Calyrex
|
|win|udongirl
|n|☆AbsoluteBeginners|absolutebeginners
|n|☆udongirl|udongirl
|n|*Lady Monita|ladymonita
|l|*Lady Monita
|l|☆AbsoluteBeginners
|j|☆AbsoluteBeginners
|player|p1|AbsoluteBeginners|gambler
