|j|☆bob3701
|j|☆GEDO RINNE TENSEI
|player|p1|bob3701|293|1476
|player|p2|GEDO RINNE TENSEI|92|1402
|teamsize|p1|6
|teamsize|p2|6
|gametype|singles
|gen|8
|tier|[Gen 8] Ubers
|rated|
|rule|Sleep Clause Mod: Limit one foe put to sleep
|rule|Species Clause: Limit one of each Pokémon
|rule|OHKO Clause: OHKO moves are banned
|rule|Evasion Moves Clause: Evasion moves are banned
|rule|Endless Battle Clause: Forcing endless battles is banned
|rule|HP Percentage Mod: HP is shown in percentages
|clearpoke
|poke|p1|Eternatus|
|poke|p1|Zacian-*|
|poke|p1|Hippowdon, M|
|poke|p1|Excadrill, M|
|poke|p1|Charizard, M|
|poke|p1|Quagsire, M|
|poke|p2|Zacian-*|
|poke|p2|Zamazenta-*|
|poke|p2|Gyarados, M|
|poke|p2|Darmanitan-Galar, F|
|poke|p2|Ditto|
|poke|p2|Dugtrio, M|
|teampreview
|
|start
|switch|p1a: Immolate|Charizard, M|100/100
|switch|p2a: Darmanitan|Darmanitan-Galar, F|100/100
|turn|1
|inactive|Battle timer is ON: inactive players will automatically lose when time's up. (requested by GEDO RINNE TENSEI)
|
|move|p1a: Immolate|Fire Blast|p2a: Darmanitan
|-supereffective|p2a: Darmanitan
|-damage|p2a: Darmanitan|0 fnt
|faint|p2a: Darmanitan
|
|upkeep
|
|switch|p2a: Gyarados|Gyarados, M|100/100
|-ability|p2a: Gyarados|Intimidate|boost
|-unboost|p1a: Immolate|atk|1
|turn|2
|
|-start|p1a: Immolate|Dynamax
|-formechange|p1a: Immolate|Charizard-Gmax
|-heal|p1a: Immolate|100/100|[silent]
|move|p1a: Immolate|Max Airstream|p2a: Gyarados
|-damage|p2a: Gyarados|34/100
|-boost|p1a: Immolate|spe|1
|move|p2a: Gyarados|Dragon Dance|p2a: Gyarados
|-boost|p2a: Gyarados|atk|1
|-boost|p2a: Gyarados|spe|1
|
|upkeep
|turn|3
|
|move|p1a: Immolate|Max Airstream|p2a: Gyarados
|-damage|p2a: Gyarados|0 fnt
|-boost|p1a: Immolate|spe|1
|faint|p2a: Gyarados
|
|upkeep
|
|switch|p2a: Dugtrio|Dugtrio, M|100/100
|turn|4
|
|move|p1a: Immolate|G-Max Wildfire|p2a: Dugtrio
|-enditem|p2a: Dugtrio|Focus Sash
|-damage|p2a: Dugtrio|1/100
|-sidestart|p2: GEDO RINNE TENSEI|G-Max Wildfire
|move|p2a: Dugtrio|Rock Tomb|p1a: Immolate
|-supereffective|p1a: Immolate
|-damage|p1a: Immolate|51/100
|-unboost|p1a: Immolate|spe|1
|
|-end|p1a: Immolate|Dynamax
|-formechange|p1a: Immolate|Charizard
|-heal|p1a: Immolate|51/100|[silent]
|-damage|p2a: Dugtrio|0 fnt|[from] G-Max Wildfire
|faint|p2a: Dugtrio
|upkeep
|
|switch|p2a: Ditto|Ditto|100/100
|-transform|p2a: Ditto|p1a: Immolate|[from] ability: Imposter
|turn|5
|
|switch|p1a: Uber Disposal|Hippowdon, M|100/100
|-weather|Sandstorm|[from] ability: Sand Stream|[of] p1a: Uber Disposal
|-start|p2a: Ditto|Dynamax
|-heal|p2a: Ditto|100/100|[silent]
|move|p2a: Ditto|Max Airstream|p1a: Uber Disposal
|-damage|p1a: Uber Disposal|37/100
|-boost|p2a: Ditto|spe|1
|
|-weather|Sandstorm|[upkeep]
|-damage|p2a: Ditto|97/100|[from] Sandstorm
|upkeep
|turn|6
|
|move|p2a: Ditto|Max Flare|p1a: Uber Disposal
|-damage|p1a: Uber Disposal|0 fnt
|-weather|SunnyDay
|faint|p1a: Uber Disposal
|
|-weather|SunnyDay|[upkeep]
|upkeep
|
|switch|p1a: Necessity #1|Eternatus|100/100
|-ability|p1a: Necessity #1|Pressure
|turn|7
|
|move|p2a: Ditto|Max Airstream|p1a: Necessity #1
|-damage|p1a: Necessity #1|42/100
|-boost|p2a: Ditto|spe|1
|move|p1a: Necessity #1|Dynamax Cannon|p2a: Ditto
|-damage|p2a: Ditto|0 fnt
|-damage|p1a: Necessity #1|32/100|[from] item: Life Orb
|faint|p2a: Ditto
|
|-weather|SunnyDay|[upkeep]
|-sideend|p2: GEDO RINNE TENSEI|G-Max Wildfire
|upkeep
|
|switch|p2a: Zacian|Zacian-Crowned|100/100
|-ability|p2a: Zacian|Intrepid Sword|boost
|-boost|p2a: Zacian|atk|1
|turn|8
|
|switch|p1a: Derpy Boi|Quagsire, M|100/100
|move|p2a: Zacian|Play Rough|p1a: Derpy Boi
|-damage|p1a: Derpy Boi|59/100
|-unboost|p1a: Derpy Boi|atk|1
|
|-weather|SunnyDay|[upkeep]
|-heal|p1a: Derpy Boi|65/100|[from] item: Leftovers
|upkeep
|turn|9
|
|move|p2a: Zacian|Play Rough|p1a: Derpy Boi
|-damage|p1a: Derpy Boi|27/100
|move|p1a: Derpy Boi|Recover|p1a: Derpy Boi
|-heal|p1a: Derpy Boi|77/100
|
|-weather|SunnyDay|[upkeep]
|-heal|p1a: Derpy Boi|83/100|[from] item: Leftovers
|upkeep
|turn|10
|
|switch|p2a: Zamazenta|Zamazenta-Crowned|100/100
|-ability|p2a: Zamazenta|Dauntless Shield|boost
|-boost|p2a: Zamazenta|def|1
|move|p1a: Derpy Boi|Recover|p1a: Derpy Boi
|-heal|p1a: Derpy Boi|100/100
|
|-weather|none
|upkeep
|turn|11
|
|move|p2a: Zamazenta|Reflect|p2a: Zamazenta
|-sidestart|p2: GEDO RINNE TENSEI|Reflect
|move|p1a: Derpy Boi|Scald|p2a: Zamazenta
|-damage|p2a: Zamazenta|86/100
|
|upkeep
|turn|12
|
|move|p2a: Zamazenta|Light Screen|p2a: Zamazenta
|-sidestart|p2: GEDO RINNE TENSEI|move: Light Screen
|move|p1a: Derpy Boi|Scald|p2a: Zamazenta
|-damage|p2a: Zamazenta|80/100
|-status|p2a: Zamazenta|brn
|
|-damage|p2a: Zamazenta|74/100 brn|[from] brn
|upkeep
|turn|13
|-message|GEDO RINNE TENSEI forfeited.
|
|win|bob3701
|l|☆GEDO RINNE TENSEI
|l|☆bob3701
|raw|bob3701's rating: 1476 &rarr; <strong>1493</strong><br />(+17 for winning)
|raw|GEDO RINNE TENSEI's rating: 1417 &rarr; <strong>1400</strong><br />(-17 for losing)
