|j|☆LD8 nvzhuangkeai
|j|☆ReshiramEnthusiast
|t:|1664805361
|gametype|singles
|player|p1|LD8 nvzhuangkeai|dawn|1732
|player|p2|ReshiramEnthusiast|red-gen7|1687
|teamsize|p1|6
|teamsize|p2|6
|gen|8
|tier|[Gen 8] Ubers
|rated|
|rule|Sleep Clause Mod: Limit one foe put to sleep
|rule|Species Clause: Limit one of each Pokémon
|rule|OHKO Clause: OHKO moves are banned
|rule|Evasion Items Clause: Evasion items are banned
|rule|Evasion Moves Clause: Evasion moves are banned
|rule|Endless Battle Clause: Forcing endless battles is banned
|rule|HP Percentage Mod: HP is shown in percentages
|rule|Dynamax Clause: You cannot dynamax
|clearpoke
|poke|p1|Necrozma-Dusk-Mane|
|poke|p1|Eternatus|
|poke|p1|Yveltal|
|poke|p1|Dialga|
|poke|p1|Kyogre|
|poke|p1|Landorus-Therian, M|
|poke|p2|Yveltal|
|poke|p2|Necrozma-Dusk-Mane|
|poke|p2|Palkia|
|poke|p2|Xerneas-*|
|poke|p2|Eternatus|
|poke|p2|Genesect|
|teampreview
|l|☆ReshiramEnthusiast
|player|p2|
|inactive|Battle timer is ON: inactive players will automatically lose when time's up. (requested by LD8 nvzhuangkeai)
|inactive|ReshiramEnthusiast has 30 seconds to reconnect!
|j|☆ReshiramEnthusiast
|inactive|ReshiramEnthusiast reconnected and has 120 seconds left.
|player|p2|ReshiramEnthusiast|red-gen7
|
|t:|1664805427
|start
|switch|p1a: Dialga|Dialga|100/100
|switch|p2a: Palkia|Palkia|100/100
|-ability|p2a: Palkia|Pressure
|-ability|p1a: Dialga|Pressure
|turn|1
|
|t:|1664805452
|switch|p2a: Necrozma|Necrozma-Dusk-Mane|100/100
|move|p1a: Dialga|Stealth Rock|p2a: Necrozma
|-sidestart|p2: ReshiramEnthusiast|move: Stealth Rock
|
|upkeep
|turn|2
|
|t:|1664805462
|switch|p1a: OOOOOOOOOOOOOOOOOO|Kyogre, shiny|100/100
|-weather|RainDance|[from] ability: Drizzle|[of] p1a: OOOOOOOOOOOOOOOOOO
|move|p2a: Necrozma|Thunder Wave|p1a: OOOOOOOOOOOOOOOOOO
|-status|p1a: OOOOOOOOOOOOOOOOOO|par
|
|-weather|RainDance|[upkeep]
|upkeep
|turn|3
|
|t:|1664805467
|switch|p2a: Palkia|Palkia|100/100
|-damage|p2a: Palkia|88/100|[from] Stealth Rock
|-ability|p2a: Palkia|Pressure
|move|p1a: OOOOOOOOOOOOOOOOOO|Scald|p2a: Palkia
|-resisted|p2a: Palkia
|-crit|p2a: Palkia
|-damage|p2a: Palkia|67/100
|
|-weather|RainDance|[upkeep]
|upkeep
|turn|4
|
|t:|1664805473
|switch|p1a: Dialga|Dialga|100/100
|-ability|p1a: Dialga|Pressure
|move|p2a: Palkia|Hydro Pump|p1a: Dialga
|-resisted|p1a: Dialga
|-damage|p1a: Dialga|55/100
|
|-weather|RainDance|[upkeep]
|-heal|p1a: Dialga|61/100|[from] item: Leftovers
|upkeep
|turn|5
|
|t:|1664805480
|switch|p2a: Genesect|Genesect, shiny|100/100
|-damage|p2a: Genesect|88/100|[from] Stealth Rock
|-ability|p2a: Genesect|Download|boost
|-boost|p2a: Genesect|atk|1
|move|p1a: Dialga|Dragon Tail|p2a: Genesect
|-resisted|p2a: Genesect
|-damage|p2a: Genesect|71/100
|drag|p2a: Xerneas|Xerneas|100/100
|-damage|p2a: Xerneas|88/100|[from] Stealth Rock
|-ability|p2a: Xerneas|Fairy Aura
|
|-weather|RainDance|[upkeep]
|-heal|p1a: Dialga|67/100|[from] item: Leftovers
|upkeep
|turn|6
|
|t:|1664805484
|switch|p1a: Necrozma|Necrozma-Dusk-Mane|100/100
|move|p2a: Xerneas|Moonblast|p1a: Necrozma
|-resisted|p1a: Necrozma
|-crit|p1a: Necrozma
|-damage|p1a: Necrozma|50/100
|
|-weather|none
|upkeep
|turn|7
|
|t:|1664805491
|switch|p2a: Yveltal|Yveltal|100/100
|-ability|p2a: Yveltal|Dark Aura
|move|p1a: Necrozma|Moonlight|p1a: Necrozma
|-heal|p1a: Necrozma|99/100
|
|upkeep
|turn|8
|c|☆ReshiramEnthusiast|oh
|l|☆ReshiramEnthusiast
|inactive|ReshiramEnthusiast disconnected and has a minute to reconnect!
|player|p2|
|j|☆ReshiramEnthusiast
|inactive|ReshiramEnthusiast reconnected and has 125 seconds left.
|player|p2|ReshiramEnthusiast|red-gen7
|inactive|ReshiramEnthusiast has 120 seconds left.
|
|t:|1664805523
|switch|p1a: Eternatus|Eternatus|100/100
|-ability|p1a: Eternatus|Pressure
|move|p2a: Yveltal|Defog|p1a: Eternatus
|-unboost|p1a: Eternatus|evasion|1
|-sideend|p2: ReshiramEnthusiast|Stealth Rock|[from] move: Defog|[of] p2a: Yveltal
|
|upkeep
|turn|9
|
|t:|1664805528
|switch|p2a: Necrozma|Necrozma-Dusk-Mane|100/100
|move|p1a: Eternatus|Toxic Spikes|p2a: Necrozma
|-sidestart|p2: ReshiramEnthusiast|move: Toxic Spikes
|
|upkeep
|turn|10
|
|t:|1664805536
|switch|p1a: Landorus|Landorus-Therian, M|100/100
|-ability|p1a: Landorus|Intimidate|boost
|-unboost|p2a: Necrozma|atk|1
|switch|p2a: Eternatus|Eternatus|100/100
|-sideend|p2: ReshiramEnthusiast|move: Toxic Spikes|[of] p2a: Eternatus
|-ability|p2a: Eternatus|Pressure
|
|upkeep
|turn|11
|
|t:|1664805543
|switch|p2a: Yveltal|Yveltal|100/100
|-ability|p2a: Yveltal|Dark Aura
|switch|p1a: Dialga|Dialga|67/100
|-ability|p1a: Dialga|Pressure
|
|-heal|p1a: Dialga|74/100|[from] item: Leftovers
|upkeep
|turn|12
|
|t:|1664805549
|move|p1a: Dialga|Protect|p1a: Dialga
|-singleturn|p1a: Dialga|Protect
|move|p2a: Yveltal|Dark Pulse|p1a: Dialga
|-activate|p1a: Dialga|move: Protect
|
|-heal|p1a: Dialga|80/100|[from] item: Leftovers
|upkeep
|turn|13
|
|t:|1664805553
|switch|p1a: Eternatus|Eternatus|100/100
|-ability|p1a: Eternatus|Pressure
|move|p2a: Yveltal|Dark Pulse|p1a: Eternatus
|-damage|p1a: Eternatus|66/100
|
|upkeep
|turn|14
|inactive|ReshiramEnthusiast has 120 seconds left.
|
|t:|1664805591
|move|p1a: Eternatus|Toxic Spikes|p2a: Yveltal
|-sidestart|p2: ReshiramEnthusiast|move: Toxic Spikes
|move|p2a: Yveltal|U-turn|p1a: Eternatus
|-resisted|p1a: Eternatus
|-damage|p1a: Eternatus|60/100
|
|t:|1664805593
|switch|p2a: Eternatus|Eternatus|100/100|[from]move: U-turn
|-sideend|p2: ReshiramEnthusiast|move: Toxic Spikes|[of] p2a: Eternatus
|-ability|p2a: Eternatus|Pressure
|
|upkeep
|turn|15
|
|t:|1664805598
|switch|p1a: Dialga|Dialga|80/100
|-ability|p1a: Dialga|Pressure
|move|p2a: Eternatus|Dragon Pulse|p1a: Dialga
|-damage|p1a: Dialga|53/100
|
|-heal|p1a: Dialga|59/100|[from] item: Leftovers
|upkeep
|turn|16
|c|☆ReshiramEnthusiast|wanted to cancel dang it
|
|t:|1664805608
|switch|p2a: Yveltal|Yveltal|100/100
|-ability|p2a: Yveltal|Dark Aura
|move|p1a: Dialga|Stealth Rock|p2a: Yveltal
|-sidestart|p2: ReshiramEnthusiast|move: Stealth Rock
|
|-heal|p1a: Dialga|65/100|[from] item: Leftovers
|upkeep
|turn|17
|
|t:|1664805615
|move|p1a: Dialga|Protect|p1a: Dialga
|-singleturn|p1a: Dialga|Protect
|move|p2a: Yveltal|Dark Pulse|p1a: Dialga
|-activate|p1a: Dialga|move: Protect
|
|-heal|p1a: Dialga|72/100|[from] item: Leftovers
|upkeep
|turn|18
|inactive|ReshiramEnthusiast has 120 seconds left.
|
|t:|1664805646
|switch|p1a: Eternatus|Eternatus|60/100
|-ability|p1a: Eternatus|Pressure
|move|p2a: Yveltal|Defog|p1a: Eternatus
|-unboost|p1a: Eternatus|evasion|1
|-sideend|p2: ReshiramEnthusiast|Stealth Rock|[from] move: Defog|[of] p2a: Yveltal
|
|upkeep
|turn|19
|
|t:|1664805662
|move|p1a: Eternatus|Sludge Bomb|p2a: Yveltal
|-damage|p2a: Yveltal|72/100
|move|p2a: Yveltal|U-turn|p1a: Eternatus
|-resisted|p1a: Eternatus
|-damage|p1a: Eternatus|54/100
|inactive|ReshiramEnthusiast has 120 seconds left.
|
|t:|1664805694
|switch|p2a: Necrozma|Necrozma-Dusk-Mane|100/100|[from]move: U-turn
|
|upkeep
|turn|20
|
|t:|1664805703
|switch|p1a: Landorus|Landorus-Therian, M|100/100
|-ability|p1a: Landorus|Intimidate|boost
|-unboost|p2a: Necrozma|atk|1
|move|p2a: Necrozma|Thunder Wave|p1a: Landorus
|-immune|p1a: Landorus
|
|upkeep
|turn|21
|
|t:|1664805711
|move|p2a: Necrozma|Iron Head|p1a: Landorus
|-damage|p1a: Landorus|81/100
|move|p1a: Landorus|Earthquake|p2a: Necrozma
|-supereffective|p2a: Necrozma
|-damage|p2a: Necrozma|63/100
|
|-heal|p2a: Necrozma|69/100|[from] item: Leftovers
|-heal|p1a: Landorus|87/100|[from] item: Leftovers
|upkeep
|turn|22
|inactive|ReshiramEnthusiast has 120 seconds left.
|
|t:|1664805740
|move|p1a: Landorus|U-turn|p2a: Necrozma
|-damage|p2a: Necrozma|57/100
|
|t:|1664805742
|switch|p1a: Yveltal|Yveltal|100/100|[from]move: U-turn
|-ability|p1a: Yveltal|Dark Aura
|move|p2a: Necrozma|Morning Sun|p2a: Necrozma
|-heal|p2a: Necrozma|100/100
|
|upkeep
|turn|23
|
|t:|1664805746
|switch|p1a: OOOOOOOOOOOOOOOOOO|Kyogre, shiny|100/100 par
|-weather|RainDance|[from] ability: Drizzle|[of] p1a: OOOOOOOOOOOOOOOOOO
|move|p2a: Necrozma|Thunder Wave|p1a: OOOOOOOOOOOOOOOOOO
|-fail|p1a: OOOOOOOOOOOOOOOOOO|par
|
|-weather|RainDance|[upkeep]
|upkeep
|turn|24
|
|t:|1664805753
|switch|p2a: Palkia|Palkia|67/100
|-ability|p2a: Palkia|Pressure
|cant|p1a: OOOOOOOOOOOOOOOOOO|par
|
|-weather|RainDance|[upkeep]
|upkeep
|turn|25
|
|t:|1664805762
|move|p2a: Palkia|Hydro Pump|p1a: OOOOOOOOOOOOOOOOOO
|-resisted|p1a: OOOOOOOOOOOOOOOOOO
|-damage|p1a: OOOOOOOOOOOOOOOOOO|53/100 par
|move|p1a: OOOOOOOOOOOOOOOOOO|Rest|p1a: OOOOOOOOOOOOOOOOOO
|-status|p1a: OOOOOOOOOOOOOOOOOO|slp|[from] move: Rest
|-heal|p1a: OOOOOOOOOOOOOOOOOO|100/100 slp|[silent]
|
|-weather|RainDance|[upkeep]
|upkeep
|turn|26
|
|t:|1664805770
|move|p2a: Palkia|Hydro Pump|p1a: OOOOOOOOOOOOOOOOOO
|-resisted|p1a: OOOOOOOOOOOOOOOOOO
|-damage|p1a: OOOOOOOOOOOOOOOOOO|57/100 slp
|cant|p1a: OOOOOOOOOOOOOOOOOO|slp
|
|-weather|RainDance|[upkeep]
|-heal|p1a: OOOOOOOOOOOOOOOOOO|64/100 slp|[from] item: Leftovers
|upkeep
|turn|27
|
|t:|1664805775
|switch|p2a: Genesect|Genesect, shiny|71/100
|-ability|p2a: Genesect|Download|boost
|-boost|p2a: Genesect|atk|1
|switch|p1a: Dialga|Dialga|72/100
|-ability|p1a: Dialga|Pressure
|
|-weather|none
|-heal|p1a: Dialga|78/100|[from] item: Leftovers
|upkeep
|turn|28
|
|t:|1664805778
|move|p2a: Genesect|U-turn|p1a: Dialga
|-resisted|p1a: Dialga
|-damage|p1a: Dialga|59/100
|
|t:|1664805780
|switch|p2a: Palkia|Palkia|67/100|[from]move: U-turn
|-ability|p2a: Palkia|Pressure
|move|p1a: Dialga|Stealth Rock|p2a: Palkia
|-sidestart|p2: ReshiramEnthusiast|move: Stealth Rock
|
|-heal|p1a: Dialga|66/100|[from] item: Leftovers
|upkeep
|turn|29
|
|t:|1664805784
|move|p1a: Dialga|Protect|p1a: Dialga
|-singleturn|p1a: Dialga|Protect
|move|p2a: Palkia|Spacial Rend|p1a: Dialga
|-activate|p1a: Dialga|move: Protect
|
|-heal|p1a: Dialga|72/100|[from] item: Leftovers
|upkeep
|turn|30
|
|t:|1664805789
|switch|p1a: Necrozma|Necrozma-Dusk-Mane|99/100
|move|p2a: Palkia|Spacial Rend|p1a: Necrozma
|-resisted|p1a: Necrozma
|-damage|p1a: Necrozma|66/100
|
|upkeep
|turn|31
|
|t:|1664805794
|switch|p2a: Yveltal|Yveltal|72/100
|-ability|p2a: Yveltal|Dark Aura
|move|p1a: Necrozma|Moonlight|p1a: Necrozma
|-heal|p1a: Necrozma|100/100
|
|upkeep
|turn|32
|
|t:|1664805802
|switch|p1a: Eternatus|Eternatus|54/100
|-ability|p1a: Eternatus|Pressure
|move|p2a: Yveltal|Defog|p1a: Eternatus
|-unboost|p1a: Eternatus|evasion|1
|-sideend|p2: ReshiramEnthusiast|Stealth Rock|[from] move: Defog|[of] p2a: Yveltal
|
|upkeep
|turn|33
|
|t:|1664805804
|move|p1a: Eternatus|Recover|p1a: Eternatus
|-heal|p1a: Eternatus|100/100
|move|p2a: Yveltal|U-turn|p1a: Eternatus
|-resisted|p1a: Eternatus
|-damage|p1a: Eternatus|94/100
|
|t:|1664805810
|switch|p2a: Necrozma|Necrozma-Dusk-Mane|100/100|[from]move: U-turn
|
|upkeep
|turn|34
|
|t:|1664805820
|switch|p1a: Landorus|Landorus-Therian, M|87/100
|-ability|p1a: Landorus|Intimidate|boost
|-unboost|p2a: Necrozma|atk|1
|move|p2a: Necrozma|Thunder Wave|p1a: Landorus
|-immune|p1a: Landorus
|
|-heal|p1a: Landorus|93/100|[from] item: Leftovers
|upkeep
|turn|35
|
|t:|1664805824
|move|p1a: Landorus|U-turn|p2a: Necrozma
|-damage|p2a: Necrozma|88/100
|
|t:|1664805826
|switch|p1a: OOOOOOOOOOOOOOOOOO|Kyogre, shiny|64/100 slp|[from]move: U-turn
|-weather|RainDance|[from] ability: Drizzle|[of] p1a: OOOOOOOOOOOOOOOOOO
|move|p2a: Necrozma|Iron Head|p1a: OOOOOOOOOOOOOOOOOO
|-resisted|p1a: OOOOOOOOOOOOOOOOOO
|-damage|p1a: OOOOOOOOOOOOOOOOOO|55/100 slp
|
|-weather|RainDance|[upkeep]
|-heal|p2a: Necrozma|94/100|[from] item: Leftovers
|-heal|p1a: OOOOOOOOOOOOOOOOOO|61/100 slp|[from] item: Leftovers
|upkeep
|turn|36
|
|t:|1664805831
|switch|p2a: Xerneas|Xerneas|88/100
|-ability|p2a: Xerneas|Fairy Aura
|cant|p1a: OOOOOOOOOOOOOOOOOO|slp
|
|-weather|RainDance|[upkeep]
|-heal|p1a: OOOOOOOOOOOOOOOOOO|67/100 slp|[from] item: Leftovers
|upkeep
|turn|37
|
|t:|1664805834
|switch|p1a: Necrozma|Necrozma-Dusk-Mane|100/100
|move|p2a: Xerneas|Geomancy||[still]
|-prepare|p2a: Xerneas|Geomancy
|-enditem|p2a: Xerneas|Power Herb
|-anim|p2a: Xerneas|Geomancy|p2a: Xerneas
|-boost|p2a: Xerneas|spa|2
|-boost|p2a: Xerneas|spd|2
|-boost|p2a: Xerneas|spe|2
|
|-weather|RainDance|[upkeep]
|upkeep
|turn|38
|
|t:|1664805838
|move|p2a: Xerneas|Substitute|p2a: Xerneas
|-start|p2a: Xerneas|Substitute
|-damage|p2a: Xerneas|63/100
|move|p1a: Necrozma|Sunsteel Strike|p2a: Xerneas
|-supereffective|p2a: Xerneas
|-end|p2a: Xerneas|Substitute
|
|-weather|RainDance|[upkeep]
|upkeep
|turn|39
|
|t:|1664805841
|move|p2a: Xerneas|Substitute|p2a: Xerneas
|-start|p2a: Xerneas|Substitute
|-damage|p2a: Xerneas|38/100
|move|p1a: Necrozma|Sunsteel Strike|p2a: Xerneas
|-supereffective|p2a: Xerneas
|-end|p2a: Xerneas|Substitute
|
|-weather|none
|upkeep
|turn|40
|
|t:|1664805843
|move|p2a: Xerneas|Substitute|p2a: Xerneas
|-start|p2a: Xerneas|Substitute
|-damage|p2a: Xerneas|13/100
|move|p1a: Necrozma|Sunsteel Strike|p2a: Xerneas
|-supereffective|p2a: Xerneas
|-end|p2a: Xerneas|Substitute
|
|upkeep
|turn|41
|
|t:|1664805844
|move|p2a: Xerneas|Endeavor|p1a: Necrozma
|-damage|p1a: Necrozma|14/100
|move|p1a: Necrozma|Sunsteel Strike|p2a: Xerneas
|-supereffective|p2a: Xerneas
|-damage|p2a: Xerneas|0 fnt
|faint|p2a: Xerneas
|
|upkeep
|
|t:|1664805848
|switch|p2a: Genesect|Genesect, shiny|71/100
|-ability|p2a: Genesect|Download|boost
|-boost|p2a: Genesect|spa|1
|turn|42
|
|t:|1664805856
|switch|p1a: Eternatus|Eternatus|94/100
|-ability|p1a: Eternatus|Pressure
|move|p2a: Genesect|U-turn|p1a: Eternatus
|-resisted|p1a: Eternatus
|-damage|p1a: Eternatus|80/100
|
|t:|1664805859
|switch|p2a: Eternatus|Eternatus|100/100|[from]move: U-turn
|-ability|p2a: Eternatus|Pressure
|
|upkeep
|turn|43
|
|t:|1664805862
|switch|p1a: Dialga|Dialga|72/100
|-ability|p1a: Dialga|Pressure
|move|p2a: Eternatus|Meteor Beam||[still]
|-prepare|p2a: Eternatus|Meteor Beam
|-boost|p2a: Eternatus|spa|1
|-enditem|p2a: Eternatus|Power Herb
|-anim|p2a: Eternatus|Meteor Beam|p1a: Dialga
|-resisted|p1a: Dialga
|-damage|p1a: Dialga|54/100
|
|-heal|p1a: Dialga|60/100|[from] item: Leftovers
|upkeep
|turn|44
|
|t:|1664805870
|move|p1a: Dialga|Protect|p1a: Dialga
|-singleturn|p1a: Dialga|Protect
|move|p2a: Eternatus|Dragon Pulse|p1a: Dialga
|-activate|p1a: Dialga|move: Protect
|
|-heal|p1a: Dialga|67/100|[from] item: Leftovers
|upkeep
|turn|45
|
|t:|1664805874
|move|p2a: Eternatus|Dragon Pulse|p1a: Dialga
|-damage|p1a: Dialga|26/100
|move|p1a: Dialga|Dragon Tail|p2a: Eternatus
|-supereffective|p2a: Eternatus
|-damage|p2a: Eternatus|57/100
|drag|p2a: Palkia|Palkia|67/100
|-ability|p2a: Palkia|Pressure
|
|-heal|p1a: Dialga|32/100|[from] item: Leftovers
|upkeep
|turn|46
|
|t:|1664805880
|move|p1a: Dialga|Protect|p1a: Dialga
|-singleturn|p1a: Dialga|Protect
|move|p2a: Palkia|Spacial Rend|p1a: Dialga
|-activate|p1a: Dialga|move: Protect
|
|-heal|p1a: Dialga|39/100|[from] item: Leftovers
|upkeep
|turn|47
|
|t:|1664805900
|switch|p1a: Necrozma|Necrozma-Dusk-Mane|14/100
|move|p2a: Palkia|Spacial Rend|p1a: Necrozma
|-resisted|p1a: Necrozma
|-damage|p1a: Necrozma|0 fnt
|faint|p1a: Necrozma
|
|upkeep
|
|t:|1664805909
|switch|p1a: Yveltal|Yveltal|100/100
|-ability|p1a: Yveltal|Dark Aura
|turn|48
|
|t:|1664805916
|move|p2a: Palkia|Spacial Rend|p1a: Yveltal
|-damage|p1a: Yveltal|27/100
|move|p1a: Yveltal|Roost|p1a: Yveltal
|-heal|p1a: Yveltal|77/100
|-singleturn|p1a: Yveltal|move: Roost
|
|upkeep
|turn|49
|
|t:|1664805925
|move|p2a: Palkia|Spacial Rend|p1a: Yveltal
|-damage|p1a: Yveltal|6/100
|move|p1a: Yveltal|Roost|p1a: Yveltal
|-heal|p1a: Yveltal|56/100
|-singleturn|p1a: Yveltal|move: Roost
|
|upkeep
|turn|50
|
|t:|1664805928
|switch|p2a: Eternatus|Eternatus|57/100
|-ability|p2a: Eternatus|Pressure
|move|p1a: Yveltal|Hone Claws|p1a: Yveltal
|-boost|p1a: Yveltal|atk|1
|-boost|p1a: Yveltal|accuracy|1
|
|upkeep
|turn|51
|
|t:|1664805933
|move|p2a: Eternatus|Cosmic Power|p2a: Eternatus
|-boost|p2a: Eternatus|def|1
|-boost|p2a: Eternatus|spd|1
|move|p1a: Yveltal|Knock Off|p2a: Eternatus
|-damage|p2a: Eternatus|18/100
|
|upkeep
|turn|52
|
|t:|1664805944
|move|p2a: Eternatus|Recover|p2a: Eternatus
|-heal|p2a: Eternatus|68/100
|move|p1a: Yveltal|Hone Claws|p1a: Yveltal
|-boost|p1a: Yveltal|atk|1
|-boost|p1a: Yveltal|accuracy|1
|
|upkeep
|turn|53
|
|t:|1664805946
|move|p2a: Eternatus|Cosmic Power|p2a: Eternatus
|-boost|p2a: Eternatus|def|1
|-boost|p2a: Eternatus|spd|1
|move|p1a: Yveltal|Knock Off|p2a: Eternatus
|-damage|p2a: Eternatus|25/100
|
|upkeep
|turn|54
|
|t:|1664805961
|move|p2a: Eternatus|Recover|p2a: Eternatus
|-heal|p2a: Eternatus|75/100
|move|p1a: Yveltal|Roost|p1a: Yveltal
|-heal|p1a: Yveltal|100/100
|-singleturn|p1a: Yveltal|move: Roost
|
|upkeep
|turn|55
|
|t:|1664805966
|move|p2a: Eternatus|Cosmic Power|p2a: Eternatus
|-boost|p2a: Eternatus|def|1
|-boost|p2a: Eternatus|spd|1
|move|p1a: Yveltal|Knock Off|p2a: Eternatus
|-damage|p2a: Eternatus|43/100
|
|upkeep
|turn|56
|
|t:|1664805968
|switch|p1a: Dialga|Dialga|39/100
|-ability|p1a: Dialga|Pressure
|move|p2a: Eternatus|Recover|p2a: Eternatus
|-heal|p2a: Eternatus|94/100
|
|-heal|p1a: Dialga|45/100|[from] item: Leftovers
|upkeep
|turn|57
|
|t:|1664805973
|move|p1a: Dialga|Protect|p1a: Dialga
|-singleturn|p1a: Dialga|Protect
|move|p2a: Eternatus|Dragon Pulse|p1a: Dialga
|-activate|p1a: Dialga|move: Protect
|
|-heal|p1a: Dialga|51/100|[from] item: Leftovers
|upkeep
|turn|58
|
|t:|1664805977
|move|p2a: Eternatus|Dragon Pulse|p1a: Dialga
|-damage|p1a: Dialga|27/100
|move|p1a: Dialga|Dragon Tail|p2a: Eternatus
|-supereffective|p2a: Eternatus
|-damage|p2a: Eternatus|78/100
|drag|p2a: Palkia|Palkia|67/100
|-ability|p2a: Palkia|Pressure
|
|-heal|p1a: Dialga|33/100|[from] item: Leftovers
|upkeep
|turn|59
|
|t:|1664805987
|move|p2a: Palkia|Fire Blast|p1a: Dialga
|-damage|p1a: Dialga|0 fnt
|faint|p1a: Dialga
|
|upkeep
|
|t:|1664805992
|switch|p1a: Yveltal|Yveltal|100/100
|-ability|p1a: Yveltal|Dark Aura
|turn|60
|
|t:|1664805999
|switch|p2a: Yveltal|Yveltal|72/100
|-ability|p2a: Yveltal|Dark Aura
|move|p1a: Yveltal|Hone Claws|p1a: Yveltal
|-boost|p1a: Yveltal|atk|1
|-boost|p1a: Yveltal|accuracy|1
|
|upkeep
|turn|61
|
|t:|1664806001
|move|p1a: Yveltal|Hone Claws|p1a: Yveltal
|-boost|p1a: Yveltal|atk|1
|-boost|p1a: Yveltal|accuracy|1
|move|p2a: Yveltal|Oblivion Wing|p1a: Yveltal
|-damage|p1a: Yveltal|69/100
|-heal|p2a: Yveltal|92/100|[from] drain|[of] p1a: Yveltal
|
|upkeep
|turn|62
|
|t:|1664806005
|move|p1a: Yveltal|Hone Claws|p1a: Yveltal
|-boost|p1a: Yveltal|atk|1
|-boost|p1a: Yveltal|accuracy|1
|move|p2a: Yveltal|U-turn|p1a: Yveltal
|-damage|p1a: Yveltal|55/100
|
|t:|1664806008
|switch|p2a: Eternatus|Eternatus|78/100|[from]move: U-turn
|-ability|p2a: Eternatus|Pressure
|
|upkeep
|turn|63
|
|t:|1664806009
|move|p2a: Eternatus|Cosmic Power|p2a: Eternatus
|-boost|p2a: Eternatus|def|1
|-boost|p2a: Eternatus|spd|1
|move|p1a: Yveltal|Knock Off|p2a: Eternatus
|-damage|p2a: Eternatus|11/100
|
|upkeep
|turn|64
|
|t:|1664806013
|move|p2a: Eternatus|Dragon Pulse|p1a: Yveltal
|-damage|p1a: Yveltal|19/100
|move|p1a: Yveltal|Knock Off|p2a: Eternatus
|-damage|p2a: Eternatus|0 fnt
|faint|p2a: Eternatus
|
|upkeep
|
|t:|1664806014
|switch|p2a: Genesect|Genesect, shiny|71/100
|-ability|p2a: Genesect|Download|boost
|-boost|p2a: Genesect|atk|1
|turn|65
|
|t:|1664806016
|move|p2a: Genesect|Extreme Speed|p1a: Yveltal
|-damage|p1a: Yveltal|0 fnt
|faint|p1a: Yveltal
|
|upkeep
|
|t:|1664806020
|switch|p1a: Landorus|Landorus-Therian, M|93/100
|-ability|p1a: Landorus|Intimidate|boost
|-unboost|p2a: Genesect|atk|1
|turn|66
|
|t:|1664806023
|switch|p2a: Palkia|Palkia|67/100
|-ability|p2a: Palkia|Pressure
|move|p1a: Landorus|U-turn|p2a: Palkia
|-damage|p2a: Palkia|42/100
|
|t:|1664806025
|switch|p1a: Eternatus|Eternatus|80/100|[from]move: U-turn
|-ability|p1a: Eternatus|Pressure
|
|upkeep
|turn|67
|
|t:|1664806031
|switch|p2a: Necrozma|Necrozma-Dusk-Mane|94/100
|move|p1a: Eternatus|Toxic Spikes|p2a: Necrozma
|-sidestart|p2: ReshiramEnthusiast|move: Toxic Spikes
|
|-heal|p2a: Necrozma|100/100|[from] item: Leftovers
|upkeep
|turn|68
|
|t:|1664806034
|switch|p1a: OOOOOOOOOOOOOOOOOO|Kyogre, shiny|67/100 slp
|-weather|RainDance|[from] ability: Drizzle|[of] p1a: OOOOOOOOOOOOOOOOOO
|move|p2a: Necrozma|Iron Head|p1a: OOOOOOOOOOOOOOOOOO
|-resisted|p1a: OOOOOOOOOOOOOOOOOO
|-damage|p1a: OOOOOOOOOOOOOOOOOO|54/100 slp
|
|-weather|RainDance|[upkeep]
|-heal|p1a: OOOOOOOOOOOOOOOOOO|60/100 slp|[from] item: Leftovers
|upkeep
|turn|69
|
|t:|1664806036
|move|p2a: Necrozma|Earthquake|p1a: OOOOOOOOOOOOOOOOOO
|-damage|p1a: OOOOOOOOOOOOOOOOOO|39/100 slp
|-curestatus|p1a: OOOOOOOOOOOOOOOOOO|slp|[msg]
|move|p1a: OOOOOOOOOOOOOOOOOO|Substitute|p1a: OOOOOOOOOOOOOOOOOO
|-start|p1a: OOOOOOOOOOOOOOOOOO|Substitute
|-damage|p1a: OOOOOOOOOOOOOOOOOO|14/100
|
|-weather|RainDance|[upkeep]
|-heal|p1a: OOOOOOOOOOOOOOOOOO|20/100|[from] item: Leftovers
|upkeep
|turn|70
|
|t:|1664806041
|move|p1a: OOOOOOOOOOOOOOOOOO|Rest|p1a: OOOOOOOOOOOOOOOOOO
|-status|p1a: OOOOOOOOOOOOOOOOOO|slp|[from] move: Rest
|-heal|p1a: OOOOOOOOOOOOOOOOOO|100/100 slp|[silent]
|move|p2a: Necrozma|Earthquake|p1a: OOOOOOOOOOOOOOOOOO
|-activate|p1a: OOOOOOOOOOOOOOOOOO|move: Substitute|[damage]
|
|-weather|RainDance|[upkeep]
|upkeep
|turn|71
|
|t:|1664806047
|cant|p1a: OOOOOOOOOOOOOOOOOO|slp
|move|p2a: Necrozma|Earthquake|p1a: OOOOOOOOOOOOOOOOOO
|-end|p1a: OOOOOOOOOOOOOOOOOO|Substitute
|
|-weather|RainDance|[upkeep]
|upkeep
|turn|72
|
|t:|1664806073
|switch|p2a: Genesect|Genesect, shiny|71/100
|-ability|p2a: Genesect|Download|boost
|-boost|p2a: Genesect|atk|1
|cant|p1a: OOOOOOOOOOOOOOOOOO|slp
|
|-weather|none
|upkeep
|turn|73
|
|t:|1664806077
|switch|p1a: Landorus|Landorus-Therian, M|93/100
|-ability|p1a: Landorus|Intimidate|boost
|-unboost|p2a: Genesect|atk|1
|move|p2a: Genesect|U-turn|p1a: Landorus
|-resisted|p1a: Landorus
|-damage|p1a: Landorus|82/100
|
|t:|1664806079
|switch|p2a: Yveltal|Yveltal|92/100|[from]move: U-turn
|-ability|p2a: Yveltal|Dark Aura
|
|-heal|p1a: Landorus|88/100|[from] item: Leftovers
|upkeep
|turn|74
|
|t:|1664806092
|move|p2a: Yveltal|Dark Pulse|p1a: Landorus
|-damage|p1a: Landorus|32/100
|move|p1a: Landorus|Toxic|p2a: Yveltal
|-status|p2a: Yveltal|tox
|
|-heal|p1a: Landorus|38/100|[from] item: Leftovers
|-damage|p2a: Yveltal|86/100 tox|[from] psn
|upkeep
|turn|75
|
|t:|1664806095
|switch|p1a: Eternatus|Eternatus|80/100
|-ability|p1a: Eternatus|Pressure
|move|p2a: Yveltal|Oblivion Wing|p1a: Eternatus
|-damage|p1a: Eternatus|52/100
|-heal|p2a: Yveltal|100/100 tox|[from] drain|[of] p1a: Eternatus
|
|-damage|p2a: Yveltal|88/100 tox|[from] psn
|upkeep
|turn|76
|
|t:|1664806098
|move|p1a: Eternatus|Recover|p1a: Eternatus
|-heal|p1a: Eternatus|100/100
|move|p2a: Yveltal|U-turn|p1a: Eternatus
|-resisted|p1a: Eternatus
|-damage|p1a: Eternatus|95/100
|
|t:|1664806101
|switch|p2a: Genesect|Genesect, shiny|71/100|[from]move: U-turn
|-ability|p2a: Genesect|Download|boost
|-boost|p2a: Genesect|atk|1
|
|upkeep
|turn|77
|
|t:|1664806104
|move|p2a: Genesect|U-turn|p1a: Eternatus
|-resisted|p1a: Eternatus
|-damage|p1a: Eternatus|75/100
|
|t:|1664806106
|switch|p2a: Necrozma|Necrozma-Dusk-Mane|100/100|[from]move: U-turn
|move|p1a: Eternatus|Draco Meteor|p2a: Necrozma
|-resisted|p2a: Necrozma
|-damage|p2a: Necrozma|76/100
|-unboost|p1a: Eternatus|spa|2
|
|-heal|p2a: Necrozma|82/100|[from] item: Leftovers
|upkeep
|turn|78
|
|t:|1664806109
|switch|p1a: OOOOOOOOOOOOOOOOOO|Kyogre, shiny|100/100 slp
|-weather|RainDance|[from] ability: Drizzle|[of] p1a: OOOOOOOOOOOOOOOOOO
|switch|p2a: Genesect|Genesect, shiny|71/100
|-ability|p2a: Genesect|Download|boost
|-boost|p2a: Genesect|atk|1
|
|-weather|RainDance|[upkeep]
|upkeep
|turn|79
|
|t:|1664806112
|move|p2a: Genesect|U-turn|p1a: OOOOOOOOOOOOOOOOOO
|-damage|p1a: OOOOOOOOOOOOOOOOOO|69/100 slp
|
|t:|1664806114
|switch|p2a: Palkia|Palkia|42/100|[from]move: U-turn
|-status|p2a: Palkia|psn
|-ability|p2a: Palkia|Pressure
|-curestatus|p1a: OOOOOOOOOOOOOOOOOO|slp|[msg]
|move|p1a: OOOOOOOOOOOOOOOOOO|Scald|p2a: Palkia
|-resisted|p2a: Palkia
|-damage|p2a: Palkia|29/100 psn
|
|-weather|RainDance|[upkeep]
|-heal|p1a: OOOOOOOOOOOOOOOOOO|75/100|[from] item: Leftovers
|-damage|p2a: Palkia|17/100 psn|[from] psn
|upkeep
|turn|80
|
|t:|1664806118
|switch|p1a: Eternatus|Eternatus|75/100
|-ability|p1a: Eternatus|Pressure
|move|p2a: Palkia|Hydro Pump|p1a: Eternatus
|-resisted|p1a: Eternatus
|-damage|p1a: Eternatus|27/100
|
|-weather|RainDance|[upkeep]
|-damage|p2a: Palkia|5/100 psn|[from] psn
|upkeep
|turn|81
|
|t:|1664806120
|move|p1a: Eternatus|Recover|p1a: Eternatus
|-heal|p1a: Eternatus|77/100
|move|p2a: Palkia|Hydro Pump|p1a: Eternatus
|-resisted|p1a: Eternatus
|-damage|p1a: Eternatus|23/100
|
|-weather|RainDance|[upkeep]
|-damage|p2a: Palkia|0 fnt|[from] psn
|faint|p2a: Palkia
|upkeep
|
|t:|1664806122
|switch|p2a: Genesect|Genesect, shiny|71/100
|-ability|p2a: Genesect|Download|boost
|-boost|p2a: Genesect|atk|1
|turn|82
|
|t:|1664806125
|move|p2a: Genesect|Iron Head|p1a: Eternatus
|-damage|p1a: Eternatus|0 fnt
|faint|p1a: Eternatus
|
|-weather|none
|upkeep
|
|t:|1664806128
|switch|p1a: OOOOOOOOOOOOOOOOOO|Kyogre, shiny|75/100
|-weather|RainDance|[from] ability: Drizzle|[of] p1a: OOOOOOOOOOOOOOOOOO
|turn|83
|
|t:|1664806135
|switch|p2a: Necrozma|Necrozma-Dusk-Mane|82/100
|move|p1a: OOOOOOOOOOOOOOOOOO|Scald|p2a: Necrozma
|-damage|p2a: Necrozma|39/100
|
|-weather|RainDance|[upkeep]
|-heal|p2a: Necrozma|45/100|[from] item: Leftovers
|-heal|p1a: OOOOOOOOOOOOOOOOOO|81/100|[from] item: Leftovers
|upkeep
|turn|84
|
|t:|1664806140
|switch|p2a: Genesect|Genesect, shiny|71/100
|-ability|p2a: Genesect|Download|boost
|-boost|p2a: Genesect|atk|1
|move|p1a: OOOOOOOOOOOOOOOOOO|Substitute|p1a: OOOOOOOOOOOOOOOOOO
|-start|p1a: OOOOOOOOOOOOOOOOOO|Substitute
|-damage|p1a: OOOOOOOOOOOOOOOOOO|56/100
|
|-weather|RainDance|[upkeep]
|-heal|p1a: OOOOOOOOOOOOOOOOOO|63/100|[from] item: Leftovers
|upkeep
|turn|85
|
|t:|1664806144
|move|p2a: Genesect|U-turn|p1a: OOOOOOOOOOOOOOOOOO
|-end|p1a: OOOOOOOOOOOOOOOOOO|Substitute
|
|t:|1664806146
|switch|p2a: Necrozma|Necrozma-Dusk-Mane|45/100|[from]move: U-turn
|move|p1a: OOOOOOOOOOOOOOOOOO|Scald|p2a: Necrozma
|-damage|p2a: Necrozma|0 fnt
|faint|p2a: Necrozma
|
|-weather|RainDance|[upkeep]
|-heal|p1a: OOOOOOOOOOOOOOOOOO|69/100|[from] item: Leftovers
|upkeep
|
|t:|1664806149
|switch|p2a: Genesect|Genesect, shiny|71/100
|-ability|p2a: Genesect|Download|boost
|-boost|p2a: Genesect|atk|1
|turn|86
|
|t:|1664806154
|move|p2a: Genesect|U-turn|p1a: OOOOOOOOOOOOOOOOOO
|-damage|p1a: OOOOOOOOOOOOOOOOOO|33/100
|
|t:|1664806164
|switch|p2a: Yveltal|Yveltal|88/100 tox|[from]move: U-turn
|-ability|p2a: Yveltal|Dark Aura
|move|p1a: OOOOOOOOOOOOOOOOOO|Scald|p2a: Yveltal
|-damage|p2a: Yveltal|52/100 tox
|
|-weather|RainDance|[upkeep]
|-heal|p1a: OOOOOOOOOOOOOOOOOO|39/100|[from] item: Leftovers
|-damage|p2a: Yveltal|46/100 tox|[from] psn
|upkeep
|turn|87
|
|t:|1664806172
|move|p2a: Yveltal|Oblivion Wing|p1a: OOOOOOOOOOOOOOOOOO
|-damage|p1a: OOOOOOOOOOOOOOOOOO|17/100
|-heal|p2a: Yveltal|61/100 tox|[from] drain|[of] p1a: OOOOOOOOOOOOOOOOOO
|move|p1a: OOOOOOOOOOOOOOOOOO|Rest|p1a: OOOOOOOOOOOOOOOOOO
|-status|p1a: OOOOOOOOOOOOOOOOOO|slp|[from] move: Rest
|-heal|p1a: OOOOOOOOOOOOOOOOOO|100/100 slp|[silent]
|
|-weather|none
|-damage|p2a: Yveltal|49/100 tox|[from] psn
|upkeep
|turn|88
|
|t:|1664806179
|move|p2a: Yveltal|Dark Pulse|p1a: OOOOOOOOOOOOOOOOOO
|-damage|p1a: OOOOOOOOOOOOOOOOOO|70/100 slp
|cant|p1a: OOOOOOOOOOOOOOOOOO|slp
|
|-heal|p1a: OOOOOOOOOOOOOOOOOO|76/100 slp|[from] item: Leftovers
|-damage|p2a: Yveltal|30/100 tox|[from] psn
|upkeep
|turn|89
|
|t:|1664806181
|move|p2a: Yveltal|Oblivion Wing|p1a: OOOOOOOOOOOOOOOOOO
|-damage|p1a: OOOOOOOOOOOOOOOOOO|52/100 slp
|-heal|p2a: Yveltal|46/100 tox|[from] drain|[of] p1a: OOOOOOOOOOOOOOOOOO
|cant|p1a: OOOOOOOOOOOOOOOOOO|slp
|
|-heal|p1a: OOOOOOOOOOOOOOOOOO|58/100 slp|[from] item: Leftovers
|-damage|p2a: Yveltal|22/100 tox|[from] psn
|upkeep
|turn|90
|
|t:|1664806186
|move|p2a: Yveltal|Oblivion Wing|p1a: OOOOOOOOOOOOOOOOOO
|-damage|p1a: OOOOOOOOOOOOOOOOOO|34/100 slp
|-heal|p2a: Yveltal|38/100 tox|[from] drain|[of] p1a: OOOOOOOOOOOOOOOOOO
|-curestatus|p1a: OOOOOOOOOOOOOOOOOO|slp|[msg]
|move|p1a: OOOOOOOOOOOOOOOOOO|Rest|p1a: OOOOOOOOOOOOOOOOOO
|-status|p1a: OOOOOOOOOOOOOOOOOO|slp|[from] move: Rest
|-heal|p1a: OOOOOOOOOOOOOOOOOO|100/100 slp|[silent]
|
|-damage|p2a: Yveltal|7/100 tox|[from] psn
|upkeep
|turn|91
|
|t:|1664806188
|move|p2a: Yveltal|U-turn|p1a: OOOOOOOOOOOOOOOOOO
|-damage|p1a: OOOOOOOOOOOOOOOOOO|89/100 slp
|
|t:|1664806189
|switch|p2a: Genesect|Genesect, shiny|71/100|[from]move: U-turn
|-ability|p2a: Genesect|Download|boost
|-boost|p2a: Genesect|atk|1
|cant|p1a: OOOOOOOOOOOOOOOOOO|slp
|
|-heal|p1a: OOOOOOOOOOOOOOOOOO|95/100 slp|[from] item: Leftovers
|upkeep
|turn|92
|
|t:|1664806195
|switch|p1a: Landorus|Landorus-Therian, M|38/100
|-ability|p1a: Landorus|Intimidate|boost
|-unboost|p2a: Genesect|atk|1
|move|p2a: Genesect|U-turn|p1a: Landorus
|-resisted|p1a: Landorus
|-damage|p1a: Landorus|25/100
|
|t:|1664806197
|switch|p2a: Yveltal|Yveltal|7/100 tox|[from]move: U-turn
|-ability|p2a: Yveltal|Dark Aura
|
|-heal|p1a: Landorus|31/100|[from] item: Leftovers
|-damage|p2a: Yveltal|1/100 tox|[from] psn
|upkeep
|turn|93
|
|t:|1664806200
|switch|p1a: OOOOOOOOOOOOOOOOOO|Kyogre, shiny|95/100 slp
|-weather|RainDance|[from] ability: Drizzle|[of] p1a: OOOOOOOOOOOOOOOOOO
|move|p2a: Yveltal|Oblivion Wing|p1a: OOOOOOOOOOOOOOOOOO
|-damage|p1a: OOOOOOOOOOOOOOOOOO|72/100 slp
|-heal|p2a: Yveltal|16/100 tox|[from] drain|[of] p1a: OOOOOOOOOOOOOOOOOO
|
|-weather|RainDance|[upkeep]
|-heal|p1a: OOOOOOOOOOOOOOOOOO|78/100 slp|[from] item: Leftovers
|-damage|p2a: Yveltal|4/100 tox|[from] psn
|upkeep
|turn|94
|
|t:|1664806203
|move|p2a: Yveltal|U-turn|p1a: OOOOOOOOOOOOOOOOOO
|-damage|p1a: OOOOOOOOOOOOOOOOOO|67/100 slp
|
|t:|1664806204
|switch|p2a: Genesect|Genesect, shiny|71/100|[from]move: U-turn
|-ability|p2a: Genesect|Download|boost
|-boost|p2a: Genesect|atk|1
|cant|p1a: OOOOOOOOOOOOOOOOOO|slp
|
|-weather|RainDance|[upkeep]
|-heal|p1a: OOOOOOOOOOOOOOOOOO|73/100 slp|[from] item: Leftovers
|upkeep
|turn|95
|
|t:|1664806210
|move|p2a: Genesect|Iron Head|p1a: OOOOOOOOOOOOOOOOOO
|-resisted|p1a: OOOOOOOOOOOOOOOOOO
|-damage|p1a: OOOOOOOOOOOOOOOOOO|53/100 slp
|-curestatus|p1a: OOOOOOOOOOOOOOOOOO|slp|[msg]
|move|p1a: OOOOOOOOOOOOOOOOOO|Scald|p2a: Genesect
|-damage|p2a: Genesect|0 fnt
|faint|p2a: Genesect
|
|-weather|RainDance|[upkeep]
|-heal|p1a: OOOOOOOOOOOOOOOOOO|59/100|[from] item: Leftovers
|upkeep
|
|t:|1664806212
|switch|p2a: Yveltal|Yveltal|4/100 tox
|-ability|p2a: Yveltal|Dark Aura
|turn|96
|c|☆ReshiramEnthusiast|gg
|
|t:|1664806215
|move|p2a: Yveltal|Oblivion Wing|p1a: OOOOOOOOOOOOOOOOOO
|-crit|p1a: OOOOOOOOOOOOOOOOOO
|-damage|p1a: OOOOOOOOOOOOOOOOOO|25/100
|-heal|p2a: Yveltal|27/100 tox|[from] drain|[of] p1a: OOOOOOOOOOOOOOOOOO
|move|p1a: OOOOOOOOOOOOOOOOOO|Scald|p2a: Yveltal
|-damage|p2a: Yveltal|0 fnt
|faint|p2a: Yveltal
|
|win|LD8 nvzhuangkeai
|raw|LD8 nvzhuangkeai's rating: 1732 &rarr; <strong>1749</strong><br />(+17 for winning)
|raw|ReshiramEnthusiast's rating: 1687 &rarr; <strong>1670</strong><br />(-17 for losing)
|l|☆ReshiramEnthusiast
|c|☆LD8 nvzhuangkeai|gg
|j|☆ReshiramEnthusiast
|player|p2|ReshiramEnthusiast|red-gen7
|l|☆LD8 nvzhuangkeai
