|j|☆I Crit My Panties
|j|☆BarutoBestAnime
|t:|1666534478
|gametype|singles
|player|p1|I Crit My Panties|youngster-gen4dp|1629
|player|p2|BarutoBestAnime|170|1432
|teamsize|p1|6
|teamsize|p2|6
|gen|8
|tier|[Gen 8] Ubers
|rated|
|rule|Sleep Clause Mod: Limit one foe put to sleep
|rule|Species Clause: Limit one of each Pokémon
|rule|OHKO Clause: OHKO moves are banned
|rule|Evasion Items Clause: Evasion items are banned
|rule|Evasion Moves Clause: Evasion moves are banned
|rule|Endless Battle Clause: Forcing endless battles is banned
|rule|HP Percentage Mod: HP is shown in percentages
|rule|Dynamax Clause: You cannot dynamax
|clearpoke
|poke|p1|Hatterene, F|
|poke|p1|Porygon2|
|poke|p1|Magearna|
|poke|p1|Dracovish|
|poke|p1|Calyrex-Ice|
|poke|p1|Necrozma-Dusk-Mane|
|poke|p2|Urshifu-*, M|
|poke|p2|Kyogre|
|poke|p2|Ho-Oh|
|poke|p2|Rayquaza|
|poke|p2|Necrozma-Dusk-Mane|
|poke|p2|Yveltal|
|teampreview
|
|t:|1666534488
|start
|switch|p1a: Hatterene|Hatterene, F|100/100
|switch|p2a: Necrozma|Necrozma-Dusk-Mane|100/100
|turn|1
|
|t:|1666534492
|switch|p1a: Necrozma|Necrozma-Dusk-Mane|100/100
|move|p2a: Necrozma|Iron Head|p1a: Necrozma
|-resisted|p1a: Necrozma
|-damage|p1a: Necrozma|86/100
|
|upkeep
|turn|2
|
|t:|1666534498
|switch|p1a: Hatterene|Hatterene, F|100/100
|move|p2a: Necrozma|Thunder Wave|p1a: Hatterene
|move|p1a: Hatterene|Thunder Wave|p2a: Necrozma|[from]ability: Magic Bounce
|-status|p2a: Necrozma|par
|
|upkeep
|turn|3
|
|t:|1666534504
|switch|p1a: Dracovish|Dracovish|100/100
|move|p2a: Necrozma|Iron Head|p1a: Dracovish
|-resisted|p1a: Dracovish
|-damage|p1a: Dracovish|84/100
|
|upkeep
|turn|4
|
|t:|1666534509
|move|p1a: Dracovish|Fishious Rend|p2a: Necrozma
|-damage|p2a: Necrozma|0 fnt
|faint|p2a: Necrozma
|
|upkeep
|
|t:|1666534523
|switch|p2a: Rayquaza|Rayquaza|100/100
|-ability|p2a: Rayquaza|Air Lock
|turn|5
|
|t:|1666534528
|switch|p1a: Porygon2|Porygon2|100/100
|-ability|p1a: Porygon2|Air Lock|[from] ability: Trace|[of] p2a: Rayquaza
|move|p2a: Rayquaza|Swords Dance|p2a: Rayquaza
|-boost|p2a: Rayquaza|atk|2
|
|upkeep
|turn|6
|
|t:|1666534541
|move|p2a: Rayquaza|Dragon Ascent|p1a: Porygon2
|-damage|p1a: Porygon2|32/100
|-unboost|p2a: Rayquaza|def|1
|-unboost|p2a: Rayquaza|spd|1
|move|p1a: Porygon2|Trick Room|p1a: Porygon2
|-fieldstart|move: Trick Room|[of] p1a: Porygon2
|
|upkeep
|turn|7
|
|t:|1666534553
|switch|p1a: Necrozma|Necrozma-Dusk-Mane|86/100
|switch|p2a: Ho-Oh|Ho-Oh|100/100
|
|upkeep
|turn|8
|
|t:|1666534563
|move|p1a: Necrozma|Swords Dance|p1a: Necrozma
|-boost|p1a: Necrozma|atk|2
|move|p2a: Ho-Oh|Sacred Fire|p1a: Necrozma
|-supereffective|p1a: Necrozma
|-damage|p1a: Necrozma|37/100
|-enditem|p1a: Necrozma|Weakness Policy
|-boost|p1a: Necrozma|atk|2|[from] item: Weakness Policy
|-boost|p1a: Necrozma|spa|2|[from] item: Weakness Policy
|
|upkeep
|turn|9
|
|t:|1666534578
|switch|p2a: Urshifu|Urshifu, M|100/100
|move|p1a: Necrozma|Sunsteel Strike|p2a: Urshifu
|-damage|p2a: Urshifu|0 fnt
|faint|p2a: Urshifu
|
|upkeep
|
|t:|1666534586
|switch|p2a: Ho-Oh|Ho-Oh|100/100
|turn|10
|
|t:|1666534588
|move|p1a: Necrozma|Sunsteel Strike|p2a: Ho-Oh
|-resisted|p2a: Ho-Oh
|-damage|p2a: Ho-Oh|31/100
|move|p2a: Ho-Oh|Sacred Fire|p1a: Necrozma
|-supereffective|p1a: Necrozma
|-damage|p1a: Necrozma|0 fnt
|faint|p1a: Necrozma
|
|-fieldend|move: Trick Room
|upkeep
|
|t:|1666534590
|switch|p1a: Porygon2|Porygon2|32/100
|-ability|p1a: Porygon2|Regenerator|[from] ability: Trace|[of] p2a: Ho-Oh
|turn|11
|
|t:|1666534601
|move|p2a: Ho-Oh|Toxic|p1a: Porygon2
|-status|p1a: Porygon2|tox
|move|p1a: Porygon2|Trick Room|p1a: Porygon2
|-fieldstart|move: Trick Room|[of] p1a: Porygon2
|
|-damage|p1a: Porygon2|26/100 tox|[from] psn
|upkeep
|turn|12
|
|t:|1666534608
|move|p2a: Ho-Oh|Sacred Fire|p1a: Porygon2
|-damage|p1a: Porygon2|5/100 tox
|move|p1a: Porygon2|Teleport|p1a: Porygon2
|
|t:|1666534611
|switch|p1a: Dracovish|Dracovish|84/100|[from]move: Teleport
|
|upkeep
|turn|13
|
|t:|1666534619
|move|p1a: Dracovish|Fishious Rend|p2a: Ho-Oh
|-supereffective|p2a: Ho-Oh
|-damage|p2a: Ho-Oh|0 fnt
|faint|p2a: Ho-Oh
|
|upkeep
|
|t:|1666534629
|switch|p2a: Rayquaza|Rayquaza|100/100
|-ability|p2a: Rayquaza|Air Lock
|turn|14
|
|t:|1666534638
|switch|p1a: Magearna|Magearna|100/100
|move|p2a: Rayquaza|Scale Shot|p1a: Magearna
|-immune|p1a: Magearna
|
|upkeep
|turn|15
|
|t:|1666534644
|move|p1a: Magearna|Fleur Cannon|p2a: Rayquaza
|-supereffective|p2a: Rayquaza
|-enditem|p2a: Rayquaza|Focus Sash
|-damage|p2a: Rayquaza|1/100
|-unboost|p1a: Magearna|spa|2
|move|p2a: Rayquaza|Swords Dance|p2a: Rayquaza
|-boost|p2a: Rayquaza|atk|2
|
|-fieldend|move: Trick Room
|upkeep
|turn|16
|
|t:|1666534654
|move|p2a: Rayquaza|V-create|p1a: Magearna
|-supereffective|p1a: Magearna
|-damage|p1a: Magearna|0 fnt
|-unboost|p2a: Rayquaza|spe|1
|-unboost|p2a: Rayquaza|def|1
|-unboost|p2a: Rayquaza|spd|1
|faint|p1a: Magearna
|
|upkeep
|
|t:|1666534658
|switch|p1a: Hatterene|Hatterene, F|100/100
|turn|17
|
|t:|1666534663
|move|p2a: Rayquaza|Dragon Ascent|p1a: Hatterene
|-enditem|p1a: Hatterene|Focus Sash
|-damage|p1a: Hatterene|1/100
|-unboost|p2a: Rayquaza|def|1
|-unboost|p2a: Rayquaza|spd|1
|move|p1a: Hatterene|Trick Room|p1a: Hatterene
|-fieldstart|move: Trick Room|[of] p1a: Hatterene
|
|upkeep
|turn|18
|
|t:|1666534677
|move|p1a: Hatterene|Misty Explosion|p2a: Rayquaza
|-supereffective|p2a: Rayquaza
|-crit|p2a: Rayquaza
|-damage|p2a: Rayquaza|0 fnt
|faint|p1a: Hatterene
|faint|p2a: Rayquaza
|
|upkeep
|
|t:|1666534686
|switch|p1a: Calyrex|Calyrex-Ice|100/100
|switch|p2a: Kyogre|Kyogre|100/100
|-ability|p1a: Calyrex|As One
|-ability|p1a: Calyrex|Unnerve
|-weather|RainDance|[from] ability: Drizzle|[of] p2a: Kyogre
|turn|19
|inactive|Battle timer is ON: inactive players will automatically lose when time's up. (requested by I Crit My Panties)
|
|t:|1666534708
|switch|p1a: Porygon2|Porygon2|38/100 tox
|-ability|p1a: Porygon2|Drizzle|[from] ability: Trace|[of] p2a: Kyogre
|move|p2a: Kyogre|Origin Pulse|p1a: Porygon2
|-damage|p1a: Porygon2|0 fnt
|faint|p1a: Porygon2
|
|-weather|RainDance|[upkeep]
|upkeep
|
|t:|1666534710
|switch|p1a: Dracovish|Dracovish|84/100
|turn|20
|
|t:|1666534718
|move|p1a: Dracovish|Fishious Rend|p2a: Kyogre
|-resisted|p2a: Kyogre
|-damage|p2a: Kyogre|0 fnt
|faint|p2a: Kyogre
|
|-weather|RainDance|[upkeep]
|upkeep
|
|t:|1666534723
|switch|p2a: Yveltal|Yveltal|100/100
|-ability|p2a: Yveltal|Dark Aura
|turn|21
|
|t:|1666534727
|move|p2a: Yveltal|Sucker Punch|p1a: Dracovish
|-damage|p1a: Dracovish|26/100
|move|p1a: Dracovish|Fishious Rend|p2a: Yveltal
|-damage|p2a: Yveltal|0 fnt
|faint|p2a: Yveltal
|
|win|I Crit My Panties
|raw|I Crit My Panties's rating: 1629 &rarr; <strong>1639</strong><br />(+10 for winning)
|raw|BarutoBestAnime's rating: 1432 &rarr; <strong>1422</strong><br />(-10 for losing)
|l|☆BarutoBestAnime
|l|☆I Crit My Panties
||Ladder isn't responding, score probably updated but might not have (Request timeout).
|j|☆I Crit My Panties
|player|p1|I Crit My Panties|youngster-gen4dp
