|j|☆QiYu3
|j|☆54three21
|player|p1|QiYu3|psychic-gen4|1547
|player|p2|54three21|101|1613
|teamsize|p1|6
|teamsize|p2|6
|gametype|singles
|gen|8
|tier|[Gen 8] Ubers
|rated|
|clearpoke
|poke|p1|Melmetal|
|poke|p1|Reshiram|
|poke|p1|Hatterene, F|
|poke|p1|Necrozma-Dusk-Mane|
|poke|p1|Lunala|
|poke|p1|Mimikyu, L1, M|
|poke|p2|Necrozma-Dusk-Mane|
|poke|p2|Eternatus|
|poke|p2|Lunala|
|poke|p2|Reshiram|
|poke|p2|Zacian-Crowned|
|poke|p2|Hatterene, F|
|rule|Sleep Clause Mod: Limit one foe put to sleep
|rule|Species Clause: Limit one of each Pokémon
|rule|OHKO Clause: OHKO moves are banned
|rule|Evasion Moves Clause: Evasion moves are banned
|rule|Endless Battle Clause: Forcing endless battles is banned
|rule|HP Percentage Mod: HP is shown in percentages
|teampreview
|j| killer whale squa
|inactive|Battle timer is ON: inactive players will automatically lose when time's up. (requested by QiYu3)
|
|start
|switch|p1a: Lunala|Lunala|100/100
|switch|p2a: Reshiram|Reshiram|100/100
|-ability|p2a: Reshiram|Turboblaze
|turn|1
|
|move|p1a: Lunala|Moongeist Beam|p2a: Reshiram
|-damage|p2a: Reshiram|27/100
|move|p2a: Reshiram|Toxic|p1a: Lunala
|-status|p1a: Lunala|tox
|
|-damage|p1a: Lunala|94/100 tox|[from] psn
|upkeep
|turn|2
|
|move|p1a: Lunala|Moongeist Beam|p2a: Reshiram
|-damage|p2a: Reshiram|0 fnt
|faint|p2a: Reshiram
|
|-damage|p1a: Lunala|82/100 tox|[from] psn
|upkeep
|
|switch|p2a: Eternatus|Eternatus|100/100
|-ability|p2a: Eternatus|Pressure
|turn|3
|
|move|p2a: Eternatus|Cosmic Power|p2a: Eternatus
|-boost|p2a: Eternatus|def|1
|-boost|p2a: Eternatus|spd|1
|move|p1a: Lunala|Moongeist Beam|p2a: Eternatus
|-damage|p2a: Eternatus|63/100
|
|-damage|p1a: Lunala|64/100 tox|[from] psn
|upkeep
|turn|4
|
|switch|p1a: Mimikyu|Mimikyu, L1, M, shiny|100/100
|move|p2a: Eternatus|Recover|p2a: Eternatus
|-heal|p2a: Eternatus|100/100
|
|upkeep
|turn|5
|
|switch|p1a: Lunala|Lunala|64/100 tox
|move|p2a: Eternatus|Flamethrower|p1a: Lunala
|-damage|p1a: Lunala|39/100 tox
|
|-damage|p1a: Lunala|33/100 tox|[from] psn
|upkeep
|turn|6
|
|move|p2a: Eternatus|Cosmic Power|p2a: Eternatus
|-boost|p2a: Eternatus|def|1
|-boost|p2a: Eternatus|spd|1
|move|p1a: Lunala|Trick|p2a: Eternatus
|-activate|p1a: Lunala|move: Trick|[of] p2a: Eternatus
|-item|p2a: Eternatus|Choice Specs|[from] move: Trick
|-item|p1a: Lunala|Metronome|[from] move: Trick
|
|-damage|p1a: Lunala|21/100 tox|[from] psn
|upkeep
|turn|7
|
|move|p2a: Eternatus|Flamethrower|p1a: Lunala
|-damage|p1a: Lunala|0 fnt
|faint|p1a: Lunala
|
|upkeep
|
|switch|p1a: Reshiram|Reshiram|100/100
|-ability|p1a: Reshiram|Turboblaze
|turn|8
|
|move|p2a: Eternatus|Flamethrower|p1a: Reshiram
|-resisted|p1a: Reshiram
|-crit|p1a: Reshiram
|-damage|p1a: Reshiram|86/100
|move|p1a: Reshiram|Earth Power|p2a: Eternatus
|-supereffective|p2a: Eternatus
|-damage|p2a: Eternatus|67/100
|-damage|p1a: Reshiram|76/100|[from] item: Life Orb
|
|upkeep
|turn|9
|
|move|p2a: Eternatus|Flamethrower|p1a: Reshiram
|-resisted|p1a: Reshiram
|-damage|p1a: Reshiram|67/100
|move|p1a: Reshiram|Earth Power|p2a: Eternatus
|-supereffective|p2a: Eternatus
|-damage|p2a: Eternatus|31/100
|-damage|p1a: Reshiram|57/100|[from] item: Life Orb
|
|upkeep
|turn|10
|
|move|p2a: Eternatus|Flamethrower|p1a: Reshiram
|-resisted|p1a: Reshiram
|-damage|p1a: Reshiram|48/100
|move|p1a: Reshiram|Earth Power|p2a: Eternatus
|-supereffective|p2a: Eternatus
|-damage|p2a: Eternatus|0 fnt
|-damage|p1a: Reshiram|38/100|[from] item: Life Orb
|faint|p2a: Eternatus
|
|upkeep
|
|switch|p2a: Lunala|Lunala|100/100
|turn|11
|
|move|p2a: Lunala|Moongeist Beam|p1a: Reshiram
|-damage|p1a: Reshiram|0 fnt
|faint|p1a: Reshiram
|
|upkeep
|
|switch|p1a: Mimikyu|Mimikyu, L1, M, shiny|100/100
|turn|12
|
|move|p2a: Lunala|Moongeist Beam|p1a: Mimikyu
|-supereffective|p1a: Mimikyu
|-enditem|p1a: Mimikyu|Focus Sash
|-damage|p1a: Mimikyu|9/100
|move|p1a: Mimikyu|Trick Room|p1a: Mimikyu
|-fieldstart|move: Trick Room|[of] p1a: Mimikyu
|
|upkeep
|turn|13
|
|move|p1a: Mimikyu|Destiny Bond|p1a: Mimikyu
|-singlemove|p1a: Mimikyu|Destiny Bond
|move|p2a: Lunala|Moongeist Beam|p1a: Mimikyu
|-supereffective|p1a: Mimikyu
|-damage|p1a: Mimikyu|0 fnt
|faint|p1a: Mimikyu
|-activate|p1a: Mimikyu|move: Destiny Bond
|faint|p2a: Lunala
|
|upkeep
|
|switch|p1a: Hatterene|Hatterene, F|100/100
|switch|p2a: Hatterene|Hatterene, F|100/100
|turn|14
|
|-start|p2a: Hatterene|Dynamax
|-formechange|p2a: Hatterene|Hatterene-Gmax
|-heal|p2a: Hatterene|100/100|[silent]
|move|p2a: Hatterene|G-Max Smite|p1a: Hatterene
|-damage|p1a: Hatterene|13/100
|-start|p1a: Hatterene|confusion
|-activate|p1a: Hatterene|confusion
|-damage|p1a: Hatterene|2/100|[from] confusion
|
|upkeep
|turn|15
|
|-end|p1a: Hatterene|confusion
|move|p1a: Hatterene|Mystical Fire|p2a: Hatterene
|-damage|p2a: Hatterene|80/100
|-unboost|p2a: Hatterene|spa|1
|-damage|p1a: Hatterene|0 fnt|[from] item: Life Orb
|faint|p1a: Hatterene
|move|p2a: Hatterene|G-Max Smite|p1: Hatterene|[notarget]
|-fail|p2a: Hatterene
|
|upkeep
|inactive|QiYu3 has 120 seconds left.
|
|switch|p1a: Necrozma|Necrozma-Dusk-Mane|100/100
|turn|16
|
|move|p2a: Hatterene|G-Max Smite|p1a: Necrozma
|-resisted|p1a: Necrozma
|-crit|p1a: Necrozma
|-damage|p1a: Necrozma|52/100
|-start|p1a: Necrozma|confusion
|-activate|p1a: Necrozma|confusion
|move|p1a: Necrozma|Trick Room|p1a: Necrozma
|-fieldend|move: Trick Room
|
|-end|p2a: Hatterene|Dynamax
|-formechange|p2a: Hatterene|Hatterene
|-heal|p2a: Hatterene|80/100|[silent]
|upkeep
|turn|17
|
|switch|p1a: Melmetal|Melmetal|100/100
|move|p2a: Hatterene|Healing Wish|p2a: Hatterene
|faint|p2a: Hatterene
|
|upkeep
|
|switch|p2a: Necrozma|Necrozma-Dusk-Mane|100/100
|turn|18
|c|☆QiYu3|hax×2
|inactive|QiYu3 has 120 seconds left.
|
|-start|p1a: Melmetal|Dynamax
|-heal|p1a: Melmetal|100/100|[silent]
|move|p2a: Necrozma|Earthquake|p1a: Melmetal
|-supereffective|p1a: Melmetal
|-damage|p1a: Melmetal|77/100
|move|p1a: Melmetal|Max Steelspike|p2a: Necrozma
|-resisted|p2a: Necrozma
|-damage|p2a: Necrozma|73/100
|-boost|p1a: Melmetal|def|1
|
|upkeep
|turn|19
|inactive|QiYu3 has 120 seconds left.
|
|move|p2a: Necrozma|Earthquake|p1a: Melmetal
|-supereffective|p1a: Melmetal
|-damage|p1a: Melmetal|62/100
|move|p1a: Melmetal|Max Quake|p2a: Necrozma
|-supereffective|p2a: Necrozma
|-damage|p2a: Necrozma|21/100
|-enditem|p2a: Necrozma|Weakness Policy
|-boost|p2a: Necrozma|atk|2|[from] item: Weakness Policy
|-boost|p2a: Necrozma|spa|2|[from] item: Weakness Policy
|-boost|p1a: Melmetal|spd|1
|
|upkeep
|turn|20
|
|move|p2a: Necrozma|Earthquake|p1a: Melmetal
|-supereffective|p1a: Melmetal
|-damage|p1a: Melmetal|30/100
|move|p1a: Melmetal|Max Steelspike|p2a: Necrozma
|-resisted|p2a: Necrozma
|-damage|p2a: Necrozma|0 fnt
|-boost|p1a: Melmetal|def|1
|faint|p2a: Necrozma
|
|-end|p1a: Melmetal|Dynamax
|-heal|p1a: Melmetal|30/100|[silent]
|upkeep
|
|switch|p2a: Zacian|Zacian-Crowned|100/100
|-ability|p2a: Zacian|Intrepid Sword|boost
|-boost|p2a: Zacian|atk|1
|turn|21
|
|move|p2a: Zacian|Swords Dance|p2a: Zacian
|-boost|p2a: Zacian|atk|2
|move|p1a: Melmetal|Double Iron Bash|p2a: Zacian
|-damage|p2a: Zacian|37/100
|-damage|p2a: Zacian|0 fnt
|-hitcount|p2a: Zacian|2
|faint|p2a: Zacian
|
|win|QiYu3
|raw|QiYu3's rating: 1547 &rarr; <strong>1571</strong><br />(+24 for winning)
|raw|54three21's rating: 1613 &rarr; <strong>1589</strong><br />(-24 for losing)
|c|☆54three21|damn trolled again by a shitty player
