|raw|<div class="broadcast-blue"><strong>This battle is required to be public due to a player having a name starting with 'ult9ns'.</div>
|j|☆Love KSMN
|j|☆ULT9NS Xeo Gern
|t:|1653558000
|gametype|singles
|player|p1|Love KSMN|lass-gen4dp|1581
|player|p2|ULT9NS Xeo Gern|lucas-gen4pt|1492
|teamsize|p1|6
|teamsize|p2|6
|gen|8
|tier|[Gen 8] Ubers
|rated|
|rule|Sleep Clause Mod: Limit one foe put to sleep
|rule|Species Clause: Limit one of each Pokémon
|rule|OHKO Clause: OHKO moves are banned
|rule|Evasion Moves Clause: Evasion moves are banned
|rule|Endless Battle Clause: Forcing endless battles is banned
|rule|HP Percentage Mod: HP is shown in percentages
|rule|Dynamax Clause: You cannot dynamax
|clearpoke
|poke|p1|Froslass, F|
|poke|p1|Kyurem-Black|
|poke|p1|Glalie, M|
|poke|p1|Cloyster, F|
|poke|p1|Weavile, F|
|poke|p1|Darmanitan-Galar, F|
|poke|p2|Necrozma-Dusk-Mane|
|poke|p2|Yveltal|
|poke|p2|Eternatus|
|poke|p2|Darmanitan-Galar, M|
|poke|p2|Xerneas-*|
|poke|p2|Groudon|
|teampreview
|
|t:|1653558005
|start
|switch|p1a: Froslass|Froslass, F|100/100
|switch|p2a: Darmanitan|Darmanitan-Galar, M|100/100
|turn|1
|
|t:|1653558010
|move|p2a: Darmanitan|Rock Slide|p1a: Froslass
|-supereffective|p1a: Froslass
|-enditem|p1a: Froslass|Focus Sash
|-damage|p1a: Froslass|1/100
|move|p1a: Froslass|Spikes|p2a: Darmanitan
|-sidestart|p2: ULT9NS Xeo Gern|Spikes
|
|upkeep
|turn|2
|inactive|Battle timer is ON: inactive players will automatically lose when time's up. (requested by ULT9NS Xeo Gern)
|
|t:|1653558014
|move|p2a: Darmanitan|Rock Slide|p1a: Froslass
|-supereffective|p1a: Froslass
|-crit|p1a: Froslass
|-damage|p1a: Froslass|0 fnt
|faint|p1a: Froslass
|
|upkeep
|
|t:|1653558021
|switch|p1a: Cloyster|Cloyster, F|100/100
|turn|3
|
|t:|1653558022
|move|p2a: Darmanitan|Rock Slide|p1a: Cloyster
|-supereffective|p1a: Cloyster
|-damage|p1a: Cloyster|28/100
|move|p1a: Cloyster|Shell Smash|p1a: Cloyster
|-unboost|p1a: Cloyster|def|1
|-unboost|p1a: Cloyster|spd|1
|-boost|p1a: Cloyster|atk|2
|-boost|p1a: Cloyster|spa|2
|-boost|p1a: Cloyster|spe|2
|
|upkeep
|turn|4
|
|t:|1653558029
|switch|p2a: Groudon|Groudon|100/100
|-damage|p2a: Groudon|88/100|[from] Spikes
|-weather|SunnyDay|[from] ability: Drought|[of] p2a: Groudon
|move|p1a: Cloyster|Rock Blast|p2a: Groudon
|-resisted|p2a: Groudon
|-damage|p2a: Groudon|85/100
|-resisted|p2a: Groudon
|-damage|p2a: Groudon|81/100
|-resisted|p2a: Groudon
|-damage|p2a: Groudon|77/100
|-resisted|p2a: Groudon
|-damage|p2a: Groudon|74/100
|-resisted|p2a: Groudon
|-damage|p2a: Groudon|70/100
|-hitcount|p2a: Groudon|5
|
|-weather|SunnyDay|[upkeep]
|-heal|p2a: Groudon|76/100|[from] item: Leftovers
|upkeep
|turn|5
|
|t:|1653558033
|move|p1a: Cloyster|Icicle Spear|p2a: Groudon
|-supereffective|p2a: Groudon
|-crit|p2a: Groudon
|-damage|p2a: Groudon|47/100
|-supereffective|p2a: Groudon
|-damage|p2a: Groudon|27/100
|-supereffective|p2a: Groudon
|-damage|p2a: Groudon|6/100
|-supereffective|p2a: Groudon
|-damage|p2a: Groudon|0 fnt
|faint|p2a: Groudon
|-hitcount|p2: Groudon|4
|
|-weather|SunnyDay|[upkeep]
|upkeep
|
|t:|1653558036
|switch|p2a: Necrozma|Necrozma-Dusk-Mane|100/100
|-damage|p2a: Necrozma|88/100|[from] Spikes
|turn|6
|
|t:|1653558038
|move|p1a: Cloyster|Icicle Spear|p2a: Necrozma
|-resisted|p2a: Necrozma
|-damage|p2a: Necrozma|81/100
|-resisted|p2a: Necrozma
|-damage|p2a: Necrozma|74/100
|-resisted|p2a: Necrozma
|-damage|p2a: Necrozma|67/100
|-resisted|p2a: Necrozma
|-damage|p2a: Necrozma|60/100
|-resisted|p2a: Necrozma
|-crit|p2a: Necrozma
|-damage|p2a: Necrozma|50/100
|-hitcount|p2a: Necrozma|5
|move|p2a: Necrozma|Sunsteel Strike|p1a: Cloyster
|-damage|p1a: Cloyster|0 fnt
|faint|p1a: Cloyster
|-damage|p2a: Necrozma|40/100|[from] item: Life Orb
|
|-weather|SunnyDay|[upkeep]
|upkeep
|
|t:|1653558050
|switch|p1a: Weavile|Weavile, F|100/100
|-ability|p1a: Weavile|Pressure
|turn|7
|
|t:|1653558053
|move|p1a: Weavile|Knock Off|p2a: Necrozma
|-supereffective|p2a: Necrozma
|-damage|p2a: Necrozma|0 fnt
|-enditem|p2a: Necrozma|Life Orb|[from] move: Knock Off|[of] p1a: Weavile
|faint|p2a: Necrozma
|
|-weather|SunnyDay|[upkeep]
|upkeep
|
|t:|1653558056
|switch|p2a: Xerneas|Xerneas|100/100
|-damage|p2a: Xerneas|88/100|[from] Spikes
|-ability|p2a: Xerneas|Fairy Aura
|turn|8
|
|t:|1653558061
|move|p1a: Weavile|Triple Axel|p2a: Xerneas
|-damage|p2a: Xerneas|80/100
|-damage|p2a: Xerneas|65/100
|-damage|p2a: Xerneas|44/100
|-hitcount|p2a: Xerneas|3
|move|p2a: Xerneas|Moonblast|p1a: Weavile
|-supereffective|p1a: Weavile
|-enditem|p1a: Weavile|Focus Sash
|-damage|p1a: Weavile|1/100
|
|-weather|none
|upkeep
|turn|9
|
|t:|1653558064
|move|p1a: Weavile|Triple Axel|p2a: Xerneas
|-damage|p2a: Xerneas|35/100
|-hitcount|p2a: Xerneas|1
|move|p2a: Xerneas|Moonblast|p1a: Weavile
|-supereffective|p1a: Weavile
|-damage|p1a: Weavile|0 fnt
|faint|p1a: Weavile
|
|upkeep
|
|t:|1653558070
|switch|p1a: Darmanitan|Darmanitan-Galar, F|100/100
|turn|10
|
|t:|1653558072
|move|p1a: Darmanitan|Icicle Crash|p2a: Xerneas
|-damage|p2a: Xerneas|0 fnt
|faint|p2a: Xerneas
|
|upkeep
|
|t:|1653558076
|switch|p2a: Darmanitan|Darmanitan-Galar, M|100/100
|-damage|p2a: Darmanitan|88/100|[from] Spikes
|turn|11
|
|t:|1653558078
|move|p2a: Darmanitan|Rock Slide|p1a: Darmanitan
|-supereffective|p1a: Darmanitan
|-crit|p1a: Darmanitan
|-damage|p1a: Darmanitan|0 fnt
|faint|p1a: Darmanitan
|
|upkeep
|
|t:|1653558080
|switch|p1a: Glalie|Glalie, M|100/100
|turn|12
|
|t:|1653558083
|move|p1a: Glalie|Protect|p1a: Glalie
|-singleturn|p1a: Glalie|Protect
|move|p2a: Darmanitan|Rock Slide|p1a: Glalie
|-activate|p1a: Glalie|move: Protect
|
|-ability|p1a: Glalie|Moody|boost
|-boost|p1a: Glalie|atk|2
|-unboost|p1a: Glalie|spd|1
|upkeep
|turn|13
|
|t:|1653558086
|switch|p1a: Kyurem|Kyurem-Black|100/100
|-ability|p1a: Kyurem|Teravolt
|move|p2a: Darmanitan|Rock Slide|p1a: Kyurem
|-supereffective|p1a: Kyurem
|-damage|p1a: Kyurem|33/100
|
|upkeep
|turn|14
|
|t:|1653558089
|move|p2a: Darmanitan|Rock Slide|p1a: Kyurem
|-supereffective|p1a: Kyurem
|-damage|p1a: Kyurem|0 fnt
|faint|p1a: Kyurem
|
|upkeep
|
|t:|1653558090
|switch|p1a: Glalie|Glalie, M|100/100
|turn|15
|
|t:|1653558092
|move|p1a: Glalie|Protect|p1a: Glalie
|-singleturn|p1a: Glalie|Protect
|move|p2a: Darmanitan|Rock Slide|p1a: Glalie
|-activate|p1a: Glalie|move: Protect
|
|-ability|p1a: Glalie|Moody|boost
|-boost|p1a: Glalie|atk|2
|-unboost|p1a: Glalie|def|1
|upkeep
|turn|16
|
|t:|1653558095
|move|p1a: Glalie|Protect|p1a: Glalie
|-singleturn|p1a: Glalie|Protect
|move|p2a: Darmanitan|Rock Slide|p1a: Glalie
|-activate|p1a: Glalie|move: Protect
|
|-ability|p1a: Glalie|Moody|boost
|-boost|p1a: Glalie|spe|2
|-unboost|p1a: Glalie|def|1
|upkeep
|turn|17
|
|t:|1653558097
|move|p1a: Glalie|Disable|p2a: Darmanitan
|-start|p2a: Darmanitan|Disable|Rock Slide
|cant|p2a: Darmanitan|Disable|Rock Slide
|
|-ability|p1a: Glalie|Moody|boost
|-boost|p1a: Glalie|spe|2
|-unboost|p1a: Glalie|spd|1
|upkeep
|turn|18
|
|t:|1653558107
|switch|p2a: Eternatus|Eternatus|100/100
|-damage|p2a: Eternatus|88/100|[from] Spikes
|-ability|p2a: Eternatus|Pressure
|move|p1a: Glalie|Substitute|p1a: Glalie
|-start|p1a: Glalie|Substitute
|-damage|p1a: Glalie|75/100
|
|-heal|p1a: Glalie|82/100|[from] item: Leftovers
|-ability|p1a: Glalie|Moody|boost
|-boost|p1a: Glalie|spa|2
|-unboost|p1a: Glalie|atk|1
|upkeep
|turn|19
|
|t:|1653558110
|move|p1a: Glalie|Freeze-Dry|p2a: Eternatus
|-supereffective|p2a: Eternatus
|-damage|p2a: Eternatus|40/100
|move|p2a: Eternatus|Flamethrower|p1a: Glalie
|-supereffective|p1a: Glalie
|-end|p1a: Glalie|Substitute
|
|-heal|p1a: Glalie|88/100|[from] item: Leftovers
|-ability|p1a: Glalie|Moody|boost
|-boost|p1a: Glalie|spa|2
|-unboost|p1a: Glalie|atk|1
|upkeep
|turn|20
|
|t:|1653558114
|move|p1a: Glalie|Freeze-Dry|p2a: Eternatus
|-supereffective|p2a: Eternatus
|-damage|p2a: Eternatus|0 fnt
|faint|p2a: Eternatus
|
|-heal|p1a: Glalie|94/100|[from] item: Leftovers
|-ability|p1a: Glalie|Moody|boost
|-boost|p1a: Glalie|atk|2
|-unboost|p1a: Glalie|spe|1
|upkeep
|
|t:|1653558118
|switch|p2a: Yveltal|Yveltal|100/100
|-ability|p2a: Yveltal|Dark Aura
|turn|21
|
|t:|1653558120
|move|p1a: Glalie|Substitute|p1a: Glalie
|-start|p1a: Glalie|Substitute
|-damage|p1a: Glalie|69/100
|move|p2a: Yveltal|Knock Off|p1a: Glalie
|-end|p1a: Glalie|Substitute
|
|-heal|p1a: Glalie|75/100|[from] item: Leftovers
|-ability|p1a: Glalie|Moody|boost
|-boost|p1a: Glalie|spd|2
|-unboost|p1a: Glalie|spe|1
|upkeep
|turn|22
|
|t:|1653558123
|move|p1a: Glalie|Substitute|p1a: Glalie
|-start|p1a: Glalie|Substitute
|-damage|p1a: Glalie|50/100
|move|p2a: Yveltal|Knock Off|p1a: Glalie
|-end|p1a: Glalie|Substitute
|
|-heal|p1a: Glalie|56/100|[from] item: Leftovers
|-ability|p1a: Glalie|Moody|boost
|-boost|p1a: Glalie|def|2
|-unboost|p1a: Glalie|atk|1
|upkeep
|turn|23
|
|t:|1653558125
|move|p1a: Glalie|Disable|p2a: Yveltal
|-start|p2a: Yveltal|Disable|Knock Off
|cant|p2a: Yveltal|Disable|Knock Off
|
|-heal|p1a: Glalie|62/100|[from] item: Leftovers
|-ability|p1a: Glalie|Moody|boost
|-boost|p1a: Glalie|spa|2
|-unboost|p1a: Glalie|atk|1
|upkeep
|turn|24
|
|t:|1653558128
|move|p1a: Glalie|Substitute|p1a: Glalie
|-start|p1a: Glalie|Substitute
|-damage|p1a: Glalie|37/100
|move|p2a: Yveltal|U-turn|p1a: Glalie
|-end|p1a: Glalie|Substitute
|
|t:|1653558130
|switch|p2a: Darmanitan|Darmanitan-Galar, M|88/100|[from]move: U-turn
|-damage|p2a: Darmanitan|76/100|[from] Spikes
|
|-heal|p1a: Glalie|43/100|[from] item: Leftovers
|-ability|p1a: Glalie|Moody|boost
|-boost|p1a: Glalie|atk|2
|-unboost|p1a: Glalie|spa|1
|upkeep
|turn|25
|
|t:|1653558135
|move|p1a: Glalie|Protect|p1a: Glalie
|-singleturn|p1a: Glalie|Protect
|move|p2a: Darmanitan|U-turn|p1a: Glalie
|-activate|p1a: Glalie|move: Protect
|
|-heal|p1a: Glalie|49/100|[from] item: Leftovers
|-ability|p1a: Glalie|Moody|boost
|-boost|p1a: Glalie|spd|2
|-unboost|p1a: Glalie|def|1
|upkeep
|turn|26
|
|t:|1653558137
|move|p1a: Glalie|Disable|p2a: Darmanitan
|-start|p2a: Darmanitan|Disable|U-turn
|cant|p2a: Darmanitan|Disable|U-turn
|
|-heal|p1a: Glalie|55/100|[from] item: Leftovers
|-ability|p1a: Glalie|Moody|boost
|-boost|p1a: Glalie|def|2
|-unboost|p1a: Glalie|spd|1
|upkeep
|turn|27
|
|t:|1653558139
|move|p1a: Glalie|Substitute|p1a: Glalie
|-start|p1a: Glalie|Substitute
|-damage|p1a: Glalie|30/100
|-activate|p2a: Darmanitan|move: Struggle
|move|p2a: Darmanitan|Struggle|p1a: Glalie
|-activate|p1a: Glalie|move: Substitute|[damage]
|-damage|p2a: Darmanitan|51/100|[from] recoil
|
|-heal|p1a: Glalie|36/100|[from] item: Leftovers
|-ability|p1a: Glalie|Moody|boost
|-boost|p1a: Glalie|spe|2
|-unboost|p1a: Glalie|spa|1
|upkeep
|turn|28
|
|t:|1653558141
|move|p1a: Glalie|Freeze-Dry|p2a: Darmanitan
|-resisted|p2a: Darmanitan
|-damage|p2a: Darmanitan|2/100
|-activate|p2a: Darmanitan|move: Struggle
|move|p2a: Darmanitan|Struggle|p1a: Glalie
|-end|p1a: Glalie|Substitute
|-damage|p2a: Darmanitan|0 fnt|[from] recoil
|faint|p2a: Darmanitan
|
|-heal|p1a: Glalie|42/100|[from] item: Leftovers
|-ability|p1a: Glalie|Moody|boost
|-boost|p1a: Glalie|def|2
|-unboost|p1a: Glalie|spe|1
|upkeep
|
|t:|1653558143
|switch|p2a: Yveltal|Yveltal|100/100
|-ability|p2a: Yveltal|Dark Aura
|turn|29
|
|t:|1653558145
|move|p1a: Glalie|Protect|p1a: Glalie
|-singleturn|p1a: Glalie|Protect
|move|p2a: Yveltal|Knock Off|p1a: Glalie
|-activate|p1a: Glalie|move: Protect
|
|-heal|p1a: Glalie|48/100|[from] item: Leftovers
|-ability|p1a: Glalie|Moody|boost
|-boost|p1a: Glalie|atk|2
|-unboost|p1a: Glalie|spd|1
|upkeep
|turn|30
|
|t:|1653558148
|move|p1a: Glalie|Disable|p2a: Yveltal
|-start|p2a: Yveltal|Disable|Knock Off
|move|p2a: Yveltal|U-turn|p1a: Glalie
|-damage|p1a: Glalie|37/100
|
|-heal|p1a: Glalie|43/100|[from] item: Leftovers
|-ability|p1a: Glalie|Moody|boost
|-boost|p1a: Glalie|spe|2
|-unboost|p1a: Glalie|atk|1
|upkeep
|turn|31
|l|☆ULT9NS Xeo Gern
|inactive|ULT9NS Xeo Gern disconnected and has a minute to reconnect!
|player|p2|
|j| ULT9NS Hoenn
|j| ULT9NS Cursed
|inactive|ULT9NS Xeo Gern has 30 seconds to reconnect!
|c| ULT9NS Cursed|mdrrrr rip
|inactive|ULT9NS Xeo Gern has 20 seconds to reconnect!
|c|☆Love KSMN|:c
|inactive|ULT9NS Xeo Gern has 15 seconds to reconnect!
|inactive|ULT9NS Xeo Gern has 10 seconds to reconnect!
|inactive|ULT9NS Xeo Gern has 5 seconds to reconnect!
|-message|ULT9NS Xeo Gern lost due to inactivity.
|
|win|Love KSMN
|raw|Love KSMN's rating: 1581 &rarr; <strong>1596</strong><br />(+15 for winning)
|raw|ULT9NS Xeo Gern's rating: 1492 &rarr; <strong>1477</strong><br />(-15 for losing)
|c|☆Love KSMN|down bad
|l| ULT9NS Cursed
