|j|☆heyroar9
|j|‽Astrophism
|player|p1|heyroar9|102|1194
|player|p2|Astrophism|265|1245
|teamsize|p1|6
|teamsize|p2|6
|gametype|singles
|gen|8
|tier|[Gen 8] Ubers
|rated|
|clearpoke
|poke|p1|Ninetales, F|
|poke|p1|Charizard, F|
|poke|p1|Zacian-Crowned|
|poke|p1|Darmanitan-Galar, F|
|poke|p1|Eternatus|
|poke|p1|Necrozma-Dusk-Mane|
|poke|p2|Marshadow|
|poke|p2|Lunala|
|poke|p2|Zacian-Crowned|
|poke|p2|Ditto|
|poke|p2|Grimmsnarl, M|
|poke|p2|Kyurem-Black|
|rule|Sleep Clause Mod: Limit one foe put to sleep
|rule|Species Clause: Limit one of each Pokémon
|rule|OHKO Clause: OHKO moves are banned
|rule|Evasion Moves Clause: Evasion moves are banned
|rule|Endless Battle Clause: Forcing endless battles is banned
|rule|HP Percentage Mod: HP is shown in percentages
|html|Ubers Dynamax Clause: Pokémon on the <a href="https://www.smogon.com/dex/ss/formats/uber/">Ubers Dynamax Banlist</a> cannot Dynamax.
|teampreview
|inactive|Battle timer is ON: inactive players will automatically lose when time's up. (requested by Astrophism)
|
|start
|switch|p1a: Necrozma|Necrozma-Dusk-Mane|100/100
|switch|p2a: Grimmsnarl|Grimmsnarl, M|100/100
|turn|1
|
|move|p2a: Grimmsnarl|Reflect|p2a: Grimmsnarl
|-sidestart|p2: Astrophism|Reflect
|move|p1a: Necrozma|Sunsteel Strike|p2a: Grimmsnarl
|-supereffective|p2a: Grimmsnarl
|-damage|p2a: Grimmsnarl|32/100
|
|upkeep
|turn|2
|
|move|p2a: Grimmsnarl|Light Screen|p2a: Grimmsnarl
|-sidestart|p2: Astrophism|move: Light Screen
|move|p1a: Necrozma|Stealth Rock|p2a: Grimmsnarl
|-sidestart|p2: Astrophism|move: Stealth Rock
|
|upkeep
|turn|3
|
|switch|p2a: Marshadow|Marshadow|100/100
|-damage|p2a: Marshadow|94/100|[from] Stealth Rock
|move|p1a: Necrozma|Sunsteel Strike|p2a: Marshadow
|-damage|p2a: Marshadow|61/100
|
|upkeep
|turn|4
|
|move|p2a: Marshadow|Bulk Up|p2a: Marshadow
|-boost|p2a: Marshadow|atk|1
|-boost|p2a: Marshadow|def|1
|move|p1a: Necrozma|Knock Off|p2a: Marshadow
|-damage|p2a: Marshadow|46/100
|-enditem|p2a: Marshadow|Life Orb|[from] move: Knock Off|[of] p1a: Necrozma
|
|upkeep
|turn|5
|
|move|p2a: Marshadow|Spectral Thief|p1a: Necrozma
|-supereffective|p1a: Necrozma
|-damage|p1a: Necrozma|49/100
|move|p1a: Necrozma|Sunsteel Strike|p2a: Marshadow
|-damage|p2a: Marshadow|25/100
|
|-heal|p1a: Necrozma|55/100|[from] item: Leftovers
|upkeep
|turn|6
|inactive|heyroar9 has 120 seconds left.
|
|switch|p1a: Eternatus|Eternatus|100/100
|-ability|p1a: Eternatus|Pressure
|move|p2a: Marshadow|Spectral Thief|p1a: Eternatus
|-damage|p1a: Eternatus|40/100
|
|upkeep
|turn|7
|
|move|p2a: Marshadow|Shadow Sneak|p1a: Eternatus
|-damage|p1a: Eternatus|1/100
|move|p1a: Eternatus|Dynamax Cannon|p2a: Marshadow
|-damage|p2a: Marshadow|0 fnt
|faint|p2a: Marshadow
|
|upkeep
|
|switch|p2a: Ditto|Ditto|100/100
|-damage|p2a: Ditto|88/100|[from] Stealth Rock
|-transform|p2a: Ditto|p1a: Eternatus|[from] ability: Imposter
|-ability|p2a: Ditto|Pressure
|turn|8
|
|switch|p1a: Ninetales|Ninetales, F, shiny|100/100
|-weather|SunnyDay|[from] ability: Drought|[of] p1a: Ninetales
|move|p2a: Ditto|Dynamax Cannon|p1a: Ninetales
|-damage|p1a: Ninetales|46/100
|
|-weather|SunnyDay|[upkeep]
|-sideend|p2: Astrophism|Reflect
|upkeep
|turn|9
|
|switch|p1a: Zacian|Zacian-Crowned|100/100
|-ability|p1a: Zacian|Intrepid Sword|boost
|-boost|p1a: Zacian|atk|1
|move|p2a: Ditto|Dynamax Cannon|p1a: Zacian
|-immune|p1a: Zacian
|
|-weather|SunnyDay|[upkeep]
|-sideend|p2: Astrophism|move: Light Screen
|upkeep
|turn|10
|
|switch|p2a: Grimmsnarl|Grimmsnarl, M|32/100
|-damage|p2a: Grimmsnarl|20/100|[from] Stealth Rock
|move|p1a: Zacian|Behemoth Blade|p2a: Grimmsnarl
|-supereffective|p2a: Grimmsnarl
|-damage|p2a: Grimmsnarl|0 fnt
|faint|p2a: Grimmsnarl
|
|-weather|SunnyDay|[upkeep]
|upkeep
|
|switch|p2a: Zacian|Zacian-Crowned|100/100
|-damage|p2a: Zacian|94/100|[from] Stealth Rock
|-ability|p2a: Zacian|Intrepid Sword|boost
|-boost|p2a: Zacian|atk|1
|turn|11
|
|switch|p1a: Eternatus|Eternatus|1/100
|-ability|p1a: Eternatus|Pressure
|move|p2a: Zacian|Swords Dance|p2a: Zacian
|-boost|p2a: Zacian|atk|2
|
|-weather|SunnyDay|[upkeep]
|upkeep
|turn|12
|
|move|p2a: Zacian|Fire Fang|p1a: Eternatus
|-resisted|p1a: Eternatus
|-damage|p1a: Eternatus|0 fnt
|faint|p1a: Eternatus
|
|-weather|SunnyDay|[upkeep]
|upkeep
|
|switch|p1a: Darmanitan|Darmanitan-Galar, F|100/100
|turn|13
|
|move|p1a: Darmanitan|Flare Blitz|p2a: Zacian
|-supereffective|p2a: Zacian
|-damage|p2a: Zacian|0 fnt
|-damage|p1a: Darmanitan|72/100|[from] Recoil
|faint|p2a: Zacian
|
|-weather|SunnyDay|[upkeep]
|upkeep
|
|switch|p2a: Ditto|Ditto|88/100
|-damage|p2a: Ditto|76/100|[from] Stealth Rock
|-transform|p2a: Ditto|p1a: Darmanitan|[from] ability: Imposter
|turn|14
|
|switch|p1a: Ninetales|Ninetales, F, shiny|46/100
|move|p2a: Ditto|Flare Blitz|p1a: Ninetales
|-resisted|p1a: Ninetales
|-damage|p1a: Ninetales|0 fnt
|-damage|p2a: Ditto|58/100|[from] Recoil
|faint|p1a: Ninetales
|
|-weather|SunnyDay|[upkeep]
|upkeep
|
|switch|p1a: Charizard|Charizard, F, shiny|100/100
|turn|15
|
|switch|p2a: Lunala|Lunala|100/100
|-damage|p2a: Lunala|88/100|[from] Stealth Rock
|-start|p1a: Charizard|Dynamax
|-heal|p1a: Charizard|100/100|[silent]
|move|p1a: Charizard|Max Airstream|p2a: Lunala
|-damage|p2a: Lunala|13/100
|-boost|p1a: Charizard|spe|1
|
|-weather|none
|upkeep
|turn|16
|
|move|p1a: Charizard|Max Airstream|p2a: Lunala
|-damage|p2a: Lunala|0 fnt
|-boost|p1a: Charizard|spe|1
|faint|p2a: Lunala
|
|upkeep
|
|switch|p2a: Ditto|Ditto|58/100
|-damage|p2a: Ditto|46/100|[from] Stealth Rock
|-transform|p2a: Ditto|p1a: Charizard|[from] ability: Imposter
|turn|17
|
|move|p2a: Ditto|Hurricane|p1a: Charizard
|-damage|p1a: Charizard|67/100
|move|p1a: Charizard|Max Airstream|p2a: Ditto
|-damage|p2a: Ditto|0 fnt
|-boost|p1a: Charizard|spe|1
|faint|p2a: Ditto
|
|-end|p1a: Charizard|Dynamax
|-heal|p1a: Charizard|67/100|[silent]
|upkeep
|
|switch|p2a: Kyurem|Kyurem-Black|100/100
|-damage|p2a: Kyurem|76/100|[from] Stealth Rock
|-ability|p2a: Kyurem|Teravolt
|turn|18
|
|move|p1a: Charizard|Dragon Pulse|p2a: Kyurem
|-supereffective|p2a: Kyurem
|-crit|p2a: Kyurem
|-damage|p2a: Kyurem|0 fnt
|faint|p2a: Kyurem
|
|win|heyroar9
|l|‽Astrophism
||Ladder (probably) updated, but score could not be retrieved (Response not received).
