|j|☆98villegas
|j|☆Chunkomucho
|player|p1|98villegas|drayden|1433
|player|p2|Chunkomucho|erika|1475
|teamsize|p1|6
|teamsize|p2|6
|gametype|singles
|gen|8
|tier|[Gen 8] Ubers
|rated|
|clearpoke
|poke|p1|Dragapult, F|
|poke|p1|Grimmsnarl, M|
|poke|p1|Corviknight, M|
|poke|p1|Marshadow|
|poke|p1|Hippowdon, F|
|poke|p1|Rotom-Heat|
|poke|p2|Zamazenta|
|poke|p2|Hatterene, F|
|poke|p2|Corviknight, M|
|poke|p2|Quagsire, M|
|poke|p2|Tyranitar, M|
|poke|p2|Ditto|
|rule|Sleep Clause Mod: Limit one foe put to sleep
|rule|Species Clause: Limit one of each Pokémon
|rule|OHKO Clause: OHKO moves are banned
|rule|Evasion Moves Clause: Evasion moves are banned
|rule|Endless Battle Clause: Forcing endless battles is banned
|rule|HP Percentage Mod: HP is shown in percentages
|html|Ubers Dynamax Clause: Pokémon on the <a href="https://www.smogon.com/dex/ss/formats/uber/">Ubers Dynamax Banlist</a> cannot Dynamax.
|teampreview
|inactive|Battle timer is ON: inactive players will automatically lose when time's up. (requested by Chunkomucho)
|
|start
|switch|p1a: Shad Asta|Grimmsnarl, M, shiny|100/100
|switch|p2a: Tyranitar|Tyranitar, M|100/100
|-weather|Sandstorm|[from] ability: Sand Stream|[of] p2a: Tyranitar
|turn|1
|inactive|Chunkomucho has 120 seconds left.
|
|switch|p2a: Corviknight|Corviknight, M|100/100
|-ability|p2a: Corviknight|Pressure
|move|p1a: Shad Asta|Reflect|p1a: Shad Asta
|-sidestart|p1: 98villegas|Reflect
|
|-weather|Sandstorm|[upkeep]
|-damage|p1a: Shad Asta|94/100|[from] Sandstorm
|upkeep
|turn|2
|
|move|p1a: Shad Asta|Thunder Wave|p2a: Corviknight
|-status|p2a: Corviknight|par
|move|p2a: Corviknight|U-turn|p1a: Shad Asta
|-damage|p1a: Shad Asta|86/100
|
|switch|p2a: Tyranitar|Tyranitar, M|100/100|[from]move: U-turn
|
|-weather|Sandstorm|[upkeep]
|-damage|p1a: Shad Asta|80/100|[from] Sandstorm
|upkeep
|turn|3
|
|switch|p2a: Corviknight|Corviknight, M|100/100 par
|-ability|p2a: Corviknight|Pressure
|move|p1a: Shad Asta|Spirit Break|p2a: Corviknight
|-resisted|p2a: Corviknight
|-damage|p2a: Corviknight|92/100 par
|-unboost|p2a: Corviknight|spa|1
|-damage|p1a: Shad Asta|64/100|[from] item: Rocky Helmet|[of] p2a: Corviknight
|
|-weather|Sandstorm|[upkeep]
|-damage|p1a: Shad Asta|58/100|[from] Sandstorm
|upkeep
|turn|4
|
|switch|p1a: Micro hornito|Rotom-Heat|100/100
|move|p2a: Corviknight|Defog|p1a: Micro hornito
|-unboost|p1a: Micro hornito|evasion|1
|-sideend|p1: 98villegas|Reflect
|
|-weather|Sandstorm|[upkeep]
|-damage|p1a: Micro hornito|94/100|[from] Sandstorm
|-heal|p1a: Micro hornito|100/100|[from] item: Leftovers
|upkeep
|turn|5
|
|move|p1a: Micro hornito|Overheat|p2a: Corviknight
|-supereffective|p2a: Corviknight
|-damage|p2a: Corviknight|0 fnt
|-unboost|p1a: Micro hornito|spa|2
|faint|p2a: Corviknight
|
|-weather|none
|upkeep
|
|switch|p2a: Zamazenta|Zamazenta|100/100
|-ability|p2a: Zamazenta|Dauntless Shield|boost
|-boost|p2a: Zamazenta|def|1
|turn|6
|
|move|p2a: Zamazenta|Close Combat|p1a: Micro hornito
|-damage|p1a: Micro hornito|1/100
|-unboost|p2a: Zamazenta|def|1
|-unboost|p2a: Zamazenta|spd|1
|move|p1a: Micro hornito|Thunder Wave|p2a: Zamazenta
|-status|p2a: Zamazenta|par
|
|-heal|p1a: Micro hornito|7/100|[from] item: Leftovers
|upkeep
|turn|7
|
|move|p1a: Micro hornito|Volt Switch|p2a: Zamazenta
|-damage|p2a: Zamazenta|82/100 par
|
|switch|p1a: Satanas|Corviknight, M|100/100|[from]move: Volt Switch
|-ability|p1a: Satanas|Pressure
|cant|p2a: Zamazenta|par
|
|upkeep
|turn|8
|
|move|p2a: Zamazenta|Close Combat|p1a: Satanas
|-damage|p1a: Satanas|49/100
|-unboost|p2a: Zamazenta|def|1
|-unboost|p2a: Zamazenta|spd|1
|move|p1a: Satanas|Iron Defense|p1a: Satanas
|-boost|p1a: Satanas|def|2
|
|-heal|p1a: Satanas|56/100|[from] item: Leftovers
|upkeep
|turn|9
|
|switch|p2a: Quagsire|Quagsire, M|100/100
|move|p1a: Satanas|Roost|p1a: Satanas
|-heal|p1a: Satanas|100/100
|-singleturn|p1a: Satanas|move: Roost
|
|upkeep
|turn|10
|
|move|p1a: Satanas|Body Press|p2a: Quagsire
|-damage|p2a: Quagsire|82/100
|move|p2a: Quagsire|Scald|p1a: Satanas
|-damage|p1a: Satanas|83/100
|
|-heal|p1a: Satanas|89/100|[from] item: Leftovers
|upkeep
|turn|11
|
|move|p1a: Satanas|Iron Defense|p1a: Satanas
|-boost|p1a: Satanas|def|2
|move|p2a: Quagsire|Scald|p1a: Satanas
|-damage|p1a: Satanas|70/100
|
|-heal|p1a: Satanas|77/100|[from] item: Leftovers
|upkeep
|turn|12
|
|move|p1a: Satanas|Iron Defense|p1a: Satanas
|-boost|p1a: Satanas|def|2
|move|p2a: Quagsire|Scald|p1a: Satanas
|-damage|p1a: Satanas|60/100
|
|-heal|p1a: Satanas|66/100|[from] item: Leftovers
|upkeep
|turn|13
|
|move|p1a: Satanas|Body Press|p2a: Quagsire
|-damage|p2a: Quagsire|65/100
|move|p2a: Quagsire|Scald|p1a: Satanas
|-damage|p1a: Satanas|48/100
|-status|p1a: Satanas|brn
|
|-heal|p1a: Satanas|54/100 brn|[from] item: Leftovers
|-damage|p1a: Satanas|48/100 brn|[from] brn
|upkeep
|turn|14
|
|move|p1a: Satanas|Roost|p1a: Satanas
|-heal|p1a: Satanas|98/100 brn
|-singleturn|p1a: Satanas|move: Roost
|move|p2a: Quagsire|Recover|p2a: Quagsire
|-heal|p2a: Quagsire|100/100
|
|-heal|p1a: Satanas|100/100 brn|[from] item: Leftovers
|-damage|p1a: Satanas|94/100 brn|[from] brn
|upkeep
|turn|15
|
|move|p1a: Satanas|Body Press|p2a: Quagsire
|-damage|p2a: Quagsire|92/100
|move|p2a: Quagsire|Scald|p1a: Satanas
|-damage|p1a: Satanas|77/100 brn
|
|-heal|p1a: Satanas|83/100 brn|[from] item: Leftovers
|-damage|p1a: Satanas|77/100 brn|[from] brn
|upkeep
|turn|16
|
|move|p1a: Satanas|Body Press|p2a: Quagsire
|-crit|p2a: Quagsire
|-damage|p2a: Quagsire|79/100
|move|p2a: Quagsire|Scald|p1a: Satanas
|-damage|p1a: Satanas|61/100 brn
|
|-heal|p1a: Satanas|67/100 brn|[from] item: Leftovers
|-damage|p1a: Satanas|61/100 brn|[from] brn
|upkeep
|turn|17
|
|move|p1a: Satanas|Roost|p1a: Satanas
|-heal|p1a: Satanas|100/100 brn
|-singleturn|p1a: Satanas|move: Roost
|move|p2a: Quagsire|Scald|p1a: Satanas
|-damage|p1a: Satanas|85/100 brn
|
|-heal|p1a: Satanas|91/100 brn|[from] item: Leftovers
|-damage|p1a: Satanas|85/100 brn|[from] brn
|upkeep
|turn|18
|
|move|p1a: Satanas|Body Press|p2a: Quagsire
|-damage|p2a: Quagsire|70/100
|move|p2a: Quagsire|Scald|p1a: Satanas
|-damage|p1a: Satanas|67/100 brn
|
|-heal|p1a: Satanas|73/100 brn|[from] item: Leftovers
|-damage|p1a: Satanas|67/100 brn|[from] brn
|upkeep
|turn|19
|
|move|p1a: Satanas|Body Press|p2a: Quagsire
|-damage|p2a: Quagsire|60/100
|move|p2a: Quagsire|Scald|p1a: Satanas
|-damage|p1a: Satanas|49/100 brn
|
|-heal|p1a: Satanas|55/100 brn|[from] item: Leftovers
|-damage|p1a: Satanas|49/100 brn|[from] brn
|upkeep
|turn|20
|
|switch|p2a: Himiko|Hatterene, F, shiny|100/100
|move|p1a: Satanas|Roost|p1a: Satanas
|-heal|p1a: Satanas|99/100 brn
|-singleturn|p1a: Satanas|move: Roost
|
|-heal|p1a: Satanas|100/100 brn|[from] item: Leftovers
|-damage|p1a: Satanas|94/100 brn|[from] brn
|upkeep
|turn|21
|inactive|98villegas has 120 seconds left.
|
|move|p1a: Satanas|Body Press|p2a: Himiko
|-resisted|p2a: Himiko
|-damage|p2a: Himiko|85/100
|move|p2a: Himiko|Trick Room|p2a: Himiko
|-fieldstart|move: Trick Room|[of] p2a: Himiko
|
|-heal|p1a: Satanas|100/100 brn|[from] item: Leftovers
|-damage|p1a: Satanas|94/100 brn|[from] brn
|upkeep
|turn|22
|
|-start|p2a: Himiko|Dynamax
|-formechange|p2a: Himiko|Hatterene-Gmax
|-heal|p2a: Himiko|85/100|[silent]
|move|p2a: Himiko|Max Flare|p1a: Satanas
|-supereffective|p1a: Satanas
|-crit|p1a: Satanas
|-damage|p1a: Satanas|0 fnt
|-weather|SunnyDay
|-damage|p2a: Himiko|81/100|[from] item: Life Orb
|faint|p1a: Satanas
|
|-weather|SunnyDay|[upkeep]
|upkeep
|inactive|98villegas has 120 seconds left.
|
|switch|p1a: Shad Asta|Grimmsnarl, M, shiny|58/100
|turn|23
|
|move|p1a: Shad Asta|Light Screen|p1a: Shad Asta
|-sidestart|p1: 98villegas|move: Light Screen
|move|p2a: Himiko|G-Max Smite|p1a: Shad Asta
|-supereffective|p1a: Shad Asta
|-damage|p1a: Shad Asta|0 fnt
|-damage|p2a: Himiko|76/100|[from] item: Life Orb
|faint|p1a: Shad Asta
|
|-weather|SunnyDay|[upkeep]
|upkeep
|
|switch|p1a: Barney|Hippowdon, F|100/100
|-weather|Sandstorm|[from] ability: Sand Stream|[of] p1a: Barney
|turn|24
|
|move|p2a: Himiko|Max Mindstorm|p1a: Barney
|-crit|p1a: Barney
|-damage|p1a: Barney|0 fnt
|-fieldstart|move: Psychic Terrain
|-damage|p2a: Himiko|71/100|[from] item: Life Orb
|faint|p1a: Barney
|
|-weather|Sandstorm|[upkeep]
|-damage|p2a: Himiko|68/100|[from] Sandstorm
|-end|p2a: Himiko|Dynamax
|-formechange|p2a: Himiko|Hatterene
|-heal|p2a: Himiko|68/100|[silent]
|upkeep
|
|switch|p1a: Micro hornito|Rotom-Heat|7/100
|turn|25
|
|move|p2a: Himiko|Psyshock|p1a: Micro hornito
|-damage|p1a: Micro hornito|0 fnt
|-damage|p2a: Himiko|58/100|[from] item: Life Orb
|faint|p1a: Micro hornito
|
|-weather|Sandstorm|[upkeep]
|-damage|p2a: Himiko|52/100|[from] Sandstorm
|-fieldend|move: Trick Room
|upkeep
|
|switch|p1a: Hoyuelo|Marshadow|100/100
|turn|26
|
|move|p1a: Hoyuelo|Spectral Thief|p2a: Himiko
|-supereffective|p2a: Himiko
|-damage|p2a: Himiko|0 fnt
|faint|p2a: Himiko
|
|-weather|Sandstorm|[upkeep]
|-damage|p1a: Hoyuelo|94/100|[from] Sandstorm
|upkeep
|
|switch|p2a: Quagsire|Quagsire, M|60/100
|turn|27
|
|switch|p1a: Miss Cougar|Dragapult, F|100/100
|move|p2a: Quagsire|Recover|p2a: Quagsire
|-heal|p2a: Quagsire|100/100
|
|-weather|Sandstorm|[upkeep]
|-damage|p1a: Miss Cougar|95/100|[from] Sandstorm
|upkeep
|turn|28
|
|move|p1a: Miss Cougar|Dragon Dance|p1a: Miss Cougar
|-boost|p1a: Miss Cougar|atk|1
|-boost|p1a: Miss Cougar|spe|1
|move|p2a: Quagsire|Toxic|p1a: Miss Cougar
|-status|p1a: Miss Cougar|tox
|
|-weather|none
|-damage|p1a: Miss Cougar|89/100 tox|[from] psn
|-fieldend|move: Psychic Terrain
|upkeep
|turn|29
|
|switch|p2a: Tyranitar|Tyranitar, M|100/100
|-weather|Sandstorm|[from] ability: Sand Stream|[of] p2a: Tyranitar
|move|p1a: Miss Cougar|Dragon Darts|p2a: Tyranitar
|-damage|p2a: Tyranitar|58/100
|-anim|p1a: Miss Cougar|Dragon Darts|p2a: Tyranitar
|-damage|p2a: Tyranitar|17/100
|-damage|p1a: Miss Cougar|79/100 tox|[from] item: Life Orb
|
|-weather|Sandstorm|[upkeep]
|-damage|p1a: Miss Cougar|73/100 tox|[from] Sandstorm
|-damage|p1a: Miss Cougar|61/100 tox|[from] psn
|upkeep
|turn|30
|
|move|p1a: Miss Cougar|Dragon Darts|p2a: Tyranitar
|-damage|p2a: Tyranitar|0 fnt
|-damage|p1a: Miss Cougar|51/100 tox|[from] item: Life Orb
|faint|p2a: Tyranitar
|
|-weather|Sandstorm|[upkeep]
|-damage|p1a: Miss Cougar|45/100 tox|[from] Sandstorm
|-damage|p1a: Miss Cougar|27/100 tox|[from] psn
|-sideend|p1: 98villegas|move: Light Screen
|upkeep
|
|switch|p2a: Zamazenta|Zamazenta|82/100 par
|-ability|p2a: Zamazenta|Dauntless Shield|boost
|-boost|p2a: Zamazenta|def|1
|turn|31
|
|move|p1a: Miss Cougar|Fire Blast|p2a: Zamazenta
|-damage|p2a: Zamazenta|49/100 par
|-damage|p1a: Miss Cougar|17/100 tox|[from] item: Life Orb
|move|p2a: Zamazenta|Crunch|p1a: Miss Cougar
|-supereffective|p1a: Miss Cougar
|-damage|p1a: Miss Cougar|0 fnt
|faint|p1a: Miss Cougar
|
|-weather|Sandstorm|[upkeep]
|-damage|p2a: Zamazenta|43/100 par|[from] Sandstorm
|upkeep
|
|switch|p1a: Hoyuelo|Marshadow|94/100
|turn|32
|
|move|p1a: Hoyuelo|Spectral Thief||[still]
|-clearpositiveboost|p2a: Zamazenta|p1a: Hoyuelo|move: Spectral Thief
|-boost|p1a: Hoyuelo|def|1
|-anim|p1a: Hoyuelo|Spectral Thief|p2a: Zamazenta
|-damage|p2a: Zamazenta|0 fnt
|faint|p2a: Zamazenta
|
|-weather|Sandstorm|[upkeep]
|-damage|p1a: Hoyuelo|88/100|[from] Sandstorm
|upkeep
|
|switch|p2a: Quagsire|Quagsire, M|100/100
|turn|33
|
|move|p1a: Hoyuelo|Spectral Thief|p2a: Quagsire
|-damage|p2a: Quagsire|62/100
|move|p2a: Quagsire|Toxic|p1a: Hoyuelo
|-status|p1a: Hoyuelo|tox
|
|-weather|none
|-damage|p1a: Hoyuelo|82/100 tox|[from] psn
|upkeep
|turn|34
|
|move|p1a: Hoyuelo|Spectral Thief|p2a: Quagsire
|-damage|p2a: Quagsire|30/100
|move|p2a: Quagsire|Recover|p2a: Quagsire
|-heal|p2a: Quagsire|80/100
|
|-damage|p1a: Hoyuelo|69/100 tox|[from] psn
|upkeep
|turn|35
|-message|98villegas forfeited.
|
|win|Chunkomucho
|l|☆98villegas
|c|☆Chunkomucho|gg
|raw|98villegas's rating: 1409 &rarr; <strong>1393</strong><br />(-16 for losing)
|raw|Chunkomucho's rating: 1475 &rarr; <strong>1491</strong><br />(+16 for winning)
|l|☆Chunkomucho
|j|☆Chunkomucho
|player|p2|Chunkomucho|erika
