|j|☆Jakarn
|j|☆tugrin
|player|p1|Jakarn|acerola|1319
|player|p2|tugrin|101|1428
|teamsize|p1|6
|teamsize|p2|6
|gametype|singles
|gen|8
|tier|[Gen 8] Ubers
|rated|
|clearpoke
|poke|p1|Tyranitar, M|
|poke|p1|Excadrill, F|
|poke|p1|Corviknight, F|
|poke|p1|Lunala|
|poke|p1|Eternatus|
|poke|p1|Necrozma-Dusk-Mane|
|poke|p2|Zacian-Crowned|
|poke|p2|Eternatus|
|poke|p2|Necrozma-Dusk-Mane|
|poke|p2|Marshadow|
|poke|p2|Charizard, M|
|poke|p2|Ditto|
|rule|Sleep Clause Mod: Limit one foe put to sleep
|rule|Species Clause: Limit one of each Pokémon
|rule|OHKO Clause: OHKO moves are banned
|rule|Evasion Moves Clause: Evasion moves are banned
|rule|Endless Battle Clause: Forcing endless battles is banned
|rule|HP Percentage Mod: HP is shown in percentages
|html|Ubers Dynamax Clause: Pokémon on the <a href="https://www.smogon.com/dex/ss/formats/uber/">Ubers Dynamax Banlist</a> cannot Dynamax.
|teampreview
|
|start
|switch|p1a: Tyranitar|Tyranitar, M|100/100
|switch|p2a: Marshadow|Marshadow|100/100
|-weather|Sandstorm|[from] ability: Sand Stream|[of] p1a: Tyranitar
|turn|1
|
|switch|p1a: Corviknight|Corviknight, F|100/100
|-ability|p1a: Corviknight|Pressure
|move|p2a: Marshadow|Drain Punch|p1a: Corviknight
|-damage|p1a: Corviknight|77/100
|
|-weather|Sandstorm|[upkeep]
|-damage|p2a: Marshadow|94/100|[from] Sandstorm
|upkeep
|turn|2
|
|switch|p2a: Eternatus|Eternatus|100/100
|-ability|p2a: Eternatus|Pressure
|switch|p1a: Eternatus|Eternatus|100/100
|-ability|p1a: Eternatus|Pressure
|
|-weather|Sandstorm|[upkeep]
|-damage|p1a: Eternatus|94/100|[from] Sandstorm
|-damage|p2a: Eternatus|94/100|[from] Sandstorm
|-heal|p1a: Eternatus|100/100|[from] item: Black Sludge
|upkeep
|turn|3
|
|switch|p1a: Tyranitar|Tyranitar, M|100/100
|move|p2a: Eternatus|Dynamax Cannon|p1a: Tyranitar
|-damage|p1a: Tyranitar|76/100
|
|-weather|Sandstorm|[upkeep]
|-damage|p2a: Eternatus|88/100|[from] Sandstorm
|upkeep
|turn|4
|
|switch|p2a: Marshadow|Marshadow|94/100
|move|p1a: Tyranitar|Thunder Wave|p2a: Marshadow|[miss]
|-miss|p1a: Tyranitar|p2a: Marshadow
|
|-weather|Sandstorm|[upkeep]
|-damage|p2a: Marshadow|88/100|[from] Sandstorm
|upkeep
|turn|5
|
|switch|p1a: Eternatus|Eternatus|100/100
|-ability|p1a: Eternatus|Pressure
|move|p2a: Marshadow|Drain Punch|p1a: Eternatus
|-resisted|p1a: Eternatus
|-damage|p1a: Eternatus|89/100
|-heal|p2a: Marshadow|97/100|[from] drain|[of] p1a: Eternatus
|
|-weather|none
|-heal|p1a: Eternatus|95/100|[from] item: Black Sludge
|upkeep
|turn|6
|
|switch|p2a: Necrozma|Necrozma-Dusk-Mane|100/100
|move|p1a: Eternatus|Dynamax Cannon|p2a: Necrozma
|-resisted|p2a: Necrozma
|-damage|p2a: Necrozma|80/100
|
|-heal|p1a: Eternatus|100/100|[from] item: Black Sludge
|upkeep
|turn|7
|
|switch|p1a: Corviknight|Corviknight, F|77/100
|-ability|p1a: Corviknight|Pressure
|move|p2a: Necrozma|Earthquake|p1a: Corviknight
|-immune|p1a: Corviknight
|
|upkeep
|turn|8
|
|switch|p2a: Eternatus|Eternatus|88/100
|-ability|p2a: Eternatus|Pressure
|switch|p1a: Tyranitar|Tyranitar, M|76/100
|-weather|Sandstorm|[from] ability: Sand Stream|[of] p1a: Tyranitar
|
|-weather|Sandstorm|[upkeep]
|-damage|p2a: Eternatus|82/100|[from] Sandstorm
|upkeep
|turn|9
|
|move|p2a: Eternatus|Dynamax Cannon|p1a: Tyranitar
|-damage|p1a: Tyranitar|50/100
|move|p1a: Tyranitar|Stealth Rock|p2a: Eternatus
|-sidestart|p2: tugrin|move: Stealth Rock
|
|-weather|Sandstorm|[upkeep]
|-damage|p2a: Eternatus|76/100|[from] Sandstorm
|upkeep
|turn|10
|
|move|p2a: Eternatus|Dynamax Cannon|p1a: Tyranitar
|-damage|p1a: Tyranitar|24/100
|move|p1a: Tyranitar|Thunder Wave|p2a: Eternatus
|-status|p2a: Eternatus|par
|
|-weather|Sandstorm|[upkeep]
|-damage|p2a: Eternatus|70/100 par|[from] Sandstorm
|upkeep
|turn|11
|
|move|p1a: Tyranitar|Snarl|p2a: Eternatus
|-damage|p2a: Eternatus|57/100 par
|-unboost|p2a: Eternatus|spa|1
|move|p2a: Eternatus|Dynamax Cannon|p1a: Tyranitar
|-damage|p1a: Tyranitar|7/100
|
|-weather|Sandstorm|[upkeep]
|-damage|p2a: Eternatus|51/100 par|[from] Sandstorm
|upkeep
|turn|12
|
|move|p1a: Tyranitar|Snarl|p2a: Eternatus
|-damage|p2a: Eternatus|36/100 par
|-unboost|p2a: Eternatus|spa|1
|move|p2a: Eternatus|Recover|p2a: Eternatus
|-heal|p2a: Eternatus|86/100 par
|
|-weather|none
|upkeep
|turn|13
|
|switch|p1a: Necrozma|Necrozma-Dusk-Mane|100/100
|switch|p2a: Necrozma|Necrozma-Dusk-Mane|80/100
|-damage|p2a: Necrozma|74/100|[from] Stealth Rock
|
|upkeep
|turn|14
|
|move|p2a: Necrozma|Earthquake|p1a: Necrozma
|-supereffective|p1a: Necrozma
|-damage|p1a: Necrozma|64/100
|-enditem|p1a: Necrozma|Weakness Policy
|-boost|p1a: Necrozma|atk|2|[from] item: Weakness Policy
|-boost|p1a: Necrozma|spa|2|[from] item: Weakness Policy
|move|p1a: Necrozma|Dragon Dance|p1a: Necrozma
|-boost|p1a: Necrozma|atk|1
|-boost|p1a: Necrozma|spe|1
|
|upkeep
|turn|15
|
|move|p1a: Necrozma|Earthquake|p2a: Necrozma
|-supereffective|p2a: Necrozma
|-damage|p2a: Necrozma|0 fnt
|faint|p2a: Necrozma
|
|upkeep
|
|switch|p2a: Ditto|Ditto|100/100
|-damage|p2a: Ditto|88/100|[from] Stealth Rock
|-transform|p2a: Ditto|p1a: Necrozma|[from] ability: Imposter
|turn|16
|
|switch|p1a: Corviknight|Corviknight, F|77/100
|-ability|p1a: Corviknight|Pressure
|move|p2a: Ditto|Earthquake|p1a: Corviknight
|-immune|p1a: Corviknight
|
|upkeep
|turn|17
|
|switch|p2a: Eternatus|Eternatus|86/100 par
|-damage|p2a: Eternatus|74/100 par|[from] Stealth Rock
|-ability|p2a: Eternatus|Pressure
|switch|p1a: Tyranitar|Tyranitar, M|7/100
|-weather|Sandstorm|[from] ability: Sand Stream|[of] p1a: Tyranitar
|
|-weather|Sandstorm|[upkeep]
|-damage|p2a: Eternatus|68/100 par|[from] Sandstorm
|upkeep
|turn|18
|
|move|p1a: Tyranitar|Snarl|p2a: Eternatus
|-damage|p2a: Eternatus|55/100 par
|-unboost|p2a: Eternatus|spa|1
|move|p2a: Eternatus|Flamethrower|p1a: Tyranitar
|-resisted|p1a: Tyranitar
|-damage|p1a: Tyranitar|2/100
|
|-weather|Sandstorm|[upkeep]
|-damage|p2a: Eternatus|49/100 par|[from] Sandstorm
|upkeep
|turn|19
|
|move|p1a: Tyranitar|Snarl|p2a: Eternatus
|-damage|p2a: Eternatus|35/100 par
|-unboost|p2a: Eternatus|spa|1
|cant|p2a: Eternatus|par
|
|-weather|Sandstorm|[upkeep]
|-damage|p2a: Eternatus|28/100 par|[from] Sandstorm
|upkeep
|turn|20
|
|switch|p1a: Excadrill|Excadrill, F|100/100
|cant|p2a: Eternatus|par
|
|-weather|Sandstorm|[upkeep]
|-damage|p2a: Eternatus|22/100 par|[from] Sandstorm
|-enditem|p2a: Eternatus|Wiki Berry|[eat]
|-heal|p2a: Eternatus|55/100 par|[from] item: Wiki Berry
|upkeep
|turn|21
|
|move|p1a: Excadrill|Earthquake|p2a: Eternatus
|-supereffective|p2a: Eternatus
|-damage|p2a: Eternatus|0 fnt
|-damage|p1a: Excadrill|91/100|[from] item: Life Orb
|faint|p2a: Eternatus
|
|-weather|none
|upkeep
|
|switch|p2a: Charizard|Charizard, M|100/100
|turn|22
|
|switch|p1a: Eternatus|Eternatus|100/100
|-ability|p1a: Eternatus|Pressure
|-start|p2a: Charizard|Dynamax
|-formechange|p2a: Charizard|Charizard-Gmax
|-heal|p2a: Charizard|100/100|[silent]
|move|p2a: Charizard|G-Max Wildfire|p1a: Eternatus
|-resisted|p1a: Eternatus
|-damage|p1a: Eternatus|79/100
|-sidestart|p1: Jakarn|G-Max Wildfire
|
|-heal|p1a: Eternatus|85/100|[from] item: Black Sludge
|-damage|p1a: Eternatus|68/100|[from] G-Max Wildfire
|upkeep
|turn|23
|
|switch|p1a: Tyranitar|Tyranitar, M|2/100
|-weather|Sandstorm|[from] ability: Sand Stream|[of] p1a: Tyranitar
|move|p2a: Charizard|Max Wyrmwind|p1a: Tyranitar
|-crit|p1a: Tyranitar
|-damage|p1a: Tyranitar|0 fnt
|faint|p1a: Tyranitar
|
|-weather|Sandstorm|[upkeep]
|-damage|p2a: Charizard|97/100|[from] Sandstorm
|upkeep
|
|switch|p1a: Excadrill|Excadrill, F|91/100
|turn|24
|
|-start|p1a: Excadrill|Dynamax
|-heal|p1a: Excadrill|91/100|[silent]
|move|p1a: Excadrill|Max Rockfall|p2a: Charizard
|-supereffective|p2a: Charizard
|-damage|p2a: Charizard|0 fnt
|-damage|p1a: Excadrill|86/100|[from] item: Life Orb
|faint|p2a: Charizard
|
|-weather|Sandstorm|[upkeep]
|-damage|p1a: Excadrill|77/100|[from] G-Max Wildfire
|upkeep
|
|switch|p2a: Ditto|Ditto|88/100
|-damage|p2a: Ditto|76/100|[from] Stealth Rock
|-transform|p2a: Ditto|p1a: Excadrill|[from] ability: Imposter
|turn|25
|
|move|p2a: Ditto|Earthquake|p1a: Excadrill
|-supereffective|p1a: Excadrill
|-damage|p1a: Excadrill|0 fnt
|faint|p1a: Excadrill
|
|-weather|Sandstorm|[upkeep]
|-sideend|p1: Jakarn|G-Max Wildfire
|upkeep
|
|switch|p1a: Corviknight|Corviknight, F|77/100
|-ability|p1a: Corviknight|Pressure
|turn|26
|
|switch|p2a: Marshadow|Marshadow|97/100
|-damage|p2a: Marshadow|91/100|[from] Stealth Rock
|move|p1a: Corviknight|Body Press|p2a: Marshadow
|-immune|p2a: Marshadow
|
|-weather|Sandstorm|[upkeep]
|-damage|p2a: Marshadow|85/100|[from] Sandstorm
|upkeep
|turn|27
|
|switch|p1a: Eternatus|Eternatus|68/100
|-ability|p1a: Eternatus|Pressure
|move|p2a: Marshadow|Spectral Thief|p1a: Eternatus
|-damage|p1a: Eternatus|44/100
|
|-weather|none
|-heal|p1a: Eternatus|50/100|[from] item: Black Sludge
|upkeep
|turn|28
|
|move|p2a: Marshadow|Drain Punch|p1a: Eternatus
|-resisted|p1a: Eternatus
|-damage|p1a: Eternatus|39/100
|-heal|p2a: Marshadow|93/100|[from] drain|[of] p1a: Eternatus
|move|p1a: Eternatus|Recover|p1a: Eternatus
|-heal|p1a: Eternatus|89/100
|
|-heal|p1a: Eternatus|95/100|[from] item: Black Sludge
|upkeep
|turn|29
|
|move|p2a: Marshadow|Drain Punch|p1a: Eternatus
|-resisted|p1a: Eternatus
|-damage|p1a: Eternatus|83/100
|-heal|p2a: Marshadow|100/100|[from] drain|[of] p1a: Eternatus
|move|p1a: Eternatus|Flamethrower|p2a: Marshadow
|-damage|p2a: Marshadow|65/100
|-status|p2a: Marshadow|brn
|
|-heal|p1a: Eternatus|90/100|[from] item: Black Sludge
|-damage|p2a: Marshadow|59/100 brn|[from] brn
|upkeep
|turn|30
|
|switch|p1a: Necrozma|Necrozma-Dusk-Mane|64/100
|move|p2a: Marshadow|Spectral Thief|p1a: Necrozma
|-supereffective|p1a: Necrozma
|-damage|p1a: Necrozma|44/100
|
|-damage|p2a: Marshadow|53/100 brn|[from] brn
|upkeep
|turn|31
|
|move|p2a: Marshadow|Spectral Thief|p1a: Necrozma
|-supereffective|p1a: Necrozma
|-damage|p1a: Necrozma|26/100
|move|p1a: Necrozma|Morning Sun|p1a: Necrozma
|-heal|p1a: Necrozma|76/100
|
|-damage|p2a: Marshadow|47/100 brn|[from] brn
|upkeep
|turn|32
|
|move|p2a: Marshadow|Spectral Thief|p1a: Necrozma
|-supereffective|p1a: Necrozma
|-damage|p1a: Necrozma|57/100
|move|p1a: Necrozma|Sunsteel Strike|p2a: Marshadow
|-damage|p2a: Marshadow|0 fnt
|faint|p2a: Marshadow
|
|upkeep
|-message|tugrin forfeited.
|
|win|Jakarn
|l|☆tugrin
