|raw|<div class="broadcast-blue"><strong>This battle is required to be public due to a player having a name starting with 'ult9ns'.</div>
|j|☆Yati426
|j|☆ULT9NSfushunwario
|t:|1653681939
|gametype|singles
|player|p1|Yati426|falkner|1625
|player|p2|ULT9NSfushunwario|youngster-gen4dp|1636
|teamsize|p1|6
|teamsize|p2|6
|gen|8
|tier|[Gen 8] Ubers
|rated|
|rule|Sleep Clause Mod: Limit one foe put to sleep
|rule|Species Clause: Limit one of each Pokémon
|rule|OHKO Clause: OHKO moves are banned
|rule|Evasion Moves Clause: Evasion moves are banned
|rule|Endless Battle Clause: Forcing endless battles is banned
|rule|HP Percentage Mod: HP is shown in percentages
|rule|Dynamax Clause: You cannot dynamax
|clearpoke
|poke|p1|Yveltal|
|poke|p1|Toxapex, M|
|poke|p1|Shedinja|
|poke|p1|Steelix, F|
|poke|p1|Blissey, F|
|poke|p1|Corviknight, M|
|poke|p2|Aerodactyl, M|
|poke|p2|Calyrex-Shadow|
|poke|p2|Eternatus|
|poke|p2|Marshadow|
|poke|p2|Yveltal|
|poke|p2|Weavile, M|
|teampreview
|inactive|Battle timer is ON: inactive players will automatically lose when time's up. (requested by ULT9NSfushunwario)
|
|t:|1653681954
|start
|switch|p1a: Toxapex|Toxapex, M|100/100
|switch|p2a: Aerodactyl|Aerodactyl, M|100/100
|-ability|p2a: Aerodactyl|Unnerve
|turn|1
|
|t:|1653681957
|move|p2a: Aerodactyl|Taunt|p1a: Toxapex
|-start|p1a: Toxapex|move: Taunt
|move|p1a: Toxapex|Scald|p2a: Aerodactyl
|-supereffective|p2a: Aerodactyl
|-damage|p2a: Aerodactyl|52/100
|-status|p2a: Aerodactyl|brn
|
|-damage|p2a: Aerodactyl|46/100 brn|[from] brn
|upkeep
|turn|2
|j| ULT9NS 1738
|
|t:|1653681967
|move|p2a: Aerodactyl|Stealth Rock|p1a: Toxapex
|-sidestart|p1: Yati426|move: Stealth Rock
|move|p1a: Toxapex|Scald|p2a: Aerodactyl
|-supereffective|p2a: Aerodactyl
|-damage|p2a: Aerodactyl|0 fnt
|faint|p2a: Aerodactyl
|
|upkeep
|c| ULT9NS 1738|LMFAO
|
|t:|1653681983
|switch|p2a: Yveltal|Yveltal|100/100
|-ability|p2a: Yveltal|Dark Aura
|turn|3
|
|t:|1653681985
|move|p2a: Yveltal|Knock Off|p1a: Toxapex
|-damage|p1a: Toxapex|68/100
|move|p1a: Toxapex|Scald|p2a: Yveltal
|-damage|p2a: Yveltal|84/100
|
|-end|p1a: Toxapex|move: Taunt
|upkeep
|turn|4
|
|t:|1653681992
|move|p2a: Yveltal|Knock Off|p1a: Toxapex
|-damage|p1a: Toxapex|37/100
|move|p1a: Toxapex|Scald|p2a: Yveltal
|-damage|p2a: Yveltal|70/100
|
|upkeep
|turn|5
|
|t:|1653681994
|move|p2a: Yveltal|Taunt|p1a: Toxapex
|-start|p1a: Toxapex|move: Taunt
|cant|p1a: Toxapex|move: Taunt|Recover
|
|upkeep
|turn|6
|
|t:|1653681997
|move|p2a: Yveltal|Sucker Punch|p1a: Toxapex
|-damage|p1a: Toxapex|1/100
|move|p1a: Toxapex|Scald|p2a: Yveltal
|-damage|p2a: Yveltal|55/100
|
|upkeep
|turn|7
|
|t:|1653682000
|switch|p1a: Steelix|Steelix, F|100/100
|-damage|p1a: Steelix|97/100|[from] Stealth Rock
|move|p2a: Yveltal|Knock Off|p1a: Steelix
|-damage|p1a: Steelix|62/100
|-enditem|p1a: Steelix|Leftovers|[from] move: Knock Off|[of] p2a: Yveltal
|
|upkeep
|turn|8
|-message|Yati426 forfeited.
|
|win|ULT9NSfushunwario
|raw|Yati426's rating: 1625 &rarr; <strong>1606</strong><br />(-19 for losing)
|raw|ULT9NSfushunwario's rating: 1636 &rarr; <strong>1655</strong><br />(+19 for winning)
|l|☆Yati426
