|j|☆Royal1604
|j|☆Tower Tycoon SiTuM
|t:|1648909750
|gametype|singles
|player|p1|Royal1604|#stt4toxicboys|
|player|p2|Tower Tycoon SiTuM|palmer|
|teamsize|p1|6
|teamsize|p2|6
|gen|8
|tier|[Gen 8] Ubers
|rule|Sleep Clause Mod: Limit one foe put to sleep
|rule|Species Clause: Limit one of each Pokémon
|rule|OHKO Clause: OHKO moves are banned
|rule|Evasion Moves Clause: Evasion moves are banned
|rule|Endless Battle Clause: Forcing endless battles is banned
|rule|HP Percentage Mod: HP is shown in percentages
|rule|Dynamax Clause: You cannot dynamax
|clearpoke
|poke|p1|Magnezone|
|poke|p1|Xerneas-*|
|poke|p1|Necrozma-Dusk-Mane|
|poke|p1|Yveltal|
|poke|p1|Eternatus|
|poke|p1|Darmanitan-Galar, F|
|poke|p2|Toxapex, M|
|poke|p2|Shedinja|
|poke|p2|Lunala|
|poke|p2|Clefable, M|
|poke|p2|Yveltal|
|poke|p2|Zygarde|
|teampreview
|inactive|Battle timer is ON: inactive players will automatically lose when time's up. (requested by Royal1604)
|c|☆Tower Tycoon SiTuM|them
|c|☆Royal1604|oh la stall
|j| Plante tropicale
|j| Ereshkigal
|j| P.Otaku ☯
|inactive|Royal1604 has 270 seconds left.
|inactive|Tower Tycoon SiTuM has 270 seconds left.
|j| Figatellu criminel
|j| AzZoCcX
|c| AzZoCcX|Allez situm
|j| DL Ecca
|j| cielau origine ♫
|c|☆Tower Tycoon SiTuM|ah pelo faut se renouveler tu connais
|j| Sirwings
|j| Heika
|c|☆Tower Tycoon SiTuM|(le renouvellement en question)
|l| Sirwings
|j| Neco0s
|inactive|Royal1604 has 240 seconds left.
|inactive|Tower Tycoon SiTuM has 240 seconds left.
|j| Boulicrok
|j| PepeDuce
|j| Quartos
|l| Quartos
|j| Sirwings
|j| Quartos
|c| Ereshkigal|ce match en ubers s'annoncent passionnant
|j| frol1.
|j| Daruma!
|c|☆Royal1604|j'y croyais tellement pas
|l| Quartos
|j|+Tuthur
|j| Kugen
|inactive|Royal1604 has 210 seconds left.
|
|t:|1648909842
|start
|switch|p1a: Darmanitan|Darmanitan-Galar, F|100/100
|switch|p2a: odeur nauséabonde|Toxapex, M|100/100
|turn|1
|l| Sirwings
|j| Je vis je visser
|j| jujustracie
|inactive|Royal1604 has 270 seconds left.
|
|t:|1648909852
|switch|p1a: Necrozma|Necrozma-Dusk-Mane|100/100
|move|p2a: odeur nauséabonde|Knock Off|p1a: Necrozma
|-supereffective|p1a: Necrozma
|-damage|p1a: Necrozma|86/100
|-enditem|p1a: Necrozma|Leftovers|[from] move: Knock Off|[of] p2a: odeur nauséabonde
|
|upkeep
|turn|2
|j| HaxxSel♔
|c|☆Tower Tycoon SiTuM|ça aurait été drôle si t'avais été eq darm
|j| Alkione
|
|t:|1648909867
|switch|p2a: 🤢🤢🤢🤢🤢🤢|Yveltal|100/100
|-ability|p2a: 🤢🤢🤢🤢🤢🤢|Dark Aura
|move|p1a: Necrozma|Stealth Rock|p2a: 🤢🤢🤢🤢🤢🤢
|-sidestart|p2: Tower Tycoon SiTuM|move: Stealth Rock
|
|upkeep
|turn|3
|j| Hyss
|inactive|Royal1604 has 270 seconds left.
|
|t:|1648909890
|switch|p1a: Eternatus|Eternatus|100/100
|-ability|p1a: Eternatus|Pressure
|move|p2a: 🤢🤢🤢🤢🤢🤢|Defog|p1a: Eternatus
|-unboost|p1a: Eternatus|evasion|1
|-enditem|p1a: Eternatus|Eject Pack
|-sideend|p2: Tower Tycoon SiTuM|Stealth Rock|[from] move: Defog|[of] p2a: 🤢🤢🤢🤢🤢🤢
|j| Elyoss
|l| Hyss
|inactive|Royal1604 has 270 seconds left.
|c|☆Tower Tycoon SiTuM|mdrr
|j| Hurtadoo
|j| Horodro
|
|t:|1648909908
|switch|p1a: Darmanitan|Darmanitan-Galar, F|100/100
|
|upkeep
|turn|4
|j| Joe Gillian 8
|j| Batmor2
|j| Mouscouteau
|j| Xeltal
|c| Joe Gillian 8|ptdrrrr
|
|t:|1648909928
|switch|p2a: odeur nauséabonde|Toxapex, M|100/100
|move|p1a: Darmanitan|U-turn|p2a: odeur nauséabonde
|-resisted|p2a: odeur nauséabonde
|-damage|p2a: odeur nauséabonde|88/100
|-damage|p1a: Darmanitan|84/100|[from] item: Rocky Helmet|[of] p2a: odeur nauséabonde
|j| Sirwings
|
|t:|1648909933
|switch|p1a: Magnezone|Magnezone|100/100|[from]move: U-turn
|-item|p1a: Magnezone|Air Balloon
|
|upkeep
|turn|5
|j| Ryuji-Sensei
|j| Mounchamp
|inactive|Royal1604 has 270 seconds left.
|j| Sundwn
|
|t:|1648909965
|switch|p1a: Eternatus|Eternatus|100/100
|-ability|p1a: Eternatus|Pressure
|switch|p2a: BEURK|Zygarde|100/100
|
|upkeep
|turn|6
|
|t:|1648909975
|switch|p2a: odeur nauséabonde|Toxapex, M|100/100
|move|p1a: Eternatus|Draco Meteor|p2a: odeur nauséabonde
|-damage|p2a: odeur nauséabonde|54/100
|-unboost|p1a: Eternatus|spa|2
|
|upkeep
|turn|7
|j| Masskeauuu
|j| palapapop
|j| Cupid&DarkPitt
|j| Cherbou
|l| Sirwings
|inactive|Royal1604 has 240 seconds left.
|j| Givra no bi ☯
|j| Quartosa
|j| Oakdeon
|j| Don't test me bud
|inactive|Tower Tycoon SiTuM has 270 seconds left.
|inactive|Royal1604 has 210 seconds left.
|inactive|Tower Tycoon SiTuM has 240 seconds left.
|
|t:|1648910043
|switch|p1a: Necrozma|Necrozma-Dusk-Mane|86/100
|switch|p2a: puanteur absolue|Clefable, M|100/100
|
|upkeep
|turn|8
|j| Schizotache
|
|t:|1648910049
|switch|p2a: 🤢🤢🤢🤢🤢🤢|Yveltal|100/100
|-ability|p2a: 🤢🤢🤢🤢🤢🤢|Dark Aura
|move|p1a: Necrozma|Stealth Rock|p2a: 🤢🤢🤢🤢🤢🤢
|-sidestart|p2: Tower Tycoon SiTuM|move: Stealth Rock
|
|upkeep
|turn|9
|
|t:|1648910052
|switch|p1a: Darmanitan|Darmanitan-Galar, F|84/100
|move|p2a: 🤢🤢🤢🤢🤢🤢|Defog|p1a: Darmanitan
|-unboost|p1a: Darmanitan|evasion|1
|-sideend|p2: Tower Tycoon SiTuM|Stealth Rock|[from] move: Defog|[of] p2a: 🤢🤢🤢🤢🤢🤢
|
|upkeep
|turn|10
|j| Givrix
|
|t:|1648910058
|switch|p2a: odeur nauséabonde|Toxapex, M|87/100
|move|p1a: Darmanitan|Rock Slide|p2a: odeur nauséabonde
|-damage|p2a: odeur nauséabonde|63/100
|
|upkeep
|turn|11
|c| Kugen|les 6 surnoms de situm
|c| Kugen|sont des csc
|inactive|Tower Tycoon SiTuM has 270 seconds left.
|
|t:|1648910070
|switch|p1a: Necrozma|Necrozma-Dusk-Mane|86/100
|move|p2a: odeur nauséabonde|Scald|p1a: Necrozma
|-damage|p1a: Necrozma|77/100
|
|upkeep
|turn|12
|j| Sharow 水上
|
|t:|1648910074
|switch|p2a: 🤢🤢🤢🤢🤢🤢|Yveltal|100/100
|-ability|p2a: 🤢🤢🤢🤢🤢🤢|Dark Aura
|move|p1a: Necrozma|Stealth Rock|p2a: 🤢🤢🤢🤢🤢🤢
|-sidestart|p2: Tower Tycoon SiTuM|move: Stealth Rock
|
|upkeep
|turn|13
|c| Alkione|ca fait 2 heures que t'es sensé jouer dans 5min Kugen
|inactive|Royal1604 has 240 seconds left.
|l| Sharow 水上
|c| Kugen|on va jouer là
|c| AzZoCcX|mdrrr
|c| Ereshkigal|dans 5 minutes ?
|
|t:|1648910094
|switch|p1a: Darmanitan|Darmanitan-Galar, F|84/100
|move|p2a: 🤢🤢🤢🤢🤢🤢|Defog|p1a: Darmanitan
|-unboost|p1a: Darmanitan|evasion|1
|-sideend|p2: Tower Tycoon SiTuM|Stealth Rock|[from] move: Defog|[of] p2a: 🤢🤢🤢🤢🤢🤢
|
|upkeep
|turn|14
|c| Kugen|il arrive
|
|t:|1648910097
|switch|p2a: odeur nauséabonde|Toxapex, M|96/100
|move|p1a: Darmanitan|Earthquake|p2a: odeur nauséabonde
|-supereffective|p2a: odeur nauséabonde
|-damage|p2a: odeur nauséabonde|26/100
|
|upkeep
|turn|15
|c| Kugen|il m'a dit
|c|☆Tower Tycoon SiTuM|aaaaaah
|c| AzZoCcX|BD va avoir une perte de co
|c| AzZoCcX|ça arrive
|j| Sharow 水上
|c|☆Tower Tycoon SiTuM|bon quand même
|inactive|Royal1604 has 240 seconds left.
|j| Shafofficiel
|
|t:|1648910122
|switch|p1a: Eternatus|Eternatus|100/100
|-ability|p1a: Eternatus|Pressure
|switch|p2a: 🤢🤢🤢🤢🤢🤢|Yveltal|100/100
|-ability|p2a: 🤢🤢🤢🤢🤢🤢|Dark Aura
|
|upkeep
|turn|16
|j| Nael222
|
|t:|1648910131
|switch|p2a: puanteur absolue|Clefable, M|100/100
|move|p1a: Eternatus|Toxic|p2a: puanteur absolue
|-status|p2a: puanteur absolue|tox
|
|upkeep
|turn|17
|
|t:|1648910135
|switch|p1a: Necrozma|Necrozma-Dusk-Mane|77/100
|move|p2a: puanteur absolue|Stealth Rock|p1a: Necrozma
|-sidestart|p1: Royal1604|move: Stealth Rock
|
|upkeep
|turn|18
|
|t:|1648910142
|switch|p2a: odeur nauséabonde|Toxapex, M|60/100
|move|p1a: Necrozma|Stealth Rock|p2a: odeur nauséabonde
|-sidestart|p2: Tower Tycoon SiTuM|move: Stealth Rock
|
|upkeep
|turn|19
|
|t:|1648910145
|move|p1a: Necrozma|Thunder Wave|p2a: odeur nauséabonde
|-status|p2a: odeur nauséabonde|par
|move|p2a: odeur nauséabonde|Recover|p2a: odeur nauséabonde
|-heal|p2a: odeur nauséabonde|100/100 par
|
|upkeep
|turn|20
|inactive|Royal1604 has 270 seconds left.
|n| Flex OKLM|mounchamp
|
|t:|1648910156
|switch|p1a: Yveltal|Yveltal|100/100
|-ability|p1a: Yveltal|Dark Aura
|cant|p2a: odeur nauséabonde|par
|
|upkeep
|turn|21
|inactive|Royal1604 has 270 seconds left.
|
|t:|1648910161
|switch|p2a: puanteur absolue|Clefable, M|100/100 tox
|move|p1a: Yveltal|U-turn|p2a: puanteur absolue
|-resisted|p2a: puanteur absolue
|-damage|p2a: puanteur absolue|93/100 tox
|c| Flex OKLM|ta pas honte situm de jouer cette stall nul
|inactive|Royal1604 has 270 seconds left.
|c| Kugen|tu vois bien que c pas une stall
|j| Sirwings
|c| Kugen|ya yvel et zyg
|c| Flex OKLM|ah ba oui
|j| Akany
|c| Flex OKLM|autant pour moi
|
|t:|1648910195
|switch|p1a: Magnezone|Magnezone|100/100|[from]move: U-turn
|-damage|p1a: Magnezone|94/100|[from] Stealth Rock
|-item|p1a: Magnezone|Air Balloon
|
|upkeep
|turn|22
|j| lulu qlf
|
|t:|1648910198
|switch|p2a: BEURK|Zygarde|100/100
|-damage|p2a: BEURK|94/100|[from] Stealth Rock
|move|p1a: Magnezone|Iron Defense|p1a: Magnezone
|-boost|p1a: Magnezone|def|2
|
|-heal|p2a: BEURK|100/100|[from] item: Leftovers
|upkeep
|turn|23
|
|t:|1648910210
|move|p1a: Magnezone|Body Press|p2a: BEURK
|-damage|p2a: BEURK|71/100
|move|p2a: BEURK|Coil|p2a: BEURK
|-boost|p2a: BEURK|atk|1
|-boost|p2a: BEURK|def|1
|-boost|p2a: BEURK|accuracy|1
|
|-heal|p2a: BEURK|77/100|[from] item: Leftovers
|upkeep
|turn|24
|inactive|Royal1604 has 240 seconds left.
|j| tonton nykos
|c| Sharow 水上|c fini
|c| Sharow 水上|tu passes pas royal
|c| Sharow 水上|c impossible
|j| Astreau
|c|☆Tower Tycoon SiTuM|si il peut large
|c|☆Tower Tycoon SiTuM|il a eq darm
|c| Sharow 水上|non
|j| Beka
|j| Louna
|c| Kugen|n c faux sharow
|inactive|Royal1604 has 210 seconds left.
|j| ismakhil*-*
|c|☆Royal1604|darm suffira pas
|c|☆Tower Tycoon SiTuM|ça dépend
|c| Kugen|tsé
|c| Sirwings|Dans tout les cas ça coûte rien de tenter
|j|%iron☂water ♫
|inactive|Royal1604 has 180 seconds left.
|c|☆Tower Tycoon SiTuM|après stu penses vrmt pas passer forfeit hein
|c| Kugen|t as un path royal les écoute pas
|c| Sirwings|À part du temps ig
|j| Lougivo
|c|☆Royal1604|je vais essayer pour la team
|j| Opela
|c|☆Tower Tycoon SiTuM|ouais pour ceux qui demandent
|c|☆Tower Tycoon SiTuM|c'est un 6 connu
|inactive|Royal1604 has 150 seconds left.
|c|☆Tower Tycoon SiTuM|y'a deux versions
|c|☆Tower Tycoon SiTuM|une de aber
|
|t:|1648910329
|switch|p1a: Xerneas|Xerneas|100/100
|-damage|p1a: Xerneas|88/100|[from] Stealth Rock
|-ability|p1a: Xerneas|Fairy Aura
|move|p2a: BEURK|Thousand Arrows|p1a: Xerneas
|-damage|p1a: Xerneas|50/100
|
|-heal|p2a: BEURK|83/100|[from] item: Leftovers
|upkeep
|turn|25
|j| NymphaLycorne
|c|☆Tower Tycoon SiTuM|et une de tony
|c| ismakhil*-*|osef joue mdrrr
|inactive|Royal1604 has 150 seconds left.
|c| Kugen|tg isma
|c| DL Ecca|putain il a sorti le 6
|
|t:|1648910343
|switch|p1a: Yveltal|Yveltal|100/100
|-ability|p1a: Yveltal|Dark Aura
|switch|p2a: no douche|Shedinja|100/100
|
|upkeep
|turn|26
|c| DL Ecca|des enfers
|
|t:|1648910347
|switch|p2a: puanteur absolue|Clefable, M|93/100 tox
|move|p1a: Yveltal|Defog|p2a: puanteur absolue
|-unboost|p2a: puanteur absolue|evasion|1
|-sideend|p2: Tower Tycoon SiTuM|Stealth Rock|[from] move: Defog|[of] p1a: Yveltal
|-sideend|p1: Royal1604|Stealth Rock|[from] move: Defog|[of] p1a: Yveltal
|
|upkeep
|turn|27
|c| Horodro|tg ecca
|
|t:|1648910351
|move|p1a: Yveltal|U-turn|p2a: puanteur absolue
|-resisted|p2a: puanteur absolue
|-damage|p2a: puanteur absolue|85/100 tox
|c| DL Ecca|?
|
|t:|1648910354
|switch|p1a: Darmanitan|Darmanitan-Galar, F|84/100|[from]move: U-turn
|move|p2a: puanteur absolue|Stealth Rock|p1a: Darmanitan
|-sidestart|p1: Royal1604|move: Stealth Rock
|
|upkeep
|turn|28
|inactive|Royal1604 has 180 seconds left.
|c| ismakhil*-*|ta gueule horodro et ratio
|c| DL Ecca|dis lui
|c| Sharow 水上|on avait quoi avant lunala
|c| Sharow 水上|dans la team
|l| Sirwings
|inactive|Tower Tycoon SiTuM has 270 seconds left.
|
|t:|1648910405
|move|p1a: Darmanitan|Rock Slide|p2a: puanteur absolue
|-damage|p2a: puanteur absolue|54/100 tox
|cant|p2a: puanteur absolue|flinch
|
|upkeep
|turn|29
|
|t:|1648910413
|move|p1a: Darmanitan|Rock Slide|p2a: puanteur absolue
|-damage|p2a: puanteur absolue|23/100 tox
|move|p2a: puanteur absolue|Soft-Boiled|p2a: puanteur absolue
|-heal|p2a: puanteur absolue|73/100 tox
|
|upkeep
|turn|30
|c| Kugen|mdrr
|
|t:|1648910417
|move|p1a: Darmanitan|Rock Slide|p2a: puanteur absolue
|-damage|p2a: puanteur absolue|40/100 tox
|move|p2a: puanteur absolue|Moonblast|p1a: Darmanitan
|-damage|p1a: Darmanitan|36/100
|
|upkeep
|turn|31
|
|t:|1648910423
|switch|p2a: BEURK|Zygarde|83/100
|move|p1a: Darmanitan|Rock Slide|p2a: BEURK|[miss]
|-miss|p1a: Darmanitan|p2a: BEURK
|
|-heal|p2a: BEURK|89/100|[from] item: Leftovers
|upkeep
|turn|32
|
|t:|1648910428
|switch|p1a: Eternatus|Eternatus|100/100
|-damage|p1a: Eternatus|88/100|[from] Stealth Rock
|-ability|p1a: Eternatus|Pressure
|move|p2a: BEURK|Thousand Arrows|p1a: Eternatus
|-supereffective|p1a: Eternatus
|-damage|p1a: Eternatus|37/100
|
|-heal|p2a: BEURK|96/100|[from] item: Leftovers
|upkeep
|turn|33
|j| Sirwings
|l| frol1.
|
|t:|1648910442
|switch|p1a: Necrozma|Necrozma-Dusk-Mane|77/100
|-damage|p1a: Necrozma|71/100|[from] Stealth Rock
|switch|p2a: odeur nauséabonde|Toxapex, M|100/100 par
|
|upkeep
|turn|34
|l| Sirwings
|
|t:|1648910463
|switch|p1a: Yveltal|Yveltal|100/100
|-ability|p1a: Yveltal|Dark Aura
|cant|p2a: odeur nauséabonde|par
|
|upkeep
|turn|35
|l| ismakhil*-*
|
|t:|1648910482
|move|p1a: Yveltal|Defog|p2a: odeur nauséabonde
|-unboost|p2a: odeur nauséabonde|evasion|1
|-sideend|p1: Royal1604|Stealth Rock|[from] move: Defog|[of] p1a: Yveltal
|move|p2a: odeur nauséabonde|Knock Off|p1a: Yveltal
|-resisted|p1a: Yveltal
|-damage|p1a: Yveltal|92/100
|-enditem|p1a: Yveltal|Heavy-Duty Boots|[from] move: Knock Off|[of] p2a: odeur nauséabonde
|
|upkeep
|turn|36
|j| Hyss
|l| Hyss
|
|t:|1648910493
|move|p1a: Yveltal|U-turn|p2a: odeur nauséabonde
|-resisted|p2a: odeur nauséabonde
|-damage|p2a: odeur nauséabonde|95/100 par
|-damage|p1a: Yveltal|75/100|[from] item: Rocky Helmet|[of] p2a: odeur nauséabonde
|j| ismakhil*-*
|
|t:|1648910498
|switch|p1a: Eternatus|Eternatus|37/100|[from]move: U-turn
|-ability|p1a: Eternatus|Pressure
|move|p2a: odeur nauséabonde|Scald|p1a: Eternatus
|-resisted|p1a: Eternatus
|-damage|p1a: Eternatus|32/100
|
|upkeep
|turn|37
|
|t:|1648910504
|move|p1a: Eternatus|Recover|p1a: Eternatus
|-heal|p1a: Eternatus|82/100
|cant|p2a: odeur nauséabonde|par
|
|upkeep
|turn|38
|
|t:|1648910510
|move|p1a: Eternatus|Draco Meteor|p2a: odeur nauséabonde
|-damage|p2a: odeur nauséabonde|43/100 par
|-unboost|p1a: Eternatus|spa|2
|move|p2a: odeur nauséabonde|Scald|p1a: Eternatus
|-resisted|p1a: Eternatus
|-crit|p1a: Eternatus
|-damage|p1a: Eternatus|75/100
|
|upkeep
|turn|39
|c|☆Tower Tycoon SiTuM|moi et scald dites donc
|c|☆Tower Tycoon SiTuM|ce sera une histoire à raconter à mes enfants
|
|t:|1648910529
|switch|p1a: Darmanitan|Darmanitan-Galar, F|36/100
|switch|p2a: 🤢🤢🤢🤢🤢🤢|Yveltal|100/100
|-ability|p2a: 🤢🤢🤢🤢🤢🤢|Dark Aura
|
|upkeep
|turn|40
|c| Astreau|les enfants en question
|c| Joe Gillian 8|:clowned:
|c| Kugen|csc
|c| Kugen|astro..
|c| Astreau|c moi
|inactive|Royal1604 has 210 seconds left.
|c| ismakhil*-*|c'est moi
|j| rytho
|c| ismakhil*-*|HAHAHAHAHAHAHA
|c| Joe Gillian 8|oui.
|c| Kugen|dommage
|c|☆Royal1604|donne un chiffre entre 1 et 4
|c| Kugen|on rigolait bien
|c|☆Royal1604|je le clique
|j| frol1.
|c|☆Tower Tycoon SiTuM|tsé
|c| Astreau|#jailaref
|c| Kugen|3
|c| PepeDuce|1 et 3
|j| Sirwings
|c| Kugen|royal
|inactive|Royal1604 has 180 seconds left.
|c| PepeDuce|tu cliques pas le 4
|
|t:|1648910591
|switch|p2a: ca pue sa mere|Lunala|100/100
|move|p1a: Darmanitan|Icicle Crash|p2a: ca pue sa mere
|-damage|p2a: ca pue sa mere|73/100
|
|upkeep
|turn|41
|l| rytho
|c| Astreau|le 3 c'est eq
|c|☆Tower Tycoon SiTuM|//forfeit tsais lmec ki a pas compris
|c| Astreau|ah
|inactive|Royal1604 has 180 seconds left.
|c| Kugen|ct quoi le 3
|c| Astreau|jfhsjdhf pas comme ça situm
|c|☆Royal1604|bah ca
|
|t:|1648910617
|switch|p2a: odeur nauséabonde|Toxapex, M|76/100 par
|move|p1a: Darmanitan|Icicle Crash|p2a: odeur nauséabonde
|-resisted|p2a: odeur nauséabonde
|-damage|p2a: odeur nauséabonde|55/100 par
|
|upkeep
|turn|42
|
|t:|1648910626
|switch|p1a: Necrozma|Necrozma-Dusk-Mane|71/100
|move|p2a: odeur nauséabonde|Scald|p1a: Necrozma
|-damage|p1a: Necrozma|61/100
|-status|p1a: Necrozma|brn
|
|-damage|p1a: Necrozma|55/100 brn|[from] brn
|upkeep
|turn|43
|c| Kugen|post avant "enfin"
|
|t:|1648910637
|switch|p2a: ca pue sa mere|Lunala|73/100
|move|p1a: Necrozma|Stealth Rock|p2a: ca pue sa mere
|-sidestart|p2: Tower Tycoon SiTuM|move: Stealth Rock
|
|-damage|p1a: Necrozma|48/100 brn|[from] brn
|upkeep
|turn|44
|c| Joe Gillian 8|une belle histoire
|
|t:|1648910641
|switch|p1a: Yveltal|Yveltal|75/100
|-ability|p1a: Yveltal|Dark Aura
|move|p2a: ca pue sa mere|Roost|p2a: ca pue sa mere
|-heal|p2a: ca pue sa mere|100/100
|-singleturn|p2a: ca pue sa mere|move: Roost
|
|upkeep
|turn|45
|j| rom1x
|
|t:|1648910647
|move|p2a: ca pue sa mere|Will-O-Wisp|p1a: Yveltal
|-status|p1a: Yveltal|brn
|move|p1a: Yveltal|U-turn|p2a: ca pue sa mere
|-damage|p2a: ca pue sa mere|97/100
|
|t:|1648910652
|switch|p1a: Darmanitan|Darmanitan-Galar, F|36/100|[from]move: U-turn
|
|upkeep
|turn|46
|c| Heika|goat
|c|☆Royal1604|wah il est si rapide
|j| The Delta Maybca☆〜
|l| ismakhil*-*
|
|t:|1648910670
|move|p1a: Darmanitan|Rock Slide|p2a: ca pue sa mere
|-damage|p2a: ca pue sa mere|63/100
|move|p2a: ca pue sa mere|Hex|p1a: Darmanitan
|-damage|p1a: Darmanitan|0 fnt
|faint|p1a: Darmanitan
|
|upkeep
|c| Sharow 水上|gg
|
|t:|1648910679
|switch|p1a: Yveltal|Yveltal|75/100 brn
|-ability|p1a: Yveltal|Dark Aura
|turn|47
|l| Opela
|j|+Panur
|
|t:|1648910684
|switch|p2a: puanteur absolue|Clefable, M|40/100 tox
|move|p1a: Yveltal|Foul Play|p2a: puanteur absolue
|-resisted|p2a: puanteur absolue
|-damage|p2a: puanteur absolue|35/100 tox
|
|-damage|p1a: Yveltal|69/100 brn|[from] brn
|-damage|p1a: Yveltal|57/100 brn|[from] item: Sticky Barb
|upkeep
|turn|48
|c|☆Tower Tycoon SiTuM|LA TECH A MARCHE
|c|☆Tower Tycoon SiTuM|JE REPETE
|c|☆Tower Tycoon SiTuM|LA TECH A MARCHE
|l| Sirwings
|c|☆Tower Tycoon SiTuM|CECI NEST PAS UN EXERCICE
|c| Joe Gillian 8|kekw
|c|☆Tower Tycoon SiTuM|tsais lmatrixé
|c| Astreau|ta gueule
|l| rom1x
|c| Heika|tsé le mec aigri
|c| Astreau|tsais lmec nerveux
|inactive|Royal1604 has 180 seconds left.
|c| Kugen|les toxic boys ahlala
|c| Kugen|tsé le ms3d
|c| Cherbou|Fermez la vos tse là tse le minimod
|j| Le Dieun ❤ notor
|c| Heika|avoue ça te manque bd
|l| Quartosa
|j| Quartos
|j|+kino
|j| Sirwings
|c| Kugen|c l'inverse
|c| Kugen|c moi qui vous manque
|inactive|Royal1604 has 150 seconds left.
|c| Joe Gillian 8|GoleMS3D :blush:
|c| Heika|aussi
|j| ismakhil*-*
|l| The Delta Maybca☆〜
|c| Kugen|...
|j| The Delta Maybca☆〜
|c| Kugen|basa a ruiné une histoire d'amour
|c| Kugen|qui devait durer
|c| Kugen|blamez le
|c|☆Tower Tycoon SiTuM|je me demande pour ceux qui veulent s'inspirer de ma tech légendaire
|c|☆Tower Tycoon SiTuM|ça marche aussi sur koff
|c|☆Tower Tycoon SiTuM|car la sticky barb s'applique avant
|inactive|Royal1604 has 120 seconds left.
|c|☆Royal1604|ah c'est bon j'ai le droit :messi
|l| Sharow 水上
|-message|Royal1604 forfeited.
|
|win|Tower Tycoon SiTuM
|l| Sirwings
|c|☆Tower Tycoon SiTuM|ggent
|c|☆Royal1604|gg
|j| Opela
|l| ismakhil*-*
|l| Lougivo
|l| Beka
|c|☆Tower Tycoon SiTuM|et comme dirait bane dans le joker
|l| Kugen
|l| Le Dieun ❤ notor
|j| magicalchris972
|l| Horodro
|c|☆Tower Tycoon SiTuM|euh dans batman
|c| AzZoCcX|EHEHEHAH
|l| Figatellu criminel
|l| Shafofficiel
|c|☆Tower Tycoon SiTuM|you merely embraced the shadows
|l| Ereshkigal
|c|☆Tower Tycoon SiTuM|i was born in it
|l|%iron☂water ♫
