|j|☆Kurtkingston
|j|☆hjuyttdd
|t:|1597052428
|player|p1|Kurtkingston|266|
|player|p2|hjuyttdd|pokemonranger|
|teamsize|p1|6
|teamsize|p2|6
|gametype|singles
|gen|8
|tier|[Gen 8] Ubers
|rated|Tournament battle
|clearpoke
|poke|p1|Marshadow|
|poke|p1|Zacian-Crowned|
|poke|p1|Reshiram|
|poke|p1|Lunala|
|poke|p1|Centiskorch, F|
|poke|p1|Eternatus|
|poke|p2|Marowak-Alola, F|
|poke|p2|Necrozma-Dusk-Mane|
|poke|p2|Runerigus, F|
|poke|p2|Hatterene, F|
|poke|p2|Zacian-Crowned|
|poke|p2|Eternatus|
|rule|Sleep Clause Mod: Limit one foe put to sleep
|rule|Species Clause: Limit one of each Pokémon
|rule|OHKO Clause: OHKO moves are banned
|rule|Evasion Moves Clause: Evasion moves are banned
|rule|Endless Battle Clause: Forcing endless battles is banned
|rule|HP Percentage Mod: HP is shown in percentages
|html|Ubers Dynamax Clause: Pokémon on the <a href="https://www.smogon.com/dex/ss/formats/uber/">Ubers Dynamax Banlist</a> cannot Dynamax.
|teampreview
|j| emeric pokemon
|c|☆hjuyttdd|oi oi
|c|☆hjuyttdd|glhf
|c|☆Kurtkingston|u 2
|inactive|Battle timer is ON: inactive players will automatically lose when time's up. (requested by hjuyttdd)
|
|t:|1597052461
|start
|switch|p1a: ACTUALLYBULLSHIT|Zacian-Crowned|100/100
|switch|p2a: Runerigus|Runerigus, F|100/100
|-ability|p1a: ACTUALLYBULLSHIT|Intrepid Sword|boost
|-boost|p1a: ACTUALLYBULLSHIT|atk|1
|turn|1
|
|t:|1597052482
|switch|p1a: DRACULAONACID|Lunala|100/100
|move|p2a: Runerigus|Trick Room|p2a: Runerigus
|-fieldstart|move: Trick Room|[of] p2a: Runerigus
|
|upkeep
|turn|2
|
|t:|1597052487
|move|p2a: Runerigus|Stealth Rock|p1a: DRACULAONACID
|-sidestart|p1: Kurtkingston|move: Stealth Rock
|move|p1a: DRACULAONACID|Moongeist Beam|p2a: Runerigus
|-supereffective|p2a: Runerigus
|-damage|p2a: Runerigus|0 fnt
|faint|p2a: Runerigus
|
|upkeep
|j| batkospatkom
|
|t:|1597052490
|switch|p2a: Marowak|Marowak-Alola, F|100/100
|turn|3
|c| batkospatkom|gl guys
|
|t:|1597052496
|move|p2a: Marowak|Poltergeist|p1a: DRACULAONACID
|-activate|p1a: DRACULAONACID|move: Poltergeist|Focus Sash
|-supereffective|p1a: DRACULAONACID
|-enditem|p1a: DRACULAONACID|Focus Sash
|-damage|p1a: DRACULAONACID|1/100
|move|p1a: DRACULAONACID|Moongeist Beam|p2a: Marowak
|-supereffective|p2a: Marowak
|-damage|p2a: Marowak|0 fnt
|faint|p2a: Marowak
|
|upkeep
|c|☆hjuyttdd|wtf
|c|☆hjuyttdd|wtf
|c|☆hjuyttdd|wtf
|c|☆hjuyttdd|wut is this retarded shit
|inactive|hjuyttdd has 120 seconds left.
|j| Thebestneverrest
|c|☆hjuyttdd|wtf
|c|☆hjuyttdd|wtf
|c|☆hjuyttdd|wtf
|c| Thebestneverrest|Lol
|c|☆hjuyttdd|what the actual fuck
|
|t:|1597052551
|switch|p2a: Hatterene|Hatterene, F|100/100
|turn|4
|c|☆hjuyttdd|im triggered
|c| Thebestneverrest|Lol
|inactive|hjuyttdd has 90 seconds left.
|
|t:|1597052571
|-start|p2a: Hatterene|Dynamax
|-formechange|p2a: Hatterene|Hatterene-Gmax
|-heal|p2a: Hatterene|100/100|[silent]
|move|p2a: Hatterene|Max Flare|p1a: DRACULAONACID
|-damage|p1a: DRACULAONACID|0 fnt
|-weather|SunnyDay
|-damage|p2a: Hatterene|96/100|[from] item: Life Orb
|faint|p1a: DRACULAONACID
|
|-weather|SunnyDay|[upkeep]
|upkeep
|
|t:|1597052589
|switch|p1a: VERYFRIGHTENING|Centiskorch, F|100/100
|-damage|p1a: VERYFRIGHTENING|51/100|[from] Stealth Rock
|turn|5
|
|t:|1597052594
|-start|p1a: VERYFRIGHTENING|Dynamax
|-formechange|p1a: VERYFRIGHTENING|Centiskorch-Gmax
|-heal|p1a: VERYFRIGHTENING|51/100|[silent]
|move|p2a: Hatterene|Max Mindstorm|p1a: VERYFRIGHTENING
|-damage|p1a: VERYFRIGHTENING|4/100
|-fieldstart|move: Psychic Terrain
|-enditem|p1a: VERYFRIGHTENING|Aguav Berry|[eat]
|-heal|p1a: VERYFRIGHTENING|20/100|[from] item: Aguav Berry
|-damage|p2a: Hatterene|91/100|[from] item: Life Orb
|move|p1a: VERYFRIGHTENING|G-Max Centiferno|p2a: Hatterene
|-damage|p2a: Hatterene|30/100
|-activate|p2a: Hatterene|move: G-Max Centiferno|[of] p1a: VERYFRIGHTENING
|
|-weather|SunnyDay|[upkeep]
|-damage|p2a: Hatterene|24/100|[from] move: G-Max Centiferno|[partiallytrapped]
|-fieldend|move: Trick Room
|upkeep
|turn|6
|
|t:|1597052607
|move|p1a: VERYFRIGHTENING|G-Max Centiferno|p2a: Hatterene
|-damage|p2a: Hatterene|0 fnt
|faint|p2a: Hatterene
|
|-weather|SunnyDay|[upkeep]
|upkeep
|
|t:|1597052615
|switch|p2a: Necrozma|Necrozma-Dusk-Mane|100/100
|turn|7
|
|t:|1597052617
|move|p1a: VERYFRIGHTENING|G-Max Centiferno|p2a: Necrozma
|-supereffective|p2a: Necrozma
|-damage|p2a: Necrozma|0 fnt
|faint|p2a: Necrozma
|
|-weather|SunnyDay|[upkeep]
|-end|p1a: VERYFRIGHTENING|Dynamax
|-formechange|p1a: VERYFRIGHTENING|Centiskorch
|-heal|p1a: VERYFRIGHTENING|20/100|[silent]
|upkeep
|j| MAZM
|inactive|hjuyttdd has 120 seconds left.
|
|t:|1597052624
|switch|p2a: Zacian|Zacian-Crowned|100/100
|-ability|p2a: Zacian|Intrepid Sword|boost
|-boost|p2a: Zacian|atk|1
|turn|8
|c|☆hjuyttdd|im just sad
|inactive|hjuyttdd has 120 seconds left.
|c|☆hjuyttdd|my brain aint working
|
|t:|1597052643
|move|p2a: Zacian|Behemoth Blade|p1a: VERYFRIGHTENING
|-resisted|p1a: VERYFRIGHTENING
|-damage|p1a: VERYFRIGHTENING|0 fnt
|faint|p1a: VERYFRIGHTENING
|
|-weather|none
|upkeep
|c| Thebestneverrest|Oof
|c| Thebestneverrest|Its ok
|c|☆hjuyttdd|wp man
|
|t:|1597052666
|switch|p1a: NIGHTOFTHEMARSH|Marshadow|100/100
|-damage|p1a: NIGHTOFTHEMARSH|94/100|[from] Stealth Rock
|turn|9
|
|t:|1597052671
|move|p1a: NIGHTOFTHEMARSH|Spectral Thief||[still]
|-clearpositiveboost|p2a: Zacian|p1a: NIGHTOFTHEMARSH|move: Spectral Thief
|-boost|p1a: NIGHTOFTHEMARSH|atk|1
|-anim|p1a: NIGHTOFTHEMARSH|Spectral Thief|p2a: Zacian
|-damage|p2a: Zacian|41/100
|move|p2a: Zacian|Behemoth Blade|p1a: NIGHTOFTHEMARSH
|-crit|p1a: NIGHTOFTHEMARSH
|-damage|p1a: NIGHTOFTHEMARSH|0 fnt
|faint|p1a: NIGHTOFTHEMARSH
|
|-fieldend|move: Psychic Terrain
|upkeep
|
|t:|1597052683
|switch|p1a: RESHIWHAT?|Reshiram|100/100
|-damage|p1a: RESHIWHAT?|76/100|[from] Stealth Rock
|-ability|p1a: RESHIWHAT?|Turboblaze
|turn|10
|
|t:|1597052689
|move|p1a: RESHIWHAT?|Defog|p2a: Zacian
|-unboost|p2a: Zacian|evasion|1
|-sideend|p1: Kurtkingston|Stealth Rock|[from] move: Defog|[of] p1a: RESHIWHAT?
|move|p2a: Zacian|Play Rough|p1a: RESHIWHAT?
|-damage|p1a: RESHIWHAT?|11/100
|-unboost|p1a: RESHIWHAT?|atk|1
|
|upkeep
|turn|11
|c|☆hjuyttdd|wtf
|c|☆hjuyttdd|plz
|c|☆hjuyttdd|forgive me
|
|t:|1597052706
|move|p1a: RESHIWHAT?|Defog|p2a: Zacian
|-unboost|p2a: Zacian|evasion|1
|move|p2a: Zacian|Behemoth Blade|p1a: RESHIWHAT?
|-resisted|p1a: RESHIWHAT?
|-damage|p1a: RESHIWHAT?|0 fnt
|faint|p1a: RESHIWHAT?
|
|upkeep
|
|t:|1597052713
|switch|p1a: ACTUALLYBULLSHIT|Zacian-Crowned|100/100
|-ability|p1a: ACTUALLYBULLSHIT|Intrepid Sword|boost
|-boost|p1a: ACTUALLYBULLSHIT|atk|1
|turn|12
|
|t:|1597052718
|move|p2a: Zacian|Behemoth Blade|p1a: ACTUALLYBULLSHIT
|-damage|p1a: ACTUALLYBULLSHIT|33/100
|move|p1a: ACTUALLYBULLSHIT|Sacred Sword|p2a: Zacian
|-damage|p2a: Zacian|0 fnt
|faint|p2a: Zacian
|
|upkeep
|
|t:|1597052723
|switch|p2a: Eternatus|Eternatus|100/100
|-ability|p2a: Eternatus|Pressure
|turn|13
|
|t:|1597052725
|move|p1a: ACTUALLYBULLSHIT|Behemoth Blade|p2a: Eternatus
|-damage|p2a: Eternatus|33/100
|move|p2a: Eternatus|Flamethrower|p1a: ACTUALLYBULLSHIT
|-supereffective|p1a: ACTUALLYBULLSHIT
|-damage|p1a: ACTUALLYBULLSHIT|0 fnt
|faint|p1a: ACTUALLYBULLSHIT
|
|-heal|p2a: Eternatus|39/100|[from] item: Black Sludge
|upkeep
|
|t:|1597052728
|switch|p1a: FIRSTGRADEDRAWING|Eternatus|100/100
|-ability|p1a: FIRSTGRADEDRAWING|Pressure
|turn|14
|j| oyg8p9uoink
|c|☆Kurtkingston|last play lmao
|
|t:|1597052737
|move|p1a: FIRSTGRADEDRAWING|Dynamax Cannon|p2a: Eternatus
|-supereffective|p2a: Eternatus
|-damage|p2a: Eternatus|0 fnt
|faint|p2a: Eternatus
|
|win|Kurtkingston
|c|☆Kurtkingston|gg
|l|☆hjuyttdd
|l| MAZM
|l| emeric pokemon
