|j|☆nico2097
|j|☆zingozangozongo
|t:|1659044234
|gametype|singles
|player|p1|nico2097|hiker-gen4|1350
|player|p2|zingozangozongo|burglar-gen2|1330
|teamsize|p1|6
|teamsize|p2|6
|gen|8
|tier|[Gen 8] Ubers
|rated|
|rule|Sleep Clause Mod: Limit one foe put to sleep
|rule|Species Clause: Limit one of each Pokémon
|rule|OHKO Clause: OHKO moves are banned
|rule|Evasion Moves Clause: Evasion moves are banned
|rule|Endless Battle Clause: Forcing endless battles is banned
|rule|HP Percentage Mod: HP is shown in percentages
|rule|Dynamax Clause: You cannot dynamax
|clearpoke
|poke|p1|Dracovish|
|poke|p1|Kyogre|
|poke|p1|Xerneas-*|
|poke|p1|Marshadow|
|poke|p1|Yveltal|
|poke|p1|Eternatus|
|poke|p2|Zygarde|
|poke|p2|Rotom-Wash|
|poke|p2|Kyogre|
|poke|p2|Yveltal|
|poke|p2|Regieleki|
|poke|p2|Necrozma-Dusk-Mane|
|teampreview
|inactive|Battle timer is ON: inactive players will automatically lose when time's up. (requested by zingozangozongo)
|inactive|nico2097 also wants the timer to be on.
|
|t:|1659044246
|start
|switch|p1a: Dracovish|Dracovish|100/100
|switch|p2a: Regieleki|Regieleki|100/100
|turn|1
|
|t:|1659044253
|move|p2a: Regieleki|Thunder|p1a: Dracovish
|-damage|p1a: Dracovish|0 fnt
|faint|p1a: Dracovish
|
|upkeep
|
|t:|1659044260
|switch|p1a: Eternatus|Eternatus|100/100
|-ability|p1a: Eternatus|Pressure
|turn|2
|
|t:|1659044271
|switch|p2a: Rotom|Rotom-Wash, shiny|100/100
|move|p1a: Eternatus|Meteor Beam||[still]
|-prepare|p1a: Eternatus|Meteor Beam
|-boost|p1a: Eternatus|spa|1
|-enditem|p1a: Eternatus|Power Herb
|-anim|p1a: Eternatus|Meteor Beam|p2a: Rotom
|-damage|p2a: Rotom|30/100
|
|-heal|p2a: Rotom|36/100|[from] item: Leftovers
|upkeep
|turn|3
|
|t:|1659044283
|move|p1a: Eternatus|Sludge Wave|p2a: Rotom
|-damage|p2a: Rotom|0 fnt
|faint|p2a: Rotom
|
|upkeep
|
|t:|1659044288
|switch|p2a: Kyogre|Kyogre, shiny|100/100
|-weather|RainDance|[from] ability: Drizzle|[of] p2a: Kyogre
|turn|4
|
|t:|1659044292
|move|p1a: Eternatus|Dynamax Cannon|p2a: Kyogre
|-damage|p2a: Kyogre|39/100
|move|p2a: Kyogre|Ice Beam|p1a: Eternatus
|-supereffective|p1a: Eternatus
|-damage|p1a: Eternatus|0 fnt
|faint|p1a: Eternatus
|
|-weather|RainDance|[upkeep]
|upkeep
|j| Fartherr
|
|t:|1659044302
|switch|p1a: Yveltal|Yveltal|100/100
|-ability|p1a: Yveltal|Dark Aura
|turn|5
|
|t:|1659044307
|move|p1a: Yveltal|Dark Pulse|p2a: Kyogre
|-damage|p2a: Kyogre|0 fnt
|faint|p2a: Kyogre
|-damage|p1a: Yveltal|91/100|[from] item: Life Orb
|
|-weather|RainDance|[upkeep]
|upkeep
|l| Fartherr
|
|t:|1659044314
|switch|p2a: Regieleki|Regieleki|100/100
|turn|6
|
|t:|1659044326
|move|p2a: Regieleki|Thunder|p1a: Yveltal
|-supereffective|p1a: Yveltal
|-damage|p1a: Yveltal|0 fnt
|faint|p1a: Yveltal
|
|-weather|RainDance|[upkeep]
|upkeep
|
|t:|1659044332
|switch|p1a: Xerneas|Xerneas|100/100
|-ability|p1a: Xerneas|Fairy Aura
|turn|7
|
|t:|1659044336
|move|p2a: Regieleki|Thunder|p1a: Xerneas
|-damage|p1a: Xerneas|0 fnt
|faint|p1a: Xerneas
|
|-weather|RainDance|[upkeep]
|upkeep
|j| climbTop
|
|t:|1659044347
|switch|p1a: Marshadow|Marshadow|100/100
|turn|8
|l| climbTop
|
|t:|1659044351
|move|p1a: Marshadow|Shadow Sneak|p2a: Regieleki
|-damage|p2a: Regieleki|18/100
|-damage|p1a: Marshadow|91/100|[from] item: Life Orb
|move|p2a: Regieleki|Thunder|p1a: Marshadow
|-crit|p1a: Marshadow
|-damage|p1a: Marshadow|0 fnt
|faint|p1a: Marshadow
|
|-weather|none
|upkeep
|
|t:|1659044353
|switch|p1a: Kyogre|Kyogre|100/100
|-weather|RainDance|[from] ability: Drizzle|[of] p1a: Kyogre
|turn|9
|c|☆nico2097|Gg
|c|☆nico2097|Specs ?
|
|t:|1659044364
|move|p2a: Regieleki|Thunder|p1a: Kyogre
|-supereffective|p1a: Kyogre
|-damage|p1a: Kyogre|0 fnt
|faint|p1a: Kyogre
|
|win|zingozangozongo
|raw|nico2097's rating: 1350 &rarr; <strong>1329</strong><br />(-21 for losing)
|raw|zingozangozongo's rating: 1330 &rarr; <strong>1351</strong><br />(+21 for winning)
