|j|☆Alakazam95
|j|☆ray713testteam
|player|p1|Alakazam95|teamrocket|1419
|player|p2|ray713testteam|ethan|1513
|teamsize|p1|6
|teamsize|p2|6
|gametype|singles
|gen|8
|tier|[Gen 8] Ubers
|rated|
|rule|Sleep Clause Mod: Limit one foe put to sleep
|rule|Species Clause: Limit one of each Pokémon
|rule|OHKO Clause: OHKO moves are banned
|rule|Evasion Moves Clause: Evasion moves are banned
|rule|Endless Battle Clause: Forcing endless battles is banned
|rule|HP Percentage Mod: HP is shown in percentages
|clearpoke
|poke|p1|Zacian-Crowned|
|poke|p1|Eternatus|
|poke|p1|Ditto|
|poke|p1|Mew|
|poke|p1|Quagsire, M|
|poke|p1|Ferrothorn, M|
|poke|p2|Mew|
|poke|p2|Zacian-Crowned|
|poke|p2|Cinderace, F|
|poke|p2|Zamazenta|
|poke|p2|Gyarados, F|
|poke|p2|Eternatus|
|teampreview
|
|start
|switch|p1a: Mew|Mew|100/100
|switch|p2a: Mew|Mew|100/100
|turn|1
|
|move|p2a: Mew|Bulldoze|p1a: Mew
|-damage|p1a: Mew|91/100
|-unboost|p1a: Mew|spe|1
|move|p1a: Mew|Stealth Rock|p2a: Mew
|-sidestart|p2: ray713testteam|move: Stealth Rock
|
|-heal|p1a: Mew|97/100|[from] item: Leftovers
|upkeep
|turn|2
|
|move|p2a: Mew|Taunt|p1a: Mew
|-start|p1a: Mew|move: Taunt
|move|p1a: Mew|Bulldoze|p2a: Mew
|-damage|p2a: Mew|87/100
|-unboost|p2a: Mew|spe|1
|
|-heal|p1a: Mew|100/100|[from] item: Leftovers
|upkeep
|turn|3
|
|move|p2a: Mew|Spikes|p1a: Mew
|-sidestart|p1: Alakazam95|Spikes
|move|p1a: Mew|Bulldoze|p2a: Mew
|-damage|p2a: Mew|73/100
|-unboost|p2a: Mew|spe|1
|
|upkeep
|turn|4
|
|move|p2a: Mew|Spikes|p1a: Mew
|-sidestart|p1: Alakazam95|Spikes
|move|p1a: Mew|Bulldoze|p2a: Mew
|-damage|p2a: Mew|59/100
|-unboost|p2a: Mew|spe|1
|
|-end|p1a: Mew|move: Taunt
|upkeep
|turn|5
|
|move|p1a: Mew|Toxic Spikes|p2a: Mew
|-sidestart|p2: ray713testteam|move: Toxic Spikes
|move|p2a: Mew|Taunt|p1a: Mew
|-start|p1a: Mew|move: Taunt
|
|upkeep
|turn|6
|
|switch|p2a: Eternatus|Eternatus|100/100
|-sideend|p2: ray713testteam|move: Toxic Spikes|[of] p2a: Eternatus
|-damage|p2a: Eternatus|88/100|[from] Stealth Rock
|-ability|p2a: Eternatus|Pressure
|move|p1a: Mew|Bulldoze|p2a: Eternatus
|-supereffective|p2a: Eternatus
|-damage|p2a: Eternatus|69/100
|-enditem|p2a: Eternatus|Weakness Policy
|-boost|p2a: Eternatus|atk|2
|-boost|p2a: Eternatus|spa|2
|-unboost|p2a: Eternatus|spe|1
|
|upkeep
|turn|7
|j| spctralthief
|
|-start|p1a: Mew|Dynamax
|-heal|p1a: Mew|100/100|[silent]
|move|p2a: Eternatus|Agility|p2a: Eternatus
|-boost|p2a: Eternatus|spe|2
|move|p1a: Mew|Max Quake|p2a: Eternatus
|-supereffective|p2a: Eternatus
|-damage|p2a: Eternatus|34/100
|-boost|p1a: Mew|spd|1
|
|upkeep
|turn|8
|
|move|p2a: Eternatus|Recover|p2a: Eternatus
|-heal|p2a: Eternatus|85/100
|move|p1a: Mew|Max Quake|p2a: Eternatus
|-supereffective|p2a: Eternatus
|-damage|p2a: Eternatus|52/100
|-boost|p1a: Mew|spd|1
|
|-end|p1a: Mew|move: Taunt
|upkeep
|turn|9
|
|move|p2a: Eternatus|Dynamax Cannon|p1a: Mew
|-damage|p1a: Mew|46/100
|move|p1a: Mew|Max Quake|p2a: Eternatus
|-supereffective|p2a: Eternatus
|-damage|p2a: Eternatus|18/100
|-boost|p1a: Mew|spd|1
|
|-heal|p1a: Mew|49/100|[from] item: Leftovers
|-end|p1a: Mew|Dynamax
|-heal|p1a: Mew|49/100|[silent]
|upkeep
|turn|10
|
|move|p2a: Eternatus|Dynamax Cannon|p1a: Mew
|-damage|p1a: Mew|10/100
|move|p1a: Mew|Bulldoze|p2a: Eternatus
|-supereffective|p2a: Eternatus
|-damage|p2a: Eternatus|0 fnt
|faint|p2a: Eternatus
|
|-heal|p1a: Mew|16/100|[from] item: Leftovers
|upkeep
|
|switch|p2a: Cinderace|Cinderace, F|100/100
|-damage|p2a: Cinderace|76/100|[from] Stealth Rock
|turn|11
|
|move|p2a: Cinderace|U-turn|p1a: Mew
|-supereffective|p1a: Mew
|-damage|p1a: Mew|0 fnt
|faint|p1a: Mew
|
|switch|p2a: Mew|Mew|59/100|[from]move: U-turn
|-damage|p2a: Mew|47/100|[from] Stealth Rock
|
|upkeep
|
|switch|p1a: Zacian|Zacian-Crowned|100/100
|-damage|p1a: Zacian|84/100|[from] Spikes
|-ability|p1a: Zacian|Intrepid Sword|boost
|-boost|p1a: Zacian|atk|1
|turn|12
|
|move|p1a: Zacian|Behemoth Blade|p2a: Mew
|-damage|p2a: Mew|0 fnt
|faint|p2a: Mew
|
|upkeep
|
|switch|p2a: Zacian|Zacian-Crowned|100/100
|-damage|p2a: Zacian|94/100|[from] Stealth Rock
|-ability|p2a: Zacian|Intrepid Sword|boost
|-boost|p2a: Zacian|atk|1
|turn|13
|
|move|p1a: Zacian|Behemoth Blade|p2a: Zacian
|-crit|p2a: Zacian
|-damage|p2a: Zacian|0 fnt
|faint|p2a: Zacian
|
|upkeep
|
|switch|p2a: Cinderace|Cinderace, F|76/100
|-damage|p2a: Cinderace|51/100|[from] Stealth Rock
|turn|14
|
|move|p2a: Cinderace|Pyro Ball|p1a: Zacian
|-supereffective|p1a: Zacian
|-damage|p1a: Zacian|0 fnt
|faint|p1a: Zacian
|
|upkeep
|
|switch|p1a: Quagsire|Quagsire, M|100/100
|-damage|p1a: Quagsire|84/100|[from] Spikes
|turn|15
|
|switch|p2a: Gyarados|Gyarados, F|100/100
|-damage|p2a: Gyarados|76/100|[from] Stealth Rock
|move|p1a: Quagsire|Stockpile|p1a: Quagsire
|-start|p1a: Quagsire|stockpile1
|-boost|p1a: Quagsire|def|1
|-boost|p1a: Quagsire|spd|1
|
|-heal|p2a: Gyarados|82/100|[from] item: Leftovers
|-heal|p1a: Quagsire|90/100|[from] item: Leftovers
|upkeep
|turn|16
|
|move|p2a: Gyarados|Substitute|p2a: Gyarados
|-start|p2a: Gyarados|Substitute
|-damage|p2a: Gyarados|57/100
|move|p1a: Quagsire|Stockpile|p1a: Quagsire
|-start|p1a: Quagsire|stockpile2
|-boost|p1a: Quagsire|def|1
|-boost|p1a: Quagsire|spd|1
|
|-heal|p2a: Gyarados|63/100|[from] item: Leftovers
|-heal|p1a: Quagsire|96/100|[from] item: Leftovers
|upkeep
|turn|17
|
|move|p2a: Gyarados|Dragon Dance|p2a: Gyarados
|-boost|p2a: Gyarados|atk|1
|-boost|p2a: Gyarados|spe|1
|move|p1a: Quagsire|Stockpile|p1a: Quagsire
|-start|p1a: Quagsire|stockpile3
|-boost|p1a: Quagsire|def|1
|-boost|p1a: Quagsire|spd|1
|
|-heal|p2a: Gyarados|69/100|[from] item: Leftovers
|-heal|p1a: Quagsire|100/100|[from] item: Leftovers
|upkeep
|turn|18
|
|move|p2a: Gyarados|Dragon Dance|p2a: Gyarados
|-boost|p2a: Gyarados|atk|1
|-boost|p2a: Gyarados|spe|1
|move|p1a: Quagsire|Scald|p2a: Gyarados
|-resisted|p2a: Gyarados
|-activate|p2a: Gyarados|move: Substitute|[damage]
|
|-heal|p2a: Gyarados|75/100|[from] item: Leftovers
|upkeep
|turn|19
|
|move|p2a: Gyarados|Dragon Dance|p2a: Gyarados
|-boost|p2a: Gyarados|atk|1
|-boost|p2a: Gyarados|spe|1
|move|p1a: Quagsire|Scald|p2a: Gyarados
|-resisted|p2a: Gyarados
|-activate|p2a: Gyarados|move: Substitute|[damage]
|
|-heal|p2a: Gyarados|81/100|[from] item: Leftovers
|upkeep
|turn|20
|
|move|p2a: Gyarados|Dragon Dance|p2a: Gyarados
|-boost|p2a: Gyarados|atk|1
|-boost|p2a: Gyarados|spe|1
|move|p1a: Quagsire|Scald|p2a: Gyarados
|-resisted|p2a: Gyarados
|-end|p2a: Gyarados|Substitute
|
|-heal|p2a: Gyarados|87/100|[from] item: Leftovers
|upkeep
|turn|21
|
|move|p2a: Gyarados|Substitute|p2a: Gyarados
|-start|p2a: Gyarados|Substitute
|-damage|p2a: Gyarados|62/100
|move|p1a: Quagsire|Scald|p2a: Gyarados
|-resisted|p2a: Gyarados
|-activate|p2a: Gyarados|move: Substitute|[damage]
|
|-heal|p2a: Gyarados|68/100|[from] item: Leftovers
|upkeep
|turn|22
|
|move|p2a: Gyarados|Dragon Dance|p2a: Gyarados
|-boost|p2a: Gyarados|atk|1
|-boost|p2a: Gyarados|spe|1
|move|p1a: Quagsire|Scald|p2a: Gyarados
|-resisted|p2a: Gyarados
|-activate|p2a: Gyarados|move: Substitute|[damage]
|
|-heal|p2a: Gyarados|75/100|[from] item: Leftovers
|upkeep
|turn|23
|
|move|p2a: Gyarados|Dragon Dance|p2a: Gyarados
|-boost|p2a: Gyarados|atk|1
|-boost|p2a: Gyarados|spe|1
|move|p1a: Quagsire|Scald|p2a: Gyarados
|-resisted|p2a: Gyarados
|-end|p2a: Gyarados|Substitute
|
|-heal|p2a: Gyarados|81/100|[from] item: Leftovers
|upkeep
|turn|24
|
|move|p2a: Gyarados|Substitute|p2a: Gyarados
|-start|p2a: Gyarados|Substitute
|-damage|p2a: Gyarados|56/100
|move|p1a: Quagsire|Scald|p2a: Gyarados
|-resisted|p2a: Gyarados
|-activate|p2a: Gyarados|move: Substitute|[damage]
|
|-heal|p2a: Gyarados|62/100|[from] item: Leftovers
|upkeep
|turn|25
|
|-end|p2a: Gyarados|Substitute
|-start|p2a: Gyarados|Dynamax
|-heal|p2a: Gyarados|62/100|[silent]
|move|p2a: Gyarados|Max Geyser|p1a: Quagsire
|-damage|p1a: Quagsire|81/100
|-weather|RainDance
|move|p1a: Quagsire|Scald|p2a: Gyarados
|-resisted|p2a: Gyarados
|-damage|p2a: Gyarados|54/100
|
|-weather|RainDance|[upkeep]
|-heal|p2a: Gyarados|57/100|[from] item: Leftovers
|-heal|p1a: Quagsire|87/100|[from] item: Leftovers
|upkeep
|turn|26
|c|☆ray713testteam|oh wait
|
|move|p2a: Gyarados|Max Geyser|p1a: Quagsire
|-damage|p1a: Quagsire|61/100
|move|p1a: Quagsire|Scald|p2a: Gyarados
|-resisted|p2a: Gyarados
|-damage|p2a: Gyarados|49/100
|
|-weather|RainDance|[upkeep]
|-heal|p2a: Gyarados|52/100|[from] item: Leftovers
|-heal|p1a: Quagsire|67/100|[from] item: Leftovers
|upkeep
|turn|27
|
|move|p2a: Gyarados|Max Geyser|p1a: Quagsire
|-damage|p1a: Quagsire|40/100
|move|p1a: Quagsire|Scald|p2a: Gyarados
|-resisted|p2a: Gyarados
|-damage|p2a: Gyarados|45/100
|
|-weather|RainDance|[upkeep]
|-heal|p2a: Gyarados|48/100|[from] item: Leftovers
|-heal|p1a: Quagsire|46/100|[from] item: Leftovers
|-end|p2a: Gyarados|Dynamax
|-heal|p2a: Gyarados|48/100|[silent]
|upkeep
|turn|28
|
|move|p2a: Gyarados|Substitute|p2a: Gyarados
|-start|p2a: Gyarados|Substitute
|-damage|p2a: Gyarados|23/100
|move|p1a: Quagsire|Scald|p2a: Gyarados
|-resisted|p2a: Gyarados
|-activate|p2a: Gyarados|move: Substitute|[damage]
|
|-weather|RainDance|[upkeep]
|-heal|p2a: Gyarados|29/100|[from] item: Leftovers
|-heal|p1a: Quagsire|53/100|[from] item: Leftovers
|upkeep
|turn|29
|
|move|p2a: Gyarados|Waterfall|p1a: Quagsire
|-damage|p1a: Quagsire|35/100
|move|p1a: Quagsire|Scald|p2a: Gyarados
|-resisted|p2a: Gyarados
|-end|p2a: Gyarados|Substitute
|
|-weather|none
|-heal|p2a: Gyarados|35/100|[from] item: Leftovers
|-heal|p1a: Quagsire|41/100|[from] item: Leftovers
|upkeep
|turn|30
|
|move|p2a: Gyarados|Substitute|p2a: Gyarados
|-start|p2a: Gyarados|Substitute
|-damage|p2a: Gyarados|10/100
|move|p1a: Quagsire|Scald|p2a: Gyarados
|-resisted|p2a: Gyarados
|-activate|p2a: Gyarados|move: Substitute|[damage]
|
|-heal|p2a: Gyarados|16/100|[from] item: Leftovers
|-heal|p1a: Quagsire|47/100|[from] item: Leftovers
|upkeep
|turn|31
|c|☆Alakazam95|gg
|
|move|p2a: Gyarados|Waterfall|p1a: Quagsire
|-damage|p1a: Quagsire|36/100
|move|p1a: Quagsire|Scald|p2a: Gyarados
|-resisted|p2a: Gyarados
|-activate|p2a: Gyarados|move: Substitute|[damage]
|
|-heal|p2a: Gyarados|22/100|[from] item: Leftovers
|-heal|p1a: Quagsire|42/100|[from] item: Leftovers
|upkeep
|turn|32
|
|move|p2a: Gyarados|Waterfall|p1a: Quagsire
|-damage|p1a: Quagsire|32/100
|cant|p1a: Quagsire|flinch
|
|-heal|p2a: Gyarados|28/100|[from] item: Leftovers
|-heal|p1a: Quagsire|38/100|[from] item: Leftovers
|upkeep
|turn|33
|
|move|p2a: Gyarados|Waterfall|p1a: Quagsire
|-damage|p1a: Quagsire|26/100
|move|p1a: Quagsire|Scald|p2a: Gyarados
|-resisted|p2a: Gyarados
|-end|p2a: Gyarados|Substitute
|
|-heal|p2a: Gyarados|34/100|[from] item: Leftovers
|-heal|p1a: Quagsire|32/100|[from] item: Leftovers
|upkeep
|turn|34
|
|move|p2a: Gyarados|Substitute|p2a: Gyarados
|-start|p2a: Gyarados|Substitute
|-damage|p2a: Gyarados|10/100
|move|p1a: Quagsire|Scald|p2a: Gyarados
|-resisted|p2a: Gyarados
|-activate|p2a: Gyarados|move: Substitute|[damage]
|
|-heal|p2a: Gyarados|16/100|[from] item: Leftovers
|-heal|p1a: Quagsire|38/100|[from] item: Leftovers
|upkeep
|turn|35
|
|move|p2a: Gyarados|Waterfall|p1a: Quagsire
|-damage|p1a: Quagsire|27/100
|cant|p1a: Quagsire|flinch
|
|-heal|p2a: Gyarados|22/100|[from] item: Leftovers
|-heal|p1a: Quagsire|33/100|[from] item: Leftovers
|upkeep
|turn|36
|
|move|p2a: Gyarados|Waterfall|p1a: Quagsire
|-damage|p1a: Quagsire|22/100
|move|p1a: Quagsire|Scald|p2a: Gyarados
|-resisted|p2a: Gyarados
|-activate|p2a: Gyarados|move: Substitute|[damage]
|
|-heal|p2a: Gyarados|28/100|[from] item: Leftovers
|-heal|p1a: Quagsire|28/100|[from] item: Leftovers
|upkeep
|turn|37
|
|move|p2a: Gyarados|Waterfall|p1a: Quagsire
|-damage|p1a: Quagsire|17/100
|move|p1a: Quagsire|Scald|p2a: Gyarados
|-resisted|p2a: Gyarados
|-end|p2a: Gyarados|Substitute
|
|-heal|p2a: Gyarados|34/100|[from] item: Leftovers
|-heal|p1a: Quagsire|23/100|[from] item: Leftovers
|upkeep
|turn|38
|
|move|p2a: Gyarados|Substitute|p2a: Gyarados
|-start|p2a: Gyarados|Substitute
|-damage|p2a: Gyarados|9/100
|move|p1a: Quagsire|Scald|p2a: Gyarados
|-resisted|p2a: Gyarados
|-activate|p2a: Gyarados|move: Substitute|[damage]
|
|-heal|p2a: Gyarados|15/100|[from] item: Leftovers
|-heal|p1a: Quagsire|29/100|[from] item: Leftovers
|upkeep
|turn|39
|
|move|p2a: Gyarados|Waterfall|p1a: Quagsire
|-damage|p1a: Quagsire|17/100
|move|p1a: Quagsire|Scald|p2a: Gyarados
|-resisted|p2a: Gyarados
|-activate|p2a: Gyarados|move: Substitute|[damage]
|
|-heal|p2a: Gyarados|21/100|[from] item: Leftovers
|-heal|p1a: Quagsire|23/100|[from] item: Leftovers
|upkeep
|turn|40
|
|move|p2a: Gyarados|Waterfall|p1a: Quagsire
|-damage|p1a: Quagsire|11/100
|move|p1a: Quagsire|Scald|p2a: Gyarados
|-resisted|p2a: Gyarados
|-end|p2a: Gyarados|Substitute
|
|-heal|p2a: Gyarados|27/100|[from] item: Leftovers
|-heal|p1a: Quagsire|17/100|[from] item: Leftovers
|upkeep
|turn|41
|
|move|p2a: Gyarados|Substitute|p2a: Gyarados
|-start|p2a: Gyarados|Substitute
|-damage|p2a: Gyarados|2/100
|move|p1a: Quagsire|Scald|p2a: Gyarados
|-resisted|p2a: Gyarados
|-activate|p2a: Gyarados|move: Substitute|[damage]
|
|-heal|p2a: Gyarados|8/100|[from] item: Leftovers
|-heal|p1a: Quagsire|23/100|[from] item: Leftovers
|upkeep
|turn|42
|
|move|p2a: Gyarados|Waterfall|p1a: Quagsire
|-damage|p1a: Quagsire|11/100
|move|p1a: Quagsire|Scald|p2a: Gyarados
|-resisted|p2a: Gyarados
|-activate|p2a: Gyarados|move: Substitute|[damage]
|
|-heal|p2a: Gyarados|14/100|[from] item: Leftovers
|-heal|p1a: Quagsire|18/100|[from] item: Leftovers
|upkeep
|turn|43
|
|move|p2a: Gyarados|Waterfall|p1a: Quagsire
|-damage|p1a: Quagsire|6/100
|move|p1a: Quagsire|Scald|p2a: Gyarados
|-resisted|p2a: Gyarados
|-end|p2a: Gyarados|Substitute
|
|-heal|p2a: Gyarados|20/100|[from] item: Leftovers
|-heal|p1a: Quagsire|12/100|[from] item: Leftovers
|upkeep
|turn|44
|
|switch|p1a: Ditto|Ditto, shiny|100/100
|-damage|p1a: Ditto|84/100|[from] Spikes
|-transform|p1a: Ditto|p2a: Gyarados|[from] ability: Imposter
|move|p2a: Gyarados|Substitute|p2a: Gyarados
|-fail|p2a: Gyarados|move: Substitute|[weak]
|
|-heal|p2a: Gyarados|26/100|[from] item: Leftovers
|upkeep
|turn|45
|
|move|p1a: Ditto|Waterfall|p2a: Gyarados
|-resisted|p2a: Gyarados
|-damage|p2a: Gyarados|0 fnt
|faint|p2a: Gyarados
|
|upkeep
|-message|ray713testteam forfeited.
|
|win|Alakazam95
|l|☆ray713testteam
|c|☆Alakazam95|zoinked
|raw|Alakazam95's rating: 1419 &rarr; <strong>1444</strong><br />(+25 for winning)
|raw|ray713testteam's rating: 1513 &rarr; <strong>1488</strong><br />(-25 for losing)
