|j|☆Hats
|j|☆Nael222
|t:|1664380935
|gametype|singles
|player|p1|Hats|265|
|player|p2|Nael222|170|
|teamsize|p1|6
|teamsize|p2|6
|gen|8
|tier|[Gen 8] Ubers
|rule|Sleep Clause Mod: Limit one foe put to sleep
|rule|Species Clause: Limit one of each Pokémon
|rule|OHKO Clause: OHKO moves are banned
|rule|Evasion Items Clause: Evasion items are banned
|rule|Evasion Moves Clause: Evasion moves are banned
|rule|Endless Battle Clause: Forcing endless battles is banned
|rule|HP Percentage Mod: HP is shown in percentages
|rule|Dynamax Clause: You cannot dynamax
|clearpoke
|poke|p1|Rayquaza|
|poke|p1|Eternatus|
|poke|p1|Ferrothorn, M|
|poke|p1|Necrozma-Dusk-Mane|
|poke|p1|Yveltal|
|poke|p1|Kyogre|
|poke|p2|Yveltal|
|poke|p2|Eternatus|
|poke|p2|Necrozma-Dusk-Mane|
|poke|p2|Ferrothorn, F|
|poke|p2|Zygarde|
|poke|p2|Marshadow|
|teampreview
|c|☆Hats|Hf
|c|☆Nael222|Hf
|j| Bhalal
|
|t:|1664380975
|start
|switch|p1a: Rayquaza|Rayquaza|100/100
|switch|p2a: Yveltal|Yveltal|100/100
|-ability|p2a: Yveltal|Dark Aura
|-ability|p1a: Rayquaza|Air Lock
|turn|1
|inactive|Battle timer is ON: inactive players will automatically lose when time's up. (requested by Hats)
|
|t:|1664380985
|switch|p1a: Eternatus|Eternatus|100/100
|-ability|p1a: Eternatus|Pressure
|move|p2a: Yveltal|Knock Off|p1a: Eternatus
|-damage|p1a: Eternatus|54/100
|-enditem|p1a: Eternatus|Heavy-Duty Boots|[from] move: Knock Off|[of] p2a: Yveltal
|
|upkeep
|turn|2
|
|t:|1664380992
|switch|p2a: Necrozma|Necrozma-Dusk-Mane|100/100
|move|p1a: Eternatus|Recover|p1a: Eternatus
|-heal|p1a: Eternatus|100/100
|
|upkeep
|turn|3
|
|t:|1664380996
|switch|p1a: Ferrothorn|Ferrothorn, M|100/100
|move|p2a: Necrozma|Stealth Rock|p1a: Ferrothorn
|-sidestart|p1: Hats|move: Stealth Rock
|
|upkeep
|turn|4
|
|t:|1664381001
|switch|p2a: Eternatus|Eternatus|100/100
|-ability|p2a: Eternatus|Pressure
|move|p1a: Ferrothorn|Spikes|p2a: Eternatus
|-sidestart|p2: Nael222|Spikes
|
|upkeep
|turn|5
|
|t:|1664381007
|switch|p2a: Ferrothorn|Ferrothorn, F|100/100
|-damage|p2a: Ferrothorn|88/100|[from] Spikes
|switch|p1a: Necrozma|Necrozma-Dusk-Mane|100/100
|-damage|p1a: Necrozma|94/100|[from] Stealth Rock
|
|-heal|p1a: Necrozma|100/100|[from] item: Leftovers
|-heal|p2a: Ferrothorn|94/100|[from] item: Leftovers
|upkeep
|turn|6
|
|t:|1664381013
|move|p1a: Necrozma|Thunder Wave|p2a: Ferrothorn
|-status|p2a: Ferrothorn|par
|cant|p2a: Ferrothorn|par
|
|-heal|p2a: Ferrothorn|100/100 par|[from] item: Leftovers
|upkeep
|turn|7
|j| xKSr
|
|t:|1664381019
|switch|p1a: Yveltal|Yveltal|100/100
|-ability|p1a: Yveltal|Dark Aura
|move|p2a: Ferrothorn|Spikes|p1a: Yveltal
|-sidestart|p1: Hats|Spikes
|
|upkeep
|turn|8
|
|t:|1664381024
|switch|p2a: Eternatus|Eternatus|100/100
|-ability|p2a: Eternatus|Pressure
|move|p1a: Yveltal|Defog|p2a: Eternatus
|-unboost|p2a: Eternatus|evasion|1
|-sideend|p2: Nael222|Spikes|[from] move: Defog|[of] p1a: Yveltal
|-sideend|p1: Hats|Spikes|[from] move: Defog|[of] p1a: Yveltal
|-sideend|p1: Hats|Stealth Rock|[from] move: Defog|[of] p1a: Yveltal
|
|upkeep
|turn|9
|
|t:|1664381037
|switch|p1a: Necrozma|Necrozma-Dusk-Mane|100/100
|move|p2a: Eternatus|Dynamax Cannon|p1a: Necrozma
|-resisted|p1a: Necrozma
|-damage|p1a: Necrozma|87/100
|
|-heal|p1a: Necrozma|93/100|[from] item: Leftovers
|upkeep
|turn|10
|
|t:|1664381047
|switch|p2a: Ferrothorn|Ferrothorn, F|100/100 par
|move|p1a: Necrozma|Stealth Rock|p2a: Ferrothorn
|-sidestart|p2: Nael222|move: Stealth Rock
|
|-heal|p1a: Necrozma|99/100|[from] item: Leftovers
|upkeep
|turn|11
|
|t:|1664381055
|switch|p1a: Eternatus|Eternatus|100/100
|-ability|p1a: Eternatus|Pressure
|move|p2a: Ferrothorn|Leech Seed|p1a: Eternatus
|-start|p1a: Eternatus|move: Leech Seed
|
|-damage|p1a: Eternatus|88/100|[from] Leech Seed|[of] p2a: Ferrothorn
|upkeep
|turn|12
|
|t:|1664381067
|switch|p2a: Necrozma|Necrozma-Dusk-Mane|100/100
|-damage|p2a: Necrozma|94/100|[from] Stealth Rock
|move|p1a: Eternatus|Sludge Bomb|p2a: Necrozma
|-immune|p2a: Necrozma
|
|-heal|p2a: Necrozma|100/100|[from] item: Leftovers
|-damage|p1a: Eternatus|76/100|[from] Leech Seed|[of] p2a: Necrozma
|upkeep
|turn|13
|
|t:|1664381075
|switch|p1a: Ferrothorn|Ferrothorn, M|100/100
|move|p2a: Necrozma|Thunder Wave|p1a: Ferrothorn
|-status|p1a: Ferrothorn|par
|
|upkeep
|turn|14
|
|t:|1664381081
|move|p2a: Necrozma|Stealth Rock|p1a: Ferrothorn
|-sidestart|p1: Hats|move: Stealth Rock
|move|p1a: Ferrothorn|Leech Seed|p2a: Necrozma|[miss]
|-miss|p1a: Ferrothorn|p2a: Necrozma
|
|upkeep
|turn|15
|
|t:|1664381087
|switch|p2a: Eternatus|Eternatus|100/100
|-ability|p2a: Eternatus|Pressure
|move|p1a: Ferrothorn|Leech Seed|p2a: Eternatus
|-start|p2a: Eternatus|move: Leech Seed
|
|-damage|p2a: Eternatus|88/100|[from] Leech Seed|[of] p1a: Ferrothorn
|upkeep
|turn|16
|
|t:|1664381094
|switch|p2a: Ferrothorn|Ferrothorn, F|100/100 par
|-damage|p2a: Ferrothorn|94/100 par|[from] Stealth Rock
|switch|p1a: Necrozma|Necrozma-Dusk-Mane|99/100
|-damage|p1a: Necrozma|93/100|[from] Stealth Rock
|
|-heal|p1a: Necrozma|99/100|[from] item: Leftovers
|-heal|p2a: Ferrothorn|100/100 par|[from] item: Leftovers
|upkeep
|turn|17
|
|t:|1664381102
|switch|p1a: Eternatus|Eternatus|76/100
|-damage|p1a: Eternatus|63/100|[from] Stealth Rock
|-ability|p1a: Eternatus|Pressure
|move|p2a: Ferrothorn|Iron Defense|p2a: Ferrothorn
|-boost|p2a: Ferrothorn|def|2
|
|upkeep
|turn|18
|
|t:|1664381105
|switch|p2a: Necrozma|Necrozma-Dusk-Mane|100/100
|-damage|p2a: Necrozma|94/100|[from] Stealth Rock
|move|p1a: Eternatus|Recover|p1a: Eternatus
|-heal|p1a: Eternatus|100/100
|
|-heal|p2a: Necrozma|100/100|[from] item: Leftovers
|upkeep
|turn|19
|
|t:|1664381121
|switch|p1a: Yveltal|Yveltal|100/100
|-ability|p1a: Yveltal|Dark Aura
|move|p2a: Necrozma|Thunder Wave|p1a: Yveltal
|-status|p1a: Yveltal|par
|
|upkeep
|turn|20
|
|t:|1664381126
|move|p2a: Necrozma|Iron Head|p1a: Yveltal
|-damage|p1a: Yveltal|65/100 par
|move|p1a: Yveltal|U-turn|p2a: Necrozma
|-damage|p2a: Necrozma|86/100
|
|t:|1664381131
|switch|p1a: Kyogre|Kyogre|100/100|[from]move: U-turn
|-damage|p1a: Kyogre|88/100|[from] Stealth Rock
|-weather|RainDance|[from] ability: Drizzle|[of] p1a: Kyogre
|
|-weather|RainDance|[upkeep]
|-heal|p1a: Kyogre|94/100|[from] item: Leftovers
|-heal|p2a: Necrozma|92/100|[from] item: Leftovers
|upkeep
|turn|21
|
|t:|1664381142
|switch|p2a: Eternatus|Eternatus|88/100
|-ability|p2a: Eternatus|Pressure
|move|p1a: Kyogre|Scald|p2a: Eternatus
|-resisted|p2a: Eternatus
|-damage|p2a: Eternatus|68/100
|-status|p2a: Eternatus|brn
|
|-weather|RainDance|[upkeep]
|-heal|p1a: Kyogre|100/100|[from] item: Leftovers
|-damage|p2a: Eternatus|62/100 brn|[from] brn
|upkeep
|turn|22
|
|t:|1664381152
|switch|p1a: Necrozma|Necrozma-Dusk-Mane|99/100
|-damage|p1a: Necrozma|93/100|[from] Stealth Rock
|move|p2a: Eternatus|Dynamax Cannon|p1a: Necrozma
|-resisted|p1a: Necrozma
|-damage|p1a: Necrozma|78/100
|
|-weather|RainDance|[upkeep]
|-heal|p1a: Necrozma|84/100|[from] item: Leftovers
|-damage|p2a: Eternatus|56/100 brn|[from] brn
|upkeep
|turn|23
|
|t:|1664381156
|switch|p2a: Zygarde|Zygarde|100/100
|-damage|p2a: Zygarde|94/100|[from] Stealth Rock
|move|p1a: Necrozma|Sunsteel Strike|p2a: Zygarde
|-damage|p2a: Zygarde|60/100
|
|-weather|RainDance|[upkeep]
|-heal|p2a: Zygarde|66/100|[from] item: Leftovers
|-heal|p1a: Necrozma|90/100|[from] item: Leftovers
|upkeep
|turn|24
|inactive|Nael222 has 270 seconds left.
|
|t:|1664381207
|switch|p1a: Kyogre|Kyogre|100/100
|-damage|p1a: Kyogre|88/100|[from] Stealth Rock
|move|p2a: Zygarde|Substitute|p2a: Zygarde
|-start|p2a: Zygarde|Substitute
|-damage|p2a: Zygarde|41/100
|
|-weather|none
|-heal|p2a: Zygarde|47/100|[from] item: Leftovers
|-heal|p1a: Kyogre|94/100|[from] item: Leftovers
|-activate|p2a: Zygarde|ability: Power Construct
|detailschange|p2a: Zygarde|Zygarde-Complete
|-heal|p2a: Zygarde|67/100|[silent]
|upkeep
|turn|25
|
|t:|1664381213
|move|p1a: Kyogre|Ice Beam|p2a: Zygarde
|-supereffective|p2a: Zygarde
|-end|p2a: Zygarde|Substitute
|move|p2a: Zygarde|Dragon Tail|p1a: Kyogre|[miss]
|-miss|p2a: Zygarde|p1a: Kyogre
|
|-heal|p2a: Zygarde|73/100|[from] item: Leftovers
|-heal|p1a: Kyogre|100/100|[from] item: Leftovers
|upkeep
|turn|26
|j| Goinflex
|
|t:|1664381227
|switch|p2a: Yveltal|Yveltal|100/100
|-ability|p2a: Yveltal|Dark Aura
|move|p1a: Kyogre|Ice Beam|p2a: Yveltal
|-supereffective|p2a: Yveltal
|-damage|p2a: Yveltal|57/100
|
|upkeep
|turn|27
|
|t:|1664381234
|switch|p1a: Eternatus|Eternatus|100/100
|-damage|p1a: Eternatus|88/100|[from] Stealth Rock
|-ability|p1a: Eternatus|Pressure
|move|p2a: Yveltal|Roost|p2a: Yveltal
|-heal|p2a: Yveltal|100/100
|-singleturn|p2a: Yveltal|move: Roost
|
|upkeep
|turn|28
|
|t:|1664381239
|switch|p2a: Necrozma|Necrozma-Dusk-Mane|92/100
|-damage|p2a: Necrozma|86/100|[from] Stealth Rock
|move|p1a: Eternatus|Flamethrower|p2a: Necrozma
|-supereffective|p2a: Necrozma
|-damage|p2a: Necrozma|59/100
|
|-heal|p2a: Necrozma|65/100|[from] item: Leftovers
|upkeep
|turn|29
|inactive|Nael222 has 270 seconds left.
|
|t:|1664381257
|switch|p1a: Ferrothorn|Ferrothorn, M|100/100 par
|-damage|p1a: Ferrothorn|94/100 par|[from] Stealth Rock
|switch|p2a: Marshadow|Marshadow|100/100
|-damage|p2a: Marshadow|94/100|[from] Stealth Rock
|
|-heal|p1a: Ferrothorn|100/100 par|[from] item: Leftovers
|upkeep
|turn|30
|j| Mat on the beat
|
|t:|1664381287
|switch|p1a: Eternatus|Eternatus|88/100
|-damage|p1a: Eternatus|76/100|[from] Stealth Rock
|-ability|p1a: Eternatus|Pressure
|move|p2a: Marshadow|Close Combat|p1a: Eternatus
|-resisted|p1a: Eternatus
|-damage|p1a: Eternatus|41/100
|-unboost|p2a: Marshadow|def|1
|-unboost|p2a: Marshadow|spd|1
|
|upkeep
|turn|31
|c|☆Hats|Ptdrrrr
|
|t:|1664381297
|switch|p2a: Necrozma|Necrozma-Dusk-Mane|65/100
|-damage|p2a: Necrozma|59/100|[from] Stealth Rock
|move|p1a: Eternatus|Recover|p1a: Eternatus
|-heal|p1a: Eternatus|91/100
|
|-heal|p2a: Necrozma|65/100|[from] item: Leftovers
|upkeep
|turn|32
|c|☆Hats|Calme ton marsha
|c|☆Hats|Wesh
|
|t:|1664381313
|switch|p1a: Ferrothorn|Ferrothorn, M|100/100 par
|-damage|p1a: Ferrothorn|94/100 par|[from] Stealth Rock
|switch|p2a: Marshadow|Marshadow|94/100
|-damage|p2a: Marshadow|88/100|[from] Stealth Rock
|
|-heal|p1a: Ferrothorn|100/100 par|[from] item: Leftovers
|upkeep
|turn|33
|
|t:|1664381323
|switch|p1a: Yveltal|Yveltal|65/100 par
|-ability|p1a: Yveltal|Dark Aura
|move|p2a: Marshadow|Close Combat|p1a: Yveltal
|-damage|p1a: Yveltal|0 fnt
|-unboost|p2a: Marshadow|def|1
|-unboost|p2a: Marshadow|spd|1
|faint|p1a: Yveltal
|
|upkeep
|
|t:|1664381332
|switch|p1a: Eternatus|Eternatus|91/100
|-damage|p1a: Eternatus|78/100|[from] Stealth Rock
|-ability|p1a: Eternatus|Pressure
|turn|34
|
|t:|1664381338
|switch|p2a: Necrozma|Necrozma-Dusk-Mane|65/100
|-damage|p2a: Necrozma|59/100|[from] Stealth Rock
|move|p1a: Eternatus|Flamethrower|p2a: Necrozma
|-supereffective|p2a: Necrozma
|-damage|p2a: Necrozma|35/100
|
|-heal|p2a: Necrozma|41/100|[from] item: Leftovers
|upkeep
|turn|35
|
|t:|1664381351
|move|p1a: Eternatus|Recover|p1a: Eternatus
|-heal|p1a: Eternatus|100/100
|move|p2a: Necrozma|Thunder Wave|p1a: Eternatus
|-status|p1a: Eternatus|par
|
|-heal|p2a: Necrozma|47/100|[from] item: Leftovers
|upkeep
|turn|36
|
|t:|1664381357
|switch|p1a: Kyogre|Kyogre|100/100
|-damage|p1a: Kyogre|88/100|[from] Stealth Rock
|-weather|RainDance|[from] ability: Drizzle|[of] p1a: Kyogre
|move|p2a: Necrozma|Moonlight|p2a: Necrozma
|-heal|p2a: Necrozma|72/100
|
|-weather|RainDance|[upkeep]
|-heal|p1a: Kyogre|94/100|[from] item: Leftovers
|-heal|p2a: Necrozma|78/100|[from] item: Leftovers
|upkeep
|turn|37
|
|t:|1664381364
|switch|p2a: Yveltal|Yveltal|100/100
|-ability|p2a: Yveltal|Dark Aura
|move|p1a: Kyogre|Scald|p2a: Yveltal
|-damage|p2a: Yveltal|62/100
|
|-weather|RainDance|[upkeep]
|-heal|p1a: Kyogre|100/100|[from] item: Leftovers
|upkeep
|turn|38
|
|t:|1664381368
|move|p2a: Yveltal|Knock Off|p1a: Kyogre
|-crit|p1a: Kyogre
|-damage|p1a: Kyogre|47/100
|-enditem|p1a: Kyogre|Leftovers|[from] move: Knock Off|[of] p2a: Yveltal
|move|p1a: Kyogre|Scald|p2a: Yveltal
|-damage|p2a: Yveltal|23/100
|
|-weather|RainDance|[upkeep]
|upkeep
|turn|39
|c|☆Hats|Ofc..
|
|t:|1664381378
|move|p2a: Yveltal|Roost|p2a: Yveltal
|-heal|p2a: Yveltal|73/100
|-singleturn|p2a: Yveltal|move: Roost
|move|p1a: Kyogre|Rest|p1a: Kyogre
|-status|p1a: Kyogre|slp|[from] move: Rest
|-heal|p1a: Kyogre|100/100 slp|[silent]
|
|-weather|RainDance|[upkeep]
|upkeep
|turn|40
|
|t:|1664381386
|switch|p1a: Ferrothorn|Ferrothorn, M|100/100 par
|-damage|p1a: Ferrothorn|94/100 par|[from] Stealth Rock
|move|p2a: Yveltal|Knock Off|p1a: Ferrothorn
|-crit|p1a: Ferrothorn
|-damage|p1a: Ferrothorn|49/100 par
|-damage|p2a: Yveltal|60/100|[from] ability: Iron Barbs|[of] p1a: Ferrothorn
|-enditem|p1a: Ferrothorn|Leftovers|[from] move: Knock Off|[of] p2a: Yveltal
|
|-weather|none
|upkeep
|turn|41
|
|t:|1664381391
|move|p2a: Yveltal|Taunt|p1a: Ferrothorn
|-start|p1a: Ferrothorn|move: Taunt
|cant|p1a: Ferrothorn|move: Taunt|Leech Seed
|
|upkeep
|turn|42
|c|☆Hats|Mon reuf
|j| ApOcalpse17
|
|t:|1664381408
|switch|p2a: Marshadow|Marshadow|88/100
|-damage|p2a: Marshadow|82/100|[from] Stealth Rock
|cant|p1a: Ferrothorn|par
|
|upkeep
|turn|43
|j| H1ruko
|
|t:|1664381415
|move|p2a: Marshadow|Spectral Thief|p1a: Ferrothorn
|-damage|p1a: Ferrothorn|10/100 par
|-damage|p2a: Marshadow|69/100|[from] ability: Iron Barbs|[of] p1a: Ferrothorn
|move|p1a: Ferrothorn|Body Press|p2a: Marshadow
|-immune|p2a: Marshadow
|
|-end|p1a: Ferrothorn|move: Taunt
|upkeep
|turn|44
|
|t:|1664381419
|move|p2a: Marshadow|Spectral Thief|p1a: Ferrothorn
|-damage|p1a: Ferrothorn|0 fnt
|-damage|p2a: Marshadow|57/100|[from] ability: Iron Barbs|[of] p1a: Ferrothorn
|faint|p1a: Ferrothorn
|
|upkeep
|j| 1100Scavet
|
|t:|1664381427
|switch|p1a: Eternatus|Eternatus|100/100 par
|-damage|p1a: Eternatus|88/100 par|[from] Stealth Rock
|-ability|p1a: Eternatus|Pressure
|turn|45
|
|t:|1664381449
|switch|p2a: Necrozma|Necrozma-Dusk-Mane|78/100
|-damage|p2a: Necrozma|72/100|[from] Stealth Rock
|cant|p1a: Eternatus|par
|
|-heal|p2a: Necrozma|78/100|[from] item: Leftovers
|upkeep
|turn|46
|
|t:|1664381456
|switch|p1a: Kyogre|Kyogre|100/100 slp
|-damage|p1a: Kyogre|88/100 slp|[from] Stealth Rock
|-weather|RainDance|[from] ability: Drizzle|[of] p1a: Kyogre
|move|p2a: Necrozma|Iron Head|p1a: Kyogre
|-resisted|p1a: Kyogre
|-damage|p1a: Kyogre|74/100 slp
|
|-weather|RainDance|[upkeep]
|-heal|p2a: Necrozma|84/100|[from] item: Leftovers
|upkeep
|turn|47
|
|t:|1664381477
|switch|p1a: Eternatus|Eternatus|88/100 par
|-damage|p1a: Eternatus|76/100 par|[from] Stealth Rock
|-ability|p1a: Eternatus|Pressure
|switch|p2a: Marshadow|Marshadow|57/100
|-damage|p2a: Marshadow|51/100|[from] Stealth Rock
|
|-weather|RainDance|[upkeep]
|upkeep
|turn|48
|
|t:|1664381484
|switch|p2a: Necrozma|Necrozma-Dusk-Mane|84/100
|-damage|p2a: Necrozma|78/100|[from] Stealth Rock
|cant|p1a: Eternatus|par
|
|-weather|RainDance|[upkeep]
|-heal|p2a: Necrozma|84/100|[from] item: Leftovers
|upkeep
|turn|49
|
|t:|1664381490
|switch|p1a: Kyogre|Kyogre|74/100 slp
|-damage|p1a: Kyogre|62/100 slp|[from] Stealth Rock
|move|p2a: Necrozma|Iron Head|p1a: Kyogre
|-resisted|p1a: Kyogre
|-damage|p1a: Kyogre|49/100 slp
|
|-weather|RainDance|[upkeep]
|-heal|p2a: Necrozma|90/100|[from] item: Leftovers
|upkeep
|turn|50
|
|t:|1664381493
|switch|p2a: Marshadow|Marshadow|51/100
|-damage|p2a: Marshadow|44/100|[from] Stealth Rock
|cant|p1a: Kyogre|slp
|
|-weather|none
|upkeep
|turn|51
|
|t:|1664381507
|move|p2a: Marshadow|Spectral Thief|p1a: Kyogre
|-damage|p1a: Kyogre|7/100 slp
|cant|p1a: Kyogre|slp
|
|upkeep
|turn|52
|
|t:|1664381511
|move|p2a: Marshadow|Spectral Thief|p1a: Kyogre
|-damage|p1a: Kyogre|0 fnt
|faint|p1a: Kyogre
|
|upkeep
|
|t:|1664381517
|switch|p1a: Eternatus|Eternatus|76/100 par
|-damage|p1a: Eternatus|63/100 par|[from] Stealth Rock
|-ability|p1a: Eternatus|Pressure
|turn|53
|
|t:|1664381524
|switch|p2a: Necrozma|Necrozma-Dusk-Mane|90/100
|-damage|p2a: Necrozma|84/100|[from] Stealth Rock
|cant|p1a: Eternatus|par
|
|-heal|p2a: Necrozma|90/100|[from] item: Leftovers
|upkeep
|turn|54
|
|t:|1664381527
|move|p2a: Necrozma|Iron Head|p1a: Eternatus
|-damage|p1a: Eternatus|34/100 par
|cant|p1a: Eternatus|flinch
|
|-heal|p2a: Necrozma|96/100|[from] item: Leftovers
|upkeep
|turn|55
|c|☆Hats|Mais frere
|
|t:|1664381535
|move|p2a: Necrozma|Iron Head|p1a: Eternatus
|-damage|p1a: Eternatus|4/100 par
|move|p1a: Eternatus|Recover|p1a: Eternatus
|-heal|p1a: Eternatus|54/100 par
|
|-heal|p2a: Necrozma|100/100|[from] item: Leftovers
|upkeep
|turn|56
|
|t:|1664381541
|switch|p1a: Necrozma|Necrozma-Dusk-Mane|90/100
|-damage|p1a: Necrozma|84/100|[from] Stealth Rock
|move|p2a: Necrozma|Iron Head|p1a: Necrozma
|-resisted|p1a: Necrozma
|-damage|p1a: Necrozma|71/100
|
|-heal|p1a: Necrozma|77/100|[from] item: Leftovers
|upkeep
|turn|57
|
|t:|1664381544
|switch|p2a: Zygarde|Zygarde-Complete|73/100
|-damage|p2a: Zygarde|67/100|[from] Stealth Rock
|move|p1a: Necrozma|Thunder Wave|p2a: Zygarde
|-immune|p2a: Zygarde
|
|-heal|p2a: Zygarde|73/100|[from] item: Leftovers
|-heal|p1a: Necrozma|83/100|[from] item: Leftovers
|upkeep
|turn|58
|c| xKSr|c moins de 1/3 de chances d'attaquer para + 30% de flinch
|
|t:|1664381549
|switch|p1a: Rayquaza|Rayquaza|100/100
|-damage|p1a: Rayquaza|76/100|[from] Stealth Rock
|-ability|p1a: Rayquaza|Air Lock
|move|p2a: Zygarde|Substitute|p2a: Zygarde
|-start|p2a: Zygarde|Substitute
|-damage|p2a: Zygarde|48/100
|
|-heal|p2a: Zygarde|54/100|[from] item: Leftovers
|upkeep
|turn|59
|c| xKSr|hats
|
|t:|1664381554
|move|p1a: Rayquaza|Dragon Claw|p2a: Zygarde
|-supereffective|p2a: Zygarde
|-end|p2a: Zygarde|Substitute
|move|p2a: Zygarde|Dragon Tail|p1a: Rayquaza
|-supereffective|p1a: Rayquaza
|-damage|p1a: Rayquaza|26/100
|drag|p1a: Eternatus|Eternatus|54/100 par
|-damage|p1a: Eternatus|41/100 par|[from] Stealth Rock
|-ability|p1a: Eternatus|Pressure
|
|-heal|p2a: Zygarde|61/100|[from] item: Leftovers
|upkeep
|turn|60
|
|t:|1664381562
|switch|p1a: Rayquaza|Rayquaza|26/100
|-damage|p1a: Rayquaza|1/100|[from] Stealth Rock
|-ability|p1a: Rayquaza|Air Lock
|move|p2a: Zygarde|Thousand Arrows|p1a: Rayquaza
|-damage|p1a: Rayquaza|0 fnt
|faint|p1a: Rayquaza
|
|-heal|p2a: Zygarde|67/100|[from] item: Leftovers
|upkeep
|
|t:|1664381564
|switch|p1a: Eternatus|Eternatus|41/100 par
|-damage|p1a: Eternatus|29/100 par|[from] Stealth Rock
|-ability|p1a: Eternatus|Pressure
|turn|61
|c|☆Hats|Koi
|c| H1ruko|le talent de nael
|c|☆Nael222|Feur
|c|☆Hats|chut toi
|
|t:|1664381581
|move|p2a: Zygarde|Thousand Arrows|p1a: Eternatus
|-supereffective|p1a: Eternatus
|-damage|p1a: Eternatus|0 fnt
|faint|p1a: Eternatus
|
|-heal|p2a: Zygarde|73/100|[from] item: Leftovers
|upkeep
|
|t:|1664381585
|switch|p1a: Necrozma|Necrozma-Dusk-Mane|83/100
|-damage|p1a: Necrozma|77/100|[from] Stealth Rock
|turn|62
|c|☆Nael222|Haruko t es ban pour m avoir empeche de feur
|c| 1100Scavet|alors techniquement c'est un peu plus d'une chance sur 2
|c| H1ruko|pardon
|c| xKSr|hein
|c| xKSr|1/2 ??
|c| xKSr|geeeeeenre
|
|t:|1664381605
|move|p2a: Zygarde|Dragon Dance|p2a: Zygarde
|-boost|p2a: Zygarde|atk|1
|-boost|p2a: Zygarde|spe|1
|move|p1a: Necrozma|Sunsteel Strike|p2a: Zygarde
|-damage|p2a: Zygarde|51/100
|
|-heal|p2a: Zygarde|58/100|[from] item: Leftovers
|-heal|p1a: Necrozma|83/100|[from] item: Leftovers
|upkeep
|turn|63
|
|t:|1664381609
|move|p2a: Zygarde|Thousand Arrows|p1a: Necrozma
|-supereffective|p1a: Necrozma
|-damage|p1a: Necrozma|29/100
|move|p1a: Necrozma|Sunsteel Strike|p2a: Zygarde
|-damage|p2a: Zygarde|34/100
|
|-heal|p2a: Zygarde|40/100|[from] item: Leftovers
|-heal|p1a: Necrozma|35/100|[from] item: Leftovers
|upkeep
|turn|64
|-message|Hats forfeited.
|
|win|Nael222
|l|☆Hats
|c|☆Nael222|Gg
|c| H1ruko|GG
