|j|☆ok sir
|j|☆ox04
|t:|1664700103
|gametype|singles
|player|p1|ok sir|1|1507
|player|p2|ox04|red-gen7|1661
|teamsize|p1|6
|teamsize|p2|6
|gen|8
|tier|[Gen 8] Ubers
|rated|
|rule|Sleep Clause Mod: Limit one foe put to sleep
|rule|Species Clause: Limit one of each Pokémon
|rule|OHKO Clause: OHKO moves are banned
|rule|Evasion Items Clause: Evasion items are banned
|rule|Evasion Moves Clause: Evasion moves are banned
|rule|Endless Battle Clause: Forcing endless battles is banned
|rule|HP Percentage Mod: HP is shown in percentages
|rule|Dynamax Clause: You cannot dynamax
|clearpoke
|poke|p1|Calyrex-Ice|
|poke|p1|Melmetal|
|poke|p1|Dialga|
|poke|p1|Xerneas-*|
|poke|p1|Yveltal|
|poke|p1|Eternatus|
|poke|p2|Yveltal|
|poke|p2|Kyogre|
|poke|p2|Ferrothorn, F|
|poke|p2|Cinderace, M|
|poke|p2|Zekrom|
|poke|p2|Genesect|
|teampreview
|c|☆ok sir|oh
|
|t:|1664700129
|start
|switch|p1a: Calyrex|Calyrex-Ice|100/100
|switch|p2a: Cinderace|Cinderace, M|100/100
|-ability|p1a: Calyrex|As One
|-ability|p1a: Calyrex|Unnerve
|turn|1
|
|t:|1664700137
|switch|p1a: Dialga|Dialga|100/100
|-ability|p1a: Dialga|Pressure
|move|p2a: Cinderace|Pyro Ball|p1a: Dialga
|-damage|p1a: Dialga|42/100
|
|-heal|p1a: Dialga|49/100|[from] item: Leftovers
|upkeep
|turn|2
|
|t:|1664700143
|switch|p2a: Genesect|Genesect, shiny|100/100
|-ability|p2a: Genesect|Download|boost
|-boost|p2a: Genesect|atk|1
|switch|p1a: Eternatus|Eternatus|100/100
|-ability|p1a: Eternatus|Pressure
|
|upkeep
|turn|3
|
|t:|1664700146
|move|p2a: Genesect|U-turn|p1a: Eternatus
|-resisted|p1a: Eternatus
|-damage|p1a: Eternatus|79/100
|
|t:|1664700171
|switch|p2a: Kyogre|Kyogre|100/100|[from]move: U-turn
|-weather|RainDance|[from] ability: Drizzle|[of] p2a: Kyogre
|move|p1a: Eternatus|Flamethrower|p2a: Kyogre
|-resisted|p2a: Kyogre
|-damage|p2a: Kyogre|96/100
|
|-weather|RainDance|[upkeep]
|-heal|p2a: Kyogre|100/100|[from] item: Leftovers
|upkeep
|turn|4
|
|t:|1664700176
|switch|p1a: Calyrex|Calyrex-Ice|100/100
|-ability|p1a: Calyrex|As One
|-ability|p1a: Calyrex|Unnerve
|move|p2a: Kyogre|Thunder Wave|p1a: Calyrex|[miss]
|-miss|p2a: Kyogre|p1a: Calyrex
|
|-weather|RainDance|[upkeep]
|upkeep
|turn|5
|
|t:|1664700178
|move|p1a: Calyrex|Trick|p2a: Kyogre
|-activate|p1a: Calyrex|move: Trick|[of] p2a: Kyogre
|-item|p2a: Kyogre|Choice Scarf|[from] move: Trick
|-item|p1a: Calyrex|Leftovers|[from] move: Trick
|move|p2a: Kyogre|Scald|p1a: Calyrex
|-damage|p1a: Calyrex|56/100
|
|-weather|RainDance|[upkeep]
|-heal|p1a: Calyrex|62/100|[from] item: Leftovers
|upkeep
|turn|6
|
|t:|1664700187
|switch|p1a: Dialga|Dialga|49/100
|-ability|p1a: Dialga|Pressure
|move|p2a: Kyogre|Scald|p1a: Dialga
|-resisted|p1a: Dialga
|-damage|p1a: Dialga|31/100
|-status|p1a: Dialga|brn
|
|-weather|RainDance|[upkeep]
|-heal|p1a: Dialga|38/100 brn|[from] item: Leftovers
|-damage|p1a: Dialga|31/100 brn|[from] brn
|upkeep
|turn|7
|
|t:|1664700203
|switch|p2a: Ferrothorn|Ferrothorn, F|100/100
|move|p1a: Dialga|Trick Room|p1a: Dialga
|-fieldstart|move: Trick Room|[of] p1a: Dialga
|
|-weather|none
|-heal|p1a: Dialga|38/100 brn|[from] item: Leftovers
|-damage|p1a: Dialga|31/100 brn|[from] brn
|upkeep
|turn|8
|
|t:|1664700206
|switch|p2a: Kyogre|Kyogre|100/100
|-weather|RainDance|[from] ability: Drizzle|[of] p2a: Kyogre
|move|p1a: Dialga|Stealth Rock|p2a: Kyogre
|-sidestart|p2: ox04|move: Stealth Rock
|
|-weather|RainDance|[upkeep]
|-heal|p1a: Dialga|38/100 brn|[from] item: Leftovers
|-damage|p1a: Dialga|31/100 brn|[from] brn
|upkeep
|turn|9
|
|t:|1664700214
|switch|p2a: Ferrothorn|Ferrothorn, F|100/100
|-damage|p2a: Ferrothorn|94/100|[from] Stealth Rock
|move|p1a: Dialga|Dragon Tail|p2a: Ferrothorn
|-resisted|p2a: Ferrothorn
|-damage|p2a: Ferrothorn|91/100
|-damage|p1a: Dialga|19/100 brn|[from] ability: Iron Barbs|[of] p2a: Ferrothorn
|drag|p2a: Cinderace|Cinderace, M|100/100
|-damage|p2a: Cinderace|76/100|[from] Stealth Rock
|
|-weather|RainDance|[upkeep]
|-heal|p1a: Dialga|25/100 brn|[from] item: Leftovers
|-damage|p1a: Dialga|19/100 brn|[from] brn
|upkeep
|turn|10
|
|t:|1664700221
|switch|p2a: Yveltal|Yveltal|100/100
|-ability|p2a: Yveltal|Dark Aura
|move|p1a: Dialga|Rest|p1a: Dialga
|-status|p1a: Dialga|slp|[from] move: Rest
|-heal|p1a: Dialga|100/100 slp|[silent]
|
|-weather|RainDance|[upkeep]
|upkeep
|turn|11
|
|t:|1664700225
|switch|p1a: Xerneas|Xerneas|100/100
|-ability|p1a: Xerneas|Fairy Aura
|move|p2a: Yveltal|Defog|p1a: Xerneas
|-unboost|p1a: Xerneas|evasion|1
|-sideend|p2: ox04|Stealth Rock|[from] move: Defog|[of] p2a: Yveltal
|
|-weather|RainDance|[upkeep]
|-fieldend|move: Trick Room
|upkeep
|turn|12
|
|t:|1664700231
|move|p1a: Xerneas|Aromatherapy|p1a: Xerneas
|-activate|p1a: Xerneas|move: Aromatherapy
|-curestatus|p1: Dialga|slp|[msg]
|move|p2a: Yveltal|U-turn|p1a: Xerneas
|-resisted|p1a: Xerneas
|-damage|p1a: Xerneas|94/100
|
|t:|1664700236
|switch|p2a: Cinderace|Cinderace, M|76/100|[from]move: U-turn
|
|-weather|none
|upkeep
|turn|13
|
|t:|1664700242
|switch|p1a: Eternatus|Eternatus|79/100
|-ability|p1a: Eternatus|Pressure
|move|p2a: Cinderace|High Jump Kick|p1a: Eternatus
|-start|p2a: Cinderace|typechange|Fighting|[from] ability: Libero
|-resisted|p1a: Eternatus
|-damage|p1a: Eternatus|40/100
|
|upkeep
|turn|14
|
|t:|1664700245
|move|p1a: Eternatus|Recover|p1a: Eternatus
|-heal|p1a: Eternatus|90/100
|move|p2a: Cinderace|High Jump Kick|p1a: Eternatus
|-resisted|p1a: Eternatus
|-damage|p1a: Eternatus|49/100
|
|upkeep
|turn|15
|
|t:|1664700251
|switch|p2a: Genesect|Genesect, shiny|100/100
|-ability|p2a: Genesect|Download|boost
|-boost|p2a: Genesect|atk|1
|move|p1a: Eternatus|Recover|p1a: Eternatus
|-heal|p1a: Eternatus|99/100
|
|upkeep
|turn|16
|
|t:|1664700259
|move|p2a: Genesect|U-turn|p1a: Eternatus
|-resisted|p1a: Eternatus
|-damage|p1a: Eternatus|77/100
|
|t:|1664700261
|switch|p2a: Kyogre|Kyogre|100/100|[from]move: U-turn
|-weather|RainDance|[from] ability: Drizzle|[of] p2a: Kyogre
|move|p1a: Eternatus|Meteor Beam||[still]
|-prepare|p1a: Eternatus|Meteor Beam
|-boost|p1a: Eternatus|spa|1
|-enditem|p1a: Eternatus|Power Herb
|-anim|p1a: Eternatus|Meteor Beam|p2a: Kyogre
|-damage|p2a: Kyogre|58/100
|
|-weather|RainDance|[upkeep]
|upkeep
|turn|17
|
|t:|1664700265
|move|p1a: Eternatus|Dynamax Cannon|p2a: Kyogre
|-damage|p2a: Kyogre|8/100
|move|p2a: Kyogre|Thunder Wave|p1a: Eternatus
|-status|p1a: Eternatus|par
|
|-weather|RainDance|[upkeep]
|upkeep
|turn|18
|
|t:|1664700269
|switch|p2a: Ferrothorn|Ferrothorn, F|91/100
|move|p1a: Eternatus|Dynamax Cannon|p2a: Ferrothorn
|-resisted|p2a: Ferrothorn
|-damage|p2a: Ferrothorn|63/100
|
|-weather|RainDance|[upkeep]
|-heal|p2a: Ferrothorn|69/100|[from] item: Leftovers
|upkeep
|turn|19
|
|t:|1664700274
|switch|p2a: Zekrom|Zekrom|100/100
|-ability|p2a: Zekrom|Teravolt
|move|p1a: Eternatus|Flamethrower|p2a: Zekrom
|-resisted|p2a: Zekrom
|-damage|p2a: Zekrom|88/100
|
|-weather|RainDance|[upkeep]
|upkeep
|turn|20
|
|t:|1664700275
|move|p2a: Zekrom|Draco Meteor|p1a: Eternatus
|-supereffective|p1a: Eternatus
|-damage|p1a: Eternatus|0 fnt
|-unboost|p2a: Zekrom|spa|2
|faint|p1a: Eternatus
|-damage|p2a: Zekrom|78/100|[from] item: Life Orb
|
|-weather|none
|upkeep
|j| glutexos
|
|t:|1664700284
|switch|p1a: Calyrex|Calyrex-Ice|62/100
|-ability|p1a: Calyrex|As One
|-ability|p1a: Calyrex|Unnerve
|turn|21
|
|t:|1664700286
|move|p2a: Zekrom|Bolt Strike|p1a: Calyrex
|-damage|p1a: Calyrex|1/100
|-damage|p2a: Zekrom|68/100|[from] item: Life Orb
|move|p1a: Calyrex|Trick Room|p1a: Calyrex
|-fieldstart|move: Trick Room|[of] p1a: Calyrex
|
|-heal|p1a: Calyrex|7/100|[from] item: Leftovers
|upkeep
|turn|22
|
|t:|1664700302
|switch|p2a: Genesect|Genesect, shiny|100/100
|-ability|p2a: Genesect|Download|boost
|-boost|p2a: Genesect|spa|1
|move|p1a: Calyrex|Swords Dance|p1a: Calyrex
|-boost|p1a: Calyrex|atk|2
|
|-heal|p1a: Calyrex|13/100|[from] item: Leftovers
|upkeep
|turn|23
|
|t:|1664700304
|move|p2a: Genesect|Extreme Speed|p1a: Calyrex
|-damage|p1a: Calyrex|0 fnt
|faint|p1a: Calyrex
|
|upkeep
|
|t:|1664700308
|switch|p1a: Melmetal|Melmetal|100/100
|turn|24
|
|t:|1664700311
|switch|p2a: Kyogre|Kyogre|8/100
|-weather|RainDance|[from] ability: Drizzle|[of] p2a: Kyogre
|move|p1a: Melmetal|Double Iron Bash|p2a: Kyogre
|-resisted|p2a: Kyogre
|-damage|p2a: Kyogre|0 fnt
|faint|p2a: Kyogre
|-hitcount|p2: Kyogre|1
|
|-weather|RainDance|[upkeep]
|upkeep
|
|t:|1664700314
|switch|p2a: Ferrothorn|Ferrothorn, F|69/100
|turn|25
|
|t:|1664700315
|move|p2a: Ferrothorn|Leech Seed|p1a: Melmetal
|-start|p1a: Melmetal|move: Leech Seed
|move|p1a: Melmetal|Double Iron Bash|p2a: Ferrothorn
|-resisted|p2a: Ferrothorn
|-damage|p2a: Ferrothorn|45/100
|-damage|p1a: Melmetal|88/100|[from] ability: Iron Barbs|[of] p2a: Ferrothorn
|-resisted|p2a: Ferrothorn
|-damage|p2a: Ferrothorn|22/100
|-damage|p1a: Melmetal|76/100|[from] ability: Iron Barbs|[of] p2a: Ferrothorn
|-hitcount|p2a: Ferrothorn|2
|
|-weather|RainDance|[upkeep]
|-heal|p2a: Ferrothorn|28/100|[from] item: Leftovers
|-damage|p1a: Melmetal|63/100|[from] Leech Seed|[of] p2a: Ferrothorn
|-heal|p2a: Ferrothorn|42/100|[silent]
|-fieldend|move: Trick Room
|upkeep
|turn|26
|
|t:|1664700321
|switch|p1a: Yveltal|Yveltal|100/100
|-ability|p1a: Yveltal|Dark Aura
|switch|p2a: Cinderace|Cinderace, M|76/100
|
|-weather|RainDance|[upkeep]
|upkeep
|turn|27
|
|t:|1664700324
|move|p2a: Cinderace|U-turn|p1a: Yveltal
|-start|p2a: Cinderace|typechange|Bug|[from] ability: Libero
|-damage|p1a: Yveltal|73/100
|
|t:|1664700330
|switch|p2a: Genesect|Genesect, shiny|100/100|[from]move: U-turn
|-ability|p2a: Genesect|Download|boost
|-boost|p2a: Genesect|spa|1
|move|p1a: Yveltal|Oblivion Wing|p2a: Genesect
|-damage|p2a: Genesect|58/100
|-heal|p1a: Yveltal|93/100|[from] drain|[of] p2a: Genesect
|
|-weather|RainDance|[upkeep]
|upkeep
|turn|28
|
|t:|1664700337
|move|p2a: Genesect|U-turn|p1a: Yveltal
|-damage|p1a: Yveltal|73/100
|
|t:|1664700339
|switch|p2a: Zekrom|Zekrom|68/100|[from]move: U-turn
|-ability|p2a: Zekrom|Teravolt
|move|p1a: Yveltal|Oblivion Wing|p2a: Zekrom
|-resisted|p2a: Zekrom
|-damage|p2a: Zekrom|50/100
|-heal|p1a: Yveltal|83/100|[from] drain|[of] p2a: Zekrom
|
|-weather|none
|upkeep
|turn|29
|
|t:|1664700346
|move|p2a: Zekrom|Focus Blast|p1a: Yveltal
|-damage|p1a: Yveltal|46/100
|-damage|p2a: Zekrom|40/100|[from] item: Life Orb
|move|p1a: Yveltal|Foul Play|p2a: Zekrom
|-damage|p2a: Zekrom|0 fnt
|faint|p2a: Zekrom
|
|upkeep
|
|t:|1664700357
|switch|p2a: Cinderace|Cinderace, M|76/100
|turn|30
|
|t:|1664700361
|switch|p1a: Xerneas|Xerneas|94/100
|-ability|p1a: Xerneas|Fairy Aura
|move|p2a: Cinderace|Pyro Ball|p1a: Xerneas
|-damage|p1a: Xerneas|9/100
|
|upkeep
|turn|31
|
|t:|1664700371
|switch|p2a: Genesect|Genesect, shiny|58/100
|-ability|p2a: Genesect|Download|boost
|-boost|p2a: Genesect|atk|1
|move|p1a: Xerneas|Moonblast|p2a: Genesect
|-resisted|p2a: Genesect
|-damage|p2a: Genesect|16/100
|
|upkeep
|turn|32
|
|t:|1664700375
|switch|p1a: Dialga|Dialga|100/100
|-ability|p1a: Dialga|Pressure
|move|p2a: Genesect|U-turn|p1a: Dialga
|-resisted|p1a: Dialga
|-damage|p1a: Dialga|80/100
|
|t:|1664700376
|switch|p2a: Cinderace|Cinderace, M|76/100|[from]move: U-turn
|
|-heal|p1a: Dialga|87/100|[from] item: Leftovers
|upkeep
|turn|33
|
|t:|1664700378
|move|p2a: Cinderace|High Jump Kick|p1a: Dialga
|-start|p2a: Cinderace|typechange|Fighting|[from] ability: Libero
|-supereffective|p1a: Dialga
|-damage|p1a: Dialga|0 fnt
|faint|p1a: Dialga
|
|upkeep
|
|t:|1664700382
|switch|p1a: Xerneas|Xerneas|9/100
|-ability|p1a: Xerneas|Fairy Aura
|turn|34
|c|☆ox04|damn cinderace is good
|
|t:|1664700387
|switch|p2a: Ferrothorn|Ferrothorn, F|42/100
|move|p1a: Xerneas|Moonblast|p2a: Ferrothorn
|-resisted|p2a: Ferrothorn
|-damage|p2a: Ferrothorn|20/100
|
|-heal|p2a: Ferrothorn|26/100|[from] item: Leftovers
|upkeep
|turn|35
|
|t:|1664700396
|switch|p1a: Yveltal|Yveltal|46/100
|-ability|p1a: Yveltal|Dark Aura
|move|p2a: Ferrothorn|Leech Seed|p1a: Yveltal
|-start|p1a: Yveltal|move: Leech Seed
|
|-heal|p2a: Ferrothorn|33/100|[from] item: Leftovers
|-damage|p1a: Yveltal|34/100|[from] Leech Seed|[of] p2a: Ferrothorn
|-heal|p2a: Ferrothorn|49/100|[silent]
|upkeep
|turn|36
|
|t:|1664700399
|switch|p2a: Cinderace|Cinderace, M|76/100
|move|p1a: Yveltal|Roost|p1a: Yveltal
|-heal|p1a: Yveltal|84/100
|-singleturn|p1a: Yveltal|move: Roost
|
|-damage|p1a: Yveltal|72/100|[from] Leech Seed|[of] p2a: Cinderace
|-heal|p2a: Cinderace|94/100|[silent]
|upkeep
|turn|37
|
|t:|1664700402
|move|p2a: Cinderace|Pyro Ball|p1a: Yveltal
|-damage|p1a: Yveltal|21/100
|move|p1a: Yveltal|Oblivion Wing|p2a: Cinderace
|-damage|p2a: Cinderace|48/100
|-heal|p1a: Yveltal|44/100|[from] drain|[of] p2a: Cinderace
|
|-damage|p1a: Yveltal|31/100|[from] Leech Seed|[of] p2a: Cinderace
|-heal|p2a: Cinderace|67/100|[silent]
|upkeep
|turn|38
|
|t:|1664700408
|switch|p1a: Melmetal|Melmetal|63/100
|move|p2a: Cinderace|Pyro Ball|p1a: Melmetal
|-supereffective|p1a: Melmetal
|-damage|p1a: Melmetal|0 fnt
|faint|p1a: Melmetal
|
|upkeep
|
|t:|1664700410
|switch|p1a: Xerneas|Xerneas|9/100
|-ability|p1a: Xerneas|Fairy Aura
|turn|39
|
|t:|1664700413
|switch|p2a: Yveltal|Yveltal|100/100
|-ability|p2a: Yveltal|Dark Aura
|move|p1a: Xerneas|Moonblast|p2a: Yveltal
|-supereffective|p2a: Yveltal
|-damage|p2a: Yveltal|18/100
|
|upkeep
|turn|40
|
|t:|1664700416
|switch|p1a: Yveltal|Yveltal|31/100
|-ability|p1a: Yveltal|Dark Aura
|move|p2a: Yveltal|Oblivion Wing|p1a: Yveltal
|-damage|p1a: Yveltal|3/100
|-heal|p2a: Yveltal|39/100|[from] drain|[of] p1a: Yveltal
|
|upkeep
|turn|41
|
|t:|1664700419
|move|p2a: Yveltal|U-turn|p1a: Yveltal
|-damage|p1a: Yveltal|0 fnt
|faint|p1a: Yveltal
|
|t:|1664700421
|switch|p2a: Genesect|Genesect, shiny|16/100|[from]move: U-turn
|
|upkeep
|
|t:|1664700422
|switch|p1a: Xerneas|Xerneas|9/100
|-ability|p1a: Xerneas|Fairy Aura
|turn|42
|
|t:|1664700425
|move|p2a: Genesect|Extreme Speed|p1a: Xerneas
|-damage|p1a: Xerneas|0 fnt
|faint|p1a: Xerneas
|
|win|ox04
|raw|ok sir's rating: 1507 &rarr; <strong>1495</strong><br />(-12 for losing)
|raw|ox04's rating: 1661 &rarr; <strong>1673</strong><br />(+12 for winning)
|c|☆ox04|gg
|c|☆ok sir|gg
|l| glutexos
