|raw|<div class="broadcast-blue"><strong>This battle is required to be public due to a player having a name starting with 'ult9ns'.</div>
|j|☆ULT9NS ULT SUCKS
|j|☆ULT9NS 369
|t:|1653874178
|gametype|singles
|player|p1|ULT9NS ULT SUCKS|lucas|1730
|player|p2|ULT9NS 369|dawn|1750
|teamsize|p1|6
|teamsize|p2|6
|gen|8
|tier|[Gen 8] Ubers
|rated|
|rule|Sleep Clause Mod: Limit one foe put to sleep
|rule|Species Clause: Limit one of each Pokémon
|rule|OHKO Clause: OHKO moves are banned
|rule|Evasion Moves Clause: Evasion moves are banned
|rule|Endless Battle Clause: Forcing endless battles is banned
|rule|HP Percentage Mod: HP is shown in percentages
|rule|Dynamax Clause: You cannot dynamax
|clearpoke
|poke|p1|Melmetal|
|poke|p1|Marshadow|
|poke|p1|Necrozma-Dusk-Mane|
|poke|p1|Yveltal|
|poke|p1|Eternatus|
|poke|p1|Groudon|
|poke|p2|Toxapex, M|
|poke|p2|Tangrowth, F|
|poke|p2|Tyranitar, F|
|poke|p2|Blissey, F|
|poke|p2|Suicune|
|poke|p2|Corviknight, M|
|teampreview
|inactive|Battle timer is ON: inactive players will automatically lose when time's up. (requested by ULT9NS ULT SUCKS)
|
|t:|1653874190
|start
|switch|p1a: Necrozma|Necrozma-Dusk-Mane|100/100
|switch|p2a: Suicune|Suicune|100/100
|-ability|p2a: Suicune|Pressure
|turn|1
|
|t:|1653874197
|move|p2a: Suicune|Substitute|p2a: Suicune
|-start|p2a: Suicune|Substitute
|-damage|p2a: Suicune|75/100
|move|p1a: Necrozma|Knock Off|p2a: Suicune
|-activate|p2a: Suicune|move: Substitute|[damage]
|
|-heal|p2a: Suicune|82/100|[from] item: Leftovers
|upkeep
|turn|2
|
|t:|1653874204
|switch|p1a: Groudon|Groudon|100/100
|-weather|SunnyDay|[from] ability: Drought|[of] p1a: Groudon
|move|p2a: Suicune|Calm Mind|p2a: Suicune
|-boost|p2a: Suicune|spa|1
|-boost|p2a: Suicune|spd|1
|
|-weather|SunnyDay|[upkeep]
|-heal|p2a: Suicune|88/100|[from] item: Leftovers
|upkeep
|turn|3
|
|t:|1653874207
|move|p2a: Suicune|Protect|p2a: Suicune
|-singleturn|p2a: Suicune|Protect
|move|p1a: Groudon|Stealth Rock|p2a: Suicune
|-sidestart|p2: ULT9NS 369|move: Stealth Rock
|
|-weather|SunnyDay|[upkeep]
|-heal|p2a: Suicune|94/100|[from] item: Leftovers
|upkeep
|turn|4
|
|t:|1653874209
|move|p2a: Suicune|Scald|p1a: Groudon
|-supereffective|p1a: Groudon
|-damage|p1a: Groudon|63/100
|move|p1a: Groudon|Roar|p2a: Suicune
|drag|p2a: Corviknight|Corviknight, M|100/100
|-damage|p2a: Corviknight|88/100|[from] Stealth Rock
|-ability|p2a: Corviknight|Pressure
|
|-weather|SunnyDay|[upkeep]
|-heal|p1a: Groudon|69/100|[from] item: Leftovers
|-heal|p2a: Corviknight|94/100|[from] item: Leftovers
|upkeep
|turn|5
|j| BasedWHAT?!?!?! ♪
|j|+Aberforth
|
|t:|1653874216
|switch|p1a: Eternatus|Eternatus|100/100
|-ability|p1a: Eternatus|Pressure
|-item|p1a: Eternatus|Air Balloon
|switch|p2a: Toxapex|Toxapex, M|100/100
|-damage|p2a: Toxapex|88/100|[from] Stealth Rock
|
|-weather|SunnyDay|[upkeep]
|upkeep
|turn|6
|
|t:|1653874220
|switch|p1a: Necrozma|Necrozma-Dusk-Mane|100/100
|move|p2a: Toxapex|Knock Off|p1a: Necrozma
|-supereffective|p1a: Necrozma
|-damage|p1a: Necrozma|84/100
|-enditem|p1a: Necrozma|Leftovers|[from] move: Knock Off|[of] p2a: Toxapex
|
|-weather|none
|upkeep
|turn|7
|
|t:|1653874230
|move|p1a: Necrozma|Knock Off|p2a: Toxapex
|-damage|p2a: Toxapex|68/100
|-enditem|p2a: Toxapex|Shuca Berry|[from] move: Knock Off|[of] p1a: Necrozma
|move|p2a: Toxapex|Knock Off|p1a: Necrozma
|-supereffective|p1a: Necrozma
|-damage|p1a: Necrozma|73/100
|
|upkeep
|turn|8
|
|t:|1653874235
|switch|p2a: Corviknight|Corviknight, M|94/100
|-damage|p2a: Corviknight|82/100|[from] Stealth Rock
|-ability|p2a: Corviknight|Pressure
|move|p1a: Necrozma|Thunder Wave|p2a: Corviknight
|-status|p2a: Corviknight|par
|
|-heal|p2a: Corviknight|88/100 par|[from] item: Leftovers
|upkeep
|turn|9
|j| Rhmsitb
|
|t:|1653874237
|move|p1a: Necrozma|Knock Off|p2a: Corviknight
|-damage|p2a: Corviknight|69/100 par
|-enditem|p2a: Corviknight|Leftovers|[from] move: Knock Off|[of] p1a: Necrozma
|move|p2a: Corviknight|Defog|p1a: Necrozma
|-unboost|p1a: Necrozma|evasion|1
|-sideend|p2: ULT9NS 369|Stealth Rock|[from] move: Defog|[of] p2a: Corviknight
|
|upkeep
|turn|10
|
|t:|1653874240
|move|p1a: Necrozma|Iron Head|p2a: Corviknight
|-resisted|p2a: Corviknight
|-damage|p2a: Corviknight|57/100 par
|move|p2a: Corviknight|Roost|p2a: Corviknight
|-heal|p2a: Corviknight|100/100 par
|-singleturn|p2a: Corviknight|move: Roost
|
|upkeep
|turn|11
|j| Dusk of Surtr
|
|t:|1653874248
|move|p1a: Necrozma|Knock Off|p2a: Corviknight
|-damage|p2a: Corviknight|88/100 par
|move|p2a: Corviknight|Body Press|p1a: Necrozma
|-damage|p1a: Necrozma|56/100
|
|upkeep
|turn|12
|
|t:|1653874253
|switch|p2a: Toxapex|Toxapex, M|100/100
|move|p1a: Necrozma|Morning Sun|p1a: Necrozma
|-heal|p1a: Necrozma|100/100
|
|upkeep
|turn|13
|j| ULT9NS gostop
|
|t:|1653874255
|move|p1a: Necrozma|Thunder Wave|p2a: Toxapex
|-status|p2a: Toxapex|par
|move|p2a: Toxapex|Knock Off|p1a: Necrozma
|-supereffective|p1a: Necrozma
|-crit|p1a: Necrozma
|-damage|p1a: Necrozma|84/100
|
|upkeep
|turn|14
|
|t:|1653874259
|switch|p2a: Corviknight|Corviknight, M|88/100 par
|-ability|p2a: Corviknight|Pressure
|move|p1a: Necrozma|Knock Off|p2a: Corviknight
|-damage|p2a: Corviknight|75/100 par
|
|upkeep
|turn|15
|
|t:|1653874267
|switch|p1a: Groudon|Groudon|69/100
|-weather|SunnyDay|[from] ability: Drought|[of] p1a: Groudon
|move|p2a: Corviknight|Roost|p2a: Corviknight
|-heal|p2a: Corviknight|100/100 par
|-singleturn|p2a: Corviknight|move: Roost
|
|-weather|SunnyDay|[upkeep]
|-heal|p1a: Groudon|76/100|[from] item: Leftovers
|upkeep
|turn|16
|j| aaa_skd
|
|t:|1653874278
|switch|p2a: Tangrowth|Tangrowth, F|100/100
|move|p1a: Groudon|Stealth Rock|p2a: Tangrowth
|-sidestart|p2: ULT9NS 369|move: Stealth Rock
|
|-weather|SunnyDay|[upkeep]
|-heal|p1a: Groudon|82/100|[from] item: Leftovers
|upkeep
|turn|17
|
|t:|1653874285
|switch|p1a: Yveltal|Yveltal|100/100
|-ability|p1a: Yveltal|Dark Aura
|move|p2a: Tangrowth|Knock Off|p1a: Yveltal
|-resisted|p1a: Yveltal
|-damage|p1a: Yveltal|90/100
|-enditem|p1a: Yveltal|Heavy-Duty Boots|[from] move: Knock Off|[of] p2a: Tangrowth
|
|-weather|SunnyDay|[upkeep]
|upkeep
|turn|18
|
|t:|1653874289
|switch|p2a: Tyranitar|Tyranitar, F|100/100
|-weather|Sandstorm|[from] ability: Sand Stream|[of] p2a: Tyranitar
|move|p1a: Yveltal|U-turn|p2a: Tyranitar
|-supereffective|p2a: Tyranitar
|-damage|p2a: Tyranitar|68/100
|
|t:|1653874294
|switch|p1a: Melmetal|Melmetal|100/100|[from]move: U-turn
|
|-weather|Sandstorm|[upkeep]
|upkeep
|turn|19
|
|t:|1653874298
|switch|p2a: Toxapex|Toxapex, M|100/100 par
|-damage|p2a: Toxapex|88/100 par|[from] Stealth Rock
|move|p1a: Melmetal|Thunder Punch|p2a: Toxapex
|-supereffective|p2a: Toxapex
|-crit|p2a: Toxapex
|-damage|p2a: Toxapex|0 fnt
|faint|p2a: Toxapex
|
|-weather|Sandstorm|[upkeep]
|upkeep
|
|t:|1653874302
|switch|p2a: Tangrowth|Tangrowth, F|100/100
|-damage|p2a: Tangrowth|88/100|[from] Stealth Rock
|turn|20
|
|t:|1653874306
|switch|p1a: Yveltal|Yveltal|90/100
|-ability|p1a: Yveltal|Dark Aura
|move|p2a: Tangrowth|Leech Seed|p1a: Yveltal
|-start|p1a: Yveltal|move: Leech Seed
|
|-weather|Sandstorm|[upkeep]
|-damage|p1a: Yveltal|84/100|[from] Sandstorm
|-damage|p2a: Tangrowth|82/100|[from] Sandstorm
|-damage|p1a: Yveltal|71/100|[from] Leech Seed|[of] p2a: Tangrowth
|-heal|p2a: Tangrowth|96/100|[silent]
|upkeep
|turn|21
|
|t:|1653874312
|move|p1a: Yveltal|U-turn|p2a: Tangrowth
|-supereffective|p2a: Tangrowth
|-damage|p2a: Tangrowth|73/100
|-damage|p1a: Yveltal|55/100|[from] item: Rocky Helmet|[of] p2a: Tangrowth
|j| wind777
|
|t:|1653874313
|switch|p1a: Eternatus|Eternatus|100/100|[from]move: U-turn
|-ability|p1a: Eternatus|Pressure
|-item|p1a: Eternatus|Air Balloon
|move|p2a: Tangrowth|Grass Knot|p1a: Eternatus
|-resisted|p1a: Eternatus
|-damage|p1a: Eternatus|93/100
|-enditem|p1a: Eternatus|Air Balloon
|
|-weather|Sandstorm|[upkeep]
|-damage|p1a: Eternatus|87/100|[from] Sandstorm
|-damage|p2a: Tangrowth|66/100|[from] Sandstorm
|upkeep
|turn|22
|
|t:|1653874321
|switch|p1a: Melmetal|Melmetal|100/100
|switch|p2a: Tyranitar|Tyranitar, F|68/100
|
|-weather|none
|upkeep
|turn|23
|
|t:|1653874327
|switch|p2a: Tangrowth|Tangrowth, F|99/100
|-damage|p2a: Tangrowth|87/100|[from] Stealth Rock
|move|p1a: Melmetal|Double Iron Bash|p2a: Tangrowth
|-damage|p2a: Tangrowth|51/100
|-damage|p1a: Melmetal|84/100|[from] item: Rocky Helmet|[of] p2a: Tangrowth
|-damage|p2a: Tangrowth|19/100
|-damage|p1a: Melmetal|67/100|[from] item: Rocky Helmet|[of] p2a: Tangrowth
|-hitcount|p2a: Tangrowth|2
|
|upkeep
|turn|24
|
|t:|1653874334
|switch|p2a: Suicune|Suicune|94/100
|-damage|p2a: Suicune|82/100|[from] Stealth Rock
|-ability|p2a: Suicune|Pressure
|move|p1a: Melmetal|Double Iron Bash|p2a: Suicune
|-resisted|p2a: Suicune
|-damage|p2a: Suicune|59/100
|-resisted|p2a: Suicune
|-damage|p2a: Suicune|37/100
|-hitcount|p2a: Suicune|2
|
|-heal|p2a: Suicune|43/100|[from] item: Leftovers
|upkeep
|turn|25
|
|t:|1653874340
|switch|p1a: Marshadow|Marshadow|100/100
|move|p2a: Suicune|Protect||[still]
|-fail|p2a: Suicune
|
|-heal|p2a: Suicune|49/100|[from] item: Leftovers
|upkeep
|turn|26
|
|t:|1653874347
|move|p2a: Suicune|Protect|p2a: Suicune
|-singleturn|p2a: Suicune|Protect
|move|p1a: Marshadow|Spectral Thief|p2a: Suicune
|-activate|p2a: Suicune|move: Protect
|
|-heal|p2a: Suicune|55/100|[from] item: Leftovers
|upkeep
|turn|27
|
|t:|1653874353
|move|p1a: Marshadow|Spectral Thief|p2a: Suicune
|-damage|p2a: Suicune|16/100
|move|p2a: Suicune|Scald|p1a: Marshadow
|-damage|p1a: Marshadow|70/100
|
|-heal|p2a: Suicune|23/100|[from] item: Leftovers
|upkeep
|turn|28
|
|t:|1653874358
|move|p2a: Suicune|Protect|p2a: Suicune
|-singleturn|p2a: Suicune|Protect
|move|p1a: Marshadow|Bulk Up|p1a: Marshadow
|-boost|p1a: Marshadow|atk|1
|-boost|p1a: Marshadow|def|1
|
|-heal|p2a: Suicune|29/100|[from] item: Leftovers
|upkeep
|turn|29
|
|t:|1653874363
|switch|p2a: Tangrowth|Tangrowth, F|52/100
|-damage|p2a: Tangrowth|40/100|[from] Stealth Rock
|move|p1a: Marshadow|Low Kick|p2a: Tangrowth
|-damage|p2a: Tangrowth|0 fnt
|-damage|p1a: Marshadow|54/100|[from] item: Rocky Helmet|[of] p2a: Tangrowth
|faint|p2a: Tangrowth
|
|upkeep
|-message|ULT9NS 369 forfeited.
|
|win|ULT9NS ULT SUCKS
|raw|ULT9NS ULT SUCKS's rating: 1730 &rarr; <strong>1751</strong><br />(+21 for winning)
|raw|ULT9NS 369's rating: 1750 &rarr; <strong>1729</strong><br />(-21 for losing)
|l|☆ULT9NS 369
|l| aaa_skd
|l| BasedWHAT?!?!?! ♪
||Ladder isn't responding, score probably updated but might not have (Request timeout).
