|j|☆TogeBirlHQ
|j|☆Waterser
|t:|1661711242
|gametype|singles
|player|p1|TogeBirlHQ|nate|1467
|player|p2|Waterser|psychic-gen4|1462
|teamsize|p1|6
|teamsize|p2|6
|gen|8
|tier|[Gen 8] Ubers
|rated|
|rule|Sleep Clause Mod: Limit one foe put to sleep
|rule|Species Clause: Limit one of each Pokémon
|rule|OHKO Clause: OHKO moves are banned
|rule|Evasion Items Clause: Evasion items are banned
|rule|Evasion Moves Clause: Evasion moves are banned
|rule|Endless Battle Clause: Forcing endless battles is banned
|rule|HP Percentage Mod: HP is shown in percentages
|rule|Dynamax Clause: You cannot dynamax
|clearpoke
|poke|p1|Marshadow|
|poke|p1|Yveltal|
|poke|p1|Ho-Oh|
|poke|p1|Necrozma-Dusk-Mane|
|poke|p1|Eternatus|
|poke|p1|Buzzwole|
|poke|p2|Yveltal|
|poke|p2|Necrozma-Dusk-Mane|
|poke|p2|Eternatus|
|poke|p2|Ferrothorn, M|
|poke|p2|Xerneas-*|
|poke|p2|Calyrex-Shadow|
|teampreview
|
|t:|1661711259
|start
|switch|p1a: Yveltal|Yveltal|100/100
|switch|p2a: Necrozma|Necrozma-Dusk-Mane|100/100
|-ability|p1a: Yveltal|Dark Aura
|turn|1
|
|t:|1661711269
|switch|p2a: Ferrothorn|Ferrothorn, M|100/100
|move|p1a: Yveltal|Knock Off|p2a: Ferrothorn
|-damage|p2a: Ferrothorn|37/100
|-damage|p1a: Yveltal|88/100|[from] ability: Iron Barbs|[of] p2a: Ferrothorn
|-enditem|p2a: Ferrothorn|Leftovers|[from] move: Knock Off|[of] p1a: Yveltal
|
|upkeep
|turn|2
|
|t:|1661711277
|switch|p2a: Xerneas|Xerneas|100/100
|-ability|p2a: Xerneas|Fairy Aura
|move|p1a: Yveltal|Knock Off|p2a: Xerneas
|-resisted|p2a: Xerneas
|-damage|p2a: Xerneas|69/100
|-enditem|p2a: Xerneas|Leftovers|[from] move: Knock Off|[of] p1a: Yveltal
|
|upkeep
|turn|3
|
|t:|1661711292
|switch|p1a: Necrozma|Necrozma-Dusk-Mane|100/100
|switch|p2a: Ferrothorn|Ferrothorn, M|37/100
|
|upkeep
|turn|4
|
|t:|1661711304
|switch|p1a: Eternatus|Eternatus|100/100
|-ability|p1a: Eternatus|Pressure
|move|p2a: Ferrothorn|Leech Seed|p1a: Eternatus
|-start|p1a: Eternatus|move: Leech Seed
|
|-damage|p1a: Eternatus|88/100|[from] Leech Seed|[of] p2a: Ferrothorn
|-heal|p2a: Ferrothorn|54/100|[silent]
|upkeep
|turn|5
|
|t:|1661711314
|switch|p1a: Yveltal|Yveltal|88/100
|-ability|p1a: Yveltal|Dark Aura
|switch|p2a: Yveltal|Yveltal|100/100
|-ability|p2a: Yveltal|Dark Aura
|
|upkeep
|turn|6
|
|t:|1661711335
|switch|p1a: Buzzwole|Buzzwole|100/100
|move|p2a: Yveltal|Knock Off|p1a: Buzzwole
|-resisted|p1a: Buzzwole
|-damage|p1a: Buzzwole|88/100
|-damage|p2a: Yveltal|84/100|[from] item: Rocky Helmet|[of] p1a: Buzzwole
|-enditem|p1a: Buzzwole|Rocky Helmet|[from] move: Knock Off|[of] p2a: Yveltal
|
|upkeep
|turn|7
|
|t:|1661711348
|move|p2a: Yveltal|U-turn|p1a: Buzzwole
|-resisted|p1a: Buzzwole
|-damage|p1a: Buzzwole|84/100
|
|t:|1661711351
|switch|p2a: Xerneas|Xerneas|69/100|[from]move: U-turn
|-ability|p2a: Xerneas|Fairy Aura
|move|p1a: Buzzwole|Drain Punch|p2a: Xerneas
|-resisted|p2a: Xerneas
|-damage|p2a: Xerneas|59/100
|-heal|p1a: Buzzwole|89/100|[from] drain|[of] p2a: Xerneas
|
|upkeep
|turn|8
|
|t:|1661711357
|switch|p2a: Ferrothorn|Ferrothorn, M|54/100
|switch|p1a: Necrozma|Necrozma-Dusk-Mane|100/100
|
|upkeep
|turn|9
|
|t:|1661711363
|switch|p1a: Eternatus|Eternatus|88/100
|-ability|p1a: Eternatus|Pressure
|move|p2a: Ferrothorn|Spikes|p1a: Eternatus
|-sidestart|p1: TogeBirlHQ|Spikes
|
|upkeep
|turn|10
|
|t:|1661711369
|switch|p2a: Yveltal|Yveltal|84/100
|-ability|p2a: Yveltal|Dark Aura
|move|p1a: Eternatus|Mystical Fire|p2a: Yveltal
|-damage|p2a: Yveltal|71/100
|-unboost|p2a: Yveltal|spa|1
|
|upkeep
|turn|11
|
|t:|1661711374
|move|p1a: Eternatus|Toxic|p2a: Yveltal
|-status|p2a: Yveltal|tox
|move|p2a: Yveltal|Knock Off|p1a: Eternatus
|-damage|p1a: Eternatus|43/100
|-enditem|p1a: Eternatus|Haban Berry|[from] move: Knock Off|[of] p2a: Yveltal
|
|-damage|p2a: Yveltal|64/100 tox|[from] psn
|upkeep
|turn|12
|
|t:|1661711381
|move|p1a: Eternatus|Recover|p1a: Eternatus
|-heal|p1a: Eternatus|93/100
|move|p2a: Yveltal|U-turn|p1a: Eternatus
|-resisted|p1a: Eternatus
|-damage|p1a: Eternatus|86/100
|
|t:|1661711383
|switch|p2a: Calyrex|Calyrex-Shadow|100/100|[from]move: U-turn
|-ability|p2a: Calyrex|As One
|-ability|p2a: Calyrex|Unnerve
|
|upkeep
|turn|13
|
|t:|1661711388
|switch|p1a: Yveltal|Yveltal|88/100
|-ability|p1a: Yveltal|Dark Aura
|move|p2a: Calyrex|Astral Barrage|p1a: Yveltal
|-resisted|p1a: Yveltal
|-damage|p1a: Yveltal|40/100
|
|upkeep
|turn|14
|
|t:|1661711400
|switch|p2a: Ferrothorn|Ferrothorn, M|54/100
|move|p1a: Yveltal|U-turn|p2a: Ferrothorn
|-damage|p2a: Ferrothorn|31/100
|-damage|p1a: Yveltal|27/100|[from] ability: Iron Barbs|[of] p2a: Ferrothorn
|
|t:|1661711410
|switch|p1a: Ho-Oh|Ho-Oh|100/100|[from]move: U-turn
|
|upkeep
|turn|15
|
|t:|1661711415
|switch|p2a: Eternatus|Eternatus|100/100
|-ability|p2a: Eternatus|Pressure
|move|p1a: Ho-Oh|Defog|p2a: Eternatus
|-unboost|p2a: Eternatus|evasion|1
|-sideend|p1: TogeBirlHQ|Spikes|[from] move: Defog|[of] p1a: Ho-Oh
|
|upkeep
|turn|16
|
|t:|1661711423
|move|p2a: Eternatus|Mystical Fire|p1a: Ho-Oh
|-resisted|p1a: Ho-Oh
|-damage|p1a: Ho-Oh|94/100
|-unboost|p1a: Ho-Oh|spa|1
|move|p1a: Ho-Oh|Thunder Wave|p2a: Eternatus
|-status|p2a: Eternatus|par
|
|upkeep
|turn|17
|
|t:|1661711435
|switch|p1a: Necrozma|Necrozma-Dusk-Mane|100/100
|move|p2a: Eternatus|Dynamax Cannon|p1a: Necrozma
|-resisted|p1a: Necrozma
|-damage|p1a: Necrozma|86/100
|
|-heal|p1a: Necrozma|92/100|[from] item: Leftovers
|upkeep
|turn|18
|
|t:|1661711440
|switch|p1a: Ho-Oh|Ho-Oh|100/100
|switch|p2a: Necrozma|Necrozma-Dusk-Mane|100/100
|
|upkeep
|turn|19
|
|t:|1661711449
|switch|p2a: Eternatus|Eternatus|100/100 par
|-ability|p2a: Eternatus|Pressure
|move|p1a: Ho-Oh|Sacred Fire|p2a: Eternatus
|-resisted|p2a: Eternatus
|-damage|p2a: Eternatus|84/100 par
|
|upkeep
|turn|20
|
|t:|1661711459
|switch|p1a: Necrozma|Necrozma-Dusk-Mane|92/100
|cant|p2a: Eternatus|par
|
|-heal|p1a: Necrozma|98/100|[from] item: Leftovers
|upkeep
|turn|21
|
|t:|1661711463
|switch|p2a: Ferrothorn|Ferrothorn, M|31/100
|move|p1a: Necrozma|Knock Off|p2a: Ferrothorn
|-damage|p2a: Ferrothorn|18/100
|-damage|p1a: Necrozma|86/100|[from] ability: Iron Barbs|[of] p2a: Ferrothorn
|
|-heal|p1a: Necrozma|92/100|[from] item: Leftovers
|upkeep
|turn|22
|
|t:|1661711471
|switch|p1a: Eternatus|Eternatus|86/100
|-ability|p1a: Eternatus|Pressure
|move|p2a: Ferrothorn|Leech Seed|p1a: Eternatus
|-start|p1a: Eternatus|move: Leech Seed
|
|-damage|p1a: Eternatus|73/100|[from] Leech Seed|[of] p2a: Ferrothorn
|-heal|p2a: Ferrothorn|34/100|[silent]
|upkeep
|turn|23
|
|t:|1661711478
|switch|p2a: Xerneas|Xerneas|59/100
|-ability|p2a: Xerneas|Fairy Aura
|move|p1a: Eternatus|Mystical Fire|p2a: Xerneas
|-damage|p2a: Xerneas|41/100
|-unboost|p2a: Xerneas|spa|1
|
|-damage|p1a: Eternatus|61/100|[from] Leech Seed|[of] p2a: Xerneas
|-heal|p2a: Xerneas|53/100|[silent]
|upkeep
|turn|24
|
|t:|1661711490
|switch|p1a: Necrozma|Necrozma-Dusk-Mane|92/100
|move|p2a: Xerneas|Aromatherapy|p2a: Xerneas
|-activate|p2a: Xerneas|move: Aromatherapy
|-curestatus|p2: Eternatus|par|[msg]
|-curestatus|p2: Yveltal|tox|[msg]
|
|-heal|p1a: Necrozma|98/100|[from] item: Leftovers
|upkeep
|turn|25
|
|t:|1661711498
|switch|p2a: Necrozma|Necrozma-Dusk-Mane|100/100
|switch|p1a: Ho-Oh|Ho-Oh|100/100
|
|upkeep
|turn|26
|
|t:|1661711504
|switch|p2a: Eternatus|Eternatus|84/100
|-ability|p2a: Eternatus|Pressure
|switch|p1a: Yveltal|Yveltal|27/100
|-ability|p1a: Yveltal|Dark Aura
|
|upkeep
|turn|27
|
|t:|1661711510
|move|p1a: Yveltal|Sucker Punch||[still]
|-fail|p1a: Yveltal
|move|p2a: Eternatus|Toxic|p1a: Yveltal
|-status|p1a: Yveltal|tox
|
|-damage|p1a: Yveltal|21/100 tox|[from] psn
|upkeep
|turn|28
|
|t:|1661711518
|switch|p1a: Necrozma|Necrozma-Dusk-Mane|98/100
|move|p2a: Eternatus|Dynamax Cannon|p1a: Necrozma
|-resisted|p1a: Necrozma
|-damage|p1a: Necrozma|85/100
|
|-heal|p1a: Necrozma|91/100|[from] item: Leftovers
|upkeep
|turn|29
|
|t:|1661711526
|switch|p2a: Ferrothorn|Ferrothorn, M|34/100
|move|p1a: Necrozma|Stealth Rock|p2a: Ferrothorn
|-sidestart|p2: Waterser|move: Stealth Rock
|
|-heal|p1a: Necrozma|97/100|[from] item: Leftovers
|upkeep
|turn|30
|
|t:|1661711536
|switch|p1a: Eternatus|Eternatus|61/100
|-ability|p1a: Eternatus|Pressure
|move|p2a: Ferrothorn|Leech Seed|p1a: Eternatus
|-start|p1a: Eternatus|move: Leech Seed
|
|-damage|p1a: Eternatus|48/100|[from] Leech Seed|[of] p2a: Ferrothorn
|-heal|p2a: Ferrothorn|50/100|[silent]
|upkeep
|turn|31
|
|t:|1661711544
|switch|p2a: Xerneas|Xerneas|53/100
|-damage|p2a: Xerneas|41/100|[from] Stealth Rock
|-ability|p2a: Xerneas|Fairy Aura
|move|p1a: Eternatus|Recover|p1a: Eternatus
|-heal|p1a: Eternatus|99/100
|
|-damage|p1a: Eternatus|86/100|[from] Leech Seed|[of] p2a: Xerneas
|-heal|p2a: Xerneas|53/100|[silent]
|upkeep
|turn|32
|
|t:|1661711554
|switch|p1a: Necrozma|Necrozma-Dusk-Mane|97/100
|switch|p2a: Calyrex|Calyrex-Shadow|100/100
|-ability|p2a: Calyrex|As One
|-ability|p2a: Calyrex|Unnerve
|-damage|p2a: Calyrex|88/100|[from] Stealth Rock
|
|-heal|p1a: Necrozma|100/100|[from] item: Leftovers
|upkeep
|turn|33
|
|t:|1661711562
|switch|p1a: Yveltal|Yveltal|21/100 tox
|-ability|p1a: Yveltal|Dark Aura
|move|p2a: Calyrex|Astral Barrage|p1a: Yveltal
|-resisted|p1a: Yveltal
|-damage|p1a: Yveltal|0 fnt
|faint|p1a: Yveltal
|-ability|p2a: Calyrex|Grim Neigh|boost
|-boost|p2a: Calyrex|spa|1
|
|upkeep
|
|t:|1661711570
|switch|p1a: Marshadow|Marshadow|100/100
|turn|34
|
|t:|1661711572
|switch|p2a: Ferrothorn|Ferrothorn, M|50/100
|-damage|p2a: Ferrothorn|44/100|[from] Stealth Rock
|move|p1a: Marshadow|Spectral Thief|p2a: Ferrothorn
|-crit|p2a: Ferrothorn
|-damage|p2a: Ferrothorn|0 fnt
|-damage|p1a: Marshadow|88/100|[from] ability: Iron Barbs|[of] p2a: Ferrothorn
|faint|p2a: Ferrothorn
|-damage|p1a: Marshadow|78/100|[from] item: Life Orb
|
|upkeep
|
|t:|1661711588
|switch|p2a: Yveltal|Yveltal|64/100
|-ability|p2a: Yveltal|Dark Aura
|turn|35
|
|t:|1661711596
|switch|p1a: Buzzwole|Buzzwole|89/100
|move|p2a: Yveltal|Knock Off|p1a: Buzzwole
|-resisted|p1a: Buzzwole
|-damage|p1a: Buzzwole|81/100
|
|upkeep
|turn|36
|
|t:|1661711605
|switch|p1a: Ho-Oh|Ho-Oh|100/100
|move|p2a: Yveltal|U-turn|p1a: Ho-Oh
|-resisted|p1a: Ho-Oh
|-damage|p1a: Ho-Oh|97/100
|
|t:|1661711613
|switch|p2a: Eternatus|Eternatus|84/100|[from]move: U-turn
|-ability|p2a: Eternatus|Pressure
|
|upkeep
|turn|37
|
|t:|1661711619
|switch|p1a: Necrozma|Necrozma-Dusk-Mane|100/100
|move|p2a: Eternatus|Mystical Fire|p1a: Necrozma
|-supereffective|p1a: Necrozma
|-damage|p1a: Necrozma|79/100
|-unboost|p1a: Necrozma|spa|1
|
|-heal|p1a: Necrozma|85/100|[from] item: Leftovers
|upkeep
|turn|38
|
|t:|1661711626
|switch|p2a: Necrozma|Necrozma-Dusk-Mane|100/100
|-damage|p2a: Necrozma|94/100|[from] Stealth Rock
|move|p1a: Necrozma|Knock Off|p2a: Necrozma
|-supereffective|p2a: Necrozma
|-damage|p2a: Necrozma|66/100
|-enditem|p2a: Necrozma|Leftovers|[from] move: Knock Off|[of] p1a: Necrozma
|
|-heal|p1a: Necrozma|91/100|[from] item: Leftovers
|upkeep
|turn|39
|
|t:|1661711640
|switch|p1a: Ho-Oh|Ho-Oh|100/100
|move|p2a: Necrozma|Stealth Rock|p1a: Ho-Oh
|-sidestart|p1: TogeBirlHQ|move: Stealth Rock
|
|upkeep
|turn|40
|
|t:|1661711650
|switch|p2a: Yveltal|Yveltal|64/100
|-ability|p2a: Yveltal|Dark Aura
|move|p1a: Ho-Oh|Thunder Wave|p2a: Yveltal
|-status|p2a: Yveltal|par
|
|upkeep
|turn|41
|
|t:|1661711657
|move|p1a: Ho-Oh|Defog|p2a: Yveltal
|-unboost|p2a: Yveltal|evasion|1
|-sideend|p2: Waterser|Stealth Rock|[from] move: Defog|[of] p1a: Ho-Oh
|-sideend|p1: TogeBirlHQ|Stealth Rock|[from] move: Defog|[of] p1a: Ho-Oh
|move|p2a: Yveltal|Knock Off|p1a: Ho-Oh
|-damage|p1a: Ho-Oh|63/100
|-enditem|p1a: Ho-Oh|Heavy-Duty Boots|[from] move: Knock Off|[of] p2a: Yveltal
|
|upkeep
|turn|42
|
|t:|1661711673
|move|p1a: Ho-Oh|Sacred Fire|p2a: Yveltal
|-damage|p2a: Yveltal|35/100 par
|cant|p2a: Yveltal|par
|
|upkeep
|turn|43
|
|t:|1661711679
|move|p1a: Ho-Oh|Sacred Fire|p2a: Yveltal
|-damage|p2a: Yveltal|2/100 par
|cant|p2a: Yveltal|par
|
|upkeep
|turn|44
|
|t:|1661711684
|switch|p2a: Eternatus|Eternatus|84/100
|-ability|p2a: Eternatus|Pressure
|move|p1a: Ho-Oh|Sacred Fire|p2a: Eternatus
|-resisted|p2a: Eternatus
|-damage|p2a: Eternatus|68/100
|-status|p2a: Eternatus|brn
|
|-damage|p2a: Eternatus|62/100 brn|[from] brn
|upkeep
|turn|45
|
|t:|1661711691
|switch|p2a: Xerneas|Xerneas|53/100
|-ability|p2a: Xerneas|Fairy Aura
|move|p1a: Ho-Oh|Thunder Wave|p2a: Xerneas
|-status|p2a: Xerneas|par
|
|upkeep
|turn|46
|
|t:|1661711697
|switch|p1a: Necrozma|Necrozma-Dusk-Mane|91/100
|move|p2a: Xerneas|Aromatherapy|p2a: Xerneas
|-activate|p2a: Xerneas|move: Aromatherapy
|-curestatus|p2a: Xerneas|par|[msg]
|-curestatus|p2: Yveltal|par|[msg]
|-curestatus|p2: Eternatus|brn|[msg]
|
|-heal|p1a: Necrozma|97/100|[from] item: Leftovers
|upkeep
|turn|47
|
|t:|1661711706
|switch|p2a: Eternatus|Eternatus|62/100
|-ability|p2a: Eternatus|Pressure
|switch|p1a: Marshadow|Marshadow|78/100
|
|upkeep
|turn|48
|
|t:|1661711710
|switch|p1a: Necrozma|Necrozma-Dusk-Mane|97/100
|move|p2a: Eternatus|Dynamax Cannon|p1a: Necrozma
|-resisted|p1a: Necrozma
|-damage|p1a: Necrozma|83/100
|
|-heal|p1a: Necrozma|89/100|[from] item: Leftovers
|upkeep
|turn|49
|
|t:|1661711721
|move|p2a: Eternatus|Mystical Fire|p1a: Necrozma
|-supereffective|p1a: Necrozma
|-crit|p1a: Necrozma
|-damage|p1a: Necrozma|55/100
|-unboost|p1a: Necrozma|spa|1
|move|p1a: Necrozma|Stealth Rock|p2a: Eternatus
|-sidestart|p2: Waterser|move: Stealth Rock
|
|-heal|p1a: Necrozma|61/100|[from] item: Leftovers
|upkeep
|turn|50
|
|t:|1661711728
|move|p2a: Eternatus|Mystical Fire|p1a: Necrozma
|-supereffective|p1a: Necrozma
|-damage|p1a: Necrozma|40/100
|-unboost|p1a: Necrozma|spa|1
|move|p1a: Necrozma|Moonlight|p1a: Necrozma
|-heal|p1a: Necrozma|90/100
|
|-heal|p1a: Necrozma|96/100|[from] item: Leftovers
|upkeep
|turn|51
|
|t:|1661711734
|move|p2a: Eternatus|Mystical Fire|p1a: Necrozma
|-supereffective|p1a: Necrozma
|-damage|p1a: Necrozma|76/100
|-unboost|p1a: Necrozma|spa|1
|move|p1a: Necrozma|Knock Off|p2a: Eternatus
|-damage|p2a: Eternatus|36/100
|-enditem|p2a: Eternatus|Heavy-Duty Boots|[from] move: Knock Off|[of] p1a: Necrozma
|
|-heal|p1a: Necrozma|82/100|[from] item: Leftovers
|upkeep
|turn|52
|
|t:|1661711740
|switch|p1a: Ho-Oh|Ho-Oh|96/100
|move|p2a: Eternatus|Recover|p2a: Eternatus
|-heal|p2a: Eternatus|86/100
|
|upkeep
|turn|53
|
|t:|1661711745
|switch|p1a: Necrozma|Necrozma-Dusk-Mane|82/100
|move|p2a: Eternatus|Toxic|p1a: Necrozma
|-immune|p1a: Necrozma
|
|-heal|p1a: Necrozma|88/100|[from] item: Leftovers
|upkeep
|turn|54
|
|t:|1661711751
|switch|p2a: Necrozma|Necrozma-Dusk-Mane|66/100
|-damage|p2a: Necrozma|60/100|[from] Stealth Rock
|move|p1a: Necrozma|Iron Head|p2a: Necrozma
|-resisted|p2a: Necrozma
|-damage|p2a: Necrozma|48/100
|
|-heal|p1a: Necrozma|94/100|[from] item: Leftovers
|upkeep
|turn|55
|
|t:|1661711762
|switch|p1a: Ho-Oh|Ho-Oh|100/100
|move|p2a: Necrozma|Moonlight|p2a: Necrozma
|-heal|p2a: Necrozma|98/100
|
|upkeep
|turn|56
|
|t:|1661711768
|switch|p2a: Eternatus|Eternatus|86/100
|-damage|p2a: Eternatus|73/100|[from] Stealth Rock
|-ability|p2a: Eternatus|Pressure
|move|p1a: Ho-Oh|Thunder Wave|p2a: Eternatus
|-status|p2a: Eternatus|par
|
|upkeep
|turn|57
|
|t:|1661711777
|switch|p1a: Necrozma|Necrozma-Dusk-Mane|94/100
|switch|p2a: Calyrex|Calyrex-Shadow|88/100
|-ability|p2a: Calyrex|As One
|-ability|p2a: Calyrex|Unnerve
|-damage|p2a: Calyrex|76/100|[from] Stealth Rock
|
|-heal|p1a: Necrozma|99/100|[from] item: Leftovers
|upkeep
|turn|58
|
|t:|1661711788
|switch|p1a: Eternatus|Eternatus|86/100
|-ability|p1a: Eternatus|Pressure
|move|p2a: Calyrex|Astral Barrage|p1a: Eternatus
|-damage|p1a: Eternatus|17/100
|
|upkeep
|turn|59
|
|t:|1661711797
|switch|p1a: Ho-Oh|Ho-Oh|100/100
|move|p2a: Calyrex|Astral Barrage|p1a: Ho-Oh
|-damage|p1a: Ho-Oh|37/100
|
|upkeep
|turn|60
|
|t:|1661711805
|switch|p1a: Eternatus|Eternatus|17/100
|-ability|p1a: Eternatus|Pressure
|move|p2a: Calyrex|Astral Barrage|p1a: Eternatus
|-damage|p1a: Eternatus|0 fnt
|faint|p1a: Eternatus
|-ability|p2a: Calyrex|Grim Neigh|boost
|-boost|p2a: Calyrex|spa|1
|
|upkeep
|
|t:|1661711818
|switch|p1a: Marshadow|Marshadow|78/100
|turn|61
|
|t:|1661711821
|switch|p2a: Yveltal|Yveltal|2/100
|-ability|p2a: Yveltal|Dark Aura
|move|p1a: Marshadow|Shadow Sneak|p2a: Yveltal
|-resisted|p2a: Yveltal
|-damage|p2a: Yveltal|0 fnt
|faint|p2a: Yveltal
|-damage|p1a: Marshadow|68/100|[from] item: Life Orb
|
|upkeep
|
|t:|1661711830
|switch|p2a: Xerneas|Xerneas|53/100
|-damage|p2a: Xerneas|41/100|[from] Stealth Rock
|-ability|p2a: Xerneas|Fairy Aura
|turn|62
|
|t:|1661711837
|switch|p1a: Necrozma|Necrozma-Dusk-Mane|99/100
|move|p2a: Xerneas|Rest|p2a: Xerneas
|-status|p2a: Xerneas|slp|[from] move: Rest
|-heal|p2a: Xerneas|100/100 slp|[silent]
|
|-heal|p1a: Necrozma|100/100|[from] item: Leftovers
|upkeep
|turn|63
|
|t:|1661711842
|switch|p2a: Necrozma|Necrozma-Dusk-Mane|98/100
|-damage|p2a: Necrozma|92/100|[from] Stealth Rock
|switch|p1a: Ho-Oh|Ho-Oh|71/100
|
|upkeep
|turn|64
|
|t:|1661711850
|switch|p2a: Eternatus|Eternatus|73/100 par
|-damage|p2a: Eternatus|61/100 par|[from] Stealth Rock
|-ability|p2a: Eternatus|Pressure
|move|p1a: Ho-Oh|Thunder Wave|p2a: Eternatus
|-fail|p2a: Eternatus|par
|
|upkeep
|turn|65
|
|t:|1661711857
|switch|p1a: Necrozma|Necrozma-Dusk-Mane|100/100
|move|p2a: Eternatus|Recover|p2a: Eternatus
|-heal|p2a: Eternatus|100/100 par
|
|upkeep
|turn|66
|
|t:|1661711867
|move|p1a: Necrozma|Knock Off|p2a: Eternatus
|-damage|p2a: Eternatus|83/100 par
|move|p2a: Eternatus|Mystical Fire|p1a: Necrozma
|-supereffective|p1a: Necrozma
|-damage|p1a: Necrozma|79/100
|-unboost|p1a: Necrozma|spa|1
|
|-heal|p1a: Necrozma|85/100|[from] item: Leftovers
|upkeep
|turn|67
|
|t:|1661711873
|move|p1a: Necrozma|Iron Head|p2a: Eternatus
|-damage|p2a: Eternatus|52/100 par
|cant|p2a: Eternatus|flinch
|
|-heal|p1a: Necrozma|91/100|[from] item: Leftovers
|upkeep
|turn|68
|
|t:|1661711877
|move|p1a: Necrozma|Iron Head|p2a: Eternatus
|-damage|p2a: Eternatus|22/100 par
|move|p2a: Eternatus|Recover|p2a: Eternatus
|-heal|p2a: Eternatus|72/100 par
|
|-heal|p1a: Necrozma|97/100|[from] item: Leftovers
|upkeep
|turn|69
|
|t:|1661711882
|switch|p2a: Necrozma|Necrozma-Dusk-Mane|92/100
|-damage|p2a: Necrozma|86/100|[from] Stealth Rock
|move|p1a: Necrozma|Iron Head|p2a: Necrozma
|-resisted|p2a: Necrozma
|-damage|p2a: Necrozma|74/100
|
|-heal|p1a: Necrozma|100/100|[from] item: Leftovers
|upkeep
|turn|70
|
|t:|1661711889
|switch|p1a: Ho-Oh|Ho-Oh|100/100
|move|p2a: Necrozma|Stealth Rock|p1a: Ho-Oh
|-sidestart|p1: TogeBirlHQ|move: Stealth Rock
|
|upkeep
|turn|71
|
|t:|1661711894
|switch|p2a: Xerneas|Xerneas|100/100 slp
|-damage|p2a: Xerneas|88/100 slp|[from] Stealth Rock
|-ability|p2a: Xerneas|Fairy Aura
|move|p1a: Ho-Oh|Defog|p2a: Xerneas
|-unboost|p2a: Xerneas|evasion|1
|-sideend|p2: Waterser|Stealth Rock|[from] move: Defog|[of] p1a: Ho-Oh
|-sideend|p1: TogeBirlHQ|Stealth Rock|[from] move: Defog|[of] p1a: Ho-Oh
|
|upkeep
|turn|72
|
|t:|1661711902
|switch|p1a: Necrozma|Necrozma-Dusk-Mane|100/100
|cant|p2a: Xerneas|slp
|move|p2a: Xerneas|Sleep Talk|p2a: Xerneas
|move|p2a: Xerneas|Moonblast|p1a: Necrozma|[from]move: Sleep Talk
|-resisted|p1a: Necrozma
|-damage|p1a: Necrozma|85/100
|
|-heal|p1a: Necrozma|91/100|[from] item: Leftovers
|upkeep
|turn|73
|
|t:|1661711909
|switch|p2a: Necrozma|Necrozma-Dusk-Mane|74/100
|move|p1a: Necrozma|Knock Off|p2a: Necrozma
|-supereffective|p2a: Necrozma
|-damage|p2a: Necrozma|55/100
|
|-heal|p1a: Necrozma|97/100|[from] item: Leftovers
|upkeep
|turn|74
|
|t:|1661711914
|switch|p1a: Ho-Oh|Ho-Oh|100/100
|move|p2a: Necrozma|Moonlight|p2a: Necrozma
|-heal|p2a: Necrozma|100/100
|
|upkeep
|turn|75
|
|t:|1661711920
|switch|p2a: Eternatus|Eternatus|72/100 par
|-ability|p2a: Eternatus|Pressure
|move|p1a: Ho-Oh|Thunder Wave|p2a: Eternatus
|-fail|p2a: Eternatus|par
|
|upkeep
|turn|76
|
|t:|1661711928
|switch|p1a: Necrozma|Necrozma-Dusk-Mane|97/100
|switch|p2a: Calyrex|Calyrex-Shadow|76/100
|-ability|p2a: Calyrex|As One
|-ability|p2a: Calyrex|Unnerve
|
|-heal|p1a: Necrozma|100/100|[from] item: Leftovers
|upkeep
|turn|77
|
|t:|1661711934
|switch|p1a: Buzzwole|Buzzwole|81/100
|move|p2a: Calyrex|Astral Barrage|p1a: Buzzwole
|-damage|p1a: Buzzwole|0 fnt
|faint|p1a: Buzzwole
|-ability|p2a: Calyrex|Grim Neigh|boost
|-boost|p2a: Calyrex|spa|1
|
|upkeep
|
|t:|1661711941
|switch|p1a: Marshadow|Marshadow|68/100
|turn|78
|
|t:|1661711968
|switch|p2a: Xerneas|Xerneas|88/100 slp
|-ability|p2a: Xerneas|Fairy Aura
|move|p1a: Marshadow|Spectral Thief|p2a: Xerneas
|-damage|p2a: Xerneas|49/100 slp
|-damage|p1a: Marshadow|58/100|[from] item: Life Orb
|
|upkeep
|turn|79
|
|t:|1661711982
|move|p1a: Marshadow|Spectral Thief|p2a: Xerneas
|-damage|p2a: Xerneas|14/100 slp
|-damage|p1a: Marshadow|48/100|[from] item: Life Orb
|cant|p2a: Xerneas|slp
|move|p2a: Xerneas|Sleep Talk|p2a: Xerneas
|move|p2a: Xerneas|Aromatherapy|p2a: Xerneas|[from]move: Sleep Talk
|-activate|p2a: Xerneas|move: Aromatherapy
|-curestatus|p2a: Xerneas|slp|[msg]
|-curestatus|p2: Eternatus|par|[msg]
|
|upkeep
|turn|80
|
|t:|1661711996
|switch|p2a: Eternatus|Eternatus|72/100
|-ability|p2a: Eternatus|Pressure
|move|p1a: Marshadow|Spectral Thief|p2a: Eternatus
|-damage|p2a: Eternatus|23/100
|-damage|p1a: Marshadow|38/100|[from] item: Life Orb
|
|upkeep
|turn|81
|
|t:|1661712003
|move|p1a: Marshadow|Shadow Sneak|p2a: Eternatus
|-damage|p2a: Eternatus|0 fnt
|faint|p2a: Eternatus
|-damage|p1a: Marshadow|28/100|[from] item: Life Orb
|
|upkeep
|
|t:|1661712007
|switch|p2a: Xerneas|Xerneas|14/100
|-ability|p2a: Xerneas|Fairy Aura
|turn|82
|
|t:|1661712011
|move|p1a: Marshadow|Spectral Thief|p2a: Xerneas
|-damage|p2a: Xerneas|0 fnt
|faint|p2a: Xerneas
|-damage|p1a: Marshadow|18/100|[from] item: Life Orb
|
|upkeep
|
|t:|1661712014
|switch|p2a: Necrozma|Necrozma-Dusk-Mane|100/100
|turn|83
|
|t:|1661712023
|switch|p1a: Ho-Oh|Ho-Oh|100/100
|move|p2a: Necrozma|Sunsteel Strike|p1a: Ho-Oh
|-resisted|p1a: Ho-Oh
|-damage|p1a: Ho-Oh|85/100
|
|upkeep
|turn|84
|
|t:|1661712032
|move|p2a: Necrozma|Moonlight|p2a: Necrozma
|-fail|p2a: Necrozma|heal
|move|p1a: Ho-Oh|Sacred Fire|p2a: Necrozma
|-supereffective|p2a: Necrozma
|-damage|p2a: Necrozma|62/100
|-status|p2a: Necrozma|brn
|
|-damage|p2a: Necrozma|56/100 brn|[from] brn
|upkeep
|turn|85
|
|t:|1661712043
|move|p2a: Necrozma|Moonlight|p2a: Necrozma
|-heal|p2a: Necrozma|100/100 brn
|move|p1a: Ho-Oh|Thunder Wave||[still]
|-fail|p1a: Ho-Oh
|
|-damage|p2a: Necrozma|94/100 brn|[from] brn
|upkeep
|turn|86
|
|t:|1661712047
|move|p2a: Necrozma|Stealth Rock|p1a: Ho-Oh
|-sidestart|p1: TogeBirlHQ|move: Stealth Rock
|move|p1a: Ho-Oh|Sacred Fire|p2a: Necrozma
|-supereffective|p2a: Necrozma
|-damage|p2a: Necrozma|58/100 brn
|
|-damage|p2a: Necrozma|52/100 brn|[from] brn
|upkeep
|turn|87
|
|t:|1661712051
|move|p2a: Necrozma|Moonlight|p2a: Necrozma
|-heal|p2a: Necrozma|100/100 brn
|move|p1a: Ho-Oh|Defog|p2a: Necrozma
|-unboost|p2a: Necrozma|evasion|1
|-sideend|p1: TogeBirlHQ|Stealth Rock|[from] move: Defog|[of] p1a: Ho-Oh
|
|-damage|p2a: Necrozma|94/100 brn|[from] brn
|upkeep
|turn|88
|
|t:|1661712055
|move|p2a: Necrozma|Stealth Rock|p1a: Ho-Oh
|-sidestart|p1: TogeBirlHQ|move: Stealth Rock
|move|p1a: Ho-Oh|Thunder Wave||[still]
|-fail|p1a: Ho-Oh
|
|-damage|p2a: Necrozma|88/100 brn|[from] brn
|upkeep
|turn|89
|
|t:|1661712059
|switch|p2a: Calyrex|Calyrex-Shadow|76/100
|-ability|p2a: Calyrex|As One
|-ability|p2a: Calyrex|Unnerve
|move|p1a: Ho-Oh|Defog|p2a: Calyrex
|-unboost|p2a: Calyrex|evasion|1
|-sideend|p1: TogeBirlHQ|Stealth Rock|[from] move: Defog|[of] p1a: Ho-Oh
|
|upkeep
|turn|90
|
|t:|1661712066
|switch|p1a: Necrozma|Necrozma-Dusk-Mane|100/100
|move|p2a: Calyrex|Trick|p1a: Necrozma
|-activate|p2a: Calyrex|move: Trick|[of] p1a: Necrozma
|-item|p1a: Necrozma|Choice Specs|[from] move: Trick
|-item|p2a: Calyrex|Leftovers|[from] move: Trick
|
|-heal|p2a: Calyrex|82/100|[from] item: Leftovers
|upkeep
|turn|91
|
|t:|1661712080
|switch|p2a: Necrozma|Necrozma-Dusk-Mane|88/100 brn
|move|p1a: Necrozma|Knock Off|p2a: Necrozma
|-supereffective|p2a: Necrozma
|-damage|p2a: Necrozma|68/100 brn
|
|-damage|p2a: Necrozma|62/100 brn|[from] brn
|upkeep
|turn|92
|
|t:|1661712090
|switch|p1a: Ho-Oh|Ho-Oh|100/100
|move|p2a: Necrozma|Stealth Rock|p1a: Ho-Oh
|-sidestart|p1: TogeBirlHQ|move: Stealth Rock
|
|-damage|p2a: Necrozma|56/100 brn|[from] brn
|upkeep
|turn|93
|
|t:|1661712095
|switch|p2a: Calyrex|Calyrex-Shadow|82/100
|-ability|p2a: Calyrex|As One
|-ability|p2a: Calyrex|Unnerve
|move|p1a: Ho-Oh|Defog|p2a: Calyrex
|-unboost|p2a: Calyrex|evasion|1
|-sideend|p1: TogeBirlHQ|Stealth Rock|[from] move: Defog|[of] p1a: Ho-Oh
|
|-heal|p2a: Calyrex|88/100|[from] item: Leftovers
|upkeep
|turn|94
|
|t:|1661712109
|switch|p2a: Necrozma|Necrozma-Dusk-Mane|56/100 brn
|move|p1a: Ho-Oh|Thunder Wave||[still]
|-fail|p1a: Ho-Oh
|
|-damage|p2a: Necrozma|50/100 brn|[from] brn
|upkeep
|turn|95
|
|t:|1661712116
|move|p2a: Necrozma|Moonlight|p2a: Necrozma
|-heal|p2a: Necrozma|99/100 brn
|move|p1a: Ho-Oh|Whirlwind|p2a: Necrozma
|drag|p2a: Calyrex|Calyrex-Shadow|88/100
|-ability|p2a: Calyrex|As One
|-ability|p2a: Calyrex|Unnerve
|
|-heal|p2a: Calyrex|94/100|[from] item: Leftovers
|upkeep
|turn|96
|
|t:|1661712122
|switch|p2a: Necrozma|Necrozma-Dusk-Mane|99/100 brn
|move|p1a: Ho-Oh|Whirlwind|p2a: Necrozma
|drag|p2a: Calyrex|Calyrex-Shadow|94/100
|-ability|p2a: Calyrex|As One
|-ability|p2a: Calyrex|Unnerve
|
|-heal|p2a: Calyrex|100/100|[from] item: Leftovers
|upkeep
|turn|97
|
|t:|1661712127
|switch|p2a: Necrozma|Necrozma-Dusk-Mane|99/100 brn
|switch|p1a: Necrozma|Necrozma-Dusk-Mane|100/100
|
|-damage|p2a: Necrozma|94/100 brn|[from] brn
|upkeep
|turn|98
|
|t:|1661712131
|switch|p1a: Ho-Oh|Ho-Oh|100/100
|move|p2a: Necrozma|Earthquake|p1a: Ho-Oh
|-immune|p1a: Ho-Oh
|
|-damage|p2a: Necrozma|88/100 brn|[from] brn
|upkeep
|turn|99
|
|t:|1661712138
|move|p2a: Necrozma|Stealth Rock|p1a: Ho-Oh
|-sidestart|p1: TogeBirlHQ|move: Stealth Rock
|move|p1a: Ho-Oh|Thunder Wave||[still]
|-fail|p1a: Ho-Oh
|
|-damage|p2a: Necrozma|82/100 brn|[from] brn
|upkeep
|turn|100
|
|t:|1661712147
|move|p2a: Necrozma|Stealth Rock||[still]
|-fail|p2a: Necrozma
|move|p1a: Ho-Oh|Defog|p2a: Necrozma
|-unboost|p2a: Necrozma|evasion|1
|-sideend|p1: TogeBirlHQ|Stealth Rock|[from] move: Defog|[of] p1a: Ho-Oh
|
|-damage|p2a: Necrozma|76/100 brn|[from] brn
|upkeep
|turn|101
|
|t:|1661712154
|switch|p1a: Marshadow|Marshadow|18/100
|move|p2a: Necrozma|Stealth Rock|p1a: Marshadow
|-sidestart|p1: TogeBirlHQ|move: Stealth Rock
|
|-damage|p2a: Necrozma|70/100 brn|[from] brn
|upkeep
|turn|102
|
|t:|1661712160
|move|p1a: Marshadow|Spectral Thief|p2a: Necrozma
|-supereffective|p2a: Necrozma
|-damage|p2a: Necrozma|16/100 brn
|-damage|p1a: Marshadow|8/100|[from] item: Life Orb
|move|p2a: Necrozma|Sunsteel Strike|p1a: Marshadow
|-damage|p1a: Marshadow|0 fnt
|faint|p1a: Marshadow
|
|-damage|p2a: Necrozma|10/100 brn|[from] brn
|upkeep
|
|t:|1661712170
|switch|p1a: Necrozma|Necrozma-Dusk-Mane|100/100
|-damage|p1a: Necrozma|94/100|[from] Stealth Rock
|turn|103
|
|t:|1661712173
|move|p2a: Necrozma|Moonlight|p2a: Necrozma
|-heal|p2a: Necrozma|60/100 brn
|move|p1a: Necrozma|Knock Off|p2a: Necrozma
|-supereffective|p2a: Necrozma
|-damage|p2a: Necrozma|42/100 brn
|
|-damage|p2a: Necrozma|36/100 brn|[from] brn
|upkeep
|turn|104
|
|t:|1661712178
|move|p2a: Necrozma|Moonlight|p2a: Necrozma
|-heal|p2a: Necrozma|86/100 brn
|move|p1a: Necrozma|Knock Off|p2a: Necrozma
|-supereffective|p2a: Necrozma
|-damage|p2a: Necrozma|68/100 brn
|
|-damage|p2a: Necrozma|62/100 brn|[from] brn
|upkeep
|turn|105
|
|t:|1661712184
|switch|p1a: Ho-Oh|Ho-Oh|100/100
|-damage|p1a: Ho-Oh|51/100|[from] Stealth Rock
|move|p2a: Necrozma|Earthquake|p1a: Ho-Oh
|-immune|p1a: Ho-Oh
|
|-damage|p2a: Necrozma|56/100 brn|[from] brn
|upkeep
|turn|106
|
|t:|1661712192
|move|p2a: Necrozma|Sunsteel Strike|p1a: Ho-Oh
|-resisted|p1a: Ho-Oh
|-damage|p1a: Ho-Oh|43/100
|move|p1a: Ho-Oh|Defog|p2a: Necrozma
|-unboost|p2a: Necrozma|evasion|1
|-sideend|p1: TogeBirlHQ|Stealth Rock|[from] move: Defog|[of] p1a: Ho-Oh
|
|-damage|p2a: Necrozma|50/100 brn|[from] brn
|upkeep
|turn|107
|
|t:|1661712214
|move|p2a: Necrozma|Stealth Rock|p1a: Ho-Oh
|-sidestart|p1: TogeBirlHQ|move: Stealth Rock
|move|p1a: Ho-Oh|Thunder Wave||[still]
|-fail|p1a: Ho-Oh
|
|-damage|p2a: Necrozma|44/100 brn|[from] brn
|upkeep
|turn|108
|
|t:|1661712218
|switch|p2a: Calyrex|Calyrex-Shadow|100/100
|-ability|p2a: Calyrex|As One
|-ability|p2a: Calyrex|Unnerve
|move|p1a: Ho-Oh|Defog|p2a: Calyrex
|-unboost|p2a: Calyrex|evasion|1
|-sideend|p1: TogeBirlHQ|Stealth Rock|[from] move: Defog|[of] p1a: Ho-Oh
|
|upkeep
|turn|109
|
|t:|1661712225
|switch|p1a: Necrozma|Necrozma-Dusk-Mane|94/100
|move|p2a: Calyrex|Nasty Plot|p2a: Calyrex
|-boost|p2a: Calyrex|spa|2
|
|upkeep
|turn|110
|
|t:|1661712231
|move|p2a: Calyrex|Psyshock|p1a: Necrozma
|-resisted|p1a: Necrozma
|-damage|p1a: Necrozma|78/100
|move|p1a: Necrozma|Knock Off|p2a: Calyrex
|-supereffective|p2a: Calyrex
|-damage|p2a: Calyrex|0 fnt
|-enditem|p2a: Calyrex|Leftovers|[from] move: Knock Off|[of] p1a: Necrozma
|faint|p2a: Calyrex
|
|upkeep
|-message|Waterser forfeited.
|
|win|TogeBirlHQ
|raw|TogeBirlHQ's rating: 1467 &rarr; <strong>1487</strong><br />(+20 for winning)
|raw|Waterser's rating: 1462 &rarr; <strong>1442</strong><br />(-20 for losing)
|l|☆Waterser
