|j|☆Magikarp4000
|j|☆Reubs
|t:|1605246399
|player|p1|Magikarp4000|steven|1489
|player|p2|Reubs|266|1242
|teamsize|p1|6
|teamsize|p2|6
|gametype|singles
|gen|8
|tier|[Gen 8] Ubers
|rated|
|clearpoke
|poke|p1|Yveltal|
|poke|p1|Kyogre|
|poke|p1|Zacian-Crowned|
|poke|p1|Calyrex-Shadow|
|poke|p1|Zygarde|
|poke|p1|Necrozma-Dusk-Mane|
|poke|p2|Regigigas|
|poke|p2|Melmetal|
|poke|p2|Calyrex-Ice|
|poke|p2|Yveltal|
|poke|p2|Naganadel|
|poke|p2|Blaziken, M|
|rule|Sleep Clause Mod: Limit one foe put to sleep
|rule|Species Clause: Limit one of each Pokémon
|rule|OHKO Clause: OHKO moves are banned
|rule|Evasion Moves Clause: Evasion moves are banned
|rule|Endless Battle Clause: Forcing endless battles is banned
|rule|HP Percentage Mod: HP is shown in percentages
|teampreview
|c|☆Magikarp4000|glhf
|
|t:|1605246407
|start
|switch|p1a: Kyogre|Kyogre|100/100
|switch|p2a: Calyrex|Calyrex-Ice|100/100
|-ability|p2a: Calyrex|As One
|-ability|p2a: Calyrex|Unnerve|p1: Magikarp4000
|-weather|RainDance|[from] ability: Drizzle|[of] p1a: Kyogre
|turn|1
|c|☆Reubs|u 2
|
|t:|1605246415
|-start|p1a: Kyogre|Dynamax
|-heal|p1a: Kyogre|100/100|[silent]
|move|p1a: Kyogre|Max Geyser|p2a: Calyrex
|-damage|p2a: Calyrex|9/100
|move|p2a: Calyrex|Trick Room|p2a: Calyrex
|-fieldstart|move: Trick Room|[of] p2a: Calyrex
|-enditem|p2a: Calyrex|Room Service
|-unboost|p2a: Calyrex|spe|1|[from] item: Room Service
|
|-weather|RainDance|[upkeep]
|upkeep
|turn|2
|
|t:|1605246424
|move|p2a: Calyrex|Zen Headbutt|p1a: Kyogre
|-damage|p1a: Kyogre|68/100
|move|p1a: Kyogre|Max Lightning|p2a: Calyrex
|-damage|p2a: Calyrex|0 fnt
|-fieldstart|move: Electric Terrain
|faint|p2a: Calyrex
|
|-weather|RainDance|[upkeep]
|upkeep
|
|t:|1605246431
|switch|p2a: Blaziken|Blaziken, M|100/100
|turn|3
|
|t:|1605246438
|move|p2a: Blaziken|Close Combat|p1a: Kyogre
|-damage|p1a: Kyogre|33/100
|-unboost|p2a: Blaziken|def|1
|-unboost|p2a: Blaziken|spd|1
|-enditem|p2a: Blaziken|Eject Pack
|
|t:|1605246443
|switch|p2a: Regigigas|Regigigas|100/100
|-start|p2a: Regigigas|ability: Slow Start
|move|p1a: Kyogre|Max Geyser|p2a: Regigigas
|-damage|p2a: Regigigas|12/100
|
|-weather|RainDance|[upkeep]
|-end|p1a: Kyogre|Dynamax
|-heal|p1a: Kyogre|33/100|[silent]
|upkeep
|turn|4
|
|t:|1605246453
|switch|p1a: Necrozma|Necrozma-Dusk-Mane|100/100
|move|p2a: Regigigas|Knock Off|p1a: Necrozma
|-supereffective|p1a: Necrozma
|-crit|p1a: Necrozma
|-damage|p1a: Necrozma|73/100
|-damage|p2a: Regigigas|0 fnt|[from] item: Rocky Helmet|[of] p1a: Necrozma
|faint|p2a: Regigigas
|-end|p2a: Regigigas|Slow Start|[silent]
|
|-weather|RainDance|[upkeep]
|upkeep
|
|t:|1605246468
|switch|p2a: Yveltal|Yveltal|100/100
|-ability|p2a: Yveltal|Dark Aura
|turn|5
|
|t:|1605246478
|switch|p1a: Zacian|Zacian-Crowned|100/100
|-ability|p1a: Zacian|Intrepid Sword|boost
|-boost|p1a: Zacian|atk|1
|move|p2a: Yveltal|Dark Pulse|p1a: Zacian
|-resisted|p1a: Zacian
|-damage|p1a: Zacian|73/100
|
|-weather|none
|-fieldend|move: Trick Room
|upkeep
|turn|6
|
|t:|1605246488
|move|p1a: Zacian|Play Rough|p2a: Yveltal
|-supereffective|p2a: Yveltal
|-damage|p2a: Yveltal|0 fnt
|faint|p2a: Yveltal
|
|-fieldend|move: Electric Terrain
|upkeep
|
|t:|1605246493
|switch|p2a: Melmetal|Melmetal|100/100
|turn|7
|
|t:|1605246512
|switch|p1a: Zygarde|Zygarde|100/100
|move|p2a: Melmetal|Earthquake|p1a: Zygarde
|-crit|p1a: Zygarde
|-damage|p1a: Zygarde|70/100
|
|-heal|p1a: Zygarde|76/100|[from] item: Leftovers
|upkeep
|turn|8
|
|t:|1605246526
|move|p1a: Zygarde|Glare|p2a: Melmetal
|-status|p2a: Melmetal|par
|move|p2a: Melmetal|Ice Punch|p1a: Zygarde
|-supereffective|p1a: Zygarde
|-damage|p1a: Zygarde|7/100
|-status|p1a: Zygarde|frz
|
|-heal|p1a: Zygarde|13/100 frz|[from] item: Leftovers
|-activate|p1a: Zygarde|ability: Power Construct
|detailschange|p1a: Zygarde|Zygarde-Complete
|-heal|p1a: Zygarde|43/100 frz|[silent]
|upkeep
|turn|9
|c|☆Magikarp4000|what
|c|☆Magikarp4000|the fk
|
|t:|1605246539
|switch|p2a: Naganadel|Naganadel|100/100
|cant|p1a: Zygarde|frz
|
|-heal|p1a: Zygarde|49/100 frz|[from] item: Leftovers
|upkeep
|turn|10
|
|t:|1605246547
|switch|p1a: Zacian|Zacian-Crowned|73/100
|-ability|p1a: Zacian|Intrepid Sword|boost
|-boost|p1a: Zacian|atk|1
|move|p2a: Naganadel|Nasty Plot|p2a: Naganadel
|-boost|p2a: Naganadel|spa|2
|
|upkeep
|turn|11
|
|t:|1605246570
|move|p1a: Zacian|Behemoth Blade|p2a: Naganadel
|-enditem|p2a: Naganadel|Focus Sash
|-damage|p2a: Naganadel|1/100
|move|p2a: Naganadel|Flamethrower|p1a: Zacian
|-supereffective|p1a: Zacian
|-damage|p1a: Zacian|0 fnt
|faint|p1a: Zacian
|-ability|p2a: Naganadel|Beast Boost|boost
|-boost|p2a: Naganadel|spe|1
|
|upkeep
|
|t:|1605246575
|switch|p1a: Yveltal|Yveltal|100/100
|-ability|p1a: Yveltal|Dark Aura
|turn|12
|
|t:|1605246587
|move|p1a: Yveltal|Sucker Punch|p2a: Naganadel
|-damage|p2a: Naganadel|0 fnt
|faint|p2a: Naganadel
|
|upkeep
|
|t:|1605246592
|switch|p2a: Blaziken|Blaziken, M|100/100
|turn|13
|
|t:|1605246660
|-start|p2a: Blaziken|Dynamax
|-heal|p2a: Blaziken|100/100|[silent]
|move|p2a: Blaziken|Max Flare|p1a: Yveltal
|-damage|p1a: Yveltal|51/100
|-weather|SunnyDay
|move|p1a: Yveltal|Foul Play|p2a: Blaziken
|-resisted|p2a: Blaziken
|-damage|p2a: Blaziken|76/100
|
|-weather|SunnyDay|[upkeep]
|-ability|p2a: Blaziken|Speed Boost|boost
|-boost|p2a: Blaziken|spe|1
|upkeep
|turn|14
|
|t:|1605246673
|switch|p1a: Zygarde|Zygarde-Complete|49/100 frz
|move|p2a: Blaziken|Max Darkness|p1a: Zygarde
|-damage|p1a: Zygarde|35/100 frz
|-unboost|p1a: Zygarde|spd|1
|
|-weather|SunnyDay|[upkeep]
|-heal|p1a: Zygarde|41/100 frz|[from] item: Leftovers
|-ability|p2a: Blaziken|Speed Boost|boost
|-boost|p2a: Blaziken|spe|1
|upkeep
|turn|15
|
|t:|1605246684
|move|p2a: Blaziken|Max Knuckle|p1a: Zygarde
|-damage|p1a: Zygarde|24/100 frz
|-boost|p2a: Blaziken|atk|1
|cant|p1a: Zygarde|frz
|
|-weather|SunnyDay|[upkeep]
|-heal|p1a: Zygarde|30/100 frz|[from] item: Leftovers
|-ability|p2a: Blaziken|Speed Boost|boost
|-boost|p2a: Blaziken|spe|1
|-end|p2a: Blaziken|Dynamax
|-heal|p2a: Blaziken|77/100|[silent]
|upkeep
|turn|16
|
|t:|1605246702
|switch|p1a: Calyrex|Calyrex-Shadow|100/100
|-ability|p1a: Calyrex|As One
|-ability|p1a: Calyrex|Unnerve|p2: Reubs
|move|p2a: Blaziken|Knock Off|p1a: Calyrex
|-supereffective|p1a: Calyrex
|-damage|p1a: Calyrex|0 fnt
|-enditem|p1a: Calyrex|Life Orb|[from] move: Knock Off|[of] p2a: Blaziken
|faint|p1a: Calyrex
|
|-weather|SunnyDay|[upkeep]
|-ability|p2a: Blaziken|Speed Boost|boost
|-boost|p2a: Blaziken|spe|1
|upkeep
|
|t:|1605246730
|switch|p1a: Necrozma|Necrozma-Dusk-Mane|73/100
|turn|17
|
|t:|1605246744
|move|p2a: Blaziken|Flare Blitz|p1a: Necrozma
|-supereffective|p1a: Necrozma
|-damage|p1a: Necrozma|0 fnt
|-damage|p2a: Blaziken|60/100|[from] item: Rocky Helmet|[of] p1a: Necrozma
|-damage|p2a: Blaziken|28/100|[from] Recoil
|faint|p1a: Necrozma
|
|-weather|none
|-ability|p2a: Blaziken|Speed Boost|boost
|-boost|p2a: Blaziken|spe|1
|upkeep
|
|t:|1605246757
|switch|p1a: Yveltal|Yveltal|51/100
|-ability|p1a: Yveltal|Dark Aura
|turn|18
|
|t:|1605246765
|move|p1a: Yveltal|Sucker Punch|p2a: Blaziken
|-resisted|p2a: Blaziken
|-damage|p2a: Blaziken|0 fnt
|faint|p2a: Blaziken
|
|upkeep
|
|t:|1605246769
|switch|p2a: Melmetal|Melmetal|100/100 par
|turn|19
|
|t:|1605246775
|move|p1a: Yveltal|Roost|p1a: Yveltal
|-heal|p1a: Yveltal|100/100
|-singleturn|p1a: Yveltal|move: Roost
|move|p2a: Melmetal|Ice Punch|p1a: Yveltal
|-damage|p1a: Yveltal|70/100
|-status|p1a: Yveltal|frz
|
|upkeep
|turn|20
|c|☆Magikarp4000|bruh
|c|☆Magikarp4000|what is ur hax
|c|☆Reubs|wow
|
|t:|1605246788
|-curestatus|p1a: Yveltal|frz|[msg]
|move|p1a: Yveltal|Roost|p1a: Yveltal
|-heal|p1a: Yveltal|100/100
|-singleturn|p1a: Yveltal|move: Roost
|move|p2a: Melmetal|Double Iron Bash|p1a: Yveltal
|-damage|p1a: Yveltal|68/100
|-damage|p1a: Yveltal|34/100
|-hitcount|p1a: Yveltal|2
|
|upkeep
|turn|21
|
|t:|1605246797
|move|p1a: Yveltal|Roost|p1a: Yveltal
|-heal|p1a: Yveltal|84/100
|-singleturn|p1a: Yveltal|move: Roost
|cant|p2a: Melmetal|par
|
|upkeep
|turn|22
|
|t:|1605246803
|move|p1a: Yveltal|Foul Play|p2a: Melmetal
|-damage|p2a: Melmetal|57/100 par
|move|p2a: Melmetal|Ice Punch|p1a: Yveltal
|-supereffective|p1a: Yveltal
|-damage|p1a: Yveltal|29/100
|
|upkeep
|turn|23
|
|t:|1605246815
|move|p1a: Yveltal|Roost|p1a: Yveltal
|-heal|p1a: Yveltal|79/100
|-singleturn|p1a: Yveltal|move: Roost
|move|p2a: Melmetal|Body Press|p1a: Yveltal
|-supereffective|p1a: Yveltal
|-damage|p1a: Yveltal|38/100
|
|upkeep
|turn|24
|
|t:|1605246822
|move|p1a: Yveltal|Foul Play|p2a: Melmetal
|-damage|p2a: Melmetal|14/100 par
|move|p2a: Melmetal|Double Iron Bash|p1a: Yveltal
|-damage|p1a: Yveltal|4/100
|-damage|p1a: Yveltal|0 fnt
|-hitcount|p1a: Yveltal|2
|faint|p1a: Yveltal
|
|upkeep
|
|t:|1605246825
|switch|p1a: Kyogre|Kyogre|33/100
|-weather|RainDance|[from] ability: Drizzle|[of] p1a: Kyogre
|turn|25
|
|t:|1605246831
|move|p1a: Kyogre|Thunder|p2a: Melmetal
|-damage|p2a: Melmetal|0 fnt
|faint|p2a: Melmetal
|
|win|Magikarp4000
|c|☆Magikarp4000|ggwp
|raw|Magikarp4000's rating: 1502 &rarr; <strong>1510</strong><br />(+8 for winning)
|raw|Reubs's rating: 1242 &rarr; <strong>1233</strong><br />(-9 for losing)
|c|☆Reubs|gg
|l|☆Reubs
|c|☆Magikarp4000|even with hax :D lol
