|j|☆ban123456
|j|☆TogeBirl HQ
|t:|1660485419
|gametype|singles
|player|p1|ban123456|fisherman|1474
|player|p2|TogeBirl HQ|nate|1546
|teamsize|p1|6
|teamsize|p2|6
|gen|8
|tier|[Gen 8] Ubers
|rated|
|rule|Sleep Clause Mod: Limit one foe put to sleep
|rule|Species Clause: Limit one of each Pokémon
|rule|OHKO Clause: OHKO moves are banned
|rule|Evasion Items Clause: Evasion items are banned
|rule|Evasion Moves Clause: Evasion moves are banned
|rule|Endless Battle Clause: Forcing endless battles is banned
|rule|HP Percentage Mod: HP is shown in percentages
|rule|Dynamax Clause: You cannot dynamax
|clearpoke
|poke|p1|Shuckle, M|
|poke|p1|Necrozma-Dusk-Mane|
|poke|p1|Marshadow|
|poke|p1|Weavile, M|
|poke|p1|Groudon|
|poke|p1|Yveltal|
|poke|p2|Clefable, F|
|poke|p2|Ferrothorn, M|
|poke|p2|Toxapex, F|
|poke|p2|Blissey, F|
|poke|p2|Zygarde|
|poke|p2|Yveltal|
|teampreview
|inactive|Battle timer is ON: inactive players will automatically lose when time's up. (requested by ban123456)
|
|t:|1660485445
|start
|switch|p1a: Shuckle|Shuckle, M, shiny|100/100
|switch|p2a: Toxapex|Toxapex, F|100/100
|turn|1
|
|t:|1660485452
|move|p2a: Toxapex|Scald|p1a: Shuckle
|-supereffective|p1a: Shuckle
|-damage|p1a: Shuckle|78/100
|-enditem|p1a: Shuckle|Red Card|[of] p2a: Toxapex
|drag|p2a: Ferrothorn|Ferrothorn, M|100/100
|move|p1a: Shuckle|Sticky Web|p2a: Ferrothorn
|-sidestart|p2: TogeBirl HQ|move: Sticky Web
|
|upkeep
|turn|2
|
|t:|1660485462
|switch|p2a: Zygarde|Zygarde|100/100
|-activate|p2a: Zygarde|move: Sticky Web
|-unboost|p2a: Zygarde|spe|1
|move|p1a: Shuckle|Stealth Rock|p2a: Zygarde
|-sidestart|p2: TogeBirl HQ|move: Stealth Rock
|
|upkeep
|turn|3
|
|t:|1660485473
|move|p2a: Zygarde|Thousand Arrows|p1a: Shuckle
|-damage|p1a: Shuckle|60/100
|move|p1a: Shuckle|Encore|p2a: Zygarde
|-start|p2a: Zygarde|Encore
|
|upkeep
|turn|4
|
|t:|1660485479
|move|p2a: Zygarde|Thousand Arrows|p1a: Shuckle
|-damage|p1a: Shuckle|43/100
|move|p1a: Shuckle|Final Gambit|p2a: Zygarde
|-damage|p2a: Zygarde|73/100
|faint|p1a: Shuckle
|
|-heal|p2a: Zygarde|79/100|[from] item: Leftovers
|upkeep
|
|t:|1660485483
|switch|p1a: Weavile|Weavile, M, shiny|100/100
|-ability|p1a: Weavile|Pressure
|turn|5
|
|t:|1660485488
|switch|p2a: Toxapex|Toxapex, F|100/100
|-activate|p2a: Toxapex|move: Sticky Web
|-unboost|p2a: Toxapex|spe|1
|-damage|p2a: Toxapex|88/100|[from] Stealth Rock
|move|p1a: Weavile|Swords Dance|p1a: Weavile
|-boost|p1a: Weavile|atk|2
|
|upkeep
|turn|6
|
|t:|1660485498
|move|p1a: Weavile|Knock Off|p2a: Toxapex
|-crit|p2a: Toxapex
|-damage|p2a: Toxapex|27/100
|move|p2a: Toxapex|Haze|p2a: Toxapex
|-clearallboost
|
|upkeep
|turn|7
|
|t:|1660485503
|switch|p1a: Yveltal|Yveltal, shiny|100/100
|-ability|p1a: Yveltal|Dark Aura
|switch|p2a: Clefable|Clefable, F|100/100
|-activate|p2a: Clefable|move: Sticky Web
|-unboost|p2a: Clefable|spe|1
|
|upkeep
|turn|8
|
|t:|1660485510
|move|p1a: Yveltal|Taunt|p2a: Clefable
|-start|p2a: Clefable|move: Taunt
|move|p2a: Clefable|Moonblast|p1a: Yveltal
|-supereffective|p1a: Yveltal
|-crit|p1a: Yveltal
|-damage|p1a: Yveltal|16/100
|
|upkeep
|turn|9
|
|t:|1660485520
|switch|p1a: Necrozma|Necrozma-Dusk-Mane|100/100
|move|p2a: Clefable|Moonblast|p1a: Necrozma
|-resisted|p1a: Necrozma
|-damage|p1a: Necrozma|86/100
|
|upkeep
|turn|10
|
|t:|1660485523
|switch|p2a: Ferrothorn|Ferrothorn, M|100/100
|-activate|p2a: Ferrothorn|move: Sticky Web
|-unboost|p2a: Ferrothorn|spe|1
|-damage|p2a: Ferrothorn|95/100|[from] Stealth Rock
|move|p1a: Necrozma|Dragon Dance|p1a: Necrozma
|-boost|p1a: Necrozma|atk|1
|-boost|p1a: Necrozma|spe|1
|
|-heal|p2a: Ferrothorn|100/100|[from] item: Leftovers
|upkeep
|turn|11
|
|t:|1660485531
|move|p1a: Necrozma|Dragon Dance|p1a: Necrozma
|-boost|p1a: Necrozma|atk|1
|-boost|p1a: Necrozma|spe|1
|move|p2a: Ferrothorn|Iron Defense|p2a: Ferrothorn
|-boost|p2a: Ferrothorn|def|2
|
|upkeep
|turn|12
|
|t:|1660485540
|switch|p1a: Marshadow|Marshadow|100/100
|move|p2a: Ferrothorn|Leech Seed|p1a: Marshadow
|-start|p1a: Marshadow|move: Leech Seed
|
|-damage|p1a: Marshadow|88/100|[from] Leech Seed|[of] p2a: Ferrothorn
|upkeep
|turn|13
|
|t:|1660485555
|switch|p1a: Yveltal|Yveltal, shiny|16/100
|-ability|p1a: Yveltal|Dark Aura
|switch|p2a: Clefable|Clefable, F|100/100
|-activate|p2a: Clefable|move: Sticky Web
|-unboost|p2a: Clefable|spe|1
|
|upkeep
|turn|14
|
|t:|1660485565
|move|p1a: Yveltal|Oblivion Wing|p2a: Clefable
|-damage|p2a: Clefable|50/100
|-heal|p1a: Yveltal|54/100|[from] drain|[of] p2a: Clefable
|-damage|p1a: Yveltal|44/100|[from] item: Life Orb
|move|p2a: Clefable|Moonblast|p1a: Yveltal
|-supereffective|p1a: Yveltal
|-damage|p1a: Yveltal|0 fnt
|faint|p1a: Yveltal
|
|upkeep
|
|t:|1660485567
|switch|p1a: Necrozma|Necrozma-Dusk-Mane|86/100
|turn|15
|
|t:|1660485571
|switch|p2a: Ferrothorn|Ferrothorn, M|100/100
|-activate|p2a: Ferrothorn|move: Sticky Web
|-unboost|p2a: Ferrothorn|spe|1
|-damage|p2a: Ferrothorn|95/100|[from] Stealth Rock
|move|p1a: Necrozma|Dragon Dance|p1a: Necrozma
|-boost|p1a: Necrozma|atk|1
|-boost|p1a: Necrozma|spe|1
|
|-heal|p2a: Ferrothorn|100/100|[from] item: Leftovers
|upkeep
|turn|16
|
|t:|1660485579
|move|p1a: Necrozma|Earthquake|p2a: Ferrothorn
|-damage|p2a: Ferrothorn|62/100
|move|p2a: Ferrothorn|Iron Defense|p2a: Ferrothorn
|-boost|p2a: Ferrothorn|def|2
|
|-heal|p2a: Ferrothorn|68/100|[from] item: Leftovers
|upkeep
|turn|17
|
|t:|1660485585
|switch|p1a: Marshadow|Marshadow|88/100
|move|p2a: Ferrothorn|Leech Seed|p1a: Marshadow
|-start|p1a: Marshadow|move: Leech Seed
|
|-heal|p2a: Ferrothorn|74/100|[from] item: Leftovers
|-damage|p1a: Marshadow|76/100|[from] Leech Seed|[of] p2a: Ferrothorn
|-heal|p2a: Ferrothorn|85/100|[silent]
|upkeep
|turn|18
|
|t:|1660485592
|switch|p2a: Clefable|Clefable, F|50/100
|-activate|p2a: Clefable|move: Sticky Web
|-unboost|p2a: Clefable|spe|1
|move|p1a: Marshadow|Spectral Thief|p2a: Clefable
|-damage|p2a: Clefable|4/100
|-damage|p1a: Marshadow|59/100|[from] item: Rocky Helmet|[of] p2a: Clefable
|-damage|p1a: Marshadow|49/100|[from] item: Life Orb
|
|-damage|p1a: Marshadow|37/100|[from] Leech Seed|[of] p2a: Clefable
|-heal|p2a: Clefable|14/100|[silent]
|upkeep
|turn|19
|
|t:|1660485603
|switch|p1a: Necrozma|Necrozma-Dusk-Mane|86/100
|move|p2a: Clefable|Stealth Rock|p1a: Necrozma
|-sidestart|p1: ban123456|move: Stealth Rock
|
|upkeep
|turn|20
|
|t:|1660485614
|switch|p2a: Ferrothorn|Ferrothorn, M|85/100
|-activate|p2a: Ferrothorn|move: Sticky Web
|-unboost|p2a: Ferrothorn|spe|1
|-damage|p2a: Ferrothorn|79/100|[from] Stealth Rock
|move|p1a: Necrozma|Dragon Dance|p1a: Necrozma
|-boost|p1a: Necrozma|atk|1
|-boost|p1a: Necrozma|spe|1
|
|-heal|p2a: Ferrothorn|85/100|[from] item: Leftovers
|upkeep
|turn|21
|
|t:|1660485623
|move|p1a: Necrozma|Earthquake|p2a: Ferrothorn
|-damage|p2a: Ferrothorn|47/100
|move|p2a: Ferrothorn|Iron Defense|p2a: Ferrothorn
|-boost|p2a: Ferrothorn|def|2
|
|-heal|p2a: Ferrothorn|53/100|[from] item: Leftovers
|upkeep
|turn|22
|
|t:|1660485630
|move|p1a: Necrozma|Earthquake|p2a: Ferrothorn
|-damage|p2a: Ferrothorn|35/100
|move|p2a: Ferrothorn|Leech Seed|p1a: Necrozma
|-start|p1a: Necrozma|move: Leech Seed
|
|-heal|p2a: Ferrothorn|41/100|[from] item: Leftovers
|-damage|p1a: Necrozma|74/100|[from] Leech Seed|[of] p2a: Ferrothorn
|-heal|p2a: Ferrothorn|53/100|[silent]
|upkeep
|turn|23
|
|t:|1660485636
|switch|p1a: Marshadow|Marshadow|37/100
|-damage|p1a: Marshadow|30/100|[from] Stealth Rock
|move|p2a: Ferrothorn|Spikes|p1a: Marshadow
|-sidestart|p1: ban123456|Spikes
|
|-heal|p2a: Ferrothorn|59/100|[from] item: Leftovers
|upkeep
|turn|24
|
|t:|1660485640
|switch|p2a: Clefable|Clefable, F|14/100
|-activate|p2a: Clefable|move: Sticky Web
|-unboost|p2a: Clefable|spe|1
|move|p1a: Marshadow|Spectral Thief|p2a: Clefable
|-damage|p2a: Clefable|0 fnt
|-damage|p1a: Marshadow|14/100|[from] item: Rocky Helmet|[of] p2a: Clefable
|faint|p2a: Clefable
|-damage|p1a: Marshadow|4/100|[from] item: Life Orb
|
|upkeep
|
|t:|1660485655
|switch|p2a: Toxapex|Toxapex, F|60/100
|-activate|p2a: Toxapex|move: Sticky Web
|-unboost|p2a: Toxapex|spe|1
|-damage|p2a: Toxapex|48/100|[from] Stealth Rock
|turn|25
|
|t:|1660485660
|move|p1a: Marshadow|Shadow Sneak|p2a: Toxapex
|-damage|p2a: Toxapex|23/100
|-damage|p1a: Marshadow|0 fnt|[from] item: Life Orb
|faint|p1a: Marshadow
|move|p2a: Toxapex|Recover|p2a: Toxapex
|-heal|p2a: Toxapex|73/100
|
|upkeep
|
|t:|1660485661
|switch|p1a: Necrozma|Necrozma-Dusk-Mane|74/100
|-damage|p1a: Necrozma|68/100|[from] Stealth Rock
|-damage|p1a: Necrozma|55/100|[from] Spikes
|turn|26
|
|t:|1660485675
|move|p1a: Necrozma|Dragon Dance|p1a: Necrozma
|-boost|p1a: Necrozma|atk|1
|-boost|p1a: Necrozma|spe|1
|move|p2a: Toxapex|Haze|p2a: Toxapex
|-clearallboost
|
|upkeep
|turn|27
|
|t:|1660485679
|switch|p2a: Ferrothorn|Ferrothorn, M|59/100
|-activate|p2a: Ferrothorn|move: Sticky Web
|-unboost|p2a: Ferrothorn|spe|1
|-damage|p2a: Ferrothorn|53/100|[from] Stealth Rock
|move|p1a: Necrozma|Dragon Dance|p1a: Necrozma
|-boost|p1a: Necrozma|atk|1
|-boost|p1a: Necrozma|spe|1
|
|-heal|p2a: Ferrothorn|59/100|[from] item: Leftovers
|upkeep
|turn|28
|
|t:|1660485688
|move|p1a: Necrozma|Dragon Dance|p1a: Necrozma
|-boost|p1a: Necrozma|atk|1
|-boost|p1a: Necrozma|spe|1
|move|p2a: Ferrothorn|Iron Defense|p2a: Ferrothorn
|-boost|p2a: Ferrothorn|def|2
|
|-heal|p2a: Ferrothorn|65/100|[from] item: Leftovers
|upkeep
|turn|29
|
|t:|1660485692
|move|p1a: Necrozma|Dragon Dance|p1a: Necrozma
|-boost|p1a: Necrozma|atk|1
|-boost|p1a: Necrozma|spe|1
|move|p2a: Ferrothorn|Iron Defense|p2a: Ferrothorn
|-boost|p2a: Ferrothorn|def|2
|
|-heal|p2a: Ferrothorn|71/100|[from] item: Leftovers
|upkeep
|turn|30
|
|t:|1660485694
|move|p1a: Necrozma|Dragon Dance|p1a: Necrozma
|-boost|p1a: Necrozma|atk|1
|-boost|p1a: Necrozma|spe|1
|move|p2a: Ferrothorn|Body Press|p1a: Necrozma
|-damage|p1a: Necrozma|0 fnt
|faint|p1a: Necrozma
|
|-heal|p2a: Ferrothorn|77/100|[from] item: Leftovers
|upkeep
|
|t:|1660485700
|switch|p1a: Weavile|Weavile, M, shiny|100/100
|-damage|p1a: Weavile|76/100|[from] Stealth Rock
|-damage|p1a: Weavile|63/100|[from] Spikes
|-ability|p1a: Weavile|Pressure
|turn|31
|
|t:|1660485704
|move|p1a: Weavile|Triple Axel|p2a: Ferrothorn
|-damage|p2a: Ferrothorn|74/100
|-damage|p1a: Weavile|51/100|[from] ability: Iron Barbs|[of] p2a: Ferrothorn
|-damage|p2a: Ferrothorn|70/100
|-damage|p1a: Weavile|38/100|[from] ability: Iron Barbs|[of] p2a: Ferrothorn
|-damage|p2a: Ferrothorn|63/100
|-damage|p1a: Weavile|26/100|[from] ability: Iron Barbs|[of] p2a: Ferrothorn
|-hitcount|p2a: Ferrothorn|3
|move|p2a: Ferrothorn|Body Press|p1a: Weavile
|-supereffective|p1a: Weavile
|-damage|p1a: Weavile|0 fnt
|faint|p1a: Weavile
|
|-heal|p2a: Ferrothorn|69/100|[from] item: Leftovers
|upkeep
|
|t:|1660485705
|switch|p1a: Groudon|Groudon, shiny|100/100
|-damage|p1a: Groudon|94/100|[from] Stealth Rock
|-damage|p1a: Groudon|82/100|[from] Spikes
|-weather|SunnyDay|[from] ability: Drought|[of] p1a: Groudon
|turn|32
|
|t:|1660485715
|move|p1a: Groudon|Swords Dance|p1a: Groudon
|-boost|p1a: Groudon|atk|2
|move|p2a: Ferrothorn|Body Press|p1a: Groudon
|-damage|p1a: Groudon|16/100
|
|-weather|SunnyDay|[upkeep]
|-heal|p2a: Ferrothorn|75/100|[from] item: Leftovers
|upkeep
|turn|33
|
|t:|1660485724
|move|p1a: Groudon|Precipice Blades|p2a: Ferrothorn
|-damage|p2a: Ferrothorn|41/100
|move|p2a: Ferrothorn|Body Press|p1a: Groudon
|-damage|p1a: Groudon|0 fnt
|faint|p1a: Groudon
|
|win|TogeBirl HQ
|raw|ban123456's rating: 1474 &rarr; <strong>1458</strong><br />(-16 for losing)
|raw|TogeBirl HQ's rating: 1546 &rarr; <strong>1562</strong><br />(+16 for winning)
|l|☆ban123456
