|j|☆Tsar Dedede
|j|☆SwaggyN
|t:|1668032810
|gametype|singles
|player|p1|Tsar Dedede|li|1496
|player|p2|SwaggyN|102|1610
|teamsize|p1|6
|teamsize|p2|6
|gen|8
|tier|[Gen 8] Ubers
|rated|
|rule|Sleep Clause Mod: Limit one foe put to sleep
|rule|Species Clause: Limit one of each Pokémon
|rule|OHKO Clause: OHKO moves are banned
|rule|Evasion Items Clause: Evasion items are banned
|rule|Evasion Moves Clause: Evasion moves are banned
|rule|Endless Battle Clause: Forcing endless battles is banned
|rule|HP Percentage Mod: HP is shown in percentages
|rule|Dynamax Clause: You cannot dynamax
|clearpoke
|poke|p1|Slurpuff, L97, M|
|poke|p1|Landorus, M|
|poke|p1|Eternatus|
|poke|p1|Calyrex-Shadow|
|poke|p1|Necrozma-Dusk-Mane|
|poke|p1|Yveltal|
|poke|p2|Kyogre|
|poke|p2|Calyrex-Shadow|
|poke|p2|Groudon|
|poke|p2|Necrozma-Dusk-Mane|
|poke|p2|Yveltal|
|poke|p2|Marshadow|
|teampreview
|
|t:|1668032834
|start
|switch|p1a: Slurpuff|Slurpuff, L97, M|100/100
|switch|p2a: Necrozma|Necrozma-Dusk-Mane|100/100
|turn|1
|
|t:|1668032842
|move|p1a: Slurpuff|Sticky Web|p2a: Necrozma
|-sidestart|p2: SwaggyN|move: Sticky Web
|move|p2a: Necrozma|Sunsteel Strike|p1a: Slurpuff
|-supereffective|p1a: Slurpuff
|-enditem|p1a: Slurpuff|Focus Sash
|-damage|p1a: Slurpuff|1/100
|
|upkeep
|turn|2
|
|t:|1668032846
|move|p1a: Slurpuff|Endeavor|p2a: Necrozma
|-damage|p2a: Necrozma|1/100
|move|p2a: Necrozma|Sunsteel Strike|p1a: Slurpuff
|-supereffective|p1a: Slurpuff
|-damage|p1a: Slurpuff|0 fnt
|faint|p1a: Slurpuff
|
|upkeep
|
|t:|1668032848
|switch|p1a: Landorus|Landorus, M|100/100
|turn|3
|
|t:|1668032852
|move|p1a: Landorus|Stealth Rock|p2a: Necrozma
|-sidestart|p2: SwaggyN|move: Stealth Rock
|move|p2a: Necrozma|Sunsteel Strike|p1a: Landorus
|-damage|p1a: Landorus|29/100
|
|upkeep
|turn|4
|
|t:|1668032856
|move|p1a: Landorus|Earth Power|p2a: Necrozma
|-supereffective|p2a: Necrozma
|-damage|p2a: Necrozma|0 fnt
|faint|p2a: Necrozma
|
|upkeep
|
|t:|1668032869
|switch|p2a: Nazgul|Yveltal|100/100
|-damage|p2a: Nazgul|76/100|[from] Stealth Rock
|-ability|p2a: Nazgul|Dark Aura
|turn|5
|
|t:|1668032871
|move|p1a: Landorus|Explosion|p2a: Nazgul
|-damage|p2a: Nazgul|0 fnt
|faint|p1a: Landorus
|faint|p2a: Nazgul
|
|upkeep
|
|t:|1668032877
|switch|p1a: Eternatus|Eternatus|100/100
|switch|p2a: Tilikum|Kyogre|100/100
|-activate|p2a: Tilikum|move: Sticky Web
|-unboost|p2a: Tilikum|spe|1
|-damage|p2a: Tilikum|88/100|[from] Stealth Rock
|-weather|RainDance|[from] ability: Drizzle|[of] p2a: Tilikum
|-ability|p1a: Eternatus|Pressure
|turn|6
|
|t:|1668032881
|move|p1a: Eternatus|Meteor Beam||[still]
|-prepare|p1a: Eternatus|Meteor Beam
|-boost|p1a: Eternatus|spa|1
|-enditem|p1a: Eternatus|Power Herb
|-anim|p1a: Eternatus|Meteor Beam|p2a: Tilikum
|-damage|p2a: Tilikum|38/100
|move|p2a: Tilikum|Ice Beam|p1a: Eternatus
|-supereffective|p1a: Eternatus
|-damage|p1a: Eternatus|39/100
|
|-weather|RainDance|[upkeep]
|upkeep
|turn|7
|
|t:|1668032884
|move|p1a: Eternatus|Dynamax Cannon|p2a: Tilikum
|-damage|p2a: Tilikum|0 fnt
|faint|p2a: Tilikum
|
|-weather|RainDance|[upkeep]
|upkeep
|
|t:|1668032888
|switch|p2a: Marshadow|Marshadow|100/100
|-activate|p2a: Marshadow|move: Sticky Web
|-unboost|p2a: Marshadow|spe|1
|-damage|p2a: Marshadow|94/100|[from] Stealth Rock
|turn|8
|
|t:|1668032893
|move|p2a: Marshadow|Shadow Sneak|p1a: Eternatus
|-damage|p1a: Eternatus|16/100
|move|p1a: Eternatus|Dynamax Cannon|p2a: Marshadow
|-damage|p2a: Marshadow|0 fnt
|faint|p2a: Marshadow
|
|-weather|RainDance|[upkeep]
|upkeep
|
|t:|1668032895
|switch|p2a: Horsey|Calyrex-Shadow|100/100
|-ability|p2a: Horsey|As One
|-ability|p2a: Horsey|Unnerve
|-activate|p2a: Horsey|move: Sticky Web
|-unboost|p2a: Horsey|spe|1
|-damage|p2a: Horsey|88/100|[from] Stealth Rock
|turn|9
|
|t:|1668032897
|move|p1a: Eternatus|Dynamax Cannon|p2a: Horsey
|-damage|p2a: Horsey|9/100
|move|p2a: Horsey|Psyshock|p1a: Eternatus
|-supereffective|p1a: Eternatus
|-damage|p1a: Eternatus|0 fnt
|faint|p1a: Eternatus
|-ability|p2a: Horsey|Grim Neigh|boost
|-boost|p2a: Horsey|spa|1
|
|-weather|RainDance|[upkeep]
|upkeep
|
|t:|1668032899
|switch|p1a: Calyrex|Calyrex-Shadow|100/100
|-ability|p1a: Calyrex|As One
|-ability|p1a: Calyrex|Unnerve
|turn|10
|
|t:|1668032906
|move|p1a: Calyrex|Astral Barrage|p2a: Horsey
|-supereffective|p2a: Horsey
|-damage|p2a: Horsey|0 fnt
|faint|p2a: Horsey
|-ability|p1a: Calyrex|Grim Neigh|boost
|-boost|p1a: Calyrex|spa|1
|
|-weather|none
|upkeep
|
|t:|1668032907
|switch|p2a: Groudon|Groudon|100/100
|-activate|p2a: Groudon|move: Sticky Web
|-unboost|p2a: Groudon|spe|1
|-damage|p2a: Groudon|94/100|[from] Stealth Rock
|-weather|SunnyDay|[from] ability: Drought|[of] p2a: Groudon
|turn|11
|c|☆Tsar Dedede|gg
|
|t:|1668032912
|move|p1a: Calyrex|Astral Barrage|p2a: Groudon
|-damage|p2a: Groudon|0 fnt
|faint|p2a: Groudon
|
|win|Tsar Dedede
|raw|Tsar Dedede's rating: 1496 &rarr; <strong>1522</strong><br />(+26 for winning)
|raw|SwaggyN's rating: 1610 &rarr; <strong>1584</strong><br />(-26 for losing)
|c|☆SwaggyN|Sure
|l|☆SwaggyN
