|j|☆Ballfire
|j|☆Schlagetto
|player|p1|Ballfire|pokekid|1808
|player|p2|Schlagetto|lucas|1740
|teamsize|p1|6
|teamsize|p2|6
|gametype|singles
|gen|8
|tier|[Gen 8] Ubers
|rated|
|clearpoke
|poke|p1|Lunala|
|poke|p1|Necrozma-Dusk-Mane|
|poke|p1|Ditto|
|poke|p1|Snorlax, M|
|poke|p1|Ferrothorn, M|
|poke|p1|Eternatus|
|poke|p2|Zekrom|
|poke|p2|Quagsire, F|
|poke|p2|Gothitelle, F|
|poke|p2|Tyranitar, F|
|poke|p2|Zacian-Crowned|
|poke|p2|Lunala|
|rule|Sleep Clause Mod: Limit one foe put to sleep
|rule|Species Clause: Limit one of each Pokémon
|rule|OHKO Clause: OHKO moves are banned
|rule|Evasion Moves Clause: Evasion moves are banned
|rule|Endless Battle Clause: Forcing endless battles is banned
|rule|HP Percentage Mod: HP is shown in percentages
|teampreview
|inactive|Battle timer is ON: inactive players will automatically lose when time's up. (requested by Schlagetto)
|l|☆Ballfire
|inactive|Ballfire disconnected and has a minute to reconnect!
|player|p1|
|j|☆Ballfire
|inactive|Ballfire reconnected and has 115 seconds left.
|player|p1|Ballfire|pokekid
|
|start
|switch|p1a: Eternatus|Eternatus|100/100
|switch|p2a: Lunala|Lunala|100/100
|-ability|p1a: Eternatus|Pressure
|turn|1
|
|move|p2a: Lunala|Psyshock|p1a: Eternatus
|-supereffective|p1a: Eternatus
|-damage|p1a: Eternatus|35/100
|move|p1a: Eternatus|Toxic|p2a: Lunala
|-status|p2a: Lunala|tox
|
|-heal|p1a: Eternatus|41/100|[from] item: Black Sludge
|-damage|p2a: Lunala|94/100 tox|[from] psn
|upkeep
|turn|2
|j| Fogbound Lake
|
|switch|p2a: Gothitelle|Gothitelle, F|100/100
|switch|p1a: Ferrothorn|Ferrothorn, M|100/100
|
|upkeep
|turn|3
|
|move|p2a: Gothitelle|Trick|p1a: Ferrothorn
|-activate|p2a: Gothitelle|move: Trick|[of] p1a: Ferrothorn
|-item|p1a: Ferrothorn|Choice Scarf|[from] move: Trick
|-item|p2a: Gothitelle|Leftovers|[from] move: Trick
|move|p1a: Ferrothorn|Knock Off|p2a: Gothitelle
|-supereffective|p2a: Gothitelle
|-damage|p2a: Gothitelle|70/100
|-enditem|p2a: Gothitelle|Leftovers|[from] move: Knock Off|[of] p1a: Ferrothorn
|
|upkeep
|turn|4
|
|move|p2a: Gothitelle|Cosmic Power|p2a: Gothitelle
|-boost|p2a: Gothitelle|def|1
|-boost|p2a: Gothitelle|spd|1
|move|p1a: Ferrothorn|Knock Off|p2a: Gothitelle
|-supereffective|p2a: Gothitelle
|-damage|p2a: Gothitelle|55/100
|
|upkeep
|turn|5
|
|move|p2a: Gothitelle|Cosmic Power|p2a: Gothitelle
|-boost|p2a: Gothitelle|def|1
|-boost|p2a: Gothitelle|spd|1
|move|p1a: Ferrothorn|Knock Off|p2a: Gothitelle
|-supereffective|p2a: Gothitelle
|-damage|p2a: Gothitelle|44/100
|
|upkeep
|turn|6
|
|move|p2a: Gothitelle|Rest|p2a: Gothitelle
|-status|p2a: Gothitelle|slp|[from] move: Rest
|-heal|p2a: Gothitelle|100/100 slp|[silent]
|move|p1a: Ferrothorn|Knock Off|p2a: Gothitelle
|-supereffective|p2a: Gothitelle
|-damage|p2a: Gothitelle|88/100 slp
|
|upkeep
|turn|7
|
|cant|p2a: Gothitelle|slp
|move|p1a: Ferrothorn|Knock Off|p2a: Gothitelle
|-supereffective|p2a: Gothitelle
|-damage|p2a: Gothitelle|76/100 slp
|
|upkeep
|turn|8
|
|cant|p2a: Gothitelle|slp
|move|p1a: Ferrothorn|Knock Off|p2a: Gothitelle
|-supereffective|p2a: Gothitelle
|-damage|p2a: Gothitelle|66/100 slp
|
|upkeep
|turn|9
|
|-curestatus|p2a: Gothitelle|slp|[msg]
|move|p2a: Gothitelle|Cosmic Power|p2a: Gothitelle
|-boost|p2a: Gothitelle|def|1
|-boost|p2a: Gothitelle|spd|1
|move|p1a: Ferrothorn|Knock Off|p2a: Gothitelle
|-supereffective|p2a: Gothitelle
|-damage|p2a: Gothitelle|57/100
|
|upkeep
|turn|10
|
|move|p2a: Gothitelle|Cosmic Power|p2a: Gothitelle
|-boost|p2a: Gothitelle|def|1
|-boost|p2a: Gothitelle|spd|1
|move|p1a: Ferrothorn|Knock Off|p2a: Gothitelle
|-supereffective|p2a: Gothitelle
|-damage|p2a: Gothitelle|49/100
|
|upkeep
|turn|11
|
|move|p2a: Gothitelle|Cosmic Power|p2a: Gothitelle
|-boost|p2a: Gothitelle|def|1
|-boost|p2a: Gothitelle|spd|1
|move|p1a: Ferrothorn|Knock Off|p2a: Gothitelle
|-supereffective|p2a: Gothitelle
|-damage|p2a: Gothitelle|42/100
|
|upkeep
|turn|12
|
|move|p2a: Gothitelle|Rest|p2a: Gothitelle
|-status|p2a: Gothitelle|slp|[from] move: Rest
|-heal|p2a: Gothitelle|100/100 slp|[silent]
|move|p1a: Ferrothorn|Knock Off|p2a: Gothitelle
|-supereffective|p2a: Gothitelle
|-damage|p2a: Gothitelle|94/100 slp
|
|upkeep
|turn|13
|
|cant|p2a: Gothitelle|slp
|move|p1a: Ferrothorn|Knock Off|p2a: Gothitelle
|-supereffective|p2a: Gothitelle
|-damage|p2a: Gothitelle|87/100 slp
|
|upkeep
|turn|14
|
|cant|p2a: Gothitelle|slp
|move|p1a: Ferrothorn|Knock Off|p2a: Gothitelle
|-supereffective|p2a: Gothitelle
|-damage|p2a: Gothitelle|80/100 slp
|
|upkeep
|turn|15
|
|-curestatus|p2a: Gothitelle|slp|[msg]
|move|p2a: Gothitelle|Cosmic Power|p2a: Gothitelle
|-boost|p2a: Gothitelle|def|1
|-boost|p2a: Gothitelle|spd|1
|move|p1a: Ferrothorn|Knock Off|p2a: Gothitelle
|-supereffective|p2a: Gothitelle
|-damage|p2a: Gothitelle|74/100
|
|upkeep
|turn|16
|
|move|p2a: Gothitelle|Stored Power|p1a: Ferrothorn
|-resisted|p1a: Ferrothorn
|-damage|p1a: Ferrothorn|62/100
|move|p1a: Ferrothorn|Knock Off|p2a: Gothitelle
|-supereffective|p2a: Gothitelle
|-damage|p2a: Gothitelle|68/100
|
|upkeep
|turn|17
|
|move|p2a: Gothitelle|Stored Power|p1a: Ferrothorn
|-resisted|p1a: Ferrothorn
|-damage|p1a: Ferrothorn|24/100
|move|p1a: Ferrothorn|Knock Off|p2a: Gothitelle
|-supereffective|p2a: Gothitelle
|-damage|p2a: Gothitelle|63/100
|
|upkeep
|turn|18
|
|move|p2a: Gothitelle|Rest|p2a: Gothitelle
|-status|p2a: Gothitelle|slp|[from] move: Rest
|-heal|p2a: Gothitelle|100/100 slp|[silent]
|move|p1a: Ferrothorn|Knock Off|p2a: Gothitelle
|-supereffective|p2a: Gothitelle
|-damage|p2a: Gothitelle|95/100 slp
|
|upkeep
|turn|19
|
|cant|p2a: Gothitelle|slp
|move|p1a: Ferrothorn|Knock Off|p2a: Gothitelle
|-supereffective|p2a: Gothitelle
|-damage|p2a: Gothitelle|88/100 slp
|
|upkeep
|turn|20
|
|cant|p2a: Gothitelle|slp
|move|p1a: Ferrothorn|Knock Off|p2a: Gothitelle
|-supereffective|p2a: Gothitelle
|-damage|p2a: Gothitelle|83/100 slp
|
|upkeep
|turn|21
|
|-curestatus|p2a: Gothitelle|slp|[msg]
|move|p2a: Gothitelle|Stored Power|p1a: Ferrothorn
|-resisted|p1a: Ferrothorn
|-damage|p1a: Ferrothorn|0 fnt
|faint|p1a: Ferrothorn
|
|upkeep
|
|switch|p1a: Ditto|Ditto|100/100
|-transform|p1a: Ditto|p2a: Gothitelle|[from] ability: Imposter
|turn|22
|
|move|p1a: Ditto|Trick|p2a: Gothitelle
|-activate|p1a: Ditto|move: Trick|[of] p2a: Gothitelle
|-item|p2a: Gothitelle|Choice Scarf|[from] move: Trick
|-enditem|p1a: Ditto|Choice Scarf|[silent]|[from] move: Trick
|move|p2a: Gothitelle|Stored Power|p1a: Ditto
|-resisted|p1a: Ditto
|-damage|p1a: Ditto|90/100
|
|upkeep
|turn|23
|
|switch|p2a: Tyranitar|Tyranitar, F|100/100
|-weather|Sandstorm|[from] ability: Sand Stream|[of] p2a: Tyranitar
|move|p1a: Ditto|Stored Power|p2a: Tyranitar
|-immune|p2a: Tyranitar
|
|-weather|Sandstorm|[upkeep]
|-damage|p1a: Ditto|84/100|[from] Sandstorm
|upkeep
|turn|24
|
|move|p1a: Ditto|Trick|p2a: Tyranitar
|-activate|p1a: Ditto|move: Trick|[of] p2a: Tyranitar
|-enditem|p2a: Tyranitar|Leftovers|[silent]|[from] move: Trick
|-item|p1a: Ditto|Leftovers|[from] move: Trick
|move|p2a: Tyranitar|Stealth Rock|p1a: Ditto
|-sidestart|p1: Ballfire|move: Stealth Rock
|
|-weather|Sandstorm|[upkeep]
|-damage|p1a: Ditto|78/100|[from] Sandstorm
|-heal|p1a: Ditto|84/100|[from] item: Leftovers
|upkeep
|turn|25
|
|move|p1a: Ditto|Cosmic Power|p1a: Ditto
|-boost|p1a: Ditto|def|0
|-boost|p1a: Ditto|spd|0
|move|p2a: Tyranitar|Thunder Wave|p1a: Ditto
|-status|p1a: Ditto|par
|
|-weather|Sandstorm|[upkeep]
|-damage|p1a: Ditto|78/100 par|[from] Sandstorm
|-heal|p1a: Ditto|84/100 par|[from] item: Leftovers
|upkeep
|turn|26
|
|move|p2a: Tyranitar|Earthquake|p1a: Ditto
|-damage|p1a: Ditto|76/100 par
|move|p1a: Ditto|Cosmic Power|p1a: Ditto
|-boost|p1a: Ditto|def|0
|-boost|p1a: Ditto|spd|0
|
|-weather|Sandstorm|[upkeep]
|-damage|p1a: Ditto|70/100 par|[from] Sandstorm
|-heal|p1a: Ditto|76/100 par|[from] item: Leftovers
|upkeep
|turn|27
|
|move|p2a: Tyranitar|Earthquake|p1a: Ditto
|-damage|p1a: Ditto|69/100 par
|move|p1a: Ditto|Rest|p1a: Ditto
|-status|p1a: Ditto|slp|[from] move: Rest
|-heal|p1a: Ditto|100/100 slp|[silent]
|
|-weather|none
|upkeep
|turn|28
|
|cant|p1a: Ditto|slp
|move|p2a: Tyranitar|Earthquake|p1a: Ditto
|-damage|p1a: Ditto|93/100 slp
|
|-heal|p1a: Ditto|99/100 slp|[from] item: Leftovers
|upkeep
|turn|29
|
|cant|p1a: Ditto|slp
|move|p2a: Tyranitar|Earthquake|p1a: Ditto
|-damage|p1a: Ditto|91/100 slp
|
|-heal|p1a: Ditto|97/100 slp|[from] item: Leftovers
|upkeep
|turn|30
|
|-curestatus|p1a: Ditto|slp|[msg]
|move|p1a: Ditto|Trick|p2a: Tyranitar
|-activate|p1a: Ditto|move: Trick|[of] p2a: Tyranitar
|-item|p2a: Tyranitar|Leftovers|[from] move: Trick
|-enditem|p1a: Ditto|Leftovers|[silent]|[from] move: Trick
|move|p2a: Tyranitar|Thunder Wave|p1a: Ditto
|-status|p1a: Ditto|par
|
|upkeep
|turn|31
|
|move|p2a: Tyranitar|Earthquake|p1a: Ditto
|-damage|p1a: Ditto|89/100 par
|move|p1a: Ditto|Trick|p2a: Tyranitar
|-activate|p1a: Ditto|move: Trick|[of] p2a: Tyranitar
|-enditem|p2a: Tyranitar|Leftovers|[silent]|[from] move: Trick
|-item|p1a: Ditto|Leftovers|[from] move: Trick
|
|-heal|p1a: Ditto|95/100 par|[from] item: Leftovers
|upkeep
|turn|32
|
|move|p2a: Tyranitar|Stealth Rock||[still]
|-fail|p2a: Tyranitar
|move|p1a: Ditto|Rest|p1a: Ditto
|-status|p1a: Ditto|slp|[from] move: Rest
|-heal|p1a: Ditto|100/100 slp|[silent]
|
|upkeep
|turn|33
|
|cant|p1a: Ditto|slp
|move|p2a: Tyranitar|Stealth Rock||[still]
|-fail|p2a: Tyranitar
|
|upkeep
|turn|34
|j| 0zorcNecropHADES
|
|cant|p1a: Ditto|slp
|move|p2a: Tyranitar|Stealth Rock||[still]
|-fail|p2a: Tyranitar
|
|upkeep
|turn|35
|
|-curestatus|p1a: Ditto|slp|[msg]
|move|p1a: Ditto|Rest|p1a: Ditto
|-fail|p1a: Ditto|heal
|move|p2a: Tyranitar|Stealth Rock||[still]
|-fail|p2a: Tyranitar
|
|upkeep
|turn|36
|
|move|p1a: Ditto|Cosmic Power|p1a: Ditto
|-boost|p1a: Ditto|def|0
|-boost|p1a: Ditto|spd|0
|move|p2a: Tyranitar|Thunder Wave|p1a: Ditto
|-status|p1a: Ditto|par
|
|upkeep
|turn|37
|
|move|p2a: Tyranitar|Stealth Rock||[still]
|-fail|p2a: Tyranitar
|move|p1a: Ditto|Stored Power|p2a: Tyranitar
|-immune|p2a: Tyranitar
|
|upkeep
|turn|38
|
|move|p2a: Tyranitar|Stealth Rock||[still]
|-fail|p2a: Tyranitar
|move|p1a: Ditto|Cosmic Power|p1a: Ditto
|-boost|p1a: Ditto|def|0
|-boost|p1a: Ditto|spd|0
|
|upkeep
|turn|39
|
|move|p2a: Tyranitar|Stealth Rock||[still]
|-fail|p2a: Tyranitar
|move|p1a: Ditto|Cosmic Power|p1a: Ditto
|-boost|p1a: Ditto|def|0
|-boost|p1a: Ditto|spd|0
|
|upkeep
|turn|40
|c| 0zorcNecropHADES|hey ladder scrawlers
|
|move|p2a: Tyranitar|Stealth Rock||[still]
|-fail|p2a: Tyranitar
|cant|p1a: Ditto|par
|
|upkeep
|turn|41
|c| 0zorcNecropHADES|gl
|
|move|p2a: Tyranitar|Thunder Wave|p1a: Ditto
|-fail|p1a: Ditto|par
|move|p1a: Ditto|Stored Power|p2a: Tyranitar
|-immune|p2a: Tyranitar
|
|upkeep
|turn|42
|
|move|p2a: Tyranitar|Stealth Rock||[still]
|-fail|p2a: Tyranitar
|move|p1a: Ditto|Stored Power|p2a: Tyranitar
|-immune|p2a: Tyranitar
|
|upkeep
|turn|43
|
|move|p2a: Tyranitar|Stealth Rock||[still]
|-fail|p2a: Tyranitar
|move|p1a: Ditto|Rest|p1a: Ditto
|-fail|p1a: Ditto|heal
|
|upkeep
|turn|44
|
|move|p2a: Tyranitar|Thunder Wave|p1a: Ditto
|-fail|p1a: Ditto|par
|cant|p1a: Ditto|par
|
|upkeep
|turn|45
|
|move|p2a: Tyranitar|Thunder Wave|p1a: Ditto
|-fail|p1a: Ditto|par
|move|p1a: Ditto|Stored Power|p2a: Tyranitar
|-immune|p2a: Tyranitar
|
|upkeep
|turn|46
|
|move|p2a: Tyranitar|Stealth Rock||[still]
|-fail|p2a: Tyranitar
|cant|p1a: Ditto|par
|
|upkeep
|turn|47
|
|move|p2a: Tyranitar|Stealth Rock||[still]
|-fail|p2a: Tyranitar
|cant|p1a: Ditto|par
|
|upkeep
|turn|48
|
|move|p2a: Tyranitar|Stealth Rock||[still]
|-fail|p2a: Tyranitar
|move|p1a: Ditto|Rest|p1a: Ditto
|-fail|p1a: Ditto|heal
|
|upkeep
|turn|49
|
|move|p2a: Tyranitar|Thunder Wave|p1a: Ditto
|-fail|p1a: Ditto|par
|move|p1a: Ditto|Trick|p2a: Tyranitar
|-activate|p1a: Ditto|move: Trick|[of] p2a: Tyranitar
|-item|p2a: Tyranitar|Leftovers|[from] move: Trick
|-enditem|p1a: Ditto|Leftovers|[silent]|[from] move: Trick
|
|upkeep
|turn|50
|
|move|p2a: Tyranitar|Earthquake|p1a: Ditto
|-damage|p1a: Ditto|93/100 par
|-activate|p1a: Ditto|move: Struggle
|move|p1a: Ditto|Struggle|p2a: Tyranitar
|-damage|p2a: Tyranitar|95/100
|-damage|p1a: Ditto|68/100 par|[from] recoil
|
|-heal|p2a: Tyranitar|100/100|[from] item: Leftovers
|upkeep
|turn|51
|
|switch|p1a: Necrozma|Necrozma-Dusk-Mane|100/100
|-damage|p1a: Necrozma|94/100|[from] Stealth Rock
|move|p2a: Tyranitar|Thunder Wave|p1a: Necrozma
|-status|p1a: Necrozma|par
|
|-heal|p1a: Necrozma|100/100 par|[from] item: Leftovers
|upkeep
|turn|52
|
|switch|p2a: Zekrom|Zekrom|100/100
|-ability|p2a: Zekrom|Teravolt
|move|p1a: Necrozma|Knock Off|p2a: Zekrom
|-damage|p2a: Zekrom|71/100
|-enditem|p2a: Zekrom|Life Orb|[from] move: Knock Off|[of] p1a: Necrozma
|
|upkeep
|turn|53
|
|move|p2a: Zekrom|Substitute|p2a: Zekrom
|-start|p2a: Zekrom|Substitute
|-damage|p2a: Zekrom|46/100
|move|p1a: Necrozma|Swords Dance|p1a: Necrozma
|-boost|p1a: Necrozma|atk|2
|
|upkeep
|turn|54
|
|move|p2a: Zekrom|Bolt Strike|p1a: Necrozma
|-damage|p1a: Necrozma|64/100 par
|cant|p1a: Necrozma|par
|
|-heal|p1a: Necrozma|70/100 par|[from] item: Leftovers
|upkeep
|turn|55
|
|move|p2a: Zekrom|Bolt Strike|p1a: Necrozma
|-damage|p1a: Necrozma|33/100 par
|move|p1a: Necrozma|Morning Sun|p1a: Necrozma
|-heal|p1a: Necrozma|83/100 par
|
|-heal|p1a: Necrozma|89/100 par|[from] item: Leftovers
|upkeep
|turn|56
|
|move|p2a: Zekrom|Bolt Strike|p1a: Necrozma
|-damage|p1a: Necrozma|51/100 par
|move|p1a: Necrozma|Knock Off|p2a: Zekrom
|-end|p2a: Zekrom|Substitute
|
|-heal|p1a: Necrozma|57/100 par|[from] item: Leftovers
|upkeep
|turn|57
|
|-start|p2a: Zekrom|Dynamax
|-heal|p2a: Zekrom|46/100|[silent]
|move|p2a: Zekrom|Max Lightning|p1a: Necrozma
|-damage|p1a: Necrozma|18/100 par
|-fieldstart|move: Electric Terrain
|move|p1a: Necrozma|Morning Sun|p1a: Necrozma
|-heal|p1a: Necrozma|68/100 par
|
|-heal|p1a: Necrozma|74/100 par|[from] item: Leftovers
|upkeep
|turn|58
|
|-start|p1a: Necrozma|Dynamax
|-heal|p1a: Necrozma|74/100 par|[silent]
|move|p2a: Zekrom|Max Lightning|p1a: Necrozma
|-damage|p1a: Necrozma|47/100 par
|move|p1a: Necrozma|Max Steelspike|p2a: Zekrom
|-resisted|p2a: Zekrom
|-damage|p2a: Zekrom|15/100
|-boost|p1a: Necrozma|def|1
|
|-heal|p1a: Necrozma|50/100 par|[from] item: Leftovers
|upkeep
|turn|59
|
|move|p2a: Zekrom|Max Lightning|p1a: Necrozma
|-damage|p1a: Necrozma|31/100 par
|cant|p1a: Necrozma|par
|
|-heal|p1a: Necrozma|34/100 par|[from] item: Leftovers
|-end|p2a: Zekrom|Dynamax
|-heal|p2a: Zekrom|15/100|[silent]
|upkeep
|turn|60
|
|move|p2a: Zekrom|Bolt Strike|p1a: Necrozma
|-damage|p1a: Necrozma|16/100 par
|move|p1a: Necrozma|Max Steelspike|p2a: Zekrom
|-resisted|p2a: Zekrom
|-damage|p2a: Zekrom|0 fnt
|-boost|p1a: Necrozma|def|1
|faint|p2a: Zekrom
|
|-heal|p1a: Necrozma|19/100 par|[from] item: Leftovers
|-end|p1a: Necrozma|Dynamax
|-heal|p1a: Necrozma|19/100 par|[silent]
|upkeep
|
|switch|p2a: Lunala|Lunala|94/100 tox
|turn|61
|
|switch|p1a: Snorlax|Snorlax, M|100/100
|-damage|p1a: Snorlax|88/100|[from] Stealth Rock
|move|p2a: Lunala|Moongeist Beam|p1a: Snorlax
|-immune|p1a: Snorlax
|
|-heal|p1a: Snorlax|94/100|[from] item: Leftovers
|-damage|p2a: Lunala|88/100 tox|[from] psn
|-fieldend|move: Electric Terrain
|upkeep
|turn|62
|
|switch|p2a: Gothitelle|Gothitelle, F|83/100
|move|p1a: Snorlax|Body Slam|p2a: Gothitelle
|-damage|p2a: Gothitelle|59/100
|
|-heal|p1a: Snorlax|99/100|[from] item: Leftovers
|upkeep
|turn|63
|
|move|p2a: Gothitelle|Trick|p1a: Snorlax
|-activate|p2a: Gothitelle|move: Trick|[of] p1a: Snorlax
|-item|p1a: Snorlax|Choice Scarf|[from] move: Trick
|-item|p2a: Gothitelle|Leftovers|[from] move: Trick
|move|p1a: Snorlax|Curse|p1a: Snorlax
|-unboost|p1a: Snorlax|spe|1
|-boost|p1a: Snorlax|atk|1
|-boost|p1a: Snorlax|def|1
|
|-heal|p2a: Gothitelle|65/100|[from] item: Leftovers
|upkeep
|turn|64
|-message|Ballfire forfeited.
|
|win|Schlagetto
|l|☆Ballfire
|raw|Ballfire's rating: 1808 &rarr; <strong>1785</strong><br />(-23 for losing)
|raw|Schlagetto's rating: 1740 &rarr; <strong>1764</strong><br />(+24 for winning)
|l|☆Schlagetto
|l| Fogbound Lake
