|j|☆RoAzLi
|j|☆TYLER 1 LETS GOOO
|t:|1600085529
|player|p1|RoAzLi|wally|1452
|player|p2|TYLER 1 LETS GOOO|linebacker|1298
|teamsize|p1|6
|teamsize|p2|6
|gametype|singles
|gen|8
|tier|[Gen 8] Ubers
|rated|
|clearpoke
|poke|p1|Eternatus|
|poke|p1|Lunala|
|poke|p1|Excadrill, M|
|poke|p1|Tyranitar, M|
|poke|p1|Necrozma-Dusk-Mane|
|poke|p1|Dracovish|
|poke|p2|Tyranitar, F|
|poke|p2|Quagsire, F|
|poke|p2|Excadrill, M|
|poke|p2|Eternatus|
|poke|p2|Gothitelle, F|
|poke|p2|Zacian-Crowned|
|rule|Sleep Clause Mod: Limit one foe put to sleep
|rule|Species Clause: Limit one of each Pokémon
|rule|OHKO Clause: OHKO moves are banned
|rule|Evasion Moves Clause: Evasion moves are banned
|rule|Endless Battle Clause: Forcing endless battles is banned
|rule|HP Percentage Mod: HP is shown in percentages
|html|Ubers Dynamax Clause: Pokémon on the <a href="https://www.smogon.com/dex/ss/formats/uber/">Ubers Dynamax Banlist</a> cannot Dynamax.
|teampreview
|
|t:|1600085571
|start
|switch|p1a: Dracovish|Dracovish|100/100
|switch|p2a: Zacian|Zacian-Crowned|100/100
|-ability|p2a: Zacian|Intrepid Sword|boost
|-boost|p2a: Zacian|atk|1
|turn|1
|
|t:|1600085622
|switch|p1a: Necrozma|Necrozma-Dusk-Mane|100/100
|move|p2a: Zacian|Crunch|p1a: Necrozma
|-supereffective|p1a: Necrozma
|-damage|p1a: Necrozma|64/100
|
|-heal|p1a: Necrozma|70/100|[from] item: Leftovers
|upkeep
|turn|2
|
|t:|1600085669
|switch|p2a: Gothitelle|Gothitelle, F|100/100
|move|p1a: Necrozma|Thunder Wave|p2a: Gothitelle
|-status|p2a: Gothitelle|par
|
|-heal|p1a: Necrozma|76/100|[from] item: Leftovers
|upkeep
|turn|3
|
|t:|1600085681
|move|p1a: Necrozma|Earthquake|p2a: Gothitelle
|-damage|p2a: Gothitelle|58/100 par
|cant|p2a: Gothitelle|par
|
|-heal|p1a: Necrozma|82/100|[from] item: Leftovers
|upkeep
|turn|4
|
|t:|1600085689
|move|p1a: Necrozma|Earthquake|p2a: Gothitelle
|-damage|p2a: Gothitelle|16/100 par
|cant|p2a: Gothitelle|par
|
|-heal|p1a: Necrozma|88/100|[from] item: Leftovers
|upkeep
|turn|5
|c|☆TYLER 1 LETS GOOO|lol
|
|t:|1600085700
|switch|p2a: Excadrill|Excadrill, M|100/100
|-item|p2a: Excadrill|Air Balloon
|move|p1a: Necrozma|Earthquake|p2a: Excadrill
|-immune|p2a: Excadrill
|
|-heal|p1a: Necrozma|94/100|[from] item: Leftovers
|upkeep
|turn|6
|c|☆RoAzLi|THANK YOU GOD!!!!
|c|☆TYLER 1 LETS GOOO|!
|
|t:|1600085716
|switch|p1a: Dracovish|Dracovish|100/100
|move|p2a: Excadrill|Earthquake|p1a: Dracovish
|-damage|p1a: Dracovish|43/100
|
|upkeep
|turn|7
|
|t:|1600085725
|switch|p2a: Gothitelle|Gothitelle, F|16/100 par
|move|p1a: Dracovish|Fishious Rend|p2a: Gothitelle
|-damage|p2a: Gothitelle|0 fnt
|faint|p2a: Gothitelle
|
|upkeep
|
|t:|1600085745
|switch|p2a: Eternatus|Eternatus|100/100
|-ability|p2a: Eternatus|Pressure
|turn|8
|
|t:|1600085768
|switch|p1a: Tyranitar|Tyranitar, M|100/100
|-weather|Sandstorm|[from] ability: Sand Stream|[of] p1a: Tyranitar
|move|p2a: Eternatus|Dynamax Cannon|p1a: Tyranitar
|-damage|p1a: Tyranitar|71/100
|-damage|p2a: Eternatus|91/100|[from] item: Life Orb
|
|-weather|Sandstorm|[upkeep]
|-damage|p2a: Eternatus|84/100|[from] Sandstorm
|upkeep
|turn|9
|
|t:|1600085781
|switch|p2a: Tyranitar|Tyranitar, F|100/100
|move|p1a: Tyranitar|Stealth Rock|p2a: Tyranitar
|-sidestart|p2: TYLER 1 LETS GOOO|move: Stealth Rock
|
|-weather|Sandstorm|[upkeep]
|upkeep
|turn|10
|
|t:|1600085795
|move|p2a: Tyranitar|Stealth Rock|p1a: Tyranitar
|-sidestart|p1: RoAzLi|move: Stealth Rock
|move|p1a: Tyranitar|Thunder Wave|p2a: Tyranitar|[miss]
|-miss|p1a: Tyranitar|p2a: Tyranitar
|
|-weather|Sandstorm|[upkeep]
|upkeep
|turn|11
|
|t:|1600085821
|switch|p2a: Quagsire|Quagsire, F|100/100
|switch|p1a: Dracovish|Dracovish|43/100
|-damage|p1a: Dracovish|31/100|[from] Stealth Rock
|
|-weather|Sandstorm|[upkeep]
|-damage|p1a: Dracovish|25/100|[from] Sandstorm
|upkeep
|turn|12
|
|t:|1600085854
|switch|p2a: Eternatus|Eternatus|84/100
|-damage|p2a: Eternatus|72/100|[from] Stealth Rock
|-ability|p2a: Eternatus|Pressure
|move|p1a: Dracovish|Psychic Fangs|p2a: Eternatus
|-supereffective|p2a: Eternatus
|-damage|p2a: Eternatus|14/100
|
|-weather|none
|upkeep
|turn|13
|
|t:|1600085894
|switch|p2a: Tyranitar|Tyranitar, F|100/100
|-damage|p2a: Tyranitar|88/100|[from] Stealth Rock
|-weather|Sandstorm|[from] ability: Sand Stream|[of] p2a: Tyranitar
|move|p1a: Dracovish|Psychic Fangs|p2a: Tyranitar
|-immune|p2a: Tyranitar
|
|-weather|Sandstorm|[upkeep]
|-damage|p1a: Dracovish|19/100|[from] Sandstorm
|upkeep
|turn|14
|
|t:|1600085908
|switch|p1a: Excadrill|Excadrill, M|100/100
|-damage|p1a: Excadrill|97/100|[from] Stealth Rock
|move|p2a: Tyranitar|Thunder Wave|p1a: Excadrill
|-immune|p1a: Excadrill
|
|-weather|Sandstorm|[upkeep]
|upkeep
|turn|15
|
|t:|1600085932
|move|p1a: Excadrill|Shadow Claw|p2a: Tyranitar
|-resisted|p2a: Tyranitar
|-damage|p2a: Tyranitar|79/100
|move|p2a: Tyranitar|Earthquake|p1a: Excadrill
|-supereffective|p1a: Excadrill
|-damage|p1a: Excadrill|13/100
|
|-weather|Sandstorm|[upkeep]
|upkeep
|turn|16
|
|t:|1600085963
|move|p1a: Excadrill|Earthquake|p2a: Tyranitar
|-supereffective|p2a: Tyranitar
|-damage|p2a: Tyranitar|0 fnt
|faint|p2a: Tyranitar
|
|-weather|Sandstorm|[upkeep]
|upkeep
|
|t:|1600085967
|switch|p2a: Excadrill|Excadrill, M|100/100
|-damage|p2a: Excadrill|97/100|[from] Stealth Rock
|-item|p2a: Excadrill|Air Balloon
|turn|17
|
|t:|1600086003
|move|p1a: Excadrill|Shadow Claw|p2a: Excadrill
|-damage|p2a: Excadrill|59/100
|-enditem|p2a: Excadrill|Air Balloon
|move|p2a: Excadrill|Earthquake|p1a: Excadrill
|-supereffective|p1a: Excadrill
|-damage|p1a: Excadrill|0 fnt
|faint|p1a: Excadrill
|
|-weather|Sandstorm|[upkeep]
|upkeep
|
|t:|1600086048
|switch|p1a: Necrozma|Necrozma-Dusk-Mane|94/100
|-damage|p1a: Necrozma|88/100|[from] Stealth Rock
|turn|18
|
|t:|1600086067
|-start|p2a: Excadrill|Dynamax
|-heal|p2a: Excadrill|59/100|[silent]
|move|p2a: Excadrill|Max Quake|p1a: Necrozma
|-supereffective|p1a: Necrozma
|-damage|p1a: Necrozma|35/100
|-boost|p2a: Excadrill|spd|1
|move|p1a: Necrozma|Earthquake|p2a: Excadrill
|-supereffective|p2a: Excadrill
|-damage|p2a: Excadrill|12/100
|
|-weather|Sandstorm|[upkeep]
|-heal|p1a: Necrozma|41/100|[from] item: Leftovers
|upkeep
|turn|19
|
|t:|1600086083
|move|p2a: Excadrill|Max Quake|p1a: Necrozma
|-supereffective|p1a: Necrozma
|-damage|p1a: Necrozma|0 fnt
|-boost|p2a: Excadrill|spd|1
|faint|p1a: Necrozma
|
|-weather|Sandstorm|[upkeep]
|upkeep
|
|t:|1600086095
|switch|p1a: Tyranitar|Tyranitar, M|71/100
|-damage|p1a: Tyranitar|58/100|[from] Stealth Rock
|turn|20
|
|t:|1600086104
|move|p2a: Excadrill|Max Quake|p1a: Tyranitar
|-supereffective|p1a: Tyranitar
|-damage|p1a: Tyranitar|0 fnt
|-boost|p2a: Excadrill|spd|1
|faint|p1a: Tyranitar
|
|-weather|none
|-end|p2a: Excadrill|Dynamax
|-heal|p2a: Excadrill|12/100|[silent]
|upkeep
|
|t:|1600086109
|switch|p1a: Dracovish|Dracovish|19/100
|-damage|p1a: Dracovish|6/100|[from] Stealth Rock
|turn|21
|
|t:|1600086143
|move|p1a: Dracovish|Fishious Rend|p2a: Excadrill
|-supereffective|p2a: Excadrill
|-damage|p2a: Excadrill|0 fnt
|faint|p2a: Excadrill
|
|upkeep
|
|t:|1600086200
|switch|p2a: Zacian|Zacian-Crowned|100/100
|-damage|p2a: Zacian|94/100|[from] Stealth Rock
|-ability|p2a: Zacian|Intrepid Sword|boost
|-boost|p2a: Zacian|atk|1
|turn|22
|
|t:|1600086230
|-start|p1a: Dracovish|Dynamax
|-heal|p1a: Dracovish|6/100|[silent]
|move|p2a: Zacian|Swords Dance|p2a: Zacian
|-boost|p2a: Zacian|atk|2
|move|p1a: Dracovish|Max Geyser|p2a: Zacian
|-damage|p2a: Zacian|47/100
|-weather|RainDance
|
|-weather|RainDance|[upkeep]
|upkeep
|turn|23
|
|t:|1600086248
|move|p2a: Zacian|Behemoth Blade|p1a: Dracovish
|-resisted|p1a: Dracovish
|-damage|p1a: Dracovish|0 fnt
|faint|p1a: Dracovish
|
|-weather|RainDance|[upkeep]
|upkeep
|
|t:|1600086251
|switch|p1a: Lunala|Lunala|100/100
|-damage|p1a: Lunala|88/100|[from] Stealth Rock
|turn|24
|
|t:|1600086256
|move|p1a: Lunala|Moongeist Beam|p2a: Zacian
|-damage|p2a: Zacian|0 fnt
|faint|p2a: Zacian
|
|-weather|RainDance|[upkeep]
|upkeep
|c|☆TYLER 1 LETS GOOO|double scarf eh
|
|t:|1600086265
|switch|p2a: Quagsire|Quagsire, F|100/100
|turn|25
|c|☆RoAzLi|S2'
|
|t:|1600086285
|move|p1a: Lunala|Moongeist Beam|p2a: Quagsire
|-damage|p2a: Quagsire|35/100
|move|p2a: Quagsire|Recover|p2a: Quagsire
|-heal|p2a: Quagsire|85/100
|
|-weather|RainDance|[upkeep]
|upkeep
|turn|26
|
|t:|1600086291
|move|p1a: Lunala|Moongeist Beam|p2a: Quagsire
|-damage|p2a: Quagsire|22/100
|move|p2a: Quagsire|Recover|p2a: Quagsire
|-heal|p2a: Quagsire|72/100
|
|-weather|none
|upkeep
|turn|27
|
|t:|1600086294
|move|p1a: Lunala|Moongeist Beam|p2a: Quagsire
|-damage|p2a: Quagsire|0 fnt
|faint|p2a: Quagsire
|
|upkeep
|c|☆TYLER 1 LETS GOOO|gg
|-message|TYLER 1 LETS GOOO forfeited.
|
|win|RoAzLi
|l|☆TYLER 1 LETS GOOO
|c|☆RoAzLi|Triple scarf
|raw|RoAzLi's rating: 1452 &rarr; <strong>1464</strong><br />(+12 for winning)
|raw|TYLER 1 LETS GOOO's rating: 1298 &rarr; <strong>1284</strong><br />(-14 for losing)
