|j|☆ox04
|j|☆tesla roadster
|t:|1663770873
|gametype|singles
|player|p1|ox04|red-gen7|
|player|p2|tesla roadster|lucas|
|teamsize|p1|6
|teamsize|p2|6
|gen|8
|tier|[Gen 8] Ubers
|rule|Sleep Clause Mod: Limit one foe put to sleep
|rule|Species Clause: Limit one of each Pokémon
|rule|OHKO Clause: OHKO moves are banned
|rule|Evasion Items Clause: Evasion items are banned
|rule|Evasion Moves Clause: Evasion moves are banned
|rule|Endless Battle Clause: Forcing endless battles is banned
|rule|HP Percentage Mod: HP is shown in percentages
|rule|Dynamax Clause: You cannot dynamax
|clearpoke
|poke|p1|Marshadow|
|poke|p1|Yveltal|
|poke|p1|Reshiram|
|poke|p1|Necrozma-Dusk-Mane|
|poke|p1|Groudon|
|poke|p1|Emolga, M|
|poke|p2|Groudon|
|poke|p2|Darmanitan-Galar, M|
|poke|p2|Magearna|
|poke|p2|Ho-Oh|
|poke|p2|Yveltal|
|poke|p2|Eternatus|
|teampreview
|c|☆ox04|glhf
|c|☆tesla roadster|hf
|
|t:|1663770894
|start
|switch|p1a: Emolga|Emolga, M|100/100
|switch|p2a: Darmanitan|Darmanitan-Galar, M|100/100
|turn|1
|
|t:|1663770903
|move|p1a: Emolga|Nuzzle|p2a: Darmanitan
|-damage|p2a: Darmanitan|92/100
|-status|p2a: Darmanitan|par
|move|p2a: Darmanitan|Icicle Crash|p1a: Emolga
|-supereffective|p1a: Emolga
|-damage|p1a: Emolga|0 fnt
|faint|p1a: Emolga
|
|upkeep
|
|t:|1663770906
|switch|p1a: Reshiram|Reshiram|100/100
|-ability|p1a: Reshiram|Turboblaze
|turn|2
|
|t:|1663770924
|switch|p2a: Groudon|Groudon|100/100
|-weather|SunnyDay|[from] ability: Drought|[of] p2a: Groudon
|move|p1a: Reshiram|Blue Flare|p2a: Groudon|[miss]
|-miss|p1a: Reshiram|p2a: Groudon
|
|-weather|SunnyDay|[upkeep]
|upkeep
|turn|3
|
|t:|1663770935
|switch|p2a: Ho-Oh|Ho-Oh|100/100
|move|p1a: Reshiram|Blue Flare|p2a: Ho-Oh
|-resisted|p2a: Ho-Oh
|-damage|p2a: Ho-Oh|57/100
|-damage|p1a: Reshiram|91/100|[from] item: Life Orb
|
|-weather|SunnyDay|[upkeep]
|upkeep
|turn|4
|
|t:|1663770945
|switch|p2a: Groudon|Groudon|100/100
|move|p1a: Reshiram|Ancient Power|p2a: Groudon
|-resisted|p2a: Groudon
|-crit|p2a: Groudon
|-damage|p2a: Groudon|82/100
|-damage|p1a: Reshiram|81/100|[from] item: Life Orb
|
|-weather|SunnyDay|[upkeep]
|-heal|p2a: Groudon|88/100|[from] item: Leftovers
|upkeep
|turn|5
|
|t:|1663770962
|switch|p2a: Ho-Oh|Ho-Oh|91/100
|move|p1a: Reshiram|Draco Meteor|p2a: Ho-Oh|[miss]
|-miss|p1a: Reshiram|p2a: Ho-Oh
|
|-weather|SunnyDay|[upkeep]
|upkeep
|turn|6
|
|t:|1663770969
|move|p1a: Reshiram|Ancient Power|p2a: Ho-Oh
|-supereffective|p2a: Ho-Oh
|-damage|p2a: Ho-Oh|28/100
|-damage|p1a: Reshiram|71/100|[from] item: Life Orb
|move|p2a: Ho-Oh|Thunder Wave|p1a: Reshiram
|-status|p1a: Reshiram|par
|
|-weather|none
|upkeep
|turn|7
|
|t:|1663770979
|switch|p2a: Groudon|Groudon|88/100
|-weather|SunnyDay|[from] ability: Drought|[of] p2a: Groudon
|move|p1a: Reshiram|Draco Meteor|p2a: Groudon
|-damage|p2a: Groudon|15/100
|-unboost|p1a: Reshiram|spa|2
|-damage|p1a: Reshiram|61/100 par|[from] item: Life Orb
|
|-weather|SunnyDay|[upkeep]
|-heal|p2a: Groudon|22/100|[from] item: Leftovers
|upkeep
|turn|8
|
|t:|1663770987
|switch|p1a: Yveltal|Yveltal, shiny|100/100
|-ability|p1a: Yveltal|Dark Aura
|move|p2a: Groudon|Stealth Rock|p1a: Yveltal
|-sidestart|p1: ox04|move: Stealth Rock
|
|-weather|SunnyDay|[upkeep]
|-heal|p2a: Groudon|28/100|[from] item: Leftovers
|upkeep
|turn|9
|
|t:|1663770994
|switch|p2a: Magearna|Magearna|100/100
|move|p1a: Yveltal|Oblivion Wing|p2a: Magearna
|-resisted|p2a: Magearna
|-damage|p2a: Magearna|78/100
|-damage|p1a: Yveltal|91/100|[from] item: Life Orb
|
|-weather|SunnyDay|[upkeep]
|-heal|p2a: Magearna|84/100|[from] item: Leftovers
|upkeep
|turn|10
|
|t:|1663771003
|switch|p1a: Groudon|Groudon|100/100
|-damage|p1a: Groudon|94/100|[from] Stealth Rock
|move|p2a: Magearna|Heal Bell|p2a: Magearna
|-activate|p2a: Magearna|move: Heal Bell
|-curestatus|p2: Darmanitan|par|[msg]
|
|-weather|SunnyDay|[upkeep]
|-heal|p1a: Groudon|100/100|[from] item: Leftovers
|-heal|p2a: Magearna|90/100|[from] item: Leftovers
|upkeep
|turn|11
|
|t:|1663771015
|switch|p2a: Groudon|Groudon|28/100
|move|p1a: Groudon|Thunder Wave|p2a: Groudon
|-immune|p2a: Groudon
|
|-weather|none
|-heal|p2a: Groudon|34/100|[from] item: Leftovers
|upkeep
|turn|12
|j| Eledyr
|
|t:|1663771024
|move|p1a: Groudon|Earthquake|p2a: Groudon
|-damage|p2a: Groudon|8/100
|move|p2a: Groudon|Dragon Tail|p1a: Groudon
|-damage|p1a: Groudon|89/100
|drag|p1a: Reshiram|Reshiram|61/100 par
|-damage|p1a: Reshiram|36/100 par|[from] Stealth Rock
|-ability|p1a: Reshiram|Turboblaze
|
|-heal|p2a: Groudon|14/100|[from] item: Leftovers
|upkeep
|turn|13
|
|t:|1663771032
|switch|p1a: Yveltal|Yveltal, shiny|91/100
|-damage|p1a: Yveltal|66/100|[from] Stealth Rock
|-ability|p1a: Yveltal|Dark Aura
|move|p2a: Groudon|Precipice Blades|p1a: Yveltal
|-immune|p1a: Yveltal
|
|-heal|p2a: Groudon|20/100|[from] item: Leftovers
|upkeep
|turn|14
|
|t:|1663771039
|switch|p2a: Magearna|Magearna|90/100
|move|p1a: Yveltal|Oblivion Wing|p2a: Magearna
|-resisted|p2a: Magearna
|-damage|p2a: Magearna|69/100
|-heal|p1a: Yveltal|81/100|[from] drain|[of] p2a: Magearna
|-damage|p1a: Yveltal|71/100|[from] item: Life Orb
|
|-heal|p2a: Magearna|75/100|[from] item: Leftovers
|upkeep
|turn|15
|
|t:|1663771046
|switch|p1a: Necrozma|Necrozma-Dusk-Mane|100/100
|-damage|p1a: Necrozma|94/100|[from] Stealth Rock
|move|p2a: Magearna|Fleur Cannon|p1a: Necrozma
|-resisted|p1a: Necrozma
|-damage|p1a: Necrozma|71/100
|-unboost|p2a: Magearna|spa|2
|
|-heal|p1a: Necrozma|77/100|[from] item: Leftovers
|-heal|p2a: Magearna|81/100|[from] item: Leftovers
|upkeep
|turn|16
|
|t:|1663771050
|move|p1a: Necrozma|Sunsteel Strike|p2a: Magearna
|-damage|p2a: Magearna|43/100
|move|p2a: Magearna|Volt Switch|p1a: Necrozma
|-damage|p1a: Necrozma|68/100
|
|t:|1663771056
|switch|p2a: Darmanitan|Darmanitan-Galar, M|92/100|[from]move: Volt Switch
|
|-heal|p1a: Necrozma|74/100|[from] item: Leftovers
|upkeep
|turn|17
|
|t:|1663771062
|switch|p1a: Reshiram|Reshiram|36/100 par
|-damage|p1a: Reshiram|11/100 par|[from] Stealth Rock
|-ability|p1a: Reshiram|Turboblaze
|move|p2a: Darmanitan|Flare Blitz|p1a: Reshiram
|-resisted|p1a: Reshiram
|-damage|p1a: Reshiram|0 fnt
|faint|p1a: Reshiram
|-damage|p2a: Darmanitan|89/100|[from] Recoil
|
|upkeep
|
|t:|1663771069
|switch|p1a: Yveltal|Yveltal, shiny|71/100
|-damage|p1a: Yveltal|46/100|[from] Stealth Rock
|-ability|p1a: Yveltal|Dark Aura
|turn|18
|
|t:|1663771076
|switch|p2a: Magearna|Magearna|43/100
|move|p1a: Yveltal|Dark Pulse|p2a: Magearna
|-resisted|p2a: Magearna
|-damage|p2a: Magearna|11/100
|-damage|p1a: Yveltal|36/100|[from] item: Life Orb
|
|-heal|p2a: Magearna|17/100|[from] item: Leftovers
|upkeep
|turn|19
|
|t:|1663771082
|move|p1a: Yveltal|Oblivion Wing|p2a: Magearna
|-resisted|p2a: Magearna
|-damage|p2a: Magearna|0 fnt
|-heal|p1a: Yveltal|48/100|[from] drain|[of] p2a: Magearna
|faint|p2a: Magearna
|-damage|p1a: Yveltal|38/100|[from] item: Life Orb
|
|upkeep
|
|t:|1663771087
|switch|p2a: Eternatus|Eternatus|100/100
|-ability|p2a: Eternatus|Pressure
|turn|20
|
|t:|1663771096
|switch|p1a: Necrozma|Necrozma-Dusk-Mane|74/100
|-damage|p1a: Necrozma|68/100|[from] Stealth Rock
|move|p2a: Eternatus|Meteor Beam||[still]
|-prepare|p2a: Eternatus|Meteor Beam
|-boost|p2a: Eternatus|spa|1
|-enditem|p2a: Eternatus|Power Herb
|-anim|p2a: Eternatus|Meteor Beam|p1a: Necrozma
|-resisted|p1a: Necrozma
|-damage|p1a: Necrozma|46/100
|
|-heal|p1a: Necrozma|52/100|[from] item: Leftovers
|upkeep
|turn|21
|
|t:|1663771106
|move|p2a: Eternatus|Dragon Pulse|p1a: Necrozma
|-resisted|p1a: Necrozma
|-damage|p1a: Necrozma|26/100
|move|p1a: Necrozma|Sunsteel Strike|p2a: Eternatus
|-damage|p2a: Eternatus|49/100
|
|-heal|p1a: Necrozma|32/100|[from] item: Leftovers
|upkeep
|turn|22
|
|t:|1663771116
|switch|p2a: Groudon|Groudon|20/100
|-weather|SunnyDay|[from] ability: Drought|[of] p2a: Groudon
|move|p1a: Necrozma|Morning Sun|p1a: Necrozma
|-heal|p1a: Necrozma|99/100
|
|-weather|SunnyDay|[upkeep]
|-heal|p2a: Groudon|26/100|[from] item: Leftovers
|-heal|p1a: Necrozma|100/100|[from] item: Leftovers
|upkeep
|turn|23
|
|t:|1663771129
|move|p1a: Necrozma|Sunsteel Strike|p2a: Groudon
|-damage|p2a: Groudon|0 fnt
|faint|p2a: Groudon
|
|-weather|SunnyDay|[upkeep]
|upkeep
|
|t:|1663771132
|switch|p2a: Darmanitan|Darmanitan-Galar, M|89/100
|turn|24
|
|t:|1663771139
|switch|p1a: Groudon|Groudon|89/100
|-damage|p1a: Groudon|82/100|[from] Stealth Rock
|move|p2a: Darmanitan|Flare Blitz|p1a: Groudon
|-damage|p1a: Groudon|0 fnt
|faint|p1a: Groudon
|-damage|p2a: Darmanitan|57/100|[from] Recoil
|
|-weather|SunnyDay|[upkeep]
|upkeep
|
|t:|1663771142
|switch|p1a: Marshadow|Marshadow|100/100
|-damage|p1a: Marshadow|94/100|[from] Stealth Rock
|turn|25
|
|t:|1663771147
|switch|p2a: Ho-Oh|Ho-Oh|61/100
|move|p1a: Marshadow|Low Kick|p2a: Ho-Oh
|-resisted|p2a: Ho-Oh
|-damage|p2a: Ho-Oh|40/100
|-damage|p1a: Marshadow|84/100|[from] item: Life Orb
|
|-weather|SunnyDay|[upkeep]
|upkeep
|turn|26
|
|t:|1663771151
|move|p1a: Marshadow|Spectral Thief|p2a: Ho-Oh
|-damage|p2a: Ho-Oh|0 fnt
|faint|p2a: Ho-Oh
|-damage|p1a: Marshadow|74/100|[from] item: Life Orb
|
|-weather|none
|upkeep
|
|t:|1663771159
|switch|p2a: Yveltal|Yveltal|100/100
|-ability|p2a: Yveltal|Dark Aura
|turn|27
|
|t:|1663771163
|move|p2a: Yveltal|Foul Play|p1a: Marshadow
|-damage|p1a: Marshadow|0 fnt
|faint|p1a: Marshadow
|
|upkeep
|
|t:|1663771166
|switch|p1a: Yveltal|Yveltal, shiny|38/100
|-damage|p1a: Yveltal|13/100|[from] Stealth Rock
|-ability|p1a: Yveltal|Dark Aura
|turn|28
|c|☆ox04|gg
|c|☆tesla roadster|gg
|
|t:|1663771174
|move|p2a: Yveltal|Foul Play|p1a: Yveltal
|-resisted|p1a: Yveltal
|-damage|p1a: Yveltal|0 fnt
|faint|p1a: Yveltal
|
|upkeep
|
|t:|1663771176
|switch|p1a: Necrozma|Necrozma-Dusk-Mane|100/100
|-damage|p1a: Necrozma|94/100|[from] Stealth Rock
|turn|29
|
|t:|1663771178
|move|p2a: Yveltal|Foul Play|p1a: Necrozma
|-supereffective|p1a: Necrozma
|-damage|p1a: Necrozma|2/100
|move|p1a: Necrozma|Knock Off|p2a: Yveltal
|-resisted|p2a: Yveltal
|-damage|p2a: Yveltal|79/100
|-enditem|p2a: Yveltal|Choice Scarf|[from] move: Knock Off|[of] p1a: Necrozma
|
|-heal|p1a: Necrozma|8/100|[from] item: Leftovers
|upkeep
|turn|30
|
|t:|1663771185
|move|p2a: Yveltal|Foul Play|p1a: Necrozma
|-supereffective|p1a: Necrozma
|-damage|p1a: Necrozma|0 fnt
|faint|p1a: Necrozma
|
|win|tesla roadster
|l|☆tesla roadster
|c|☆ox04|can't beat hax
|l|☆ox04
|l| Eledyr
|j|☆ox04
|player|p1|ox04|red-gen7
|l|☆ox04
|player|p1|
|j|☆ox04
|player|p1|ox04|red-gen7
|j|☆tesla roadster
|player|p2|tesla roadster|lucas
