|raw|<div class="broadcast-blue"><strong>This battle is required to be public due to a player having a name starting with 'ULT8RQ'.</div>
|j|☆ULT8RQ KB
|j|☆ULT8RQ Quintuplets
|t:|1620709903
|gametype|singles
|player|p1|ULT8RQ KB|rood|1632
|player|p2|ULT8RQ Quintuplets|dawn-gen4pt|1595
|teamsize|p1|6
|teamsize|p2|6
|gen|8
|tier|[Gen 8] Ubers
|rated|
|rule|Sleep Clause Mod: Limit one foe put to sleep
|rule|Species Clause: Limit one of each Pokémon
|rule|OHKO Clause: OHKO moves are banned
|rule|Evasion Moves Clause: Evasion moves are banned
|rule|Endless Battle Clause: Forcing endless battles is banned
|rule|HP Percentage Mod: HP is shown in percentages
|rule|Dynamax Clause: You cannot dynamax
|clearpoke
|poke|p1|Yveltal|
|poke|p1|Eternatus|
|poke|p1|Necrozma-Dusk-Mane|
|poke|p1|Lunala|
|poke|p1|Blissey, F|
|poke|p1|Ditto|
|poke|p2|Slurpuff, F|
|poke|p2|Eternatus|
|poke|p2|Yveltal|
|poke|p2|Necrozma-Dusk-Mane|
|poke|p2|Kyogre|
|poke|p2|Calyrex-Shadow|
|teampreview
|inactive|Battle timer is ON: inactive players will automatically lose when time's up. (requested by ULT8RQ Quintuplets)
|j| rng loser
|c|☆ULT8RQ Quintuplets|can't be beat
|c|☆ULT8RQ Quintuplets|sob
|j|+Aberforth
|j| Holy Ghost
|c|☆ULT8RQ Quintuplets|hf
|inactive|ULT8RQ Quintuplets has 120 seconds left.
|c|☆ULT8RQ KB|u2
|j| yoloswag430
|
|t:|1620709940
|start
|switch|p1a: Necrozma|Necrozma-Dusk-Mane|100/100
|switch|p2a: Eternatus|Eternatus|100/100
|-ability|p2a: Eternatus|Pressure
|turn|1
|c|+Aberforth|why did jt straight up counterteam webs
|j| Xbdkskdjd
|j| Based 4 Ghosters
|inactive|ULT8RQ Quintuplets has 120 seconds left.
|c| Based 4 Ghosters|Certified JT Yao Moment?
|inactive|ULT8RQ KB has 120 seconds left.
|j| LeBarBURR2
|
|t:|1620709985
|switch|p2a: Kyogre|Kyogre|100/100
|-weather|RainDance|[from] ability: Drizzle|[of] p2a: Kyogre
|move|p1a: Necrozma|Stealth Rock|p2a: Kyogre
|-sidestart|p2: ULT8RQ Quintuplets|move: Stealth Rock
|
|-weather|RainDance|[upkeep]
|upkeep
|turn|2
|
|t:|1620709992
|switch|p2a: Necrozma|Necrozma-Dusk-Mane|100/100
|-damage|p2a: Necrozma|94/100|[from] Stealth Rock
|switch|p1a: Blissey|Blissey, F|100/100
|
|-weather|RainDance|[upkeep]
|upkeep
|turn|3
|
|t:|1620709998
|switch|p1a: Lunala|Lunala|100/100
|move|p2a: Necrozma|Dragon Dance|p2a: Necrozma
|-boost|p2a: Necrozma|atk|1
|-boost|p2a: Necrozma|spe|1
|
|-weather|RainDance|[upkeep]
|upkeep
|turn|4
|c| LeBarBURR2|Stunt on these stunts
|
|t:|1620710003
|move|p2a: Necrozma|Sunsteel Strike|p1a: Lunala
|-damage|p1a: Lunala|46/100
|-damage|p2a: Necrozma|85/100|[from] item: Life Orb
|move|p1a: Lunala|Will-O-Wisp|p2a: Necrozma|[miss]
|-miss|p1a: Lunala|p2a: Necrozma
|
|-weather|RainDance|[upkeep]
|upkeep
|turn|5
|j| GrindZN
|
|t:|1620710012
|switch|p1a: Necrozma|Necrozma-Dusk-Mane|100/100
|move|p2a: Necrozma|Earthquake|p1a: Necrozma
|-supereffective|p1a: Necrozma
|-damage|p1a: Necrozma|35/100
|-damage|p2a: Necrozma|75/100|[from] item: Life Orb
|
|-weather|none
|upkeep
|turn|6
|l| Xbdkskdjd
|c| LeBarBURR2|Also ditto :pain:
|c|+Aberforth|man built a stall who's answer to zekrom is letting something die and revenging with ditto
|c| Based 4 Ghosters|lunala
|
|t:|1620710041
|move|p2a: Necrozma|Earthquake|p1a: Necrozma
|-supereffective|p1a: Necrozma
|-damage|p1a: Necrozma|0 fnt
|faint|p1a: Necrozma
|-damage|p2a: Necrozma|65/100|[from] item: Life Orb
|
|upkeep
|c|+Aberforth|also lunala but that goes against my point
|
|t:|1620710050
|switch|p1a: Ditto|Ditto|100/100
|-transform|p1a: Ditto|p2a: Necrozma|[from] ability: Imposter
|turn|7
|c| Based 4 Ghosters|just unfort wow missed
|
|t:|1620710055
|switch|p2a: Slurpuff|Slurpuff, F|100/100
|-damage|p2a: Slurpuff|88/100|[from] Stealth Rock
|move|p1a: Ditto|Earthquake|p2a: Slurpuff
|-damage|p2a: Slurpuff|0 fnt
|faint|p2a: Slurpuff
|
|upkeep
|
|t:|1620710058
|switch|p2a: Yveltal|Yveltal|100/100
|-damage|p2a: Yveltal|76/100|[from] Stealth Rock
|-ability|p2a: Yveltal|Dark Aura
|turn|8
|
|t:|1620710067
|switch|p1a: Yveltal|Yveltal|100/100
|-ability|p1a: Yveltal|Dark Aura
|move|p2a: Yveltal|Oblivion Wing|p1a: Yveltal
|-damage|p1a: Yveltal|65/100
|-heal|p2a: Yveltal|100/100|[from] drain|[of] p1a: Yveltal
|-damage|p2a: Yveltal|91/100|[from] item: Life Orb
|
|upkeep
|turn|9
|
|t:|1620710073
|move|p1a: Yveltal|Roost|p1a: Yveltal
|-heal|p1a: Yveltal|100/100
|-singleturn|p1a: Yveltal|move: Roost
|move|p2a: Yveltal|Oblivion Wing|p1a: Yveltal
|-damage|p1a: Yveltal|65/100
|-heal|p2a: Yveltal|100/100|[from] drain|[of] p1a: Yveltal
|-damage|p2a: Yveltal|91/100|[from] item: Life Orb
|
|upkeep
|turn|10
|
|t:|1620710078
|move|p2a: Yveltal|Dark Pulse|p1a: Yveltal
|-resisted|p1a: Yveltal
|-damage|p1a: Yveltal|38/100
|-damage|p2a: Yveltal|81/100|[from] item: Life Orb
|move|p1a: Yveltal|Knock Off|p2a: Yveltal
|-resisted|p2a: Yveltal
|-damage|p2a: Yveltal|53/100
|-enditem|p2a: Yveltal|Life Orb|[from] move: Knock Off|[of] p1a: Yveltal
|
|upkeep
|turn|11
|
|t:|1620710081
|move|p1a: Yveltal|Roost|p1a: Yveltal
|-heal|p1a: Yveltal|88/100
|-singleturn|p1a: Yveltal|move: Roost
|move|p2a: Yveltal|Taunt|p1a: Yveltal
|-start|p1a: Yveltal|move: Taunt
|
|upkeep
|turn|12
|c|☆ULT8RQ Quintuplets|sob
|
|t:|1620710085
|move|p1a: Yveltal|Knock Off|p2a: Yveltal
|-resisted|p2a: Yveltal
|-damage|p2a: Yveltal|35/100
|move|p2a: Yveltal|Oblivion Wing|p1a: Yveltal
|-damage|p1a: Yveltal|61/100
|-heal|p2a: Yveltal|56/100|[from] drain|[of] p1a: Yveltal
|
|upkeep
|turn|13
|
|t:|1620710093
|switch|p1a: Eternatus|Eternatus|100/100
|-ability|p1a: Eternatus|Pressure
|move|p2a: Yveltal|Oblivion Wing|p1a: Eternatus
|-damage|p1a: Eternatus|68/100
|-heal|p2a: Yveltal|82/100|[from] drain|[of] p1a: Eternatus
|
|-heal|p1a: Eternatus|75/100|[from] item: Black Sludge
|upkeep
|turn|14
|
|t:|1620710098
|move|p1a: Eternatus|Toxic|p2a: Yveltal
|-status|p2a: Yveltal|tox
|move|p2a: Yveltal|Oblivion Wing|p1a: Eternatus
|-damage|p1a: Eternatus|40/100
|-heal|p2a: Yveltal|100/100 tox|[from] drain|[of] p1a: Eternatus
|
|-heal|p1a: Eternatus|46/100|[from] item: Black Sludge
|-damage|p2a: Yveltal|94/100 tox|[from] psn
|upkeep
|turn|15
|
|t:|1620710105
|switch|p2a: Calyrex|Calyrex-Shadow|100/100
|-ability|p2a: Calyrex|As One
|-ability|p2a: Calyrex|Unnerve
|-damage|p2a: Calyrex|88/100|[from] Stealth Rock
|move|p1a: Eternatus|Recover|p1a: Eternatus
|-heal|p1a: Eternatus|96/100
|
|-heal|p1a: Eternatus|100/100|[from] item: Black Sludge
|upkeep
|turn|16
|inactive|ULT8RQ KB has 120 seconds left.
|
|t:|1620710141
|switch|p1a: Yveltal|Yveltal|61/100
|-ability|p1a: Yveltal|Dark Aura
|move|p2a: Calyrex|Nasty Plot|p2a: Calyrex
|-boost|p2a: Calyrex|spa|2
|
|upkeep
|turn|17
|
|t:|1620710145
|move|p2a: Calyrex|Draining Kiss|p1a: Yveltal
|-supereffective|p1a: Yveltal
|-damage|p1a: Yveltal|0 fnt
|-heal|p2a: Calyrex|100/100|[from] drain|[of] p1a: Yveltal
|faint|p1a: Yveltal
|-ability|p2a: Calyrex|Grim Neigh|boost
|-boost|p2a: Calyrex|spa|1
|
|upkeep
|inactive|ULT8RQ KB has 120 seconds left.
|c|☆ULT8RQ Quintuplets|a miracle
|c|☆ULT8RQ KB|down bad
|c|☆ULT8RQ KB|WTF
|c|☆ULT8RQ KB|whys it back at 100
|inactive|ULT8RQ KB has 90 seconds left.
|c|+Aberforth|draining kiss
|c|☆ULT8RQ Quintuplets|dkiss
|c|☆ULT8RQ Quintuplets|yy
|
|t:|1620710204
|switch|p1a: Blissey|Blissey, F|100/100
|turn|18
|
|t:|1620710210
|move|p2a: Calyrex|Psyshock|p1a: Blissey
|-damage|p1a: Blissey|0 fnt
|faint|p1a: Blissey
|-ability|p2a: Calyrex|Grim Neigh|boost
|-boost|p2a: Calyrex|spa|1
|
|upkeep
|
|t:|1620710214
|switch|p1a: Ditto|Ditto|100/100
|-transform|p1a: Ditto|p2a: Calyrex|[from] ability: Imposter
|turn|19
|c|☆ULT8RQ KB|gg
|c|☆ULT8RQ Quintuplets|omfg ban calyrex
|c|+Aberforth|we should
|c|☆ULT8RQ Quintuplets|gg mb for misses
|c|☆ULT8RQ KB|nw
|
|t:|1620710233
|move|p1a: Ditto|Astral Barrage|p2a: Calyrex
|-supereffective|p2a: Calyrex
|-enditem|p2a: Calyrex|Focus Sash
|-damage|p2a: Calyrex|1/100
|move|p2a: Calyrex|Astral Barrage|p1a: Ditto
|-supereffective|p1a: Ditto
|-damage|p1a: Ditto|0 fnt
|faint|p1a: Ditto
|-ability|p2a: Calyrex|Grim Neigh|boost
|-boost|p2a: Calyrex|spa|1
|
|upkeep
|-message|ULT8RQ KB forfeited.
|
|win|ULT8RQ Quintuplets
|raw|ULT8RQ KB's rating: 1632 &rarr; <strong>1607</strong><br />(-25 for losing)
|raw|ULT8RQ Quintuplets's rating: 1542 &rarr; <strong>1567</strong><br />(+25 for winning)
|l| Holy Ghost
|l|☆ULT8RQ KB
|l|+Aberforth
|l|☆ULT8RQ Quintuplets
