|j|☆Mekontchou111
|j|☆jdndnn
|t:|1665941615
|gametype|singles
|player|p1|Mekontchou111|102|1523
|player|p2|jdndnn|102|1394
|teamsize|p1|6
|teamsize|p2|6
|gen|8
|tier|[Gen 8] Ubers
|rated|
|rule|Sleep Clause Mod: Limit one foe put to sleep
|rule|Species Clause: Limit one of each Pokémon
|rule|OHKO Clause: OHKO moves are banned
|rule|Evasion Items Clause: Evasion items are banned
|rule|Evasion Moves Clause: Evasion moves are banned
|rule|Endless Battle Clause: Forcing endless battles is banned
|rule|HP Percentage Mod: HP is shown in percentages
|rule|Dynamax Clause: You cannot dynamax
|clearpoke
|poke|p1|Dracovish|
|poke|p1|Porygon2|
|poke|p1|Calyrex-Ice|
|poke|p1|Magearna|
|poke|p1|Melmetal|
|poke|p1|Hatterene, F|
|poke|p2|Tyranitar, F|
|poke|p2|Gastrodon, F|
|poke|p2|Necrozma-Dusk-Mane|
|poke|p2|Ho-Oh|
|poke|p2|Calyrex-Shadow|
|poke|p2|Kyogre|
|teampreview
|inactive|Battle timer is ON: inactive players will automatically lose when time's up. (requested by Mekontchou111)
|l|☆Mekontchou111
|inactive|Mekontchou111 disconnected and has a minute to reconnect!
|player|p1|
|
|t:|1665941640
|start
|switch|p1a: Hatterene|Hatterene, F|100/100
|switch|p2a: Calyrex|Calyrex-Shadow|100/100
|-ability|p2a: Calyrex|As One
|-ability|p2a: Calyrex|Unnerve
|turn|1
|j|☆Mekontchou111
|inactive|Mekontchou111 reconnected and has 150 seconds left.
|player|p1|Mekontchou111|102
|
|t:|1665941650
|switch|p1a: Porygon2|Porygon2|100/100
|move|p2a: Calyrex|Astral Barrage|p1a: Porygon2
|-immune|p1a: Porygon2
|
|upkeep
|turn|2
|
|t:|1665941658
|switch|p2a: Gastrodon|Gastrodon, F, shiny|100/100
|move|p1a: Porygon2|Trick Room|p1a: Porygon2
|-fieldstart|move: Trick Room|[of] p1a: Porygon2
|
|upkeep
|turn|3
|
|t:|1665941670
|move|p2a: Gastrodon|Yawn|p1a: Porygon2
|-start|p1a: Porygon2|move: Yawn|[of] p2a: Gastrodon
|move|p1a: Porygon2|Teleport|p1a: Porygon2
|
|t:|1665941677
|switch|p1a: Calyrex|Calyrex-Ice|100/100|[from]move: Teleport
|-ability|p1a: Calyrex|As One
|-ability|p1a: Calyrex|Unnerve
|
|upkeep
|turn|4
|
|t:|1665941684
|switch|p2a: Necrozma|Necrozma-Dusk-Mane, shiny|100/100
|move|p1a: Calyrex|Glacial Lance|p2a: Necrozma
|-resisted|p2a: Necrozma
|-damage|p2a: Necrozma|67/100
|
|-heal|p2a: Necrozma|73/100|[from] item: Leftovers
|upkeep
|turn|5
|
|t:|1665941694
|switch|p1a: Dracovish|Dracovish|100/100
|move|p2a: Necrozma|Iron Head|p1a: Dracovish
|-resisted|p1a: Dracovish
|-damage|p1a: Dracovish|83/100
|
|-heal|p2a: Necrozma|79/100|[from] item: Leftovers
|upkeep
|turn|6
|
|t:|1665941705
|switch|p2a: Gastrodon|Gastrodon, F, shiny|100/100
|move|p1a: Dracovish|Crunch|p2a: Gastrodon
|-damage|p2a: Gastrodon|64/100
|
|-heal|p2a: Gastrodon|70/100|[from] item: Leftovers
|-fieldend|move: Trick Room
|upkeep
|turn|7
|
|t:|1665941715
|switch|p1a: Hatterene|Hatterene, F|100/100
|move|p2a: Gastrodon|Yawn|p1a: Hatterene
|move|p1a: Hatterene|Yawn|p2a: Gastrodon|[from]ability: Magic Bounce
|-start|p2a: Gastrodon|move: Yawn|[of] p1a: Hatterene
|
|-heal|p2a: Gastrodon|76/100|[from] item: Leftovers
|upkeep
|turn|8
|
|t:|1665941737
|switch|p2a: Calyrex|Calyrex-Shadow|100/100
|-ability|p2a: Calyrex|As One
|-ability|p2a: Calyrex|Unnerve
|move|p1a: Hatterene|Trick Room|p1a: Hatterene
|-fieldstart|move: Trick Room|[of] p1a: Hatterene
|
|upkeep
|turn|9
|
|t:|1665941746
|switch|p1a: Porygon2|Porygon2|100/100
|move|p2a: Calyrex|Leech Seed|p1a: Porygon2
|-start|p1a: Porygon2|move: Leech Seed
|
|-damage|p1a: Porygon2|88/100|[from] Leech Seed|[of] p2a: Calyrex
|upkeep
|turn|10
|
|t:|1665941755
|switch|p2a: Gastrodon|Gastrodon, F, shiny|76/100
|move|p1a: Porygon2|Teleport|p1a: Porygon2
|
|t:|1665941761
|switch|p1a: Calyrex|Calyrex-Ice|100/100|[from]move: Teleport
|-ability|p1a: Calyrex|As One
|-ability|p1a: Calyrex|Unnerve
|
|-heal|p2a: Gastrodon|82/100|[from] item: Leftovers
|upkeep
|turn|11
|
|t:|1665941787
|move|p2a: Gastrodon|Yawn|p1a: Calyrex
|-start|p1a: Calyrex|move: Yawn|[of] p2a: Gastrodon
|move|p1a: Calyrex|Glacial Lance|p2a: Gastrodon
|-damage|p2a: Gastrodon|14/100
|
|-heal|p2a: Gastrodon|20/100|[from] item: Leftovers
|upkeep
|turn|12
|inactive|jdndnn has 120 seconds left.
|
|t:|1665941805
|switch|p1a: Porygon2|Porygon2|88/100
|move|p2a: Gastrodon|Whirlpool|p1a: Porygon2
|-damage|p1a: Porygon2|80/100
|-activate|p1a: Porygon2|move: Whirlpool|[of] p2a: Gastrodon
|
|-heal|p2a: Gastrodon|27/100|[from] item: Leftovers
|-damage|p1a: Porygon2|68/100|[from] move: Whirlpool|[partiallytrapped]
|-fieldend|move: Trick Room
|upkeep
|turn|13
|inactive|jdndnn has 120 seconds left.
|
|t:|1665941820
|move|p2a: Gastrodon|Recover|p2a: Gastrodon
|-heal|p2a: Gastrodon|77/100
|move|p1a: Porygon2|Trick Room|p1a: Porygon2
|-fieldstart|move: Trick Room|[of] p1a: Porygon2
|
|-heal|p2a: Gastrodon|83/100|[from] item: Leftovers
|-damage|p1a: Porygon2|56/100|[from] move: Whirlpool|[partiallytrapped]
|upkeep
|turn|14
|inactive|jdndnn has 120 seconds left.
|j| Ttv girlfriend
|
|t:|1665941834
|switch|p2a: Tyranitar|Tyranitar, F, shiny|100/100
|-weather|Sandstorm|[from] ability: Sand Stream|[of] p2a: Tyranitar
|move|p1a: Porygon2|Recover|p1a: Porygon2
|-heal|p1a: Porygon2|100/100
|
|-weather|Sandstorm|[upkeep]
|-damage|p1a: Porygon2|94/100|[from] Sandstorm
|-end|p1a: Porygon2|Whirlpool|[partiallytrapped]|[silent]
|upkeep
|turn|15
|inactive|jdndnn has 120 seconds left.
|
|t:|1665941849
|switch|p2a: Necrozma|Necrozma-Dusk-Mane, shiny|79/100
|move|p1a: Porygon2|Teleport|p1a: Porygon2
|
|t:|1665941863
|switch|p1a: Dracovish|Dracovish|83/100|[from]move: Teleport
|
|-weather|Sandstorm|[upkeep]
|-damage|p1a: Dracovish|76/100|[from] Sandstorm
|-heal|p2a: Necrozma|85/100|[from] item: Leftovers
|upkeep
|turn|16
|inactive|jdndnn has 120 seconds left.
|
|t:|1665941871
|move|p2a: Necrozma|Iron Head|p1a: Dracovish
|-resisted|p1a: Dracovish
|-damage|p1a: Dracovish|58/100
|cant|p1a: Dracovish|flinch
|
|-weather|Sandstorm|[upkeep]
|-damage|p1a: Dracovish|51/100|[from] Sandstorm
|-heal|p2a: Necrozma|91/100|[from] item: Leftovers
|upkeep
|turn|17
|
|t:|1665941885
|switch|p1a: Porygon2|Porygon2|94/100
|move|p2a: Necrozma|Iron Head|p1a: Porygon2
|-damage|p1a: Porygon2|74/100
|
|-weather|Sandstorm|[upkeep]
|-damage|p1a: Porygon2|68/100|[from] Sandstorm
|-heal|p2a: Necrozma|97/100|[from] item: Leftovers
|-fieldend|move: Trick Room
|upkeep
|turn|18
|
|t:|1665941895
|switch|p1a: Hatterene|Hatterene, F|100/100
|move|p2a: Necrozma|Swords Dance|p2a: Necrozma
|-boost|p2a: Necrozma|atk|2
|
|-weather|none
|-heal|p2a: Necrozma|100/100|[from] item: Leftovers
|upkeep
|turn|19
|inactive|Mekontchou111 has 120 seconds left.
|
|t:|1665941949
|switch|p1a: Magearna|Magearna|100/100
|move|p2a: Necrozma|Iron Head|p1a: Magearna
|-damage|p1a: Magearna|32/100
|
|upkeep
|turn|20
|
|t:|1665941960
|move|p1a: Magearna|Steel Beam|p2a: Necrozma
|-resisted|p2a: Necrozma
|-damage|p2a: Necrozma|78/100
|-damage|p1a: Magearna|0 fnt|[from] mindblown
|faint|p1a: Magearna
|move|p2a: Necrozma|Iron Head|p1: Magearna|[notarget]
|-fail|p2a: Necrozma
|
|-heal|p2a: Necrozma|84/100|[from] item: Leftovers
|upkeep
|
|t:|1665941968
|switch|p1a: Dracovish|Dracovish|51/100
|turn|21
|
|t:|1665941972
|move|p1a: Dracovish|Fishious Rend|p2a: Necrozma
|-damage|p2a: Necrozma|0 fnt
|faint|p2a: Necrozma
|
|upkeep
|
|t:|1665941980
|switch|p2a: Gastrodon|Gastrodon, F, shiny|83/100
|turn|22
|
|t:|1665941985
|switch|p1a: Hatterene|Hatterene, F|100/100
|move|p2a: Gastrodon|Whirlpool|p1a: Hatterene|[miss]
|-miss|p2a: Gastrodon|p1a: Hatterene
|
|-heal|p2a: Gastrodon|89/100|[from] item: Leftovers
|upkeep
|turn|23
|
|t:|1665941995
|switch|p1a: Calyrex|Calyrex-Ice|100/100
|-ability|p1a: Calyrex|As One
|-ability|p1a: Calyrex|Unnerve
|move|p2a: Gastrodon|Whirlpool|p1a: Calyrex
|-damage|p1a: Calyrex|92/100
|-activate|p1a: Calyrex|move: Whirlpool|[of] p2a: Gastrodon
|
|-heal|p2a: Gastrodon|95/100|[from] item: Leftovers
|-damage|p1a: Calyrex|79/100|[from] move: Whirlpool|[partiallytrapped]
|upkeep
|turn|24
|
|t:|1665942007
|move|p1a: Calyrex|Glacial Lance|p2a: Gastrodon
|-damage|p2a: Gastrodon|29/100
|move|p2a: Gastrodon|Yawn|p1a: Calyrex
|-start|p1a: Calyrex|move: Yawn|[of] p2a: Gastrodon
|
|-heal|p2a: Gastrodon|35/100|[from] item: Leftovers
|-damage|p1a: Calyrex|67/100|[from] move: Whirlpool|[partiallytrapped]
|upkeep
|turn|25
|inactive|Mekontchou111 has 120 seconds left.
|
|t:|1665942028
|switch|p2a: Kyogre|Kyogre, shiny|100/100
|-weather|RainDance|[from] ability: Drizzle|[of] p2a: Kyogre
|move|p1a: Calyrex|Glacial Lance|p2a: Kyogre
|-resisted|p2a: Kyogre
|-damage|p2a: Kyogre|54/100
|
|-weather|RainDance|[upkeep]
|-end|p1a: Calyrex|Whirlpool|[partiallytrapped]|[silent]
|-end|p1a: Calyrex|move: Yawn|[silent]
|-status|p1a: Calyrex|slp
|upkeep
|turn|26
|
|t:|1665942038
|switch|p1a: Dracovish|Dracovish|51/100
|move|p2a: Kyogre|Origin Pulse|p1a: Dracovish
|-resisted|p1a: Dracovish
|-damage|p1a: Dracovish|10/100
|
|-weather|RainDance|[upkeep]
|upkeep
|turn|27
|
|t:|1665942046
|move|p2a: Kyogre|Origin Pulse|p1a: Dracovish
|-resisted|p1a: Dracovish
|-damage|p1a: Dracovish|0 fnt
|faint|p1a: Dracovish
|
|-weather|RainDance|[upkeep]
|upkeep
|
|t:|1665942051
|switch|p1a: Hatterene|Hatterene, F|100/100
|turn|28
|
|t:|1665942057
|switch|p2a: Tyranitar|Tyranitar, F, shiny|100/100
|-weather|Sandstorm|[from] ability: Sand Stream|[of] p2a: Tyranitar
|move|p1a: Hatterene|Trick Room|p1a: Hatterene
|-fieldstart|move: Trick Room|[of] p1a: Hatterene
|
|-weather|Sandstorm|[upkeep]
|-damage|p1a: Hatterene|95/100|[from] Sandstorm
|upkeep
|turn|29
|
|t:|1665942067
|switch|p1a: Melmetal|Melmetal|100/100
|switch|p2a: Ho-Oh|Ho-Oh, shiny|100/100
|
|-weather|Sandstorm|[upkeep]
|-damage|p2a: Ho-Oh|94/100|[from] Sandstorm
|upkeep
|turn|30
|
|t:|1665942078
|move|p1a: Melmetal|Double Iron Bash|p2a: Ho-Oh
|-resisted|p2a: Ho-Oh
|-damage|p2a: Ho-Oh|72/100
|-resisted|p2a: Ho-Oh
|-damage|p2a: Ho-Oh|50/100
|-hitcount|p2a: Ho-Oh|2
|move|p2a: Ho-Oh|Sacred Fire|p1a: Melmetal
|-supereffective|p1a: Melmetal
|-damage|p1a: Melmetal|58/100
|
|-weather|Sandstorm|[upkeep]
|-damage|p2a: Ho-Oh|44/100|[from] Sandstorm
|upkeep
|turn|31
|
|t:|1665942089
|switch|p2a: Gastrodon|Gastrodon, F, shiny|35/100
|move|p1a: Melmetal|Double Iron Bash|p2a: Gastrodon
|-resisted|p2a: Gastrodon
|-damage|p2a: Gastrodon|11/100
|-resisted|p2a: Gastrodon
|-damage|p2a: Gastrodon|0 fnt
|faint|p2a: Gastrodon
|-hitcount|p2: Gastrodon|2
|
|-weather|Sandstorm|[upkeep]
|upkeep
|
|t:|1665942105
|switch|p2a: Ho-Oh|Ho-Oh, shiny|77/100
|turn|32
|
|t:|1665942116
|switch|p1a: Calyrex|Calyrex-Ice|67/100 slp
|-ability|p1a: Calyrex|As One
|-ability|p1a: Calyrex|Unnerve
|move|p2a: Ho-Oh|Sacred Fire|p1a: Calyrex
|-supereffective|p1a: Calyrex
|-damage|p1a: Calyrex|14/100 slp
|-enditem|p1a: Calyrex|Weakness Policy
|-boost|p1a: Calyrex|atk|2|[from] item: Weakness Policy
|-boost|p1a: Calyrex|spa|2|[from] item: Weakness Policy
|
|-weather|none
|-fieldend|move: Trick Room
|upkeep
|turn|33
|
|t:|1665942130
|move|p2a: Ho-Oh|Brave Bird|p1a: Calyrex
|-damage|p1a: Calyrex|0 fnt
|faint|p1a: Calyrex
|-damage|p2a: Ho-Oh|73/100|[from] Recoil
|
|upkeep
|
|t:|1665942137
|switch|p1a: Porygon2|Porygon2|68/100
|turn|34
|l| Ttv girlfriend
|
|t:|1665942164
|switch|p2a: Kyogre|Kyogre, shiny|54/100
|-weather|RainDance|[from] ability: Drizzle|[of] p2a: Kyogre
|move|p1a: Porygon2|Recover|p1a: Porygon2
|-heal|p1a: Porygon2|100/100
|
|-weather|RainDance|[upkeep]
|upkeep
|turn|35
|
|t:|1665942173
|move|p2a: Kyogre|Origin Pulse|p1a: Porygon2
|-damage|p1a: Porygon2|0 fnt
|faint|p1a: Porygon2
|
|-weather|RainDance|[upkeep]
|upkeep
|
|t:|1665942182
|switch|p1a: Hatterene|Hatterene, F|95/100
|turn|36
|
|t:|1665942185
|move|p2a: Kyogre|Origin Pulse|p1a: Hatterene
|-damage|p1a: Hatterene|0 fnt
|faint|p1a: Hatterene
|
|-weather|RainDance|[upkeep]
|upkeep
|-message|Mekontchou111 forfeited.
|
|win|jdndnn
|raw|Mekontchou111's rating: 1523 &rarr; <strong>1496</strong><br />(-27 for losing)
|raw|jdndnn's rating: 1394 &rarr; <strong>1421</strong><br />(+27 for winning)
|l|☆Mekontchou111
||Ladder isn't responding, score probably updated but might not have (Request timeout).
