|j|☆Harmony Terminal
|j|☆OnlySpams
|t:|1621002528
|gametype|singles
|player|p1|Harmony Terminal|red-gen7|
|player|p2|OnlySpams|pokemaniac|
|teamsize|p1|6
|teamsize|p2|6
|gen|8
|tier|[Gen 8] Ubers
|rated|Tournament battle
|rule|Sleep Clause Mod: Limit one foe put to sleep
|rule|Species Clause: Limit one of each Pokémon
|rule|OHKO Clause: OHKO moves are banned
|rule|Evasion Moves Clause: Evasion moves are banned
|rule|Endless Battle Clause: Forcing endless battles is banned
|rule|HP Percentage Mod: HP is shown in percentages
|rule|Dynamax Clause: You cannot dynamax
|clearpoke
|poke|p1|Necrozma-Dusk-Mane|
|poke|p1|Zygarde|
|poke|p1|Zacian-*|
|poke|p1|Ho-Oh|
|poke|p1|Yveltal|
|poke|p1|Eternatus|
|poke|p2|Calyrex-Shadow|
|poke|p2|Yveltal|
|poke|p2|Xerneas-*|
|poke|p2|Necrozma-Dusk-Mane|
|poke|p2|Ditto|
|poke|p2|Eternatus|
|teampreview
|inactive|Battle timer is ON: inactive players will automatically lose when time's up. (requested by OnlySpams)
|j| Datsplashtho
|inactive|Harmony Terminal has 120 seconds left.
|inactive|Harmony Terminal has 90 seconds left.
|
|t:|1621002594
|start
|switch|p1a: Zacian|Zacian|100/100
|switch|p2a: Calyrex|Calyrex-Shadow|100/100
|-ability|p2a: Calyrex|As One
|-ability|p2a: Calyrex|Unnerve
|-ability|p1a: Zacian|Intrepid Sword|boost
|-boost|p1a: Zacian|atk|1
|turn|1
|
|t:|1621002601
|move|p2a: Calyrex|Substitute|p2a: Calyrex
|-start|p2a: Calyrex|Substitute
|-damage|p2a: Calyrex|76/100
|move|p1a: Zacian|Crunch|p2a: Calyrex
|-supereffective|p2a: Calyrex
|-end|p2a: Calyrex|Substitute
|
|upkeep
|turn|2
|
|t:|1621002618
|switch|p2a: Necrozma|Necrozma-Dusk-Mane|100/100
|switch|p1a: Ho-Oh|Ho-Oh|100/100
|
|upkeep
|turn|3
|
|t:|1621002629
|move|p1a: Ho-Oh|Sacred Fire|p2a: Necrozma
|-supereffective|p2a: Necrozma
|-damage|p2a: Necrozma|67/100
|-status|p2a: Necrozma|brn
|move|p2a: Necrozma|Thunder Wave|p1a: Ho-Oh|[miss]
|-miss|p2a: Necrozma|p1a: Ho-Oh
|
|-damage|p2a: Necrozma|61/100 brn|[from] brn
|upkeep
|turn|4
|
|t:|1621002633
|switch|p1a: Zygarde|Zygarde|100/100
|move|p2a: Necrozma|Thunder Wave|p1a: Zygarde
|-immune|p1a: Zygarde
|
|-damage|p2a: Necrozma|55/100 brn|[from] brn
|upkeep
|turn|5
|
|t:|1621002642
|switch|p2a: Xerneas|Xerneas|100/100
|-ability|p2a: Xerneas|Fairy Aura
|move|p1a: Zygarde|Glare|p2a: Xerneas
|-status|p2a: Xerneas|par
|
|upkeep
|turn|6
|
|t:|1621002650
|switch|p1a: Zacian|Zacian|100/100
|-ability|p1a: Zacian|Intrepid Sword|boost
|-boost|p1a: Zacian|atk|1
|move|p2a: Xerneas|Moonblast|p1a: Zacian
|-damage|p1a: Zacian|29/100
|
|upkeep
|turn|7
|
|t:|1621002659
|switch|p2a: Necrozma|Necrozma-Dusk-Mane|55/100 brn
|move|p1a: Zacian|Play Rough|p2a: Necrozma
|-resisted|p2a: Necrozma
|-damage|p2a: Necrozma|24/100 brn
|-unboost|p2a: Necrozma|atk|1
|-damage|p1a: Zacian|12/100|[from] item: Rocky Helmet|[of] p2a: Necrozma
|
|-damage|p2a: Necrozma|18/100 brn|[from] brn
|upkeep
|turn|8
|
|t:|1621002681
|switch|p1a: Zygarde|Zygarde|100/100
|move|p2a: Necrozma|Stealth Rock|p1a: Zygarde
|-sidestart|p1: Harmony Terminal|move: Stealth Rock
|
|-damage|p2a: Necrozma|12/100 brn|[from] brn
|upkeep
|turn|9
|
|t:|1621002687
|switch|p2a: Xerneas|Xerneas|100/100 par
|-ability|p2a: Xerneas|Fairy Aura
|move|p1a: Zygarde|Thousand Arrows|p2a: Xerneas
|-damage|p2a: Xerneas|78/100 par
|
|upkeep
|turn|10
|
|t:|1621002695
|switch|p1a: Ho-Oh|Ho-Oh|100/100
|move|p2a: Xerneas|Moonblast|p1a: Ho-Oh
|-resisted|p1a: Ho-Oh
|-damage|p1a: Ho-Oh|80/100
|-unboost|p1a: Ho-Oh|spa|1
|
|upkeep
|turn|11
|
|t:|1621002701
|move|p1a: Ho-Oh|Defog|p2a: Xerneas
|-unboost|p2a: Xerneas|evasion|1
|-sideend|p1: Harmony Terminal|Stealth Rock|[from] move: Defog|[of] p1a: Ho-Oh
|move|p2a: Xerneas|Block|p1a: Ho-Oh
|-activate|p1a: Ho-Oh|trapped
|
|upkeep
|turn|12
|
|t:|1621002707
|move|p1a: Ho-Oh|Sacred Fire|p2a: Xerneas
|-damage|p2a: Xerneas|46/100 par
|move|p2a: Xerneas|Rest|p2a: Xerneas
|-status|p2a: Xerneas|slp|[from] move: Rest
|-heal|p2a: Xerneas|100/100 slp|[silent]
|
|upkeep
|turn|13
|
|t:|1621002711
|cant|p2a: Xerneas|slp
|move|p1a: Ho-Oh|Whirlwind|p2a: Xerneas
|drag|p2a: Ditto|Ditto, shiny|100/100
|-transform|p2a: Ditto|p1a: Ho-Oh|[from] ability: Imposter
|
|upkeep
|turn|14
|
|t:|1621002720
|switch|p2a: Xerneas|Xerneas|100/100 slp
|-ability|p2a: Xerneas|Fairy Aura
|switch|p1a: Zygarde|Zygarde|100/100
|
|upkeep
|turn|15
|
|t:|1621002730
|switch|p1a: Necrozma|Necrozma-Dusk-Mane|100/100
|cant|p2a: Xerneas|slp
|
|upkeep
|turn|16
|
|t:|1621002738
|switch|p2a: Yveltal|Yveltal|100/100
|-ability|p2a: Yveltal|Dark Aura
|move|p1a: Necrozma|Stealth Rock|p2a: Yveltal
|-sidestart|p2: OnlySpams|move: Stealth Rock
|
|upkeep
|turn|17
|
|t:|1621002750
|switch|p1a: Eternatus|Eternatus|100/100
|-ability|p1a: Eternatus|Pressure
|move|p2a: Yveltal|Knock Off|p1a: Eternatus
|-damage|p1a: Eternatus|61/100
|-enditem|p1a: Eternatus|Black Sludge|[from] move: Knock Off|[of] p2a: Yveltal
|
|upkeep
|turn|18
|
|t:|1621002757
|move|p1a: Eternatus|Toxic Spikes|p2a: Yveltal
|-sidestart|p2: OnlySpams|move: Toxic Spikes
|move|p2a: Yveltal|Defog|p1a: Eternatus
|-unboost|p1a: Eternatus|evasion|1
|-sideend|p2: OnlySpams|Toxic Spikes|[from] move: Defog|[of] p2a: Yveltal
|-sideend|p2: OnlySpams|Stealth Rock|[from] move: Defog|[of] p2a: Yveltal
|
|upkeep
|turn|19
|
|t:|1621002762
|switch|p2a: Calyrex|Calyrex-Shadow|76/100
|-ability|p2a: Calyrex|As One
|-ability|p2a: Calyrex|Unnerve
|move|p1a: Eternatus|Toxic Spikes|p2a: Calyrex
|-sidestart|p2: OnlySpams|move: Toxic Spikes
|
|upkeep
|turn|20
|
|t:|1621002767
|switch|p1a: Yveltal|Yveltal|100/100
|-ability|p1a: Yveltal|Dark Aura
|move|p2a: Calyrex|Leech Seed|p1a: Yveltal
|-start|p1a: Yveltal|move: Leech Seed
|
|-damage|p1a: Yveltal|88/100|[from] Leech Seed|[of] p2a: Calyrex
|-heal|p2a: Calyrex|92/100|[silent]
|upkeep
|turn|21
|
|t:|1621002772
|move|p1a: Yveltal|U-turn|p2a: Calyrex
|-crit|p2a: Calyrex
|-damage|p2a: Calyrex|58/100
|
|t:|1621002775
|switch|p1a: Ho-Oh|Ho-Oh|100/100|[from]move: U-turn
|move|p2a: Calyrex|Substitute|p2a: Calyrex
|-start|p2a: Calyrex|Substitute
|-damage|p2a: Calyrex|33/100
|
|upkeep
|turn|22
|
|t:|1621002778
|move|p2a: Calyrex|Astral Barrage|p1a: Ho-Oh
|-damage|p1a: Ho-Oh|54/100
|move|p1a: Ho-Oh|Whirlwind|p2a: Calyrex
|drag|p2a: Yveltal|Yveltal|100/100
|-ability|p2a: Yveltal|Dark Aura
|
|upkeep
|turn|23
|
|t:|1621002787
|switch|p1a: Eternatus|Eternatus|61/100
|-ability|p1a: Eternatus|Pressure
|move|p2a: Yveltal|Knock Off|p1a: Eternatus
|-damage|p1a: Eternatus|31/100
|
|upkeep
|turn|24
|
|t:|1621002791
|move|p1a: Eternatus|Recover|p1a: Eternatus
|-heal|p1a: Eternatus|81/100
|move|p2a: Yveltal|Defog|p1a: Eternatus
|-unboost|p1a: Eternatus|evasion|1
|-sideend|p2: OnlySpams|Toxic Spikes|[from] move: Defog|[of] p2a: Yveltal
|
|upkeep
|turn|25
|
|t:|1621002798
|switch|p2a: Eternatus|Eternatus|100/100
|-ability|p2a: Eternatus|Pressure
|move|p1a: Eternatus|Toxic Spikes|p2a: Eternatus
|-sidestart|p2: OnlySpams|move: Toxic Spikes
|
|upkeep
|turn|26
|
|t:|1621002811
|move|p2a: Eternatus|Dynamax Cannon|p1a: Eternatus
|-supereffective|p1a: Eternatus
|-damage|p1a: Eternatus|25/100
|move|p1a: Eternatus|Dynamax Cannon|p2a: Eternatus
|-supereffective|p2a: Eternatus
|-damage|p2a: Eternatus|49/100
|
|-heal|p2a: Eternatus|55/100|[from] item: Black Sludge
|upkeep
|turn|27
|
|t:|1621002818
|switch|p1a: Necrozma|Necrozma-Dusk-Mane|100/100
|move|p2a: Eternatus|Recover|p2a: Eternatus
|-heal|p2a: Eternatus|100/100
|
|upkeep
|turn|28
|
|t:|1621002821
|move|p2a: Eternatus|Flamethrower|p1a: Necrozma
|-supereffective|p1a: Necrozma
|-damage|p1a: Necrozma|63/100
|move|p1a: Necrozma|Earthquake|p2a: Eternatus
|-supereffective|p2a: Eternatus
|-damage|p2a: Eternatus|51/100
|
|-heal|p2a: Eternatus|57/100|[from] item: Black Sludge
|-heal|p1a: Necrozma|69/100|[from] item: Leftovers
|upkeep
|turn|29
|
|t:|1621002826
|switch|p1a: Ho-Oh|Ho-Oh|87/100
|move|p2a: Eternatus|Flamethrower|p1a: Ho-Oh
|-resisted|p1a: Ho-Oh
|-damage|p1a: Ho-Oh|79/100
|
|-heal|p2a: Eternatus|63/100|[from] item: Black Sludge
|upkeep
|turn|30
|
|t:|1621002829
|move|p2a: Eternatus|Toxic|p1a: Ho-Oh
|-status|p1a: Ho-Oh|tox
|move|p1a: Ho-Oh|Thunder Wave|p2a: Eternatus
|-status|p2a: Eternatus|par
|
|-heal|p2a: Eternatus|69/100 par|[from] item: Black Sludge
|-damage|p1a: Ho-Oh|73/100 tox|[from] psn
|upkeep
|turn|31
|
|t:|1621002838
|switch|p1a: Necrozma|Necrozma-Dusk-Mane|69/100
|move|p2a: Eternatus|Recover|p2a: Eternatus
|-heal|p2a: Eternatus|100/100 par
|
|-heal|p1a: Necrozma|75/100|[from] item: Leftovers
|upkeep
|turn|32
|
|t:|1621002843
|switch|p2a: Yveltal|Yveltal|100/100
|-ability|p2a: Yveltal|Dark Aura
|move|p1a: Necrozma|Morning Sun|p1a: Necrozma
|-heal|p1a: Necrozma|100/100
|
|upkeep
|turn|33
|
|t:|1621002858
|switch|p1a: Ho-Oh|Ho-Oh|100/100 tox
|move|p2a: Yveltal|Knock Off|p1a: Ho-Oh
|-damage|p1a: Ho-Oh|61/100 tox
|-enditem|p1a: Ho-Oh|Heavy-Duty Boots|[from] move: Knock Off|[of] p2a: Yveltal
|
|-damage|p1a: Ho-Oh|55/100 tox|[from] psn
|upkeep
|turn|34
|
|t:|1621002869
|switch|p2a: Xerneas|Xerneas|100/100 slp
|-ability|p2a: Xerneas|Fairy Aura
|move|p1a: Ho-Oh|Thunder Wave||[still]
|-fail|p1a: Ho-Oh
|
|-damage|p1a: Ho-Oh|43/100 tox|[from] psn
|upkeep
|turn|35
|
|t:|1621002880
|switch|p1a: Necrozma|Necrozma-Dusk-Mane|100/100
|-curestatus|p2a: Xerneas|slp|[msg]
|move|p2a: Xerneas|Moonblast|p1a: Necrozma
|-resisted|p1a: Necrozma
|-damage|p1a: Necrozma|73/100
|
|-heal|p1a: Necrozma|79/100|[from] item: Leftovers
|upkeep
|turn|36
|
|t:|1621002894
|switch|p2a: Yveltal|Yveltal|100/100
|-ability|p2a: Yveltal|Dark Aura
|move|p1a: Necrozma|Stealth Rock|p2a: Yveltal
|-sidestart|p2: OnlySpams|move: Stealth Rock
|
|-heal|p1a: Necrozma|85/100|[from] item: Leftovers
|upkeep
|turn|37
|
|t:|1621002900
|switch|p1a: Ho-Oh|Ho-Oh|76/100 tox
|move|p2a: Yveltal|Defog|p1a: Ho-Oh
|-unboost|p1a: Ho-Oh|evasion|1
|-sideend|p2: OnlySpams|Toxic Spikes|[from] move: Defog|[of] p2a: Yveltal
|-sideend|p2: OnlySpams|Stealth Rock|[from] move: Defog|[of] p2a: Yveltal
|
|-damage|p1a: Ho-Oh|69/100 tox|[from] psn
|upkeep
|turn|38
|
|t:|1621002906
|switch|p2a: Eternatus|Eternatus|100/100 par
|-ability|p2a: Eternatus|Pressure
|move|p1a: Ho-Oh|Sacred Fire|p2a: Eternatus
|-resisted|p2a: Eternatus
|-crit|p2a: Eternatus
|-damage|p2a: Eternatus|78/100 par
|
|-heal|p2a: Eternatus|84/100 par|[from] item: Black Sludge
|-damage|p1a: Ho-Oh|57/100 tox|[from] psn
|upkeep
|turn|39
|
|t:|1621002916
|switch|p1a: Necrozma|Necrozma-Dusk-Mane|85/100
|move|p2a: Eternatus|Flamethrower|p1a: Necrozma
|-supereffective|p1a: Necrozma
|-damage|p1a: Necrozma|47/100
|
|-heal|p1a: Necrozma|54/100|[from] item: Leftovers
|-heal|p2a: Eternatus|90/100 par|[from] item: Black Sludge
|upkeep
|turn|40
|
|t:|1621002924
|switch|p2a: Yveltal|Yveltal|100/100
|-ability|p2a: Yveltal|Dark Aura
|move|p1a: Necrozma|Stealth Rock|p2a: Yveltal
|-sidestart|p2: OnlySpams|move: Stealth Rock
|
|-heal|p1a: Necrozma|60/100|[from] item: Leftovers
|upkeep
|turn|41
|
|t:|1621002930
|switch|p1a: Ho-Oh|Ho-Oh|90/100 tox
|move|p2a: Yveltal|Knock Off|p1a: Ho-Oh
|-damage|p1a: Ho-Oh|63/100 tox
|
|-damage|p1a: Ho-Oh|57/100 tox|[from] psn
|upkeep
|turn|42
|inactive|OnlySpams has 120 seconds left.
|
|t:|1621002961
|switch|p2a: Calyrex|Calyrex-Shadow|33/100
|-ability|p2a: Calyrex|As One
|-ability|p2a: Calyrex|Unnerve
|-damage|p2a: Calyrex|21/100|[from] Stealth Rock
|move|p1a: Ho-Oh|Sacred Fire|p2a: Calyrex
|-damage|p2a: Calyrex|0 fnt
|faint|p2a: Calyrex
|
|-damage|p1a: Ho-Oh|44/100 tox|[from] psn
|upkeep
|inactive|OnlySpams has 120 seconds left.
|
|t:|1621002971
|switch|p2a: Xerneas|Xerneas|100/100
|-damage|p2a: Xerneas|88/100|[from] Stealth Rock
|-ability|p2a: Xerneas|Fairy Aura
|turn|43
|
|t:|1621002979
|switch|p1a: Necrozma|Necrozma-Dusk-Mane|60/100
|move|p2a: Xerneas|Moonblast|p1a: Necrozma
|-resisted|p1a: Necrozma
|-damage|p1a: Necrozma|29/100
|
|-heal|p1a: Necrozma|35/100|[from] item: Leftovers
|upkeep
|turn|44
|
|t:|1621002987
|switch|p2a: Ditto|Ditto, shiny|100/100
|-damage|p2a: Ditto|88/100|[from] Stealth Rock
|-transform|p2a: Ditto|p1a: Necrozma|[from] ability: Imposter
|move|p1a: Necrozma|Morning Sun|p1a: Necrozma
|-heal|p1a: Necrozma|85/100
|
|-heal|p1a: Necrozma|91/100|[from] item: Leftovers
|upkeep
|turn|45
|
|t:|1621003004
|switch|p1a: Ho-Oh|Ho-Oh|78/100 tox
|move|p2a: Ditto|Stealth Rock|p1a: Ho-Oh
|-sidestart|p1: Harmony Terminal|move: Stealth Rock
|
|-damage|p1a: Ho-Oh|71/100 tox|[from] psn
|upkeep
|turn|46
|
|t:|1621003011
|move|p2a: Ditto|Stealth Rock||[still]
|-fail|p2a: Ditto
|move|p1a: Ho-Oh|Defog|p2a: Ditto
|-unboost|p2a: Ditto|evasion|1
|-sideend|p2: OnlySpams|Stealth Rock|[from] move: Defog|[of] p1a: Ho-Oh
|-sideend|p1: Harmony Terminal|Stealth Rock|[from] move: Defog|[of] p1a: Ho-Oh
|
|-damage|p1a: Ho-Oh|59/100 tox|[from] psn
|upkeep
|turn|47
|
|t:|1621003024
|move|p2a: Ditto|Stealth Rock|p1a: Ho-Oh
|-sidestart|p1: Harmony Terminal|move: Stealth Rock
|move|p1a: Ho-Oh|Sacred Fire|p2a: Ditto
|-supereffective|p2a: Ditto
|-damage|p2a: Ditto|41/100
|
|-damage|p1a: Ho-Oh|40/100 tox|[from] psn
|upkeep
|turn|48
|
|t:|1621003032
|move|p2a: Ditto|Stealth Rock||[still]
|-fail|p2a: Ditto
|move|p1a: Ho-Oh|Defog|p2a: Ditto
|-unboost|p2a: Ditto|evasion|1
|-sideend|p1: Harmony Terminal|Stealth Rock|[from] move: Defog|[of] p1a: Ho-Oh
|
|-damage|p1a: Ho-Oh|15/100 tox|[from] psn
|upkeep
|turn|49
|
|t:|1621003041
|switch|p1a: Yveltal|Yveltal|88/100
|-ability|p1a: Yveltal|Dark Aura
|move|p2a: Ditto|Stealth Rock|p1a: Yveltal
|-sidestart|p1: Harmony Terminal|move: Stealth Rock
|
|upkeep
|turn|50
|
|t:|1621003054
|switch|p2a: Eternatus|Eternatus|90/100 par
|-ability|p2a: Eternatus|Pressure
|move|p1a: Yveltal|Defog|p2a: Eternatus
|-unboost|p2a: Eternatus|evasion|1
|-sideend|p1: Harmony Terminal|Stealth Rock|[from] move: Defog|[of] p1a: Yveltal
|
|-heal|p2a: Eternatus|97/100 par|[from] item: Black Sludge
|upkeep
|turn|51
|
|t:|1621003064
|switch|p1a: Ho-Oh|Ho-Oh|48/100 tox
|move|p2a: Eternatus|Flamethrower|p1a: Ho-Oh
|-resisted|p1a: Ho-Oh
|-crit|p1a: Ho-Oh
|-damage|p1a: Ho-Oh|37/100 tox
|
|-heal|p2a: Eternatus|100/100 par|[from] item: Black Sludge
|-damage|p1a: Ho-Oh|31/100 tox|[from] psn
|upkeep
|turn|52
|
|t:|1621003078
|switch|p1a: Necrozma|Necrozma-Dusk-Mane|91/100
|move|p2a: Eternatus|Flamethrower|p1a: Necrozma
|-supereffective|p1a: Necrozma
|-damage|p1a: Necrozma|57/100
|
|-heal|p1a: Necrozma|63/100|[from] item: Leftovers
|upkeep
|turn|53
|
|t:|1621003084
|switch|p1a: Eternatus|Eternatus|25/100
|-ability|p1a: Eternatus|Pressure
|switch|p2a: Yveltal|Yveltal|100/100
|-ability|p2a: Yveltal|Dark Aura
|
|upkeep
|turn|54
|
|t:|1621003099
|switch|p2a: Ditto|Ditto, shiny|41/100
|-transform|p2a: Ditto|p1a: Eternatus|[from] ability: Imposter
|-ability|p2a: Ditto|Pressure
|move|p1a: Eternatus|Recover|p1a: Eternatus
|-heal|p1a: Eternatus|75/100
|
|upkeep
|turn|55
|
|t:|1621003111
|switch|p1a: Zacian|Zacian|12/100
|-ability|p1a: Zacian|Intrepid Sword|boost
|-boost|p1a: Zacian|atk|1
|move|p2a: Ditto|Recover|p2a: Ditto
|-heal|p2a: Ditto|91/100
|
|upkeep
|turn|56
|
|t:|1621003131
|switch|p2a: Necrozma|Necrozma-Dusk-Mane|12/100 brn
|switch|p1a: Zygarde|Zygarde|100/100
|
|-damage|p2a: Necrozma|6/100 brn|[from] brn
|upkeep
|turn|57
|
|t:|1621003141
|move|p1a: Zygarde|Thousand Arrows|p2a: Necrozma
|-supereffective|p2a: Necrozma
|-damage|p2a: Necrozma|0 fnt
|faint|p2a: Necrozma
|
|upkeep
|
|t:|1621003144
|switch|p2a: Xerneas|Xerneas|88/100
|-ability|p2a: Xerneas|Fairy Aura
|turn|58
|
|t:|1621003155
|switch|p1a: Ho-Oh|Ho-Oh|64/100 tox
|move|p2a: Xerneas|Geomancy||[still]
|-prepare|p2a: Xerneas|Geomancy
|-enditem|p2a: Xerneas|Power Herb
|-anim|p2a: Xerneas|Geomancy|p2a: Xerneas
|-boost|p2a: Xerneas|spa|2
|-boost|p2a: Xerneas|spd|2
|-boost|p2a: Xerneas|spe|2
|
|-damage|p1a: Ho-Oh|57/100 tox|[from] psn
|upkeep
|turn|59
|
|t:|1621003161
|move|p2a: Xerneas|Moonblast|p1a: Ho-Oh
|-resisted|p1a: Ho-Oh
|-damage|p1a: Ho-Oh|19/100 tox
|move|p1a: Ho-Oh|Whirlwind|p2a: Xerneas
|drag|p2a: Ditto|Ditto, shiny|91/100
|-transform|p2a: Ditto|p1a: Ho-Oh|[from] ability: Imposter
|
|-damage|p1a: Ho-Oh|7/100 tox|[from] psn
|upkeep
|turn|60
|
|t:|1621003174
|switch|p1a: Zygarde|Zygarde|100/100
|move|p2a: Ditto|Sacred Fire|p1a: Zygarde
|-resisted|p1a: Zygarde
|-damage|p1a: Zygarde|89/100
|
|-heal|p1a: Zygarde|95/100|[from] item: Leftovers
|upkeep
|turn|61
|
|t:|1621003189
|switch|p2a: Eternatus|Eternatus|100/100 par
|-ability|p2a: Eternatus|Pressure
|move|p1a: Zygarde|Glare|p2a: Eternatus
|-fail|p2a: Eternatus|par
|
|-heal|p1a: Zygarde|100/100|[from] item: Leftovers
|upkeep
|turn|62
|
|t:|1621003201
|move|p1a: Zygarde|Thousand Arrows|p2a: Eternatus
|-supereffective|p2a: Eternatus
|-damage|p2a: Eternatus|53/100 par
|cant|p2a: Eternatus|par
|
|-heal|p2a: Eternatus|59/100 par|[from] item: Black Sludge
|upkeep
|turn|63
|
|t:|1621003204
|move|p1a: Zygarde|Thousand Arrows|p2a: Eternatus
|-supereffective|p2a: Eternatus
|-damage|p2a: Eternatus|12/100 par
|move|p2a: Eternatus|Recover|p2a: Eternatus
|-heal|p2a: Eternatus|62/100 par
|
|-heal|p2a: Eternatus|68/100 par|[from] item: Black Sludge
|upkeep
|turn|64
|
|t:|1621003215
|switch|p2a: Xerneas|Xerneas|88/100
|-ability|p2a: Xerneas|Fairy Aura
|move|p1a: Zygarde|Coil|p1a: Zygarde
|-boost|p1a: Zygarde|atk|1
|-boost|p1a: Zygarde|def|1
|-boost|p1a: Zygarde|accuracy|1
|
|upkeep
|turn|65
|inactive|Harmony Terminal has 120 seconds left.
|
|t:|1621003259
|switch|p1a: Ho-Oh|Ho-Oh|40/100 tox
|move|p2a: Xerneas|Moonblast|p1a: Ho-Oh
|-resisted|p1a: Ho-Oh
|-damage|p1a: Ho-Oh|19/100 tox
|
|-damage|p1a: Ho-Oh|13/100 tox|[from] psn
|upkeep
|turn|66
|inactive|OnlySpams has 120 seconds left.
|
|t:|1621003286
|move|p2a: Xerneas|Moonblast|p1a: Ho-Oh
|-resisted|p1a: Ho-Oh
|-damage|p1a: Ho-Oh|0 fnt
|faint|p1a: Ho-Oh
|
|upkeep
|
|t:|1621003290
|switch|p1a: Necrozma|Necrozma-Dusk-Mane|63/100
|turn|67
|
|t:|1621003294
|switch|p2a: Yveltal|Yveltal|100/100
|-ability|p2a: Yveltal|Dark Aura
|move|p1a: Necrozma|Stealth Rock|p2a: Yveltal
|-sidestart|p2: OnlySpams|move: Stealth Rock
|
|-heal|p1a: Necrozma|69/100|[from] item: Leftovers
|upkeep
|turn|68
|
|t:|1621003314
|switch|p1a: Eternatus|Eternatus|75/100
|-ability|p1a: Eternatus|Pressure
|move|p2a: Yveltal|Defog|p1a: Eternatus
|-unboost|p1a: Eternatus|evasion|1
|-sideend|p2: OnlySpams|Stealth Rock|[from] move: Defog|[of] p2a: Yveltal
|
|upkeep
|turn|69
|
|t:|1621003326
|switch|p2a: Xerneas|Xerneas|88/100
|-ability|p2a: Xerneas|Fairy Aura
|move|p1a: Eternatus|Toxic Spikes|p2a: Xerneas
|-sidestart|p2: OnlySpams|move: Toxic Spikes
|
|upkeep
|turn|70
|
|t:|1621003331
|move|p1a: Eternatus|Mystical Fire|p2a: Xerneas
|-damage|p2a: Xerneas|65/100
|-unboost|p2a: Xerneas|spa|1
|move|p2a: Xerneas|Moonblast|p1a: Eternatus
|-damage|p1a: Eternatus|46/100
|
|upkeep
|turn|71
|inactive|OnlySpams has 120 seconds left.
|
|t:|1621003357
|move|p1a: Eternatus|Recover|p1a: Eternatus
|-heal|p1a: Eternatus|96/100
|move|p2a: Xerneas|Rest|p2a: Xerneas
|-status|p2a: Xerneas|slp|[from] move: Rest
|-heal|p2a: Xerneas|100/100 slp|[silent]
|
|upkeep
|turn|72
|
|t:|1621003366
|switch|p1a: Zacian|Zacian|12/100
|-ability|p1a: Zacian|Intrepid Sword|boost
|-boost|p1a: Zacian|atk|1
|cant|p2a: Xerneas|slp
|
|upkeep
|turn|73
|
|t:|1621003385
|switch|p2a: Eternatus|Eternatus|68/100 par
|-sideend|p2: OnlySpams|move: Toxic Spikes|[of] p2a: Eternatus
|-ability|p2a: Eternatus|Pressure
|move|p1a: Zacian|Play Rough|p2a: Eternatus
|-damage|p2a: Eternatus|0 fnt
|faint|p2a: Eternatus
|
|upkeep
|
|t:|1621003387
|switch|p2a: Ditto|Ditto, shiny|100/100
|-transform|p2a: Ditto|p1a: Zacian|[from] ability: Imposter
|-ability|p2a: Ditto|Intrepid Sword|boost
|-boost|p2a: Ditto|atk|1
|turn|74
|inactive|OnlySpams has 120 seconds left.
|
|t:|1621003416
|switch|p1a: Zygarde|Zygarde|100/100
|move|p2a: Ditto|Close Combat|p1a: Zygarde
|-damage|p1a: Zygarde|54/100
|-unboost|p2a: Ditto|def|1
|-unboost|p2a: Ditto|spd|1
|
|-heal|p1a: Zygarde|60/100|[from] item: Leftovers
|upkeep
|turn|75
|
|t:|1621003422
|switch|p2a: Xerneas|Xerneas|100/100 slp
|-ability|p2a: Xerneas|Fairy Aura
|move|p1a: Zygarde|Glare||[still]
|-fail|p1a: Zygarde
|
|-heal|p1a: Zygarde|66/100|[from] item: Leftovers
|upkeep
|turn|76
|
|t:|1621003431
|switch|p1a: Necrozma|Necrozma-Dusk-Mane|69/100
|cant|p2a: Xerneas|slp
|
|-heal|p1a: Necrozma|75/100|[from] item: Leftovers
|upkeep
|turn|77
|
|t:|1621003437
|switch|p2a: Yveltal|Yveltal|100/100
|-ability|p2a: Yveltal|Dark Aura
|move|p1a: Necrozma|Stealth Rock|p2a: Yveltal
|-sidestart|p2: OnlySpams|move: Stealth Rock
|
|-heal|p1a: Necrozma|81/100|[from] item: Leftovers
|upkeep
|turn|78
|
|t:|1621003442
|switch|p1a: Eternatus|Eternatus|96/100
|-ability|p1a: Eternatus|Pressure
|move|p2a: Yveltal|Knock Off|p1a: Eternatus
|-damage|p1a: Eternatus|67/100
|
|upkeep
|turn|79
|
|t:|1621003453
|move|p1a: Eternatus|Mystical Fire|p2a: Yveltal
|-damage|p2a: Yveltal|88/100
|-unboost|p2a: Yveltal|spa|1
|move|p2a: Yveltal|Defog|p1a: Eternatus
|-unboost|p1a: Eternatus|evasion|1
|-sideend|p2: OnlySpams|Stealth Rock|[from] move: Defog|[of] p2a: Yveltal
|
|upkeep
|turn|80
|
|t:|1621003459
|switch|p2a: Xerneas|Xerneas|100/100 slp
|-ability|p2a: Xerneas|Fairy Aura
|move|p1a: Eternatus|Recover|p1a: Eternatus
|-heal|p1a: Eternatus|100/100
|
|upkeep
|turn|81
|
|t:|1621003465
|move|p1a: Eternatus|Mystical Fire|p2a: Xerneas
|-damage|p2a: Xerneas|79/100 slp
|-unboost|p2a: Xerneas|spa|1
|-curestatus|p2a: Xerneas|slp|[msg]
|move|p2a: Xerneas|Block|p1a: Eternatus
|-activate|p1a: Eternatus|trapped
|
|upkeep
|turn|82
|
|t:|1621003469
|move|p1a: Eternatus|Toxic Spikes|p2a: Xerneas
|-sidestart|p2: OnlySpams|move: Toxic Spikes
|move|p2a: Xerneas|Geomancy||[still]
|-prepare|p2a: Xerneas|Geomancy
|
|upkeep
|turn|83
|
|t:|1621003475
|move|p1a: Eternatus|Toxic Spikes|p2a: Xerneas
|-sidestart|p2: OnlySpams|move: Toxic Spikes
|move|p2a: Xerneas|Geomancy|p2a: Xerneas|[from]lockedmove
|-boost|p2a: Xerneas|spa|2
|-boost|p2a: Xerneas|spd|2
|-boost|p2a: Xerneas|spe|2
|
|upkeep
|turn|84
|
|t:|1621003479
|move|p2a: Xerneas|Geomancy||[still]
|-prepare|p2a: Xerneas|Geomancy
|move|p1a: Eternatus|Mystical Fire|p2a: Xerneas
|-damage|p2a: Xerneas|67/100
|-unboost|p2a: Xerneas|spa|1
|
|upkeep
|turn|85
|
|t:|1621003481
|move|p2a: Xerneas|Geomancy|p2a: Xerneas|[from]lockedmove
|-boost|p2a: Xerneas|spa|2
|-boost|p2a: Xerneas|spd|2
|-boost|p2a: Xerneas|spe|2
|move|p1a: Eternatus|Mystical Fire|p2a: Xerneas
|-damage|p2a: Xerneas|60/100
|-unboost|p2a: Xerneas|spa|1
|
|upkeep
|turn|86
|
|t:|1621003487
|move|p2a: Xerneas|Geomancy||[still]
|-prepare|p2a: Xerneas|Geomancy
|move|p1a: Eternatus|Mystical Fire|p2a: Xerneas
|-damage|p2a: Xerneas|52/100
|-unboost|p2a: Xerneas|spa|1
|
|upkeep
|turn|87
|
|t:|1621003490
|move|p2a: Xerneas|Geomancy|p2a: Xerneas|[from]lockedmove
|-boost|p2a: Xerneas|spa|2
|-boost|p2a: Xerneas|spd|2
|-boost|p2a: Xerneas|spe|2
|move|p1a: Eternatus|Mystical Fire|p2a: Xerneas
|-damage|p2a: Xerneas|47/100
|-unboost|p2a: Xerneas|spa|1
|
|upkeep
|turn|88
|
|t:|1621003493
|move|p2a: Xerneas|Rest|p2a: Xerneas
|-status|p2a: Xerneas|slp|[from] move: Rest
|-heal|p2a: Xerneas|100/100 slp|[silent]
|move|p1a: Eternatus|Mystical Fire|p2a: Xerneas
|-damage|p2a: Xerneas|95/100 slp
|-unboost|p2a: Xerneas|spa|1
|
|upkeep
|turn|89
|
|t:|1621003495
|cant|p2a: Xerneas|slp
|move|p1a: Eternatus|Mystical Fire|p2a: Xerneas
|-damage|p2a: Xerneas|90/100 slp
|-unboost|p2a: Xerneas|spa|1
|
|upkeep
|turn|90
|
|t:|1621003498
|cant|p2a: Xerneas|slp
|move|p1a: Eternatus|Toxic Spikes||[still]
|-fail|p1a: Eternatus
|
|upkeep
|turn|91
|
|t:|1621003501
|-curestatus|p2a: Xerneas|slp|[msg]
|move|p2a: Xerneas|Geomancy||[still]
|-prepare|p2a: Xerneas|Geomancy
|move|p1a: Eternatus|Toxic Spikes||[still]
|-fail|p1a: Eternatus
|
|upkeep
|turn|92
|
|t:|1621003503
|move|p2a: Xerneas|Geomancy|p2a: Xerneas|[from]lockedmove
|-boost|p2a: Xerneas|spa|2
|-boost|p2a: Xerneas|spd|0
|-boost|p2a: Xerneas|spe|0
|move|p1a: Eternatus|Mystical Fire|p2a: Xerneas
|-damage|p2a: Xerneas|85/100
|-unboost|p2a: Xerneas|spa|1
|
|upkeep
|turn|93
|
|t:|1621003506
|move|p2a: Xerneas|Geomancy||[still]
|-prepare|p2a: Xerneas|Geomancy
|move|p1a: Eternatus|Toxic Spikes||[still]
|-fail|p1a: Eternatus
|
|upkeep
|turn|94
|
|t:|1621003509
|move|p2a: Xerneas|Geomancy|p2a: Xerneas|[from]lockedmove
|-boost|p2a: Xerneas|spa|2
|-boost|p2a: Xerneas|spd|0
|-boost|p2a: Xerneas|spe|0
|move|p1a: Eternatus|Mystical Fire|p2a: Xerneas
|-damage|p2a: Xerneas|79/100
|-unboost|p2a: Xerneas|spa|1
|
|upkeep
|turn|95
|
|t:|1621003511
|move|p2a: Xerneas|Geomancy||[still]
|-prepare|p2a: Xerneas|Geomancy
|move|p1a: Eternatus|Mystical Fire|p2a: Xerneas
|-damage|p2a: Xerneas|74/100
|-unboost|p2a: Xerneas|spa|1
|
|upkeep
|turn|96
|
|t:|1621003513
|move|p2a: Xerneas|Geomancy|p2a: Xerneas|[from]lockedmove
|-boost|p2a: Xerneas|spa|2
|-boost|p2a: Xerneas|spd|0
|-boost|p2a: Xerneas|spe|0
|move|p1a: Eternatus|Mystical Fire|p2a: Xerneas
|-damage|p2a: Xerneas|69/100
|-unboost|p2a: Xerneas|spa|1
|
|upkeep
|turn|97
|
|t:|1621003519
|move|p2a: Xerneas|Rest|p2a: Xerneas
|-status|p2a: Xerneas|slp|[from] move: Rest
|-heal|p2a: Xerneas|100/100 slp|[silent]
|move|p1a: Eternatus|Mystical Fire|p2a: Xerneas
|-damage|p2a: Xerneas|95/100 slp
|-unboost|p2a: Xerneas|spa|1
|
|upkeep
|turn|98
|
|t:|1621003522
|cant|p2a: Xerneas|slp
|move|p1a: Eternatus|Mystical Fire|p2a: Xerneas
|-damage|p2a: Xerneas|89/100 slp
|-unboost|p2a: Xerneas|spa|1
|
|upkeep
|turn|99
|
|t:|1621003524
|cant|p2a: Xerneas|slp
|move|p1a: Eternatus|Mystical Fire|p2a: Xerneas
|-damage|p2a: Xerneas|83/100 slp
|-unboost|p2a: Xerneas|spa|1
|
|upkeep
|turn|100
|
|t:|1621003527
|-curestatus|p2a: Xerneas|slp|[msg]
|move|p2a: Xerneas|Geomancy||[still]
|-prepare|p2a: Xerneas|Geomancy
|move|p1a: Eternatus|Toxic Spikes||[still]
|-fail|p1a: Eternatus
|
|upkeep
|turn|101
|
|t:|1621003529
|move|p2a: Xerneas|Geomancy|p2a: Xerneas|[from]lockedmove
|-boost|p2a: Xerneas|spa|2
|-boost|p2a: Xerneas|spd|0
|-boost|p2a: Xerneas|spe|0
|move|p1a: Eternatus|Toxic Spikes||[still]
|-fail|p1a: Eternatus
|
|upkeep
|turn|102
|
|t:|1621003531
|move|p2a: Xerneas|Geomancy||[still]
|-prepare|p2a: Xerneas|Geomancy
|move|p1a: Eternatus|Toxic Spikes||[still]
|-fail|p1a: Eternatus
|
|upkeep
|turn|103
|
|t:|1621003533
|move|p2a: Xerneas|Geomancy|p2a: Xerneas|[from]lockedmove
|-boost|p2a: Xerneas|spa|2
|-boost|p2a: Xerneas|spd|0
|-boost|p2a: Xerneas|spe|0
|move|p1a: Eternatus|Toxic Spikes||[still]
|-fail|p1a: Eternatus
|
|upkeep
|turn|104
|
|t:|1621003536
|move|p2a: Xerneas|Geomancy||[still]
|-prepare|p2a: Xerneas|Geomancy
|move|p1a: Eternatus|Toxic Spikes||[still]
|-fail|p1a: Eternatus
|
|upkeep
|turn|105
|
|t:|1621003537
|move|p2a: Xerneas|Geomancy|p2a: Xerneas|[from]lockedmove
|-boost|p2a: Xerneas|spa|2
|-boost|p2a: Xerneas|spd|0
|-boost|p2a: Xerneas|spe|0
|move|p1a: Eternatus|Toxic Spikes||[still]
|-fail|p1a: Eternatus
|
|upkeep
|turn|106
|
|t:|1621003539
|move|p2a: Xerneas|Geomancy||[still]
|-prepare|p2a: Xerneas|Geomancy
|move|p1a: Eternatus|Toxic Spikes||[still]
|-fail|p1a: Eternatus
|
|upkeep
|turn|107
|
|t:|1621003541
|move|p2a: Xerneas|Geomancy|p2a: Xerneas|[from]lockedmove
|-boost|p2a: Xerneas|spa|2
|-boost|p2a: Xerneas|spd|0
|-boost|p2a: Xerneas|spe|0
|move|p1a: Eternatus|Toxic Spikes||[still]
|-fail|p1a: Eternatus
|
|upkeep
|turn|108
|
|t:|1621003545
|move|p2a: Xerneas|Rest|p2a: Xerneas
|-status|p2a: Xerneas|slp|[from] move: Rest
|-heal|p2a: Xerneas|100/100 slp|[silent]
|move|p1a: Eternatus|Toxic Spikes||[still]
|-fail|p1a: Eternatus
|
|upkeep
|turn|109
|
|t:|1621003548
|cant|p2a: Xerneas|slp
|move|p1a: Eternatus|Toxic Spikes||[still]
|-fail|p1a: Eternatus
|
|upkeep
|turn|110
|
|t:|1621003549
|cant|p2a: Xerneas|slp
|move|p1a: Eternatus|Toxic Spikes||[still]
|-fail|p1a: Eternatus
|
|upkeep
|turn|111
|
|t:|1621003551
|-curestatus|p2a: Xerneas|slp|[msg]
|move|p2a: Xerneas|Moonblast|p1a: Eternatus
|-damage|p1a: Eternatus|0 fnt
|faint|p1a: Eternatus
|
|upkeep
|
|t:|1621003556
|switch|p1a: Necrozma|Necrozma-Dusk-Mane|81/100
|turn|112
|
|t:|1621003558
|move|p2a: Xerneas|Moonblast|p1a: Necrozma
|-resisted|p1a: Necrozma
|-damage|p1a: Necrozma|0 fnt
|faint|p1a: Necrozma
|
|upkeep
|-message|Harmony Terminal forfeited.
|
|win|OnlySpams
|n|☆Harmony Terminal|harmonyterminal
|n|☆OnlySpams|onlyspams
|n| Datsplashtho|datsplashtho
|l|☆Harmony Terminal
