|j|☆Memedose46
|j|☆Royal1604
|inactive|Battle timer is ON: inactive players will automatically lose when time's up.
|t:|1648633100
|gametype|singles
|player|p1|Memedose46|striker|
|player|p2|Royal1604|#stt4toxicboys|
|teamsize|p1|6
|teamsize|p2|6
|gen|8
|tier|[Gen 8] Ubers
|rated|Tournament battle
|rule|Sleep Clause Mod: Limit one foe put to sleep
|rule|Species Clause: Limit one of each Pokémon
|rule|OHKO Clause: OHKO moves are banned
|rule|Evasion Moves Clause: Evasion moves are banned
|rule|Endless Battle Clause: Forcing endless battles is banned
|rule|HP Percentage Mod: HP is shown in percentages
|rule|Dynamax Clause: You cannot dynamax
|clearpoke
|poke|p1|Zygarde|
|poke|p1|Eternatus|
|poke|p1|Yveltal|
|poke|p1|Xerneas-*|
|poke|p1|Ferrothorn, F|
|poke|p1|Necrozma-Dusk-Mane|
|poke|p2|Hatterene, F|
|poke|p2|Porygon2|
|poke|p2|Calyrex-Ice|
|poke|p2|Necrozma-Dusk-Mane|
|poke|p2|Dracovish|
|poke|p2|Kyogre|
|teampreview
|j|*Lady Monita ✿
|inactive|Memedose46 also wants the timer to be on.
|inactive|Royal1604 also wants the timer to be on.
|j| Mikekua
|
|t:|1648633119
|start
|switch|p1a: Necrozma|Necrozma-Dusk-Mane|100/100
|switch|p2a: Hatterene|Hatterene, F|100/100
|turn|1
|
|t:|1648633131
|move|p1a: Necrozma|Sunsteel Strike|p2a: Hatterene
|-supereffective|p2a: Hatterene
|-enditem|p2a: Hatterene|Focus Sash
|-damage|p2a: Hatterene|1/100
|move|p2a: Hatterene|Trick Room|p2a: Hatterene
|-fieldstart|move: Trick Room|[of] p2a: Hatterene
|
|upkeep
|turn|2
|
|t:|1648633141
|move|p2a: Hatterene|Healing Wish|p2a: Hatterene
|faint|p2a: Hatterene
|move|p1a: Necrozma|Stealth Rock|p2: Hatterene
|-sidestart|p2: Royal1604|move: Stealth Rock
|
|upkeep
|
|t:|1648633149
|switch|p2a: Kyogre|Kyogre|100/100
|-damage|p2a: Kyogre|88/100|[from] Stealth Rock
|-weather|RainDance|[from] ability: Drizzle|[of] p2a: Kyogre
|turn|3
|
|t:|1648633156
|switch|p1a: Eternatus|Eternatus|100/100
|-ability|p1a: Eternatus|Pressure
|move|p2a: Kyogre|Water Spout|p1a: Eternatus
|-resisted|p1a: Eternatus
|-damage|p1a: Eternatus|42/100
|
|-weather|RainDance|[upkeep]
|upkeep
|turn|4
|
|t:|1648633169
|switch|p1a: Necrozma|Necrozma-Dusk-Mane|100/100
|move|p2a: Kyogre|Water Spout|p1a: Necrozma
|-damage|p1a: Necrozma|0 fnt
|faint|p1a: Necrozma
|
|-weather|RainDance|[upkeep]
|upkeep
|
|t:|1648633170
|switch|p1a: Ferrothorn|Ferrothorn, F|100/100
|turn|5
|
|t:|1648633175
|switch|p2a: Porygon2|Porygon2|100/100
|-damage|p2a: Porygon2|88/100|[from] Stealth Rock
|move|p1a: Ferrothorn|Leech Seed|p2a: Porygon2
|-start|p2a: Porygon2|move: Leech Seed
|
|-weather|RainDance|[upkeep]
|-damage|p2a: Porygon2|76/100|[from] Leech Seed|[of] p1a: Ferrothorn
|-fieldend|move: Trick Room
|upkeep
|turn|6
|
|t:|1648633178
|move|p1a: Ferrothorn|Iron Defense|p1a: Ferrothorn
|-boost|p1a: Ferrothorn|def|2
|move|p2a: Porygon2|Trick Room|p2a: Porygon2
|-fieldstart|move: Trick Room|[of] p2a: Porygon2
|
|-weather|RainDance|[upkeep]
|-damage|p2a: Porygon2|64/100|[from] Leech Seed|[of] p1a: Ferrothorn
|upkeep
|turn|7
|
|t:|1648633183
|move|p1a: Ferrothorn|Body Press|p2a: Porygon2
|-supereffective|p2a: Porygon2
|-damage|p2a: Porygon2|0 fnt
|faint|p2a: Porygon2
|
|-weather|none
|upkeep
|
|t:|1648633187
|switch|p2a: Kyogre|Kyogre|88/100
|-heal|p2a: Kyogre|100/100|[from] move: Healing Wish
|-damage|p2a: Kyogre|88/100|[from] Stealth Rock
|-weather|RainDance|[from] ability: Drizzle|[of] p2a: Kyogre
|turn|8
|
|t:|1648633193
|move|p1a: Ferrothorn|Body Press|p2a: Kyogre
|-damage|p2a: Kyogre|35/100
|move|p2a: Kyogre|Ice Beam|p1a: Ferrothorn
|-damage|p1a: Ferrothorn|54/100
|
|-weather|RainDance|[upkeep]
|-heal|p1a: Ferrothorn|60/100|[from] item: Leftovers
|upkeep
|turn|9
|
|t:|1648633199
|move|p1a: Ferrothorn|Body Press|p2a: Kyogre
|-damage|p2a: Kyogre|0 fnt
|faint|p2a: Kyogre
|
|-weather|RainDance|[upkeep]
|-heal|p1a: Ferrothorn|66/100|[from] item: Leftovers
|upkeep
|l| Mikekua
|
|t:|1648633211
|switch|p2a: Calyrex|Calyrex-Ice|100/100
|-ability|p2a: Calyrex|As One
|-ability|p2a: Calyrex|Unnerve
|turn|10
|
|t:|1648633235
|move|p1a: Ferrothorn|Body Press|p2a: Calyrex
|-damage|p2a: Calyrex|65/100
|move|p2a: Calyrex|Swords Dance|p2a: Calyrex
|-boost|p2a: Calyrex|atk|2
|
|-weather|RainDance|[upkeep]
|-heal|p1a: Ferrothorn|72/100|[from] item: Leftovers
|-fieldend|move: Trick Room
|upkeep
|turn|11
|
|t:|1648633243
|move|p2a: Calyrex|Glacial Lance|p1a: Ferrothorn
|-damage|p1a: Ferrothorn|25/100
|move|p1a: Ferrothorn|Body Press|p2a: Calyrex
|-damage|p2a: Calyrex|30/100
|
|-weather|RainDance|[upkeep]
|-heal|p1a: Ferrothorn|31/100|[from] item: Leftovers
|upkeep
|turn|12
|inactive|Memedose46 has 120 seconds left.
|inactive|Memedose46 has 90 seconds left.
|
|t:|1648633321
|switch|p1a: Eternatus|Eternatus|42/100
|-ability|p1a: Eternatus|Pressure
|move|p2a: Calyrex|Glacial Lance|p1a: Eternatus
|-supereffective|p1a: Eternatus
|-damage|p1a: Eternatus|0 fnt
|faint|p1a: Eternatus
|-ability|p2a: Calyrex|Chilling Neigh|boost
|-boost|p2a: Calyrex|atk|1
|
|-weather|none
|upkeep
|
|t:|1648633326
|switch|p1a: Yveltal|Yveltal|100/100
|-ability|p1a: Yveltal|Dark Aura
|turn|13
|
|t:|1648633346
|switch|p2a: Dracovish|Dracovish|100/100
|-damage|p2a: Dracovish|88/100|[from] Stealth Rock
|move|p1a: Yveltal|Foul Play|p2a: Dracovish
|-damage|p2a: Dracovish|42/100
|
|upkeep
|turn|14
|inactive|Memedose46 has 90 seconds left.
|
|t:|1648633352
|move|p1a: Yveltal|Foul Play|p2a: Dracovish
|-damage|p2a: Dracovish|0 fnt
|faint|p2a: Dracovish
|
|upkeep
|
|t:|1648633354
|switch|p2a: Necrozma|Necrozma-Dusk-Mane|100/100
|-damage|p2a: Necrozma|94/100|[from] Stealth Rock
|turn|15
|
|t:|1648633357
|move|p1a: Yveltal|U-turn|p2a: Necrozma
|-damage|p2a: Necrozma|79/100
|
|t:|1648633359
|switch|p1a: Ferrothorn|Ferrothorn, F|31/100|[from]move: U-turn
|move|p2a: Necrozma|Trick Room|p2a: Necrozma
|-fieldstart|move: Trick Room|[of] p2a: Necrozma
|
|-heal|p1a: Ferrothorn|37/100|[from] item: Leftovers
|upkeep
|turn|16
|
|t:|1648633368
|move|p1a: Ferrothorn|Leech Seed|p2a: Necrozma
|-start|p2a: Necrozma|move: Leech Seed
|move|p2a: Necrozma|Earthquake|p1a: Ferrothorn
|-damage|p1a: Ferrothorn|11/100
|
|-heal|p1a: Ferrothorn|17/100|[from] item: Leftovers
|-damage|p2a: Necrozma|67/100|[from] Leech Seed|[of] p1a: Ferrothorn
|-heal|p1a: Ferrothorn|31/100|[silent]
|upkeep
|turn|17
|
|t:|1648633377
|switch|p2a: Calyrex|Calyrex-Ice|30/100
|-ability|p2a: Calyrex|As One
|-ability|p2a: Calyrex|Unnerve
|move|p1a: Ferrothorn|Iron Defense|p1a: Ferrothorn
|-boost|p1a: Ferrothorn|def|2
|
|-heal|p1a: Ferrothorn|37/100|[from] item: Leftovers
|upkeep
|turn|18
|
|t:|1648633383
|move|p1a: Ferrothorn|Body Press|p2a: Calyrex
|-damage|p2a: Calyrex|0 fnt
|faint|p2a: Calyrex
|
|-heal|p1a: Ferrothorn|44/100|[from] item: Leftovers
|upkeep
|c|☆Memedose46|gg
|
|t:|1648633388
|switch|p2a: Necrozma|Necrozma-Dusk-Mane|67/100
|-damage|p2a: Necrozma|61/100|[from] Stealth Rock
|turn|19
|
|t:|1648633391
|move|p1a: Ferrothorn|Leech Seed|p2a: Necrozma
|-start|p2a: Necrozma|move: Leech Seed
|move|p2a: Necrozma|Swords Dance|p2a: Necrozma
|-boost|p2a: Necrozma|atk|2
|
|-heal|p1a: Ferrothorn|50/100|[from] item: Leftovers
|-damage|p2a: Necrozma|49/100|[from] Leech Seed|[of] p1a: Ferrothorn
|-heal|p1a: Ferrothorn|64/100|[silent]
|-fieldend|move: Trick Room
|upkeep
|turn|20
|-message|Royal1604 forfeited.
|
|win|Memedose46
|n|☆Memedose46|memedose46
|n|☆Royal1604|royal1604
|n|*Lady Monita ✿|ladymonita
|l|*Lady Monita ✿
|l|☆Royal1604
