|j|☆Haunter Sloul
|j|☆Bernie776
|t:|1661742467
|gametype|singles
|player|p1|Haunter Sloul|caitlin|1262
|player|p2|Bernie776|rood|1403
|teamsize|p1|6
|teamsize|p2|6
|gen|8
|tier|[Gen 8] Ubers
|rated|
|rule|Sleep Clause Mod: Limit one foe put to sleep
|rule|Species Clause: Limit one of each Pokémon
|rule|OHKO Clause: OHKO moves are banned
|rule|Evasion Items Clause: Evasion items are banned
|rule|Evasion Moves Clause: Evasion moves are banned
|rule|Endless Battle Clause: Forcing endless battles is banned
|rule|HP Percentage Mod: HP is shown in percentages
|rule|Dynamax Clause: You cannot dynamax
|clearpoke
|poke|p1|Necrozma-Dusk-Mane|
|poke|p1|Reshiram|
|poke|p1|Yveltal|
|poke|p1|Xerneas-*|
|poke|p1|Palkia|
|poke|p1|Zarude-Dada|
|poke|p2|Necrozma-Dusk-Mane|
|poke|p2|Yveltal|
|poke|p2|Kyogre|
|poke|p2|Ferrothorn, M|
|poke|p2|Giratina-Origin|
|poke|p2|Tyranitar, F|
|teampreview
|inactive|Battle timer is ON: inactive players will automatically lose when time's up. (requested by Haunter Sloul)
|
|t:|1661742478
|start
|switch|p1a: Yveltal|Yveltal, shiny|100/100
|switch|p2a: Yveltal|Yveltal|100/100
|-ability|p2a: Yveltal|Dark Aura
|-ability|p1a: Yveltal|Dark Aura
|turn|1
|
|t:|1661742485
|switch|p2a: Tyranitar|Tyranitar, F|100/100
|-weather|Sandstorm|[from] ability: Sand Stream|[of] p2a: Tyranitar
|move|p1a: Yveltal|Knock Off|p2a: Tyranitar
|-resisted|p2a: Tyranitar
|-damage|p2a: Tyranitar|70/100
|-damage|p1a: Yveltal|84/100|[from] item: Rocky Helmet|[of] p2a: Tyranitar
|-enditem|p2a: Tyranitar|Rocky Helmet|[from] move: Knock Off|[of] p1a: Yveltal
|
|-weather|Sandstorm|[upkeep]
|-damage|p1a: Yveltal|78/100|[from] Sandstorm
|upkeep
|turn|2
|
|t:|1661742500
|switch|p1a: Necrozma|Necrozma-Dusk-Mane|100/100
|move|p2a: Tyranitar|Thunder Wave|p1a: Necrozma
|-status|p1a: Necrozma|par
|
|-weather|Sandstorm|[upkeep]
|upkeep
|turn|3
|
|t:|1661742517
|switch|p2a: Yveltal|Yveltal|100/100
|-ability|p2a: Yveltal|Dark Aura
|move|p1a: Necrozma|Thunder Wave|p2a: Yveltal|[miss]
|-miss|p1a: Necrozma|p2a: Yveltal
|
|-weather|Sandstorm|[upkeep]
|-damage|p2a: Yveltal|94/100|[from] Sandstorm
|upkeep
|turn|4
|
|t:|1661742531
|switch|p2a: Ferrothorn|Ferrothorn, M|100/100
|move|p1a: Necrozma|Thunder Wave|p2a: Ferrothorn
|-status|p2a: Ferrothorn|par
|
|-weather|Sandstorm|[upkeep]
|upkeep
|turn|5
|
|t:|1661742536
|switch|p1a: Yveltal|Yveltal, shiny|78/100
|-ability|p1a: Yveltal|Dark Aura
|cant|p2a: Ferrothorn|par
|
|-weather|none
|upkeep
|turn|6
|
|t:|1661742544
|switch|p2a: Tyranitar|Tyranitar, F|70/100
|-weather|Sandstorm|[from] ability: Sand Stream|[of] p2a: Tyranitar
|move|p1a: Yveltal|Knock Off|p2a: Tyranitar
|-resisted|p2a: Tyranitar
|-damage|p2a: Tyranitar|49/100
|
|-weather|Sandstorm|[upkeep]
|-damage|p1a: Yveltal|72/100|[from] Sandstorm
|upkeep
|turn|7
|
|t:|1661742552
|switch|p1a: Necrozma|Necrozma-Dusk-Mane|100/100 par
|move|p2a: Tyranitar|Crunch|p1a: Necrozma
|-supereffective|p1a: Necrozma
|-damage|p1a: Necrozma|60/100 par
|-unboost|p1a: Necrozma|def|1
|
|-weather|Sandstorm|[upkeep]
|-heal|p1a: Necrozma|66/100 par|[from] item: Leftovers
|upkeep
|turn|8
|
|t:|1661742560
|switch|p1a: Xerneas|Xerneas, shiny|100/100
|-ability|p1a: Xerneas|Fairy Aura
|move|p2a: Tyranitar|Crunch|p1a: Xerneas
|-resisted|p1a: Xerneas
|-damage|p1a: Xerneas|83/100
|
|-weather|Sandstorm|[upkeep]
|-damage|p1a: Xerneas|77/100|[from] Sandstorm
|upkeep
|turn|9
|
|t:|1661742568
|move|p1a: Xerneas|Geomancy||[still]
|-prepare|p1a: Xerneas|Geomancy
|-enditem|p1a: Xerneas|Power Herb
|-anim|p1a: Xerneas|Geomancy|p1a: Xerneas
|-boost|p1a: Xerneas|spa|2
|-boost|p1a: Xerneas|spd|2
|-boost|p1a: Xerneas|spe|2
|move|p2a: Tyranitar|Toxic|p1a: Xerneas
|-status|p1a: Xerneas|tox
|
|-weather|Sandstorm|[upkeep]
|-damage|p1a: Xerneas|71/100 tox|[from] Sandstorm
|-damage|p1a: Xerneas|64/100 tox|[from] psn
|upkeep
|turn|10
|
|t:|1661742583
|switch|p2a: Ferrothorn|Ferrothorn, M|100/100 par
|move|p1a: Xerneas|Moonblast|p2a: Ferrothorn
|-resisted|p2a: Ferrothorn
|-damage|p2a: Ferrothorn|51/100 par
|
|-weather|none
|-heal|p2a: Ferrothorn|57/100 par|[from] item: Leftovers
|-damage|p1a: Xerneas|52/100 tox|[from] psn
|upkeep
|turn|11
|
|t:|1661742592
|move|p1a: Xerneas|Aromatherapy|p1a: Xerneas
|-activate|p1a: Xerneas|move: Aromatherapy
|-curestatus|p1a: Xerneas|tox|[msg]
|-curestatus|p1: Necrozma|par|[msg]
|move|p2a: Ferrothorn|Leech Seed|p1a: Xerneas
|-start|p1a: Xerneas|move: Leech Seed
|
|-heal|p2a: Ferrothorn|63/100 par|[from] item: Leftovers
|-damage|p1a: Xerneas|40/100|[from] Leech Seed|[of] p2a: Ferrothorn
|-heal|p2a: Ferrothorn|77/100 par|[silent]
|upkeep
|turn|12
|
|t:|1661742604
|move|p1a: Xerneas|Moonblast|p2a: Ferrothorn
|-resisted|p2a: Ferrothorn
|-damage|p2a: Ferrothorn|25/100 par
|-unboost|p2a: Ferrothorn|spa|1
|move|p2a: Ferrothorn|Power Whip|p1a: Xerneas|[miss]
|-miss|p2a: Ferrothorn|p1a: Xerneas
|
|-heal|p2a: Ferrothorn|31/100 par|[from] item: Leftovers
|-damage|p1a: Xerneas|27/100|[from] Leech Seed|[of] p2a: Ferrothorn
|-heal|p2a: Ferrothorn|45/100 par|[silent]
|upkeep
|turn|13
|
|t:|1661742614
|move|p1a: Xerneas|Moonblast|p2a: Ferrothorn
|-resisted|p2a: Ferrothorn
|-crit|p2a: Ferrothorn
|-damage|p2a: Ferrothorn|0 fnt
|faint|p2a: Ferrothorn
|
|upkeep
|
|t:|1661742622
|switch|p2a: Necrozma|Necrozma-Dusk-Mane|100/100
|turn|14
|
|t:|1661742625
|move|p1a: Xerneas|Thunder|p2a: Necrozma|[miss]
|-miss|p1a: Xerneas|p2a: Necrozma
|move|p2a: Necrozma|Sunsteel Strike|p1a: Xerneas
|-supereffective|p1a: Xerneas
|-damage|p1a: Xerneas|0 fnt
|faint|p1a: Xerneas
|
|upkeep
|
|t:|1661742629
|switch|p1a: Yveltal|Yveltal, shiny|72/100
|-ability|p1a: Yveltal|Dark Aura
|turn|15
|
|t:|1661742638
|switch|p2a: Tyranitar|Tyranitar, F|49/100
|-weather|Sandstorm|[from] ability: Sand Stream|[of] p2a: Tyranitar
|move|p1a: Yveltal|Knock Off|p2a: Tyranitar
|-resisted|p2a: Tyranitar
|-damage|p2a: Tyranitar|31/100
|
|-weather|Sandstorm|[upkeep]
|-damage|p1a: Yveltal|66/100|[from] Sandstorm
|upkeep
|turn|16
|
|t:|1661742646
|switch|p1a: Palkia|Palkia, shiny|100/100
|-ability|p1a: Palkia|Pressure
|move|p2a: Tyranitar|Crunch|p1a: Palkia
|-damage|p1a: Palkia|54/100
|
|-weather|Sandstorm|[upkeep]
|-damage|p1a: Palkia|48/100|[from] Sandstorm
|upkeep
|turn|17
|
|t:|1661742656
|switch|p2a: Giratina|Giratina-Origin|100/100
|move|p1a: Palkia|Spacial Rend|p2a: Giratina
|-supereffective|p2a: Giratina
|-damage|p2a: Giratina|3/100
|
|-weather|Sandstorm|[upkeep]
|-damage|p1a: Palkia|41/100|[from] Sandstorm
|-damage|p2a: Giratina|0 fnt|[from] Sandstorm
|faint|p2a: Giratina
|upkeep
|
|t:|1661742665
|switch|p2a: Yveltal|Yveltal|94/100
|-ability|p2a: Yveltal|Dark Aura
|turn|18
|
|t:|1661742672
|move|p1a: Palkia|Spacial Rend|p2a: Yveltal
|-crit|p2a: Yveltal
|-damage|p2a: Yveltal|2/100
|move|p2a: Yveltal|Knock Off|p1a: Palkia
|-damage|p1a: Palkia|0 fnt
|-enditem|p1a: Palkia|Lustrous Orb|[from] move: Knock Off|[of] p2a: Yveltal
|faint|p1a: Palkia
|
|-weather|Sandstorm|[upkeep]
|-damage|p2a: Yveltal|0 fnt|[from] Sandstorm
|faint|p2a: Yveltal
|upkeep
|-message|Bernie776 forfeited.
|
|win|Haunter Sloul
|raw|Haunter Sloul's rating: 1262 &rarr; <strong>1297</strong><br />(+35 for winning)
|raw|Bernie776's rating: 1403 &rarr; <strong>1375</strong><br />(-28 for losing)
|l|☆Bernie776
