|j|☆GEDO RINNE TENSEI
|j|‽ploopypants
|player|p1|GEDO RINNE TENSEI|92|1426
|player|p2|ploopypants|102|1404
|teamsize|p1|6
|teamsize|p2|6
|gametype|singles
|gen|8
|tier|[Gen 8] Ubers
|rated|
|clearpoke
|poke|p1|Zacian-Crowned|
|poke|p1|Lucario, M|
|poke|p1|Charjabug, M|
|poke|p1|Lunala|
|poke|p1|Necrozma-Dusk-Mane|
|poke|p1|Corsola-Galar, F|
|poke|p2|Darmanitan-Galar, M|
|poke|p2|Eternatus|
|poke|p2|Melmetal|
|poke|p2|Marshadow|
|poke|p2|Zacian-Crowned|
|poke|p2|Lapras, M|
|rule|Sleep Clause Mod: Limit one foe put to sleep
|rule|Species Clause: Limit one of each Pokémon
|rule|OHKO Clause: OHKO moves are banned
|rule|Evasion Moves Clause: Evasion moves are banned
|rule|Endless Battle Clause: Forcing endless battles is banned
|rule|HP Percentage Mod: HP is shown in percentages
|teampreview
|
|start
|switch|p1a: Charjabug|Charjabug, M|100/100
|switch|p2a: Darmanitan|Darmanitan-Galar, M, shiny|100/100
|turn|1
|
|move|p2a: Darmanitan|Earthquake|p1a: Charjabug
|-damage|p1a: Charjabug|52/100
|move|p1a: Charjabug|Sticky Web|p2a: Darmanitan
|-sidestart|p2: ploopypants|move: Sticky Web
|
|upkeep
|turn|2
|
|switch|p2a: Lapras|Lapras, M, shiny|100/100
|-activate|p2a: Lapras|move: Sticky Web
|-unboost|p2a: Lapras|spe|1
|move|p1a: Charjabug|Thunder Wave|p2a: Lapras
|-status|p2a: Lapras|par
|
|upkeep
|turn|3
|
|move|p1a: Charjabug|Volt Switch|p2a: Lapras
|-supereffective|p2a: Lapras
|-damage|p2a: Lapras|77/100 par
|
|switch|p1a: Necrozma|Necrozma-Dusk-Mane|100/100|[from]move: Volt Switch
|move|p2a: Lapras|Ice Beam|p1a: Necrozma
|-resisted|p1a: Necrozma
|-damage|p1a: Necrozma|83/100
|-status|p1a: Necrozma|frz
|
|upkeep
|turn|4
|
|switch|p2a: Eternatus|Eternatus|100/100
|-activate|p2a: Eternatus|move: Sticky Web
|-unboost|p2a: Eternatus|spe|1
|-ability|p2a: Eternatus|Pressure
|cant|p1a: Necrozma|frz
|
|upkeep
|turn|5
|
|move|p2a: Eternatus|Shadow Ball|p1a: Necrozma
|-supereffective|p1a: Necrozma
|-damage|p1a: Necrozma|36/100 frz
|-enditem|p1a: Necrozma|Weakness Policy
|-boost|p1a: Necrozma|atk|2|[from] item: Weakness Policy
|-boost|p1a: Necrozma|spa|2|[from] item: Weakness Policy
|-unboost|p1a: Necrozma|spd|1
|cant|p1a: Necrozma|frz
|
|upkeep
|turn|6
|
|move|p2a: Eternatus|Shadow Ball|p1a: Necrozma
|-supereffective|p1a: Necrozma
|-damage|p1a: Necrozma|0 fnt
|faint|p1a: Necrozma
|
|upkeep
|
|switch|p1a: Lunala|Lunala|100/100
|turn|7
|
|-start|p1a: Lunala|Dynamax
|-heal|p1a: Lunala|100/100|[silent]
|move|p2a: Eternatus|Shadow Ball|p1a: Lunala
|-supereffective|p1a: Lunala
|-damage|p1a: Lunala|76/100
|move|p1a: Lunala|Max Mindstorm|p2a: Eternatus
|-supereffective|p2a: Eternatus
|-damage|p2a: Eternatus|0 fnt
|-fieldstart|move: Psychic Terrain
|faint|p2a: Eternatus
|
|upkeep
|
|switch|p2a: Lapras|Lapras, M, shiny|77/100 par
|-activate|p2a: Lapras|move: Sticky Web
|-unboost|p2a: Lapras|spe|1
|turn|8
|inactive|Battle timer is ON: inactive players will automatically lose when time's up. (requested by ploopypants)
|
|-start|p2a: Lapras|Dynamax
|-formechange|p2a: Lapras|Lapras-Gmax
|-heal|p2a: Lapras|77/100 par|[silent]
|move|p1a: Lunala|Max Phantasm|p2a: Lapras
|-damage|p2a: Lapras|45/100 par
|-unboost|p2a: Lapras|def|1
|move|p2a: Lapras|G-Max Resonance|p1a: Lunala
|-damage|p1a: Lunala|54/100
|-sidestart|p2: ploopypants|move: Aurora Veil
|
|upkeep
|turn|9
|
|move|p1a: Lunala|Max Mindstorm|p2a: Lapras
|-damage|p2a: Lapras|26/100 par
|cant|p2a: Lapras|par
|
|-end|p1a: Lunala|Dynamax
|-heal|p1a: Lunala|54/100|[silent]
|upkeep
|turn|10
|
|move|p1a: Lunala|Psychic|p2a: Lapras
|-damage|p2a: Lapras|6/100 par
|move|p2a: Lapras|Max Lightning|p1a: Lunala
|-damage|p1a: Lunala|23/100
|-fieldstart|move: Electric Terrain
|
|-end|p2a: Lapras|Dynamax
|-formechange|p2a: Lapras|Lapras
|-heal|p2a: Lapras|6/100 par|[silent]
|upkeep
|turn|11
|
|move|p1a: Lunala|Psychic|p2a: Lapras
|-damage|p2a: Lapras|0 fnt
|faint|p2a: Lapras
|
|upkeep
|
|switch|p2a: Melmetal|Melmetal|100/100
|-activate|p2a: Melmetal|move: Sticky Web
|-unboost|p2a: Melmetal|spe|1
|turn|12
|
|move|p1a: Lunala|Psychic|p2a: Melmetal
|-resisted|p2a: Melmetal
|-damage|p2a: Melmetal|79/100
|move|p2a: Melmetal|Earthquake|p1a: Lunala
|-damage|p1a: Lunala|0 fnt
|faint|p1a: Lunala
|
|upkeep
|
|switch|p1a: Lucario|Lucario, M|100/100
|turn|13
|
|move|p1a: Lucario|Focus Blast|p2a: Melmetal
|-supereffective|p2a: Melmetal
|-damage|p2a: Melmetal|0 fnt
|faint|p2a: Melmetal
|
|upkeep
|
|switch|p2a: Marshadow|Marshadow|100/100
|-activate|p2a: Marshadow|move: Sticky Web
|-unboost|p2a: Marshadow|spe|1
|turn|14
|
|switch|p1a: Charjabug|Charjabug, M|52/100
|move|p2a: Marshadow|Knock Off|p1a: Charjabug
|-damage|p1a: Charjabug|31/100
|-enditem|p1a: Charjabug|Eviolite|[from] move: Knock Off|[of] p2a: Marshadow
|
|-fieldend|move: Electric Terrain
|upkeep
|turn|15
|
|move|p2a: Marshadow|Spectral Thief|p1a: Charjabug
|-damage|p1a: Charjabug|0 fnt
|faint|p1a: Charjabug
|
|-sideend|p2: ploopypants|move: Aurora Veil
|upkeep
|
|switch|p1a: Corsola|Corsola-Galar, F|100/100
|turn|16
|
|move|p2a: Marshadow|Knock Off|p1a: Corsola
|-supereffective|p1a: Corsola
|-damage|p1a: Corsola|65/100
|-enditem|p1a: Corsola|Eviolite|[from] move: Knock Off|[of] p2a: Marshadow
|move|p1a: Corsola|Strength Sap|p2a: Marshadow
|-unboost|p2a: Marshadow|atk|1
|-heal|p1a: Corsola|100/100
|
|upkeep
|turn|17
|
|move|p2a: Marshadow|Spectral Thief|p1a: Corsola
|-supereffective|p1a: Corsola
|-crit|p1a: Corsola
|-damage|p1a: Corsola|0 fnt
|-start|p2a: Marshadow|Disable|Spectral Thief|[from] ability: Cursed Body|[of] p1a: Corsola
|faint|p1a: Corsola
|
|upkeep
|
|switch|p1a: Zacian|Zacian-Crowned|100/100
|-ability|p1a: Zacian|Intrepid Sword|boost
|-boost|p1a: Zacian|atk|1
|turn|18
|
|move|p1a: Zacian|Behemoth Blade|p2a: Marshadow
|-enditem|p2a: Marshadow|Focus Sash
|-damage|p2a: Marshadow|1/100
|move|p2a: Marshadow|Knock Off|p1a: Zacian
|-resisted|p1a: Zacian
|-damage|p1a: Zacian|93/100
|
|upkeep
|turn|19
|
|move|p2a: Marshadow|Shadow Sneak|p1a: Zacian
|-damage|p1a: Zacian|74/100
|move|p1a: Zacian|Behemoth Blade|p2a: Marshadow
|-damage|p2a: Marshadow|0 fnt
|faint|p2a: Marshadow
|
|upkeep
|
|switch|p2a: Zacian|Zacian-Crowned|100/100
|-activate|p2a: Zacian|move: Sticky Web
|-unboost|p2a: Zacian|spe|1
|-ability|p2a: Zacian|Intrepid Sword|boost
|-boost|p2a: Zacian|atk|1
|turn|20
|
|move|p1a: Zacian|Behemoth Blade|p2a: Zacian
|-damage|p2a: Zacian|7/100
|move|p2a: Zacian|Behemoth Blade|p1a: Zacian
|-damage|p1a: Zacian|0 fnt
|faint|p1a: Zacian
|
|upkeep
|
|switch|p1a: Lucario|Lucario, M|100/100
|turn|21
|
|move|p1a: Lucario|Steel Beam|p2a: Zacian
|-damage|p2a: Zacian|0 fnt
|-damage|p1a: Lucario|50/100|[from] mindblown
|faint|p2a: Zacian
|
|upkeep
|
|switch|p2a: Darmanitan|Darmanitan-Galar, M, shiny|100/100
|-activate|p2a: Darmanitan|move: Sticky Web
|-unboost|p2a: Darmanitan|spe|1
|turn|22
|
|move|p1a: Lucario|Steel Beam|p2a: Darmanitan
|-supereffective|p2a: Darmanitan
|-damage|p2a: Darmanitan|0 fnt
|-damage|p1a: Lucario|0 fnt|[from] mindblown
|faint|p1a: Lucario
|faint|p2a: Darmanitan
|
|win|ploopypants
|l|☆GEDO RINNE TENSEI
