|j|☆pronix
|j|☆bbghdy
|t:|1649957865
|gametype|singles
|player|p1|pronix|veteran|1513
|player|p2|bbghdy|dawn|1523
|teamsize|p1|6
|teamsize|p2|6
|gen|8
|tier|[Gen 8] Ubers
|rated|
|rule|Sleep Clause Mod: Limit one foe put to sleep
|rule|Species Clause: Limit one of each Pokémon
|rule|OHKO Clause: OHKO moves are banned
|rule|Evasion Moves Clause: Evasion moves are banned
|rule|Endless Battle Clause: Forcing endless battles is banned
|rule|HP Percentage Mod: HP is shown in percentages
|rule|Dynamax Clause: You cannot dynamax
|clearpoke
|poke|p1|Yveltal|
|poke|p1|Xerneas-*|
|poke|p1|Weavile, M|
|poke|p1|Cloyster, F|
|poke|p1|Calyrex-Shadow|
|poke|p1|Necrozma-Dusk-Mane|
|poke|p2|Necrozma-Dusk-Mane|
|poke|p2|Yveltal|
|poke|p2|Xerneas-*|
|poke|p2|Calyrex-Shadow|
|poke|p2|Zygarde|
|poke|p2|Eternatus|
|teampreview
|
|t:|1649957871
|start
|switch|p1a: Yveltal|Yveltal, shiny|100/100
|switch|p2a: Eternatus|Eternatus|100/100
|-ability|p2a: Eternatus|Pressure
|-ability|p1a: Yveltal|Dark Aura
|turn|1
|
|t:|1649957874
|move|p2a: Eternatus|Meteor Beam||[still]
|-prepare|p2a: Eternatus|Meteor Beam
|-boost|p2a: Eternatus|spa|1
|-enditem|p2a: Eternatus|Power Herb
|-anim|p2a: Eternatus|Meteor Beam|p1a: Yveltal
|-supereffective|p1a: Yveltal
|-damage|p1a: Yveltal|1/100
|move|p1a: Yveltal|Knock Off|p2a: Eternatus
|-damage|p2a: Eternatus|60/100
|-damage|p1a: Yveltal|0 fnt|[from] item: Life Orb
|faint|p1a: Yveltal
|
|upkeep
|
|t:|1649957878
|switch|p1a: Weavile|Weavile, M, shiny|100/100
|turn|2
|
|t:|1649957896
|switch|p2a: Necrozma|Necrozma-Dusk-Mane|100/100
|move|p1a: Weavile|Triple Axel|p2a: Necrozma|[miss]
|-miss|p1a: Weavile|p2a: Necrozma
|
|upkeep
|turn|3
|
|t:|1649957919
|move|p1a: Weavile|Knock Off|p2a: Necrozma
|-supereffective|p2a: Necrozma
|-damage|p2a: Necrozma|37/100
|-enditem|p2a: Necrozma|Shed Shell|[from] move: Knock Off|[of] p1a: Weavile
|-damage|p1a: Weavile|91/100|[from] item: Life Orb
|move|p2a: Necrozma|Iron Head|p1a: Weavile
|-supereffective|p1a: Weavile
|-damage|p1a: Weavile|0 fnt
|faint|p1a: Weavile
|
|upkeep
|
|t:|1649957930
|switch|p1a: Calyrex|Calyrex-Shadow|100/100
|-ability|p1a: Calyrex|As One
|-ability|p1a: Calyrex|Unnerve
|turn|4
|inactive|Battle timer is ON: inactive players will automatically lose when time's up. (requested by pronix)
|inactive|bbghdy has 120 seconds left.
|inactive|bbghdy has 90 seconds left.
|
|t:|1649958040
|switch|p2a: Yveltal|Yveltal, shiny|100/100
|-ability|p2a: Yveltal|Dark Aura
|move|p1a: Calyrex|Astral Barrage|p2a: Yveltal
|-resisted|p2a: Yveltal
|-damage|p2a: Yveltal|75/100
|
|upkeep
|turn|5
|
|t:|1649958047
|move|p1a: Calyrex|Will-O-Wisp|p2a: Yveltal|[miss]
|-miss|p1a: Calyrex|p2a: Yveltal
|move|p2a: Yveltal|Knock Off|p1a: Calyrex
|-supereffective|p1a: Calyrex
|-enditem|p1a: Calyrex|Focus Sash
|-damage|p1a: Calyrex|1/100
|
|upkeep
|turn|6
|
|t:|1649958055
|move|p1a: Calyrex|Encore|p2a: Yveltal
|-start|p2a: Yveltal|Encore
|move|p2a: Yveltal|Knock Off|p1a: Calyrex
|-supereffective|p1a: Calyrex
|-damage|p1a: Calyrex|0 fnt
|faint|p1a: Calyrex
|
|upkeep
|
|t:|1649958058
|switch|p1a: Xerneas|Xerneas, shiny|100/100
|-ability|p1a: Xerneas|Fairy Aura
|turn|7
|
|t:|1649958064
|switch|p2a: Necrozma|Necrozma-Dusk-Mane|37/100
|move|p1a: Xerneas|Geomancy||[still]
|-prepare|p1a: Xerneas|Geomancy
|-enditem|p1a: Xerneas|Power Herb
|-anim|p1a: Xerneas|Geomancy|p1a: Xerneas
|-boost|p1a: Xerneas|spa|2
|-boost|p1a: Xerneas|spd|2
|-boost|p1a: Xerneas|spe|2
|
|upkeep
|turn|8
|j| sbycyy
|inactive|pronix has 120 seconds left.
|
|t:|1649958102
|move|p1a: Xerneas|Moonblast|p2a: Necrozma
|-resisted|p2a: Necrozma
|-damage|p2a: Necrozma|0 fnt
|faint|p2a: Necrozma
|
|upkeep
|
|t:|1649958110
|switch|p2a: Calyrex|Calyrex-Shadow|100/100
|-ability|p2a: Calyrex|As One
|-ability|p2a: Calyrex|Unnerve
|turn|9
|
|t:|1649958116
|move|p2a: Calyrex|Psyshock|p1a: Xerneas
|-damage|p1a: Xerneas|62/100
|move|p1a: Xerneas|Moonblast|p2a: Calyrex
|-damage|p2a: Calyrex|0 fnt
|faint|p2a: Calyrex
|
|upkeep
|
|t:|1649958119
|switch|p2a: Yveltal|Yveltal, shiny|75/100
|-ability|p2a: Yveltal|Dark Aura
|turn|10
|
|t:|1649958121
|move|p2a: Yveltal|Sucker Punch|p1a: Xerneas
|-resisted|p1a: Xerneas
|-damage|p1a: Xerneas|48/100
|move|p1a: Xerneas|Moonblast|p2a: Yveltal
|-supereffective|p2a: Yveltal
|-damage|p2a: Yveltal|0 fnt
|faint|p2a: Yveltal
|
|upkeep
|-message|bbghdy forfeited.
|
|win|pronix
|raw|pronix's rating: 1513 &rarr; <strong>1533</strong><br />(+20 for winning)
|raw|bbghdy's rating: 1505 &rarr; <strong>1485</strong><br />(-20 for losing)
|l|☆bbghdy
|l|☆pronix
||Ladder isn't responding, score probably updated but might not have (Request timeout).
