|j|☆JamboreeJourney
|j|☆Magikarp4000
|t:|1606981273
|player|p1|JamboreeJourney|lady|1496
|player|p2|Magikarp4000|steven|1546
|teamsize|p1|6
|teamsize|p2|6
|gametype|singles
|gen|8
|tier|[Gen 8] Ubers
|rated|
|clearpoke
|poke|p1|Xerneas|
|poke|p1|Necrozma-Dusk-Mane|
|poke|p1|Yveltal|
|poke|p1|Palkia|
|poke|p1|Zygarde|
|poke|p1|Marshadow|
|poke|p2|Yveltal|
|poke|p2|Zacian-Crowned|
|poke|p2|Calyrex-Shadow|
|poke|p2|Zygarde|
|poke|p2|Necrozma-Dusk-Mane|
|poke|p2|Eternatus|
|rule|Sleep Clause Mod: Limit one foe put to sleep
|rule|Species Clause: Limit one of each Pokémon
|rule|OHKO Clause: OHKO moves are banned
|rule|Evasion Moves Clause: Evasion moves are banned
|rule|Endless Battle Clause: Forcing endless battles is banned
|rule|HP Percentage Mod: HP is shown in percentages
|rule|Dynamax Clause: You cannot dynamax
|teampreview
|c|☆Magikarp4000|glhf
|c|☆Magikarp4000|hmm
|c|☆JamboreeJourney|gl hf
|j| rng loser
|
|t:|1606981304
|start
|switch|p1a: Yveltal|Yveltal|100/100
|switch|p2a: Zacian|Zacian-Crowned|100/100
|-ability|p2a: Zacian|Intrepid Sword|boost
|-boost|p2a: Zacian|atk|1
|-ability|p1a: Yveltal|Dark Aura
|turn|1
|
|t:|1606981309
|move|p2a: Zacian|Swords Dance|p2a: Zacian
|-boost|p2a: Zacian|atk|2
|move|p1a: Yveltal|Foul Play|p2a: Zacian
|-resisted|p2a: Zacian
|-damage|p2a: Zacian|10/100
|
|upkeep
|turn|2
|
|t:|1606981322
|switch|p1a: Necrozma|Necrozma-Dusk-Mane, shiny|100/100
|move|p2a: Zacian|Play Rough|p1a: Necrozma
|-resisted|p1a: Necrozma
|-damage|p1a: Necrozma|65/100
|-unboost|p1a: Necrozma|atk|1
|
|-heal|p1a: Necrozma|71/100|[from] item: Leftovers
|upkeep
|turn|3
|
|t:|1606981331
|switch|p2a: Zygarde|Zygarde|100/100
|move|p1a: Necrozma|Sunsteel Strike|p2a: Zygarde
|-damage|p2a: Zygarde|85/100
|
|-heal|p2a: Zygarde|91/100|[from] item: Leftovers
|-heal|p1a: Necrozma|77/100|[from] item: Leftovers
|upkeep
|turn|4
|
|t:|1606981336
|move|p2a: Zygarde|Glare|p1a: Necrozma
|-status|p1a: Necrozma|par
|move|p1a: Necrozma|Stealth Rock|p2a: Zygarde
|-sidestart|p2: Magikarp4000|move: Stealth Rock
|
|-heal|p2a: Zygarde|97/100|[from] item: Leftovers
|-heal|p1a: Necrozma|83/100 par|[from] item: Leftovers
|upkeep
|turn|5
|
|t:|1606981340
|switch|p2a: Necrozma|Necrozma-Dusk-Mane|100/100
|-damage|p2a: Necrozma|94/100|[from] Stealth Rock
|switch|p1a: Zygarde|Zygarde|100/100
|
|upkeep
|turn|6
|
|t:|1606981351
|move|p1a: Zygarde|Glare|p2a: Necrozma
|-status|p2a: Necrozma|par
|move|p2a: Necrozma|Stealth Rock|p1a: Zygarde
|-sidestart|p1: JamboreeJourney|move: Stealth Rock
|
|upkeep
|turn|7
|
|t:|1606981355
|move|p1a: Zygarde|Glare|p2a: Necrozma
|-fail|p2a: Necrozma|par
|cant|p2a: Necrozma|par
|
|upkeep
|turn|8
|
|t:|1606981363
|move|p1a: Zygarde|Coil|p1a: Zygarde
|-boost|p1a: Zygarde|atk|1
|-boost|p1a: Zygarde|def|1
|-boost|p1a: Zygarde|accuracy|1
|move|p2a: Necrozma|Knock Off|p1a: Zygarde
|-damage|p1a: Zygarde|88/100
|-enditem|p1a: Zygarde|Leftovers|[from] move: Knock Off|[of] p2a: Necrozma
|
|upkeep
|turn|9
|
|t:|1606981372
|switch|p2a: Zygarde|Zygarde|97/100
|-damage|p2a: Zygarde|91/100|[from] Stealth Rock
|move|p1a: Zygarde|Glare|p2a: Zygarde
|-status|p2a: Zygarde|par
|
|-heal|p2a: Zygarde|97/100 par|[from] item: Leftovers
|upkeep
|turn|10
|
|t:|1606981398
|move|p1a: Zygarde|Thousand Arrows|p2a: Zygarde
|-damage|p2a: Zygarde|71/100 par
|move|p2a: Zygarde|Haze|p2a: Zygarde
|-clearallboost
|
|-heal|p2a: Zygarde|77/100 par|[from] item: Leftovers
|upkeep
|turn|11
|
|t:|1606981425
|move|p1a: Zygarde|Thousand Arrows|p2a: Zygarde
|-damage|p2a: Zygarde|62/100 par
|move|p2a: Zygarde|Glare|p1a: Zygarde
|-status|p1a: Zygarde|par
|
|-heal|p2a: Zygarde|68/100 par|[from] item: Leftovers
|upkeep
|turn|12
|
|t:|1606981437
|switch|p1a: Yveltal|Yveltal|100/100
|-ability|p1a: Yveltal|Dark Aura
|move|p2a: Zygarde|Thousand Arrows|p1a: Yveltal
|-damage|p1a: Yveltal|78/100
|-start|p1a: Yveltal|Smack Down
|
|-heal|p2a: Zygarde|75/100 par|[from] item: Leftovers
|upkeep
|turn|13
|
|t:|1606981454
|switch|p1a: Zygarde|Zygarde|88/100 par
|-damage|p1a: Zygarde|82/100 par|[from] Stealth Rock
|move|p2a: Zygarde|Thousand Arrows|p1a: Zygarde
|-damage|p1a: Zygarde|64/100 par
|
|-heal|p2a: Zygarde|81/100 par|[from] item: Leftovers
|upkeep
|turn|14
|
|t:|1606981469
|move|p1a: Zygarde|Thousand Arrows|p2a: Zygarde
|-damage|p2a: Zygarde|63/100 par
|cant|p2a: Zygarde|par
|
|-heal|p2a: Zygarde|70/100 par|[from] item: Leftovers
|upkeep
|turn|15
|
|t:|1606981476
|move|p1a: Zygarde|Thousand Arrows|p2a: Zygarde
|-crit|p2a: Zygarde
|-damage|p2a: Zygarde|46/100 par
|move|p2a: Zygarde|Thousand Arrows|p1a: Zygarde
|-damage|p1a: Zygarde|47/100 par
|
|-heal|p2a: Zygarde|52/100 par|[from] item: Leftovers
|-activate|p1a: Zygarde|ability: Power Construct
|detailschange|p1a: Zygarde|Zygarde-Complete
|-heal|p1a: Zygarde|65/100 par|[silent]
|upkeep
|turn|16
|l| rng loser
|
|t:|1606981523
|switch|p1a: Palkia|Palkia|100/100
|-damage|p1a: Palkia|88/100|[from] Stealth Rock
|-ability|p1a: Palkia|Pressure
|move|p2a: Zygarde|Thousand Arrows|p1a: Palkia
|-damage|p1a: Palkia|55/100
|
|-heal|p1a: Palkia|62/100|[from] item: Leftovers
|-heal|p2a: Zygarde|58/100 par|[from] item: Leftovers
|upkeep
|turn|17
|
|t:|1606981545
|switch|p2a: Zacian|Zacian-Crowned|10/100
|-damage|p2a: Zacian|4/100|[from] Stealth Rock
|-ability|p2a: Zacian|Intrepid Sword|boost
|-boost|p2a: Zacian|atk|1
|move|p1a: Palkia|Hydro Pump|p2a: Zacian|[miss]
|-miss|p1a: Palkia|p2a: Zacian
|
|-heal|p1a: Palkia|68/100|[from] item: Leftovers
|upkeep
|turn|18
|
|t:|1606981555
|switch|p1a: Necrozma|Necrozma-Dusk-Mane, shiny|83/100 par
|-damage|p1a: Necrozma|77/100 par|[from] Stealth Rock
|move|p2a: Zacian|Swords Dance|p2a: Zacian
|-boost|p2a: Zacian|atk|2
|
|-heal|p1a: Necrozma|83/100 par|[from] item: Leftovers
|upkeep
|turn|19
|
|t:|1606981559
|move|p2a: Zacian|Close Combat|p1a: Necrozma
|-damage|p1a: Necrozma|17/100 par
|-unboost|p2a: Zacian|def|1
|-unboost|p2a: Zacian|spd|1
|cant|p1a: Necrozma|par
|
|-heal|p1a: Necrozma|23/100 par|[from] item: Leftovers
|upkeep
|turn|20
|
|t:|1606981565
|move|p2a: Zacian|Behemoth Blade|p1a: Necrozma
|-resisted|p1a: Necrozma
|-damage|p1a: Necrozma|0 fnt
|faint|p1a: Necrozma
|
|upkeep
|
|t:|1606981567
|switch|p1a: Marshadow|Marshadow|100/100
|-damage|p1a: Marshadow|94/100|[from] Stealth Rock
|turn|21
|
|t:|1606981576
|switch|p2a: Eternatus|Eternatus|100/100
|-damage|p2a: Eternatus|88/100|[from] Stealth Rock
|-ability|p2a: Eternatus|Pressure
|move|p1a: Marshadow|Shadow Sneak|p2a: Eternatus
|-crit|p2a: Eternatus
|-damage|p2a: Eternatus|40/100
|
|-heal|p2a: Eternatus|47/100|[from] item: Black Sludge
|upkeep
|turn|22
|
|t:|1606981589
|switch|p1a: Yveltal|Yveltal|78/100
|-ability|p1a: Yveltal|Dark Aura
|switch|p2a: Zygarde|Zygarde|58/100 par
|-damage|p2a: Zygarde|52/100 par|[from] Stealth Rock
|
|-heal|p2a: Zygarde|58/100 par|[from] item: Leftovers
|upkeep
|turn|23
|
|t:|1606981606
|switch|p1a: Zygarde|Zygarde-Complete|65/100 par
|-damage|p1a: Zygarde|59/100 par|[from] Stealth Rock
|move|p2a: Zygarde|Glare|p1a: Zygarde
|-fail|p1a: Zygarde|par
|
|-heal|p2a: Zygarde|65/100 par|[from] item: Leftovers
|upkeep
|turn|24
|
|t:|1606981649
|cant|p2a: Zygarde|par
|move|p1a: Zygarde|Glare|p2a: Zygarde
|-fail|p2a: Zygarde|par
|
|-heal|p2a: Zygarde|71/100 par|[from] item: Leftovers
|upkeep
|turn|25
|
|t:|1606981681
|move|p2a: Zygarde|Thousand Arrows|p1a: Zygarde
|-damage|p1a: Zygarde|48/100 par
|move|p1a: Zygarde|Coil|p1a: Zygarde
|-boost|p1a: Zygarde|atk|1
|-boost|p1a: Zygarde|def|1
|-boost|p1a: Zygarde|accuracy|1
|
|-heal|p2a: Zygarde|77/100 par|[from] item: Leftovers
|upkeep
|turn|26
|
|t:|1606981685
|move|p2a: Zygarde|Haze|p2a: Zygarde
|-clearallboost
|move|p1a: Zygarde|Rest|p1a: Zygarde
|-status|p1a: Zygarde|slp|[from] move: Rest
|-heal|p1a: Zygarde|100/100 slp|[silent]
|
|-heal|p2a: Zygarde|83/100 par|[from] item: Leftovers
|upkeep
|turn|27
|
|t:|1606981700
|cant|p1a: Zygarde|slp
|cant|p2a: Zygarde|par
|
|-heal|p2a: Zygarde|89/100 par|[from] item: Leftovers
|upkeep
|turn|28
|
|t:|1606981725
|switch|p2a: Eternatus|Eternatus|47/100
|-damage|p2a: Eternatus|34/100|[from] Stealth Rock
|-ability|p2a: Eternatus|Pressure
|cant|p1a: Zygarde|slp
|
|-heal|p2a: Eternatus|40/100|[from] item: Black Sludge
|upkeep
|turn|29
|
|t:|1606981730
|move|p2a: Eternatus|Recover|p2a: Eternatus
|-heal|p2a: Eternatus|90/100
|-curestatus|p1a: Zygarde|slp|[msg]
|move|p1a: Zygarde|Thousand Arrows|p2a: Eternatus
|-supereffective|p2a: Eternatus
|-damage|p2a: Eternatus|45/100
|
|-heal|p2a: Eternatus|51/100|[from] item: Black Sludge
|upkeep
|turn|30
|
|t:|1606981733
|move|p2a: Eternatus|Dynamax Cannon|p1a: Zygarde
|-supereffective|p1a: Zygarde
|-damage|p1a: Zygarde|49/100
|move|p1a: Zygarde|Glare|p2a: Eternatus
|-status|p2a: Eternatus|par
|
|-heal|p2a: Eternatus|57/100 par|[from] item: Black Sludge
|upkeep
|turn|31
|
|t:|1606981740
|switch|p1a: Xerneas|Xerneas|100/100
|-damage|p1a: Xerneas|88/100|[from] Stealth Rock
|-ability|p1a: Xerneas|Fairy Aura
|move|p2a: Eternatus|Dynamax Cannon|p1a: Xerneas
|-immune|p1a: Xerneas
|
|-heal|p2a: Eternatus|64/100 par|[from] item: Black Sludge
|upkeep
|turn|32
|
|t:|1606981797
|switch|p1a: Yveltal|Yveltal|78/100
|-ability|p1a: Yveltal|Dark Aura
|switch|p2a: Necrozma|Necrozma-Dusk-Mane|94/100 par
|-damage|p2a: Necrozma|88/100 par|[from] Stealth Rock
|
|upkeep
|turn|33
|
|t:|1606981803
|switch|p2a: Eternatus|Eternatus|64/100 par
|-damage|p2a: Eternatus|51/100 par|[from] Stealth Rock
|-ability|p2a: Eternatus|Pressure
|move|p1a: Yveltal|Knock Off|p2a: Eternatus
|-damage|p2a: Eternatus|7/100 par
|-enditem|p2a: Eternatus|Black Sludge|[from] move: Knock Off|[of] p1a: Yveltal
|
|upkeep
|turn|34
|
|t:|1606981820
|move|p1a: Yveltal|Knock Off|p2a: Eternatus
|-damage|p2a: Eternatus|0 fnt
|faint|p2a: Eternatus
|
|upkeep
|
|t:|1606981823
|switch|p2a: Yveltal|Yveltal|100/100
|-ability|p2a: Yveltal|Dark Aura
|turn|35
|
|t:|1606981835
|move|p1a: Yveltal|Knock Off|p2a: Yveltal
|-resisted|p2a: Yveltal
|-damage|p2a: Yveltal|79/100
|-enditem|p2a: Yveltal|Heavy-Duty Boots|[from] move: Knock Off|[of] p1a: Yveltal
|move|p2a: Yveltal|Toxic|p1a: Yveltal
|-status|p1a: Yveltal|tox
|
|-damage|p1a: Yveltal|72/100 tox|[from] psn
|upkeep
|turn|36
|
|t:|1606981841
|switch|p1a: Zygarde|Zygarde-Complete|49/100
|-damage|p1a: Zygarde|43/100|[from] Stealth Rock
|move|p2a: Yveltal|Toxic|p1a: Zygarde
|-status|p1a: Zygarde|tox
|
|-damage|p1a: Zygarde|37/100 tox|[from] psn
|upkeep
|turn|37
|
|t:|1606981844
|move|p2a: Yveltal|Foul Play|p1a: Zygarde
|-damage|p1a: Zygarde|21/100 tox
|move|p1a: Zygarde|Rest|p1a: Zygarde
|-status|p1a: Zygarde|slp|[from] move: Rest
|-heal|p1a: Zygarde|100/100 slp|[silent]
|
|upkeep
|turn|38
|
|t:|1606981862
|switch|p2a: Calyrex|Calyrex-Shadow|100/100
|-ability|p2a: Calyrex|As One
|-ability|p2a: Calyrex|Unnerve|p1: JamboreeJourney
|-damage|p2a: Calyrex|88/100|[from] Stealth Rock
|switch|p1a: Yveltal|Yveltal|72/100 tox
|-ability|p1a: Yveltal|Dark Aura
|
|-damage|p1a: Yveltal|66/100 tox|[from] psn
|upkeep
|turn|39
|
|t:|1606981914
|switch|p2a: Yveltal|Yveltal|79/100
|-damage|p2a: Yveltal|54/100|[from] Stealth Rock
|-ability|p2a: Yveltal|Dark Aura
|move|p1a: Yveltal|Knock Off|p2a: Yveltal
|-resisted|p2a: Yveltal
|-damage|p2a: Yveltal|40/100
|
|-damage|p1a: Yveltal|53/100 tox|[from] psn
|upkeep
|turn|40
|
|t:|1606981924
|switch|p1a: Zygarde|Zygarde-Complete|100/100 slp
|-damage|p1a: Zygarde|94/100 slp|[from] Stealth Rock
|move|p2a: Yveltal|Roost|p2a: Yveltal
|-heal|p2a: Yveltal|90/100
|-singleturn|p2a: Yveltal|move: Roost
|
|upkeep
|turn|41
|
|t:|1606981939
|move|p2a: Yveltal|Foul Play|p1a: Zygarde
|-damage|p1a: Zygarde|79/100 slp
|cant|p1a: Zygarde|slp
|
|upkeep
|turn|42
|
|t:|1606981945
|move|p2a: Yveltal|Foul Play|p1a: Zygarde
|-damage|p1a: Zygarde|64/100 slp
|cant|p1a: Zygarde|slp
|
|upkeep
|turn|43
|
|t:|1606981952
|move|p2a: Yveltal|Foul Play|p1a: Zygarde
|-damage|p1a: Zygarde|49/100 slp
|-curestatus|p1a: Zygarde|slp|[msg]
|move|p1a: Zygarde|Glare|p2a: Yveltal
|-status|p2a: Yveltal|par
|
|upkeep
|turn|44
|
|t:|1606981963
|move|p1a: Zygarde|Thousand Arrows|p2a: Yveltal
|-damage|p2a: Yveltal|68/100 par
|-start|p2a: Yveltal|Smack Down
|move|p2a: Yveltal|Toxic|p1a: Zygarde
|-status|p1a: Zygarde|tox
|
|-damage|p1a: Zygarde|43/100 tox|[from] psn
|upkeep
|turn|45
|
|t:|1606981999
|switch|p2a: Calyrex|Calyrex-Shadow|88/100
|-ability|p2a: Calyrex|As One
|-ability|p2a: Calyrex|Unnerve|p1: JamboreeJourney
|-damage|p2a: Calyrex|76/100|[from] Stealth Rock
|move|p1a: Zygarde|Rest|p1a: Zygarde
|-status|p1a: Zygarde|slp|[from] move: Rest
|-heal|p1a: Zygarde|100/100 slp|[silent]
|
|upkeep
|turn|46
|
|t:|1606982004
|switch|p1a: Yveltal|Yveltal|53/100 tox
|-ability|p1a: Yveltal|Dark Aura
|move|p2a: Calyrex|Trick|p1a: Yveltal
|-activate|p2a: Calyrex|move: Trick|[of] p1a: Yveltal
|-item|p1a: Yveltal|Choice Scarf|[from] move: Trick
|-item|p2a: Calyrex|Heavy-Duty Boots|[from] move: Trick
|
|-damage|p1a: Yveltal|47/100 tox|[from] psn
|upkeep
|turn|47
|
|t:|1606982029
|switch|p2a: Yveltal|Yveltal|68/100 par
|-damage|p2a: Yveltal|43/100 par|[from] Stealth Rock
|-ability|p2a: Yveltal|Dark Aura
|move|p1a: Yveltal|Foul Play|p2a: Yveltal
|-resisted|p2a: Yveltal
|-damage|p2a: Yveltal|20/100 par
|
|-damage|p1a: Yveltal|35/100 tox|[from] psn
|upkeep
|turn|48
|
|t:|1606982039
|switch|p2a: Zygarde|Zygarde|89/100 par
|-damage|p2a: Zygarde|83/100 par|[from] Stealth Rock
|move|p1a: Yveltal|Foul Play|p2a: Zygarde
|-damage|p2a: Zygarde|61/100 par
|
|-heal|p2a: Zygarde|67/100 par|[from] item: Leftovers
|-damage|p1a: Yveltal|17/100 tox|[from] psn
|upkeep
|turn|49
|
|t:|1606982045
|move|p1a: Yveltal|Foul Play|p2a: Zygarde
|-damage|p2a: Zygarde|45/100 par
|move|p2a: Zygarde|Rest|p2a: Zygarde
|-status|p2a: Zygarde|slp|[from] move: Rest
|-heal|p2a: Zygarde|100/100 slp|[silent]
|
|-damage|p1a: Yveltal|0 fnt|[from] psn
|faint|p1a: Yveltal
|upkeep
|
|t:|1606982068
|switch|p1a: Palkia|Palkia|68/100
|-damage|p1a: Palkia|55/100|[from] Stealth Rock
|-ability|p1a: Palkia|Pressure
|turn|50
|
|t:|1606982079
|switch|p2a: Zacian|Zacian-Crowned|4/100
|-damage|p2a: Zacian|0 fnt|[from] Stealth Rock
|faint|p2a: Zacian
|move|p1a: Palkia|Hydro Pump|p2: Zacian|[notarget]
|-fail|p1a: Palkia
|
|-heal|p1a: Palkia|62/100|[from] item: Leftovers
|upkeep
|
|t:|1606982082
|switch|p2a: Calyrex|Calyrex-Shadow|76/100
|-ability|p2a: Calyrex|As One
|-ability|p2a: Calyrex|Unnerve|p1: JamboreeJourney
|turn|51
|
|t:|1606982103
|move|p2a: Calyrex|Astral Barrage|p1a: Palkia
|-damage|p1a: Palkia|0 fnt
|faint|p1a: Palkia
|-ability|p2a: Calyrex|Grim Neigh|boost
|-boost|p2a: Calyrex|spa|1
|
|upkeep
|
|t:|1606982106
|switch|p1a: Marshadow|Marshadow|94/100
|-damage|p1a: Marshadow|88/100|[from] Stealth Rock
|turn|52
|
|t:|1606982117
|switch|p2a: Zygarde|Zygarde|100/100 slp
|-damage|p2a: Zygarde|94/100 slp|[from] Stealth Rock
|move|p1a: Marshadow|Shadow Sneak|p2a: Zygarde
|-damage|p2a: Zygarde|69/100 slp
|
|-heal|p2a: Zygarde|75/100 slp|[from] item: Leftovers
|upkeep
|turn|53
|
|t:|1606982121
|switch|p1a: Zygarde|Zygarde-Complete|100/100 slp
|-damage|p1a: Zygarde|94/100 slp|[from] Stealth Rock
|cant|p2a: Zygarde|slp
|
|-heal|p2a: Zygarde|81/100 slp|[from] item: Leftovers
|upkeep
|turn|54
|
|t:|1606982127
|cant|p2a: Zygarde|slp
|cant|p1a: Zygarde|slp
|
|-heal|p2a: Zygarde|88/100 slp|[from] item: Leftovers
|upkeep
|turn|55
|
|t:|1606982132
|-curestatus|p2a: Zygarde|slp|[msg]
|move|p2a: Zygarde|Glare||[still]
|-fail|p2a: Zygarde
|cant|p1a: Zygarde|slp
|
|-heal|p2a: Zygarde|94/100|[from] item: Leftovers
|upkeep
|turn|56
|
|t:|1606982143
|move|p2a: Zygarde|Haze|p2a: Zygarde
|-clearallboost
|-curestatus|p1a: Zygarde|slp|[msg]
|move|p1a: Zygarde|Glare|p2a: Zygarde
|-status|p2a: Zygarde|par
|
|-heal|p2a: Zygarde|99/100 par|[from] item: Leftovers
|upkeep
|turn|57
|
|t:|1606982149
|move|p1a: Zygarde|Coil|p1a: Zygarde
|-boost|p1a: Zygarde|atk|1
|-boost|p1a: Zygarde|def|1
|-boost|p1a: Zygarde|accuracy|1
|move|p2a: Zygarde|Glare|p1a: Zygarde
|-status|p1a: Zygarde|par
|
|-heal|p2a: Zygarde|100/100 par|[from] item: Leftovers
|upkeep
|turn|58
|
|t:|1606982158
|move|p2a: Zygarde|Haze|p2a: Zygarde
|-clearallboost
|move|p1a: Zygarde|Thousand Arrows|p2a: Zygarde
|-damage|p2a: Zygarde|83/100 par
|
|-heal|p2a: Zygarde|90/100 par|[from] item: Leftovers
|upkeep
|turn|59
|
|t:|1606982175
|move|p2a: Zygarde|Thousand Arrows|p1a: Zygarde
|-damage|p1a: Zygarde|84/100 par
|move|p1a: Zygarde|Glare|p2a: Zygarde
|-fail|p2a: Zygarde|par
|
|-heal|p2a: Zygarde|96/100 par|[from] item: Leftovers
|upkeep
|turn|60
|
|t:|1606982185
|cant|p2a: Zygarde|par
|move|p1a: Zygarde|Coil|p1a: Zygarde
|-boost|p1a: Zygarde|atk|1
|-boost|p1a: Zygarde|def|1
|-boost|p1a: Zygarde|accuracy|1
|
|-heal|p2a: Zygarde|100/100 par|[from] item: Leftovers
|upkeep
|turn|61
|
|t:|1606982208
|move|p2a: Zygarde|Haze|p2a: Zygarde
|-clearallboost
|cant|p1a: Zygarde|par
|
|upkeep
|turn|62
|
|t:|1606982216
|cant|p2a: Zygarde|par
|move|p1a: Zygarde|Glare|p2a: Zygarde
|-fail|p2a: Zygarde|par
|
|upkeep
|turn|63
|
|t:|1606982230
|move|p2a: Zygarde|Glare|p1a: Zygarde
|-fail|p1a: Zygarde|par
|cant|p1a: Zygarde|par
|
|upkeep
|turn|64
|
|t:|1606982248
|move|p2a: Zygarde|Glare|p1a: Zygarde
|-fail|p1a: Zygarde|par
|move|p1a: Zygarde|Thousand Arrows|p2a: Zygarde
|-damage|p2a: Zygarde|84/100 par
|
|-heal|p2a: Zygarde|90/100 par|[from] item: Leftovers
|upkeep
|turn|65
|
|t:|1606982266
|move|p2a: Zygarde|Haze|p2a: Zygarde
|-clearallboost
|move|p1a: Zygarde|Glare|p2a: Zygarde
|-fail|p2a: Zygarde|par
|
|-heal|p2a: Zygarde|96/100 par|[from] item: Leftovers
|upkeep
|turn|66
|
|t:|1606982293
|switch|p1a: Xerneas|Xerneas|88/100
|-damage|p1a: Xerneas|76/100|[from] Stealth Rock
|-ability|p1a: Xerneas|Fairy Aura
|move|p2a: Zygarde|Glare|p1a: Xerneas
|-status|p1a: Xerneas|par
|
|-heal|p2a: Zygarde|100/100 par|[from] item: Leftovers
|upkeep
|turn|67
|
|t:|1606982303
|switch|p2a: Necrozma|Necrozma-Dusk-Mane|88/100 par
|-damage|p2a: Necrozma|82/100 par|[from] Stealth Rock
|move|p1a: Xerneas|Geomancy||[still]
|-prepare|p1a: Xerneas|Geomancy
|-enditem|p1a: Xerneas|Power Herb
|-anim|p1a: Xerneas|Geomancy|p1a: Xerneas
|-boost|p1a: Xerneas|spa|2
|-boost|p1a: Xerneas|spd|2
|-boost|p1a: Xerneas|spe|2
|
|upkeep
|turn|68
|
|t:|1606982355
|move|p1a: Xerneas|Thunder|p2a: Necrozma|[miss]
|-miss|p1a: Xerneas|p2a: Necrozma
|move|p2a: Necrozma|Sunsteel Strike|p1a: Xerneas
|-supereffective|p1a: Xerneas
|-damage|p1a: Xerneas|0 fnt
|faint|p1a: Xerneas
|
|upkeep
|
|t:|1606982357
|switch|p1a: Marshadow|Marshadow|88/100
|-damage|p1a: Marshadow|82/100|[from] Stealth Rock
|turn|69
|
|t:|1606982365
|switch|p2a: Zygarde|Zygarde|100/100 par
|-damage|p2a: Zygarde|94/100 par|[from] Stealth Rock
|move|p1a: Marshadow|Spectral Thief|p2a: Zygarde
|-damage|p2a: Zygarde|58/100 par
|
|-heal|p2a: Zygarde|64/100 par|[from] item: Leftovers
|upkeep
|turn|70
|
|t:|1606982369
|switch|p1a: Zygarde|Zygarde-Complete|84/100 par
|-damage|p1a: Zygarde|77/100 par|[from] Stealth Rock
|move|p2a: Zygarde|Glare|p1a: Zygarde
|-fail|p1a: Zygarde|par
|
|-heal|p2a: Zygarde|70/100 par|[from] item: Leftovers
|upkeep
|turn|71
|
|t:|1606982372
|switch|p1a: Marshadow|Marshadow|82/100
|-damage|p1a: Marshadow|76/100|[from] Stealth Rock
|move|p2a: Zygarde|Rest|p2a: Zygarde
|-status|p2a: Zygarde|slp|[from] move: Rest
|-heal|p2a: Zygarde|100/100 slp|[silent]
|
|upkeep
|turn|72
|
|t:|1606982377
|move|p1a: Marshadow|Close Combat|p2a: Zygarde
|-damage|p2a: Zygarde|56/100 slp
|-unboost|p1a: Marshadow|def|1
|-unboost|p1a: Marshadow|spd|1
|cant|p2a: Zygarde|slp
|
|-heal|p2a: Zygarde|62/100 slp|[from] item: Leftovers
|upkeep
|turn|73
|
|t:|1606982392
|switch|p1a: Zygarde|Zygarde-Complete|77/100 par
|-damage|p1a: Zygarde|71/100 par|[from] Stealth Rock
|switch|p2a: Yveltal|Yveltal|20/100 par
|-damage|p2a: Yveltal|0 fnt|[from] Stealth Rock
|faint|p2a: Yveltal
|
|upkeep
|
|t:|1606982394
|switch|p2a: Calyrex|Calyrex-Shadow|76/100
|-ability|p2a: Calyrex|As One
|-ability|p2a: Calyrex|Unnerve|p1: JamboreeJourney
|turn|74
|
|t:|1606982396
|move|p2a: Calyrex|Aromatherapy|p2a: Calyrex
|-activate|p2a: Calyrex|move: Aromatherapy
|-curestatus|p2: Zygarde|slp|[msg]
|-curestatus|p2: Necrozma|par|[msg]
|move|p1a: Zygarde|Glare|p2a: Calyrex
|-status|p2a: Calyrex|par
|
|upkeep
|turn|75
|
|t:|1606982411
|move|p2a: Calyrex|Astral Barrage|p1a: Zygarde
|-damage|p1a: Zygarde|27/100 par
|move|p1a: Zygarde|Thousand Arrows|p2a: Calyrex
|-damage|p2a: Calyrex|35/100 par
|
|upkeep
|turn|76
|
|t:|1606982417
|move|p2a: Calyrex|Astral Barrage|p1a: Zygarde
|-damage|p1a: Zygarde|0 fnt
|faint|p1a: Zygarde
|-ability|p2a: Calyrex|Grim Neigh|boost
|-boost|p2a: Calyrex|spa|1
|
|upkeep
|
|t:|1606982418
|switch|p1a: Marshadow|Marshadow|76/100
|-damage|p1a: Marshadow|69/100|[from] Stealth Rock
|turn|77
|
|t:|1606982425
|move|p1a: Marshadow|Spectral Thief||[still]
|-clearpositiveboost|p2a: Calyrex|p1a: Marshadow|move: Spectral Thief
|-boost|p1a: Marshadow|spa|1
|-anim|p1a: Marshadow|Spectral Thief|p2a: Calyrex
|-supereffective|p2a: Calyrex
|-damage|p2a: Calyrex|0 fnt
|faint|p2a: Calyrex
|
|upkeep
|
|t:|1606982438
|switch|p2a: Zygarde|Zygarde|62/100
|-damage|p2a: Zygarde|56/100|[from] Stealth Rock
|turn|78
|
|t:|1606982442
|move|p1a: Marshadow|Spectral Thief|p2a: Zygarde
|-damage|p2a: Zygarde|19/100
|move|p2a: Zygarde|Glare|p1a: Marshadow
|-status|p1a: Marshadow|par
|
|-heal|p2a: Zygarde|25/100|[from] item: Leftovers
|-activate|p2a: Zygarde|ability: Power Construct
|detailschange|p2a: Zygarde|Zygarde-Complete
|-heal|p2a: Zygarde|51/100|[silent]
|upkeep
|turn|79
|
|t:|1606982446
|move|p2a: Zygarde|Thousand Arrows|p1a: Marshadow
|-damage|p1a: Marshadow|29/100 par
|cant|p1a: Marshadow|par
|
|-heal|p2a: Zygarde|57/100|[from] item: Leftovers
|upkeep
|turn|80
|c|☆Magikarp4000|ggwp
|
|t:|1606982453
|move|p2a: Zygarde|Thousand Arrows|p1a: Marshadow
|-damage|p1a: Marshadow|0 fnt
|faint|p1a: Marshadow
|
|win|Magikarp4000
|c|☆JamboreeJourney|gg wp
|raw|JamboreeJourney's rating: 1496 &rarr; <strong>1478</strong><br />(-18 for losing)
|raw|Magikarp4000's rating: 1529 &rarr; <strong>1547</strong><br />(+18 for winning)
