|j|☆1stPixels
|j|☆Kage UwU
|t:|1659637756
|gametype|singles
|player|p1|1stPixels|will-gen2|1313
|player|p2|Kage UwU|psychic-gen4|1425
|teamsize|p1|6
|teamsize|p2|6
|gen|8
|tier|[Gen 8] Ubers
|rated|
|rule|Sleep Clause Mod: Limit one foe put to sleep
|rule|Species Clause: Limit one of each Pokémon
|rule|OHKO Clause: OHKO moves are banned
|rule|Evasion Items Clause: Evasion items are banned
|rule|Evasion Moves Clause: Evasion moves are banned
|rule|Endless Battle Clause: Forcing endless battles is banned
|rule|HP Percentage Mod: HP is shown in percentages
|rule|Dynamax Clause: You cannot dynamax
|clearpoke
|poke|p1|Cinderace, M|
|poke|p1|Yveltal|
|poke|p1|Necrozma-Dusk-Mane|
|poke|p1|Calyrex-Shadow|
|poke|p1|Kyurem-Black|
|poke|p1|Kyogre|
|poke|p2|Necrozma-Dusk-Mane|
|poke|p2|Xerneas-*|
|poke|p2|Magnezone|
|poke|p2|Yveltal|
|poke|p2|Pheromosa|
|poke|p2|Eternatus|
|teampreview
|inactive|Battle timer is ON: inactive players will automatically lose when time's up. (requested by Kage UwU)
|
|t:|1659637775
|start
|switch|p1a: Baller|Cinderace, M|100/100
|switch|p2a: enfin|Magnezone|100/100
|-item|p2a: enfin|Air Balloon
|turn|1
|
|t:|1659637787
|switch|p2a: Eternatus|Eternatus|100/100
|-ability|p2a: Eternatus|Pressure
|move|p1a: Baller|Zen Headbutt|p2a: Eternatus
|-start|p1a: Baller|typechange|Psychic|[from] ability: Libero
|-supereffective|p2a: Eternatus
|-damage|p2a: Eternatus|36/100
|
|upkeep
|turn|2
|
|t:|1659637807
|switch|p2a: reviens|Xerneas|100/100
|-ability|p2a: reviens|Fairy Aura
|move|p1a: Baller|Zen Headbutt|p2a: reviens
|-damage|p2a: reviens|77/100
|
|-heal|p2a: reviens|83/100|[from] item: Leftovers
|upkeep
|turn|3
|
|t:|1659637818
|move|p1a: Baller|U-turn|p2a: reviens
|-start|p1a: Baller|typechange|Bug|[from] ability: Libero
|-resisted|p2a: reviens
|-damage|p2a: reviens|73/100
|
|t:|1659637822
|switch|p1a: Stolen Light|Necrozma-Dusk-Mane|100/100|[from]move: U-turn
|move|p2a: reviens|Moonblast|p1a: Stolen Light
|-resisted|p1a: Stolen Light
|-damage|p1a: Stolen Light|82/100
|-unboost|p1a: Stolen Light|spa|1
|
|-heal|p2a: reviens|79/100|[from] item: Leftovers
|-heal|p1a: Stolen Light|88/100|[from] item: Leftovers
|upkeep
|turn|4
|
|t:|1659637833
|switch|p2a: Eternatus|Eternatus|36/100
|-ability|p2a: Eternatus|Pressure
|switch|p1a: Baller|Cinderace, M|100/100
|
|upkeep
|turn|5
|
|t:|1659637842
|switch|p2a: Je|Necrozma-Dusk-Mane|100/100
|move|p1a: Baller|Zen Headbutt|p2a: Je
|-start|p1a: Baller|typechange|Psychic|[from] ability: Libero
|-resisted|p2a: Je
|-damage|p2a: Je|92/100
|
|-heal|p2a: Je|98/100|[from] item: Leftovers
|upkeep
|turn|6
|
|t:|1659637864
|switch|p2a: reviens|Xerneas|79/100
|-ability|p2a: reviens|Fairy Aura
|move|p1a: Baller|U-turn|p2a: reviens
|-start|p1a: Baller|typechange|Bug|[from] ability: Libero
|-resisted|p2a: reviens
|-damage|p2a: reviens|70/100
|inactive|1stPixels has 120 seconds left.
|
|t:|1659637884
|switch|p1a: Stolen Light|Necrozma-Dusk-Mane|88/100|[from]move: U-turn
|
|-heal|p2a: reviens|76/100|[from] item: Leftovers
|-heal|p1a: Stolen Light|94/100|[from] item: Leftovers
|upkeep
|turn|7
|
|t:|1659637898
|switch|p2a: enfin|Magnezone|100/100
|-item|p2a: enfin|Air Balloon
|switch|p1a: Baller|Cinderace, M|100/100
|
|upkeep
|turn|8
|
|t:|1659637907
|move|p1a: Baller|Pyro Ball|p2a: enfin
|-supereffective|p2a: enfin
|-damage|p2a: enfin|0 fnt
|-enditem|p2a: enfin|Air Balloon
|faint|p2a: enfin
|
|upkeep
|
|t:|1659637913
|switch|p2a: reviens|Xerneas|76/100
|-ability|p2a: reviens|Fairy Aura
|turn|9
|
|t:|1659637918
|move|p1a: Baller|U-turn|p2a: reviens
|-start|p1a: Baller|typechange|Bug|[from] ability: Libero
|-resisted|p2a: reviens
|-damage|p2a: reviens|66/100
|
|t:|1659637922
|switch|p1a: Stolen Light|Necrozma-Dusk-Mane|94/100|[from]move: U-turn
|move|p2a: reviens|Thunder|p1a: Stolen Light|[miss]
|-miss|p2a: reviens|p1a: Stolen Light
|
|-heal|p2a: reviens|72/100|[from] item: Leftovers
|-heal|p1a: Stolen Light|100/100|[from] item: Leftovers
|upkeep
|turn|10
|-message|Kage UwU forfeited.
|
|win|1stPixels
|raw|1stPixels's rating: 1313 &rarr; <strong>1339</strong><br />(+26 for winning)
|raw|Kage UwU's rating: 1425 &rarr; <strong>1399</strong><br />(-26 for losing)
|l|☆Kage UwU
||Ladder isn't responding, score probably updated but might not have (Request timeout).
