|raw|<div class="broadcast-blue"><strong>This battle is required to be public due to a player having a name starting with 'ULT8RQ'.</div>
|j|☆Eyes of death
|j|☆ULT8RQ KB
|t:|1620973297
|gametype|singles
|player|p1|Eyes of death|karen|1699
|player|p2|ULT8RQ KB|rood|1633
|teamsize|p1|6
|teamsize|p2|6
|gen|8
|tier|[Gen 8] Ubers
|rated|
|rule|Sleep Clause Mod: Limit one foe put to sleep
|rule|Species Clause: Limit one of each Pokémon
|rule|OHKO Clause: OHKO moves are banned
|rule|Evasion Moves Clause: Evasion moves are banned
|rule|Endless Battle Clause: Forcing endless battles is banned
|rule|HP Percentage Mod: HP is shown in percentages
|rule|Dynamax Clause: You cannot dynamax
|clearpoke
|poke|p1|Yveltal|
|poke|p1|Ho-Oh|
|poke|p1|Toxapex, F|
|poke|p1|Tangrowth, M|
|poke|p1|Necrozma-Dusk-Mane|
|poke|p1|Blissey, F|
|poke|p2|Yveltal|
|poke|p2|Eternatus|
|poke|p2|Necrozma-Dusk-Mane|
|poke|p2|Lunala|
|poke|p2|Blissey, F|
|poke|p2|Zygarde|
|teampreview
|j| Based 4 Ghosters
|inactive|Battle timer is ON: inactive players will automatically lose when time's up. (requested by Eyes of death)
|
|t:|1620973316
|start
|switch|p1a: Yveltal|Yveltal|100/100
|switch|p2a: Yveltal|Yveltal|100/100
|-ability|p2a: Yveltal|Dark Aura
|-ability|p1a: Yveltal|Dark Aura
|turn|1
|
|t:|1620973320
|move|p2a: Yveltal|Taunt|p1a: Yveltal
|-start|p1a: Yveltal|move: Taunt
|move|p1a: Yveltal|Knock Off|p2a: Yveltal
|-resisted|p2a: Yveltal
|-damage|p2a: Yveltal|77/100
|-enditem|p2a: Yveltal|Heavy-Duty Boots|[from] move: Knock Off|[of] p1a: Yveltal
|
|upkeep
|turn|2
|
|t:|1620973323
|switch|p1a: Toxapex|Toxapex, F|100/100
|move|p2a: Yveltal|Knock Off|p1a: Toxapex
|-damage|p1a: Toxapex|67/100
|-damage|p2a: Yveltal|60/100|[from] item: Rocky Helmet|[of] p1a: Toxapex
|-enditem|p1a: Toxapex|Rocky Helmet|[from] move: Knock Off|[of] p2a: Yveltal
|
|upkeep
|turn|3
|
|t:|1620973328
|move|p2a: Yveltal|Taunt|p1a: Toxapex
|-start|p1a: Toxapex|move: Taunt
|move|p1a: Toxapex|Scald|p2a: Yveltal
|-damage|p2a: Yveltal|47/100
|
|upkeep
|turn|4
|
|t:|1620973333
|move|p2a: Yveltal|Roost|p2a: Yveltal
|-heal|p2a: Yveltal|97/100
|-singleturn|p2a: Yveltal|move: Roost
|move|p1a: Toxapex|Scald|p2a: Yveltal
|-damage|p2a: Yveltal|86/100
|
|upkeep
|turn|5
|
|t:|1620973342
|switch|p2a: Necrozma|Necrozma-Dusk-Mane|100/100
|switch|p1a: Tangrowth|Tangrowth, M|100/100
|
|upkeep
|turn|6
|
|t:|1620973347
|switch|p1a: Ho-Oh|Ho-Oh|100/100
|move|p2a: Necrozma|Thunder Wave|p1a: Ho-Oh
|-status|p1a: Ho-Oh|par
|
|upkeep
|turn|7
|inactive|ULT8RQ KB has 120 seconds left.
|
|t:|1620973404
|move|p2a: Necrozma|Stealth Rock|p1a: Ho-Oh
|-sidestart|p1: Eyes of death|move: Stealth Rock
|move|p1a: Ho-Oh|Toxic|p2a: Necrozma
|-immune|p2a: Necrozma
|
|upkeep
|turn|8
|
|t:|1620973410
|switch|p2a: Yveltal|Yveltal|86/100
|-ability|p2a: Yveltal|Dark Aura
|move|p1a: Ho-Oh|Defog|p2a: Yveltal
|-unboost|p2a: Yveltal|evasion|1
|-sideend|p1: Eyes of death|Stealth Rock|[from] move: Defog|[of] p1a: Ho-Oh
|
|upkeep
|turn|9
|
|t:|1620973413
|switch|p1a: Toxapex|Toxapex, F|99/100
|move|p2a: Yveltal|Knock Off|p1a: Toxapex
|-damage|p1a: Toxapex|79/100
|
|upkeep
|turn|10
|
|t:|1620973419
|switch|p2a: Necrozma|Necrozma-Dusk-Mane|100/100
|move|p1a: Toxapex|Toxic Spikes|p2a: Necrozma
|-sidestart|p2: ULT8RQ KB|move: Toxic Spikes
|
|upkeep
|turn|11
|
|t:|1620973421
|switch|p1a: Necrozma|Necrozma-Dusk-Mane|100/100
|move|p2a: Necrozma|Stealth Rock|p1a: Necrozma
|-sidestart|p1: Eyes of death|move: Stealth Rock
|
|upkeep
|turn|12
|
|t:|1620973424
|move|p2a: Necrozma|Thunder Wave|p1a: Necrozma
|-status|p1a: Necrozma|par
|cant|p1a: Necrozma|par
|
|upkeep
|turn|13
|
|t:|1620973427
|switch|p2a: Eternatus|Eternatus|100/100
|-sideend|p2: ULT8RQ KB|move: Toxic Spikes|[of] p2a: Eternatus
|-ability|p2a: Eternatus|Pressure
|move|p1a: Necrozma|Stealth Rock|p2a: Eternatus
|-sidestart|p2: ULT8RQ KB|move: Stealth Rock
|
|upkeep
|turn|14
|
|t:|1620973447
|switch|p1a: Blissey|Blissey, F|100/100
|-damage|p1a: Blissey|88/100|[from] Stealth Rock
|move|p2a: Eternatus|Toxic|p1a: Blissey
|-status|p1a: Blissey|tox
|
|-damage|p1a: Blissey|82/100 tox|[from] psn
|upkeep
|turn|15
|
|t:|1620973462
|switch|p2a: Yveltal|Yveltal|86/100
|-damage|p2a: Yveltal|61/100|[from] Stealth Rock
|-ability|p2a: Yveltal|Dark Aura
|move|p1a: Blissey|Soft-Boiled|p1a: Blissey
|-heal|p1a: Blissey|100/100 tox
|
|-damage|p1a: Blissey|88/100 tox|[from] psn
|upkeep
|turn|16
|
|t:|1620973470
|switch|p1a: Toxapex|Toxapex, F|100/100
|-damage|p1a: Toxapex|88/100|[from] Stealth Rock
|move|p2a: Yveltal|Knock Off|p1a: Toxapex
|-damage|p1a: Toxapex|65/100
|
|upkeep
|turn|17
|
|t:|1620973495
|move|p2a: Yveltal|Roost|p2a: Yveltal
|-heal|p2a: Yveltal|100/100
|-singleturn|p2a: Yveltal|move: Roost
|move|p1a: Toxapex|Toxic Spikes|p2a: Yveltal
|-sidestart|p2: ULT8RQ KB|move: Toxic Spikes
|
|upkeep
|turn|18
|
|t:|1620973499
|switch|p2a: Eternatus|Eternatus|100/100
|-sideend|p2: ULT8RQ KB|move: Toxic Spikes|[of] p2a: Eternatus
|-ability|p2a: Eternatus|Pressure
|move|p1a: Toxapex|Baneful Bunker||[still]
|-fail|p1a: Toxapex
|
|upkeep
|turn|19
|j| BasedWhat?
|
|t:|1620973509
|switch|p1a: Ho-Oh|Ho-Oh|100/100 par
|move|p2a: Eternatus|Toxic||[still]
|-fail|p2a: Eternatus
|
|upkeep
|turn|20
|
|t:|1620973518
|switch|p2a: Yveltal|Yveltal|100/100
|-damage|p2a: Yveltal|76/100|[from] Stealth Rock
|-ability|p2a: Yveltal|Dark Aura
|switch|p1a: Blissey|Blissey, F|88/100
|-damage|p1a: Blissey|76/100|[from] Stealth Rock
|
|upkeep
|turn|21
|
|t:|1620973531
|switch|p2a: Zygarde|Zygarde|100/100
|-damage|p2a: Zygarde|94/100|[from] Stealth Rock
|switch|p1a: Toxapex|Toxapex, F|98/100
|-damage|p1a: Toxapex|86/100|[from] Stealth Rock
|
|-heal|p2a: Zygarde|100/100|[from] item: Leftovers
|upkeep
|turn|22
|
|t:|1620973537
|switch|p1a: Ho-Oh|Ho-Oh|100/100 par
|move|p2a: Zygarde|Coil|p2a: Zygarde
|-boost|p2a: Zygarde|atk|1
|-boost|p2a: Zygarde|def|1
|-boost|p2a: Zygarde|accuracy|1
|
|upkeep
|turn|23
|
|t:|1620973544
|move|p2a: Zygarde|Scale Shot|p1a: Ho-Oh
|-damage|p1a: Ho-Oh|89/100 par
|-damage|p1a: Ho-Oh|79/100 par
|-crit|p1a: Ho-Oh
|-damage|p1a: Ho-Oh|60/100 par
|-hitcount|p1a: Ho-Oh|3
|-unboost|p2a: Zygarde|def|1
|-boost|p2a: Zygarde|spe|1
|move|p1a: Ho-Oh|Whirlwind|p2a: Zygarde
|drag|p2a: Eternatus|Eternatus|100/100
|-ability|p2a: Eternatus|Pressure
|
|upkeep
|turn|24
|
|t:|1620973561
|switch|p2a: Zygarde|Zygarde|100/100
|-damage|p2a: Zygarde|94/100|[from] Stealth Rock
|switch|p1a: Blissey|Blissey, F|76/100
|-damage|p1a: Blissey|63/100|[from] Stealth Rock
|
|-heal|p2a: Zygarde|100/100|[from] item: Leftovers
|upkeep
|turn|25
|
|t:|1620973567
|switch|p1a: Ho-Oh|Ho-Oh|93/100 par
|move|p2a: Zygarde|Coil|p2a: Zygarde
|-boost|p2a: Zygarde|atk|1
|-boost|p2a: Zygarde|def|1
|-boost|p2a: Zygarde|accuracy|1
|
|upkeep
|turn|26
|
|t:|1620973572
|move|p2a: Zygarde|Scale Shot|p1a: Ho-Oh
|-damage|p1a: Ho-Oh|81/100 par
|-damage|p1a: Ho-Oh|70/100 par
|-damage|p1a: Ho-Oh|57/100 par
|-crit|p1a: Ho-Oh
|-damage|p1a: Ho-Oh|39/100 par
|-damage|p1a: Ho-Oh|27/100 par
|-hitcount|p1a: Ho-Oh|5
|-unboost|p2a: Zygarde|def|1
|-boost|p2a: Zygarde|spe|1
|move|p1a: Ho-Oh|Whirlwind|p2a: Zygarde
|drag|p2a: Necrozma|Necrozma-Dusk-Mane|100/100
|-damage|p2a: Necrozma|94/100|[from] Stealth Rock
|
|upkeep
|turn|27
|
|t:|1620973588
|switch|p2a: Zygarde|Zygarde|100/100
|-damage|p2a: Zygarde|94/100|[from] Stealth Rock
|switch|p1a: Toxapex|Toxapex, F|100/100
|-damage|p1a: Toxapex|88/100|[from] Stealth Rock
|
|-heal|p2a: Zygarde|100/100|[from] item: Leftovers
|upkeep
|turn|28
|
|t:|1620973594
|switch|p1a: Tangrowth|Tangrowth, M|100/100
|-damage|p1a: Tangrowth|88/100|[from] Stealth Rock
|move|p2a: Zygarde|Coil|p2a: Zygarde
|-boost|p2a: Zygarde|atk|1
|-boost|p2a: Zygarde|def|1
|-boost|p2a: Zygarde|accuracy|1
|
|upkeep
|turn|29
|
|t:|1620973597
|move|p2a: Zygarde|Thousand Waves|p1a: Tangrowth
|-resisted|p1a: Tangrowth
|-damage|p1a: Tangrowth|72/100
|-activate|p1a: Tangrowth|trapped
|move|p1a: Tangrowth|Sleep Powder|p2a: Zygarde
|-status|p2a: Zygarde|slp|[from] move: Sleep Powder
|
|upkeep
|turn|30
|
|t:|1620973602
|cant|p2a: Zygarde|slp
|move|p1a: Tangrowth|Grass Knot|p2a: Zygarde
|-damage|p2a: Zygarde|60/100 slp
|
|-heal|p2a: Zygarde|66/100 slp|[from] item: Leftovers
|upkeep
|turn|31
|
|t:|1620973608
|-curestatus|p2a: Zygarde|slp|[msg]
|move|p2a: Zygarde|Coil|p2a: Zygarde
|-boost|p2a: Zygarde|atk|1
|-boost|p2a: Zygarde|def|1
|-boost|p2a: Zygarde|accuracy|1
|move|p1a: Tangrowth|Knock Off|p2a: Zygarde
|-damage|p2a: Zygarde|58/100
|-enditem|p2a: Zygarde|Leftovers|[from] move: Knock Off|[of] p1a: Tangrowth
|
|upkeep
|turn|32
|
|t:|1620973616
|move|p2a: Zygarde|Rest|p2a: Zygarde
|-status|p2a: Zygarde|slp|[from] move: Rest
|-heal|p2a: Zygarde|100/100 slp|[silent]
|move|p1a: Tangrowth|Sleep Powder|p2a: Zygarde
|-fail|p2a: Zygarde|slp
|
|upkeep
|turn|33
|
|t:|1620973625
|cant|p2a: Zygarde|slp
|move|p1a: Tangrowth|Grass Knot|p2a: Zygarde
|-damage|p2a: Zygarde|54/100 slp
|
|upkeep
|turn|34
|
|t:|1620973630
|cant|p2a: Zygarde|slp
|move|p1a: Tangrowth|Grass Knot|p2a: Zygarde
|-damage|p2a: Zygarde|12/100 slp
|
|-activate|p2a: Zygarde|ability: Power Construct
|detailschange|p2a: Zygarde|Zygarde-Complete
|-heal|p2a: Zygarde|44/100 slp|[silent]
|upkeep
|turn|35
|
|t:|1620973636
|-curestatus|p2a: Zygarde|slp|[msg]
|move|p2a: Zygarde|Rest|p2a: Zygarde
|-status|p2a: Zygarde|slp|[from] move: Rest
|-heal|p2a: Zygarde|100/100 slp|[silent]
|move|p1a: Tangrowth|Grass Knot|p2a: Zygarde
|-damage|p2a: Zygarde|71/100 slp
|
|upkeep
|turn|36
|
|t:|1620973639
|cant|p2a: Zygarde|slp
|move|p1a: Tangrowth|Grass Knot|p2a: Zygarde
|-damage|p2a: Zygarde|43/100 slp
|
|upkeep
|turn|37
|
|t:|1620973643
|cant|p2a: Zygarde|slp
|move|p1a: Tangrowth|Grass Knot|p2a: Zygarde
|-damage|p2a: Zygarde|17/100 slp
|
|upkeep
|turn|38
|
|t:|1620973647
|-curestatus|p2a: Zygarde|slp|[msg]
|move|p2a: Zygarde|Rest|p2a: Zygarde
|-status|p2a: Zygarde|slp|[from] move: Rest
|-heal|p2a: Zygarde|100/100 slp|[silent]
|move|p1a: Tangrowth|Grass Knot|p2a: Zygarde
|-damage|p2a: Zygarde|73/100 slp
|
|upkeep
|turn|39
|
|t:|1620973649
|cant|p2a: Zygarde|slp
|move|p1a: Tangrowth|Grass Knot|p2a: Zygarde
|-damage|p2a: Zygarde|48/100 slp
|
|upkeep
|turn|40
|
|t:|1620973653
|cant|p2a: Zygarde|slp
|move|p1a: Tangrowth|Grass Knot|p2a: Zygarde
|-damage|p2a: Zygarde|19/100 slp
|
|upkeep
|turn|41
|
|t:|1620973656
|-curestatus|p2a: Zygarde|slp|[msg]
|move|p2a: Zygarde|Rest|p2a: Zygarde
|-status|p2a: Zygarde|slp|[from] move: Rest
|-heal|p2a: Zygarde|100/100 slp|[silent]
|move|p1a: Tangrowth|Grass Knot|p2a: Zygarde
|-damage|p2a: Zygarde|76/100 slp
|
|upkeep
|turn|42
|
|t:|1620973658
|cant|p2a: Zygarde|slp
|move|p1a: Tangrowth|Grass Knot|p2a: Zygarde
|-crit|p2a: Zygarde
|-damage|p2a: Zygarde|35/100 slp
|
|upkeep
|turn|43
|
|t:|1620973664
|cant|p2a: Zygarde|slp
|move|p1a: Tangrowth|Grass Knot|p2a: Zygarde
|-damage|p2a: Zygarde|10/100 slp
|
|upkeep
|turn|44
|
|t:|1620973668
|-curestatus|p2a: Zygarde|slp|[msg]
|move|p2a: Zygarde|Rest|p2a: Zygarde
|-status|p2a: Zygarde|slp|[from] move: Rest
|-heal|p2a: Zygarde|100/100 slp|[silent]
|move|p1a: Tangrowth|Grass Knot|p2a: Zygarde
|-damage|p2a: Zygarde|72/100 slp
|
|upkeep
|turn|45
|
|t:|1620973670
|cant|p2a: Zygarde|slp
|move|p1a: Tangrowth|Grass Knot|p2a: Zygarde
|-damage|p2a: Zygarde|47/100 slp
|
|upkeep
|turn|46
|
|t:|1620973673
|cant|p2a: Zygarde|slp
|move|p1a: Tangrowth|Grass Knot|p2a: Zygarde
|-damage|p2a: Zygarde|20/100 slp
|
|upkeep
|turn|47
|
|t:|1620973677
|-curestatus|p2a: Zygarde|slp|[msg]
|move|p2a: Zygarde|Rest|p2a: Zygarde
|-status|p2a: Zygarde|slp|[from] move: Rest
|-heal|p2a: Zygarde|100/100 slp|[silent]
|move|p1a: Tangrowth|Grass Knot|p2a: Zygarde
|-damage|p2a: Zygarde|74/100 slp
|
|upkeep
|turn|48
|
|t:|1620973682
|cant|p2a: Zygarde|slp
|move|p1a: Tangrowth|Knock Off|p2a: Zygarde
|-crit|p2a: Zygarde
|-damage|p2a: Zygarde|63/100 slp
|
|upkeep
|turn|49
|
|t:|1620973686
|cant|p2a: Zygarde|slp
|move|p1a: Tangrowth|Earthquake|p2a: Zygarde
|-damage|p2a: Zygarde|58/100 slp
|
|upkeep
|turn|50
|
|t:|1620973689
|-curestatus|p2a: Zygarde|slp|[msg]
|move|p2a: Zygarde|Coil|p2a: Zygarde
|-boost|p2a: Zygarde|atk|1
|-boost|p2a: Zygarde|def|1
|-boost|p2a: Zygarde|accuracy|1
|move|p1a: Tangrowth|Sleep Powder|p2a: Zygarde
|-status|p2a: Zygarde|slp|[from] move: Sleep Powder
|
|upkeep
|turn|51
|j| Big Bad Cover
|
|t:|1620973706
|cant|p2a: Zygarde|slp
|move|p1a: Tangrowth|Grass Knot|p2a: Zygarde
|-damage|p2a: Zygarde|33/100 slp
|
|upkeep
|turn|52
|
|t:|1620973710
|cant|p2a: Zygarde|slp
|move|p1a: Tangrowth|Grass Knot|p2a: Zygarde
|-damage|p2a: Zygarde|5/100 slp
|
|upkeep
|turn|53
|
|t:|1620973714
|-curestatus|p2a: Zygarde|slp|[msg]
|move|p2a: Zygarde|Rest|p2a: Zygarde
|-status|p2a: Zygarde|slp|[from] move: Rest
|-heal|p2a: Zygarde|100/100 slp|[silent]
|move|p1a: Tangrowth|Grass Knot|p2a: Zygarde
|-crit|p2a: Zygarde
|-damage|p2a: Zygarde|58/100 slp
|
|upkeep
|turn|54
|j| Ult8rq zagar
|
|t:|1620973720
|cant|p2a: Zygarde|slp
|move|p1a: Tangrowth|Grass Knot|p2a: Zygarde
|-damage|p2a: Zygarde|31/100 slp
|
|upkeep
|turn|55
|
|t:|1620973725
|cant|p2a: Zygarde|slp
|move|p1a: Tangrowth|Grass Knot|p2a: Zygarde
|-damage|p2a: Zygarde|3/100 slp
|
|upkeep
|turn|56
|
|t:|1620973729
|-curestatus|p2a: Zygarde|slp|[msg]
|move|p2a: Zygarde|Rest|p2a: Zygarde
|-status|p2a: Zygarde|slp|[from] move: Rest
|-heal|p2a: Zygarde|100/100 slp|[silent]
|move|p1a: Tangrowth|Grass Knot|p2a: Zygarde
|-damage|p2a: Zygarde|75/100 slp
|
|upkeep
|turn|57
|c| Big Bad Cover|Go go for qualif kb
|
|t:|1620973738
|cant|p2a: Zygarde|slp
|move|p1a: Tangrowth|Knock Off|p2a: Zygarde
|-damage|p2a: Zygarde|72/100 slp
|
|upkeep
|turn|58
|
|t:|1620973742
|cant|p2a: Zygarde|slp
|move|p1a: Tangrowth|Earthquake|p2a: Zygarde
|-damage|p2a: Zygarde|68/100 slp
|
|upkeep
|turn|59
|
|t:|1620973749
|-curestatus|p2a: Zygarde|slp|[msg]
|move|p2a: Zygarde|Coil|p2a: Zygarde
|-boost|p2a: Zygarde|atk|1
|-boost|p2a: Zygarde|def|1
|-boost|p2a: Zygarde|accuracy|1
|move|p1a: Tangrowth|Sleep Powder|p2a: Zygarde
|-status|p2a: Zygarde|slp|[from] move: Sleep Powder
|
|upkeep
|turn|60
|
|t:|1620973755
|cant|p2a: Zygarde|slp
|move|p1a: Tangrowth|Grass Knot|p2a: Zygarde
|-damage|p2a: Zygarde|41/100 slp
|
|upkeep
|turn|61
|
|t:|1620973757
|cant|p2a: Zygarde|slp
|move|p1a: Tangrowth|Grass Knot|p2a: Zygarde
|-damage|p2a: Zygarde|14/100 slp
|
|upkeep
|turn|62
|
|t:|1620973761
|cant|p2a: Zygarde|slp
|move|p1a: Tangrowth|Grass Knot|p2a: Zygarde
|-damage|p2a: Zygarde|0 fnt
|faint|p2a: Zygarde
|
|upkeep
|
|t:|1620973776
|switch|p2a: Eternatus|Eternatus|100/100
|-ability|p2a: Eternatus|Pressure
|turn|63
|
|t:|1620973782
|switch|p1a: Blissey|Blissey, F|63/100
|-damage|p1a: Blissey|51/100|[from] Stealth Rock
|move|p2a: Eternatus|Mystical Fire|p1a: Blissey
|-damage|p1a: Blissey|44/100
|-unboost|p1a: Blissey|spa|1
|
|upkeep
|turn|64
|
|t:|1620973787
|switch|p2a: Yveltal|Yveltal|76/100
|-damage|p2a: Yveltal|51/100|[from] Stealth Rock
|-ability|p2a: Yveltal|Dark Aura
|move|p1a: Blissey|Soft-Boiled|p1a: Blissey
|-heal|p1a: Blissey|94/100
|
|upkeep
|turn|65
|
|t:|1620973796
|switch|p1a: Toxapex|Toxapex, F|100/100
|-damage|p1a: Toxapex|88/100|[from] Stealth Rock
|move|p2a: Yveltal|Taunt|p1a: Toxapex
|-start|p1a: Toxapex|move: Taunt
|
|upkeep
|turn|66
|
|t:|1620973800
|move|p2a: Yveltal|Roost|p2a: Yveltal
|-heal|p2a: Yveltal|100/100
|-singleturn|p2a: Yveltal|move: Roost
|move|p1a: Toxapex|Scald|p2a: Yveltal
|-damage|p2a: Yveltal|88/100
|
|upkeep
|turn|67
|
|t:|1620973806
|switch|p2a: Blissey|Blissey, F|100/100
|-damage|p2a: Blissey|88/100|[from] Stealth Rock
|switch|p1a: Tangrowth|Tangrowth, M|100/100
|-damage|p1a: Tangrowth|88/100|[from] Stealth Rock
|
|upkeep
|turn|68
|
|t:|1620973810
|move|p2a: Blissey|Seismic Toss|p1a: Tangrowth
|-damage|p1a: Tangrowth|63/100
|-damage|p2a: Blissey|72/100|[from] item: Rocky Helmet|[of] p1a: Tangrowth
|move|p1a: Tangrowth|Knock Off|p2a: Blissey
|-damage|p2a: Blissey|48/100
|-enditem|p2a: Blissey|Utility Umbrella|[from] move: Knock Off|[of] p1a: Tangrowth
|
|upkeep
|turn|69
|
|t:|1620973816
|switch|p1a: Ho-Oh|Ho-Oh|61/100 par
|move|p2a: Blissey|Soft-Boiled|p2a: Blissey
|-heal|p2a: Blissey|98/100
|
|upkeep
|turn|70
|
|t:|1620973822
|switch|p1a: Toxapex|Toxapex, F|100/100
|-damage|p1a: Toxapex|88/100|[from] Stealth Rock
|move|p2a: Blissey|Seismic Toss|p1a: Toxapex
|-damage|p1a: Toxapex|55/100
|
|upkeep
|turn|71
|
|t:|1620973824
|move|p2a: Blissey|Seismic Toss|p1a: Toxapex
|-damage|p1a: Toxapex|22/100
|move|p1a: Toxapex|Toxic Spikes|p2a: Blissey
|-sidestart|p2: ULT8RQ KB|move: Toxic Spikes
|
|upkeep
|turn|72
|
|t:|1620973835
|switch|p2a: Yveltal|Yveltal|88/100
|-damage|p2a: Yveltal|63/100|[from] Stealth Rock
|-ability|p2a: Yveltal|Dark Aura
|switch|p1a: Tangrowth|Tangrowth, M|97/100
|-damage|p1a: Tangrowth|84/100|[from] Stealth Rock
|
|upkeep
|turn|73
|l|☆Eyes of death
|inactive|Eyes of death disconnected and has a minute to reconnect!
|player|p1|
|c| Big Bad Cover|Win cond
|inactive|Eyes of death has 30 seconds to reconnect!
|j| ult8rq qian
|inactive|Eyes of death has 20 seconds to reconnect!
|inactive|Eyes of death has 15 seconds to reconnect!
|j|☆Eyes of death
|inactive|Eyes of death reconnected and has 100 seconds left.
|player|p1|Eyes of death|karen
|inactive|Eyes of death has 90 seconds left.
|
|t:|1620973898
|switch|p1a: Toxapex|Toxapex, F|55/100
|-damage|p1a: Toxapex|43/100|[from] Stealth Rock
|move|p2a: Yveltal|Knock Off|p1a: Toxapex
|-damage|p1a: Toxapex|19/100
|
|upkeep
|turn|74
|
|t:|1620973902
|move|p1a: Toxapex|Baneful Bunker|p1a: Toxapex
|-singleturn|p1a: Toxapex|move: Protect
|move|p2a: Yveltal|Knock Off|p1a: Toxapex
|-activate|p1a: Toxapex|move: Protect
|-status|p2a: Yveltal|psn
|
|-damage|p2a: Yveltal|51/100 psn|[from] psn
|upkeep
|turn|75
|
|t:|1620973906
|switch|p1a: Tangrowth|Tangrowth, M|100/100
|-damage|p1a: Tangrowth|88/100|[from] Stealth Rock
|move|p2a: Yveltal|Knock Off|p1a: Tangrowth
|-damage|p1a: Tangrowth|57/100
|-damage|p2a: Yveltal|34/100 psn|[from] item: Rocky Helmet|[of] p1a: Tangrowth
|-enditem|p1a: Tangrowth|Rocky Helmet|[from] move: Knock Off|[of] p2a: Yveltal
|
|-damage|p2a: Yveltal|22/100 psn|[from] psn
|upkeep
|turn|76
|
|t:|1620973914
|move|p2a: Yveltal|Roost|p2a: Yveltal
|-heal|p2a: Yveltal|72/100 psn
|-singleturn|p2a: Yveltal|move: Roost
|move|p1a: Tangrowth|Earthquake|p2a: Yveltal
|-damage|p2a: Yveltal|52/100 psn
|
|-damage|p2a: Yveltal|40/100 psn|[from] psn
|upkeep
|turn|77
|
|t:|1620973920
|move|p2a: Yveltal|Roost|p2a: Yveltal
|-heal|p2a: Yveltal|90/100 psn
|-singleturn|p2a: Yveltal|move: Roost
|move|p1a: Tangrowth|Grass Knot|p2a: Yveltal
|-damage|p2a: Yveltal|59/100 psn
|
|-damage|p2a: Yveltal|47/100 psn|[from] psn
|upkeep
|turn|78
|
|t:|1620973932
|switch|p2a: Blissey|Blissey, F|98/100
|-damage|p2a: Blissey|86/100|[from] Stealth Rock
|-status|p2a: Blissey|psn
|switch|p1a: Toxapex|Toxapex, F|52/100
|-damage|p1a: Toxapex|40/100|[from] Stealth Rock
|
|-damage|p2a: Blissey|73/100 psn|[from] psn
|upkeep
|turn|79
|
|t:|1620973936
|switch|p1a: Tangrowth|Tangrowth, M|90/100
|-damage|p1a: Tangrowth|78/100|[from] Stealth Rock
|move|p2a: Blissey|Aromatherapy|p2a: Blissey
|-activate|p2a: Blissey|move: Aromatherapy
|-curestatus|p2a: Blissey|psn|[msg]
|-curestatus|p2: Yveltal|psn|[msg]
|
|upkeep
|turn|80
|
|t:|1620973940
|switch|p1a: Toxapex|Toxapex, F|73/100
|-damage|p1a: Toxapex|61/100|[from] Stealth Rock
|move|p2a: Blissey|Seismic Toss|p1a: Toxapex
|-damage|p1a: Toxapex|28/100
|
|upkeep
|turn|81
|
|t:|1620973948
|switch|p1a: Ho-Oh|Ho-Oh|94/100 par
|move|p2a: Blissey|Seismic Toss|p1a: Ho-Oh
|-damage|p1a: Ho-Oh|70/100 par
|
|upkeep
|turn|82
|
|t:|1620973952
|move|p2a: Blissey|Seismic Toss|p1a: Ho-Oh
|-damage|p1a: Ho-Oh|46/100 par
|move|p1a: Ho-Oh|Whirlwind|p2a: Blissey
|drag|p2a: Necrozma|Necrozma-Dusk-Mane|94/100
|-damage|p2a: Necrozma|88/100|[from] Stealth Rock
|
|upkeep
|turn|83
|
|t:|1620973959
|switch|p1a: Toxapex|Toxapex, F|61/100
|-damage|p1a: Toxapex|49/100|[from] Stealth Rock
|move|p2a: Necrozma|Sunsteel Strike|p1a: Toxapex
|-resisted|p1a: Toxapex
|-damage|p1a: Toxapex|34/100
|
|upkeep
|turn|84
|
|t:|1620973964
|move|p2a: Necrozma|Thunder Wave|p1a: Toxapex
|-status|p1a: Toxapex|par
|move|p1a: Toxapex|Recover|p1a: Toxapex
|-heal|p1a: Toxapex|84/100 par
|
|upkeep
|turn|85
|
|t:|1620973971
|switch|p2a: Eternatus|Eternatus|100/100
|-sideend|p2: ULT8RQ KB|move: Toxic Spikes|[of] p2a: Eternatus
|-ability|p2a: Eternatus|Pressure
|move|p1a: Toxapex|Scald|p2a: Eternatus
|-resisted|p2a: Eternatus
|-damage|p2a: Eternatus|94/100
|
|upkeep
|turn|86
|
|t:|1620973975
|move|p2a: Eternatus|Mystical Fire|p1a: Toxapex
|-resisted|p1a: Toxapex
|-damage|p1a: Toxapex|74/100 par
|-unboost|p1a: Toxapex|spa|1
|move|p1a: Toxapex|Toxic Spikes|p2a: Eternatus
|-sidestart|p2: ULT8RQ KB|move: Toxic Spikes
|
|upkeep
|turn|87
|
|t:|1620973980
|switch|p1a: Ho-Oh|Ho-Oh|79/100 par
|move|p2a: Eternatus|Mystical Fire|p1a: Ho-Oh
|-resisted|p1a: Ho-Oh
|-damage|p1a: Ho-Oh|73/100 par
|-unboost|p1a: Ho-Oh|spa|1
|
|upkeep
|turn|88
|
|t:|1620973985
|switch|p1a: Toxapex|Toxapex, F|100/100 par
|-damage|p1a: Toxapex|88/100 par|[from] Stealth Rock
|move|p2a: Eternatus|Dynamax Cannon|p1a: Toxapex
|-crit|p1a: Toxapex
|-damage|p1a: Toxapex|27/100 par
|
|upkeep
|turn|89
|
|t:|1620973991
|switch|p1a: Ho-Oh|Ho-Oh|100/100 par
|move|p2a: Eternatus|Toxic||[still]
|-fail|p2a: Eternatus
|
|upkeep
|turn|90
|
|t:|1620974002
|switch|p2a: Blissey|Blissey, F|73/100
|-status|p2a: Blissey|psn
|-damage|p2a: Blissey|61/100 psn|[from] Stealth Rock
|move|p1a: Ho-Oh|Whirlwind|p2a: Blissey
|drag|p2a: Eternatus|Eternatus|94/100
|-sideend|p2: ULT8RQ KB|move: Toxic Spikes|[of] p2a: Eternatus
|-ability|p2a: Eternatus|Pressure
|
|upkeep
|turn|91
|
|t:|1620974010
|switch|p2a: Lunala|Lunala|100/100
|cant|p1a: Ho-Oh|par
|
|upkeep
|turn|92
|l| Ult8rq zagar
|
|t:|1620974019
|switch|p2a: Eternatus|Eternatus|94/100
|-ability|p2a: Eternatus|Pressure
|move|p1a: Ho-Oh|Toxic|p2a: Eternatus|[miss]
|-miss|p1a: Ho-Oh|p2a: Eternatus
|
|upkeep
|turn|93
|
|t:|1620974022
|switch|p2a: Lunala|Lunala|100/100
|move|p1a: Ho-Oh|Whirlwind|p2a: Lunala
|drag|p2a: Eternatus|Eternatus|94/100
|-ability|p2a: Eternatus|Pressure
|
|upkeep
|turn|94
|
|t:|1620974026
|switch|p2a: Lunala|Lunala|100/100
|move|p1a: Ho-Oh|Whirlwind|p2a: Lunala
|drag|p2a: Blissey|Blissey, F|61/100
|-damage|p2a: Blissey|48/100|[from] Stealth Rock
|
|upkeep
|turn|95
|
|t:|1620974032
|move|p2a: Blissey|Soft-Boiled|p2a: Blissey
|-heal|p2a: Blissey|98/100
|move|p1a: Ho-Oh|Sacred Fire|p2a: Blissey
|-damage|p2a: Blissey|51/100
|
|upkeep
|turn|96
|
|t:|1620974037
|switch|p1a: Toxapex|Toxapex, F|60/100 par
|-damage|p1a: Toxapex|48/100 par|[from] Stealth Rock
|move|p2a: Blissey|Soft-Boiled|p2a: Blissey
|-heal|p2a: Blissey|100/100
|
|upkeep
|turn|97
|
|t:|1620974040
|switch|p1a: Ho-Oh|Ho-Oh|100/100 par
|move|p2a: Blissey|Seismic Toss|p1a: Ho-Oh
|-damage|p1a: Ho-Oh|76/100 par
|
|upkeep
|turn|98
|
|t:|1620974042
|switch|p1a: Tangrowth|Tangrowth, M|100/100
|-damage|p1a: Tangrowth|88/100|[from] Stealth Rock
|move|p2a: Blissey|Seismic Toss|p1a: Tangrowth
|-damage|p1a: Tangrowth|63/100
|
|upkeep
|turn|99
|
|t:|1620974045
|switch|p1a: Ho-Oh|Ho-Oh|100/100 par
|move|p2a: Blissey|Seismic Toss|p1a: Ho-Oh
|-damage|p1a: Ho-Oh|76/100 par
|
|upkeep
|turn|100
|
|t:|1620974049
|switch|p2a: Eternatus|Eternatus|94/100
|-ability|p2a: Eternatus|Pressure
|switch|p1a: Tangrowth|Tangrowth, M|97/100
|-damage|p1a: Tangrowth|84/100|[from] Stealth Rock
|
|upkeep
|turn|101
|
|t:|1620974053
|switch|p1a: Ho-Oh|Ho-Oh|100/100 par
|move|p2a: Eternatus|Toxic||[still]
|-fail|p2a: Eternatus
|
|upkeep
|turn|102
|
|t:|1620974056
|switch|p1a: Toxapex|Toxapex, F|81/100 par
|-damage|p1a: Toxapex|68/100 par|[from] Stealth Rock
|move|p2a: Eternatus|Toxic||[still]
|-fail|p2a: Eternatus
|
|upkeep
|turn|103
|
|t:|1620974060
|switch|p1a: Ho-Oh|Ho-Oh|100/100 par
|move|p2a: Eternatus|Toxic||[still]
|-fail|p2a: Eternatus
|
|upkeep
|turn|104
|
|t:|1620974063
|switch|p2a: Lunala|Lunala|100/100
|switch|p1a: Toxapex|Toxapex, F|100/100 par
|-damage|p1a: Toxapex|88/100 par|[from] Stealth Rock
|
|upkeep
|turn|105
|
|t:|1620974065
|switch|p1a: Ho-Oh|Ho-Oh|100/100 par
|move|p2a: Lunala|Will-O-Wisp||[still]
|-fail|p2a: Lunala
|
|upkeep
|turn|106
|
|t:|1620974072
|switch|p2a: Eternatus|Eternatus|94/100
|-ability|p2a: Eternatus|Pressure
|cant|p1a: Ho-Oh|par
|
|upkeep
|turn|107
|
|t:|1620974094
|switch|p1a: Toxapex|Toxapex, F|100/100 par
|-damage|p1a: Toxapex|88/100 par|[from] Stealth Rock
|move|p2a: Eternatus|Toxic||[still]
|-fail|p2a: Eternatus
|
|upkeep
|turn|108
|
|t:|1620974099
|switch|p2a: Blissey|Blissey, F|100/100
|-damage|p2a: Blissey|88/100|[from] Stealth Rock
|switch|p1a: Ho-Oh|Ho-Oh|100/100 par
|
|upkeep
|turn|109
|
|t:|1620974103
|switch|p2a: Lunala|Lunala|100/100
|switch|p1a: Tangrowth|Tangrowth, M|100/100
|-damage|p1a: Tangrowth|88/100|[from] Stealth Rock
|
|upkeep
|turn|110
|
|t:|1620974108
|switch|p1a: Ho-Oh|Ho-Oh|100/100 par
|move|p2a: Lunala|Ice Beam|p1a: Ho-Oh
|-damage|p1a: Ho-Oh|85/100 par
|
|upkeep
|turn|111
|
|t:|1620974112
|switch|p2a: Blissey|Blissey, F|88/100
|-damage|p2a: Blissey|76/100|[from] Stealth Rock
|move|p1a: Ho-Oh|Whirlwind|p2a: Blissey
|drag|p2a: Necrozma|Necrozma-Dusk-Mane|88/100
|-damage|p2a: Necrozma|82/100|[from] Stealth Rock
|
|upkeep
|turn|112
|
|t:|1620974119
|switch|p2a: Eternatus|Eternatus|94/100
|-ability|p2a: Eternatus|Pressure
|switch|p1a: Tangrowth|Tangrowth, M|100/100
|-damage|p1a: Tangrowth|88/100|[from] Stealth Rock
|
|upkeep
|turn|113
|
|t:|1620974124
|switch|p2a: Lunala|Lunala|100/100
|switch|p1a: Ho-Oh|Ho-Oh|100/100 par
|
|upkeep
|turn|114
|
|t:|1620974129
|switch|p2a: Eternatus|Eternatus|94/100
|-ability|p2a: Eternatus|Pressure
|switch|p1a: Toxapex|Toxapex, F|100/100 par
|-damage|p1a: Toxapex|88/100 par|[from] Stealth Rock
|
|upkeep
|turn|115
ULT8RQ KB is offering a tie.
Eyes of death rejected the tie.
|
|t:|1620974152
|switch|p2a: Blissey|Blissey, F|76/100
|-damage|p2a: Blissey|63/100|[from] Stealth Rock
|switch|p1a: Ho-Oh|Ho-Oh|100/100 par
|
|upkeep
|turn|116
|c| Big Bad Cover|Bahahahq
|c|☆ULT8RQ KB|lmao
|
|t:|1620974158
|switch|p2a: Eternatus|Eternatus|94/100
|-ability|p2a: Eternatus|Pressure
|move|p1a: Ho-Oh|Whirlwind|p2a: Eternatus
|drag|p2a: Necrozma|Necrozma-Dusk-Mane|82/100
|-damage|p2a: Necrozma|76/100|[from] Stealth Rock
|
|upkeep
|turn|117
|
|t:|1620974162
|switch|p2a: Lunala|Lunala|100/100
|switch|p1a: Yveltal|Yveltal|100/100
|-ability|p1a: Yveltal|Dark Aura
|
|upkeep
|turn|118
|
|t:|1620974167
|switch|p2a: Eternatus|Eternatus|94/100
|-ability|p2a: Eternatus|Pressure
|move|p1a: Yveltal|Knock Off|p2a: Eternatus
|-damage|p2a: Eternatus|58/100
|-enditem|p2a: Eternatus|Heavy-Duty Boots|[from] move: Knock Off|[of] p1a: Yveltal
|
|upkeep
|turn|119
|
|t:|1620974170
|switch|p1a: Ho-Oh|Ho-Oh|100/100 par
|move|p2a: Eternatus|Toxic||[still]
|-fail|p2a: Eternatus
|
|upkeep
|turn|120
|
|t:|1620974174
|switch|p1a: Toxapex|Toxapex, F|100/100 par
|-damage|p1a: Toxapex|88/100 par|[from] Stealth Rock
|move|p2a: Eternatus|Recover|p2a: Eternatus
|-heal|p2a: Eternatus|100/100
|
|upkeep
|turn|121
|
|t:|1620974180
|switch|p2a: Lunala|Lunala|100/100
|switch|p1a: Ho-Oh|Ho-Oh|100/100 par
|
|upkeep
|turn|122
|
|t:|1620974184
|switch|p2a: Eternatus|Eternatus|100/100
|-damage|p2a: Eternatus|88/100|[from] Stealth Rock
|-ability|p2a: Eternatus|Pressure
|switch|p1a: Toxapex|Toxapex, F|100/100 par
|-damage|p1a: Toxapex|88/100 par|[from] Stealth Rock
|
|upkeep
|turn|123
|
|t:|1620974187
|switch|p2a: Lunala|Lunala|100/100
|switch|p1a: Ho-Oh|Ho-Oh|100/100 par
|
|upkeep
|turn|124
|
|t:|1620974193
|switch|p2a: Eternatus|Eternatus|88/100
|-damage|p2a: Eternatus|76/100|[from] Stealth Rock
|-ability|p2a: Eternatus|Pressure
|switch|p1a: Toxapex|Toxapex, F|100/100 par
|-damage|p1a: Toxapex|88/100 par|[from] Stealth Rock
|
|upkeep
|turn|125
|c| Big Bad Cover|He's right in that he can't lose but he'll take hours to do it
|inactive|ULT8RQ KB has 120 seconds left.
|c|☆ULT8RQ KB|gg
|-message|ULT8RQ KB forfeited.
|
|win|Eyes of death
|raw|Eyes of death's rating: 1699 &rarr; <strong>1715</strong><br />(+16 for winning)
|raw|ULT8RQ KB's rating: 1633 &rarr; <strong>1617</strong><br />(-16 for losing)
|c| Big Bad Cover|Gg
|l| Big Bad Cover
