|j|☆ICVR
|j|☆Hades678
|t:|1659452286
|gametype|singles
|player|p1|ICVR|elesa-masters|
|player|p2|Hades678|volkner|
|teamsize|p1|6
|teamsize|p2|6
|gen|8
|tier|[Gen 8] Ubers
|rated|Tournament battle
|rule|Sleep Clause Mod: Limit one foe put to sleep
|rule|Species Clause: Limit one of each Pokémon
|rule|OHKO Clause: OHKO moves are banned
|rule|Evasion Moves Clause: Evasion moves are banned
|rule|Endless Battle Clause: Forcing endless battles is banned
|rule|HP Percentage Mod: HP is shown in percentages
|rule|Dynamax Clause: You cannot dynamax
|clearpoke
|poke|p1|Darmanitan-Galar, F|
|poke|p1|Xerneas-*|
|poke|p1|Magnezone|
|poke|p1|Eternatus|
|poke|p1|Yveltal|
|poke|p1|Necrozma-Dusk-Mane|
|poke|p2|Calyrex-Shadow|
|poke|p2|Yveltal|
|poke|p2|Marshadow|
|poke|p2|Necrozma-Dusk-Mane|
|poke|p2|Groudon|
|poke|p2|Eternatus|
|teampreview
|inactive|Battle timer is ON: inactive players will automatically lose when time's up. (requested by ICVR)
|c|☆Hades678|TOugh to win
|c|☆Hades678|but I will try my best
|c|☆Hades678|glhf
|c|☆ICVR|hf
|inactive|ICVR has 120 seconds left.
|c|☆Hades678|Ill most prolly lose
|j| 1729is56time
|c|☆Hades678|but hey whats success without failure
|
|t:|1659452349
|start
|switch|p1a: Yveltal|Yveltal|100/100
|switch|p2a: LighTiger|Necrozma-Dusk-Mane|100/100
|-ability|p1a: Yveltal|Dark Aura
|turn|1
|
|t:|1659452364
|switch|p2a: Yahvaltal|Yveltal, shiny|100/100
|-ability|p2a: Yahvaltal|Dark Aura
|move|p1a: Yveltal|Knock Off|p2a: Yahvaltal
|-resisted|p2a: Yahvaltal
|-damage|p2a: Yahvaltal|80/100
|-enditem|p2a: Yahvaltal|Heavy-Duty Boots|[from] move: Knock Off|[of] p1a: Yveltal
|
|upkeep
|turn|2
|
|t:|1659452386
|switch|p1a: Xerneas|Xerneas|100/100
|-ability|p1a: Xerneas|Fairy Aura
|move|p2a: Yahvaltal|Foul Play|p1a: Xerneas
|-resisted|p1a: Xerneas
|-damage|p1a: Xerneas|88/100
|
|upkeep
|turn|3
|
|t:|1659452399
|switch|p2a: LighTiger|Necrozma-Dusk-Mane|100/100
|move|p1a: Xerneas|Block|p2a: LighTiger
|-activate|p2a: LighTiger|trapped
|
|upkeep
|turn|4
|
|t:|1659452405
|switch|p1a: Magnezone|Magnezone|100/100
|-item|p1a: Magnezone|Air Balloon
|move|p2a: LighTiger|Sunsteel Strike|p1a: Magnezone
|-resisted|p1a: Magnezone
|-damage|p1a: Magnezone|90/100
|-enditem|p1a: Magnezone|Air Balloon
|
|upkeep
|turn|5
|c|☆Hades678|Yeah I dont want to escape
|
|t:|1659452425
|move|p1a: Magnezone|Magnet Rise|p1a: Magnezone
|-start|p1a: Magnezone|Magnet Rise
|move|p2a: LighTiger|Earthquake|p1a: Magnezone
|-immune|p1a: Magnezone
|
|upkeep
|turn|6
|c|☆ICVR|:(
|c|☆Hades678|bro
|c|☆Hades678|thats
|
|t:|1659452438
|move|p1a: Magnezone|Iron Defense|p1a: Magnezone
|-boost|p1a: Magnezone|def|2
|move|p2a: LighTiger|Stealth Rock|p1a: Magnezone
|-sidestart|p1: ICVR|move: Stealth Rock
|
|upkeep
|turn|7
|
|t:|1659452444
|move|p1a: Magnezone|Iron Defense|p1a: Magnezone
|-boost|p1a: Magnezone|def|2
|move|p2a: LighTiger|Sunsteel Strike|p1a: Magnezone
|-resisted|p1a: Magnezone
|-damage|p1a: Magnezone|86/100
|
|upkeep
|turn|8
|c|☆Hades678|good tactics ig?
|
|t:|1659452457
|move|p1a: Magnezone|Iron Defense|p1a: Magnezone
|-boost|p1a: Magnezone|def|2
|move|p2a: LighTiger|Sunsteel Strike|p1a: Magnezone
|-resisted|p1a: Magnezone
|-damage|p1a: Magnezone|83/100
|
|upkeep
|turn|9
|
|t:|1659452462
|move|p1a: Magnezone|Body Press|p2a: LighTiger
|-damage|p2a: LighTiger|45/100
|-damage|p1a: Magnezone|67/100|[from] item: Rocky Helmet|[of] p2a: LighTiger
|move|p2a: LighTiger|Moonlight|p2a: LighTiger
|-heal|p2a: LighTiger|95/100
|
|-end|p1a: Magnezone|Magnet Rise
|upkeep
|turn|10
|c|☆ICVR|it is yea ahah
|c|☆Hades678|aight
|
|t:|1659452479
|move|p1a: Magnezone|Magnet Rise|p1a: Magnezone
|-start|p1a: Magnezone|Magnet Rise
|move|p2a: LighTiger|Sunsteel Strike|p1a: Magnezone
|-resisted|p1a: Magnezone
|-damage|p1a: Magnezone|64/100
|
|upkeep
|turn|11
|
|t:|1659452488
|move|p1a: Magnezone|Thunder Wave|p2a: LighTiger
|-status|p2a: LighTiger|par
|move|p2a: LighTiger|Moonlight|p2a: LighTiger
|-heal|p2a: LighTiger|100/100 par
|
|upkeep
|turn|12
|c|☆Hades678|how tf do I switch
|
|t:|1659452503
|move|p1a: Magnezone|Iron Defense|p1a: Magnezone
|-boost|p1a: Magnezone|def|0
|move|p2a: LighTiger|Moonlight|p2a: LighTiger
|-fail|p2a: LighTiger|heal
|
|upkeep
|turn|13
|c|☆ICVR|you can’t
|c|☆Hades678|I dont wanna switch
|
|t:|1659452512
|move|p1a: Magnezone|Iron Defense|p1a: Magnezone
|-boost|p1a: Magnezone|def|0
|move|p2a: LighTiger|Stealth Rock||[still]
|-fail|p2a: LighTiger
|
|upkeep
|turn|14
|c|☆Hades678|but how do I
|c|☆Hades678|Imma have to stall u out
|c|☆ICVR|ahah I won the 1v1
|inactive|ICVR has 120 seconds left.
|c|☆ICVR|let’s see
|
|t:|1659452548
|move|p1a: Magnezone|Iron Defense|p1a: Magnezone
|-boost|p1a: Magnezone|def|0
|move|p2a: LighTiger|Stealth Rock||[still]
|-fail|p2a: LighTiger
|
|-end|p1a: Magnezone|Magnet Rise
|upkeep
|turn|15
|inactive|ICVR has 120 seconds left.
|
|t:|1659452557
|move|p1a: Magnezone|Magnet Rise|p1a: Magnezone
|-start|p1a: Magnezone|Magnet Rise
|move|p2a: LighTiger|Earthquake|p1a: Magnezone
|-immune|p1a: Magnezone
|
|upkeep
|turn|16
|c|☆Hades678|WHY
|c|☆Hades678|This is pain
|
|t:|1659452570
|move|p1a: Magnezone|Body Press|p2a: LighTiger
|-damage|p2a: LighTiger|45/100 par
|-damage|p1a: Magnezone|48/100|[from] item: Rocky Helmet|[of] p2a: LighTiger
|cant|p2a: LighTiger|par
|
|upkeep
|turn|17
|
|t:|1659452574
|move|p1a: Magnezone|Body Press|p2a: LighTiger
|-damage|p2a: LighTiger|0 fnt
|-damage|p1a: Magnezone|31/100|[from] item: Rocky Helmet|[of] p2a: LighTiger
|faint|p2a: LighTiger
|
|upkeep
|
|t:|1659452585
|switch|p2a: GigaNToxic|Eternatus|100/100
|-ability|p2a: GigaNToxic|Pressure
|turn|18
|
|t:|1659452592
|switch|p1a: Necrozma|Necrozma-Dusk-Mane|100/100
|-damage|p1a: Necrozma|94/100|[from] Stealth Rock
|move|p2a: GigaNToxic|Mystical Fire|p1a: Necrozma
|-supereffective|p1a: Necrozma
|-damage|p1a: Necrozma|73/100
|-unboost|p1a: Necrozma|spa|1
|
|-heal|p1a: Necrozma|79/100|[from] item: Leftovers
|upkeep
|turn|19
|c|☆Hades678|ok
|
|t:|1659452601
|switch|p2a: Yahvaltal|Yveltal, shiny|80/100
|-ability|p2a: Yahvaltal|Dark Aura
|move|p1a: Necrozma|Stealth Rock|p2a: Yahvaltal
|-sidestart|p2: Hades678|move: Stealth Rock
|
|-heal|p1a: Necrozma|85/100|[from] item: Leftovers
|upkeep
|turn|20
|
|t:|1659452614
|switch|p1a: Xerneas|Xerneas|88/100
|-damage|p1a: Xerneas|75/100|[from] Stealth Rock
|-ability|p1a: Xerneas|Fairy Aura
|move|p2a: Yahvaltal|U-turn|p1a: Xerneas
|-resisted|p1a: Xerneas
|-damage|p1a: Xerneas|69/100
|c|☆Hades678|predicted ig?
|
|t:|1659452622
|switch|p2a: Ghost-Rider|Calyrex-Shadow|100/100|[from]move: U-turn
|-ability|p2a: Ghost-Rider|As One
|-ability|p2a: Ghost-Rider|Unnerve
|-damage|p2a: Ghost-Rider|88/100|[from] Stealth Rock
|
|upkeep
|turn|21
|
|t:|1659452626
|switch|p1a: Magnezone|Magnezone|31/100
|-damage|p1a: Magnezone|25/100|[from] Stealth Rock
|move|p2a: Ghost-Rider|Trick|p1a: Magnezone
|-activate|p2a: Ghost-Rider|move: Trick|[of] p1a: Magnezone
|-item|p1a: Magnezone|Choice Scarf|[from] move: Trick
|-enditem|p2a: Ghost-Rider|Choice Scarf|[silent]|[from] move: Trick
|
|upkeep
|turn|22
|
|t:|1659452633
|switch|p1a: Yveltal|Yveltal|100/100
|-ability|p1a: Yveltal|Dark Aura
|move|p2a: Ghost-Rider|Astral Barrage|p1a: Yveltal
|-resisted|p1a: Yveltal
|-damage|p1a: Yveltal|71/100
|
|upkeep
|turn|23
|
|t:|1659452640
|switch|p2a: Yahvaltal|Yveltal, shiny|80/100
|-damage|p2a: Yahvaltal|55/100|[from] Stealth Rock
|-ability|p2a: Yahvaltal|Dark Aura
|move|p1a: Yveltal|Knock Off|p2a: Yahvaltal
|-resisted|p2a: Yahvaltal
|-damage|p2a: Yahvaltal|41/100
|
|upkeep
|turn|24
|
|t:|1659452644
|move|p1a: Yveltal|Taunt|p2a: Yahvaltal
|-start|p2a: Yahvaltal|move: Taunt
|cant|p2a: Yahvaltal|move: Taunt|Roost
|
|upkeep
|turn|25
|
|t:|1659452646
|move|p1a: Yveltal|Foul Play|p2a: Yahvaltal
|-resisted|p2a: Yahvaltal
|-crit|p2a: Yahvaltal
|-damage|p2a: Yahvaltal|8/100
|move|p2a: Yahvaltal|U-turn|p1a: Yveltal
|-damage|p1a: Yveltal|54/100
|
|t:|1659452658
|switch|p2a: GigaNToxic|Eternatus|100/100|[from]move: U-turn
|-damage|p2a: GigaNToxic|88/100|[from] Stealth Rock
|-ability|p2a: GigaNToxic|Pressure
|
|-heal|p2a: GigaNToxic|94/100|[from] item: Black Sludge
|upkeep
|turn|26
|
|t:|1659452669
|switch|p1a: Necrozma|Necrozma-Dusk-Mane|85/100
|-damage|p1a: Necrozma|79/100|[from] Stealth Rock
|move|p2a: GigaNToxic|Mystical Fire|p1a: Necrozma
|-supereffective|p1a: Necrozma
|-damage|p1a: Necrozma|59/100
|-unboost|p1a: Necrozma|spa|1
|
|-heal|p2a: GigaNToxic|100/100|[from] item: Black Sludge
|-heal|p1a: Necrozma|65/100|[from] item: Leftovers
|upkeep
|turn|27
|c|☆Hades678|ok
|
|t:|1659452677
|switch|p2a: Yahvaltal|Yveltal, shiny|8/100
|-damage|p2a: Yahvaltal|0 fnt|[from] Stealth Rock
|faint|p2a: Yahvaltal
|move|p1a: Necrozma|Moonlight|p1a: Necrozma
|-heal|p1a: Necrozma|100/100
|
|upkeep
|
|t:|1659452680
|switch|p2a: Godzilla|Groudon|100/100
|-damage|p2a: Godzilla|94/100|[from] Stealth Rock
|-weather|SunnyDay|[from] ability: Drought|[of] p2a: Godzilla
|turn|28
|c|☆Hades678|How am I doing?
|c|☆Hades678|I think bad
|inactive|ICVR has 120 seconds left.
|
|t:|1659452712
|switch|p1a: Magnezone|Magnezone|25/100
|-damage|p1a: Magnezone|19/100|[from] Stealth Rock
|move|p2a: Godzilla|Rock Polish|p2a: Godzilla
|-boost|p2a: Godzilla|spe|2
|
|-weather|SunnyDay|[upkeep]
|upkeep
|turn|29
|
|t:|1659452725
|switch|p1a: Xerneas|Xerneas|69/100
|-damage|p1a: Xerneas|56/100|[from] Stealth Rock
|-ability|p1a: Xerneas|Fairy Aura
|move|p2a: Godzilla|Precipice Blades|p1a: Xerneas
|-crit|p1a: Xerneas
|-damage|p1a: Xerneas|0 fnt
|faint|p1a: Xerneas
|-damage|p2a: Godzilla|85/100|[from] item: Life Orb
|
|-weather|SunnyDay|[upkeep]
|upkeep
|c|☆Hades678|sorry :(
|
|t:|1659452733
|switch|p1a: Yveltal|Yveltal|54/100
|-ability|p1a: Yveltal|Dark Aura
|turn|30
|
|t:|1659452737
|switch|p1a: Necrozma|Necrozma-Dusk-Mane|100/100
|-damage|p1a: Necrozma|94/100|[from] Stealth Rock
|move|p2a: Godzilla|Stone Edge|p1a: Necrozma
|-resisted|p1a: Necrozma
|-crit|p1a: Necrozma
|-damage|p1a: Necrozma|66/100
|-damage|p2a: Godzilla|75/100|[from] item: Life Orb
|
|-weather|SunnyDay|[upkeep]
|-heal|p1a: Necrozma|72/100|[from] item: Leftovers
|upkeep
|turn|31
|c|☆ICVR|nws
|
|t:|1659452744
|switch|p1a: Magnezone|Magnezone|19/100
|-damage|p1a: Magnezone|13/100|[from] Stealth Rock
|move|p2a: Godzilla|Precipice Blades|p1a: Magnezone
|-supereffective|p1a: Magnezone
|-damage|p1a: Magnezone|0 fnt
|faint|p1a: Magnezone
|-damage|p2a: Godzilla|65/100|[from] item: Life Orb
|
|-weather|SunnyDay|[upkeep]
|upkeep
|
|t:|1659452752
|switch|p1a: Darmanitan|Darmanitan-Galar, F|100/100
|-damage|p1a: Darmanitan|76/100|[from] Stealth Rock
|turn|32
|c|☆Hades678|ok
|
|t:|1659452759
|move|p2a: Godzilla|Precipice Blades|p1a: Darmanitan
|-damage|p1a: Darmanitan|0 fnt
|faint|p1a: Darmanitan
|-damage|p2a: Godzilla|55/100|[from] item: Life Orb
|
|-weather|none
|upkeep
|c|☆Hades678|Um wtf
|
|t:|1659452764
|switch|p1a: Eternatus|Eternatus|100/100
|-damage|p1a: Eternatus|88/100|[from] Stealth Rock
|-ability|p1a: Eternatus|Pressure
|turn|33
|c|☆Hades678|why am I winning
|
|t:|1659452771
|move|p2a: Godzilla|Precipice Blades|p1a: Eternatus
|-supereffective|p1a: Eternatus
|-damage|p1a: Eternatus|0 fnt
|faint|p1a: Eternatus
|-damage|p2a: Godzilla|45/100|[from] item: Life Orb
|
|upkeep
|
|t:|1659452773
|switch|p1a: Yveltal|Yveltal|54/100
|-ability|p1a: Yveltal|Dark Aura
|turn|34
|
|t:|1659452788
|move|p2a: Godzilla|Stone Edge|p1a: Yveltal
|-supereffective|p1a: Yveltal
|-crit|p1a: Yveltal
|-damage|p1a: Yveltal|0 fnt
|faint|p1a: Yveltal
|-damage|p2a: Godzilla|35/100|[from] item: Life Orb
|
|upkeep
|c|☆Hades678|SORRY BRO
|
|t:|1659452799
|switch|p1a: Necrozma|Necrozma-Dusk-Mane|72/100
|-damage|p1a: Necrozma|66/100|[from] Stealth Rock
|turn|35
|
|t:|1659452803
|move|p2a: Godzilla|Precipice Blades|p1a: Necrozma
|-supereffective|p1a: Necrozma
|-damage|p1a: Necrozma|0 fnt
|faint|p1a: Necrozma
|-damage|p2a: Godzilla|26/100|[from] item: Life Orb
|
|win|Hades678
|n|☆ICVR|icvr
|n|☆Hades678|hades678
|n| 1729is56time|1729is56time
|c|☆Hades678|I didnt miss
|c|☆ICVR|it’s okay ahah
|c|☆Hades678|the gods :)
|c|☆ICVR|gg
|c|☆Hades678|well played
|l|☆ICVR
|c|☆Hades678|Didnt deserve but fine
|l|☆Hades678
