|j|☆Rell27
|j|☆Pkmn3443
|t:|1637279574
|gametype|singles
|player|p1|Rell27|266|1589
|player|p2|Pkmn3443|169|1678
|teamsize|p1|6
|teamsize|p2|6
|gen|8
|tier|[Gen 8] Ubers
|rated|
|rule|Sleep Clause Mod: Limit one foe put to sleep
|rule|Species Clause: Limit one of each Pokémon
|rule|OHKO Clause: OHKO moves are banned
|rule|Evasion Moves Clause: Evasion moves are banned
|rule|Endless Battle Clause: Forcing endless battles is banned
|rule|HP Percentage Mod: HP is shown in percentages
|rule|Dynamax Clause: You cannot dynamax
|clearpoke
|poke|p1|Calyrex-Shadow|
|poke|p1|Yveltal|
|poke|p1|Ho-Oh|
|poke|p1|Xerneas-*|
|poke|p1|Necrozma-Dusk-Mane|
|poke|p1|Eternatus|
|poke|p2|Blissey, F|
|poke|p2|Necrozma-Dusk-Mane|
|poke|p2|Ho-Oh|
|poke|p2|Eternatus|
|poke|p2|Ditto|
|poke|p2|Yveltal|
|teampreview
|
|t:|1637279589
|start
|switch|p1a: Yveltal|Yveltal|100/100
|switch|p2a: Ho-Oh|Ho-Oh|100/100
|-ability|p1a: Yveltal|Dark Aura
|turn|1
|
|t:|1637279595
|switch|p2a: Yveltal|Yveltal|100/100
|-ability|p2a: Yveltal|Dark Aura
|move|p1a: Yveltal|Knock Off|p2a: Yveltal
|-resisted|p2a: Yveltal
|-damage|p2a: Yveltal|53/100
|-enditem|p2a: Yveltal|Heavy-Duty Boots|[from] move: Knock Off|[of] p1a: Yveltal
|-damage|p1a: Yveltal|90/100|[from] item: Life Orb
|
|upkeep
|turn|2
|
|t:|1637279600
|move|p2a: Yveltal|Roost|p2a: Yveltal
|-heal|p2a: Yveltal|100/100
|-singleturn|p2a: Yveltal|move: Roost
|move|p1a: Yveltal|Toxic|p2a: Yveltal
|-status|p2a: Yveltal|tox
|
|-damage|p2a: Yveltal|94/100 tox|[from] psn
|upkeep
|turn|3
|
|t:|1637279613
|switch|p1a: Xerneas|Xerneas|100/100
|-ability|p1a: Xerneas|Fairy Aura
|move|p2a: Yveltal|Knock Off|p1a: Xerneas
|-resisted|p1a: Xerneas
|-damage|p1a: Xerneas|79/100
|-enditem|p1a: Xerneas|Power Herb|[from] move: Knock Off|[of] p2a: Yveltal
|
|-damage|p2a: Yveltal|82/100 tox|[from] psn
|upkeep
|turn|4
|
|t:|1637279628
|switch|p2a: Blissey|Blissey, F|100/100
|switch|p1a: Yveltal|Yveltal|90/100
|-ability|p1a: Yveltal|Dark Aura
|
|upkeep
|turn|5
|
|t:|1637279633
|switch|p2a: Yveltal|Yveltal|82/100 tox
|-ability|p2a: Yveltal|Dark Aura
|move|p1a: Yveltal|Knock Off|p2a: Yveltal
|-resisted|p2a: Yveltal
|-damage|p2a: Yveltal|50/100 tox
|-damage|p1a: Yveltal|80/100|[from] item: Life Orb
|
|-damage|p2a: Yveltal|44/100 tox|[from] psn
|upkeep
|turn|6
|
|t:|1637279648
|switch|p1a: Ho-Oh|Ho-Oh, shiny|100/100
|move|p2a: Yveltal|Roost|p2a: Yveltal
|-heal|p2a: Yveltal|94/100 tox
|-singleturn|p2a: Yveltal|move: Roost
|
|-damage|p2a: Yveltal|82/100 tox|[from] psn
|upkeep
|turn|7
|
|t:|1637279654
|switch|p2a: Ho-Oh|Ho-Oh|100/100
|move|p1a: Ho-Oh|Brave Bird|p2a: Ho-Oh
|-damage|p2a: Ho-Oh|54/100
|-damage|p1a: Ho-Oh|84/100|[from] Recoil
|
|upkeep
|turn|8
|
|t:|1637279658
|move|p1a: Ho-Oh|Brave Bird|p2a: Ho-Oh
|-crit|p2a: Ho-Oh
|-damage|p2a: Ho-Oh|0 fnt
|faint|p2a: Ho-Oh
|-damage|p1a: Ho-Oh|65/100|[from] Recoil
|
|upkeep
|
|t:|1637279662
|switch|p2a: Eternatus|Eternatus|100/100
|-ability|p2a: Eternatus|Pressure
|turn|9
|
|t:|1637279669
|switch|p1a: Necrozma|Necrozma-Dusk-Mane|100/100
|move|p2a: Eternatus|Toxic|p1a: Necrozma
|-immune|p1a: Necrozma
|
|upkeep
|turn|10
|
|t:|1637279674
|switch|p2a: Necrozma|Necrozma-Dusk-Mane|100/100
|move|p1a: Necrozma|Stealth Rock|p2a: Necrozma
|-sidestart|p2: Pkmn3443|move: Stealth Rock
|
|upkeep
|turn|11
|
|t:|1637279681
|switch|p1a: Yveltal|Yveltal|80/100
|-ability|p1a: Yveltal|Dark Aura
|move|p2a: Necrozma|Stealth Rock|p1a: Yveltal
|-sidestart|p1: Rell27|move: Stealth Rock
|
|upkeep
|turn|12
|
|t:|1637279692
|switch|p2a: Eternatus|Eternatus|100/100
|-damage|p2a: Eternatus|88/100|[from] Stealth Rock
|-ability|p2a: Eternatus|Pressure
|move|p1a: Yveltal|Knock Off|p2a: Eternatus
|-damage|p2a: Eternatus|12/100
|-enditem|p2a: Eternatus|Black Sludge|[from] move: Knock Off|[of] p1a: Yveltal
|-damage|p1a: Yveltal|70/100|[from] item: Life Orb
|
|upkeep
|turn|13
|
|t:|1637279699
|switch|p1a: Calyrex|Calyrex-Shadow|100/100
|-ability|p1a: Calyrex|As One
|-ability|p1a: Calyrex|Unnerve
|-damage|p1a: Calyrex|88/100|[from] Stealth Rock
|move|p2a: Eternatus|Recover|p2a: Eternatus
|-heal|p2a: Eternatus|62/100
|
|upkeep
|turn|14
|
|t:|1637279714
|switch|p2a: Yveltal|Yveltal|82/100 tox
|-damage|p2a: Yveltal|57/100 tox|[from] Stealth Rock
|-ability|p2a: Yveltal|Dark Aura
|move|p1a: Calyrex|Leech Seed|p2a: Yveltal
|-start|p2a: Yveltal|move: Leech Seed
|
|-damage|p2a: Yveltal|45/100 tox|[from] Leech Seed|[of] p1a: Calyrex
|-heal|p1a: Calyrex|100/100|[silent]
|-damage|p2a: Yveltal|38/100 tox|[from] psn
|upkeep
|turn|15
|
|t:|1637279724
|switch|p1a: Yveltal|Yveltal|70/100
|-damage|p1a: Yveltal|45/100|[from] Stealth Rock
|-ability|p1a: Yveltal|Dark Aura
|move|p2a: Yveltal|Oblivion Wing|p1a: Yveltal
|-damage|p1a: Yveltal|5/100
|-heal|p2a: Yveltal|71/100 tox|[from] drain|[of] p1a: Yveltal
|
|-damage|p2a: Yveltal|58/100 tox|[from] Leech Seed|[of] p1a: Yveltal
|-heal|p1a: Yveltal|17/100|[silent]
|-damage|p2a: Yveltal|46/100 tox|[from] psn
|upkeep
|turn|16
|
|t:|1637279731
|move|p2a: Yveltal|Oblivion Wing|p1a: Yveltal
|-damage|p1a: Yveltal|0 fnt
|-heal|p2a: Yveltal|59/100 tox|[from] drain|[of] p1a: Yveltal
|faint|p1a: Yveltal
|
|-damage|p2a: Yveltal|41/100 tox|[from] psn
|upkeep
|
|t:|1637279754
|switch|p1a: Necrozma|Necrozma-Dusk-Mane|100/100
|-damage|p1a: Necrozma|94/100|[from] Stealth Rock
|turn|17
|
|t:|1637279762
|switch|p2a: Necrozma|Necrozma-Dusk-Mane|100/100
|-damage|p2a: Necrozma|94/100|[from] Stealth Rock
|move|p1a: Necrozma|Trick Room|p1a: Necrozma
|-fieldstart|move: Trick Room|[of] p1a: Necrozma
|
|upkeep
|turn|18
|
|t:|1637279770
|move|p1a: Necrozma|Earthquake|p2a: Necrozma
|-supereffective|p2a: Necrozma
|-damage|p2a: Necrozma|66/100
|move|p2a: Necrozma|Morning Sun|p2a: Necrozma
|-heal|p2a: Necrozma|100/100
|
|upkeep
|turn|19
|
|t:|1637279777
|switch|p1a: Ho-Oh|Ho-Oh, shiny|99/100
|move|p2a: Necrozma|Knock Off|p1a: Ho-Oh
|-damage|p1a: Ho-Oh|71/100
|-enditem|p1a: Ho-Oh|Heavy-Duty Boots|[from] move: Knock Off|[of] p2a: Necrozma
|
|upkeep
|turn|20
|
|t:|1637279787
|move|p2a: Necrozma|Morning Sun||[still]
|-fail|p2a: Necrozma
|move|p1a: Ho-Oh|Sacred Fire|p2a: Necrozma
|-supereffective|p2a: Necrozma
|-damage|p2a: Necrozma|60/100
|
|upkeep
|turn|21
|
|t:|1637279795
|move|p2a: Necrozma|Morning Sun|p2a: Necrozma
|-heal|p2a: Necrozma|100/100
|move|p1a: Ho-Oh|Sacred Fire|p2a: Necrozma
|-supereffective|p2a: Necrozma
|-damage|p2a: Necrozma|53/100
|-status|p2a: Necrozma|brn
|
|-damage|p2a: Necrozma|47/100 brn|[from] brn
|-fieldend|move: Trick Room
|upkeep
|turn|22
|
|t:|1637279805
|switch|p2a: Eternatus|Eternatus|62/100
|-damage|p2a: Eternatus|50/100|[from] Stealth Rock
|-ability|p2a: Eternatus|Pressure
|move|p1a: Ho-Oh|Brave Bird|p2a: Eternatus
|-damage|p2a: Eternatus|0 fnt
|faint|p2a: Eternatus
|-damage|p1a: Ho-Oh|51/100|[from] Recoil
|
|upkeep
|
|t:|1637279812
|switch|p2a: Yveltal|Yveltal|41/100 tox
|-damage|p2a: Yveltal|16/100 tox|[from] Stealth Rock
|-ability|p2a: Yveltal|Dark Aura
|turn|23
|
|t:|1637279829
|switch|p1a: Xerneas|Xerneas|79/100
|-damage|p1a: Xerneas|67/100|[from] Stealth Rock
|-ability|p1a: Xerneas|Fairy Aura
|move|p2a: Yveltal|Knock Off|p1a: Xerneas
|-resisted|p1a: Xerneas
|-damage|p1a: Xerneas|53/100
|
|-damage|p2a: Yveltal|10/100 tox|[from] psn
|upkeep
|turn|24
|
|t:|1637279837
|switch|p2a: Blissey|Blissey, F|100/100
|-damage|p2a: Blissey|88/100|[from] Stealth Rock
|move|p1a: Xerneas|Defog|p2a: Blissey
|-unboost|p2a: Blissey|evasion|1
|-sideend|p2: Pkmn3443|Stealth Rock|[from] move: Defog|[of] p1a: Xerneas
|-sideend|p1: Rell27|Stealth Rock|[from] move: Defog|[of] p1a: Xerneas
|
|upkeep
|turn|25
|
|t:|1637279848
|switch|p1a: Necrozma|Necrozma-Dusk-Mane|94/100
|move|p2a: Blissey|Aromatherapy|p2a: Blissey
|-activate|p2a: Blissey|move: Aromatherapy
|-curestatus|p2: Yveltal|tox|[msg]
|-curestatus|p2: Necrozma|brn|[msg]
|
|upkeep
|turn|26
|
|t:|1637279856
|switch|p2a: Necrozma|Necrozma-Dusk-Mane|47/100
|move|p1a: Necrozma|Stealth Rock|p2a: Necrozma
|-sidestart|p2: Pkmn3443|move: Stealth Rock
|
|upkeep
|turn|27
|
|t:|1637279866
|switch|p1a: Ho-Oh|Ho-Oh, shiny|84/100
|move|p2a: Necrozma|Morning Sun|p2a: Necrozma
|-heal|p2a: Necrozma|97/100
|
|upkeep
|turn|28
|
|t:|1637279874
|move|p1a: Ho-Oh|Sacred Fire|p2a: Necrozma
|-supereffective|p2a: Necrozma
|-damage|p2a: Necrozma|52/100
|-status|p2a: Necrozma|brn
|move|p2a: Necrozma|Stealth Rock|p1a: Ho-Oh
|-sidestart|p1: Rell27|move: Stealth Rock
|
|-damage|p2a: Necrozma|45/100 brn|[from] brn
|upkeep
|turn|29
|
|t:|1637279886
|move|p1a: Ho-Oh|Sacred Fire|p2a: Necrozma
|-supereffective|p2a: Necrozma
|-damage|p2a: Necrozma|1/100 brn
|move|p2a: Necrozma|Morning Sun|p2a: Necrozma
|-heal|p2a: Necrozma|51/100 brn
|
|-damage|p2a: Necrozma|45/100 brn|[from] brn
|upkeep
|turn|30
|
|t:|1637279896
|move|p2a: Necrozma|Morning Sun|p2a: Necrozma
|-heal|p2a: Necrozma|95/100 brn
|move|p1a: Ho-Oh|Roar|p2a: Necrozma
|drag|p2a: Ditto|Ditto|100/100
|-damage|p2a: Ditto|88/100|[from] Stealth Rock
|-transform|p2a: Ditto|p1a: Ho-Oh|[from] ability: Imposter
|
|upkeep
|turn|31
|
|t:|1637279905
|move|p2a: Ditto|Brave Bird|p1a: Ho-Oh
|-damage|p1a: Ho-Oh|31/100
|-damage|p2a: Ditto|65/100|[from] Recoil
|move|p1a: Ho-Oh|Roost|p1a: Ho-Oh
|-heal|p1a: Ho-Oh|81/100
|-singleturn|p1a: Ho-Oh|move: Roost
|
|upkeep
|turn|32
|
|t:|1637279918
|switch|p2a: Necrozma|Necrozma-Dusk-Mane|95/100 brn
|-damage|p2a: Necrozma|89/100 brn|[from] Stealth Rock
|move|p1a: Ho-Oh|Roost|p1a: Ho-Oh
|-heal|p1a: Ho-Oh|100/100
|-singleturn|p1a: Ho-Oh|move: Roost
|
|-damage|p2a: Necrozma|83/100 brn|[from] brn
|upkeep
|turn|33
|
|t:|1637279928
|move|p2a: Necrozma|Sunsteel Strike|p1a: Ho-Oh
|-resisted|p1a: Ho-Oh
|-damage|p1a: Ho-Oh|89/100
|move|p1a: Ho-Oh|Roar|p2a: Necrozma
|drag|p2a: Blissey|Blissey, F|88/100
|-damage|p2a: Blissey|76/100|[from] Stealth Rock
|
|upkeep
|turn|34
|
|t:|1637279935
|switch|p2a: Necrozma|Necrozma-Dusk-Mane|83/100 brn
|-damage|p2a: Necrozma|77/100 brn|[from] Stealth Rock
|move|p1a: Ho-Oh|Brave Bird|p2a: Necrozma
|-resisted|p2a: Necrozma
|-damage|p2a: Necrozma|58/100 brn
|-damage|p1a: Ho-Oh|73/100|[from] item: Rocky Helmet|[of] p2a: Necrozma
|-damage|p1a: Ho-Oh|66/100|[from] Recoil
|
|-damage|p2a: Necrozma|52/100 brn|[from] brn
|upkeep
|turn|35
|
|t:|1637279945
|move|p1a: Ho-Oh|Roost|p1a: Ho-Oh
|-heal|p1a: Ho-Oh|100/100
|-singleturn|p1a: Ho-Oh|move: Roost
|move|p2a: Necrozma|Morning Sun|p2a: Necrozma
|-heal|p2a: Necrozma|100/100 brn
|
|-damage|p2a: Necrozma|94/100 brn|[from] brn
|upkeep
|turn|36
|
|t:|1637279955
|move|p1a: Ho-Oh|Sacred Fire|p2a: Necrozma
|-supereffective|p2a: Necrozma
|-damage|p2a: Necrozma|52/100 brn
|move|p2a: Necrozma|Knock Off|p1a: Ho-Oh
|-damage|p1a: Ho-Oh|92/100
|
|-damage|p2a: Necrozma|45/100 brn|[from] brn
|upkeep
|turn|37
|
|t:|1637279979
|move|p2a: Necrozma|Morning Sun|p2a: Necrozma
|-heal|p2a: Necrozma|95/100 brn
|move|p1a: Ho-Oh|Roar|p2a: Necrozma
|drag|p2a: Yveltal|Yveltal|10/100
|-damage|p2a: Yveltal|0 fnt|[from] Stealth Rock
|faint|p2a: Yveltal
|
|upkeep
|
|t:|1637279986
|switch|p2a: Ditto|Ditto|98/100
|-damage|p2a: Ditto|86/100|[from] Stealth Rock
|-transform|p2a: Ditto|p1a: Ho-Oh|[from] ability: Imposter
|turn|38
|
|t:|1637279989
|move|p2a: Ditto|Brave Bird|p1a: Ho-Oh
|-damage|p1a: Ho-Oh|37/100
|-damage|p2a: Ditto|62/100|[from] Recoil
|move|p1a: Ho-Oh|Roost|p1a: Ho-Oh
|-heal|p1a: Ho-Oh|87/100
|-singleturn|p1a: Ho-Oh|move: Roost
|
|upkeep
|turn|39
|
|t:|1637279999
|move|p2a: Ditto|Brave Bird|p1a: Ho-Oh
|-damage|p1a: Ho-Oh|27/100
|-damage|p2a: Ditto|37/100|[from] Recoil
|move|p1a: Ho-Oh|Roost|p1a: Ho-Oh
|-heal|p1a: Ho-Oh|77/100
|-singleturn|p1a: Ho-Oh|move: Roost
|
|upkeep
|turn|40
|
|t:|1637280011
|switch|p2a: Necrozma|Necrozma-Dusk-Mane|95/100 brn
|-damage|p2a: Necrozma|89/100 brn|[from] Stealth Rock
|move|p1a: Ho-Oh|Roost|p1a: Ho-Oh
|-heal|p1a: Ho-Oh|100/100
|-singleturn|p1a: Ho-Oh|move: Roost
|
|-damage|p2a: Necrozma|83/100 brn|[from] brn
|upkeep
|turn|41
|
|t:|1637280020
|move|p2a: Necrozma|Sunsteel Strike|p1a: Ho-Oh
|-resisted|p1a: Ho-Oh
|-damage|p1a: Ho-Oh|90/100
|move|p1a: Ho-Oh|Roar|p2a: Necrozma
|drag|p2a: Ditto|Ditto|70/100
|-damage|p2a: Ditto|57/100|[from] Stealth Rock
|-transform|p2a: Ditto|p1a: Ho-Oh|[from] ability: Imposter
|
|upkeep
|turn|42
|
|t:|1637280025
|move|p2a: Ditto|Roost|p2a: Ditto
|-heal|p2a: Ditto|100/100
|-singleturn|p2a: Ditto|move: Roost
|move|p1a: Ho-Oh|Brave Bird|p2a: Ditto
|-damage|p2a: Ditto|25/100
|-damage|p1a: Ho-Oh|71/100|[from] Recoil
|
|upkeep
|turn|43
|
|t:|1637280032
|move|p2a: Ditto|Roost|p2a: Ditto
|-heal|p2a: Ditto|75/100
|-singleturn|p2a: Ditto|move: Roost
|move|p1a: Ho-Oh|Brave Bird|p2a: Ditto
|-damage|p2a: Ditto|3/100
|-damage|p1a: Ho-Oh|53/100|[from] Recoil
|
|upkeep
|turn|44
|
|t:|1637280041
|switch|p2a: Necrozma|Necrozma-Dusk-Mane|83/100 brn
|-damage|p2a: Necrozma|77/100 brn|[from] Stealth Rock
|move|p1a: Ho-Oh|Brave Bird|p2a: Necrozma
|-resisted|p2a: Necrozma
|-damage|p2a: Necrozma|61/100 brn
|-damage|p1a: Ho-Oh|36/100|[from] item: Rocky Helmet|[of] p2a: Necrozma
|-damage|p1a: Ho-Oh|30/100|[from] Recoil
|
|-damage|p2a: Necrozma|55/100 brn|[from] brn
|upkeep
|turn|45
|
|t:|1637280045
|switch|p2a: Ditto|Ditto|36/100
|-damage|p2a: Ditto|24/100|[from] Stealth Rock
|-transform|p2a: Ditto|p1a: Ho-Oh|[from] ability: Imposter
|move|p1a: Ho-Oh|Roost|p1a: Ho-Oh
|-heal|p1a: Ho-Oh|81/100
|-singleturn|p1a: Ho-Oh|move: Roost
|
|upkeep
|turn|46
|
|t:|1637280049
|move|p2a: Ditto|Roost|p2a: Ditto
|-heal|p2a: Ditto|74/100
|-singleturn|p2a: Ditto|move: Roost
|move|p1a: Ho-Oh|Brave Bird|p2a: Ditto
|-damage|p2a: Ditto|0 fnt
|faint|p2a: Ditto
|-damage|p1a: Ho-Oh|62/100|[from] Recoil
|
|upkeep
|
|t:|1637280052
|switch|p2a: Necrozma|Necrozma-Dusk-Mane|55/100 brn
|-damage|p2a: Necrozma|48/100 brn|[from] Stealth Rock
|turn|47
|
|t:|1637280056
|move|p2a: Necrozma|Knock Off|p1a: Ho-Oh
|-damage|p1a: Ho-Oh|53/100
|move|p1a: Ho-Oh|Roar|p2a: Necrozma
|drag|p2a: Blissey|Blissey, F|76/100
|-damage|p2a: Blissey|63/100|[from] Stealth Rock
|
|upkeep
|turn|48
|
|t:|1637280071
|switch|p1a: Calyrex|Calyrex-Shadow|100/100
|-ability|p1a: Calyrex|As One
|-ability|p1a: Calyrex|Unnerve
|-damage|p1a: Calyrex|88/100|[from] Stealth Rock
|move|p2a: Blissey|Seismic Toss|p1a: Calyrex
|-immune|p1a: Calyrex
|
|upkeep
|turn|49
|
|t:|1637280077
|switch|p2a: Necrozma|Necrozma-Dusk-Mane|48/100 brn
|-damage|p2a: Necrozma|42/100 brn|[from] Stealth Rock
|move|p1a: Calyrex|Leech Seed|p2a: Necrozma
|-start|p2a: Necrozma|move: Leech Seed
|
|-damage|p2a: Necrozma|30/100 brn|[from] Leech Seed|[of] p1a: Calyrex
|-heal|p1a: Calyrex|100/100|[silent]
|-damage|p2a: Necrozma|24/100 brn|[from] brn
|upkeep
|turn|50
|
|t:|1637280082
|switch|p1a: Ho-Oh|Ho-Oh, shiny|86/100
|-damage|p1a: Ho-Oh|36/100|[from] Stealth Rock
|move|p2a: Necrozma|Knock Off|p1a: Ho-Oh
|-damage|p1a: Ho-Oh|28/100
|
|-damage|p2a: Necrozma|12/100 brn|[from] Leech Seed|[of] p1a: Ho-Oh
|-heal|p1a: Ho-Oh|40/100|[silent]
|-damage|p2a: Necrozma|6/100 brn|[from] brn
|upkeep
|turn|51
|
|t:|1637280089
|move|p1a: Ho-Oh|Brave Bird|p2a: Necrozma
|-resisted|p2a: Necrozma
|-damage|p2a: Necrozma|0 fnt
|-damage|p1a: Ho-Oh|24/100|[from] item: Rocky Helmet|[of] p2a: Necrozma
|faint|p2a: Necrozma
|-damage|p1a: Ho-Oh|22/100|[from] Recoil
|
|upkeep
|
|t:|1637280091
|switch|p2a: Blissey|Blissey, F|63/100
|-damage|p2a: Blissey|51/100|[from] Stealth Rock
|turn|52
|
|t:|1637280094
|move|p1a: Ho-Oh|Brave Bird|p2a: Blissey
|-damage|p2a: Blissey|0 fnt
|faint|p2a: Blissey
|-damage|p1a: Ho-Oh|0 fnt|[from] Recoil
|faint|p1a: Ho-Oh
|
|win|Rell27
|raw|Rell27's rating: 1589 &rarr; <strong>1614</strong><br />(+25 for winning)
|raw|Pkmn3443's rating: 1678 &rarr; <strong>1653</strong><br />(-25 for losing)
