|j|☆Mooch99
|j|☆Timmyyoo124
|player|p1|Mooch99|168|1370
|player|p2|Timmyyoo124|46|1320
|teamsize|p1|6
|teamsize|p2|6
|gametype|singles
|gen|8
|tier|[Gen 8] Ubers
|rated|
|clearpoke
|poke|p1|Dracovish|
|poke|p1|Mew|
|poke|p1|Centiskorch, M|
|poke|p1|Excadrill, F|
|poke|p1|Pyukumuku, M|
|poke|p1|Zacian-Crowned|
|poke|p2|Shuckle, M|
|poke|p2|Mr. Mime-Galar, M|
|poke|p2|Corsola-Galar, F|
|poke|p2|Toxapex, F|
|poke|p2|Jolteon, F|
|poke|p2|Eldegoss, F|
|rule|Sleep Clause Mod: Limit one foe put to sleep
|rule|Species Clause: Limit one of each Pokémon
|rule|OHKO Clause: OHKO moves are banned
|rule|Evasion Moves Clause: Evasion moves are banned
|rule|Endless Battle Clause: Forcing endless battles is banned
|rule|HP Percentage Mod: HP is shown in percentages
|teampreview
|inactive|Battle timer is ON: inactive players will automatically lose when time's up. (requested by Timmyyoo124)
|
|start
|switch|p1a: Mew|Mew|100/100
|switch|p2a: Corsola|Corsola-Galar, F, shiny|100/100
|turn|1
|
|move|p2a: Corsola|Stealth Rock|p1a: Mew
|-sidestart|p1: Mooch99|move: Stealth Rock
|move|p1a: Mew|Agility|p1a: Mew
|-boost|p1a: Mew|spe|2
|
|upkeep
|turn|2
|
|move|p2a: Corsola|Will-O-Wisp|p1a: Mew
|-status|p1a: Mew|brn
|-activate|p1a: Mew|ability: Synchronize
|-status|p2a: Corsola|brn
|move|p1a: Mew|Swords Dance|p1a: Mew
|-boost|p1a: Mew|atk|2
|
|-damage|p1a: Mew|94/100 brn|[from] brn
|-damage|p2a: Corsola|94/100 brn|[from] brn
|upkeep
|turn|3
|
|switch|p2a: Toxapex|Toxapex, F, shiny|100/100
|move|p1a: Mew|Swords Dance|p1a: Mew
|-boost|p1a: Mew|atk|2
|
|-damage|p1a: Mew|88/100 brn|[from] brn
|upkeep
|turn|4
|inactive|Mooch99 has 120 seconds left.
|
|move|p2a: Toxapex|Haze|p2a: Toxapex
|-clearallboost
|move|p1a: Mew|Baton Pass|p1a: Mew
|inactive|Mooch99 has 120 seconds left.
|c|☆Timmyyoo124|Lol
|
|switch|p1a: Centiskorch|Centiskorch, M, shiny|100/100|[from]move: Baton Pass
|
|upkeep
|turn|5
|
|move|p1a: Centiskorch|Coil|p1a: Centiskorch
|-boost|p1a: Centiskorch|atk|1
|-boost|p1a: Centiskorch|def|1
|-boost|p1a: Centiskorch|accuracy|1
|move|p2a: Toxapex|Scald|p1a: Centiskorch
|-supereffective|p1a: Centiskorch
|-damage|p1a: Centiskorch|70/100
|
|upkeep
|turn|6
|inactive|Mooch99 has 120 seconds left.
|
|-start|p1a: Centiskorch|Dynamax
|-formechange|p1a: Centiskorch|Centiskorch-Gmax
|-heal|p1a: Centiskorch|70/100|[silent]
|move|p1a: Centiskorch|G-Max Centiferno|p2a: Toxapex
|-resisted|p2a: Toxapex
|-damage|p2a: Toxapex|74/100
|-activate|p2a: Toxapex|move: G-Max Centiferno|[of] p1a: Centiskorch
|move|p2a: Toxapex|Haze|p2a: Toxapex
|-clearallboost
|
|-heal|p2a: Toxapex|80/100|[from] item: Black Sludge
|-damage|p2a: Toxapex|67/100|[from] move: G-Max Centiferno|[partiallytrapped]
|upkeep
|turn|7
|inactive|Mooch99 has 120 seconds left.
|
|move|p2a: Toxapex|Baneful Bunker|p2a: Toxapex
|-singleturn|p2a: Toxapex|move: Protect
|move|p1a: Centiskorch|Max Flutterby|p2a: Toxapex
|-resisted|p2a: Toxapex
|-zbroken|p2a: Toxapex
|-damage|p2a: Toxapex|63/100
|-unboost|p2a: Toxapex|spa|1
|
|-heal|p2a: Toxapex|69/100|[from] item: Black Sludge
|-damage|p2a: Toxapex|56/100|[from] move: G-Max Centiferno|[partiallytrapped]
|upkeep
|turn|8
|
|move|p1a: Centiskorch|Max Flutterby|p2a: Toxapex
|-resisted|p2a: Toxapex
|-damage|p2a: Toxapex|39/100
|-unboost|p2a: Toxapex|spa|1
|move|p2a: Toxapex|Recover|p2a: Toxapex
|-heal|p2a: Toxapex|89/100
|
|-heal|p2a: Toxapex|95/100|[from] item: Black Sludge
|-damage|p2a: Toxapex|82/100|[from] move: G-Max Centiferno|[partiallytrapped]
|-end|p1a: Centiskorch|Dynamax
|-formechange|p1a: Centiskorch|Centiskorch
|-heal|p1a: Centiskorch|70/100|[silent]
|upkeep
|turn|9
|
|move|p1a: Centiskorch|Fire Lash|p2a: Toxapex
|-resisted|p2a: Toxapex
|-damage|p2a: Toxapex|72/100
|-unboost|p2a: Toxapex|def|1
|move|p2a: Toxapex|Scald|p1a: Centiskorch
|-supereffective|p1a: Centiskorch
|-damage|p1a: Centiskorch|56/100
|
|-heal|p2a: Toxapex|78/100|[from] item: Black Sludge
|-damage|p2a: Toxapex|65/100|[from] move: G-Max Centiferno|[partiallytrapped]
|upkeep
|turn|10
|
|move|p1a: Centiskorch|Fire Lash|p2a: Toxapex
|-resisted|p2a: Toxapex
|-damage|p2a: Toxapex|47/100
|-unboost|p2a: Toxapex|def|1
|move|p2a: Toxapex|Haze|p2a: Toxapex
|-clearallboost
|
|-heal|p2a: Toxapex|53/100|[from] item: Black Sludge
|-damage|p2a: Toxapex|40/100|[from] move: G-Max Centiferno|[partiallytrapped]
|upkeep
|turn|11
|
|move|p1a: Centiskorch|Fire Lash|p2a: Toxapex
|-resisted|p2a: Toxapex
|-damage|p2a: Toxapex|29/100
|-unboost|p2a: Toxapex|def|1
|move|p2a: Toxapex|Recover|p2a: Toxapex
|-heal|p2a: Toxapex|79/100
|
|-heal|p2a: Toxapex|85/100|[from] item: Black Sludge
|-end|p2a: Toxapex|G-Max Centiferno|[partiallytrapped]
|upkeep
|turn|12
|
|move|p1a: Centiskorch|Fire Lash|p2a: Toxapex
|-resisted|p2a: Toxapex
|-damage|p2a: Toxapex|66/100
|-unboost|p2a: Toxapex|def|1
|move|p2a: Toxapex|Scald|p1a: Centiskorch
|-supereffective|p1a: Centiskorch
|-damage|p1a: Centiskorch|26/100
|
|-heal|p2a: Toxapex|73/100|[from] item: Black Sludge
|upkeep
|turn|13
|
|move|p1a: Centiskorch|Power Whip|p2a: Toxapex
|-damage|p2a: Toxapex|29/100
|move|p2a: Toxapex|Haze|p2a: Toxapex
|-clearallboost
|
|-heal|p2a: Toxapex|35/100|[from] item: Black Sludge
|upkeep
|turn|14
|
|move|p2a: Toxapex|Baneful Bunker|p2a: Toxapex
|-singleturn|p2a: Toxapex|move: Protect
|move|p1a: Centiskorch|Fire Lash|p2a: Toxapex
|-activate|p2a: Toxapex|move: Protect
|-status|p1a: Centiskorch|psn
|
|-heal|p2a: Toxapex|42/100|[from] item: Black Sludge
|-damage|p1a: Centiskorch|14/100 psn|[from] psn
|upkeep
|turn|15
|
|move|p1a: Centiskorch|Fire Lash|p2a: Toxapex
|-resisted|p2a: Toxapex
|-damage|p2a: Toxapex|30/100
|-unboost|p2a: Toxapex|def|1
|move|p2a: Toxapex|Recover|p2a: Toxapex
|-heal|p2a: Toxapex|80/100
|
|-heal|p2a: Toxapex|86/100|[from] item: Black Sludge
|-damage|p1a: Centiskorch|1/100 psn|[from] psn
|upkeep
|turn|16
|
|move|p1a: Centiskorch|Power Whip|p2a: Toxapex
|-damage|p2a: Toxapex|49/100
|move|p2a: Toxapex|Recover|p2a: Toxapex
|-heal|p2a: Toxapex|99/100
|
|-heal|p2a: Toxapex|100/100|[from] item: Black Sludge
|-damage|p1a: Centiskorch|0 fnt|[from] psn
|faint|p1a: Centiskorch
|upkeep
|
|switch|p1a: Zacian|Zacian-Crowned|100/100
|-damage|p1a: Zacian|94/100|[from] Stealth Rock
|-ability|p1a: Zacian|Intrepid Sword|boost
|-boost|p1a: Zacian|atk|1
|turn|17
|
|move|p1a: Zacian|Wild Charge|p2a: Toxapex
|-supereffective|p2a: Toxapex
|-crit|p2a: Toxapex
|-damage|p2a: Toxapex|0 fnt
|-damage|p1a: Zacian|71/100|[from] Recoil
|faint|p2a: Toxapex
|
|upkeep
|
|switch|p2a: Corsola|Corsola-Galar, F, shiny|94/100 brn
|turn|18
|
|switch|p1a: Pyukumuku|Pyukumuku, M, shiny|100/100
|-damage|p1a: Pyukumuku|88/100|[from] Stealth Rock
|move|p2a: Corsola|Strength Sap|p1a: Pyukumuku
|-unboost|p1a: Pyukumuku|atk|1
|-heal|p2a: Corsola|100/100 brn
|
|-heal|p1a: Pyukumuku|94/100|[from] item: Leftovers
|-damage|p2a: Corsola|94/100 brn|[from] brn
|upkeep
|turn|19
|
|move|p2a: Corsola|Will-O-Wisp|p1a: Pyukumuku
|-status|p1a: Pyukumuku|brn
|move|p1a: Pyukumuku|Taunt|p2a: Corsola
|-start|p2a: Corsola|move: Taunt
|
|-heal|p1a: Pyukumuku|99/100 brn|[from] item: Leftovers
|-damage|p2a: Corsola|88/100 brn|[from] brn
|-damage|p1a: Pyukumuku|94/100 brn|[from] brn
|upkeep
|turn|20
|
|move|p2a: Corsola|Hex|p1a: Pyukumuku
|-damage|p1a: Pyukumuku|64/100 brn
|move|p1a: Pyukumuku|Taunt||[still]
|-fail|p1a: Pyukumuku
|
|-heal|p1a: Pyukumuku|70/100 brn|[from] item: Leftovers
|-damage|p2a: Corsola|82/100 brn|[from] brn
|-damage|p1a: Pyukumuku|64/100 brn|[from] brn
|upkeep
|turn|21
|
|move|p2a: Corsola|Hex|p1a: Pyukumuku
|-damage|p1a: Pyukumuku|35/100 brn
|move|p1a: Pyukumuku|Recover|p1a: Pyukumuku
|-heal|p1a: Pyukumuku|85/100 brn
|
|-heal|p1a: Pyukumuku|92/100 brn|[from] item: Leftovers
|-damage|p2a: Corsola|76/100 brn|[from] brn
|-damage|p1a: Pyukumuku|85/100 brn|[from] brn
|upkeep
|turn|22
|
|move|p2a: Corsola|Hex|p1a: Pyukumuku
|-damage|p1a: Pyukumuku|56/100 brn
|move|p1a: Pyukumuku|Recover|p1a: Pyukumuku
|-heal|p1a: Pyukumuku|100/100 brn
|
|-damage|p2a: Corsola|70/100 brn|[from] brn
|-damage|p1a: Pyukumuku|94/100 brn|[from] brn
|-end|p2a: Corsola|move: Taunt
|upkeep
|turn|23
|
|move|p2a: Corsola|Strength Sap|p1a: Pyukumuku
|-unboost|p1a: Pyukumuku|atk|1
|-heal|p2a: Corsola|92/100 brn
|move|p1a: Pyukumuku|Taunt|p2a: Corsola
|-start|p2a: Corsola|move: Taunt
|
|-heal|p1a: Pyukumuku|100/100 brn|[from] item: Leftovers
|-damage|p2a: Corsola|86/100 brn|[from] brn
|-damage|p1a: Pyukumuku|94/100 brn|[from] brn
|upkeep
|turn|24
|
|switch|p2a: Jolteon|Jolteon, F|100/100
|move|p1a: Pyukumuku|Mirror Coat||[still]
|-fail|p1a: Pyukumuku
|
|-heal|p1a: Pyukumuku|100/100 brn|[from] item: Leftovers
|-damage|p1a: Pyukumuku|94/100 brn|[from] brn
|upkeep
|turn|25
|
|move|p2a: Jolteon|Volt Switch|p1a: Pyukumuku
|-supereffective|p1a: Pyukumuku
|-damage|p1a: Pyukumuku|16/100 brn
|
|switch|p2a: Mr. Mime|Mr. Mime-Galar, M, shiny|100/100|[from]move: Volt Switch
|move|p1a: Pyukumuku|Mirror Coat|p2a: Mr. Mime
|-damage|p2a: Mr. Mime|0 fnt
|faint|p2a: Mr. Mime
|
|-heal|p1a: Pyukumuku|22/100 brn|[from] item: Leftovers
|-damage|p1a: Pyukumuku|16/100 brn|[from] brn
|upkeep
|
|switch|p2a: Jolteon|Jolteon, F|100/100
|turn|26
|
|move|p2a: Jolteon|Shadow Ball|p1a: Pyukumuku
|-damage|p1a: Pyukumuku|0 fnt
|faint|p1a: Pyukumuku
|
|upkeep
|
|switch|p1a: Excadrill|Excadrill, F|100/100
|-damage|p1a: Excadrill|97/100|[from] Stealth Rock
|-ability|p1a: Excadrill|Mold Breaker
|turn|27
|
|switch|p2a: Eldegoss|Eldegoss, F, shiny|100/100
|move|p1a: Excadrill|Iron Head|p2a: Eldegoss
|-damage|p2a: Eldegoss|52/100
|
|-heal|p2a: Eldegoss|58/100|[from] item: Leftovers
|upkeep
|turn|28
|
|move|p1a: Excadrill|Iron Head|p2a: Eldegoss
|-damage|p2a: Eldegoss|11/100
|move|p2a: Eldegoss|Leech Seed|p1a: Excadrill
|-start|p1a: Excadrill|move: Leech Seed
|
|-heal|p2a: Eldegoss|17/100|[from] item: Leftovers
|-damage|p1a: Excadrill|85/100|[from] Leech Seed|[of] p2a: Eldegoss
|-heal|p2a: Eldegoss|31/100|[silent]
|upkeep
|turn|29
|
|switch|p2a: Corsola|Corsola-Galar, F, shiny|86/100 brn
|move|p1a: Excadrill|Iron Head|p2a: Corsola
|-damage|p2a: Corsola|55/100 brn
|-start|p1a: Excadrill|Disable|Iron Head|[from] ability: Cursed Body|[of] p2a: Corsola
|
|-damage|p1a: Excadrill|73/100|[from] Leech Seed|[of] p2a: Corsola
|-heal|p2a: Corsola|69/100 brn|[silent]
|-damage|p2a: Corsola|63/100 brn|[from] brn
|upkeep
|turn|30
|
|-activate|p1a: Excadrill|move: Struggle
|move|p1a: Excadrill|Struggle|p2a: Corsola
|-damage|p2a: Corsola|50/100 brn
|-damage|p1a: Excadrill|48/100|[from] recoil
|move|p2a: Corsola|Will-O-Wisp|p1a: Excadrill|[miss]
|-miss|p2a: Corsola|p1a: Excadrill
|
|-damage|p1a: Excadrill|35/100|[from] Leech Seed|[of] p2a: Corsola
|-heal|p2a: Corsola|64/100 brn|[silent]
|-damage|p2a: Corsola|58/100 brn|[from] brn
|upkeep
|turn|31
|
|switch|p1a: Mew|Mew|88/100 brn
|-damage|p1a: Mew|76/100 brn|[from] Stealth Rock
|move|p2a: Corsola|Strength Sap|p1a: Mew
|-unboost|p1a: Mew|atk|1
|-heal|p2a: Corsola|100/100 brn
|
|-damage|p1a: Mew|70/100 brn|[from] brn
|-damage|p2a: Corsola|94/100 brn|[from] brn
|upkeep
|turn|32
|
|move|p2a: Corsola|Hex|p1a: Mew
|-supereffective|p1a: Mew
|-damage|p1a: Mew|32/100 brn
|move|p1a: Mew|Agility|p1a: Mew
|-boost|p1a: Mew|spe|2
|
|-damage|p1a: Mew|26/100 brn|[from] brn
|-damage|p2a: Corsola|88/100 brn|[from] brn
|upkeep
|turn|33
|
|switch|p1a: Excadrill|Excadrill, F|35/100
|-damage|p1a: Excadrill|32/100|[from] Stealth Rock
|-ability|p1a: Excadrill|Mold Breaker
|move|p2a: Corsola|Hex|p1a: Excadrill
|-damage|p1a: Excadrill|11/100
|
|-damage|p2a: Corsola|82/100 brn|[from] brn
|upkeep
|turn|34
|
|move|p1a: Excadrill|Iron Head|p2a: Corsola
|-damage|p2a: Corsola|52/100 brn
|move|p2a: Corsola|Strength Sap|p1a: Excadrill
|-unboost|p1a: Excadrill|atk|1
|-heal|p2a: Corsola|100/100 brn
|
|-damage|p2a: Corsola|94/100 brn|[from] brn
|upkeep
|turn|35
|
|move|p1a: Excadrill|Iron Head|p2a: Corsola
|-damage|p2a: Corsola|75/100 brn
|-start|p1a: Excadrill|Disable|Iron Head|[from] ability: Cursed Body|[of] p2a: Corsola
|move|p2a: Corsola|Hex|p1a: Excadrill
|-damage|p1a: Excadrill|0 fnt
|faint|p1a: Excadrill
|
|-damage|p2a: Corsola|68/100 brn|[from] brn
|upkeep
|
|switch|p1a: Dracovish|Dracovish, shiny|100/100
|-damage|p1a: Dracovish|88/100|[from] Stealth Rock
|turn|36
|
|move|p1a: Dracovish|Fishious Rend|p2a: Corsola
|-damage|p2a: Corsola|0 fnt
|faint|p2a: Corsola
|
|upkeep
|
|switch|p2a: Eldegoss|Eldegoss, F, shiny|64/100
|turn|37
|
|move|p1a: Dracovish|Fishious Rend|p2a: Eldegoss
|-resisted|p2a: Eldegoss
|-damage|p2a: Eldegoss|0 fnt
|faint|p2a: Eldegoss
|
|upkeep
|
|switch|p2a: Jolteon|Jolteon, F|100/100
|turn|38
|
|switch|p1a: Mew|Mew|26/100 brn
|-damage|p1a: Mew|13/100 brn|[from] Stealth Rock
|move|p2a: Jolteon|Volt Switch|p1a: Mew
|-crit|p1a: Mew
|-damage|p1a: Mew|0 fnt
|faint|p1a: Mew
|
|switch|p2a: Shuckle|Shuckle, M, shiny|100/100|[from]move: Volt Switch
|
|upkeep
|
|switch|p1a: Dracovish|Dracovish, shiny|88/100
|-damage|p1a: Dracovish|76/100|[from] Stealth Rock
|turn|39
|
|move|p1a: Dracovish|Fishious Rend|p2a: Shuckle
|-supereffective|p2a: Shuckle
|-ability|p2a: Shuckle|Sturdy
|-damage|p2a: Shuckle|1/100
|move|p2a: Shuckle|Knock Off|p1a: Dracovish
|-damage|p1a: Dracovish|70/100
|-enditem|p1a: Dracovish|Choice Band|[from] move: Knock Off|[of] p2a: Shuckle
|
|upkeep
|turn|40
|
|move|p1a: Dracovish|Fishious Rend|p2a: Shuckle
|-supereffective|p2a: Shuckle
|-damage|p2a: Shuckle|0 fnt
|faint|p2a: Shuckle
|
|upkeep
|
|switch|p2a: Jolteon|Jolteon, F|100/100
|turn|41
|
|move|p2a: Jolteon|Thunderbolt|p1a: Dracovish
|-damage|p1a: Dracovish|0 fnt
|faint|p1a: Dracovish
|
|upkeep
|
|switch|p1a: Zacian|Zacian-Crowned|71/100
|-damage|p1a: Zacian|65/100|[from] Stealth Rock
|-ability|p1a: Zacian|Intrepid Sword|boost
|-boost|p1a: Zacian|atk|1
|turn|42
|inactive|Mooch99 has 120 seconds left.
|
|-start|p2a: Jolteon|Dynamax
|-heal|p2a: Jolteon|100/100|[silent]
|move|p1a: Zacian|Behemoth Blade|p2a: Jolteon
|-resisted|p2a: Jolteon
|-damage|p2a: Jolteon|16/100
|move|p2a: Jolteon|Max Lightning|p1a: Zacian
|-damage|p1a: Zacian|9/100
|-fieldstart|move: Electric Terrain
|
|upkeep
|turn|43
|
|move|p2a: Jolteon|Max Guard|p2a: Jolteon
|-singleturn|p2a: Jolteon|Max Guard
|move|p1a: Zacian|Behemoth Blade|p2a: Jolteon
|-activate|p2a: Jolteon|move: Max Guard
|
|upkeep
|turn|44
|
|move|p1a: Zacian|Behemoth Blade|p2a: Jolteon
|-resisted|p2a: Jolteon
|-damage|p2a: Jolteon|0 fnt
|faint|p2a: Jolteon
|
|win|Mooch99
|l|☆Timmyyoo124
|raw|Mooch99's rating: 1370 &rarr; <strong>1387</strong><br />(+17 for winning)
|raw|Timmyyoo124's rating: 1320 &rarr; <strong>1303</strong><br />(-17 for losing)
