|j|☆Chunkomucho
|j|☆Tamlamb
|player|p1|Chunkomucho|erika|
|player|p2|Tamlamb|102|
|teamsize|p1|6
|teamsize|p2|6
|gametype|singles
|gen|8
|tier|[Gen 8] Ubers
|clearpoke
|poke|p1|Hatterene, F|
|poke|p1|Dracovish|
|poke|p1|Eternatus|
|poke|p1|Corviknight, M|
|poke|p1|Toxapex, M|
|poke|p1|Mandibuzz, F|
|poke|p2|Whimsicott, M|
|poke|p2|Dracovish|
|poke|p2|Alcremie, F|
|poke|p2|Mimikyu, M|
|poke|p2|Dragapult, M|
|poke|p2|Seismitoad, M|
|rule|Sleep Clause Mod: Limit one foe put to sleep
|rule|Species Clause: Limit one of each Pokémon
|rule|OHKO Clause: OHKO moves are banned
|rule|Evasion Moves Clause: Evasion moves are banned
|rule|Endless Battle Clause: Forcing endless battles is banned
|rule|HP Percentage Mod: HP is shown in percentages
|html|Ubers Dynamax Clause: Pokémon on the <a href="https://www.smogon.com/dex/ss/formats/uber/">Ubers Dynamax Banlist</a> cannot Dynamax.
|teampreview
|inactive|Battle timer is ON: inactive players will automatically lose when time's up. (requested by Chunkomucho)
|
|start
|switch|p1a: Corviknight|Corviknight, M|100/100
|switch|p2a: Whimsicott|Whimsicott, M|100/100
|-ability|p1a: Corviknight|Pressure
|turn|1
|
|move|p2a: Whimsicott|Tailwind|p2a: Whimsicott
|-sidestart|p2: Tamlamb|move: Tailwind
|move|p1a: Corviknight|U-turn|p2a: Whimsicott
|-damage|p2a: Whimsicott|89/100
|
|switch|p1a: Himiko|Hatterene, F, shiny|100/100|[from]move: U-turn
|
|upkeep
|turn|2
|
|move|p2a: Whimsicott|Leech Seed|p1a: Himiko
|move|p1a: Himiko|Leech Seed|p2a: Whimsicott|[from]Magic Bounce
|-immune|p2a: Whimsicott
|move|p1a: Himiko|Trick Room|p1a: Himiko
|-fieldstart|move: Trick Room|[of] p1a: Himiko
|
|upkeep
|turn|3
|
|move|p1a: Himiko|Mystical Fire|p2a: Whimsicott
|-supereffective|p2a: Whimsicott
|-damage|p2a: Whimsicott|0 fnt
|-damage|p1a: Himiko|91/100|[from] item: Life Orb
|faint|p2a: Whimsicott
|
|upkeep
|
|switch|p2a: Mimikyu|Mimikyu, M|100/100
|turn|4
|
|switch|p1a: Corviknight|Corviknight, M|100/100
|-ability|p1a: Corviknight|Pressure
|move|p2a: Mimikyu|Swords Dance|p2a: Mimikyu
|-boost|p2a: Mimikyu|atk|2
|
|-sideend|p2: Tamlamb|move: Tailwind
|upkeep
|turn|5
|
|move|p1a: Corviknight|U-turn|p2a: Mimikyu
|-activate|p2a: Mimikyu|ability: Disguise
|-damage|p2a: Mimikyu|100/100
|detailschange|p2a: Mimikyu|Mimikyu-Busted, M
|-damage|p2a: Mimikyu|88/100|[from] pokemon: Mimikyu-Busted
|
|switch|p1a: Mandibuzz|Mandibuzz, F|100/100|[from]move: U-turn
|move|p2a: Mimikyu|Shadow Claw|p1a: Mandibuzz
|-resisted|p1a: Mandibuzz
|-damage|p1a: Mandibuzz|78/100
|-damage|p2a: Mimikyu|78/100|[from] item: Life Orb
|
|upkeep
|turn|6
|
|move|p1a: Mandibuzz|Knock Off|p2a: Mimikyu
|-damage|p2a: Mimikyu|44/100
|-enditem|p2a: Mimikyu|Life Orb|[from] move: Knock Off|[of] p1a: Mandibuzz
|move|p2a: Mimikyu|Play Rough|p1a: Mandibuzz
|-supereffective|p1a: Mandibuzz
|-damage|p1a: Mandibuzz|0 fnt
|faint|p1a: Mandibuzz
|
|-fieldend|move: Trick Room
|upkeep
|
|switch|p1a: Eternatus|Eternatus|100/100
|-ability|p1a: Eternatus|Pressure
|turn|7
|
|move|p1a: Eternatus|Agility|p1a: Eternatus
|-boost|p1a: Eternatus|spe|2
|move|p2a: Mimikyu|Play Rough|p1a: Eternatus
|-damage|p1a: Eternatus|56/100
|
|upkeep
|turn|8
|
|move|p1a: Eternatus|Recover|p1a: Eternatus
|-heal|p1a: Eternatus|100/100
|move|p2a: Mimikyu|Play Rough|p1a: Eternatus
|-damage|p1a: Eternatus|55/100
|
|upkeep
|turn|9
|
|move|p1a: Eternatus|Flamethrower|p2a: Mimikyu
|-damage|p2a: Mimikyu|0 fnt
|-damage|p1a: Eternatus|46/100|[from] item: Life Orb
|faint|p2a: Mimikyu
|
|upkeep
|
|switch|p2a: Toad|Seismitoad, M|100/100
|turn|10
|
|move|p1a: Eternatus|Recover|p1a: Eternatus
|-heal|p1a: Eternatus|96/100
|move|p2a: Toad|Grass Knot|p1a: Eternatus
|-resisted|p1a: Eternatus
|-damage|p1a: Eternatus|89/100
|
|upkeep
|turn|11
|
|move|p1a: Eternatus|Dynamax Cannon|p2a: Toad
|-damage|p2a: Toad|0 fnt
|-damage|p1a: Eternatus|79/100|[from] item: Life Orb
|faint|p2a: Toad
|
|upkeep
|
|switch|p2a: Cream|Alcremie, F|100/100
|turn|12
|
|-start|p2a: Cream|Dynamax
|-formechange|p2a: Cream|Alcremie-Gmax
|-heal|p2a: Cream|100/100|[silent]
|move|p1a: Eternatus|Flamethrower|p2a: Cream
|-damage|p2a: Cream|86/100
|-damage|p1a: Eternatus|69/100|[from] item: Life Orb
|move|p2a: Cream|G-Max Finale|p1a: Eternatus
|-damage|p1a: Eternatus|28/100
|-heal|p2a: Cream|100/100
|
|upkeep
|turn|13
|
|move|p1a: Eternatus|Recover|p1a: Eternatus
|-heal|p1a: Eternatus|78/100
|move|p2a: Cream|G-Max Finale|p1a: Eternatus
|-damage|p1a: Eternatus|38/100
|
|upkeep
|turn|14
|
|move|p1a: Eternatus|Recover|p1a: Eternatus
|-heal|p1a: Eternatus|88/100
|move|p2a: Cream|G-Max Finale|p1a: Eternatus
|-damage|p1a: Eternatus|46/100
|
|-end|p2a: Cream|Dynamax
|-formechange|p2a: Cream|Alcremie
|-heal|p2a: Cream|100/100|[silent]
|upkeep
|turn|15
|
|move|p1a: Eternatus|Recover|p1a: Eternatus
|-heal|p1a: Eternatus|96/100
|move|p2a: Cream|Dazzling Gleam|p1a: Eternatus
|-damage|p1a: Eternatus|72/100
|
|upkeep
|turn|16
|
|move|p1a: Eternatus|Flamethrower|p2a: Cream
|-damage|p2a: Cream|67/100
|-damage|p1a: Eternatus|62/100|[from] item: Life Orb
|move|p2a: Cream|Dazzling Gleam|p1a: Eternatus
|-damage|p1a: Eternatus|35/100
|
|-heal|p2a: Cream|73/100|[from] item: Leftovers
|upkeep
|turn|17
|
|move|p1a: Eternatus|Recover|p1a: Eternatus
|-heal|p1a: Eternatus|85/100
|move|p2a: Cream|Dazzling Gleam|p1a: Eternatus
|-damage|p1a: Eternatus|59/100
|
|-heal|p2a: Cream|79/100|[from] item: Leftovers
|upkeep
|turn|18
|
|move|p1a: Eternatus|Flamethrower|p2a: Cream
|-damage|p2a: Cream|48/100
|-damage|p1a: Eternatus|49/100|[from] item: Life Orb
|move|p2a: Cream|Dazzling Gleam|p1a: Eternatus
|-damage|p1a: Eternatus|23/100
|
|-heal|p2a: Cream|54/100|[from] item: Leftovers
|upkeep
|turn|19
|
|switch|p1a: Corviknight|Corviknight, M|100/100
|-ability|p1a: Corviknight|Pressure
|move|p2a: Cream|Recover|p2a: Cream
|-heal|p2a: Cream|100/100
|
|upkeep
|turn|20
|
|switch|p2a: Dragapult|Dragapult, M|100/100
|move|p1a: Corviknight|U-turn|p2a: Dragapult
|-resisted|p2a: Dragapult
|-damage|p2a: Dragapult|90/100
|
|switch|p1a: Toxapex|Toxapex, M|100/100|[from]move: U-turn
|
|upkeep
|turn|21
|
|move|p2a: Dragapult|Dragon Darts|p1a: Toxapex
|-damage|p1a: Toxapex|85/100
|-anim|p2a: Dragapult|Dragon Darts|p1a: Toxapex
|-damage|p1a: Toxapex|69/100
|move|p1a: Toxapex|Knock Off|p2a: Dragapult
|-supereffective|p2a: Dragapult
|-damage|p2a: Dragapult|52/100
|-enditem|p2a: Dragapult|Power Herb|[from] move: Knock Off|[of] p1a: Toxapex
|
|upkeep
|turn|22
|
|move|p2a: Dragapult|U-turn|p1a: Toxapex
|-resisted|p1a: Toxapex
|-damage|p1a: Toxapex|62/100
|
|switch|p2a: Cream|Alcremie, F|100/100|[from]move: U-turn
|move|p1a: Toxapex|Recover|p1a: Toxapex
|-heal|p1a: Toxapex|100/100
|
|upkeep
|turn|23
|
|move|p2a: Cream|Calm Mind|p2a: Cream
|-boost|p2a: Cream|spa|1
|-boost|p2a: Cream|spd|1
|move|p1a: Toxapex|Knock Off|p2a: Cream
|-resisted|p2a: Cream
|-damage|p2a: Cream|92/100
|-enditem|p2a: Cream|Leftovers|[from] move: Knock Off|[of] p1a: Toxapex
|
|upkeep
|turn|24
|
|move|p2a: Cream|Dazzling Gleam|p1a: Toxapex
|-resisted|p1a: Toxapex
|-damage|p1a: Toxapex|82/100
|move|p1a: Toxapex|Haze|p1a: Toxapex
|-clearallboost
|
|upkeep
|turn|25
|
|move|p2a: Cream|Mystical Fire|p1a: Toxapex
|-resisted|p1a: Toxapex
|-damage|p1a: Toxapex|73/100
|-unboost|p1a: Toxapex|spa|1
|move|p1a: Toxapex|Scald|p2a: Cream
|-damage|p2a: Cream|85/100
|-status|p2a: Cream|brn
|
|-damage|p2a: Cream|79/100 brn|[from] brn
|upkeep
|turn|26
|
|move|p2a: Cream|Mystical Fire|p1a: Toxapex
|-resisted|p1a: Toxapex
|-damage|p1a: Toxapex|66/100
|-unboost|p1a: Toxapex|spa|1
|move|p1a: Toxapex|Scald|p2a: Cream
|-crit|p2a: Cream
|-damage|p2a: Cream|64/100 brn
|
|-damage|p2a: Cream|58/100 brn|[from] brn
|upkeep
|turn|27
|
|move|p2a: Cream|Mystical Fire|p1a: Toxapex
|-resisted|p1a: Toxapex
|-crit|p1a: Toxapex
|-damage|p1a: Toxapex|55/100
|-unboost|p1a: Toxapex|spa|1
|move|p1a: Toxapex|Scald|p2a: Cream
|-damage|p2a: Cream|53/100 brn
|
|-damage|p2a: Cream|48/100 brn|[from] brn
|upkeep
|turn|28
|
|switch|p1a: Dracovish|Dracovish|100/100
|move|p2a: Cream|Mystical Fire|p1a: Dracovish
|-resisted|p1a: Dracovish
|-damage|p1a: Dracovish|95/100
|-unboost|p1a: Dracovish|spa|1
|
|-damage|p2a: Cream|42/100 brn|[from] brn
|upkeep
|turn|29
|
|move|p1a: Dracovish|Fishious Rend|p2a: Cream
|-damage|p2a: Cream|0 fnt
|faint|p2a: Cream
|
|upkeep
|
|switch|p2a: Dragapult|Dragapult, M|52/100
|turn|30
|
|switch|p1a: Corviknight|Corviknight, M|100/100
|-ability|p1a: Corviknight|Pressure
|move|p2a: Dragapult|Dragon Darts|p1a: Corviknight
|-resisted|p1a: Corviknight
|-damage|p1a: Corviknight|93/100
|-anim|p2a: Dragapult|Dragon Darts|p1a: Corviknight
|-resisted|p1a: Corviknight
|-damage|p1a: Corviknight|85/100
|
|upkeep
|turn|31
|
|move|p2a: Dragapult|Fire Blast|p1a: Corviknight
|-supereffective|p1a: Corviknight
|-damage|p1a: Corviknight|39/100
|move|p1a: Corviknight|U-turn|p2a: Dragapult
|-resisted|p2a: Dragapult
|-damage|p2a: Dragapult|43/100
|
|switch|p1a: Himiko|Hatterene, F, shiny|91/100|[from]move: U-turn
|
|upkeep
|turn|32
|
|move|p2a: Dragapult|U-turn|p1a: Himiko
|-damage|p1a: Himiko|65/100
|
|switch|p2a: Vish|Dracovish|100/100|[from]move: U-turn
|move|p1a: Himiko|Trick Room|p1a: Himiko
|-fieldstart|move: Trick Room|[of] p1a: Himiko
|
|upkeep
|turn|33
|
|-start|p1a: Himiko|Dynamax
|-formechange|p1a: Himiko|Hatterene-Gmax
|-heal|p1a: Himiko|65/100|[silent]
|move|p1a: Himiko|G-Max Smite|p2a: Vish
|-supereffective|p2a: Vish
|-damage|p2a: Vish|0 fnt
|-damage|p1a: Himiko|60/100|[from] item: Life Orb
|faint|p2a: Vish
|
|upkeep
|
|switch|p2a: Dragapult|Dragapult, M|43/100
|turn|34
|
|move|p1a: Himiko|G-Max Smite|p2a: Dragapult
|-supereffective|p2a: Dragapult
|-damage|p2a: Dragapult|0 fnt
|-damage|p1a: Himiko|56/100|[from] item: Life Orb
|faint|p2a: Dragapult
|
|win|Chunkomucho
|c|☆Chunkomucho|Gg
