|j|☆BugGoBrrrrrr
|j|☆The Carkol Rider
|t:|1662054650
|gametype|singles
|player|p1|BugGoBrrrrrr|bugsy|1525
|player|p2|The Carkol Rider|grimsley|1455
|teamsize|p1|6
|teamsize|p2|6
|gen|8
|tier|[Gen 8] Ubers
|rated|
|rule|Sleep Clause Mod: Limit one foe put to sleep
|rule|Species Clause: Limit one of each Pokémon
|rule|OHKO Clause: OHKO moves are banned
|rule|Evasion Items Clause: Evasion items are banned
|rule|Evasion Moves Clause: Evasion moves are banned
|rule|Endless Battle Clause: Forcing endless battles is banned
|rule|HP Percentage Mod: HP is shown in percentages
|rule|Dynamax Clause: You cannot dynamax
|clearpoke
|poke|p1|Yveltal|
|poke|p1|Tyranitar, F|
|poke|p1|Necrozma-Dusk-Mane|
|poke|p1|Lunala|
|poke|p1|Calyrex-Shadow|
|poke|p1|Eternatus|
|poke|p2|Marshadow|
|poke|p2|Landorus-Therian, M|
|poke|p2|Kyogre|
|poke|p2|Necrozma-Dusk-Mane|
|poke|p2|Eternatus|
|poke|p2|Yveltal|
|teampreview
|inactive|Battle timer is ON: inactive players will automatically lose when time's up. (requested by BugGoBrrrrrr)
|c|☆BugGoBrrrrrr|Glhf
|c|☆The Carkol Rider|u2
|
|t:|1662054668
|start
|switch|p1a: Yveltal|Yveltal|100/100
|switch|p2a: Kyogre|Kyogre|100/100
|-ability|p1a: Yveltal|Dark Aura
|-weather|RainDance|[from] ability: Drizzle|[of] p2a: Kyogre
|turn|1
|inactive|BugGoBrrrrrr has 120 seconds left.
|
|t:|1662054699
|switch|p1a: Eternatus|Eternatus|100/100
|-ability|p1a: Eternatus|Pressure
|switch|p2a: Eternatus|Eternatus|100/100
|-ability|p2a: Eternatus|Pressure
|
|-weather|RainDance|[upkeep]
|upkeep
|turn|2
|
|t:|1662054703
|switch|p1a: Necrozma|Necrozma-Dusk-Mane|100/100
|switch|p2a: Necrozma|Necrozma-Dusk-Mane|100/100
|
|-weather|RainDance|[upkeep]
|upkeep
|turn|3
|
|t:|1662054707
|switch|p2a: Landorus|Landorus-Therian, M|100/100
|-ability|p2a: Landorus|Intimidate|boost
|-unboost|p1a: Necrozma|atk|1
|switch|p1a: Yveltal|Yveltal|100/100
|-ability|p1a: Yveltal|Dark Aura
|
|-weather|RainDance|[upkeep]
|upkeep
|turn|4
|
|t:|1662054709
|move|p1a: Yveltal|Knock Off|p2a: Landorus
|-damage|p2a: Landorus|18/100
|-enditem|p2a: Landorus|Leftovers|[from] move: Knock Off|[of] p1a: Yveltal
|move|p2a: Landorus|Toxic|p1a: Yveltal
|-status|p1a: Yveltal|tox
|
|-weather|RainDance|[upkeep]
|-damage|p1a: Yveltal|94/100 tox|[from] psn
|upkeep
|turn|5
|
|t:|1662054714
|switch|p2a: Eternatus|Eternatus|100/100
|-ability|p2a: Eternatus|Pressure
|move|p1a: Yveltal|Knock Off|p2a: Eternatus
|-damage|p2a: Eternatus|21/100
|-enditem|p2a: Eternatus|Heavy-Duty Boots|[from] move: Knock Off|[of] p1a: Yveltal
|
|-weather|none
|-damage|p1a: Yveltal|82/100 tox|[from] psn
|upkeep
|turn|6
|
|t:|1662054717
|switch|p1a: Calyrex|Calyrex-Shadow|100/100
|-ability|p1a: Calyrex|As One
|-ability|p1a: Calyrex|Unnerve
|move|p2a: Eternatus|Recover|p2a: Eternatus
|-heal|p2a: Eternatus|71/100
|
|upkeep
|turn|7
|
|t:|1662054722
|switch|p1a: Tyranitar|Tyranitar, F|100/100
|-weather|Sandstorm|[from] ability: Sand Stream|[of] p1a: Tyranitar
|switch|p2a: Yveltal|Yveltal|100/100
|-ability|p2a: Yveltal|Dark Aura
|
|-weather|Sandstorm|[upkeep]
|-damage|p2a: Yveltal|94/100|[from] Sandstorm
|upkeep
|turn|8
|
|t:|1662054727
|move|p2a: Yveltal|U-turn|p1a: Tyranitar
|-supereffective|p1a: Tyranitar
|-damage|p1a: Tyranitar|67/100
|
|t:|1662054730
|switch|p2a: Landorus|Landorus-Therian, M|18/100|[from]move: U-turn
|-ability|p2a: Landorus|Intimidate|boost
|-unboost|p1a: Tyranitar|atk|1
|move|p1a: Tyranitar|Foul Play|p2a: Landorus
|-damage|p2a: Landorus|0 fnt
|faint|p2a: Landorus
|
|-weather|Sandstorm|[upkeep]
|upkeep
|
|t:|1662054733
|switch|p2a: Kyogre|Kyogre|100/100
|-weather|RainDance|[from] ability: Drizzle|[of] p2a: Kyogre
|turn|9
|j| abraz.bashar
|
|t:|1662054737
|switch|p1a: Eternatus|Eternatus|100/100
|-ability|p1a: Eternatus|Pressure
|move|p2a: Kyogre|Calm Mind|p2a: Kyogre
|-boost|p2a: Kyogre|spa|1
|-boost|p2a: Kyogre|spd|1
|
|-weather|RainDance|[upkeep]
|upkeep
|turn|10
|
|t:|1662054746
|move|p1a: Eternatus|Toxic|p2a: Kyogre
|-status|p2a: Kyogre|tox
|move|p2a: Kyogre|Ice Beam|p1a: Eternatus
|-supereffective|p1a: Eternatus
|-damage|p1a: Eternatus|34/100
|-status|p1a: Eternatus|frz
|
|-weather|RainDance|[upkeep]
|-damage|p2a: Kyogre|94/100 tox|[from] psn
|upkeep
|turn|11
|
|t:|1662054750
|cant|p1a: Eternatus|frz
|move|p2a: Kyogre|Origin Pulse|p1a: Eternatus
|-resisted|p1a: Eternatus
|-damage|p1a: Eternatus|0 fnt
|faint|p1a: Eternatus
|
|-weather|RainDance|[upkeep]
|-heal|p2a: Kyogre|100/100 tox|[from] item: Leftovers
|-damage|p2a: Kyogre|88/100 tox|[from] psn
|upkeep
|
|t:|1662054753
|switch|p1a: Yveltal|Yveltal|82/100 tox
|-ability|p1a: Yveltal|Dark Aura
|turn|12
|
|t:|1662054759
|switch|p2a: Eternatus|Eternatus|71/100
|-ability|p2a: Eternatus|Pressure
|move|p1a: Yveltal|Knock Off|p2a: Eternatus
|-damage|p2a: Eternatus|15/100
|
|-weather|RainDance|[upkeep]
|-damage|p1a: Yveltal|76/100 tox|[from] psn
|upkeep
|turn|13
|
|t:|1662054762
|switch|p1a: Calyrex|Calyrex-Shadow|100/100
|-ability|p1a: Calyrex|As One
|-ability|p1a: Calyrex|Unnerve
|move|p2a: Eternatus|Recover|p2a: Eternatus
|-heal|p2a: Eternatus|65/100
|
|-weather|none
|upkeep
|turn|14
|
|t:|1662054769
|move|p1a: Calyrex|Astral Barrage|p2a: Eternatus
|-damage|p2a: Eternatus|20/100
|move|p2a: Eternatus|Toxic|p1a: Calyrex
|-status|p1a: Calyrex|tox
|
|-damage|p1a: Calyrex|94/100 tox|[from] psn
|upkeep
|turn|15
|
|t:|1662054774
|switch|p1a: Necrozma|Necrozma-Dusk-Mane|100/100
|switch|p2a: Yveltal|Yveltal|94/100
|-ability|p2a: Yveltal|Dark Aura
|
|upkeep
|turn|16
|
|t:|1662054780
|move|p2a: Yveltal|Knock Off|p1a: Necrozma
|-supereffective|p1a: Necrozma
|-damage|p1a: Necrozma|38/100
|-enditem|p1a: Necrozma|Weakness Policy
|-boost|p1a: Necrozma|atk|2|[from] item: Weakness Policy
|-boost|p1a: Necrozma|spa|2|[from] item: Weakness Policy
|move|p1a: Necrozma|Sunsteel Strike|p2a: Yveltal
|-damage|p2a: Yveltal|0 fnt
|faint|p2a: Yveltal
|
|upkeep
|
|t:|1662054783
|switch|p2a: Marshadow|Marshadow|100/100
|turn|17
|
|t:|1662054789
|switch|p1a: Tyranitar|Tyranitar, F|67/100
|-weather|Sandstorm|[from] ability: Sand Stream|[of] p1a: Tyranitar
|move|p2a: Marshadow|Spectral Thief|p1a: Tyranitar
|-resisted|p1a: Tyranitar
|-damage|p1a: Tyranitar|42/100
|-damage|p2a: Marshadow|91/100|[from] item: Life Orb
|
|-weather|Sandstorm|[upkeep]
|-damage|p2a: Marshadow|84/100|[from] Sandstorm
|upkeep
|turn|18
|
|t:|1662054792
|switch|p1a: Necrozma|Necrozma-Dusk-Mane|38/100
|move|p2a: Marshadow|Low Kick|p1a: Necrozma
|-crit|p1a: Necrozma
|-damage|p1a: Necrozma|0 fnt
|faint|p1a: Necrozma
|-damage|p2a: Marshadow|74/100|[from] item: Life Orb
|
|-weather|Sandstorm|[upkeep]
|-damage|p2a: Marshadow|68/100|[from] Sandstorm
|upkeep
|
|t:|1662054796
|switch|p1a: Yveltal|Yveltal|76/100 tox
|-ability|p1a: Yveltal|Dark Aura
|turn|19
|
|t:|1662054799
|move|p2a: Marshadow|Low Kick|p1a: Yveltal
|-damage|p1a: Yveltal|0 fnt
|faint|p1a: Yveltal
|-damage|p2a: Marshadow|58/100|[from] item: Life Orb
|
|-weather|Sandstorm|[upkeep]
|-damage|p2a: Marshadow|52/100|[from] Sandstorm
|upkeep
|
|t:|1662054805
|switch|p1a: Lunala|Lunala|100/100
|turn|20
|
|t:|1662054808
|switch|p2a: Eternatus|Eternatus|20/100
|-ability|p2a: Eternatus|Pressure
|move|p1a: Lunala|Will-O-Wisp|p2a: Eternatus
|-status|p2a: Eternatus|brn
|
|-weather|Sandstorm|[upkeep]
|-damage|p2a: Eternatus|14/100 brn|[from] Sandstorm
|-damage|p1a: Lunala|94/100|[from] Sandstorm
|-damage|p2a: Eternatus|8/100 brn|[from] brn
|upkeep
|turn|21
|
|t:|1662054811
|move|p2a: Eternatus|Recover|p2a: Eternatus
|-heal|p2a: Eternatus|58/100 brn
|move|p1a: Lunala|Roost|p1a: Lunala
|-heal|p1a: Lunala|100/100
|-singleturn|p1a: Lunala|move: Roost
|
|-weather|none
|-damage|p2a: Eternatus|52/100 brn|[from] brn
|upkeep
|turn|22
|
|t:|1662054814
|switch|p1a: Calyrex|Calyrex-Shadow|94/100 tox
|-ability|p1a: Calyrex|As One
|-ability|p1a: Calyrex|Unnerve
|move|p2a: Eternatus|Toxic|p1a: Calyrex
|-fail|p1a: Calyrex|tox
|
|-damage|p1a: Calyrex|88/100 tox|[from] psn
|-damage|p2a: Eternatus|46/100 brn|[from] brn
|upkeep
|turn|23
|
|t:|1662054819
|switch|p2a: Kyogre|Kyogre|88/100 tox
|-weather|RainDance|[from] ability: Drizzle|[of] p2a: Kyogre
|move|p1a: Calyrex|Astral Barrage|p2a: Kyogre
|-damage|p2a: Kyogre|41/100 tox
|
|-weather|RainDance|[upkeep]
|-heal|p2a: Kyogre|47/100 tox|[from] item: Leftovers
|-damage|p1a: Calyrex|76/100 tox|[from] psn
|-damage|p2a: Kyogre|41/100 tox|[from] psn
|upkeep
|turn|24
|
|t:|1662054821
|move|p1a: Calyrex|Astral Barrage|p2a: Kyogre
|-damage|p2a: Kyogre|0 fnt
|faint|p2a: Kyogre
|-ability|p1a: Calyrex|Grim Neigh|boost
|-boost|p1a: Calyrex|spa|1
|
|-weather|RainDance|[upkeep]
|-damage|p1a: Calyrex|57/100 tox|[from] psn
|upkeep
|
|t:|1662054823
|switch|p2a: Marshadow|Marshadow|52/100
|turn|25
|
|t:|1662054826
|move|p2a: Marshadow|Shadow Sneak|p1a: Calyrex
|-supereffective|p1a: Calyrex
|-damage|p1a: Calyrex|0 fnt
|faint|p1a: Calyrex
|-damage|p2a: Marshadow|42/100|[from] item: Life Orb
|
|-weather|RainDance|[upkeep]
|upkeep
|
|t:|1662054827
|switch|p1a: Lunala|Lunala|100/100
|turn|26
|
|t:|1662054832
|move|p2a: Marshadow|Spectral Thief|p1a: Lunala
|-supereffective|p1a: Lunala
|-damage|p1a: Lunala|3/100
|-damage|p2a: Marshadow|32/100|[from] item: Life Orb
|move|p1a: Lunala|Ice Beam|p2a: Marshadow
|-damage|p2a: Marshadow|0 fnt
|faint|p2a: Marshadow
|
|-weather|RainDance|[upkeep]
|upkeep
|
|t:|1662054835
|switch|p2a: Eternatus|Eternatus|46/100 brn
|-ability|p2a: Eternatus|Pressure
|turn|27
|
|t:|1662054840
|switch|p1a: Tyranitar|Tyranitar, F|42/100
|-weather|Sandstorm|[from] ability: Sand Stream|[of] p1a: Tyranitar
|move|p2a: Eternatus|Dynamax Cannon|p1a: Tyranitar
|-damage|p1a: Tyranitar|22/100
|
|-weather|Sandstorm|[upkeep]
|-damage|p2a: Eternatus|40/100 brn|[from] Sandstorm
|-damage|p2a: Eternatus|34/100 brn|[from] brn
|upkeep
|turn|28
|
|t:|1662054844
|move|p2a: Eternatus|Dynamax Cannon|p1a: Tyranitar
|-damage|p1a: Tyranitar|4/100
|move|p1a: Tyranitar|Rest|p1a: Tyranitar
|-status|p1a: Tyranitar|slp|[from] move: Rest
|-heal|p1a: Tyranitar|100/100 slp|[silent]
|
|-weather|Sandstorm|[upkeep]
|-damage|p2a: Eternatus|28/100 brn|[from] Sandstorm
|-damage|p2a: Eternatus|22/100 brn|[from] brn
|upkeep
|turn|29
|
|t:|1662054847
|switch|p2a: Necrozma|Necrozma-Dusk-Mane|100/100
|cant|p1a: Tyranitar|slp
|
|-weather|Sandstorm|[upkeep]
|upkeep
|turn|30
|
|t:|1662054849
|move|p2a: Necrozma|Sunsteel Strike|p1a: Tyranitar
|-supereffective|p1a: Tyranitar
|-damage|p1a: Tyranitar|28/100 slp
|cant|p1a: Tyranitar|slp
|
|-weather|Sandstorm|[upkeep]
|upkeep
|turn|31
|
|t:|1662054852
|move|p2a: Necrozma|Sunsteel Strike|p1a: Tyranitar
|-supereffective|p1a: Tyranitar
|-damage|p1a: Tyranitar|0 fnt
|faint|p1a: Tyranitar
|
|-weather|none
|upkeep
|
|t:|1662054854
|switch|p1a: Lunala|Lunala|3/100
|turn|32
|
|t:|1662054855
|move|p1a: Lunala|Roost|p1a: Lunala
|-heal|p1a: Lunala|54/100
|-singleturn|p1a: Lunala|move: Roost
|move|p2a: Necrozma|Sunsteel Strike|p1a: Lunala
|-damage|p1a: Lunala|14/100
|
|upkeep
|turn|33
|
|t:|1662054858
|move|p1a: Lunala|Roost|p1a: Lunala
|-heal|p1a: Lunala|64/100
|-singleturn|p1a: Lunala|move: Roost
|move|p2a: Necrozma|Dragon Dance|p2a: Necrozma
|-boost|p2a: Necrozma|atk|1
|-boost|p2a: Necrozma|spe|1
|
|upkeep
|turn|34
|
|t:|1662054862
|move|p2a: Necrozma|Knock Off|p1a: Lunala
|-supereffective|p1a: Lunala
|-damage|p1a: Lunala|0 fnt
|-enditem|p1a: Lunala|Heavy-Duty Boots|[from] move: Knock Off|[of] p2a: Necrozma
|faint|p1a: Lunala
|
|win|The Carkol Rider
|raw|BugGoBrrrrrr's rating: 1525 &rarr; <strong>1501</strong><br />(-24 for losing)
|raw|The Carkol Rider's rating: 1455 &rarr; <strong>1479</strong><br />(+24 for winning)
|c|☆BugGoBrrrrrr|Gg
|c|☆BugGoBrrrrrr|wp
|c|☆The Carkol Rider|gg wp
