|j|☆atamabasenju
|j|☆snakey77
|t:|1630323899
|gametype|singles
|player|p1|atamabasenju|cynthia|1471
|player|p2|snakey77|1|1609
|teamsize|p1|6
|teamsize|p2|6
|gen|8
|tier|[Gen 8] Ubers
|rated|
|rule|Sleep Clause Mod: Limit one foe put to sleep
|rule|Species Clause: Limit one of each Pokémon
|rule|OHKO Clause: OHKO moves are banned
|rule|Evasion Moves Clause: Evasion moves are banned
|rule|Endless Battle Clause: Forcing endless battles is banned
|rule|HP Percentage Mod: HP is shown in percentages
|rule|Dynamax Clause: You cannot dynamax
|clearpoke
|poke|p1|Calyrex-Shadow|
|poke|p1|Kyurem-Black|
|poke|p1|Necrozma-Dusk-Mane|
|poke|p1|Kyogre|
|poke|p1|Shuckle, M|
|poke|p1|Yveltal|
|poke|p2|Lunala|
|poke|p2|Eternatus|
|poke|p2|Tapu Bulu|
|poke|p2|Zarude|
|poke|p2|Magearna|
|poke|p2|Cloyster, M|
|teampreview
|
|t:|1630323918
|start
|switch|p1a: Shuckle|Shuckle, M|100/100
|switch|p2a: Cloyster|Cloyster, M|100/100
|turn|1
|c|☆atamabasenju|hf
|c|☆snakey77|hf
|
|t:|1630323931
|move|p2a: Cloyster|Spikes|p1a: Shuckle
|-sidestart|p1: atamabasenju|Spikes
|move|p1a: Shuckle|Stealth Rock|p2a: Cloyster
|-sidestart|p2: snakey77|move: Stealth Rock
|
|upkeep
|turn|2
|
|t:|1630323939
|move|p2a: Cloyster|Rapid Spin|p1a: Shuckle
|-resisted|p1a: Shuckle
|-damage|p1a: Shuckle|97/100
|-boost|p2a: Cloyster|spe|1
|-sideend|p2: snakey77|Stealth Rock|[from] move: Rapid Spin|[of] p2a: Cloyster
|-enditem|p1a: Shuckle|Red Card|[of] p2a: Cloyster
|drag|p2a: Zarude|Zarude|100/100
|move|p1a: Shuckle|Sticky Web|p2a: Zarude
|-sidestart|p2: snakey77|move: Sticky Web
|
|upkeep
|turn|3
|
|t:|1630323945
|move|p2a: Zarude|U-turn|p1a: Shuckle
|-damage|p1a: Shuckle|86/100
|
|t:|1630323947
|switch|p2a: Cloyster|Cloyster, M|100/100|[from]move: U-turn
|move|p1a: Shuckle|Stealth Rock|p2a: Cloyster
|-sidestart|p2: snakey77|move: Stealth Rock
|
|upkeep
|turn|4
|
|t:|1630323954
|switch|p1a: Calyrex|Calyrex-Shadow|100/100
|-ability|p1a: Calyrex|As One
|-ability|p1a: Calyrex|Unnerve
|-damage|p1a: Calyrex|88/100|[from] Spikes
|move|p2a: Cloyster|Icicle Spear|p1a: Calyrex
|-damage|p1a: Calyrex|78/100
|-damage|p1a: Calyrex|67/100
|-damage|p1a: Calyrex|57/100
|-damage|p1a: Calyrex|47/100
|-damage|p1a: Calyrex|37/100
|-hitcount|p1a: Calyrex|5
|
|upkeep
|turn|5
|
|t:|1630323960
|switch|p2a: Zarude|Zarude|100/100
|-damage|p2a: Zarude|88/100|[from] Stealth Rock
|-activate|p2a: Zarude|move: Sticky Web
|-unboost|p2a: Zarude|spe|1
|move|p1a: Calyrex|Astral Barrage|p2a: Zarude
|-resisted|p2a: Zarude
|-damage|p2a: Zarude|66/100
|
|-heal|p2a: Zarude|72/100|[from] item: Leftovers
|upkeep
|turn|6
|
|t:|1630323966
|switch|p1a: Yveltal|Yveltal|100/100
|-ability|p1a: Yveltal|Dark Aura
|move|p2a: Zarude|U-turn|p1a: Yveltal
|-damage|p1a: Yveltal|85/100
|
|t:|1630323972
|switch|p2a: Magearna|Magearna|100/100|[from]move: U-turn
|-damage|p2a: Magearna|94/100|[from] Stealth Rock
|-activate|p2a: Magearna|move: Sticky Web
|-unboost|p2a: Magearna|spe|1
|
|-heal|p2a: Magearna|100/100|[from] item: Leftovers
|upkeep
|turn|7
|
|t:|1630323981
|switch|p1a: Necrozma|Necrozma-Dusk-Mane|100/100
|-damage|p1a: Necrozma|88/100|[from] Spikes
|move|p2a: Magearna|Volt Switch|p1a: Necrozma
|-damage|p1a: Necrozma|71/100
|
|t:|1630323986
|switch|p2a: Cloyster|Cloyster, M|100/100|[from]move: Volt Switch
|
|upkeep
|turn|8
|
|t:|1630323994
|move|p2a: Cloyster|Rapid Spin|p1a: Necrozma
|-resisted|p1a: Necrozma
|-damage|p1a: Necrozma|67/100
|-boost|p2a: Cloyster|spe|1
|-sideend|p2: snakey77|Stealth Rock|[from] move: Rapid Spin|[of] p2a: Cloyster
|-sideend|p2: snakey77|Sticky Web|[from] move: Rapid Spin|[of] p2a: Cloyster
|move|p1a: Necrozma|Swords Dance|p1a: Necrozma
|-boost|p1a: Necrozma|atk|2
|
|upkeep
|turn|9
|
|t:|1630324001
|switch|p2a: Tapu Bulu|Tapu Bulu|100/100
|-fieldstart|move: Grassy Terrain|[from] ability: Grassy Surge|[of] p2a: Tapu Bulu
|move|p1a: Necrozma|Trick Room|p1a: Necrozma
|-fieldstart|move: Trick Room|[of] p1a: Necrozma
|
|-heal|p1a: Necrozma|73/100|[from] Grassy Terrain
|upkeep
|turn|10
|
|t:|1630324037
|move|p1a: Necrozma|Swords Dance|p1a: Necrozma
|-boost|p1a: Necrozma|atk|2
|move|p2a: Tapu Bulu|Horn Leech|p1a: Necrozma
|-resisted|p1a: Necrozma
|-damage|p1a: Necrozma|59/100
|
|-heal|p1a: Necrozma|65/100|[from] Grassy Terrain
|upkeep
|turn|11
|
|t:|1630324044
|move|p1a: Necrozma|Sunsteel Strike|p2a: Tapu Bulu
|-supereffective|p2a: Tapu Bulu
|-damage|p2a: Tapu Bulu|0 fnt
|faint|p2a: Tapu Bulu
|
|-heal|p1a: Necrozma|71/100|[from] Grassy Terrain
|upkeep
|
|t:|1630324047
|switch|p2a: Lunala|Lunala|100/100
|turn|12
|
|t:|1630324050
|move|p1a: Necrozma|Sunsteel Strike|p2a: Lunala
|-damage|p2a: Lunala|25/100
|move|p2a: Lunala|Moongeist Beam|p1a: Necrozma
|-supereffective|p1a: Necrozma
|-damage|p1a: Necrozma|0 fnt
|faint|p1a: Necrozma
|
|-heal|p2a: Lunala|31/100|[from] Grassy Terrain
|-heal|p2a: Lunala|37/100|[from] item: Leftovers
|upkeep
|
|t:|1630324063
|switch|p1a: Kyurem|Kyurem-Black|100/100
|-damage|p1a: Kyurem|88/100|[from] Spikes
|-ability|p1a: Kyurem|Teravolt
|turn|13
|
|t:|1630324068
|move|p2a: Lunala|Roost|p2a: Lunala
|-heal|p2a: Lunala|87/100
|-singleturn|p2a: Lunala|move: Roost
|move|p1a: Kyurem|Dragon Dance|p1a: Kyurem
|-boost|p1a: Kyurem|atk|1
|-boost|p1a: Kyurem|spe|1
|
|-heal|p2a: Lunala|93/100|[from] Grassy Terrain
|-heal|p2a: Lunala|99/100|[from] item: Leftovers
|-heal|p1a: Kyurem|94/100|[from] Grassy Terrain
|-fieldend|move: Trick Room
|upkeep
|turn|14
|
|t:|1630324074
|move|p1a: Kyurem|Icicle Spear|p2a: Lunala
|-damage|p2a: Lunala|73/100
|-damage|p2a: Lunala|48/100
|-damage|p2a: Lunala|23/100
|-damage|p2a: Lunala|0 fnt
|faint|p2a: Lunala
|-hitcount|p2: Lunala|4
|-damage|p1a: Kyurem|84/100|[from] item: Life Orb
|
|-heal|p1a: Kyurem|91/100|[from] Grassy Terrain
|upkeep
|
|t:|1630324082
|switch|p2a: Magearna|Magearna|100/100
|turn|15
|
|t:|1630324086
|move|p1a: Kyurem|Fusion Bolt|p2a: Magearna
|-damage|p2a: Magearna|29/100
|-damage|p1a: Kyurem|81/100|[from] item: Life Orb
|move|p2a: Magearna|Fleur Cannon|p1a: Kyurem
|-supereffective|p1a: Kyurem
|-damage|p1a: Kyurem|0 fnt
|-unboost|p2a: Magearna|spa|2
|faint|p1a: Kyurem
|-ability|p2a: Magearna|Soul-Heart|boost
|-boost|p2a: Magearna|spa|1
|
|-heal|p2a: Magearna|35/100|[from] Grassy Terrain
|-heal|p2a: Magearna|41/100|[from] item: Leftovers
|upkeep
|
|t:|1630324098
|switch|p1a: Kyogre|Kyogre|100/100
|-damage|p1a: Kyogre|88/100|[from] Spikes
|-weather|RainDance|[from] ability: Drizzle|[of] p1a: Kyogre
|turn|16
|
|t:|1630324107
|switch|p2a: Zarude|Zarude|72/100
|move|p1a: Kyogre|Water Spout|p2a: Zarude
|-resisted|p2a: Zarude
|-damage|p2a: Zarude|12/100
|
|-weather|RainDance|[upkeep]
|-heal|p1a: Kyogre|94/100|[from] Grassy Terrain
|-heal|p2a: Zarude|18/100|[from] Grassy Terrain
|-heal|p2a: Zarude|24/100|[from] item: Leftovers
|-fieldend|move: Grassy Terrain
|upkeep
|turn|17
|
|t:|1630324131
|switch|p1a: Yveltal|Yveltal|85/100
|-ability|p1a: Yveltal|Dark Aura
|move|p2a: Zarude|Jungle Healing|p2a: Zarude
|-heal|p2a: Zarude|49/100
|
|-weather|RainDance|[upkeep]
|-heal|p2a: Zarude|55/100|[from] item: Leftovers
|upkeep
|turn|18
|
|t:|1630324141
|switch|p2a: Magearna|Magearna|41/100
|move|p1a: Yveltal|Defog|p2a: Magearna
|-unboost|p2a: Magearna|evasion|1
|-sideend|p1: atamabasenju|Spikes|[from] move: Defog|[of] p1a: Yveltal
|
|-weather|RainDance|[upkeep]
|-heal|p2a: Magearna|47/100|[from] item: Leftovers
|upkeep
|turn|19
|
|t:|1630324150
|switch|p1a: Shuckle|Shuckle, M|86/100
|move|p2a: Magearna|Volt Switch|p1a: Shuckle
|-damage|p1a: Shuckle|73/100
|
|t:|1630324164
|switch|p2a: Cloyster|Cloyster, M|100/100|[from]move: Volt Switch
|
|-weather|RainDance|[upkeep]
|upkeep
|turn|20
|
|t:|1630324174
|move|p2a: Cloyster|Spikes|p1a: Shuckle
|-sidestart|p1: atamabasenju|Spikes
|move|p1a: Shuckle|Encore|p2a: Cloyster
|-start|p2a: Cloyster|Encore
|
|-weather|none
|upkeep
|turn|21
|
|t:|1630324180
|switch|p2a: Zarude|Zarude|55/100
|move|p1a: Shuckle|Sticky Web|p2a: Zarude
|-sidestart|p2: snakey77|move: Sticky Web
|
|-heal|p2a: Zarude|61/100|[from] item: Leftovers
|upkeep
|turn|22
|
|t:|1630324188
|move|p2a: Zarude|U-turn|p1a: Shuckle
|-damage|p1a: Shuckle|61/100
|
|t:|1630324190
|switch|p2a: Cloyster|Cloyster, M|100/100|[from]move: U-turn
|move|p1a: Shuckle|Final Gambit|p2a: Cloyster
|-damage|p2a: Cloyster|52/100
|faint|p1a: Shuckle
|
|upkeep
|
|t:|1630324215
|switch|p1a: Kyogre|Kyogre|94/100
|-damage|p1a: Kyogre|82/100|[from] Spikes
|-weather|RainDance|[from] ability: Drizzle|[of] p1a: Kyogre
|turn|23
|
|t:|1630324221
|move|p1a: Kyogre|Water Spout|p2a: Cloyster
|-resisted|p2a: Cloyster
|-damage|p2a: Cloyster|0 fnt
|faint|p2a: Cloyster
|
|-weather|RainDance|[upkeep]
|upkeep
|
|t:|1630324224
|switch|p2a: Eternatus|Eternatus|100/100
|-activate|p2a: Eternatus|move: Sticky Web
|-unboost|p2a: Eternatus|spe|1
|-ability|p2a: Eternatus|Pressure
|turn|24
|
|t:|1630324243
|move|p1a: Kyogre|Water Spout|p2a: Eternatus
|-resisted|p2a: Eternatus
|-damage|p2a: Eternatus|55/100
|move|p2a: Eternatus|Dynamax Cannon|p1a: Kyogre
|-damage|p1a: Kyogre|47/100
|
|-weather|RainDance|[upkeep]
|-heal|p2a: Eternatus|61/100|[from] item: Black Sludge
|upkeep
|turn|25
|
|t:|1630324247
|switch|p1a: Yveltal|Yveltal|85/100
|-ability|p1a: Yveltal|Dark Aura
|move|p2a: Eternatus|Toxic Spikes|p1a: Yveltal
|-sidestart|p1: atamabasenju|move: Toxic Spikes
|
|-weather|RainDance|[upkeep]
|-heal|p2a: Eternatus|67/100|[from] item: Black Sludge
|upkeep
|turn|26
|
|t:|1630324252
|move|p1a: Yveltal|Dark Pulse|p2a: Eternatus
|-damage|p2a: Eternatus|28/100
|-damage|p1a: Yveltal|75/100|[from] item: Life Orb
|move|p2a: Eternatus|Recover|p2a: Eternatus
|-heal|p2a: Eternatus|78/100
|
|-weather|RainDance|[upkeep]
|-heal|p2a: Eternatus|84/100|[from] item: Black Sludge
|upkeep
|turn|27
|
|t:|1630324257
|move|p1a: Yveltal|Dark Pulse|p2a: Eternatus
|-damage|p2a: Eternatus|47/100
|-damage|p1a: Yveltal|65/100|[from] item: Life Orb
|move|p2a: Eternatus|Toxic|p1a: Yveltal
|-status|p1a: Yveltal|tox
|
|-weather|none
|-heal|p2a: Eternatus|53/100|[from] item: Black Sludge
|-damage|p1a: Yveltal|59/100 tox|[from] psn
|upkeep
|turn|28
|
|t:|1630324264
|move|p1a: Yveltal|Dark Pulse|p2a: Eternatus
|-damage|p2a: Eternatus|13/100
|-damage|p1a: Yveltal|49/100 tox|[from] item: Life Orb
|cant|p2a: Eternatus|flinch
|
|-heal|p2a: Eternatus|19/100|[from] item: Black Sludge
|-damage|p1a: Yveltal|37/100 tox|[from] psn
|upkeep
|turn|29
|
|t:|1630324273
|switch|p2a: Magearna|Magearna|47/100
|-activate|p2a: Magearna|move: Sticky Web
|-unboost|p2a: Magearna|spe|1
|move|p1a: Yveltal|Oblivion Wing|p2a: Magearna
|-resisted|p2a: Magearna
|-damage|p2a: Magearna|29/100
|-heal|p1a: Yveltal|49/100 tox|[from] drain|[of] p2a: Magearna
|-damage|p1a: Yveltal|39/100 tox|[from] item: Life Orb
|
|-heal|p2a: Magearna|35/100|[from] item: Leftovers
|-damage|p1a: Yveltal|21/100 tox|[from] psn
|upkeep
|turn|30
|
|t:|1630324281
|move|p1a: Yveltal|Dark Pulse|p2a: Magearna
|-resisted|p2a: Magearna
|-damage|p2a: Magearna|15/100
|-damage|p1a: Yveltal|11/100 tox|[from] item: Life Orb
|move|p2a: Magearna|Volt Switch|p1a: Yveltal
|-supereffective|p1a: Yveltal
|-damage|p1a: Yveltal|0 fnt
|faint|p1a: Yveltal
|-ability|p2a: Magearna|Soul-Heart|boost
|-boost|p2a: Magearna|spa|1
|
|t:|1630324288
|switch|p2a: Zarude|Zarude|61/100|[from]move: Volt Switch
|-activate|p2a: Zarude|move: Sticky Web
|-unboost|p2a: Zarude|spe|1
|
|-heal|p2a: Zarude|67/100|[from] item: Leftovers
|upkeep
|
|t:|1630324310
|switch|p1a: Kyogre|Kyogre|47/100
|-damage|p1a: Kyogre|35/100|[from] Spikes
|-status|p1a: Kyogre|psn
|-weather|RainDance|[from] ability: Drizzle|[of] p1a: Kyogre
|turn|31
|
|t:|1630324320
|switch|p2a: Eternatus|Eternatus|19/100
|-activate|p2a: Eternatus|move: Sticky Web
|-unboost|p2a: Eternatus|spe|1
|-ability|p2a: Eternatus|Pressure
|move|p1a: Kyogre|Ice Beam|p2a: Eternatus
|-supereffective|p2a: Eternatus
|-damage|p2a: Eternatus|0 fnt
|faint|p2a: Eternatus
|
|-weather|RainDance|[upkeep]
|-damage|p1a: Kyogre|23/100 psn|[from] psn
|upkeep
|
|t:|1630324323
|switch|p2a: Magearna|Magearna|15/100
|-activate|p2a: Magearna|move: Sticky Web
|-unboost|p2a: Magearna|spe|1
|turn|32
|
|t:|1630324326
|move|p1a: Kyogre|Ice Beam|p2a: Magearna
|-resisted|p2a: Magearna
|-damage|p2a: Magearna|0 fnt
|faint|p2a: Magearna
|
|-weather|RainDance|[upkeep]
|-damage|p1a: Kyogre|10/100 psn|[from] psn
|upkeep
|
|t:|1630324330
|switch|p2a: Zarude|Zarude|67/100
|-activate|p2a: Zarude|move: Sticky Web
|-unboost|p2a: Zarude|spe|1
|turn|33
|
|t:|1630324332
|move|p1a: Kyogre|Ice Beam|p2a: Zarude
|-supereffective|p2a: Zarude
|-damage|p2a: Zarude|2/100
|move|p2a: Zarude|Jungle Healing|p2a: Zarude
|-heal|p2a: Zarude|27/100
|
|-weather|RainDance|[upkeep]
|-heal|p2a: Zarude|33/100|[from] item: Leftovers
|-damage|p1a: Kyogre|0 fnt|[from] psn
|faint|p1a: Kyogre
|upkeep
|
|t:|1630324336
|switch|p1a: Calyrex|Calyrex-Shadow|37/100
|-ability|p1a: Calyrex|As One
|-ability|p1a: Calyrex|Unnerve
|-damage|p1a: Calyrex|25/100|[from] Spikes
|-status|p1a: Calyrex|psn
|turn|34
|
|t:|1630324340
|move|p1a: Calyrex|Astral Barrage|p2a: Zarude
|-resisted|p2a: Zarude
|-damage|p2a: Zarude|10/100
|move|p2a: Zarude|Bullet Seed|p1a: Calyrex
|-damage|p1a: Calyrex|13/100 psn
|-damage|p1a: Calyrex|1/100 psn
|-damage|p1a: Calyrex|0 fnt
|faint|p1a: Calyrex
|-hitcount|p1: Calyrex|3
|
|win|snakey77
|raw|atamabasenju's rating: 1471 &rarr; <strong>1459</strong><br />(-12 for losing)
|raw|snakey77's rating: 1609 &rarr; <strong>1621</strong><br />(+12 for winning)
|c|☆atamabasenju|gg
|c|☆snakey77|gg
|l|☆atamabasenju
|c|☆snakey77|very nice game
