|raw|<div class="broadcast-blue"><strong>This battle is required to be public due to a player having a name starting with 'ULTBG7V'.</div>
|j|☆I Crit My Panties
|j|☆ultbg7v crabby
|t:|1621918430
|gametype|singles
|player|p1|I Crit My Panties|170|1590
|player|p2|ultbg7v crabby|buck|1662
|teamsize|p1|6
|teamsize|p2|6
|gen|8
|tier|[Gen 8] Ubers
|rated|
|rule|Sleep Clause Mod: Limit one foe put to sleep
|rule|Species Clause: Limit one of each Pokémon
|rule|OHKO Clause: OHKO moves are banned
|rule|Evasion Moves Clause: Evasion moves are banned
|rule|Endless Battle Clause: Forcing endless battles is banned
|rule|HP Percentage Mod: HP is shown in percentages
|rule|Dynamax Clause: You cannot dynamax
|clearpoke
|poke|p1|Yveltal|
|poke|p1|Necrozma-Dusk-Mane|
|poke|p1|Eternatus|
|poke|p1|Xerneas-*|
|poke|p1|Ho-Oh|
|poke|p1|Calyrex-Shadow|
|poke|p2|Marshadow|
|poke|p2|Ferrothorn, M|
|poke|p2|Necrozma-Dusk-Mane|
|poke|p2|Yveltal|
|poke|p2|Zygarde|
|poke|p2|Eternatus|
|teampreview
|c|☆ultbg7v crabby|hf
|
|t:|1621918441
|start
|switch|p1a: Yveltal|Yveltal|100/100
|switch|p2a: Yveltal|Yveltal|100/100
|-ability|p2a: Yveltal|Dark Aura
|-ability|p1a: Yveltal|Dark Aura
|turn|1
|
|t:|1621918447
|move|p2a: Yveltal|U-turn|p1a: Yveltal
|-damage|p1a: Yveltal|86/100
|
|t:|1621918455
|switch|p2a: Zygarde|Zygarde|100/100|[from]move: U-turn
|move|p1a: Yveltal|Knock Off|p2a: Zygarde
|-damage|p2a: Zygarde|72/100
|-enditem|p2a: Zygarde|Leftovers|[from] move: Knock Off|[of] p1a: Yveltal
|
|upkeep
|turn|2
|
|t:|1621918460
|move|p2a: Zygarde|Toxic|p1a: Yveltal
|-status|p1a: Yveltal|tox
|move|p1a: Yveltal|U-turn|p2a: Zygarde
|-damage|p2a: Zygarde|60/100
|
|t:|1621918463
|switch|p1a: Xerneas|Xerneas|100/100|[from]move: U-turn
|-ability|p1a: Xerneas|Fairy Aura
|
|upkeep
|turn|3
|
|t:|1621918471
|switch|p2a: Necrozma|Necrozma-Dusk-Mane|100/100
|move|p1a: Xerneas|Aromatherapy|p1a: Xerneas
|-activate|p1a: Xerneas|move: Aromatherapy
|-curestatus|p1: Yveltal|tox|[msg]
|
|upkeep
|turn|4
|
|t:|1621918479
|switch|p1a: Ho-Oh|Ho-Oh|100/100
|move|p2a: Necrozma|Stealth Rock|p1a: Ho-Oh
|-sidestart|p1: I Crit My Panties|move: Stealth Rock
|
|upkeep
|turn|5
|j| ULTBG7V pudim21
|
|t:|1621918493
|switch|p2a: Zygarde|Zygarde|60/100
|move|p1a: Ho-Oh|Thunder Wave|p2a: Zygarde
|-immune|p2a: Zygarde
|
|upkeep
|turn|6
|j| PLL01 Bleach
|
|t:|1621918506
|switch|p1a: Xerneas|Xerneas|100/100
|-damage|p1a: Xerneas|88/100|[from] Stealth Rock
|-ability|p1a: Xerneas|Fairy Aura
|move|p2a: Zygarde|Toxic|p1a: Xerneas
|-status|p1a: Xerneas|tox
|
|-heal|p1a: Xerneas|94/100 tox|[from] item: Leftovers
|-damage|p1a: Xerneas|88/100 tox|[from] psn
|upkeep
|turn|7
|
|t:|1621918514
|switch|p2a: Eternatus|Eternatus|100/100
|-ability|p2a: Eternatus|Pressure
|move|p1a: Xerneas|Aromatherapy|p1a: Xerneas
|-activate|p1a: Xerneas|move: Aromatherapy
|-curestatus|p1a: Xerneas|tox|[msg]
|
|-heal|p1a: Xerneas|94/100|[from] item: Leftovers
|upkeep
|turn|8
|
|t:|1621918525
|switch|p1a: Necrozma|Necrozma-Dusk-Mane|100/100
|-damage|p1a: Necrozma|94/100|[from] Stealth Rock
|move|p2a: Eternatus|Meteor Beam||[still]
|-prepare|p2a: Eternatus|Meteor Beam
|-boost|p2a: Eternatus|spa|1
|-enditem|p2a: Eternatus|Power Herb
|-anim|p2a: Eternatus|Meteor Beam|p1a: Necrozma
|-resisted|p1a: Necrozma
|-damage|p1a: Necrozma|68/100
|
|upkeep
|turn|9
|
|t:|1621918530
|switch|p1a: Ho-Oh|Ho-Oh|100/100
|move|p2a: Eternatus|Flamethrower|p1a: Ho-Oh
|-resisted|p1a: Ho-Oh
|-crit|p1a: Ho-Oh
|-damage|p1a: Ho-Oh|81/100
|
|upkeep
|turn|10
|
|t:|1621918541
|switch|p2a: Zygarde|Zygarde|60/100
|move|p1a: Ho-Oh|Whirlwind|p2a: Zygarde
|drag|p2a: Ferrothorn|Ferrothorn, M|100/100
|
|upkeep
|turn|11
|
|t:|1621918548
|switch|p1a: Xerneas|Xerneas|94/100
|-damage|p1a: Xerneas|82/100|[from] Stealth Rock
|-ability|p1a: Xerneas|Fairy Aura
|switch|p2a: Zygarde|Zygarde|60/100
|
|-heal|p1a: Xerneas|88/100|[from] item: Leftovers
|upkeep
|turn|12
|
|t:|1621918553
|switch|p2a: Eternatus|Eternatus|100/100
|-ability|p2a: Eternatus|Pressure
|move|p1a: Xerneas|Defog|p2a: Eternatus
|-unboost|p2a: Eternatus|evasion|1
|-sideend|p1: I Crit My Panties|Stealth Rock|[from] move: Defog|[of] p1a: Xerneas
|
|-heal|p1a: Xerneas|94/100|[from] item: Leftovers
|upkeep
|turn|13
|
|t:|1621918562
|switch|p1a: Ho-Oh|Ho-Oh|100/100
|move|p2a: Eternatus|Flamethrower|p1a: Ho-Oh
|-resisted|p1a: Ho-Oh
|-damage|p1a: Ho-Oh|92/100
|
|upkeep
|turn|14
|
|t:|1621918566
|switch|p2a: Zygarde|Zygarde|60/100
|move|p1a: Ho-Oh|Whirlwind|p2a: Zygarde
|drag|p2a: Marshadow|Marshadow|100/100
|
|upkeep
|turn|15
|
|t:|1621918569
|switch|p2a: Zygarde|Zygarde|60/100
|switch|p1a: Eternatus|Eternatus|100/100
|-ability|p1a: Eternatus|Pressure
|
|upkeep
|turn|16
|inactive|Battle timer is ON: inactive players will automatically lose when time's up. (requested by I Crit My Panties)
|
|t:|1621918588
|switch|p2a: Necrozma|Necrozma-Dusk-Mane|100/100
|move|p1a: Eternatus|Flamethrower|p2a: Necrozma
|-supereffective|p2a: Necrozma
|-damage|p2a: Necrozma|69/100
|-status|p2a: Necrozma|brn
|
|-damage|p2a: Necrozma|63/100 brn|[from] brn
|upkeep
|turn|17
|
|t:|1621918599
|switch|p1a: Necrozma|Necrozma-Dusk-Mane|68/100
|move|p2a: Necrozma|Moonlight|p2a: Necrozma
|-heal|p2a: Necrozma|100/100 brn
|
|-damage|p2a: Necrozma|94/100 brn|[from] brn
|upkeep
|turn|18
|
|t:|1621918610
|switch|p2a: Yveltal|Yveltal|100/100
|-ability|p2a: Yveltal|Dark Aura
|move|p1a: Necrozma|Stealth Rock|p2a: Yveltal
|-sidestart|p2: ultbg7v crabby|move: Stealth Rock
|
|upkeep
|turn|19
|
|t:|1621918616
|switch|p1a: Yveltal|Yveltal|86/100
|-ability|p1a: Yveltal|Dark Aura
|move|p2a: Yveltal|Foul Play|p1a: Yveltal
|-resisted|p1a: Yveltal
|-damage|p1a: Yveltal|66/100
|
|upkeep
|turn|20
|
|t:|1621918620
|move|p2a: Yveltal|Defog|p1a: Yveltal
|-unboost|p1a: Yveltal|evasion|1
|-sideend|p2: ultbg7v crabby|Stealth Rock|[from] move: Defog|[of] p2a: Yveltal
|move|p1a: Yveltal|Knock Off|p2a: Yveltal
|-resisted|p2a: Yveltal
|-damage|p2a: Yveltal|73/100
|-enditem|p2a: Yveltal|Heavy-Duty Boots|[from] move: Knock Off|[of] p1a: Yveltal
|
|upkeep
|turn|21
|
|t:|1621918625
|move|p2a: Yveltal|U-turn|p1a: Yveltal
|-damage|p1a: Yveltal|50/100
|
|t:|1621918629
|switch|p2a: Zygarde|Zygarde|60/100|[from]move: U-turn
|move|p1a: Yveltal|U-turn|p2a: Zygarde
|-damage|p2a: Zygarde|50/100
|
|t:|1621918632
|switch|p1a: Xerneas|Xerneas|94/100|[from]move: U-turn
|-ability|p1a: Xerneas|Fairy Aura
|
|-heal|p1a: Xerneas|99/100|[from] item: Leftovers
|-activate|p2a: Zygarde|ability: Power Construct
|detailschange|p2a: Zygarde|Zygarde-Complete
|-heal|p2a: Zygarde|67/100|[silent]
|upkeep
|turn|22
|
|t:|1621918637
|switch|p2a: Eternatus|Eternatus|100/100
|-ability|p2a: Eternatus|Pressure
|move|p1a: Xerneas|Moonblast|p2a: Eternatus
|-damage|p2a: Eternatus|50/100
|
|-heal|p1a: Xerneas|100/100|[from] item: Leftovers
|upkeep
|turn|23
|
|t:|1621918647
|move|p2a: Eternatus|Meteor Beam||[still]
|-prepare|p2a: Eternatus|Meteor Beam
|-boost|p2a: Eternatus|spa|1
|move|p1a: Xerneas|Thunder Wave|p2a: Eternatus|[miss]
|-miss|p1a: Xerneas|p2a: Eternatus
|
|upkeep
|turn|24
|
|t:|1621918653
|move|p2a: Eternatus|Meteor Beam|p1a: Xerneas|[from]lockedmove
|-damage|p1a: Xerneas|45/100
|move|p1a: Xerneas|Moonblast|p2a: Eternatus
|-damage|p2a: Eternatus|5/100
|-unboost|p2a: Eternatus|spa|1
|
|-heal|p1a: Xerneas|51/100|[from] item: Leftovers
|upkeep
|turn|25
|
|t:|1621918661
|switch|p1a: Ho-Oh|Ho-Oh|100/100
|move|p2a: Eternatus|Sludge Wave|p1a: Ho-Oh
|-damage|p1a: Ho-Oh|74/100
|
|upkeep
|turn|26
|
|t:|1621918683
|switch|p2a: Zygarde|Zygarde-Complete|67/100
|move|p1a: Ho-Oh|Sacred Fire|p2a: Zygarde
|-resisted|p2a: Zygarde
|-damage|p2a: Zygarde|61/100
|
|upkeep
|turn|27
|
|t:|1621918693
|switch|p2a: Eternatus|Eternatus|5/100
|-ability|p2a: Eternatus|Pressure
|switch|p1a: Xerneas|Xerneas|51/100
|-ability|p1a: Xerneas|Fairy Aura
|
|-heal|p1a: Xerneas|57/100|[from] item: Leftovers
|upkeep
|turn|28
|
|t:|1621918700
|switch|p1a: Ho-Oh|Ho-Oh|100/100
|move|p2a: Eternatus|Meteor Beam||[still]
|-prepare|p2a: Eternatus|Meteor Beam
|-boost|p2a: Eternatus|spa|1
|
|upkeep
|turn|29
|
|t:|1621918706
|switch|p1a: Eternatus|Eternatus|100/100
|-ability|p1a: Eternatus|Pressure
|move|p2a: Eternatus|Meteor Beam|p1a: Eternatus|[from]lockedmove
|-damage|p1a: Eternatus|59/100
|
|-heal|p1a: Eternatus|65/100|[from] item: Black Sludge
|upkeep
|turn|30
|
|t:|1621918716
|switch|p1a: Ho-Oh|Ho-Oh|100/100
|move|p2a: Eternatus|Meteor Beam||[still]
|-prepare|p2a: Eternatus|Meteor Beam
|-boost|p2a: Eternatus|spa|1
|
|upkeep
|turn|31
|
|t:|1621918725
|switch|p1a: Eternatus|Eternatus|65/100
|-ability|p1a: Eternatus|Pressure
|move|p2a: Eternatus|Meteor Beam|p1a: Eternatus|[from]lockedmove
|-damage|p1a: Eternatus|11/100
|
|-heal|p1a: Eternatus|17/100|[from] item: Black Sludge
|upkeep
|turn|32
|
|t:|1621918732
|switch|p1a: Ho-Oh|Ho-Oh|100/100
|move|p2a: Eternatus|Dynamax Cannon|p1a: Ho-Oh
|-damage|p1a: Ho-Oh|40/100
|
|upkeep
|turn|33
|
|t:|1621918738
|switch|p1a: Necrozma|Necrozma-Dusk-Mane|68/100
|move|p2a: Eternatus|Dynamax Cannon|p1a: Necrozma
|-resisted|p1a: Necrozma
|-damage|p1a: Necrozma|23/100
|
|upkeep
|turn|34
|
|t:|1621918742
|switch|p1a: Calyrex|Calyrex-Shadow|100/100
|-ability|p1a: Calyrex|As One
|-ability|p1a: Calyrex|Unnerve
|move|p2a: Eternatus|Dynamax Cannon|p1a: Calyrex
|-damage|p1a: Calyrex|0 fnt
|faint|p1a: Calyrex
|
|upkeep
|
|t:|1621918746
|switch|p1a: Yveltal|Yveltal|50/100
|-ability|p1a: Yveltal|Dark Aura
|turn|35
|
|t:|1621918751
|move|p1a: Yveltal|Sucker Punch|p2a: Eternatus
|-damage|p2a: Eternatus|0 fnt
|faint|p2a: Eternatus
|
|upkeep
|
|t:|1621918757
|switch|p2a: Marshadow|Marshadow|100/100
|turn|36
|
|t:|1621918763
|switch|p1a: Necrozma|Necrozma-Dusk-Mane|23/100
|move|p2a: Marshadow|Close Combat|p1a: Necrozma
|-damage|p1a: Necrozma|0 fnt
|-unboost|p2a: Marshadow|def|1
|-unboost|p2a: Marshadow|spd|1
|-damage|p2a: Marshadow|84/100|[from] item: Rocky Helmet|[of] p1a: Necrozma
|faint|p1a: Necrozma
|-damage|p2a: Marshadow|74/100|[from] item: Life Orb
|
|upkeep
|
|t:|1621918766
|switch|p1a: Xerneas|Xerneas|57/100
|-ability|p1a: Xerneas|Fairy Aura
|turn|37
|
|t:|1621918775
|switch|p2a: Ferrothorn|Ferrothorn, M|100/100
|move|p1a: Xerneas|Moonblast|p2a: Ferrothorn
|-resisted|p2a: Ferrothorn
|-damage|p2a: Ferrothorn|83/100
|
|-heal|p1a: Xerneas|63/100|[from] item: Leftovers
|-heal|p2a: Ferrothorn|89/100|[from] item: Leftovers
|upkeep
|turn|38
|
|t:|1621918779
|switch|p1a: Ho-Oh|Ho-Oh|74/100
|move|p2a: Ferrothorn|Leech Seed|p1a: Ho-Oh
|-start|p1a: Ho-Oh|move: Leech Seed
|
|-heal|p2a: Ferrothorn|96/100|[from] item: Leftovers
|-damage|p1a: Ho-Oh|61/100|[from] Leech Seed|[of] p2a: Ferrothorn
|-heal|p2a: Ferrothorn|100/100|[silent]
|upkeep
|turn|39
|
|t:|1621918783
|switch|p1a: Eternatus|Eternatus|17/100
|-ability|p1a: Eternatus|Pressure
|switch|p2a: Zygarde|Zygarde-Complete|61/100
|
|-heal|p1a: Eternatus|23/100|[from] item: Black Sludge
|upkeep
|turn|40
|
|t:|1621918786
|move|p1a: Eternatus|Dynamax Cannon|p2a: Zygarde
|-supereffective|p2a: Zygarde
|-damage|p2a: Zygarde|4/100
|move|p2a: Zygarde|Thousand Waves|p1a: Eternatus
|-supereffective|p1a: Eternatus
|-damage|p1a: Eternatus|0 fnt
|faint|p1a: Eternatus
|
|upkeep
|
|t:|1621918797
|switch|p1a: Yveltal|Yveltal|50/100
|-ability|p1a: Yveltal|Dark Aura
|turn|41
|
|t:|1621918806
|switch|p2a: Yveltal|Yveltal|73/100
|-ability|p2a: Yveltal|Dark Aura
|move|p1a: Yveltal|U-turn|p2a: Yveltal
|-damage|p2a: Yveltal|54/100
|
|t:|1621918808
|switch|p1a: Xerneas|Xerneas|63/100|[from]move: U-turn
|-ability|p1a: Xerneas|Fairy Aura
|
|-heal|p1a: Xerneas|69/100|[from] item: Leftovers
|upkeep
|turn|42
|
|t:|1621918811
|move|p2a: Yveltal|U-turn|p1a: Xerneas
|-resisted|p1a: Xerneas
|-damage|p1a: Xerneas|64/100
|
|t:|1621918814
|switch|p2a: Ferrothorn|Ferrothorn, M|100/100|[from]move: U-turn
|move|p1a: Xerneas|Moonblast|p2a: Ferrothorn
|-resisted|p2a: Ferrothorn
|-damage|p2a: Ferrothorn|82/100
|
|-heal|p1a: Xerneas|70/100|[from] item: Leftovers
|-heal|p2a: Ferrothorn|88/100|[from] item: Leftovers
|upkeep
|turn|43
|
|t:|1621918817
|switch|p1a: Ho-Oh|Ho-Oh|94/100
|switch|p2a: Zygarde|Zygarde-Complete|4/100
|
|upkeep
|turn|44
|
|t:|1621918821
|move|p2a: Zygarde|Rest|p2a: Zygarde
|-status|p2a: Zygarde|slp|[from] move: Rest
|-heal|p2a: Zygarde|100/100 slp|[silent]
|move|p1a: Ho-Oh|Sacred Fire|p2a: Zygarde
|-resisted|p2a: Zygarde
|-damage|p2a: Zygarde|93/100 slp
|
|upkeep
|turn|45
|-message|I Crit My Panties forfeited.
|
|win|ultbg7v crabby
|raw|I Crit My Panties's rating: 1590 &rarr; <strong>1574</strong><br />(-16 for losing)
|raw|ultbg7v crabby's rating: 1662 &rarr; <strong>1678</strong><br />(+16 for winning)
|l|☆I Crit My Panties
|l|☆ultbg7v crabby
|l| ULTBG7V pudim21
|j| ULTBG7V Gamble
