|j|‽OUTB Spirit Bomb
|j|☆I Crit My Panties
|t:|1633783530
|gametype|singles
|player|p1|OUTB Spirit Bomb|parasollady-gen4|1304
|player|p2|I Crit My Panties|2|1501
|teamsize|p1|6
|teamsize|p2|6
|gen|8
|tier|[Gen 8] Ubers
|rated|
|rule|Sleep Clause Mod: Limit one foe put to sleep
|rule|Species Clause: Limit one of each Pokémon
|rule|OHKO Clause: OHKO moves are banned
|rule|Evasion Moves Clause: Evasion moves are banned
|rule|Endless Battle Clause: Forcing endless battles is banned
|rule|HP Percentage Mod: HP is shown in percentages
|rule|Dynamax Clause: You cannot dynamax
|clearpoke
|poke|p1|Froslass, F|
|poke|p1|Grimmsnarl, M|
|poke|p1|Xerneas-*|
|poke|p1|Zekrom|
|poke|p1|Groudon|
|poke|p1|Necrozma-Dusk-Mane|
|poke|p2|Tyranitar, M|
|poke|p2|Excadrill, M|
|poke|p2|Marshadow|
|poke|p2|Tangrowth, F|
|poke|p2|Necrozma-Dusk-Mane|
|poke|p2|Eternatus|
|teampreview
|inactive|Battle timer is ON: inactive players will automatically lose when time's up. (requested by OUTB Spirit Bomb)
|
|t:|1633783550
|start
|switch|p1a: Froslass|Froslass, F|100/100
|switch|p2a: Tyranitar|Tyranitar, M|100/100
|-weather|Sandstorm|[from] ability: Sand Stream|[of] p2a: Tyranitar
|turn|1
|
|t:|1633783557
|move|p1a: Froslass|Spikes|p2a: Tyranitar
|-sidestart|p2: I Crit My Panties|Spikes
|move|p2a: Tyranitar|Crunch|p1a: Froslass
|-supereffective|p1a: Froslass
|-enditem|p1a: Froslass|Focus Sash
|-damage|p1a: Froslass|1/100
|
|-weather|Sandstorm|[upkeep]
|-damage|p1a: Froslass|0 fnt|[from] Sandstorm
|faint|p1a: Froslass
|upkeep
|
|t:|1633783563
|switch|p1a: Groudon|Groudon|100/100
|-weather|SunnyDay|[from] ability: Drought|[of] p1a: Groudon
|turn|2
|
|t:|1633783569
|switch|p2a: Tangrowth|Tangrowth, F|100/100
|-damage|p2a: Tangrowth|88/100|[from] Spikes
|move|p1a: Groudon|Rock Polish|p1a: Groudon
|-boost|p1a: Groudon|spe|2
|
|-weather|SunnyDay|[upkeep]
|upkeep
|turn|3
|
|t:|1633783576
|move|p1a: Groudon|Swords Dance|p1a: Groudon
|-boost|p1a: Groudon|atk|2
|move|p2a: Tangrowth|Sleep Powder|p1a: Groudon
|-status|p1a: Groudon|slp|[from] move: Sleep Powder
|-enditem|p1a: Groudon|Lum Berry|[eat]
|-curestatus|p1a: Groudon|slp|[msg]
|
|-weather|SunnyDay|[upkeep]
|upkeep
|turn|4
|
|t:|1633783581
|move|p1a: Groudon|Stone Edge|p2a: Tangrowth
|-damage|p2a: Tangrowth|46/100
|move|p2a: Tangrowth|Grass Knot|p1a: Groudon
|-supereffective|p1a: Groudon
|-damage|p1a: Groudon|2/100
|
|-weather|SunnyDay|[upkeep]
|upkeep
|turn|5
|
|t:|1633783594
|switch|p2a: Tyranitar|Tyranitar, M|100/100
|-damage|p2a: Tyranitar|88/100|[from] Spikes
|-weather|Sandstorm|[from] ability: Sand Stream|[of] p2a: Tyranitar
|move|p1a: Groudon|Precipice Blades|p2a: Tyranitar
|-supereffective|p2a: Tyranitar
|-damage|p2a: Tyranitar|0 fnt
|faint|p2a: Tyranitar
|
|-weather|Sandstorm|[upkeep]
|upkeep
|
|t:|1633783595
|switch|p2a: Excadrill|Excadrill, M|100/100
|-damage|p2a: Excadrill|88/100|[from] Spikes
|turn|6
|
|t:|1633783599
|move|p2a: Excadrill|Rapid Spin|p1a: Groudon
|-damage|p1a: Groudon|0 fnt
|-boost|p2a: Excadrill|spe|1
|-sideend|p2: I Crit My Panties|Spikes|[from] move: Rapid Spin|[of] p2a: Excadrill
|faint|p1a: Groudon
|
|-weather|Sandstorm|[upkeep]
|-heal|p2a: Excadrill|94/100|[from] item: Leftovers
|upkeep
|
|t:|1633783616
|switch|p1a: Grimmsnarl|Grimmsnarl, M|100/100
|turn|7
|
|t:|1633783618
|move|p1a: Grimmsnarl|Reflect|p1a: Grimmsnarl
|-sidestart|p1: OUTB Spirit Bomb|Reflect
|move|p2a: Excadrill|Toxic|p1a: Grimmsnarl
|-status|p1a: Grimmsnarl|tox
|
|-weather|Sandstorm|[upkeep]
|-damage|p1a: Grimmsnarl|94/100 tox|[from] Sandstorm
|-heal|p2a: Excadrill|99/100|[from] item: Leftovers
|-damage|p1a: Grimmsnarl|88/100 tox|[from] psn
|upkeep
|turn|8
|
|t:|1633783623
|switch|p2a: Tangrowth|Tangrowth, F|79/100
|move|p1a: Grimmsnarl|Light Screen|p1a: Grimmsnarl
|-sidestart|p1: OUTB Spirit Bomb|move: Light Screen
|
|-weather|Sandstorm|[upkeep]
|-damage|p1a: Grimmsnarl|82/100 tox|[from] Sandstorm
|-damage|p2a: Tangrowth|73/100|[from] Sandstorm
|-damage|p1a: Grimmsnarl|70/100 tox|[from] psn
|upkeep
|turn|9
|
|t:|1633783626
|move|p1a: Grimmsnarl|Taunt|p2a: Tangrowth
|-start|p2a: Tangrowth|move: Taunt
|cant|p2a: Tangrowth|move: Taunt|Leech Seed
|
|-weather|none
|-damage|p1a: Grimmsnarl|52/100 tox|[from] psn
|upkeep
|turn|10
|
|t:|1633783630
|switch|p1a: Necrozma|Necrozma-Dusk-Mane|100/100
|switch|p2a: Excadrill|Excadrill, M|99/100
|
|-heal|p2a: Excadrill|100/100|[from] item: Leftovers
|upkeep
|turn|11
|
|t:|1633783632
|switch|p2a: Tangrowth|Tangrowth, F|100/100
|move|p1a: Necrozma|Dragon Dance|p1a: Necrozma
|-boost|p1a: Necrozma|atk|1
|-boost|p1a: Necrozma|spe|1
|
|upkeep
|turn|12
|
|t:|1633783639
|move|p1a: Necrozma|Dragon Dance|p1a: Necrozma
|-boost|p1a: Necrozma|atk|1
|-boost|p1a: Necrozma|spe|1
|move|p2a: Tangrowth|Sleep Powder|p1a: Necrozma
|-status|p1a: Necrozma|slp|[from] move: Sleep Powder
|
|upkeep
|turn|13
|
|t:|1633783641
|cant|p1a: Necrozma|slp
|move|p2a: Tangrowth|Leech Seed|p1a: Necrozma
|-start|p1a: Necrozma|move: Leech Seed
|
|-damage|p1a: Necrozma|88/100 slp|[from] Leech Seed|[of] p2a: Tangrowth
|upkeep
|turn|14
|
|t:|1633783643
|cant|p1a: Necrozma|slp
|move|p2a: Tangrowth|Earthquake|p1a: Necrozma
|-supereffective|p1a: Necrozma
|-damage|p1a: Necrozma|74/100 slp
|-enditem|p1a: Necrozma|Weakness Policy
|-boost|p1a: Necrozma|atk|2|[from] item: Weakness Policy
|-boost|p1a: Necrozma|spa|2|[from] item: Weakness Policy
|
|-damage|p1a: Necrozma|62/100 slp|[from] Leech Seed|[of] p2a: Tangrowth
|-sideend|p1: OUTB Spirit Bomb|Reflect
|upkeep
|turn|15
|
|t:|1633783646
|-curestatus|p1a: Necrozma|slp|[msg]
|move|p1a: Necrozma|Sunsteel Strike|p2a: Tangrowth
|-damage|p2a: Tangrowth|0 fnt
|-damage|p1a: Necrozma|45/100|[from] item: Rocky Helmet|[of] p2a: Tangrowth
|faint|p2a: Tangrowth
|
|-sideend|p1: OUTB Spirit Bomb|move: Light Screen
|upkeep
|
|t:|1633783657
|switch|p2a: Necrozma|Necrozma-Dusk-Mane|100/100
|turn|16
|
|t:|1633783662
|move|p1a: Necrozma|Earthquake|p2a: Necrozma
|-supereffective|p2a: Necrozma
|-damage|p2a: Necrozma|0 fnt
|faint|p2a: Necrozma
|
|upkeep
|-message|I Crit My Panties forfeited.
|
|win|OUTB Spirit Bomb
|raw|OUTB Spirit Bomb's rating: 1296 &rarr; <strong>1334</strong><br />(+38 for winning)
|raw|I Crit My Panties's rating: 1501 &rarr; <strong>1470</strong><br />(-31 for losing)
|l|☆I Crit My Panties
