|raw|<div class="broadcast-blue"><strong>This battle is required to be public due to a player having a name starting with 'ULTBG7V'.</div>
|j|☆ULTBG7V Staxi
|j|☆ULTBG7V Fat
|t:|1621874768
|gametype|singles
|player|p1|ULTBG7V Staxi|#teamhoopa|1722
|player|p2|ULTBG7V Fat|misty|1721
|teamsize|p1|6
|teamsize|p2|6
|gen|8
|tier|[Gen 8] Ubers
|rated|
|rule|Sleep Clause Mod: Limit one foe put to sleep
|rule|Species Clause: Limit one of each Pokémon
|rule|OHKO Clause: OHKO moves are banned
|rule|Evasion Moves Clause: Evasion moves are banned
|rule|Endless Battle Clause: Forcing endless battles is banned
|rule|HP Percentage Mod: HP is shown in percentages
|rule|Dynamax Clause: You cannot dynamax
|clearpoke
|poke|p1|Ditto|
|poke|p1|Necrozma-Dusk-Mane|
|poke|p1|Tapu Bulu|
|poke|p1|Zygarde|
|poke|p1|Eternatus|
|poke|p1|Yveltal|
|poke|p2|Eternatus|
|poke|p2|Necrozma-Dusk-Mane|
|poke|p2|Yveltal|
|poke|p2|Groudon|
|poke|p2|Ho-Oh|
|poke|p2|Zacian-*|
|teampreview
|j| ULTBG7V qrts
|c|☆ULTBG7V Fat|bruh
|j| mc56556@!
|j| SiTuM.
|c|☆ULTBG7V Staxi|lol
|j|+steel skitty
|c|+steel skitty|bruh
|j| ULTBG7V No rage
|c|☆ULTBG7V Fat|also I don’t get
|c|☆ULTBG7V Fat|why are you #2
|c|+steel skitty|lol why are u using fardins dgshit
|c|☆ULTBG7V Fat|and I’m #3
|j| Bunny Girl Mai
|c|☆ULTBG7V Fat|when I have a higher gxe
|c|☆ULTBG7V Fat|?????
|c|☆ULTBG7V Staxi|because i've been at 1722 first
|c|☆ULTBG7V Fat|interesting
|c|☆ULTBG7V Fat|LT are wack
|inactive|Battle timer is ON: inactive players will automatically lose when time's up. (requested by ULTBG7V Staxi)
|c|☆ULTBG7V Fat|anyways gl
|
|t:|1621874827
|start
|switch|p1a: Yveltal|Yveltal|100/100
|switch|p2a: Eternatus|Eternatus|100/100
|-ability|p2a: Eternatus|Pressure
|-ability|p1a: Yveltal|Dark Aura
|turn|1
|j| plat27
|inactive|ULTBG7V Staxi has 120 seconds left.
|
|t:|1621874866
|move|p2a: Eternatus|Flamethrower|p1a: Yveltal
|-damage|p1a: Yveltal|80/100
|move|p1a: Yveltal|Knock Off|p2a: Eternatus
|-damage|p2a: Eternatus|60/100
|-enditem|p2a: Eternatus|Heavy-Duty Boots|[from] move: Knock Off|[of] p1a: Yveltal
|
|upkeep
|turn|2
|l| Bunny Girl Mai
|inactive|ULTBG7V Staxi has 120 seconds left.
|
|t:|1621874875
|switch|p1a: Necrozma|Necrozma-Dusk-Mane|100/100
|move|p2a: Eternatus|Recover|p2a: Eternatus
|-heal|p2a: Eternatus|100/100
|
|upkeep
|turn|3
|j| fardin ❤
|
|t:|1621874884
|switch|p2a: Groudon|Groudon|100/100
|-weather|SunnyDay|[from] ability: Drought|[of] p2a: Groudon
|move|p1a: Necrozma|Stealth Rock|p2a: Groudon
|-sidestart|p2: ULTBG7V Fat|move: Stealth Rock
|
|-weather|SunnyDay|[upkeep]
|upkeep
|turn|4
|j| Bunny Girl Mai
|
|t:|1621874897
|switch|p1a: Zygarde|Zygarde|100/100
|move|p2a: Groudon|Swords Dance|p2a: Groudon
|-boost|p2a: Groudon|atk|2
|
|-weather|SunnyDay|[upkeep]
|upkeep
|turn|5
|j| Free De La Hola
|c| fardin ❤|steel skitty fuck u mean
|c| fardin ❤|bulu is heat
|c|+steel skitty|get good?
|
|t:|1621874915
|switch|p1a: Yveltal|Yveltal|80/100
|-ability|p1a: Yveltal|Dark Aura
|move|p2a: Groudon|Precipice Blades|p1a: Yveltal
|-immune|p1a: Yveltal
|
|-weather|SunnyDay|[upkeep]
|upkeep
|turn|6
|l| Bunny Girl Mai
|c| plat27|kitty s steel
|
|t:|1621874925
|switch|p2a: Eternatus|Eternatus|100/100
|-damage|p2a: Eternatus|88/100|[from] Stealth Rock
|-ability|p2a: Eternatus|Pressure
|move|p1a: Yveltal|Knock Off|p2a: Eternatus
|-damage|p2a: Eternatus|61/100
|
|-weather|SunnyDay|[upkeep]
|upkeep
|turn|7
|j| Bunny Girl Mai
|c|+steel skitty|p-lat2.7
|
|t:|1621874939
|move|p2a: Eternatus|Dynamax Cannon|p1a: Yveltal
|-damage|p1a: Yveltal|46/100
|move|p1a: Yveltal|Roost|p1a: Yveltal
|-heal|p1a: Yveltal|96/100
|-singleturn|p1a: Yveltal|move: Roost
|
|-weather|none
|upkeep
|turn|8
|
|t:|1621874944
|switch|p1a: Necrozma|Necrozma-Dusk-Mane|100/100
|move|p2a: Eternatus|Recover|p2a: Eternatus
|-heal|p2a: Eternatus|100/100
|
|upkeep
|turn|9
|j| TannerFrmHghschool
|
|t:|1621874955
|move|p2a: Eternatus|Flamethrower|p1a: Necrozma
|-supereffective|p1a: Necrozma
|-damage|p1a: Necrozma|67/100
|move|p1a: Necrozma|Sunsteel Strike|p2a: Eternatus
|-damage|p2a: Eternatus|63/100
|
|upkeep
|turn|10
|l| Bunny Girl Mai
|
|t:|1621874963
|move|p2a: Eternatus|Recover|p2a: Eternatus
|-heal|p2a: Eternatus|100/100
|move|p1a: Necrozma|Morning Sun|p1a: Necrozma
|-heal|p1a: Necrozma|100/100
|
|upkeep
|turn|11
|
|t:|1621874965
|move|p2a: Eternatus|Flamethrower|p1a: Necrozma
|-supereffective|p1a: Necrozma
|-damage|p1a: Necrozma|65/100
|move|p1a: Necrozma|Earthquake|p2a: Eternatus
|-supereffective|p2a: Eternatus
|-damage|p2a: Eternatus|45/100
|
|upkeep
|turn|12
|
|t:|1621874971
|move|p2a: Eternatus|Recover|p2a: Eternatus
|-heal|p2a: Eternatus|95/100
|move|p1a: Necrozma|Earthquake|p2a: Eternatus
|-supereffective|p2a: Eternatus
|-damage|p2a: Eternatus|44/100
|
|upkeep
|turn|13
|j| Bunny Girl Mai
|
|t:|1621874975
|move|p2a: Eternatus|Recover|p2a: Eternatus
|-heal|p2a: Eternatus|94/100
|move|p1a: Necrozma|Earthquake|p2a: Eternatus
|-supereffective|p2a: Eternatus
|-damage|p2a: Eternatus|38/100
|
|upkeep
|turn|14
|
|t:|1621874981
|switch|p2a: Ho-Oh|Ho-Oh|100/100
|move|p1a: Necrozma|Earthquake|p2a: Ho-Oh
|-immune|p2a: Ho-Oh
|
|upkeep
|turn|15
|
|t:|1621875008
|switch|p1a: Zygarde|Zygarde|100/100
|move|p2a: Ho-Oh|Defog|p1a: Zygarde
|-unboost|p1a: Zygarde|evasion|1
|-sideend|p2: ULTBG7V Fat|Stealth Rock|[from] move: Defog|[of] p2a: Ho-Oh
|
|upkeep
|turn|16
|
|t:|1621875031
|move|p1a: Zygarde|Substitute|p1a: Zygarde
|-start|p1a: Zygarde|Substitute
|-damage|p1a: Zygarde|76/100
|move|p2a: Ho-Oh|Whirlwind|p1a: Zygarde
|drag|p1a: Eternatus|Eternatus|100/100
|-ability|p1a: Eternatus|Pressure
|
|upkeep
|turn|17
|
|t:|1621875038
|switch|p1a: Zygarde|Zygarde|76/100
|switch|p2a: Necrozma|Necrozma-Dusk-Mane|100/100
|
|-heal|p1a: Zygarde|82/100|[from] item: Leftovers
|upkeep
|turn|18
|
|t:|1621875048
|move|p1a: Zygarde|Substitute|p1a: Zygarde
|-start|p1a: Zygarde|Substitute
|-damage|p1a: Zygarde|57/100
|move|p2a: Necrozma|Sunsteel Strike|p1a: Zygarde
|-end|p1a: Zygarde|Substitute
|
|-heal|p1a: Zygarde|63/100|[from] item: Leftovers
|upkeep
|turn|19
|
|t:|1621875057
|switch|p2a: Ho-Oh|Ho-Oh|100/100
|move|p1a: Zygarde|Substitute|p1a: Zygarde
|-start|p1a: Zygarde|Substitute
|-damage|p1a: Zygarde|38/100
|
|-heal|p1a: Zygarde|44/100|[from] item: Leftovers
|-activate|p1a: Zygarde|ability: Power Construct
|detailschange|p1a: Zygarde|Zygarde-Complete
|-heal|p1a: Zygarde|65/100|[silent]
|upkeep
|turn|20
|
|t:|1621875059
|move|p1a: Zygarde|Dragon Tail|p2a: Ho-Oh
|-damage|p2a: Ho-Oh|84/100
|drag|p2a: Eternatus|Eternatus|38/100
|-ability|p2a: Eternatus|Pressure
|
|-heal|p1a: Zygarde|71/100|[from] item: Leftovers
|upkeep
|turn|21
|
|t:|1621875066
|move|p2a: Eternatus|Recover|p2a: Eternatus
|-heal|p2a: Eternatus|89/100
|move|p1a: Zygarde|Dragon Dance|p1a: Zygarde
|-boost|p1a: Zygarde|atk|1
|-boost|p1a: Zygarde|spe|1
|
|-heal|p1a: Zygarde|78/100|[from] item: Leftovers
|upkeep
|turn|22
|
|t:|1621875071
|move|p1a: Zygarde|Thousand Arrows|p2a: Eternatus
|-supereffective|p2a: Eternatus
|-damage|p2a: Eternatus|0 fnt
|faint|p2a: Eternatus
|
|-heal|p1a: Zygarde|84/100|[from] item: Leftovers
|upkeep
|
|t:|1621875078
|switch|p2a: Yveltal|Yveltal|100/100
|-ability|p2a: Yveltal|Dark Aura
|turn|23
|c|☆ULTBG7V Fat|tbh I didn’t expect that to kill
|
|t:|1621875098
|move|p2a: Yveltal|Foul Play|p1a: Zygarde
|-end|p1a: Zygarde|Substitute
|move|p1a: Zygarde|Dragon Tail|p2a: Yveltal
|-damage|p2a: Yveltal|65/100
|drag|p2a: Necrozma|Necrozma-Dusk-Mane|100/100
|
|-heal|p1a: Zygarde|90/100|[from] item: Leftovers
|upkeep
|turn|24
|l| Bunny Girl Mai
|c|☆ULTBG7V Fat|maybe I’ve been so desensitized by zyg being so weak
|inactive|ULTBG7V Fat has 120 seconds left.
|
|t:|1621875131
|switch|p2a: Ho-Oh|Ho-Oh|100/100
|move|p1a: Zygarde|Substitute|p1a: Zygarde
|-start|p1a: Zygarde|Substitute
|-damage|p1a: Zygarde|65/100
|
|-heal|p1a: Zygarde|71/100|[from] item: Leftovers
|upkeep
|turn|25
|
|t:|1621875134
|move|p1a: Zygarde|Dragon Tail|p2a: Ho-Oh
|-crit|p2a: Ho-Oh
|-damage|p2a: Ho-Oh|62/100
|drag|p2a: Yveltal|Yveltal|65/100
|-ability|p2a: Yveltal|Dark Aura
|
|-heal|p1a: Zygarde|78/100|[from] item: Leftovers
|upkeep
|turn|26
|
|t:|1621875141
|move|p2a: Yveltal|Foul Play|p1a: Zygarde
|-end|p1a: Zygarde|Substitute
|move|p1a: Zygarde|Thousand Arrows|p2a: Yveltal
|-damage|p2a: Yveltal|17/100
|-start|p2a: Yveltal|Smack Down
|
|-heal|p1a: Zygarde|84/100|[from] item: Leftovers
|upkeep
|turn|27
|
|t:|1621875150
|move|p2a: Yveltal|Foul Play|p1a: Zygarde
|-damage|p1a: Zygarde|46/100
|move|p1a: Zygarde|Thousand Arrows|p2a: Yveltal
|-damage|p2a: Yveltal|0 fnt
|faint|p2a: Yveltal
|
|-heal|p1a: Zygarde|52/100|[from] item: Leftovers
|upkeep
|
|t:|1621875152
|switch|p2a: Zacian|Zacian|100/100
|-ability|p2a: Zacian|Intrepid Sword|boost
|-boost|p2a: Zacian|atk|1
|turn|28
|
|t:|1621875161
|switch|p1a: Necrozma|Necrozma-Dusk-Mane|65/100
|move|p2a: Zacian|Close Combat|p1a: Necrozma
|-damage|p1a: Necrozma|11/100
|-unboost|p2a: Zacian|def|1
|-unboost|p2a: Zacian|spd|1
|-damage|p2a: Zacian|84/100|[from] item: Rocky Helmet|[of] p1a: Necrozma
|
|upkeep
|turn|29
|
|t:|1621875173
|switch|p1a: Eternatus|Eternatus|100/100
|-ability|p1a: Eternatus|Pressure
|move|p2a: Zacian|Close Combat|p1a: Eternatus
|-resisted|p1a: Eternatus
|-damage|p1a: Eternatus|58/100
|-unboost|p2a: Zacian|def|1
|-unboost|p2a: Zacian|spd|1
|
|upkeep
|turn|30
|j| ULTBG7V solrock
|
|t:|1621875180
|switch|p2a: Ho-Oh|Ho-Oh|95/100
|move|p1a: Eternatus|Recover|p1a: Eternatus
|-heal|p1a: Eternatus|100/100
|
|upkeep
|turn|31
|
|t:|1621875189
|move|p1a: Eternatus|Sludge Bomb|p2a: Ho-Oh
|-damage|p2a: Ho-Oh|62/100
|-damage|p1a: Eternatus|91/100|[from] item: Life Orb
|move|p2a: Ho-Oh|Thunder Wave|p1a: Eternatus
|-status|p1a: Eternatus|par
|
|upkeep
|turn|32
|j| Indercover
|
|t:|1621875216
|switch|p2a: Groudon|Groudon|100/100
|-weather|SunnyDay|[from] ability: Drought|[of] p2a: Groudon
|move|p1a: Eternatus|Sludge Bomb|p2a: Groudon
|-resisted|p2a: Groudon
|-damage|p2a: Groudon|67/100
|-damage|p1a: Eternatus|81/100 par|[from] item: Life Orb
|
|-weather|SunnyDay|[upkeep]
|-heal|p2a: Groudon|73/100|[from] item: Leftovers
|upkeep
|turn|33
|
|t:|1621875229
|switch|p1a: Yveltal|Yveltal|96/100
|-ability|p1a: Yveltal|Dark Aura
|move|p2a: Groudon|Rock Tomb|p1a: Yveltal
|-supereffective|p1a: Yveltal
|-damage|p1a: Yveltal|51/100
|-unboost|p1a: Yveltal|spe|1
|
|-weather|SunnyDay|[upkeep]
|-heal|p2a: Groudon|79/100|[from] item: Leftovers
|upkeep
|turn|34
|
|t:|1621875236
|switch|p1a: Ditto|Ditto|100/100
|-transform|p1a: Ditto|p2a: Groudon|[from] ability: Imposter
|move|p2a: Groudon|Heat Crash|p1a: Ditto
|-damage|p1a: Ditto|76/100
|
|-weather|SunnyDay|[upkeep]
|-heal|p2a: Groudon|85/100|[from] item: Leftovers
|upkeep
|turn|35
|
|t:|1621875247
|move|p1a: Ditto|Heat Crash|p2a: Groudon
|-damage|p2a: Groudon|67/100
|move|p2a: Groudon|Precipice Blades|p1a: Ditto
|-damage|p1a: Ditto|6/100
|
|-weather|SunnyDay|[upkeep]
|-heal|p2a: Groudon|73/100|[from] item: Leftovers
|upkeep
|turn|36
|
|t:|1621875254
|switch|p1a: Necrozma|Necrozma-Dusk-Mane|11/100
|move|p2a: Groudon|Rock Tomb|p1a: Necrozma
|-resisted|p1a: Necrozma
|-damage|p1a: Necrozma|4/100
|-unboost|p1a: Necrozma|spe|1
|
|-weather|none
|-heal|p2a: Groudon|80/100|[from] item: Leftovers
|upkeep
|turn|37
|
|t:|1621875259
|move|p2a: Groudon|Heat Crash|p1a: Necrozma
|-supereffective|p1a: Necrozma
|-damage|p1a: Necrozma|0 fnt
|-damage|p2a: Groudon|63/100|[from] item: Rocky Helmet|[of] p1a: Necrozma
|faint|p1a: Necrozma
|
|-heal|p2a: Groudon|69/100|[from] item: Leftovers
|upkeep
|
|t:|1621875267
|switch|p1a: Ditto|Ditto|6/100
|-transform|p1a: Ditto|p2a: Groudon|[from] ability: Imposter
|-weather|SunnyDay|[from] ability: Drought|[of] p1a: Ditto
|turn|38
|
|t:|1621875273
|switch|p2a: Ho-Oh|Ho-Oh|95/100
|move|p1a: Ditto|Precipice Blades|p2a: Ho-Oh
|-immune|p2a: Ho-Oh
|
|-weather|SunnyDay|[upkeep]
|upkeep
|turn|39
|l| TannerFrmHghschool
|
|t:|1621875286
|switch|p1a: Tapu Bulu|Tapu Bulu|100/100
|-fieldstart|move: Grassy Terrain|[from] ability: Grassy Surge|[of] p1a: Tapu Bulu
|switch|p2a: Zacian|Zacian|84/100
|-ability|p2a: Zacian|Intrepid Sword|boost
|-boost|p2a: Zacian|atk|1
|
|-weather|SunnyDay|[upkeep]
|-heal|p2a: Zacian|90/100|[from] Grassy Terrain
|upkeep
|turn|40
|
|t:|1621875294
|move|p2a: Zacian|Play Rough|p1a: Tapu Bulu|[miss]
|-miss|p2a: Zacian|p1a: Tapu Bulu
|move|p1a: Tapu Bulu|Dazzling Gleam|p2a: Zacian
|-damage|p2a: Zacian|70/100
|
|-weather|SunnyDay|[upkeep]
|-heal|p2a: Zacian|76/100|[from] Grassy Terrain
|upkeep
|turn|41
|
|t:|1621875299
|move|p2a: Zacian|Play Rough|p1a: Tapu Bulu
|-damage|p1a: Tapu Bulu|19/100
|move|p1a: Tapu Bulu|Dazzling Gleam|p2a: Zacian
|-damage|p2a: Zacian|56/100
|
|-weather|SunnyDay|[upkeep]
|-heal|p2a: Zacian|62/100|[from] Grassy Terrain
|-heal|p1a: Tapu Bulu|25/100|[from] Grassy Terrain
|upkeep
|turn|42
|c|☆ULTBG7V Fat|!dt tapu bulu
|raw|<div class="message"><ul class="utilichart"><li class="result"><span class="col numcol">UU</span> <span class="col iconcol"><psicon pokemon="tapubulu"/></span> <span class="col pokemonnamecol" style="white-space:nowrap"><a href="https://dex.pokemonshowdown.com/pokemon/tapubulu" target="_blank">Tapu Bulu</a></span> <span class="col typecol"><img src="https://play.pokemonshowdown.com/sprites/types/Grass.png" alt="Grass" height="14" width="32"><img src="https://play.pokemonshowdown.com/sprites/types/Fairy.png" alt="Fairy" height="14" width="32"></span> <span style="float:left;min-height:26px"><span class="col abilitycol">Grassy Surge</span><span class="col abilitycol"><em>Telepathy</em></span></span><span style="float:left;min-height:26px"><span class="col statcol"><em>HP</em><br />70</span> <span class="col statcol"><em>Atk</em><br />130</span> <span class="col statcol"><em>Def</em><br />115</span> <span class="col statcol"><em>SpA</em><br />85</span> <span class="col statcol"><em>SpD</em><br />95</span> <span class="col statcol"><em>Spe</em><br />75</span> <span class="col bstcol"><em>BST<br />570</em></span> </span></li><li style="clear:both"></li></ul></div>
|raw|<font size="1"><font color="#686868">Dex#:</font> 787&nbsp;|&ThickSpace;<font color="#686868">Gen:</font> 7&nbsp;|&ThickSpace;<font color="#686868">Height:</font> 1.9 m&nbsp;|&ThickSpace;<font color="#686868">Weight:</font> 45.5 kg <em>(60 BP)</em>&nbsp;|&ThickSpace;<font color="#686868">Dex Colour:</font> Red&nbsp;|&ThickSpace;<font color="#686868">Egg Group(s):</font> Undiscovered&nbsp;|&ThickSpace;<font color="#686868">Does Not Evolve</font></font>

|c|☆ULTBG7V Fat|gvie this play rough
|
|t:|1621875316
|move|p2a: Zacian|Play Rough|p1a: Tapu Bulu
|-crit|p1a: Tapu Bulu
|-damage|p1a: Tapu Bulu|0 fnt
|faint|p1a: Tapu Bulu
|
|-weather|none
|-heal|p2a: Zacian|68/100|[from] Grassy Terrain
|upkeep
|
|t:|1621875321
|switch|p1a: Ditto|Ditto|6/100
|-transform|p1a: Ditto|p2a: Zacian|[from] ability: Imposter
|-ability|p1a: Ditto|Intrepid Sword|boost
|-boost|p1a: Ditto|atk|1
|turn|43
|
|t:|1621875325
|switch|p1a: Zygarde|Zygarde-Complete|52/100
|switch|p2a: Necrozma|Necrozma-Dusk-Mane|100/100
|
|-heal|p1a: Zygarde|58/100|[from] Grassy Terrain
|-heal|p1a: Zygarde|65/100|[from] item: Leftovers
|-fieldend|move: Grassy Terrain
|upkeep
|turn|44
|l| ULTBG7V No rage
|
|t:|1621875342
|switch|p2a: Zacian|Zacian|68/100
|-ability|p2a: Zacian|Intrepid Sword|boost
|-boost|p2a: Zacian|atk|1
|move|p1a: Zygarde|Substitute|p1a: Zygarde
|-start|p1a: Zygarde|Substitute
|-damage|p1a: Zygarde|40/100
|
|-heal|p1a: Zygarde|46/100|[from] item: Leftovers
|upkeep
|turn|45
|
|t:|1621875361
|move|p2a: Zacian|Play Rough|p1a: Zygarde
|-supereffective|p1a: Zygarde
|-end|p1a: Zygarde|Substitute
|move|p1a: Zygarde|Thousand Arrows|p2a: Zacian
|-damage|p2a: Zacian|30/100
|
|-heal|p1a: Zygarde|52/100|[from] item: Leftovers
|upkeep
|turn|46
|
|t:|1621875366
|switch|p1a: Eternatus|Eternatus|81/100 par
|-ability|p1a: Eternatus|Pressure
|move|p2a: Zacian|Play Rough|p1a: Eternatus
|-damage|p1a: Eternatus|0 fnt
|faint|p1a: Eternatus
|
|upkeep
|
|t:|1621875368
|switch|p1a: Ditto|Ditto|6/100
|-transform|p1a: Ditto|p2a: Zacian|[from] ability: Imposter
|-ability|p1a: Ditto|Intrepid Sword|boost
|-boost|p1a: Ditto|atk|1
|turn|47
|
|t:|1621875380
|switch|p2a: Ho-Oh|Ho-Oh|100/100
|move|p1a: Ditto|Crunch|p2a: Ho-Oh
|-damage|p2a: Ho-Oh|56/100
|
|upkeep
|turn|48
|
|t:|1621875386
|switch|p1a: Yveltal|Yveltal|51/100
|-ability|p1a: Yveltal|Dark Aura
|move|p2a: Ho-Oh|Sacred Fire|p1a: Yveltal
|-damage|p1a: Yveltal|11/100
|-status|p1a: Yveltal|brn
|
|-damage|p1a: Yveltal|5/100 brn|[from] brn
|upkeep
|turn|49
|
|t:|1621875412
|move|p1a: Yveltal|Toxic|p2a: Ho-Oh
|-status|p2a: Ho-Oh|tox
|move|p2a: Ho-Oh|Sacred Fire|p1a: Yveltal
|-damage|p1a: Yveltal|0 fnt
|faint|p1a: Yveltal
|
|-damage|p2a: Ho-Oh|50/100 tox|[from] psn
|upkeep
|
|t:|1621875423
|switch|p1a: Ditto|Ditto|6/100
|-transform|p1a: Ditto|p2a: Ho-Oh|[from] ability: Imposter
|turn|50
|l| plat27
|inactive|ULTBG7V Fat has 120 seconds left.
|
|t:|1621875452
|switch|p2a: Necrozma|Necrozma-Dusk-Mane|100/100
|move|p1a: Ditto|Sacred Fire|p2a: Necrozma
|-supereffective|p2a: Necrozma
|-damage|p2a: Necrozma|63/100
|-status|p2a: Necrozma|brn
|
|-heal|p2a: Necrozma|69/100 brn|[from] item: Leftovers
|-damage|p2a: Necrozma|63/100 brn|[from] brn
|upkeep
|turn|51
|inactive|ULTBG7V Fat has 120 seconds left.
|
|t:|1621875471
|switch|p1a: Zygarde|Zygarde-Complete|52/100
|move|p2a: Necrozma|Stealth Rock|p1a: Zygarde
|-sidestart|p1: ULTBG7V Staxi|move: Stealth Rock
|
|-heal|p1a: Zygarde|58/100|[from] item: Leftovers
|-heal|p2a: Necrozma|69/100 brn|[from] item: Leftovers
|-damage|p2a: Necrozma|63/100 brn|[from] brn
|upkeep
|turn|52
|
|t:|1621875476
|switch|p2a: Ho-Oh|Ho-Oh|84/100 tox
|move|p1a: Zygarde|Substitute|p1a: Zygarde
|-start|p1a: Zygarde|Substitute
|-damage|p1a: Zygarde|33/100
|
|-heal|p1a: Zygarde|40/100|[from] item: Leftovers
|-damage|p2a: Ho-Oh|78/100 tox|[from] psn
|upkeep
|turn|53
|
|t:|1621875480
|move|p1a: Zygarde|Dragon Tail|p2a: Ho-Oh
|-damage|p2a: Ho-Oh|60/100 tox
|drag|p2a: Zacian|Zacian|30/100
|-ability|p2a: Zacian|Intrepid Sword|boost
|-boost|p2a: Zacian|atk|1
|
|-heal|p1a: Zygarde|46/100|[from] item: Leftovers
|upkeep
|turn|54
|
|t:|1621875503
|switch|p2a: Ho-Oh|Ho-Oh|93/100 tox
|move|p1a: Zygarde|Dragon Dance|p1a: Zygarde
|-boost|p1a: Zygarde|atk|1
|-boost|p1a: Zygarde|spe|1
|
|-heal|p1a: Zygarde|52/100|[from] item: Leftovers
|-damage|p2a: Ho-Oh|87/100 tox|[from] psn
|upkeep
|turn|55
|j| F0C4
|
|t:|1621875506
|move|p1a: Zygarde|Dragon Tail|p2a: Ho-Oh
|-damage|p2a: Ho-Oh|61/100 tox
|drag|p2a: Zacian|Zacian|30/100
|-ability|p2a: Zacian|Intrepid Sword|boost
|-boost|p2a: Zacian|atk|1
|
|-heal|p1a: Zygarde|58/100|[from] item: Leftovers
|upkeep
|turn|56
|
|t:|1621875518
|switch|p2a: Ho-Oh|Ho-Oh|94/100 tox
|move|p1a: Zygarde|Thousand Arrows|p2a: Ho-Oh
|-damage|p2a: Ho-Oh|56/100 tox
|-start|p2a: Ho-Oh|Smack Down
|
|-heal|p1a: Zygarde|65/100|[from] item: Leftovers
|-damage|p2a: Ho-Oh|50/100 tox|[from] psn
|upkeep
|turn|57
|
|t:|1621875527
|move|p1a: Zygarde|Thousand Arrows|p2a: Ho-Oh
|-supereffective|p2a: Ho-Oh
|-damage|p2a: Ho-Oh|0 fnt
|faint|p2a: Ho-Oh
|
|-heal|p1a: Zygarde|71/100|[from] item: Leftovers
|upkeep
|
|t:|1621875533
|switch|p2a: Groudon|Groudon|69/100
|-weather|SunnyDay|[from] ability: Drought|[of] p2a: Groudon
|turn|58
|
|t:|1621875537
|move|p1a: Zygarde|Dragon Dance|p1a: Zygarde
|-boost|p1a: Zygarde|atk|1
|-boost|p1a: Zygarde|spe|1
|move|p2a: Groudon|Precipice Blades|p1a: Zygarde|[miss]
|-miss|p2a: Groudon|p1a: Zygarde
|
|-weather|SunnyDay|[upkeep]
|-heal|p1a: Zygarde|77/100|[from] item: Leftovers
|-heal|p2a: Groudon|75/100|[from] item: Leftovers
|upkeep
|turn|59
|
|t:|1621875540
|move|p1a: Zygarde|Thousand Arrows|p2a: Groudon
|-damage|p2a: Groudon|26/100
|move|p2a: Groudon|Precipice Blades|p1a: Zygarde
|-end|p1a: Zygarde|Substitute
|
|-weather|SunnyDay|[upkeep]
|-heal|p1a: Zygarde|83/100|[from] item: Leftovers
|-heal|p2a: Groudon|33/100|[from] item: Leftovers
|upkeep
|turn|60
|l| SiTuM.
|
|t:|1621875545
|move|p1a: Zygarde|Thousand Arrows|p2a: Groudon
|-damage|p2a: Groudon|0 fnt
|faint|p2a: Groudon
|
|-weather|SunnyDay|[upkeep]
|-heal|p1a: Zygarde|90/100|[from] item: Leftovers
|upkeep
|c|☆ULTBG7V Fat|gg
|c|☆ULTBG7V Staxi|gg
|
|t:|1621875551
|switch|p2a: Zacian|Zacian|30/100
|-ability|p2a: Zacian|Intrepid Sword|boost
|-boost|p2a: Zacian|atk|1
|turn|61
|
|t:|1621875556
|move|p1a: Zygarde|Thousand Arrows|p2a: Zacian
|-damage|p2a: Zacian|0 fnt
|faint|p2a: Zacian
|
|-weather|SunnyDay|[upkeep]
|-heal|p1a: Zygarde|96/100|[from] item: Leftovers
|upkeep
|-message|ULTBG7V Fat forfeited.
|
|win|ULTBG7V Staxi
|raw|ULTBG7V Staxi's rating: 1722 &rarr; <strong>1742</strong><br />(+20 for winning)
|raw|ULTBG7V Fat's rating: 1721 &rarr; <strong>1701</strong><br />(-20 for losing)
|l|☆ULTBG7V Fat
|l| F0C4
|l|☆ULTBG7V Staxi
|l| Indercover
|j| ULTBG7V crabby
|l|+steel skitty
||Ladder isn't responding, score probably updated but might not have (Request timeout).
|j| ULTBG7V Entroxx
|j| TannerFrmHghschool
|l| TannerFrmHghschool
|j| might dragon
|j| ULTBG7V Gamble
|l| ULTBG7V qrts
|l| might dragon
|l| ULTBG7V crabby
|j| Bunny Girl Mai
|l| Bunny Girl Mai
|l| fardin ❤
