|j|☆FUckyourevan
|j|☆Neutralist
|t:|1667998385
|gametype|singles
|player|p1|FUckyourevan|cynthia|1437
|player|p2|Neutralist|1|1515
|teamsize|p1|6
|teamsize|p2|6
|gen|8
|tier|[Gen 8] Ubers
|rated|
|rule|Sleep Clause Mod: Limit one foe put to sleep
|rule|Species Clause: Limit one of each Pokémon
|rule|OHKO Clause: OHKO moves are banned
|rule|Evasion Items Clause: Evasion items are banned
|rule|Evasion Moves Clause: Evasion moves are banned
|rule|Endless Battle Clause: Forcing endless battles is banned
|rule|HP Percentage Mod: HP is shown in percentages
|rule|Dynamax Clause: You cannot dynamax
|clearpoke
|poke|p1|Necrozma-Dusk-Mane|
|poke|p1|Eternatus|
|poke|p1|Yveltal|
|poke|p1|Marshadow|
|poke|p1|Xerneas-*|
|poke|p1|Giratina|
|poke|p2|Yveltal|
|poke|p2|Xerneas-*|
|poke|p2|Zekrom|
|poke|p2|Ferrothorn, M|
|poke|p2|Kyogre|
|poke|p2|Zygarde|
|teampreview
|inactive|Battle timer is ON: inactive players will automatically lose when time's up. (requested by FUckyourevan)
|
|t:|1667998393
|start
|switch|p1a: Hobbes|Necrozma-Dusk-Mane|100/100
|switch|p2a: Abyss|Kyogre|100/100
|-weather|RainDance|[from] ability: Drizzle|[of] p2a: Abyss
|turn|1
|
|t:|1667998401
|switch|p1a: 15% or more|Eternatus|100/100
|-ability|p1a: 15% or more|Pressure
|move|p2a: Abyss|Scald|p1a: 15% or more
|-resisted|p1a: 15% or more
|-damage|p1a: 15% or more|84/100
|
|-weather|RainDance|[upkeep]
|upkeep
|turn|2
|
|t:|1667998408
|switch|p2a: Cycle|Ferrothorn, M|100/100
|move|p1a: 15% or more|Toxic|p2a: Cycle
|-immune|p2a: Cycle
|
|-weather|RainDance|[upkeep]
|upkeep
|turn|3
|
|t:|1667998412
|move|p1a: 15% or more|Flamethrower|p2a: Cycle
|-supereffective|p2a: Cycle
|-damage|p2a: Cycle|58/100
|-status|p2a: Cycle|brn
|move|p2a: Cycle|Knock Off|p1a: 15% or more
|-damage|p1a: 15% or more|76/100
|-enditem|p1a: 15% or more|Heavy-Duty Boots|[from] move: Knock Off|[of] p2a: Cycle
|
|-weather|RainDance|[upkeep]
|-heal|p2a: Cycle|65/100 brn|[from] item: Leftovers
|-damage|p2a: Cycle|58/100 brn|[from] brn
|upkeep
|turn|4
|
|t:|1667998415
|move|p1a: 15% or more|Flamethrower|p2a: Cycle
|-supereffective|p2a: Cycle
|-damage|p2a: Cycle|22/100 brn
|move|p2a: Cycle|Leech Seed|p1a: 15% or more
|-start|p1a: 15% or more|move: Leech Seed
|
|-weather|RainDance|[upkeep]
|-heal|p2a: Cycle|28/100 brn|[from] item: Leftovers
|-damage|p1a: 15% or more|64/100|[from] Leech Seed|[of] p2a: Cycle
|-heal|p2a: Cycle|45/100 brn|[silent]
|-damage|p2a: Cycle|38/100 brn|[from] brn
|upkeep
|turn|5
|
|t:|1667998422
|switch|p1a: Hobbes|Necrozma-Dusk-Mane|100/100
|move|p2a: Cycle|Stealth Rock|p1a: Hobbes
|-sidestart|p1: FUckyourevan|move: Stealth Rock
|
|-weather|none
|-heal|p2a: Cycle|45/100 brn|[from] item: Leftovers
|-damage|p2a: Cycle|38/100 brn|[from] brn
|upkeep
|turn|6
|
|t:|1667998429
|move|p1a: Hobbes|Knock Off|p2a: Cycle
|-damage|p2a: Cycle|14/100 brn
|-damage|p1a: Hobbes|88/100|[from] ability: Iron Barbs|[of] p2a: Cycle
|-enditem|p2a: Cycle|Leftovers|[from] move: Knock Off|[of] p1a: Hobbes
|move|p2a: Cycle|Leech Seed|p1a: Hobbes
|-start|p1a: Hobbes|move: Leech Seed
|
|-heal|p1a: Hobbes|94/100|[from] item: Leftovers
|-damage|p1a: Hobbes|82/100|[from] Leech Seed|[of] p2a: Cycle
|-heal|p2a: Cycle|27/100 brn|[silent]
|-damage|p2a: Cycle|21/100 brn|[from] brn
|upkeep
|turn|7
|
|t:|1667998440
|switch|p1a: 15% or more|Eternatus|64/100
|-damage|p1a: 15% or more|52/100|[from] Stealth Rock
|-ability|p1a: 15% or more|Pressure
|move|p2a: Cycle|Spikes|p1a: 15% or more
|-sidestart|p1: FUckyourevan|Spikes
|
|-damage|p2a: Cycle|15/100 brn|[from] brn
|upkeep
|turn|8
|
|t:|1667998444
|switch|p2a: Abyss|Kyogre|100/100
|-weather|RainDance|[from] ability: Drizzle|[of] p2a: Abyss
|move|p1a: 15% or more|Flamethrower|p2a: Abyss
|-resisted|p2a: Abyss
|-damage|p2a: Abyss|96/100
|
|-weather|RainDance|[upkeep]
|-heal|p2a: Abyss|100/100|[from] item: Leftovers
|upkeep
|turn|9
|
|t:|1667998452
|move|p1a: 15% or more|Recover|p1a: 15% or more
|-heal|p1a: 15% or more|100/100
|move|p2a: Abyss|Scald|p1a: 15% or more
|-resisted|p1a: 15% or more
|-damage|p1a: 15% or more|82/100
|
|-weather|RainDance|[upkeep]
|upkeep
|turn|10
|
|t:|1667998457
|move|p1a: 15% or more|Dynamax Cannon|p2a: Abyss
|-damage|p2a: Abyss|73/100
|move|p2a: Abyss|Scald|p1a: 15% or more
|-resisted|p1a: 15% or more
|-damage|p1a: 15% or more|66/100
|
|-weather|RainDance|[upkeep]
|-heal|p2a: Abyss|79/100|[from] item: Leftovers
|upkeep
|turn|11
|j| Pokeymone
|
|t:|1667998465
|move|p1a: 15% or more|Toxic|p2a: Abyss
|-status|p2a: Abyss|tox
|move|p2a: Abyss|Scald|p1a: 15% or more
|-resisted|p1a: 15% or more
|-damage|p1a: 15% or more|49/100
|
|-weather|RainDance|[upkeep]
|-heal|p2a: Abyss|85/100 tox|[from] item: Leftovers
|-damage|p2a: Abyss|79/100 tox|[from] psn
|upkeep
|turn|12
|
|t:|1667998468
|move|p1a: 15% or more|Recover|p1a: 15% or more
|-heal|p1a: 15% or more|99/100
|move|p2a: Abyss|Roar|p1a: 15% or more
|drag|p1a: Hobbes|Necrozma-Dusk-Mane|82/100
|-damage|p1a: Hobbes|76/100|[from] Stealth Rock
|-damage|p1a: Hobbes|63/100|[from] Spikes
|
|-weather|none
|-heal|p2a: Abyss|85/100 tox|[from] item: Leftovers
|-heal|p1a: Hobbes|70/100|[from] item: Leftovers
|-damage|p2a: Abyss|73/100 tox|[from] psn
|upkeep
|turn|13
|
|t:|1667998475
|move|p2a: Abyss|Scald|p1a: Hobbes
|-damage|p1a: Hobbes|45/100
|move|p1a: Hobbes|Knock Off|p2a: Abyss
|-damage|p2a: Abyss|51/100 tox
|-enditem|p2a: Abyss|Leftovers|[from] move: Knock Off|[of] p1a: Hobbes
|
|-heal|p1a: Hobbes|52/100|[from] item: Leftovers
|-damage|p2a: Abyss|33/100 tox|[from] psn
|upkeep
|turn|14
|
|t:|1667998479
|switch|p1a: Edgelord|Yveltal|100/100
|-ability|p1a: Edgelord|Dark Aura
|move|p2a: Abyss|Scald|p1a: Edgelord
|-damage|p1a: Edgelord|80/100
|
|-damage|p2a: Abyss|8/100 tox|[from] psn
|upkeep
|turn|15
|
|t:|1667998485
|move|p1a: Edgelord|U-turn|p2a: Abyss
|-damage|p2a: Abyss|0 fnt
|faint|p2a: Abyss
|
|t:|1667998489
|switch|p1a: Literally Satan|Giratina, shiny|100/100|[from]move: U-turn
|-damage|p1a: Literally Satan|88/100|[from] Stealth Rock
|-damage|p1a: Literally Satan|75/100|[from] Spikes
|-ability|p1a: Literally Satan|Pressure
|
|-heal|p1a: Literally Satan|82/100|[from] item: Leftovers
|upkeep
|
|t:|1667998495
|switch|p2a: Nukem|Xerneas|100/100
|-ability|p2a: Nukem|Fairy Aura
|turn|16
|
|t:|1667998502
|move|p2a: Nukem|Geomancy||[still]
|-prepare|p2a: Nukem|Geomancy
|-enditem|p2a: Nukem|Power Herb
|-anim|p2a: Nukem|Geomancy|p2a: Nukem
|-boost|p2a: Nukem|spa|2
|-boost|p2a: Nukem|spd|2
|-boost|p2a: Nukem|spe|2
|move|p1a: Literally Satan|Defog|p2a: Nukem
|-unboost|p2a: Nukem|evasion|1
|-sideend|p1: FUckyourevan|Spikes|[from] move: Defog|[of] p1a: Literally Satan
|-sideend|p1: FUckyourevan|Stealth Rock|[from] move: Defog|[of] p1a: Literally Satan
|
|-heal|p1a: Literally Satan|88/100|[from] item: Leftovers
|upkeep
|turn|17
|c|☆Neutralist|Of course
|c|☆FUckyourevan|ah bollocks
|
|t:|1667998531
|switch|p1a: Edgelord|Yveltal|80/100
|-ability|p1a: Edgelord|Dark Aura
|move|p2a: Nukem|Moonblast|p1a: Edgelord
|-supereffective|p1a: Edgelord
|-damage|p1a: Edgelord|0 fnt
|faint|p1a: Edgelord
|
|upkeep
|c|☆Neutralist|Marshadow could be sash
|c|☆FUckyourevan|could be
|
|t:|1667998540
|switch|p1a: Hobbes|Necrozma-Dusk-Mane|52/100
|turn|18
|c|☆Neutralist|Probably is
|
|t:|1667998544
|move|p2a: Nukem|Focus Blast|p1a: Hobbes
|-damage|p1a: Hobbes|0 fnt
|faint|p1a: Hobbes
|
|upkeep
|
|t:|1667998548
|switch|p1a: The Collector|Marshadow|100/100
|turn|19
|
|t:|1667998556
|move|p2a: Nukem|Moonblast|p1a: The Collector
|-supereffective|p1a: The Collector
|-damage|p1a: The Collector|0 fnt
|faint|p1a: The Collector
|
|upkeep
|c|☆FUckyourevan|yeah so fun fact
|
|t:|1667998565
|switch|p1a: 15% or more|Eternatus|99/100
|-ability|p1a: 15% or more|Pressure
|turn|20
|c|☆Neutralist|it’s band
|c|☆Neutralist|Or LO
|c|☆FUckyourevan|life orb actually
|c|☆FUckyourevan|ye
|
|t:|1667998578
|move|p2a: Nukem|Moonblast|p1a: 15% or more
|-damage|p1a: 15% or more|16/100
|move|p1a: 15% or more|Flamethrower|p2a: Nukem
|-damage|p2a: Nukem|88/100
|
|upkeep
|turn|21
|
|t:|1667998582
|move|p2a: Nukem|Moonblast|p1a: 15% or more
|-damage|p1a: 15% or more|0 fnt
|faint|p1a: 15% or more
|
|upkeep
|c|☆FUckyourevan|mein got that did nothing
|c|☆FUckyourevan|welp
|c|☆FUckyourevan|gg wp
|-message|FUckyourevan forfeited.
|
|win|Neutralist
|raw|FUckyourevan's rating: 1437 &rarr; <strong>1421</strong><br />(-16 for losing)
|raw|Neutralist's rating: 1515 &rarr; <strong>1531</strong><br />(+16 for winning)
|l|☆FUckyourevan
