|j|☆punchthroughtheair
|j|☆Chunkomucho
|player|p1|punchthroughtheair|101|1590
|player|p2|Chunkomucho|erika|1515
|teamsize|p1|6
|teamsize|p2|6
|gametype|singles
|gen|8
|tier|[Gen 8] Ubers
|rated|
|clearpoke
|poke|p1|Zacian-Crowned|
|poke|p1|Wobbuffet, F|
|poke|p1|Ditto|
|poke|p1|Melmetal|
|poke|p1|Eternatus|
|poke|p1|Urshifu-*, F|
|poke|p2|Hatterene, F|
|poke|p2|Corviknight, M|
|poke|p2|Quagsire, M|
|poke|p2|Tyranitar, M|
|poke|p2|Ditto|
|poke|p2|Urshifu-*, M|
|rule|Sleep Clause Mod: Limit one foe put to sleep
|rule|Species Clause: Limit one of each Pokémon
|rule|OHKO Clause: OHKO moves are banned
|rule|Evasion Moves Clause: Evasion moves are banned
|rule|Endless Battle Clause: Forcing endless battles is banned
|rule|HP Percentage Mod: HP is shown in percentages
|html|Ubers Dynamax Clause: Pokémon on the <a href="https://www.smogon.com/dex/ss/formats/uber/">Ubers Dynamax Banlist</a> cannot Dynamax.
|teampreview
|inactive|Battle timer is ON: inactive players will automatically lose when time's up. (requested by punchthroughtheair)
|
|start
|switch|p1a: Zacian|Zacian-Crowned|100/100
|switch|p2a: Corviknight|Corviknight, M|100/100
|-ability|p1a: Zacian|Intrepid Sword|boost
|-boost|p1a: Zacian|atk|1
|-ability|p2a: Corviknight|Pressure
|turn|1
|
|switch|p2a: Quagsire|Quagsire, M|100/100
|move|p1a: Zacian|Fire Fang|p2a: Quagsire
|-resisted|p2a: Quagsire
|-crit|p2a: Quagsire
|-damage|p2a: Quagsire|86/100
|
|upkeep
|turn|2
|
|switch|p1a: Wobbuffet|Wobbuffet, F|100/100
|move|p2a: Quagsire|Earthquake|p1a: Wobbuffet
|-damage|p1a: Wobbuffet|79/100
|
|-heal|p1a: Wobbuffet|86/100|[from] item: Leftovers
|upkeep
|turn|3
|
|move|p1a: Wobbuffet|Encore|p2a: Quagsire
|-start|p2a: Quagsire|Encore
|move|p2a: Quagsire|Earthquake|p1a: Wobbuffet
|-damage|p1a: Wobbuffet|63/100
|
|-heal|p1a: Wobbuffet|70/100|[from] item: Leftovers
|upkeep
|turn|4
|
|switch|p2a: Tyranitar|Tyranitar, M|100/100
|-weather|Sandstorm|[from] ability: Sand Stream|[of] p2a: Tyranitar
|move|p1a: Wobbuffet|Counter||[still]
|-fail|p1a: Wobbuffet
|
|-weather|Sandstorm|[upkeep]
|-damage|p1a: Wobbuffet|63/100|[from] Sandstorm
|-heal|p1a: Wobbuffet|70/100|[from] item: Leftovers
|upkeep
|turn|5
|
|switch|p1a: Melmetal|Melmetal|100/100
|move|p2a: Tyranitar|Stealth Rock|p1a: Melmetal
|-sidestart|p1: punchthroughtheair|move: Stealth Rock
|
|-weather|Sandstorm|[upkeep]
|upkeep
|turn|6
|
|switch|p2a: Corviknight|Corviknight, M|100/100
|-ability|p2a: Corviknight|Pressure
|switch|p1a: Eternatus|Eternatus|100/100
|-damage|p1a: Eternatus|88/100|[from] Stealth Rock
|-ability|p1a: Eternatus|Pressure
|
|-weather|Sandstorm|[upkeep]
|-damage|p1a: Eternatus|82/100|[from] Sandstorm
|-heal|p1a: Eternatus|88/100|[from] item: Black Sludge
|upkeep
|turn|7
|
|switch|p2a: Tyranitar|Tyranitar, M|100/100
|move|p1a: Eternatus|Toxic Spikes|p2a: Tyranitar
|-sidestart|p2: Chunkomucho|move: Toxic Spikes
|
|-weather|Sandstorm|[upkeep]
|-damage|p1a: Eternatus|82/100|[from] Sandstorm
|-heal|p1a: Eternatus|88/100|[from] item: Black Sludge
|upkeep
|turn|8
|
|switch|p1a: Urshifu|Urshifu, F|100/100
|-damage|p1a: Urshifu|94/100|[from] Stealth Rock
|move|p2a: Tyranitar|Earthquake|p1a: Urshifu
|-damage|p1a: Urshifu|73/100
|
|-weather|none
|upkeep
|turn|9
|
|switch|p2a: Corviknight|Corviknight, M|100/100
|-ability|p2a: Corviknight|Pressure
|move|p1a: Urshifu|Substitute|p1a: Urshifu
|-start|p1a: Urshifu|Substitute
|-damage|p1a: Urshifu|48/100
|
|upkeep
|turn|10
|
|move|p1a: Urshifu|Drain Punch|p2a: Corviknight
|-damage|p2a: Corviknight|81/100
|-heal|p1a: Urshifu|59/100|[from] drain|[of] p2a: Corviknight
|-damage|p1a: Urshifu|43/100|[from] item: Rocky Helmet|[of] p2a: Corviknight
|move|p2a: Corviknight|Defog|p1a: Urshifu
|-sideend|p1: punchthroughtheair|Stealth Rock|[from] move: Defog|[of] p2a: Corviknight
|-sideend|p2: Chunkomucho|Toxic Spikes|[from] move: Defog|[of] p2a: Corviknight
|
|upkeep
|turn|11
|
|move|p1a: Urshifu|Wicked Blow|p2a: Corviknight
|-crit|p2a: Corviknight
|-damage|p2a: Corviknight|48/100
|-damage|p1a: Urshifu|27/100|[from] item: Rocky Helmet|[of] p2a: Corviknight
|move|p2a: Corviknight|Body Press|p1a: Urshifu
|-supereffective|p1a: Urshifu
|-end|p1a: Urshifu|Substitute
|
|upkeep
|turn|12
|
|move|p1a: Urshifu|Wicked Blow|p2a: Corviknight
|-crit|p2a: Corviknight
|-damage|p2a: Corviknight|19/100
|-damage|p1a: Urshifu|10/100|[from] item: Rocky Helmet|[of] p2a: Corviknight
|move|p2a: Corviknight|Roost|p2a: Corviknight
|-heal|p2a: Corviknight|69/100
|-singleturn|p2a: Corviknight|move: Roost
|
|upkeep
|turn|13
|
|switch|p1a: Wobbuffet|Wobbuffet, F|70/100
|move|p2a: Corviknight|Roost|p2a: Corviknight
|-heal|p2a: Corviknight|100/100
|-singleturn|p2a: Corviknight|move: Roost
|
|-heal|p1a: Wobbuffet|76/100|[from] item: Leftovers
|upkeep
|turn|14
|
|move|p2a: Corviknight|U-turn|p1a: Wobbuffet
|-supereffective|p1a: Wobbuffet
|-damage|p1a: Wobbuffet|55/100
|
|switch|p2a: Tyranitar|Tyranitar, M|100/100|[from]move: U-turn
|-weather|Sandstorm|[from] ability: Sand Stream|[of] p2a: Tyranitar
|move|p1a: Wobbuffet|Encore||[still]
|-fail|p1a: Wobbuffet
|
|-weather|Sandstorm|[upkeep]
|-damage|p1a: Wobbuffet|49/100|[from] Sandstorm
|-heal|p1a: Wobbuffet|55/100|[from] item: Leftovers
|upkeep
|turn|15
|
|switch|p1a: Zacian|Zacian-Crowned|100/100
|-ability|p1a: Zacian|Intrepid Sword|boost
|-boost|p1a: Zacian|atk|1
|move|p2a: Tyranitar|Stealth Rock|p1a: Zacian
|-sidestart|p1: punchthroughtheair|move: Stealth Rock
|
|-weather|Sandstorm|[upkeep]
|upkeep
|turn|16
|
|switch|p2a: Quagsire|Quagsire, M|86/100
|move|p1a: Zacian|Play Rough|p2a: Quagsire
|-damage|p2a: Quagsire|49/100
|
|-weather|Sandstorm|[upkeep]
|upkeep
|turn|17
|
|switch|p1a: Wobbuffet|Wobbuffet, F|55/100
|-damage|p1a: Wobbuffet|43/100|[from] Stealth Rock
|move|p2a: Quagsire|Recover|p2a: Quagsire
|-heal|p2a: Quagsire|99/100
|
|-weather|Sandstorm|[upkeep]
|-damage|p1a: Wobbuffet|37/100|[from] Sandstorm
|-heal|p1a: Wobbuffet|43/100|[from] item: Leftovers
|upkeep
|turn|18
|
|switch|p1a: Eternatus|Eternatus|88/100
|-damage|p1a: Eternatus|76/100|[from] Stealth Rock
|-ability|p1a: Eternatus|Pressure
|move|p2a: Quagsire|Toxic|p1a: Eternatus
|-immune|p1a: Eternatus
|
|-weather|none
|-heal|p1a: Eternatus|82/100|[from] item: Black Sludge
|upkeep
|turn|19
|
|switch|p2a: Tyranitar|Tyranitar, M|100/100
|-weather|Sandstorm|[from] ability: Sand Stream|[of] p2a: Tyranitar
|move|p1a: Eternatus|Dynamax Cannon|p2a: Tyranitar
|-damage|p2a: Tyranitar|82/100
|
|-weather|Sandstorm|[upkeep]
|-damage|p1a: Eternatus|76/100|[from] Sandstorm
|-heal|p1a: Eternatus|82/100|[from] item: Black Sludge
|upkeep
|turn|20
|
|move|p1a: Eternatus|Toxic Spikes|p2a: Tyranitar
|-sidestart|p2: Chunkomucho|move: Toxic Spikes
|move|p2a: Tyranitar|Earthquake|p1a: Eternatus
|-supereffective|p1a: Eternatus
|-damage|p1a: Eternatus|53/100
|
|-weather|Sandstorm|[upkeep]
|-damage|p1a: Eternatus|46/100|[from] Sandstorm
|-heal|p1a: Eternatus|53/100|[from] item: Black Sludge
|upkeep
|turn|21
|
|move|p1a: Eternatus|Recover|p1a: Eternatus
|-heal|p1a: Eternatus|100/100
|move|p2a: Tyranitar|Earthquake|p1a: Eternatus
|-supereffective|p1a: Eternatus
|-damage|p1a: Eternatus|72/100
|
|-weather|Sandstorm|[upkeep]
|-damage|p1a: Eternatus|65/100|[from] Sandstorm
|-heal|p1a: Eternatus|72/100|[from] item: Black Sludge
|upkeep
|turn|22
|
|move|p1a: Eternatus|Dynamax Cannon|p2a: Tyranitar
|-damage|p2a: Tyranitar|61/100
|move|p2a: Tyranitar|Snarl|p1a: Eternatus
|-damage|p1a: Eternatus|57/100
|-unboost|p1a: Eternatus|spa|1
|
|-weather|Sandstorm|[upkeep]
|-damage|p1a: Eternatus|51/100|[from] Sandstorm
|-heal|p1a: Eternatus|57/100|[from] item: Black Sludge
|upkeep
|turn|23
|
|move|p1a: Eternatus|Recover|p1a: Eternatus
|-heal|p1a: Eternatus|100/100
|move|p2a: Tyranitar|Earthquake|p1a: Eternatus
|-supereffective|p1a: Eternatus
|-damage|p1a: Eternatus|68/100
|
|-weather|none
|-heal|p1a: Eternatus|74/100|[from] item: Black Sludge
|upkeep
|turn|24
|l|☆Chunkomucho
|inactive|Chunkomucho disconnected and has a minute to reconnect!
|player|p2|
|j|☆Chunkomucho
|inactive|Chunkomucho reconnected and has 140 seconds left.
|player|p2|Chunkomucho|erika
|
|move|p1a: Eternatus|Dynamax Cannon|p2a: Tyranitar
|-damage|p2a: Tyranitar|43/100
|move|p2a: Tyranitar|Snarl|p1a: Eternatus
|-damage|p1a: Eternatus|61/100
|-unboost|p1a: Eternatus|spa|1
|
|-heal|p1a: Eternatus|67/100|[from] item: Black Sludge
|upkeep
|turn|25
|
|switch|p1a: Urshifu|Urshifu, F|10/100
|-damage|p1a: Urshifu|4/100|[from] Stealth Rock
|move|p2a: Tyranitar|Rest|p2a: Tyranitar
|-status|p2a: Tyranitar|slp|[from] move: Rest
|-heal|p2a: Tyranitar|100/100 slp|[silent]
|
|upkeep
|turn|26
|-message|punchthroughtheair forfeited.
|
|win|Chunkomucho
|l|☆punchthroughtheair
|raw|punchthroughtheair's rating: 1590 &rarr; <strong>1565</strong><br />(-25 for losing)
|raw|Chunkomucho's rating: 1515 &rarr; <strong>1540</strong><br />(+25 for winning)
