|raw|<div class="broadcast-blue"><strong>This battle is required to be public due to a player having a name starting with 'ULT8RQ'.</div>
|j|☆I Crit My Panties
|j|☆ULT8RQ Blue Monday
|t:|1621182747
|gametype|singles
|player|p1|I Crit My Panties|2|1626
|player|p2|ULT8RQ Blue Monday|zinnia|1722
|teamsize|p1|6
|teamsize|p2|6
|gen|8
|tier|[Gen 8] Ubers
|rated|
|rule|Sleep Clause Mod: Limit one foe put to sleep
|rule|Species Clause: Limit one of each Pokémon
|rule|OHKO Clause: OHKO moves are banned
|rule|Evasion Moves Clause: Evasion moves are banned
|rule|Endless Battle Clause: Forcing endless battles is banned
|rule|HP Percentage Mod: HP is shown in percentages
|rule|Dynamax Clause: You cannot dynamax
|clearpoke
|poke|p1|Yveltal|
|poke|p1|Necrozma-Dusk-Mane|
|poke|p1|Eternatus|
|poke|p1|Xerneas-*|
|poke|p1|Ho-Oh|
|poke|p1|Calyrex-Shadow|
|poke|p2|Yveltal|
|poke|p2|Ditto|
|poke|p2|Calyrex-Shadow|
|poke|p2|Necrozma-Dusk-Mane|
|poke|p2|Eternatus|
|poke|p2|Ho-Oh|
|teampreview
|inactive|Battle timer is ON: inactive players will automatically lose when time's up. (requested by ULT8RQ Blue Monday)
|c|☆ULT8RQ Blue Monday|hf
|j| ULT8RQ Raph
|
|t:|1621182769
|start
|switch|p1a: Yveltal|Yveltal|100/100
|switch|p2a: Ho-Oh|Ho-Oh|100/100
|-ability|p1a: Yveltal|Dark Aura
|turn|1
|j| oogaboogadk
|j| ULT8RQ iceman
|
|t:|1621182775
|move|p1a: Yveltal|Knock Off|p2a: Ho-Oh
|-damage|p2a: Ho-Oh|65/100
|-enditem|p2a: Ho-Oh|Heavy-Duty Boots|[from] move: Knock Off|[of] p1a: Yveltal
|move|p2a: Ho-Oh|Sacred Fire|p1a: Yveltal
|-damage|p1a: Yveltal|70/100
|-status|p1a: Yveltal|brn
|
|-damage|p1a: Yveltal|63/100 brn|[from] brn
|upkeep
|turn|2
|
|t:|1621182783
|move|p1a: Yveltal|Roost|p1a: Yveltal
|-heal|p1a: Yveltal|100/100 brn
|-singleturn|p1a: Yveltal|move: Roost
|move|p2a: Ho-Oh|Brave Bird|p1a: Yveltal
|-damage|p1a: Yveltal|61/100 brn
|-damage|p2a: Ho-Oh|51/100|[from] Recoil
|
|-damage|p1a: Yveltal|55/100 brn|[from] brn
|upkeep
|turn|3
|j| TannerFrmCollege
|
|t:|1621182792
|move|p1a: Yveltal|Roost|p1a: Yveltal
|-heal|p1a: Yveltal|100/100 brn
|-singleturn|p1a: Yveltal|move: Roost
|move|p2a: Ho-Oh|Brave Bird|p1a: Yveltal
|-damage|p1a: Yveltal|62/100 brn
|-damage|p2a: Ho-Oh|37/100|[from] Recoil
|
|-damage|p1a: Yveltal|56/100 brn|[from] brn
|upkeep
|turn|4
|
|t:|1621182800
|switch|p2a: Eternatus|Eternatus|100/100
|-ability|p2a: Eternatus|Pressure
|move|p1a: Yveltal|Roost|p1a: Yveltal
|-heal|p1a: Yveltal|100/100 brn
|-singleturn|p1a: Yveltal|move: Roost
|
|-damage|p1a: Yveltal|94/100 brn|[from] brn
|upkeep
|turn|5
|
|t:|1621182803
|switch|p2a: Ho-Oh|Ho-Oh|70/100
|switch|p1a: Necrozma|Necrozma-Dusk-Mane|100/100
|
|upkeep
|turn|6
|
|t:|1621182806
|switch|p1a: Eternatus|Eternatus|100/100
|-ability|p1a: Eternatus|Pressure
|move|p2a: Ho-Oh|Sacred Fire|p1a: Eternatus
|-resisted|p1a: Eternatus
|-damage|p1a: Eternatus|86/100
|-status|p1a: Eternatus|brn
|
|-heal|p1a: Eternatus|92/100 brn|[from] item: Black Sludge
|-damage|p1a: Eternatus|86/100 brn|[from] brn
|upkeep
|turn|7
|
|t:|1621182811
|switch|p1a: Necrozma|Necrozma-Dusk-Mane|100/100
|switch|p2a: Necrozma|Necrozma-Dusk-Mane|100/100
|
|upkeep
|turn|8
|
|t:|1621182814
|move|p1a: Necrozma|Stealth Rock|p2a: Necrozma
|-sidestart|p2: ULT8RQ Blue Monday|move: Stealth Rock
|move|p2a: Necrozma|Stealth Rock|p1a: Necrozma
|-sidestart|p1: I Crit My Panties|move: Stealth Rock
|
|upkeep
|turn|9
|
|t:|1621182818
|move|p1a: Necrozma|Earthquake|p2a: Necrozma
|-supereffective|p2a: Necrozma
|-damage|p2a: Necrozma|73/100
|move|p2a: Necrozma|Earthquake|p1a: Necrozma
|-supereffective|p1a: Necrozma
|-damage|p1a: Necrozma|73/100
|
|upkeep
|turn|10
|
|t:|1621182827
|move|p1a: Necrozma|Earthquake|p2a: Necrozma
|-supereffective|p2a: Necrozma
|-damage|p2a: Necrozma|46/100
|move|p2a: Necrozma|Earthquake|p1a: Necrozma
|-supereffective|p1a: Necrozma
|-damage|p1a: Necrozma|47/100
|
|upkeep
|turn|11
|
|t:|1621182830
|move|p1a: Necrozma|Morning Sun|p1a: Necrozma
|-heal|p1a: Necrozma|97/100
|move|p2a: Necrozma|Morning Sun|p2a: Necrozma
|-heal|p2a: Necrozma|96/100
|
|upkeep
|turn|12
|
|t:|1621182834
|move|p1a: Necrozma|Earthquake|p2a: Necrozma
|-supereffective|p2a: Necrozma
|-damage|p2a: Necrozma|68/100
|move|p2a: Necrozma|Earthquake|p1a: Necrozma
|-supereffective|p1a: Necrozma
|-damage|p1a: Necrozma|71/100
|
|upkeep
|turn|13
|
|t:|1621182839
|move|p2a: Necrozma|Earthquake|p1a: Necrozma
|-supereffective|p1a: Necrozma
|-damage|p1a: Necrozma|42/100
|move|p1a: Necrozma|Earthquake|p2a: Necrozma
|-supereffective|p2a: Necrozma
|-damage|p2a: Necrozma|43/100
|
|upkeep
|turn|14
|
|t:|1621182842
|move|p1a: Necrozma|Morning Sun|p1a: Necrozma
|-heal|p1a: Necrozma|92/100
|move|p2a: Necrozma|Morning Sun|p2a: Necrozma
|-heal|p2a: Necrozma|93/100
|
|upkeep
|turn|15
|
|t:|1621182848
|switch|p1a: Ho-Oh|Ho-Oh|100/100
|switch|p2a: Yveltal|Yveltal|100/100
|-ability|p2a: Yveltal|Dark Aura
|
|upkeep
|turn|16
|
|t:|1621182854
|move|p2a: Yveltal|Knock Off|p1a: Ho-Oh
|-damage|p1a: Ho-Oh|61/100
|-enditem|p1a: Ho-Oh|Heavy-Duty Boots|[from] move: Knock Off|[of] p2a: Yveltal
|move|p1a: Ho-Oh|Sacred Fire|p2a: Yveltal
|-damage|p2a: Yveltal|64/100
|-status|p2a: Yveltal|brn
|
|-damage|p2a: Yveltal|57/100 brn|[from] brn
|upkeep
|turn|17
|
|t:|1621182857
|move|p2a: Yveltal|Roost|p2a: Yveltal
|-heal|p2a: Yveltal|100/100 brn
|-singleturn|p2a: Yveltal|move: Roost
|move|p1a: Ho-Oh|Roost|p1a: Ho-Oh
|-heal|p1a: Ho-Oh|100/100
|-singleturn|p1a: Ho-Oh|move: Roost
|
|-damage|p2a: Yveltal|94/100 brn|[from] brn
|upkeep
|turn|18
|
|t:|1621182863
|switch|p2a: Eternatus|Eternatus|100/100
|-damage|p2a: Eternatus|88/100|[from] Stealth Rock
|-ability|p2a: Eternatus|Pressure
|move|p1a: Ho-Oh|Thunder Wave|p2a: Eternatus
|-status|p2a: Eternatus|par
|
|-heal|p2a: Eternatus|94/100 par|[from] item: Black Sludge
|upkeep
|turn|19
|
|t:|1621182869
|switch|p1a: Xerneas|Xerneas|100/100
|-damage|p1a: Xerneas|88/100|[from] Stealth Rock
|-ability|p1a: Xerneas|Fairy Aura
|switch|p2a: Calyrex|Calyrex-Shadow|100/100
|-ability|p2a: Calyrex|As One
|-ability|p2a: Calyrex|Unnerve
|-damage|p2a: Calyrex|88/100|[from] Stealth Rock
|
|-heal|p1a: Xerneas|94/100|[from] item: Leftovers
|upkeep
|turn|20
|
|t:|1621182873
|switch|p1a: Ho-Oh|Ho-Oh|100/100
|-damage|p1a: Ho-Oh|51/100|[from] Stealth Rock
|move|p2a: Calyrex|Astral Barrage|p1a: Ho-Oh
|-damage|p1a: Ho-Oh|0 fnt
|faint|p1a: Ho-Oh
|-ability|p2a: Calyrex|Grim Neigh|boost
|-boost|p2a: Calyrex|spa|1
|
|upkeep
|
|t:|1621182879
|switch|p1a: Calyrex|Calyrex-Shadow|100/100
|-ability|p1a: Calyrex|As One
|-ability|p1a: Calyrex|Unnerve
|-damage|p1a: Calyrex|88/100|[from] Stealth Rock
|turn|21
|
|t:|1621182881
|switch|p2a: Yveltal|Yveltal|94/100 brn
|-ability|p2a: Yveltal|Dark Aura
|move|p1a: Calyrex|Astral Barrage|p2a: Yveltal
|-resisted|p2a: Yveltal
|-damage|p2a: Yveltal|66/100 brn
|
|-damage|p2a: Yveltal|60/100 brn|[from] brn
|upkeep
|turn|22
|
|t:|1621182884
|switch|p1a: Xerneas|Xerneas|94/100
|-damage|p1a: Xerneas|82/100|[from] Stealth Rock
|-ability|p1a: Xerneas|Fairy Aura
|move|p2a: Yveltal|Roost|p2a: Yveltal
|-heal|p2a: Yveltal|100/100 brn
|-singleturn|p2a: Yveltal|move: Roost
|
|-heal|p1a: Xerneas|88/100|[from] item: Leftovers
|-damage|p2a: Yveltal|94/100 brn|[from] brn
|upkeep
|turn|23
|
|t:|1621182887
|switch|p2a: Necrozma|Necrozma-Dusk-Mane|93/100
|-damage|p2a: Necrozma|87/100|[from] Stealth Rock
|move|p1a: Xerneas|Aromatherapy|p1a: Xerneas
|-activate|p1a: Xerneas|move: Aromatherapy
|-curestatus|p1: Yveltal|brn|[msg]
|-curestatus|p1: Eternatus|brn|[msg]
|
|-heal|p1a: Xerneas|94/100|[from] item: Leftovers
|upkeep
|turn|24
|
|t:|1621182892
|switch|p2a: Calyrex|Calyrex-Shadow|88/100
|-ability|p2a: Calyrex|As One
|-ability|p2a: Calyrex|Unnerve
|-damage|p2a: Calyrex|76/100|[from] Stealth Rock
|move|p1a: Xerneas|Thunder Wave|p2a: Calyrex
|-status|p2a: Calyrex|par
|
|-heal|p1a: Xerneas|99/100|[from] item: Leftovers
|upkeep
|turn|25
|
|t:|1621182897
|move|p1a: Xerneas|Moonblast|p2a: Calyrex
|-damage|p2a: Calyrex|19/100 par
|cant|p2a: Calyrex|par
|
|-heal|p1a: Xerneas|100/100|[from] item: Leftovers
|upkeep
|turn|26
|
|t:|1621182904
|switch|p2a: Necrozma|Necrozma-Dusk-Mane|87/100
|-damage|p2a: Necrozma|81/100|[from] Stealth Rock
|move|p1a: Xerneas|Moonblast|p2a: Necrozma
|-resisted|p2a: Necrozma
|-damage|p2a: Necrozma|58/100
|
|upkeep
|turn|27
|
|t:|1621182909
|move|p1a: Xerneas|Thunder Wave|p2a: Necrozma
|-status|p2a: Necrozma|par
|move|p2a: Necrozma|Morning Sun|p2a: Necrozma
|-heal|p2a: Necrozma|100/100 par
|
|upkeep
|turn|28
|
|t:|1621182912
|switch|p1a: Necrozma|Necrozma-Dusk-Mane|92/100
|-damage|p1a: Necrozma|86/100|[from] Stealth Rock
|move|p2a: Necrozma|Sunsteel Strike|p1a: Necrozma
|-resisted|p1a: Necrozma
|-damage|p1a: Necrozma|73/100
|-damage|p2a: Necrozma|84/100 par|[from] item: Rocky Helmet|[of] p1a: Necrozma
|
|upkeep
|turn|29
|
|t:|1621182915
|switch|p2a: Ho-Oh|Ho-Oh|100/100
|-damage|p2a: Ho-Oh|51/100|[from] Stealth Rock
|move|p1a: Necrozma|Earthquake|p2a: Ho-Oh
|-immune|p2a: Ho-Oh
|
|upkeep
|turn|30
|l| TannerFrmCollege
|
|t:|1621182924
|switch|p1a: Eternatus|Eternatus|86/100
|-damage|p1a: Eternatus|73/100|[from] Stealth Rock
|-ability|p1a: Eternatus|Pressure
|move|p2a: Ho-Oh|Thunder Wave|p1a: Eternatus
|-status|p1a: Eternatus|par
|
|-heal|p1a: Eternatus|79/100 par|[from] item: Black Sludge
|upkeep
|turn|31
|
|t:|1621182927
|move|p2a: Ho-Oh|Brave Bird|p1a: Eternatus
|-damage|p1a: Eternatus|40/100 par
|-damage|p2a: Ho-Oh|35/100|[from] Recoil
|move|p1a: Eternatus|Toxic|p2a: Ho-Oh
|-status|p2a: Ho-Oh|tox
|
|-heal|p1a: Eternatus|46/100 par|[from] item: Black Sludge
|-damage|p2a: Ho-Oh|29/100 tox|[from] psn
|upkeep
|turn|32
|
|t:|1621182931
|switch|p1a: Necrozma|Necrozma-Dusk-Mane|73/100
|-damage|p1a: Necrozma|67/100|[from] Stealth Rock
|move|p2a: Ho-Oh|Brave Bird|p1a: Necrozma
|-resisted|p1a: Necrozma
|-damage|p1a: Necrozma|55/100
|-damage|p2a: Ho-Oh|13/100 tox|[from] item: Rocky Helmet|[of] p1a: Necrozma
|-damage|p2a: Ho-Oh|9/100 tox|[from] Recoil
|
|-damage|p2a: Ho-Oh|0 fnt|[from] psn
|faint|p2a: Ho-Oh
|upkeep
|
|t:|1621182935
|switch|p2a: Calyrex|Calyrex-Shadow|19/100 par
|-ability|p2a: Calyrex|As One
|-ability|p2a: Calyrex|Unnerve
|-damage|p2a: Calyrex|7/100 par|[from] Stealth Rock
|turn|33
|
|t:|1621182938
|switch|p1a: Yveltal|Yveltal|94/100
|-ability|p1a: Yveltal|Dark Aura
|cant|p2a: Calyrex|par
|
|upkeep
|turn|34
|c|☆ULT8RQ Blue Monday|AGRK P?ZFDapskoVEQP7
|
|t:|1621182947
|move|p1a: Yveltal|Knock Off|p2a: Calyrex
|-supereffective|p2a: Calyrex
|-damage|p2a: Calyrex|0 fnt
|-enditem|p2a: Calyrex|Choice Specs|[from] move: Knock Off|[of] p1a: Yveltal
|faint|p2a: Calyrex
|
|upkeep
|
|t:|1621182949
|switch|p2a: Eternatus|Eternatus|94/100 par
|-damage|p2a: Eternatus|82/100 par|[from] Stealth Rock
|-ability|p2a: Eternatus|Pressure
|turn|35
|
|t:|1621182952
|move|p1a: Yveltal|Knock Off|p2a: Eternatus
|-damage|p2a: Eternatus|37/100 par
|-enditem|p2a: Eternatus|Black Sludge|[from] move: Knock Off|[of] p1a: Yveltal
|move|p2a: Eternatus|Toxic|p1a: Yveltal
|-status|p1a: Yveltal|tox
|
|-damage|p1a: Yveltal|88/100 tox|[from] psn
|upkeep
|turn|36
|
|t:|1621182955
|move|p1a: Yveltal|U-turn|p2a: Eternatus
|-resisted|p2a: Eternatus
|-damage|p2a: Eternatus|29/100 par
|
|t:|1621182956
|switch|p1a: Xerneas|Xerneas|100/100|[from]move: U-turn
|-damage|p1a: Xerneas|88/100|[from] Stealth Rock
|-ability|p1a: Xerneas|Fairy Aura
|move|p2a: Eternatus|Recover|p2a: Eternatus
|-heal|p2a: Eternatus|79/100 par
|
|-heal|p1a: Xerneas|94/100|[from] item: Leftovers
|upkeep
|turn|37
|
|t:|1621182960
|move|p1a: Xerneas|Aromatherapy|p1a: Xerneas
|-activate|p1a: Xerneas|move: Aromatherapy
|-curestatus|p1: Eternatus|par|[msg]
|-curestatus|p1: Yveltal|tox|[msg]
|move|p2a: Eternatus|Recover|p2a: Eternatus
|-heal|p2a: Eternatus|100/100 par
|
|-heal|p1a: Xerneas|99/100|[from] item: Leftovers
|upkeep
|turn|38
|
|t:|1621182965
|move|p1a: Xerneas|Moonblast|p2a: Eternatus
|-damage|p2a: Eternatus|70/100 par
|-unboost|p2a: Eternatus|spa|1
|move|p2a: Eternatus|Toxic|p1a: Xerneas
|-status|p1a: Xerneas|tox
|
|-heal|p1a: Xerneas|100/100 tox|[from] item: Leftovers
|-damage|p1a: Xerneas|94/100 tox|[from] psn
|upkeep
|turn|39
|
|t:|1621182967
|move|p1a: Xerneas|Aromatherapy|p1a: Xerneas
|-activate|p1a: Xerneas|move: Aromatherapy
|-curestatus|p1a: Xerneas|tox|[msg]
|move|p2a: Eternatus|Recover|p2a: Eternatus
|-heal|p2a: Eternatus|100/100 par
|
|-heal|p1a: Xerneas|100/100|[from] item: Leftovers
|upkeep
|turn|40
|
|t:|1621182969
|switch|p1a: Eternatus|Eternatus|46/100
|-damage|p1a: Eternatus|34/100|[from] Stealth Rock
|-ability|p1a: Eternatus|Pressure
|move|p2a: Eternatus|Toxic|p1a: Eternatus
|-immune|p1a: Eternatus
|
|-heal|p1a: Eternatus|40/100|[from] item: Black Sludge
|upkeep
|turn|41
|
|t:|1621182973
|switch|p2a: Yveltal|Yveltal|94/100 brn
|-ability|p2a: Yveltal|Dark Aura
|move|p1a: Eternatus|Recover|p1a: Eternatus
|-heal|p1a: Eternatus|90/100
|
|-heal|p1a: Eternatus|96/100|[from] item: Black Sludge
|-damage|p2a: Yveltal|88/100 brn|[from] brn
|upkeep
|turn|42
|
|t:|1621182976
|move|p1a: Eternatus|Dynamax Cannon|p2a: Yveltal
|-damage|p2a: Yveltal|53/100 brn
|move|p2a: Yveltal|Knock Off|p1a: Eternatus
|-damage|p1a: Eternatus|75/100
|-enditem|p1a: Eternatus|Black Sludge|[from] move: Knock Off|[of] p2a: Yveltal
|
|-damage|p2a: Yveltal|47/100 brn|[from] brn
|upkeep
|turn|43
|
|t:|1621182980
|switch|p1a: Xerneas|Xerneas|100/100
|-damage|p1a: Xerneas|88/100|[from] Stealth Rock
|-ability|p1a: Xerneas|Fairy Aura
|move|p2a: Yveltal|Roost|p2a: Yveltal
|-heal|p2a: Yveltal|97/100 brn
|-singleturn|p2a: Yveltal|move: Roost
|
|-heal|p1a: Xerneas|94/100|[from] item: Leftovers
|-damage|p2a: Yveltal|91/100 brn|[from] brn
|upkeep
|turn|44
|
|t:|1621182984
|switch|p2a: Necrozma|Necrozma-Dusk-Mane|84/100 par
|-damage|p2a: Necrozma|78/100 par|[from] Stealth Rock
|move|p1a: Xerneas|Moonblast|p2a: Necrozma
|-resisted|p2a: Necrozma
|-damage|p2a: Necrozma|56/100 par
|
|-heal|p1a: Xerneas|99/100|[from] item: Leftovers
|upkeep
|turn|45
|
|t:|1621182988
|switch|p1a: Necrozma|Necrozma-Dusk-Mane|55/100
|-damage|p1a: Necrozma|49/100|[from] Stealth Rock
|cant|p2a: Necrozma|par
|
|upkeep
|turn|46
|
|t:|1621182991
|move|p1a: Necrozma|Morning Sun|p1a: Necrozma
|-heal|p1a: Necrozma|99/100
|move|p2a: Necrozma|Morning Sun|p2a: Necrozma
|-heal|p2a: Necrozma|100/100 par
|
|upkeep
|turn|47
|
|t:|1621182995
|switch|p2a: Yveltal|Yveltal|91/100 brn
|-ability|p2a: Yveltal|Dark Aura
|move|p1a: Necrozma|Earthquake|p2a: Yveltal
|-immune|p2a: Yveltal
|
|-damage|p2a: Yveltal|85/100 brn|[from] brn
|upkeep
|turn|48
|
|t:|1621182998
|move|p2a: Yveltal|Knock Off|p1a: Necrozma
|-supereffective|p1a: Necrozma
|-damage|p1a: Necrozma|75/100
|-damage|p2a: Yveltal|68/100 brn|[from] item: Rocky Helmet|[of] p1a: Necrozma
|-enditem|p1a: Necrozma|Rocky Helmet|[from] move: Knock Off|[of] p2a: Yveltal
|move|p1a: Necrozma|Sunsteel Strike|p2a: Yveltal
|-damage|p2a: Yveltal|28/100 brn
|
|-damage|p2a: Yveltal|22/100 brn|[from] brn
|upkeep
|turn|49
|
|t:|1621183003
|switch|p1a: Xerneas|Xerneas|99/100
|-damage|p1a: Xerneas|88/100|[from] Stealth Rock
|-ability|p1a: Xerneas|Fairy Aura
|move|p2a: Yveltal|Roost|p2a: Yveltal
|-heal|p2a: Yveltal|72/100 brn
|-singleturn|p2a: Yveltal|move: Roost
|
|-heal|p1a: Xerneas|94/100|[from] item: Leftovers
|-damage|p2a: Yveltal|66/100 brn|[from] brn
|upkeep
|turn|50
|
|t:|1621183005
|switch|p2a: Necrozma|Necrozma-Dusk-Mane|100/100 par
|-damage|p2a: Necrozma|94/100 par|[from] Stealth Rock
|move|p1a: Xerneas|Moonblast|p2a: Necrozma
|-resisted|p2a: Necrozma
|-damage|p2a: Necrozma|73/100 par
|
|-heal|p1a: Xerneas|99/100|[from] item: Leftovers
|upkeep
|turn|51
|j| cfvbdgd
|
|t:|1621183009
|switch|p1a: Necrozma|Necrozma-Dusk-Mane|75/100
|-damage|p1a: Necrozma|69/100|[from] Stealth Rock
|move|p2a: Necrozma|Sunsteel Strike|p1a: Necrozma
|-resisted|p1a: Necrozma
|-damage|p1a: Necrozma|56/100
|
|upkeep
|turn|52
|
|t:|1621183015
|switch|p2a: Yveltal|Yveltal|66/100 brn
|-ability|p2a: Yveltal|Dark Aura
|move|p1a: Necrozma|Morning Sun|p1a: Necrozma
|-heal|p1a: Necrozma|100/100
|
|-damage|p2a: Yveltal|59/100 brn|[from] brn
|upkeep
|turn|53
|
|t:|1621183017
|move|p2a: Yveltal|Roost|p2a: Yveltal
|-heal|p2a: Yveltal|100/100 brn
|-singleturn|p2a: Yveltal|move: Roost
|move|p1a: Necrozma|Sunsteel Strike|p2a: Yveltal
|-damage|p2a: Yveltal|57/100 brn
|
|-damage|p2a: Yveltal|51/100 brn|[from] brn
|upkeep
|turn|54
|
|t:|1621183020
|move|p2a: Yveltal|Roost|p2a: Yveltal
|-heal|p2a: Yveltal|100/100 brn
|-singleturn|p2a: Yveltal|move: Roost
|move|p1a: Necrozma|Sunsteel Strike|p2a: Yveltal
|-damage|p2a: Yveltal|57/100 brn
|
|-damage|p2a: Yveltal|51/100 brn|[from] brn
|upkeep
|turn|55
|
|t:|1621183025
|switch|p1a: Xerneas|Xerneas|99/100
|-damage|p1a: Xerneas|88/100|[from] Stealth Rock
|-ability|p1a: Xerneas|Fairy Aura
|move|p2a: Yveltal|Roost|p2a: Yveltal
|-heal|p2a: Yveltal|100/100 brn
|-singleturn|p2a: Yveltal|move: Roost
|
|-heal|p1a: Xerneas|94/100|[from] item: Leftovers
|-damage|p2a: Yveltal|94/100 brn|[from] brn
|upkeep
|turn|56
|
|t:|1621183029
|switch|p2a: Necrozma|Necrozma-Dusk-Mane|73/100 par
|-damage|p2a: Necrozma|67/100 par|[from] Stealth Rock
|move|p1a: Xerneas|Moonblast|p2a: Necrozma
|-resisted|p2a: Necrozma
|-damage|p2a: Necrozma|44/100 par
|
|-heal|p1a: Xerneas|99/100|[from] item: Leftovers
|upkeep
|turn|57
|
|t:|1621183033
|switch|p1a: Necrozma|Necrozma-Dusk-Mane|100/100
|-damage|p1a: Necrozma|94/100|[from] Stealth Rock
|move|p2a: Necrozma|Morning Sun|p2a: Necrozma
|-heal|p2a: Necrozma|94/100 par
|
|upkeep
|turn|58
|
|t:|1621183035
|switch|p2a: Yveltal|Yveltal|94/100 brn
|-ability|p2a: Yveltal|Dark Aura
|move|p1a: Necrozma|Earthquake|p2a: Yveltal
|-immune|p2a: Yveltal
|
|-damage|p2a: Yveltal|88/100 brn|[from] brn
|upkeep
|turn|59
|
|t:|1621183039
|move|p2a: Yveltal|Knock Off|p1a: Necrozma
|-supereffective|p1a: Necrozma
|-damage|p1a: Necrozma|79/100
|move|p1a: Necrozma|Earthquake|p2a: Yveltal
|-immune|p2a: Yveltal
|
|-damage|p2a: Yveltal|82/100 brn|[from] brn
|upkeep
|turn|60
|j| ULT8RQ Fog
|l| cfvbdgd
|
|t:|1621183045
|move|p2a: Yveltal|Foul Play|p1a: Necrozma
|-supereffective|p1a: Necrozma
|-damage|p1a: Necrozma|56/100
|move|p1a: Necrozma|Sunsteel Strike|p2a: Yveltal
|-damage|p2a: Yveltal|44/100 brn
|
|-damage|p2a: Yveltal|37/100 brn|[from] brn
|upkeep
|turn|61
|
|t:|1621183049
|move|p2a: Yveltal|Taunt|p1a: Necrozma
|-start|p1a: Necrozma|move: Taunt
|cant|p1a: Necrozma|move: Taunt|Morning Sun
|
|-damage|p2a: Yveltal|31/100 brn|[from] brn
|upkeep
|turn|62
|
|t:|1621183052
|move|p2a: Yveltal|Roost|p2a: Yveltal
|-heal|p2a: Yveltal|81/100 brn
|-singleturn|p2a: Yveltal|move: Roost
|move|p1a: Necrozma|Earthquake|p2a: Yveltal
|-damage|p2a: Yveltal|53/100 brn
|
|-damage|p2a: Yveltal|47/100 brn|[from] brn
|upkeep
|turn|63
|
|t:|1621183055
|switch|p1a: Xerneas|Xerneas|99/100
|-damage|p1a: Xerneas|87/100|[from] Stealth Rock
|-ability|p1a: Xerneas|Fairy Aura
|move|p2a: Yveltal|Roost|p2a: Yveltal
|-heal|p2a: Yveltal|97/100 brn
|-singleturn|p2a: Yveltal|move: Roost
|
|-heal|p1a: Xerneas|93/100|[from] item: Leftovers
|-damage|p2a: Yveltal|91/100 brn|[from] brn
|upkeep
|turn|64
|
|t:|1621183062
|switch|p2a: Necrozma|Necrozma-Dusk-Mane|94/100 par
|-damage|p2a: Necrozma|88/100 par|[from] Stealth Rock
|switch|p1a: Yveltal|Yveltal|88/100
|-ability|p1a: Yveltal|Dark Aura
|
|upkeep
|turn|65
|
|t:|1621183065
|move|p1a: Yveltal|Knock Off|p2a: Necrozma
|-supereffective|p2a: Necrozma
|-damage|p2a: Necrozma|45/100 par
|-damage|p1a: Yveltal|72/100|[from] item: Rocky Helmet|[of] p2a: Necrozma
|-enditem|p2a: Necrozma|Rocky Helmet|[from] move: Knock Off|[of] p1a: Yveltal
|move|p2a: Necrozma|Morning Sun|p2a: Necrozma
|-heal|p2a: Necrozma|95/100 par
|
|upkeep
|turn|66
|l| ULT8RQ iceman
|
|t:|1621183071
|move|p1a: Yveltal|Knock Off|p2a: Necrozma
|-supereffective|p2a: Necrozma
|-damage|p2a: Necrozma|68/100 par
|move|p2a: Necrozma|Sunsteel Strike|p1a: Yveltal
|-damage|p1a: Yveltal|33/100
|
|upkeep
|turn|67
|
|t:|1621183075
|switch|p2a: Eternatus|Eternatus|100/100 par
|-damage|p2a: Eternatus|88/100 par|[from] Stealth Rock
|-ability|p2a: Eternatus|Pressure
|move|p1a: Yveltal|Roost|p1a: Yveltal
|-heal|p1a: Yveltal|83/100
|-singleturn|p1a: Yveltal|move: Roost
|
|upkeep
|turn|68
|
|t:|1621183079
|move|p1a: Yveltal|U-turn|p2a: Eternatus
|-resisted|p2a: Eternatus
|-damage|p2a: Eternatus|81/100 par
|
|t:|1621183081
|switch|p1a: Eternatus|Eternatus|75/100|[from]move: U-turn
|-damage|p1a: Eternatus|62/100|[from] Stealth Rock
|-ability|p1a: Eternatus|Pressure
|move|p2a: Eternatus|Flamethrower|p1a: Eternatus
|-resisted|p1a: Eternatus
|-damage|p1a: Eternatus|55/100
|
|upkeep
|turn|69
|
|t:|1621183085
|switch|p2a: Yveltal|Yveltal|91/100 brn
|-ability|p2a: Yveltal|Dark Aura
|move|p1a: Eternatus|Recover|p1a: Eternatus
|-heal|p1a: Eternatus|100/100
|
|-damage|p2a: Yveltal|85/100 brn|[from] brn
|upkeep
|turn|70
|
|t:|1621183088
|move|p1a: Eternatus|Flamethrower|p2a: Yveltal
|-damage|p2a: Yveltal|62/100 brn
|move|p2a: Yveltal|Taunt|p1a: Eternatus
|-start|p1a: Eternatus|move: Taunt
|
|-damage|p2a: Yveltal|56/100 brn|[from] brn
|upkeep
|turn|71
|
|t:|1621183091
|move|p1a: Eternatus|Dynamax Cannon|p2a: Yveltal
|-crit|p2a: Yveltal
|-damage|p2a: Yveltal|2/100 brn
|move|p2a: Yveltal|Roost|p2a: Yveltal
|-heal|p2a: Yveltal|52/100 brn
|-singleturn|p2a: Yveltal|move: Roost
|
|-damage|p2a: Yveltal|46/100 brn|[from] brn
|upkeep
|turn|72
|
|t:|1621183094
|move|p1a: Eternatus|Dynamax Cannon|p2a: Yveltal
|-damage|p2a: Yveltal|13/100 brn
|move|p2a: Yveltal|Roost|p2a: Yveltal
|-heal|p2a: Yveltal|63/100 brn
|-singleturn|p2a: Yveltal|move: Roost
|
|-damage|p2a: Yveltal|57/100 brn|[from] brn
|upkeep
|turn|73
|
|t:|1621183096
|move|p1a: Eternatus|Flamethrower|p2a: Yveltal
|-crit|p2a: Yveltal
|-damage|p2a: Yveltal|26/100 brn
|move|p2a: Yveltal|Roost|p2a: Yveltal
|-heal|p2a: Yveltal|76/100 brn
|-singleturn|p2a: Yveltal|move: Roost
|
|-damage|p2a: Yveltal|70/100 brn|[from] brn
|-end|p1a: Eternatus|move: Taunt
|upkeep
|turn|74
|
|t:|1621183105
|move|p1a: Eternatus|Dynamax Cannon|p2a: Yveltal
|-damage|p2a: Yveltal|37/100 brn
|move|p2a: Yveltal|Roost|p2a: Yveltal
|-heal|p2a: Yveltal|87/100 brn
|-singleturn|p2a: Yveltal|move: Roost
|
|-damage|p2a: Yveltal|81/100 brn|[from] brn
|upkeep
|turn|75
|
|t:|1621183112
|move|p1a: Eternatus|Flamethrower|p2a: Yveltal
|-damage|p2a: Yveltal|60/100 brn
|move|p2a: Yveltal|Roost|p2a: Yveltal
|-heal|p2a: Yveltal|100/100 brn
|-singleturn|p2a: Yveltal|move: Roost
|
|-damage|p2a: Yveltal|94/100 brn|[from] brn
|upkeep
|turn|76
|
|t:|1621183114
|move|p1a: Eternatus|Dynamax Cannon|p2a: Yveltal
|-damage|p2a: Yveltal|61/100 brn
|move|p2a: Yveltal|Knock Off|p1a: Eternatus
|-damage|p1a: Eternatus|88/100
|
|-damage|p2a: Yveltal|55/100 brn|[from] brn
|upkeep
|turn|77
|
|t:|1621183118
|move|p1a: Eternatus|Flamethrower|p2a: Yveltal
|-damage|p2a: Yveltal|34/100 brn
|move|p2a: Yveltal|Roost|p2a: Yveltal
|-heal|p2a: Yveltal|84/100 brn
|-singleturn|p2a: Yveltal|move: Roost
|
|-damage|p2a: Yveltal|78/100 brn|[from] brn
|upkeep
|turn|78
|
|t:|1621183127
|move|p1a: Eternatus|Flamethrower|p2a: Yveltal
|-damage|p2a: Yveltal|59/100 brn
|move|p2a: Yveltal|Roost|p2a: Yveltal
|-heal|p2a: Yveltal|100/100 brn
|-singleturn|p2a: Yveltal|move: Roost
|
|-damage|p2a: Yveltal|94/100 brn|[from] brn
|upkeep
|turn|79
|
|t:|1621183131
|switch|p2a: Ditto|Ditto|100/100
|-damage|p2a: Ditto|88/100|[from] Stealth Rock
|-transform|p2a: Ditto|p1a: Eternatus|[from] ability: Imposter
|-ability|p2a: Ditto|Pressure
|move|p1a: Eternatus|Flamethrower|p2a: Ditto
|-resisted|p2a: Ditto
|-damage|p2a: Ditto|75/100
|
|upkeep
|turn|80
|
|t:|1621183138
|switch|p2a: Necrozma|Necrozma-Dusk-Mane|68/100 par
|-damage|p2a: Necrozma|62/100 par|[from] Stealth Rock
|switch|p1a: Xerneas|Xerneas|93/100
|-damage|p1a: Xerneas|81/100|[from] Stealth Rock
|-ability|p1a: Xerneas|Fairy Aura
|
|-heal|p1a: Xerneas|87/100|[from] item: Leftovers
|upkeep
|turn|81
|
|t:|1621183142
|switch|p1a: Necrozma|Necrozma-Dusk-Mane|56/100
|-damage|p1a: Necrozma|49/100|[from] Stealth Rock
|switch|p2a: Yveltal|Yveltal|94/100 brn
|-ability|p2a: Yveltal|Dark Aura
|
|-damage|p2a: Yveltal|88/100 brn|[from] brn
|upkeep
|turn|82
|
|t:|1621183145
|move|p2a: Yveltal|Taunt|p1a: Necrozma
|-start|p1a: Necrozma|move: Taunt
|move|p1a: Necrozma|Sunsteel Strike|p2a: Yveltal
|-damage|p2a: Yveltal|47/100 brn
|
|-damage|p2a: Yveltal|40/100 brn|[from] brn
|upkeep
|turn|83
|
|t:|1621183149
|switch|p1a: Xerneas|Xerneas|87/100
|-damage|p1a: Xerneas|75/100|[from] Stealth Rock
|-ability|p1a: Xerneas|Fairy Aura
|move|p2a: Yveltal|Knock Off|p1a: Xerneas
|-resisted|p1a: Xerneas
|-damage|p1a: Xerneas|67/100
|-enditem|p1a: Xerneas|Leftovers|[from] move: Knock Off|[of] p2a: Yveltal
|
|-damage|p2a: Yveltal|34/100 brn|[from] brn
|upkeep
|turn|84
|
|t:|1621183152
|move|p2a: Yveltal|Foul Play|p1a: Xerneas
|-resisted|p1a: Xerneas
|-damage|p1a: Xerneas|61/100
|move|p1a: Xerneas|Moonblast|p2a: Yveltal
|-supereffective|p2a: Yveltal
|-damage|p2a: Yveltal|0 fnt
|faint|p2a: Yveltal
|
|upkeep
|
|t:|1621183155
|switch|p2a: Ditto|Ditto|75/100
|-damage|p2a: Ditto|63/100|[from] Stealth Rock
|-transform|p2a: Ditto|p1a: Xerneas|[from] ability: Imposter
|-ability|p2a: Ditto|Fairy Aura
|turn|85
|
|t:|1621183161
|move|p2a: Ditto|Moonblast|p1a: Xerneas
|-damage|p1a: Xerneas|23/100
|move|p1a: Xerneas|Moonblast|p2a: Ditto
|-damage|p2a: Ditto|0 fnt
|faint|p2a: Ditto
|
|upkeep
|-message|ULT8RQ Blue Monday forfeited.
|
|win|I Crit My Panties
|raw|I Crit My Panties's rating: 1626 &rarr; <strong>1651</strong><br />(+25 for winning)
|raw|ULT8RQ Blue Monday's rating: 1722 &rarr; <strong>1697</strong><br />(-25 for losing)
|l|☆ULT8RQ Blue Monday
|l|☆I Crit My Panties
|l| ULT8RQ Raph
||Ladder isn't responding, score probably updated but might not have (Request timeout).
|l| oogaboogadk
|j|%pichus
|l|%pichus
|j| oogaboogadk
