|raw|<div class="broadcast-blue"><strong>This battle is required to be public due to a player having a name starting with 'ULT8RQ'.</div>
|j|☆ULT8RQ KB
|j|☆ULT8RQ Lund
|t:|1620957845
|gametype|singles
|player|p1|ULT8RQ KB|1|1644
|player|p2|ULT8RQ Lund|265|1677
|teamsize|p1|6
|teamsize|p2|6
|gen|8
|tier|[Gen 8] Ubers
|rated|
|rule|Sleep Clause Mod: Limit one foe put to sleep
|rule|Species Clause: Limit one of each Pokémon
|rule|OHKO Clause: OHKO moves are banned
|rule|Evasion Moves Clause: Evasion moves are banned
|rule|Endless Battle Clause: Forcing endless battles is banned
|rule|HP Percentage Mod: HP is shown in percentages
|rule|Dynamax Clause: You cannot dynamax
|clearpoke
|poke|p1|Yveltal|
|poke|p1|Zacian-*|
|poke|p1|Necrozma-Dusk-Mane|
|poke|p1|Xerneas-*|
|poke|p1|Eternatus|
|poke|p1|Ditto|
|poke|p2|Eternatus|
|poke|p2|Mewtwo|
|poke|p2|Zygarde|
|poke|p2|Blissey, F|
|poke|p2|Yveltal|
|poke|p2|Necrozma-Dusk-Mane|
|teampreview
|
|t:|1620957874
|start
|switch|p1a: Zacian|Zacian|100/100
|switch|p2a: Yveltal|Yveltal|100/100
|-ability|p1a: Zacian|Intrepid Sword|boost
|-boost|p1a: Zacian|atk|1
|-ability|p2a: Yveltal|Dark Aura
|turn|1
|
|t:|1620957886
|switch|p1a: Yveltal|Yveltal|100/100
|-ability|p1a: Yveltal|Dark Aura
|switch|p2a: Necrozma|Necrozma-Dusk-Mane|100/100
|
|upkeep
|turn|2
|inactive|Battle timer is ON: inactive players will automatically lose when time's up. (requested by ULT8RQ KB)
|
|t:|1620957905
|switch|p2a: Eternatus|Eternatus|100/100
|-ability|p2a: Eternatus|Pressure
|move|p1a: Yveltal|Knock Off|p2a: Eternatus
|-crit|p2a: Eternatus
|-damage|p2a: Eternatus|37/100
|-enditem|p2a: Eternatus|Black Sludge|[from] move: Knock Off|[of] p1a: Yveltal
|
|upkeep
|turn|3
|
|t:|1620957910
|switch|p1a: Necrozma|Necrozma-Dusk-Mane|100/100
|move|p2a: Eternatus|Recover|p2a: Eternatus
|-heal|p2a: Eternatus|87/100
|
|upkeep
|turn|4
|
|t:|1620957927
|switch|p2a: Yveltal|Yveltal|100/100
|-ability|p2a: Yveltal|Dark Aura
|move|p1a: Necrozma|Stealth Rock|p2a: Yveltal
|-sidestart|p2: ULT8RQ Lund|move: Stealth Rock
|
|upkeep
|turn|5
|
|t:|1620957948
|switch|p1a: Eternatus|Eternatus|100/100
|-ability|p1a: Eternatus|Pressure
|move|p2a: Yveltal|Knock Off|p1a: Eternatus
|-damage|p1a: Eternatus|13/100
|-enditem|p1a: Eternatus|Heavy-Duty Boots|[from] move: Knock Off|[of] p2a: Yveltal
|
|upkeep
|turn|6
|inactive|ULT8RQ Lund has 120 seconds left.
|
|t:|1620957990
|move|p1a: Eternatus|Recover|p1a: Eternatus
|-heal|p1a: Eternatus|64/100
|move|p2a: Yveltal|Knock Off|p1a: Eternatus
|-damage|p1a: Eternatus|7/100
|
|upkeep
|turn|7
|
|t:|1620957996
|move|p1a: Eternatus|Recover|p1a: Eternatus
|-heal|p1a: Eternatus|57/100
|move|p2a: Yveltal|Knock Off|p1a: Eternatus
|-damage|p1a: Eternatus|7/100
|
|upkeep
|turn|8
|inactive|ULT8RQ Lund has 120 seconds left.
|inactive|ULT8RQ KB has 120 seconds left.
|inactive|ULT8RQ Lund has 90 seconds left.
|
|t:|1620958049
|switch|p1a: Yveltal|Yveltal|100/100
|-ability|p1a: Yveltal|Dark Aura
|move|p2a: Yveltal|Knock Off|p1a: Yveltal
|-resisted|p1a: Yveltal
|-crit|p1a: Yveltal
|-damage|p1a: Yveltal|30/100
|-enditem|p1a: Yveltal|Heavy-Duty Boots|[from] move: Knock Off|[of] p2a: Yveltal
|
|upkeep
|turn|9
|
|t:|1620958054
|move|p1a: Yveltal|Roost|p1a: Yveltal
|-heal|p1a: Yveltal|80/100
|-singleturn|p1a: Yveltal|move: Roost
|move|p2a: Yveltal|Knock Off|p1a: Yveltal
|-resisted|p1a: Yveltal
|-crit|p1a: Yveltal
|-damage|p1a: Yveltal|35/100
|
|upkeep
|turn|10
|inactive|ULT8RQ KB has 120 seconds left.
|
|t:|1620958060
|move|p2a: Yveltal|Knock Off|p1a: Yveltal
|-resisted|p1a: Yveltal
|-damage|p1a: Yveltal|4/100
|move|p1a: Yveltal|Roost|p1a: Yveltal
|-heal|p1a: Yveltal|54/100
|-singleturn|p1a: Yveltal|move: Roost
|
|upkeep
|turn|11
|
|t:|1620958068
|switch|p2a: Eternatus|Eternatus|87/100
|-damage|p2a: Eternatus|75/100|[from] Stealth Rock
|-ability|p2a: Eternatus|Pressure
|move|p1a: Yveltal|Roost|p1a: Yveltal
|-heal|p1a: Yveltal|100/100
|-singleturn|p1a: Yveltal|move: Roost
|
|upkeep
|turn|12
|j| basewave
|
|t:|1620958075
|switch|p1a: Necrozma|Necrozma-Dusk-Mane|100/100
|move|p2a: Eternatus|Flamethrower|p1a: Necrozma
|-supereffective|p1a: Necrozma
|-damage|p1a: Necrozma|67/100
|
|upkeep
|turn|13
|c|☆ULT8RQ KB|im so confused
|c|☆ULT8RQ KB|how do u keep critting
|
|t:|1620958089
|move|p2a: Eternatus|Flamethrower|p1a: Necrozma
|-supereffective|p1a: Necrozma
|-damage|p1a: Necrozma|32/100
|move|p1a: Necrozma|Sunsteel Strike|p2a: Eternatus
|-damage|p2a: Eternatus|39/100
|
|upkeep
|turn|14
|
|t:|1620958107
|switch|p1a: Zacian|Zacian|100/100
|-ability|p1a: Zacian|Intrepid Sword|boost
|-boost|p1a: Zacian|atk|1
|move|p2a: Eternatus|Flamethrower|p1a: Zacian
|-damage|p1a: Zacian|74/100
|
|upkeep
|turn|15
|
|t:|1620958121
|switch|p2a: Necrozma|Necrozma-Dusk-Mane|100/100
|-damage|p2a: Necrozma|94/100|[from] Stealth Rock
|move|p1a: Zacian|Crunch|p2a: Necrozma
|-supereffective|p2a: Necrozma
|-damage|p2a: Necrozma|56/100
|
|-heal|p2a: Necrozma|62/100|[from] item: Leftovers
|upkeep
|turn|16
|
|t:|1620958137
|switch|p1a: Yveltal|Yveltal|100/100
|-ability|p1a: Yveltal|Dark Aura
|move|p2a: Necrozma|Morning Sun|p2a: Necrozma
|-heal|p2a: Necrozma|100/100
|
|upkeep
|turn|17
|
|t:|1620958142
|switch|p2a: Eternatus|Eternatus|39/100
|-damage|p2a: Eternatus|27/100|[from] Stealth Rock
|-ability|p2a: Eternatus|Pressure
|move|p1a: Yveltal|Knock Off|p2a: Eternatus
|-damage|p2a: Eternatus|1/100
|
|upkeep
|turn|18
|
|t:|1620958156
|switch|p1a: Zacian|Zacian|74/100
|-ability|p1a: Zacian|Intrepid Sword|boost
|-boost|p1a: Zacian|atk|1
|move|p2a: Eternatus|Recover|p2a: Eternatus
|-heal|p2a: Eternatus|51/100
|
|upkeep
|turn|19
|inactive|ULT8RQ Lund has 120 seconds left.
|
|t:|1620958187
|switch|p1a: Eternatus|Eternatus|7/100
|-ability|p1a: Eternatus|Pressure
|switch|p2a: Necrozma|Necrozma-Dusk-Mane|100/100
|-damage|p2a: Necrozma|94/100|[from] Stealth Rock
|
|-heal|p2a: Necrozma|100/100|[from] item: Leftovers
|upkeep
|turn|20
|
|t:|1620958191
|move|p1a: Eternatus|Recover|p1a: Eternatus
|-heal|p1a: Eternatus|57/100
|move|p2a: Necrozma|Earthquake|p1a: Eternatus
|-supereffective|p1a: Eternatus
|-damage|p1a: Eternatus|3/100
|
|upkeep
|turn|21
|c| basewave|why no sword
|c| basewave|is it better as choice band
|c|☆ULT8RQ KB|banned
|inactive|ULT8RQ KB has 120 seconds left.
|
|t:|1620958221
|switch|p1a: Yveltal|Yveltal|100/100
|-ability|p1a: Yveltal|Dark Aura
|move|p2a: Necrozma|Sunsteel Strike|p1a: Yveltal
|-damage|p1a: Yveltal|56/100
|
|upkeep
|turn|22
|c| basewave|oh lol thats probably a good thing
|inactive|ULT8RQ KB has 120 seconds left.
|c| basewave|is zamazenta good or trash
|
|t:|1620958243
|switch|p1a: Eternatus|Eternatus|3/100
|-ability|p1a: Eternatus|Pressure
|move|p2a: Necrozma|Dragon Dance|p2a: Necrozma
|-boost|p2a: Necrozma|atk|1
|-boost|p2a: Necrozma|spe|1
|
|upkeep
|turn|23
|c| basewave|that mon cool af
|c|☆ULT8RQ KB|trash
|c| basewave|damn
|j| Yuyu ❤ My Waifu ❤
|
|t:|1620958256
|move|p1a: Eternatus|Recover|p1a: Eternatus
|-heal|p1a: Eternatus|53/100
|move|p2a: Necrozma|Sunsteel Strike|p1a: Eternatus
|-damage|p1a: Eternatus|0 fnt
|faint|p1a: Eternatus
|
|upkeep
|
|t:|1620958266
|switch|p1a: Yveltal|Yveltal|56/100
|-ability|p1a: Yveltal|Dark Aura
|turn|24
|
|t:|1620958273
|move|p1a: Yveltal|Sucker Punch|p2a: Necrozma
|-supereffective|p2a: Necrozma
|-damage|p2a: Necrozma|63/100
|move|p2a: Necrozma|Sunsteel Strike|p1a: Yveltal
|-damage|p1a: Yveltal|0 fnt
|faint|p1a: Yveltal
|
|-heal|p2a: Necrozma|69/100|[from] item: Leftovers
|upkeep
|
|t:|1620958278
|switch|p1a: Ditto|Ditto|100/100
|-transform|p1a: Ditto|p2a: Necrozma|[from] ability: Imposter
|turn|25
|c| Yuyu ❤ My Waifu ❤|E
|inactive|ULT8RQ KB has 120 seconds left.
|
|t:|1620958293
|move|p1a: Ditto|Earthquake|p2a: Necrozma
|-supereffective|p2a: Necrozma
|-damage|p2a: Necrozma|25/100
|move|p2a: Necrozma|Morning Sun|p2a: Necrozma
|-heal|p2a: Necrozma|75/100
|
|-heal|p2a: Necrozma|81/100|[from] item: Leftovers
|upkeep
|turn|26
|
|t:|1620958299
|move|p1a: Ditto|Earthquake|p2a: Necrozma
|-supereffective|p2a: Necrozma
|-damage|p2a: Necrozma|35/100
|move|p2a: Necrozma|Morning Sun|p2a: Necrozma
|-heal|p2a: Necrozma|85/100
|
|-heal|p2a: Necrozma|91/100|[from] item: Leftovers
|upkeep
|turn|27
|inactive|ULT8RQ Lund has 120 seconds left.
|j| Snorlax In The Sky
|
|t:|1620958353
|move|p1a: Ditto|Earthquake|p2a: Necrozma
|-supereffective|p2a: Necrozma
|-damage|p2a: Necrozma|45/100
|move|p2a: Necrozma|Earthquake|p1a: Ditto
|-supereffective|p1a: Ditto
|-damage|p1a: Ditto|39/100
|
|-heal|p2a: Necrozma|51/100|[from] item: Leftovers
|upkeep
|turn|28
|
|t:|1620958358
|move|p1a: Ditto|Earthquake|p2a: Necrozma
|-supereffective|p2a: Necrozma
|-damage|p2a: Necrozma|10/100
|move|p2a: Necrozma|Morning Sun|p2a: Necrozma
|-heal|p2a: Necrozma|60/100
|
|-heal|p2a: Necrozma|66/100|[from] item: Leftovers
|upkeep
|turn|29
|
|t:|1620958371
|move|p1a: Ditto|Earthquake|p2a: Necrozma
|-supereffective|p2a: Necrozma
|-damage|p2a: Necrozma|24/100
|move|p2a: Necrozma|Morning Sun|p2a: Necrozma
|-heal|p2a: Necrozma|74/100
|
|-heal|p2a: Necrozma|80/100|[from] item: Leftovers
|upkeep
|turn|30
|
|t:|1620958379
|switch|p1a: Necrozma|Necrozma-Dusk-Mane|32/100
|move|p2a: Necrozma|Sunsteel Strike|p1a: Necrozma
|-resisted|p1a: Necrozma
|-damage|p1a: Necrozma|11/100
|-damage|p2a: Necrozma|64/100|[from] item: Rocky Helmet|[of] p1a: Necrozma
|
|-heal|p2a: Necrozma|70/100|[from] item: Leftovers
|upkeep
|turn|31
|
|t:|1620958394
|move|p2a: Necrozma|Earthquake|p1a: Necrozma
|-supereffective|p1a: Necrozma
|-damage|p1a: Necrozma|0 fnt
|faint|p1a: Necrozma
|
|-heal|p2a: Necrozma|76/100|[from] item: Leftovers
|upkeep
|
|t:|1620958397
|switch|p1a: Ditto|Ditto|39/100
|-transform|p1a: Ditto|p2a: Necrozma|[from] ability: Imposter
|turn|32
|
|t:|1620958405
|move|p1a: Ditto|Earthquake|p2a: Necrozma
|-supereffective|p2a: Necrozma
|-damage|p2a: Necrozma|34/100
|move|p2a: Necrozma|Morning Sun|p2a: Necrozma
|-heal|p2a: Necrozma|84/100
|
|-heal|p2a: Necrozma|90/100|[from] item: Leftovers
|upkeep
|turn|33
|
|t:|1620958410
|move|p1a: Ditto|Earthquake|p2a: Necrozma
|-supereffective|p2a: Necrozma
|-damage|p2a: Necrozma|44/100
|move|p2a: Necrozma|Morning Sun|p2a: Necrozma
|-heal|p2a: Necrozma|94/100
|
|-heal|p2a: Necrozma|99/100|[from] item: Leftovers
|upkeep
|turn|34
|
|t:|1620958414
|move|p1a: Ditto|Earthquake|p2a: Necrozma
|-supereffective|p2a: Necrozma
|-damage|p2a: Necrozma|55/100
|move|p2a: Necrozma|Earthquake|p1a: Ditto
|-supereffective|p1a: Ditto
|-damage|p1a: Ditto|0 fnt
|faint|p1a: Ditto
|
|-heal|p2a: Necrozma|61/100|[from] item: Leftovers
|upkeep
|
|t:|1620958421
|switch|p1a: Zacian|Zacian|74/100
|-ability|p1a: Zacian|Intrepid Sword|boost
|-boost|p1a: Zacian|atk|1
|turn|35
|
|t:|1620958425
|move|p1a: Zacian|Crunch|p2a: Necrozma
|-supereffective|p2a: Necrozma
|-damage|p2a: Necrozma|24/100
|move|p2a: Necrozma|Sunsteel Strike|p1a: Zacian
|-supereffective|p1a: Zacian
|-damage|p1a: Zacian|0 fnt
|faint|p1a: Zacian
|
|-heal|p2a: Necrozma|30/100|[from] item: Leftovers
|upkeep
|
|t:|1620958428
|switch|p1a: Xerneas|Xerneas|100/100
|-ability|p1a: Xerneas|Fairy Aura
|turn|36
|c|☆ULT8RQ KB|gg
|
|t:|1620958432
|move|p2a: Necrozma|Sunsteel Strike|p1a: Xerneas
|-supereffective|p1a: Xerneas
|-damage|p1a: Xerneas|0 fnt
|faint|p1a: Xerneas
|
|win|ULT8RQ Lund
|raw|ULT8RQ KB's rating: 1644 &rarr; <strong>1623</strong><br />(-21 for losing)
|raw|ULT8RQ Lund's rating: 1633 &rarr; <strong>1654</strong><br />(+21 for winning)
|c|☆ULT8RQ Lund|gg
|c| Yuyu ❤ My Waifu ❤|hmmmm
|l|☆ULT8RQ Lund
