|j|☆ubersohneubers
|j|☆Cierra Runis
|player|p1|ubersohneubers|cheryl|1638
|player|p2|Cierra Runis|157|1392
|teamsize|p1|6
|teamsize|p2|6
|gametype|singles
|gen|8
|tier|[Gen 8] Ubers
|rated|
|rule|Sleep Clause Mod: Limit one foe put to sleep
|rule|Species Clause: Limit one of each Pokémon
|rule|OHKO Clause: OHKO moves are banned
|rule|Evasion Moves Clause: Evasion moves are banned
|rule|Endless Battle Clause: Forcing endless battles is banned
|rule|HP Percentage Mod: HP is shown in percentages
|clearpoke
|poke|p1|Gothitelle, F|
|poke|p1|Ditto|
|poke|p1|Quagsire, M|
|poke|p1|Eternatus|
|poke|p1|Excadrill, F|
|poke|p1|Corviknight, F|
|poke|p2|Ninjask, F|
|poke|p2|Dubwool, M|
|poke|p2|Espeon, F|
|poke|p2|Pyukumuku, M|
|poke|p2|Mew|
|poke|p2|Malamar, F|
|teampreview
|
|start
|switch|p1a: Excadrill|Excadrill, F|100/100
|switch|p2a: Ninjask|Ninjask, F|100/100
|turn|1
|j| QiYu3
|j| no zuo no die
|inactive|Battle timer is ON: inactive players will automatically lose when time's up. (requested by Cierra Runis)
|
|-start|p1a: Excadrill|Dynamax
|-heal|p1a: Excadrill|100/100|[silent]
|move|p2a: Ninjask|Substitute|p2a: Ninjask
|-start|p2a: Ninjask|Substitute
|-damage|p2a: Ninjask|76/100
|move|p1a: Excadrill|Max Rockfall|p2a: Ninjask
|-supereffective|p2a: Ninjask
|-end|p2a: Ninjask|Substitute
|-weather|Sandstorm
|
|-weather|Sandstorm|[upkeep]
|-damage|p2a: Ninjask|70/100|[from] Sandstorm
|-ability|p2a: Ninjask|Speed Boost|boost
|-boost|p2a: Ninjask|spe|1
|upkeep
|turn|2
|
|move|p2a: Ninjask|Substitute|p2a: Ninjask
|-start|p2a: Ninjask|Substitute
|-damage|p2a: Ninjask|45/100
|move|p1a: Excadrill|Max Rockfall|p2a: Ninjask
|-supereffective|p2a: Ninjask
|-end|p2a: Ninjask|Substitute
|
|-weather|Sandstorm|[upkeep]
|-damage|p2a: Ninjask|39/100|[from] Sandstorm
|-ability|p2a: Ninjask|Speed Boost|boost
|-boost|p2a: Ninjask|spe|1
|upkeep
|turn|3
|
|move|p2a: Ninjask|Substitute|p2a: Ninjask
|-start|p2a: Ninjask|Substitute
|-damage|p2a: Ninjask|14/100
|move|p1a: Excadrill|Max Rockfall|p2a: Ninjask
|-supereffective|p2a: Ninjask
|-end|p2a: Ninjask|Substitute
|
|-weather|Sandstorm|[upkeep]
|-damage|p2a: Ninjask|9/100|[from] Sandstorm
|-ability|p2a: Ninjask|Speed Boost|boost
|-boost|p2a: Ninjask|spe|1
|-end|p1a: Excadrill|Dynamax
|-heal|p1a: Excadrill|100/100|[silent]
|upkeep
|turn|4
|
|move|p2a: Ninjask|Protect|p2a: Ninjask
|-singleturn|p2a: Ninjask|Protect
|move|p1a: Excadrill|Earthquake|p2a: Ninjask
|-activate|p2a: Ninjask|move: Protect
|
|-weather|Sandstorm|[upkeep]
|-damage|p2a: Ninjask|3/100|[from] Sandstorm
|-ability|p2a: Ninjask|Speed Boost|boost
|-boost|p2a: Ninjask|spe|1
|upkeep
|turn|5
|
|switch|p1a: Eternatus|Eternatus|100/100
|-ability|p1a: Eternatus|Pressure
|move|p2a: Ninjask|Baton Pass|p2a: Ninjask
|
|switch|p2a: Mew|Mew|100/100|[from]move: Baton Pass
|
|-weather|none
|upkeep
|turn|6
|
|move|p2a: Mew|Baton Pass|p2a: Mew
|
|switch|p2a: Malamar|Malamar, F|100/100|[from]move: Baton Pass
|move|p1a: Eternatus|Dragon Tail|p2a: Malamar
|-damage|p2a: Malamar|84/100
|-activate|p2a: Malamar|ability: Suction Cups
|
|-heal|p2a: Malamar|90/100|[from] item: Leftovers
|upkeep
|turn|7
|
|move|p2a: Malamar|Substitute|p2a: Malamar
|-start|p2a: Malamar|Substitute
|-damage|p2a: Malamar|66/100
|move|p1a: Eternatus|Toxic||[still]
|-fail|p1a: Eternatus
|
|-heal|p2a: Malamar|72/100|[from] item: Leftovers
|upkeep
|turn|8
|
|switch|p1a: Corviknight|Corviknight, F|100/100
|-ability|p1a: Corviknight|Pressure
|move|p2a: Malamar|Calm Mind|p2a: Malamar
|-boost|p2a: Malamar|spa|1
|-boost|p2a: Malamar|spd|1
|
|-heal|p2a: Malamar|78/100|[from] item: Leftovers
|upkeep
|turn|9
|
|move|p2a: Malamar|Baton Pass|p2a: Malamar
|
|switch|p2a: Espeon|Espeon, F|100/100|[from]move: Baton Pass
|move|p1a: Corviknight|Bulk Up|p1a: Corviknight
|-boost|p1a: Corviknight|atk|1
|-boost|p1a: Corviknight|def|1
|
|upkeep
|turn|10
|
|move|p2a: Espeon|Calm Mind|p2a: Espeon
|-boost|p2a: Espeon|spa|1
|-boost|p2a: Espeon|spd|1
|move|p1a: Corviknight|Power Trip|p2a: Espeon
|-supereffective|p2a: Espeon
|-end|p2a: Espeon|Substitute
|
|upkeep
|turn|11
|
|move|p2a: Espeon|Substitute|p2a: Espeon
|-start|p2a: Espeon|Substitute
|-damage|p2a: Espeon|76/100
|move|p1a: Corviknight|Power Trip|p2a: Espeon
|-supereffective|p2a: Espeon
|-end|p2a: Espeon|Substitute
|
|-heal|p2a: Espeon|82/100|[from] item: Leftovers
|upkeep
|turn|12
|
|move|p2a: Espeon|Baton Pass|p2a: Espeon
|
|switch|p2a: Dubwool|Dubwool, M|100/100|[from]move: Baton Pass
|move|p1a: Corviknight|Power Trip|p2a: Dubwool
|-damage|p2a: Dubwool|93/100
|
|-heal|p2a: Dubwool|99/100|[from] item: Leftovers
|upkeep
|turn|13
|
|switch|p1a: Eternatus|Eternatus|100/100
|-ability|p1a: Eternatus|Pressure
|move|p2a: Dubwool|Substitute|p2a: Dubwool
|-start|p2a: Dubwool|Substitute
|-damage|p2a: Dubwool|75/100
|
|-heal|p2a: Dubwool|81/100|[from] item: Leftovers
|upkeep
|turn|14
|
|switch|p1a: Gothitelle|Gothitelle, F|100/100
|move|p2a: Dubwool|Cotton Guard|p2a: Dubwool
|-boost|p2a: Dubwool|def|3
|
|-heal|p2a: Dubwool|87/100|[from] item: Leftovers
|upkeep
|turn|15
|
|move|p2a: Dubwool|Baton Pass|p2a: Dubwool
|
|switch|p2a: Espeon|Espeon, F|82/100|[from]move: Baton Pass
|move|p1a: Gothitelle|Taunt|p2a: Espeon
|move|p2a: Espeon|Taunt|p1a: Gothitelle|[from]Magic Bounce
|-start|p1a: Gothitelle|move: Taunt
|
|-heal|p2a: Espeon|88/100|[from] item: Leftovers
|upkeep
|turn|16
|
|switch|p1a: Corviknight|Corviknight, F|100/100
|-ability|p1a: Corviknight|Pressure
|move|p2a: Espeon|Stored Power|p1a: Corviknight
|-resisted|p1a: Corviknight
|-damage|p1a: Corviknight|30/100
|
|-heal|p2a: Espeon|94/100|[from] item: Leftovers
|-heal|p1a: Corviknight|37/100|[from] item: Leftovers
|upkeep
|turn|17
|-message|ubersohneubers forfeited.
|
|win|Cierra Runis
|l|☆ubersohneubers
|raw|ubersohneubers's rating: 1639 &rarr; <strong>1606</strong><br />(-33 for losing)
|raw|Cierra Runis's rating: 1392 &rarr; <strong>1424</strong><br />(+32 for winning)
