|j|☆Hahaha.mr
|j|☆Ryrissuu
|t:|1650022163
|gametype|singles
|player|p1|Hahaha.mr|bruno|1294
|player|p2|Ryrissuu|hilbert|1343
|teamsize|p1|6
|teamsize|p2|6
|gen|8
|tier|[Gen 8] Ubers
|rated|
|rule|Sleep Clause Mod: Limit one foe put to sleep
|rule|Species Clause: Limit one of each Pokémon
|rule|OHKO Clause: OHKO moves are banned
|rule|Evasion Moves Clause: Evasion moves are banned
|rule|Endless Battle Clause: Forcing endless battles is banned
|rule|HP Percentage Mod: HP is shown in percentages
|rule|Dynamax Clause: You cannot dynamax
|clearpoke
|poke|p1|Excadrill, M|
|poke|p1|Golisopod, M|
|poke|p1|Alakazam, M|
|poke|p1|Sirfetch’d, M|
|poke|p1|Tyranitar, M|
|poke|p1|Weavile, M|
|poke|p2|Giratina-Origin|
|poke|p2|Groudon|
|poke|p2|Genesect|
|poke|p2|Kyurem-Black|
|poke|p2|Lugia|
|poke|p2|Yveltal|
|teampreview
|inactive|Battle timer is ON: inactive players will automatically lose when time's up. (requested by Ryrissuu)
|inactive|Hahaha.mr also wants the timer to be on.
|
|t:|1650022173
|start
|switch|p1a: Weavile|Weavile, M|100/100
|switch|p2a: Lugia|Lugia|100/100
|-ability|p1a: Weavile|Pressure
|-ability|p2a: Lugia|Pressure
|turn|1
|c|☆Hahaha.mr|Hi
|
|t:|1650022182
|move|p1a: Weavile|Fake Out|p2a: Lugia
|-damage|p2a: Lugia|91/100
|cant|p2a: Lugia|flinch
|
|upkeep
|turn|2
|
|t:|1650022188
|move|p1a: Weavile|Knock Off|p2a: Lugia
|-supereffective|p2a: Lugia
|-damage|p2a: Lugia|23/100
|-enditem|p2a: Lugia|Light Clay|[from] move: Knock Off|[of] p1a: Weavile
|move|p2a: Lugia|Thunder Wave|p1a: Weavile
|-status|p1a: Weavile|par
|
|upkeep
|turn|3
|
|t:|1650022196
|move|p2a: Lugia|Reflect|p2a: Lugia
|-sidestart|p2: Ryrissuu|Reflect
|move|p1a: Weavile|Knock Off|p2a: Lugia
|-supereffective|p2a: Lugia
|-damage|p2a: Lugia|1/100
|
|upkeep
|turn|4
|
|t:|1650022201
|move|p1a: Weavile|Ice Shard|p2a: Lugia
|-supereffective|p2a: Lugia
|-damage|p2a: Lugia|0 fnt
|faint|p2a: Lugia
|
|upkeep
|
|t:|1650022206
|switch|p2a: Genesect|Genesect, shiny|100/100
|-ability|p2a: Genesect|Download|boost
|-boost|p2a: Genesect|atk|1
|turn|5
|
|t:|1650022211
|move|p2a: Genesect|Shift Gear|p2a: Genesect
|-boost|p2a: Genesect|spe|2
|-boost|p2a: Genesect|atk|1
|cant|p1a: Weavile|par
|
|upkeep
|turn|6
|
|t:|1650022217
|move|p2a: Genesect|Shift Gear|p2a: Genesect
|-boost|p2a: Genesect|spe|2
|-boost|p2a: Genesect|atk|1
|move|p1a: Weavile|Knock Off|p2a: Genesect
|-damage|p2a: Genesect|76/100
|-enditem|p2a: Genesect|Heavy-Duty Boots|[from] move: Knock Off|[of] p1a: Weavile
|
|upkeep
|turn|7
|
|t:|1650022225
|move|p2a: Genesect|Shift Gear|p2a: Genesect
|-boost|p2a: Genesect|spe|2
|-boost|p2a: Genesect|atk|1
|move|p1a: Weavile|Knock Off|p2a: Genesect
|-damage|p2a: Genesect|57/100
|
|-sideend|p2: Ryrissuu|Reflect
|upkeep
|turn|8
|
|t:|1650022233
|move|p2a: Genesect|Iron Head|p1a: Weavile
|-supereffective|p1a: Weavile
|-enditem|p1a: Weavile|Focus Sash
|-damage|p1a: Weavile|1/100 par
|move|p1a: Weavile|Knock Off|p2a: Genesect
|-damage|p2a: Genesect|20/100
|
|upkeep
|turn|9
|
|t:|1650022240
|move|p2a: Genesect|Extreme Speed|p1a: Weavile
|-damage|p1a: Weavile|0 fnt
|faint|p1a: Weavile
|
|upkeep
|
|t:|1650022246
|switch|p1a: Alakazam|Alakazam, M|100/100
|turn|10
|
|t:|1650022249
|move|p2a: Genesect|Extreme Speed|p1a: Alakazam
|-crit|p1a: Alakazam
|-enditem|p1a: Alakazam|Focus Sash
|-damage|p1a: Alakazam|1/100
|move|p1a: Alakazam|Shadow Ball|p2a: Genesect
|-damage|p2a: Genesect|0 fnt
|faint|p2a: Genesect
|
|upkeep
|
|t:|1650022259
|switch|p2a: Yveltal|Yveltal|100/100
|-ability|p2a: Yveltal|Dark Aura
|turn|11
|
|t:|1650022265
|switch|p1a: Tyranitar|Tyranitar, M|100/100
|-weather|Sandstorm|[from] ability: Sand Stream|[of] p1a: Tyranitar
|switch|p2a: Groudon|Groudon|100/100
|-weather|SunnyDay|[from] ability: Drought|[of] p2a: Groudon
|
|-weather|SunnyDay|[upkeep]
|upkeep
|turn|12
|
|t:|1650022274
|switch|p1a: Golisopod|Golisopod, M|100/100
|move|p2a: Groudon|Swords Dance|p2a: Groudon
|-boost|p2a: Groudon|atk|2
|
|-weather|SunnyDay|[upkeep]
|upkeep
|turn|13
|
|t:|1650022282
|move|p1a: Golisopod|First Impression|p2a: Groudon
|-damage|p2a: Groudon|68/100
|move|p2a: Groudon|Stone Edge|p1a: Golisopod
|-supereffective|p1a: Golisopod
|-damage|p1a: Golisopod|0 fnt
|faint|p1a: Golisopod
|
|-weather|SunnyDay|[upkeep]
|upkeep
|
|t:|1650022290
|switch|p1a: Alakazam|Alakazam, M|1/100
|turn|14
|
|t:|1650022308
|switch|p2a: Yveltal|Yveltal|100/100
|-ability|p2a: Yveltal|Dark Aura
|move|p1a: Alakazam|Dazzling Gleam|p2a: Yveltal
|-supereffective|p2a: Yveltal
|-damage|p2a: Yveltal|52/100
|
|-weather|SunnyDay|[upkeep]
|upkeep
|turn|15
|
|t:|1650022318
|switch|p1a: Tyranitar|Tyranitar, M|100/100
|-weather|Sandstorm|[from] ability: Sand Stream|[of] p1a: Tyranitar
|move|p2a: Yveltal|Sucker Punch||[still]
|-fail|p2a: Yveltal
|
|-weather|Sandstorm|[upkeep]
|-damage|p2a: Yveltal|46/100|[from] Sandstorm
|upkeep
|turn|16
|
|t:|1650022327
|switch|p2a: Giratina|Giratina-Origin|100/100
|move|p1a: Tyranitar|Crunch|p2a: Giratina
|-supereffective|p2a: Giratina
|-damage|p2a: Giratina|50/100
|
|-weather|Sandstorm|[upkeep]
|-damage|p2a: Giratina|44/100|[from] Sandstorm
|upkeep
|turn|17
|
|t:|1650022337
|move|p2a: Giratina|Will-O-Wisp|p1a: Tyranitar
|-status|p1a: Tyranitar|brn
|move|p1a: Tyranitar|Thunder Wave|p2a: Giratina
|-status|p2a: Giratina|par
|
|-weather|Sandstorm|[upkeep]
|-damage|p2a: Giratina|38/100 par|[from] Sandstorm
|-damage|p1a: Tyranitar|94/100 brn|[from] brn
|upkeep
|turn|18
|
|t:|1650022348
|switch|p2a: Groudon|Groudon|68/100
|-weather|SunnyDay|[from] ability: Drought|[of] p2a: Groudon
|move|p1a: Tyranitar|Crunch|p2a: Groudon
|-damage|p2a: Groudon|57/100
|-unboost|p2a: Groudon|def|1
|
|-weather|SunnyDay|[upkeep]
|-heal|p1a: Tyranitar|100/100 brn|[from] item: Leftovers
|-damage|p1a: Tyranitar|94/100 brn|[from] brn
|upkeep
|turn|19
|
|t:|1650022361
|switch|p1a: Alakazam|Alakazam, M|1/100
|move|p2a: Groudon|Rock Polish|p2a: Groudon
|-boost|p2a: Groudon|spe|2
|
|-weather|SunnyDay|[upkeep]
|upkeep
|turn|20
|inactive|Hahaha.mr has 120 seconds left.
|
|t:|1650022402
|move|p2a: Groudon|Earthquake|p1a: Alakazam
|-damage|p1a: Alakazam|0 fnt
|faint|p1a: Alakazam
|
|-weather|SunnyDay|[upkeep]
|upkeep
|
|t:|1650022404
|switch|p1a: Sirfetch’d|Sirfetch’d, M|100/100
|turn|21
|
|t:|1650022412
|move|p2a: Groudon|Swords Dance|p2a: Groudon
|-boost|p2a: Groudon|atk|2
|move|p1a: Sirfetch’d|Leaf Blade|p2a: Groudon
|-supereffective|p2a: Groudon
|-crit|p2a: Groudon
|-damage|p2a: Groudon|0 fnt
|faint|p2a: Groudon
|
|-weather|SunnyDay|[upkeep]
|upkeep
|
|t:|1650022426
|switch|p2a: Yveltal|Yveltal|46/100
|-ability|p2a: Yveltal|Dark Aura
|turn|22
|
|t:|1650022432
|switch|p2a: Kyurem|Kyurem-Black|100/100
|-ability|p2a: Kyurem|Teravolt
|switch|p1a: Tyranitar|Tyranitar, M|94/100 brn
|-weather|Sandstorm|[from] ability: Sand Stream|[of] p1a: Tyranitar
|
|-weather|Sandstorm|[upkeep]
|-damage|p2a: Kyurem|94/100|[from] Sandstorm
|-heal|p1a: Tyranitar|100/100 brn|[from] item: Leftovers
|-damage|p1a: Tyranitar|94/100 brn|[from] brn
|upkeep
|turn|23
|
|t:|1650022445
|move|p2a: Kyurem|Dragon Dance|p2a: Kyurem
|-boost|p2a: Kyurem|atk|1
|-boost|p2a: Kyurem|spe|1
|move|p1a: Tyranitar|Thunder Wave|p2a: Kyurem
|-status|p2a: Kyurem|par
|
|-weather|Sandstorm|[upkeep]
|-damage|p2a: Kyurem|88/100 par|[from] Sandstorm
|-heal|p1a: Tyranitar|100/100 brn|[from] item: Leftovers
|-damage|p1a: Tyranitar|94/100 brn|[from] brn
|upkeep
|turn|24
|
|t:|1650022456
|move|p2a: Kyurem|Dragon Dance|p2a: Kyurem
|-boost|p2a: Kyurem|atk|1
|-boost|p2a: Kyurem|spe|1
|move|p1a: Tyranitar|Rock Blast|p2a: Kyurem
|-supereffective|p2a: Kyurem
|-damage|p2a: Kyurem|78/100 par
|-supereffective|p2a: Kyurem
|-damage|p2a: Kyurem|69/100 par
|-supereffective|p2a: Kyurem
|-damage|p2a: Kyurem|59/100 par
|-hitcount|p2a: Kyurem|3
|
|-weather|Sandstorm|[upkeep]
|-damage|p2a: Kyurem|53/100 par|[from] Sandstorm
|-heal|p1a: Tyranitar|100/100 brn|[from] item: Leftovers
|-damage|p1a: Tyranitar|94/100 brn|[from] brn
|upkeep
|turn|25
|
|t:|1650022470
|cant|p2a: Kyurem|par
|move|p1a: Tyranitar|Rock Blast|p2a: Kyurem
|-supereffective|p2a: Kyurem
|-damage|p2a: Kyurem|43/100 par
|-supereffective|p2a: Kyurem
|-damage|p2a: Kyurem|32/100 par
|-hitcount|p2a: Kyurem|2
|
|-weather|Sandstorm|[upkeep]
|-damage|p2a: Kyurem|26/100 par|[from] Sandstorm
|-heal|p1a: Tyranitar|100/100 brn|[from] item: Leftovers
|-damage|p1a: Tyranitar|94/100 brn|[from] brn
|upkeep
|turn|26
|
|t:|1650022482
|move|p2a: Kyurem|Dragon Claw|p1a: Tyranitar
|-damage|p1a: Tyranitar|10/100 brn
|move|p1a: Tyranitar|Rock Blast|p2a: Kyurem
|-supereffective|p2a: Kyurem
|-damage|p2a: Kyurem|17/100 par
|-supereffective|p2a: Kyurem
|-damage|p2a: Kyurem|6/100 par
|-hitcount|p2a: Kyurem|2
|
|-weather|none
|-heal|p1a: Tyranitar|16/100 brn|[from] item: Leftovers
|-damage|p1a: Tyranitar|10/100 brn|[from] brn
|upkeep
|turn|27
|
|t:|1650022496
|switch|p1a: Sirfetch’d|Sirfetch’d, M|100/100
|cant|p2a: Kyurem|par
|
|upkeep
|turn|28
|
|t:|1650022502
|move|p1a: Sirfetch’d|First Impression|p2a: Kyurem
|-crit|p2a: Kyurem
|-damage|p2a: Kyurem|0 fnt
|faint|p2a: Kyurem
|
|upkeep
|
|t:|1650022508
|switch|p2a: Yveltal|Yveltal|46/100
|-ability|p2a: Yveltal|Dark Aura
|turn|29
|
|t:|1650022512
|switch|p1a: Tyranitar|Tyranitar, M|10/100 brn
|-weather|Sandstorm|[from] ability: Sand Stream|[of] p1a: Tyranitar
|move|p2a: Yveltal|Oblivion Wing|p1a: Tyranitar
|-resisted|p1a: Tyranitar
|-damage|p1a: Tyranitar|2/100 brn
|-heal|p2a: Yveltal|52/100|[from] drain|[of] p1a: Tyranitar
|
|-weather|Sandstorm|[upkeep]
|-damage|p2a: Yveltal|46/100|[from] Sandstorm
|-heal|p1a: Tyranitar|8/100 brn|[from] item: Leftovers
|-damage|p1a: Tyranitar|2/100 brn|[from] brn
|upkeep
|turn|30
|
|t:|1650022526
|move|p2a: Yveltal|Oblivion Wing|p1a: Tyranitar
|-resisted|p1a: Tyranitar
|-damage|p1a: Tyranitar|0 fnt
|-heal|p2a: Yveltal|47/100|[from] drain|[of] p1a: Tyranitar
|faint|p1a: Tyranitar
|
|-weather|Sandstorm|[upkeep]
|-damage|p2a: Yveltal|41/100|[from] Sandstorm
|upkeep
|
|t:|1650022529
|switch|p1a: Excadrill|Excadrill, M|100/100
|turn|31
|
|t:|1650022538
|move|p1a: Excadrill|Iron Head|p2a: Yveltal
|-damage|p2a: Yveltal|0 fnt
|faint|p2a: Yveltal
|-damage|p1a: Excadrill|91/100|[from] item: Life Orb
|
|-weather|Sandstorm|[upkeep]
|upkeep
|
|t:|1650022545
|switch|p2a: Giratina|Giratina-Origin|38/100 par
|turn|32
|
|t:|1650022549
|move|p1a: Excadrill|Iron Head|p2a: Giratina
|-damage|p2a: Giratina|0 fnt
|faint|p2a: Giratina
|-damage|p1a: Excadrill|81/100|[from] item: Life Orb
|
|win|Hahaha.mr
|raw|Hahaha.mr's rating: 1294 &rarr; <strong>1323</strong><br />(+29 for winning)
|raw|Ryrissuu's rating: 1343 &rarr; <strong>1320</strong><br />(-23 for losing)
|l|☆Ryrissuu
|c|☆Hahaha.mr|Gg
