|j|☆RuthlessDragon6
|j|☆8142e
|t:|1631688812
|gametype|singles
|player|p1|RuthlessDragon6|silver|
|player|p2|8142e|aromalady|
|teamsize|p1|6
|teamsize|p2|6
|gen|8
|tier|[Gen 8] Ubers
|rated|Tournament battle
|rule|Sleep Clause Mod: Limit one foe put to sleep
|rule|Species Clause: Limit one of each Pokémon
|rule|OHKO Clause: OHKO moves are banned
|rule|Evasion Moves Clause: Evasion moves are banned
|rule|Endless Battle Clause: Forcing endless battles is banned
|rule|HP Percentage Mod: HP is shown in percentages
|rule|Dynamax Clause: You cannot dynamax
|clearpoke
|poke|p1|Klefki, M|
|poke|p1|Marshadow|
|poke|p1|Groudon|
|poke|p1|Necrozma-Dusk-Mane|
|poke|p1|Yveltal|
|poke|p1|Xerneas-*|
|poke|p2|Landorus, M|
|poke|p2|Calyrex-Shadow|
|poke|p2|Eternatus|
|poke|p2|Necrozma-Dusk-Mane|
|poke|p2|Yveltal|
|poke|p2|Slurpuff, F|
|teampreview
|j| TheDarkRising
|c|☆8142e|the key
|j| skimmythegod
|j| Holy cooll
|
|t:|1631688824
|start
|switch|p1a: Klefki|Klefki, M|100/100
|switch|p2a: Landorus|Landorus, M|100/100
|turn|1
|c|☆RuthlessDragon6|the puff
|
|t:|1631688834
|move|p1a: Klefki|Spikes|p2a: Landorus
|-sidestart|p2: 8142e|Spikes
|move|p2a: Landorus|Earth Power|p1a: Klefki
|-supereffective|p1a: Klefki
|-enditem|p1a: Klefki|Focus Sash
|-damage|p1a: Klefki|1/100
|
|upkeep
|turn|2
|c|☆8142e|hnmmmm
|
|t:|1631688854
|switch|p2a: Slurpuff|Slurpuff, F|100/100
|-damage|p2a: Slurpuff|88/100|[from] Spikes
|move|p1a: Klefki|Magic Coat|p1a: Klefki
|-singleturn|p1a: Klefki|move: Magic Coat
|
|upkeep
|turn|3
|
|t:|1631688863
|move|p1a: Klefki|Magic Coat|p1a: Klefki
|-singleturn|p1a: Klefki|move: Magic Coat
|move|p2a: Slurpuff|Magic Coat|p2a: Slurpuff
|-singleturn|p2a: Slurpuff|move: Magic Coat
|
|upkeep
|turn|4
|
|t:|1631688868
|move|p2a: Slurpuff|Yawn|p1a: Klefki
|-start|p1a: Klefki|move: Yawn|[of] p2a: Slurpuff
|move|p1a: Klefki|Play Rough|p2a: Slurpuff
|-damage|p2a: Slurpuff|23/100
|
|upkeep
|turn|5
|c|☆8142e|i want webs
|c|☆8142e|noooo
|
|t:|1631688894
|move|p2a: Slurpuff|Magic Coat|p2a: Slurpuff
|-singleturn|p2a: Slurpuff|move: Magic Coat
|move|p1a: Klefki|Play Rough|p2a: Slurpuff
|-damage|p2a: Slurpuff|0 fnt
|faint|p2a: Slurpuff
|
|-end|p1a: Klefki|move: Yawn|[silent]
|-status|p1a: Klefki|slp
|upkeep
|
|t:|1631688898
|switch|p2a: Landorus|Landorus, M|100/100
|turn|6
|c|☆RuthlessDragon6|ulalalala
|
|t:|1631688905
|cant|p1a: Klefki|slp
|move|p2a: Landorus|Stealth Rock|p1a: Klefki
|-sidestart|p1: RuthlessDragon6|move: Stealth Rock
|
|upkeep
|turn|7
|c|☆8142e|hmmmm
|
|t:|1631688909
|cant|p1a: Klefki|slp
|move|p2a: Landorus|Earth Power|p1a: Klefki
|-supereffective|p1a: Klefki
|-damage|p1a: Klefki|0 fnt
|faint|p1a: Klefki
|
|upkeep
|inactive|Battle timer is ON: inactive players will automatically lose when time's up. (requested by 8142e)
|c|☆8142e|a bad look
|
|t:|1631688941
|switch|p1a: Xerneas|Xerneas|100/100
|-damage|p1a: Xerneas|88/100|[from] Stealth Rock
|-ability|p1a: Xerneas|Fairy Aura
|turn|8
|c|☆8142e|outdone by the key
|
|t:|1631688948
|move|p2a: Landorus|Earth Power|p1a: Xerneas
|-damage|p1a: Xerneas|23/100
|move|p1a: Xerneas|Moonblast|p2a: Landorus
|-damage|p2a: Landorus|0 fnt
|faint|p2a: Landorus
|
|upkeep
|
|t:|1631688961
|switch|p2a: Eternatus|Eternatus|100/100
|-damage|p2a: Eternatus|88/100|[from] Spikes
|-ability|p2a: Eternatus|Pressure
|turn|9
|
|t:|1631688980
|move|p2a: Eternatus|Meteor Beam||[still]
|-prepare|p2a: Eternatus|Meteor Beam
|-boost|p2a: Eternatus|spa|1
|-enditem|p2a: Eternatus|Power Herb
|-anim|p2a: Eternatus|Meteor Beam|p1a: Xerneas
|-damage|p1a: Xerneas|0 fnt
|faint|p1a: Xerneas
|
|upkeep
|j| P2240
|
|t:|1631688990
|switch|p1a: Necrozma|Necrozma-Dusk-Mane|100/100
|-damage|p1a: Necrozma|95/100|[from] Stealth Rock
|turn|10
|
|t:|1631688995
|move|p2a: Eternatus|Flamethrower|p1a: Necrozma
|-supereffective|p1a: Necrozma
|-crit|p1a: Necrozma
|-damage|p1a: Necrozma|0 fnt
|faint|p1a: Necrozma
|
|upkeep
|c|☆8142e|mb
|c|☆RuthlessDragon6|bruh
|c|☆8142e|did u dd
|
|t:|1631689003
|switch|p1a: Groudon|Groudon|100/100
|-damage|p1a: Groudon|94/100|[from] Stealth Rock
|-weather|SunnyDay|[from] ability: Drought|[of] p1a: Groudon
|turn|11
|c|☆8142e|?
|c|☆RuthlessDragon6|nope
|c|☆RuthlessDragon6|I did eq
|c|☆8142e|dayum
|c|☆8142e|mb
|
|t:|1631689017
|move|p2a: Eternatus|Dynamax Cannon|p1a: Groudon
|-crit|p1a: Groudon
|-damage|p1a: Groudon|0 fnt
|faint|p1a: Groudon
|
|-weather|SunnyDay|[upkeep]
|upkeep
|c| skimmythegod|ez
|j| TheFallenHeroXx
|c|☆8142e|oh no
|c|☆RuthlessDragon6|HAHAHAHA
|
|t:|1631689030
|switch|p1a: Yveltal|Yveltal|100/100
|-damage|p1a: Yveltal|76/100|[from] Stealth Rock
|-ability|p1a: Yveltal|Dark Aura
|turn|12
|c|☆8142e|mb bro
|
|t:|1631689033
|move|p1a: Yveltal|Sucker Punch|p2a: Eternatus
|-damage|p2a: Eternatus|38/100
|move|p2a: Eternatus|Dynamax Cannon|p1a: Yveltal
|-damage|p1a: Yveltal|4/100
|
|-weather|SunnyDay|[upkeep]
|upkeep
|turn|13
|c|☆RuthlessDragon6|np
|
|t:|1631689041
|move|p1a: Yveltal|Sucker Punch|p2a: Eternatus
|-damage|p2a: Eternatus|0 fnt
|faint|p2a: Eternatus
|
|-weather|SunnyDay|[upkeep]
|upkeep
|c| skimmythegod|814 nice haxxer u are
|
|t:|1631689050
|switch|p2a: Yveltal|Yveltal|100/100
|-ability|p2a: Yveltal|Dark Aura
|turn|14
|c| TheDarkRising|see marsh reverse sweep now
|c|☆8142e|fax
|inactive|RuthlessDragon6 has 120 seconds left.
|c| P2240|Nah
|c| P2240|Marsh won't be able to
|l| Holy cooll
|
|t:|1631689102
|move|p1a: Yveltal|Sucker Punch|p2a: Yveltal
|-resisted|p2a: Yveltal
|-damage|p2a: Yveltal|72/100
|move|p2a: Yveltal|Knock Off|p1a: Yveltal
|-resisted|p1a: Yveltal
|-damage|p1a: Yveltal|0 fnt
|-enditem|p1a: Yveltal|Black Glasses|[from] move: Knock Off|[of] p2a: Yveltal
|faint|p1a: Yveltal
|
|-weather|SunnyDay|[upkeep]
|upkeep
|
|t:|1631689107
|switch|p1a: Marshadow|Marshadow|100/100
|-damage|p1a: Marshadow|94/100|[from] Stealth Rock
|turn|15
|
|t:|1631689117
|switch|p2a: Necrozma|Necrozma-Dusk-Mane|100/100
|-damage|p2a: Necrozma|88/100|[from] Spikes
|move|p1a: Marshadow|Close Combat|p2a: Necrozma
|-damage|p2a: Necrozma|21/100
|-unboost|p1a: Marshadow|def|1
|-unboost|p1a: Marshadow|spd|1
|-damage|p1a: Marshadow|84/100|[from] item: Life Orb
|
|-weather|none
|upkeep
|turn|16
|inactive|RuthlessDragon6 has 120 seconds left.
|c| skimmythegod|imagine not special yvel
|
|t:|1631689128
|move|p1a: Marshadow|Close Combat|p2a: Necrozma
|-damage|p2a: Necrozma|0 fnt
|-unboost|p1a: Marshadow|def|1
|-unboost|p1a: Marshadow|spd|1
|faint|p2a: Necrozma
|-damage|p1a: Marshadow|74/100|[from] item: Life Orb
|
|upkeep
|
|t:|1631689132
|switch|p2a: Yveltal|Yveltal|72/100
|-ability|p2a: Yveltal|Dark Aura
|turn|17
|
|t:|1631689136
|move|p2a: Yveltal|Sucker Punch|p1a: Marshadow
|-damage|p1a: Marshadow|0 fnt
|faint|p1a: Marshadow
|
|win|8142e
|n|☆RuthlessDragon6|ruthlessdragon6
|n|☆8142e|8142e
|n| TheDarkRising|thedarkrising
|n| skimmythegod|skimmythegod
|n| P2240|p2240
|n| TheFallenHeroXx|thefallenheroxx
