|j|☆senor totor
|j|☆PokeDuels
|t:|1640080973
|gametype|singles
|player|p1|senor totor|policeman-gen4|1618
|player|p2|PokeDuels|1|1490
|teamsize|p1|6
|teamsize|p2|6
|gen|8
|tier|[Gen 8] Ubers
|rated|
|rule|Sleep Clause Mod: Limit one foe put to sleep
|rule|Species Clause: Limit one of each Pokémon
|rule|OHKO Clause: OHKO moves are banned
|rule|Evasion Moves Clause: Evasion moves are banned
|rule|Endless Battle Clause: Forcing endless battles is banned
|rule|HP Percentage Mod: HP is shown in percentages
|rule|Dynamax Clause: You cannot dynamax
|clearpoke
|poke|p1|Yveltal|
|poke|p1|Eternatus|
|poke|p1|Necrozma-Dusk-Mane|
|poke|p1|Ferrothorn, F|
|poke|p1|Groudon|
|poke|p1|Marshadow|
|poke|p2|Weavile, F|
|poke|p2|Yveltal|
|poke|p2|Cloyster, F|
|poke|p2|Calyrex-Shadow|
|poke|p2|Necrozma-Dusk-Mane|
|poke|p2|Xerneas-*|
|teampreview
|
|t:|1640081025
|start
|switch|p1a: Necrozma|Necrozma-Dusk-Mane|100/100
|switch|p2a: Cloyster|Cloyster, F|100/100
|turn|1
|
|t:|1640081033
|move|p2a: Cloyster|Spikes|p1a: Necrozma
|-sidestart|p1: senor totor|Spikes
|move|p1a: Necrozma|Knock Off|p2a: Cloyster
|-damage|p2a: Cloyster|73/100
|-enditem|p2a: Cloyster|Focus Sash|[from] move: Knock Off|[of] p1a: Necrozma
|
|upkeep
|turn|2
|
|t:|1640081040
|move|p2a: Cloyster|Shell Smash|p2a: Cloyster
|-unboost|p2a: Cloyster|def|1
|-unboost|p2a: Cloyster|spd|1
|-boost|p2a: Cloyster|atk|2
|-boost|p2a: Cloyster|spa|2
|-boost|p2a: Cloyster|spe|2
|move|p1a: Necrozma|Sunsteel Strike|p2a: Cloyster
|-damage|p2a: Cloyster|7/100
|
|upkeep
|turn|3
|
|t:|1640081056
|move|p2a: Cloyster|Liquidation|p1a: Necrozma
|-damage|p1a: Necrozma|57/100
|-unboost|p1a: Necrozma|def|1
|-damage|p2a: Cloyster|0 fnt|[from] item: Rocky Helmet|[of] p1a: Necrozma
|faint|p2a: Cloyster
|move|p1a: Necrozma|Knock Off|p2: Cloyster|[notarget]
|-fail|p1a: Necrozma
|
|upkeep
|
|t:|1640081065
|switch|p2a: Weavile|Weavile, F|100/100
|-ability|p2a: Weavile|Pressure
|turn|4
|
|t:|1640081073
|move|p2a: Weavile|Swords Dance|p2a: Weavile
|-boost|p2a: Weavile|atk|2
|move|p1a: Necrozma|Sunsteel Strike|p2a: Weavile
|-supereffective|p2a: Weavile
|-enditem|p2a: Weavile|Focus Sash
|-damage|p2a: Weavile|1/100
|
|upkeep
|turn|5
|
|t:|1640081094
|move|p2a: Weavile|Knock Off|p1a: Necrozma
|-supereffective|p1a: Necrozma
|-damage|p1a: Necrozma|0 fnt
|-damage|p2a: Weavile|0 fnt|[from] item: Rocky Helmet|[of] p1a: Necrozma
|faint|p1a: Necrozma
|faint|p2a: Weavile
|
|upkeep
|
|t:|1640081112
|switch|p2a: Yveltal|Yveltal|100/100
|switch|p1a: Groudon|Groudon|100/100
|-ability|p2a: Yveltal|Dark Aura
|-damage|p1a: Groudon|88/100|[from] Spikes
|-weather|SunnyDay|[from] ability: Drought|[of] p1a: Groudon
|turn|6
|
|t:|1640081120
|move|p2a: Yveltal|Knock Off|p1a: Groudon
|-damage|p1a: Groudon|42/100
|-enditem|p1a: Groudon|Leftovers|[from] move: Knock Off|[of] p2a: Yveltal
|move|p1a: Groudon|Stealth Rock|p2a: Yveltal
|-sidestart|p2: PokeDuels|move: Stealth Rock
|
|-weather|SunnyDay|[upkeep]
|upkeep
|turn|7
|
|t:|1640081131
|move|p2a: Yveltal|Sucker Punch|p1a: Groudon
|-damage|p1a: Groudon|14/100
|move|p1a: Groudon|Stone Edge|p2a: Yveltal|[miss]
|-miss|p1a: Groudon|p2a: Yveltal
|
|-weather|SunnyDay|[upkeep]
|upkeep
|turn|8
|
|t:|1640081145
|move|p2a: Yveltal|Taunt|p1a: Groudon
|-start|p1a: Groudon|move: Taunt
|move|p1a: Groudon|Stone Edge|p2a: Yveltal|[miss]
|-miss|p1a: Groudon|p2a: Yveltal
|
|-weather|SunnyDay|[upkeep]
|upkeep
|turn|9
|
|t:|1640081158
|move|p2a: Yveltal|Taunt||[still]
|-fail|p2a: Yveltal
|move|p1a: Groudon|Stone Edge|p2a: Yveltal
|-supereffective|p2a: Yveltal
|-damage|p2a: Yveltal|35/100
|
|-weather|SunnyDay|[upkeep]
|upkeep
|turn|10
|
|t:|1640081167
|switch|p2a: Necrozma|Necrozma-Dusk-Mane|100/100
|-damage|p2a: Necrozma|95/100|[from] Stealth Rock
|move|p1a: Groudon|Stone Edge|p2a: Necrozma
|-resisted|p2a: Necrozma
|-damage|p2a: Necrozma|79/100
|
|-weather|none
|-end|p1a: Groudon|move: Taunt
|upkeep
|turn|11
|
|t:|1640081177
|switch|p2a: Yveltal|Yveltal|35/100
|-damage|p2a: Yveltal|10/100|[from] Stealth Rock
|-ability|p2a: Yveltal|Dark Aura
|move|p1a: Groudon|Precipice Blades|p2a: Yveltal
|-immune|p2a: Yveltal
|
|upkeep
|turn|12
|
|t:|1640081185
|move|p2a: Yveltal|Taunt|p1a: Groudon
|-start|p1a: Groudon|move: Taunt
|move|p1a: Groudon|Stone Edge|p2a: Yveltal
|-supereffective|p2a: Yveltal
|-damage|p2a: Yveltal|0 fnt
|faint|p2a: Yveltal
|
|upkeep
|
|t:|1640081186
|switch|p2a: Xerneas|Xerneas|100/100
|-damage|p2a: Xerneas|88/100|[from] Stealth Rock
|-ability|p2a: Xerneas|Fairy Aura
|turn|13
|
|t:|1640081196
|move|p2a: Xerneas|Geomancy||[still]
|-prepare|p2a: Xerneas|Geomancy
|-enditem|p2a: Xerneas|Power Herb
|-anim|p2a: Xerneas|Geomancy|p2a: Xerneas
|-boost|p2a: Xerneas|spa|2
|-boost|p2a: Xerneas|spd|2
|-boost|p2a: Xerneas|spe|2
|move|p1a: Groudon|Precipice Blades|p2a: Xerneas
|-damage|p2a: Xerneas|30/100
|
|upkeep
|turn|14
|
|t:|1640081204
|move|p2a: Xerneas|Moonblast|p1a: Groudon
|-damage|p1a: Groudon|0 fnt
|faint|p1a: Groudon
|
|upkeep
|
|t:|1640081209
|switch|p1a: Marshadow|Marshadow|100/100
|-damage|p1a: Marshadow|88/100|[from] Spikes
|turn|15
|
|t:|1640081214
|move|p1a: Marshadow|Shadow Sneak|p2a: Xerneas
|-damage|p2a: Xerneas|0 fnt
|faint|p2a: Xerneas
|
|upkeep
|-message|PokeDuels forfeited.
|
|win|senor totor
|raw|senor totor's rating: 1618 &rarr; <strong>1631</strong><br />(+13 for winning)
|raw|PokeDuels's rating: 1490 &rarr; <strong>1477</strong><br />(-13 for losing)
|l|☆PokeDuels
