|j|☆REGITRUMP
|j|☆LegacyShowden
|t:|1665521135
|gametype|singles
|player|p1|REGITRUMP|265|1255
|player|p2|LegacyShowden|rosa|1411
|teamsize|p1|6
|teamsize|p2|6
|gen|8
|tier|[Gen 8] Ubers
|rated|
|rule|Sleep Clause Mod: Limit one foe put to sleep
|rule|Species Clause: Limit one of each Pokémon
|rule|OHKO Clause: OHKO moves are banned
|rule|Evasion Items Clause: Evasion items are banned
|rule|Evasion Moves Clause: Evasion moves are banned
|rule|Endless Battle Clause: Forcing endless battles is banned
|rule|HP Percentage Mod: HP is shown in percentages
|rule|Dynamax Clause: You cannot dynamax
|clearpoke
|poke|p1|Eternatus|
|poke|p1|Zamazenta-*|
|poke|p1|Zygarde|
|poke|p1|Calyrex-Shadow|
|poke|p1|Ho-Oh|
|poke|p1|Genesect|
|poke|p2|Necrozma-Dusk-Mane|
|poke|p2|Reshiram|
|poke|p2|Yveltal|
|poke|p2|Eternatus|
|poke|p2|Blissey, F|
|poke|p2|Marshadow|
|teampreview
|inactive|Battle timer is ON: inactive players will automatically lose when time's up. (requested by LegacyShowden)
|
|t:|1665521163
|start
|switch|p1a: Genesect|Genesect|100/100
|switch|p2a: Eternatus|Eternatus|100/100
|-ability|p1a: Genesect|Download|boost
|-boost|p1a: Genesect|atk|1
|-ability|p2a: Eternatus|Pressure
|turn|1
|
|t:|1665521168
|move|p1a: Genesect|Explosion|p2a: Eternatus
|-damage|p2a: Eternatus|15/100
|faint|p1a: Genesect
|move|p2a: Eternatus|Flamethrower|p1: Genesect|[notarget]
|-fail|p2a: Eternatus
|
|-heal|p2a: Eternatus|21/100|[from] item: Black Sludge
|upkeep
|
|t:|1665521173
|switch|p1a: Calyrex|Calyrex-Shadow|100/100
|-ability|p1a: Calyrex|As One
|-ability|p1a: Calyrex|Unnerve
|turn|2
|
|t:|1665521179
|switch|p2a: Yveltal|Yveltal, shiny|100/100
|-ability|p2a: Yveltal|Dark Aura
|move|p1a: Calyrex|Substitute|p1a: Calyrex
|-start|p1a: Calyrex|Substitute
|-damage|p1a: Calyrex|76/100
|
|upkeep
|turn|3
|
|t:|1665521181
|move|p1a: Calyrex|Astral Barrage|p2a: Yveltal
|-resisted|p2a: Yveltal
|-damage|p2a: Yveltal|66/100
|-damage|p1a: Calyrex|66/100|[from] item: Life Orb
|move|p2a: Yveltal|Dark Pulse|p1a: Calyrex
|-supereffective|p1a: Calyrex
|-end|p1a: Calyrex|Substitute
|
|upkeep
|turn|4
|
|t:|1665521186
|move|p1a: Calyrex|Substitute|p1a: Calyrex
|-start|p1a: Calyrex|Substitute
|-damage|p1a: Calyrex|41/100
|move|p2a: Yveltal|Oblivion Wing|p1a: Calyrex
|-end|p1a: Calyrex|Substitute
|-heal|p2a: Yveltal|80/100|[from] drain|[of] p1a: Calyrex
|
|upkeep
|turn|5
|
|t:|1665521189
|move|p1a: Calyrex|Astral Barrage|p2a: Yveltal
|-resisted|p2a: Yveltal
|-damage|p2a: Yveltal|42/100
|-damage|p1a: Calyrex|31/100|[from] item: Life Orb
|move|p2a: Yveltal|Oblivion Wing|p1a: Calyrex
|-damage|p1a: Calyrex|0 fnt
|-heal|p2a: Yveltal|59/100|[from] drain|[of] p1a: Calyrex
|faint|p1a: Calyrex
|
|upkeep
|
|t:|1665521195
|switch|p1a: Eternatus|Eternatus|100/100
|-ability|p1a: Eternatus|Pressure
|turn|6
|
|t:|1665521197
|switch|p2a: Eternatus|Eternatus|21/100
|-ability|p2a: Eternatus|Pressure
|move|p1a: Eternatus|Meteor Beam||[still]
|-prepare|p1a: Eternatus|Meteor Beam
|-boost|p1a: Eternatus|spa|1
|-enditem|p1a: Eternatus|Power Herb
|-anim|p1a: Eternatus|Meteor Beam|p2a: Eternatus
|-damage|p2a: Eternatus|0 fnt
|faint|p2a: Eternatus
|
|upkeep
|
|t:|1665521205
|switch|p2a: Blissey|Blissey, F|100/100
|turn|7
|
|t:|1665521209
|switch|p1a: Zamazenta|Zamazenta-Crowned|100/100
|-ability|p1a: Zamazenta|Dauntless Shield|boost
|-boost|p1a: Zamazenta|def|1
|move|p2a: Blissey|Stealth Rock|p1a: Zamazenta
|-sidestart|p1: REGITRUMP|move: Stealth Rock
|
|upkeep
|turn|8
|
|t:|1665521221
|switch|p2a: Necrozma|Necrozma-Dusk-Mane, shiny|100/100
|move|p1a: Zamazenta|Snarl|p2a: Necrozma|[miss]
|-miss|p1a: Zamazenta|p2a: Necrozma
|
|upkeep
|turn|9
|
|t:|1665521227
|move|p1a: Zamazenta|Scary Face|p2a: Necrozma
|-unboost|p2a: Necrozma|spe|2
|move|p2a: Necrozma|Thunder Wave|p1a: Zamazenta
|-status|p1a: Zamazenta|par
|
|upkeep
|turn|10
|
|t:|1665521233
|move|p1a: Zamazenta|Snarl|p2a: Necrozma
|-supereffective|p2a: Necrozma
|-damage|p2a: Necrozma|88/100
|-unboost|p2a: Necrozma|spa|1
|move|p2a: Necrozma|Iron Head|p1a: Zamazenta
|-resisted|p1a: Zamazenta
|-damage|p1a: Zamazenta|90/100 par
|
|-heal|p2a: Necrozma|94/100|[from] item: Leftovers
|upkeep
|turn|11
|
|t:|1665521237
|cant|p1a: Zamazenta|par
|move|p2a: Necrozma|Iron Head|p1a: Zamazenta
|-resisted|p1a: Zamazenta
|-damage|p1a: Zamazenta|81/100 par
|
|-heal|p2a: Necrozma|100/100|[from] item: Leftovers
|upkeep
|turn|12
|
|t:|1665521250
|move|p1a: Zamazenta|Snarl|p2a: Necrozma
|-supereffective|p2a: Necrozma
|-damage|p2a: Necrozma|89/100
|-unboost|p2a: Necrozma|spa|1
|move|p2a: Necrozma|Iron Head|p1a: Zamazenta
|-resisted|p1a: Zamazenta
|-damage|p1a: Zamazenta|72/100 par
|
|-heal|p2a: Necrozma|95/100|[from] item: Leftovers
|upkeep
|turn|13
|
|t:|1665521254
|cant|p1a: Zamazenta|par
|move|p2a: Necrozma|Iron Head|p1a: Zamazenta
|-resisted|p1a: Zamazenta
|-damage|p1a: Zamazenta|62/100 par
|
|-heal|p2a: Necrozma|100/100|[from] item: Leftovers
|upkeep
|turn|14
|
|t:|1665521257
|switch|p2a: Reshiram|Reshiram|100/100
|-ability|p2a: Reshiram|Turboblaze
|move|p1a: Zamazenta|Behemoth Bash|p2a: Reshiram
|-resisted|p2a: Reshiram
|-damage|p2a: Reshiram|79/100
|
|upkeep
|turn|15
|
|t:|1665521261
|move|p2a: Reshiram|Dragon Dance|p2a: Reshiram
|-boost|p2a: Reshiram|atk|1
|-boost|p2a: Reshiram|spe|1
|move|p1a: Zamazenta|Metal Burst||[still]
|-fail|p1a: Zamazenta
|
|upkeep
|turn|16
|
|t:|1665521264
|move|p2a: Reshiram|Dragon Dance|p2a: Reshiram
|-boost|p2a: Reshiram|atk|1
|-boost|p2a: Reshiram|spe|1
|cant|p1a: Zamazenta|par
|
|upkeep
|turn|17
|
|t:|1665521268
|move|p2a: Reshiram|Dragon Dance|p2a: Reshiram
|-boost|p2a: Reshiram|atk|1
|-boost|p2a: Reshiram|spe|1
|move|p1a: Zamazenta|Scary Face|p2a: Reshiram
|-unboost|p2a: Reshiram|spe|2
|
|upkeep
|turn|18
|
|t:|1665521271
|move|p2a: Reshiram|Roost|p2a: Reshiram
|-heal|p2a: Reshiram|100/100
|-singleturn|p2a: Reshiram|move: Roost
|move|p1a: Zamazenta|Scary Face|p2a: Reshiram
|-unboost|p2a: Reshiram|spe|2
|
|upkeep
|turn|19
|
|t:|1665521275
|move|p2a: Reshiram|Dragon Dance|p2a: Reshiram
|-boost|p2a: Reshiram|atk|1
|-boost|p2a: Reshiram|spe|1
|move|p1a: Zamazenta|Scary Face|p2a: Reshiram
|-unboost|p2a: Reshiram|spe|2
|
|upkeep
|turn|20
|
|t:|1665521282
|move|p2a: Reshiram|Dragon Dance|p2a: Reshiram
|-boost|p2a: Reshiram|atk|1
|-boost|p2a: Reshiram|spe|1
|move|p1a: Zamazenta|Scary Face|p2a: Reshiram
|-unboost|p2a: Reshiram|spe|2
|
|upkeep
|turn|21
|
|t:|1665521287
|switch|p1a: Eternatus|Eternatus|100/100
|-damage|p1a: Eternatus|88/100|[from] Stealth Rock
|-ability|p1a: Eternatus|Pressure
|move|p2a: Reshiram|Dragon Dance|p2a: Reshiram
|-boost|p2a: Reshiram|atk|1
|-boost|p2a: Reshiram|spe|1
|
|upkeep
|turn|22
|
|t:|1665521290
|switch|p2a: Necrozma|Necrozma-Dusk-Mane, shiny|100/100
|move|p1a: Eternatus|Dynamax Cannon|p2a: Necrozma
|-resisted|p2a: Necrozma
|-damage|p2a: Necrozma|80/100
|
|-heal|p2a: Necrozma|86/100|[from] item: Leftovers
|upkeep
|turn|23
|
|t:|1665521296
|switch|p1a: Zamazenta|Zamazenta-Crowned|62/100 par
|-damage|p1a: Zamazenta|59/100 par|[from] Stealth Rock
|-ability|p1a: Zamazenta|Dauntless Shield|boost
|-boost|p1a: Zamazenta|def|1
|move|p2a: Necrozma|Thunder Wave|p1a: Zamazenta
|-fail|p1a: Zamazenta|par
|
|-heal|p2a: Necrozma|92/100|[from] item: Leftovers
|upkeep
|turn|24
|
|t:|1665521301
|move|p2a: Necrozma|Iron Head|p1a: Zamazenta
|-resisted|p1a: Zamazenta
|-damage|p1a: Zamazenta|50/100 par
|cant|p1a: Zamazenta|par
|
|-heal|p2a: Necrozma|98/100|[from] item: Leftovers
|upkeep
|turn|25
|
|t:|1665521304
|move|p2a: Necrozma|Iron Head|p1a: Zamazenta
|-resisted|p1a: Zamazenta
|-damage|p1a: Zamazenta|41/100 par
|cant|p1a: Zamazenta|flinch
|
|-heal|p2a: Necrozma|100/100|[from] item: Leftovers
|upkeep
|turn|26
|
|t:|1665521307
|move|p2a: Necrozma|Iron Head|p1a: Zamazenta
|-resisted|p1a: Zamazenta
|-damage|p1a: Zamazenta|31/100 par
|cant|p1a: Zamazenta|flinch
|
|upkeep
|turn|27
|
|t:|1665521312
|move|p2a: Necrozma|Iron Head|p1a: Zamazenta
|-resisted|p1a: Zamazenta
|-damage|p1a: Zamazenta|22/100 par
|cant|p1a: Zamazenta|par
|
|upkeep
|turn|28
|
|t:|1665521316
|move|p2a: Necrozma|Iron Head|p1a: Zamazenta
|-resisted|p1a: Zamazenta
|-damage|p1a: Zamazenta|12/100 par
|move|p1a: Zamazenta|Scary Face|p2a: Necrozma
|-unboost|p2a: Necrozma|spe|2
|
|upkeep
|turn|29
|
|t:|1665521320
|cant|p1a: Zamazenta|par
|move|p2a: Necrozma|Iron Head|p1a: Zamazenta
|-resisted|p1a: Zamazenta
|-damage|p1a: Zamazenta|2/100 par
|
|upkeep
|turn|30
|
|t:|1665521323
|move|p1a: Zamazenta|Scary Face|p2a: Necrozma
|-unboost|p2a: Necrozma|spe|2
|move|p2a: Necrozma|Photon Geyser|p1a: Zamazenta
|-damage|p1a: Zamazenta|0 fnt
|faint|p1a: Zamazenta
|
|upkeep
|
|t:|1665521325
|switch|p1a: Zygarde|Zygarde|100/100
|-damage|p1a: Zygarde|94/100|[from] Stealth Rock
|turn|31
|
|t:|1665521331
|switch|p2a: Yveltal|Yveltal, shiny|59/100
|-ability|p2a: Yveltal|Dark Aura
|move|p1a: Zygarde|Substitute|p1a: Zygarde
|-start|p1a: Zygarde|Substitute
|-damage|p1a: Zygarde|69/100
|
|upkeep
|turn|32
|
|t:|1665521335
|move|p2a: Yveltal|Oblivion Wing|p1a: Zygarde
|-end|p1a: Zygarde|Substitute
|-heal|p2a: Yveltal|77/100|[from] drain|[of] p1a: Zygarde
|move|p1a: Zygarde|Dragon Dance|p1a: Zygarde
|-boost|p1a: Zygarde|atk|1
|-boost|p1a: Zygarde|spe|1
|
|upkeep
|turn|33
|
|t:|1665521341
|switch|p2a: Marshadow|Marshadow|100/100
|move|p1a: Zygarde|Dragon Dance|p1a: Zygarde
|-boost|p1a: Zygarde|atk|1
|-boost|p1a: Zygarde|spe|1
|
|upkeep
|turn|34
|
|t:|1665521347
|move|p1a: Zygarde|Thousand Arrows|p2a: Marshadow
|-damage|p2a: Marshadow|19/100
|move|p2a: Marshadow|Spectral Thief||[still]
|-clearpositiveboost|p1a: Zygarde|p2a: Marshadow|move: Spectral Thief
|-boost|p2a: Marshadow|atk|2
|-boost|p2a: Marshadow|spe|2
|-anim|p2a: Marshadow|Spectral Thief|p1a: Zygarde
|-damage|p1a: Zygarde|0 fnt
|faint|p1a: Zygarde
|-damage|p2a: Marshadow|9/100|[from] item: Life Orb
|
|upkeep
|-message|REGITRUMP forfeited.
|
|win|LegacyShowden
|raw|REGITRUMP's rating: 1255 &rarr; <strong>1241</strong><br />(-14 for losing)
|raw|LegacyShowden's rating: 1411 &rarr; <strong>1423</strong><br />(+12 for winning)
|l|☆REGITRUMP
