|j|☆Testing Teamz ok
|j|☆puissance du feu
|t:|1669214212
|gametype|singles
|player|p1|Testing Teamz ok|chase|1402
|player|p2|puissance du feu|blackbelt-gen4dp|1404
|teamsize|p1|6
|teamsize|p2|6
|gen|8
|tier|[Gen 8] Ubers
|rated|
|rule|Sleep Clause Mod: Limit one foe put to sleep
|rule|Species Clause: Limit one of each Pokémon
|rule|OHKO Clause: OHKO moves are banned
|rule|Evasion Items Clause: Evasion items are banned
|rule|Evasion Moves Clause: Evasion moves are banned
|rule|Endless Battle Clause: Forcing endless battles is banned
|rule|HP Percentage Mod: HP is shown in percentages
|rule|Dynamax Clause: You cannot dynamax
|clearpoke
|poke|p1|Zygarde|
|poke|p1|Ho-Oh|
|poke|p1|Genesect|
|poke|p1|Kyogre|
|poke|p1|Darmanitan-Galar, F|
|poke|p1|Urshifu-*, M|
|poke|p2|Dialga|
|poke|p2|Mewtwo|
|poke|p2|Weavile, F|
|poke|p2|Kyogre|
|poke|p2|Cloyster, F|
|poke|p2|Ho-Oh|
|teampreview
|inactive|Battle timer is ON: inactive players will automatically lose when time's up. (requested by puissance du feu)
|
|t:|1669214229
|start
|switch|p1a: Ho-Oh|Ho-Oh|100/100
|switch|p2a: Fen|Dialga|100/100
|-ability|p2a: Fen|Pressure
|turn|1
|
|t:|1669214232
|move|p2a: Fen|Draco Meteor|p1a: Ho-Oh
|-damage|p1a: Ho-Oh|29/100
|-unboost|p2a: Fen|spa|2
|move|p1a: Ho-Oh|Sacred Fire|p2a: Fen
|-damage|p2a: Fen|62/100
|
|upkeep
|turn|2
|
|t:|1669214243
|switch|p1a: Genesect|Genesect|100/100
|-ability|p1a: Genesect|Download|boost
|-boost|p1a: Genesect|spa|1
|move|p2a: Fen|Draco Meteor|p1a: Genesect
|-resisted|p1a: Genesect
|-damage|p1a: Genesect|61/100
|-unboost|p2a: Fen|spa|2
|
|upkeep
|turn|3
|
|t:|1669214252
|switch|p2a: Alllla|Ho-Oh|100/100
|-ability|p2a: Alllla|Pressure
|move|p1a: Genesect|U-turn|p2a: Alllla
|-resisted|p2a: Alllla
|-damage|p2a: Alllla|93/100
|
|t:|1669214264
|switch|p1a: Kyogre|Kyogre|100/100|[from]move: U-turn
|-weather|RainDance|[from] ability: Drizzle|[of] p1a: Kyogre
|
|-weather|RainDance|[upkeep]
|upkeep
|turn|4
|
|t:|1669214272
|switch|p2a: Fen|Dialga|62/100
|-ability|p2a: Fen|Pressure
|move|p1a: Kyogre|Water Spout|p2a: Fen
|-resisted|p2a: Fen
|-damage|p2a: Fen|1/100
|
|-weather|RainDance|[upkeep]
|upkeep
|turn|5
|
|t:|1669214281
|move|p1a: Kyogre|Water Spout|p2a: Fen
|-resisted|p2a: Fen
|-damage|p2a: Fen|0 fnt
|faint|p2a: Fen
|
|-weather|RainDance|[upkeep]
|upkeep
|
|t:|1669214290
|switch|p2a: Mew no.|Mewtwo|100/100
|-ability|p2a: Mew no.|Unnerve
|turn|6
|
|t:|1669214300
|move|p1a: Kyogre|Water Spout|p2a: Mew no.
|-enditem|p2a: Mew no.|Focus Sash
|-damage|p2a: Mew no.|1/100
|move|p2a: Mew no.|Psystrike|p1a: Kyogre
|-damage|p1a: Kyogre|41/100
|
|-weather|RainDance|[upkeep]
|upkeep
|turn|7
|
|t:|1669214318
|switch|p1a: Urshifu|Urshifu, M|100/100
|move|p2a: Mew no.|Psystrike|p1a: Urshifu
|-immune|p1a: Urshifu
|
|-weather|none
|upkeep
|turn|8
|
|t:|1669214326
|move|p2a: Mew no.|Ice Beam|p1a: Urshifu
|-damage|p1a: Urshifu|46/100
|move|p1a: Urshifu|U-turn|p2a: Mew no.
|-supereffective|p2a: Mew no.
|-damage|p2a: Mew no.|0 fnt
|faint|p2a: Mew no.
|
|t:|1669214340
|switch|p1a: Darmanitan|Darmanitan-Galar, F|100/100|[from]move: U-turn
|
|upkeep
|
|t:|1669214359
|switch|p2a: He? Fe!?|Cloyster, F|100/100
|turn|9
|
|t:|1669214376
|move|p1a: Darmanitan|Flare Blitz|p2a: He? Fe!?
|-damage|p2a: He? Fe!?|47/100
|-damage|p1a: Darmanitan|88/100|[from] Recoil
|move|p2a: He? Fe!?|Shell Smash|p2a: He? Fe!?
|-unboost|p2a: He? Fe!?|def|1
|-unboost|p2a: He? Fe!?|spd|1
|-boost|p2a: He? Fe!?|atk|2
|-boost|p2a: He? Fe!?|spa|2
|-boost|p2a: He? Fe!?|spe|2
|
|upkeep
|turn|10
|
|t:|1669214380
|move|p2a: He? Fe!?|Icicle Spear|p1a: Darmanitan
|-resisted|p1a: Darmanitan
|-damage|p1a: Darmanitan|69/100
|-resisted|p1a: Darmanitan
|-damage|p1a: Darmanitan|50/100
|-resisted|p1a: Darmanitan
|-damage|p1a: Darmanitan|32/100
|-resisted|p1a: Darmanitan
|-damage|p1a: Darmanitan|14/100
|-resisted|p1a: Darmanitan
|-damage|p1a: Darmanitan|0 fnt
|faint|p1a: Darmanitan
|-hitcount|p1: Darmanitan|5
|
|upkeep
|
|t:|1669214384
|switch|p1a: Urshifu|Urshifu, M|46/100
|turn|11
|
|t:|1669214402
|move|p2a: He? Fe!?|Ice Shard|p1a: Urshifu
|-damage|p1a: Urshifu|10/100
|move|p1a: Urshifu|Sucker Punch||[still]
|-fail|p1a: Urshifu
|
|upkeep
|turn|12
|
|t:|1669214408
|move|p2a: He? Fe!?|Ice Shard|p1a: Urshifu
|-damage|p1a: Urshifu|0 fnt
|faint|p1a: Urshifu
|
|upkeep
|
|t:|1669214417
|switch|p1a: Genesect|Genesect|61/100
|-ability|p1a: Genesect|Download|boost
|-boost|p1a: Genesect|spa|1
|turn|13
|
|t:|1669214425
|move|p1a: Genesect|Flamethrower|p2a: He? Fe!?
|-damage|p2a: He? Fe!?|0 fnt
|faint|p2a: He? Fe!?
|
|upkeep
|
|t:|1669214431
|switch|p2a: Alllla|Ho-Oh|93/100
|-ability|p2a: Alllla|Pressure
|turn|14
|
|t:|1669214453
|switch|p1a: Zygarde|Zygarde|100/100
|move|p2a: Alllla|Earthquake|p1a: Zygarde
|-damage|p1a: Zygarde|74/100
|
|-heal|p1a: Zygarde|80/100|[from] item: Leftovers
|upkeep
|turn|15
|
|t:|1669214463
|switch|p2a: Thang on me !|Weavile, F|100/100
|-ability|p2a: Thang on me !|Pressure
|move|p1a: Zygarde|Coil|p1a: Zygarde
|-boost|p1a: Zygarde|atk|1
|-boost|p1a: Zygarde|def|1
|-boost|p1a: Zygarde|accuracy|1
|
|-heal|p1a: Zygarde|86/100|[from] item: Leftovers
|upkeep
|turn|16
|
|t:|1669214472
|move|p2a: Thang on me !|Triple Axel|p1a: Zygarde
|-supereffective|p1a: Zygarde
|-damage|p1a: Zygarde|67/100
|-hitcount|p1a: Zygarde|1
|move|p1a: Zygarde|Scale Shot|p2a: Thang on me !
|-damage|p2a: Thang on me !|72/100
|-damage|p2a: Thang on me !|39/100
|-damage|p2a: Thang on me !|9/100
|-hitcount|p2a: Thang on me !|3
|-unboost|p1a: Zygarde|def|1
|-boost|p1a: Zygarde|spe|1
|
|-heal|p1a: Zygarde|73/100|[from] item: Leftovers
|upkeep
|turn|17
|
|t:|1669214480
|move|p1a: Zygarde|Scale Shot|p2a: Thang on me !
|-damage|p2a: Thang on me !|0 fnt
|faint|p2a: Thang on me !
|-hitcount|p2: Thang on me !|1
|-unboost|p1a: Zygarde|def|1
|-boost|p1a: Zygarde|spe|1
|
|-heal|p1a: Zygarde|79/100|[from] item: Leftovers
|upkeep
|
|t:|1669214490
|switch|p2a: Le Calino|Kyogre|100/100
|-weather|RainDance|[from] ability: Drizzle|[of] p2a: Le Calino
|turn|18
|
|t:|1669214498
|move|p1a: Zygarde|Thousand Waves|p2a: Le Calino
|-damage|p2a: Le Calino|27/100
|-activate|p2a: Le Calino|trapped
|move|p2a: Le Calino|Ice Beam|p1a: Zygarde
|-supereffective|p1a: Zygarde
|-damage|p1a: Zygarde|0 fnt
|faint|p1a: Zygarde
|
|-weather|RainDance|[upkeep]
|upkeep
|
|t:|1669214508
|switch|p1a: Kyogre|Kyogre|41/100
|turn|19
|
|t:|1669214512
|switch|p2a: Alllla|Ho-Oh|93/100
|-ability|p2a: Alllla|Pressure
|move|p1a: Kyogre|Thunder|p2a: Alllla
|-supereffective|p2a: Alllla
|-damage|p2a: Alllla|44/100
|
|-weather|RainDance|[upkeep]
|upkeep
|turn|20
|
|t:|1669214520
|move|p1a: Kyogre|Thunder|p2a: Alllla
|-supereffective|p2a: Alllla
|-damage|p2a: Alllla|0 fnt
|faint|p2a: Alllla
|
|-weather|RainDance|[upkeep]
|upkeep
|
|t:|1669214524
|switch|p2a: Le Calino|Kyogre|27/100
|turn|21
|
|t:|1669214529
|move|p1a: Kyogre|Thunder|p2a: Le Calino
|-supereffective|p2a: Le Calino
|-damage|p2a: Le Calino|0 fnt
|faint|p2a: Le Calino
|
|win|Testing Teamz ok
|raw|Testing Teamz ok's rating: 1402 &rarr; <strong>1422</strong><br />(+20 for winning)
|raw|puissance du feu's rating: 1404 &rarr; <strong>1384</strong><br />(-20 for losing)
|l|☆puissance du feu
