|j|☆Can't Comprehend
|j|☆eggplant1
|t:|1627510418
|gametype|singles
|player|p1|Can't Comprehend|acetrainer-gen4dp|1444
|player|p2|eggplant1|iris-gen5bw2|1650
|teamsize|p1|6
|teamsize|p2|6
|gen|8
|tier|[Gen 8] Ubers
|rated|
|rule|Sleep Clause Mod: Limit one foe put to sleep
|rule|Species Clause: Limit one of each Pokémon
|rule|OHKO Clause: OHKO moves are banned
|rule|Evasion Moves Clause: Evasion moves are banned
|rule|Endless Battle Clause: Forcing endless battles is banned
|rule|HP Percentage Mod: HP is shown in percentages
|rule|Dynamax Clause: You cannot dynamax
|clearpoke
|poke|p1|Calyrex-Ice|
|poke|p1|Zamazenta-*|
|poke|p1|Giratina|
|poke|p1|Ho-Oh|
|poke|p1|Dialga|
|poke|p1|Kyogre|
|poke|p2|Necrozma-Dusk-Mane|
|poke|p2|Yveltal|
|poke|p2|Groudon|
|poke|p2|Kyogre|
|poke|p2|Eternatus|
|poke|p2|Zekrom|
|teampreview
|inactive|Battle timer is ON: inactive players will automatically lose when time's up. (requested by Can't Comprehend)
|
|t:|1627510437
|start
|switch|p1a: Kyogre|Kyogre|100/100
|switch|p2a: Kyogre|Kyogre|100/100
|-weather|RainDance|[from] ability: Drizzle|[of] p1a: Kyogre
|turn|1
|
|t:|1627510442
|switch|p1a: Giratina|Giratina|100/100
|-ability|p1a: Giratina|Pressure
|move|p2a: Kyogre|Thunder|p1a: Giratina
|-resisted|p1a: Giratina
|-damage|p1a: Giratina|86/100
|
|-weather|RainDance|[upkeep]
|-heal|p1a: Giratina|93/100|[from] item: Leftovers
|upkeep
|turn|2
|
|t:|1627510452
|switch|p2a: Eternatus|Eternatus|100/100
|-ability|p2a: Eternatus|Pressure
|move|p1a: Giratina|Dragon Breath|p2a: Eternatus
|-supereffective|p2a: Eternatus
|-damage|p2a: Eternatus|77/100
|
|-weather|RainDance|[upkeep]
|-heal|p2a: Eternatus|83/100|[from] item: Black Sludge
|-heal|p1a: Giratina|99/100|[from] item: Leftovers
|upkeep
|turn|3
|
|t:|1627510464
|move|p2a: Eternatus|Dynamax Cannon|p1a: Giratina
|-supereffective|p1a: Giratina
|-damage|p1a: Giratina|60/100
|move|p1a: Giratina|Dragon Breath|p2a: Eternatus
|-supereffective|p2a: Eternatus
|-damage|p2a: Eternatus|57/100
|
|-weather|RainDance|[upkeep]
|-heal|p2a: Eternatus|63/100|[from] item: Black Sludge
|-heal|p1a: Giratina|66/100|[from] item: Leftovers
|upkeep
|turn|4
|
|t:|1627510481
|move|p2a: Eternatus|Toxic|p1a: Giratina
|-status|p1a: Giratina|tox
|move|p1a: Giratina|Dragon Breath|p2a: Eternatus
|-supereffective|p2a: Eternatus
|-damage|p2a: Eternatus|39/100
|-status|p2a: Eternatus|par
|
|-weather|RainDance|[upkeep]
|-heal|p1a: Giratina|72/100 tox|[from] item: Leftovers
|-heal|p2a: Eternatus|45/100 par|[from] item: Black Sludge
|-damage|p1a: Giratina|66/100 tox|[from] psn
|upkeep
|turn|5
|
|t:|1627510485
|move|p1a: Giratina|Dragon Breath|p2a: Eternatus
|-supereffective|p2a: Eternatus
|-damage|p2a: Eternatus|19/100 par
|move|p2a: Eternatus|Recover|p2a: Eternatus
|-heal|p2a: Eternatus|69/100 par
|
|-weather|none
|-heal|p1a: Giratina|72/100 tox|[from] item: Leftovers
|-heal|p2a: Eternatus|75/100 par|[from] item: Black Sludge
|-damage|p1a: Giratina|60/100 tox|[from] psn
|upkeep
|turn|6
|
|t:|1627510488
|move|p1a: Giratina|Dragon Breath|p2a: Eternatus
|-supereffective|p2a: Eternatus
|-damage|p2a: Eternatus|52/100 par
|move|p2a: Eternatus|Recover|p2a: Eternatus
|-heal|p2a: Eternatus|100/100 par
|
|-heal|p1a: Giratina|66/100 tox|[from] item: Leftovers
|-damage|p1a: Giratina|48/100 tox|[from] psn
|upkeep
|turn|7
|
|t:|1627510493
|switch|p1a: Dialga|Dialga|100/100
|-ability|p1a: Dialga|Pressure
|switch|p2a: Necrozma|Necrozma-Dusk-Mane|100/100
|
|upkeep
|turn|8
|
|t:|1627510497
|move|p2a: Necrozma|Dragon Dance|p2a: Necrozma
|-boost|p2a: Necrozma|atk|1
|-boost|p2a: Necrozma|spe|1
|move|p1a: Dialga|Stealth Rock|p2a: Necrozma
|-sidestart|p2: eggplant1|move: Stealth Rock
|
|upkeep
|turn|9
|
|t:|1627510500
|move|p2a: Necrozma|Dragon Dance|p2a: Necrozma
|-boost|p2a: Necrozma|atk|1
|-boost|p2a: Necrozma|spe|1
|move|p1a: Dialga|Roar|p2a: Necrozma
|drag|p2a: Yveltal|Yveltal|100/100
|-ability|p2a: Yveltal|Dark Aura
|
|upkeep
|turn|10
|
|t:|1627510505
|move|p2a: Yveltal|Defog|p1a: Dialga
|-unboost|p1a: Dialga|evasion|1
|-sideend|p2: eggplant1|Stealth Rock|[from] move: Defog|[of] p2a: Yveltal
|move|p1a: Dialga|Dragon Breath|p2a: Yveltal
|-damage|p2a: Yveltal|85/100
|
|upkeep
|turn|11
|
|t:|1627510508
|move|p2a: Yveltal|Knock Off|p1a: Dialga
|-damage|p1a: Dialga|74/100
|-damage|p2a: Yveltal|68/100|[from] item: Rocky Helmet|[of] p1a: Dialga
|-enditem|p1a: Dialga|Rocky Helmet|[from] move: Knock Off|[of] p2a: Yveltal
|move|p1a: Dialga|Stealth Rock|p2a: Yveltal
|-sidestart|p2: eggplant1|move: Stealth Rock
|
|upkeep
|turn|12
|
|t:|1627510510
|move|p2a: Yveltal|Defog|p1a: Dialga
|-unboost|p1a: Dialga|evasion|1
|-sideend|p2: eggplant1|Stealth Rock|[from] move: Defog|[of] p2a: Yveltal
|move|p1a: Dialga|Dragon Breath|p2a: Yveltal
|-damage|p2a: Yveltal|52/100
|
|upkeep
|turn|13
|c|☆Can't Comprehend|Never gets para'd or burned well done
|
|t:|1627510530
|move|p2a: Yveltal|Roost|p2a: Yveltal
|-heal|p2a: Yveltal|100/100
|-singleturn|p2a: Yveltal|move: Roost
|move|p1a: Dialga|Stealth Rock|p2a: Yveltal
|-sidestart|p2: eggplant1|move: Stealth Rock
|
|upkeep
|turn|14
|
|t:|1627510536
|move|p2a: Yveltal|Defog|p1a: Dialga
|-unboost|p1a: Dialga|evasion|1
|-sideend|p2: eggplant1|Stealth Rock|[from] move: Defog|[of] p2a: Yveltal
|move|p1a: Dialga|Dragon Breath|p2a: Yveltal
|-damage|p2a: Yveltal|83/100
|-status|p2a: Yveltal|par
|
|upkeep
|turn|15
|
|t:|1627510547
|switch|p2a: Zekrom|Zekrom|100/100
|-ability|p2a: Zekrom|Teravolt
|move|p1a: Dialga|Stealth Rock|p2a: Zekrom
|-sidestart|p2: eggplant1|move: Stealth Rock
|
|upkeep
|turn|16
|
|t:|1627510554
|move|p2a: Zekrom|Dragon Claw|p1a: Dialga
|-damage|p1a: Dialga|50/100
|move|p1a: Dialga|Dragon Breath|p2a: Zekrom
|-supereffective|p2a: Zekrom
|-damage|p2a: Zekrom|40/100
|
|-heal|p2a: Zekrom|46/100|[from] item: Leftovers
|upkeep
|turn|17
|
|t:|1627510563
|switch|p2a: Groudon|Groudon|100/100
|-damage|p2a: Groudon|94/100|[from] Stealth Rock
|-weather|SunnyDay|[from] ability: Drought|[of] p2a: Groudon
|move|p1a: Dialga|Dragon Breath|p2a: Groudon
|-damage|p2a: Groudon|65/100
|
|-weather|SunnyDay|[upkeep]
|-heal|p2a: Groudon|71/100|[from] item: Leftovers
|upkeep
|turn|18
|
|t:|1627510572
|switch|p1a: Kyogre|Kyogre|100/100
|-weather|RainDance|[from] ability: Drizzle|[of] p1a: Kyogre
|move|p2a: Groudon|Stealth Rock|p1a: Kyogre
|-sidestart|p1: Can't Comprehend|move: Stealth Rock
|
|-weather|RainDance|[upkeep]
|-heal|p2a: Groudon|77/100|[from] item: Leftovers
|upkeep
|turn|19
|
|t:|1627510580
|switch|p2a: Zekrom|Zekrom|46/100
|-damage|p2a: Zekrom|34/100|[from] Stealth Rock
|-ability|p2a: Zekrom|Teravolt
|move|p1a: Kyogre|Water Spout|p2a: Zekrom
|-resisted|p2a: Zekrom
|-crit|p2a: Zekrom
|-damage|p2a: Zekrom|0 fnt
|faint|p2a: Zekrom
|
|-weather|RainDance|[upkeep]
|upkeep
|
|t:|1627510595
|switch|p2a: Kyogre|Kyogre|100/100
|-damage|p2a: Kyogre|88/100|[from] Stealth Rock
|turn|20
|
|t:|1627510609
|switch|p1a: Giratina|Giratina|48/100 tox
|-damage|p1a: Giratina|35/100 tox|[from] Stealth Rock
|-ability|p1a: Giratina|Pressure
|switch|p2a: Necrozma|Necrozma-Dusk-Mane|100/100
|-damage|p2a: Necrozma|94/100|[from] Stealth Rock
|
|-weather|RainDance|[upkeep]
|-heal|p2a: Necrozma|100/100|[from] item: Leftovers
|-heal|p1a: Giratina|42/100 tox|[from] item: Leftovers
|-damage|p1a: Giratina|35/100 tox|[from] psn
|upkeep
|turn|21
|
|t:|1627510631
|switch|p1a: Kyogre|Kyogre|100/100
|-damage|p1a: Kyogre|88/100|[from] Stealth Rock
|move|p2a: Necrozma|Dragon Dance|p2a: Necrozma
|-boost|p2a: Necrozma|atk|1
|-boost|p2a: Necrozma|spe|1
|
|-weather|RainDance|[upkeep]
|upkeep
|turn|22
|
|t:|1627510634
|move|p1a: Kyogre|Water Spout|p2a: Necrozma
|-damage|p2a: Necrozma|9/100
|move|p2a: Necrozma|Knock Off|p1a: Kyogre
|-damage|p1a: Kyogre|35/100
|-enditem|p1a: Kyogre|Choice Scarf|[from] move: Knock Off|[of] p2a: Necrozma
|
|-weather|none
|-heal|p2a: Necrozma|15/100|[from] item: Leftovers
|upkeep
|turn|23
|
|t:|1627510647
|move|p2a: Necrozma|Morning Sun|p2a: Necrozma
|-heal|p2a: Necrozma|65/100
|move|p1a: Kyogre|Scald|p2a: Necrozma
|-damage|p2a: Necrozma|27/100
|
|-heal|p2a: Necrozma|33/100|[from] item: Leftovers
|upkeep
|turn|24
|
|t:|1627510654
|move|p2a: Necrozma|Sunsteel Strike|p1a: Kyogre
|-resisted|p1a: Kyogre
|-damage|p1a: Kyogre|0 fnt
|faint|p1a: Kyogre
|
|-heal|p2a: Necrozma|39/100|[from] item: Leftovers
|upkeep
|
|t:|1627510657
|switch|p1a: Ho-Oh|Ho-Oh|100/100
|-ability|p1a: Ho-Oh|Pressure
|turn|25
|
|t:|1627510664
|move|p2a: Necrozma|Knock Off|p1a: Ho-Oh
|-damage|p1a: Ho-Oh|57/100
|-enditem|p1a: Ho-Oh|Heavy-Duty Boots|[from] move: Knock Off|[of] p2a: Necrozma
|move|p1a: Ho-Oh|Sacred Fire|p2a: Necrozma
|-supereffective|p2a: Necrozma
|-damage|p2a: Necrozma|0 fnt
|faint|p2a: Necrozma
|
|upkeep
|
|t:|1627510670
|switch|p2a: Kyogre|Kyogre|88/100
|-damage|p2a: Kyogre|76/100|[from] Stealth Rock
|-weather|RainDance|[from] ability: Drizzle|[of] p2a: Kyogre
|turn|26
|
|t:|1627510676
|switch|p1a: Giratina|Giratina|35/100 tox
|-damage|p1a: Giratina|23/100 tox|[from] Stealth Rock
|-ability|p1a: Giratina|Pressure
|move|p2a: Kyogre|Origin Pulse|p1a: Giratina
|-resisted|p1a: Giratina
|-damage|p1a: Giratina|0 fnt
|faint|p1a: Giratina
|
|-weather|RainDance|[upkeep]
|upkeep
|
|t:|1627510687
|switch|p1a: Dialga|Dialga|50/100
|-damage|p1a: Dialga|44/100|[from] Stealth Rock
|-ability|p1a: Dialga|Pressure
|turn|27
|
|t:|1627510693
|switch|p2a: Yveltal|Yveltal|83/100 par
|-ability|p2a: Yveltal|Dark Aura
|move|p1a: Dialga|Dragon Breath|p2a: Yveltal
|-damage|p2a: Yveltal|65/100 par
|
|-weather|RainDance|[upkeep]
|upkeep
|turn|28
|
|t:|1627510698
|move|p1a: Dialga|Dragon Breath|p2a: Yveltal
|-damage|p2a: Yveltal|49/100 par
|cant|p2a: Yveltal|par
|
|-weather|RainDance|[upkeep]
|upkeep
|turn|29
|
|t:|1627510701
|move|p1a: Dialga|Dragon Breath|p2a: Yveltal
|-damage|p2a: Yveltal|34/100 par
|move|p2a: Yveltal|Roost|p2a: Yveltal
|-heal|p2a: Yveltal|84/100 par
|-singleturn|p2a: Yveltal|move: Roost
|
|-weather|RainDance|[upkeep]
|upkeep
|turn|30
|
|t:|1627510703
|move|p1a: Dialga|Dragon Breath|p2a: Yveltal
|-damage|p2a: Yveltal|67/100 par
|move|p2a: Yveltal|Knock Off|p1a: Dialga
|-damage|p1a: Dialga|24/100
|
|-weather|none
|upkeep
|turn|31
|
|t:|1627510706
|move|p1a: Dialga|Dragon Breath|p2a: Yveltal
|-damage|p2a: Yveltal|50/100 par
|cant|p2a: Yveltal|par
|
|upkeep
|turn|32
|
|t:|1627510710
|switch|p1a: Zamazenta|Zamazenta-Crowned|100/100
|-damage|p1a: Zamazenta|97/100|[from] Stealth Rock
|-ability|p1a: Zamazenta|Dauntless Shield|boost
|-boost|p1a: Zamazenta|def|1
|move|p2a: Yveltal|Roost|p2a: Yveltal
|-heal|p2a: Yveltal|99/100 par
|-singleturn|p2a: Yveltal|move: Roost
|
|upkeep
|turn|33
|
|t:|1627510714
|switch|p2a: Groudon|Groudon|77/100
|-damage|p2a: Groudon|71/100|[from] Stealth Rock
|-weather|SunnyDay|[from] ability: Drought|[of] p2a: Groudon
|move|p1a: Zamazenta|Behemoth Bash|p2a: Groudon
|-damage|p2a: Groudon|46/100
|
|-weather|SunnyDay|[upkeep]
|-heal|p2a: Groudon|52/100|[from] item: Leftovers
|upkeep
|turn|34
|
|t:|1627510722
|switch|p1a: Dialga|Dialga|24/100
|-damage|p1a: Dialga|18/100|[from] Stealth Rock
|-ability|p1a: Dialga|Pressure
|move|p2a: Groudon|Thunder Wave|p1a: Dialga
|-status|p1a: Dialga|par
|
|-weather|SunnyDay|[upkeep]
|-heal|p2a: Groudon|58/100|[from] item: Leftovers
|upkeep
|turn|35
|
|t:|1627510726
|move|p2a: Groudon|Precipice Blades|p1a: Dialga
|-supereffective|p1a: Dialga
|-damage|p1a: Dialga|0 fnt
|faint|p1a: Dialga
|
|-weather|SunnyDay|[upkeep]
|-heal|p2a: Groudon|64/100|[from] item: Leftovers
|upkeep
|
|t:|1627510732
|switch|p1a: Calyrex|Calyrex-Ice|100/100
|-ability|p1a: Calyrex|As One
|-ability|p1a: Calyrex|Unnerve
|-damage|p1a: Calyrex|76/100|[from] Stealth Rock
|turn|36
|
|t:|1627510742
|move|p2a: Groudon|Stone Edge|p1a: Calyrex
|-supereffective|p1a: Calyrex
|-damage|p1a: Calyrex|30/100
|move|p1a: Calyrex|Glacial Lance|p2a: Groudon
|-supereffective|p2a: Groudon
|-damage|p2a: Groudon|0 fnt
|faint|p2a: Groudon
|-ability|p1a: Calyrex|Chilling Neigh|boost
|-boost|p1a: Calyrex|atk|1
|
|-weather|SunnyDay|[upkeep]
|upkeep
|
|t:|1627510751
|switch|p2a: Kyogre|Kyogre|76/100
|-damage|p2a: Kyogre|64/100|[from] Stealth Rock
|-weather|RainDance|[from] ability: Drizzle|[of] p2a: Kyogre
|turn|37
|
|t:|1627510759
|move|p2a: Kyogre|Origin Pulse|p1a: Calyrex
|-damage|p1a: Calyrex|0 fnt
|faint|p1a: Calyrex
|
|-weather|RainDance|[upkeep]
|upkeep
|c|☆eggplant1|gg ez
|inactive|Can't Comprehend has 120 seconds left.
|
|t:|1627510789
|switch|p1a: Zamazenta|Zamazenta-Crowned|97/100
|-damage|p1a: Zamazenta|94/100|[from] Stealth Rock
|-ability|p1a: Zamazenta|Dauntless Shield|boost
|-boost|p1a: Zamazenta|def|1
|turn|38
|inactive|Can't Comprehend has 120 seconds left.
|c|☆Can't Comprehend|"ez" haven't i beaten you like one million times already
|
|t:|1627510817
|move|p1a: Zamazenta|Close Combat|p2a: Kyogre
|-damage|p2a: Kyogre|0 fnt
|-unboost|p1a: Zamazenta|def|1
|-unboost|p1a: Zamazenta|spd|1
|faint|p2a: Kyogre
|
|-weather|RainDance|[upkeep]
|upkeep
|
|t:|1627510822
|switch|p2a: Eternatus|Eternatus|100/100 par
|-damage|p2a: Eternatus|88/100 par|[from] Stealth Rock
|-ability|p2a: Eternatus|Pressure
|turn|39
|inactive|Can't Comprehend has 120 seconds left.
|
|t:|1627510830
|move|p1a: Zamazenta|Behemoth Bash|p2a: Eternatus
|-crit|p2a: Eternatus
|-damage|p2a: Eternatus|34/100 par
|cant|p2a: Eternatus|par
|
|-weather|RainDance|[upkeep]
|-heal|p2a: Eternatus|40/100 par|[from] item: Black Sludge
|upkeep
|turn|40
|
|t:|1627510834
|move|p1a: Zamazenta|Behemoth Bash|p2a: Eternatus
|-damage|p2a: Eternatus|3/100 par
|cant|p2a: Eternatus|par
|
|-weather|RainDance|[upkeep]
|-heal|p2a: Eternatus|9/100 par|[from] item: Black Sludge
|upkeep
|turn|41
|c|☆Can't Comprehend|Oh no don't lose now
|
|t:|1627510849
|move|p1a: Zamazenta|Behemoth Bash|p2a: Eternatus
|-damage|p2a: Eternatus|0 fnt
|faint|p2a: Eternatus
|
|-weather|none
|upkeep
|
|t:|1627510851
|switch|p2a: Yveltal|Yveltal|99/100 par
|-ability|p2a: Yveltal|Dark Aura
|turn|42
|
|t:|1627510855
|move|p1a: Zamazenta|Behemoth Bash|p2a: Yveltal
|-damage|p2a: Yveltal|56/100 par
|move|p2a: Yveltal|Knock Off|p1a: Zamazenta
|-resisted|p1a: Zamazenta
|-damage|p1a: Zamazenta|82/100
|
|upkeep
|turn|43
|
|t:|1627510861
|move|p1a: Zamazenta|Close Combat|p2a: Yveltal
|-damage|p2a: Yveltal|5/100 par
|-unboost|p1a: Zamazenta|def|1
|-unboost|p1a: Zamazenta|spd|1
|move|p2a: Yveltal|Roost|p2a: Yveltal
|-heal|p2a: Yveltal|55/100 par
|-singleturn|p2a: Yveltal|move: Roost
|
|upkeep
|turn|44
|
|t:|1627510864
|move|p1a: Zamazenta|Close Combat|p2a: Yveltal
|-damage|p2a: Yveltal|10/100 par
|-unboost|p1a: Zamazenta|def|1
|-unboost|p1a: Zamazenta|spd|1
|move|p2a: Yveltal|Roost|p2a: Yveltal
|-heal|p2a: Yveltal|60/100 par
|-singleturn|p2a: Yveltal|move: Roost
|
|upkeep
|turn|45
|
|t:|1627510867
|move|p1a: Zamazenta|Close Combat|p2a: Yveltal
|-damage|p2a: Yveltal|8/100 par
|-unboost|p1a: Zamazenta|def|1
|-unboost|p1a: Zamazenta|spd|1
|cant|p2a: Yveltal|par
|
|upkeep
|turn|46
|-message|eggplant1 forfeited.
|
|win|Can't Comprehend
|raw|Can&apos;t Comprehend's rating: 1444 &rarr; <strong>1475</strong><br />(+31 for winning)
|raw|eggplant1's rating: 1650 &rarr; <strong>1619</strong><br />(-31 for losing)
|l|☆eggplant1
|c|☆Can't Comprehend|Another one to add to the books
||Ladder isn't responding, score probably updated but might not have (Request timeout).
