|raw|<div class="broadcast-blue"><strong>This battle is required to be public due to a player having a name starting with 'ult4pdr'.</div>
|j|☆ULT4PDR skimmy
|j|☆Bald ben
|t:|1654412027
|gametype|singles
|player|p1|ULT4PDR skimmy|dawn|1747
|player|p2|Bald ben|266|1565
|teamsize|p1|6
|teamsize|p2|6
|gen|8
|tier|[Gen 8] Ubers
|rated|
|rule|Sleep Clause Mod: Limit one foe put to sleep
|rule|Species Clause: Limit one of each Pokémon
|rule|OHKO Clause: OHKO moves are banned
|rule|Evasion Moves Clause: Evasion moves are banned
|rule|Endless Battle Clause: Forcing endless battles is banned
|rule|HP Percentage Mod: HP is shown in percentages
|rule|Dynamax Clause: You cannot dynamax
|clearpoke
|poke|p1|Ho-Oh|
|poke|p1|Blissey, F|
|poke|p1|Xerneas-*|
|poke|p1|Eternatus|
|poke|p1|Zygarde|
|poke|p1|Yveltal|
|poke|p2|Yveltal|
|poke|p2|Eternatus|
|poke|p2|Necrozma-Dusk-Mane|
|poke|p2|Giratina-Origin|
|poke|p2|Clefable, M|
|poke|p2|Xerneas-*|
|teampreview
|inactive|Battle timer is ON: inactive players will automatically lose when time's up. (requested by ULT4PDR skimmy)
|inactive|Bald ben also wants the timer to be on.
|
|t:|1654412038
|start
|switch|p1a: Xerneas|Xerneas|100/100
|switch|p2a: Clefable|Clefable, M|100/100
|-ability|p1a: Xerneas|Fairy Aura
|-item|p1a: Xerneas|Air Balloon
|turn|1
|
|t:|1654412042
|switch|p2a: Necrozma|Necrozma-Dusk-Mane|100/100
|move|p1a: Xerneas|Moonblast|p2a: Necrozma
|-resisted|p2a: Necrozma
|-damage|p2a: Necrozma|83/100
|
|-heal|p2a: Necrozma|89/100|[from] item: Leftovers
|upkeep
|turn|2
|
|t:|1654412045
|switch|p1a: Ho-Oh|Ho-Oh|100/100
|move|p2a: Necrozma|Stealth Rock|p1a: Ho-Oh
|-sidestart|p1: ULT4PDR skimmy|move: Stealth Rock
|
|-heal|p2a: Necrozma|95/100|[from] item: Leftovers
|upkeep
|turn|3
|
|t:|1654412049
|switch|p2a: Eternatus|Eternatus|100/100
|-ability|p2a: Eternatus|Pressure
|move|p1a: Ho-Oh|Sacred Fire|p2a: Eternatus
|-resisted|p2a: Eternatus
|-damage|p2a: Eternatus|73/100
|-status|p2a: Eternatus|brn
|
|-damage|p2a: Eternatus|67/100 brn|[from] brn
|upkeep
|turn|4
|
|t:|1654412053
|switch|p1a: Blissey|Blissey, F|100/100
|-damage|p1a: Blissey|88/100|[from] Stealth Rock
|move|p2a: Eternatus|Recover|p2a: Eternatus
|-heal|p2a: Eternatus|100/100 brn
|
|-damage|p2a: Eternatus|94/100 brn|[from] brn
|upkeep
|turn|5
|
|t:|1654412056
|switch|p2a: Giratina|Giratina-Origin|100/100
|move|p1a: Blissey|Stealth Rock|p2a: Giratina
|-sidestart|p2: Bald ben|move: Stealth Rock
|
|upkeep
|turn|6
|
|t:|1654412060
|switch|p1a: Xerneas|Xerneas|100/100
|-damage|p1a: Xerneas|88/100|[from] Stealth Rock
|-ability|p1a: Xerneas|Fairy Aura
|-item|p1a: Xerneas|Air Balloon
|move|p2a: Giratina|Thunder Wave|p1a: Xerneas
|-status|p1a: Xerneas|par
|
|upkeep
|turn|7
|
|t:|1654412069
|switch|p2a: Necrozma|Necrozma-Dusk-Mane|95/100
|-damage|p2a: Necrozma|89/100|[from] Stealth Rock
|move|p1a: Xerneas|Moonblast|p2a: Necrozma
|-resisted|p2a: Necrozma
|-damage|p2a: Necrozma|74/100
|-unboost|p2a: Necrozma|spa|1
|
|-heal|p2a: Necrozma|80/100|[from] item: Leftovers
|upkeep
|turn|8
|
|t:|1654412074
|switch|p1a: Zygarde|Zygarde|100/100
|-damage|p1a: Zygarde|94/100|[from] Stealth Rock
|move|p2a: Necrozma|Thunder Wave|p1a: Zygarde
|-immune|p1a: Zygarde
|
|-heal|p1a: Zygarde|100/100|[from] item: Leftovers
|-heal|p2a: Necrozma|86/100|[from] item: Leftovers
|upkeep
|turn|9
|
|t:|1654412077
|switch|p2a: Clefable|Clefable, M|100/100
|move|p1a: Zygarde|Toxic|p2a: Clefable
|-status|p2a: Clefable|tox
|
|upkeep
|turn|10
|
|t:|1654412083
|switch|p1a: Blissey|Blissey, F|88/100
|-damage|p1a: Blissey|76/100|[from] Stealth Rock
|move|p2a: Clefable|Trick|p1a: Blissey
|-activate|p2a: Clefable|move: Trick|[of] p1a: Blissey
|-item|p1a: Blissey|Sticky Barb|[from] move: Trick
|-item|p2a: Clefable|Utility Umbrella|[from] move: Trick
|
|-damage|p1a: Blissey|63/100|[from] item: Sticky Barb
|upkeep
|turn|11
|
|t:|1654412094
|switch|p2a: Necrozma|Necrozma-Dusk-Mane|86/100
|-damage|p2a: Necrozma|80/100|[from] Stealth Rock
|move|p1a: Blissey|Soft-Boiled|p1a: Blissey
|-heal|p1a: Blissey|100/100
|
|-heal|p2a: Necrozma|86/100|[from] item: Leftovers
|-damage|p1a: Blissey|88/100|[from] item: Sticky Barb
|upkeep
|turn|12
|
|t:|1654412101
|switch|p1a: Zygarde|Zygarde|100/100
|-damage|p1a: Zygarde|94/100|[from] Stealth Rock
|move|p2a: Necrozma|Iron Head|p1a: Zygarde
|-damage|p1a: Zygarde|73/100
|
|-heal|p1a: Zygarde|79/100|[from] item: Leftovers
|-heal|p2a: Necrozma|92/100|[from] item: Leftovers
|upkeep
|turn|13
|
|t:|1654412105
|switch|p1a: Eternatus|Eternatus|100/100
|-damage|p1a: Eternatus|88/100|[from] Stealth Rock
|-ability|p1a: Eternatus|Pressure
|switch|p2a: Clefable|Clefable, M|100/100 tox
|
|upkeep
|turn|14
|
|t:|1654412110
|switch|p2a: Necrozma|Necrozma-Dusk-Mane|92/100
|-damage|p2a: Necrozma|86/100|[from] Stealth Rock
|move|p1a: Eternatus|Flamethrower|p2a: Necrozma
|-supereffective|p2a: Necrozma
|-damage|p2a: Necrozma|48/100
|-damage|p1a: Eternatus|78/100|[from] item: Life Orb
|
|-heal|p2a: Necrozma|54/100|[from] item: Leftovers
|upkeep
|turn|15
|
|t:|1654412114
|switch|p1a: Ho-Oh|Ho-Oh|100/100
|-damage|p1a: Ho-Oh|51/100|[from] Stealth Rock
|move|p2a: Necrozma|Morning Sun|p2a: Necrozma
|-heal|p2a: Necrozma|100/100
|
|upkeep
|turn|16
|
|t:|1654412117
|switch|p2a: Eternatus|Eternatus|94/100 brn
|-damage|p2a: Eternatus|82/100 brn|[from] Stealth Rock
|-ability|p2a: Eternatus|Pressure
|move|p1a: Ho-Oh|Sacred Fire|p2a: Eternatus
|-resisted|p2a: Eternatus
|-damage|p2a: Eternatus|56/100 brn
|
|-damage|p2a: Eternatus|50/100 brn|[from] brn
|upkeep
|-enditem|p2a: Eternatus|Sitrus Berry|[eat]
|-heal|p2a: Eternatus|75/100 brn|[from] item: Sitrus Berry
|turn|17
|j| ULT4PDR ELINCIA
|
|t:|1654412129
|switch|p1a: Yveltal|Yveltal|100/100
|-ability|p1a: Yveltal|Dark Aura
|move|p2a: Eternatus|Toxic|p1a: Yveltal
|-status|p1a: Yveltal|tox
|
|-damage|p1a: Yveltal|94/100 tox|[from] psn
|-damage|p2a: Eternatus|69/100 brn|[from] brn
|upkeep
|turn|18
|
|t:|1654412138
|move|p2a: Eternatus|Recover|p2a: Eternatus
|-heal|p2a: Eternatus|100/100 brn
|move|p1a: Yveltal|Knock Off|p2a: Eternatus
|-damage|p2a: Eternatus|78/100 brn
|
|-damage|p1a: Yveltal|82/100 tox|[from] psn
|-damage|p2a: Eternatus|72/100 brn|[from] brn
|upkeep
|turn|19
|
|t:|1654412142
|switch|p1a: Xerneas|Xerneas|88/100 par
|-damage|p1a: Xerneas|76/100 par|[from] Stealth Rock
|-ability|p1a: Xerneas|Fairy Aura
|-item|p1a: Xerneas|Air Balloon
|move|p2a: Eternatus|Recover|p2a: Eternatus
|-heal|p2a: Eternatus|100/100 brn
|
|-damage|p2a: Eternatus|94/100 brn|[from] brn
|upkeep
|turn|20
|
|t:|1654412148
|switch|p2a: Necrozma|Necrozma-Dusk-Mane|100/100
|-damage|p2a: Necrozma|94/100|[from] Stealth Rock
|move|p1a: Xerneas|Aromatherapy|p1a: Xerneas
|-activate|p1a: Xerneas|move: Aromatherapy
|-curestatus|p1a: Xerneas|par|[msg]
|-curestatus|p1: Yveltal|tox|[msg]
|
|-heal|p2a: Necrozma|100/100|[from] item: Leftovers
|upkeep
|turn|21
|
|t:|1654412153
|switch|p1a: Zygarde|Zygarde|79/100
|-damage|p1a: Zygarde|73/100|[from] Stealth Rock
|move|p2a: Necrozma|Stealth Rock||[still]
|-fail|p2a: Necrozma
|
|-heal|p1a: Zygarde|79/100|[from] item: Leftovers
|upkeep
|turn|22
|
|t:|1654412159
|switch|p1a: Ho-Oh|Ho-Oh|84/100
|-damage|p1a: Ho-Oh|34/100|[from] Stealth Rock
|switch|p2a: Clefable|Clefable, M|100/100 tox
|
|upkeep
|turn|23
|
|t:|1654412170
|switch|p2a: Eternatus|Eternatus|94/100 brn
|-damage|p2a: Eternatus|82/100 brn|[from] Stealth Rock
|-ability|p2a: Eternatus|Pressure
|move|p1a: Ho-Oh|Brave Bird|p2a: Eternatus
|-damage|p2a: Eternatus|23/100 brn
|-damage|p1a: Ho-Oh|8/100|[from] Recoil
|
|-damage|p2a: Eternatus|17/100 brn|[from] brn
|upkeep
|turn|24
|
|t:|1654412176
|switch|p1a: Eternatus|Eternatus|78/100
|-damage|p1a: Eternatus|66/100|[from] Stealth Rock
|-ability|p1a: Eternatus|Pressure
|move|p2a: Eternatus|Dynamax Cannon|p1a: Eternatus
|-supereffective|p1a: Eternatus
|-crit|p1a: Eternatus
|-damage|p1a: Eternatus|0 fnt
|faint|p1a: Eternatus
|
|-damage|p2a: Eternatus|10/100 brn|[from] brn
|upkeep
|
|t:|1654412184
|switch|p1a: Yveltal|Yveltal|82/100
|-ability|p1a: Yveltal|Dark Aura
|turn|25
|
|t:|1654412189
|move|p2a: Eternatus|Recover|p2a: Eternatus
|-heal|p2a: Eternatus|61/100 brn
|move|p1a: Yveltal|Defog|p2a: Eternatus
|-unboost|p2a: Eternatus|evasion|1
|-sideend|p2: Bald ben|Stealth Rock|[from] move: Defog|[of] p1a: Yveltal
|-sideend|p1: ULT4PDR skimmy|Stealth Rock|[from] move: Defog|[of] p1a: Yveltal
|
|-damage|p2a: Eternatus|54/100 brn|[from] brn
|upkeep
|turn|26
|
|t:|1654412195
|switch|p1a: Blissey|Blissey, F|88/100
|move|p2a: Eternatus|Recover|p2a: Eternatus
|-heal|p2a: Eternatus|100/100 brn
|
|-damage|p2a: Eternatus|94/100 brn|[from] brn
|-damage|p1a: Blissey|76/100|[from] item: Sticky Barb
|upkeep
|turn|27
|
|t:|1654412199
|switch|p2a: Necrozma|Necrozma-Dusk-Mane|100/100
|switch|p1a: Ho-Oh|Ho-Oh|41/100
|
|upkeep
|turn|28
|
|t:|1654412202
|move|p1a: Ho-Oh|Sacred Fire|p2a: Necrozma
|-supereffective|p2a: Necrozma
|-damage|p2a: Necrozma|4/100
|move|p2a: Necrozma|Stealth Rock|p1a: Ho-Oh
|-sidestart|p1: ULT4PDR skimmy|move: Stealth Rock
|
|-heal|p2a: Necrozma|10/100|[from] item: Leftovers
|upkeep
|turn|29
|
|t:|1654412206
|switch|p1a: Yveltal|Yveltal|82/100
|-ability|p1a: Yveltal|Dark Aura
|switch|p2a: Eternatus|Eternatus|94/100 brn
|-ability|p2a: Eternatus|Pressure
|
|-damage|p2a: Eternatus|88/100 brn|[from] brn
|upkeep
|turn|30
|
|t:|1654412209
|move|p2a: Eternatus|Toxic|p1a: Yveltal
|-status|p1a: Yveltal|tox
|move|p1a: Yveltal|Defog|p2a: Eternatus
|-unboost|p2a: Eternatus|evasion|1
|-sideend|p1: ULT4PDR skimmy|Stealth Rock|[from] move: Defog|[of] p1a: Yveltal
|
|-damage|p1a: Yveltal|76/100 tox|[from] psn
|-damage|p2a: Eternatus|82/100 brn|[from] brn
|upkeep
|turn|31
|
|t:|1654412215
|switch|p2a: Giratina|Giratina-Origin|100/100
|switch|p1a: Xerneas|Xerneas|76/100
|-ability|p1a: Xerneas|Fairy Aura
|-item|p1a: Xerneas|Air Balloon
|
|upkeep
|turn|32
|
|t:|1654412222
|move|p1a: Xerneas|Moonblast|p2a: Giratina
|-supereffective|p2a: Giratina
|-damage|p2a: Giratina|24/100
|move|p2a: Giratina|Thunder Wave|p1a: Xerneas
|-status|p1a: Xerneas|par
|
|upkeep
|turn|33
|
|t:|1654412230
|move|p2a: Giratina|Poltergeist|p1a: Xerneas
|-activate|p1a: Xerneas|move: Poltergeist|Air Balloon
|-damage|p1a: Xerneas|35/100 par
|-enditem|p1a: Xerneas|Air Balloon
|move|p1a: Xerneas|Aromatherapy|p1a: Xerneas
|-activate|p1a: Xerneas|move: Aromatherapy
|-curestatus|p1a: Xerneas|par|[msg]
|-curestatus|p1: Yveltal|tox|[msg]
|
|upkeep
|turn|34
|
|t:|1654412237
|switch|p2a: Necrozma|Necrozma-Dusk-Mane|10/100
|move|p1a: Xerneas|Moonblast|p2a: Necrozma
|-resisted|p2a: Necrozma
|-damage|p2a: Necrozma|0 fnt
|faint|p2a: Necrozma
|
|upkeep
|
|t:|1654412240
|switch|p2a: Xerneas|Xerneas|100/100
|-ability|p2a: Xerneas|Fairy Aura
|turn|35
|
|t:|1654412245
|move|p2a: Xerneas|Aromatherapy|p2a: Xerneas
|-activate|p2a: Xerneas|move: Aromatherapy
|-curestatus|p2: Eternatus|brn|[msg]
|-curestatus|p2: Clefable|tox|[msg]
|move|p1a: Xerneas|Moonblast|p2a: Xerneas
|-damage|p2a: Xerneas|56/100
|
|upkeep
|turn|36
|
|t:|1654412250
|switch|p2a: Eternatus|Eternatus|82/100
|-ability|p2a: Eternatus|Pressure
|switch|p1a: Ho-Oh|Ho-Oh|74/100
|
|upkeep
|turn|37
|
|t:|1654412254
|move|p2a: Eternatus|Toxic|p1a: Ho-Oh
|-status|p1a: Ho-Oh|tox
|move|p1a: Ho-Oh|Earthquake|p2a: Eternatus
|-supereffective|p2a: Eternatus
|-damage|p2a: Eternatus|12/100
|
|-damage|p1a: Ho-Oh|68/100 tox|[from] psn
|upkeep
|turn|38
|
|t:|1654412257
|move|p2a: Eternatus|Recover|p2a: Eternatus
|-heal|p2a: Eternatus|62/100
|move|p1a: Ho-Oh|Earthquake|p2a: Eternatus
|-supereffective|p2a: Eternatus
|-damage|p2a: Eternatus|0 fnt
|faint|p2a: Eternatus
|
|-damage|p1a: Ho-Oh|55/100 tox|[from] psn
|upkeep
|
|t:|1654412260
|switch|p2a: Yveltal|Yveltal|100/100
|-ability|p2a: Yveltal|Dark Aura
|turn|39
|
|t:|1654412263
|switch|p1a: Yveltal|Yveltal|76/100
|-ability|p1a: Yveltal|Dark Aura
|move|p2a: Yveltal|Foul Play|p1a: Yveltal
|-resisted|p1a: Yveltal
|-damage|p1a: Yveltal|53/100
|
|upkeep
|turn|40
|
|t:|1654412265
|move|p1a: Yveltal|Roost|p1a: Yveltal
|-heal|p1a: Yveltal|100/100
|-singleturn|p1a: Yveltal|move: Roost
|move|p2a: Yveltal|Taunt|p1a: Yveltal
|-start|p1a: Yveltal|move: Taunt
|
|upkeep
|turn|41
|
|t:|1654412268
|switch|p2a: Clefable|Clefable, M|100/100
|move|p1a: Yveltal|Knock Off|p2a: Clefable
|-resisted|p2a: Clefable
|-crit|p2a: Clefable
|-damage|p2a: Clefable|66/100
|-enditem|p2a: Clefable|Utility Umbrella|[from] move: Knock Off|[of] p1a: Yveltal
|
|upkeep
|turn|42
|
|t:|1654412278
|switch|p1a: Ho-Oh|Ho-Oh|88/100 tox
|move|p2a: Clefable|Trick|p1a: Ho-Oh
|-activate|p2a: Clefable|move: Trick|[of] p1a: Ho-Oh
|-enditem|p1a: Ho-Oh|Choice Band|[silent]|[from] move: Trick
|-item|p2a: Clefable|Choice Band|[from] move: Trick
|
|-damage|p1a: Ho-Oh|82/100 tox|[from] psn
|upkeep
|turn|43
|
|t:|1654412282
|move|p1a: Ho-Oh|Brave Bird|p2a: Clefable
|-damage|p2a: Clefable|16/100
|-damage|p1a: Ho-Oh|64/100 tox|[from] Recoil
|move|p2a: Clefable|Soft-Boiled|p2a: Clefable
|-heal|p2a: Clefable|66/100
|
|-damage|p1a: Ho-Oh|51/100 tox|[from] psn
|upkeep
|turn|44
|
|t:|1654412289
|switch|p1a: Xerneas|Xerneas|35/100
|-ability|p1a: Xerneas|Fairy Aura
|move|p2a: Clefable|Soft-Boiled|p2a: Clefable
|-heal|p2a: Clefable|100/100
|
|upkeep
|turn|45
|
|t:|1654412294
|switch|p2a: Xerneas|Xerneas|56/100
|-ability|p2a: Xerneas|Fairy Aura
|move|p1a: Xerneas|Moonblast|p2a: Xerneas
|-damage|p2a: Xerneas|15/100
|
|upkeep
|turn|46
|
|t:|1654412298
|switch|p1a: Ho-Oh|Ho-Oh|84/100 tox
|move|p2a: Xerneas|Moonblast|p1a: Ho-Oh
|-resisted|p1a: Ho-Oh
|-damage|p1a: Ho-Oh|66/100 tox
|
|-damage|p1a: Ho-Oh|59/100 tox|[from] psn
|upkeep
|turn|47
|
|t:|1654412301
|switch|p2a: Clefable|Clefable, M|100/100
|move|p1a: Ho-Oh|Brave Bird|p2a: Clefable
|-damage|p2a: Clefable|52/100
|-damage|p1a: Ho-Oh|41/100 tox|[from] Recoil
|
|-damage|p1a: Ho-Oh|29/100 tox|[from] psn
|upkeep
|turn|48
|
|t:|1654412305
|switch|p1a: Xerneas|Xerneas|35/100
|-ability|p1a: Xerneas|Fairy Aura
|move|p2a: Clefable|Trick|p1a: Xerneas
|-activate|p2a: Clefable|move: Trick|[of] p1a: Xerneas
|-item|p1a: Xerneas|Choice Band|[from] move: Trick
|-enditem|p2a: Clefable|Choice Band|[silent]|[from] move: Trick
|
|upkeep
|turn|49
|
|t:|1654412309
|move|p1a: Xerneas|Aromatherapy|p1a: Xerneas
|-activate|p1a: Xerneas|move: Aromatherapy
|-curestatus|p1: Ho-Oh|tox|[msg]
|move|p2a: Clefable|Soft-Boiled|p2a: Clefable
|-heal|p2a: Clefable|100/100
|
|upkeep
|turn|50
|
|t:|1654412311
|switch|p1a: Ho-Oh|Ho-Oh|62/100
|switch|p2a: Xerneas|Xerneas|15/100
|-ability|p2a: Xerneas|Fairy Aura
|
|upkeep
|turn|51
|
|t:|1654412317
|move|p2a: Xerneas|Rest|p2a: Xerneas
|-status|p2a: Xerneas|slp|[from] move: Rest
|-heal|p2a: Xerneas|100/100 slp|[silent]
|move|p1a: Ho-Oh|Earthquake|p2a: Xerneas
|-damage|p2a: Xerneas|72/100 slp
|
|upkeep
|turn|52
|
|t:|1654412321
|switch|p2a: Clefable|Clefable, M|100/100
|move|p1a: Ho-Oh|Brave Bird|p2a: Clefable
|-damage|p2a: Clefable|48/100
|-damage|p1a: Ho-Oh|43/100|[from] Recoil
|
|upkeep
|turn|53
|
|t:|1654412325
|switch|p2a: Yveltal|Yveltal|100/100
|-ability|p2a: Yveltal|Dark Aura
|move|p1a: Ho-Oh|Brave Bird|p2a: Yveltal
|-damage|p2a: Yveltal|45/100
|-damage|p1a: Ho-Oh|19/100|[from] Recoil
|
|upkeep
|turn|54
|
|t:|1654412329
|switch|p1a: Xerneas|Xerneas|35/100
|-ability|p1a: Xerneas|Fairy Aura
|move|p2a: Yveltal|Roost|p2a: Yveltal
|-heal|p2a: Yveltal|95/100
|-singleturn|p2a: Yveltal|move: Roost
|
|upkeep
|turn|55
|
|t:|1654412333
|switch|p2a: Xerneas|Xerneas|72/100 slp
|-ability|p2a: Xerneas|Fairy Aura
|move|p1a: Xerneas|Moonblast|p2a: Xerneas
|-damage|p2a: Xerneas|30/100 slp
|
|upkeep
|turn|56
|
|t:|1654412336
|switch|p1a: Ho-Oh|Ho-Oh|52/100
|cant|p2a: Xerneas|slp
|move|p2a: Xerneas|Sleep Talk|p2a: Xerneas
|move|p2a: Xerneas|Aromatherapy|p2a: Xerneas|[from]move: Sleep Talk
|-activate|p2a: Xerneas|move: Aromatherapy
|-curestatus|p2a: Xerneas|slp|[msg]
|
|upkeep
|turn|57
|
|t:|1654412341
|move|p2a: Xerneas|Sleep Talk||[still]
|-fail|p2a: Xerneas
|move|p1a: Ho-Oh|Sacred Fire|p2a: Xerneas
|-damage|p2a: Xerneas|0 fnt
|faint|p2a: Xerneas
|
|upkeep
|
|t:|1654412343
|switch|p2a: Giratina|Giratina-Origin|24/100
|turn|58
|
|t:|1654412349
|switch|p1a: Blissey|Blissey, F|76/100
|move|p2a: Giratina|Thunder Wave|p1a: Blissey
|-status|p1a: Blissey|par
|
|-damage|p1a: Blissey|63/100 par|[from] item: Sticky Barb
|upkeep
|turn|59
|
|t:|1654412355
|switch|p2a: Clefable|Clefable, M|48/100
|move|p1a: Blissey|Stealth Rock|p2a: Clefable
|-sidestart|p2: Bald ben|move: Stealth Rock
|
|-damage|p1a: Blissey|51/100 par|[from] item: Sticky Barb
|upkeep
|turn|60
|
|t:|1654412358
|-curestatus|p1a: Blissey|par|[from] ability: Natural Cure
|switch|p1a: Ho-Oh|Ho-Oh|85/100
|move|p2a: Clefable|Soft-Boiled|p2a: Clefable
|-heal|p2a: Clefable|98/100
|
|upkeep
|turn|61
|
|t:|1654412361
|move|p1a: Ho-Oh|Sacred Fire|p2a: Clefable|[miss]
|-miss|p1a: Ho-Oh|p2a: Clefable
|move|p2a: Clefable|Soft-Boiled|p2a: Clefable
|-heal|p2a: Clefable|100/100
|
|upkeep
|turn|62
|j| ULT4PDR gostop
|
|t:|1654412365
|move|p1a: Ho-Oh|Brave Bird|p2a: Clefable
|-damage|p2a: Clefable|51/100
|-damage|p1a: Ho-Oh|67/100|[from] Recoil
|move|p2a: Clefable|Soft-Boiled|p2a: Clefable
|-heal|p2a: Clefable|100/100
|
|upkeep
|turn|63
|
|t:|1654412376
|switch|p1a: Blissey|Blissey, F|51/100
|move|p2a: Clefable|Moonblast|p1a: Blissey
|-damage|p1a: Blissey|41/100
|
|-damage|p1a: Blissey|29/100|[from] item: Sticky Barb
|upkeep
|turn|64
|
|t:|1654412379
|switch|p2a: Giratina|Giratina-Origin|24/100
|-damage|p2a: Giratina|12/100|[from] Stealth Rock
|move|p1a: Blissey|Soft-Boiled|p1a: Blissey
|-heal|p1a: Blissey|79/100
|
|-damage|p1a: Blissey|67/100|[from] item: Sticky Barb
|upkeep
|turn|65
|
|t:|1654412382
|switch|p1a: Yveltal|Yveltal|100/100
|-ability|p1a: Yveltal|Dark Aura
|move|p2a: Giratina|Thunder Wave|p1a: Yveltal
|-status|p1a: Yveltal|par
|
|upkeep
|turn|66
|
|t:|1654412387
|move|p1a: Yveltal|Sucker Punch||[still]
|-fail|p1a: Yveltal
|move|p2a: Giratina|Defog|p1a: Yveltal
|-unboost|p1a: Yveltal|evasion|1
|-sideend|p2: Bald ben|Stealth Rock|[from] move: Defog|[of] p2a: Giratina
|
|upkeep
|turn|67
|
|t:|1654412393
|switch|p2a: Yveltal|Yveltal|95/100
|-ability|p2a: Yveltal|Dark Aura
|cant|p1a: Yveltal|par
|
|upkeep
|turn|68
|
|t:|1654412401
|move|p2a: Yveltal|Foul Play|p1a: Yveltal
|-resisted|p1a: Yveltal
|-damage|p1a: Yveltal|79/100 par
|move|p1a: Yveltal|Knock Off|p2a: Yveltal
|-resisted|p2a: Yveltal
|-damage|p2a: Yveltal|75/100
|-enditem|p2a: Yveltal|Heavy-Duty Boots|[from] move: Knock Off|[of] p1a: Yveltal
|
|upkeep
|turn|69
|
|t:|1654412410
|move|p2a: Yveltal|Foul Play|p1a: Yveltal
|-resisted|p1a: Yveltal
|-damage|p1a: Yveltal|56/100 par
|move|p1a: Yveltal|Knock Off|p2a: Yveltal
|-resisted|p2a: Yveltal
|-damage|p2a: Yveltal|60/100
|
|upkeep
|turn|70
|
|t:|1654412413
|switch|p1a: Xerneas|Xerneas|35/100
|-ability|p1a: Xerneas|Fairy Aura
|move|p2a: Yveltal|Roost|p2a: Yveltal
|-heal|p2a: Yveltal|100/100
|-singleturn|p2a: Yveltal|move: Roost
|
|upkeep
|turn|71
|
|t:|1654412416
|move|p2a: Yveltal|Foul Play|p1a: Xerneas
|-resisted|p1a: Xerneas
|-damage|p1a: Xerneas|23/100
|move|p1a: Xerneas|Moonblast|p2a: Yveltal
|-supereffective|p2a: Yveltal
|-damage|p2a: Yveltal|41/100
|-unboost|p2a: Yveltal|spa|1
|
|upkeep
|turn|72
|
|t:|1654412435
|switch|p2a: Clefable|Clefable, M|100/100
|move|p1a: Xerneas|Moonblast|p2a: Clefable
|-damage|p2a: Clefable|44/100
|-unboost|p2a: Clefable|spa|1
|
|upkeep
|turn|73
|-message|Bald ben forfeited.
|
|win|ULT4PDR skimmy
|raw|ULT4PDR skimmy's rating: 1747 &rarr; <strong>1757</strong><br />(+10 for winning)
|raw|Bald ben's rating: 1565 &rarr; <strong>1555</strong><br />(-10 for losing)
|l|☆Bald ben
