|j|☆PokeDuels Blue
|j|☆Pkmn3443
|t:|1634940062
|gametype|singles
|player|p1|PokeDuels Blue|266|1378
|player|p2|Pkmn3443|265|1562
|teamsize|p1|6
|teamsize|p2|6
|gen|8
|tier|[Gen 8] Ubers
|rated|
|rule|Sleep Clause Mod: Limit one foe put to sleep
|rule|Species Clause: Limit one of each Pokémon
|rule|OHKO Clause: OHKO moves are banned
|rule|Evasion Moves Clause: Evasion moves are banned
|rule|Endless Battle Clause: Forcing endless battles is banned
|rule|HP Percentage Mod: HP is shown in percentages
|rule|Dynamax Clause: You cannot dynamax
|clearpoke
|poke|p1|Rayquaza|
|poke|p1|Eternatus|
|poke|p1|Slowking-Galar, M|
|poke|p1|Landorus-Therian, M|
|poke|p1|Giratina|
|poke|p1|Yveltal|
|poke|p2|Blissey, F|
|poke|p2|Necrozma-Dusk-Mane|
|poke|p2|Ho-Oh|
|poke|p2|Eternatus|
|poke|p2|Ditto|
|poke|p2|Yveltal|
|teampreview
|
|t:|1634940079
|start
|switch|p1a: Slowking|Slowking-Galar, M|100/100
|switch|p2a: Ditto|Ditto|100/100
|-transform|p2a: Ditto|p1a: Slowking|[from] ability: Imposter
|turn|1
|
|t:|1634940092
|switch|p2a: Eternatus|Eternatus|100/100
|-ability|p2a: Eternatus|Pressure
|move|p1a: Slowking|Thunder Wave|p2a: Eternatus
|-status|p2a: Eternatus|par
|
|upkeep
|turn|2
|
|t:|1634940104
|move|p2a: Eternatus|Recover||[still]
|-fail|p2a: Eternatus|heal
|move|p1a: Slowking|Psyshock|p2a: Eternatus
|-supereffective|p2a: Eternatus
|-damage|p2a: Eternatus|59/100 par
|
|-heal|p2a: Eternatus|65/100 par|[from] item: Black Sludge
|upkeep
|turn|3
|
|t:|1634940110
|move|p2a: Eternatus|Recover|p2a: Eternatus
|-heal|p2a: Eternatus|100/100 par
|move|p1a: Slowking|Psyshock|p2a: Eternatus
|-supereffective|p2a: Eternatus
|-damage|p2a: Eternatus|60/100 par
|
|-heal|p2a: Eternatus|66/100 par|[from] item: Black Sludge
|upkeep
|turn|4
|
|t:|1634940117
|switch|p1a: Landorus|Landorus-Therian, M|100/100
|-ability|p1a: Landorus|Intimidate|boost
|-unboost|p2a: Eternatus|atk|1
|move|p2a: Eternatus|Recover|p2a: Eternatus
|-heal|p2a: Eternatus|100/100 par
|
|upkeep
|turn|5
|
|t:|1634940126
|move|p1a: Landorus|U-turn|p2a: Eternatus
|-resisted|p2a: Eternatus
|-damage|p2a: Eternatus|92/100 par
|
|t:|1634940127
|switch|p1a: Slowking|Slowking-Galar, M|100/100|[from]move: U-turn
|cant|p2a: Eternatus|par
|
|-heal|p2a: Eternatus|98/100 par|[from] item: Black Sludge
|upkeep
|turn|6
|
|t:|1634940135
|switch|p1a: Eternatus|Eternatus|100/100
|-ability|p1a: Eternatus|Pressure
|move|p2a: Eternatus|Flamethrower|p1a: Eternatus
|-resisted|p1a: Eternatus
|-damage|p1a: Eternatus|90/100
|
|-heal|p2a: Eternatus|100/100 par|[from] item: Black Sludge
|upkeep
|turn|7
|
|t:|1634940141
|switch|p2a: Blissey|Blissey, F|100/100
|move|p1a: Eternatus|Toxic Spikes|p2a: Blissey
|-sidestart|p2: Pkmn3443|move: Toxic Spikes
|
|upkeep
|turn|8
|
|t:|1634940147
|switch|p1a: Rayquaza|Rayquaza|100/100
|-ability|p1a: Rayquaza|Air Lock
|switch|p2a: Ho-Oh|Ho-Oh|100/100
|
|upkeep
|turn|9
|
|t:|1634940159
|switch|p1a: Giratina|Giratina|100/100
|-ability|p1a: Giratina|Pressure
|move|p2a: Ho-Oh|Toxic|p1a: Giratina
|-status|p1a: Giratina|tox
|
|-damage|p1a: Giratina|94/100 tox|[from] psn
|upkeep
|turn|10
|
|t:|1634940172
|switch|p1a: Slowking|Slowking-Galar, M|100/100
|switch|p2a: Eternatus|Eternatus|100/100 par
|-sideend|p2: Pkmn3443|move: Toxic Spikes|[of] p2a: Eternatus
|-ability|p2a: Eternatus|Pressure
|
|upkeep
|turn|11
|
|t:|1634940183
|move|p2a: Eternatus|Flamethrower|p1a: Slowking
|-damage|p1a: Slowking|85/100
|move|p1a: Slowking|Psyshock|p2a: Eternatus
|-supereffective|p2a: Eternatus
|-damage|p2a: Eternatus|59/100 par
|
|-heal|p2a: Eternatus|65/100 par|[from] item: Black Sludge
|-heal|p1a: Slowking|91/100|[from] item: Black Sludge
|upkeep
|turn|12
|j| Sorcier anguilion
|
|t:|1634940210
|move|p2a: Eternatus|Recover|p2a: Eternatus
|-heal|p2a: Eternatus|100/100 par
|move|p1a: Slowking|Psyshock|p2a: Eternatus
|-supereffective|p2a: Eternatus
|-damage|p2a: Eternatus|52/100 par
|
|-heal|p2a: Eternatus|58/100 par|[from] item: Black Sludge
|-heal|p1a: Slowking|97/100|[from] item: Black Sludge
|upkeep
|turn|13
|
|t:|1634940220
|move|p2a: Eternatus|Recover|p2a: Eternatus
|-heal|p2a: Eternatus|100/100 par
|move|p1a: Slowking|Psyshock|p2a: Eternatus
|-supereffective|p2a: Eternatus
|-damage|p2a: Eternatus|59/100 par
|
|-heal|p2a: Eternatus|65/100 par|[from] item: Black Sludge
|-heal|p1a: Slowking|100/100|[from] item: Black Sludge
|upkeep
|turn|14
|
|t:|1634940227
|switch|p1a: Eternatus|Eternatus|90/100
|-ability|p1a: Eternatus|Pressure
|move|p2a: Eternatus|Recover|p2a: Eternatus
|-heal|p2a: Eternatus|100/100 par
|
|upkeep
|turn|15
|
|t:|1634940235
|switch|p1a: Rayquaza|Rayquaza|100/100
|-ability|p1a: Rayquaza|Air Lock
|move|p2a: Eternatus|Flamethrower|p1a: Rayquaza
|-resisted|p1a: Rayquaza
|-damage|p1a: Rayquaza|84/100
|
|upkeep
|turn|16
|
|t:|1634940243
|switch|p1a: Slowking|Slowking-Galar, M|100/100
|move|p2a: Eternatus|Draco Meteor|p1a: Slowking
|-damage|p1a: Slowking|68/100
|-unboost|p2a: Eternatus|spa|2
|
|-heal|p1a: Slowking|74/100|[from] item: Black Sludge
|upkeep
|turn|17
|
|t:|1634940253
|move|p2a: Eternatus|Flamethrower|p1a: Slowking
|-damage|p1a: Slowking|64/100
|move|p1a: Slowking|Trick|p2a: Eternatus
|-activate|p1a: Slowking|move: Trick|[of] p2a: Eternatus
|-item|p2a: Eternatus|Black Sludge|[from] move: Trick
|-item|p1a: Slowking|Black Sludge|[from] move: Trick
|
|-heal|p1a: Slowking|71/100|[from] item: Black Sludge
|upkeep
|turn|18
|
|t:|1634940262
|cant|p2a: Eternatus|par
|move|p1a: Slowking|Psych Up|p2a: Eternatus
|-copyboost|p1a: Slowking|p2a: Eternatus|[from] move: Psych Up
|
|-heal|p1a: Slowking|77/100|[from] item: Black Sludge
|upkeep
|turn|19
|
|t:|1634940267
|move|p2a: Eternatus|Toxic|p1a: Slowking
|-immune|p1a: Slowking
|move|p1a: Slowking|Psych Up|p2a: Eternatus
|-copyboost|p1a: Slowking|p2a: Eternatus|[from] move: Psych Up
|
|-heal|p1a: Slowking|83/100|[from] item: Black Sludge
|upkeep
|turn|20
|
|t:|1634940271
|move|p2a: Eternatus|Toxic|p1a: Slowking
|-immune|p1a: Slowking
|move|p1a: Slowking|Psych Up|p2a: Eternatus
|-copyboost|p1a: Slowking|p2a: Eternatus|[from] move: Psych Up
|
|-heal|p1a: Slowking|89/100|[from] item: Black Sludge
|upkeep
|turn|21
|
|t:|1634940274
|move|p2a: Eternatus|Toxic|p1a: Slowking
|-immune|p1a: Slowking
|move|p1a: Slowking|Psych Up|p2a: Eternatus
|-copyboost|p1a: Slowking|p2a: Eternatus|[from] move: Psych Up
|
|-heal|p1a: Slowking|95/100|[from] item: Black Sludge
|upkeep
|turn|22
|
|t:|1634940277
|switch|p1a: Giratina|Giratina|94/100 tox
|-ability|p1a: Giratina|Pressure
|move|p2a: Eternatus|Toxic|p1a: Giratina
|-fail|p1a: Giratina|tox
|
|-heal|p1a: Giratina|100/100 tox|[from] item: Leftovers
|-damage|p1a: Giratina|94/100 tox|[from] psn
|upkeep
|turn|23
|
|t:|1634940283
|switch|p2a: Ho-Oh|Ho-Oh|100/100
|move|p1a: Giratina|Will-O-Wisp|p2a: Ho-Oh
|-immune|p2a: Ho-Oh
|
|-heal|p1a: Giratina|100/100 tox|[from] item: Leftovers
|-damage|p1a: Giratina|88/100 tox|[from] psn
|upkeep
|turn|24
|
|t:|1634940288
|switch|p2a: Eternatus|Eternatus|100/100 par
|-ability|p2a: Eternatus|Pressure
|move|p1a: Giratina|Rest|p1a: Giratina
|-status|p1a: Giratina|slp|[from] move: Rest
|-heal|p1a: Giratina|100/100 slp|[silent]
|
|upkeep
|turn|25
|
|t:|1634940292
|switch|p1a: Slowking|Slowking-Galar, M|100/100
|switch|p2a: Ditto|Ditto|100/100
|-transform|p2a: Ditto|p1a: Slowking|[from] ability: Imposter
|
|upkeep
|turn|26
|
|t:|1634940298
|switch|p2a: Eternatus|Eternatus|100/100 par
|-ability|p2a: Eternatus|Pressure
|move|p1a: Slowking|Trick|p2a: Eternatus
|-activate|p1a: Slowking|move: Trick|[of] p2a: Eternatus
|-item|p2a: Eternatus|Black Sludge|[from] move: Trick
|-item|p1a: Slowking|Black Sludge|[from] move: Trick
|
|upkeep
|turn|27
|
|t:|1634940302
|switch|p1a: Giratina|Giratina|100/100 slp
|-ability|p1a: Giratina|Pressure
|cant|p2a: Eternatus|par
|
|upkeep
|turn|28
|
|t:|1634940305
|switch|p1a: Eternatus|Eternatus|90/100
|-ability|p1a: Eternatus|Pressure
|switch|p2a: Ditto|Ditto|100/100
|-transform|p2a: Ditto|p1a: Eternatus|[from] ability: Imposter
|-ability|p2a: Ditto|Pressure
|
|upkeep
|turn|29
|
|t:|1634940312
|switch|p2a: Blissey|Blissey, F|100/100
|move|p1a: Eternatus|Draco Meteor|p2a: Blissey
|-damage|p2a: Blissey|84/100
|-unboost|p1a: Eternatus|spa|2
|
|upkeep
|turn|30
|
|t:|1634940317
|switch|p1a: Rayquaza|Rayquaza|84/100
|-ability|p1a: Rayquaza|Air Lock
|switch|p2a: Eternatus|Eternatus|100/100 par
|-ability|p2a: Eternatus|Pressure
|
|upkeep
|turn|31
|
|t:|1634940326
|switch|p1a: Slowking|Slowking-Galar, M|100/100
|switch|p2a: Ho-Oh|Ho-Oh|100/100
|
|upkeep
|turn|32
|
|t:|1634940338
|switch|p2a: Eternatus|Eternatus|100/100 par
|-ability|p2a: Eternatus|Pressure
|switch|p1a: Eternatus|Eternatus|90/100
|-ability|p1a: Eternatus|Pressure
|
|upkeep
|turn|33
|
|t:|1634940344
|switch|p2a: Necrozma|Necrozma-Dusk-Mane|100/100
|move|p1a: Eternatus|Toxic Spikes|p2a: Necrozma
|-sidestart|p2: Pkmn3443|move: Toxic Spikes
|
|upkeep
|turn|34
|
|t:|1634940350
|switch|p1a: Yveltal|Yveltal|100/100
|-ability|p1a: Yveltal|Dark Aura
|move|p2a: Necrozma|Stealth Rock|p1a: Yveltal
|-sidestart|p1: PokeDuels Blue|move: Stealth Rock
|
|upkeep
|turn|35
|
|t:|1634940353
|switch|p2a: Yveltal|Yveltal|100/100
|-ability|p2a: Yveltal|Dark Aura
|move|p1a: Yveltal|U-turn|p2a: Yveltal
|-damage|p2a: Yveltal|80/100
|
|t:|1634940360
|switch|p1a: Eternatus|Eternatus|90/100|[from]move: U-turn
|-damage|p1a: Eternatus|78/100|[from] Stealth Rock
|-ability|p1a: Eternatus|Pressure
|
|upkeep
|turn|36
|
|t:|1634940366
|switch|p2a: Necrozma|Necrozma-Dusk-Mane|100/100
|move|p1a: Eternatus|Draco Meteor|p2a: Necrozma
|-resisted|p2a: Necrozma
|-damage|p2a: Necrozma|75/100
|-unboost|p1a: Eternatus|spa|2
|
|upkeep
|turn|37
|
|t:|1634940372
|switch|p1a: Yveltal|Yveltal|100/100
|-ability|p1a: Yveltal|Dark Aura
|move|p2a: Necrozma|Knock Off|p1a: Yveltal
|-resisted|p1a: Yveltal
|-damage|p1a: Yveltal|83/100
|-enditem|p1a: Yveltal|Heavy-Duty Boots|[from] move: Knock Off|[of] p2a: Necrozma
|
|upkeep
|turn|38
|
|t:|1634940384
|switch|p2a: Yveltal|Yveltal|80/100
|-ability|p2a: Yveltal|Dark Aura
|move|p1a: Yveltal|Defog|p2a: Yveltal
|-unboost|p2a: Yveltal|evasion|1
|-sideend|p2: Pkmn3443|Toxic Spikes|[from] move: Defog|[of] p1a: Yveltal
|-sideend|p1: PokeDuels Blue|Stealth Rock|[from] move: Defog|[of] p1a: Yveltal
|
|upkeep
|turn|39
|
|t:|1634940390
|move|p2a: Yveltal|Knock Off|p1a: Yveltal
|-resisted|p1a: Yveltal
|-damage|p1a: Yveltal|68/100
|move|p1a: Yveltal|U-turn|p2a: Yveltal
|-damage|p2a: Yveltal|58/100
|
|t:|1634940394
|switch|p1a: Rayquaza|Rayquaza|84/100|[from]move: U-turn
|-ability|p1a: Rayquaza|Air Lock
|
|upkeep
|turn|40
|
|t:|1634940399
|switch|p2a: Ho-Oh|Ho-Oh|100/100
|move|p1a: Rayquaza|Dragon Ascent|p2a: Ho-Oh
|-damage|p2a: Ho-Oh|51/100
|-unboost|p1a: Rayquaza|def|1
|-unboost|p1a: Rayquaza|spd|1
|
|upkeep
|turn|41
|
|t:|1634940409
|switch|p2a: Eternatus|Eternatus|100/100 par
|-ability|p2a: Eternatus|Pressure
|move|p1a: Rayquaza|Dragon Dance|p1a: Rayquaza
|-boost|p1a: Rayquaza|atk|1
|-boost|p1a: Rayquaza|spe|1
|
|upkeep
|turn|42
|
|t:|1634940420
|move|p1a: Rayquaza|Earthquake|p2a: Eternatus
|-supereffective|p2a: Eternatus
|-damage|p2a: Eternatus|14/100 par
|move|p2a: Eternatus|Draco Meteor|p1a: Rayquaza
|-supereffective|p1a: Rayquaza
|-damage|p1a: Rayquaza|0 fnt
|-unboost|p2a: Eternatus|spa|2
|faint|p1a: Rayquaza
|
|-heal|p2a: Eternatus|20/100 par|[from] item: Black Sludge
|upkeep
|-message|PokeDuels Blue forfeited.
|
|win|Pkmn3443
|raw|PokeDuels Blue's rating: 1378 &rarr; <strong>1368</strong><br />(-10 for losing)
|raw|Pkmn3443's rating: 1562 &rarr; <strong>1572</strong><br />(+10 for winning)
|l|☆PokeDuels Blue
