|j|☆AdenJ
|j|☆Dun 26
|t:|1641241199
|gametype|singles
|player|p1|AdenJ|veteran|1428
|player|p2|Dun 26|skyla|1529
|teamsize|p1|6
|teamsize|p2|6
|gen|8
|tier|[Gen 8] Ubers
|rated|
|rule|Sleep Clause Mod: Limit one foe put to sleep
|rule|Species Clause: Limit one of each Pokémon
|rule|OHKO Clause: OHKO moves are banned
|rule|Evasion Moves Clause: Evasion moves are banned
|rule|Endless Battle Clause: Forcing endless battles is banned
|rule|HP Percentage Mod: HP is shown in percentages
|rule|Dynamax Clause: You cannot dynamax
|clearpoke
|poke|p1|Calyrex-Ice|
|poke|p1|Magearna|
|poke|p1|Palkia|
|poke|p1|Ho-Oh|
|poke|p1|Urshifu-*, M|
|poke|p1|Groudon|
|poke|p2|Kyogre|
|poke|p2|Necrozma-Dusk-Mane|
|poke|p2|Ho-Oh|
|poke|p2|Yveltal|
|poke|p2|Calyrex-Shadow|
|poke|p2|Eternatus|
|teampreview
|
|t:|1641241240
|start
|switch|p1a: Palkia|Palkia, shiny|100/100
|switch|p2a: UGLY BOY|Eternatus|100/100
|-ability|p2a: UGLY BOY|Pressure
|-ability|p1a: Palkia|Pressure
|turn|1
|
|t:|1641241250
|switch|p1a: Magearna|Magearna|100/100
|move|p2a: UGLY BOY|Dynamax Cannon|p1a: Magearna
|-immune|p1a: Magearna
|
|upkeep
|turn|2
|
|t:|1641241256
|move|p2a: UGLY BOY|Flamethrower|p1a: Magearna
|-supereffective|p1a: Magearna
|-crit|p1a: Magearna
|-damage|p1a: Magearna|23/100
|-status|p1a: Magearna|brn
|move|p1a: Magearna|Volt Switch|p2a: UGLY BOY
|-resisted|p2a: UGLY BOY
|-damage|p2a: UGLY BOY|92/100
|
|t:|1641241259
|switch|p1a: Ho-Oh|Ho-Oh|100/100|[from]move: Volt Switch
|
|upkeep
|turn|3
|
|t:|1641241263
|switch|p2a: BIG BLUE|Kyogre|100/100
|-weather|RainDance|[from] ability: Drizzle|[of] p2a: BIG BLUE
|move|p1a: Ho-Oh|Thunder Wave|p2a: BIG BLUE
|-status|p2a: BIG BLUE|par
|
|-weather|RainDance|[upkeep]
|upkeep
|turn|4
|
|t:|1641241268
|switch|p1a: Palkia|Palkia, shiny|100/100
|-ability|p1a: Palkia|Pressure
|move|p2a: BIG BLUE|Scald|p1a: Palkia
|-resisted|p1a: Palkia
|-damage|p1a: Palkia|86/100
|
|-weather|RainDance|[upkeep]
|upkeep
|turn|5
|
|t:|1641241275
|move|p1a: Palkia|Thunder|p2a: BIG BLUE
|-supereffective|p2a: BIG BLUE
|-damage|p2a: BIG BLUE|43/100 par
|cant|p2a: BIG BLUE|par
|
|-weather|RainDance|[upkeep]
|-heal|p2a: BIG BLUE|49/100 par|[from] item: Leftovers
|upkeep
|turn|6
|
|t:|1641241281
|switch|p2a: UGLY BOY|Eternatus|92/100
|-ability|p2a: UGLY BOY|Pressure
|move|p1a: Palkia|Thunder|p2a: UGLY BOY
|-resisted|p2a: UGLY BOY
|-damage|p2a: UGLY BOY|79/100
|
|-weather|RainDance|[upkeep]
|upkeep
|turn|7
|
|t:|1641241294
|switch|p1a: Ho-Oh|Ho-Oh|100/100
|move|p2a: UGLY BOY|Dynamax Cannon|p1a: Ho-Oh
|-crit|p1a: Ho-Oh
|-damage|p1a: Ho-Oh|68/100
|
|-weather|none
|upkeep
|turn|8
|
|t:|1641241308
|switch|p2a: BIG BLUE|Kyogre|49/100 par
|-weather|RainDance|[from] ability: Drizzle|[of] p2a: BIG BLUE
|move|p1a: Ho-Oh|Thunder Wave|p2a: BIG BLUE
|-fail|p2a: BIG BLUE|par
|
|-weather|RainDance|[upkeep]
|-heal|p2a: BIG BLUE|55/100 par|[from] item: Leftovers
|upkeep
|turn|9
|
|t:|1641241327
|switch|p1a: Palkia|Palkia, shiny|86/100
|-ability|p1a: Palkia|Pressure
|move|p2a: BIG BLUE|Scald|p1a: Palkia
|-resisted|p1a: Palkia
|-damage|p1a: Palkia|73/100
|
|-weather|RainDance|[upkeep]
|-heal|p2a: BIG BLUE|62/100 par|[from] item: Leftovers
|upkeep
|turn|10
|
|t:|1641241330
|switch|p2a: UGLY BOY|Eternatus|79/100
|-ability|p2a: UGLY BOY|Pressure
|move|p1a: Palkia|Spacial Rend|p2a: UGLY BOY
|-supereffective|p2a: UGLY BOY
|-damage|p2a: UGLY BOY|0 fnt
|faint|p2a: UGLY BOY
|
|-weather|RainDance|[upkeep]
|upkeep
|
|t:|1641241333
|switch|p2a: BOOUM|Ho-Oh|100/100
|turn|11
|
|t:|1641241336
|move|p1a: Palkia|Hydro Pump|p2a: BOOUM|[miss]
|-miss|p1a: Palkia|p2a: BOOUM
|move|p2a: BOOUM|Brave Bird|p1a: Palkia
|-damage|p1a: Palkia|0 fnt
|faint|p1a: Palkia
|-damage|p2a: BOOUM|79/100|[from] Recoil
|
|-weather|RainDance|[upkeep]
|upkeep
|c|☆AdenJ|...
|
|t:|1641241350
|switch|p1a: Calyrex|Calyrex-Ice|100/100
|-ability|p1a: Calyrex|As One
|-ability|p1a: Calyrex|Unnerve
|turn|12
|c|☆Dun 26|being a good player is knowing how to call hax when u need it xD
|
|t:|1641241398
|switch|p2a: Necro-Tank|Necrozma-Dusk-Mane|100/100
|move|p1a: Calyrex|Glacial Lance|p2a: Necro-Tank
|-resisted|p2a: Necro-Tank
|-damage|p2a: Necro-Tank|70/100
|
|-weather|none
|-heal|p2a: Necro-Tank|76/100|[from] item: Leftovers
|upkeep
|turn|13
|c|☆AdenJ|I am not a good player
|
|t:|1641241414
|switch|p1a: Groudon|Groudon|100/100
|-weather|SunnyDay|[from] ability: Drought|[of] p1a: Groudon
|move|p2a: Necro-Tank|Stealth Rock|p1a: Groudon
|-sidestart|p1: AdenJ|move: Stealth Rock
|
|-weather|SunnyDay|[upkeep]
|-heal|p2a: Necro-Tank|82/100|[from] item: Leftovers
|upkeep
|turn|14
|
|t:|1641241419
|switch|p2a: Yvel-boring|Yveltal|100/100
|-ability|p2a: Yvel-boring|Dark Aura
|move|p1a: Groudon|Stealth Rock|p2a: Yvel-boring
|-sidestart|p2: Dun 26|move: Stealth Rock
|
|-weather|SunnyDay|[upkeep]
|upkeep
|turn|15
|
|t:|1641241422
|move|p2a: Yvel-boring|Knock Off|p1a: Groudon
|-damage|p1a: Groudon|71/100
|-enditem|p1a: Groudon|Leftovers|[from] move: Knock Off|[of] p2a: Yvel-boring
|move|p1a: Groudon|Toxic|p2a: Yvel-boring
|-status|p2a: Yvel-boring|tox
|
|-weather|SunnyDay|[upkeep]
|-damage|p2a: Yvel-boring|94/100 tox|[from] psn
|upkeep
|turn|16
|
|t:|1641241425
|move|p2a: Yvel-boring|Knock Off|p1a: Groudon
|-damage|p1a: Groudon|52/100
|move|p1a: Groudon|Stone Edge|p2a: Yvel-boring|[miss]
|-miss|p1a: Groudon|p2a: Yvel-boring
|
|-weather|SunnyDay|[upkeep]
|-damage|p2a: Yvel-boring|82/100 tox|[from] psn
|upkeep
|turn|17
|
|t:|1641241451
|move|p2a: Yvel-boring|Knock Off|p1a: Groudon
|-damage|p1a: Groudon|33/100
|move|p1a: Groudon|Stone Edge|p2a: Yvel-boring|[miss]
|-miss|p1a: Groudon|p2a: Yvel-boring
|
|-weather|none
|-damage|p2a: Yvel-boring|64/100 tox|[from] psn
|upkeep
|turn|18
|c|☆AdenJ|I am very very bad
|
|t:|1641241469
|move|p2a: Yvel-boring|Knock Off|p1a: Groudon
|-damage|p1a: Groudon|14/100
|move|p1a: Groudon|Stone Edge|p2a: Yvel-boring
|-supereffective|p2a: Yvel-boring
|-damage|p2a: Yvel-boring|11/100 tox
|
|-damage|p2a: Yvel-boring|0 fnt|[from] psn
|faint|p2a: Yvel-boring
|upkeep
|c|☆Dun 26|yh I see it
|
|t:|1641241479
|switch|p2a: GOODBYE|Calyrex-Shadow|100/100
|-ability|p2a: GOODBYE|As One
|-ability|p2a: GOODBYE|Unnerve
|-damage|p2a: GOODBYE|88/100|[from] Stealth Rock
|turn|19
|
|t:|1641241494
|switch|p1a: Ho-Oh|Ho-Oh|100/100
|move|p2a: GOODBYE|Astral Barrage|p1a: Ho-Oh
|-damage|p1a: Ho-Oh|66/100
|
|upkeep
|turn|20
|
|t:|1641241502
|switch|p2a: BOOUM|Ho-Oh|100/100
|-damage|p2a: BOOUM|50/100|[from] Stealth Rock
|move|p1a: Ho-Oh|Thunder Wave|p2a: BOOUM
|-status|p2a: BOOUM|par
|
|upkeep
|turn|21
|
|t:|1641241506
|move|p2a: BOOUM|Defog|p1a: Ho-Oh
|-unboost|p1a: Ho-Oh|evasion|1
|-sideend|p1: AdenJ|Stealth Rock|[from] move: Defog|[of] p2a: BOOUM
|-sideend|p2: Dun 26|Stealth Rock|[from] move: Defog|[of] p2a: BOOUM
|move|p1a: Ho-Oh|Whirlwind|p2a: BOOUM
|drag|p2a: Necro-Tank|Necrozma-Dusk-Mane|82/100
|
|-heal|p2a: Necro-Tank|88/100|[from] item: Leftovers
|upkeep
|turn|22
|
|t:|1641241511
|move|p1a: Ho-Oh|Thunder Wave|p2a: Necro-Tank
|-status|p2a: Necro-Tank|par
|move|p2a: Necro-Tank|Stealth Rock|p1a: Ho-Oh
|-sidestart|p1: AdenJ|move: Stealth Rock
|
|-heal|p2a: Necro-Tank|94/100 par|[from] item: Leftovers
|upkeep
|turn|23
|
|t:|1641241516
|switch|p2a: BIG BLUE|Kyogre|62/100 par
|-weather|RainDance|[from] ability: Drizzle|[of] p2a: BIG BLUE
|move|p1a: Ho-Oh|Sacred Fire|p2a: BIG BLUE
|-resisted|p2a: BIG BLUE
|-damage|p2a: BIG BLUE|55/100 par
|
|-weather|RainDance|[upkeep]
|-heal|p2a: BIG BLUE|61/100 par|[from] item: Leftovers
|upkeep
|turn|24
|
|t:|1641241522
|switch|p2a: GOODBYE|Calyrex-Shadow|88/100
|-ability|p2a: GOODBYE|As One
|-ability|p2a: GOODBYE|Unnerve
|move|p1a: Ho-Oh|Defog|p2a: GOODBYE
|-unboost|p2a: GOODBYE|evasion|1
|-sideend|p1: AdenJ|Stealth Rock|[from] move: Defog|[of] p1a: Ho-Oh
|
|-weather|RainDance|[upkeep]
|upkeep
|turn|25
|
|t:|1641241525
|move|p2a: GOODBYE|Aromatherapy|p2a: GOODBYE
|-activate|p2a: GOODBYE|move: Aromatherapy
|-curestatus|p2: BIG BLUE|par|[msg]
|-curestatus|p2: BOOUM|par|[msg]
|-curestatus|p2: Necro-Tank|par|[msg]
|move|p1a: Ho-Oh|Thunder Wave|p2a: GOODBYE
|-status|p2a: GOODBYE|par
|
|-weather|RainDance|[upkeep]
|upkeep
|turn|26
|
|t:|1641241535
|switch|p2a: BIG BLUE|Kyogre|61/100
|switch|p1a: Urshifu|Urshifu, M|100/100
|
|-weather|RainDance|[upkeep]
|-heal|p2a: BIG BLUE|67/100|[from] item: Leftovers
|upkeep
|turn|27
|
|t:|1641241551
|move|p1a: Urshifu|Wicked Blow|p2a: BIG BLUE
|-crit|p2a: BIG BLUE
|-damage|p2a: BIG BLUE|9/100
|move|p2a: BIG BLUE|Scald|p1a: Urshifu
|-damage|p1a: Urshifu|10/100
|
|-weather|none
|-heal|p2a: BIG BLUE|15/100|[from] item: Leftovers
|upkeep
|turn|28
|
|t:|1641241563
|switch|p2a: Necro-Tank|Necrozma-Dusk-Mane|94/100
|move|p1a: Urshifu|Wicked Blow|p2a: Necro-Tank
|-supereffective|p2a: Necro-Tank
|-crit|p2a: Necro-Tank
|-damage|p2a: Necro-Tank|12/100
|
|-heal|p2a: Necro-Tank|18/100|[from] item: Leftovers
|upkeep
|turn|29
|
|t:|1641241571
|move|p1a: Urshifu|Sucker Punch|p2a: Necro-Tank
|-supereffective|p2a: Necro-Tank
|-damage|p2a: Necro-Tank|0 fnt
|faint|p2a: Necro-Tank
|
|upkeep
|
|t:|1641241573
|switch|p2a: BOOUM|Ho-Oh|84/100
|turn|30
|
|t:|1641241582
|switch|p1a: Magearna|Magearna|23/100 brn
|move|p2a: BOOUM|Brave Bird|p1a: Magearna
|-resisted|p1a: Magearna
|-damage|p1a: Magearna|0 fnt
|faint|p1a: Magearna
|-damage|p2a: BOOUM|76/100|[from] Recoil
|
|upkeep
|
|t:|1641241586
|switch|p1a: Ho-Oh|Ho-Oh|99/100
|turn|31
|
|t:|1641241610
|move|p2a: BOOUM|Brave Bird|p1a: Ho-Oh
|-damage|p1a: Ho-Oh|14/100
|-damage|p2a: BOOUM|43/100|[from] Recoil
|move|p1a: Ho-Oh|Thunder Wave|p2a: BOOUM
|-status|p2a: BOOUM|par
|
|upkeep
|turn|32
|
|t:|1641241620
|move|p1a: Ho-Oh|Sacred Fire|p2a: BOOUM
|-resisted|p2a: BOOUM
|-damage|p2a: BOOUM|19/100 par
|move|p2a: BOOUM|Brave Bird|p1a: Ho-Oh
|-damage|p1a: Ho-Oh|0 fnt
|faint|p1a: Ho-Oh
|-damage|p2a: BOOUM|13/100 par|[from] Recoil
|
|upkeep
|
|t:|1641241625
|switch|p1a: Urshifu|Urshifu, M|10/100
|turn|33
|
|t:|1641241628
|move|p1a: Urshifu|Wicked Blow|p2a: BOOUM
|-crit|p2a: BOOUM
|-damage|p2a: BOOUM|0 fnt
|faint|p2a: BOOUM
|
|upkeep
|
|t:|1641241631
|switch|p2a: GOODBYE|Calyrex-Shadow|88/100 par
|-ability|p2a: GOODBYE|As One
|-ability|p2a: GOODBYE|Unnerve
|turn|34
|
|t:|1641241637
|move|p1a: Urshifu|Sucker Punch||[still]
|-fail|p1a: Urshifu
|move|p2a: GOODBYE|Aromatherapy|p2a: GOODBYE
|-activate|p2a: GOODBYE|move: Aromatherapy
|-curestatus|p2a: GOODBYE|par|[msg]
|
|upkeep
|turn|35
|
|t:|1641241640
|move|p1a: Urshifu|Sucker Punch||[still]
|-fail|p1a: Urshifu
|move|p2a: GOODBYE|Aromatherapy||[still]
|-activate|p2a: GOODBYE|move: Aromatherapy
|-fail|p2a: GOODBYE
|
|upkeep
|turn|36
|
|t:|1641241643
|move|p1a: Urshifu|Sucker Punch||[still]
|-fail|p1a: Urshifu
|move|p2a: GOODBYE|Aromatherapy||[still]
|-activate|p2a: GOODBYE|move: Aromatherapy
|-fail|p2a: GOODBYE
|
|upkeep
|turn|37
|
|t:|1641241656
|move|p1a: Urshifu|Sucker Punch||[still]
|-fail|p1a: Urshifu
|move|p2a: GOODBYE|Aromatherapy||[still]
|-activate|p2a: GOODBYE|move: Aromatherapy
|-fail|p2a: GOODBYE
|
|upkeep
|turn|38
|
|t:|1641241659
|move|p2a: GOODBYE|Aromatherapy||[still]
|-activate|p2a: GOODBYE|move: Aromatherapy
|-fail|p2a: GOODBYE
|move|p1a: Urshifu|Wicked Blow|p2a: GOODBYE
|-supereffective|p2a: GOODBYE
|-crit|p2a: GOODBYE
|-damage|p2a: GOODBYE|0 fnt
|faint|p2a: GOODBYE
|
|upkeep
|
|t:|1641241661
|switch|p2a: BIG BLUE|Kyogre|15/100
|-weather|RainDance|[from] ability: Drizzle|[of] p2a: BIG BLUE
|turn|39
|
|t:|1641241664
|move|p1a: Urshifu|Sucker Punch||[still]
|-fail|p1a: Urshifu
|move|p2a: BIG BLUE|Rest|p2a: BIG BLUE
|-status|p2a: BIG BLUE|slp|[from] move: Rest
|-heal|p2a: BIG BLUE|100/100 slp|[silent]
|
|-weather|RainDance|[upkeep]
|upkeep
|turn|40
|
|t:|1641241669
|move|p1a: Urshifu|Bulk Up|p1a: Urshifu
|-boost|p1a: Urshifu|atk|1
|-boost|p1a: Urshifu|def|1
|cant|p2a: BIG BLUE|slp
|
|-weather|RainDance|[upkeep]
|upkeep
|turn|41
|
|t:|1641241675
|move|p1a: Urshifu|Wicked Blow|p2a: BIG BLUE
|-crit|p2a: BIG BLUE
|-damage|p2a: BIG BLUE|15/100 slp
|cant|p2a: BIG BLUE|slp
|
|-weather|RainDance|[upkeep]
|-heal|p2a: BIG BLUE|21/100 slp|[from] item: Leftovers
|upkeep
|turn|42
|
|t:|1641241679
|move|p1a: Urshifu|Wicked Blow|p2a: BIG BLUE
|-crit|p2a: BIG BLUE
|-damage|p2a: BIG BLUE|0 fnt
|faint|p2a: BIG BLUE
|
|win|AdenJ
|raw|AdenJ's rating: 1428 &rarr; <strong>1452</strong><br />(+24 for winning)
|raw|Dun 26's rating: 1496 &rarr; <strong>1472</strong><br />(-24 for losing)
|c|☆AdenJ|gg
|l|☆Dun 26
||Ladder isn't responding, score probably updated but might not have (Request timeout).
