|j|☆4125al41
|j|☆plat27
|t:|1652724915
|gametype|singles
|player|p1|4125al41|steven|
|player|p2|plat27|#uberswcop2021|
|teamsize|p1|6
|teamsize|p2|6
|gen|8
|tier|[Gen 8] Ubers
|rated|Tournament battle
|rule|Sleep Clause Mod: Limit one foe put to sleep
|rule|Species Clause: Limit one of each Pokémon
|rule|OHKO Clause: OHKO moves are banned
|rule|Evasion Moves Clause: Evasion moves are banned
|rule|Endless Battle Clause: Forcing endless battles is banned
|rule|HP Percentage Mod: HP is shown in percentages
|rule|Dynamax Clause: You cannot dynamax
|clearpoke
|poke|p1|Marshadow|
|poke|p1|Eternatus|
|poke|p1|Calyrex-Shadow|
|poke|p1|Ho-Oh|
|poke|p1|Groudon|
|poke|p1|Xerneas-*|
|poke|p2|Aerodactyl, M|
|poke|p2|Yveltal|
|poke|p2|Weavile, M|
|poke|p2|Zekrom|
|poke|p2|Necrozma-Dusk-Mane|
|poke|p2|Marshadow|
|teampreview
|
|t:|1652724926
|start
|switch|p1a: Calyrex|Calyrex-Shadow|100/100
|switch|p2a: Aerodactyl|Aerodactyl, M|100/100
|-ability|p1a: Calyrex|As One
|-ability|p1a: Calyrex|Unnerve
|-ability|p2a: Aerodactyl|Pressure
|turn|1
|
|t:|1652724932
|move|p1a: Calyrex|Trick|p2a: Aerodactyl
|-activate|p1a: Calyrex|move: Trick|[of] p2a: Aerodactyl
|-item|p2a: Aerodactyl|Choice Specs|[from] move: Trick
|-item|p1a: Calyrex|Focus Sash|[from] move: Trick
|move|p2a: Aerodactyl|Stealth Rock|p1a: Calyrex
|-sidestart|p1: 4125al41|move: Stealth Rock
|
|upkeep
|turn|2
|j| kjetilx
|
|t:|1652724937
|switch|p1a: Eternatus|Eternatus|100/100
|-damage|p1a: Eternatus|88/100|[from] Stealth Rock
|-ability|p1a: Eternatus|Pressure
|switch|p2a: Yveltal|Yveltal|100/100
|-ability|p2a: Yveltal|Dark Aura
|
|upkeep
|turn|3
|
|t:|1652724943
|switch|p2a: Aerodactyl|Aerodactyl, M|100/100
|-ability|p2a: Aerodactyl|Pressure
|move|p1a: Eternatus|Meteor Beam||[still]
|-prepare|p1a: Eternatus|Meteor Beam
|-boost|p1a: Eternatus|spa|1
|-enditem|p1a: Eternatus|Power Herb
|-anim|p1a: Eternatus|Meteor Beam|p2a: Aerodactyl
|-supereffective|p2a: Aerodactyl
|-damage|p2a: Aerodactyl|0 fnt
|faint|p2a: Aerodactyl
|
|upkeep
|
|t:|1652724955
|switch|p2a: Weavile|Weavile, M|100/100
|-ability|p2a: Weavile|Pressure
|turn|4
|
|t:|1652724960
|move|p1a: Eternatus|Flamethrower|p2a: Weavile
|-supereffective|p2a: Weavile
|-enditem|p2a: Weavile|Focus Sash
|-damage|p2a: Weavile|1/100
|move|p2a: Weavile|Triple Axel|p1a: Eternatus
|-supereffective|p1a: Eternatus
|-damage|p1a: Eternatus|69/100
|-supereffective|p1a: Eternatus
|-damage|p1a: Eternatus|34/100
|-supereffective|p1a: Eternatus
|-damage|p1a: Eternatus|0 fnt
|faint|p1a: Eternatus
|-hitcount|p1: Eternatus|3
|
|upkeep
|
|t:|1652724964
|switch|p1a: Ho-Oh|Ho-Oh|100/100
|turn|5
|
|t:|1652724969
|move|p2a: Weavile|Knock Off|p1a: Ho-Oh
|-damage|p1a: Ho-Oh|65/100
|-enditem|p1a: Ho-Oh|Heavy-Duty Boots|[from] move: Knock Off|[of] p2a: Weavile
|move|p1a: Ho-Oh|Defog|p2a: Weavile
|-unboost|p2a: Weavile|evasion|1
|-sideend|p1: 4125al41|Stealth Rock|[from] move: Defog|[of] p1a: Ho-Oh
|
|upkeep
|turn|6
|
|t:|1652724974
|move|p2a: Weavile|Triple Axel|p1a: Ho-Oh
|-damage|p1a: Ho-Oh|57/100
|-damage|p1a: Ho-Oh|43/100
|-damage|p1a: Ho-Oh|18/100
|-hitcount|p1a: Ho-Oh|3
|move|p1a: Ho-Oh|Sacred Fire|p2a: Weavile
|-supereffective|p2a: Weavile
|-damage|p2a: Weavile|0 fnt
|faint|p2a: Weavile
|
|upkeep
|j| Visegrad
|l| Visegrad
|
|t:|1652724992
|switch|p2a: Marshadow|Marshadow|100/100
|turn|7
|
|t:|1652724995
|switch|p1a: Groudon|Groudon|100/100
|-weather|SunnyDay|[from] ability: Drought|[of] p1a: Groudon
|move|p2a: Marshadow|Spectral Thief|p1a: Groudon
|-damage|p1a: Groudon|66/100
|-damage|p2a: Marshadow|91/100|[from] item: Life Orb
|
|-weather|SunnyDay|[upkeep]
|-heal|p1a: Groudon|73/100|[from] item: Leftovers
|upkeep
|turn|8
|
|t:|1652724998
|move|p2a: Marshadow|Bulk Up|p2a: Marshadow
|-boost|p2a: Marshadow|atk|1
|-boost|p2a: Marshadow|def|1
|move|p1a: Groudon|Thunder Wave|p2a: Marshadow
|-status|p2a: Marshadow|par
|
|-weather|SunnyDay|[upkeep]
|-heal|p1a: Groudon|79/100|[from] item: Leftovers
|upkeep
|turn|9
|
|t:|1652725006
|move|p1a: Groudon|Precipice Blades|p2a: Marshadow
|-damage|p2a: Marshadow|33/100 par
|move|p2a: Marshadow|Low Kick|p1a: Groudon
|-damage|p1a: Groudon|14/100
|-damage|p2a: Marshadow|24/100 par|[from] item: Life Orb
|
|-weather|SunnyDay|[upkeep]
|-heal|p1a: Groudon|20/100|[from] item: Leftovers
|upkeep
|turn|10
|
|t:|1652725010
|switch|p1a: Xerneas|Xerneas|100/100
|-ability|p1a: Xerneas|Fairy Aura
|move|p2a: Marshadow|Shadow Sneak|p1a: Xerneas
|-damage|p1a: Xerneas|47/100
|-damage|p2a: Marshadow|14/100 par|[from] item: Life Orb
|
|-weather|SunnyDay|[upkeep]
|upkeep
|turn|11
|
|t:|1652725021
|switch|p1a: Groudon|Groudon|20/100
|move|p2a: Marshadow|Shadow Sneak|p1a: Groudon
|-damage|p1a: Groudon|0 fnt
|faint|p1a: Groudon
|-damage|p2a: Marshadow|4/100 par|[from] item: Life Orb
|
|-weather|none
|upkeep
|
|t:|1652725023
|switch|p1a: tensa-zangetsu|Marshadow|100/100
|turn|12
|
|t:|1652725026
|switch|p2a: Yveltal|Yveltal|100/100
|-ability|p2a: Yveltal|Dark Aura
|move|p1a: tensa-zangetsu|Shadow Sneak|p2a: Yveltal
|-resisted|p2a: Yveltal
|-damage|p2a: Yveltal|87/100
|
|upkeep
|turn|13
|
|t:|1652725030
|switch|p1a: Ho-Oh|Ho-Oh|52/100
|move|p2a: Yveltal|Dual Wingbeat|p1a: Ho-Oh
|-damage|p1a: Ho-Oh|32/100
|-damage|p1a: Ho-Oh|9/100
|-hitcount|p1a: Ho-Oh|2
|-damage|p2a: Yveltal|77/100|[from] item: Life Orb
|
|upkeep
|turn|14
|
|t:|1652725037
|move|p2a: Yveltal|Knock Off|p1a: Ho-Oh
|-damage|p1a: Ho-Oh|0 fnt
|faint|p1a: Ho-Oh
|-damage|p2a: Yveltal|67/100|[from] item: Life Orb
|
|upkeep
|
|t:|1652725040
|switch|p1a: Xerneas|Xerneas|47/100
|-ability|p1a: Xerneas|Fairy Aura
|turn|15
|
|t:|1652725053
|switch|p2a: Marshadow|Marshadow|4/100 par
|move|p1a: Xerneas|Play Rough|p2a: Marshadow
|-supereffective|p2a: Marshadow
|-damage|p2a: Marshadow|0 fnt
|faint|p2a: Marshadow
|
|upkeep
|
|t:|1652725057
|switch|p2a: Necrozma|Necrozma-Dusk-Mane|100/100
|turn|16
|
|t:|1652725063
|switch|p1a: Calyrex|Calyrex-Shadow|100/100
|-ability|p1a: Calyrex|As One
|-ability|p1a: Calyrex|Unnerve
|move|p2a: Necrozma|Dragon Dance|p2a: Necrozma
|-boost|p2a: Necrozma|atk|1
|-boost|p2a: Necrozma|spe|1
|
|upkeep
|turn|17
|
|t:|1652725067
|move|p1a: Calyrex|Astral Barrage|p2a: Necrozma
|-supereffective|p2a: Necrozma
|-damage|p2a: Necrozma|0 fnt
|faint|p2a: Necrozma
|-ability|p1a: Calyrex|Grim Neigh|boost
|-boost|p1a: Calyrex|spa|1
|
|upkeep
|
|t:|1652725072
|switch|p2a: Yveltal|Yveltal|67/100
|-ability|p2a: Yveltal|Dark Aura
|turn|18
|
|t:|1652725076
|move|p1a: Calyrex|Astral Barrage|p2a: Yveltal
|-resisted|p2a: Yveltal
|-damage|p2a: Yveltal|16/100
|move|p2a: Yveltal|Knock Off|p1a: Calyrex
|-supereffective|p1a: Calyrex
|-enditem|p1a: Calyrex|Focus Sash
|-damage|p1a: Calyrex|1/100
|-damage|p2a: Yveltal|6/100|[from] item: Life Orb
|
|upkeep
|turn|19
|
|t:|1652725088
|switch|p1a: tensa-zangetsu|Marshadow|100/100
|move|p2a: Yveltal|Sucker Punch||[still]
|-fail|p2a: Yveltal
|
|upkeep
|turn|20
|
|t:|1652725091
|move|p1a: tensa-zangetsu|Shadow Sneak|p2a: Yveltal
|-resisted|p2a: Yveltal
|-damage|p2a: Yveltal|0 fnt
|faint|p2a: Yveltal
|
|upkeep
|
|t:|1652725093
|switch|p2a: Zekrom|Zekrom|100/100
|-ability|p2a: Zekrom|Teravolt
|turn|21
|
|t:|1652725097
|move|p1a: tensa-zangetsu|Close Combat|p2a: Zekrom
|-damage|p2a: Zekrom|49/100
|-unboost|p1a: tensa-zangetsu|def|1
|-unboost|p1a: tensa-zangetsu|spd|1
|move|p2a: Zekrom|Dragon Dance|p2a: Zekrom
|-boost|p2a: Zekrom|atk|1
|-boost|p2a: Zekrom|spe|1
|
|upkeep
|turn|22
|
|t:|1652725101
|move|p2a: Zekrom|Dragon Claw|p1a: tensa-zangetsu
|-enditem|p1a: tensa-zangetsu|Focus Sash
|-damage|p1a: tensa-zangetsu|1/100
|-damage|p2a: Zekrom|39/100|[from] item: Life Orb
|move|p1a: tensa-zangetsu|Spectral Thief||[still]
|-clearpositiveboost|p2a: Zekrom|p1a: tensa-zangetsu|move: Spectral Thief
|-boost|p1a: tensa-zangetsu|atk|1
|-boost|p1a: tensa-zangetsu|spe|1
|-anim|p1a: tensa-zangetsu|Spectral Thief|p2a: Zekrom
|-damage|p2a: Zekrom|0 fnt
|faint|p2a: Zekrom
|
|win|4125al41
|n|☆4125al41|4125al41
|n|☆plat27|plat27
|n| kjetilx|kjetilx
