|raw|<div class="broadcast-blue"><strong>This battle is required to be public due to a player having a name starting with 'ULTBG7V'.</div>
|j|☆ULTBG7V tldr
|j|☆King Billu
|t:|1621920354
|gametype|singles
|player|p1|ULTBG7V tldr|acetrainerf-gen4dp|1454
|player|p2|King Billu|rood|1471
|teamsize|p1|6
|teamsize|p2|6
|gen|8
|tier|[Gen 8] Ubers
|rated|
|rule|Sleep Clause Mod: Limit one foe put to sleep
|rule|Species Clause: Limit one of each Pokémon
|rule|OHKO Clause: OHKO moves are banned
|rule|Evasion Moves Clause: Evasion moves are banned
|rule|Endless Battle Clause: Forcing endless battles is banned
|rule|HP Percentage Mod: HP is shown in percentages
|rule|Dynamax Clause: You cannot dynamax
|clearpoke
|poke|p1|Yveltal|
|poke|p1|Necrozma-Dusk-Mane|
|poke|p1|Blissey, F|
|poke|p1|Marshadow|
|poke|p1|Xerneas-*|
|poke|p1|Ho-Oh|
|poke|p2|Yveltal|
|poke|p2|Eternatus|
|poke|p2|Necrozma-Dusk-Mane|
|poke|p2|Lunala|
|poke|p2|Blissey, F|
|poke|p2|Ditto|
|teampreview
|inactive|Battle timer is ON: inactive players will automatically lose when time's up. (requested by ULTBG7V tldr)
|j| Based 4 Ghosters
|
|t:|1621920397
|start
|switch|p1a: Marshadow|Marshadow|100/100
|switch|p2a: Eternatus|Eternatus|100/100
|-ability|p2a: Eternatus|Pressure
|turn|1
|
|t:|1621920416
|switch|p1a: Necrozma|Necrozma-Dusk-Mane|100/100
|move|p2a: Eternatus|Dragon Pulse|p1a: Necrozma
|-resisted|p1a: Necrozma
|-damage|p1a: Necrozma|86/100
|
|-heal|p1a: Necrozma|92/100|[from] item: Leftovers
|upkeep
|turn|2
|j| yoloswag430
|inactive|King Billu has 120 seconds left.
|
|t:|1621920441
|switch|p2a: Yveltal|Yveltal|100/100
|-ability|p2a: Yveltal|Dark Aura
|move|p1a: Necrozma|Stealth Rock|p2a: Yveltal
|-sidestart|p2: King Billu|move: Stealth Rock
|
|-heal|p1a: Necrozma|98/100|[from] item: Leftovers
|upkeep
|turn|3
|
|t:|1621920448
|move|p2a: Yveltal|Knock Off|p1a: Necrozma
|-supereffective|p1a: Necrozma
|-damage|p1a: Necrozma|55/100
|-enditem|p1a: Necrozma|Leftovers|[from] move: Knock Off|[of] p2a: Yveltal
|move|p1a: Necrozma|Thunder Wave|p2a: Yveltal
|-status|p2a: Yveltal|par
|
|upkeep
|turn|4
|
|t:|1621920453
|move|p1a: Necrozma|Sunsteel Strike|p2a: Yveltal
|-damage|p2a: Yveltal|52/100 par
|cant|p2a: Yveltal|par
|
|upkeep
|turn|5
|
|t:|1621920465
|move|p1a: Necrozma|Sunsteel Strike|p2a: Yveltal
|-damage|p2a: Yveltal|7/100 par
|move|p2a: Yveltal|Roost|p2a: Yveltal
|-heal|p2a: Yveltal|57/100 par
|-singleturn|p2a: Yveltal|move: Roost
|
|upkeep
|turn|6
|
|t:|1621920476
|switch|p2a: Lunala|Lunala|100/100
|move|p1a: Necrozma|Sunsteel Strike|p2a: Lunala
|-damage|p2a: Lunala|81/100
|
|upkeep
|turn|7
|inactive|King Billu has 120 seconds left.
|
|t:|1621920504
|switch|p1a: Ho-Oh|Ho-Oh|100/100
|move|p2a: Lunala|Roost|p2a: Lunala
|-heal|p2a: Lunala|100/100
|-singleturn|p2a: Lunala|move: Roost
|
|upkeep
|turn|8
|inactive|King Billu has 120 seconds left.
|
|t:|1621920514
|switch|p2a: Eternatus|Eternatus|100/100
|-ability|p2a: Eternatus|Pressure
|move|p1a: Ho-Oh|Curse|p1a: Ho-Oh
|-unboost|p1a: Ho-Oh|spe|1
|-boost|p1a: Ho-Oh|atk|1
|-boost|p1a: Ho-Oh|def|1
|
|upkeep
|turn|9
|
|t:|1621920523
|switch|p1a: Blissey|Blissey, F|100/100
|move|p2a: Eternatus|Cosmic Power|p2a: Eternatus
|-boost|p2a: Eternatus|def|1
|-boost|p2a: Eternatus|spd|1
|
|upkeep
|turn|10
|
|t:|1621920530
|switch|p2a: Blissey|Blissey, F|100/100
|-damage|p2a: Blissey|88/100|[from] Stealth Rock
|move|p1a: Blissey|Confide|p2a: Blissey
|-unboost|p2a: Blissey|spa|1
|
|upkeep
|turn|11
|
|t:|1621920542
|switch|p1a: Marshadow|Marshadow|100/100
|move|p2a: Blissey|Aromatherapy|p2a: Blissey
|-activate|p2a: Blissey|move: Aromatherapy
|-curestatus|p2: Yveltal|par|[msg]
|
|upkeep
|turn|12
|
|t:|1621920549
|switch|p2a: Eternatus|Eternatus|100/100
|-ability|p2a: Eternatus|Pressure
|move|p1a: Marshadow|Poltergeist|p2a: Eternatus
|-activate|p2a: Eternatus|move: Poltergeist|Heavy-Duty Boots
|-damage|p2a: Eternatus|48/100
|-damage|p1a: Marshadow|91/100|[from] item: Life Orb
|
|upkeep
|turn|13
|
|t:|1621920556
|move|p2a: Eternatus|Recover|p2a: Eternatus
|-heal|p2a: Eternatus|98/100
|move|p1a: Marshadow|Poltergeist|p2a: Eternatus
|-activate|p2a: Eternatus|move: Poltergeist|Heavy-Duty Boots
|-damage|p2a: Eternatus|51/100
|-damage|p1a: Marshadow|81/100|[from] item: Life Orb
|
|upkeep
|turn|14
|
|t:|1621920564
|switch|p1a: Necrozma|Necrozma-Dusk-Mane|55/100
|move|p2a: Eternatus|Recover|p2a: Eternatus
|-heal|p2a: Eternatus|100/100
|
|upkeep
|turn|15
|
|t:|1621920571
|switch|p2a: Necrozma|Necrozma-Dusk-Mane|100/100
|-damage|p2a: Necrozma|94/100|[from] Stealth Rock
|move|p1a: Necrozma|Thunder Wave|p2a: Necrozma
|-status|p2a: Necrozma|par
|
|upkeep
|turn|16
|
|t:|1621920577
|move|p1a: Necrozma|Morning Sun|p1a: Necrozma
|-heal|p1a: Necrozma|100/100
|move|p2a: Necrozma|Stealth Rock|p1a: Necrozma
|-sidestart|p1: ULTBG7V tldr|move: Stealth Rock
|
|upkeep
|turn|17
|
|t:|1621920590
|move|p1a: Necrozma|Thunder Wave|p2a: Necrozma
|-fail|p2a: Necrozma|par
|move|p2a: Necrozma|Toxic|p1a: Necrozma
|-immune|p1a: Necrozma
|
|upkeep
|turn|18
|
|t:|1621920604
|move|p1a: Necrozma|Thunder Wave|p2a: Necrozma
|-fail|p2a: Necrozma|par
|move|p2a: Necrozma|Toxic|p1a: Necrozma
|-immune|p1a: Necrozma
|
|upkeep
|turn|19
|
|t:|1621920609
|switch|p1a: Ho-Oh|Ho-Oh|100/100
|move|p2a: Necrozma|Toxic|p1a: Ho-Oh
|-status|p1a: Ho-Oh|tox
|
|-damage|p1a: Ho-Oh|94/100 tox|[from] psn
|upkeep
|turn|20
|
|t:|1621920620
|switch|p1a: Necrozma|Necrozma-Dusk-Mane|100/100
|-damage|p1a: Necrozma|94/100|[from] Stealth Rock
|switch|p2a: Eternatus|Eternatus|100/100
|-ability|p2a: Eternatus|Pressure
|
|upkeep
|turn|21
|
|t:|1621920626
|switch|p2a: Necrozma|Necrozma-Dusk-Mane|94/100 par
|-damage|p2a: Necrozma|88/100 par|[from] Stealth Rock
|move|p1a: Necrozma|Thunder Wave|p2a: Necrozma
|-fail|p2a: Necrozma|par
|
|upkeep
|turn|22
|
|t:|1621920644
|switch|p1a: Ho-Oh|Ho-Oh|100/100 tox
|move|p2a: Necrozma|Toxic|p1a: Ho-Oh
|-fail|p1a: Ho-Oh|tox
|
|-damage|p1a: Ho-Oh|94/100 tox|[from] psn
|upkeep
|turn|23
|
|t:|1621920652
|switch|p1a: Yveltal|Yveltal|100/100
|-ability|p1a: Yveltal|Dark Aura
|switch|p2a: Eternatus|Eternatus|100/100
|-ability|p2a: Eternatus|Pressure
|
|upkeep
|turn|24
|inactive|King Billu has 120 seconds left.
|l| yoloswag430
|
|t:|1621920694
|move|p2a: Eternatus|Cosmic Power|p2a: Eternatus
|-boost|p2a: Eternatus|def|1
|-boost|p2a: Eternatus|spd|1
|move|p1a: Yveltal|Defog|p2a: Eternatus
|-unboost|p2a: Eternatus|evasion|1
|-sideend|p2: King Billu|Stealth Rock|[from] move: Defog|[of] p1a: Yveltal
|-sideend|p1: ULTBG7V tldr|Stealth Rock|[from] move: Defog|[of] p1a: Yveltal
|
|upkeep
|turn|25
|
|t:|1621920723
|move|p2a: Eternatus|Meteor Beam||[still]
|-prepare|p2a: Eternatus|Meteor Beam
|-boost|p2a: Eternatus|spa|1
|move|p1a: Yveltal|U-turn|p2a: Eternatus
|-resisted|p2a: Eternatus
|-damage|p2a: Eternatus|97/100
|
|t:|1621920733
|switch|p1a: Necrozma|Necrozma-Dusk-Mane|94/100|[from]move: U-turn
|
|upkeep
|turn|26
|
|t:|1621920740
|move|p2a: Eternatus|Meteor Beam|p1a: Necrozma|[from]lockedmove
|-resisted|p1a: Necrozma
|-damage|p1a: Necrozma|73/100
|move|p1a: Necrozma|Thunder Wave|p2a: Eternatus
|-status|p2a: Eternatus|par
|
|upkeep
|turn|27
|
|t:|1621920747
|switch|p1a: Blissey|Blissey, F|100/100
|move|p2a: Eternatus|Meteor Beam||[still]
|-prepare|p2a: Eternatus|Meteor Beam
|-boost|p2a: Eternatus|spa|1
|
|upkeep
|turn|28
|
|t:|1621920751
|move|p2a: Eternatus|Meteor Beam|p1a: Blissey|[from]lockedmove
|-crit|p1a: Blissey
|-damage|p1a: Blissey|68/100
|move|p1a: Blissey|Confide|p2a: Eternatus
|-unboost|p2a: Eternatus|spa|1
|
|upkeep
|turn|29
|
|t:|1621920755
|cant|p2a: Eternatus|par
|move|p1a: Blissey|Aromatherapy|p1a: Blissey
|-activate|p1a: Blissey|move: Aromatherapy
|-curestatus|p1: Ho-Oh|tox|[msg]
|
|upkeep
|turn|30
|
|t:|1621920759
|switch|p2a: Blissey|Blissey, F|88/100
|move|p1a: Blissey|Confide|p2a: Blissey
|-unboost|p2a: Blissey|spa|1
|
|upkeep
|turn|31
|
|t:|1621920768
|switch|p1a: Marshadow|Marshadow|81/100
|move|p2a: Blissey|Aromatherapy|p2a: Blissey
|-activate|p2a: Blissey|move: Aromatherapy
|-curestatus|p2: Necrozma|par|[msg]
|-curestatus|p2: Eternatus|par|[msg]
|
|upkeep
|turn|32
|
|t:|1621920775
|switch|p1a: Necrozma|Necrozma-Dusk-Mane|73/100
|switch|p2a: Eternatus|Eternatus|97/100
|-ability|p2a: Eternatus|Pressure
|
|upkeep
|turn|33
|
|t:|1621920784
|switch|p2a: Necrozma|Necrozma-Dusk-Mane|88/100
|move|p1a: Necrozma|Stealth Rock|p2a: Necrozma
|-sidestart|p2: King Billu|move: Stealth Rock
|
|upkeep
|turn|34
|
|t:|1621920810
|move|p2a: Necrozma|Stealth Rock|p1a: Necrozma
|-sidestart|p1: ULTBG7V tldr|move: Stealth Rock
|move|p1a: Necrozma|Thunder Wave|p2a: Necrozma|[miss]
|-miss|p1a: Necrozma|p2a: Necrozma
|
|upkeep
|turn|35
|
|t:|1621920821
|switch|p2a: Lunala|Lunala|100/100
|move|p1a: Necrozma|Thunder Wave|p2a: Lunala
|-status|p2a: Lunala|par
|
|upkeep
|turn|36
|
|t:|1621920835
|switch|p1a: Ho-Oh|Ho-Oh|100/100
|cant|p2a: Lunala|par
|
|upkeep
|turn|37
|
|t:|1621920861
|switch|p2a: Eternatus|Eternatus|97/100
|-ability|p2a: Eternatus|Pressure
|move|p1a: Ho-Oh|Curse|p1a: Ho-Oh
|-unboost|p1a: Ho-Oh|spe|1
|-boost|p1a: Ho-Oh|atk|1
|-boost|p1a: Ho-Oh|def|1
|
|upkeep
|turn|38
|
|t:|1621920882
|move|p2a: Eternatus|Cosmic Power|p2a: Eternatus
|-boost|p2a: Eternatus|def|1
|-boost|p2a: Eternatus|spd|1
|move|p1a: Ho-Oh|Sacred Fire|p2a: Eternatus
|-resisted|p2a: Eternatus
|-damage|p2a: Eternatus|82/100
|-status|p2a: Eternatus|brn
|
|-damage|p2a: Eternatus|76/100 brn|[from] brn
|upkeep
|turn|39
|
|t:|1621920890
|move|p2a: Eternatus|Meteor Beam||[still]
|-prepare|p2a: Eternatus|Meteor Beam
|-boost|p2a: Eternatus|spa|1
|move|p1a: Ho-Oh|Brave Bird|p2a: Eternatus
|-damage|p2a: Eternatus|42/100 brn
|-damage|p1a: Ho-Oh|88/100|[from] Recoil
|
|-damage|p2a: Eternatus|35/100 brn|[from] brn
|upkeep
|turn|40
|
|t:|1621920902
|switch|p1a: Blissey|Blissey, F|68/100
|-damage|p1a: Blissey|56/100|[from] Stealth Rock
|move|p2a: Eternatus|Meteor Beam|p1a: Blissey|[from]lockedmove
|-damage|p1a: Blissey|37/100
|
|-damage|p2a: Eternatus|29/100 brn|[from] brn
|upkeep
|turn|41
|
|t:|1621920905
|move|p2a: Eternatus|Recover|p2a: Eternatus
|-heal|p2a: Eternatus|79/100 brn
|move|p1a: Blissey|Soft-Boiled|p1a: Blissey
|-heal|p1a: Blissey|87/100
|
|-damage|p2a: Eternatus|73/100 brn|[from] brn
|upkeep
|turn|42
|
|t:|1621920918
|move|p2a: Eternatus|Cosmic Power|p2a: Eternatus
|-boost|p2a: Eternatus|def|1
|-boost|p2a: Eternatus|spd|1
|move|p1a: Blissey|Confide|p2a: Eternatus
|-unboost|p2a: Eternatus|spa|1
|
|-damage|p2a: Eternatus|67/100 brn|[from] brn
|upkeep
|turn|43
|
|t:|1621920933
|switch|p1a: Ho-Oh|Ho-Oh|100/100
|move|p2a: Eternatus|Recover|p2a: Eternatus
|-heal|p2a: Eternatus|100/100 brn
|
|-damage|p2a: Eternatus|94/100 brn|[from] brn
|upkeep
|turn|44
|inactive|King Billu has 120 seconds left.
|
|t:|1621920981
|switch|p1a: Yveltal|Yveltal|100/100
|-ability|p1a: Yveltal|Dark Aura
|move|p2a: Eternatus|Meteor Beam||[still]
|-prepare|p2a: Eternatus|Meteor Beam
|-boost|p2a: Eternatus|spa|1
|
|-damage|p2a: Eternatus|88/100 brn|[from] brn
|upkeep
|turn|45
|
|t:|1621920986
|switch|p1a: Blissey|Blissey, F|87/100
|-damage|p1a: Blissey|75/100|[from] Stealth Rock
|move|p2a: Eternatus|Meteor Beam|p1a: Blissey|[from]lockedmove
|-damage|p1a: Blissey|57/100
|
|-damage|p2a: Eternatus|82/100 brn|[from] brn
|upkeep
|turn|46
|
|t:|1621920992
|switch|p2a: Yveltal|Yveltal|57/100
|-ability|p2a: Yveltal|Dark Aura
|move|p1a: Blissey|Soft-Boiled|p1a: Blissey
|-heal|p1a: Blissey|100/100
|
|upkeep
|turn|47
|inactive|King Billu has 120 seconds left.
|
|t:|1621921000
|switch|p1a: Xerneas|Xerneas|100/100
|-damage|p1a: Xerneas|88/100|[from] Stealth Rock
|-ability|p1a: Xerneas|Fairy Aura
|move|p2a: Yveltal|Knock Off|p1a: Xerneas
|-resisted|p1a: Xerneas
|-damage|p1a: Xerneas|69/100
|-enditem|p1a: Xerneas|Power Herb|[from] move: Knock Off|[of] p2a: Yveltal
|
|upkeep
|turn|48
|inactive|King Billu has 120 seconds left.
|
|t:|1621921011
|switch|p2a: Necrozma|Necrozma-Dusk-Mane|88/100
|-damage|p2a: Necrozma|82/100|[from] Stealth Rock
|move|p1a: Xerneas|Moonblast|p2a: Necrozma
|-resisted|p2a: Necrozma
|-damage|p2a: Necrozma|52/100
|
|upkeep
|turn|49
|
|t:|1621921019
|switch|p1a: Ho-Oh|Ho-Oh|100/100
|move|p2a: Necrozma|Moonlight|p2a: Necrozma
|-heal|p2a: Necrozma|100/100
|
|upkeep
|turn|50
|
|t:|1621921024
|switch|p2a: Eternatus|Eternatus|82/100 brn
|-ability|p2a: Eternatus|Pressure
|move|p1a: Ho-Oh|Curse|p1a: Ho-Oh
|-unboost|p1a: Ho-Oh|spe|1
|-boost|p1a: Ho-Oh|atk|1
|-boost|p1a: Ho-Oh|def|1
|
|-damage|p2a: Eternatus|76/100 brn|[from] brn
|upkeep
|turn|51
|
|t:|1621921027
|move|p2a: Eternatus|Cosmic Power|p2a: Eternatus
|-boost|p2a: Eternatus|def|1
|-boost|p2a: Eternatus|spd|1
|move|p1a: Ho-Oh|Brave Bird|p2a: Eternatus
|-damage|p2a: Eternatus|45/100 brn
|-damage|p1a: Ho-Oh|89/100|[from] Recoil
|
|-damage|p2a: Eternatus|39/100 brn|[from] brn
|upkeep
|turn|52
|
|t:|1621921035
|move|p2a: Eternatus|Recover|p2a: Eternatus
|-heal|p2a: Eternatus|89/100 brn
|move|p1a: Ho-Oh|Curse|p1a: Ho-Oh
|-unboost|p1a: Ho-Oh|spe|1
|-boost|p1a: Ho-Oh|atk|1
|-boost|p1a: Ho-Oh|def|1
|
|-damage|p2a: Eternatus|83/100 brn|[from] brn
|upkeep
|turn|53
|
|t:|1621921058
|move|p2a: Eternatus|Cosmic Power|p2a: Eternatus
|-boost|p2a: Eternatus|def|1
|-boost|p2a: Eternatus|spd|1
|move|p1a: Ho-Oh|Brave Bird|p2a: Eternatus
|-damage|p2a: Eternatus|52/100 brn
|-damage|p1a: Ho-Oh|78/100|[from] Recoil
|
|-damage|p2a: Eternatus|46/100 brn|[from] brn
|upkeep
|turn|54
|j| yoloswag430
|
|t:|1621921075
|move|p2a: Eternatus|Cosmic Power|p2a: Eternatus
|-boost|p2a: Eternatus|def|1
|-boost|p2a: Eternatus|spd|1
|move|p1a: Ho-Oh|Brave Bird|p2a: Eternatus
|-damage|p2a: Eternatus|21/100 brn
|-damage|p1a: Ho-Oh|69/100|[from] Recoil
|
|-damage|p2a: Eternatus|15/100 brn|[from] brn
|upkeep
|turn|55
|
|t:|1621921081
|move|p2a: Eternatus|Recover|p2a: Eternatus
|-heal|p2a: Eternatus|65/100 brn
|move|p1a: Ho-Oh|Brave Bird|p2a: Eternatus
|-damage|p2a: Eternatus|40/100 brn
|-damage|p1a: Ho-Oh|60/100|[from] Recoil
|
|-damage|p2a: Eternatus|34/100 brn|[from] brn
|upkeep
|turn|56
|inactive|King Billu has 120 seconds left.
|
|t:|1621921104
|move|p2a: Eternatus|Dragon Pulse|p1a: Ho-Oh
|-damage|p1a: Ho-Oh|39/100
|move|p1a: Ho-Oh|Rest|p1a: Ho-Oh
|-status|p1a: Ho-Oh|slp|[from] move: Rest
|-heal|p1a: Ho-Oh|100/100 slp|[silent]
|
|-damage|p2a: Eternatus|28/100 brn|[from] brn
|upkeep
|turn|57
|
|t:|1621921115
|move|p2a: Eternatus|Recover|p2a: Eternatus
|-heal|p2a: Eternatus|78/100 brn
|cant|p1a: Ho-Oh|slp
|
|-damage|p2a: Eternatus|72/100 brn|[from] brn
|upkeep
|turn|58
|inactive|King Billu has 120 seconds left.
|
|t:|1621921132
|move|p2a: Eternatus|Meteor Beam||[still]
|-prepare|p2a: Eternatus|Meteor Beam
|-boost|p2a: Eternatus|spa|1
|cant|p1a: Ho-Oh|slp
|
|-damage|p2a: Eternatus|66/100 brn|[from] brn
|upkeep
|turn|59
|
|t:|1621921137
|switch|p1a: Blissey|Blissey, F|100/100
|-damage|p1a: Blissey|88/100|[from] Stealth Rock
|move|p2a: Eternatus|Meteor Beam|p1a: Blissey|[from]lockedmove
|-damage|p1a: Blissey|71/100
|
|-damage|p2a: Eternatus|59/100 brn|[from] brn
|upkeep
|turn|60
|
|t:|1621921146
|move|p2a: Eternatus|Recover|p2a: Eternatus
|-heal|p2a: Eternatus|100/100 brn
|move|p1a: Blissey|Confide|p2a: Eternatus
|-unboost|p2a: Eternatus|spa|1
|
|-damage|p2a: Eternatus|94/100 brn|[from] brn
|upkeep
|turn|61
|
|t:|1621921161
|switch|p2a: Yveltal|Yveltal|57/100
|-ability|p2a: Yveltal|Dark Aura
|move|p1a: Blissey|Seismic Toss|p2a: Yveltal
|-damage|p2a: Yveltal|32/100
|
|upkeep
|turn|62
|
|t:|1621921171
|switch|p1a: Xerneas|Xerneas|69/100
|-damage|p1a: Xerneas|56/100|[from] Stealth Rock
|-ability|p1a: Xerneas|Fairy Aura
|move|p2a: Yveltal|Roost|p2a: Yveltal
|-heal|p2a: Yveltal|82/100
|-singleturn|p2a: Yveltal|move: Roost
|
|upkeep
|turn|63
|
|t:|1621921181
|switch|p2a: Necrozma|Necrozma-Dusk-Mane|100/100
|-damage|p2a: Necrozma|94/100|[from] Stealth Rock
|move|p1a: Xerneas|Moonblast|p2a: Necrozma
|-resisted|p2a: Necrozma
|-damage|p2a: Necrozma|66/100
|
|upkeep
|turn|64
|
|t:|1621921198
|switch|p1a: Ho-Oh|Ho-Oh|100/100 slp
|move|p2a: Necrozma|Sunsteel Strike|p1a: Ho-Oh
|-resisted|p1a: Ho-Oh
|-damage|p1a: Ho-Oh|83/100 slp
|
|upkeep
|turn|65
|inactive|ULTBG7V tldr has 120 seconds left.
|
|t:|1621921236
|switch|p2a: Eternatus|Eternatus|94/100 brn
|-ability|p2a: Eternatus|Pressure
|-curestatus|p1a: Ho-Oh|slp|[msg]
|move|p1a: Ho-Oh|Curse|p1a: Ho-Oh
|-unboost|p1a: Ho-Oh|spe|1
|-boost|p1a: Ho-Oh|atk|1
|-boost|p1a: Ho-Oh|def|1
|
|-damage|p2a: Eternatus|88/100 brn|[from] brn
|upkeep
|turn|66
|
|t:|1621921241
|switch|p1a: Xerneas|Xerneas|56/100
|-damage|p1a: Xerneas|44/100|[from] Stealth Rock
|-ability|p1a: Xerneas|Fairy Aura
|move|p2a: Eternatus|Cosmic Power|p2a: Eternatus
|-boost|p2a: Eternatus|def|1
|-boost|p2a: Eternatus|spd|1
|
|-damage|p2a: Eternatus|82/100 brn|[from] brn
|upkeep
|turn|67
|
|t:|1621921262
|move|p2a: Eternatus|Meteor Beam||[still]
|-prepare|p2a: Eternatus|Meteor Beam
|-boost|p2a: Eternatus|spa|1
|move|p1a: Xerneas|Rest|p1a: Xerneas
|-status|p1a: Xerneas|slp|[from] move: Rest
|-heal|p1a: Xerneas|100/100 slp|[silent]
|
|-damage|p2a: Eternatus|76/100 brn|[from] brn
|upkeep
|turn|68
|
|t:|1621921274
|switch|p1a: Blissey|Blissey, F|71/100
|-damage|p1a: Blissey|59/100|[from] Stealth Rock
|move|p2a: Eternatus|Meteor Beam|p1a: Blissey|[from]lockedmove
|-damage|p1a: Blissey|41/100
|
|-damage|p2a: Eternatus|70/100 brn|[from] brn
|upkeep
|turn|69
|
|t:|1621921279
|switch|p2a: Yveltal|Yveltal|82/100
|-ability|p2a: Yveltal|Dark Aura
|move|p1a: Blissey|Soft-Boiled|p1a: Blissey
|-heal|p1a: Blissey|91/100
|
|upkeep
|turn|70
|inactive|King Billu has 120 seconds left.
|
|t:|1621921310
|switch|p1a: Xerneas|Xerneas|100/100 slp
|-damage|p1a: Xerneas|88/100 slp|[from] Stealth Rock
|-ability|p1a: Xerneas|Fairy Aura
|move|p2a: Yveltal|Knock Off|p1a: Xerneas
|-resisted|p1a: Xerneas
|-damage|p1a: Xerneas|74/100 slp
|
|upkeep
|turn|71
|-message|King Billu forfeited.
|
|win|ULTBG7V tldr
|raw|ULTBG7V tldr's rating: 1467 &rarr; <strong>1488</strong><br />(+21 for winning)
|raw|King Billu's rating: 1485 &rarr; <strong>1464</strong><br />(-21 for losing)
|l|☆King Billu
