|j|☆palapapop
|j|☆LT Ubers
|player|p1|palapapop|benga|1612
|player|p2|LT Ubers|lance-gen1rb|1306
|teamsize|p1|6
|teamsize|p2|6
|gametype|singles
|gen|8
|tier|[Gen 8] Ubers
|rated|
|clearpoke
|poke|p1|Dracovish|
|poke|p1|Eternatus|
|poke|p1|Chansey, F|
|poke|p1|Zacian-Crowned|
|poke|p1|Gothitelle, F|
|poke|p1|Quagsire, M|
|poke|p2|Necrozma-Dusk-Mane|
|poke|p2|Toxapex, M|
|poke|p2|Ditto|
|poke|p2|Corviknight, M|
|poke|p2|Umbreon, F|
|poke|p2|Eternatus|
|rule|Sleep Clause Mod: Limit one foe put to sleep
|rule|Species Clause: Limit one of each Pokémon
|rule|OHKO Clause: OHKO moves are banned
|rule|Evasion Moves Clause: Evasion moves are banned
|rule|Endless Battle Clause: Forcing endless battles is banned
|rule|HP Percentage Mod: HP is shown in percentages
|html|Ubers Dynamax Clause: Pokémon on the <a href="https://www.smogon.com/dex/ss/formats/uber/">Ubers Dynamax Banlist</a> cannot Dynamax.
|teampreview
|
|start
|switch|p1a: Dracovish|Dracovish|100/100
|switch|p2a: Necrozma|Necrozma-Dusk-Mane|100/100
|turn|1
|
|move|p1a: Dracovish|Fishious Rend|p2a: Necrozma
|-damage|p2a: Necrozma|7/100
|move|p2a: Necrozma|Knock Off|p1a: Dracovish
|-damage|p1a: Dracovish|68/100
|-enditem|p1a: Dracovish|Choice Band|[from] move: Knock Off|[of] p2a: Necrozma
|
|-heal|p2a: Necrozma|13/100|[from] item: Leftovers
|upkeep
|turn|2
|
|switch|p2a: Toxapex|Toxapex, M|100/100
|move|p1a: Dracovish|Fishious Rend|p2a: Toxapex
|-resisted|p2a: Toxapex
|-damage|p2a: Toxapex|64/100
|
|upkeep
|turn|3
|
|switch|p1a: Gothitelle|Gothitelle, F|100/100
|switch|p2a: Corviknight|Corviknight, M|100/100
|-ability|p2a: Corviknight|Pressure
|
|upkeep
|turn|4
|
|move|p2a: Corviknight|U-turn|p1a: Gothitelle
|-supereffective|p1a: Gothitelle
|-damage|p1a: Gothitelle|70/100
|
|switch|p2a: Umbreon|Umbreon, F|100/100|[from]move: U-turn
|move|p1a: Gothitelle|Thunderbolt|p2a: Umbreon
|-damage|p2a: Umbreon|78/100
|
|-heal|p2a: Umbreon|84/100|[from] item: Leftovers
|upkeep
|turn|5
|
|switch|p1a: Zacian|Zacian-Crowned|100/100
|-ability|p1a: Zacian|Intrepid Sword|boost
|-boost|p1a: Zacian|atk|1
|move|p2a: Umbreon|Wish|p2a: Umbreon
|
|-heal|p2a: Umbreon|90/100|[from] item: Leftovers
|upkeep
|turn|6
|
|switch|p2a: Toxapex|Toxapex, M|98/100
|move|p1a: Zacian|Crunch|p2a: Toxapex
|-damage|p2a: Toxapex|69/100
|
|-heal|p2a: Toxapex|100/100|[from] move: Wish|[wisher] Umbreon
|upkeep
|turn|7
|
|move|p1a: Zacian|Swords Dance|p1a: Zacian
|-boost|p1a: Zacian|atk|2
|move|p2a: Toxapex|Knock Off|p1a: Zacian
|-resisted|p1a: Zacian
|-crit|p1a: Zacian
|-damage|p1a: Zacian|94/100
|
|upkeep
|turn|8
|
|move|p1a: Zacian|Crunch|p2a: Toxapex
|-damage|p2a: Toxapex|50/100
|move|p2a: Toxapex|Haze|p2a: Toxapex
|-clearallboost
|
|upkeep
|turn|9
|
|switch|p1a: Gothitelle|Gothitelle, F|70/100
|move|p2a: Toxapex|Recover|p2a: Toxapex
|-heal|p2a: Toxapex|99/100
|
|upkeep
|turn|10
|
|-start|p2a: Toxapex|Dynamax
|-heal|p2a: Toxapex|99/100|[silent]
|move|p1a: Gothitelle|Psychic|p2a: Toxapex
|-supereffective|p2a: Toxapex
|-damage|p2a: Toxapex|47/100
|move|p2a: Toxapex|Max Darkness|p1a: Gothitelle
|-supereffective|p1a: Gothitelle
|-crit|p1a: Gothitelle
|-damage|p1a: Gothitelle|13/100
|-unboost|p1a: Gothitelle|spd|1
|
|upkeep
|turn|11
|
|move|p2a: Toxapex|Max Guard|p2a: Toxapex
|-singleturn|p2a: Toxapex|Max Guard
|move|p1a: Gothitelle|Psychic|p2a: Toxapex
|-activate|p2a: Toxapex|move: Max Guard
|
|upkeep
|turn|12
|
|-end|p2a: Toxapex|Dynamax
|-heal|p2a: Toxapex|47/100|[silent]
|switch|p2a: Umbreon|Umbreon, F|90/100
|move|p1a: Gothitelle|Psychic|p2a: Umbreon
|-immune|p2a: Umbreon
|
|-heal|p2a: Umbreon|96/100|[from] item: Leftovers
|upkeep
|turn|13
|
|switch|p1a: Zacian|Zacian-Crowned|94/100
|-ability|p1a: Zacian|Intrepid Sword|boost
|-boost|p1a: Zacian|atk|1
|move|p2a: Umbreon|Wish|p2a: Umbreon
|
|-heal|p2a: Umbreon|100/100|[from] item: Leftovers
|upkeep
|turn|14
|
|switch|p1a: Gothitelle|Gothitelle, F|13/100
|switch|p2a: Toxapex|Toxapex, M|80/100
|
|-heal|p2a: Toxapex|100/100|[from] move: Wish|[wisher] Umbreon
|upkeep
|turn|15
|
|switch|p2a: Umbreon|Umbreon, F|100/100
|move|p1a: Gothitelle|Trick|p2a: Umbreon
|-activate|p1a: Gothitelle|move: Trick|[of] p2a: Umbreon
|-item|p2a: Umbreon|Choice Specs|[from] move: Trick
|-item|p1a: Gothitelle|Leftovers|[from] move: Trick
|
|-heal|p1a: Gothitelle|19/100|[from] item: Leftovers
|upkeep
|turn|16
|
|move|p2a: Umbreon|Foul Play|p1a: Gothitelle
|-supereffective|p1a: Gothitelle
|-damage|p1a: Gothitelle|0 fnt
|faint|p1a: Gothitelle
|
|upkeep
|
|switch|p1a: Eternatus|Eternatus|100/100
|-ability|p1a: Eternatus|Pressure
|turn|17
|
|switch|p2a: Necrozma|Necrozma-Dusk-Mane|13/100
|move|p1a: Eternatus|Dynamax Cannon|p2a: Necrozma
|-resisted|p2a: Necrozma
|-damage|p2a: Necrozma|0 fnt
|-damage|p1a: Eternatus|91/100|[from] item: Life Orb
|faint|p2a: Necrozma
|
|upkeep
|
|switch|p2a: Eternatus|Eternatus|100/100
|-ability|p2a: Eternatus|Pressure
|turn|18
|
|switch|p1a: Zacian|Zacian-Crowned|94/100
|-ability|p1a: Zacian|Intrepid Sword|boost
|-boost|p1a: Zacian|atk|1
|move|p2a: Eternatus|Dynamax Cannon|p1a: Zacian
|-immune|p1a: Zacian
|
|upkeep
|turn|19
|
|switch|p1a: Eternatus|Eternatus|91/100
|-ability|p1a: Eternatus|Pressure
|switch|p2a: Toxapex|Toxapex, M|100/100
|
|upkeep
|turn|20
|
|move|p1a: Eternatus|Dynamax Cannon|p2a: Toxapex
|-damage|p2a: Toxapex|39/100
|-damage|p1a: Eternatus|81/100|[from] item: Life Orb
|move|p2a: Toxapex|Knock Off|p1a: Eternatus
|-damage|p1a: Eternatus|68/100
|-enditem|p1a: Eternatus|Life Orb|[from] move: Knock Off|[of] p2a: Toxapex
|
|upkeep
|turn|21
|
|switch|p2a: Umbreon|Umbreon, F|100/100
|move|p1a: Eternatus|Flamethrower|p2a: Umbreon
|-damage|p2a: Umbreon|83/100
|
|upkeep
|turn|22
|
|move|p1a: Eternatus|Recover|p1a: Eternatus
|-heal|p1a: Eternatus|100/100
|move|p2a: Umbreon|Wish|p2a: Umbreon
|
|upkeep
|turn|23
|
|switch|p2a: Toxapex|Toxapex, M|73/100
|move|p1a: Eternatus|Dynamax Cannon|p2a: Toxapex
|-damage|p2a: Toxapex|24/100
|
|-heal|p2a: Toxapex|89/100|[from] move: Wish|[wisher] Umbreon
|upkeep
|turn|24
|
|move|p1a: Eternatus|Flamethrower|p2a: Toxapex
|-resisted|p2a: Toxapex
|-damage|p2a: Toxapex|75/100
|move|p2a: Toxapex|Recover|p2a: Toxapex
|-heal|p2a: Toxapex|100/100
|
|upkeep
|turn|25
|
|move|p1a: Eternatus|Flamethrower|p2a: Toxapex
|-resisted|p2a: Toxapex
|-damage|p2a: Toxapex|87/100
|move|p2a: Toxapex|Scald|p1a: Eternatus
|-resisted|p1a: Eternatus
|-damage|p1a: Eternatus|93/100
|
|upkeep
|turn|26
|
|move|p1a: Eternatus|Substitute|p1a: Eternatus
|-start|p1a: Eternatus|Substitute
|-damage|p1a: Eternatus|69/100
|move|p2a: Toxapex|Recover|p2a: Toxapex
|-heal|p2a: Toxapex|100/100
|
|upkeep
|turn|27
|
|move|p1a: Eternatus|Flamethrower|p2a: Toxapex
|-resisted|p2a: Toxapex
|-damage|p2a: Toxapex|87/100
|move|p2a: Toxapex|Knock Off|p1a: Eternatus
|-activate|p1a: Eternatus|move: Substitute|[damage]
|
|upkeep
|turn|28
|
|switch|p2a: Umbreon|Umbreon, F|83/100
|move|p1a: Eternatus|Flamethrower|p2a: Umbreon
|-crit|p2a: Umbreon
|-damage|p2a: Umbreon|55/100
|-status|p2a: Umbreon|brn
|-activate|p2a: Umbreon|ability: Synchronize
|-status|p1a: Eternatus|brn
|
|-damage|p1a: Eternatus|62/100 brn|[from] brn
|-damage|p2a: Umbreon|49/100 brn|[from] brn
|upkeep
|turn|29
|
|switch|p2a: Toxapex|Toxapex, M|100/100
|move|p1a: Eternatus|Dynamax Cannon|p2a: Toxapex
|-damage|p2a: Toxapex|55/100
|
|-damage|p1a: Eternatus|56/100 brn|[from] brn
|upkeep
|turn|30
|
|move|p1a: Eternatus|Flamethrower|p2a: Toxapex
|-resisted|p2a: Toxapex
|-damage|p2a: Toxapex|40/100
|move|p2a: Toxapex|Recover|p2a: Toxapex
|-heal|p2a: Toxapex|90/100
|
|-damage|p1a: Eternatus|50/100 brn|[from] brn
|upkeep
|turn|31
|
|move|p1a: Eternatus|Flamethrower|p2a: Toxapex
|-resisted|p2a: Toxapex
|-damage|p2a: Toxapex|76/100
|move|p2a: Toxapex|Recover|p2a: Toxapex
|-heal|p2a: Toxapex|100/100
|
|-damage|p1a: Eternatus|44/100 brn|[from] brn
|upkeep
|turn|32
|
|switch|p2a: Umbreon|Umbreon, F|49/100 brn
|move|p1a: Eternatus|Recover|p1a: Eternatus
|-heal|p1a: Eternatus|94/100 brn
|
|-damage|p1a: Eternatus|88/100 brn|[from] brn
|-damage|p2a: Umbreon|42/100 brn|[from] brn
|upkeep
|turn|33
|
|switch|p2a: Toxapex|Toxapex, M|100/100
|move|p1a: Eternatus|Dynamax Cannon|p2a: Toxapex
|-damage|p2a: Toxapex|53/100
|
|-damage|p1a: Eternatus|82/100 brn|[from] brn
|upkeep
|turn|34
|
|move|p1a: Eternatus|Flamethrower|p2a: Toxapex
|-resisted|p2a: Toxapex
|-damage|p2a: Toxapex|40/100
|-status|p2a: Toxapex|brn
|move|p2a: Toxapex|Recover|p2a: Toxapex
|-heal|p2a: Toxapex|90/100 brn
|
|-damage|p1a: Eternatus|75/100 brn|[from] brn
|-damage|p2a: Toxapex|84/100 brn|[from] brn
|upkeep
|turn|35
|
|switch|p1a: Chansey|Chansey, F|100/100
|switch|p2a: Umbreon|Umbreon, F|42/100 brn
|
|-damage|p2a: Umbreon|36/100 brn|[from] brn
|upkeep
|turn|36
|
|move|p2a: Umbreon|Heal Bell|p2a: Umbreon
|-activate|p2a: Umbreon|move: Heal Bell
|-curestatus|p2a: Umbreon|brn|[msg]
|-curestatus|p2: Toxapex|brn|[msg]
|move|p1a: Chansey|Heal Bell|p1a: Chansey
|-activate|p1a: Chansey|move: Heal Bell
|-curestatus|p1: Eternatus|brn|[msg]
|
|upkeep
|turn|37
|
|switch|p2a: Toxapex|Toxapex, M|100/100
|move|p1a: Chansey|Teleport|p1a: Chansey
|
|switch|p1a: Eternatus|Eternatus|75/100|[from]move: Teleport
|-ability|p1a: Eternatus|Pressure
|
|upkeep
|turn|38
|
|switch|p2a: Eternatus|Eternatus|100/100
|-ability|p2a: Eternatus|Pressure
|move|p1a: Eternatus|Flamethrower|p2a: Eternatus
|-resisted|p2a: Eternatus
|-damage|p2a: Eternatus|86/100
|
|upkeep
|turn|39
|
|move|p1a: Eternatus|Dynamax Cannon|p2a: Eternatus
|-supereffective|p2a: Eternatus
|-enditem|p2a: Eternatus|Haban Berry|[eat]
|-enditem|p2a: Eternatus|Haban Berry|[weaken]
|-damage|p2a: Eternatus|34/100
|move|p2a: Eternatus|Dynamax Cannon|p1a: Eternatus
|-supereffective|p1a: Eternatus
|-damage|p1a: Eternatus|0 fnt
|faint|p1a: Eternatus
|
|upkeep
|c|☆LT Ubers|L
|
|switch|p1a: Zacian|Zacian-Crowned|94/100
|-ability|p1a: Zacian|Intrepid Sword|boost
|-boost|p1a: Zacian|atk|1
|turn|40
|
|switch|p2a: Toxapex|Toxapex, M|100/100
|move|p1a: Zacian|Crunch|p2a: Toxapex
|-damage|p2a: Toxapex|68/100
|
|upkeep
|turn|41
|
|move|p1a: Zacian|Crunch|p2a: Toxapex
|-damage|p2a: Toxapex|37/100
|move|p2a: Toxapex|Haze|p2a: Toxapex
|-clearallboost
|
|upkeep
|turn|42
|
|move|p1a: Zacian|Crunch|p2a: Toxapex
|-damage|p2a: Toxapex|17/100
|move|p2a: Toxapex|Recover|p2a: Toxapex
|-heal|p2a: Toxapex|67/100
|
|upkeep
|turn|43
|
|move|p1a: Zacian|Swords Dance|p1a: Zacian
|-boost|p1a: Zacian|atk|2
|move|p2a: Toxapex|Scald|p1a: Zacian
|-damage|p1a: Zacian|80/100
|
|upkeep
|turn|44
|
|switch|p2a: Umbreon|Umbreon, F|36/100
|move|p1a: Zacian|Crunch|p2a: Umbreon
|-resisted|p2a: Umbreon
|-damage|p2a: Umbreon|10/100
|-unboost|p2a: Umbreon|def|1
|
|upkeep
|turn|45
|
|move|p1a: Zacian|Sacred Sword|p2a: Umbreon
|-supereffective|p2a: Umbreon
|-damage|p2a: Umbreon|0 fnt
|faint|p2a: Umbreon
|
|upkeep
|
|switch|p2a: Ditto|Ditto|100/100
|-transform|p2a: Ditto|p1a: Zacian|[from] ability: Imposter
|-ability|p2a: Ditto|Intrepid Sword|boost
|-boost|p2a: Ditto|atk|1
|turn|46
|
|switch|p1a: Quagsire|Quagsire, M|100/100
|move|p2a: Ditto|Sacred Sword|p1a: Quagsire
|-damage|p1a: Quagsire|73/100
|
|-heal|p1a: Quagsire|79/100|[from] item: Leftovers
|upkeep
|turn|47
|
|switch|p2a: Toxapex|Toxapex, M|99/100
|move|p1a: Quagsire|Earthquake|p2a: Toxapex
|-supereffective|p2a: Toxapex
|-damage|p2a: Toxapex|63/100
|
|-heal|p1a: Quagsire|86/100|[from] item: Leftovers
|upkeep
|turn|48
|
|move|p1a: Quagsire|Earthquake|p2a: Toxapex
|-supereffective|p2a: Toxapex
|-damage|p2a: Toxapex|28/100
|move|p2a: Toxapex|Scald|p1a: Quagsire
|-crit|p1a: Quagsire
|-damage|p1a: Quagsire|53/100
|-status|p1a: Quagsire|brn
|
|-heal|p1a: Quagsire|59/100 brn|[from] item: Leftovers
|-damage|p1a: Quagsire|53/100 brn|[from] brn
|upkeep
|turn|49
|
|move|p1a: Quagsire|Earthquake|p2a: Toxapex
|-supereffective|p2a: Toxapex
|-damage|p2a: Toxapex|9/100
|move|p2a: Toxapex|Recover|p2a: Toxapex
|-heal|p2a: Toxapex|60/100
|
|-heal|p1a: Quagsire|59/100 brn|[from] item: Leftovers
|-damage|p1a: Quagsire|53/100 brn|[from] brn
|upkeep
|turn|50
|
|switch|p1a: Dracovish|Dracovish|68/100
|move|p2a: Toxapex|Recover|p2a: Toxapex
|-heal|p2a: Toxapex|100/100
|
|upkeep
|turn|51
|
|move|p1a: Dracovish|Dragon Breath|p2a: Toxapex
|-damage|p2a: Toxapex|88/100
|move|p2a: Toxapex|Scald|p1a: Dracovish
|-resisted|p1a: Dracovish
|-damage|p1a: Dracovish|63/100
|
|upkeep
|turn|52
|
|move|p1a: Dracovish|Dragon Breath|p2a: Toxapex
|-crit|p2a: Toxapex
|-damage|p2a: Toxapex|70/100
|move|p2a: Toxapex|Scald|p1a: Dracovish
|-resisted|p1a: Dracovish
|-damage|p1a: Dracovish|58/100
|
|upkeep
|turn|53
|
|move|p1a: Dracovish|Dragon Breath|p2a: Toxapex
|-damage|p2a: Toxapex|58/100
|-status|p2a: Toxapex|par
|move|p2a: Toxapex|Recover|p2a: Toxapex
|-heal|p2a: Toxapex|100/100 par
|
|upkeep
|turn|54
|
|switch|p1a: Chansey|Chansey, F|100/100
|move|p2a: Toxapex|Scald|p1a: Chansey
|-damage|p1a: Chansey|97/100
|
|upkeep
|turn|55
|
|move|p1a: Chansey|Heal Bell|p1a: Chansey
|-activate|p1a: Chansey|move: Heal Bell
|-curestatus|p1: Quagsire|brn|[msg]
|move|p2a: Toxapex|Knock Off|p1a: Chansey
|-damage|p1a: Chansey|76/100
|-enditem|p1a: Chansey|Eviolite|[from] move: Knock Off|[of] p2a: Toxapex
|
|upkeep
|turn|56
|
|move|p2a: Toxapex|Scald|p1a: Chansey
|-damage|p1a: Chansey|70/100
|-status|p1a: Chansey|brn
|move|p1a: Chansey|Teleport|p1a: Chansey
|
|switch|p1a: Zacian|Zacian-Crowned|80/100|[from]move: Teleport
|-ability|p1a: Zacian|Intrepid Sword|boost
|-boost|p1a: Zacian|atk|1
|
|upkeep
|turn|57
|
|move|p1a: Zacian|Crunch|p2a: Toxapex
|-damage|p2a: Toxapex|72/100 par
|move|p2a: Toxapex|Scald|p1a: Zacian
|-damage|p1a: Zacian|64/100
|-status|p1a: Zacian|brn
|
|-damage|p1a: Zacian|57/100 brn|[from] brn
|upkeep
|turn|58
|
|switch|p1a: Chansey|Chansey, F|70/100 brn
|switch|p2a: Corviknight|Corviknight, M|100/100
|-ability|p2a: Corviknight|Pressure
|
|-damage|p1a: Chansey|64/100 brn|[from] brn
|upkeep
|turn|59
|
|switch|p1a: Dracovish|Dracovish|58/100
|move|p2a: Corviknight|Brave Bird|p1a: Dracovish
|-damage|p1a: Dracovish|17/100
|-damage|p2a: Corviknight|90/100|[from] Recoil
|
|-heal|p2a: Corviknight|96/100|[from] item: Leftovers
|upkeep
|turn|60
|
|switch|p2a: Toxapex|Toxapex, M|100/100 par
|move|p1a: Dracovish|Fishious Rend|p2a: Toxapex
|-resisted|p2a: Toxapex
|-damage|p2a: Toxapex|65/100 par
|
|upkeep
|turn|61
|
|move|p1a: Dracovish|Fishious Rend|p2a: Toxapex
|-resisted|p2a: Toxapex
|-damage|p2a: Toxapex|29/100 par
|move|p2a: Toxapex|Scald|p1a: Dracovish
|-resisted|p1a: Dracovish
|-damage|p1a: Dracovish|12/100
|-status|p1a: Dracovish|brn
|
|-damage|p1a: Dracovish|5/100 brn|[from] brn
|upkeep
|turn|62
|
|move|p1a: Dracovish|Fishious Rend|p2a: Toxapex
|-resisted|p2a: Toxapex
|-crit|p2a: Toxapex
|-damage|p2a: Toxapex|5/100 par
|move|p2a: Toxapex|Recover|p2a: Toxapex
|-heal|p2a: Toxapex|55/100 par
|
|-damage|p1a: Dracovish|0 fnt|[from] brn
|faint|p1a: Dracovish
|upkeep
|-message|palapapop forfeited.
|
|win|LT Ubers
|l|☆palapapop
|c|☆LT Ubers|i have aids
|raw|palapapop's rating: 1612 &rarr; <strong>1578</strong><br />(-34 for losing)
|raw|LT Ubers's rating: 1306 &rarr; <strong>1340</strong><br />(+34 for winning)
