|j|☆tugrin
|j|☆SaeraTo
|player|p1|tugrin|266|1310
|player|p2|SaeraTo|janine|1317
|teamsize|p1|6
|teamsize|p2|6
|gametype|singles
|gen|8
|tier|[Gen 8] Ubers
|rated|
|clearpoke
|poke|p1|Marshadow|
|poke|p1|Necrozma-Dusk-Mane|
|poke|p1|Zacian-Crowned|
|poke|p1|Gengar, F|
|poke|p1|Kyurem-Black|
|poke|p1|Ditto|
|poke|p2|Melmetal|
|poke|p2|Zacian-Crowned|
|poke|p2|Eternatus|
|poke|p2|Kyurem-White|
|poke|p2|Marshadow|
|poke|p2|Excadrill, M|
|rule|Sleep Clause Mod: Limit one foe put to sleep
|rule|Species Clause: Limit one of each Pokémon
|rule|OHKO Clause: OHKO moves are banned
|rule|Evasion Moves Clause: Evasion moves are banned
|rule|Endless Battle Clause: Forcing endless battles is banned
|rule|HP Percentage Mod: HP is shown in percentages
|teampreview
|
|start
|switch|p1a: Ditto|Ditto|100/100
|switch|p2a: Excadrill|Excadrill, M|100/100
|-ability|p2a: Excadrill|Mold Breaker
|-transform|p1a: Ditto|p2a: Excadrill|[from] ability: Imposter
|-ability|p1a: Ditto|Mold Breaker
|turn|1
|
|move|p1a: Ditto|Earthquake|p2a: Excadrill
|-supereffective|p2a: Excadrill
|-enditem|p2a: Excadrill|Focus Sash
|-damage|p2a: Excadrill|1/100
|move|p2a: Excadrill|Rapid Spin|p1a: Ditto
|-resisted|p1a: Ditto
|-damage|p1a: Ditto|85/100
|-boost|p2a: Excadrill|spe|1
|
|upkeep
|turn|2
|
|move|p2a: Excadrill|Stealth Rock|p1a: Ditto
|-sidestart|p1: tugrin|move: Stealth Rock
|move|p1a: Ditto|Earthquake|p2a: Excadrill
|-supereffective|p2a: Excadrill
|-damage|p2a: Excadrill|0 fnt
|faint|p2a: Excadrill
|
|upkeep
|
|switch|p2a: Melmetal|Melmetal|100/100
|turn|3
|
|move|p1a: Ditto|Earthquake|p2a: Melmetal
|-supereffective|p2a: Melmetal
|-damage|p2a: Melmetal|46/100
|move|p2a: Melmetal|Superpower|p1a: Ditto
|-supereffective|p1a: Ditto
|-damage|p1a: Ditto|0 fnt
|-unboost|p2a: Melmetal|atk|1
|-unboost|p2a: Melmetal|def|1
|-enditem|p2a: Melmetal|White Herb
|-clearnegativeboost|p2a: Melmetal|[silent]
|faint|p1a: Ditto
|
|upkeep
|
|switch|p1a: Necrozma|Necrozma-Dusk-Mane|100/100
|-damage|p1a: Necrozma|95/100|[from] Stealth Rock
|turn|4
|
|move|p1a: Necrozma|Rock Polish|p1a: Necrozma
|-boost|p1a: Necrozma|spe|2
|move|p2a: Melmetal|Thunder Punch|p1a: Necrozma
|-damage|p1a: Necrozma|64/100
|
|upkeep
|turn|5
|
|move|p1a: Necrozma|Earthquake|p2a: Melmetal
|-supereffective|p2a: Melmetal
|-damage|p2a: Melmetal|0 fnt
|faint|p2a: Melmetal
|
|upkeep
|
|switch|p2a: Marshadow|Marshadow|100/100
|turn|6
|
|-start|p1a: Necrozma|Dynamax
|-heal|p1a: Necrozma|64/100|[silent]
|move|p1a: Necrozma|Max Mindstorm|p2a: Marshadow
|-supereffective|p2a: Marshadow
|-enditem|p2a: Marshadow|Focus Sash
|-damage|p2a: Marshadow|1/100
|-fieldstart|move: Psychic Terrain
|move|p2a: Marshadow|Spectral Thief||[still]
|-clearpositiveboost|p1a: Necrozma|p2a: Marshadow|move: Spectral Thief
|-boost|p2a: Marshadow|spe|2
|-anim|p2a: Marshadow|Spectral Thief|p1a: Necrozma
|-supereffective|p1a: Necrozma
|-damage|p1a: Necrozma|37/100
|-enditem|p1a: Necrozma|Weakness Policy
|-boost|p1a: Necrozma|atk|2|[from] item: Weakness Policy
|-boost|p1a: Necrozma|spa|2|[from] item: Weakness Policy
|
|upkeep
|turn|7
|
|move|p1a: Necrozma|Max Guard|p1a: Necrozma
|-singleturn|p1a: Necrozma|Max Guard
|move|p2a: Marshadow|Spectral Thief|p1a: Necrozma
|-activate|p1a: Necrozma|move: Max Guard
|
|upkeep
|turn|8
|
|move|p2a: Marshadow|Spectral Thief||[still]
|-clearpositiveboost|p1a: Necrozma|p2a: Marshadow|move: Spectral Thief
|-boost|p2a: Marshadow|atk|2
|-boost|p2a: Marshadow|spa|2
|-anim|p2a: Marshadow|Spectral Thief|p1a: Necrozma
|-supereffective|p1a: Necrozma
|-damage|p1a: Necrozma|0 fnt
|faint|p1a: Necrozma
|
|upkeep
|
|switch|p1a: Marshadow|Marshadow|100/100
|-damage|p1a: Marshadow|94/100|[from] Stealth Rock
|turn|9
|
|move|p1a: Marshadow|Shadow Sneak|p2a: Marshadow
|-activate|p2a: Marshadow|move: Psychic Terrain
|move|p2a: Marshadow|Spectral Thief|p1a: Marshadow
|-supereffective|p1a: Marshadow
|-damage|p1a: Marshadow|0 fnt
|faint|p1a: Marshadow
|
|upkeep
|
|switch|p1a: Kyurem|Kyurem-Black|100/100
|-damage|p1a: Kyurem|76/100|[from] Stealth Rock
|-ability|p1a: Kyurem|Teravolt
|turn|10
|
|move|p2a: Marshadow|Close Combat|p1a: Kyurem
|-supereffective|p1a: Kyurem
|-damage|p1a: Kyurem|0 fnt
|-unboost|p2a: Marshadow|def|1
|-unboost|p2a: Marshadow|spd|1
|faint|p1a: Kyurem
|
|-fieldend|move: Psychic Terrain
|upkeep
|-message|tugrin forfeited.
|
|win|SaeraTo
|l|☆tugrin
|raw|tugrin's rating: 1310 &rarr; <strong>1291</strong><br />(-19 for losing)
|raw|SaeraTo's rating: 1317 &rarr; <strong>1337</strong><br />(+20 for winning)
