|html|<div class="broadcast-blue"><strong>[Gen 8] Ubers is currently suspecting Zacian! For information on how to participate check out the <a href="https://www.smogon.com/forums/threads/np-ss-ubers-stage-7-heroes-zacian-hero-suspect-test.3685323/">suspect thread</a>.</strong></div>
|j|☆ubzh lessgo
|j|☆PokeDuels
|t:|1622694088
|gametype|singles
|player|p1|ubzh lessgo|preschooler|1339
|player|p2|PokeDuels|265|1642
|teamsize|p1|6
|teamsize|p2|6
|gen|8
|tier|[Gen 8] Ubers
|rated|
|rule|Sleep Clause Mod: Limit one foe put to sleep
|rule|Species Clause: Limit one of each Pokémon
|rule|OHKO Clause: OHKO moves are banned
|rule|Evasion Moves Clause: Evasion moves are banned
|rule|Endless Battle Clause: Forcing endless battles is banned
|rule|HP Percentage Mod: HP is shown in percentages
|rule|Dynamax Clause: You cannot dynamax
|clearpoke
|poke|p1|Slurpuff, F|
|poke|p1|Eternatus|
|poke|p1|Yveltal|
|poke|p1|Necrozma-Dusk-Mane|
|poke|p1|Kyogre|
|poke|p1|Calyrex-Shadow|
|poke|p2|Suicune|
|poke|p2|Yveltal|
|poke|p2|Necrozma-Dusk-Mane|
|poke|p2|Xerneas-*|
|poke|p2|Shedinja|
|poke|p2|Zygarde|
|teampreview
|j|+Zayele
|j| AGCL6 Swas ♫
|
|t:|1622694128
|start
|switch|p1a: Slurpuff|Slurpuff, F|100/100
|switch|p2a: Shedinja|Shedinja|100/100
|turn|1
|
|t:|1622694138
|move|p1a: Slurpuff|Sticky Web|p2a: Shedinja
|-sidestart|p2: PokeDuels|move: Sticky Web
|move|p2a: Shedinja|Mimic|p1a: Slurpuff
|-start|p2a: Shedinja|Mimic|Sticky Web
|
|upkeep
|turn|2
|
|t:|1622694141
|move|p1a: Slurpuff|Magic Coat|p1a: Slurpuff
|-singleturn|p1a: Slurpuff|move: Magic Coat
|move|p2a: Shedinja|Sticky Web|p1a: Slurpuff
|move|p1a: Slurpuff|Sticky Web||[from]Magic Coat|[still]
|-fail|p1a: Slurpuff
|
|upkeep
|turn|3
|
|t:|1622694146
|move|p1a: Slurpuff|Magic Coat|p1a: Slurpuff
|-singleturn|p1a: Slurpuff|move: Magic Coat
|move|p2a: Shedinja|Sticky Web|p1a: Slurpuff
|move|p1a: Slurpuff|Sticky Web||[from]Magic Coat|[still]
|-fail|p1a: Slurpuff
|
|upkeep
|turn|4
|
|t:|1622694153
|switch|p1a: Yveltal|Yveltal|100/100
|-ability|p1a: Yveltal|Dark Aura
|move|p2a: Shedinja|Sticky Web|p1a: Yveltal
|-sidestart|p1: ubzh lessgo|move: Sticky Web
|
|upkeep
|turn|5
|
|t:|1622694158
|switch|p2a: Xerneas|Xerneas|100/100
|-activate|p2a: Xerneas|move: Sticky Web
|-unboost|p2a: Xerneas|spe|1
|-ability|p2a: Xerneas|Fairy Aura
|move|p1a: Yveltal|Dark Pulse|p2a: Xerneas
|-resisted|p2a: Xerneas
|-damage|p2a: Xerneas|70/100
|-damage|p1a: Yveltal|91/100|[from] item: Life Orb
|
|upkeep
|turn|6
|
|t:|1622694164
|switch|p1a: Necrozma|Necrozma-Dusk-Mane|100/100
|-activate|p1a: Necrozma|move: Sticky Web
|-unboost|p1a: Necrozma|spe|1
|move|p2a: Xerneas|Moonblast|p1a: Necrozma
|-resisted|p1a: Necrozma
|-damage|p1a: Necrozma|78/100
|
|upkeep
|turn|7
|
|t:|1622694168
|switch|p2a: Yveltal|Yveltal|100/100
|-ability|p2a: Yveltal|Dark Aura
|move|p1a: Necrozma|Dragon Dance|p1a: Necrozma
|-boost|p1a: Necrozma|atk|1
|-boost|p1a: Necrozma|spe|1
|
|upkeep
|turn|8
|
|t:|1622694173
|switch|p1a: Slurpuff|Slurpuff, F|100/100
|-activate|p1a: Slurpuff|move: Sticky Web
|-unboost|p1a: Slurpuff|spe|1
|move|p2a: Yveltal|Foul Play|p1a: Slurpuff
|-resisted|p1a: Slurpuff
|-damage|p1a: Slurpuff|84/100
|
|upkeep
|turn|9
|
|t:|1622694180
|switch|p2a: Shedinja|Shedinja|100/100
|switch|p1a: Yveltal|Yveltal|91/100
|-ability|p1a: Yveltal|Dark Aura
|
|upkeep
|turn|10
|
|t:|1622694184
|switch|p2a: Xerneas|Xerneas|70/100
|-activate|p2a: Xerneas|move: Sticky Web
|-unboost|p2a: Xerneas|spe|1
|-ability|p2a: Xerneas|Fairy Aura
|move|p1a: Yveltal|Oblivion Wing|p2a: Xerneas
|-damage|p2a: Xerneas|23/100
|-heal|p1a: Yveltal|100/100|[from] drain|[of] p2a: Xerneas
|-damage|p1a: Yveltal|91/100|[from] item: Life Orb
|
|upkeep
|turn|11
|
|t:|1622694193
|move|p1a: Yveltal|Dark Pulse|p2a: Xerneas
|-resisted|p2a: Xerneas
|-damage|p2a: Xerneas|0 fnt
|faint|p2a: Xerneas
|-damage|p1a: Yveltal|81/100|[from] item: Life Orb
|
|upkeep
|
|t:|1622694200
|switch|p2a: Yveltal|Yveltal|100/100
|-ability|p2a: Yveltal|Dark Aura
|turn|12
|
|t:|1622694207
|move|p1a: Yveltal|Taunt|p2a: Yveltal
|-start|p2a: Yveltal|move: Taunt
|move|p2a: Yveltal|Knock Off|p1a: Yveltal
|-resisted|p1a: Yveltal
|-damage|p1a: Yveltal|53/100
|-enditem|p1a: Yveltal|Life Orb|[from] move: Knock Off|[of] p2a: Yveltal
|
|upkeep
|turn|13
|
|t:|1622694210
|move|p1a: Yveltal|Oblivion Wing|p2a: Yveltal
|-damage|p2a: Yveltal|69/100
|-heal|p1a: Yveltal|81/100|[from] drain|[of] p2a: Yveltal
|move|p2a: Yveltal|Knock Off|p1a: Yveltal
|-resisted|p1a: Yveltal
|-damage|p1a: Yveltal|62/100
|
|upkeep
|turn|14
|
|t:|1622694213
|move|p1a: Yveltal|Oblivion Wing|p2a: Yveltal
|-damage|p2a: Yveltal|38/100
|-heal|p1a: Yveltal|89/100|[from] drain|[of] p2a: Yveltal
|move|p2a: Yveltal|Knock Off|p1a: Yveltal
|-resisted|p1a: Yveltal
|-damage|p1a: Yveltal|71/100
|
|-end|p2a: Yveltal|move: Taunt
|upkeep
|turn|15
|
|t:|1622694214
|move|p1a: Yveltal|Taunt|p2a: Yveltal
|-start|p2a: Yveltal|move: Taunt
|cant|p2a: Yveltal|move: Taunt|Roost
|
|upkeep
|turn|16
|
|t:|1622694223
|move|p1a: Yveltal|Oblivion Wing|p2a: Yveltal
|-damage|p2a: Yveltal|10/100
|-heal|p1a: Yveltal|95/100|[from] drain|[of] p2a: Yveltal
|move|p2a: Yveltal|Knock Off|p1a: Yveltal
|-resisted|p1a: Yveltal
|-damage|p1a: Yveltal|74/100
|
|upkeep
|turn|17
|
|t:|1622694229
|switch|p2a: Suicune|Suicune|100/100
|-activate|p2a: Suicune|move: Sticky Web
|-unboost|p2a: Suicune|spe|1
|-ability|p2a: Suicune|Pressure
|move|p1a: Yveltal|Oblivion Wing|p2a: Suicune
|-damage|p2a: Suicune|68/100
|-heal|p1a: Yveltal|99/100|[from] drain|[of] p2a: Suicune
|
|-heal|p2a: Suicune|75/100|[from] item: Leftovers
|upkeep
|turn|18
|
|t:|1622694232
|move|p2a: Suicune|Protect|p2a: Suicune
|-singleturn|p2a: Suicune|Protect
|move|p1a: Yveltal|Taunt|p2a: Suicune
|-activate|p2a: Suicune|move: Protect
|
|-heal|p2a: Suicune|81/100|[from] item: Leftovers
|upkeep
|turn|19
|
|t:|1622694236
|switch|p2a: Yveltal|Yveltal|10/100
|-ability|p2a: Yveltal|Dark Aura
|move|p1a: Yveltal|Taunt|p2a: Yveltal
|-start|p2a: Yveltal|move: Taunt
|
|upkeep
|turn|20
|-message|PokeDuels forfeited.
|
|win|ubzh lessgo
|raw|ubzh lessgo's rating: 1339 &rarr; <strong>1373</strong><br />(+34 for winning)
|raw|PokeDuels's rating: 1642 &rarr; <strong>1608</strong><br />(-34 for losing)
|l|☆PokeDuels
|j| ubzh purple goats
|l| AGCL6 Swas ♫
|j| ubzh Meteor Beam
