|j|☆I like Lovely
|j|☆Terra the creator
|player|p1|I like Lovely|pokekid|1741
|player|p2|Terra the creator|dawn|1737
|teamsize|p1|6
|teamsize|p2|6
|gametype|singles
|gen|8
|tier|[Gen 8] Ubers
|rated|
|clearpoke
|poke|p1|Ferrothorn, F|
|poke|p1|Necrozma-Dusk-Mane|
|poke|p1|Zekrom|
|poke|p1|Lunala|
|poke|p1|Mandibuzz, F|
|poke|p1|Togekiss, M|
|poke|p2|Necrozma-Dusk-Mane|
|poke|p2|Gothitelle, F|
|poke|p2|Mandibuzz, F|
|poke|p2|Darmanitan-Galar, M|
|poke|p2|Clefable, M|
|poke|p2|Quagsire, M|
|rule|Sleep Clause Mod: Limit one foe put to sleep
|rule|Species Clause: Limit one of each Pokémon
|rule|OHKO Clause: OHKO moves are banned
|rule|Evasion Moves Clause: Evasion moves are banned
|rule|Endless Battle Clause: Forcing endless battles is banned
|rule|HP Percentage Mod: HP is shown in percentages
|teampreview
|c|☆Terra the creator|Again?
|c|☆I like Lovely|I guess so
|j| DefChicken
|
|start
|switch|p1a: Lunala|Lunala|100/100
|switch|p2a: Necrozma|Necrozma-Dusk-Mane|100/100
|turn|1
|
|switch|p2a: Mandibuzz|Mandibuzz, F|100/100
|move|p1a: Lunala|Thunder Wave|p2a: Mandibuzz
|-status|p2a: Mandibuzz|par
|
|upkeep
|turn|2
|inactive|Battle timer is ON: inactive players will automatically lose when time's up. (requested by Terra the creator)
|
|switch|p1a: Mandibuzz|Mandibuzz, F|100/100
|switch|p2a: Darmanitan|Darmanitan-Galar, M|100/100
|
|upkeep
|turn|3
|
|switch|p1a: Necrozma|Necrozma-Dusk-Mane|100/100
|move|p2a: Darmanitan|U-turn|p1a: Necrozma
|-damage|p1a: Necrozma|79/100
|
|switch|p2a: Quagsire|Quagsire, M|100/100|[from]move: U-turn
|
|-heal|p1a: Necrozma|85/100|[from] item: Leftovers
|upkeep
|turn|4
|
|switch|p1a: Ferrothorn|Ferrothorn, F|100/100
|move|p2a: Quagsire|Scald|p1a: Ferrothorn
|-resisted|p1a: Ferrothorn
|-damage|p1a: Ferrothorn|93/100
|-status|p1a: Ferrothorn|brn
|
|-heal|p1a: Ferrothorn|99/100 brn|[from] item: Leftovers
|-damage|p1a: Ferrothorn|93/100 brn|[from] brn
|upkeep
|turn|5
|
|switch|p2a: Gothitelle|Gothitelle, F|100/100
|move|p1a: Ferrothorn|Knock Off|p2a: Gothitelle
|-supereffective|p2a: Gothitelle
|-damage|p2a: Gothitelle|76/100
|-enditem|p2a: Gothitelle|Choice Specs|[from] move: Knock Off|[of] p1a: Ferrothorn
|
|-heal|p1a: Ferrothorn|99/100 brn|[from] item: Leftovers
|-damage|p1a: Ferrothorn|93/100 brn|[from] brn
|upkeep
|turn|6
|c|☆I like Lovely|Ayyyyy
|
|move|p2a: Gothitelle|Trick|p1a: Ferrothorn
|-activate|p2a: Gothitelle|move: Trick|[of] p1a: Ferrothorn
|-enditem|p1a: Ferrothorn|Leftovers|[silent]|[from] move: Trick
|-item|p2a: Gothitelle|Leftovers|[from] move: Trick
|move|p1a: Ferrothorn|Leech Seed|p2a: Gothitelle
|-start|p2a: Gothitelle|move: Leech Seed
|
|-heal|p2a: Gothitelle|82/100|[from] item: Leftovers
|-damage|p2a: Gothitelle|70/100|[from] Leech Seed|[of] p1a: Ferrothorn
|-heal|p1a: Ferrothorn|100/100 brn|[silent]
|-damage|p1a: Ferrothorn|94/100 brn|[from] brn
|upkeep
|turn|7
|
|switch|p2a: Clefable|Clefable, M|100/100
|move|p1a: Ferrothorn|Spikes|p2a: Clefable
|-sidestart|p2: Terra the creator|Spikes
|
|-damage|p1a: Ferrothorn|88/100 brn|[from] brn
|upkeep
|turn|8
|j| rbu rbu
|
|switch|p1a: Lunala|Lunala|100/100
|move|p2a: Clefable|Stealth Rock|p1a: Lunala
|-sidestart|p1: I like Lovely|move: Stealth Rock
|
|upkeep
|turn|9
|
|switch|p2a: Mandibuzz|Mandibuzz, F|100/100 par
|move|p1a: Lunala|Thunder Wave|p2a: Mandibuzz
|-fail|p2a: Mandibuzz|par
|
|upkeep
|turn|10
|
|switch|p1a: Ferrothorn|Ferrothorn, F|88/100 brn
|-damage|p1a: Ferrothorn|82/100 brn|[from] Stealth Rock
|move|p2a: Mandibuzz|Toxic||[still]
|-fail|p2a: Mandibuzz
|
|-damage|p1a: Ferrothorn|75/100 brn|[from] brn
|upkeep
|turn|11
|
|switch|p2a: Clefable|Clefable, M|100/100
|move|p1a: Ferrothorn|Spikes|p2a: Clefable
|-sidestart|p2: Terra the creator|Spikes
|
|-damage|p1a: Ferrothorn|69/100 brn|[from] brn
|upkeep
|turn|12
|
|switch|p1a: Lunala|Lunala|100/100
|move|p2a: Clefable|Moonblast|p1a: Lunala
|-damage|p1a: Lunala|89/100
|
|upkeep
|turn|13
|
|switch|p2a: Mandibuzz|Mandibuzz, F|100/100 par
|move|p1a: Lunala|Roost|p1a: Lunala
|-heal|p1a: Lunala|100/100
|-singleturn|p1a: Lunala|move: Roost
|
|upkeep
|turn|14
|
|switch|p1a: Zekrom|Zekrom|100/100
|-damage|p1a: Zekrom|88/100|[from] Stealth Rock
|-ability|p1a: Zekrom|Teravolt
|move|p2a: Mandibuzz|Defog|p1a: Zekrom
|-unboost|p1a: Zekrom|evasion|1
|-sideend|p1: I like Lovely|Stealth Rock|[from] move: Defog|[of] p2a: Mandibuzz
|-sideend|p2: Terra the creator|Spikes|[from] move: Defog|[of] p2a: Mandibuzz
|
|-heal|p1a: Zekrom|94/100|[from] item: Leftovers
|upkeep
|turn|15
|l|☆I like Lovely
|inactive|I like Lovely disconnected and has a minute to reconnect!
|player|p1|
|j|☆I like Lovely
|inactive|I like Lovely reconnected and has 120 seconds left.
|player|p1|I like Lovely|pokekid
|
|switch|p2a: Quagsire|Quagsire, M|100/100
|move|p1a: Zekrom|Bolt Strike|p2a: Quagsire
|-immune|p2a: Quagsire
|
|-heal|p1a: Zekrom|100/100|[from] item: Leftovers
|upkeep
|turn|16
|inactive|I like Lovely has 120 seconds left.
|
|switch|p1a: Ferrothorn|Ferrothorn, F|69/100 brn
|switch|p2a: Darmanitan|Darmanitan-Galar, M|100/100
|
|-damage|p1a: Ferrothorn|63/100 brn|[from] brn
|upkeep
|turn|17
|inactive|I like Lovely has 120 seconds left.
|
|switch|p2a: Clefable|Clefable, M|100/100
|switch|p1a: Lunala|Lunala|100/100
|
|upkeep
|turn|18
|
|switch|p2a: Mandibuzz|Mandibuzz, F|100/100 par
|move|p1a: Lunala|Teleport|p1a: Lunala
|
|switch|p1a: Mandibuzz|Mandibuzz, F|100/100|[from]move: Teleport
|
|upkeep
|turn|19
|
|move|p1a: Mandibuzz|Knock Off|p2a: Mandibuzz
|-resisted|p2a: Mandibuzz
|-damage|p2a: Mandibuzz|92/100 par
|-enditem|p2a: Mandibuzz|Heavy-Duty Boots|[from] move: Knock Off|[of] p1a: Mandibuzz
|move|p2a: Mandibuzz|Toxic|p1a: Mandibuzz
|-status|p1a: Mandibuzz|tox
|
|-damage|p1a: Mandibuzz|94/100 tox|[from] psn
|upkeep
|turn|20
|inactive|I like Lovely has 120 seconds left.
|
|switch|p2a: Clefable|Clefable, M|100/100
|move|p1a: Mandibuzz|U-turn|p2a: Clefable
|-resisted|p2a: Clefable
|-damage|p2a: Clefable|94/100
|inactive|I like Lovely has 120 seconds left.
|
|switch|p1a: Togekiss|Togekiss, M|100/100|[from]move: U-turn
|
|upkeep
|turn|21
|
|move|p1a: Togekiss|Thunder Wave|p2a: Clefable
|-status|p2a: Clefable|par
|move|p2a: Clefable|Moonblast|p1a: Togekiss
|-damage|p1a: Togekiss|58/100
|
|-heal|p1a: Togekiss|64/100|[from] item: Leftovers
|upkeep
|turn|22
|
|switch|p2a: Darmanitan|Darmanitan-Galar, M|100/100
|move|p1a: Togekiss|Air Slash|p2a: Darmanitan
|-damage|p2a: Darmanitan|38/100
|
|-heal|p1a: Togekiss|70/100|[from] item: Leftovers
|upkeep
|turn|23
|
|switch|p1a: Necrozma|Necrozma-Dusk-Mane|85/100
|move|p2a: Darmanitan|U-turn|p1a: Necrozma
|-damage|p1a: Necrozma|66/100
|
|switch|p2a: Clefable|Clefable, M|94/100 par|[from]move: U-turn
|
|-heal|p1a: Necrozma|72/100|[from] item: Leftovers
|upkeep
|turn|24
|
|move|p1a: Necrozma|Sunsteel Strike|p2a: Clefable
|-supereffective|p2a: Clefable
|-damage|p2a: Clefable|0 fnt
|faint|p2a: Clefable
|
|-heal|p1a: Necrozma|78/100|[from] item: Leftovers
|upkeep
|
|switch|p2a: Mandibuzz|Mandibuzz, F|92/100 par
|turn|25
|c|☆I like Lovely|Erm terra?
|
|switch|p1a: Mandibuzz|Mandibuzz, F|94/100 tox
|cant|p2a: Mandibuzz|par
|
|-damage|p1a: Mandibuzz|88/100 tox|[from] psn
|upkeep
|turn|26
|
|switch|p2a: Gothitelle|Gothitelle, F|70/100
|move|p1a: Mandibuzz|U-turn|p2a: Gothitelle
|-supereffective|p2a: Gothitelle
|-damage|p2a: Gothitelle|44/100
|
|switch|p1a: Lunala|Lunala|100/100|[from]move: U-turn
|
|-heal|p2a: Gothitelle|50/100|[from] item: Leftovers
|upkeep
|turn|27
|
|switch|p2a: Mandibuzz|Mandibuzz, F|92/100 par
|move|p1a: Lunala|Hex|p2a: Mandibuzz
|-resisted|p2a: Mandibuzz
|-damage|p2a: Mandibuzz|74/100 par
|
|upkeep
|turn|28
|
|switch|p1a: Mandibuzz|Mandibuzz, F|88/100 tox
|switch|p2a: Darmanitan|Darmanitan-Galar, M|38/100
|
|-damage|p1a: Mandibuzz|82/100 tox|[from] psn
|upkeep
|turn|29
|inactive|I like Lovely has 120 seconds left.
|
|switch|p1a: Ferrothorn|Ferrothorn, F|63/100 brn
|move|p2a: Darmanitan|U-turn|p1a: Ferrothorn
|-damage|p1a: Ferrothorn|40/100 brn
|-damage|p2a: Darmanitan|26/100|[from] ability: Iron Barbs|[of] p1a: Ferrothorn
|
|switch|p2a: Necrozma|Necrozma-Dusk-Mane|100/100|[from]move: U-turn
|
|-damage|p1a: Ferrothorn|34/100 brn|[from] brn
|upkeep
|turn|30
|
|move|p2a: Necrozma|Dragon Dance|p2a: Necrozma
|-boost|p2a: Necrozma|atk|1
|-boost|p2a: Necrozma|spe|1
|move|p1a: Ferrothorn|Leech Seed|p2a: Necrozma
|-start|p2a: Necrozma|move: Leech Seed
|
|-damage|p2a: Necrozma|88/100|[from] Leech Seed|[of] p1a: Ferrothorn
|-heal|p1a: Ferrothorn|48/100 brn|[silent]
|-damage|p1a: Ferrothorn|41/100 brn|[from] brn
|upkeep
|turn|31
|
|move|p2a: Necrozma|Dragon Dance|p2a: Necrozma
|-boost|p2a: Necrozma|atk|1
|-boost|p2a: Necrozma|spe|1
|move|p1a: Ferrothorn|Curse|p1a: Ferrothorn
|-unboost|p1a: Ferrothorn|spe|1
|-boost|p1a: Ferrothorn|atk|1
|-boost|p1a: Ferrothorn|def|1
|
|-damage|p2a: Necrozma|76/100|[from] Leech Seed|[of] p1a: Ferrothorn
|-heal|p1a: Ferrothorn|55/100 brn|[silent]
|-damage|p1a: Ferrothorn|49/100 brn|[from] brn
|upkeep
|turn|32
|
|move|p2a: Necrozma|Dragon Dance|p2a: Necrozma
|-boost|p2a: Necrozma|atk|1
|-boost|p2a: Necrozma|spe|1
|move|p1a: Ferrothorn|Curse|p1a: Ferrothorn
|-unboost|p1a: Ferrothorn|spe|1
|-boost|p1a: Ferrothorn|atk|1
|-boost|p1a: Ferrothorn|def|1
|
|-damage|p2a: Necrozma|63/100|[from] Leech Seed|[of] p1a: Ferrothorn
|-heal|p1a: Ferrothorn|63/100 brn|[silent]
|-damage|p1a: Ferrothorn|57/100 brn|[from] brn
|upkeep
|turn|33
|
|-start|p2a: Necrozma|Dynamax
|-heal|p2a: Necrozma|63/100|[silent]
|move|p2a: Necrozma|Max Darkness|p1a: Ferrothorn
|-damage|p1a: Ferrothorn|7/100 brn
|-unboost|p1a: Ferrothorn|spd|1
|-damage|p2a: Necrozma|59/100|[from] item: Life Orb
|move|p1a: Ferrothorn|Curse|p1a: Ferrothorn
|-unboost|p1a: Ferrothorn|spe|1
|-boost|p1a: Ferrothorn|atk|1
|-boost|p1a: Ferrothorn|def|1
|
|-damage|p2a: Necrozma|52/100|[from] Leech Seed|[of] p1a: Ferrothorn
|-heal|p1a: Ferrothorn|21/100 brn|[silent]
|-damage|p1a: Ferrothorn|15/100 brn|[from] brn
|upkeep
|turn|34
|
|-start|p1a: Ferrothorn|Dynamax
|-heal|p1a: Ferrothorn|15/100 brn|[silent]
|move|p1a: Ferrothorn|Max Guard|p1a: Ferrothorn
|-singleturn|p1a: Ferrothorn|Max Guard
|move|p2a: Necrozma|Max Steelspike|p1a: Ferrothorn
|-activate|p1a: Ferrothorn|move: Max Guard
|
|-damage|p2a: Necrozma|46/100|[from] Leech Seed|[of] p1a: Ferrothorn
|-heal|p1a: Ferrothorn|22/100 brn|[silent]
|-damage|p1a: Ferrothorn|19/100 brn|[from] brn
|upkeep
|turn|35
|
|move|p1a: Ferrothorn|Max Guard||[still]
|-fail|p1a: Ferrothorn
|move|p2a: Necrozma|Max Steelspike|p1a: Ferrothorn
|-resisted|p1a: Ferrothorn
|-damage|p1a: Ferrothorn|5/100 brn
|-boost|p2a: Necrozma|def|1
|-damage|p2a: Necrozma|41/100|[from] item: Life Orb
|
|-damage|p2a: Necrozma|35/100|[from] Leech Seed|[of] p1a: Ferrothorn
|-heal|p1a: Ferrothorn|12/100 brn|[silent]
|-damage|p1a: Ferrothorn|9/100 brn|[from] brn
|-end|p2a: Necrozma|Dynamax
|-heal|p2a: Necrozma|35/100|[silent]
|upkeep
|turn|36
|
|move|p1a: Ferrothorn|Max Guard|p1a: Ferrothorn
|-singleturn|p1a: Ferrothorn|Max Guard
|move|p2a: Necrozma|Morning Sun|p2a: Necrozma
|-heal|p2a: Necrozma|85/100
|
|-damage|p2a: Necrozma|73/100|[from] Leech Seed|[of] p1a: Ferrothorn
|-heal|p1a: Ferrothorn|16/100 brn|[silent]
|-damage|p1a: Ferrothorn|13/100 brn|[from] brn
|-end|p1a: Ferrothorn|Dynamax
|-heal|p1a: Ferrothorn|13/100 brn|[silent]
|upkeep
|turn|37
|inactive|I like Lovely has 120 seconds left.
|
|move|p2a: Necrozma|Knock Off|p1a: Ferrothorn
|-damage|p1a: Ferrothorn|0 fnt
|-damage|p2a: Necrozma|60/100|[from] ability: Iron Barbs|[of] p1a: Ferrothorn
|-damage|p2a: Necrozma|51/100|[from] item: Life Orb
|faint|p1a: Ferrothorn
|
|upkeep
|inactive|I like Lovely has 120 seconds left.
|
|switch|p1a: Zekrom|Zekrom|100/100
|-ability|p1a: Zekrom|Teravolt
|turn|38
|
|move|p2a: Necrozma|Knock Off|p1a: Zekrom
|-damage|p1a: Zekrom|38/100
|-enditem|p1a: Zekrom|Leftovers|[from] move: Knock Off|[of] p2a: Necrozma
|-damage|p2a: Necrozma|41/100|[from] item: Life Orb
|move|p1a: Zekrom|Thunder Wave|p2a: Necrozma|[miss]
|-miss|p1a: Zekrom|p2a: Necrozma
|
|-damage|p2a: Necrozma|28/100|[from] Leech Seed|[of] p1a: Zekrom
|-heal|p1a: Zekrom|50/100|[silent]
|upkeep
|turn|39
|
|move|p2a: Necrozma|Sunsteel Strike|p1a: Zekrom
|-resisted|p1a: Zekrom
|-crit|p1a: Zekrom
|-damage|p1a: Zekrom|0 fnt
|-damage|p2a: Necrozma|19/100|[from] item: Life Orb
|faint|p1a: Zekrom
|
|upkeep
|inactive|I like Lovely has 120 seconds left.
|
|switch|p1a: Mandibuzz|Mandibuzz, F|82/100 tox
|turn|40
|
|move|p2a: Necrozma|Sunsteel Strike|p1a: Mandibuzz
|-damage|p1a: Mandibuzz|0 fnt
|-damage|p2a: Necrozma|9/100|[from] item: Life Orb
|faint|p1a: Mandibuzz
|
|upkeep
|
|switch|p1a: Necrozma|Necrozma-Dusk-Mane|78/100
|turn|41
|
|move|p2a: Necrozma|Knock Off|p1a: Necrozma
|-supereffective|p1a: Necrozma
|-damage|p1a: Necrozma|0 fnt
|-enditem|p1a: Necrozma|Leftovers|[from] move: Knock Off|[of] p2a: Necrozma
|-damage|p2a: Necrozma|0 fnt|[from] item: Life Orb
|faint|p1a: Necrozma
|faint|p2a: Necrozma
|
|upkeep
|
|switch|p2a: Mandibuzz|Mandibuzz, F|74/100 par
|switch|p1a: Lunala|Lunala|100/100
|turn|42
|
|cant|p2a: Mandibuzz|par
|move|p1a: Lunala|Teleport|p1a: Lunala
|
|switch|p1a: Togekiss|Togekiss, M|70/100|[from]move: Teleport
|
|-heal|p1a: Togekiss|76/100|[from] item: Leftovers
|upkeep
|turn|43
|
|switch|p2a: Darmanitan|Darmanitan-Galar, M|26/100
|move|p1a: Togekiss|Substitute|p1a: Togekiss
|-start|p1a: Togekiss|Substitute
|-damage|p1a: Togekiss|51/100
|
|-heal|p1a: Togekiss|57/100|[from] item: Leftovers
|upkeep
|turn|44
|
|move|p2a: Darmanitan|U-turn|p1a: Togekiss
|-resisted|p1a: Togekiss
|-activate|p1a: Togekiss|move: Substitute|[damage]
|
|switch|p2a: Quagsire|Quagsire, M|100/100|[from]move: U-turn
|move|p1a: Togekiss|Air Slash|p2a: Quagsire
|-damage|p2a: Quagsire|51/100
|
|-heal|p1a: Togekiss|64/100|[from] item: Leftovers
|-heal|p2a: Quagsire|57/100|[from] item: Leftovers
|upkeep
|turn|45
|l| rbu rbu
|
|move|p1a: Togekiss|Air Slash|p2a: Quagsire
|-damage|p2a: Quagsire|7/100
|cant|p2a: Quagsire|flinch
|
|-heal|p1a: Togekiss|70/100|[from] item: Leftovers
|-heal|p2a: Quagsire|13/100|[from] item: Leftovers
|upkeep
|turn|46
|
|move|p1a: Togekiss|Air Slash|p2a: Quagsire
|-damage|p2a: Quagsire|0 fnt
|faint|p2a: Quagsire
|
|-heal|p1a: Togekiss|76/100|[from] item: Leftovers
|upkeep
|
|switch|p2a: Darmanitan|Darmanitan-Galar, M|26/100
|turn|47
|
|move|p2a: Darmanitan|U-turn|p1a: Togekiss
|-resisted|p1a: Togekiss
|-activate|p1a: Togekiss|move: Substitute|[damage]
|
|switch|p2a: Gothitelle|Gothitelle, F|50/100|[from]move: U-turn
|move|p1a: Togekiss|Air Slash|p2a: Gothitelle
|-damage|p2a: Gothitelle|11/100
|
|-heal|p1a: Togekiss|82/100|[from] item: Leftovers
|-heal|p2a: Gothitelle|17/100|[from] item: Leftovers
|upkeep
|turn|48
|
|move|p1a: Togekiss|Substitute|p1a: Togekiss
|-fail|p1a: Togekiss|move: Substitute
|move|p2a: Gothitelle|Thunderbolt|p1a: Togekiss
|-supereffective|p1a: Togekiss
|-end|p1a: Togekiss|Substitute
|
|-heal|p1a: Togekiss|88/100|[from] item: Leftovers
|-heal|p2a: Gothitelle|23/100|[from] item: Leftovers
|upkeep
|turn|49
|c|☆Terra the creator|LOL
|inactive|I like Lovely has 120 seconds left.
|
|move|p1a: Togekiss|Thunder Wave|p2a: Gothitelle
|-status|p2a: Gothitelle|par
|move|p2a: Gothitelle|Thunderbolt|p1a: Togekiss
|-supereffective|p1a: Togekiss
|-damage|p1a: Togekiss|41/100
|
|-heal|p1a: Togekiss|47/100|[from] item: Leftovers
|-heal|p2a: Gothitelle|29/100 par|[from] item: Leftovers
|upkeep
|turn|50
|inactive|I like Lovely has 120 seconds left.
|
|move|p1a: Togekiss|Substitute|p1a: Togekiss
|-start|p1a: Togekiss|Substitute
|-damage|p1a: Togekiss|22/100
|cant|p2a: Gothitelle|par
|
|-heal|p1a: Togekiss|28/100|[from] item: Leftovers
|-heal|p2a: Gothitelle|36/100 par|[from] item: Leftovers
|upkeep
|turn|51
|inactive|I like Lovely has 120 seconds left.
|c|☆Terra the creator|ok I can’t play vs u
|c|☆Terra the creator|and ur toge
|inactive|Terra the creator has 120 seconds left.
|-message|Terra the creator forfeited.
|
|win|I like Lovely
|l|☆Terra the creator
|c|☆I like Lovely|Lmao
|raw|I like Lovely's rating: 1741 &rarr; <strong>1761</strong><br />(+20 for winning)
|raw|Terra the creator's rating: 1737 &rarr; <strong>1717</strong><br />(-20 for losing)
|c|☆I like Lovely|Gg
