|j|☆Swandiri
|j|☆Grace-sas
|t:|1659930656
|gametype|singles
|player|p1|Swandiri|melony|1465
|player|p2|Grace-sas|102|1715
|teamsize|p1|6
|teamsize|p2|6
|gen|8
|tier|[Gen 8] Ubers
|rated|
|rule|Sleep Clause Mod: Limit one foe put to sleep
|rule|Species Clause: Limit one of each Pokémon
|rule|OHKO Clause: OHKO moves are banned
|rule|Evasion Items Clause: Evasion items are banned
|rule|Evasion Moves Clause: Evasion moves are banned
|rule|Endless Battle Clause: Forcing endless battles is banned
|rule|HP Percentage Mod: HP is shown in percentages
|rule|Dynamax Clause: You cannot dynamax
|clearpoke
|poke|p1|Yveltal|
|poke|p1|Ho-Oh|
|poke|p1|Eternatus|
|poke|p1|Necrozma-Dusk-Mane|
|poke|p1|Calyrex-Shadow|
|poke|p1|Landorus-Therian, M|
|poke|p2|Excadrill, F|
|poke|p2|Eternatus|
|poke|p2|Xerneas-*|
|poke|p2|Yveltal|
|poke|p2|Necrozma-Dusk-Mane|
|poke|p2|Marshadow|
|teampreview
|inactive|Battle timer is ON: inactive players will automatically lose when time's up. (requested by Grace-sas)
|c|☆Grace-sas|I will not say a word.
|c|☆Grace-sas|my bad
|c|☆Swandiri|haha ok
|
|t:|1659930691
|start
|switch|p1a: Landorus|Landorus-Therian, M|100/100
|switch|p2a: Excadrill|Excadrill, F|100/100
|-ability|p2a: Excadrill|Mold Breaker
|-ability|p1a: Landorus|Intimidate|boost
|-unboost|p2a: Excadrill|atk|1
|turn|1
|c|☆Grace-sas|It gets so frustrating losing a ton of points lol
|
|t:|1659930706
|move|p2a: Excadrill|Rapid Spin|p1a: Landorus
|-damage|p1a: Landorus|90/100
|-boost|p2a: Excadrill|spe|1
|move|p1a: Landorus|Stealth Rock|p2a: Excadrill
|-sidestart|p2: Grace-sas|move: Stealth Rock
|
|-heal|p1a: Landorus|96/100|[from] item: Leftovers
|upkeep
|turn|2
|
|t:|1659930710
|move|p2a: Excadrill|Stealth Rock|p1a: Landorus
|-sidestart|p1: Swandiri|move: Stealth Rock
|move|p1a: Landorus|U-turn|p2a: Excadrill
|-resisted|p2a: Excadrill
|-crit|p2a: Excadrill
|-damage|p2a: Excadrill|78/100
|
|t:|1659930713
|switch|p1a: Calyrex|Calyrex-Shadow|100/100|[from]move: U-turn
|-ability|p1a: Calyrex|As One
|-ability|p1a: Calyrex|Unnerve
|-damage|p1a: Calyrex|88/100|[from] Stealth Rock
|
|upkeep
|turn|3
|
|t:|1659930716
|move|p1a: Calyrex|Astral Barrage|p2a: Excadrill
|-damage|p2a: Excadrill|0 fnt
|faint|p2a: Excadrill
|-ability|p1a: Calyrex|Grim Neigh|boost
|-boost|p1a: Calyrex|spa|1
|
|upkeep
|
|t:|1659930719
|switch|p2a: Yveltal|Yveltal|100/100
|-damage|p2a: Yveltal|76/100|[from] Stealth Rock
|-ability|p2a: Yveltal|Dark Aura
|turn|4
|
|t:|1659930723
|switch|p1a: Ho-Oh|Ho-Oh|100/100
|move|p2a: Yveltal|Knock Off|p1a: Ho-Oh
|-damage|p1a: Ho-Oh|38/100
|-enditem|p1a: Ho-Oh|Heavy-Duty Boots|[from] move: Knock Off|[of] p2a: Yveltal
|
|upkeep
|turn|5
|
|t:|1659930730
|switch|p1a: Landorus|Landorus-Therian, M|96/100
|-damage|p1a: Landorus|84/100|[from] Stealth Rock
|-ability|p1a: Landorus|Intimidate|boost
|-unboost|p2a: Yveltal|atk|1
|move|p2a: Yveltal|Knock Off|p1a: Landorus
|-damage|p1a: Landorus|40/100
|-enditem|p1a: Landorus|Leftovers|[from] move: Knock Off|[of] p2a: Yveltal
|
|upkeep
|turn|6
|
|t:|1659930737
|move|p2a: Yveltal|Taunt|p1a: Landorus
|-start|p1a: Landorus|move: Taunt
|move|p1a: Landorus|Stone Edge|p2a: Yveltal
|-supereffective|p2a: Yveltal
|-crit|p2a: Yveltal
|-damage|p2a: Yveltal|0 fnt
|faint|p2a: Yveltal
|
|upkeep
|
|t:|1659930745
|switch|p2a: Xerneas|Xerneas|100/100
|-damage|p2a: Xerneas|88/100|[from] Stealth Rock
|-ability|p2a: Xerneas|Fairy Aura
|turn|7
|
|t:|1659930749
|move|p1a: Landorus|U-turn|p2a: Xerneas
|-resisted|p2a: Xerneas
|-damage|p2a: Xerneas|80/100
|
|t:|1659930751
|switch|p1a: Necrozma|Necrozma-Dusk-Mane|100/100|[from]move: U-turn
|-damage|p1a: Necrozma|94/100|[from] Stealth Rock
|move|p2a: Xerneas|Geomancy||[still]
|-prepare|p2a: Xerneas|Geomancy
|-enditem|p2a: Xerneas|Power Herb
|-anim|p2a: Xerneas|Geomancy|p2a: Xerneas
|-boost|p2a: Xerneas|spa|2
|-boost|p2a: Xerneas|spd|2
|-boost|p2a: Xerneas|spe|2
|
|upkeep
|turn|8
|
|t:|1659930755
|move|p2a: Xerneas|Focus Blast|p1a: Necrozma|[miss]
|-miss|p2a: Xerneas|p1a: Necrozma
|move|p1a: Necrozma|Sunsteel Strike|p2a: Xerneas
|-supereffective|p2a: Xerneas
|-damage|p2a: Xerneas|7/100
|
|upkeep
|turn|9
|
|t:|1659930758
|move|p2a: Xerneas|Focus Blast|p1a: Necrozma|[miss]
|-miss|p2a: Xerneas|p1a: Necrozma
|move|p1a: Necrozma|Sunsteel Strike|p2a: Xerneas
|-supereffective|p2a: Xerneas
|-damage|p2a: Xerneas|0 fnt
|faint|p2a: Xerneas
|
|upkeep
|
|t:|1659930764
|switch|p2a: Eternatus|Eternatus|100/100
|-damage|p2a: Eternatus|88/100|[from] Stealth Rock
|-ability|p2a: Eternatus|Pressure
|turn|10
|
|t:|1659930768
|move|p2a: Eternatus|Substitute|p2a: Eternatus
|-start|p2a: Eternatus|Substitute
|-damage|p2a: Eternatus|63/100
|move|p1a: Necrozma|Thunder Wave||[still]
|-fail|p1a: Necrozma
|
|upkeep
|turn|11
|c|☆Grace-sas|I’m pretty I just won I hit those
|
|t:|1659930778
|move|p2a: Eternatus|Meteor Beam||[still]
|-prepare|p2a: Eternatus|Meteor Beam
|-boost|p2a: Eternatus|spa|1
|-enditem|p2a: Eternatus|Power Herb
|-anim|p2a: Eternatus|Meteor Beam|p1a: Necrozma
|-resisted|p1a: Necrozma
|-damage|p1a: Necrozma|70/100
|move|p1a: Necrozma|Earthquake|p2a: Eternatus
|-supereffective|p2a: Eternatus
|-end|p2a: Eternatus|Substitute
|
|upkeep
|turn|12
|
|t:|1659930786
|move|p2a: Eternatus|Flamethrower|p1a: Necrozma
|-supereffective|p1a: Necrozma
|-damage|p1a: Necrozma|21/100
|move|p1a: Necrozma|Earthquake|p2a: Eternatus
|-supereffective|p2a: Eternatus
|-damage|p2a: Eternatus|10/100
|
|upkeep
|turn|13
|
|t:|1659930791
|move|p2a: Eternatus|Dynamax Cannon|p1a: Necrozma
|-resisted|p1a: Necrozma
|-crit|p1a: Necrozma
|-damage|p1a: Necrozma|0 fnt
|faint|p1a: Necrozma
|
|upkeep
|
|t:|1659930793
|switch|p1a: Calyrex|Calyrex-Shadow|88/100
|-ability|p1a: Calyrex|As One
|-ability|p1a: Calyrex|Unnerve
|-damage|p1a: Calyrex|76/100|[from] Stealth Rock
|turn|14
|
|t:|1659930797
|move|p1a: Calyrex|Astral Barrage|p2a: Eternatus
|-damage|p2a: Eternatus|0 fnt
|faint|p2a: Eternatus
|-ability|p1a: Calyrex|Grim Neigh|boost
|-boost|p1a: Calyrex|spa|1
|
|upkeep
|
|t:|1659930798
|switch|p2a: Marshadow|Marshadow|100/100
|-damage|p2a: Marshadow|94/100|[from] Stealth Rock
|turn|15
|
|t:|1659930801
|switch|p1a: Landorus|Landorus-Therian, M|40/100
|-damage|p1a: Landorus|28/100|[from] Stealth Rock
|-ability|p1a: Landorus|Intimidate|boost
|-unboost|p2a: Marshadow|atk|1
|move|p2a: Marshadow|Shadow Sneak|p1a: Landorus
|-damage|p1a: Landorus|2/100
|-damage|p2a: Marshadow|84/100|[from] item: Life Orb
|
|upkeep
|turn|16
|
|t:|1659930807
|move|p2a: Marshadow|Spectral Thief|p1a: Landorus
|-damage|p1a: Landorus|0 fnt
|faint|p1a: Landorus
|-damage|p2a: Marshadow|74/100|[from] item: Life Orb
|
|upkeep
|
|t:|1659930809
|switch|p1a: Yveltal|Yveltal|100/100
|-ability|p1a: Yveltal|Dark Aura
|turn|17
|
|t:|1659930814
|move|p2a: Marshadow|Low Kick|p1a: Yveltal
|-damage|p1a: Yveltal|47/100
|-damage|p2a: Marshadow|64/100|[from] item: Life Orb
|move|p1a: Yveltal|Knock Off|p2a: Marshadow
|-damage|p2a: Marshadow|0 fnt
|-enditem|p2a: Marshadow|Life Orb|[from] move: Knock Off|[of] p1a: Yveltal
|faint|p2a: Marshadow
|
|upkeep
|
|t:|1659930817
|switch|p2a: Necrozma|Necrozma-Dusk-Mane|100/100
|-damage|p2a: Necrozma|94/100|[from] Stealth Rock
|turn|18
|
|t:|1659930820
|move|p1a: Yveltal|Knock Off|p2a: Necrozma
|-supereffective|p2a: Necrozma
|-damage|p2a: Necrozma|31/100
|-enditem|p2a: Necrozma|Weakness Policy
|-boost|p2a: Necrozma|atk|2|[from] item: Weakness Policy
|-boost|p2a: Necrozma|spa|2|[from] item: Weakness Policy
|move|p2a: Necrozma|Trick Room|p2a: Necrozma
|-fieldstart|move: Trick Room|[of] p2a: Necrozma
|
|upkeep
|turn|19
|
|t:|1659930822
|move|p1a: Yveltal|Sucker Punch|p2a: Necrozma
|-supereffective|p2a: Necrozma
|-damage|p2a: Necrozma|0 fnt
|faint|p2a: Necrozma
|
|win|Swandiri
|raw|Swandiri's rating: 1465 &rarr; <strong>1497</strong><br />(+32 for winning)
|raw|Grace-sas's rating: 1715 &rarr; <strong>1683</strong><br />(-32 for losing)
|c|☆Swandiri|gg
|c|☆Grace-sas|Nup
|l|☆Grace-sas
||Ladder isn't responding, score probably updated but might not have (Request timeout).
