|j|☆Rell27
|j|☆hexingsho
|t:|1606985270
|player|p1|Rell27|2|1565
|player|p2|hexingsho|lusamine-nihilego|1537
|teamsize|p1|6
|teamsize|p2|6
|gametype|singles
|gen|8
|tier|[Gen 8] Ubers
|rated|
|clearpoke
|poke|p1|Zacian-Crowned|
|poke|p1|Eternatus|
|poke|p1|Necrozma-Dusk-Mane|
|poke|p1|Calyrex-Shadow|
|poke|p1|Yveltal|
|poke|p1|Groudon|
|poke|p2|Eternatus|
|poke|p2|Ditto|
|poke|p2|Zacian-Crowned|
|poke|p2|Gothitelle, M|
|poke|p2|Yveltal|
|poke|p2|Xerneas|
|rule|Sleep Clause Mod: Limit one foe put to sleep
|rule|Species Clause: Limit one of each Pokémon
|rule|OHKO Clause: OHKO moves are banned
|rule|Evasion Moves Clause: Evasion moves are banned
|rule|Endless Battle Clause: Forcing endless battles is banned
|rule|HP Percentage Mod: HP is shown in percentages
|rule|Dynamax Clause: You cannot dynamax
|teampreview
|
|t:|1606985288
|start
|switch|p1a: Yveltal|Yveltal|100/100
|switch|p2a: Zacian|Zacian-Crowned|100/100
|-ability|p2a: Zacian|Intrepid Sword|boost
|-boost|p2a: Zacian|atk|1
|-ability|p1a: Yveltal|Dark Aura
|turn|1
|
|t:|1606985303
|switch|p2a: Gothitelle|Gothitelle, M|100/100
|move|p1a: Yveltal|Sucker Punch||[still]
|-fail|p1a: Yveltal
|
|upkeep
|turn|2
|
|t:|1606985310
|switch|p2a: Zacian|Zacian-Crowned|100/100
|-ability|p2a: Zacian|Intrepid Sword|boost
|-boost|p2a: Zacian|atk|1
|move|p1a: Yveltal|Dark Pulse|p2a: Zacian
|-resisted|p2a: Zacian
|-damage|p2a: Zacian|71/100
|-damage|p1a: Yveltal|91/100|[from] item: Life Orb
|
|upkeep
|turn|3
|
|t:|1606985320
|move|p1a: Yveltal|Sucker Punch|p2a: Zacian
|-resisted|p2a: Zacian
|-damage|p2a: Zacian|49/100
|-damage|p1a: Yveltal|81/100|[from] item: Life Orb
|move|p2a: Zacian|Play Rough|p1a: Yveltal
|-supereffective|p1a: Yveltal
|-damage|p1a: Yveltal|0 fnt
|faint|p1a: Yveltal
|
|upkeep
|j| OldSchoolUbers
|l| OldSchoolUbers
|
|t:|1606985333
|switch|p1a: Calyrex|Calyrex-Shadow|100/100
|-ability|p1a: Calyrex|As One
|-ability|p1a: Calyrex|Unnerve|p2: hexingsho
|turn|4
|
|t:|1606985336
|switch|p2a: Yveltal|Yveltal|100/100
|-ability|p2a: Yveltal|Dark Aura
|move|p1a: Calyrex|Astral Barrage|p2a: Yveltal
|-resisted|p2a: Yveltal
|-damage|p2a: Yveltal|80/100
|
|upkeep
|turn|5
|
|t:|1606985346
|switch|p1a: Zacian|Zacian-Crowned|100/100
|-ability|p1a: Zacian|Intrepid Sword|boost
|-boost|p1a: Zacian|atk|1
|move|p2a: Yveltal|Snarl|p1a: Zacian
|-resisted|p1a: Zacian
|-damage|p1a: Zacian|88/100
|-unboost|p1a: Zacian|spa|1
|
|upkeep
|turn|6
|
|t:|1606985365
|switch|p2a: Zacian|Zacian-Crowned|49/100
|-ability|p2a: Zacian|Intrepid Sword|boost
|-boost|p2a: Zacian|atk|1
|move|p1a: Zacian|Behemoth Blade|p2a: Zacian
|-damage|p2a: Zacian|0 fnt
|faint|p2a: Zacian
|
|upkeep
|
|t:|1606985367
|switch|p2a: Ditto|Ditto|100/100
|-transform|p2a: Ditto|p1a: Zacian|[from] ability: Imposter
|-ability|p2a: Ditto|Intrepid Sword|boost
|-boost|p2a: Ditto|atk|1
|turn|7
|
|t:|1606985375
|switch|p2a: Gothitelle|Gothitelle, M|100/100
|switch|p1a: Necrozma|Necrozma-Dusk-Mane|100/100
|
|upkeep
|turn|8
|
|t:|1606985378
|move|p2a: Gothitelle|Cosmic Power|p2a: Gothitelle
|-boost|p2a: Gothitelle|def|1
|-boost|p2a: Gothitelle|spd|1
|move|p1a: Necrozma|Sunsteel Strike|p2a: Gothitelle
|-damage|p2a: Gothitelle|75/100
|
|-heal|p2a: Gothitelle|81/100|[from] item: Leftovers
|upkeep
|turn|9
|-message|Rell27 forfeited.
|
|win|hexingsho
|l|☆Rell27
|raw|Rell27's rating: 1566 &rarr; <strong>1544</strong><br />(-22 for losing)
|raw|hexingsho's rating: 1537 &rarr; <strong>1559</strong><br />(+22 for winning)
