|j|☆Vukalo
|j|☆Yayou
|player|p1|Vukalo|clair|1517
|player|p2|Yayou|volkner|1358
|teamsize|p1|6
|teamsize|p2|6
|gametype|singles
|gen|8
|tier|[Gen 8] Ubers
|rated|
|clearpoke
|poke|p1|Zacian-*|
|poke|p1|Zamazenta-*|
|poke|p1|Eternatus|
|poke|p1|Excadrill, M|
|poke|p1|Darmanitan-Galar, F|
|poke|p1|Dragapult, M|
|poke|p2|Hippowdon, M|
|poke|p2|Corviknight, M|
|poke|p2|Zacian-*|
|poke|p2|Excadrill, F|
|poke|p2|Eternatus|
|poke|p2|Pyukumuku, F|
|rule|Sleep Clause Mod: Limit one foe put to sleep
|rule|Species Clause: Limit one of each Pokémon
|rule|OHKO Clause: OHKO moves are banned
|rule|Evasion Moves Clause: Evasion moves are banned
|rule|Endless Battle Clause: Forcing endless battles is banned
|rule|HP Percentage Mod: HP is shown in percentages
|teampreview
|inactive|Battle timer is ON: inactive players will automatically lose when time's up. (requested by Vukalo)
|
|start
|switch|p1a: Darmanitan|Darmanitan-Galar, F|100/100
|switch|p2a: Pyukumuku|Pyukumuku, F|100/100
|turn|1
|
|move|p1a: Darmanitan|U-turn|p2a: Pyukumuku
|-damage|p2a: Pyukumuku|75/100
|
|switch|p1a: Zacian|Zacian|100/100|[from]move: U-turn
|-ability|p1a: Zacian|Intrepid Sword|boost
|-boost|p1a: Zacian|atk|1
|move|p2a: Pyukumuku|Counter|p1a: Zacian
|-damage|p1a: Zacian|52/100
|
|-heal|p2a: Pyukumuku|81/100|[from] item: Leftovers
|upkeep
|turn|2
|
|move|p1a: Zacian|Wild Charge|p2a: Pyukumuku
|-supereffective|p2a: Pyukumuku
|-damage|p2a: Pyukumuku|18/100
|-damage|p1a: Zacian|37/100|[from] Recoil
|move|p2a: Pyukumuku|Recover|p2a: Pyukumuku
|-heal|p2a: Pyukumuku|68/100
|
|-heal|p2a: Pyukumuku|74/100|[from] item: Leftovers
|upkeep
|turn|3
|
|move|p1a: Zacian|Wild Charge|p2a: Pyukumuku
|-supereffective|p2a: Pyukumuku
|-damage|p2a: Pyukumuku|16/100
|-damage|p1a: Zacian|23/100|[from] Recoil
|move|p2a: Pyukumuku|Recover|p2a: Pyukumuku
|-heal|p2a: Pyukumuku|66/100
|
|-heal|p2a: Pyukumuku|72/100|[from] item: Leftovers
|upkeep
|turn|4
|
|move|p1a: Zacian|Wild Charge|p2a: Pyukumuku
|-supereffective|p2a: Pyukumuku
|-damage|p2a: Pyukumuku|15/100
|-damage|p1a: Zacian|9/100|[from] Recoil
|move|p2a: Pyukumuku|Recover|p2a: Pyukumuku
|-heal|p2a: Pyukumuku|65/100
|
|-heal|p2a: Pyukumuku|71/100|[from] item: Leftovers
|upkeep
|turn|5
|
|switch|p1a: Eternatus|Eternatus|100/100
|-ability|p1a: Eternatus|Pressure
|move|p2a: Pyukumuku|Recover|p2a: Pyukumuku
|-heal|p2a: Pyukumuku|100/100
|
|upkeep
|turn|6
|
|switch|p2a: Corviknight|Corviknight, M|100/100
|-ability|p2a: Corviknight|Pressure
|move|p1a: Eternatus|Agility|p1a: Eternatus
|-boost|p1a: Eternatus|spe|2
|
|upkeep
|turn|7
|
|move|p1a: Eternatus|Flamethrower|p2a: Corviknight
|-supereffective|p2a: Corviknight
|-damage|p2a: Corviknight|44/100
|move|p2a: Corviknight|Brave Bird|p1a: Eternatus
|-damage|p1a: Eternatus|71/100
|-damage|p2a: Corviknight|33/100|[from] Recoil
|
|upkeep
|turn|8
|
|move|p1a: Eternatus|Flamethrower|p2a: Corviknight
|-supereffective|p2a: Corviknight
|-damage|p2a: Corviknight|0 fnt
|faint|p2a: Corviknight
|
|upkeep
|
|switch|p2a: Pyukumuku|Pyukumuku, F|100/100
|turn|9
|
|move|p1a: Eternatus|Dynamax Cannon|p2a: Pyukumuku
|-damage|p2a: Pyukumuku|45/100
|move|p2a: Pyukumuku|Mirror Coat|p1a: Eternatus
|-damage|p1a: Eternatus|0 fnt
|faint|p1a: Eternatus
|
|-heal|p2a: Pyukumuku|51/100|[from] item: Leftovers
|upkeep
|
|switch|p1a: Zacian|Zacian|9/100
|-ability|p1a: Zacian|Intrepid Sword|boost
|-boost|p1a: Zacian|atk|1
|turn|10
|
|move|p1a: Zacian|Psychic Fangs|p2a: Pyukumuku
|-damage|p2a: Pyukumuku|21/100
|move|p2a: Pyukumuku|Recover|p2a: Pyukumuku
|-heal|p2a: Pyukumuku|71/100
|
|-heal|p2a: Pyukumuku|77/100|[from] item: Leftovers
|upkeep
|turn|11
|
|switch|p1a: Zamazenta|Zamazenta|100/100
|-ability|p1a: Zamazenta|Dauntless Shield|boost
|-boost|p1a: Zamazenta|def|1
|move|p2a: Pyukumuku|Recover|p2a: Pyukumuku
|-heal|p2a: Pyukumuku|100/100
|
|upkeep
|turn|12
|
|move|p1a: Zamazenta|Close Combat|p2a: Pyukumuku
|-damage|p2a: Pyukumuku|42/100
|-unboost|p1a: Zamazenta|def|1
|-unboost|p1a: Zamazenta|spd|1
|move|p2a: Pyukumuku|Counter|p1a: Zamazenta
|-damage|p1a: Zamazenta|0 fnt
|faint|p1a: Zamazenta
|
|-heal|p2a: Pyukumuku|48/100|[from] item: Leftovers
|upkeep
|
|switch|p1a: Zacian|Zacian|9/100
|-ability|p1a: Zacian|Intrepid Sword|boost
|-boost|p1a: Zacian|atk|1
|turn|13
|
|switch|p2a: Hippowdon|Hippowdon, M|100/100
|-weather|Sandstorm|[from] ability: Sand Stream|[of] p2a: Hippowdon
|move|p1a: Zacian|Wild Charge|p2a: Hippowdon
|-immune|p2a: Hippowdon
|
|-weather|Sandstorm|[upkeep]
|-damage|p1a: Zacian|3/100|[from] Sandstorm
|upkeep
|turn|14
|
|switch|p1a: Excadrill|Excadrill, M|100/100
|-ability|p1a: Excadrill|Mold Breaker
|move|p2a: Hippowdon|Slack Off||[still]
|-fail|p2a: Hippowdon|heal
|
|-weather|Sandstorm|[upkeep]
|upkeep
|turn|15
|
|move|p1a: Excadrill|Stealth Rock|p2a: Hippowdon
|-sidestart|p2: Yayou|move: Stealth Rock
|move|p2a: Hippowdon|Earthquake|p1a: Excadrill
|-supereffective|p1a: Excadrill
|-enditem|p1a: Excadrill|Focus Sash
|-damage|p1a: Excadrill|1/100
|
|-weather|Sandstorm|[upkeep]
|upkeep
|turn|16
|
|move|p1a: Excadrill|Iron Head|p2a: Hippowdon
|-damage|p2a: Hippowdon|74/100
|move|p2a: Hippowdon|Rock Tomb|p1a: Excadrill
|-resisted|p1a: Excadrill
|-damage|p1a: Excadrill|0 fnt
|faint|p1a: Excadrill
|
|-weather|Sandstorm|[upkeep]
|-heal|p2a: Hippowdon|80/100|[from] item: Leftovers
|upkeep
|
|switch|p1a: Darmanitan|Darmanitan-Galar, F|100/100
|turn|17
|
|-start|p2a: Hippowdon|Dynamax
|-heal|p2a: Hippowdon|80/100|[silent]
|move|p1a: Darmanitan|Icicle Crash|p2a: Hippowdon
|-supereffective|p2a: Hippowdon
|-damage|p2a: Hippowdon|42/100
|move|p2a: Hippowdon|Max Rockfall|p1a: Darmanitan
|-supereffective|p1a: Darmanitan
|-damage|p1a: Darmanitan|19/100
|
|-weather|none
|-heal|p2a: Hippowdon|45/100|[from] item: Leftovers
|upkeep
|turn|18
|
|-start|p1a: Darmanitan|Dynamax
|-heal|p1a: Darmanitan|19/100|[silent]
|move|p1a: Darmanitan|Max Hailstorm|p2a: Hippowdon
|-supereffective|p2a: Hippowdon
|-damage|p2a: Hippowdon|9/100
|-weather|Hail
|move|p2a: Hippowdon|Max Rockfall|p1a: Darmanitan
|-supereffective|p1a: Darmanitan
|-damage|p1a: Darmanitan|0 fnt
|-weather|Sandstorm
|faint|p1a: Darmanitan
|
|-weather|Sandstorm|[upkeep]
|-heal|p2a: Hippowdon|12/100|[from] item: Leftovers
|upkeep
|
|switch|p1a: Dragapult|Dragapult, M|100/100
|turn|19
|
|move|p1a: Dragapult|Dragon Dance|p1a: Dragapult
|-boost|p1a: Dragapult|atk|1
|-boost|p1a: Dragapult|spe|1
|move|p2a: Hippowdon|Max Quake|p1a: Dragapult
|-damage|p1a: Dragapult|36/100
|-boost|p2a: Hippowdon|spd|1
|
|-weather|Sandstorm|[upkeep]
|-damage|p1a: Dragapult|30/100|[from] Sandstorm
|-heal|p2a: Hippowdon|15/100|[from] item: Leftovers
|-end|p2a: Hippowdon|Dynamax
|-heal|p2a: Hippowdon|15/100|[silent]
|upkeep
|turn|20
|
|move|p1a: Dragapult|Dragon Darts|p2a: Hippowdon
|-damage|p2a: Hippowdon|0 fnt
|-hitcount|p2a: Hippowdon|1
|-damage|p1a: Dragapult|21/100|[from] item: Life Orb
|faint|p2a: Hippowdon
|
|-weather|Sandstorm|[upkeep]
|-damage|p1a: Dragapult|15/100|[from] Sandstorm
|upkeep
|
|switch|p2a: Zacian|Zacian-Crowned|100/100
|-damage|p2a: Zacian|94/100|[from] Stealth Rock
|-ability|p2a: Zacian|Intrepid Sword|boost
|-boost|p2a: Zacian|atk|1
|turn|21
|
|move|p1a: Dragapult|Phantom Force||[still]
|-prepare|p1a: Dragapult|Phantom Force|p2a: Zacian
|move|p2a: Zacian|Behemoth Blade|p1a: Dragapult|[miss]
|-miss|p2a: Zacian|p1a: Dragapult
|
|-weather|Sandstorm|[upkeep]
|-damage|p1a: Dragapult|9/100|[from] Sandstorm
|upkeep
|turn|22
|
|move|p1a: Dragapult|Phantom Force|p2a: Zacian|[from]lockedmove
|-damage|p2a: Zacian|16/100
|-damage|p1a: Dragapult|0 fnt|[from] item: Life Orb
|faint|p1a: Dragapult
|move|p2a: Zacian|Behemoth Blade|p1: Dragapult|[notarget]
|-fail|p2a: Zacian
|
|-weather|none
|upkeep
|
|switch|p1a: Zacian|Zacian|3/100
|-ability|p1a: Zacian|Intrepid Sword|boost
|-boost|p1a: Zacian|atk|1
|turn|23
|
|move|p2a: Zacian|Behemoth Blade|p1a: Zacian
|-supereffective|p1a: Zacian
|-damage|p1a: Zacian|0 fnt
|faint|p1a: Zacian
|
|win|Yayou
|l|☆Vukalo
