|j|☆Nael222
|j|☆SiTuM.
|t:|1666562687
|gametype|singles
|player|p1|Nael222|1|
|player|p2|SiTuM.|lucas|
|teamsize|p1|6
|teamsize|p2|6
|gen|8
|tier|[Gen 8] Ubers
|rule|Sleep Clause Mod: Limit one foe put to sleep
|rule|Species Clause: Limit one of each Pokémon
|rule|OHKO Clause: OHKO moves are banned
|rule|Evasion Items Clause: Evasion items are banned
|rule|Evasion Moves Clause: Evasion moves are banned
|rule|Endless Battle Clause: Forcing endless battles is banned
|rule|HP Percentage Mod: HP is shown in percentages
|rule|Dynamax Clause: You cannot dynamax
|clearpoke
|poke|p1|Slurpuff, F|
|poke|p1|Rayquaza|
|poke|p1|Calyrex-Shadow|
|poke|p1|Weavile, M|
|poke|p1|Yveltal|
|poke|p1|Necrozma-Dusk-Mane|
|poke|p2|Kyogre|
|poke|p2|Ho-Oh|
|poke|p2|Eternatus|
|poke|p2|Yveltal|
|poke|p2|Necrozma-Dusk-Mane|
|poke|p2|Landorus-Therian, M|
|teampreview
|inactive|Battle timer is ON: inactive players will automatically lose when time's up. (requested by SiTuM.)
|c|☆SiTuM.|que c'est étonnant
|j| tf
|inactive|Nael222 has 270 seconds left.
|inactive|SiTuM. has 270 seconds left.
|c|☆Nael222|Hf
|j| OmBrArch
|j| Sirwings
|l|☆Nael222
|inactive|Nael222 disconnected and has 300 seconds to reconnect!
|player|p1|
|j| Akeras
|j| Micciu20250
|j| Hyss
|j|☆Nael222
|inactive|Nael222 reconnected and has 265 seconds left.
|player|p1|Nael222|1
|j|+Dragonillis
|j| wertsd26
|j| salu c moi gaming
|c| OmBrArch|SItum
|j| fromage senpai
|j| AzZoCcX
|c| OmBrArch|on joue encore la qualif
|inactive|SiTuM. has 240 seconds left.
|j| LLLiolae
|l|☆Nael222
|inactive|Nael222 disconnected and has 295 seconds to reconnect!
|player|p1|
|j| Algeria
|inactive|SiTuM. has 210 seconds left.
|j| KSt3ve
|c| AzZoCcX|Ok il a déco
|c| AzZoCcX|c'est notre chance
|c|☆SiTuM.|le poulet est mort avec le sourire c'est un D
|
|t:|1666562797
|start
|switch|p1a: Slurpuff|Slurpuff, F|100/100
|switch|p2a: Landorus|Landorus-Therian, M|100/100
|-ability|p2a: Landorus|Intimidate|boost
|-unboost|p1a: Slurpuff|atk|1
|turn|1
|c| Hyss|inshAllah
|j|☆Nael222
|inactive|Nael222 reconnected and has 300 seconds left.
|player|p1|Nael222|1
|
|t:|1666562804
|move|p1a: Slurpuff|Sticky Web|p2a: Landorus
|-sidestart|p2: SiTuM.|move: Sticky Web
|move|p2a: Landorus|Stealth Rock|p1a: Slurpuff
|-sidestart|p1: Nael222|move: Stealth Rock
|
|upkeep
|turn|2
|j|@ironwater
|j| Zenomium
|j| oretliun
|
|t:|1666562820
|move|p1a: Slurpuff|Magic Coat|p1a: Slurpuff
|-singleturn|p1a: Slurpuff|move: Magic Coat
|move|p2a: Landorus|U-turn|p1a: Slurpuff
|-resisted|p1a: Slurpuff
|-damage|p1a: Slurpuff|86/100
|l| LLLiolae
|inactive|SiTuM. has 270 seconds left.
|
|t:|1666562826
|switch|p2a: Eternatus|Eternatus|100/100|[from]move: U-turn
|-ability|p2a: Eternatus|Pressure
|
|upkeep
|turn|3
|j| LLLiolae
|
|t:|1666562833
|move|p2a: Eternatus|Sludge Bomb|p1a: Slurpuff
|-supereffective|p1a: Slurpuff
|-damage|p1a: Slurpuff|0 fnt
|faint|p1a: Slurpuff
|
|upkeep
|
|t:|1666562838
|switch|p1a: Necrozma|Necrozma-Dusk-Mane|100/100
|-damage|p1a: Necrozma|95/100|[from] Stealth Rock
|turn|4
|j| lulu qlf
|j| Simia Brasse
|
|t:|1666562850
|switch|p2a: Kyogre|Kyogre|100/100
|-activate|p2a: Kyogre|move: Sticky Web
|-unboost|p2a: Kyogre|spe|1
|-weather|RainDance|[from] ability: Drizzle|[of] p2a: Kyogre
|move|p1a: Necrozma|Dragon Dance|p1a: Necrozma
|-boost|p1a: Necrozma|atk|1
|-boost|p1a: Necrozma|spe|1
|
|-weather|RainDance|[upkeep]
|upkeep
|turn|5
|
|t:|1666562855
|move|p1a: Necrozma|Earthquake|p2a: Kyogre
|-damage|p2a: Kyogre|56/100
|move|p2a: Kyogre|Scald|p1a: Necrozma
|-damage|p1a: Necrozma|37/100
|
|-weather|RainDance|[upkeep]
|-heal|p2a: Kyogre|62/100|[from] item: Leftovers
|upkeep
|turn|6
|c| Simia Brasse|on go après LLLiolae ?
|j| Mimilucha
|c| LLLiolae|Y
|c| Hyss|ouais
|c| Zenomium|Tu fais une erreur on la voit tous
|j| Osake
|j| BlazingDark
|
|t:|1666562877
|move|p1a: Necrozma|Earthquake|p2a: Kyogre
|-damage|p2a: Kyogre|16/100
|move|p2a: Kyogre|Rest|p2a: Kyogre
|-status|p2a: Kyogre|slp|[from] move: Rest
|-heal|p2a: Kyogre|100/100 slp|[silent]
|
|-weather|RainDance|[upkeep]
|upkeep
|turn|7
|
|t:|1666562884
|switch|p2a: Landorus|Landorus-Therian, M|100/100
|-ability|p2a: Landorus|Intimidate|boost
|-unboost|p1a: Necrozma|atk|1
|move|p1a: Necrozma|Dragon Dance|p1a: Necrozma
|-boost|p1a: Necrozma|atk|1
|-boost|p1a: Necrozma|spe|1
|
|-weather|RainDance|[upkeep]
|upkeep
|turn|8
|j| yovan33321
|
|t:|1666562887
|move|p1a: Necrozma|Sunsteel Strike|p2a: Landorus
|-damage|p2a: Landorus|26/100
|move|p2a: Landorus|Earthquake|p1a: Necrozma
|-supereffective|p1a: Necrozma
|-damage|p1a: Necrozma|0 fnt
|faint|p1a: Necrozma
|
|-weather|none
|-heal|p2a: Landorus|33/100|[from] item: Leftovers
|upkeep
|l| wertsd26
|
|t:|1666562897
|switch|p1a: Yveltal|Yveltal|100/100
|-damage|p1a: Yveltal|76/100|[from] Stealth Rock
|-ability|p1a: Yveltal|Dark Aura
|turn|9
|c| Zenomium|rien que les sets sont une erreur
|
|t:|1666562904
|switch|p2a: Eternatus|Eternatus|100/100
|-ability|p2a: Eternatus|Pressure
|move|p1a: Yveltal|Snarl|p2a: Eternatus|[miss]
|-miss|p1a: Yveltal|p2a: Eternatus
|
|upkeep
|turn|10
|j| Phxo'
|
|t:|1666562910
|move|p2a: Eternatus|Sludge Bomb|p1a: Yveltal
|-damage|p1a: Yveltal|39/100
|move|p1a: Yveltal|Snarl|p2a: Eternatus
|-damage|p2a: Eternatus|76/100
|-unboost|p2a: Eternatus|spa|1
|-enditem|p1a: Yveltal|Throat Spray
|-boost|p1a: Yveltal|spa|1|[from] item: Throat Spray
|
|upkeep
|turn|11
|
|t:|1666562917
|move|p1a: Yveltal|Oblivion Wing|p2a: Eternatus
|-damage|p2a: Eternatus|37/100
|-heal|p1a: Yveltal|74/100|[from] drain|[of] p2a: Eternatus
|move|p2a: Eternatus|Dragon Tail|p1a: Yveltal
|-damage|p1a: Yveltal|57/100
|drag|p1a: Calyrex|Calyrex-Shadow|100/100
|-ability|p1a: Calyrex|As One
|-ability|p1a: Calyrex|Unnerve
|-damage|p1a: Calyrex|88/100|[from] Stealth Rock
|
|upkeep
|turn|12
|
|t:|1666562926
|switch|p1a: Weavile|Weavile, M|100/100
|-damage|p1a: Weavile|76/100|[from] Stealth Rock
|-ability|p1a: Weavile|Pressure
|switch|p2a: Yveltal|Yveltal|100/100
|-ability|p2a: Yveltal|Dark Aura
|
|upkeep
|turn|13
|j| Hurtadoo
|
|t:|1666562937
|switch|p2a: Landorus|Landorus-Therian, M|33/100
|-ability|p2a: Landorus|Intimidate|boost
|-unboost|p1a: Weavile|atk|1
|move|p1a: Weavile|Swords Dance|p1a: Weavile
|-boost|p1a: Weavile|atk|2
|
|-heal|p2a: Landorus|39/100|[from] item: Leftovers
|upkeep
|turn|14
|
|t:|1666562945
|move|p1a: Weavile|Knock Off|p2a: Landorus
|-damage|p2a: Landorus|0 fnt
|-enditem|p2a: Landorus|Leftovers|[from] move: Knock Off|[of] p1a: Weavile
|faint|p2a: Landorus
|
|upkeep
|j| wertsd26
|inactive|SiTuM. has 270 seconds left.
|l| Mimilucha
|
|t:|1666562994
|switch|p2a: Ho-Oh|Ho-Oh|100/100
|turn|15
|j| SENPAZ
|l| Akeras
|
|t:|1666563006
|move|p1a: Weavile|Triple Axel|p2a: Ho-Oh
|-damage|p2a: Ho-Oh|90/100
|-hitcount|p2a: Ho-Oh|1
|move|p2a: Ho-Oh|Sacred Fire|p1a: Weavile
|-supereffective|p1a: Weavile
|-damage|p1a: Weavile|0 fnt
|faint|p1a: Weavile
|
|upkeep
|
|t:|1666563012
|switch|p1a: Rayquaza|Rayquaza|100/100
|-damage|p1a: Rayquaza|76/100|[from] Stealth Rock
|-ability|p1a: Rayquaza|Air Lock
|turn|16
|c| Hyss|pq Ho-Oh ça a pas flame body
|c| Hyss|c con
|inactive|SiTuM. has 270 seconds left.
|
|t:|1666563017
|move|p1a: Rayquaza|Swords Dance|p1a: Rayquaza
|-boost|p1a: Rayquaza|atk|2
|move|p2a: Ho-Oh|Thunder Wave|p1a: Rayquaza
|-status|p1a: Rayquaza|par
|-enditem|p1a: Rayquaza|Lum Berry|[eat]
|-curestatus|p1a: Rayquaza|par|[msg]
|
|upkeep
|turn|17
|
|t:|1666563029
|move|p1a: Rayquaza|Scale Shot|p2a: Ho-Oh|[miss]
|-miss|p1a: Rayquaza|p2a: Ho-Oh
|move|p2a: Ho-Oh|Brave Bird|p1a: Rayquaza
|-damage|p1a: Rayquaza|17/100
|-damage|p2a: Ho-Oh|74/100|[from] Recoil
|
|upkeep
|turn|18
|j|+Lasen
|c| AzZoCcX|eheheh
|j| Mimilucha
|c|+Lasen|tché
|c|☆Nael222|Trop bien ce move
|
|t:|1666563044
|move|p1a: Rayquaza|Scale Shot|p2a: Ho-Oh|[miss]
|-miss|p1a: Rayquaza|p2a: Ho-Oh
|move|p2a: Ho-Oh|Brave Bird|p1a: Rayquaza
|-damage|p1a: Rayquaza|0 fnt
|faint|p1a: Rayquaza
|-damage|p2a: Ho-Oh|69/100|[from] Recoil
|
|upkeep
|c| AzZoCcX|MDR
|c|☆SiTuM.|gg
|c| KSt3ve|bahahaha
|c| oretliun|ho,teux
|j| DL Ecca
|
|t:|1666563055
|switch|p1a: Yveltal|Yveltal|57/100
|-damage|p1a: Yveltal|33/100|[from] Stealth Rock
|-ability|p1a: Yveltal|Dark Aura
|turn|19
|l|+Lasen
|c| KSt3ve|le uber
|c| OmBrArch|oh le monde est avec nous
|c|☆SiTuM.|tu gagnais pas no offense
|c|☆SiTuM.|j'ai juste à mettre ndm
|c|☆SiTuM.|pour annuler le boost en speed
|l| Mimilucha
|
|t:|1666563073
|move|p1a: Yveltal|Dark Pulse|p2a: Ho-Oh
|-damage|p2a: Ho-Oh|40/100
|cant|p2a: Ho-Oh|flinch
|
|upkeep
|turn|20
|
|t:|1666563079
|move|p1a: Yveltal|Dark Pulse|p2a: Ho-Oh
|-damage|p2a: Ho-Oh|10/100
|move|p2a: Ho-Oh|Brave Bird|p1a: Yveltal
|-damage|p1a: Yveltal|0 fnt
|faint|p1a: Yveltal
|-damage|p2a: Ho-Oh|0 fnt|[from] Recoil
|faint|p2a: Ho-Oh
|
|upkeep
|
|t:|1666563083
|switch|p1a: Calyrex|Calyrex-Shadow|88/100
|switch|p2a: Yveltal|Yveltal|100/100
|-ability|p1a: Calyrex|As One
|-ability|p1a: Calyrex|Unnerve
|-damage|p1a: Calyrex|76/100|[from] Stealth Rock
|-ability|p2a: Yveltal|Dark Aura
|turn|21
|
|t:|1666563086
|move|p1a: Calyrex|Draining Kiss|p2a: Yveltal
|-supereffective|p2a: Yveltal
|-damage|p2a: Yveltal|79/100
|-heal|p1a: Calyrex|97/100|[from] drain|[of] p2a: Yveltal
|move|p2a: Yveltal|Knock Off|p1a: Calyrex
|-supereffective|p1a: Calyrex
|-damage|p1a: Calyrex|0 fnt
|-enditem|p1a: Calyrex|Focus Sash|[from] move: Knock Off|[of] p2a: Yveltal
|faint|p1a: Calyrex
|
|win|SiTuM.
|l| DL Ecca
|c|☆Nael222|Gg
|l| Micciu20250
|l| salu c moi gaming
|j| zftfctzdfof
|l| Osake
|l| SENPAZ
|l|☆SiTuM.
|j| SENPAZ
|l| Algeria
|l| AzZoCcX
|l| SENPAZ
|l| yovan33321
|l| LLLiolae
|l| oretliun
|l| Phxo'
|l| BlazingDark
|l| Zenomium
|l| wertsd26
|l| KSt3ve
|l|☆Nael222
|l| fromage senpai
