|j|☆cxcould
|j|☆Mscollsd
|t:|1634917518
|gametype|singles
|player|p1|cxcould|dawn|1514
|player|p2|Mscollsd|1|1474
|teamsize|p1|6
|teamsize|p2|6
|gen|8
|tier|[Gen 8] Ubers
|rated|
|rule|Sleep Clause Mod: Limit one foe put to sleep
|rule|Species Clause: Limit one of each Pokémon
|rule|OHKO Clause: OHKO moves are banned
|rule|Evasion Moves Clause: Evasion moves are banned
|rule|Endless Battle Clause: Forcing endless battles is banned
|rule|HP Percentage Mod: HP is shown in percentages
|rule|Dynamax Clause: You cannot dynamax
|clearpoke
|poke|p1|Toxapex, F|
|poke|p1|Tyranitar, F|
|poke|p1|Ho-Oh|
|poke|p1|Quagsire, F|
|poke|p1|Blissey, F|
|poke|p1|Skarmory, F|
|poke|p2|Yveltal|
|poke|p2|Necrozma-Dusk-Mane|
|poke|p2|Xerneas-*|
|poke|p2|Zygarde|
|poke|p2|Marshadow|
|poke|p2|Weavile, F|
|teampreview
|inactive|Battle timer is ON: inactive players will automatically lose when time's up. (requested by cxcould)
|
|t:|1634917526
|start
|switch|p1a: Skarmory|Skarmory, F|100/100
|switch|p2a: Weavile|Weavile, F|100/100
|turn|1
|
|t:|1634917536
|move|p2a: Weavile|Swords Dance|p2a: Weavile
|-boost|p2a: Weavile|atk|2
|move|p1a: Skarmory|Body Press|p2a: Weavile
|-supereffective|p2a: Weavile
|-enditem|p2a: Weavile|Focus Sash
|-damage|p2a: Weavile|1/100
|-enditem|p1a: Skarmory|Leftovers|[silent]|[from] ability: Pickpocket|[of] p1a: Skarmory
|-item|p2a: Weavile|Leftovers|[from] ability: Pickpocket|[of] p1a: Skarmory
|
|-heal|p2a: Weavile|7/100|[from] item: Leftovers
|upkeep
|turn|2
|
|t:|1634917542
|move|p2a: Weavile|Beat Up|p1a: Skarmory
|-damage|p1a: Skarmory|90/100
|-damage|p1a: Skarmory|78/100
|-damage|p1a: Skarmory|68/100
|-damage|p1a: Skarmory|59/100
|-damage|p1a: Skarmory|48/100
|-damage|p1a: Skarmory|37/100
|-hitcount|p1a: Skarmory|6
|move|p1a: Skarmory|Body Press|p2a: Weavile
|-supereffective|p2a: Weavile
|-damage|p2a: Weavile|0 fnt
|faint|p2a: Weavile
|
|upkeep
|
|t:|1634917559
|switch|p2a: Zygarde|Zygarde|100/100
|turn|3
|
|t:|1634917573
|switch|p1a: Quagsire|Quagsire, F|100/100
|move|p2a: Zygarde|Dragon Dance|p2a: Zygarde
|-boost|p2a: Zygarde|atk|1
|-boost|p2a: Zygarde|spe|1
|
|upkeep
|turn|4
|
|t:|1634917578
|move|p2a: Zygarde|Glare|p1a: Quagsire
|-status|p1a: Quagsire|par
|move|p1a: Quagsire|Ice Beam|p2a: Zygarde
|-supereffective|p2a: Zygarde
|-damage|p2a: Zygarde|39/100
|
|-activate|p2a: Zygarde|ability: Power Construct
|detailschange|p2a: Zygarde|Zygarde-Complete
|-heal|p2a: Zygarde|62/100|[silent]
|upkeep
|turn|5
|
|t:|1634917593
|move|p2a: Zygarde|Thousand Arrows|p1a: Quagsire
|-damage|p1a: Quagsire|72/100 par
|move|p1a: Quagsire|Ice Beam|p2a: Zygarde
|-supereffective|p2a: Zygarde
|-damage|p2a: Zygarde|29/100
|
|-heal|p1a: Quagsire|78/100 par|[from] item: Leftovers
|upkeep
|turn|6
|
|t:|1634917606
|switch|p2a: Yveltal|Yveltal|100/100
|-ability|p2a: Yveltal|Dark Aura
|move|p1a: Quagsire|Recover|p1a: Quagsire
|-heal|p1a: Quagsire|100/100 par
|
|upkeep
|turn|7
|
|t:|1634917614
|switch|p1a: Tyranitar|Tyranitar, F|100/100
|-weather|Sandstorm|[from] ability: Sand Stream|[of] p1a: Tyranitar
|move|p2a: Yveltal|Knock Off|p1a: Tyranitar
|-resisted|p1a: Tyranitar
|-damage|p1a: Tyranitar|72/100
|-enditem|p1a: Tyranitar|Leftovers|[from] move: Knock Off|[of] p2a: Yveltal
|-damage|p2a: Yveltal|91/100|[from] item: Life Orb
|
|-weather|Sandstorm|[upkeep]
|-damage|p2a: Yveltal|85/100|[from] Sandstorm
|upkeep
|turn|8
|
|t:|1634917623
|switch|p2a: Necrozma|Necrozma-Dusk-Mane|100/100
|move|p1a: Tyranitar|Stealth Rock|p2a: Necrozma
|-sidestart|p2: Mscollsd|move: Stealth Rock
|
|-weather|Sandstorm|[upkeep]
|upkeep
|turn|9
|
|t:|1634917627
|switch|p1a: Skarmory|Skarmory, F|37/100
|move|p2a: Necrozma|Dragon Dance|p2a: Necrozma
|-boost|p2a: Necrozma|atk|1
|-boost|p2a: Necrozma|spe|1
|
|-weather|Sandstorm|[upkeep]
|upkeep
|turn|10
|
|t:|1634917639
|move|p2a: Necrozma|Rock Blast|p1a: Skarmory
|-damage|p1a: Skarmory|29/100
|-damage|p1a: Skarmory|19/100
|-damage|p1a: Skarmory|11/100
|-damage|p1a: Skarmory|2/100
|-hitcount|p1a: Skarmory|4
|move|p1a: Skarmory|Roost|p1a: Skarmory
|-heal|p1a: Skarmory|52/100
|-singleturn|p1a: Skarmory|move: Roost
|
|-weather|Sandstorm|[upkeep]
|upkeep
|turn|11
|
|t:|1634917648
|switch|p1a: Quagsire|Quagsire, F|100/100 par
|move|p2a: Necrozma|Dragon Dance|p2a: Necrozma
|-boost|p2a: Necrozma|atk|1
|-boost|p2a: Necrozma|spe|1
|
|-weather|none
|upkeep
|turn|12
|j| whitefox233
|
|t:|1634917671
|move|p2a: Necrozma|Sunsteel Strike|p1a: Quagsire
|-resisted|p1a: Quagsire
|-damage|p1a: Quagsire|62/100 par
|cant|p1a: Quagsire|par
|
|-heal|p1a: Quagsire|69/100 par|[from] item: Leftovers
|upkeep
|turn|13
|
|t:|1634917678
|move|p2a: Necrozma|Sunsteel Strike|p1a: Quagsire
|-resisted|p1a: Quagsire
|-damage|p1a: Quagsire|30/100 par
|move|p1a: Quagsire|Recover|p1a: Quagsire
|-heal|p1a: Quagsire|80/100 par
|
|-heal|p1a: Quagsire|87/100 par|[from] item: Leftovers
|upkeep
|turn|14
|
|t:|1634917689
|move|p2a: Necrozma|Dragon Dance|p2a: Necrozma
|-boost|p2a: Necrozma|atk|1
|-boost|p2a: Necrozma|spe|1
|move|p1a: Quagsire|Counter||[still]
|-fail|p1a: Quagsire
|
|-heal|p1a: Quagsire|93/100 par|[from] item: Leftovers
|upkeep
|turn|15
|
|t:|1634917694
|move|p2a: Necrozma|Dragon Dance|p2a: Necrozma
|-boost|p2a: Necrozma|atk|1
|-boost|p2a: Necrozma|spe|1
|move|p1a: Quagsire|Counter||[still]
|-fail|p1a: Quagsire
|
|-heal|p1a: Quagsire|99/100 par|[from] item: Leftovers
|upkeep
|turn|16
|
|t:|1634917698
|move|p2a: Necrozma|Earthquake|p1a: Quagsire
|-damage|p1a: Quagsire|70/100 par
|move|p1a: Quagsire|Counter|p2a: Necrozma
|-damage|p2a: Necrozma|32/100
|
|-heal|p1a: Quagsire|76/100 par|[from] item: Leftovers
|upkeep
|turn|17
|
|t:|1634917706
|switch|p2a: Yveltal|Yveltal|85/100
|-damage|p2a: Yveltal|60/100|[from] Stealth Rock
|-ability|p2a: Yveltal|Dark Aura
|cant|p1a: Quagsire|par
|
|-heal|p1a: Quagsire|82/100 par|[from] item: Leftovers
|upkeep
|turn|18
|
|t:|1634917722
|switch|p1a: Tyranitar|Tyranitar, F|72/100
|-weather|Sandstorm|[from] ability: Sand Stream|[of] p1a: Tyranitar
|move|p2a: Yveltal|Defog|p1a: Tyranitar
|-unboost|p1a: Tyranitar|evasion|1
|-sideend|p2: Mscollsd|Stealth Rock|[from] move: Defog|[of] p2a: Yveltal
|
|-weather|Sandstorm|[upkeep]
|-damage|p2a: Yveltal|54/100|[from] Sandstorm
|upkeep
|turn|19
|
|t:|1634917727
|switch|p2a: Zygarde|Zygarde-Complete|29/100
|move|p1a: Tyranitar|Stealth Rock|p2a: Zygarde
|-sidestart|p2: Mscollsd|move: Stealth Rock
|
|-weather|Sandstorm|[upkeep]
|upkeep
|turn|20
|
|t:|1634917744
|switch|p1a: Quagsire|Quagsire, F|82/100 par
|move|p2a: Zygarde|Thousand Arrows|p1a: Quagsire
|-damage|p1a: Quagsire|54/100 par
|
|-weather|Sandstorm|[upkeep]
|-heal|p1a: Quagsire|60/100 par|[from] item: Leftovers
|upkeep
|turn|21
|
|t:|1634917751
|switch|p2a: Yveltal|Yveltal|54/100
|-damage|p2a: Yveltal|29/100|[from] Stealth Rock
|-ability|p2a: Yveltal|Dark Aura
|move|p1a: Quagsire|Recover|p1a: Quagsire
|-heal|p1a: Quagsire|100/100 par
|
|-weather|Sandstorm|[upkeep]
|-damage|p2a: Yveltal|23/100|[from] Sandstorm
|upkeep
|turn|22
|
|t:|1634917759
|switch|p1a: Tyranitar|Tyranitar, F|72/100
|move|p2a: Yveltal|Knock Off|p1a: Tyranitar
|-resisted|p1a: Tyranitar
|-damage|p1a: Tyranitar|52/100
|-damage|p2a: Yveltal|13/100|[from] item: Life Orb
|
|-weather|none
|upkeep
|turn|23
|
|t:|1634917764
|move|p2a: Yveltal|Defog|p1a: Tyranitar
|-unboost|p1a: Tyranitar|evasion|1
|-sideend|p2: Mscollsd|Stealth Rock|[from] move: Defog|[of] p2a: Yveltal
|move|p1a: Tyranitar|Dragon Tail|p2a: Yveltal
|-damage|p2a: Yveltal|0 fnt
|faint|p2a: Yveltal
|
|upkeep
|
|t:|1634917781
|switch|p2a: Xerneas|Xerneas|100/100
|-ability|p2a: Xerneas|Fairy Aura
|turn|24
|
|t:|1634917794
|move|p2a: Xerneas|Geomancy||[still]
|-prepare|p2a: Xerneas|Geomancy
|-enditem|p2a: Xerneas|Power Herb
|-anim|p2a: Xerneas|Geomancy|p2a: Xerneas
|-boost|p2a: Xerneas|spa|2
|-boost|p2a: Xerneas|spd|2
|-boost|p2a: Xerneas|spe|2
|move|p1a: Tyranitar|Snarl|p2a: Xerneas
|-resisted|p2a: Xerneas
|-damage|p2a: Xerneas|97/100
|-unboost|p2a: Xerneas|spa|1
|
|upkeep
|turn|25
|
|t:|1634917807
|switch|p1a: Ho-Oh|Ho-Oh|100/100
|move|p2a: Xerneas|Moonblast|p1a: Ho-Oh
|-resisted|p1a: Ho-Oh
|-damage|p1a: Ho-Oh|72/100
|
|upkeep
|turn|26
|
|t:|1634917813
|move|p2a: Xerneas|Thunderbolt|p1a: Ho-Oh
|-supereffective|p1a: Ho-Oh
|-damage|p1a: Ho-Oh|22/100
|move|p1a: Ho-Oh|Toxic|p2a: Xerneas
|-status|p2a: Xerneas|tox
|
|-damage|p2a: Xerneas|91/100 tox|[from] psn
|upkeep
|turn|27
|
|t:|1634917819
|switch|p1a: Blissey|Blissey, F|100/100
|move|p2a: Xerneas|Moonblast|p1a: Blissey
|-damage|p1a: Blissey|71/100
|
|-damage|p2a: Xerneas|78/100 tox|[from] psn
|upkeep
|turn|28
|
|t:|1634917832
|move|p2a: Xerneas|Moonblast|p1a: Blissey
|-damage|p1a: Blissey|45/100
|move|p1a: Blissey|Soft-Boiled|p1a: Blissey
|-heal|p1a: Blissey|95/100
|
|-damage|p2a: Xerneas|60/100 tox|[from] psn
|upkeep
|turn|29
|
|t:|1634917836
|switch|p2a: Marshadow|Marshadow|100/100
|move|p1a: Blissey|Confide|p2a: Marshadow
|-unboost|p2a: Marshadow|spa|1
|
|upkeep
|turn|30
|
|t:|1634917840
|switch|p1a: Toxapex|Toxapex, F|100/100
|move|p2a: Marshadow|Bulk Up|p2a: Marshadow
|-boost|p2a: Marshadow|atk|1
|-boost|p2a: Marshadow|def|1
|
|upkeep
|turn|31
|
|t:|1634917854
|switch|p2a: Necrozma|Necrozma-Dusk-Mane|32/100
|move|p1a: Toxapex|Pain Split|p2a: Necrozma
|-sethp|p2a: Necrozma|56/100|[from] move: Pain Split|[silent]
|-sethp|p1a: Toxapex|70/100|[from] move: Pain Split
|
|-heal|p1a: Toxapex|76/100|[from] item: Black Sludge
|upkeep
|turn|32
|
|t:|1634917860
|switch|p1a: Quagsire|Quagsire, F|100/100 par
|move|p2a: Necrozma|Dragon Dance|p2a: Necrozma
|-boost|p2a: Necrozma|atk|1
|-boost|p2a: Necrozma|spe|1
|
|upkeep
|turn|33
|
|t:|1634917880
|switch|p2a: Xerneas|Xerneas|60/100 tox
|-ability|p2a: Xerneas|Fairy Aura
|move|p1a: Quagsire|Ice Beam|p2a: Xerneas
|-damage|p2a: Xerneas|47/100 tox
|
|-damage|p2a: Xerneas|41/100 tox|[from] psn
|upkeep
|turn|34
|
|t:|1634917887
|switch|p1a: Toxapex|Toxapex, F|100/100
|move|p2a: Xerneas|Moonblast|p1a: Toxapex
|-resisted|p1a: Toxapex
|-damage|p1a: Toxapex|77/100
|
|-heal|p1a: Toxapex|83/100|[from] item: Black Sludge
|-damage|p2a: Xerneas|29/100 tox|[from] psn
|upkeep
|turn|35
|
|t:|1634917892
|move|p2a: Xerneas|Thunderbolt|p1a: Toxapex
|-supereffective|p1a: Toxapex
|-damage|p1a: Toxapex|30/100
|move|p1a: Toxapex|Toxic Spikes|p2a: Xerneas
|-sidestart|p2: Mscollsd|move: Toxic Spikes
|
|-heal|p1a: Toxapex|36/100|[from] item: Black Sludge
|-damage|p2a: Xerneas|10/100 tox|[from] psn
|upkeep
|turn|36
|
|t:|1634917900
|switch|p1a: Blissey|Blissey, F|95/100
|move|p2a: Xerneas|Moonblast|p1a: Blissey
|-damage|p1a: Blissey|77/100
|
|-damage|p2a: Xerneas|0 fnt|[from] psn
|faint|p2a: Xerneas
|upkeep
|-message|Mscollsd forfeited.
|
|win|cxcould
|raw|cxcould's rating: 1514 &rarr; <strong>1531</strong><br />(+17 for winning)
|raw|Mscollsd's rating: 1456 &rarr; <strong>1439</strong><br />(-17 for losing)
|l|☆Mscollsd
|l|☆cxcould
||Ladder isn't responding, score probably updated but might not have (Request timeout).
