|j|☆LowkeyLokei
|j|☆TogeBirl HQ
|t:|1659034870
|gametype|singles
|player|p1|LowkeyLokei|melony|1333
|player|p2|TogeBirl HQ|jogger|1559
|teamsize|p1|6
|teamsize|p2|6
|gen|8
|tier|[Gen 8] Ubers
|rated|
|rule|Sleep Clause Mod: Limit one foe put to sleep
|rule|Species Clause: Limit one of each Pokémon
|rule|OHKO Clause: OHKO moves are banned
|rule|Evasion Moves Clause: Evasion moves are banned
|rule|Endless Battle Clause: Forcing endless battles is banned
|rule|HP Percentage Mod: HP is shown in percentages
|rule|Dynamax Clause: You cannot dynamax
|clearpoke
|poke|p1|Reshiram|
|poke|p1|Groudon|
|poke|p1|Ho-Oh|
|poke|p1|Ferrothorn, M|
|poke|p1|Yveltal|
|poke|p1|Naganadel|
|poke|p2|Urshifu-*, M|
|poke|p2|Calyrex-Shadow|
|poke|p2|Eternatus|
|poke|p2|Necrozma-Dusk-Mane|
|poke|p2|Yveltal|
|poke|p2|Ho-Oh|
|teampreview
|
|t:|1659034891
|start
|switch|p1a: Ferrothorn|Ferrothorn, M, shiny|100/100
|switch|p2a: Calyrex|Calyrex-Shadow|100/100
|-ability|p2a: Calyrex|As One
|-ability|p2a: Calyrex|Unnerve
|turn|1
|
|t:|1659034913
|switch|p1a: Yveltal|Yveltal|100/100
|-ability|p1a: Yveltal|Dark Aura
|move|p2a: Calyrex|Astral Barrage|p1a: Yveltal
|-resisted|p1a: Yveltal
|-damage|p1a: Yveltal|44/100
|
|upkeep
|turn|2
|
|t:|1659034928
|switch|p2a: Eternatus|Eternatus|100/100
|-ability|p2a: Eternatus|Pressure
|move|p1a: Yveltal|Sucker Punch||[still]
|-fail|p1a: Yveltal
|
|upkeep
|turn|3
|
|t:|1659034939
|switch|p1a: Ho-Oh|Ho-Oh, shiny|100/100
|move|p2a: Eternatus|Dynamax Cannon|p1a: Ho-Oh
|-damage|p1a: Ho-Oh|76/100
|
|upkeep
|turn|4
|
|t:|1659034945
|move|p2a: Eternatus|Toxic|p1a: Ho-Oh
|-status|p1a: Ho-Oh|tox
|move|p1a: Ho-Oh|Thunder Wave|p2a: Eternatus
|-status|p2a: Eternatus|par
|
|-damage|p1a: Ho-Oh|70/100 tox|[from] psn
|upkeep
|turn|5
|
|t:|1659034958
|switch|p1a: Reshiram|Reshiram, shiny|100/100
|-ability|p1a: Reshiram|Turboblaze
|switch|p2a: Ho-Oh|Ho-Oh|100/100
|
|upkeep
|turn|6
|j| Lightning of Heart
|j| She is a Male
|
|t:|1659035022
|switch|p1a: Yveltal|Yveltal|44/100
|-ability|p1a: Yveltal|Dark Aura
|move|p2a: Ho-Oh|Whirlwind|p1a: Yveltal
|drag|p1a: Ferrothorn|Ferrothorn, M, shiny|100/100
|
|upkeep
|turn|7
|
|t:|1659035038
|switch|p2a: Urshifu|Urshifu, M|100/100
|switch|p1a: Yveltal|Yveltal|44/100
|-ability|p1a: Yveltal|Dark Aura
|
|upkeep
|turn|8
|
|t:|1659035049
|switch|p2a: Ho-Oh|Ho-Oh|100/100
|move|p1a: Yveltal|Oblivion Wing|p2a: Ho-Oh
|-damage|p2a: Ho-Oh|71/100
|-heal|p1a: Yveltal|67/100|[from] drain|[of] p2a: Ho-Oh
|-damage|p1a: Yveltal|57/100|[from] item: Life Orb
|
|upkeep
|turn|9
|
|t:|1659035059
|move|p1a: Yveltal|Dark Pulse|p2a: Ho-Oh
|-damage|p2a: Ho-Oh|30/100
|-damage|p1a: Yveltal|47/100|[from] item: Life Orb
|move|p2a: Ho-Oh|Sacred Fire|p1a: Yveltal
|-damage|p1a: Yveltal|7/100
|
|upkeep
|turn|10
|
|t:|1659035068
|switch|p2a: Necrozma|Necrozma-Dusk-Mane|100/100
|move|p1a: Yveltal|Oblivion Wing|p2a: Necrozma
|-resisted|p2a: Necrozma
|-damage|p2a: Necrozma|78/100
|-heal|p1a: Yveltal|24/100|[from] drain|[of] p2a: Necrozma
|-damage|p1a: Yveltal|14/100|[from] item: Life Orb
|
|-heal|p2a: Necrozma|84/100|[from] item: Leftovers
|upkeep
|turn|11
|
|t:|1659035078
|switch|p1a: Ho-Oh|Ho-Oh, shiny|100/100 tox
|switch|p2a: Urshifu|Urshifu, M|100/100
|
|-damage|p1a: Ho-Oh|94/100 tox|[from] psn
|upkeep
|turn|12
|
|t:|1659035084
|move|p2a: Urshifu|Wicked Blow|p1a: Ho-Oh
|-crit|p1a: Ho-Oh
|-damage|p1a: Ho-Oh|29/100 tox
|move|p1a: Ho-Oh|Sacred Fire|p2a: Urshifu
|-damage|p2a: Urshifu|55/100
|
|-damage|p1a: Ho-Oh|17/100 tox|[from] psn
|upkeep
|turn|13
|
|t:|1659035093
|move|p2a: Urshifu|Wicked Blow|p1a: Ho-Oh
|-crit|p1a: Ho-Oh
|-damage|p1a: Ho-Oh|0 fnt
|faint|p1a: Ho-Oh
|
|upkeep
|
|t:|1659035102
|switch|p1a: Yveltal|Yveltal|14/100
|-ability|p1a: Yveltal|Dark Aura
|turn|14
|
|t:|1659035113
|switch|p2a: Ho-Oh|Ho-Oh|64/100
|move|p1a: Yveltal|Dark Pulse|p2a: Ho-Oh
|-damage|p2a: Ho-Oh|27/100
|-damage|p1a: Yveltal|4/100|[from] item: Life Orb
|
|upkeep
|turn|15
|
|t:|1659035125
|switch|p2a: Necrozma|Necrozma-Dusk-Mane|84/100
|move|p1a: Yveltal|Dark Pulse|p2a: Necrozma
|-supereffective|p2a: Necrozma
|-damage|p2a: Necrozma|0 fnt
|faint|p2a: Necrozma
|-damage|p1a: Yveltal|0 fnt|[from] item: Life Orb
|faint|p1a: Yveltal
|
|upkeep
|
|t:|1659035138
|switch|p1a: Groudon|Groudon, shiny|100/100
|switch|p2a: Calyrex|Calyrex-Shadow|100/100
|-ability|p2a: Calyrex|As One
|-ability|p2a: Calyrex|Unnerve
|-weather|SunnyDay|[from] ability: Drought|[of] p1a: Groudon
|turn|16
|
|t:|1659035147
|move|p2a: Calyrex|Astral Barrage|p1a: Groudon
|-damage|p1a: Groudon|0 fnt
|faint|p1a: Groudon
|-ability|p2a: Calyrex|Grim Neigh|boost
|-boost|p2a: Calyrex|spa|1
|
|-weather|SunnyDay|[upkeep]
|upkeep
|-message|LowkeyLokei forfeited.
|
|win|TogeBirl HQ
|raw|LowkeyLokei's rating: 1333 &rarr; <strong>1324</strong><br />(-9 for losing)
|raw|TogeBirl HQ's rating: 1559 &rarr; <strong>1568</strong><br />(+9 for winning)
|l|☆LowkeyLokei
|c|☆TogeBirl HQ|Good game
|c|☆TogeBirl HQ|And hello there people
||Ladder isn't responding, score probably updated but might not have (Request timeout).
