|j|☆ok sir
|j|☆GEDO RINNE TENSEI
|player|p1|ok sir|elesa|1432
|player|p2|GEDO RINNE TENSEI|170|1483
|teamsize|p1|6
|teamsize|p2|6
|gametype|singles
|gen|8
|tier|[Gen 8] Ubers
|rated|
|clearpoke
|poke|p1|Marshadow|
|poke|p1|Eternatus|
|poke|p1|Kyurem-White|
|poke|p1|Ditto|
|poke|p1|Lunala|
|poke|p1|Ferrothorn, F|
|poke|p2|Kyurem-Black|
|poke|p2|Lucario, F|
|poke|p2|Araquanid, M|
|poke|p2|Necrozma-Dusk-Mane|
|poke|p2|Marshadow|
|poke|p2|Zacian-Crowned|
|rule|Sleep Clause Mod: Limit one foe put to sleep
|rule|Species Clause: Limit one of each Pokémon
|rule|OHKO Clause: OHKO moves are banned
|rule|Evasion Moves Clause: Evasion moves are banned
|rule|Endless Battle Clause: Forcing endless battles is banned
|rule|HP Percentage Mod: HP is shown in percentages
|teampreview
|inactive|Battle timer is ON: inactive players will automatically lose when time's up. (requested by GEDO RINNE TENSEI)
|
|start
|switch|p1a: Ferrothorn|Ferrothorn, F|100/100
|switch|p2a: Araquanid|Araquanid, M|100/100
|turn|1
|
|move|p2a: Araquanid|Sticky Web|p1a: Ferrothorn
|-sidestart|p1: ok sir|move: Sticky Web
|move|p1a: Ferrothorn|Knock Off|p2a: Araquanid
|-damage|p2a: Araquanid|84/100
|-enditem|p2a: Araquanid|Red Card|[from] move: Knock Off|[of] p1a: Ferrothorn
|
|upkeep
|turn|2
|
|switch|p2a: Zacian|Zacian-Crowned|100/100
|-ability|p2a: Zacian|Intrepid Sword|boost
|-boost|p2a: Zacian|atk|1
|move|p1a: Ferrothorn|Leech Seed|p2a: Zacian
|-start|p2a: Zacian|move: Leech Seed
|
|-damage|p2a: Zacian|88/100|[from] Leech Seed|[of] p1a: Ferrothorn
|upkeep
|turn|3
|
|switch|p2a: Marshadow|Marshadow|100/100
|move|p1a: Ferrothorn|Spikes|p2a: Marshadow
|-sidestart|p2: GEDO RINNE TENSEI|Spikes
|
|upkeep
|turn|4
|
|-start|p2a: Marshadow|Dynamax
|-heal|p2a: Marshadow|100/100|[silent]
|move|p1a: Ferrothorn|Protect|p1a: Ferrothorn
|-singleturn|p1a: Ferrothorn|Protect
|move|p2a: Marshadow|Max Knuckle|p1a: Ferrothorn
|-supereffective|p1a: Ferrothorn
|-zbroken|p1a: Ferrothorn
|-damage|p1a: Ferrothorn|86/100
|-boost|p2a: Marshadow|atk|1
|
|-heal|p1a: Ferrothorn|93/100|[from] item: Leftovers
|upkeep
|turn|5
|
|switch|p1a: Lunala|Lunala|100/100
|move|p2a: Marshadow|Max Phantasm|p1a: Lunala
|-supereffective|p1a: Lunala
|-damage|p1a: Lunala|0 fnt
|faint|p1a: Lunala
|
|upkeep
|
|switch|p1a: Ferrothorn|Ferrothorn, F|93/100
|-activate|p1a: Ferrothorn|move: Sticky Web
|-unboost|p1a: Ferrothorn|spe|1
|turn|6
|
|move|p2a: Marshadow|Max Knuckle|p1a: Ferrothorn
|-supereffective|p1a: Ferrothorn
|-damage|p1a: Ferrothorn|12/100
|-boost|p2a: Marshadow|atk|1
|move|p1a: Ferrothorn|Leech Seed|p2a: Marshadow
|-start|p2a: Marshadow|move: Leech Seed
|
|-heal|p1a: Ferrothorn|19/100|[from] item: Leftovers
|-damage|p2a: Marshadow|94/100|[from] Leech Seed|[of] p1a: Ferrothorn
|-heal|p1a: Ferrothorn|30/100|[silent]
|-end|p2a: Marshadow|Dynamax
|-heal|p2a: Marshadow|94/100|[silent]
|upkeep
|turn|7
|
|switch|p2a: Necrozma|Necrozma-Dusk-Mane|100/100
|-damage|p2a: Necrozma|88/100|[from] Spikes
|move|p1a: Ferrothorn|Protect||[still]
|-fail|p1a: Ferrothorn
|
|-heal|p1a: Ferrothorn|36/100|[from] item: Leftovers
|upkeep
|turn|8
|
|move|p2a: Necrozma|Earthquake|p1a: Ferrothorn
|-damage|p1a: Ferrothorn|9/100
|move|p1a: Ferrothorn|Leech Seed|p2a: Necrozma
|-start|p2a: Necrozma|move: Leech Seed
|
|-heal|p1a: Ferrothorn|16/100|[from] item: Leftovers
|-damage|p2a: Necrozma|76/100|[from] Leech Seed|[of] p1a: Ferrothorn
|-heal|p1a: Ferrothorn|29/100|[silent]
|upkeep
|turn|9
|
|move|p2a: Necrozma|Earthquake|p1a: Ferrothorn
|-damage|p1a: Ferrothorn|2/100
|move|p1a: Ferrothorn|Spikes|p2a: Necrozma
|-sidestart|p2: GEDO RINNE TENSEI|Spikes
|
|-heal|p1a: Ferrothorn|8/100|[from] item: Leftovers
|-damage|p2a: Necrozma|63/100|[from] Leech Seed|[of] p1a: Ferrothorn
|-heal|p1a: Ferrothorn|21/100|[silent]
|upkeep
|turn|10
|
|move|p1a: Ferrothorn|Protect|p1a: Ferrothorn
|-singleturn|p1a: Ferrothorn|Protect
|move|p2a: Necrozma|Earthquake|p1a: Ferrothorn
|-activate|p1a: Ferrothorn|move: Protect
|
|-heal|p1a: Ferrothorn|27/100|[from] item: Leftovers
|-damage|p2a: Necrozma|51/100|[from] Leech Seed|[of] p1a: Ferrothorn
|-heal|p1a: Ferrothorn|41/100|[silent]
|upkeep
|turn|11
|
|switch|p2a: Lucario|Lucario, F|100/100
|-damage|p2a: Lucario|84/100|[from] Spikes
|move|p1a: Ferrothorn|Spikes|p2a: Lucario
|-sidestart|p2: GEDO RINNE TENSEI|Spikes
|
|-heal|p1a: Ferrothorn|47/100|[from] item: Leftovers
|upkeep
|turn|12
|
|move|p1a: Ferrothorn|Protect|p1a: Ferrothorn
|-singleturn|p1a: Ferrothorn|Protect
|move|p2a: Lucario|Dark Pulse|p1a: Ferrothorn
|-activate|p1a: Ferrothorn|move: Protect
|
|-heal|p1a: Ferrothorn|53/100|[from] item: Leftovers
|upkeep
|turn|13
|
|move|p2a: Lucario|Dark Pulse|p1a: Ferrothorn
|-damage|p1a: Ferrothorn|20/100
|move|p1a: Ferrothorn|Leech Seed|p2a: Lucario|[miss]
|-miss|p1a: Ferrothorn|p2a: Lucario
|
|-heal|p1a: Ferrothorn|26/100|[from] item: Leftovers
|upkeep
|turn|14
|
|move|p1a: Ferrothorn|Protect|p1a: Ferrothorn
|-singleturn|p1a: Ferrothorn|Protect
|move|p2a: Lucario|Dark Pulse|p1a: Ferrothorn
|-activate|p1a: Ferrothorn|move: Protect
|
|-heal|p1a: Ferrothorn|32/100|[from] item: Leftovers
|upkeep
|turn|15
|
|move|p2a: Lucario|Dark Pulse|p1a: Ferrothorn
|-damage|p1a: Ferrothorn|0 fnt
|faint|p1a: Ferrothorn
|
|upkeep
|
|switch|p1a: Eternatus|Eternatus|100/100
|-activate|p1a: Eternatus|move: Sticky Web
|-unboost|p1a: Eternatus|spe|1
|-ability|p1a: Eternatus|Pressure
|turn|16
|
|switch|p2a: Araquanid|Araquanid, M|84/100
|-damage|p2a: Araquanid|59/100|[from] Spikes
|move|p1a: Eternatus|Flamethrower|p2a: Araquanid
|-damage|p2a: Araquanid|41/100
|-damage|p1a: Eternatus|91/100|[from] item: Life Orb
|
|upkeep
|turn|17
|
|move|p1a: Eternatus|Dynamax Cannon|p2a: Araquanid
|-damage|p2a: Araquanid|0 fnt
|-damage|p1a: Eternatus|81/100|[from] item: Life Orb
|faint|p2a: Araquanid
|
|upkeep
|
|switch|p2a: Kyurem|Kyurem-Black|100/100
|-damage|p2a: Kyurem|76/100|[from] Spikes
|-ability|p2a: Kyurem|Teravolt
|turn|18
|
|move|p2a: Kyurem|Icicle Spear|p1a: Eternatus
|-supereffective|p1a: Eternatus
|-damage|p1a: Eternatus|40/100
|-supereffective|p1a: Eternatus
|-damage|p1a: Eternatus|2/100
|-hitcount|p1a: Eternatus|2
|-damage|p2a: Kyurem|66/100|[from] item: Life Orb
|move|p1a: Eternatus|Dynamax Cannon|p2a: Kyurem
|-supereffective|p2a: Kyurem
|-damage|p2a: Kyurem|0 fnt
|-damage|p1a: Eternatus|0 fnt|[from] item: Life Orb
|faint|p2a: Kyurem
|faint|p1a: Eternatus
|
|upkeep
|
|switch|p1a: Kyurem|Kyurem-White|100/100
|switch|p2a: Lucario|Lucario, F|84/100
|-activate|p1a: Kyurem|move: Sticky Web
|-unboost|p1a: Kyurem|spe|1
|-ability|p1a: Kyurem|Turboblaze
|-damage|p2a: Lucario|59/100|[from] Spikes
|turn|19
|
|move|p2a: Lucario|Steel Beam|p1a: Kyurem
|-supereffective|p1a: Kyurem
|-damage|p1a: Kyurem|0 fnt
|-damage|p2a: Lucario|9/100|[from] mindblown
|faint|p1a: Kyurem
|
|upkeep
|
|switch|p1a: Marshadow|Marshadow|100/100
|-activate|p1a: Marshadow|move: Sticky Web
|-unboost|p1a: Marshadow|spe|1
|turn|20
|
|move|p1a: Marshadow|Spectral Thief|p2a: Lucario
|-damage|p2a: Lucario|0 fnt
|faint|p2a: Lucario
|
|upkeep
|
|switch|p2a: Zacian|Zacian-Crowned|88/100
|-damage|p2a: Zacian|63/100|[from] Spikes
|-ability|p2a: Zacian|Intrepid Sword|boost
|-boost|p2a: Zacian|atk|1
|turn|21
|
|-start|p1a: Marshadow|Dynamax
|-heal|p1a: Marshadow|100/100|[silent]
|move|p2a: Zacian|Behemoth Blade|p1a: Marshadow
|-damage|p1a: Marshadow|0 fnt
|faint|p1a: Marshadow
|
|upkeep
|
|switch|p1a: Ditto|Ditto|100/100
|-activate|p1a: Ditto|move: Sticky Web
|-unboost|p1a: Ditto|spe|1
|-transform|p1a: Ditto|p2a: Zacian|[from] ability: Imposter
|-ability|p1a: Ditto|Intrepid Sword|boost
|-boost|p1a: Ditto|atk|1
|turn|22
|
|move|p1a: Ditto|Behemoth Blade|p2a: Zacian
|-damage|p2a: Zacian|0 fnt
|faint|p2a: Zacian
|
|upkeep
|
|switch|p2a: Necrozma|Necrozma-Dusk-Mane|51/100
|-damage|p2a: Necrozma|26/100|[from] Spikes
|turn|23
|
|move|p1a: Ditto|Fire Fang|p2a: Necrozma
|-supereffective|p2a: Necrozma
|-damage|p2a: Necrozma|0 fnt
|faint|p2a: Necrozma
|
|upkeep
|
|switch|p2a: Marshadow|Marshadow|94/100
|-damage|p2a: Marshadow|69/100|[from] Spikes
|turn|24
|
|move|p1a: Ditto|Behemoth Blade|p2a: Marshadow
|-damage|p2a: Marshadow|0 fnt
|faint|p2a: Marshadow
|
|win|ok sir
|l|☆GEDO RINNE TENSEI
|raw|ok sir's rating: 1432 &rarr; <strong>1455</strong><br />(+23 for winning)
|raw|GEDO RINNE TENSEI's rating: 1483 &rarr; <strong>1460</strong><br />(-23 for losing)
