|j|☆Topclass-A
|j|☆Yati426
|t:|1660386891
|gametype|singles
|player|p1|Topclass-A|veteran|1373
|player|p2|Yati426|falkner|1625
|teamsize|p1|6
|teamsize|p2|6
|gen|8
|tier|[Gen 8] Ubers
|rated|
|rule|Sleep Clause Mod: Limit one foe put to sleep
|rule|Species Clause: Limit one of each Pokémon
|rule|OHKO Clause: OHKO moves are banned
|rule|Evasion Items Clause: Evasion items are banned
|rule|Evasion Moves Clause: Evasion moves are banned
|rule|Endless Battle Clause: Forcing endless battles is banned
|rule|HP Percentage Mod: HP is shown in percentages
|rule|Dynamax Clause: You cannot dynamax
|clearpoke
|poke|p1|Yveltal|
|poke|p1|Necrozma-Dusk-Mane|
|poke|p1|Calyrex-Shadow|
|poke|p1|Kyogre|
|poke|p1|Xerneas-*|
|poke|p1|Zekrom|
|poke|p2|Yveltal|
|poke|p2|Toxapex, F|
|poke|p2|Shedinja|
|poke|p2|Quagsire, F|
|poke|p2|Blissey, F|
|poke|p2|Corviknight, M|
|teampreview
|inactive|Battle timer is ON: inactive players will automatically lose when time's up. (requested by Topclass-A)
|
|t:|1660386900
|start
|switch|p1a: Zekrom|Zekrom|100/100
|switch|p2a: Yveltal|Yveltal|100/100
|-ability|p1a: Zekrom|Teravolt
|-ability|p2a: Yveltal|Dark Aura
|turn|1
|
|t:|1660386903
|move|p1a: Zekrom|Dragon Dance|p1a: Zekrom
|-boost|p1a: Zekrom|atk|1
|-boost|p1a: Zekrom|spe|1
|move|p2a: Yveltal|Knock Off|p1a: Zekrom
|-damage|p1a: Zekrom|61/100
|-enditem|p1a: Zekrom|Life Orb|[from] move: Knock Off|[of] p2a: Yveltal
|
|upkeep
|turn|2
|
|t:|1660386912
|switch|p2a: Quagsire|Quagsire, F|100/100
|move|p1a: Zekrom|Bolt Strike|p2a: Quagsire
|-immune|p2a: Quagsire
|
|upkeep
|turn|3
|
|t:|1660386915
|move|p1a: Zekrom|Dragon Dance|p1a: Zekrom
|-boost|p1a: Zekrom|atk|1
|-boost|p1a: Zekrom|spe|1
|move|p2a: Quagsire|Haze|p2a: Quagsire
|-clearallboost
|
|upkeep
|turn|4
|
|t:|1660386917
|move|p1a: Zekrom|Dragon Claw|p2a: Quagsire
|-damage|p2a: Quagsire|71/100
|move|p2a: Quagsire|Scald|p1a: Zekrom
|-resisted|p1a: Zekrom
|-damage|p1a: Zekrom|51/100
|
|-heal|p2a: Quagsire|77/100|[from] item: Leftovers
|upkeep
|turn|5
|
|t:|1660386931
|switch|p1a: Yveltal|Yveltal|100/100
|-ability|p1a: Yveltal|Dark Aura
|move|p2a: Quagsire|Scald|p1a: Yveltal
|-damage|p1a: Yveltal|83/100
|-status|p1a: Yveltal|brn
|
|-heal|p2a: Quagsire|83/100|[from] item: Leftovers
|-damage|p1a: Yveltal|77/100 brn|[from] brn
|upkeep
|turn|6
|
|t:|1660386933
|move|p2a: Quagsire|Protect|p2a: Quagsire
|-singleturn|p2a: Quagsire|Protect
|move|p1a: Yveltal|Knock Off|p2a: Quagsire
|-activate|p2a: Quagsire|move: Protect
|
|-heal|p2a: Quagsire|89/100|[from] item: Leftovers
|-damage|p1a: Yveltal|71/100 brn|[from] brn
|upkeep
|turn|7
|
|t:|1660386936
|switch|p2a: Toxapex|Toxapex, F|100/100
|move|p1a: Yveltal|Knock Off|p2a: Toxapex
|-damage|p2a: Toxapex|83/100
|
|-damage|p1a: Yveltal|65/100 brn|[from] brn
|upkeep
|turn|8
|
|t:|1660386941
|move|p1a: Yveltal|Taunt|p2a: Toxapex
|-start|p2a: Toxapex|move: Taunt
|move|p2a: Toxapex|Scald|p1a: Yveltal
|-damage|p1a: Yveltal|50/100 brn
|
|-damage|p1a: Yveltal|44/100 brn|[from] brn
|upkeep
|turn|9
|
|t:|1660386944
|move|p1a: Yveltal|Roost|p1a: Yveltal
|-heal|p1a: Yveltal|94/100 brn
|-singleturn|p1a: Yveltal|move: Roost
|move|p2a: Toxapex|Scald|p1a: Yveltal
|-damage|p1a: Yveltal|78/100 brn
|
|-damage|p1a: Yveltal|72/100 brn|[from] brn
|upkeep
|turn|10
|
|t:|1660386945
|move|p1a: Yveltal|Roost|p1a: Yveltal
|-heal|p1a: Yveltal|100/100 brn
|-singleturn|p1a: Yveltal|move: Roost
|move|p2a: Toxapex|Scald|p1a: Yveltal
|-damage|p1a: Yveltal|87/100 brn
|
|-damage|p1a: Yveltal|80/100 brn|[from] brn
|-end|p2a: Toxapex|move: Taunt
|upkeep
|turn|11
|
|t:|1660386949
|switch|p2a: Quagsire|Quagsire, F|89/100
|move|p1a: Yveltal|Taunt|p2a: Quagsire
|-start|p2a: Quagsire|move: Taunt
|
|-heal|p2a: Quagsire|95/100|[from] item: Leftovers
|-damage|p1a: Yveltal|74/100 brn|[from] brn
|upkeep
|turn|12
|
|t:|1660386952
|switch|p2a: Toxapex|Toxapex, F|100/100
|move|p1a: Yveltal|Knock Off|p2a: Toxapex
|-damage|p2a: Toxapex|84/100
|
|-damage|p1a: Yveltal|68/100 brn|[from] brn
|upkeep
|turn|13
|
|t:|1660386956
|switch|p1a: Calyrex|Calyrex-Shadow|100/100
|-ability|p1a: Calyrex|As One
|-ability|p1a: Calyrex|Unnerve
|move|p2a: Toxapex|Baneful Bunker||[still]
|-fail|p2a: Toxapex
|
|upkeep
|turn|14
|
|t:|1660386959
|switch|p2a: Yveltal|Yveltal|100/100
|-ability|p2a: Yveltal|Dark Aura
|move|p1a: Calyrex|Nasty Plot|p1a: Calyrex
|-boost|p1a: Calyrex|spa|2
|
|upkeep
|turn|15
|
|t:|1660386962
|move|p1a: Calyrex|Draining Kiss|p2a: Yveltal
|-supereffective|p2a: Yveltal
|-damage|p2a: Yveltal|51/100
|move|p2a: Yveltal|Knock Off|p1a: Calyrex
|-supereffective|p1a: Calyrex
|-enditem|p1a: Calyrex|Focus Sash
|-damage|p1a: Calyrex|1/100
|
|upkeep
|turn|16
|
|t:|1660386967
|switch|p2a: Shedinja|Shedinja|100/100
|move|p1a: Calyrex|Draining Kiss|p2a: Shedinja
|-immune|p2a: Shedinja|[from] ability: Wonder Guard
|
|upkeep
|turn|17
|
|t:|1660386971
|move|p2a: Shedinja|Protect|p2a: Shedinja
|-singleturn|p2a: Shedinja|Protect
|move|p1a: Calyrex|Astral Barrage|p2a: Shedinja
|-activate|p2a: Shedinja|move: Protect
|
|upkeep
|turn|18
|
|t:|1660386972
|move|p2a: Shedinja|Shadow Sneak|p1a: Calyrex
|-supereffective|p1a: Calyrex
|-damage|p1a: Calyrex|0 fnt
|faint|p1a: Calyrex
|
|upkeep
|
|t:|1660386978
|switch|p1a: Zekrom|Zekrom|51/100
|-ability|p1a: Zekrom|Teravolt
|turn|19
|
|t:|1660386981
|switch|p2a: Quagsire|Quagsire, F|95/100
|move|p1a: Zekrom|Dragon Dance|p1a: Zekrom
|-boost|p1a: Zekrom|atk|1
|-boost|p1a: Zekrom|spe|1
|
|-heal|p2a: Quagsire|100/100|[from] item: Leftovers
|upkeep
|turn|20
|
|t:|1660386984
|move|p1a: Zekrom|Dragon Claw|p2a: Quagsire
|-damage|p2a: Quagsire|49/100
|move|p2a: Quagsire|Haze|p2a: Quagsire
|-clearallboost
|
|-heal|p2a: Quagsire|55/100|[from] item: Leftovers
|upkeep
|turn|21
|
|t:|1660386989
|move|p1a: Zekrom|Dragon Claw|p2a: Quagsire
|-damage|p2a: Quagsire|24/100
|move|p2a: Quagsire|Recover|p2a: Quagsire
|-heal|p2a: Quagsire|74/100
|
|-heal|p2a: Quagsire|80/100|[from] item: Leftovers
|upkeep
|turn|22
|
|t:|1660386994
|switch|p1a: Kyogre|Kyogre|100/100
|-weather|RainDance|[from] ability: Drizzle|[of] p1a: Kyogre
|move|p2a: Quagsire|Haze|p2a: Quagsire
|-clearallboost
|
|-weather|RainDance|[upkeep]
|-heal|p2a: Quagsire|86/100|[from] item: Leftovers
|upkeep
|turn|23
|
|t:|1660386995
|move|p2a: Quagsire|Protect|p2a: Quagsire
|-singleturn|p2a: Quagsire|Protect
|move|p1a: Kyogre|Water Spout|p2a: Quagsire
|-activate|p2a: Quagsire|move: Protect
|
|-weather|RainDance|[upkeep]
|-heal|p2a: Quagsire|92/100|[from] item: Leftovers
|upkeep
|turn|24
|
|t:|1660386998
|switch|p2a: Shedinja|Shedinja|100/100
|move|p1a: Kyogre|Water Spout|p2a: Shedinja
|-immune|p2a: Shedinja|[from] ability: Wonder Guard
|
|-weather|RainDance|[upkeep]
|upkeep
|turn|25
|
|t:|1660387003
|switch|p1a: Yveltal|Yveltal|68/100 brn
|-ability|p1a: Yveltal|Dark Aura
|move|p2a: Shedinja|Will-O-Wisp|p1a: Yveltal
|-fail|p1a: Yveltal|brn
|
|-weather|RainDance|[upkeep]
|-damage|p1a: Yveltal|62/100 brn|[from] brn
|upkeep
|turn|26
|
|t:|1660387007
|switch|p2a: Yveltal|Yveltal|51/100
|-ability|p2a: Yveltal|Dark Aura
|move|p1a: Yveltal|Knock Off|p2a: Yveltal
|-resisted|p2a: Yveltal
|-damage|p2a: Yveltal|34/100
|-enditem|p2a: Yveltal|Heavy-Duty Boots|[from] move: Knock Off|[of] p1a: Yveltal
|
|-weather|none
|-damage|p1a: Yveltal|56/100 brn|[from] brn
|upkeep
|turn|27
|
|t:|1660387010
|move|p1a: Yveltal|Taunt|p2a: Yveltal
|-start|p2a: Yveltal|move: Taunt
|move|p2a: Yveltal|Oblivion Wing|p1a: Yveltal
|-damage|p1a: Yveltal|25/100 brn
|-heal|p2a: Yveltal|54/100|[from] drain|[of] p1a: Yveltal
|
|-damage|p1a: Yveltal|19/100 brn|[from] brn
|upkeep
|turn|28
|
|t:|1660387018
|switch|p1a: Necrozma|Necrozma-Dusk-Mane|100/100
|move|p2a: Yveltal|Knock Off|p1a: Necrozma
|-supereffective|p1a: Necrozma
|-damage|p1a: Necrozma|63/100
|-damage|p2a: Yveltal|38/100|[from] item: Rocky Helmet|[of] p1a: Necrozma
|-enditem|p1a: Necrozma|Rocky Helmet|[from] move: Knock Off|[of] p2a: Yveltal
|
|upkeep
|turn|29
|
|t:|1660387021
|switch|p2a: Corviknight|Corviknight, M|100/100
|-ability|p2a: Corviknight|Pressure
|move|p1a: Necrozma|Toxic|p2a: Corviknight
|-immune|p2a: Corviknight
|
|upkeep
|turn|30
|
|t:|1660387024
|move|p1a: Necrozma|Stealth Rock|p2a: Corviknight
|-sidestart|p2: Yati426|move: Stealth Rock
|move|p2a: Corviknight|Iron Defense|p2a: Corviknight
|-boost|p2a: Corviknight|def|2
|
|upkeep
|turn|31
|
|t:|1660387027
|switch|p1a: Kyogre|Kyogre|100/100
|-weather|RainDance|[from] ability: Drizzle|[of] p1a: Kyogre
|move|p2a: Corviknight|Defog|p1a: Kyogre
|-unboost|p1a: Kyogre|evasion|1
|-sideend|p2: Yati426|Stealth Rock|[from] move: Defog|[of] p2a: Corviknight
|
|-weather|RainDance|[upkeep]
|upkeep
|turn|32
|
|t:|1660387029
|switch|p2a: Shedinja|Shedinja|100/100
|move|p1a: Kyogre|Water Spout|p2a: Shedinja
|-immune|p2a: Shedinja|[from] ability: Wonder Guard
|
|-weather|RainDance|[upkeep]
|upkeep
|turn|33
|
|t:|1660387036
|switch|p1a: Zekrom|Zekrom|51/100
|-ability|p1a: Zekrom|Teravolt
|move|p2a: Shedinja|Will-O-Wisp|p1a: Zekrom
|-status|p1a: Zekrom|brn
|
|-weather|RainDance|[upkeep]
|-damage|p1a: Zekrom|45/100 brn|[from] brn
|upkeep
|turn|34
|
|t:|1660387039
|switch|p2a: Quagsire|Quagsire, F|92/100
|move|p1a: Zekrom|Dragon Claw|p2a: Quagsire
|-damage|p2a: Quagsire|76/100
|
|-weather|RainDance|[upkeep]
|-heal|p2a: Quagsire|82/100|[from] item: Leftovers
|-damage|p1a: Zekrom|39/100 brn|[from] brn
|upkeep
|turn|35
|
|t:|1660387044
|switch|p1a: Necrozma|Necrozma-Dusk-Mane|63/100
|move|p2a: Quagsire|Scald|p1a: Necrozma
|-damage|p1a: Necrozma|39/100
|
|-weather|none
|-heal|p2a: Quagsire|88/100|[from] item: Leftovers
|upkeep
|turn|36
|
|t:|1660387046
|switch|p2a: Corviknight|Corviknight, M|100/100
|-ability|p2a: Corviknight|Pressure
|move|p1a: Necrozma|Toxic|p2a: Corviknight
|-immune|p2a: Corviknight
|
|upkeep
|turn|37
|
|t:|1660387048
|switch|p1a: Yveltal|Yveltal|19/100 brn
|-ability|p1a: Yveltal|Dark Aura
|move|p2a: Corviknight|Iron Defense|p2a: Corviknight
|-boost|p2a: Corviknight|def|2
|
|-damage|p1a: Yveltal|13/100 brn|[from] brn
|upkeep
|turn|38
|
|t:|1660387051
|switch|p2a: Toxapex|Toxapex, F|100/100
|move|p1a: Yveltal|Knock Off|p2a: Toxapex
|-damage|p2a: Toxapex|83/100
|
|-damage|p1a: Yveltal|7/100 brn|[from] brn
|upkeep
|turn|39
|
|t:|1660387054
|switch|p2a: Yveltal|Yveltal|38/100
|-ability|p2a: Yveltal|Dark Aura
|move|p1a: Yveltal|Roost|p1a: Yveltal
|-heal|p1a: Yveltal|57/100 brn
|-singleturn|p1a: Yveltal|move: Roost
|
|-damage|p1a: Yveltal|51/100 brn|[from] brn
|upkeep
|turn|40
|
|t:|1660387057
|move|p1a: Yveltal|Taunt|p2a: Yveltal
|-start|p2a: Yveltal|move: Taunt
|cant|p2a: Yveltal|move: Taunt|Roost
|
|-damage|p1a: Yveltal|45/100 brn|[from] brn
|upkeep
|turn|41
|
|t:|1660387058
|move|p1a: Yveltal|Roost|p1a: Yveltal
|-heal|p1a: Yveltal|95/100 brn
|-singleturn|p1a: Yveltal|move: Roost
|move|p2a: Yveltal|Oblivion Wing|p1a: Yveltal
|-damage|p1a: Yveltal|66/100 brn
|-heal|p2a: Yveltal|56/100|[from] drain|[of] p1a: Yveltal
|
|-damage|p1a: Yveltal|60/100 brn|[from] brn
|upkeep
|turn|42
|
|t:|1660387061
|move|p1a: Yveltal|Roost|p1a: Yveltal
|-heal|p1a: Yveltal|100/100 brn
|-singleturn|p1a: Yveltal|move: Roost
|move|p2a: Yveltal|Knock Off|p1a: Yveltal
|-resisted|p1a: Yveltal
|-damage|p1a: Yveltal|76/100 brn
|-enditem|p1a: Yveltal|Black Glasses|[from] move: Knock Off|[of] p2a: Yveltal
|
|-damage|p1a: Yveltal|70/100 brn|[from] brn
|-end|p2a: Yveltal|move: Taunt
|upkeep
|turn|43
|
|t:|1660387063
|move|p1a: Yveltal|Taunt|p2a: Yveltal
|-start|p2a: Yveltal|move: Taunt
|move|p2a: Yveltal|Oblivion Wing|p1a: Yveltal
|-damage|p1a: Yveltal|38/100 brn
|-heal|p2a: Yveltal|77/100|[from] drain|[of] p1a: Yveltal
|
|-damage|p1a: Yveltal|32/100 brn|[from] brn
|upkeep
|turn|44
|
|t:|1660387065
|move|p1a: Yveltal|Roost|p1a: Yveltal
|-heal|p1a: Yveltal|82/100 brn
|-singleturn|p1a: Yveltal|move: Roost
|move|p2a: Yveltal|Knock Off|p1a: Yveltal
|-resisted|p1a: Yveltal
|-damage|p1a: Yveltal|68/100 brn
|
|-damage|p1a: Yveltal|62/100 brn|[from] brn
|upkeep
|turn|45
|
|t:|1660387067
|move|p1a: Yveltal|Roost|p1a: Yveltal
|-heal|p1a: Yveltal|100/100 brn
|-singleturn|p1a: Yveltal|move: Roost
|move|p2a: Yveltal|Knock Off|p1a: Yveltal
|-resisted|p1a: Yveltal
|-damage|p1a: Yveltal|85/100 brn
|
|-damage|p1a: Yveltal|79/100 brn|[from] brn
|-end|p2a: Yveltal|move: Taunt
|upkeep
|turn|46
|
|t:|1660387071
|move|p1a: Yveltal|Taunt|p2a: Yveltal
|-start|p2a: Yveltal|move: Taunt
|cant|p2a: Yveltal|move: Taunt|Roost
|
|-damage|p1a: Yveltal|73/100 brn|[from] brn
|upkeep
|turn|47
|
|t:|1660387073
|switch|p2a: Toxapex|Toxapex, F|100/100
|move|p1a: Yveltal|Knock Off|p2a: Toxapex
|-damage|p2a: Toxapex|86/100
|
|-damage|p1a: Yveltal|67/100 brn|[from] brn
|upkeep
|turn|48
|
|t:|1660387085
|switch|p1a: Necrozma|Necrozma-Dusk-Mane|39/100
|move|p2a: Toxapex|Haze|p2a: Toxapex
|-clearallboost
|
|upkeep
|turn|49
|
|t:|1660387087
|switch|p2a: Corviknight|Corviknight, M|100/100
|-ability|p2a: Corviknight|Pressure
|move|p1a: Necrozma|Stealth Rock|p2a: Corviknight
|-sidestart|p2: Yati426|move: Stealth Rock
|
|upkeep
|turn|50
|
|t:|1660387100
|move|p1a: Necrozma|Toxic|p2a: Corviknight
|-immune|p2a: Corviknight
|move|p2a: Corviknight|Defog|p1a: Necrozma
|-unboost|p1a: Necrozma|evasion|1
|-sideend|p2: Yati426|Stealth Rock|[from] move: Defog|[of] p2a: Corviknight
|
|upkeep
|turn|51
|
|t:|1660387102
|move|p1a: Necrozma|Stealth Rock|p2a: Corviknight
|-sidestart|p2: Yati426|move: Stealth Rock
|move|p2a: Corviknight|Iron Defense|p2a: Corviknight
|-boost|p2a: Corviknight|def|2
|
|upkeep
|turn|52
|
|t:|1660387104
|switch|p1a: Kyogre|Kyogre|100/100
|-weather|RainDance|[from] ability: Drizzle|[of] p1a: Kyogre
|move|p2a: Corviknight|Defog|p1a: Kyogre
|-unboost|p1a: Kyogre|evasion|1
|-sideend|p2: Yati426|Stealth Rock|[from] move: Defog|[of] p2a: Corviknight
|
|-weather|RainDance|[upkeep]
|upkeep
|turn|53
|
|t:|1660387107
|switch|p2a: Shedinja|Shedinja|100/100
|move|p1a: Kyogre|Water Spout|p2a: Shedinja
|-immune|p2a: Shedinja|[from] ability: Wonder Guard
|
|-weather|RainDance|[upkeep]
|upkeep
|turn|54
|
|t:|1660387109
|switch|p1a: Xerneas|Xerneas|100/100
|-ability|p1a: Xerneas|Fairy Aura
|move|p2a: Shedinja|Shadow Sneak|p1a: Xerneas
|-damage|p1a: Xerneas|88/100
|
|-weather|RainDance|[upkeep]
|upkeep
|turn|55
|
|t:|1660387114
|switch|p2a: Blissey|Blissey, F|100/100
|move|p1a: Xerneas|Aromatherapy|p1a: Xerneas
|-activate|p1a: Xerneas|move: Aromatherapy
|-curestatus|p1: Yveltal|brn|[msg]
|-curestatus|p1: Zekrom|brn|[msg]
|
|-weather|RainDance|[upkeep]
|upkeep
|turn|56
|
|t:|1660387118
|switch|p1a: Yveltal|Yveltal|67/100
|-ability|p1a: Yveltal|Dark Aura
|move|p2a: Blissey|Stealth Rock|p1a: Yveltal
|-sidestart|p1: Topclass-A|move: Stealth Rock
|
|-weather|none
|upkeep
|turn|57
|
|t:|1660387121
|switch|p2a: Toxapex|Toxapex, F|100/100
|move|p1a: Yveltal|Knock Off|p2a: Toxapex
|-damage|p2a: Toxapex|73/100
|
|upkeep
|turn|58
|
|t:|1660387126
|switch|p1a: Zekrom|Zekrom|39/100
|-damage|p1a: Zekrom|26/100|[from] Stealth Rock
|-ability|p1a: Zekrom|Teravolt
|move|p2a: Toxapex|Baneful Bunker||[still]
|-fail|p2a: Toxapex
|
|upkeep
|turn|59
|
|t:|1660387136
|switch|p2a: Quagsire|Quagsire, F|88/100
|move|p1a: Zekrom|Outrage|p2a: Quagsire
|-damage|p2a: Quagsire|39/100
|
|-heal|p2a: Quagsire|45/100|[from] item: Leftovers
|upkeep
|turn|60
|
|t:|1660387139
|move|p2a: Quagsire|Protect|p2a: Quagsire
|-singleturn|p2a: Quagsire|Protect
|move|p1a: Zekrom|Outrage|p2a: Quagsire|[from]lockedmove
|-activate|p2a: Quagsire|move: Protect
|-start|p1a: Zekrom|confusion|[fatigue]
|
|-heal|p2a: Quagsire|51/100|[from] item: Leftovers
|upkeep
|turn|61
|
|t:|1660387143
|-activate|p1a: Zekrom|confusion
|-damage|p1a: Zekrom|13/100|[from] confusion
|move|p2a: Quagsire|Recover|p2a: Quagsire
|-heal|p2a: Quagsire|100/100
|
|upkeep
|turn|62
|
|t:|1660387148
|-activate|p1a: Zekrom|confusion
|-damage|p1a: Zekrom|0 fnt|[from] confusion
|faint|p1a: Zekrom
|move|p2a: Quagsire|Scald|p1: Zekrom|[notarget]
|-fail|p2a: Quagsire
|
|upkeep
|
|t:|1660387151
|switch|p1a: Yveltal|Yveltal|67/100
|-damage|p1a: Yveltal|42/100|[from] Stealth Rock
|-ability|p1a: Yveltal|Dark Aura
|turn|63
|
|t:|1660387154
|switch|p2a: Toxapex|Toxapex, F|100/100
|move|p1a: Yveltal|Knock Off|p2a: Toxapex
|-damage|p2a: Toxapex|71/100
|
|upkeep
|turn|64
|
|t:|1660387157
|move|p2a: Toxapex|Baneful Bunker|p2a: Toxapex
|-singleturn|p2a: Toxapex|move: Protect
|move|p1a: Yveltal|Taunt|p2a: Toxapex
|-activate|p2a: Toxapex|move: Protect
|
|upkeep
|turn|65
|
|t:|1660387159
|move|p1a: Yveltal|Taunt|p2a: Toxapex
|-start|p2a: Toxapex|move: Taunt
|move|p2a: Toxapex|Scald|p1a: Yveltal
|-damage|p1a: Yveltal|28/100
|
|upkeep
|turn|66
|
|t:|1660387161
|move|p1a: Yveltal|Roost|p1a: Yveltal
|-heal|p1a: Yveltal|78/100
|-singleturn|p1a: Yveltal|move: Roost
|move|p2a: Toxapex|Scald|p1a: Yveltal
|-damage|p1a: Yveltal|64/100
|
|upkeep
|turn|67
|
|t:|1660387163
|move|p1a: Yveltal|Roost|p1a: Yveltal
|-heal|p1a: Yveltal|100/100
|-singleturn|p1a: Yveltal|move: Roost
|move|p2a: Toxapex|Scald|p1a: Yveltal
|-damage|p1a: Yveltal|85/100
|
|-end|p2a: Toxapex|move: Taunt
|upkeep
|turn|68
|
|t:|1660387171
|switch|p1a: Necrozma|Necrozma-Dusk-Mane|39/100
|-damage|p1a: Necrozma|33/100|[from] Stealth Rock
|move|p2a: Toxapex|Baneful Bunker||[still]
|-fail|p2a: Toxapex
|
|upkeep
|turn|69
|
|t:|1660387172
|switch|p2a: Corviknight|Corviknight, M|100/100
|-ability|p2a: Corviknight|Pressure
|move|p1a: Necrozma|Stealth Rock|p2a: Corviknight
|-sidestart|p2: Yati426|move: Stealth Rock
|
|upkeep
|turn|70
|
|t:|1660387179
|switch|p1a: Yveltal|Yveltal|85/100
|-damage|p1a: Yveltal|60/100|[from] Stealth Rock
|-ability|p1a: Yveltal|Dark Aura
|move|p2a: Corviknight|Defog|p1a: Yveltal
|-unboost|p1a: Yveltal|evasion|1
|-sideend|p1: Topclass-A|Stealth Rock|[from] move: Defog|[of] p2a: Corviknight
|-sideend|p2: Yati426|Stealth Rock|[from] move: Defog|[of] p2a: Corviknight
|
|upkeep
|turn|71
|
|t:|1660387182
|switch|p2a: Toxapex|Toxapex, F|100/100
|move|p1a: Yveltal|Knock Off|p2a: Toxapex
|-damage|p2a: Toxapex|72/100
|
|upkeep
|turn|72
|
|t:|1660387188
|switch|p1a: Necrozma|Necrozma-Dusk-Mane|33/100
|switch|p2a: Yveltal|Yveltal|77/100
|-ability|p2a: Yveltal|Dark Aura
|
|upkeep
|turn|73
|
|t:|1660387189
|move|p2a: Yveltal|Knock Off|p1a: Necrozma
|-supereffective|p1a: Necrozma
|-damage|p1a: Necrozma|7/100
|move|p1a: Necrozma|Stealth Rock|p2a: Yveltal
|-sidestart|p2: Yati426|move: Stealth Rock
|
|upkeep
|turn|74
|
|t:|1660387192
|move|p2a: Yveltal|Knock Off|p1a: Necrozma
|-supereffective|p1a: Necrozma
|-damage|p1a: Necrozma|0 fnt
|faint|p1a: Necrozma
|
|upkeep
|
|t:|1660387196
|switch|p1a: Xerneas|Xerneas|88/100
|-ability|p1a: Xerneas|Fairy Aura
|turn|75
|
|t:|1660387199
|switch|p2a: Shedinja|Shedinja|100/100
|move|p1a: Xerneas|Geomancy||[still]
|-prepare|p1a: Xerneas|Geomancy
|-enditem|p1a: Xerneas|Power Herb
|-anim|p1a: Xerneas|Geomancy|p1a: Xerneas
|-boost|p1a: Xerneas|spa|2
|-boost|p1a: Xerneas|spd|2
|-boost|p1a: Xerneas|spe|2
|
|upkeep
|turn|76
|
|t:|1660387202
|move|p1a: Xerneas|Moonblast|p2a: Shedinja
|-immune|p2a: Shedinja|[from] ability: Wonder Guard
|move|p2a: Shedinja|Will-O-Wisp|p1a: Xerneas|[miss]
|-miss|p2a: Shedinja|p1a: Xerneas
|
|upkeep
|turn|77
|-message|Topclass-A forfeited.
|
|win|Yati426
|raw|Topclass-A's rating: 1373 &rarr; <strong>1365</strong><br />(-8 for losing)
|raw|Yati426's rating: 1625 &rarr; <strong>1633</strong><br />(+8 for winning)
|l|☆Topclass-A
