|j|☆Algometeo
|j|☆Na-K-ATPase
|player|p1|Algometeo|169|1431
|player|p2|Na-K-ATPase|266|1455
|teamsize|p1|6
|teamsize|p2|6
|gametype|singles
|gen|8
|tier|[Gen 8] Ubers
|rated|
|clearpoke
|poke|p1|Glalie, M|
|poke|p1|Shuckle, M|
|poke|p1|Ditto|
|poke|p1|Cinderace, M|
|poke|p1|Zacian-Crowned|
|poke|p1|Melmetal|
|poke|p2|Dugtrio, M|
|poke|p2|Kommo-o, M|
|poke|p2|Melmetal|
|poke|p2|Lunala|
|poke|p2|Necrozma-Dusk-Mane|
|poke|p2|Eiscue, M|
|rule|Sleep Clause Mod: Limit one foe put to sleep
|rule|Species Clause: Limit one of each Pokémon
|rule|OHKO Clause: OHKO moves are banned
|rule|Evasion Moves Clause: Evasion moves are banned
|rule|Endless Battle Clause: Forcing endless battles is banned
|rule|HP Percentage Mod: HP is shown in percentages
|html|Ubers Dynamax Clause: Pokémon on the <a href="https://www.smogon.com/dex/ss/formats/uber/">Ubers Dynamax Banlist</a> cannot Dynamax.
|teampreview
|
|start
|switch|p1a: Melmetal|Melmetal|100/100
|switch|p2a: Melmetal|Melmetal|100/100
|turn|1
|
|-start|p1a: Melmetal|Dynamax
|-heal|p1a: Melmetal|100/100|[silent]
|move|p1a: Melmetal|Max Steelspike|p2a: Melmetal
|-resisted|p2a: Melmetal
|-damage|p2a: Melmetal|82/100
|-boost|p1a: Melmetal|def|1
|move|p2a: Melmetal|Earthquake|p1a: Melmetal
|-supereffective|p1a: Melmetal
|-damage|p1a: Melmetal|88/100
|
|-heal|p1a: Melmetal|92/100|[from] item: Leftovers
|upkeep
|turn|2
|
|move|p1a: Melmetal|Max Quake|p2a: Melmetal
|-supereffective|p2a: Melmetal
|-damage|p2a: Melmetal|31/100
|-boost|p1a: Melmetal|spd|1
|move|p2a: Melmetal|Earthquake|p1a: Melmetal
|-supereffective|p1a: Melmetal
|-damage|p1a: Melmetal|78/100
|
|-heal|p1a: Melmetal|81/100|[from] item: Leftovers
|upkeep
|turn|3
|
|move|p1a: Melmetal|Max Quake|p2a: Melmetal
|-supereffective|p2a: Melmetal
|-damage|p2a: Melmetal|0 fnt
|-boost|p1a: Melmetal|spd|1
|faint|p2a: Melmetal
|
|-heal|p1a: Melmetal|84/100|[from] item: Leftovers
|-end|p1a: Melmetal|Dynamax
|-heal|p1a: Melmetal|84/100|[silent]
|upkeep
|
|switch|p2a: Dugtrio|Dugtrio, M|100/100
|turn|4
|
|move|p2a: Dugtrio|Stealth Rock|p1a: Melmetal
|-sidestart|p1: Algometeo|move: Stealth Rock
|move|p1a: Melmetal|Double Iron Bash|p2a: Dugtrio
|-damage|p2a: Dugtrio|5/100
|-damage|p2a: Dugtrio|0 fnt
|-hitcount|p2a: Dugtrio|2
|faint|p2a: Dugtrio
|
|-heal|p1a: Melmetal|91/100|[from] item: Leftovers
|upkeep
|
|switch|p2a: Lunala|Lunala|100/100
|turn|5
|
|move|p2a: Lunala|Will-O-Wisp|p1a: Melmetal
|-status|p1a: Melmetal|brn
|move|p1a: Melmetal|Double Iron Bash|p2a: Lunala
|-crit|p2a: Lunala
|-damage|p2a: Lunala|91/100
|-damage|p2a: Lunala|78/100
|-hitcount|p2a: Lunala|2
|
|-heal|p1a: Melmetal|97/100 brn|[from] item: Leftovers
|-damage|p1a: Melmetal|91/100 brn|[from] brn
|upkeep
|turn|6
|
|move|p2a: Lunala|Moongeist Beam|p1a: Melmetal
|-crit|p1a: Melmetal
|-damage|p1a: Melmetal|21/100 brn
|move|p1a: Melmetal|Double Iron Bash|p2a: Lunala
|-damage|p2a: Lunala|65/100
|-damage|p2a: Lunala|53/100
|-hitcount|p2a: Lunala|2
|
|-heal|p1a: Melmetal|27/100 brn|[from] item: Leftovers
|-damage|p1a: Melmetal|21/100 brn|[from] brn
|upkeep
|turn|7
|
|move|p2a: Lunala|Moongeist Beam|p1a: Melmetal
|-damage|p1a: Melmetal|0 fnt
|faint|p1a: Melmetal
|
|upkeep
|c|☆Algometeo|Pff
|c|☆Algometeo|That crit matter
|
|switch|p1a: Shuckle|Shuckle, M|100/100
|-damage|p1a: Shuckle|75/100|[from] Stealth Rock
|turn|8
|
|move|p2a: Lunala|Moongeist Beam|p1a: Shuckle
|-crit|p1a: Shuckle
|-damage|p1a: Shuckle|18/100
|move|p1a: Shuckle|Sticky Web|p2a: Lunala
|-sidestart|p2: Na-K-ATPase|move: Sticky Web
|
|-heal|p1a: Shuckle|24/100|[from] item: Leftovers
|upkeep
|turn|9
|
|move|p1a: Shuckle|Encore|p2a: Lunala
|-start|p2a: Lunala|Encore
|move|p2a: Lunala|Moongeist Beam|p1a: Shuckle
|-damage|p1a: Shuckle|0 fnt
|faint|p1a: Shuckle
|
|upkeep
|inactive|Battle timer is ON: inactive players will automatically lose when time's up. (requested by Na-K-ATPase)
|c|☆Na-K-ATPase|Nah u win
|
|switch|p1a: Glalie|Glalie, M|100/100
|-damage|p1a: Glalie|76/100|[from] Stealth Rock
|turn|10
|
|switch|p2a: Eiscue|Eiscue, M|100/100
|-activate|p2a: Eiscue|move: Sticky Web
|-unboost|p2a: Eiscue|spe|1
|move|p1a: Glalie|Substitute|p1a: Glalie
|-start|p1a: Glalie|Substitute
|-damage|p1a: Glalie|51/100
|
|-heal|p1a: Glalie|57/100|[from] item: Leftovers
|-ability|p1a: Glalie|Moody|boost
|-boost|p1a: Glalie|atk|2
|-unboost|p1a: Glalie|spd|1
|upkeep
|turn|11
|
|move|p1a: Glalie|Freeze-Dry|p2a: Eiscue
|-resisted|p2a: Eiscue
|-damage|p2a: Eiscue|85/100
|move|p2a: Eiscue|Zen Headbutt|p1a: Glalie
|-end|p1a: Glalie|Substitute
|
|-heal|p1a: Glalie|63/100|[from] item: Leftovers
|-ability|p1a: Glalie|Moody|boost
|-boost|p1a: Glalie|atk|2
|-unboost|p1a: Glalie|spd|1
|upkeep
|turn|12
|
|move|p1a: Glalie|Substitute|p1a: Glalie
|-start|p1a: Glalie|Substitute
|-damage|p1a: Glalie|38/100
|move|p2a: Eiscue|Zen Headbutt|p1a: Glalie|[miss]
|-miss|p2a: Eiscue|p1a: Glalie
|
|-heal|p1a: Glalie|44/100|[from] item: Leftovers
|-ability|p1a: Glalie|Moody|boost
|-boost|p1a: Glalie|spe|2
|-unboost|p1a: Glalie|spd|1
|upkeep
|turn|13
|c|☆Na-K-ATPase|Lol im dead
|
|move|p1a: Glalie|Protect|p1a: Glalie
|-singleturn|p1a: Glalie|Protect
|move|p2a: Eiscue|Zen Headbutt|p1a: Glalie
|-activate|p1a: Glalie|move: Protect
|
|-heal|p1a: Glalie|50/100|[from] item: Leftovers
|-ability|p1a: Glalie|Moody|boost
|-boost|p1a: Glalie|def|2
|-unboost|p1a: Glalie|spe|1
|upkeep
|turn|14
|
|move|p1a: Glalie|Freeze-Dry|p2a: Eiscue
|-resisted|p2a: Eiscue
|-damage|p2a: Eiscue|68/100
|move|p2a: Eiscue|Zen Headbutt|p1a: Glalie|[miss]
|-miss|p2a: Eiscue|p1a: Glalie
|
|-heal|p1a: Glalie|56/100|[from] item: Leftovers
|-ability|p1a: Glalie|Moody|boost
|-boost|p1a: Glalie|spe|2
|-unboost|p1a: Glalie|atk|1
|upkeep
|turn|15
|
|move|p1a: Glalie|Freeze-Dry|p2a: Eiscue
|-resisted|p2a: Eiscue
|-damage|p2a: Eiscue|52/100
|move|p2a: Eiscue|Zen Headbutt|p1a: Glalie
|-activate|p1a: Glalie|move: Substitute|[damage]
|
|-heal|p1a: Glalie|62/100|[from] item: Leftovers
|-ability|p1a: Glalie|Moody|boost
|-boost|p1a: Glalie|atk|2
|-unboost|p1a: Glalie|spd|1
|upkeep
|turn|16
|
|move|p1a: Glalie|Freeze-Dry|p2a: Eiscue
|-resisted|p2a: Eiscue
|-damage|p2a: Eiscue|36/100
|move|p2a: Eiscue|Zen Headbutt|p1a: Glalie
|-end|p1a: Glalie|Substitute
|
|-heal|p1a: Glalie|68/100|[from] item: Leftovers
|-ability|p1a: Glalie|Moody|boost
|-boost|p1a: Glalie|spd|2
|-unboost|p1a: Glalie|spe|1
|upkeep
|turn|17
|
|move|p1a: Glalie|Substitute|p1a: Glalie
|-start|p1a: Glalie|Substitute
|-damage|p1a: Glalie|43/100
|move|p2a: Eiscue|Zen Headbutt|p1a: Glalie
|-activate|p1a: Glalie|move: Substitute|[damage]
|
|-heal|p1a: Glalie|49/100|[from] item: Leftovers
|-ability|p1a: Glalie|Moody|boost
|-boost|p1a: Glalie|spa|2
|-unboost|p1a: Glalie|spd|1
|upkeep
|turn|18
|
|move|p1a: Glalie|Freeze-Dry|p2a: Eiscue
|-resisted|p2a: Eiscue
|-crit|p2a: Eiscue
|-damage|p2a: Eiscue|0 fnt
|faint|p2a: Eiscue
|
|-heal|p1a: Glalie|55/100|[from] item: Leftovers
|-ability|p1a: Glalie|Moody|boost
|-boost|p1a: Glalie|def|2
|-unboost|p1a: Glalie|atk|1
|upkeep
|
|switch|p2a: Lunala|Lunala|53/100
|turn|19
|
|move|p1a: Glalie|Freeze-Dry|p2a: Lunala
|-damage|p2a: Lunala|24/100
|move|p2a: Lunala|Trick Room|p2a: Lunala
|-fieldstart|move: Trick Room|[of] p2a: Lunala
|
|-heal|p1a: Glalie|61/100|[from] item: Leftovers
|-ability|p1a: Glalie|Moody|boost
|-boost|p1a: Glalie|spe|2
|-unboost|p1a: Glalie|atk|1
|upkeep
|turn|20
|
|move|p1a: Glalie|Protect|p1a: Glalie
|-singleturn|p1a: Glalie|Protect
|move|p2a: Lunala|Moongeist Beam|p1a: Glalie
|-activate|p1a: Glalie|move: Protect
|
|-heal|p1a: Glalie|67/100|[from] item: Leftovers
|-ability|p1a: Glalie|Moody|boost
|-boost|p1a: Glalie|atk|2
|-unboost|p1a: Glalie|spd|1
|upkeep
|turn|21
|
|move|p2a: Lunala|Moongeist Beam|p1a: Glalie
|-end|p1a: Glalie|Substitute
|move|p1a: Glalie|Substitute|p1a: Glalie
|-start|p1a: Glalie|Substitute
|-damage|p1a: Glalie|42/100
|
|-heal|p1a: Glalie|48/100|[from] item: Leftovers
|-ability|p1a: Glalie|Moody|boost
|-boost|p1a: Glalie|spd|2
|-unboost|p1a: Glalie|spe|1
|upkeep
|turn|22
|
|move|p1a: Glalie|Protect|p1a: Glalie
|-singleturn|p1a: Glalie|Protect
|move|p2a: Lunala|Moongeist Beam|p1a: Glalie
|-activate|p1a: Glalie|move: Protect
|
|-heal|p1a: Glalie|54/100|[from] item: Leftovers
|-ability|p1a: Glalie|Moody|boost
|-boost|p1a: Glalie|spe|2
|-unboost|p1a: Glalie|spd|1
|upkeep
|turn|23
|
|move|p2a: Lunala|Moongeist Beam|p1a: Glalie
|-end|p1a: Glalie|Substitute
|move|p1a: Glalie|Substitute|p1a: Glalie
|-start|p1a: Glalie|Substitute
|-damage|p1a: Glalie|29/100
|
|-heal|p1a: Glalie|35/100|[from] item: Leftovers
|-fieldend|move: Trick Room
|-ability|p1a: Glalie|Moody|boost
|-boost|p1a: Glalie|def|2
|-unboost|p1a: Glalie|atk|1
|upkeep
|turn|24
|
|move|p1a: Glalie|Freeze-Dry|p2a: Lunala
|-damage|p2a: Lunala|0 fnt
|faint|p2a: Lunala
|
|-heal|p1a: Glalie|41/100|[from] item: Leftovers
|-ability|p1a: Glalie|Moody|boost
|-boost|p1a: Glalie|spd|2
|-unboost|p1a: Glalie|atk|1
|upkeep
|-message|Na-K-ATPase forfeited.
|
|win|Algometeo
|l|☆Na-K-ATPase
