|j|☆sidalin
|j|☆AceTeaa
|t:|1663586157
|gametype|singles
|player|p1|sidalin|ghetsis|1620
|player|p2|AceTeaa|swimmerf-gen4|1480
|teamsize|p1|6
|teamsize|p2|6
|gen|8
|tier|[Gen 8] Ubers
|rated|
|rule|Sleep Clause Mod: Limit one foe put to sleep
|rule|Species Clause: Limit one of each Pokémon
|rule|OHKO Clause: OHKO moves are banned
|rule|Evasion Items Clause: Evasion items are banned
|rule|Evasion Moves Clause: Evasion moves are banned
|rule|Endless Battle Clause: Forcing endless battles is banned
|rule|HP Percentage Mod: HP is shown in percentages
|rule|Dynamax Clause: You cannot dynamax
|clearpoke
|poke|p1|Yveltal|
|poke|p1|Shedinja|
|poke|p1|Toxapex, M|
|poke|p1|Giratina|
|poke|p1|Steelix, F|
|poke|p1|Magearna|
|poke|p2|Calyrex-Shadow|
|poke|p2|Yveltal|
|poke|p2|Necrozma-Dusk-Mane|
|poke|p2|Eternatus|
|poke|p2|Xerneas-*|
|poke|p2|Darmanitan-Galar, M|
|teampreview
|
|t:|1663586167
|start
|switch|p1a: Giratina|Giratina|100/100
|switch|p2a: Yveltal|Yveltal|100/100
|-ability|p2a: Yveltal|Dark Aura
|-ability|p1a: Giratina|Pressure
|turn|1
|
|t:|1663586171
|switch|p1a: Toxapex|Toxapex, M|100/100
|move|p2a: Yveltal|Knock Off|p1a: Toxapex
|-damage|p1a: Toxapex|67/100
|-damage|p2a: Yveltal|84/100|[from] item: Rocky Helmet|[of] p1a: Toxapex
|-enditem|p1a: Toxapex|Rocky Helmet|[from] move: Knock Off|[of] p2a: Yveltal
|
|upkeep
|turn|2
|
|t:|1663586176
|move|p2a: Yveltal|U-turn|p1a: Toxapex
|-resisted|p1a: Toxapex
|-damage|p1a: Toxapex|61/100
|
|t:|1663586183
|switch|p2a: Necrozma|Necrozma-Dusk-Mane|100/100|[from]move: U-turn
|move|p1a: Toxapex|Knock Off|p2a: Necrozma
|-supereffective|p2a: Necrozma
|-damage|p2a: Necrozma|84/100
|-enditem|p2a: Necrozma|Leftovers|[from] move: Knock Off|[of] p1a: Toxapex
|
|upkeep
|turn|3
|
|t:|1663586187
|switch|p1a: Steelix|Steelix, F|100/100
|move|p2a: Necrozma|Stealth Rock|p1a: Steelix
|-sidestart|p1: sidalin|move: Stealth Rock
|
|upkeep
|turn|4
|
|t:|1663586195
|switch|p2a: Yveltal|Yveltal|84/100
|-ability|p2a: Yveltal|Dark Aura
|move|p1a: Steelix|Stealth Rock|p2a: Yveltal
|-sidestart|p2: AceTeaa|move: Stealth Rock
|
|upkeep
|turn|5
|
|t:|1663586199
|switch|p1a: Toxapex|Toxapex, M|94/100
|-damage|p1a: Toxapex|81/100|[from] Stealth Rock
|move|p2a: Yveltal|Knock Off|p1a: Toxapex
|-damage|p1a: Toxapex|59/100
|
|upkeep
|turn|6
|
|t:|1663586203
|move|p2a: Yveltal|Defog|p1a: Toxapex
|-unboost|p1a: Toxapex|evasion|1
|-sideend|p1: sidalin|Stealth Rock|[from] move: Defog|[of] p2a: Yveltal
|-sideend|p2: AceTeaa|Stealth Rock|[from] move: Defog|[of] p2a: Yveltal
|move|p1a: Toxapex|Toxic Spikes|p2a: Yveltal
|-sidestart|p2: AceTeaa|move: Toxic Spikes
|
|upkeep
|turn|7
|
|t:|1663586206
|switch|p2a: Eternatus|Eternatus|100/100
|-sideend|p2: AceTeaa|move: Toxic Spikes|[of] p2a: Eternatus
|-ability|p2a: Eternatus|Pressure
|move|p1a: Toxapex|Knock Off|p2a: Eternatus
|-damage|p2a: Eternatus|88/100
|-enditem|p2a: Eternatus|Heavy-Duty Boots|[from] move: Knock Off|[of] p1a: Toxapex
|
|upkeep
|turn|8
|
|t:|1663586216
|switch|p1a: Magearna|Magearna|100/100
|move|p2a: Eternatus|Dynamax Cannon|p1a: Magearna
|-immune|p1a: Magearna
|
|upkeep
|turn|9
|
|t:|1663586219
|switch|p2a: Necrozma|Necrozma-Dusk-Mane|84/100
|switch|p1a: Giratina|Giratina|100/100
|-ability|p1a: Giratina|Pressure
|
|upkeep
|turn|10
|
|t:|1663586222
|switch|p1a: Steelix|Steelix, F|100/100
|move|p2a: Necrozma|Thunder Wave|p1a: Steelix
|-immune|p1a: Steelix
|
|upkeep
|turn|11
|
|t:|1663586233
|switch|p2a: Yveltal|Yveltal|84/100
|-ability|p2a: Yveltal|Dark Aura
|move|p1a: Steelix|Stealth Rock|p2a: Yveltal
|-sidestart|p2: AceTeaa|move: Stealth Rock
|
|upkeep
|turn|12
|
|t:|1663586237
|switch|p1a: Toxapex|Toxapex, M|93/100
|move|p2a: Yveltal|Defog|p1a: Toxapex
|-unboost|p1a: Toxapex|evasion|1
|-sideend|p2: AceTeaa|Stealth Rock|[from] move: Defog|[of] p2a: Yveltal
|
|upkeep
|turn|13
|
|t:|1663586248
|switch|p2a: Xerneas|Xerneas|100/100
|-ability|p2a: Xerneas|Fairy Aura
|move|p1a: Toxapex|Toxic Spikes|p2a: Xerneas
|-sidestart|p2: AceTeaa|move: Toxic Spikes
|
|upkeep
|turn|14
|
|t:|1663586251
|switch|p1a: Shedinja|Shedinja|100/100
|move|p2a: Xerneas|Geomancy||[still]
|-prepare|p2a: Xerneas|Geomancy
|-enditem|p2a: Xerneas|Power Herb
|-anim|p2a: Xerneas|Geomancy|p2a: Xerneas
|-boost|p2a: Xerneas|spa|2
|-boost|p2a: Xerneas|spd|2
|-boost|p2a: Xerneas|spe|2
|
|upkeep
|turn|15
|
|t:|1663586256
|switch|p2a: Yveltal|Yveltal|84/100
|-ability|p2a: Yveltal|Dark Aura
|move|p1a: Shedinja|Spite||[still]
|-fail|p1a: Shedinja
|
|upkeep
|turn|16
|
|t:|1663586260
|switch|p1a: Toxapex|Toxapex, M|100/100
|move|p2a: Yveltal|U-turn|p1a: Toxapex
|-resisted|p1a: Toxapex
|-damage|p1a: Toxapex|94/100
|
|t:|1663586264
|switch|p2a: Eternatus|Eternatus|88/100|[from]move: U-turn
|-sideend|p2: AceTeaa|move: Toxic Spikes|[of] p2a: Eternatus
|-ability|p2a: Eternatus|Pressure
|
|upkeep
|turn|17
|
|t:|1663586269
|switch|p2a: Necrozma|Necrozma-Dusk-Mane|84/100
|switch|p1a: Magearna|Magearna|100/100
|
|upkeep
|turn|18
|
|t:|1663586276
|switch|p1a: Steelix|Steelix, F|100/100
|move|p2a: Necrozma|Stealth Rock|p1a: Steelix
|-sidestart|p1: sidalin|move: Stealth Rock
|
|upkeep
|turn|19
|
|t:|1663586286
|move|p2a: Necrozma|Iron Head|p1a: Steelix
|-resisted|p1a: Steelix
|-damage|p1a: Steelix|93/100
|cant|p1a: Steelix|flinch
|
|-heal|p1a: Steelix|99/100|[from] item: Leftovers
|upkeep
|turn|20
|
|t:|1663586294
|switch|p2a: Darmanitan|Darmanitan-Galar, M|100/100
|move|p1a: Steelix|Stealth Rock|p2a: Darmanitan
|-sidestart|p2: AceTeaa|move: Stealth Rock
|
|-heal|p1a: Steelix|100/100|[from] item: Leftovers
|upkeep
|turn|21
|
|t:|1663586304
|move|p2a: Darmanitan|Earthquake|p1a: Steelix
|-supereffective|p1a: Steelix
|-damage|p1a: Steelix|56/100
|move|p1a: Steelix|Toxic|p2a: Darmanitan
|-status|p2a: Darmanitan|tox
|
|-heal|p1a: Steelix|63/100|[from] item: Leftovers
|-damage|p2a: Darmanitan|95/100 tox|[from] psn
|upkeep
|turn|22
|
|t:|1663586309
|switch|p2a: Xerneas|Xerneas|100/100
|-damage|p2a: Xerneas|88/100|[from] Stealth Rock
|-ability|p2a: Xerneas|Fairy Aura
|move|p1a: Steelix|Rest|p1a: Steelix
|-status|p1a: Steelix|slp|[from] move: Rest
|-heal|p1a: Steelix|100/100 slp|[silent]
|
|upkeep
|turn|23
|
|t:|1663586318
|switch|p2a: Yveltal|Yveltal|84/100
|-ability|p2a: Yveltal|Dark Aura
|switch|p1a: Shedinja|Shedinja|100/100
|
|upkeep
|turn|24
|
|t:|1663586335
|switch|p2a: Calyrex|Calyrex-Shadow|100/100
|-ability|p2a: Calyrex|As One
|-ability|p2a: Calyrex|Unnerve
|-damage|p2a: Calyrex|88/100|[from] Stealth Rock
|switch|p1a: Toxapex|Toxapex, M|100/100
|-damage|p1a: Toxapex|88/100|[from] Stealth Rock
|
|upkeep
|turn|25
|
|t:|1663586340
|switch|p1a: Yveltal|Yveltal|100/100
|-ability|p1a: Yveltal|Dark Aura
|move|p2a: Calyrex|Trick|p1a: Yveltal
|-activate|p2a: Calyrex|move: Trick|[of] p1a: Yveltal
|-item|p1a: Yveltal|Choice Scarf|[from] move: Trick
|-item|p2a: Calyrex|Heavy-Duty Boots|[from] move: Trick
|
|upkeep
|turn|26
|
|t:|1663586350
|switch|p2a: Xerneas|Xerneas|88/100
|-damage|p2a: Xerneas|75/100|[from] Stealth Rock
|-ability|p2a: Xerneas|Fairy Aura
|move|p1a: Yveltal|Knock Off|p2a: Xerneas
|-resisted|p2a: Xerneas
|-damage|p2a: Xerneas|65/100
|
|upkeep
|turn|27
|
|t:|1663586371
|switch|p1a: Toxapex|Toxapex, M|100/100
|-damage|p1a: Toxapex|88/100|[from] Stealth Rock
|move|p2a: Xerneas|Aromatherapy|p2a: Xerneas
|-activate|p2a: Xerneas|move: Aromatherapy
|-curestatus|p2: Darmanitan|tox|[msg]
|
|upkeep
|turn|28
|
|t:|1663586380
|switch|p2a: Yveltal|Yveltal|84/100
|-ability|p2a: Yveltal|Dark Aura
|move|p1a: Toxapex|Toxic Spikes|p2a: Yveltal
|-sidestart|p2: AceTeaa|move: Toxic Spikes
|
|upkeep
|turn|29
|
|t:|1663586383
|move|p2a: Yveltal|Defog|p1a: Toxapex
|-unboost|p1a: Toxapex|evasion|1
|-sideend|p1: sidalin|Stealth Rock|[from] move: Defog|[of] p2a: Yveltal
|-sideend|p2: AceTeaa|Toxic Spikes|[from] move: Defog|[of] p2a: Yveltal
|-sideend|p2: AceTeaa|Stealth Rock|[from] move: Defog|[of] p2a: Yveltal
|move|p1a: Toxapex|Knock Off|p2a: Yveltal
|-resisted|p2a: Yveltal
|-damage|p2a: Yveltal|77/100
|-enditem|p2a: Yveltal|Heavy-Duty Boots|[from] move: Knock Off|[of] p1a: Toxapex
|
|upkeep
|turn|30
|
|t:|1663586404
|move|p2a: Yveltal|U-turn|p1a: Toxapex
|-resisted|p1a: Toxapex
|-damage|p1a: Toxapex|82/100
|
|t:|1663586409
|switch|p2a: Eternatus|Eternatus|88/100|[from]move: U-turn
|-ability|p2a: Eternatus|Pressure
|move|p1a: Toxapex|Toxic Spikes|p2a: Eternatus
|-sidestart|p2: AceTeaa|move: Toxic Spikes
|
|upkeep
|turn|31
|
|t:|1663586420
|switch|p2a: Yveltal|Yveltal|77/100
|-ability|p2a: Yveltal|Dark Aura
|switch|p1a: Magearna|Magearna|100/100
|
|upkeep
|turn|32
|
|t:|1663586423
|switch|p2a: Eternatus|Eternatus|88/100
|-sideend|p2: AceTeaa|move: Toxic Spikes|[of] p2a: Eternatus
|-ability|p2a: Eternatus|Pressure
|move|p1a: Magearna|Fleur Cannon|p2a: Eternatus
|-crit|p2a: Eternatus
|-damage|p2a: Eternatus|41/100
|-unboost|p1a: Magearna|spa|2
|
|upkeep
|turn|33
|
|t:|1663586426
|move|p2a: Eternatus|Recover|p2a: Eternatus
|-heal|p2a: Eternatus|91/100
|move|p1a: Magearna|Pain Split|p2a: Eternatus
|-sethp|p2a: Eternatus|85/100|[from] move: Pain Split|[silent]
|-sethp|p1a: Magearna|100/100|[from] move: Pain Split
|
|upkeep
|turn|34
|
|t:|1663586430
|switch|p1a: Toxapex|Toxapex, M|100/100
|move|p2a: Eternatus|Mystical Fire|p1a: Toxapex
|-resisted|p1a: Toxapex
|-damage|p1a: Toxapex|91/100
|-unboost|p1a: Toxapex|spa|1
|
|upkeep
|turn|35
|
|t:|1663586438
|switch|p2a: Necrozma|Necrozma-Dusk-Mane|84/100
|switch|p1a: Shedinja|Shedinja|100/100
|
|upkeep
|turn|36
|
|t:|1663586443
|switch|p1a: Steelix|Steelix, F|100/100 slp
|move|p2a: Necrozma|Thunder Wave|p1a: Steelix
|-immune|p1a: Steelix
|
|upkeep
|turn|37
|
|t:|1663586454
|move|p2a: Necrozma|Stealth Rock|p1a: Steelix
|-sidestart|p1: sidalin|move: Stealth Rock
|cant|p1a: Steelix|slp
|
|upkeep
|turn|38
|
|t:|1663586459
|switch|p2a: Calyrex|Calyrex-Shadow|88/100
|-ability|p2a: Calyrex|As One
|-ability|p2a: Calyrex|Unnerve
|cant|p1a: Steelix|slp
|
|upkeep
|turn|39
|
|t:|1663586482
|move|p2a: Calyrex|Astral Barrage|p1a: Steelix
|-ability|p1a: Steelix|Sturdy
|-damage|p1a: Steelix|1/100 slp
|-curestatus|p1a: Steelix|slp|[msg]
|move|p1a: Steelix|Stealth Rock|p2a: Calyrex
|-sidestart|p2: AceTeaa|move: Stealth Rock
|
|-heal|p1a: Steelix|7/100|[from] item: Leftovers
|upkeep
|turn|40
|
|t:|1663586489
|switch|p1a: Yveltal|Yveltal|100/100
|-damage|p1a: Yveltal|76/100|[from] Stealth Rock
|-ability|p1a: Yveltal|Dark Aura
|move|p2a: Calyrex|Astral Barrage|p1a: Yveltal
|-resisted|p1a: Yveltal
|-damage|p1a: Yveltal|56/100
|
|upkeep
|turn|41
|
|t:|1663586500
|switch|p2a: Yveltal|Yveltal|77/100
|-damage|p2a: Yveltal|52/100|[from] Stealth Rock
|-ability|p2a: Yveltal|Dark Aura
|move|p1a: Yveltal|Roost|p1a: Yveltal
|-heal|p1a: Yveltal|100/100
|-singleturn|p1a: Yveltal|move: Roost
|
|upkeep
|turn|42
|
|t:|1663586510
|switch|p1a: Toxapex|Toxapex, M|100/100
|-damage|p1a: Toxapex|88/100|[from] Stealth Rock
|move|p2a: Yveltal|U-turn|p1a: Toxapex
|-resisted|p1a: Toxapex
|-damage|p1a: Toxapex|81/100
|
|t:|1663586514
|switch|p2a: Calyrex|Calyrex-Shadow|88/100|[from]move: U-turn
|-ability|p2a: Calyrex|As One
|-ability|p2a: Calyrex|Unnerve
|
|upkeep
|turn|43
|
|t:|1663586526
|switch|p1a: Yveltal|Yveltal|100/100
|-damage|p1a: Yveltal|76/100|[from] Stealth Rock
|-ability|p1a: Yveltal|Dark Aura
|move|p2a: Calyrex|Psyshock|p1a: Yveltal
|-immune|p1a: Yveltal
|
|upkeep
|turn|44
|
|t:|1663586535
|switch|p2a: Yveltal|Yveltal|52/100
|-damage|p2a: Yveltal|27/100|[from] Stealth Rock
|-ability|p2a: Yveltal|Dark Aura
|move|p1a: Yveltal|Toxic|p2a: Yveltal
|-status|p2a: Yveltal|tox
|
|-damage|p2a: Yveltal|21/100 tox|[from] psn
|upkeep
|turn|45
|
|t:|1663586547
|switch|p1a: Steelix|Steelix, F|7/100
|-damage|p1a: Steelix|4/100|[from] Stealth Rock
|move|p2a: Yveltal|Roost|p2a: Yveltal
|-heal|p2a: Yveltal|71/100 tox
|-singleturn|p2a: Yveltal|move: Roost
|
|-heal|p1a: Steelix|10/100|[from] item: Leftovers
|-damage|p2a: Yveltal|59/100 tox|[from] psn
|upkeep
|turn|46
|l|☆AceTeaa
|player|p2|
|j|☆AceTeaa
|player|p2|AceTeaa|swimmerf-gen4
|
|t:|1663586571
|switch|p1a: Yveltal|Yveltal|76/100
|-damage|p1a: Yveltal|51/100|[from] Stealth Rock
|-ability|p1a: Yveltal|Dark Aura
|move|p2a: Yveltal|Knock Off|p1a: Yveltal
|-resisted|p1a: Yveltal
|-damage|p1a: Yveltal|28/100
|-enditem|p1a: Yveltal|Choice Scarf|[from] move: Knock Off|[of] p2a: Yveltal
|
|-damage|p2a: Yveltal|40/100 tox|[from] psn
|upkeep
|turn|47
|
|t:|1663586576
|move|p1a: Yveltal|Roost|p1a: Yveltal
|-heal|p1a: Yveltal|78/100
|-singleturn|p1a: Yveltal|move: Roost
|move|p2a: Yveltal|Roost|p2a: Yveltal
|-heal|p2a: Yveltal|91/100 tox
|-singleturn|p2a: Yveltal|move: Roost
|
|-damage|p2a: Yveltal|66/100 tox|[from] psn
|upkeep
|turn|48
|
|t:|1663586582
|switch|p2a: Xerneas|Xerneas|65/100
|-damage|p2a: Xerneas|52/100|[from] Stealth Rock
|-ability|p2a: Xerneas|Fairy Aura
|move|p1a: Yveltal|Roost|p1a: Yveltal
|-heal|p1a: Yveltal|100/100
|-singleturn|p1a: Yveltal|move: Roost
|
|upkeep
|turn|49
|
|t:|1663586593
|switch|p1a: Shedinja|Shedinja|100/100
|move|p2a: Xerneas|Aromatherapy|p2a: Xerneas
|-activate|p2a: Xerneas|move: Aromatherapy
|-curestatus|p2: Yveltal|tox|[msg]
|
|upkeep
|turn|50
|
|t:|1663586599
|switch|p2a: Necrozma|Necrozma-Dusk-Mane|84/100
|-damage|p2a: Necrozma|78/100|[from] Stealth Rock
|move|p1a: Shedinja|Will-O-Wisp|p2a: Necrozma
|-status|p2a: Necrozma|brn
|
|-damage|p2a: Necrozma|72/100 brn|[from] brn
|upkeep
|turn|51
|
|t:|1663586609
|move|p2a: Necrozma|Thunder Wave|p1a: Shedinja
|-status|p1a: Shedinja|par
|move|p1a: Shedinja|Spite|p2a: Necrozma
|-activate|p2a: Necrozma|move: Spite|Thunder Wave|4
|
|-damage|p2a: Necrozma|66/100 brn|[from] brn
|upkeep
|turn|52
|
|t:|1663586613
|move|p1a: Shedinja|Shadow Sneak|p2a: Necrozma
|-supereffective|p2a: Necrozma
|-damage|p2a: Necrozma|47/100 brn
|move|p2a: Necrozma|Iron Head|p1a: Shedinja
|-immune|p1a: Shedinja|[from] ability: Wonder Guard
|
|-damage|p2a: Necrozma|41/100 brn|[from] brn
|upkeep
|turn|53
|
|t:|1663586616
|move|p2a: Necrozma|Moonlight|p2a: Necrozma
|-heal|p2a: Necrozma|91/100 brn
|cant|p1a: Shedinja|par
|
|-damage|p2a: Necrozma|85/100 brn|[from] brn
|upkeep
|turn|54
|
|t:|1663586632
|switch|p2a: Eternatus|Eternatus|85/100
|-damage|p2a: Eternatus|73/100|[from] Stealth Rock
|-ability|p2a: Eternatus|Pressure
|move|p1a: Shedinja|Will-O-Wisp|p2a: Eternatus
|-status|p2a: Eternatus|brn
|
|-damage|p2a: Eternatus|67/100 brn|[from] brn
|upkeep
|turn|55
|
|t:|1663586643
|switch|p2a: Yveltal|Yveltal|66/100
|-damage|p2a: Yveltal|41/100|[from] Stealth Rock
|-ability|p2a: Yveltal|Dark Aura
|switch|p1a: Toxapex|Toxapex, M|100/100
|-damage|p1a: Toxapex|88/100|[from] Stealth Rock
|
|upkeep
|turn|56
|
|t:|1663586648
|move|p2a: Yveltal|Roost|p2a: Yveltal
|-heal|p2a: Yveltal|91/100
|-singleturn|p2a: Yveltal|move: Roost
|move|p1a: Toxapex|Toxic Spikes|p2a: Yveltal
|-sidestart|p2: AceTeaa|move: Toxic Spikes
|
|upkeep
|turn|57
|
|t:|1663586656
|switch|p1a: Yveltal|Yveltal|100/100
|-damage|p1a: Yveltal|76/100|[from] Stealth Rock
|-ability|p1a: Yveltal|Dark Aura
|move|p2a: Yveltal|Defog|p1a: Yveltal
|-unboost|p1a: Yveltal|evasion|1
|-sideend|p1: sidalin|Stealth Rock|[from] move: Defog|[of] p2a: Yveltal
|-sideend|p2: AceTeaa|Toxic Spikes|[from] move: Defog|[of] p2a: Yveltal
|-sideend|p2: AceTeaa|Stealth Rock|[from] move: Defog|[of] p2a: Yveltal
|
|upkeep
|turn|58
|
|t:|1663586667
|move|p2a: Yveltal|U-turn|p1a: Yveltal
|-damage|p1a: Yveltal|59/100
|l|☆AceTeaa
|player|p2|
|j|☆AceTeaa
|player|p2|AceTeaa|swimmerf-gen4
|
|t:|1663586704
|switch|p2a: Necrozma|Necrozma-Dusk-Mane|85/100 brn|[from]move: U-turn
|move|p1a: Yveltal|Knock Off|p2a: Necrozma
|-supereffective|p2a: Necrozma
|-damage|p2a: Necrozma|43/100 brn
|
|-damage|p2a: Necrozma|37/100 brn|[from] brn
|upkeep
|turn|59
|
|t:|1663586716
|switch|p1a: Steelix|Steelix, F|10/100
|move|p2a: Necrozma|Moonlight|p2a: Necrozma
|-heal|p2a: Necrozma|87/100 brn
|
|-heal|p1a: Steelix|16/100|[from] item: Leftovers
|-damage|p2a: Necrozma|81/100 brn|[from] brn
|upkeep
|turn|60
|
|t:|1663586719
|move|p2a: Necrozma|Iron Head|p1a: Steelix
|-resisted|p1a: Steelix
|-damage|p1a: Steelix|12/100
|cant|p1a: Steelix|flinch
|
|-heal|p1a: Steelix|18/100|[from] item: Leftovers
|-damage|p2a: Necrozma|75/100 brn|[from] brn
|upkeep
|turn|61
|
|t:|1663586729
|switch|p2a: Darmanitan|Darmanitan-Galar, M|95/100
|move|p1a: Steelix|Stealth Rock|p2a: Darmanitan
|-sidestart|p2: AceTeaa|move: Stealth Rock
|
|-heal|p1a: Steelix|25/100|[from] item: Leftovers
|upkeep
|turn|62
|
|t:|1663586735
|switch|p1a: Toxapex|Toxapex, M|100/100
|move|p2a: Darmanitan|Icicle Crash|p1a: Toxapex
|-resisted|p1a: Toxapex
|-damage|p1a: Toxapex|80/100
|
|upkeep
|turn|63
|
|t:|1663586747
|switch|p2a: Xerneas|Xerneas|52/100
|-damage|p2a: Xerneas|40/100|[from] Stealth Rock
|-ability|p2a: Xerneas|Fairy Aura
|move|p1a: Toxapex|Toxic Spikes|p2a: Xerneas
|-sidestart|p2: AceTeaa|move: Toxic Spikes
|
|upkeep
|turn|64
|
|t:|1663586756
|switch|p1a: Shedinja|Shedinja|100/100 par
|move|p2a: Xerneas|Rest|p2a: Xerneas
|-status|p2a: Xerneas|slp|[from] move: Rest
|-heal|p2a: Xerneas|100/100 slp|[silent]
|
|upkeep
|turn|65
|
|t:|1663586765
|switch|p1a: Steelix|Steelix, F|25/100
|cant|p2a: Xerneas|slp
|
|-heal|p1a: Steelix|31/100|[from] item: Leftovers
|upkeep
|turn|66
|
|t:|1663586769
|cant|p2a: Xerneas|slp
|move|p1a: Steelix|Roar|p2a: Xerneas
|drag|p2a: Darmanitan|Darmanitan-Galar, M|95/100
|-damage|p2a: Darmanitan|70/100|[from] Stealth Rock
|-status|p2a: Darmanitan|psn
|
|-heal|p1a: Steelix|37/100|[from] item: Leftovers
|-damage|p2a: Darmanitan|57/100 psn|[from] psn
|upkeep
|turn|67
|l|☆AceTeaa
|player|p2|
|inactive|Battle timer is ON: inactive players will automatically lose when time's up. (requested by sidalin)
|j|☆AceTeaa
|inactive|AceTeaa reconnected and has 145 seconds left.
|player|p2|AceTeaa|swimmerf-gen4
|
|t:|1663586798
|switch|p1a: Toxapex|Toxapex, M|100/100
|move|p2a: Darmanitan|U-turn|p1a: Toxapex
|-resisted|p1a: Toxapex
|-damage|p1a: Toxapex|89/100
|
|t:|1663586801
|switch|p2a: Yveltal|Yveltal|91/100|[from]move: U-turn
|-damage|p2a: Yveltal|66/100|[from] Stealth Rock
|-ability|p2a: Yveltal|Dark Aura
|
|upkeep
|turn|68
|
|t:|1663586808
|switch|p1a: Yveltal|Yveltal|59/100
|-ability|p1a: Yveltal|Dark Aura
|move|p2a: Yveltal|Defog|p1a: Yveltal
|-unboost|p1a: Yveltal|evasion|1
|-sideend|p2: AceTeaa|Toxic Spikes|[from] move: Defog|[of] p2a: Yveltal
|-sideend|p2: AceTeaa|Stealth Rock|[from] move: Defog|[of] p2a: Yveltal
|
|upkeep
|turn|69
|l|☆AceTeaa
|inactive|AceTeaa disconnected and has a minute to reconnect!
|player|p2|
|inactive|AceTeaa has 30 seconds to reconnect!
|inactiveoff|Battle timer is now OFF.
|inactive|Battle timer is ON: inactive players will automatically lose when time's up. (requested by sidalin)
|inactive|AceTeaa has 20 seconds to reconnect!
|inactive|AceTeaa has 15 seconds to reconnect!
|inactive|AceTeaa has 10 seconds to reconnect!
|inactive|AceTeaa has 5 seconds to reconnect!
|-message|AceTeaa lost due to inactivity.
|
|win|sidalin
|raw|sidalin's rating: 1620 &rarr; <strong>1632</strong><br />(+12 for winning)
|raw|AceTeaa's rating: 1480 &rarr; <strong>1468</strong><br />(-12 for losing)
||Ladder isn't responding, score probably updated but might not have (Request timeout).
