|j|☆Ramzo
|j|☆TheNorthernBlade1
|t:|1624729075
|gametype|singles
|player|p1|Ramzo|ghetsis-gen5bw|1531
|player|p2|TheNorthernBlade1|102|1616
|teamsize|p1|6
|teamsize|p2|6
|gen|8
|tier|[Gen 8] Ubers
|rated|
|rule|Sleep Clause Mod: Limit one foe put to sleep
|rule|Species Clause: Limit one of each Pokémon
|rule|OHKO Clause: OHKO moves are banned
|rule|Evasion Moves Clause: Evasion moves are banned
|rule|Endless Battle Clause: Forcing endless battles is banned
|rule|HP Percentage Mod: HP is shown in percentages
|rule|Dynamax Clause: You cannot dynamax
|clearpoke
|poke|p1|Yveltal|
|poke|p1|Xerneas-*|
|poke|p1|Necrozma-Dusk-Mane|
|poke|p1|Ho-Oh|
|poke|p1|Eternatus|
|poke|p1|Kyogre|
|poke|p2|Kyogre|
|poke|p2|Zygarde|
|poke|p2|Necrozma-Dusk-Mane|
|poke|p2|Yveltal|
|poke|p2|Blissey, F|
|poke|p2|Xerneas-*|
|teampreview
|inactive|Battle timer is ON: inactive players will automatically lose when time's up. (requested by Ramzo)
|
|t:|1624729098
|start
|switch|p1a: Yveltal|Yveltal, shiny|100/100
|switch|p2a: Yveltal|Yveltal|100/100
|-ability|p1a: Yveltal|Dark Aura
|-ability|p2a: Yveltal|Dark Aura
|turn|1
|
|t:|1624729107
|move|p1a: Yveltal|Knock Off|p2a: Yveltal
|-resisted|p2a: Yveltal
|-damage|p2a: Yveltal|75/100
|-enditem|p2a: Yveltal|Heavy-Duty Boots|[from] move: Knock Off|[of] p1a: Yveltal
|move|p2a: Yveltal|Knock Off|p1a: Yveltal
|-resisted|p1a: Yveltal
|-damage|p1a: Yveltal|74/100
|-enditem|p1a: Yveltal|Heavy-Duty Boots|[from] move: Knock Off|[of] p2a: Yveltal
|
|upkeep
|turn|2
|
|t:|1624729119
|move|p1a: Yveltal|Sucker Punch|p2a: Yveltal
|-resisted|p2a: Yveltal
|-damage|p2a: Yveltal|55/100
|move|p2a: Yveltal|Knock Off|p1a: Yveltal
|-resisted|p1a: Yveltal
|-damage|p1a: Yveltal|55/100
|
|upkeep
|turn|3
|
|t:|1624729123
|move|p1a: Yveltal|Sucker Punch||[still]
|-fail|p1a: Yveltal
|move|p2a: Yveltal|Roost|p2a: Yveltal
|-heal|p2a: Yveltal|100/100
|-singleturn|p2a: Yveltal|move: Roost
|
|upkeep
|turn|4
|j| WalxhWasHere
|
|t:|1624729130
|move|p1a: Yveltal|Sucker Punch|p2a: Yveltal
|-resisted|p2a: Yveltal
|-damage|p2a: Yveltal|82/100
|move|p2a: Yveltal|Knock Off|p1a: Yveltal
|-resisted|p1a: Yveltal
|-damage|p1a: Yveltal|36/100
|
|upkeep
|turn|5
|
|t:|1624729152
|switch|p1a: Eternatus|Eternatus|100/100
|-ability|p1a: Eternatus|Pressure
|switch|p2a: Xerneas|Xerneas|100/100
|-ability|p2a: Xerneas|Fairy Aura
|
|upkeep
|turn|6
|
|t:|1624729164
|switch|p2a: Blissey|Blissey, F|100/100
|move|p1a: Eternatus|Toxic|p2a: Blissey
|-status|p2a: Blissey|tox
|
|-damage|p2a: Blissey|94/100 tox|[from] psn
|upkeep
|turn|7
|
|t:|1624729176
|switch|p1a: Ho-Oh|Ho-Oh, shiny|100/100
|move|p2a: Blissey|Confide|p1a: Ho-Oh
|-unboost|p1a: Ho-Oh|spa|1
|
|-damage|p2a: Blissey|82/100 tox|[from] psn
|upkeep
|turn|8
|
|t:|1624729186
|switch|p2a: Necrozma|Necrozma-Dusk-Mane|100/100
|move|p1a: Ho-Oh|Sacred Fire|p2a: Necrozma
|-supereffective|p2a: Necrozma
|-damage|p2a: Necrozma|57/100
|
|upkeep
|turn|9
|
|t:|1624729194
|move|p1a: Ho-Oh|Sacred Fire|p2a: Necrozma
|-supereffective|p2a: Necrozma
|-damage|p2a: Necrozma|11/100
|-status|p2a: Necrozma|brn
|move|p2a: Necrozma|Morning Sun|p2a: Necrozma
|-heal|p2a: Necrozma|61/100 brn
|
|-damage|p2a: Necrozma|55/100 brn|[from] brn
|upkeep
|turn|10
|
|t:|1624729198
|move|p1a: Ho-Oh|Sacred Fire|p2a: Necrozma
|-supereffective|p2a: Necrozma
|-damage|p2a: Necrozma|13/100 brn
|move|p2a: Necrozma|Morning Sun|p2a: Necrozma
|-heal|p2a: Necrozma|63/100 brn
|
|-damage|p2a: Necrozma|57/100 brn|[from] brn
|upkeep
|turn|11
|
|t:|1624729205
|switch|p1a: Kyogre|Kyogre, shiny|100/100
|-weather|RainDance|[from] ability: Drizzle|[of] p1a: Kyogre
|move|p2a: Necrozma|Morning Sun|p2a: Necrozma
|-heal|p2a: Necrozma|82/100 brn
|
|-weather|RainDance|[upkeep]
|-damage|p2a: Necrozma|76/100 brn|[from] brn
|upkeep
|turn|12
|
|t:|1624729218
|move|p1a: Kyogre|Water Spout|p2a: Necrozma
|-damage|p2a: Necrozma|0 fnt
|faint|p2a: Necrozma
|
|-weather|RainDance|[upkeep]
|upkeep
|
|t:|1624729225
|switch|p2a: Xerneas|Xerneas|100/100
|-ability|p2a: Xerneas|Fairy Aura
|turn|13
|
|t:|1624729228
|move|p2a: Xerneas|Moonblast|p1a: Kyogre
|-damage|p1a: Kyogre|60/100
|move|p1a: Kyogre|Water Spout|p2a: Xerneas
|-damage|p2a: Xerneas|36/100
|
|-weather|RainDance|[upkeep]
|upkeep
|turn|14
|
|t:|1624729236
|switch|p2a: Kyogre|Kyogre|100/100
|switch|p1a: Necrozma|Necrozma-Dusk-Mane, shiny|100/100
|
|-weather|RainDance|[upkeep]
|upkeep
|turn|15
|
|t:|1624729240
|switch|p1a: Eternatus|Eternatus|100/100
|-ability|p1a: Eternatus|Pressure
|move|p2a: Kyogre|Substitute|p2a: Kyogre
|-start|p2a: Kyogre|Substitute
|-damage|p2a: Kyogre|75/100
|
|-weather|none
|-heal|p2a: Kyogre|82/100|[from] item: Leftovers
|upkeep
|turn|16
|
|t:|1624729243
|move|p1a: Eternatus|Dynamax Cannon|p2a: Kyogre
|-end|p2a: Kyogre|Substitute
|move|p2a: Kyogre|Thunder Wave|p1a: Eternatus
|-status|p1a: Eternatus|par
|
|-heal|p2a: Kyogre|88/100|[from] item: Leftovers
|upkeep
|turn|17
|
|t:|1624729249
|switch|p1a: Yveltal|Yveltal, shiny|36/100
|-ability|p1a: Yveltal|Dark Aura
|move|p2a: Kyogre|Substitute|p2a: Kyogre
|-start|p2a: Kyogre|Substitute
|-damage|p2a: Kyogre|63/100
|
|-heal|p2a: Kyogre|69/100|[from] item: Leftovers
|upkeep
|turn|18
|
|t:|1624729252
|move|p1a: Yveltal|Knock Off|p2a: Kyogre
|-end|p2a: Kyogre|Substitute
|move|p2a: Kyogre|Thunder Wave|p1a: Yveltal
|-status|p1a: Yveltal|par
|
|-heal|p2a: Kyogre|75/100|[from] item: Leftovers
|upkeep
|turn|19
|
|t:|1624729256
|switch|p2a: Xerneas|Xerneas|36/100
|-ability|p2a: Xerneas|Fairy Aura
|move|p1a: Yveltal|Knock Off|p2a: Xerneas
|-resisted|p2a: Xerneas
|-damage|p2a: Xerneas|10/100
|-enditem|p2a: Xerneas|Choice Scarf|[from] move: Knock Off|[of] p1a: Yveltal
|
|upkeep
|turn|20
|
|t:|1624729259
|move|p2a: Xerneas|Rest|p2a: Xerneas
|-status|p2a: Xerneas|slp|[from] move: Rest
|-heal|p2a: Xerneas|100/100 slp|[silent]
|cant|p1a: Yveltal|par
|
|upkeep
|turn|21
|
|t:|1624729275
|switch|p1a: Necrozma|Necrozma-Dusk-Mane, shiny|100/100
|cant|p2a: Xerneas|slp
|move|p2a: Xerneas|Sleep Talk|p2a: Xerneas
|move|p2a: Xerneas|Moonblast|p1a: Necrozma|[from]move: Sleep Talk
|-resisted|p1a: Necrozma
|-damage|p1a: Necrozma|80/100
|-unboost|p1a: Necrozma|spa|1
|
|upkeep
|turn|22
|
|t:|1624729283
|switch|p2a: Yveltal|Yveltal|82/100
|-ability|p2a: Yveltal|Dark Aura
|move|p1a: Necrozma|Sunsteel Strike|p2a: Yveltal
|-damage|p2a: Yveltal|34/100
|
|upkeep
|turn|23
|
|t:|1624729290
|switch|p1a: Yveltal|Yveltal, shiny|36/100 par
|-ability|p1a: Yveltal|Dark Aura
|move|p2a: Yveltal|Roost|p2a: Yveltal
|-heal|p2a: Yveltal|84/100
|-singleturn|p2a: Yveltal|move: Roost
|
|upkeep
|turn|24
|
|t:|1624729297
|switch|p2a: Xerneas|Xerneas|100/100 slp
|-ability|p2a: Xerneas|Fairy Aura
|move|p1a: Yveltal|Knock Off|p2a: Xerneas
|-resisted|p2a: Xerneas
|-damage|p2a: Xerneas|86/100 slp
|
|upkeep
|turn|25
|
|t:|1624729301
|cant|p2a: Xerneas|slp
|move|p2a: Xerneas|Sleep Talk|p2a: Xerneas
|move|p2a: Xerneas|Aromatherapy|p2a: Xerneas|[from]move: Sleep Talk
|-activate|p2a: Xerneas|move: Aromatherapy
|-curestatus|p2a: Xerneas|slp|[msg]
|move|p1a: Yveltal|U-turn|p2a: Xerneas
|-resisted|p2a: Xerneas
|-damage|p2a: Xerneas|77/100
|
|t:|1624729318
|switch|p1a: Xerneas|Xerneas, shiny|100/100|[from]move: U-turn
|-ability|p1a: Xerneas|Fairy Aura
|
|upkeep
|turn|26
|
|t:|1624729324
|switch|p2a: Blissey|Blissey, F|82/100
|move|p1a: Xerneas|Geomancy||[still]
|-prepare|p1a: Xerneas|Geomancy
|-enditem|p1a: Xerneas|Power Herb
|-anim|p1a: Xerneas|Geomancy|p1a: Xerneas
|-boost|p1a: Xerneas|spa|2
|-boost|p1a: Xerneas|spd|2
|-boost|p1a: Xerneas|spe|2
|
|upkeep
|turn|27
|
|t:|1624729327
|move|p1a: Xerneas|Substitute|p1a: Xerneas
|-start|p1a: Xerneas|Substitute
|-damage|p1a: Xerneas|76/100
|move|p2a: Blissey|Soft-Boiled|p2a: Blissey
|-heal|p2a: Blissey|100/100
|
|upkeep
|turn|28
|
|t:|1624729331
|move|p1a: Xerneas|Moonblast|p2a: Blissey
|-damage|p2a: Blissey|57/100
|-unboost|p2a: Blissey|spa|1
|move|p2a: Blissey|Confide|p1a: Xerneas
|-unboost|p1a: Xerneas|spa|1
|
|upkeep
|turn|29
|
|t:|1624729337
|move|p1a: Xerneas|Geomancy||[still]
|-prepare|p1a: Xerneas|Geomancy
|move|p2a: Blissey|Soft-Boiled|p2a: Blissey
|-heal|p2a: Blissey|100/100
|
|upkeep
|turn|30
|
|t:|1624729339
|move|p1a: Xerneas|Geomancy|p1a: Xerneas|[from]lockedmove
|-boost|p1a: Xerneas|spa|2
|-boost|p1a: Xerneas|spd|2
|-boost|p1a: Xerneas|spe|2
|move|p2a: Blissey|Confide|p1a: Xerneas
|-unboost|p1a: Xerneas|spa|1
|
|upkeep
|turn|31
|
|t:|1624729348
|move|p1a: Xerneas|Geomancy||[still]
|-prepare|p1a: Xerneas|Geomancy
|move|p2a: Blissey|Confide|p1a: Xerneas
|-unboost|p1a: Xerneas|spa|1
|
|upkeep
|turn|32
|
|t:|1624729349
|move|p1a: Xerneas|Geomancy|p1a: Xerneas|[from]lockedmove
|-boost|p1a: Xerneas|spa|2
|-boost|p1a: Xerneas|spd|2
|-boost|p1a: Xerneas|spe|2
|move|p2a: Blissey|Confide|p1a: Xerneas
|-unboost|p1a: Xerneas|spa|1
|
|upkeep
|turn|33
|
|t:|1624729352
|move|p1a: Xerneas|Moonblast|p2a: Blissey
|-damage|p2a: Blissey|60/100
|move|p2a: Blissey|Confide|p1a: Xerneas
|-unboost|p1a: Xerneas|spa|1
|
|upkeep
|turn|34
|
|t:|1624729356
|move|p1a: Xerneas|Moonblast|p2a: Blissey
|-damage|p2a: Blissey|29/100
|-unboost|p2a: Blissey|spa|1
|move|p2a: Blissey|Soft-Boiled|p2a: Blissey
|-heal|p2a: Blissey|79/100
|
|upkeep
|turn|35
|
|t:|1624729364
|move|p1a: Xerneas|Geomancy||[still]
|-prepare|p1a: Xerneas|Geomancy
|move|p2a: Blissey|Confide|p1a: Xerneas
|-unboost|p1a: Xerneas|spa|1
|
|upkeep
|turn|36
|
|t:|1624729369
|move|p1a: Xerneas|Geomancy|p1a: Xerneas|[from]lockedmove
|-boost|p1a: Xerneas|spa|2
|-boost|p1a: Xerneas|spd|0
|-boost|p1a: Xerneas|spe|0
|move|p2a: Blissey|Confide|p1a: Xerneas
|-unboost|p1a: Xerneas|spa|1
|
|upkeep
|turn|37
|
|t:|1624729375
|move|p1a: Xerneas|Thunderbolt|p2a: Blissey
|-damage|p2a: Blissey|64/100
|move|p2a: Blissey|Confide|p1a: Xerneas
|-unboost|p1a: Xerneas|spa|1
|
|upkeep
|turn|38
|
|t:|1624729378
|move|p1a: Xerneas|Thunderbolt|p2a: Blissey
|-damage|p2a: Blissey|52/100
|-status|p2a: Blissey|par
|move|p2a: Blissey|Confide|p1a: Xerneas
|-unboost|p1a: Xerneas|spa|1
|
|upkeep
|turn|39
|
|t:|1624729381
|move|p1a: Xerneas|Geomancy||[still]
|-prepare|p1a: Xerneas|Geomancy
|move|p2a: Blissey|Soft-Boiled|p2a: Blissey
|-heal|p2a: Blissey|100/100 par
|
|upkeep
|turn|40
|
|t:|1624729383
|move|p1a: Xerneas|Geomancy|p1a: Xerneas|[from]lockedmove
|-boost|p1a: Xerneas|spa|2
|-boost|p1a: Xerneas|spd|0
|-boost|p1a: Xerneas|spe|0
|cant|p2a: Blissey|par
|
|upkeep
|turn|41
|
|t:|1624729390
|move|p1a: Xerneas|Geomancy||[still]
|-prepare|p1a: Xerneas|Geomancy
|move|p2a: Blissey|Confide|p1a: Xerneas
|-unboost|p1a: Xerneas|spa|1
|
|upkeep
|turn|42
|
|t:|1624729392
|move|p1a: Xerneas|Geomancy|p1a: Xerneas|[from]lockedmove
|-boost|p1a: Xerneas|spa|2
|-boost|p1a: Xerneas|spd|0
|-boost|p1a: Xerneas|spe|0
|move|p2a: Blissey|Confide|p1a: Xerneas
|-unboost|p1a: Xerneas|spa|1
|
|upkeep
|turn|43
|
|t:|1624729401
|-curestatus|p2a: Blissey|par|[from] ability: Natural Cure
|switch|p2a: Xerneas|Xerneas|77/100
|-ability|p2a: Xerneas|Fairy Aura
|move|p1a: Xerneas|Geomancy||[still]
|-prepare|p1a: Xerneas|Geomancy
|
|upkeep
|turn|44
|
|t:|1624729405
|switch|p2a: Blissey|Blissey, F|100/100
|move|p1a: Xerneas|Geomancy|p1a: Xerneas|[from]lockedmove
|-boost|p1a: Xerneas|spa|2
|-boost|p1a: Xerneas|spd|0
|-boost|p1a: Xerneas|spe|0
|
|upkeep
|turn|45
|
|t:|1624729409
|move|p1a: Xerneas|Moonblast|p2a: Blissey
|-damage|p2a: Blissey|41/100
|move|p2a: Blissey|Confide|p1a: Xerneas
|-unboost|p1a: Xerneas|spa|1
|
|upkeep
|turn|46
|
|t:|1624729412
|move|p1a: Xerneas|Moonblast|p2a: Blissey
|-damage|p2a: Blissey|0 fnt
|faint|p2a: Blissey
|
|upkeep
|-message|TheNorthernBlade1 forfeited.
|
|win|Ramzo
|raw|Ramzo's rating: 1531 &rarr; <strong>1556</strong><br />(+25 for winning)
|raw|TheNorthernBlade1's rating: 1616 &rarr; <strong>1591</strong><br />(-25 for losing)
|l|☆TheNorthernBlade1
