|j|☆OhohAhah
|j|☆ox084
|t:|1657910351
|gametype|singles
|player|p1|OhohAhah|nessa|1377
|player|p2|ox084|red-gen7|1542
|teamsize|p1|6
|teamsize|p2|6
|gen|8
|tier|[Gen 8] Ubers
|rated|
|rule|Sleep Clause Mod: Limit one foe put to sleep
|rule|Species Clause: Limit one of each Pokémon
|rule|OHKO Clause: OHKO moves are banned
|rule|Evasion Moves Clause: Evasion moves are banned
|rule|Endless Battle Clause: Forcing endless battles is banned
|rule|HP Percentage Mod: HP is shown in percentages
|rule|Dynamax Clause: You cannot dynamax
|clearpoke
|poke|p1|Xerneas-*|
|poke|p1|Yveltal|
|poke|p1|Necrozma-Dusk-Mane|
|poke|p1|Eternatus|
|poke|p1|Zygarde|
|poke|p1|Marshadow|
|poke|p2|Marshadow|
|poke|p2|Yveltal|
|poke|p2|Solgaleo|
|poke|p2|Groudon|
|poke|p2|Ho-Oh|
|poke|p2|Genesect|
|teampreview
|inactive|Battle timer is ON: inactive players will automatically lose when time's up. (requested by ox084)
|
|t:|1657910358
|start
|switch|p1a: Sasageyo!|Necrozma-Dusk-Mane|100/100
|switch|p2a: Genesect|Genesect, shiny|100/100
|-ability|p2a: Genesect|Download|boost
|-boost|p2a: Genesect|atk|1
|turn|1
|
|t:|1657910364
|move|p2a: Genesect|U-turn|p1a: Sasageyo!
|-damage|p1a: Sasageyo!|67/100
|
|t:|1657910365
|switch|p2a: Solgaleo|Solgaleo, shiny|100/100|[from]move: U-turn
|move|p1a: Sasageyo!|Thunder Wave|p2a: Solgaleo
|-status|p2a: Solgaleo|par
|
|-heal|p1a: Sasageyo!|73/100|[from] item: Leftovers
|upkeep
|turn|2
|
|t:|1657910370
|move|p1a: Sasageyo!|Stealth Rock|p2a: Solgaleo
|-sidestart|p2: ox084|move: Stealth Rock
|move|p2a: Solgaleo|Flare Blitz|p1a: Sasageyo!
|-supereffective|p1a: Sasageyo!
|-damage|p1a: Sasageyo!|0 fnt
|faint|p1a: Sasageyo!
|-damage|p2a: Solgaleo|77/100 par|[from] Recoil
|
|upkeep
|
|t:|1657910376
|switch|p1a: wo sono te de|Zygarde|100/100
|turn|3
|
|t:|1657910380
|switch|p2a: Genesect|Genesect, shiny|100/100
|-damage|p2a: Genesect|88/100|[from] Stealth Rock
|-ability|p2a: Genesect|Download|boost
|-boost|p2a: Genesect|spa|1
|move|p1a: wo sono te de|Substitute|p1a: wo sono te de
|-start|p1a: wo sono te de|Substitute
|-damage|p1a: wo sono te de|76/100
|
|-heal|p1a: wo sono te de|82/100|[from] item: Leftovers
|upkeep
|turn|4
|
|t:|1657910384
|move|p2a: Genesect|Ice Beam|p1a: wo sono te de
|-supereffective|p1a: wo sono te de
|-end|p1a: wo sono te de|Substitute
|move|p1a: wo sono te de|Glare|p2a: Genesect
|-status|p2a: Genesect|par
|
|-heal|p1a: wo sono te de|88/100|[from] item: Leftovers
|upkeep
|turn|5
|
|t:|1657910389
|move|p1a: wo sono te de|Substitute|p1a: wo sono te de
|-start|p1a: wo sono te de|Substitute
|-damage|p1a: wo sono te de|63/100
|move|p2a: Genesect|Ice Beam|p1a: wo sono te de
|-supereffective|p1a: wo sono te de
|-end|p1a: wo sono te de|Substitute
|
|-heal|p1a: wo sono te de|69/100|[from] item: Leftovers
|upkeep
|turn|6
|
|t:|1657910395
|switch|p1a: Susumu beki mirai|Eternatus|100/100
|-ability|p1a: Susumu beki mirai|Pressure
|-item|p1a: Susumu beki mirai|Air Balloon
|switch|p2a: Yveltal|Yveltal, shiny|100/100
|-damage|p2a: Yveltal|76/100|[from] Stealth Rock
|-ability|p2a: Yveltal|Dark Aura
|
|upkeep
|turn|7
|
|t:|1657910398
|switch|p2a: Ho-Oh|Ho-Oh|100/100
|move|p1a: Susumu beki mirai|Dynamax Cannon|p2a: Ho-Oh
|-damage|p2a: Ho-Oh|75/100
|
|upkeep
|turn|8
|
|t:|1657910400
|move|p1a: Susumu beki mirai|Toxic|p2a: Ho-Oh
|-status|p2a: Ho-Oh|tox
|move|p2a: Ho-Oh|Defog|p1a: Susumu beki mirai
|-unboost|p1a: Susumu beki mirai|evasion|1
|-sideend|p2: ox084|Stealth Rock|[from] move: Defog|[of] p2a: Ho-Oh
|
|-damage|p2a: Ho-Oh|69/100 tox|[from] psn
|upkeep
|turn|9
|
|t:|1657910408
|move|p1a: Susumu beki mirai|Dynamax Cannon|p2a: Ho-Oh
|-damage|p2a: Ho-Oh|42/100 tox
|move|p2a: Ho-Oh|Thunder Wave|p1a: Susumu beki mirai
|-status|p1a: Susumu beki mirai|par
|
|-damage|p2a: Ho-Oh|30/100 tox|[from] psn
|upkeep
|turn|10
|
|t:|1657910414
|switch|p2a: Solgaleo|Solgaleo, shiny|77/100 par
|switch|p1a: wo sono te de|Zygarde|69/100
|
|-heal|p1a: wo sono te de|75/100|[from] item: Leftovers
|upkeep
|turn|11
|
|t:|1657910418
|switch|p2a: Yveltal|Yveltal, shiny|76/100
|-ability|p2a: Yveltal|Dark Aura
|move|p1a: wo sono te de|Dragon Dance|p1a: wo sono te de
|-boost|p1a: wo sono te de|atk|1
|-boost|p1a: wo sono te de|spe|1
|
|-heal|p1a: wo sono te de|81/100|[from] item: Leftovers
|upkeep
|turn|12
|
|t:|1657910428
|move|p1a: wo sono te de|Glare|p2a: Yveltal
|-status|p2a: Yveltal|par
|move|p2a: Yveltal|Oblivion Wing|p1a: wo sono te de
|-damage|p1a: wo sono te de|23/100
|-heal|p2a: Yveltal|100/100 par|[from] drain|[of] p1a: wo sono te de
|-damage|p2a: Yveltal|91/100 par|[from] item: Life Orb
|
|-heal|p1a: wo sono te de|30/100|[from] item: Leftovers
|-activate|p1a: wo sono te de|ability: Power Construct
|detailschange|p1a: wo sono te de|Zygarde-Complete
|-heal|p1a: wo sono te de|56/100|[silent]
|upkeep
|turn|13
|
|t:|1657910431
|move|p1a: wo sono te de|Substitute|p1a: wo sono te de
|-start|p1a: wo sono te de|Substitute
|-damage|p1a: wo sono te de|31/100
|cant|p2a: Yveltal|par
|
|-heal|p1a: wo sono te de|37/100|[from] item: Leftovers
|upkeep
|turn|14
|
|t:|1657910436
|move|p1a: wo sono te de|Thousand Arrows|p2a: Yveltal
|-damage|p2a: Yveltal|38/100 par
|-start|p2a: Yveltal|Smack Down
|move|p2a: Yveltal|Oblivion Wing|p1a: wo sono te de
|-end|p1a: wo sono te de|Substitute
|-heal|p2a: Yveltal|66/100 par|[from] drain|[of] p1a: wo sono te de
|-damage|p2a: Yveltal|56/100 par|[from] item: Life Orb
|
|-heal|p1a: wo sono te de|44/100|[from] item: Leftovers
|upkeep
|turn|15
|
|t:|1657910444
|move|p1a: wo sono te de|Thousand Arrows|p2a: Yveltal
|-damage|p2a: Yveltal|0 fnt
|faint|p2a: Yveltal
|
|-heal|p1a: wo sono te de|50/100|[from] item: Leftovers
|upkeep
|
|t:|1657910452
|switch|p2a: Marshadow|Marshadow|100/100
|turn|16
|
|t:|1657910456
|move|p1a: wo sono te de|Glare|p2a: Marshadow
|-status|p2a: Marshadow|par
|move|p2a: Marshadow|Spectral Thief||[still]
|-clearpositiveboost|p1a: wo sono te de|p2a: Marshadow|move: Spectral Thief
|-boost|p2a: Marshadow|atk|1
|-boost|p2a: Marshadow|spe|1
|-anim|p2a: Marshadow|Spectral Thief|p1a: wo sono te de
|-damage|p1a: wo sono te de|3/100
|-damage|p2a: Marshadow|91/100 par|[from] item: Life Orb
|
|-heal|p1a: wo sono te de|9/100|[from] item: Leftovers
|upkeep
|turn|17
|
|t:|1657910462
|move|p2a: Marshadow|Shadow Sneak|p1a: wo sono te de
|-damage|p1a: wo sono te de|0 fnt
|faint|p1a: wo sono te de
|-damage|p2a: Marshadow|81/100 par|[from] item: Life Orb
|
|upkeep
|
|t:|1657910466
|switch|p1a: kirihirake!|Marshadow|100/100
|turn|18
|
|t:|1657910470
|switch|p2a: Groudon|Groudon|100/100
|-weather|SunnyDay|[from] ability: Drought|[of] p2a: Groudon
|move|p1a: kirihirake!|Shadow Sneak|p2a: Groudon
|-crit|p2a: Groudon
|-damage|p2a: Groudon|73/100
|
|-weather|SunnyDay|[upkeep]
|-heal|p2a: Groudon|79/100|[from] item: Leftovers
|upkeep
|turn|19
|
|t:|1657910475
|switch|p1a: Susumu beki mirai|Eternatus|100/100 par
|-ability|p1a: Susumu beki mirai|Pressure
|-item|p1a: Susumu beki mirai|Air Balloon
|move|p2a: Groudon|Stone Edge|p1a: Susumu beki mirai
|-crit|p1a: Susumu beki mirai
|-damage|p1a: Susumu beki mirai|51/100 par
|-enditem|p1a: Susumu beki mirai|Air Balloon
|
|-weather|SunnyDay|[upkeep]
|-heal|p2a: Groudon|85/100|[from] item: Leftovers
|upkeep
|turn|20
|
|t:|1657910479
|move|p2a: Groudon|Earthquake|p1a: Susumu beki mirai
|-supereffective|p1a: Susumu beki mirai
|-damage|p1a: Susumu beki mirai|0 fnt
|faint|p1a: Susumu beki mirai
|
|-weather|SunnyDay|[upkeep]
|-heal|p2a: Groudon|91/100|[from] item: Leftovers
|upkeep
|
|t:|1657910482
|switch|p1a: Sasageyo!Sasageyo!|Xerneas|100/100
|-ability|p1a: Sasageyo!Sasageyo!|Fairy Aura
|turn|21
|
|t:|1657910486
|move|p1a: Sasageyo!Sasageyo!|Geomancy||[still]
|-prepare|p1a: Sasageyo!Sasageyo!|Geomancy
|-enditem|p1a: Sasageyo!Sasageyo!|Power Herb
|-anim|p1a: Sasageyo!Sasageyo!|Geomancy|p1a: Sasageyo!Sasageyo!
|-boost|p1a: Sasageyo!Sasageyo!|spa|2
|-boost|p1a: Sasageyo!Sasageyo!|spd|2
|-boost|p1a: Sasageyo!Sasageyo!|spe|2
|move|p2a: Groudon|Thunder Wave|p1a: Sasageyo!Sasageyo!
|-status|p1a: Sasageyo!Sasageyo!|par
|
|-weather|SunnyDay|[upkeep]
|-heal|p2a: Groudon|97/100|[from] item: Leftovers
|upkeep
|turn|22
|
|t:|1657910494
|switch|p2a: Genesect|Genesect, shiny|88/100 par
|-ability|p2a: Genesect|Download|boost
|-boost|p2a: Genesect|atk|1
|cant|p1a: Sasageyo!Sasageyo!|par
|
|-weather|none
|upkeep
|turn|23
|
|t:|1657910498
|move|p2a: Genesect|Iron Head|p1a: Sasageyo!Sasageyo!
|-supereffective|p1a: Sasageyo!Sasageyo!
|-damage|p1a: Sasageyo!Sasageyo!|5/100 par
|cant|p1a: Sasageyo!Sasageyo!|flinch
|
|upkeep
|turn|24
|
|t:|1657910502
|move|p2a: Genesect|Iron Head|p1a: Sasageyo!Sasageyo!
|-supereffective|p1a: Sasageyo!Sasageyo!
|-damage|p1a: Sasageyo!Sasageyo!|0 fnt
|faint|p1a: Sasageyo!Sasageyo!
|
|upkeep
|
|t:|1657910505
|switch|p1a: kirihirake!|Marshadow|100/100
|turn|25
|
|t:|1657910509
|switch|p2a: Solgaleo|Solgaleo, shiny|77/100 par
|move|p1a: kirihirake!|Spectral Thief|p2a: Solgaleo
|-supereffective|p2a: Solgaleo
|-damage|p2a: Solgaleo|11/100 par
|
|upkeep
|turn|26
|
|t:|1657910512
|move|p1a: kirihirake!|Shadow Sneak|p2a: Solgaleo
|-supereffective|p2a: Solgaleo
|-damage|p2a: Solgaleo|0 fnt
|faint|p2a: Solgaleo
|
|upkeep
|
|t:|1657910514
|switch|p2a: Groudon|Groudon|97/100
|-weather|SunnyDay|[from] ability: Drought|[of] p2a: Groudon
|turn|27
|
|t:|1657910516
|switch|p1a: Shinzou wo|Yveltal|100/100
|-ability|p1a: Shinzou wo|Dark Aura
|move|p2a: Groudon|Thunder Wave|p1a: Shinzou wo
|-status|p1a: Shinzou wo|par
|
|-weather|SunnyDay|[upkeep]
|-heal|p2a: Groudon|100/100|[from] item: Leftovers
|upkeep
|turn|28
|
|t:|1657910520
|switch|p2a: Genesect|Genesect, shiny|88/100 par
|-ability|p2a: Genesect|Download|boost
|-boost|p2a: Genesect|atk|1
|move|p1a: Shinzou wo|Knock Off|p2a: Genesect
|-damage|p2a: Genesect|8/100 par
|-enditem|p2a: Genesect|Choice Scarf|[from] move: Knock Off|[of] p1a: Shinzou wo
|
|-weather|SunnyDay|[upkeep]
|upkeep
|turn|29
|
|t:|1657910523
|move|p2a: Genesect|Iron Head|p1a: Shinzou wo
|-damage|p1a: Shinzou wo|51/100 par
|move|p1a: Shinzou wo|U-turn|p2a: Genesect
|-resisted|p2a: Genesect
|-damage|p2a: Genesect|0 fnt
|faint|p2a: Genesect
|
|t:|1657910526
|switch|p1a: kirihirake!|Marshadow|100/100|[from]move: U-turn
|
|-weather|SunnyDay|[upkeep]
|upkeep
|
|t:|1657910528
|switch|p2a: Groudon|Groudon|100/100
|turn|30
|
|t:|1657910536
|switch|p1a: Shinzou wo|Yveltal|51/100 par
|-ability|p1a: Shinzou wo|Dark Aura
|move|p2a: Groudon|Thunder Wave|p1a: Shinzou wo
|-fail|p1a: Shinzou wo|par
|
|-weather|SunnyDay|[upkeep]
|upkeep
|turn|31
|
|t:|1657910538
|move|p2a: Groudon|Stone Edge|p1a: Shinzou wo
|-supereffective|p1a: Shinzou wo
|-crit|p1a: Shinzou wo
|-damage|p1a: Shinzou wo|0 fnt
|faint|p1a: Shinzou wo
|
|-weather|none
|upkeep
|
|t:|1657910541
|switch|p1a: kirihirake!|Marshadow|100/100
|turn|32
|
|t:|1657910543
|move|p1a: kirihirake!|Spectral Thief|p2a: Groudon
|-damage|p2a: Groudon|70/100
|move|p2a: Groudon|Thunder Wave|p1a: kirihirake!
|-status|p1a: kirihirake!|par
|
|-heal|p2a: Groudon|76/100|[from] item: Leftovers
|upkeep
|turn|33
|c|☆ox084|gg
|
|t:|1657910549
|move|p2a: Groudon|Earthquake|p1a: kirihirake!
|-damage|p1a: kirihirake!|21/100 par
|move|p1a: kirihirake!|Close Combat|p2a: Groudon
|-crit|p2a: Groudon
|-damage|p2a: Groudon|14/100
|-unboost|p1a: kirihirake!|def|1
|-unboost|p1a: kirihirake!|spd|1
|
|-heal|p2a: Groudon|20/100|[from] item: Leftovers
|upkeep
|turn|34
|
|t:|1657910552
|cant|p1a: kirihirake!|par
|move|p2a: Groudon|Earthquake|p1a: kirihirake!
|-damage|p1a: kirihirake!|0 fnt
|faint|p1a: kirihirake!
|
|win|ox084
|raw|OhohAhah's rating: 1377 &rarr; <strong>1366</strong><br />(-11 for losing)
|raw|ox084's rating: 1542 &rarr; <strong>1553</strong><br />(+11 for winning)
|l|☆ox084
|l|☆OhohAhah
|j|☆ox084
|player|p2|ox084|red-gen7
