|j|☆ballerz69
|j|☆inandoutofhere
|player|p1|ballerz69|279|1506
|player|p2|inandoutofhere|lusamine-nihilego|1454
|teamsize|p1|6
|teamsize|p2|6
|gametype|singles
|gen|8
|tier|[Gen 8] Ubers
|rated|
|clearpoke
|poke|p1|Ninjask, M|
|poke|p1|Bellossom, M|
|poke|p1|Vaporeon, M|
|poke|p1|Indeedee-F, F|
|poke|p1|Jirachi|
|poke|p1|Dubwool, M|
|poke|p2|Darmanitan-Galar, F|
|poke|p2|Dugtrio, M|
|poke|p2|Lunala|
|poke|p2|Corviknight, M|
|poke|p2|Toxapex, F|
|poke|p2|Umbreon, M|
|rule|Sleep Clause Mod: Limit one foe put to sleep
|rule|Species Clause: Limit one of each Pokémon
|rule|OHKO Clause: OHKO moves are banned
|rule|Evasion Moves Clause: Evasion moves are banned
|rule|Endless Battle Clause: Forcing endless battles is banned
|rule|HP Percentage Mod: HP is shown in percentages
|html|Ubers Dynamax Clause: Pokémon on the <a href="https://www.smogon.com/dex/ss/formats/uber/">Ubers Dynamax Banlist</a> cannot Dynamax.
|teampreview
|
|start
|switch|p1a: Ninjask|Ninjask, M|100/100
|switch|p2a: Toxapex|Toxapex, F|100/100
|turn|1
|
|move|p1a: Ninjask|Substitute|p1a: Ninjask
|-start|p1a: Ninjask|Substitute
|-damage|p1a: Ninjask|76/100
|move|p2a: Toxapex|Scald|p1a: Ninjask
|-end|p1a: Ninjask|Substitute
|
|-ability|p1a: Ninjask|Speed Boost|boost
|-boost|p1a: Ninjask|spe|1
|upkeep
|turn|2
|
|move|p1a: Ninjask|Baton Pass|p1a: Ninjask
|
|switch|p1a: Bellossom|Bellossom, M|100/100|[from]move: Baton Pass
|move|p2a: Toxapex|Scald|p1a: Bellossom
|-resisted|p1a: Bellossom
|-damage|p1a: Bellossom|94/100
|
|-heal|p1a: Bellossom|100/100|[from] item: Leftovers
|upkeep
|turn|3
|
|move|p1a: Bellossom|Sleep Powder|p2a: Toxapex
|-status|p2a: Toxapex|slp|[from] move: Sleep Powder
|cant|p2a: Toxapex|slp
|
|upkeep
|turn|4
|
|move|p1a: Bellossom|Ingrain|p1a: Bellossom
|-start|p1a: Bellossom|move: Ingrain
|-curestatus|p2a: Toxapex|slp|[msg]
|move|p2a: Toxapex|Haze|p2a: Toxapex
|-clearallboost
|
|upkeep
|turn|5
|
|switch|p2a: Dugtrio|Dugtrio, M|100/100
|move|p1a: Bellossom|Sleep Powder|p2a: Dugtrio
|-status|p2a: Dugtrio|slp|[from] move: Sleep Powder
|
|upkeep
|turn|6
|
|switch|p2a: Toxapex|Toxapex, F|100/100
|move|p1a: Bellossom|Baton Pass|p1a: Bellossom
|
|switch|p1a: Vaporeon|Vaporeon, M|100/100|[from]move: Baton Pass
|
|upkeep
|turn|7
|
|switch|p2a: Darmanitan|Darmanitan-Galar, F|100/100
|move|p1a: Vaporeon|Substitute|p1a: Vaporeon
|-start|p1a: Vaporeon|Substitute
|-damage|p1a: Vaporeon|76/100
|
|-heal|p1a: Vaporeon|82/100|[from] item: Leftovers
|-heal|p1a: Vaporeon|88/100|[from] Ingrain
|upkeep
|turn|8
|
|move|p2a: Darmanitan|U-turn|p1a: Vaporeon
|-end|p1a: Vaporeon|Substitute
|
|switch|p2a: Lunala|Lunala|100/100|[from]move: U-turn
|move|p1a: Vaporeon|Charm|p2a: Lunala
|-unboost|p2a: Lunala|atk|2
|
|-heal|p1a: Vaporeon|94/100|[from] item: Leftovers
|-heal|p1a: Vaporeon|99/100|[from] Ingrain
|upkeep
|turn|9
|
|move|p2a: Lunala|Psychic|p1a: Vaporeon
|-damage|p1a: Vaporeon|62/100
|move|p1a: Vaporeon|Aqua Ring|p1a: Vaporeon
|-start|p1a: Vaporeon|Aqua Ring
|
|-heal|p1a: Vaporeon|68/100|[from] item: Leftovers
|-heal|p1a: Vaporeon|74/100|[from] Aqua Ring
|-heal|p1a: Vaporeon|80/100|[from] Ingrain
|upkeep
|turn|10
|
|move|p2a: Lunala|Psychic|p1a: Vaporeon
|-damage|p1a: Vaporeon|38/100
|move|p1a: Vaporeon|Baton Pass|p1a: Vaporeon
|
|switch|p1a: Ninjask|Ninjask, M|76/100|[from]move: Baton Pass
|
|-heal|p1a: Ninjask|82/100|[from] Aqua Ring
|-heal|p1a: Ninjask|88/100|[from] Ingrain
|upkeep
|turn|11
|
|move|p1a: Ninjask|Protect|p1a: Ninjask
|-singleturn|p1a: Ninjask|Protect
|move|p2a: Lunala|Psychic|p1a: Ninjask
|-activate|p1a: Ninjask|move: Protect
|
|-heal|p1a: Ninjask|94/100|[from] Aqua Ring
|-heal|p1a: Ninjask|99/100|[from] Ingrain
|-ability|p1a: Ninjask|Speed Boost|boost
|-boost|p1a: Ninjask|spe|1
|upkeep
|turn|12
|
|move|p1a: Ninjask|Substitute|p1a: Ninjask
|-start|p1a: Ninjask|Substitute
|-damage|p1a: Ninjask|75/100
|move|p2a: Lunala|Psychic|p1a: Ninjask
|-end|p1a: Ninjask|Substitute
|
|-heal|p1a: Ninjask|81/100|[from] Aqua Ring
|-heal|p1a: Ninjask|87/100|[from] Ingrain
|-ability|p1a: Ninjask|Speed Boost|boost
|-boost|p1a: Ninjask|spe|1
|upkeep
|turn|13
|
|switch|p2a: Toxapex|Toxapex, F|100/100
|move|p1a: Ninjask|Baton Pass|p1a: Ninjask
|
|switch|p1a: Indeedee|Indeedee-F, F|100/100|[from]move: Baton Pass
|-fieldstart|move: Psychic Terrain|[from] ability: Psychic Surge|[of] p1a: Indeedee
|
|upkeep
|turn|14
|
|switch|p2a: Umbreon|Umbreon, M|100/100
|move|p1a: Indeedee|Baton Pass|p1a: Indeedee
|
|switch|p1a: Jirachi|Jirachi|100/100|[from]move: Baton Pass
|
|upkeep
|turn|15
|
|switch|p2a: Toxapex|Toxapex, F|100/100
|move|p1a: Jirachi|Baton Pass|p1a: Jirachi
|
|switch|p1a: Indeedee|Indeedee-F, F|100/100|[from]move: Baton Pass
|
|upkeep
|turn|16
|
|switch|p2a: Umbreon|Umbreon, M|100/100
|move|p1a: Indeedee|Stored Power|p2a: Umbreon
|-immune|p2a: Umbreon
|
|upkeep
|turn|17
|
|move|p1a: Indeedee|Baton Pass|p1a: Indeedee
|
|switch|p1a: Jirachi|Jirachi|100/100|[from]move: Baton Pass
|move|p2a: Umbreon|Baton Pass|p2a: Umbreon
|
|switch|p2a: Toxapex|Toxapex, F|100/100|[from]move: Baton Pass
|
|upkeep
|turn|18
|
|move|p1a: Jirachi|Substitute|p1a: Jirachi
|-start|p1a: Jirachi|Substitute
|-damage|p1a: Jirachi|75/100
|move|p2a: Toxapex|Haze|p2a: Toxapex
|-clearallboost
|
|-heal|p1a: Jirachi|82/100|[from] item: Leftovers
|-heal|p1a: Jirachi|88/100|[from] Aqua Ring
|-heal|p1a: Jirachi|94/100|[from] Ingrain
|upkeep
|turn|19
|
|move|p1a: Jirachi|Baton Pass|p1a: Jirachi
|
|switch|p1a: Vaporeon|Vaporeon, M|38/100|[from]move: Baton Pass
|move|p2a: Toxapex|Scald|p1a: Vaporeon
|-heal|p1a: Vaporeon|62/100|[from] ability: Water Absorb|[of] p2a: Toxapex
|
|-heal|p1a: Vaporeon|69/100|[from] item: Leftovers
|-heal|p1a: Vaporeon|75/100|[from] Aqua Ring
|-heal|p1a: Vaporeon|81/100|[from] Ingrain
|upkeep
|turn|20
|
|switch|p2a: Darmanitan|Darmanitan-Galar, F|100/100
|move|p1a: Vaporeon|Charm|p2a: Darmanitan
|-unboost|p2a: Darmanitan|atk|2
|
|-heal|p1a: Vaporeon|87/100|[from] item: Leftovers
|-heal|p1a: Vaporeon|93/100|[from] Aqua Ring
|-heal|p1a: Vaporeon|99/100|[from] Ingrain
|-fieldend|move: Psychic Terrain
|upkeep
|turn|21
|
|move|p2a: Darmanitan|U-turn|p1a: Vaporeon
|-end|p1a: Vaporeon|Substitute
|
|switch|p2a: Lunala|Lunala|100/100|[from]move: U-turn
|move|p1a: Vaporeon|Baton Pass|p1a: Vaporeon
|
|switch|p1a: Ninjask|Ninjask, M|87/100|[from]move: Baton Pass
|
|-heal|p1a: Ninjask|92/100|[from] Aqua Ring
|-heal|p1a: Ninjask|98/100|[from] Ingrain
|upkeep
|turn|22
|
|move|p1a: Ninjask|Substitute|p1a: Ninjask
|-start|p1a: Ninjask|Substitute
|-damage|p1a: Ninjask|74/100
|move|p2a: Lunala|Teleport|p2a: Lunala
|
|switch|p2a: Toxapex|Toxapex, F|100/100|[from]move: Teleport
|
|-heal|p1a: Ninjask|80/100|[from] Aqua Ring
|-heal|p1a: Ninjask|86/100|[from] Ingrain
|-ability|p1a: Ninjask|Speed Boost|boost
|-boost|p1a: Ninjask|spe|1
|upkeep
|turn|23
|
|move|p1a: Ninjask|Protect|p1a: Ninjask
|-singleturn|p1a: Ninjask|Protect
|move|p2a: Toxapex|Scald|p1a: Ninjask
|-activate|p1a: Ninjask|move: Protect
|
|-heal|p1a: Ninjask|91/100|[from] Aqua Ring
|-heal|p1a: Ninjask|97/100|[from] Ingrain
|-ability|p1a: Ninjask|Speed Boost|boost
|-boost|p1a: Ninjask|spe|1
|upkeep
|turn|24
|
|move|p1a: Ninjask|Baton Pass|p1a: Ninjask
|
|switch|p1a: Bellossom|Bellossom, M|100/100|[from]move: Baton Pass
|move|p2a: Toxapex|Haze|p2a: Toxapex
|-clearallboost
|
|upkeep
|turn|25
|
|move|p1a: Bellossom|Quiver Dance|p1a: Bellossom
|-boost|p1a: Bellossom|spa|1
|-boost|p1a: Bellossom|spd|1
|-boost|p1a: Bellossom|spe|1
|move|p2a: Toxapex|Scald|p1a: Bellossom
|-resisted|p1a: Bellossom
|-activate|p1a: Bellossom|move: Substitute|[damage]
|
|upkeep
|turn|26
|
|move|p1a: Bellossom|Quiver Dance|p1a: Bellossom
|-boost|p1a: Bellossom|spa|1
|-boost|p1a: Bellossom|spd|1
|-boost|p1a: Bellossom|spe|1
|move|p2a: Toxapex|Haze|p2a: Toxapex
|-clearallboost
|
|upkeep
|turn|27
|
|move|p1a: Bellossom|Quiver Dance|p1a: Bellossom
|-boost|p1a: Bellossom|spa|1
|-boost|p1a: Bellossom|spd|1
|-boost|p1a: Bellossom|spe|1
|move|p2a: Toxapex|Scald|p1a: Bellossom
|-resisted|p1a: Bellossom
|-activate|p1a: Bellossom|move: Substitute|[damage]
|
|upkeep
|turn|28
|
|move|p1a: Bellossom|Baton Pass|p1a: Bellossom
|
|switch|p1a: Vaporeon|Vaporeon, M|99/100|[from]move: Baton Pass
|move|p2a: Toxapex|Haze|p2a: Toxapex
|-clearallboost
|
|-heal|p1a: Vaporeon|100/100|[from] item: Leftovers
|upkeep
|turn|29
|
|switch|p2a: Darmanitan|Darmanitan-Galar, F|100/100
|move|p1a: Vaporeon|Charm|p2a: Darmanitan
|-unboost|p2a: Darmanitan|atk|2
|
|upkeep
|turn|30
|
|move|p2a: Darmanitan|U-turn|p1a: Vaporeon
|-end|p1a: Vaporeon|Substitute
|
|switch|p2a: Toxapex|Toxapex, F|100/100|[from]move: U-turn
|move|p1a: Vaporeon|Substitute|p1a: Vaporeon
|-start|p1a: Vaporeon|Substitute
|-damage|p1a: Vaporeon|76/100
|
|-heal|p1a: Vaporeon|82/100|[from] item: Leftovers
|-heal|p1a: Vaporeon|88/100|[from] Aqua Ring
|-heal|p1a: Vaporeon|94/100|[from] Ingrain
|upkeep
|turn|31
|
|switch|p2a: Darmanitan|Darmanitan-Galar, F|100/100
|move|p1a: Vaporeon|Charm|p2a: Darmanitan
|-unboost|p2a: Darmanitan|atk|2
|
|-heal|p1a: Vaporeon|99/100|[from] item: Leftovers
|-heal|p1a: Vaporeon|100/100|[from] Aqua Ring
|upkeep
|turn|32
|
|move|p2a: Darmanitan|U-turn|p1a: Vaporeon
|-end|p1a: Vaporeon|Substitute
|
|switch|p2a: Toxapex|Toxapex, F|100/100|[from]move: U-turn
|move|p1a: Vaporeon|Baton Pass|p1a: Vaporeon
|
|switch|p1a: Jirachi|Jirachi|94/100|[from]move: Baton Pass
|
|-heal|p1a: Jirachi|99/100|[from] item: Leftovers
|-heal|p1a: Jirachi|100/100|[from] Aqua Ring
|upkeep
|turn|33
|
|switch|p2a: Lunala|Lunala|100/100
|move|p1a: Jirachi|Substitute|p1a: Jirachi
|-start|p1a: Jirachi|Substitute
|-damage|p1a: Jirachi|75/100
|
|-heal|p1a: Jirachi|82/100|[from] item: Leftovers
|-heal|p1a: Jirachi|88/100|[from] Aqua Ring
|-heal|p1a: Jirachi|94/100|[from] Ingrain
|upkeep
|turn|34
|
|move|p2a: Lunala|Moongeist Beam|p1a: Jirachi
|-supereffective|p1a: Jirachi
|-end|p1a: Jirachi|Substitute
|move|p1a: Jirachi|Amnesia|p1a: Jirachi
|-boost|p1a: Jirachi|spd|2
|
|-heal|p1a: Jirachi|99/100|[from] item: Leftovers
|-heal|p1a: Jirachi|100/100|[from] Aqua Ring
|upkeep
|turn|35
|
|switch|p2a: Toxapex|Toxapex, F|100/100
|move|p1a: Jirachi|Amnesia|p1a: Jirachi
|-boost|p1a: Jirachi|spd|2
|
|upkeep
|turn|36
|
|move|p1a: Jirachi|Substitute|p1a: Jirachi
|-start|p1a: Jirachi|Substitute
|-damage|p1a: Jirachi|75/100
|move|p2a: Toxapex|Haze|p2a: Toxapex
|-clearallboost
|
|-heal|p1a: Jirachi|82/100|[from] item: Leftovers
|-heal|p1a: Jirachi|88/100|[from] Aqua Ring
|-heal|p1a: Jirachi|94/100|[from] Ingrain
|upkeep
|turn|37
|
|move|p1a: Jirachi|Baton Pass|p1a: Jirachi
|
|switch|p1a: Ninjask|Ninjask, M|97/100|[from]move: Baton Pass
|move|p2a: Toxapex|Scald|p1a: Ninjask
|-end|p1a: Ninjask|Substitute
|
|-heal|p1a: Ninjask|100/100|[from] Aqua Ring
|upkeep
|turn|38
|
|move|p1a: Ninjask|Baton Pass|p1a: Ninjask
|
|switch|p1a: Vaporeon|Vaporeon, M|100/100|[from]move: Baton Pass
|move|p2a: Toxapex|Scald|p1a: Vaporeon
|-immune|p1a: Vaporeon|[from] ability: Water Absorb
|
|upkeep
|turn|39
|
|switch|p2a: Darmanitan|Darmanitan-Galar, F|100/100
|move|p1a: Vaporeon|Substitute|p1a: Vaporeon
|-start|p1a: Vaporeon|Substitute
|-damage|p1a: Vaporeon|76/100
|
|-heal|p1a: Vaporeon|82/100|[from] item: Leftovers
|-heal|p1a: Vaporeon|88/100|[from] Aqua Ring
|-heal|p1a: Vaporeon|94/100|[from] Ingrain
|upkeep
|turn|40
|
|move|p2a: Darmanitan|U-turn|p1a: Vaporeon
|-end|p1a: Vaporeon|Substitute
|
|switch|p2a: Lunala|Lunala|100/100|[from]move: U-turn
|move|p1a: Vaporeon|Substitute|p1a: Vaporeon
|-start|p1a: Vaporeon|Substitute
|-damage|p1a: Vaporeon|69/100
|
|-heal|p1a: Vaporeon|75/100|[from] item: Leftovers
|-heal|p1a: Vaporeon|81/100|[from] Aqua Ring
|-heal|p1a: Vaporeon|87/100|[from] Ingrain
|upkeep
|turn|41
|
|move|p2a: Lunala|Psychic|p1a: Vaporeon
|-crit|p1a: Vaporeon
|-end|p1a: Vaporeon|Substitute
|move|p1a: Vaporeon|Baton Pass|p1a: Vaporeon
|
|switch|p1a: Bellossom|Bellossom, M|100/100|[from]move: Baton Pass
|
|upkeep
|turn|42
|
|move|p2a: Lunala|Psychic|p1a: Bellossom
|-damage|p1a: Bellossom|44/100
|move|p1a: Bellossom|Quiver Dance|p1a: Bellossom
|-boost|p1a: Bellossom|spa|1
|-boost|p1a: Bellossom|spd|1
|-boost|p1a: Bellossom|spe|1
|
|-heal|p1a: Bellossom|50/100|[from] item: Leftovers
|-heal|p1a: Bellossom|56/100|[from] Aqua Ring
|-heal|p1a: Bellossom|62/100|[from] Ingrain
|upkeep
|turn|43
|
|move|p2a: Lunala|Psychic|p1a: Bellossom
|-damage|p1a: Bellossom|24/100
|move|p1a: Bellossom|Baton Pass|p1a: Bellossom
|
|switch|p1a: Jirachi|Jirachi|94/100|[from]move: Baton Pass
|
|-heal|p1a: Jirachi|99/100|[from] item: Leftovers
|-heal|p1a: Jirachi|100/100|[from] Aqua Ring
|upkeep
|turn|44
|
|switch|p2a: Toxapex|Toxapex, F|100/100
|move|p1a: Jirachi|Baton Pass|p1a: Jirachi
|
|switch|p1a: Indeedee|Indeedee-F, F|100/100|[from]move: Baton Pass
|-fieldstart|move: Psychic Terrain|[from] ability: Psychic Surge|[of] p1a: Indeedee
|
|upkeep
|turn|45
|
|move|p2a: Toxapex|Baneful Bunker|p2a: Toxapex
|-singleturn|p2a: Toxapex|move: Protect
|move|p1a: Indeedee|Dazzling Gleam|p2a: Toxapex
|-activate|p2a: Toxapex|move: Protect
|
|upkeep
|turn|46
|
|switch|p2a: Umbreon|Umbreon, M|100/100
|move|p1a: Indeedee|Stored Power|p2a: Umbreon
|-immune|p2a: Umbreon
|
|upkeep
|turn|47
|
|move|p2a: Umbreon|Protect|p2a: Umbreon
|-singleturn|p2a: Umbreon|Protect
|move|p1a: Indeedee|Dazzling Gleam|p2a: Umbreon
|-activate|p2a: Umbreon|move: Protect
|
|upkeep
|turn|48
|
|move|p1a: Indeedee|Dazzling Gleam|p2a: Umbreon
|-supereffective|p2a: Umbreon
|-damage|p2a: Umbreon|70/100
|move|p2a: Umbreon|Wish|p2a: Umbreon
|
|-heal|p2a: Umbreon|76/100|[from] item: Leftovers
|upkeep
|turn|49
|
|move|p1a: Indeedee|Baton Pass|p1a: Indeedee
|
|switch|p1a: Jirachi|Jirachi|100/100|[from]move: Baton Pass
|move|p2a: Umbreon|Foul Play|p1a: Jirachi
|-supereffective|p1a: Jirachi
|-damage|p1a: Jirachi|41/100
|
|-heal|p2a: Umbreon|100/100|[from] move: Wish|[wisher] Umbreon
|-heal|p1a: Jirachi|47/100|[from] item: Leftovers
|-heal|p1a: Jirachi|53/100|[from] Aqua Ring
|-heal|p1a: Jirachi|60/100|[from] Ingrain
|upkeep
|turn|50
|
|move|p1a: Jirachi|Baton Pass|p1a: Jirachi
|
|switch|p1a: Big Dub|Dubwool, M, shiny|100/100|[from]move: Baton Pass
|move|p2a: Umbreon|Foul Play|p1a: Big Dub
|-damage|p1a: Big Dub|93/100
|
|-heal|p1a: Big Dub|99/100|[from] item: Leftovers
|-heal|p1a: Big Dub|100/100|[from] Aqua Ring
|upkeep
|turn|51
|
|move|p1a: Big Dub|Baton Pass|p1a: Big Dub
|
|switch|p1a: Vaporeon|Vaporeon, M|87/100|[from]move: Baton Pass
|move|p2a: Umbreon|Baton Pass|p2a: Umbreon
|
|switch|p2a: Darmanitan|Darmanitan-Galar, F|100/100|[from]move: Baton Pass
|
|-heal|p1a: Vaporeon|93/100|[from] item: Leftovers
|-heal|p1a: Vaporeon|99/100|[from] Aqua Ring
|-heal|p1a: Vaporeon|100/100|[from] Ingrain
|-fieldend|move: Psychic Terrain
|upkeep
|turn|52
|
|move|p2a: Darmanitan|U-turn|p1a: Vaporeon
|-damage|p1a: Vaporeon|32/100
|
|switch|p2a: Toxapex|Toxapex, F|100/100|[from]move: U-turn
|move|p1a: Vaporeon|Baton Pass|p1a: Vaporeon
|
|switch|p1a: Jirachi|Jirachi|60/100|[from]move: Baton Pass
|
|-heal|p1a: Jirachi|66/100|[from] item: Leftovers
|-heal|p1a: Jirachi|72/100|[from] Aqua Ring
|-heal|p1a: Jirachi|78/100|[from] Ingrain
|upkeep
|turn|53
|
|move|p1a: Jirachi|Substitute|p1a: Jirachi
|-start|p1a: Jirachi|Substitute
|-damage|p1a: Jirachi|53/100
|move|p2a: Toxapex|Haze|p2a: Toxapex
|-clearallboost
|
|-heal|p1a: Jirachi|59/100|[from] item: Leftovers
|-heal|p1a: Jirachi|66/100|[from] Aqua Ring
|-heal|p1a: Jirachi|72/100|[from] Ingrain
|upkeep
|turn|54
|
|switch|p2a: Darmanitan|Darmanitan-Galar, F|100/100
|move|p1a: Jirachi|Iron Head|p2a: Darmanitan
|-supereffective|p2a: Darmanitan
|-damage|p2a: Darmanitan|21/100
|
|-heal|p1a: Jirachi|78/100|[from] item: Leftovers
|-heal|p1a: Jirachi|84/100|[from] Aqua Ring
|-heal|p1a: Jirachi|90/100|[from] Ingrain
|upkeep
|turn|55
|
|move|p2a: Darmanitan|U-turn|p1a: Jirachi
|-end|p1a: Jirachi|Substitute
|
|switch|p2a: Umbreon|Umbreon, M|100/100|[from]move: U-turn
|move|p1a: Jirachi|Substitute|p1a: Jirachi
|-start|p1a: Jirachi|Substitute
|-damage|p1a: Jirachi|65/100
|
|-heal|p1a: Jirachi|72/100|[from] item: Leftovers
|-heal|p1a: Jirachi|78/100|[from] Aqua Ring
|-heal|p1a: Jirachi|84/100|[from] Ingrain
|upkeep
|turn|56
|
|move|p1a: Jirachi|Iron Head|p2a: Umbreon
|-damage|p2a: Umbreon|77/100
|move|p2a: Umbreon|Foul Play|p1a: Jirachi
|-supereffective|p1a: Jirachi
|-end|p1a: Jirachi|Substitute
|
|-heal|p1a: Jirachi|90/100|[from] item: Leftovers
|-heal|p2a: Umbreon|83/100|[from] item: Leftovers
|-heal|p1a: Jirachi|96/100|[from] Aqua Ring
|-heal|p1a: Jirachi|100/100|[from] Ingrain
|upkeep
|turn|57
|
|move|p1a: Jirachi|Baton Pass|p1a: Jirachi
|
|switch|p1a: Big Dub|Dubwool, M, shiny|100/100|[from]move: Baton Pass
|move|p2a: Umbreon|Foul Play|p1a: Big Dub
|-damage|p1a: Big Dub|93/100
|
|-heal|p1a: Big Dub|99/100|[from] item: Leftovers
|-heal|p2a: Umbreon|89/100|[from] item: Leftovers
|-heal|p1a: Big Dub|100/100|[from] Aqua Ring
|upkeep
|turn|58
|
|move|p1a: Big Dub|Substitute|p1a: Big Dub
|-start|p1a: Big Dub|Substitute
|-damage|p1a: Big Dub|75/100
|move|p2a: Umbreon|Wish|p2a: Umbreon
|
|-heal|p1a: Big Dub|82/100|[from] item: Leftovers
|-heal|p2a: Umbreon|95/100|[from] item: Leftovers
|-heal|p1a: Big Dub|88/100|[from] Aqua Ring
|-heal|p1a: Big Dub|94/100|[from] Ingrain
|upkeep
|turn|59
|
|move|p1a: Big Dub|Body Press|p2a: Umbreon
|-supereffective|p2a: Umbreon
|-damage|p2a: Umbreon|58/100
|move|p2a: Umbreon|Baton Pass|p2a: Umbreon
|
|switch|p2a: Darmanitan|Darmanitan-Galar, F|21/100|[from]move: Baton Pass
|
|-heal|p2a: Darmanitan|77/100|[from] move: Wish|[wisher] Umbreon
|-heal|p1a: Big Dub|99/100|[from] item: Leftovers
|-heal|p1a: Big Dub|100/100|[from] Aqua Ring
|upkeep
|turn|60
|
|move|p2a: Darmanitan|U-turn|p1a: Big Dub
|-activate|p1a: Big Dub|move: Substitute|[damage]
|
|switch|p2a: Toxapex|Toxapex, F|100/100|[from]move: U-turn
|move|p1a: Big Dub|Cotton Guard|p1a: Big Dub
|-boost|p1a: Big Dub|def|3
|
|upkeep
|turn|61
|
|move|p1a: Big Dub|Baton Pass|p1a: Big Dub
|
|switch|p1a: Vaporeon|Vaporeon, M|32/100|[from]move: Baton Pass
|move|p2a: Toxapex|Haze|p2a: Toxapex
|-clearallboost
|
|-heal|p1a: Vaporeon|38/100|[from] item: Leftovers
|-heal|p1a: Vaporeon|44/100|[from] Aqua Ring
|-heal|p1a: Vaporeon|50/100|[from] Ingrain
|upkeep
|turn|62
|
|switch|p2a: Darmanitan|Darmanitan-Galar, F|77/100
|move|p1a: Vaporeon|Baton Pass|p1a: Vaporeon
|
|switch|p1a: Bellossom|Bellossom, M|24/100|[from]move: Baton Pass
|
|-heal|p1a: Bellossom|30/100|[from] item: Leftovers
|-heal|p1a: Bellossom|36/100|[from] Aqua Ring
|-heal|p1a: Bellossom|42/100|[from] Ingrain
|upkeep
|turn|63
|
|move|p2a: Darmanitan|U-turn|p1a: Bellossom
|-supereffective|p1a: Bellossom
|-end|p1a: Bellossom|Substitute
|
|switch|p2a: Lunala|Lunala|100/100|[from]move: U-turn
|move|p1a: Bellossom|Baton Pass|p1a: Bellossom
|
|switch|p1a: Ninjask|Ninjask, M|100/100|[from]move: Baton Pass
|
|upkeep
|turn|64
|
|switch|p2a: Umbreon|Umbreon, M|58/100
|move|p1a: Ninjask|Substitute|p1a: Ninjask
|-start|p1a: Ninjask|Substitute
|-damage|p1a: Ninjask|76/100
|
|-heal|p2a: Umbreon|64/100|[from] item: Leftovers
|-heal|p1a: Ninjask|82/100|[from] Aqua Ring
|-heal|p1a: Ninjask|88/100|[from] Ingrain
|-ability|p1a: Ninjask|Speed Boost|boost
|-boost|p1a: Ninjask|spe|1
|upkeep
|turn|65
|
|move|p1a: Ninjask|Baton Pass|p1a: Ninjask
|
|switch|p1a: Jirachi|Jirachi|100/100|[from]move: Baton Pass
|move|p2a: Umbreon|Foul Play|p1a: Jirachi
|-supereffective|p1a: Jirachi
|-end|p1a: Jirachi|Substitute
|
|-heal|p2a: Umbreon|70/100|[from] item: Leftovers
|upkeep
|turn|66
|
|move|p2a: Umbreon|Protect|p2a: Umbreon
|-singleturn|p2a: Umbreon|Protect
|move|p1a: Jirachi|Iron Head|p2a: Umbreon
|-activate|p2a: Umbreon|move: Protect
|
|-heal|p2a: Umbreon|76/100|[from] item: Leftovers
|upkeep
|turn|67
|
|switch|p2a: Toxapex|Toxapex, F|100/100
|move|p1a: Jirachi|Iron Head|p2a: Toxapex
|-resisted|p2a: Toxapex
|-damage|p2a: Toxapex|92/100
|-damage|p1a: Jirachi|84/100|[from] item: Rocky Helmet|[of] p2a: Toxapex
|
|-heal|p1a: Jirachi|90/100|[from] item: Leftovers
|-heal|p1a: Jirachi|96/100|[from] Aqua Ring
|-heal|p1a: Jirachi|100/100|[from] Ingrain
|upkeep
|turn|68
|
|move|p1a: Jirachi|Baton Pass|p1a: Jirachi
|
|switch|p1a: Vaporeon|Vaporeon, M|50/100|[from]move: Baton Pass
|move|p2a: Toxapex|Scald|p1a: Vaporeon
|-heal|p1a: Vaporeon|75/100|[from] ability: Water Absorb|[of] p2a: Toxapex
|
|-heal|p1a: Vaporeon|81/100|[from] item: Leftovers
|-heal|p1a: Vaporeon|87/100|[from] Aqua Ring
|-heal|p1a: Vaporeon|93/100|[from] Ingrain
|upkeep
|turn|69
|
|switch|p2a: Darmanitan|Darmanitan-Galar, F|77/100
|move|p1a: Vaporeon|Substitute|p1a: Vaporeon
|-start|p1a: Vaporeon|Substitute
|-damage|p1a: Vaporeon|68/100
|
|-heal|p1a: Vaporeon|74/100|[from] item: Leftovers
|-heal|p1a: Vaporeon|80/100|[from] Aqua Ring
|-heal|p1a: Vaporeon|86/100|[from] Ingrain
|upkeep
|turn|70
|
|move|p2a: Darmanitan|U-turn|p1a: Vaporeon
|-crit|p1a: Vaporeon
|-end|p1a: Vaporeon|Substitute
|
|switch|p2a: Toxapex|Toxapex, F|100/100|[from]move: U-turn
|move|p1a: Vaporeon|Baton Pass|p1a: Vaporeon
|
|switch|p1a: Bellossom|Bellossom, M|42/100|[from]move: Baton Pass
|
|-heal|p1a: Bellossom|48/100|[from] item: Leftovers
|-heal|p1a: Bellossom|54/100|[from] Aqua Ring
|-heal|p1a: Bellossom|60/100|[from] Ingrain
|upkeep
|turn|71
|
|move|p1a: Bellossom|Baton Pass|p1a: Bellossom
|
|switch|p1a: Jirachi|Jirachi|100/100|[from]move: Baton Pass
|move|p2a: Toxapex|Haze|p2a: Toxapex
|-clearallboost
|
|upkeep
|turn|72
|
|switch|p2a: Umbreon|Umbreon, M|76/100
|move|p1a: Jirachi|Substitute|p1a: Jirachi
|-start|p1a: Jirachi|Substitute
|-damage|p1a: Jirachi|75/100
|
|-heal|p1a: Jirachi|82/100|[from] item: Leftovers
|-heal|p2a: Umbreon|82/100|[from] item: Leftovers
|-heal|p1a: Jirachi|88/100|[from] Aqua Ring
|-heal|p1a: Jirachi|94/100|[from] Ingrain
|upkeep
|turn|73
|
|move|p1a: Jirachi|Baton Pass|p1a: Jirachi
|
|switch|p1a: Big Dub|Dubwool, M, shiny|100/100|[from]move: Baton Pass
|move|p2a: Umbreon|Wish|p2a: Umbreon
|
|-heal|p2a: Umbreon|88/100|[from] item: Leftovers
|upkeep
|turn|74
|
|switch|p2a: Toxapex|Toxapex, F|100/100
|move|p1a: Big Dub|Baton Pass|p1a: Big Dub
|
|switch|p1a: Bellossom|Bellossom, M|60/100|[from]move: Baton Pass
|
|-heal|p1a: Bellossom|66/100|[from] item: Leftovers
|-heal|p1a: Bellossom|72/100|[from] Aqua Ring
|-heal|p1a: Bellossom|78/100|[from] Ingrain
|upkeep
|turn|75
|
|move|p1a: Bellossom|Baton Pass|p1a: Bellossom
|
|switch|p1a: Vaporeon|Vaporeon, M|86/100|[from]move: Baton Pass
|move|p2a: Toxapex|Scald|p1a: Vaporeon
|-heal|p1a: Vaporeon|100/100|[from] ability: Water Absorb|[of] p2a: Toxapex
|
|upkeep
|turn|76
|
|switch|p2a: Corviknight|Corviknight, M|100/100
|-ability|p2a: Corviknight|Pressure
|move|p1a: Vaporeon|Baton Pass|p1a: Vaporeon
|
|switch|p1a: Big Dub|Dubwool, M, shiny|100/100|[from]move: Baton Pass
|
|upkeep
|turn|77
|
|move|p1a: Big Dub|Cotton Guard|p1a: Big Dub
|-boost|p1a: Big Dub|def|3
|move|p2a: Corviknight|Iron Defense|p2a: Corviknight
|-boost|p2a: Corviknight|def|2
|
|upkeep
|turn|78
|
|move|p1a: Big Dub|Baton Pass|p1a: Big Dub
|
|switch|p1a: Bellossom|Bellossom, M|78/100|[from]move: Baton Pass
|move|p2a: Corviknight|Iron Defense|p2a: Corviknight
|-boost|p2a: Corviknight|def|2
|
|-heal|p1a: Bellossom|84/100|[from] item: Leftovers
|-heal|p1a: Bellossom|90/100|[from] Aqua Ring
|-heal|p1a: Bellossom|96/100|[from] Ingrain
|upkeep
|turn|79
|
|move|p2a: Corviknight|Body Press|p1a: Bellossom
|-end|p1a: Bellossom|Substitute
|move|p1a: Bellossom|Quiver Dance|p1a: Bellossom
|-boost|p1a: Bellossom|spa|1
|-boost|p1a: Bellossom|spd|1
|-boost|p1a: Bellossom|spe|1
|
|-heal|p1a: Bellossom|100/100|[from] item: Leftovers
|upkeep
|turn|80
|
|move|p1a: Bellossom|Quiver Dance|p1a: Bellossom
|-boost|p1a: Bellossom|spa|1
|-boost|p1a: Bellossom|spd|1
|-boost|p1a: Bellossom|spe|1
|move|p2a: Corviknight|Body Press|p1a: Bellossom
|-damage|p1a: Bellossom|68/100
|
|-heal|p1a: Bellossom|74/100|[from] item: Leftovers
|-heal|p1a: Bellossom|80/100|[from] Aqua Ring
|-heal|p1a: Bellossom|86/100|[from] Ingrain
|upkeep
|turn|81
|
|switch|p2a: Toxapex|Toxapex, F|100/100
|move|p1a: Bellossom|Baton Pass|p1a: Bellossom
|
|switch|p1a: Indeedee|Indeedee-F, F|100/100|[from]move: Baton Pass
|-fieldstart|move: Psychic Terrain|[from] ability: Psychic Surge|[of] p1a: Indeedee
|
|upkeep
|turn|82
|
|move|p2a: Toxapex|Baneful Bunker|p2a: Toxapex
|-singleturn|p2a: Toxapex|move: Protect
|move|p1a: Indeedee|Stored Power|p2a: Toxapex
|-activate|p2a: Toxapex|move: Protect
|
|upkeep
|turn|83
|
|switch|p2a: Umbreon|Umbreon, M|88/100
|move|p1a: Indeedee|Dazzling Gleam|p2a: Umbreon
|-supereffective|p2a: Umbreon
|-damage|p2a: Umbreon|43/100
|
|-heal|p2a: Umbreon|49/100|[from] item: Leftovers
|upkeep
|turn|84
|
|move|p2a: Umbreon|Protect|p2a: Umbreon
|-singleturn|p2a: Umbreon|Protect
|move|p1a: Indeedee|Dazzling Gleam|p2a: Umbreon
|-activate|p2a: Umbreon|move: Protect
|
|-heal|p2a: Umbreon|55/100|[from] item: Leftovers
|upkeep
|turn|85
|
|-start|p1a: Indeedee|Dynamax
|-heal|p1a: Indeedee|100/100|[silent]
|move|p1a: Indeedee|Max Starfall|p2a: Umbreon
|-supereffective|p2a: Umbreon
|-damage|p2a: Umbreon|0 fnt
|-fieldstart|move: Misty Terrain
|faint|p2a: Umbreon
|
|upkeep
|
|switch|p2a: Toxapex|Toxapex, F|100/100
|turn|86
|
|move|p1a: Indeedee|Max Mindstorm|p2a: Toxapex
|-supereffective|p2a: Toxapex
|-damage|p2a: Toxapex|0 fnt
|-fieldstart|move: Psychic Terrain
|faint|p2a: Toxapex
|
|upkeep
|-message|inandoutofhere forfeited.
|
|win|ballerz69
|c|☆ballerz69|gg
||Ladder (probably) updated, but score could not be retrieved (Response not received).
