|j|☆black shadow 666
|j|☆Remnonc
|player|p1|black shadow 666|unknown|1827
|player|p2|Remnonc|clerk|1719
|teamsize|p1|6
|teamsize|p2|6
|gametype|singles
|gen|8
|tier|[Gen 8] Ubers
|rated|
|clearpoke
|poke|p1|Eternatus|
|poke|p1|Zacian-Crowned|
|poke|p1|Necrozma-Dusk-Mane|
|poke|p1|Lunala|
|poke|p1|Kyurem-Black|
|poke|p1|Marshadow|
|poke|p2|Eternatus|
|poke|p2|Tyranitar, F|
|poke|p2|Toxapex, M|
|poke|p2|Necrozma-Dusk-Mane|
|poke|p2|Skarmory, M|
|poke|p2|Clefable, F|
|rule|Sleep Clause Mod: Limit one foe put to sleep
|rule|Species Clause: Limit one of each Pokémon
|rule|OHKO Clause: OHKO moves are banned
|rule|Evasion Moves Clause: Evasion moves are banned
|rule|Endless Battle Clause: Forcing endless battles is banned
|rule|HP Percentage Mod: HP is shown in percentages
|html|Ubers Dynamax Clause: Pokémon on the <a href="https://www.smogon.com/dex/ss/formats/uber/">Ubers Dynamax Banlist</a> cannot Dynamax.
|teampreview
|inactive|Battle timer is ON: inactive players will automatically lose when time's up. (requested by black shadow 666)
|
|start
|switch|p1a: Necrozma|Necrozma-Dusk-Mane|100/100
|switch|p2a: Tyranitar|Tyranitar, F|100/100
|-weather|Sandstorm|[from] ability: Sand Stream|[of] p2a: Tyranitar
|turn|1
|
|switch|p2a: Skarmory|Skarmory, M|100/100
|move|p1a: Necrozma|Thunder Wave|p2a: Skarmory
|-status|p2a: Skarmory|par
|
|-weather|Sandstorm|[upkeep]
|upkeep
|turn|2
|
|move|p1a: Necrozma|Knock Off|p2a: Skarmory
|-damage|p2a: Skarmory|82/100 par
|-enditem|p2a: Skarmory|Leftovers|[from] move: Knock Off|[of] p1a: Necrozma
|move|p2a: Skarmory|Spikes|p1a: Necrozma
|-sidestart|p1: black shadow 666|Spikes
|
|-weather|Sandstorm|[upkeep]
|upkeep
|turn|3
|
|switch|p1a: Lunala|Lunala|100/100
|move|p2a: Skarmory|Spikes|p1a: Lunala
|-sidestart|p1: black shadow 666|Spikes
|
|-weather|Sandstorm|[upkeep]
|-damage|p1a: Lunala|94/100|[from] Sandstorm
|upkeep
|turn|4
|
|switch|p2a: Eternatus|Eternatus|100/100
|-ability|p2a: Eternatus|Pressure
|move|p1a: Lunala|Defog|p2a: Eternatus
|-unboost|p2a: Eternatus|evasion|1
|-sideend|p1: black shadow 666|Spikes|[from] move: Defog|[of] p1a: Lunala
|
|-weather|Sandstorm|[upkeep]
|-damage|p1a: Lunala|88/100|[from] Sandstorm
|-damage|p2a: Eternatus|94/100|[from] Sandstorm
|-heal|p2a: Eternatus|100/100|[from] item: Leftovers
|upkeep
|turn|5
|
|switch|p1a: Eternatus|Eternatus|100/100
|-ability|p1a: Eternatus|Pressure
|move|p2a: Eternatus|Flamethrower|p1a: Eternatus
|-resisted|p1a: Eternatus
|-damage|p1a: Eternatus|89/100
|
|-weather|none
|-heal|p1a: Eternatus|95/100|[from] item: Black Sludge
|upkeep
|turn|6
|
|switch|p2a: Tyranitar|Tyranitar, F|100/100
|-weather|Sandstorm|[from] ability: Sand Stream|[of] p2a: Tyranitar
|switch|p1a: Zacian|Zacian-Crowned|100/100
|-ability|p1a: Zacian|Intrepid Sword|boost
|-boost|p1a: Zacian|atk|1
|
|-weather|Sandstorm|[upkeep]
|upkeep
|turn|7
|
|switch|p2a: Necrozma|Necrozma-Dusk-Mane|100/100
|move|p1a: Zacian|Swords Dance|p1a: Zacian
|-boost|p1a: Zacian|atk|2
|
|-weather|Sandstorm|[upkeep]
|upkeep
|turn|8
|c|☆Remnonc|o
|l|☆Remnonc
|inactive|Remnonc disconnected and has a minute to reconnect!
|player|p2|
|j|☆Remnonc
|inactive|Remnonc reconnected and has 125 seconds left.
|player|p2|Remnonc|clerk
|inactive|Remnonc has 120 seconds left.
|
|move|p1a: Zacian|Crunch|p2a: Necrozma
|-supereffective|p2a: Necrozma
|-damage|p2a: Necrozma|29/100
|move|p2a: Necrozma|Earthquake|p1a: Zacian
|-supereffective|p1a: Zacian
|-damage|p1a: Zacian|36/100
|
|-weather|Sandstorm|[upkeep]
|-heal|p2a: Necrozma|35/100|[from] item: Leftovers
|upkeep
|turn|9
|
|move|p1a: Zacian|Crunch|p2a: Necrozma
|-supereffective|p2a: Necrozma
|-damage|p2a: Necrozma|0 fnt
|faint|p2a: Necrozma
|
|-weather|Sandstorm|[upkeep]
|upkeep
|
|switch|p2a: Eternatus|Eternatus|100/100
|-ability|p2a: Eternatus|Pressure
|turn|10
|
|move|p1a: Zacian|Behemoth Blade|p2a: Eternatus
|-damage|p2a: Eternatus|19/100
|move|p2a: Eternatus|Flamethrower|p1a: Zacian
|-supereffective|p1a: Zacian
|-damage|p1a: Zacian|0 fnt
|faint|p1a: Zacian
|
|-weather|none
|-heal|p2a: Eternatus|25/100|[from] item: Leftovers
|upkeep
|
|switch|p1a: Necrozma|Necrozma-Dusk-Mane|100/100
|turn|11
|
|move|p2a: Eternatus|Recover|p2a: Eternatus
|-heal|p2a: Eternatus|75/100
|move|p1a: Necrozma|Stealth Rock|p2a: Eternatus
|-sidestart|p2: Remnonc|move: Stealth Rock
|
|-heal|p2a: Eternatus|81/100|[from] item: Leftovers
|upkeep
|turn|12
|
|switch|p2a: Skarmory|Skarmory, M|82/100 par
|-damage|p2a: Skarmory|69/100 par|[from] Stealth Rock
|move|p1a: Necrozma|Thunder Wave|p2a: Skarmory|[miss]
|-miss|p1a: Necrozma|p2a: Skarmory
|
|upkeep
|turn|13
|
|switch|p1a: Marshadow|Marshadow|100/100
|move|p2a: Skarmory|Spikes|p1a: Marshadow
|-sidestart|p1: black shadow 666|Spikes
|
|upkeep
|turn|14
|
|move|p1a: Marshadow|Bulk Up|p1a: Marshadow
|-boost|p1a: Marshadow|atk|1
|-boost|p1a: Marshadow|def|1
|move|p2a: Skarmory|Roost|p2a: Skarmory
|-heal|p2a: Skarmory|100/100 par
|-singleturn|p2a: Skarmory|move: Roost
|
|upkeep
|turn|15
|
|switch|p2a: Toxapex|Toxapex, M|100/100
|-damage|p2a: Toxapex|88/100|[from] Stealth Rock
|move|p1a: Marshadow|Spectral Thief|p2a: Toxapex
|-damage|p2a: Toxapex|42/100
|
|upkeep
|turn|16
|
|switch|p2a: Clefable|Clefable, F|100/100
|move|p1a: Marshadow|Spectral Thief|p2a: Clefable
|-damage|p2a: Clefable|35/100
|
|-heal|p2a: Clefable|41/100|[from] item: Leftovers
|upkeep
|turn|17
|
|-start|p2a: Clefable|Dynamax
|-heal|p2a: Clefable|41/100|[silent]
|move|p1a: Marshadow|Spectral Thief|p2a: Clefable
|-damage|p2a: Clefable|12/100
|move|p2a: Clefable|Max Starfall|p1a: Marshadow
|-supereffective|p1a: Marshadow
|-enditem|p1a: Marshadow|Focus Sash
|-damage|p1a: Marshadow|1/100
|-fieldstart|move: Misty Terrain
|
|-heal|p2a: Clefable|15/100|[from] item: Leftovers
|upkeep
|turn|18
|c|☆Remnonc|o
|
|-end|p2a: Clefable|Dynamax
|-heal|p2a: Clefable|16/100|[silent]
|switch|p2a: Tyranitar|Tyranitar, F|100/100
|-damage|p2a: Tyranitar|88/100|[from] Stealth Rock
|-weather|Sandstorm|[from] ability: Sand Stream|[of] p2a: Tyranitar
|move|p1a: Marshadow|Spectral Thief|p2a: Tyranitar
|-resisted|p2a: Tyranitar
|-damage|p2a: Tyranitar|59/100
|
|-weather|Sandstorm|[upkeep]
|-damage|p1a: Marshadow|0 fnt|[from] Sandstorm
|faint|p1a: Marshadow
|-heal|p2a: Tyranitar|65/100|[from] item: Leftovers
|upkeep
|inactive|black shadow 666 has 120 seconds left.
|
|switch|p1a: Lunala|Lunala|88/100
|turn|19
|l|☆Remnonc
|inactive|Remnonc disconnected and has a minute to reconnect!
|player|p2|
|j|☆Remnonc
|inactive|Remnonc reconnected and has 125 seconds left.
|player|p2|Remnonc|clerk
|inactive|Remnonc has 120 seconds left.
|
|move|p1a: Lunala|Will-O-Wisp|p2a: Tyranitar
|-activate|p2a: Tyranitar|move: Misty Terrain
|move|p2a: Tyranitar|Stealth Rock|p1a: Lunala
|-sidestart|p1: black shadow 666|move: Stealth Rock
|
|-weather|Sandstorm|[upkeep]
|-damage|p1a: Lunala|82/100|[from] Sandstorm
|-heal|p2a: Tyranitar|71/100|[from] item: Leftovers
|upkeep
|turn|20
|
|switch|p2a: Eternatus|Eternatus|81/100
|-damage|p2a: Eternatus|69/100|[from] Stealth Rock
|-ability|p2a: Eternatus|Pressure
|move|p1a: Lunala|Defog|p2a: Eternatus
|-unboost|p2a: Eternatus|evasion|1
|-sideend|p2: Remnonc|Stealth Rock|[from] move: Defog|[of] p1a: Lunala
|-sideend|p1: black shadow 666|Spikes|[from] move: Defog|[of] p1a: Lunala
|-sideend|p1: black shadow 666|Stealth Rock|[from] move: Defog|[of] p1a: Lunala
|-fieldend|Misty Terrain
|
|-weather|Sandstorm|[upkeep]
|-damage|p1a: Lunala|76/100|[from] Sandstorm
|-damage|p2a: Eternatus|62/100|[from] Sandstorm
|-heal|p2a: Eternatus|69/100|[from] item: Leftovers
|upkeep
|turn|21
|
|switch|p1a: Eternatus|Eternatus|95/100
|-ability|p1a: Eternatus|Pressure
|move|p2a: Eternatus|Cosmic Power|p2a: Eternatus
|-boost|p2a: Eternatus|def|1
|-boost|p2a: Eternatus|spd|1
|
|-weather|Sandstorm|[upkeep]
|-damage|p2a: Eternatus|62/100|[from] Sandstorm
|-damage|p1a: Eternatus|89/100|[from] Sandstorm
|-heal|p2a: Eternatus|69/100|[from] item: Leftovers
|-heal|p1a: Eternatus|95/100|[from] item: Black Sludge
|upkeep
|turn|22
|
|move|p2a: Eternatus|Dynamax Cannon|p1a: Eternatus
|-supereffective|p1a: Eternatus
|-damage|p1a: Eternatus|22/100
|move|p1a: Eternatus|Substitute|p1a: Eternatus
|-fail|p1a: Eternatus|move: Substitute|[weak]
|
|-weather|none
|-heal|p2a: Eternatus|75/100|[from] item: Leftovers
|-heal|p1a: Eternatus|28/100|[from] item: Black Sludge
|upkeep
|turn|23
|
|switch|p1a: Lunala|Lunala|76/100
|move|p2a: Eternatus|Dynamax Cannon|p1a: Lunala
|-damage|p1a: Lunala|44/100
|
|-heal|p2a: Eternatus|81/100|[from] item: Leftovers
|upkeep
|turn|24
|c|☆Remnonc|lol
|
|move|p1a: Lunala|Roost|p1a: Lunala
|-heal|p1a: Lunala|94/100
|-singleturn|p1a: Lunala|move: Roost
|move|p2a: Eternatus|Cosmic Power|p2a: Eternatus
|-boost|p2a: Eternatus|def|1
|-boost|p2a: Eternatus|spd|1
|
|-heal|p2a: Eternatus|87/100|[from] item: Leftovers
|upkeep
|turn|25
|
|move|p1a: Lunala|Will-O-Wisp|p2a: Eternatus
|-status|p2a: Eternatus|brn
|move|p2a: Eternatus|Cosmic Power|p2a: Eternatus
|-boost|p2a: Eternatus|def|1
|-boost|p2a: Eternatus|spd|1
|
|-heal|p2a: Eternatus|93/100 brn|[from] item: Leftovers
|-damage|p2a: Eternatus|87/100 brn|[from] brn
|upkeep
|turn|26
|
|move|p1a: Lunala|Roost|p1a: Lunala
|-heal|p1a: Lunala|100/100
|-singleturn|p1a: Lunala|move: Roost
|move|p2a: Eternatus|Flamethrower|p1a: Lunala
|-damage|p1a: Lunala|91/100
|
|-heal|p2a: Eternatus|93/100 brn|[from] item: Leftovers
|-damage|p2a: Eternatus|87/100 brn|[from] brn
|upkeep
|turn|27
|
|move|p1a: Lunala|Roost|p1a: Lunala
|-heal|p1a: Lunala|100/100
|-singleturn|p1a: Lunala|move: Roost
|move|p2a: Eternatus|Cosmic Power|p2a: Eternatus
|-boost|p2a: Eternatus|def|1
|-boost|p2a: Eternatus|spd|1
|
|-heal|p2a: Eternatus|93/100 brn|[from] item: Leftovers
|-damage|p2a: Eternatus|87/100 brn|[from] brn
|upkeep
|turn|28
|
|switch|p1a: Necrozma|Necrozma-Dusk-Mane|100/100
|move|p2a: Eternatus|Cosmic Power|p2a: Eternatus
|-boost|p2a: Eternatus|def|1
|-boost|p2a: Eternatus|spd|1
|
|-heal|p2a: Eternatus|93/100 brn|[from] item: Leftovers
|-damage|p2a: Eternatus|87/100 brn|[from] brn
|upkeep
|turn|29
|
|move|p2a: Eternatus|Flamethrower|p1a: Necrozma
|-supereffective|p1a: Necrozma
|-damage|p1a: Necrozma|73/100
|-status|p1a: Necrozma|brn
|-enditem|p1a: Necrozma|Red Card|[of] p2a: Eternatus
|drag|p2a: Toxapex|Toxapex, M|75/100
|move|p1a: Necrozma|Thunder Wave|p2a: Toxapex
|-status|p2a: Toxapex|par
|
|-damage|p1a: Necrozma|67/100 brn|[from] brn
|upkeep
|turn|30
|
|move|p1a: Necrozma|Stealth Rock|p2a: Toxapex
|-sidestart|p2: Remnonc|move: Stealth Rock
|move|p2a: Toxapex|Toxic Spikes|p1a: Necrozma
|-sidestart|p1: black shadow 666|move: Toxic Spikes
|
|-damage|p1a: Necrozma|61/100 brn|[from] brn
|upkeep
|turn|31
|
|move|p1a: Necrozma|Knock Off|p2a: Toxapex
|-damage|p2a: Toxapex|65/100 par
|-enditem|p2a: Toxapex|Shed Shell|[from] move: Knock Off|[of] p1a: Necrozma
|move|p2a: Toxapex|Toxic Spikes|p1a: Necrozma
|-sidestart|p1: black shadow 666|move: Toxic Spikes
|
|-damage|p1a: Necrozma|55/100 brn|[from] brn
|upkeep
|turn|32
|
|switch|p1a: Eternatus|Eternatus|28/100
|-sideend|p1: black shadow 666|move: Toxic Spikes|[of] p1a: Eternatus
|-ability|p1a: Eternatus|Pressure
|switch|p2a: Eternatus|Eternatus|87/100 brn
|-damage|p2a: Eternatus|75/100 brn|[from] Stealth Rock
|-ability|p2a: Eternatus|Pressure
|
|-heal|p2a: Eternatus|81/100 brn|[from] item: Leftovers
|-heal|p1a: Eternatus|34/100|[from] item: Black Sludge
|-damage|p2a: Eternatus|75/100 brn|[from] brn
|upkeep
|turn|33
|j| saya11
|
|move|p2a: Eternatus|Dynamax Cannon|p1a: Eternatus
|-supereffective|p1a: Eternatus
|-damage|p1a: Eternatus|0 fnt
|faint|p1a: Eternatus
|
|-heal|p2a: Eternatus|81/100 brn|[from] item: Leftovers
|-damage|p2a: Eternatus|75/100 brn|[from] brn
|upkeep
|j| amaumaou
|
|switch|p1a: Necrozma|Necrozma-Dusk-Mane|55/100 brn
|turn|34
|l| amaumaou
|
|move|p2a: Eternatus|Cosmic Power|p2a: Eternatus
|-boost|p2a: Eternatus|def|1
|-boost|p2a: Eternatus|spd|1
|move|p1a: Necrozma|Knock Off|p2a: Eternatus
|-damage|p2a: Eternatus|69/100 brn
|-enditem|p2a: Eternatus|Leftovers|[from] move: Knock Off|[of] p1a: Necrozma
|
|-damage|p2a: Eternatus|62/100 brn|[from] brn
|-damage|p1a: Necrozma|49/100 brn|[from] brn
|upkeep
|turn|35
|
|switch|p1a: Kyurem|Kyurem-Black, shiny|100/100
|-ability|p1a: Kyurem|Teravolt
|move|p2a: Eternatus|Cosmic Power|p2a: Eternatus
|-boost|p2a: Eternatus|def|1
|-boost|p2a: Eternatus|spd|1
|
|-damage|p2a: Eternatus|56/100 brn|[from] brn
|upkeep
|turn|36
|
|-start|p1a: Kyurem|Dynamax
|-heal|p1a: Kyurem|100/100|[silent]
|move|p2a: Eternatus|Dynamax Cannon|p1a: Kyurem
|-supereffective|p1a: Kyurem
|-damage|p1a: Kyurem|6/100
|move|p1a: Kyurem|Max Hailstorm|p2a: Eternatus
|-supereffective|p2a: Eternatus
|-damage|p2a: Eternatus|1/100 brn
|-weather|Hail
|-damage|p1a: Kyurem|1/100|[from] item: Life Orb
|
|-weather|Hail|[upkeep]
|-damage|p2a: Eternatus|0 fnt|[from] Hail
|faint|p2a: Eternatus
|upkeep
|
|switch|p2a: Tyranitar|Tyranitar, F|71/100
|-damage|p2a: Tyranitar|59/100|[from] Stealth Rock
|-weather|Sandstorm|[from] ability: Sand Stream|[of] p2a: Tyranitar
|turn|37
|
|switch|p2a: Toxapex|Toxapex, M|99/100 par
|-damage|p2a: Toxapex|86/100 par|[from] Stealth Rock
|move|p1a: Kyurem|Max Quake|p2a: Toxapex
|-supereffective|p2a: Toxapex
|-damage|p2a: Toxapex|6/100 par
|-boost|p1a: Kyurem|spd|1
|-damage|p1a: Kyurem|0 fnt|[from] item: Life Orb
|faint|p1a: Kyurem
|
|-weather|Sandstorm|[upkeep]
|-damage|p2a: Toxapex|0 fnt|[from] Sandstorm
|faint|p2a: Toxapex
|upkeep
|l| saya11
|
|switch|p1a: Necrozma|Necrozma-Dusk-Mane|49/100 brn
|switch|p2a: Skarmory|Skarmory, M|100/100 par
|-damage|p2a: Skarmory|88/100 par|[from] Stealth Rock
|turn|38
|
|switch|p1a: Lunala|Lunala|100/100
|move|p2a: Skarmory|Spikes|p1a: Lunala
|-sidestart|p1: black shadow 666|Spikes
|
|-weather|Sandstorm|[upkeep]
|-damage|p1a: Lunala|94/100|[from] Sandstorm
|upkeep
|turn|39
|
|switch|p2a: Tyranitar|Tyranitar, F|59/100
|-damage|p2a: Tyranitar|46/100|[from] Stealth Rock
|move|p1a: Lunala|Will-O-Wisp|p2a: Tyranitar
|-status|p2a: Tyranitar|brn
|
|-weather|Sandstorm|[upkeep]
|-damage|p1a: Lunala|88/100|[from] Sandstorm
|-heal|p2a: Tyranitar|52/100 brn|[from] item: Leftovers
|-damage|p2a: Tyranitar|46/100 brn|[from] brn
|upkeep
|turn|40
|j| Terra the creator
|
|move|p1a: Lunala|Defog|p2a: Tyranitar
|-unboost|p2a: Tyranitar|evasion|1
|-sideend|p2: Remnonc|Stealth Rock|[from] move: Defog|[of] p1a: Lunala
|-sideend|p1: black shadow 666|Spikes|[from] move: Defog|[of] p1a: Lunala
|move|p2a: Tyranitar|Crunch|p1a: Lunala
|-supereffective|p1a: Lunala
|-damage|p1a: Lunala|29/100
|
|-weather|Sandstorm|[upkeep]
|-damage|p1a: Lunala|23/100|[from] Sandstorm
|-heal|p2a: Tyranitar|52/100 brn|[from] item: Leftovers
|-damage|p2a: Tyranitar|46/100 brn|[from] brn
|upkeep
|turn|41
|
|switch|p1a: Necrozma|Necrozma-Dusk-Mane|49/100 brn
|move|p2a: Tyranitar|Crunch|p1a: Necrozma
|-supereffective|p1a: Necrozma
|-damage|p1a: Necrozma|31/100 brn
|
|-weather|none
|-heal|p2a: Tyranitar|52/100 brn|[from] item: Leftovers
|-damage|p1a: Necrozma|25/100 brn|[from] brn
|-damage|p2a: Tyranitar|46/100 brn|[from] brn
|upkeep
|turn|42
|
|switch|p1a: Lunala|Lunala|23/100
|switch|p2a: Skarmory|Skarmory, M|88/100 par
|
|upkeep
|turn|43
|
|switch|p2a: Tyranitar|Tyranitar, F|46/100 brn
|-weather|Sandstorm|[from] ability: Sand Stream|[of] p2a: Tyranitar
|move|p1a: Lunala|Roost|p1a: Lunala
|-heal|p1a: Lunala|73/100
|-singleturn|p1a: Lunala|move: Roost
|
|-weather|Sandstorm|[upkeep]
|-damage|p1a: Lunala|67/100|[from] Sandstorm
|-heal|p2a: Tyranitar|52/100 brn|[from] item: Leftovers
|-damage|p2a: Tyranitar|46/100 brn|[from] brn
|upkeep
|turn|44
|
|move|p1a: Lunala|Roost|p1a: Lunala
|-heal|p1a: Lunala|100/100
|-singleturn|p1a: Lunala|move: Roost
|move|p2a: Tyranitar|Crunch|p1a: Lunala
|-supereffective|p1a: Lunala
|-damage|p1a: Lunala|71/100
|
|-weather|Sandstorm|[upkeep]
|-damage|p1a: Lunala|65/100|[from] Sandstorm
|-heal|p2a: Tyranitar|52/100 brn|[from] item: Leftovers
|-damage|p2a: Tyranitar|46/100 brn|[from] brn
|upkeep
|turn|45
|
|move|p1a: Lunala|Roost|p1a: Lunala
|-heal|p1a: Lunala|100/100
|-singleturn|p1a: Lunala|move: Roost
|move|p2a: Tyranitar|Crunch|p1a: Lunala
|-supereffective|p1a: Lunala
|-damage|p1a: Lunala|73/100
|
|-weather|Sandstorm|[upkeep]
|-damage|p1a: Lunala|67/100|[from] Sandstorm
|-heal|p2a: Tyranitar|52/100 brn|[from] item: Leftovers
|-damage|p2a: Tyranitar|46/100 brn|[from] brn
|upkeep
|turn|46
|
|move|p1a: Lunala|Roost|p1a: Lunala
|-heal|p1a: Lunala|100/100
|-singleturn|p1a: Lunala|move: Roost
|move|p2a: Tyranitar|Crunch|p1a: Lunala
|-supereffective|p1a: Lunala
|-damage|p1a: Lunala|72/100
|
|-weather|Sandstorm|[upkeep]
|-damage|p1a: Lunala|66/100|[from] Sandstorm
|-heal|p2a: Tyranitar|52/100 brn|[from] item: Leftovers
|-damage|p2a: Tyranitar|46/100 brn|[from] brn
|upkeep
|turn|47
|c|☆Remnonc|胜负以定
|
|move|p1a: Lunala|Roost|p1a: Lunala
|-heal|p1a: Lunala|100/100
|-singleturn|p1a: Lunala|move: Roost
|move|p2a: Tyranitar|Crunch|p1a: Lunala
|-supereffective|p1a: Lunala
|-damage|p1a: Lunala|70/100
|
|-weather|none
|-heal|p2a: Tyranitar|52/100 brn|[from] item: Leftovers
|-damage|p2a: Tyranitar|46/100 brn|[from] brn
|upkeep
|turn|48
|
|move|p1a: Lunala|Hex|p2a: Tyranitar
|-resisted|p2a: Tyranitar
|-damage|p2a: Tyranitar|29/100 brn
|move|p2a: Tyranitar|Crunch|p1a: Lunala
|-supereffective|p1a: Lunala
|-damage|p1a: Lunala|15/100
|
|-heal|p2a: Tyranitar|35/100 brn|[from] item: Leftovers
|-damage|p2a: Tyranitar|29/100 brn|[from] brn
|upkeep
|turn|49
|c|☆Remnonc|o
|inactive|black shadow 666 has 120 seconds left.
|
|move|p1a: Lunala|Roost|p1a: Lunala
|-heal|p1a: Lunala|65/100
|-singleturn|p1a: Lunala|move: Roost
|move|p2a: Tyranitar|Rest|p2a: Tyranitar
|-status|p2a: Tyranitar|slp|[from] move: Rest
|-heal|p2a: Tyranitar|100/100 slp|[silent]
|
|upkeep
|turn|50
|inactive|black shadow 666 has 120 seconds left.
|
|move|p1a: Lunala|Hex|p2a: Tyranitar
|-resisted|p2a: Tyranitar
|-damage|p2a: Tyranitar|84/100 slp
|cant|p2a: Tyranitar|slp
|
|-heal|p2a: Tyranitar|90/100 slp|[from] item: Leftovers
|upkeep
|turn|51
|inactive|black shadow 666 has 120 seconds left.
|c|☆black shadow 666|gg
|c|☆black shadow 666|lol
|-message|black shadow 666 forfeited.
|
|win|Remnonc
|l|☆black shadow 666
|c|☆Remnonc|gg
|raw|black shadow 666's rating: 1827 &rarr; <strong>1801</strong><br />(-26 for losing)
|raw|Remnonc's rating: 1719 &rarr; <strong>1745</strong><br />(+26 for winning)
