|j|☆kawakubo
|j|☆Theotime123
|t:|1619766654
|gametype|singles
|player|p1|kawakubo|veteranf|1261
|player|p2|Theotime123|ethan|1349
|teamsize|p1|6
|teamsize|p2|6
|gen|8
|tier|[Gen 8] Ubers
|rated|
|clearpoke
|poke|p1|Yveltal|
|poke|p1|Necrozma-Dusk-Mane|
|poke|p1|Eternatus|
|poke|p1|Zygarde|
|poke|p1|Zacian|
|poke|p1|Calyrex-Ice|
|poke|p2|Rayquaza|
|poke|p2|Kyogre|
|poke|p2|Yveltal|
|poke|p2|Necrozma-Dusk-Mane|
|poke|p2|Zacian|
|poke|p2|Marshadow|
|rule|Sleep Clause Mod: Limit one foe put to sleep
|rule|Species Clause: Limit one of each Pokémon
|rule|OHKO Clause: OHKO moves are banned
|rule|Evasion Moves Clause: Evasion moves are banned
|rule|Endless Battle Clause: Forcing endless battles is banned
|rule|HP Percentage Mod: HP is shown in percentages
|rule|Dynamax Clause: You cannot dynamax
|teampreview
|
|t:|1619766667
|start
|switch|p1a: Necrozma|Necrozma-Dusk-Mane|100/100
|switch|p2a: Rayquaza|Rayquaza|100/100
|-ability|p2a: Rayquaza|Air Lock
|turn|1
|
|t:|1619766693
|switch|p1a: Calyrex|Calyrex-Ice|100/100
|-ability|p1a: Calyrex|As One
|-ability|p1a: Calyrex|Unnerve
|move|p2a: Rayquaza|V-create|p1a: Calyrex
|-supereffective|p1a: Calyrex
|-damage|p1a: Calyrex|0 fnt
|-unboost|p2a: Rayquaza|spe|1
|-unboost|p2a: Rayquaza|def|1
|-unboost|p2a: Rayquaza|spd|1
|-damage|p2a: Rayquaza|91/100|[from] item: Life Orb
|faint|p1a: Calyrex
|
|upkeep
|
|t:|1619766709
|switch|p1a: Yveltal|Yveltal|100/100
|-ability|p1a: Yveltal|Dark Aura
|turn|2
|
|t:|1619766716
|switch|p2a: Zacian|Zacian|100/100
|-ability|p2a: Zacian|Intrepid Sword|boost
|-boost|p2a: Zacian|atk|1
|move|p1a: Yveltal|Knock Off|p2a: Zacian
|-resisted|p2a: Zacian
|-damage|p2a: Zacian|74/100
|-enditem|p2a: Zacian|Choice Band|[from] move: Knock Off|[of] p1a: Yveltal
|
|upkeep
|turn|3
|
|t:|1619766727
|switch|p1a: Necrozma|Necrozma-Dusk-Mane|100/100
|move|p2a: Zacian|Close Combat|p1a: Necrozma
|-damage|p1a: Necrozma|66/100
|-unboost|p2a: Zacian|def|1
|-unboost|p2a: Zacian|spd|1
|
|-heal|p1a: Necrozma|72/100|[from] item: Leftovers
|upkeep
|turn|4
|
|t:|1619766737
|switch|p2a: Rayquaza|Rayquaza|91/100
|-ability|p2a: Rayquaza|Air Lock
|move|p1a: Necrozma|Morning Sun|p1a: Necrozma
|-heal|p1a: Necrozma|100/100
|
|upkeep
|turn|5
|
|t:|1619766751
|move|p2a: Rayquaza|Dragon Dance|p2a: Rayquaza
|-boost|p2a: Rayquaza|atk|1
|-boost|p2a: Rayquaza|spe|1
|move|p1a: Necrozma|Morning Sun||[still]
|-fail|p1a: Necrozma
|
|upkeep
|turn|6
|
|t:|1619766776
|move|p2a: Rayquaza|V-create|p1a: Necrozma
|-supereffective|p1a: Necrozma
|-damage|p1a: Necrozma|0 fnt
|-unboost|p2a: Rayquaza|spe|1
|-unboost|p2a: Rayquaza|def|1
|-unboost|p2a: Rayquaza|spd|1
|-damage|p2a: Rayquaza|81/100|[from] item: Life Orb
|faint|p1a: Necrozma
|
|upkeep
|
|t:|1619766787
|switch|p1a: Zacian|Zacian|100/100
|-ability|p1a: Zacian|Intrepid Sword|boost
|-boost|p1a: Zacian|atk|1
|turn|7
|
|t:|1619766791
|switch|p2a: Necrozma|Necrozma-Dusk-Mane|100/100
|move|p1a: Zacian|Play Rough|p2a: Necrozma
|-resisted|p2a: Necrozma
|-damage|p2a: Necrozma|68/100
|-damage|p1a: Zacian|84/100|[from] item: Rocky Helmet|[of] p2a: Necrozma
|
|upkeep
|turn|8
|
|t:|1619766799
|switch|p1a: Zygarde|Zygarde|100/100
|switch|p2a: Kyogre|Kyogre|100/100
|-weather|RainDance|[from] ability: Drizzle|[of] p2a: Kyogre
|
|-weather|RainDance|[upkeep]
|upkeep
|turn|9
|
|t:|1619766812
|move|p2a: Kyogre|Ice Beam|p1a: Zygarde
|-supereffective|p1a: Zygarde
|-damage|p1a: Zygarde|0 fnt
|faint|p1a: Zygarde
|
|-weather|RainDance|[upkeep]
|upkeep
|
|t:|1619766820
|switch|p1a: Zacian|Zacian|84/100
|-ability|p1a: Zacian|Intrepid Sword|boost
|-boost|p1a: Zacian|atk|1
|turn|10
|
|t:|1619766825
|switch|p2a: Necrozma|Necrozma-Dusk-Mane|68/100
|move|p1a: Zacian|Play Rough|p2a: Necrozma
|-resisted|p2a: Necrozma
|-damage|p2a: Necrozma|37/100
|-damage|p1a: Zacian|67/100|[from] item: Rocky Helmet|[of] p2a: Necrozma
|
|-weather|RainDance|[upkeep]
|upkeep
|turn|11
|
|t:|1619766830
|move|p1a: Zacian|Play Rough|p2a: Necrozma
|-resisted|p2a: Necrozma
|-damage|p2a: Necrozma|8/100
|-damage|p1a: Zacian|51/100|[from] item: Rocky Helmet|[of] p2a: Necrozma
|move|p2a: Necrozma|Sunsteel Strike|p1a: Zacian
|-supereffective|p1a: Zacian
|-damage|p1a: Zacian|0 fnt
|faint|p1a: Zacian
|
|-weather|RainDance|[upkeep]
|upkeep
|
|t:|1619766832
|switch|p1a: Eternatus|Eternatus|100/100
|-ability|p1a: Eternatus|Pressure
|turn|12
|-message|kawakubo forfeited.
|
|win|Theotime123
|raw|kawakubo's rating: 1261 &rarr; <strong>1242</strong><br />(-19 for losing)
|raw|Theotime123's rating: 1349 &rarr; <strong>1364</strong><br />(+15 for winning)
|l|☆kawakubo
