|j|☆Raxus
|j|☆eggplant1
|t:|1648588752
|gametype|singles
|player|p1|Raxus|101|1315
|player|p2|eggplant1|iris-gen5bw2|1610
|teamsize|p1|6
|teamsize|p2|6
|gen|8
|tier|[Gen 8] Ubers
|rated|
|rule|Sleep Clause Mod: Limit one foe put to sleep
|rule|Species Clause: Limit one of each Pokémon
|rule|OHKO Clause: OHKO moves are banned
|rule|Evasion Moves Clause: Evasion moves are banned
|rule|Endless Battle Clause: Forcing endless battles is banned
|rule|HP Percentage Mod: HP is shown in percentages
|rule|Dynamax Clause: You cannot dynamax
|clearpoke
|poke|p1|Ho-Oh|
|poke|p1|Yveltal|
|poke|p1|Xerneas-*|
|poke|p1|Calyrex-Shadow|
|poke|p1|Necrozma-Dusk-Mane|
|poke|p1|Groudon|
|poke|p2|Groudon|
|poke|p2|Eternatus|
|poke|p2|Calyrex-Shadow|
|poke|p2|Marshadow|
|poke|p2|Yveltal|
|poke|p2|Necrozma-Dusk-Mane|
|teampreview
|
|t:|1648588767
|start
|switch|p1a: Calyrex|Calyrex-Shadow|100/100
|switch|p2a: Groudon|Groudon|100/100
|-ability|p1a: Calyrex|As One
|-ability|p1a: Calyrex|Unnerve
|-weather|SunnyDay|[from] ability: Drought|[of] p2a: Groudon
|turn|1
|
|t:|1648588775
|switch|p2a: Yveltal|Yveltal|100/100
|-ability|p2a: Yveltal|Dark Aura
|move|p1a: Calyrex|Astral Barrage|p2a: Yveltal
|-resisted|p2a: Yveltal
|-damage|p2a: Yveltal|74/100
|
|-weather|SunnyDay|[upkeep]
|upkeep
|turn|2
|
|t:|1648588787
|switch|p1a: Xerneas|Xerneas|100/100
|-ability|p1a: Xerneas|Fairy Aura
|move|p2a: Yveltal|Knock Off|p1a: Xerneas
|-resisted|p1a: Xerneas
|-damage|p1a: Xerneas|80/100
|-enditem|p1a: Xerneas|Power Herb|[from] move: Knock Off|[of] p2a: Yveltal
|
|-weather|SunnyDay|[upkeep]
|upkeep
|turn|3
|
|t:|1648588796
|switch|p2a: Necrozma|Necrozma-Dusk-Mane|100/100
|switch|p1a: Necrozma|Necrozma-Dusk-Mane|100/100
|
|-weather|SunnyDay|[upkeep]
|upkeep
|turn|4
|
|t:|1648588802
|move|p2a: Necrozma|Knock Off|p1a: Necrozma
|-supereffective|p1a: Necrozma
|-damage|p1a: Necrozma|55/100
|-enditem|p1a: Necrozma|Leftovers|[from] move: Knock Off|[of] p2a: Necrozma
|move|p1a: Necrozma|Thunder Wave|p2a: Necrozma
|-status|p2a: Necrozma|par
|
|-weather|SunnyDay|[upkeep]
|upkeep
|turn|5
|
|t:|1648588810
|switch|p2a: Groudon|Groudon|100/100
|move|p1a: Necrozma|Stealth Rock|p2a: Groudon
|-sidestart|p2: eggplant1|move: Stealth Rock
|
|-weather|none
|upkeep
|turn|6
|
|t:|1648588820
|switch|p1a: Calyrex|Calyrex-Shadow|100/100
|-ability|p1a: Calyrex|As One
|-ability|p1a: Calyrex|Unnerve
|move|p2a: Groudon|Stealth Rock|p1a: Calyrex
|-sidestart|p1: Raxus|move: Stealth Rock
|
|upkeep
|turn|7
|
|t:|1648588832
|switch|p2a: Yveltal|Yveltal|74/100
|-ability|p2a: Yveltal|Dark Aura
|move|p1a: Calyrex|Trick|p2a: Yveltal
|-activate|p1a: Calyrex|move: Trick|[of] p2a: Yveltal
|-item|p2a: Yveltal|Choice Scarf|[from] move: Trick
|-item|p1a: Calyrex|Heavy-Duty Boots|[from] move: Trick
|
|upkeep
|turn|8
|
|t:|1648588856
|switch|p2a: Necrozma|Necrozma-Dusk-Mane|100/100 par
|-damage|p2a: Necrozma|94/100 par|[from] Stealth Rock
|switch|p1a: Groudon|Groudon|100/100
|-damage|p1a: Groudon|94/100|[from] Stealth Rock
|-weather|SunnyDay|[from] ability: Drought|[of] p1a: Groudon
|
|-weather|SunnyDay|[upkeep]
|-heal|p2a: Necrozma|100/100 par|[from] item: Leftovers
|upkeep
|turn|9
|
|t:|1648588867
|move|p1a: Groudon|Rock Polish|p1a: Groudon
|-boost|p1a: Groudon|spe|2
|cant|p2a: Necrozma|par
|
|-weather|SunnyDay|[upkeep]
|upkeep
|turn|10
|
|t:|1648588873
|move|p1a: Groudon|Swords Dance|p1a: Groudon
|-boost|p1a: Groudon|atk|2
|move|p2a: Necrozma|Knock Off|p1a: Groudon
|-damage|p1a: Groudon|66/100
|-enditem|p1a: Groudon|Soft Sand|[from] move: Knock Off|[of] p2a: Necrozma
|
|-weather|SunnyDay|[upkeep]
|upkeep
|turn|11
|
|t:|1648588880
|switch|p2a: Yveltal|Yveltal|74/100
|-damage|p2a: Yveltal|49/100|[from] Stealth Rock
|-ability|p2a: Yveltal|Dark Aura
|move|p1a: Groudon|Precipice Blades|p2a: Yveltal
|-immune|p2a: Yveltal
|
|-weather|SunnyDay|[upkeep]
|upkeep
|turn|12
|
|t:|1648588888
|move|p2a: Yveltal|Knock Off|p1a: Groudon
|-damage|p1a: Groudon|40/100
|move|p1a: Groudon|Stone Edge|p2a: Yveltal
|-supereffective|p2a: Yveltal
|-damage|p2a: Yveltal|0 fnt
|faint|p2a: Yveltal
|
|-weather|none
|upkeep
|
|t:|1648588894
|switch|p2a: Calyrex|Calyrex-Shadow|100/100
|-ability|p2a: Calyrex|As One
|-ability|p2a: Calyrex|Unnerve
|-damage|p2a: Calyrex|88/100|[from] Stealth Rock
|turn|13
|
|t:|1648588900
|move|p1a: Groudon|Precipice Blades|p2a: Calyrex
|-damage|p2a: Calyrex|0 fnt
|faint|p2a: Calyrex
|
|upkeep
|
|t:|1648588905
|switch|p2a: Necrozma|Necrozma-Dusk-Mane|100/100 par
|-damage|p2a: Necrozma|94/100 par|[from] Stealth Rock
|turn|14
|
|t:|1648588908
|move|p1a: Groudon|Precipice Blades|p2a: Necrozma
|-supereffective|p2a: Necrozma
|-damage|p2a: Necrozma|0 fnt
|faint|p2a: Necrozma
|
|upkeep
|
|t:|1648588911
|switch|p2a: Groudon|Groudon|100/100
|-damage|p2a: Groudon|94/100|[from] Stealth Rock
|-weather|SunnyDay|[from] ability: Drought|[of] p2a: Groudon
|turn|15
|
|t:|1648588916
|move|p1a: Groudon|Precipice Blades|p2a: Groudon
|-damage|p2a: Groudon|15/100
|move|p2a: Groudon|Precipice Blades|p1a: Groudon|[miss]
|-miss|p2a: Groudon|p1a: Groudon
|
|-weather|SunnyDay|[upkeep]
|-heal|p2a: Groudon|21/100|[from] item: Leftovers
|upkeep
|turn|16
|
|t:|1648588925
|move|p1a: Groudon|Precipice Blades|p2a: Groudon
|-damage|p2a: Groudon|0 fnt
|faint|p2a: Groudon
|
|-weather|SunnyDay|[upkeep]
|upkeep
|
|t:|1648588926
|switch|p2a: Marshadow|Marshadow|100/100
|-damage|p2a: Marshadow|94/100|[from] Stealth Rock
|turn|17
|
|t:|1648588932
|move|p1a: Groudon|Precipice Blades|p2a: Marshadow
|-damage|p2a: Marshadow|0 fnt
|faint|p2a: Marshadow
|
|-weather|SunnyDay|[upkeep]
|upkeep
|
|t:|1648588939
|switch|p2a: Eternatus|Eternatus|100/100
|-damage|p2a: Eternatus|88/100|[from] Stealth Rock
|-ability|p2a: Eternatus|Pressure
|turn|18
|
|t:|1648588944
|move|p1a: Groudon|Precipice Blades|p2a: Eternatus
|-supereffective|p2a: Eternatus
|-damage|p2a: Eternatus|0 fnt
|faint|p2a: Eternatus
|
|win|Raxus
|raw|Raxus's rating: 1315 &rarr; <strong>1349</strong><br />(+34 for winning)
|raw|eggplant1's rating: 1610 &rarr; <strong>1576</strong><br />(-34 for losing)
|l|☆eggplant1
||Ladder isn't responding, score probably updated but might not have (Request timeout).
