|j|☆ubersohneubers
|j|☆RichardPepper
|player|p1|ubersohneubers|cheryl|1795
|player|p2|RichardPepper|290|1489
|teamsize|p1|6
|teamsize|p2|6
|gametype|singles
|gen|8
|tier|[Gen 8] Ubers
|rated|
|clearpoke
|poke|p1|Corviknight, F|
|poke|p1|Eternatus|
|poke|p1|Gothitelle, F|
|poke|p1|Dugtrio, M|
|poke|p1|Umbreon, F|
|poke|p1|Ditto|
|poke|p2|Zacian-*|
|poke|p2|Ditto|
|poke|p2|Excadrill, M|
|poke|p2|Eternatus|
|poke|p2|Quagsire, F|
|poke|p2|Charizard, M|
|rule|Sleep Clause Mod: Limit one foe put to sleep
|rule|Species Clause: Limit one of each Pokémon
|rule|OHKO Clause: OHKO moves are banned
|rule|Evasion Moves Clause: Evasion moves are banned
|rule|Endless Battle Clause: Forcing endless battles is banned
|rule|HP Percentage Mod: HP is shown in percentages
|teampreview
|
|start
|switch|p1a: Eternatus|Eternatus|100/100
|switch|p2a: Excadrill|Excadrill, M|100/100
|-ability|p1a: Eternatus|Pressure
|-ability|p2a: Excadrill|Mold Breaker
|turn|1
|
|move|p1a: Eternatus|Flamethrower|p2a: Excadrill
|-supereffective|p2a: Excadrill
|-damage|p2a: Excadrill|22/100
|move|p2a: Excadrill|Rapid Spin|p1a: Eternatus
|-crit|p1a: Eternatus
|-damage|p1a: Eternatus|85/100
|-boost|p2a: Excadrill|spe|1
|
|upkeep
|turn|2
|
|switch|p1a: Corviknight|Corviknight, F|100/100
|-ability|p1a: Corviknight|Pressure
|move|p2a: Excadrill|Stealth Rock|p1a: Corviknight
|-sidestart|p1: ubersohneubers|move: Stealth Rock
|
|upkeep
|turn|3
|
|move|p2a: Excadrill|Iron Head|p1a: Corviknight
|-resisted|p1a: Corviknight
|-damage|p1a: Corviknight|88/100
|-damage|p2a: Excadrill|5/100|[from] item: Rocky Helmet|[of] p1a: Corviknight
|cant|p1a: Corviknight|flinch
|
|upkeep
|turn|4
|
|move|p2a: Excadrill|Iron Head|p1a: Corviknight
|-resisted|p1a: Corviknight
|-damage|p1a: Corviknight|75/100
|-damage|p2a: Excadrill|0 fnt|[from] item: Rocky Helmet|[of] p1a: Corviknight
|faint|p2a: Excadrill
|move|p1a: Corviknight|Roost|p1a: Corviknight
|-heal|p1a: Corviknight|100/100
|-singleturn|p1a: Corviknight|move: Roost
|
|upkeep
|
|switch|p2a: Charizard|Charizard, M|100/100
|turn|5
|
|switch|p1a: Eternatus|Eternatus|85/100
|-damage|p1a: Eternatus|72/100|[from] Stealth Rock
|-ability|p1a: Eternatus|Pressure
|move|p2a: Charizard|Focus Blast|p1a: Eternatus
|-resisted|p1a: Eternatus
|-damage|p1a: Eternatus|54/100
|-damage|p2a: Charizard|91/100|[from] item: Life Orb
|
|upkeep
|turn|6
|
|-start|p2a: Charizard|Dynamax
|-formechange|p2a: Charizard|Charizard-Gmax
|-heal|p2a: Charizard|91/100|[silent]
|move|p2a: Charizard|Max Airstream|p1a: Eternatus
|-damage|p1a: Eternatus|0 fnt
|-boost|p2a: Charizard|spe|1
|-damage|p2a: Charizard|86/100|[from] item: Life Orb
|faint|p1a: Eternatus
|
|upkeep
|
|switch|p1a: Dugtrio|Dugtrio, M|100/100
|-damage|p1a: Dugtrio|94/100|[from] Stealth Rock
|turn|7
|
|move|p1a: Dugtrio|Stone Edge|p2a: Charizard
|-supereffective|p2a: Charizard
|-damage|p2a: Charizard|1/100
|move|p2a: Charizard|G-Max Wildfire|p1a: Dugtrio
|-damage|p1a: Dugtrio|0 fnt
|-sidestart|p1: ubersohneubers|G-Max Wildfire
|-damage|p2a: Charizard|0 fnt|[from] item: Life Orb
|faint|p1a: Dugtrio
|faint|p2a: Charizard
|
|upkeep
|
|switch|p1a: Corviknight|Corviknight, F|100/100
|switch|p2a: Eternatus|Eternatus|100/100
|-ability|p2a: Eternatus|Pressure
|-damage|p1a: Corviknight|88/100|[from] Stealth Rock
|-ability|p1a: Corviknight|Pressure
|turn|8
|
|switch|p1a: Umbreon|Umbreon, F|100/100
|-damage|p1a: Umbreon|88/100|[from] Stealth Rock
|move|p2a: Eternatus|Substitute|p2a: Eternatus
|-start|p2a: Eternatus|Substitute
|-damage|p2a: Eternatus|76/100
|
|-heal|p2a: Eternatus|82/100|[from] item: Black Sludge
|-heal|p1a: Umbreon|94/100|[from] item: Leftovers
|-damage|p1a: Umbreon|78/100|[from] G-Max Wildfire
|upkeep
|turn|9
|
|move|p2a: Eternatus|Sludge Bomb|p1a: Umbreon
|-damage|p1a: Umbreon|52/100
|-status|p1a: Umbreon|psn
|-activate|p1a: Umbreon|ability: Synchronize
|-immune|p2a: Eternatus
|move|p1a: Umbreon|Wish|p1a: Umbreon
|
|-heal|p2a: Eternatus|88/100|[from] item: Black Sludge
|-heal|p1a: Umbreon|58/100 psn|[from] item: Leftovers
|-damage|p1a: Umbreon|46/100 psn|[from] psn
|-damage|p1a: Umbreon|29/100 psn|[from] G-Max Wildfire
|upkeep
|turn|10
|
|move|p1a: Umbreon|Protect|p1a: Umbreon
|-singleturn|p1a: Umbreon|Protect
|move|p2a: Eternatus|Flamethrower|p1a: Umbreon
|-activate|p1a: Umbreon|move: Protect
|
|-heal|p1a: Umbreon|79/100 psn|[from] move: Wish|[wisher] Umbreon
|-heal|p2a: Eternatus|94/100|[from] item: Black Sludge
|-heal|p1a: Umbreon|86/100 psn|[from] item: Leftovers
|-damage|p1a: Umbreon|73/100 psn|[from] psn
|-sideend|p1: ubersohneubers|G-Max Wildfire
|upkeep
|turn|11
|
|move|p2a: Eternatus|Flamethrower|p1a: Umbreon
|-damage|p1a: Umbreon|54/100 psn
|move|p1a: Umbreon|Wish|p1a: Umbreon
|
|-heal|p2a: Eternatus|99/100|[from] item: Black Sludge
|-heal|p1a: Umbreon|60/100 psn|[from] item: Leftovers
|-damage|p1a: Umbreon|47/100 psn|[from] psn
|upkeep
|turn|12
|
|move|p2a: Eternatus|Dynamax Cannon|p1a: Umbreon
|-damage|p1a: Umbreon|16/100 psn
|move|p1a: Umbreon|Snarl|p2a: Eternatus
|-damage|p2a: Eternatus|89/100
|-unboost|p2a: Eternatus|spa|1
|
|-heal|p1a: Umbreon|66/100 psn|[from] move: Wish|[wisher] Umbreon
|-heal|p2a: Eternatus|95/100|[from] item: Black Sludge
|-heal|p1a: Umbreon|72/100 psn|[from] item: Leftovers
|-damage|p1a: Umbreon|59/100 psn|[from] psn
|upkeep
|turn|13
|
|switch|p2a: Zacian|Zacian-Crowned|100/100
|-ability|p2a: Zacian|Intrepid Sword|boost
|-boost|p2a: Zacian|atk|1
|move|p1a: Umbreon|Wish|p1a: Umbreon
|
|-heal|p1a: Umbreon|65/100 psn|[from] item: Leftovers
|-damage|p1a: Umbreon|53/100 psn|[from] psn
|upkeep
|turn|14
|
|switch|p2a: Eternatus|Eternatus|95/100
|-ability|p2a: Eternatus|Pressure
|switch|p1a: Corviknight|Corviknight, F|88/100
|-damage|p1a: Corviknight|76/100|[from] Stealth Rock
|-ability|p1a: Corviknight|Pressure
|
|-heal|p1a: Corviknight|100/100|[from] move: Wish|[wisher] Umbreon
|-heal|p2a: Eternatus|100/100|[from] item: Black Sludge
|upkeep
|turn|15
|
|switch|p1a: Ditto|Ditto|100/100
|-damage|p1a: Ditto|88/100|[from] Stealth Rock
|-transform|p1a: Ditto|p2a: Eternatus|[from] ability: Imposter
|-ability|p1a: Ditto|Pressure
|move|p2a: Eternatus|Substitute|p2a: Eternatus
|-start|p2a: Eternatus|Substitute
|-damage|p2a: Eternatus|76/100
|
|-heal|p2a: Eternatus|82/100|[from] item: Black Sludge
|upkeep
|turn|16
|inactive|Battle timer is ON: inactive players will automatically lose when time's up. (requested by RichardPepper)
|
|switch|p1a: Umbreon|Umbreon, F|53/100 psn
|-damage|p1a: Umbreon|41/100 psn|[from] Stealth Rock
|move|p2a: Eternatus|Dynamax Cannon|p1a: Umbreon
|-damage|p1a: Umbreon|10/100 psn
|
|-heal|p2a: Eternatus|88/100|[from] item: Black Sludge
|-heal|p1a: Umbreon|16/100 psn|[from] item: Leftovers
|-damage|p1a: Umbreon|4/100 psn|[from] psn
|upkeep
|turn|17
|
|move|p2a: Eternatus|Flamethrower|p1a: Umbreon
|-damage|p1a: Umbreon|0 fnt
|faint|p1a: Umbreon
|
|-heal|p2a: Eternatus|94/100|[from] item: Black Sludge
|upkeep
|
|switch|p1a: Gothitelle|Gothitelle, F|100/100
|-damage|p1a: Gothitelle|88/100|[from] Stealth Rock
|turn|18
|
|-start|p1a: Gothitelle|Dynamax
|-heal|p1a: Gothitelle|88/100|[silent]
|move|p2a: Eternatus|Sludge Bomb|p1a: Gothitelle
|-damage|p1a: Gothitelle|70/100
|-status|p1a: Gothitelle|psn
|move|p1a: Gothitelle|Max Mindstorm|p2a: Eternatus
|-supereffective|p2a: Eternatus
|-crit|p2a: Eternatus
|-end|p2a: Eternatus|Substitute
|-fieldstart|move: Psychic Terrain
|
|-heal|p2a: Eternatus|99/100|[from] item: Black Sludge
|-damage|p1a: Gothitelle|64/100 psn|[from] psn
|upkeep
|turn|19
|
|move|p2a: Eternatus|Dynamax Cannon|p1a: Gothitelle
|-damage|p1a: Gothitelle|24/100 psn
|move|p1a: Gothitelle|Max Mindstorm|p2a: Eternatus
|-supereffective|p2a: Eternatus
|-damage|p2a: Eternatus|5/100
|
|-heal|p2a: Eternatus|11/100|[from] item: Black Sludge
|-damage|p1a: Gothitelle|18/100 psn|[from] psn
|upkeep
|turn|20
|
|move|p2a: Eternatus|Dynamax Cannon|p1a: Gothitelle
|-damage|p1a: Gothitelle|0 fnt
|faint|p1a: Gothitelle
|
|-heal|p2a: Eternatus|17/100|[from] item: Black Sludge
|upkeep
|
|switch|p1a: Ditto|Ditto|88/100
|-damage|p1a: Ditto|76/100|[from] Stealth Rock
|-transform|p1a: Ditto|p2a: Eternatus|[from] ability: Imposter
|-ability|p1a: Ditto|Pressure
|turn|21
|
|switch|p2a: Zacian|Zacian-Crowned|100/100
|-ability|p2a: Zacian|Intrepid Sword|boost
|-boost|p2a: Zacian|atk|1
|move|p1a: Ditto|Flamethrower|p2a: Zacian
|-supereffective|p2a: Zacian
|-damage|p2a: Zacian|34/100
|
|upkeep
|turn|22
|
|switch|p1a: Corviknight|Corviknight, F|100/100
|-damage|p1a: Corviknight|88/100|[from] Stealth Rock
|-ability|p1a: Corviknight|Pressure
|switch|p2a: Quagsire|Quagsire, F|100/100
|
|-fieldend|move: Psychic Terrain
|upkeep
|turn|23
|
|move|p1a: Corviknight|U-turn|p2a: Quagsire
|-damage|p2a: Quagsire|88/100
|
|switch|p1a: Ditto|Ditto|76/100|[from]move: U-turn
|-damage|p1a: Ditto|63/100|[from] Stealth Rock
|-transform|p1a: Ditto|p2a: Quagsire|[from] ability: Imposter
|move|p2a: Quagsire|Scald|p1a: Ditto
|-damage|p1a: Ditto|42/100
|
|-heal|p2a: Quagsire|94/100|[from] item: Leftovers
|upkeep
|turn|24
|
|switch|p2a: Zacian|Zacian-Crowned|34/100
|-ability|p2a: Zacian|Intrepid Sword|boost
|-boost|p2a: Zacian|atk|1
|move|p1a: Ditto|Toxic|p2a: Zacian|[miss]
|-miss|p1a: Ditto|p2a: Zacian
|
|upkeep
|turn|25
|
|switch|p2a: Eternatus|Eternatus|17/100
|-ability|p2a: Eternatus|Pressure
|switch|p1a: Corviknight|Corviknight, F|88/100
|-damage|p1a: Corviknight|76/100|[from] Stealth Rock
|-ability|p1a: Corviknight|Pressure
|
|-heal|p2a: Eternatus|23/100|[from] item: Black Sludge
|upkeep
|turn|26
|
|move|p2a: Eternatus|Flamethrower|p1a: Corviknight
|-supereffective|p1a: Corviknight
|-damage|p1a: Corviknight|10/100
|move|p1a: Corviknight|U-turn|p2a: Eternatus
|-resisted|p2a: Eternatus
|-damage|p2a: Eternatus|17/100
|
|switch|p1a: Ditto|Ditto|42/100|[from]move: U-turn
|-damage|p1a: Ditto|30/100|[from] Stealth Rock
|-transform|p1a: Ditto|p2a: Eternatus|[from] ability: Imposter
|-ability|p1a: Ditto|Pressure
|
|-heal|p2a: Eternatus|23/100|[from] item: Black Sludge
|upkeep
|turn|27
|
|switch|p2a: Zacian|Zacian-Crowned|34/100
|-ability|p2a: Zacian|Intrepid Sword|boost
|-boost|p2a: Zacian|atk|1
|move|p1a: Ditto|Dynamax Cannon|p2a: Zacian
|-immune|p2a: Zacian
|
|upkeep
|turn|28
|-message|ubersohneubers forfeited.
|
|win|RichardPepper
|l|☆ubersohneubers
|raw|ubersohneubers's rating: 1795 &rarr; <strong>1761</strong><br />(-34 for losing)
|raw|RichardPepper's rating: 1489 &rarr; <strong>1523</strong><br />(+34 for winning)
