|j|☆Repecc
|j|☆rebzdenz
|player|p1|Repecc|170|1475
|player|p2|rebzdenz|1|1448
|teamsize|p1|6
|teamsize|p2|6
|gametype|singles
|gen|8
|tier|[Gen 8] Ubers
|rated|
|clearpoke
|poke|p1|Lunala|
|poke|p1|Necrozma-Dusk-Mane|
|poke|p1|Excadrill, F|
|poke|p1|Quagsire, F|
|poke|p1|Marshadow|
|poke|p1|Zacian-Crowned|
|poke|p2|Marshadow|
|poke|p2|Ditto|
|poke|p2|Necrozma-Dusk-Mane|
|poke|p2|Zacian-Crowned|
|poke|p2|Eternatus|
|poke|p2|Lunala|
|rule|Sleep Clause Mod: Limit one foe put to sleep
|rule|Species Clause: Limit one of each Pokémon
|rule|OHKO Clause: OHKO moves are banned
|rule|Evasion Moves Clause: Evasion moves are banned
|rule|Endless Battle Clause: Forcing endless battles is banned
|rule|HP Percentage Mod: HP is shown in percentages
|html|Ubers Dynamax Clause: Pokémon on the <a href="https://www.smogon.com/dex/ss/formats/uber/">Ubers Dynamax Banlist</a> cannot Dynamax.
|teampreview
|inactive|Battle timer is ON: inactive players will automatically lose when time's up. (requested by Repecc)
|
|start
|switch|p1a: Excadrill|Excadrill, F|100/100
|switch|p2a: Lunala|Lunala|100/100
|-ability|p1a: Excadrill|Mold Breaker
|turn|1
|
|move|p1a: Excadrill|Stealth Rock|p2a: Lunala
|-sidestart|p2: rebzdenz|move: Stealth Rock
|move|p2a: Lunala|Moongeist Beam|p1a: Excadrill
|-damage|p1a: Excadrill|27/100
|
|upkeep
|turn|2
|
|move|p1a: Excadrill|Earthquake|p2a: Lunala
|-damage|p2a: Lunala|80/100
|move|p2a: Lunala|Moongeist Beam|p1a: Excadrill
|-damage|p1a: Excadrill|0 fnt
|faint|p1a: Excadrill
|
|upkeep
|
|switch|p1a: Marshadow|Marshadow|100/100
|turn|3
|
|switch|p2a: Eternatus|Eternatus|100/100
|-damage|p2a: Eternatus|88/100|[from] Stealth Rock
|-ability|p2a: Eternatus|Pressure
|move|p1a: Marshadow|Spectral Thief|p2a: Eternatus
|-damage|p2a: Eternatus|54/100
|
|-heal|p2a: Eternatus|61/100|[from] item: Leftovers
|upkeep
|turn|4
|j|+Ropalme1914
|
|switch|p1a: Zacian|Zacian-Crowned|100/100
|-ability|p1a: Zacian|Intrepid Sword|boost
|-boost|p1a: Zacian|atk|1
|move|p2a: Eternatus|Recover|p2a: Eternatus
|-heal|p2a: Eternatus|100/100
|
|upkeep
|turn|5
|
|switch|p2a: Necrozma|Necrozma-Dusk-Mane|100/100
|-damage|p2a: Necrozma|94/100|[from] Stealth Rock
|move|p1a: Zacian|Behemoth Blade|p2a: Necrozma
|-resisted|p2a: Necrozma
|-damage|p2a: Necrozma|60/100
|
|-heal|p2a: Necrozma|66/100|[from] item: Leftovers
|upkeep
|turn|6
|
|switch|p1a: Quagsire|Quagsire, F|100/100
|move|p2a: Necrozma|Earthquake|p1a: Quagsire
|-damage|p1a: Quagsire|69/100
|
|-heal|p2a: Necrozma|72/100|[from] item: Leftovers
|-heal|p1a: Quagsire|75/100|[from] item: Leftovers
|upkeep
|turn|7
|
|move|p2a: Necrozma|Stealth Rock|p1a: Quagsire
|-sidestart|p1: Repecc|move: Stealth Rock
|move|p1a: Quagsire|Scald|p2a: Necrozma
|-damage|p2a: Necrozma|57/100
|
|-heal|p2a: Necrozma|63/100|[from] item: Leftovers
|-heal|p1a: Quagsire|81/100|[from] item: Leftovers
|upkeep
|turn|8
|
|switch|p2a: Lunala|Lunala|80/100
|move|p1a: Quagsire|Scald|p2a: Lunala
|-damage|p2a: Lunala|67/100
|
|-heal|p1a: Quagsire|87/100|[from] item: Leftovers
|upkeep
|turn|9
|
|move|p2a: Lunala|Moongeist Beam|p1a: Quagsire
|-damage|p1a: Quagsire|13/100
|move|p1a: Quagsire|Toxic|p2a: Lunala
|-status|p2a: Lunala|tox
|
|-heal|p1a: Quagsire|19/100|[from] item: Leftovers
|-damage|p2a: Lunala|61/100 tox|[from] psn
|upkeep
|turn|10
|
|move|p2a: Lunala|Psychic|p1a: Quagsire
|-damage|p1a: Quagsire|0 fnt
|faint|p1a: Quagsire
|
|-damage|p2a: Lunala|49/100 tox|[from] psn
|upkeep
|
|switch|p1a: Zacian|Zacian-Crowned|100/100
|-damage|p1a: Zacian|94/100|[from] Stealth Rock
|-ability|p1a: Zacian|Intrepid Sword|boost
|-boost|p1a: Zacian|atk|1
|turn|11
|
|move|p1a: Zacian|Behemoth Blade|p2a: Lunala
|-damage|p2a: Lunala|0 fnt
|faint|p2a: Lunala
|
|upkeep
|
|switch|p2a: Ditto|Ditto|100/100
|-damage|p2a: Ditto|88/100|[from] Stealth Rock
|-transform|p2a: Ditto|p1a: Zacian|[from] ability: Imposter
|-ability|p2a: Ditto|Intrepid Sword|boost
|-boost|p2a: Ditto|atk|1
|turn|12
|
|move|p2a: Ditto|Behemoth Blade|p1a: Zacian
|-damage|p1a: Zacian|0 fnt
|faint|p1a: Zacian
|
|upkeep
|
|switch|p1a: Necrozma|Necrozma-Dusk-Mane|100/100
|-damage|p1a: Necrozma|94/100|[from] Stealth Rock
|turn|13
|
|switch|p2a: Eternatus|Eternatus|100/100
|-damage|p2a: Eternatus|88/100|[from] Stealth Rock
|-ability|p2a: Eternatus|Pressure
|move|p1a: Necrozma|Autotomize|p1a: Necrozma
|-boost|p1a: Necrozma|spe|2
|-start|p1a: Necrozma|Autotomize
|
|-heal|p2a: Eternatus|94/100|[from] item: Leftovers
|upkeep
|turn|14
|
|move|p1a: Necrozma|Photon Geyser|p2a: Eternatus
|-supereffective|p2a: Eternatus
|-crit|p2a: Eternatus
|-damage|p2a: Eternatus|0 fnt
|faint|p2a: Eternatus
|
|upkeep
|
|switch|p2a: Necrozma|Necrozma-Dusk-Mane|63/100
|-damage|p2a: Necrozma|57/100|[from] Stealth Rock
|turn|15
|
|switch|p1a: Lunala|Lunala|100/100
|move|p2a: Necrozma|Earthquake|p1a: Lunala
|-damage|p1a: Lunala|84/100
|
|-heal|p2a: Necrozma|63/100|[from] item: Leftovers
|upkeep
|turn|16
|
|move|p1a: Lunala|Moongeist Beam|p2a: Necrozma
|-supereffective|p2a: Necrozma
|-damage|p2a: Necrozma|6/100
|move|p2a: Necrozma|Photon Geyser|p1a: Lunala
|-resisted|p1a: Lunala
|-damage|p1a: Lunala|60/100
|
|-heal|p2a: Necrozma|12/100|[from] item: Leftovers
|upkeep
|turn|17
|
|move|p1a: Lunala|Roost|p1a: Lunala
|-heal|p1a: Lunala|100/100
|-singleturn|p1a: Lunala|move: Roost
|move|p2a: Necrozma|Photon Geyser|p1a: Lunala
|-resisted|p1a: Lunala
|-damage|p1a: Lunala|89/100
|
|-heal|p2a: Necrozma|18/100|[from] item: Leftovers
|upkeep
|turn|18
|
|move|p1a: Lunala|Will-O-Wisp|p2a: Necrozma
|-status|p2a: Necrozma|brn
|move|p2a: Necrozma|Sunsteel Strike|p1a: Lunala
|-damage|p1a: Lunala|63/100
|
|-heal|p2a: Necrozma|24/100 brn|[from] item: Leftovers
|-damage|p2a: Necrozma|18/100 brn|[from] brn
|upkeep
|turn|19
|
|move|p1a: Lunala|Roost|p1a: Lunala
|-heal|p1a: Lunala|100/100
|-singleturn|p1a: Lunala|move: Roost
|move|p2a: Necrozma|Sunsteel Strike|p1a: Lunala
|-damage|p1a: Lunala|89/100
|
|-heal|p2a: Necrozma|24/100 brn|[from] item: Leftovers
|-damage|p2a: Necrozma|18/100 brn|[from] brn
|upkeep
|turn|20
|
|switch|p2a: Ditto|Ditto|88/100
|-damage|p2a: Ditto|76/100|[from] Stealth Rock
|-transform|p2a: Ditto|p1a: Lunala|[from] ability: Imposter
|move|p1a: Lunala|Moongeist Beam|p2a: Ditto
|-supereffective|p2a: Ditto
|-damage|p2a: Ditto|0 fnt
|faint|p2a: Ditto
|
|upkeep
|
|switch|p2a: Marshadow|Marshadow|100/100
|-damage|p2a: Marshadow|94/100|[from] Stealth Rock
|turn|21
|
|move|p2a: Marshadow|Spectral Thief|p1a: Lunala
|-supereffective|p1a: Lunala
|-damage|p1a: Lunala|0 fnt
|-damage|p2a: Marshadow|84/100|[from] item: Life Orb
|faint|p1a: Lunala
|
|upkeep
|
|switch|p1a: Necrozma|Necrozma-Dusk-Mane|94/100
|-damage|p1a: Necrozma|88/100|[from] Stealth Rock
|turn|22
|
|switch|p2a: Necrozma|Necrozma-Dusk-Mane|18/100 brn
|-damage|p2a: Necrozma|12/100 brn|[from] Stealth Rock
|move|p1a: Necrozma|Autotomize|p1a: Necrozma
|-boost|p1a: Necrozma|spe|2
|-start|p1a: Necrozma|Autotomize
|
|-heal|p2a: Necrozma|18/100 brn|[from] item: Leftovers
|-damage|p2a: Necrozma|12/100 brn|[from] brn
|upkeep
|turn|23
|
|move|p1a: Necrozma|Earthquake|p2a: Necrozma
|-supereffective|p2a: Necrozma
|-damage|p2a: Necrozma|0 fnt
|faint|p2a: Necrozma
|
|upkeep
|-message|rebzdenz forfeited.
|
|win|Repecc
|l|☆rebzdenz
|raw|Repecc's rating: 1488 &rarr; <strong>1506</strong><br />(+18 for winning)
|raw|rebzdenz's rating: 1448 &rarr; <strong>1430</strong><br />(-18 for losing)
