|j|☆ray712
|j|☆Piplz
|player|p1|ray712|ethan|1488
|player|p2|Piplz|79|1444
|teamsize|p1|6
|teamsize|p2|6
|gametype|singles
|gen|8
|tier|[Gen 8] Ubers
|rated|
|rule|Sleep Clause Mod: Limit one foe put to sleep
|rule|Species Clause: Limit one of each Pokémon
|rule|OHKO Clause: OHKO moves are banned
|rule|Evasion Moves Clause: Evasion moves are banned
|rule|Endless Battle Clause: Forcing endless battles is banned
|rule|HP Percentage Mod: HP is shown in percentages
|clearpoke
|poke|p1|Eternatus|
|poke|p1|Mew|
|poke|p1|Tyranitar, M|
|poke|p1|Corviknight, M|
|poke|p1|Quagsire, M|
|poke|p1|Zacian-Crowned|
|poke|p2|Remoraid, F|
|poke|p2|Octillery, M|
|poke|p2|Snorunt, M|
|poke|p2|Glalie, F|
|poke|p2|Ditto|
|poke|p2|Whimsicott, L2, M|
|teampreview
|inactive|Battle timer is ON: inactive players will automatically lose when time's up. (requested by Piplz)
|
|start
|switch|p1a: Mew|Mew|100/100
|switch|p2a: Remoraid|Remoraid, F|100/100
|turn|1
|
|move|p1a: Mew|Spikes|p2a: Remoraid
|-sidestart|p2: Piplz|Spikes
|move|p2a: Remoraid|Substitute|p2a: Remoraid
|-start|p2a: Remoraid|Substitute
|-damage|p2a: Remoraid|75/100
|
|-heal|p2a: Remoraid|82/100|[from] item: Leftovers
|-ability|p2a: Remoraid|Moody|boost
|-boost|p2a: Remoraid|spa|2
|-unboost|p2a: Remoraid|def|1
|upkeep
|turn|2
|
|move|p1a: Mew|U-turn|p2a: Remoraid
|-end|p2a: Remoraid|Substitute
|
|switch|p1a: Zacian|Zacian-Crowned|100/100|[from]move: U-turn
|-ability|p1a: Zacian|Intrepid Sword|boost
|-boost|p1a: Zacian|atk|1
|move|p2a: Remoraid|Thunder Wave|p1a: Zacian
|-status|p1a: Zacian|par
|
|-heal|p2a: Remoraid|88/100|[from] item: Leftovers
|-ability|p2a: Remoraid|Moody|boost
|-boost|p2a: Remoraid|def|2
|-unboost|p2a: Remoraid|spa|1
|upkeep
|turn|3
|
|switch|p1a: Quagsire|Quagsire, M|100/100
|move|p2a: Remoraid|Protect||[still]
|-fail|p2a: Remoraid
|
|-heal|p2a: Remoraid|94/100|[from] item: Leftovers
|-ability|p2a: Remoraid|Moody|boost
|-boost|p2a: Remoraid|spd|2
|-unboost|p2a: Remoraid|spa|1
|upkeep
|turn|4
|
|move|p2a: Remoraid|Substitute|p2a: Remoraid
|-start|p2a: Remoraid|Substitute
|-damage|p2a: Remoraid|69/100
|move|p1a: Quagsire|Haze|p1a: Quagsire
|-clearallboost
|
|-heal|p2a: Remoraid|75/100|[from] item: Leftovers
|-ability|p2a: Remoraid|Moody|boost
|-boost|p2a: Remoraid|spe|2
|-unboost|p2a: Remoraid|def|1
|upkeep
|turn|5
|
|switch|p1a: Mew|Mew|100/100
|move|p2a: Remoraid|Protect||[still]
|-fail|p2a: Remoraid
|
|-heal|p2a: Remoraid|81/100|[from] item: Leftovers
|-ability|p2a: Remoraid|Moody|boost
|-boost|p2a: Remoraid|spe|2
|-unboost|p2a: Remoraid|def|1
|upkeep
|turn|6
|
|move|p2a: Remoraid|Thunder Wave|p1a: Mew|[miss]
|-miss|p2a: Remoraid|p1a: Mew
|move|p1a: Mew|Spikes|p2a: Remoraid
|-sidestart|p2: Piplz|Spikes
|
|-heal|p2a: Remoraid|87/100|[from] item: Leftovers
|-ability|p2a: Remoraid|Moody|boost
|-boost|p2a: Remoraid|spa|2
|-unboost|p2a: Remoraid|spd|1
|upkeep
|turn|7
|
|move|p2a: Remoraid|Thunder Wave|p1a: Mew
|-status|p1a: Mew|par
|-activate|p1a: Mew|ability: Synchronize
|-status|p2a: Remoraid|par
|move|p1a: Mew|Spikes|p2a: Remoraid
|-sidestart|p2: Piplz|Spikes
|
|-heal|p2a: Remoraid|93/100 par|[from] item: Leftovers
|-ability|p2a: Remoraid|Moody|boost
|-boost|p2a: Remoraid|def|2
|-unboost|p2a: Remoraid|spe|1
|upkeep
|turn|8
|
|move|p2a: Remoraid|Icy Wind|p1a: Mew
|-damage|p1a: Mew|81/100 par
|-unboost|p1a: Mew|spe|1
|move|p1a: Mew|U-turn|p2a: Remoraid
|-end|p2a: Remoraid|Substitute
|
|switch|p1a: Tyranitar|Tyranitar, M|100/100|[from]move: U-turn
|-weather|Sandstorm|[from] ability: Sand Stream|[of] p1a: Tyranitar
|
|-weather|Sandstorm|[upkeep]
|-damage|p2a: Remoraid|87/100 par|[from] Sandstorm
|-heal|p2a: Remoraid|93/100 par|[from] item: Leftovers
|-ability|p2a: Remoraid|Moody|boost
|-boost|p2a: Remoraid|spa|2
|-unboost|p2a: Remoraid|spe|1
|upkeep
|turn|9
|
|move|p2a: Remoraid|Thunder Wave|p1a: Tyranitar
|-status|p1a: Tyranitar|par
|move|p1a: Tyranitar|Stealth Rock|p2a: Remoraid
|-sidestart|p2: Piplz|move: Stealth Rock
|
|-weather|Sandstorm|[upkeep]
|-damage|p2a: Remoraid|87/100 par|[from] Sandstorm
|-heal|p2a: Remoraid|93/100 par|[from] item: Leftovers
|-ability|p2a: Remoraid|Moody|boost
|-boost|p2a: Remoraid|def|2
|-unboost|p2a: Remoraid|spd|1
|upkeep
|turn|10
|
|switch|p1a: Quagsire|Quagsire, M|100/100
|move|p2a: Remoraid|Substitute|p2a: Remoraid
|-start|p2a: Remoraid|Substitute
|-damage|p2a: Remoraid|68/100 par
|
|-weather|Sandstorm|[upkeep]
|-damage|p2a: Remoraid|62/100 par|[from] Sandstorm
|-heal|p2a: Remoraid|68/100 par|[from] item: Leftovers
|-ability|p2a: Remoraid|Moody|boost
|-boost|p2a: Remoraid|def|2
|-unboost|p2a: Remoraid|atk|1
|upkeep
|turn|11
|
|move|p2a: Remoraid|Icy Wind|p1a: Quagsire
|-damage|p1a: Quagsire|85/100
|-unboost|p1a: Quagsire|spe|1
|move|p1a: Quagsire|Haze|p1a: Quagsire
|-clearallboost
|
|-weather|Sandstorm|[upkeep]
|-damage|p2a: Remoraid|62/100 par|[from] Sandstorm
|-heal|p2a: Remoraid|68/100 par|[from] item: Leftovers
|-ability|p2a: Remoraid|Moody|boost
|-boost|p2a: Remoraid|spe|2
|-unboost|p2a: Remoraid|def|1
|upkeep
|turn|12
|
|cant|p2a: Remoraid|par
|move|p1a: Quagsire|Earthquake|p2a: Remoraid
|-end|p2a: Remoraid|Substitute
|
|-weather|none
|-heal|p2a: Remoraid|75/100 par|[from] item: Leftovers
|-ability|p2a: Remoraid|Moody|boost
|-boost|p2a: Remoraid|def|2
|-unboost|p2a: Remoraid|spa|1
|upkeep
|turn|13
|
|move|p2a: Remoraid|Protect|p2a: Remoraid
|-singleturn|p2a: Remoraid|Protect
|move|p1a: Quagsire|Earthquake|p2a: Remoraid
|-activate|p2a: Remoraid|move: Protect
|
|-heal|p2a: Remoraid|81/100 par|[from] item: Leftovers
|-ability|p2a: Remoraid|Moody|boost
|-boost|p2a: Remoraid|spe|2
|-unboost|p2a: Remoraid|def|1
|upkeep
|turn|14
|
|move|p2a: Remoraid|Substitute|p2a: Remoraid
|-start|p2a: Remoraid|Substitute
|-damage|p2a: Remoraid|56/100 par
|move|p1a: Quagsire|Haze|p1a: Quagsire
|-clearallboost
|
|-heal|p2a: Remoraid|62/100 par|[from] item: Leftovers
|-ability|p2a: Remoraid|Moody|boost
|-boost|p2a: Remoraid|spe|2
|-unboost|p2a: Remoraid|atk|1
|upkeep
|turn|15
|
|move|p2a: Remoraid|Protect|p2a: Remoraid
|-singleturn|p2a: Remoraid|Protect
|move|p1a: Quagsire|Earthquake|p2a: Remoraid
|-activate|p2a: Remoraid|move: Protect
|
|-heal|p2a: Remoraid|68/100 par|[from] item: Leftovers
|-ability|p2a: Remoraid|Moody|boost
|-boost|p2a: Remoraid|atk|2
|-unboost|p2a: Remoraid|spa|1
|upkeep
|turn|16
|
|move|p2a: Remoraid|Icy Wind|p1a: Quagsire
|-damage|p1a: Quagsire|70/100
|-unboost|p1a: Quagsire|spe|1
|move|p1a: Quagsire|Earthquake|p2a: Remoraid
|-end|p2a: Remoraid|Substitute
|
|-heal|p2a: Remoraid|74/100 par|[from] item: Leftovers
|-ability|p2a: Remoraid|Moody|boost
|-boost|p2a: Remoraid|spd|2
|-unboost|p2a: Remoraid|spa|1
|upkeep
|turn|17
|
|move|p2a: Remoraid|Substitute|p2a: Remoraid
|-start|p2a: Remoraid|Substitute
|-damage|p2a: Remoraid|49/100 par
|move|p1a: Quagsire|Recover|p1a: Quagsire
|-heal|p1a: Quagsire|100/100
|
|-heal|p2a: Remoraid|55/100 par|[from] item: Leftovers
|-ability|p2a: Remoraid|Moody|boost
|-boost|p2a: Remoraid|def|2
|-unboost|p2a: Remoraid|spa|1
|upkeep
|turn|18
|
|move|p2a: Remoraid|Icy Wind|p1a: Quagsire
|-damage|p1a: Quagsire|85/100
|-unboost|p1a: Quagsire|spe|1
|move|p1a: Quagsire|Haze|p1a: Quagsire
|-clearallboost
|
|-heal|p2a: Remoraid|61/100 par|[from] item: Leftovers
|-ability|p2a: Remoraid|Moody|boost
|-boost|p2a: Remoraid|atk|2
|-unboost|p2a: Remoraid|spa|1
|upkeep
|turn|19
|
|switch|p1a: Eternatus|Eternatus|100/100
|-ability|p1a: Eternatus|Pressure
|move|p2a: Remoraid|Protect||[still]
|-fail|p2a: Remoraid
|
|-heal|p2a: Remoraid|67/100 par|[from] item: Leftovers
|-ability|p2a: Remoraid|Moody|boost
|-boost|p2a: Remoraid|atk|2
|-unboost|p2a: Remoraid|spe|1
|upkeep
|turn|20
|
|switch|p1a: Tyranitar|Tyranitar, M|100/100 par
|-weather|Sandstorm|[from] ability: Sand Stream|[of] p1a: Tyranitar
|move|p2a: Remoraid|Thunder Wave|p1a: Tyranitar
|-fail|p1a: Tyranitar|par
|
|-weather|Sandstorm|[upkeep]
|-damage|p2a: Remoraid|61/100 par|[from] Sandstorm
|-heal|p2a: Remoraid|67/100 par|[from] item: Leftovers
|-ability|p2a: Remoraid|Moody|boost
|-boost|p2a: Remoraid|spe|2
|-unboost|p2a: Remoraid|atk|1
|upkeep
|turn|21
|
|move|p2a: Remoraid|Icy Wind|p1a: Tyranitar
|-damage|p1a: Tyranitar|97/100 par
|-unboost|p1a: Tyranitar|spe|1
|move|p1a: Tyranitar|Snarl|p2a: Remoraid
|-damage|p2a: Remoraid|0 fnt
|faint|p2a: Remoraid
|
|-weather|Sandstorm|[upkeep]
|upkeep
|
|switch|p2a: Octillery|Octillery, M|100/100
|-damage|p2a: Octillery|88/100|[from] Stealth Rock
|-damage|p2a: Octillery|63/100|[from] Spikes
|turn|22
|
|switch|p1a: Eternatus|Eternatus|100/100
|-ability|p1a: Eternatus|Pressure
|move|p2a: Octillery|Protect||[still]
|-fail|p2a: Octillery
|
|-weather|Sandstorm|[upkeep]
|-damage|p1a: Eternatus|94/100|[from] Sandstorm
|-damage|p2a: Octillery|57/100|[from] Sandstorm
|-heal|p1a: Eternatus|100/100|[from] item: Black Sludge
|-heal|p2a: Octillery|63/100|[from] item: Leftovers
|-ability|p2a: Octillery|Moody|boost
|-boost|p2a: Octillery|def|2
|-unboost|p2a: Octillery|spe|1
|upkeep
|turn|23
|
|move|p2a: Octillery|Protect|p2a: Octillery
|-singleturn|p2a: Octillery|Protect
|move|p1a: Eternatus|Dragon Tail|p2a: Octillery
|-activate|p2a: Octillery|move: Protect
|
|-weather|Sandstorm|[upkeep]
|-damage|p1a: Eternatus|94/100|[from] Sandstorm
|-damage|p2a: Octillery|57/100|[from] Sandstorm
|-heal|p1a: Eternatus|100/100|[from] item: Black Sludge
|-heal|p2a: Octillery|63/100|[from] item: Leftovers
|-ability|p2a: Octillery|Moody|boost
|-boost|p2a: Octillery|spe|2
|-unboost|p2a: Octillery|def|1
|upkeep
|turn|24
|
|move|p2a: Octillery|Substitute|p2a: Octillery
|-start|p2a: Octillery|Substitute
|-damage|p2a: Octillery|38/100
|move|p1a: Eternatus|Dragon Tail|p2a: Octillery
|-activate|p2a: Octillery|move: Substitute|[damage]
|
|-weather|none
|-heal|p2a: Octillery|45/100|[from] item: Leftovers
|-ability|p2a: Octillery|Moody|boost
|-boost|p2a: Octillery|def|2
|-unboost|p2a: Octillery|atk|1
|upkeep
|turn|25
|
|switch|p1a: Tyranitar|Tyranitar, M|97/100 par
|-weather|Sandstorm|[from] ability: Sand Stream|[of] p1a: Tyranitar
|move|p2a: Octillery|Protect||[still]
|-fail|p2a: Octillery
|
|-weather|Sandstorm|[upkeep]
|-damage|p2a: Octillery|38/100|[from] Sandstorm
|-heal|p2a: Octillery|45/100|[from] item: Leftovers
|-ability|p2a: Octillery|Moody|boost
|-boost|p2a: Octillery|spa|2
|-unboost|p2a: Octillery|atk|1
|upkeep
|turn|26
|
|move|p2a: Octillery|Protect|p2a: Octillery
|-singleturn|p2a: Octillery|Protect
|move|p1a: Tyranitar|Snarl|p2a: Octillery
|-activate|p2a: Octillery|move: Protect
|
|-weather|Sandstorm|[upkeep]
|-damage|p2a: Octillery|38/100|[from] Sandstorm
|-heal|p2a: Octillery|45/100|[from] item: Leftovers
|-ability|p2a: Octillery|Moody|boost
|-boost|p2a: Octillery|spd|2
|-unboost|p2a: Octillery|def|1
|upkeep
|turn|27
|
|move|p2a: Octillery|Surf|p1a: Tyranitar
|-supereffective|p1a: Tyranitar
|-damage|p1a: Tyranitar|41/100 par
|cant|p1a: Tyranitar|par
|
|-weather|Sandstorm|[upkeep]
|-damage|p2a: Octillery|38/100|[from] Sandstorm
|-heal|p2a: Octillery|45/100|[from] item: Leftovers
|-ability|p2a: Octillery|Moody|boost
|-boost|p2a: Octillery|atk|2
|-unboost|p2a: Octillery|spe|1
|upkeep
|turn|28
|
|switch|p1a: Eternatus|Eternatus|100/100
|-ability|p1a: Eternatus|Pressure
|move|p2a: Octillery|Surf|p1a: Eternatus
|-resisted|p1a: Eternatus
|-damage|p1a: Eternatus|77/100
|
|-weather|Sandstorm|[upkeep]
|-damage|p1a: Eternatus|71/100|[from] Sandstorm
|-damage|p2a: Octillery|38/100|[from] Sandstorm
|-heal|p1a: Eternatus|77/100|[from] item: Black Sludge
|-heal|p2a: Octillery|45/100|[from] item: Leftovers
|-ability|p2a: Octillery|Moody|boost
|-boost|p2a: Octillery|spe|2
|-unboost|p2a: Octillery|atk|1
|upkeep
|turn|29
|
|move|p2a: Octillery|Protect|p2a: Octillery
|-singleturn|p2a: Octillery|Protect
|move|p1a: Eternatus|Cosmic Power|p1a: Eternatus
|-boost|p1a: Eternatus|def|1
|-boost|p1a: Eternatus|spd|1
|
|-weather|none
|-heal|p2a: Octillery|51/100|[from] item: Leftovers
|-heal|p1a: Eternatus|83/100|[from] item: Black Sludge
|-ability|p2a: Octillery|Moody|boost
|-boost|p2a: Octillery|spa|2
|-unboost|p2a: Octillery|atk|1
|upkeep
|turn|30
|
|move|p2a: Octillery|Surf|p1a: Eternatus
|-resisted|p1a: Eternatus
|-damage|p1a: Eternatus|58/100
|move|p1a: Eternatus|Cosmic Power|p1a: Eternatus
|-boost|p1a: Eternatus|def|1
|-boost|p1a: Eternatus|spd|1
|
|-heal|p2a: Octillery|57/100|[from] item: Leftovers
|-heal|p1a: Eternatus|64/100|[from] item: Black Sludge
|-ability|p2a: Octillery|Moody|boost
|-boost|p2a: Octillery|def|2
|-unboost|p2a: Octillery|spa|1
|upkeep
|turn|31
|
|move|p2a: Octillery|Surf|p1a: Eternatus
|-resisted|p1a: Eternatus
|-damage|p1a: Eternatus|50/100
|move|p1a: Eternatus|Cosmic Power|p1a: Eternatus
|-boost|p1a: Eternatus|def|1
|-boost|p1a: Eternatus|spd|1
|
|-heal|p2a: Octillery|63/100|[from] item: Leftovers
|-heal|p1a: Eternatus|56/100|[from] item: Black Sludge
|-ability|p2a: Octillery|Moody|boost
|-boost|p2a: Octillery|def|2
|-unboost|p2a: Octillery|atk|1
|upkeep
|turn|32
|
|move|p2a: Octillery|Flamethrower|p1a: Eternatus
|-resisted|p1a: Eternatus
|-damage|p1a: Eternatus|49/100
|move|p1a: Eternatus|Recover|p1a: Eternatus
|-heal|p1a: Eternatus|99/100
|
|-heal|p2a: Octillery|69/100|[from] item: Leftovers
|-heal|p1a: Eternatus|100/100|[from] item: Black Sludge
|-ability|p2a: Octillery|Moody|boost
|-boost|p2a: Octillery|spe|2
|-unboost|p2a: Octillery|def|1
|upkeep
|turn|33
|
|move|p2a: Octillery|Flamethrower|p1a: Eternatus
|-resisted|p1a: Eternatus
|-damage|p1a: Eternatus|93/100
|move|p1a: Eternatus|Cosmic Power|p1a: Eternatus
|-boost|p1a: Eternatus|def|1
|-boost|p1a: Eternatus|spd|1
|
|-heal|p2a: Octillery|76/100|[from] item: Leftovers
|-heal|p1a: Eternatus|99/100|[from] item: Black Sludge
|-ability|p2a: Octillery|Moody|boost
|-boost|p2a: Octillery|spe|2
|-unboost|p2a: Octillery|spa|1
|upkeep
|turn|34
|
|move|p2a: Octillery|Flamethrower|p1a: Eternatus
|-resisted|p1a: Eternatus
|-damage|p1a: Eternatus|93/100
|move|p1a: Eternatus|Cosmic Power|p1a: Eternatus
|-boost|p1a: Eternatus|def|1
|-boost|p1a: Eternatus|spd|1
|
|-heal|p2a: Octillery|82/100|[from] item: Leftovers
|-heal|p1a: Eternatus|99/100|[from] item: Black Sludge
|-ability|p2a: Octillery|Moody|boost
|-boost|p2a: Octillery|def|1
|-unboost|p2a: Octillery|atk|1
|upkeep
|turn|35
|
|move|p2a: Octillery|Flamethrower|p1a: Eternatus
|-resisted|p1a: Eternatus
|-damage|p1a: Eternatus|95/100
|move|p1a: Eternatus|Cosmic Power|p1a: Eternatus
|-boost|p1a: Eternatus|def|1
|-boost|p1a: Eternatus|spd|1
|
|-heal|p2a: Octillery|88/100|[from] item: Leftovers
|-heal|p1a: Eternatus|100/100|[from] item: Black Sludge
|-ability|p2a: Octillery|Moody|boost
|-boost|p2a: Octillery|spa|2
|-unboost|p2a: Octillery|spe|1
|upkeep
|turn|36
|
|move|p2a: Octillery|Protect|p2a: Octillery
|-singleturn|p2a: Octillery|Protect
|move|p1a: Eternatus|Cosmic Power|p1a: Eternatus
|-boost|p1a: Eternatus|def|0
|-boost|p1a: Eternatus|spd|0
|
|-heal|p2a: Octillery|94/100|[from] item: Leftovers
|-ability|p2a: Octillery|Moody|boost
|-boost|p2a: Octillery|atk|2
|-unboost|p2a: Octillery|spa|1
|upkeep
|turn|37
|
|move|p2a: Octillery|Flamethrower|p1a: Eternatus
|-resisted|p1a: Eternatus
|-damage|p1a: Eternatus|95/100
|move|p1a: Eternatus|Flamethrower|p2a: Octillery
|-resisted|p2a: Octillery
|-activate|p2a: Octillery|move: Substitute|[damage]
|
|-heal|p2a: Octillery|100/100|[from] item: Leftovers
|-heal|p1a: Eternatus|100/100|[from] item: Black Sludge
|-ability|p2a: Octillery|Moody|boost
|-boost|p2a: Octillery|spd|2
|-unboost|p2a: Octillery|atk|1
|upkeep
|turn|38
|
|move|p2a: Octillery|Flamethrower|p1a: Eternatus
|-resisted|p1a: Eternatus
|-damage|p1a: Eternatus|96/100
|move|p1a: Eternatus|Flamethrower|p2a: Octillery
|-resisted|p2a: Octillery
|-end|p2a: Octillery|Substitute
|
|-heal|p1a: Eternatus|100/100|[from] item: Black Sludge
|-ability|p2a: Octillery|Moody|boost
|-boost|p2a: Octillery|spe|1
|-unboost|p2a: Octillery|def|1
|upkeep
|turn|39
|
|move|p2a: Octillery|Substitute|p2a: Octillery
|-start|p2a: Octillery|Substitute
|-damage|p2a: Octillery|76/100
|move|p1a: Eternatus|Dragon Tail|p2a: Octillery|[miss]
|-miss|p1a: Eternatus|p2a: Octillery
|
|-heal|p2a: Octillery|82/100|[from] item: Leftovers
|-ability|p2a: Octillery|Moody|boost
|-boost|p2a: Octillery|atk|2
|-unboost|p2a: Octillery|spe|1
|upkeep
|turn|40
|
|move|p2a: Octillery|Protect|p2a: Octillery
|-singleturn|p2a: Octillery|Protect
|move|p1a: Eternatus|Flamethrower|p2a: Octillery
|-activate|p2a: Octillery|move: Protect
|
|-heal|p2a: Octillery|88/100|[from] item: Leftovers
|-ability|p2a: Octillery|Moody|boost
|-boost|p2a: Octillery|spd|2
|-unboost|p2a: Octillery|def|1
|upkeep
|turn|41
|
|move|p2a: Octillery|Flamethrower|p1a: Eternatus
|-resisted|p1a: Eternatus
|-damage|p1a: Eternatus|96/100
|move|p1a: Eternatus|Flamethrower|p2a: Octillery
|-resisted|p2a: Octillery
|-activate|p2a: Octillery|move: Substitute|[damage]
|
|-heal|p2a: Octillery|94/100|[from] item: Leftovers
|-heal|p1a: Eternatus|100/100|[from] item: Black Sludge
|-ability|p2a: Octillery|Moody|boost
|-boost|p2a: Octillery|atk|2
|-unboost|p2a: Octillery|spd|1
|upkeep
|turn|42
|
|move|p2a: Octillery|Flamethrower|p1a: Eternatus
|-resisted|p1a: Eternatus
|-damage|p1a: Eternatus|96/100
|move|p1a: Eternatus|Cosmic Power|p1a: Eternatus
|-boost|p1a: Eternatus|def|0
|-boost|p1a: Eternatus|spd|0
|
|-heal|p2a: Octillery|100/100|[from] item: Leftovers
|-heal|p1a: Eternatus|100/100|[from] item: Black Sludge
|-ability|p2a: Octillery|Moody|boost
|-boost|p2a: Octillery|def|2
|-unboost|p2a: Octillery|spa|1
|upkeep
|turn|43
|
|move|p2a: Octillery|Flamethrower|p1a: Eternatus
|-resisted|p1a: Eternatus
|-damage|p1a: Eternatus|97/100
|move|p1a: Eternatus|Cosmic Power|p1a: Eternatus
|-boost|p1a: Eternatus|def|0
|-boost|p1a: Eternatus|spd|0
|
|-heal|p1a: Eternatus|100/100|[from] item: Black Sludge
|-ability|p2a: Octillery|Moody|boost
|-boost|p2a: Octillery|spa|2
|-unboost|p2a: Octillery|def|1
|upkeep
|turn|44
|
|move|p2a: Octillery|Flamethrower|p1a: Eternatus
|-resisted|p1a: Eternatus
|-damage|p1a: Eternatus|94/100
|move|p1a: Eternatus|Cosmic Power|p1a: Eternatus
|-boost|p1a: Eternatus|def|0
|-boost|p1a: Eternatus|spd|0
|
|-heal|p1a: Eternatus|99/100|[from] item: Black Sludge
|-ability|p2a: Octillery|Moody|boost
|-boost|p2a: Octillery|spe|1
|-unboost|p2a: Octillery|spd|1
|upkeep
|turn|45
|
|move|p2a: Octillery|Flamethrower|p1a: Eternatus
|-resisted|p1a: Eternatus
|-damage|p1a: Eternatus|95/100
|move|p1a: Eternatus|Cosmic Power|p1a: Eternatus
|-boost|p1a: Eternatus|def|0
|-boost|p1a: Eternatus|spd|0
|
|-heal|p1a: Eternatus|100/100|[from] item: Black Sludge
|-ability|p2a: Octillery|Moody|boost
|-boost|p2a: Octillery|atk|2
|-unboost|p2a: Octillery|spe|1
|upkeep
|turn|46
|
|move|p2a: Octillery|Flamethrower|p1a: Eternatus
|-resisted|p1a: Eternatus
|-damage|p1a: Eternatus|94/100
|move|p1a: Eternatus|Flamethrower|p2a: Octillery
|-resisted|p2a: Octillery
|-activate|p2a: Octillery|move: Substitute|[damage]
|
|-heal|p1a: Eternatus|100/100|[from] item: Black Sludge
|-ability|p2a: Octillery|Moody|boost
|-boost|p2a: Octillery|def|1
|-unboost|p2a: Octillery|spd|1
|upkeep
|turn|47
|
|move|p2a: Octillery|Surf|p1a: Eternatus
|-resisted|p1a: Eternatus
|-damage|p1a: Eternatus|92/100
|move|p1a: Eternatus|Cosmic Power|p1a: Eternatus
|-boost|p1a: Eternatus|def|0
|-boost|p1a: Eternatus|spd|0
|
|-heal|p1a: Eternatus|98/100|[from] item: Black Sludge
|-ability|p2a: Octillery|Moody|boost
|-boost|p2a: Octillery|spa|2
|-unboost|p2a: Octillery|spd|1
|upkeep
|turn|48
|
|move|p2a: Octillery|Surf|p1a: Eternatus
|-resisted|p1a: Eternatus
|-damage|p1a: Eternatus|86/100
|move|p1a: Eternatus|Cosmic Power|p1a: Eternatus
|-boost|p1a: Eternatus|def|0
|-boost|p1a: Eternatus|spd|0
|
|-heal|p1a: Eternatus|92/100|[from] item: Black Sludge
|-ability|p2a: Octillery|Moody|boost
|-boost|p2a: Octillery|atk|2
|-unboost|p2a: Octillery|def|1
|upkeep
|turn|49
|
|move|p2a: Octillery|Surf|p1a: Eternatus
|-resisted|p1a: Eternatus
|-damage|p1a: Eternatus|81/100
|move|p1a: Eternatus|Cosmic Power|p1a: Eternatus
|-boost|p1a: Eternatus|def|0
|-boost|p1a: Eternatus|spd|0
|
|-heal|p1a: Eternatus|87/100|[from] item: Black Sludge
|-ability|p2a: Octillery|Moody|boost
|-boost|p2a: Octillery|spe|1
|-unboost|p2a: Octillery|atk|1
|upkeep
|turn|50
|
|move|p2a: Octillery|Surf|p1a: Eternatus
|-resisted|p1a: Eternatus
|-damage|p1a: Eternatus|75/100
|move|p1a: Eternatus|Recover|p1a: Eternatus
|-heal|p1a: Eternatus|100/100
|
|-ability|p2a: Octillery|Moody|boost
|-boost|p2a: Octillery|def|1
|-unboost|p2a: Octillery|spd|1
|upkeep
|turn|51
|
|move|p2a: Octillery|Surf|p1a: Eternatus
|-resisted|p1a: Eternatus
|-damage|p1a: Eternatus|88/100
|move|p1a: Eternatus|Cosmic Power|p1a: Eternatus
|-boost|p1a: Eternatus|def|0
|-boost|p1a: Eternatus|spd|0
|
|-heal|p1a: Eternatus|94/100|[from] item: Black Sludge
|-ability|p2a: Octillery|Moody|boost
|-boost|p2a: Octillery|atk|2
|-unboost|p2a: Octillery|spa|1
|upkeep
|turn|52
|
|move|p2a: Octillery|Surf|p1a: Eternatus
|-resisted|p1a: Eternatus
|-damage|p1a: Eternatus|83/100
|move|p1a: Eternatus|Recover|p1a: Eternatus
|-heal|p1a: Eternatus|100/100
|
|-ability|p2a: Octillery|Moody|boost
|-boost|p2a: Octillery|spa|1
|-unboost|p2a: Octillery|spd|1
|upkeep
|turn|53
|
|move|p2a: Octillery|Surf|p1a: Eternatus
|-resisted|p1a: Eternatus
|-damage|p1a: Eternatus|88/100
|move|p1a: Eternatus|Recover|p1a: Eternatus
|-heal|p1a: Eternatus|100/100
|
|-ability|p2a: Octillery|Moody|boost
|-boost|p2a: Octillery|spd|2
|-unboost|p2a: Octillery|atk|1
|upkeep
|turn|54
|
|move|p2a: Octillery|Surf|p1a: Eternatus
|-resisted|p1a: Eternatus
|-damage|p1a: Eternatus|89/100
|move|p1a: Eternatus|Recover|p1a: Eternatus
|-heal|p1a: Eternatus|100/100
|
|-ability|p2a: Octillery|Moody|boost
|-boost|p2a: Octillery|atk|1
|-unboost|p2a: Octillery|spa|1
|upkeep
|turn|55
|
|move|p2a: Octillery|Surf|p1a: Eternatus
|-resisted|p1a: Eternatus
|-damage|p1a: Eternatus|89/100
|move|p1a: Eternatus|Recover|p1a: Eternatus
|-heal|p1a: Eternatus|100/100
|
|-ability|p2a: Octillery|Moody|boost
|-boost|p2a: Octillery|spa|1
|-unboost|p2a: Octillery|spd|1
|upkeep
|turn|56
|
|move|p2a: Octillery|Substitute|p2a: Octillery
|-fail|p2a: Octillery|move: Substitute
|move|p1a: Eternatus|Cosmic Power|p1a: Eternatus
|-boost|p1a: Eternatus|def|0
|-boost|p1a: Eternatus|spd|0
|
|-ability|p2a: Octillery|Moody|boost
|-boost|p2a: Octillery|spd|2
|-unboost|p2a: Octillery|def|1
|upkeep
|turn|57
|
|switch|p1a: Quagsire|Quagsire, M|85/100
|move|p2a: Octillery|Substitute|p2a: Octillery
|-fail|p2a: Octillery|move: Substitute
|
|-ability|p2a: Octillery|Moody|boost
|-boost|p2a: Octillery|spd|2
|-unboost|p2a: Octillery|def|1
|upkeep
|turn|58
|
|move|p2a: Octillery|Substitute|p2a: Octillery
|-fail|p2a: Octillery|move: Substitute
|move|p1a: Quagsire|Haze|p1a: Quagsire
|-clearallboost
|
|-ability|p2a: Octillery|Moody|boost
|-boost|p2a: Octillery|def|2
|-unboost|p2a: Octillery|spa|1
|upkeep
|turn|59
|
|switch|p1a: Mew|Mew|81/100 par
|move|p2a: Octillery|Substitute|p2a: Octillery
|-fail|p2a: Octillery|move: Substitute
|
|-heal|p1a: Mew|87/100 par|[from] item: Leftovers
|-ability|p2a: Octillery|Moody|boost
|-boost|p2a: Octillery|spa|2
|-unboost|p2a: Octillery|spe|1
|upkeep
|turn|60
|
|move|p2a: Octillery|Substitute|p2a: Octillery
|-fail|p2a: Octillery|move: Substitute
|move|p1a: Mew|Rest|p1a: Mew
|-status|p1a: Mew|slp|[from] move: Rest
|-heal|p1a: Mew|100/100 slp|[silent]
|
|-ability|p2a: Octillery|Moody|boost
|-boost|p2a: Octillery|spe|2
|-unboost|p2a: Octillery|spd|1
|upkeep
|turn|61
|
|switch|p1a: Tyranitar|Tyranitar, M|41/100 par
|-weather|Sandstorm|[from] ability: Sand Stream|[of] p1a: Tyranitar
|move|p2a: Octillery|Substitute|p2a: Octillery
|-fail|p2a: Octillery|move: Substitute
|
|-weather|Sandstorm|[upkeep]
|-damage|p2a: Octillery|94/100|[from] Sandstorm
|-heal|p2a: Octillery|100/100|[from] item: Leftovers
|-ability|p2a: Octillery|Moody|boost
|-boost|p2a: Octillery|spe|2
|-unboost|p2a: Octillery|spd|1
|upkeep
|turn|62
|
|move|p2a: Octillery|Protect|p2a: Octillery
|-singleturn|p2a: Octillery|Protect
|move|p1a: Tyranitar|Rest|p1a: Tyranitar
|-status|p1a: Tyranitar|slp|[from] move: Rest
|-heal|p1a: Tyranitar|100/100 slp|[silent]
|
|-weather|Sandstorm|[upkeep]
|-damage|p2a: Octillery|94/100|[from] Sandstorm
|-heal|p2a: Octillery|100/100|[from] item: Leftovers
|-ability|p2a: Octillery|Moody|boost
|-boost|p2a: Octillery|atk|2
|-unboost|p2a: Octillery|spa|1
|upkeep
|turn|63
|
|switch|p2a: Snorunt|Snorunt, M|100/100
|-damage|p2a: Snorunt|75/100|[from] Stealth Rock
|-damage|p2a: Snorunt|50/100|[from] Spikes
|cant|p1a: Tyranitar|slp
|
|-weather|Sandstorm|[upkeep]
|-damage|p2a: Snorunt|44/100|[from] Sandstorm
|-heal|p2a: Snorunt|50/100|[from] item: Leftovers
|-ability|p2a: Snorunt|Moody|boost
|-boost|p2a: Snorunt|spe|2
|-unboost|p2a: Snorunt|spd|1
|upkeep
|turn|64
|
|move|p2a: Snorunt|Icy Wind|p1a: Tyranitar
|-damage|p1a: Tyranitar|96/100 slp
|-unboost|p1a: Tyranitar|spe|1
|cant|p1a: Tyranitar|slp
|
|-weather|Sandstorm|[upkeep]
|-damage|p2a: Snorunt|44/100|[from] Sandstorm
|-heal|p2a: Snorunt|50/100|[from] item: Leftovers
|-ability|p2a: Snorunt|Moody|boost
|-boost|p2a: Snorunt|spe|2
|-unboost|p2a: Snorunt|spa|1
|upkeep
|turn|65
|
|move|p2a: Snorunt|Protect|p2a: Snorunt
|-singleturn|p2a: Snorunt|Protect
|-curestatus|p1a: Tyranitar|slp|[msg]
|move|p1a: Tyranitar|Snarl|p2a: Snorunt
|-activate|p2a: Snorunt|move: Protect
|
|-weather|none
|-heal|p2a: Snorunt|57/100|[from] item: Leftovers
|-ability|p2a: Snorunt|Moody|boost
|-boost|p2a: Snorunt|spe|2
|-unboost|p2a: Snorunt|spa|1
|upkeep
|turn|66
|
|move|p2a: Snorunt|Disable|p1a: Tyranitar
|-start|p1a: Tyranitar|Disable|Snarl
|cant|p1a: Tyranitar|Disable|Snarl
|
|-heal|p2a: Snorunt|63/100|[from] item: Leftovers
|-ability|p2a: Snorunt|Moody|boost
|-boost|p2a: Snorunt|spa|2
|-unboost|p2a: Snorunt|def|1
|upkeep
|turn|67
|
|move|p2a: Snorunt|Substitute|p2a: Snorunt
|-start|p2a: Snorunt|Substitute
|-damage|p2a: Snorunt|38/100
|move|p1a: Tyranitar|Earthquake|p2a: Snorunt
|-crit|p2a: Snorunt
|-end|p2a: Snorunt|Substitute
|
|-heal|p2a: Snorunt|44/100|[from] item: Leftovers
|-ability|p2a: Snorunt|Moody|boost
|-boost|p2a: Snorunt|atk|2
|-unboost|p2a: Snorunt|spd|1
|upkeep
|turn|68
|
|switch|p1a: Eternatus|Eternatus|100/100
|-ability|p1a: Eternatus|Pressure
|move|p2a: Snorunt|Protect||[still]
|-fail|p2a: Snorunt
|
|-heal|p2a: Snorunt|50/100|[from] item: Leftovers
|-ability|p2a: Snorunt|Moody|boost
|-boost|p2a: Snorunt|spa|2
|-unboost|p2a: Snorunt|spe|1
|upkeep
|turn|69
|
|move|p2a: Snorunt|Icy Wind|p1a: Eternatus
|-supereffective|p1a: Eternatus
|-damage|p1a: Eternatus|69/100
|-unboost|p1a: Eternatus|spe|1
|move|p1a: Eternatus|Flamethrower|p2a: Snorunt
|-supereffective|p2a: Snorunt
|-damage|p2a: Snorunt|0 fnt
|faint|p2a: Snorunt
|
|-heal|p1a: Eternatus|75/100|[from] item: Black Sludge
|upkeep
|
|switch|p2a: Glalie|Glalie, F|100/100
|-damage|p2a: Glalie|75/100|[from] Spikes
|-damage|p2a: Glalie|50/100|[from] Stealth Rock
|turn|70
|
|switch|p1a: Tyranitar|Tyranitar, M|96/100
|-weather|Sandstorm|[from] ability: Sand Stream|[of] p1a: Tyranitar
|move|p2a: Glalie|Protect||[still]
|-fail|p2a: Glalie
|
|-weather|Sandstorm|[upkeep]
|-damage|p2a: Glalie|44/100|[from] Sandstorm
|-heal|p2a: Glalie|50/100|[from] item: Leftovers
|-ability|p2a: Glalie|Moody|boost
|-boost|p2a: Glalie|spa|2
|-unboost|p2a: Glalie|def|1
|upkeep
|turn|71
|j| SteelHeart69
|
|move|p2a: Glalie|Protect|p2a: Glalie
|-singleturn|p2a: Glalie|Protect
|move|p1a: Tyranitar|Earthquake|p2a: Glalie
|-activate|p2a: Glalie|move: Protect
|
|-weather|Sandstorm|[upkeep]
|-damage|p2a: Glalie|44/100|[from] Sandstorm
|-heal|p2a: Glalie|50/100|[from] item: Leftovers
|-ability|p2a: Glalie|Moody|boost
|-boost|p2a: Glalie|atk|2
|-unboost|p2a: Glalie|spe|1
|upkeep
|turn|72
|
|move|p2a: Glalie|Disable|p1a: Tyranitar
|-start|p1a: Tyranitar|Disable|Earthquake
|move|p1a: Tyranitar|Snarl|p2a: Glalie
|-damage|p2a: Glalie|28/100
|-unboost|p2a: Glalie|spa|1
|
|-weather|Sandstorm|[upkeep]
|-damage|p2a: Glalie|22/100|[from] Sandstorm
|-heal|p2a: Glalie|28/100|[from] item: Leftovers
|-ability|p2a: Glalie|Moody|boost
|-boost|p2a: Glalie|atk|2
|-unboost|p2a: Glalie|spa|1
|upkeep
|turn|73
|
|move|p2a: Glalie|Protect|p2a: Glalie
|-singleturn|p2a: Glalie|Protect
|move|p1a: Tyranitar|Snarl|p2a: Glalie
|-activate|p2a: Glalie|move: Protect
|
|-weather|Sandstorm|[upkeep]
|-damage|p2a: Glalie|22/100|[from] Sandstorm
|-heal|p2a: Glalie|28/100|[from] item: Leftovers
|-ability|p2a: Glalie|Moody|boost
|-boost|p2a: Glalie|spa|2
|-unboost|p2a: Glalie|atk|1
|upkeep
|turn|74
|
|move|p2a: Glalie|Freeze-Dry|p1a: Tyranitar
|-damage|p1a: Tyranitar|81/100
|move|p1a: Tyranitar|Snarl|p2a: Glalie
|-damage|p2a: Glalie|6/100
|-unboost|p2a: Glalie|spa|1
|
|-weather|none
|-heal|p2a: Glalie|12/100|[from] item: Leftovers
|-ability|p2a: Glalie|Moody|boost
|-boost|p2a: Glalie|atk|2
|-unboost|p2a: Glalie|spa|1
|upkeep
|turn|75
|
|move|p2a: Glalie|Protect|p2a: Glalie
|-singleturn|p2a: Glalie|Protect
|move|p1a: Tyranitar|Snarl|p2a: Glalie
|-activate|p2a: Glalie|move: Protect
|
|-heal|p2a: Glalie|18/100|[from] item: Leftovers
|-end|p1a: Tyranitar|Disable
|-ability|p2a: Glalie|Moody|boost
|-boost|p2a: Glalie|def|2
|-unboost|p2a: Glalie|spd|1
|upkeep
|turn|76
|
|move|p2a: Glalie|Freeze-Dry|p1a: Tyranitar
|-damage|p1a: Tyranitar|69/100
|move|p1a: Tyranitar|Earthquake|p2a: Glalie
|-damage|p2a: Glalie|0 fnt
|faint|p2a: Glalie
|
|upkeep
|
|switch|p2a: Ditto|Ditto|100/100
|-damage|p2a: Ditto|75/100|[from] Spikes
|-damage|p2a: Ditto|63/100|[from] Stealth Rock
|-transform|p2a: Ditto|p1a: Tyranitar|[from] ability: Imposter
|-weather|Sandstorm|[from] ability: Sand Stream|[of] p2a: Ditto
|turn|77
|
|switch|p1a: Corviknight|Corviknight, M|100/100
|-ability|p1a: Corviknight|Pressure
|move|p2a: Ditto|Stealth Rock|p1a: Corviknight
|-sidestart|p1: ray712|move: Stealth Rock
|
|-weather|Sandstorm|[upkeep]
|upkeep
|turn|78
|
|switch|p2a: Octillery|Octillery, M|100/100
|-damage|p2a: Octillery|88/100|[from] Stealth Rock
|-damage|p2a: Octillery|63/100|[from] Spikes
|move|p1a: Corviknight|Body Press|p2a: Octillery
|-damage|p2a: Octillery|32/100
|
|-weather|Sandstorm|[upkeep]
|-damage|p2a: Octillery|26/100|[from] Sandstorm
|-heal|p2a: Octillery|32/100|[from] item: Leftovers
|-ability|p2a: Octillery|Moody|boost
|-boost|p2a: Octillery|def|2
|-unboost|p2a: Octillery|atk|1
|upkeep
|turn|79
|
|switch|p1a: Tyranitar|Tyranitar, M|69/100
|-damage|p1a: Tyranitar|57/100|[from] Stealth Rock
|move|p2a: Octillery|Protect||[still]
|-fail|p2a: Octillery
|
|-weather|Sandstorm|[upkeep]
|-damage|p2a: Octillery|26/100|[from] Sandstorm
|-heal|p2a: Octillery|32/100|[from] item: Leftovers
|-ability|p2a: Octillery|Moody|boost
|-boost|p2a: Octillery|spa|2
|-unboost|p2a: Octillery|spe|1
|upkeep
|turn|80
|-message|Piplz forfeited.
|
|win|ray712
|l|☆Piplz
|raw|ray712's rating: 1488 &rarr; <strong>1505</strong><br />(+17 for winning)
|raw|Piplz's rating: 1444 &rarr; <strong>1427</strong><br />(-17 for losing)
|c|☆ray712|lololol
|l|☆ray712
|l| SteelHeart69
