|j|☆PPManUltra
|j|☆Na-K-ATPase
|t:|1603508905
|player|p1|PPManUltra|furisodegirl-black|
|player|p2|Na-K-ATPase|101|
|teamsize|p1|6
|teamsize|p2|6
|gametype|singles
|gen|8
|tier|[Gen 8] Ubers
|rated|Tournament battle
|clearpoke
|poke|p1|Calyrex-Shadow|
|poke|p1|Tyranitar, M|
|poke|p1|Rayquaza|
|poke|p1|Ho-Oh|
|poke|p1|Necrozma-Dusk-Mane|
|poke|p1|Quagsire, F|
|poke|p2|Necrozma-Dusk-Mane|
|poke|p2|Regieleki|
|poke|p2|Xerneas|
|poke|p2|Calyrex-Shadow|
|poke|p2|Ditto|
|poke|p2|Dugtrio, M|
|rule|Sleep Clause Mod: Limit one foe put to sleep
|rule|Species Clause: Limit one of each Pokémon
|rule|OHKO Clause: OHKO moves are banned
|rule|Evasion Moves Clause: Evasion moves are banned
|rule|Endless Battle Clause: Forcing endless battles is banned
|rule|HP Percentage Mod: HP is shown in percentages
|teampreview
|c|☆PPManUltra|gl hf
|inactive|Battle timer is ON: inactive players will automatically lose when time's up. (requested by Na-K-ATPase)
|c|☆Na-K-ATPase|gl
|j| Mega zygarde-100%
|
|t:|1603508931
|start
|switch|p1a: Tyranitar|Tyranitar, M|100/100
|switch|p2a: Dugtrio|Dugtrio, M|100/100
|-weather|Sandstorm|[from] ability: Sand Stream|[of] p1a: Tyranitar
|turn|1
|
|t:|1603508934
|move|p2a: Dugtrio|Toxic|p1a: Tyranitar|[miss]
|-miss|p2a: Dugtrio|p1a: Tyranitar
|move|p1a: Tyranitar|Crunch|p2a: Dugtrio
|-damage|p2a: Dugtrio|19/100
|
|-weather|Sandstorm|[upkeep]
|upkeep
|turn|2
|
|t:|1603508941
|move|p2a: Dugtrio|Stealth Rock|p1a: Tyranitar
|-sidestart|p1: PPManUltra|move: Stealth Rock
|move|p1a: Tyranitar|Crunch|p2a: Dugtrio
|-damage|p2a: Dugtrio|0 fnt
|faint|p2a: Dugtrio
|
|-weather|Sandstorm|[upkeep]
|upkeep
|j| Lost Thoughts
|j|%shrang
|
|t:|1603508961
|switch|p2a: Xerneas|Xerneas|100/100
|-ability|p2a: Xerneas|Fairy Aura
|turn|3
|
|t:|1603508963
|move|p2a: Xerneas|Moonblast|p1a: Tyranitar
|-supereffective|p1a: Tyranitar
|-damage|p1a: Tyranitar|38/100
|move|p1a: Tyranitar|Thunder Wave|p2a: Xerneas
|-status|p2a: Xerneas|par
|
|-weather|Sandstorm|[upkeep]
|-damage|p2a: Xerneas|94/100 par|[from] Sandstorm
|-heal|p1a: Tyranitar|44/100|[from] item: Leftovers
|upkeep
|turn|4
|
|t:|1603508968
|switch|p1a: Necrozma|Necrozma-Dusk-Mane|100/100
|-damage|p1a: Necrozma|94/100|[from] Stealth Rock
|cant|p2a: Xerneas|par
|
|-weather|Sandstorm|[upkeep]
|-damage|p2a: Xerneas|88/100 par|[from] Sandstorm
|upkeep
|turn|5
|
|t:|1603508972
|switch|p2a: Regieleki|Regieleki|100/100
|move|p1a: Necrozma|Sunsteel Strike|p2a: Regieleki
|-resisted|p2a: Regieleki
|-damage|p2a: Regieleki|31/100
|
|-weather|none
|upkeep
|turn|6
|
|t:|1603508977
|switch|p1a: Quagsire|Quagsire, F, shiny|100/100
|-damage|p1a: Quagsire|94/100|[from] Stealth Rock
|move|p2a: Regieleki|Explosion|p1a: Quagsire
|-damage|p1a: Quagsire|53/100
|faint|p2a: Regieleki
|
|-heal|p1a: Quagsire|59/100|[from] item: Leftovers
|upkeep
|
|t:|1603508980
|switch|p2a: Calyrex|Calyrex-Shadow|100/100
|-ability|p2a: Calyrex|Unnerve|p1: PPManUltra
|turn|7
|
|t:|1603508984
|switch|p1a: Tyranitar|Tyranitar, M|44/100
|-damage|p1a: Tyranitar|31/100|[from] Stealth Rock
|-weather|Sandstorm|[from] ability: Sand Stream|[of] p1a: Tyranitar
|-start|p2a: Calyrex|Dynamax
|-heal|p2a: Calyrex|100/100|[silent]
|move|p2a: Calyrex|Max Starfall|p1a: Tyranitar
|-supereffective|p1a: Tyranitar
|-damage|p1a: Tyranitar|0 fnt
|-fieldstart|move: Misty Terrain
|-damage|p2a: Calyrex|96/100|[from] item: Life Orb
|faint|p1a: Tyranitar
|-ability|p2a: Calyrex|Grim Neigh
|-boost|p2a: Calyrex|spa|1
|
|-weather|Sandstorm|[upkeep]
|-damage|p2a: Calyrex|92/100|[from] Sandstorm
|upkeep
|c|%shrang|lol what a dogshit mon
|j| Crown Tundra Ubers
|c| Mega zygarde-100%|Eleki
|j|%TrueNora
|inactive|PPManUltra has 120 seconds left.
|c| Mega zygarde-100%|Pure shir
|j| faisal shourov
|c| Mega zygarde-100%|Shit
|inactive|PPManUltra has 90 seconds left.
|
|t:|1603509052
|switch|p1a: Ho-Oh|Ho-Oh|100/100
|turn|8
|
|t:|1603509057
|move|p2a: Calyrex|Max Mindstorm|p1a: Ho-Oh
|-damage|p1a: Ho-Oh|21/100
|-fieldstart|move: Psychic Terrain
|-damage|p2a: Calyrex|87/100|[from] item: Life Orb
|move|p1a: Ho-Oh|Sacred Fire|p2a: Calyrex
|-damage|p2a: Calyrex|61/100
|-status|p2a: Calyrex|brn
|
|-weather|Sandstorm|[upkeep]
|-damage|p2a: Calyrex|58/100 brn|[from] Sandstorm
|-damage|p1a: Ho-Oh|15/100|[from] Sandstorm
|-damage|p2a: Calyrex|55/100 brn|[from] brn
|upkeep
|turn|9
|
|t:|1603509061
|switch|p1a: Quagsire|Quagsire, F, shiny|59/100
|-damage|p1a: Quagsire|53/100|[from] Stealth Rock
|move|p2a: Calyrex|Max Phantasm|p1a: Quagsire
|-damage|p1a: Quagsire|0 fnt
|-damage|p2a: Calyrex|50/100 brn|[from] item: Life Orb
|faint|p1a: Quagsire
|-ability|p2a: Calyrex|Grim Neigh
|-boost|p2a: Calyrex|spa|1
|
|-weather|Sandstorm|[upkeep]
|-damage|p2a: Calyrex|47/100 brn|[from] Sandstorm
|-damage|p2a: Calyrex|44/100 brn|[from] brn
|-end|p2a: Calyrex|Dynamax
|-heal|p2a: Calyrex|44/100 brn|[silent]
|upkeep
|
|t:|1603509068
|switch|p1a: Calyrex|Calyrex-Shadow|100/100
|-ability|p1a: Calyrex|Unnerve|p2: Na-K-ATPase
|-damage|p1a: Calyrex|88/100|[from] Stealth Rock
|turn|10
|l| Lost Thoughts
|
|t:|1603509076
|move|p1a: Calyrex|Astral Barrage|p2a: Calyrex
|-supereffective|p2a: Calyrex
|-damage|p2a: Calyrex|0 fnt
|faint|p2a: Calyrex
|-ability|p1a: Calyrex|Grim Neigh
|-boost|p1a: Calyrex|spa|1
|
|-weather|Sandstorm|[upkeep]
|-damage|p1a: Calyrex|82/100|[from] Sandstorm
|upkeep
|
|t:|1603509079
|switch|p2a: Ditto|Ditto|100/100
|-transform|p2a: Ditto|p1a: Calyrex|[from] ability: Imposter
|turn|11
|
|t:|1603509081
|move|p1a: Calyrex|Astral Barrage|p2a: Ditto
|-supereffective|p2a: Ditto
|-damage|p2a: Ditto|0 fnt
|faint|p2a: Ditto
|-ability|p1a: Calyrex|Grim Neigh
|-boost|p1a: Calyrex|spa|1
|
|-weather|none
|upkeep
|c|☆Na-K-ATPase|okayy
|c|☆Na-K-ATPase|gg
|
|t:|1603509089
|switch|p2a: Necrozma|Necrozma-Dusk-Mane|100/100
|turn|12
|
|t:|1603509095
|-start|p1a: Calyrex|Dynamax
|-heal|p1a: Calyrex|82/100|[silent]
|move|p1a: Calyrex|Max Phantasm|p2a: Necrozma
|-supereffective|p2a: Necrozma
|-damage|p2a: Necrozma|0 fnt
|faint|p2a: Necrozma
|-ability|p1a: Calyrex|Grim Neigh
|-boost|p1a: Calyrex|spa|1
|
|-fieldend|move: Psychic Terrain
|upkeep
|
|t:|1603509097
|switch|p2a: Xerneas|Xerneas|88/100 par
|-ability|p2a: Xerneas|Fairy Aura
|turn|13
|c|☆PPManUltra|gg
|
|t:|1603509100
|move|p1a: Calyrex|Max Phantasm|p2a: Xerneas
|-damage|p2a: Xerneas|0 fnt
|faint|p2a: Xerneas
|
|win|PPManUltra
