|j|☆Grace-sas
|j|☆TogeBirlHQ
|t:|1660003327
|gametype|singles
|player|p1|Grace-sas|265|1744
|player|p2|TogeBirlHQ|nate|1549
|teamsize|p1|6
|teamsize|p2|6
|gen|8
|tier|[Gen 8] Ubers
|rated|
|rule|Sleep Clause Mod: Limit one foe put to sleep
|rule|Species Clause: Limit one of each Pokémon
|rule|OHKO Clause: OHKO moves are banned
|rule|Evasion Items Clause: Evasion items are banned
|rule|Evasion Moves Clause: Evasion moves are banned
|rule|Endless Battle Clause: Forcing endless battles is banned
|rule|HP Percentage Mod: HP is shown in percentages
|rule|Dynamax Clause: You cannot dynamax
|clearpoke
|poke|p1|Excadrill, F|
|poke|p1|Eternatus|
|poke|p1|Xerneas-*|
|poke|p1|Yveltal|
|poke|p1|Necrozma-Dusk-Mane|
|poke|p1|Marshadow|
|poke|p2|Urshifu-*, M|
|poke|p2|Calyrex-Shadow|
|poke|p2|Eternatus|
|poke|p2|Necrozma-Dusk-Mane|
|poke|p2|Yveltal|
|poke|p2|Ho-Oh|
|teampreview
|inactive|Battle timer is ON: inactive players will automatically lose when time's up. (requested by Grace-sas)
|
|t:|1660003341
|start
|switch|p1a: Excadrill|Excadrill, F|100/100
|switch|p2a: Calyrex|Calyrex-Shadow|100/100
|-ability|p2a: Calyrex|As One
|-ability|p2a: Calyrex|Unnerve
|-ability|p1a: Excadrill|Mold Breaker
|turn|1
|
|t:|1660003345
|move|p2a: Calyrex|Trick|p1a: Excadrill
|-activate|p2a: Calyrex|move: Trick|[of] p1a: Excadrill
|-item|p1a: Excadrill|Choice Specs|[from] move: Trick
|-item|p2a: Calyrex|Focus Sash|[from] move: Trick
|move|p1a: Excadrill|Rock Tomb|p2a: Calyrex
|-damage|p2a: Calyrex|74/100
|-unboost|p2a: Calyrex|spe|1
|
|upkeep
|turn|2
|
|t:|1660003352
|switch|p1a: Yveltal|Yveltal|100/100
|-ability|p1a: Yveltal|Dark Aura
|move|p2a: Calyrex|Trick|p1a: Yveltal
|-activate|p2a: Calyrex|move: Trick|[of] p1a: Yveltal
|-item|p1a: Yveltal|Focus Sash|[from] move: Trick
|-item|p2a: Calyrex|Black Glasses|[from] move: Trick
|
|upkeep
|turn|3
|
|t:|1660003363
|switch|p2a: Eternatus|Eternatus|100/100
|-ability|p2a: Eternatus|Pressure
|move|p1a: Yveltal|Knock Off|p2a: Eternatus
|-damage|p2a: Eternatus|50/100
|-enditem|p2a: Eternatus|Shuca Berry|[from] move: Knock Off|[of] p1a: Yveltal
|
|upkeep
|turn|4
|
|t:|1660003370
|switch|p1a: Excadrill|Excadrill, F|100/100
|-ability|p1a: Excadrill|Mold Breaker
|move|p2a: Eternatus|Recover|p2a: Eternatus
|-heal|p2a: Eternatus|100/100
|
|upkeep
|turn|5
|
|t:|1660003377
|switch|p2a: Yveltal|Yveltal|100/100
|-ability|p2a: Yveltal|Dark Aura
|move|p1a: Excadrill|Stealth Rock|p2a: Yveltal
|-sidestart|p2: TogeBirlHQ|move: Stealth Rock
|
|upkeep
|turn|6
|
|t:|1660003387
|switch|p1a: Yveltal|Yveltal|100/100
|-ability|p1a: Yveltal|Dark Aura
|move|p2a: Yveltal|Defog|p1a: Yveltal
|-unboost|p1a: Yveltal|evasion|1
|-sideend|p2: TogeBirlHQ|Stealth Rock|[from] move: Defog|[of] p2a: Yveltal
|
|upkeep
|turn|7
|
|t:|1660003395
|switch|p2a: Eternatus|Eternatus|100/100
|-ability|p2a: Eternatus|Pressure
|switch|p1a: Excadrill|Excadrill, F|100/100
|-ability|p1a: Excadrill|Mold Breaker
|
|upkeep
|turn|8
|
|t:|1660003405
|switch|p2a: Urshifu|Urshifu, M|100/100
|move|p1a: Excadrill|Earthquake|p2a: Urshifu
|-damage|p2a: Urshifu|46/100
|
|upkeep
|turn|9
|
|t:|1660003416
|switch|p2a: Yveltal|Yveltal|100/100
|-ability|p2a: Yveltal|Dark Aura
|move|p1a: Excadrill|Earthquake|p2a: Yveltal
|-immune|p2a: Yveltal
|
|upkeep
|turn|10
|
|t:|1660003423
|move|p2a: Yveltal|U-turn|p1a: Excadrill
|-resisted|p1a: Excadrill
|-damage|p1a: Excadrill|87/100
|
|t:|1660003426
|switch|p2a: Ho-Oh|Ho-Oh|100/100|[from]move: U-turn
|move|p1a: Excadrill|Earthquake|p2a: Ho-Oh
|-immune|p2a: Ho-Oh
|
|upkeep
|turn|11
|
|t:|1660003433
|switch|p1a: Eternatus|Eternatus|100/100
|-ability|p1a: Eternatus|Pressure
|move|p2a: Ho-Oh|Thunder Wave|p1a: Eternatus
|-status|p1a: Eternatus|par
|
|upkeep
|turn|12
|
|t:|1660003438
|switch|p2a: Necrozma|Necrozma-Dusk-Mane|100/100
|move|p1a: Eternatus|Meteor Beam||[still]
|-prepare|p1a: Eternatus|Meteor Beam
|-boost|p1a: Eternatus|spa|1
|-enditem|p1a: Eternatus|Power Herb
|-anim|p1a: Eternatus|Meteor Beam|p2a: Necrozma
|-resisted|p2a: Necrozma
|-damage|p2a: Necrozma|79/100
|
|-heal|p2a: Necrozma|85/100|[from] item: Leftovers
|upkeep
|turn|13
|j| 09ui
|
|t:|1660003456
|switch|p2a: Ho-Oh|Ho-Oh|100/100
|move|p1a: Eternatus|Flamethrower|p2a: Ho-Oh
|-resisted|p2a: Ho-Oh
|-damage|p2a: Ho-Oh|84/100
|
|upkeep
|turn|14
|
|t:|1660003467
|move|p1a: Eternatus|Dynamax Cannon|p2a: Ho-Oh
|-damage|p2a: Ho-Oh|37/100
|move|p2a: Ho-Oh|Whirlwind|p1a: Eternatus
|drag|p1a: Xerneas|Xerneas|100/100
|-ability|p1a: Xerneas|Fairy Aura
|
|upkeep
|turn|15
|
|t:|1660003474
|switch|p1a: Excadrill|Excadrill, F|87/100
|-ability|p1a: Excadrill|Mold Breaker
|switch|p2a: Necrozma|Necrozma-Dusk-Mane|85/100
|
|-heal|p2a: Necrozma|91/100|[from] item: Leftovers
|upkeep
|turn|16
|
|t:|1660003481
|switch|p2a: Ho-Oh|Ho-Oh|71/100
|move|p1a: Excadrill|Stealth Rock|p2a: Ho-Oh
|-sidestart|p2: TogeBirlHQ|move: Stealth Rock
|
|upkeep
|turn|17
|
|t:|1660003486
|switch|p1a: Eternatus|Eternatus|100/100 par
|-ability|p1a: Eternatus|Pressure
|move|p2a: Ho-Oh|Defog|p1a: Eternatus
|-unboost|p1a: Eternatus|evasion|1
|-sideend|p2: TogeBirlHQ|Stealth Rock|[from] move: Defog|[of] p2a: Ho-Oh
|
|upkeep
|turn|18
|
|t:|1660003492
|switch|p2a: Necrozma|Necrozma-Dusk-Mane|91/100
|cant|p1a: Eternatus|par
|
|-heal|p2a: Necrozma|97/100|[from] item: Leftovers
|upkeep
|turn|19
|j| Aasndn
|
|t:|1660003502
|switch|p1a: Excadrill|Excadrill, F|87/100
|-ability|p1a: Excadrill|Mold Breaker
|move|p2a: Necrozma|Stealth Rock|p1a: Excadrill
|-sidestart|p1: Grace-sas|move: Stealth Rock
|
|-heal|p2a: Necrozma|100/100|[from] item: Leftovers
|upkeep
|turn|20
|
|t:|1660003505
|switch|p2a: Calyrex|Calyrex-Shadow|74/100
|-ability|p2a: Calyrex|As One
|-ability|p2a: Calyrex|Unnerve
|move|p1a: Excadrill|Stealth Rock|p2a: Calyrex
|-sidestart|p2: TogeBirlHQ|move: Stealth Rock
|
|upkeep
|turn|21
|
|t:|1660003517
|switch|p1a: Yveltal|Yveltal|100/100
|-damage|p1a: Yveltal|76/100|[from] Stealth Rock
|-ability|p1a: Yveltal|Dark Aura
|move|p2a: Calyrex|Astral Barrage|p1a: Yveltal
|-resisted|p1a: Yveltal
|-damage|p1a: Yveltal|40/100
|
|upkeep
|turn|22
|
|t:|1660003531
|move|p2a: Calyrex|Astral Barrage|p1a: Yveltal
|-resisted|p1a: Yveltal
|-damage|p1a: Yveltal|3/100
|move|p1a: Yveltal|Roost|p1a: Yveltal
|-heal|p1a: Yveltal|53/100
|-singleturn|p1a: Yveltal|move: Roost
|
|upkeep
|turn|23
|
|t:|1660003538
|move|p2a: Calyrex|Trick|p1a: Yveltal
|-activate|p2a: Calyrex|move: Trick|[of] p1a: Yveltal
|-item|p1a: Yveltal|Black Glasses|[from] move: Trick
|-item|p2a: Calyrex|Focus Sash|[from] move: Trick
|move|p1a: Yveltal|Roost|p1a: Yveltal
|-heal|p1a: Yveltal|100/100
|-singleturn|p1a: Yveltal|move: Roost
|
|upkeep
|turn|24
|
|t:|1660003544
|move|p2a: Calyrex|Trick|p1a: Yveltal
|-activate|p2a: Calyrex|move: Trick|[of] p1a: Yveltal
|-item|p1a: Yveltal|Focus Sash|[from] move: Trick
|-item|p2a: Calyrex|Black Glasses|[from] move: Trick
|move|p1a: Yveltal|Taunt|p2a: Calyrex
|-start|p2a: Calyrex|move: Taunt
|
|upkeep
|turn|25
|
|t:|1660003562
|switch|p2a: Eternatus|Eternatus|100/100
|-damage|p2a: Eternatus|88/100|[from] Stealth Rock
|-ability|p2a: Eternatus|Pressure
|move|p1a: Yveltal|Knock Off|p2a: Eternatus
|-damage|p2a: Eternatus|55/100
|
|upkeep
|turn|26
|
|t:|1660003570
|switch|p1a: Excadrill|Excadrill, F|87/100
|-damage|p1a: Excadrill|84/100|[from] Stealth Rock
|-ability|p1a: Excadrill|Mold Breaker
|move|p2a: Eternatus|Recover|p2a: Eternatus
|-heal|p2a: Eternatus|100/100
|
|upkeep
|turn|27
|
|t:|1660003577
|switch|p2a: Necrozma|Necrozma-Dusk-Mane|100/100
|-damage|p2a: Necrozma|94/100|[from] Stealth Rock
|move|p1a: Excadrill|Rock Tomb|p2a: Necrozma
|-resisted|p2a: Necrozma
|-damage|p2a: Necrozma|86/100
|-unboost|p2a: Necrozma|spe|1
|
|-heal|p2a: Necrozma|92/100|[from] item: Leftovers
|upkeep
|turn|28
|
|t:|1660003590
|move|p1a: Excadrill|Rock Tomb|p2a: Necrozma
|-resisted|p2a: Necrozma
|-damage|p2a: Necrozma|85/100
|-unboost|p2a: Necrozma|spe|1
|move|p2a: Necrozma|Iron Head|p1a: Excadrill
|-resisted|p1a: Excadrill
|-damage|p1a: Excadrill|53/100
|
|-heal|p2a: Necrozma|91/100|[from] item: Leftovers
|upkeep
|turn|29
|
|t:|1660003598
|move|p1a: Excadrill|Rock Tomb|p2a: Necrozma
|-resisted|p2a: Necrozma
|-damage|p2a: Necrozma|83/100
|-unboost|p2a: Necrozma|spe|1
|move|p2a: Necrozma|Stealth Rock||[still]
|-fail|p2a: Necrozma
|
|-heal|p2a: Necrozma|89/100|[from] item: Leftovers
|upkeep
|turn|30
|
|t:|1660003604
|move|p1a: Excadrill|Rock Tomb|p2a: Necrozma
|-resisted|p2a: Necrozma
|-damage|p2a: Necrozma|82/100
|-unboost|p2a: Necrozma|spe|1
|move|p2a: Necrozma|Stealth Rock||[still]
|-fail|p2a: Necrozma
|
|-heal|p2a: Necrozma|88/100|[from] item: Leftovers
|upkeep
|turn|31
|
|t:|1660003607
|move|p1a: Excadrill|Rock Tomb|p2a: Necrozma
|-resisted|p2a: Necrozma
|-damage|p2a: Necrozma|80/100
|-unboost|p2a: Necrozma|spe|1
|move|p2a: Necrozma|Stealth Rock||[still]
|-fail|p2a: Necrozma
|
|-heal|p2a: Necrozma|86/100|[from] item: Leftovers
|upkeep
|turn|32
|
|t:|1660003616
|move|p1a: Excadrill|Rock Tomb|p2a: Necrozma
|-resisted|p2a: Necrozma
|-damage|p2a: Necrozma|79/100
|-unboost|p2a: Necrozma|spe|1
|move|p2a: Necrozma|Stealth Rock||[still]
|-fail|p2a: Necrozma
|
|-heal|p2a: Necrozma|85/100|[from] item: Leftovers
|upkeep
|turn|33
|
|t:|1660003621
|move|p1a: Excadrill|Rock Tomb|p2a: Necrozma
|-resisted|p2a: Necrozma
|-damage|p2a: Necrozma|77/100
|move|p2a: Necrozma|Stealth Rock||[still]
|-fail|p2a: Necrozma
|
|-heal|p2a: Necrozma|83/100|[from] item: Leftovers
|upkeep
|turn|34
|
|t:|1660003625
|switch|p1a: Yveltal|Yveltal|100/100
|-damage|p1a: Yveltal|76/100|[from] Stealth Rock
|-ability|p1a: Yveltal|Dark Aura
|move|p2a: Necrozma|Stealth Rock||[still]
|-fail|p2a: Necrozma
|
|-heal|p2a: Necrozma|89/100|[from] item: Leftovers
|upkeep
|turn|35
|
|t:|1660003631
|switch|p2a: Urshifu|Urshifu, M|46/100
|-damage|p2a: Urshifu|40/100|[from] Stealth Rock
|move|p1a: Yveltal|Taunt|p2a: Urshifu
|-start|p2a: Urshifu|move: Taunt
|
|upkeep
|turn|36
|
|t:|1660003638
|switch|p1a: Excadrill|Excadrill, F|53/100
|-damage|p1a: Excadrill|50/100|[from] Stealth Rock
|-ability|p1a: Excadrill|Mold Breaker
|move|p2a: Urshifu|Close Combat|p1a: Excadrill
|-supereffective|p1a: Excadrill
|-damage|p1a: Excadrill|0 fnt
|-unboost|p2a: Urshifu|def|1
|-unboost|p2a: Urshifu|spd|1
|faint|p1a: Excadrill
|
|upkeep
|
|t:|1660003655
|switch|p1a: Xerneas|Xerneas|100/100
|-damage|p1a: Xerneas|88/100|[from] Stealth Rock
|-ability|p1a: Xerneas|Fairy Aura
|turn|37
|
|t:|1660003665
|move|p2a: Urshifu|Close Combat|p1a: Xerneas
|-resisted|p1a: Xerneas
|-damage|p1a: Xerneas|51/100
|-unboost|p2a: Urshifu|def|1
|-unboost|p2a: Urshifu|spd|1
|move|p1a: Xerneas|Geomancy||[still]
|-prepare|p1a: Xerneas|Geomancy
|-enditem|p1a: Xerneas|Power Herb
|-anim|p1a: Xerneas|Geomancy|p1a: Xerneas
|-boost|p1a: Xerneas|spa|2
|-boost|p1a: Xerneas|spd|2
|-boost|p1a: Xerneas|spe|2
|
|-end|p2a: Urshifu|move: Taunt
|upkeep
|turn|38
|
|t:|1660003675
|move|p1a: Xerneas|Moonblast|p2a: Urshifu
|-supereffective|p2a: Urshifu
|-damage|p2a: Urshifu|0 fnt
|faint|p2a: Urshifu
|
|upkeep
|
|t:|1660003680
|switch|p2a: Necrozma|Necrozma-Dusk-Mane|89/100
|-damage|p2a: Necrozma|83/100|[from] Stealth Rock
|turn|39
|
|t:|1660003683
|move|p1a: Xerneas|Thunder|p2a: Necrozma|[miss]
|-miss|p1a: Xerneas|p2a: Necrozma
|move|p2a: Necrozma|Trick Room|p2a: Necrozma
|-fieldstart|move: Trick Room|[of] p2a: Necrozma
|
|-heal|p2a: Necrozma|89/100|[from] item: Leftovers
|upkeep
|turn|40
|
|t:|1660003687
|switch|p1a: Necrozma|Necrozma-Dusk-Mane|100/100
|-damage|p1a: Necrozma|94/100|[from] Stealth Rock
|move|p2a: Necrozma|Iron Head|p1a: Necrozma
|-resisted|p1a: Necrozma
|-damage|p1a: Necrozma|80/100
|
|-heal|p2a: Necrozma|95/100|[from] item: Leftovers
|upkeep
|turn|41
|
|t:|1660003693
|move|p1a: Necrozma|Earthquake|p2a: Necrozma
|-supereffective|p2a: Necrozma
|-damage|p2a: Necrozma|53/100
|move|p2a: Necrozma|Iron Head|p1a: Necrozma
|-resisted|p1a: Necrozma
|-damage|p1a: Necrozma|66/100
|
|-heal|p2a: Necrozma|59/100|[from] item: Leftovers
|upkeep
|turn|42
|
|t:|1660003696
|move|p1a: Necrozma|Earthquake|p2a: Necrozma
|-supereffective|p2a: Necrozma
|-damage|p2a: Necrozma|12/100
|move|p2a: Necrozma|Moonlight|p2a: Necrozma
|-heal|p2a: Necrozma|62/100
|
|-heal|p2a: Necrozma|68/100|[from] item: Leftovers
|upkeep
|turn|43
|
|t:|1660003706
|switch|p2a: Yveltal|Yveltal|100/100
|-damage|p2a: Yveltal|76/100|[from] Stealth Rock
|-ability|p2a: Yveltal|Dark Aura
|move|p1a: Necrozma|Earthquake|p2a: Yveltal
|-immune|p2a: Yveltal
|
|-fieldend|move: Trick Room
|upkeep
|turn|44
|
|t:|1660003713
|switch|p1a: Eternatus|Eternatus|100/100 par
|-damage|p1a: Eternatus|88/100 par|[from] Stealth Rock
|-ability|p1a: Eternatus|Pressure
|move|p2a: Yveltal|U-turn|p1a: Eternatus
|-resisted|p1a: Eternatus
|-damage|p1a: Eternatus|80/100 par
|
|t:|1660003727
|switch|p2a: Calyrex|Calyrex-Shadow|74/100|[from]move: U-turn
|-ability|p2a: Calyrex|As One
|-ability|p2a: Calyrex|Unnerve
|-damage|p2a: Calyrex|61/100|[from] Stealth Rock
|
|upkeep
|turn|45
|
|t:|1660003731
|move|p2a: Calyrex|Psyshock|p1a: Eternatus
|-supereffective|p1a: Eternatus
|-damage|p1a: Eternatus|0 fnt
|faint|p1a: Eternatus
|-ability|p2a: Calyrex|Grim Neigh|boost
|-boost|p2a: Calyrex|spa|1
|
|upkeep
|
|t:|1660003735
|switch|p1a: Marshadow|Marshadow|100/100
|-damage|p1a: Marshadow|94/100|[from] Stealth Rock
|turn|46
|
|t:|1660003739
|switch|p2a: Ho-Oh|Ho-Oh|100/100
|move|p1a: Marshadow|Shadow Sneak|p2a: Ho-Oh
|-damage|p2a: Ho-Oh|70/100
|-damage|p1a: Marshadow|84/100|[from] item: Life Orb
|
|upkeep
|turn|47
|
|t:|1660003753
|move|p1a: Marshadow|Rock Tomb|p2a: Ho-Oh|[miss]
|-miss|p1a: Marshadow|p2a: Ho-Oh
|move|p2a: Ho-Oh|Sacred Fire|p1a: Marshadow
|-damage|p1a: Marshadow|28/100
|
|upkeep
|turn|48
|c|☆Grace-sas|Fuck
|
|t:|1660003760
|move|p1a: Marshadow|Rock Tomb|p2a: Ho-Oh
|-supereffective|p2a: Ho-Oh
|-damage|p2a: Ho-Oh|0 fnt
|faint|p2a: Ho-Oh
|-damage|p1a: Marshadow|18/100|[from] item: Life Orb
|
|upkeep
|
|t:|1660003764
|switch|p2a: Eternatus|Eternatus|100/100
|-damage|p2a: Eternatus|88/100|[from] Stealth Rock
|-ability|p2a: Eternatus|Pressure
|turn|49
|
|t:|1660003768
|switch|p1a: Necrozma|Necrozma-Dusk-Mane|66/100
|-damage|p1a: Necrozma|60/100|[from] Stealth Rock
|move|p2a: Eternatus|Recover|p2a: Eternatus
|-heal|p2a: Eternatus|100/100
|
|upkeep
|turn|50
|
|t:|1660003771
|move|p2a: Eternatus|Dragon Tail|p1a: Necrozma|[miss]
|-miss|p2a: Eternatus|p1a: Necrozma
|move|p1a: Necrozma|Trick Room|p1a: Necrozma
|-fieldstart|move: Trick Room|[of] p1a: Necrozma
|
|upkeep
|turn|51
|
|t:|1660003779
|move|p1a: Necrozma|Earthquake|p2a: Eternatus
|-supereffective|p2a: Eternatus
|-damage|p2a: Eternatus|32/100
|move|p2a: Eternatus|Recover|p2a: Eternatus
|-heal|p2a: Eternatus|82/100
|
|upkeep
|turn|52
|
|t:|1660003785
|move|p1a: Necrozma|Sunsteel Strike|p2a: Eternatus
|-damage|p2a: Eternatus|30/100
|move|p2a: Eternatus|Recover|p2a: Eternatus
|-heal|p2a: Eternatus|80/100
|
|upkeep
|turn|53
|
|t:|1660003795
|switch|p2a: Yveltal|Yveltal|76/100
|-damage|p2a: Yveltal|51/100|[from] Stealth Rock
|-ability|p2a: Yveltal|Dark Aura
|move|p1a: Necrozma|Earthquake|p2a: Yveltal
|-immune|p2a: Yveltal
|
|upkeep
|turn|54
|
|t:|1660003809
|move|p1a: Necrozma|Stone Edge|p2a: Yveltal
|-supereffective|p2a: Yveltal
|-damage|p2a: Yveltal|0 fnt
|faint|p2a: Yveltal
|
|-fieldend|move: Trick Room
|upkeep
|
|t:|1660003812
|switch|p2a: Calyrex|Calyrex-Shadow|61/100
|-ability|p2a: Calyrex|As One
|-ability|p2a: Calyrex|Unnerve
|-damage|p2a: Calyrex|49/100|[from] Stealth Rock
|turn|55
|
|t:|1660003820
|switch|p1a: Xerneas|Xerneas|51/100
|-damage|p1a: Xerneas|38/100|[from] Stealth Rock
|-ability|p1a: Xerneas|Fairy Aura
|move|p2a: Calyrex|Astral Barrage|p1a: Xerneas
|-damage|p1a: Xerneas|0 fnt
|faint|p1a: Xerneas
|-ability|p2a: Calyrex|Grim Neigh|boost
|-boost|p2a: Calyrex|spa|1
|
|upkeep
|
|t:|1660003823
|switch|p1a: Marshadow|Marshadow|18/100
|-damage|p1a: Marshadow|12/100|[from] Stealth Rock
|turn|56
|
|t:|1660003832
|move|p1a: Marshadow|Shadow Sneak|p2a: Calyrex
|-supereffective|p2a: Calyrex
|-damage|p2a: Calyrex|0 fnt
|faint|p2a: Calyrex
|-damage|p1a: Marshadow|2/100|[from] item: Life Orb
|
|upkeep
|
|t:|1660003835
|switch|p2a: Eternatus|Eternatus|80/100
|-damage|p2a: Eternatus|67/100|[from] Stealth Rock
|-ability|p2a: Eternatus|Pressure
|turn|57
|
|t:|1660003843
|move|p2a: Eternatus|Recover|p2a: Eternatus
|-heal|p2a: Eternatus|100/100
|move|p1a: Marshadow|Rock Tomb|p2a: Eternatus
|-damage|p2a: Eternatus|68/100
|-unboost|p2a: Eternatus|spe|1
|-damage|p1a: Marshadow|0 fnt|[from] item: Life Orb
|faint|p1a: Marshadow
|
|upkeep
|
|t:|1660003854
|switch|p1a: Necrozma|Necrozma-Dusk-Mane|60/100
|-damage|p1a: Necrozma|54/100|[from] Stealth Rock
|turn|58
|
|t:|1660003857
|switch|p2a: Necrozma|Necrozma-Dusk-Mane|68/100
|-damage|p2a: Necrozma|62/100|[from] Stealth Rock
|move|p1a: Necrozma|Earthquake|p2a: Necrozma
|-supereffective|p2a: Necrozma
|-damage|p2a: Necrozma|18/100
|
|-heal|p2a: Necrozma|24/100|[from] item: Leftovers
|upkeep
|turn|59
|
|t:|1660003864
|move|p2a: Necrozma|Moonlight|p2a: Necrozma
|-heal|p2a: Necrozma|74/100
|move|p1a: Necrozma|Earthquake|p2a: Necrozma
|-supereffective|p2a: Necrozma
|-damage|p2a: Necrozma|30/100
|
|-heal|p2a: Necrozma|36/100|[from] item: Leftovers
|upkeep
|turn|60
|
|t:|1660003869
|move|p1a: Necrozma|Earthquake|p2a: Necrozma
|-supereffective|p2a: Necrozma
|-damage|p2a: Necrozma|0 fnt
|faint|p2a: Necrozma
|
|upkeep
|
|t:|1660003872
|switch|p2a: Eternatus|Eternatus|68/100
|-damage|p2a: Eternatus|56/100|[from] Stealth Rock
|-ability|p2a: Eternatus|Pressure
|turn|61
|
|t:|1660003876
|move|p2a: Eternatus|Recover|p2a: Eternatus
|-heal|p2a: Eternatus|100/100
|move|p1a: Necrozma|Earthquake|p2a: Eternatus
|-supereffective|p2a: Eternatus
|-damage|p2a: Eternatus|29/100
|
|upkeep
|turn|62
|
|t:|1660003882
|move|p2a: Eternatus|Recover|p2a: Eternatus
|-heal|p2a: Eternatus|79/100
|move|p1a: Necrozma|Earthquake|p2a: Eternatus
|-supereffective|p2a: Eternatus
|-damage|p2a: Eternatus|15/100
|
|upkeep
|turn|63
|
|t:|1660003886
|move|p2a: Eternatus|Recover|p2a: Eternatus
|-heal|p2a: Eternatus|65/100
|move|p1a: Necrozma|Earthquake|p2a: Eternatus
|-supereffective|p2a: Eternatus
|-crit|p2a: Eternatus
|-damage|p2a: Eternatus|0 fnt
|faint|p2a: Eternatus
|
|win|Grace-sas
|raw|Grace-sas's rating: 1744 &rarr; <strong>1754</strong><br />(+10 for winning)
|raw|TogeBirlHQ's rating: 1549 &rarr; <strong>1539</strong><br />(-10 for losing)
|l|☆TogeBirlHQ
|l| 09ui
|c|☆Grace-sas|You made the most random. Ass plays
