|j|☆54three21
|j|☆QiYu4
|player|p1|54three21|101|1621
|player|p2|QiYu4|psychic-gen4|1613
|teamsize|p1|6
|teamsize|p2|6
|gametype|singles
|gen|8
|tier|[Gen 8] Ubers
|rated|
|clearpoke
|poke|p1|Necrozma-Dusk-Mane|
|poke|p1|Eternatus|
|poke|p1|Lunala|
|poke|p1|Reshiram|
|poke|p1|Zacian-Crowned|
|poke|p1|Hatterene, F|
|poke|p2|Necrozma-Dusk-Mane|
|poke|p2|Marshadow|
|poke|p2|Lunala|
|poke|p2|Ditto|
|poke|p2|Eternatus|
|poke|p2|Zekrom|
|rule|Sleep Clause Mod: Limit one foe put to sleep
|rule|Species Clause: Limit one of each Pokémon
|rule|OHKO Clause: OHKO moves are banned
|rule|Evasion Moves Clause: Evasion moves are banned
|rule|Endless Battle Clause: Forcing endless battles is banned
|rule|HP Percentage Mod: HP is shown in percentages
|teampreview
|j| ubertest45553
|inactive|Battle timer is ON: inactive players will automatically lose when time's up. (requested by QiYu4)
|inactive|54three21 has 120 seconds left.
|
|start
|switch|p1a: Reshiram|Reshiram|100/100
|switch|p2a: Lunala|Lunala|100/100
|-ability|p1a: Reshiram|Turboblaze
|turn|1
|j| Libel
|
|move|p2a: Lunala|Moongeist Beam|p1a: Reshiram
|-damage|p1a: Reshiram|36/100
|move|p1a: Reshiram|Flame Charge|p2a: Lunala
|-damage|p2a: Lunala|93/100
|-boost|p1a: Reshiram|spe|1
|
|upkeep
|turn|2
|
|-start|p1a: Reshiram|Dynamax
|-heal|p1a: Reshiram|36/100|[silent]
|move|p1a: Reshiram|Max Flare|p2a: Lunala
|-damage|p2a: Lunala|34/100
|-weather|SunnyDay
|move|p2a: Lunala|Moongeist Beam|p1a: Reshiram
|-damage|p1a: Reshiram|0 fnt
|faint|p1a: Reshiram
|
|-weather|SunnyDay|[upkeep]
|upkeep
|
|switch|p1a: Zacian|Zacian-Crowned|100/100
|-ability|p1a: Zacian|Intrepid Sword|boost
|-boost|p1a: Zacian|atk|1
|turn|3
|
|move|p1a: Zacian|Crunch|p2a: Lunala
|-supereffective|p2a: Lunala
|-damage|p2a: Lunala|0 fnt
|faint|p2a: Lunala
|
|-weather|SunnyDay|[upkeep]
|upkeep
|
|switch|p2a: Ditto|Ditto|100/100
|-transform|p2a: Ditto|p1a: Zacian|[from] ability: Imposter
|-ability|p2a: Ditto|Intrepid Sword|boost
|-boost|p2a: Ditto|atk|1
|turn|4
|
|move|p1a: Zacian|Fire Fang|p2a: Ditto
|-supereffective|p2a: Ditto
|-enditem|p2a: Ditto|Focus Sash
|-damage|p2a: Ditto|1/100
|move|p2a: Ditto|Fire Fang|p1a: Zacian
|-supereffective|p1a: Zacian
|-damage|p1a: Zacian|0 fnt
|faint|p1a: Zacian
|
|-weather|SunnyDay|[upkeep]
|upkeep
|
|switch|p1a: Hatterene|Hatterene, F|100/100
|turn|5
|
|move|p2a: Ditto|Behemoth Blade|p1a: Hatterene
|-supereffective|p1a: Hatterene
|-enditem|p1a: Hatterene|Focus Sash
|-damage|p1a: Hatterene|1/100
|move|p1a: Hatterene|Trick Room|p1a: Hatterene
|-fieldstart|move: Trick Room|[of] p1a: Hatterene
|
|-weather|SunnyDay|[upkeep]
|upkeep
|turn|6
|
|switch|p2a: Eternatus|Eternatus|100/100
|-ability|p2a: Eternatus|Pressure
|move|p1a: Hatterene|Psychic|p2a: Eternatus
|-supereffective|p2a: Eternatus
|-damage|p2a: Eternatus|11/100
|-unboost|p2a: Eternatus|spd|1
|
|-weather|none
|upkeep
|turn|7
|
|switch|p2a: Necrozma|Necrozma-Dusk-Mane|100/100
|move|p1a: Hatterene|Psychic|p2a: Necrozma
|-resisted|p2a: Necrozma
|-crit|p2a: Necrozma
|-damage|p2a: Necrozma|89/100
|
|-heal|p2a: Necrozma|95/100|[from] item: Leftovers
|upkeep
|turn|8
|
|move|p1a: Hatterene|Healing Wish|p1a: Hatterene
|faint|p1a: Hatterene
|move|p2a: Necrozma|Moonlight|p2a: Necrozma
|-heal|p2a: Necrozma|100/100
|
|upkeep
|
|switch|p1a: Eternatus|Eternatus|100/100
|-ability|p1a: Eternatus|Pressure
|turn|9
|
|move|p2a: Necrozma|Thunder Wave|p1a: Eternatus|[miss]
|-miss|p2a: Necrozma|p1a: Eternatus
|move|p1a: Eternatus|Cosmic Power|p1a: Eternatus
|-boost|p1a: Eternatus|def|1
|-boost|p1a: Eternatus|spd|1
|
|-fieldend|move: Trick Room
|upkeep
|turn|10
|
|move|p1a: Eternatus|Flamethrower|p2a: Necrozma
|-supereffective|p2a: Necrozma
|-damage|p2a: Necrozma|72/100
|move|p2a: Necrozma|Thunder Wave|p1a: Eternatus|[miss]
|-miss|p2a: Necrozma|p1a: Eternatus
|
|-heal|p2a: Necrozma|78/100|[from] item: Leftovers
|upkeep
|turn|11
|j| Wakeful Owl
|
|move|p1a: Eternatus|Cosmic Power|p1a: Eternatus
|-boost|p1a: Eternatus|def|1
|-boost|p1a: Eternatus|spd|1
|move|p2a: Necrozma|Thunder Wave|p1a: Eternatus|[miss]
|-miss|p2a: Necrozma|p1a: Eternatus
|
|-heal|p2a: Necrozma|84/100|[from] item: Leftovers
|upkeep
|turn|12
|l| Wakeful Owl
|
|move|p1a: Eternatus|Cosmic Power|p1a: Eternatus
|-boost|p1a: Eternatus|def|1
|-boost|p1a: Eternatus|spd|1
|move|p2a: Necrozma|Thunder Wave|p1a: Eternatus
|-status|p1a: Eternatus|par
|
|-heal|p2a: Necrozma|90/100|[from] item: Leftovers
|upkeep
|turn|13
|c|☆QiYu4|?
|
|move|p2a: Necrozma|Stealth Rock|p1a: Eternatus
|-sidestart|p1: 54three21|move: Stealth Rock
|move|p1a: Eternatus|Flamethrower|p2a: Necrozma
|-supereffective|p2a: Necrozma
|-damage|p2a: Necrozma|58/100
|
|-heal|p2a: Necrozma|64/100|[from] item: Leftovers
|upkeep
|turn|14
|
|move|p2a: Necrozma|Knock Off|p1a: Eternatus
|-crit|p1a: Eternatus
|-damage|p1a: Eternatus|65/100 par
|-enditem|p1a: Eternatus|Metronome|[from] move: Knock Off|[of] p2a: Necrozma
|move|p1a: Eternatus|Flamethrower|p2a: Necrozma
|-supereffective|p2a: Necrozma
|-damage|p2a: Necrozma|33/100
|
|-heal|p2a: Necrozma|39/100|[from] item: Leftovers
|upkeep
|turn|15
|
|move|p2a: Necrozma|Moonlight|p2a: Necrozma
|-heal|p2a: Necrozma|89/100
|move|p1a: Eternatus|Recover|p1a: Eternatus
|-heal|p1a: Eternatus|100/100 par
|
|-heal|p2a: Necrozma|95/100|[from] item: Leftovers
|upkeep
|turn|16
|
|switch|p2a: Eternatus|Eternatus|11/100
|-ability|p2a: Eternatus|Pressure
|move|p1a: Eternatus|Cosmic Power|p1a: Eternatus
|-boost|p1a: Eternatus|def|1
|-boost|p1a: Eternatus|spd|1
|
|upkeep
|turn|17
|
|move|p2a: Eternatus|Recover|p2a: Eternatus
|-heal|p2a: Eternatus|61/100
|move|p1a: Eternatus|Dynamax Cannon|p2a: Eternatus
|-supereffective|p2a: Eternatus
|-enditem|p2a: Eternatus|Haban Berry|[eat]
|-enditem|p2a: Eternatus|Haban Berry|[weaken]
|-damage|p2a: Eternatus|12/100
|
|upkeep
|turn|18
|
|move|p2a: Eternatus|Recover|p2a: Eternatus
|-heal|p2a: Eternatus|62/100
|cant|p1a: Eternatus|par
|
|upkeep
|turn|19
|
|move|p2a: Eternatus|Cosmic Power|p2a: Eternatus
|-boost|p2a: Eternatus|def|1
|-boost|p2a: Eternatus|spd|1
|move|p1a: Eternatus|Dynamax Cannon|p2a: Eternatus
|-supereffective|p2a: Eternatus
|-damage|p2a: Eternatus|0 fnt
|faint|p2a: Eternatus
|
|upkeep
|
|switch|p2a: Marshadow|Marshadow|100/100
|turn|20
|
|switch|p1a: Lunala|Lunala|100/100
|move|p2a: Marshadow|Spectral Thief|p1a: Lunala
|-supereffective|p1a: Lunala
|-damage|p1a: Lunala|16/100
|
|upkeep
|turn|21
|
|move|p2a: Marshadow|Spectral Thief|p1a: Lunala
|-supereffective|p1a: Lunala
|-damage|p1a: Lunala|0 fnt
|faint|p1a: Lunala
|
|upkeep
|
|switch|p1a: Necrozma|Necrozma-Dusk-Mane|100/100
|-damage|p1a: Necrozma|94/100|[from] Stealth Rock
|turn|22
|
|switch|p2a: Necrozma|Necrozma-Dusk-Mane|95/100
|move|p1a: Necrozma|Trick Room|p1a: Necrozma
|-fieldstart|move: Trick Room|[of] p1a: Necrozma
|
|-heal|p2a: Necrozma|100/100|[from] item: Leftovers
|upkeep
|turn|23
|
|move|p1a: Necrozma|Earthquake|p2a: Necrozma
|-supereffective|p2a: Necrozma
|-damage|p2a: Necrozma|57/100
|move|p2a: Necrozma|Thunder Wave|p1a: Necrozma
|-status|p1a: Necrozma|par
|
|-heal|p2a: Necrozma|63/100|[from] item: Leftovers
|upkeep
|turn|24
|
|move|p1a: Necrozma|Knock Off|p2a: Necrozma
|-supereffective|p2a: Necrozma
|-damage|p2a: Necrozma|17/100
|-enditem|p2a: Necrozma|Leftovers|[from] move: Knock Off|[of] p1a: Necrozma
|move|p2a: Necrozma|Moonlight|p2a: Necrozma
|-heal|p2a: Necrozma|67/100
|
|upkeep
|turn|25
|
|cant|p1a: Necrozma|par
|move|p2a: Necrozma|Moonlight|p2a: Necrozma
|-heal|p2a: Necrozma|100/100
|
|upkeep
|turn|26
|
|move|p1a: Necrozma|Earthquake|p2a: Necrozma
|-supereffective|p2a: Necrozma
|-damage|p2a: Necrozma|57/100
|move|p2a: Necrozma|Knock Off|p1a: Necrozma
|-supereffective|p1a: Necrozma
|-damage|p1a: Necrozma|61/100 par
|-enditem|p1a: Necrozma|Weakness Policy
|-boost|p1a: Necrozma|atk|2|[from] item: Weakness Policy
|-boost|p1a: Necrozma|spa|2|[from] item: Weakness Policy
|
|-fieldend|move: Trick Room
|upkeep
|turn|27
|
|move|p2a: Necrozma|Knock Off|p1a: Necrozma
|-supereffective|p1a: Necrozma
|-damage|p1a: Necrozma|37/100 par
|move|p1a: Necrozma|Trick Room|p1a: Necrozma
|-fieldstart|move: Trick Room|[of] p1a: Necrozma
|
|upkeep
|turn|28
|
|switch|p2a: Ditto|Ditto|1/100
|-transform|p2a: Ditto|p1a: Necrozma|[from] ability: Imposter
|cant|p1a: Necrozma|par
|
|upkeep
|turn|29
|
|move|p1a: Necrozma|Sunsteel Strike|p2a: Ditto
|-resisted|p2a: Ditto
|-damage|p2a: Ditto|0 fnt
|faint|p2a: Ditto
|
|upkeep
|
|switch|p2a: Marshadow|Marshadow|100/100
|turn|30
|
|move|p2a: Marshadow|Shadow Sneak|p1a: Necrozma
|-supereffective|p1a: Necrozma
|-damage|p1a: Necrozma|2/100 par
|cant|p1a: Necrozma|par
|
|upkeep
|turn|31
|c|☆54three21|lol
|
|move|p2a: Marshadow|Shadow Sneak|p1a: Necrozma
|-supereffective|p1a: Necrozma
|-damage|p1a: Necrozma|0 fnt
|faint|p1a: Necrozma
|
|-fieldend|move: Trick Room
|upkeep
|
|switch|p1a: Eternatus|Eternatus|100/100 par
|-heal|p1a: Eternatus|100/100|[from] move: Healing Wish
|-damage|p1a: Eternatus|88/100|[from] Stealth Rock
|-ability|p1a: Eternatus|Pressure
|turn|32
|
|switch|p2a: Zekrom|Zekrom|100/100
|-ability|p2a: Zekrom|Teravolt
|move|p1a: Eternatus|Dynamax Cannon|p2a: Zekrom
|-supereffective|p2a: Zekrom
|-enditem|p2a: Zekrom|Haban Berry|[eat]
|-enditem|p2a: Zekrom|Haban Berry|[weaken]
|-damage|p2a: Zekrom|44/100
|
|upkeep
|turn|33
|
|-start|p2a: Zekrom|Dynamax
|-heal|p2a: Zekrom|44/100|[silent]
|move|p1a: Eternatus|Dynamax Cannon|p2a: Zekrom
|-supereffective|p2a: Zekrom
|-damage|p2a: Zekrom|0 fnt
|faint|p2a: Zekrom
|
|upkeep
|
|switch|p2a: Necrozma|Necrozma-Dusk-Mane|57/100
|turn|34
|
|move|p1a: Eternatus|Flamethrower|p2a: Necrozma
|-supereffective|p2a: Necrozma
|-damage|p2a: Necrozma|26/100
|move|p2a: Necrozma|Thunder Wave|p1a: Eternatus
|-status|p1a: Eternatus|par
|
|upkeep
|turn|35
|
|move|p2a: Necrozma|Moonlight|p2a: Necrozma
|-heal|p2a: Necrozma|76/100
|move|p1a: Eternatus|Flamethrower|p2a: Necrozma
|-supereffective|p2a: Necrozma
|-damage|p2a: Necrozma|45/100
|
|upkeep
|turn|36
|
|move|p2a: Necrozma|Moonlight|p2a: Necrozma
|-heal|p2a: Necrozma|95/100
|move|p1a: Eternatus|Flamethrower|p2a: Necrozma
|-supereffective|p2a: Necrozma
|-damage|p2a: Necrozma|62/100
|
|upkeep
|turn|37
|
|move|p2a: Necrozma|Moonlight|p2a: Necrozma
|-heal|p2a: Necrozma|100/100
|move|p1a: Eternatus|Flamethrower|p2a: Necrozma
|-supereffective|p2a: Necrozma
|-damage|p2a: Necrozma|72/100
|
|upkeep
|turn|38
|
|move|p2a: Necrozma|Knock Off|p1a: Eternatus
|-damage|p1a: Eternatus|72/100 par
|move|p1a: Eternatus|Recover|p1a: Eternatus
|-heal|p1a: Eternatus|100/100 par
|
|upkeep
|turn|39
|
|move|p2a: Necrozma|Knock Off|p1a: Eternatus
|-damage|p1a: Eternatus|85/100 par
|move|p1a: Eternatus|Flamethrower|p2a: Necrozma
|-supereffective|p2a: Necrozma
|-damage|p2a: Necrozma|39/100
|-status|p2a: Necrozma|brn
|
|-damage|p2a: Necrozma|33/100 brn|[from] brn
|upkeep
|turn|40
|
|move|p2a: Necrozma|Moonlight|p2a: Necrozma
|-heal|p2a: Necrozma|83/100 brn
|move|p1a: Eternatus|Recover|p1a: Eternatus
|-heal|p1a: Eternatus|100/100 par
|
|-damage|p2a: Necrozma|77/100 brn|[from] brn
|upkeep
|turn|41
|
|move|p2a: Necrozma|Knock Off|p1a: Eternatus
|-damage|p1a: Eternatus|92/100 par
|move|p1a: Eternatus|Flamethrower|p2a: Necrozma
|-supereffective|p2a: Necrozma
|-damage|p2a: Necrozma|47/100 brn
|
|-damage|p2a: Necrozma|41/100 brn|[from] brn
|upkeep
|turn|42
|
|move|p2a: Necrozma|Knock Off|p1a: Eternatus
|-damage|p1a: Eternatus|85/100 par
|move|p1a: Eternatus|Flamethrower|p2a: Necrozma
|-supereffective|p2a: Necrozma
|-damage|p2a: Necrozma|13/100 brn
|
|-damage|p2a: Necrozma|7/100 brn|[from] brn
|upkeep
|turn|43
|
|move|p2a: Necrozma|Knock Off|p1a: Eternatus
|-damage|p1a: Eternatus|77/100 par
|move|p1a: Eternatus|Recover|p1a: Eternatus
|-heal|p1a: Eternatus|100/100 par
|
|-damage|p2a: Necrozma|1/100 brn|[from] brn
|upkeep
|turn|44
|
|move|p2a: Necrozma|Knock Off|p1a: Eternatus
|-damage|p1a: Eternatus|92/100 par
|move|p1a: Eternatus|Recover|p1a: Eternatus
|-heal|p1a: Eternatus|100/100 par
|
|-damage|p2a: Necrozma|0 fnt|[from] brn
|faint|p2a: Necrozma
|upkeep
|
|switch|p2a: Marshadow|Marshadow|100/100
|turn|45
|
|move|p2a: Marshadow|Spectral Thief|p1a: Eternatus
|-damage|p1a: Eternatus|65/100 par
|move|p1a: Eternatus|Dynamax Cannon|p2a: Marshadow
|-damage|p2a: Marshadow|31/100
|
|upkeep
|turn|46
|
|move|p2a: Marshadow|Spectral Thief|p1a: Eternatus
|-damage|p1a: Eternatus|29/100 par
|cant|p1a: Eternatus|par
|
|upkeep
|turn|47
|c|☆54three21|looooool
|
|move|p2a: Marshadow|Spectral Thief|p1a: Eternatus
|-damage|p1a: Eternatus|0 fnt
|faint|p1a: Eternatus
|
|win|QiYu4
|c|☆QiYu4|gg
|l| Libel
|raw|54three21's rating: 1621 &rarr; <strong>1601</strong><br />(-20 for losing)
|raw|QiYu4's rating: 1613 &rarr; <strong>1633</strong><br />(+20 for winning)
|c|☆54three21|good game lol
|c|☆54three21|so good
