|j|‽liquid heroin
|j|☆Rafe132
|t:|1656332202
|gametype|singles
|player|p1|liquid heroin|gambler-gen1|
|player|p2|Rafe132|ethan|
|teamsize|p1|6
|teamsize|p2|6
|gen|8
|tier|[Gen 8] Ubers
|rated|Tournament battle
|rule|Sleep Clause Mod: Limit one foe put to sleep
|rule|Species Clause: Limit one of each Pokémon
|rule|OHKO Clause: OHKO moves are banned
|rule|Evasion Moves Clause: Evasion moves are banned
|rule|Endless Battle Clause: Forcing endless battles is banned
|rule|HP Percentage Mod: HP is shown in percentages
|rule|Dynamax Clause: You cannot dynamax
|clearpoke
|poke|p1|Barraskewda, F|
|poke|p1|Kyogre|
|poke|p1|Dugtrio, M|
|poke|p1|Necrozma-Dusk-Mane|
|poke|p1|Yveltal|
|poke|p1|Clefable, M|
|poke|p2|Dialga|
|poke|p2|Cinderace, M|
|poke|p2|Magearna|
|poke|p2|Darmanitan-Galar, F|
|poke|p2|Marshadow|
|poke|p2|Groudon|
|teampreview
|inactive|Battle timer is ON: inactive players will automatically lose when time's up. (requested by Rafe132)
|
|t:|1656332213
|start
|switch|p1a: Kyogre|Kyogre, shiny|100/100
|switch|p2a: Darmanitan|Darmanitan-Galar, F|100/100
|-weather|RainDance|[from] ability: Drizzle|[of] p1a: Kyogre
|turn|1
|
|t:|1656332226
|move|p2a: Darmanitan|U-turn|p1a: Kyogre
|-damage|p1a: Kyogre|60/100
|
|t:|1656332229
|switch|p2a: Magearna|Magearna|100/100|[from]move: U-turn
|move|p1a: Kyogre|Origin Pulse|p2a: Magearna
|-damage|p2a: Magearna|0 fnt
|faint|p2a: Magearna
|
|-weather|RainDance|[upkeep]
|upkeep
|j| zain-ul-hassan
|
|t:|1656332236
|switch|p2a: Groudon|Groudon|100/100
|-weather|SunnyDay|[from] ability: Drought|[of] p2a: Groudon
|turn|2
|
|t:|1656332240
|move|p1a: Kyogre|Origin Pulse|p2a: Groudon
|-supereffective|p2a: Groudon
|-damage|p2a: Groudon|0 fnt
|faint|p2a: Groudon
|
|-weather|SunnyDay|[upkeep]
|upkeep
|
|t:|1656332258
|switch|p2a: Darmanitan|Darmanitan-Galar, F|100/100
|turn|3
|
|t:|1656332261
|switch|p1a: Clefable|Clefable, M, shiny|100/100
|move|p2a: Darmanitan|Earthquake|p1a: Clefable
|-damage|p1a: Clefable|56/100
|
|-weather|SunnyDay|[upkeep]
|upkeep
|turn|4
|
|t:|1656332266
|move|p2a: Darmanitan|Earthquake|p1a: Clefable
|-damage|p1a: Clefable|11/100
|move|p1a: Clefable|Soft-Boiled|p1a: Clefable
|-heal|p1a: Clefable|61/100
|
|-weather|SunnyDay|[upkeep]
|upkeep
|turn|5
|
|t:|1656332271
|move|p2a: Darmanitan|Earthquake|p1a: Clefable
|-damage|p1a: Clefable|18/100
|move|p1a: Clefable|Soft-Boiled|p1a: Clefable
|-heal|p1a: Clefable|68/100
|
|-weather|SunnyDay|[upkeep]
|upkeep
|turn|6
|
|t:|1656332273
|switch|p2a: Dialga|Dialga|100/100
|-ability|p2a: Dialga|Pressure
|move|p1a: Clefable|Soft-Boiled|p1a: Clefable
|-heal|p1a: Clefable|100/100
|
|-weather|none
|upkeep
|turn|7
|
|t:|1656332277
|switch|p1a: Dugtrio|Dugtrio, M, shiny|100/100
|move|p2a: Dialga|Flash Cannon|p1a: Dugtrio
|-damage|p1a: Dugtrio|18/100
|
|upkeep
|turn|8
|
|t:|1656332283
|move|p1a: Dugtrio|Earthquake|p2a: Dialga
|-supereffective|p2a: Dialga
|-damage|p2a: Dialga|34/100
|move|p2a: Dialga|Flash Cannon|p1a: Dugtrio
|-damage|p1a: Dugtrio|0 fnt
|faint|p1a: Dugtrio
|
|upkeep
|
|t:|1656332289
|switch|p1a: Kyogre|Kyogre, shiny|60/100
|-weather|RainDance|[from] ability: Drizzle|[of] p1a: Kyogre
|turn|9
|
|t:|1656332294
|move|p1a: Kyogre|Origin Pulse|p2a: Dialga
|-resisted|p2a: Dialga
|-crit|p2a: Dialga
|-damage|p2a: Dialga|0 fnt
|faint|p2a: Dialga
|
|-weather|RainDance|[upkeep]
|upkeep
|
|t:|1656332298
|switch|p2a: Darmanitan|Darmanitan-Galar, F|100/100
|turn|10
|
|t:|1656332300
|switch|p1a: Clefable|Clefable, M, shiny|100/100
|move|p2a: Darmanitan|Earthquake|p1a: Clefable
|-damage|p1a: Clefable|54/100
|
|-weather|RainDance|[upkeep]
|upkeep
|turn|11
|
|t:|1656332308
|move|p2a: Darmanitan|Earthquake|p1a: Clefable
|-damage|p1a: Clefable|8/100
|move|p1a: Clefable|Soft-Boiled|p1a: Clefable
|-heal|p1a: Clefable|58/100
|
|-weather|RainDance|[upkeep]
|upkeep
|turn|12
|
|t:|1656332312
|switch|p2a: Cinderace|Cinderace, M|100/100
|move|p1a: Clefable|Soft-Boiled|p1a: Clefable
|-heal|p1a: Clefable|100/100
|
|-weather|RainDance|[upkeep]
|upkeep
|turn|13
|
|t:|1656332315
|move|p2a: Cinderace|Pyro Ball|p1a: Clefable|[miss]
|-miss|p2a: Cinderace|p1a: Clefable
|move|p1a: Clefable|Thunder Wave|p2a: Cinderace
|-status|p2a: Cinderace|par
|
|-weather|none
|upkeep
|turn|14
|
|t:|1656332319
|switch|p1a: Kyogre|Kyogre, shiny|60/100
|-weather|RainDance|[from] ability: Drizzle|[of] p1a: Kyogre
|cant|p2a: Cinderace|par
|
|-weather|RainDance|[upkeep]
|upkeep
|turn|15
|
|t:|1656332323
|move|p1a: Kyogre|Water Spout|p2a: Cinderace
|-supereffective|p2a: Cinderace
|-damage|p2a: Cinderace|0 fnt
|faint|p2a: Cinderace
|
|-weather|RainDance|[upkeep]
|upkeep
|
|t:|1656332326
|switch|p2a: Marshadow|Marshadow|100/100
|turn|16
|
|t:|1656332333
|switch|p1a: Clefable|Clefable, M, shiny|100/100
|move|p2a: Marshadow|Close Combat|p1a: Clefable
|-resisted|p1a: Clefable
|-damage|p1a: Clefable|76/100
|-unboost|p2a: Marshadow|def|1
|-unboost|p2a: Marshadow|spd|1
|-damage|p2a: Marshadow|84/100|[from] item: Rocky Helmet|[of] p1a: Clefable
|
|-weather|RainDance|[upkeep]
|upkeep
|turn|17
|
|t:|1656332338
|move|p2a: Marshadow|Spectral Thief|p1a: Clefable
|-damage|p1a: Clefable|40/100
|-damage|p2a: Marshadow|67/100|[from] item: Rocky Helmet|[of] p1a: Clefable
|move|p1a: Clefable|Moonblast|p2a: Marshadow
|-supereffective|p2a: Marshadow
|-damage|p2a: Marshadow|0 fnt
|faint|p2a: Marshadow
|
|-weather|RainDance|[upkeep]
|upkeep
|
|t:|1656332343
|switch|p2a: Darmanitan|Darmanitan-Galar, F|100/100
|turn|18
|
|t:|1656332346
|move|p2a: Darmanitan|Earthquake|p1a: Clefable
|-damage|p1a: Clefable|0 fnt
|faint|p1a: Clefable
|
|-weather|none
|upkeep
|
|t:|1656332348
|switch|p1a: Yveltal|Yveltal, shiny|100/100
|-ability|p1a: Yveltal|Dark Aura
|turn|19
|-message|Rafe132 forfeited.
|
|win|liquid heroin
|n|‽liquid heroin|liquidheroin
|n|☆Rafe132|rafe132
|n| zain-ul-hassan|zainulhassan
|l|☆Rafe132
