|html|<div class="broadcast-blue"><strong>[Gen 8] Ubers is currently suspecting Calyrex-Shadow! For information on how to participate check out the <a href="https://www.smogon.com/forums/threads/np-ss-ubers-stage-8-ridin-dirty-calyrex-shadow-suspect-test.3704200/">suspect thread</a>.</strong></div>
|j|☆johnmorgan1990
|j|☆ubcs learnlearn
|t:|1657197982
|gametype|singles
|player|p1|johnmorgan1990|265|1177
|player|p2|ubcs learnlearn|waitress-gen4|1000
|teamsize|p1|6
|teamsize|p2|6
|gen|8
|tier|[Gen 8] Ubers
|rated|
|rule|Sleep Clause Mod: Limit one foe put to sleep
|rule|Species Clause: Limit one of each Pokémon
|rule|OHKO Clause: OHKO moves are banned
|rule|Evasion Moves Clause: Evasion moves are banned
|rule|Endless Battle Clause: Forcing endless battles is banned
|rule|HP Percentage Mod: HP is shown in percentages
|rule|Dynamax Clause: You cannot dynamax
|clearpoke
|poke|p1|Calyrex-Shadow|
|poke|p1|Xerneas-*|
|poke|p1|Eternatus|
|poke|p1|Marshadow|
|poke|p1|Ho-Oh|
|poke|p1|Yveltal|
|poke|p2|Barraskewda, F|
|poke|p2|Kyogre|
|poke|p2|Dugtrio, F|
|poke|p2|Necrozma-Dusk-Mane|
|poke|p2|Yveltal|
|poke|p2|Clefable, M|
|teampreview
|inactive|Battle timer is ON: inactive players will automatically lose when time's up. (requested by johnmorgan1990)
|
|t:|1657197994
|start
|switch|p1a: Yveltal|Yveltal|100/100
|switch|p2a: Kyogre|Kyogre|100/100
|-ability|p1a: Yveltal|Dark Aura
|-weather|RainDance|[from] ability: Drizzle|[of] p2a: Kyogre
|turn|1
|
|t:|1657198003
|switch|p2a: Clefable|Clefable, M|100/100
|move|p1a: Yveltal|Sucker Punch||[still]
|-fail|p1a: Yveltal
|
|-weather|RainDance|[upkeep]
|upkeep
|turn|2
|
|t:|1657198018
|move|p1a: Yveltal|Toxic|p2a: Clefable
|-status|p2a: Clefable|tox
|move|p2a: Clefable|Thunder Wave|p1a: Yveltal
|-status|p1a: Yveltal|par
|
|-weather|RainDance|[upkeep]
|upkeep
|turn|3
|
|t:|1657198025
|move|p2a: Clefable|Stealth Rock|p1a: Yveltal
|-sidestart|p1: johnmorgan1990|move: Stealth Rock
|move|p1a: Yveltal|Knock Off|p2a: Clefable
|-resisted|p2a: Clefable
|-damage|p2a: Clefable|66/100 tox
|-damage|p1a: Yveltal|84/100 par|[from] item: Rocky Helmet|[of] p2a: Clefable
|-enditem|p2a: Clefable|Rocky Helmet|[from] move: Knock Off|[of] p1a: Yveltal
|
|-weather|RainDance|[upkeep]
|upkeep
|turn|4
|
|t:|1657198037
|move|p2a: Clefable|Soft-Boiled|p2a: Clefable
|-heal|p2a: Clefable|100/100 tox
|move|p1a: Yveltal|Defog|p2a: Clefable
|-unboost|p2a: Clefable|evasion|1
|-sideend|p1: johnmorgan1990|Stealth Rock|[from] move: Defog|[of] p1a: Yveltal
|
|-weather|RainDance|[upkeep]
|upkeep
|turn|5
|
|t:|1657198045
|move|p2a: Clefable|Stealth Rock|p1a: Yveltal
|-sidestart|p1: johnmorgan1990|move: Stealth Rock
|move|p1a: Yveltal|Knock Off|p2a: Clefable
|-resisted|p2a: Clefable
|-damage|p2a: Clefable|78/100 tox
|
|-weather|none
|upkeep
|turn|6
|
|t:|1657198054
|move|p2a: Clefable|Moonblast|p1a: Yveltal
|-supereffective|p1a: Yveltal
|-damage|p1a: Yveltal|27/100 par
|move|p1a: Yveltal|Defog|p2a: Clefable
|-unboost|p2a: Clefable|evasion|1
|-sideend|p1: johnmorgan1990|Stealth Rock|[from] move: Defog|[of] p1a: Yveltal
|
|upkeep
|turn|7
|
|t:|1657198063
|switch|p1a: Ho-Oh|Ho-Oh|100/100
|move|p2a: Clefable|Stealth Rock|p1a: Ho-Oh
|-sidestart|p1: johnmorgan1990|move: Stealth Rock
|
|upkeep
|turn|8
|
|t:|1657198069
|move|p1a: Ho-Oh|Sacred Fire|p2a: Clefable
|-damage|p2a: Clefable|32/100 tox
|move|p2a: Clefable|Thunder Wave|p1a: Ho-Oh
|-status|p1a: Ho-Oh|par
|
|upkeep
|turn|9
|
|t:|1657198076
|move|p2a: Clefable|Soft-Boiled|p2a: Clefable
|-heal|p2a: Clefable|82/100 tox
|move|p1a: Ho-Oh|Sacred Fire|p2a: Clefable
|-damage|p2a: Clefable|36/100 tox
|
|upkeep
|turn|10
|
|t:|1657198084
|move|p2a: Clefable|Soft-Boiled|p2a: Clefable
|-heal|p2a: Clefable|86/100 tox
|cant|p1a: Ho-Oh|par
|
|upkeep
|turn|11
|
|t:|1657198091
|switch|p2a: Kyogre|Kyogre|100/100
|-weather|RainDance|[from] ability: Drizzle|[of] p2a: Kyogre
|cant|p1a: Ho-Oh|par
|
|-weather|RainDance|[upkeep]
|upkeep
|turn|12
|
|t:|1657198100
|move|p2a: Kyogre|Water Spout|p1a: Ho-Oh
|-supereffective|p1a: Ho-Oh
|-damage|p1a: Ho-Oh|0 fnt
|faint|p1a: Ho-Oh
|
|-weather|RainDance|[upkeep]
|upkeep
|
|t:|1657198108
|switch|p1a: Yveltal|Yveltal|27/100 par
|-damage|p1a: Yveltal|2/100 par|[from] Stealth Rock
|-ability|p1a: Yveltal|Dark Aura
|turn|13
|
|t:|1657198113
|switch|p2a: Clefable|Clefable, M|86/100 tox
|move|p1a: Yveltal|Sucker Punch||[still]
|-fail|p1a: Yveltal
|
|-weather|RainDance|[upkeep]
|upkeep
|turn|14
|
|t:|1657198120
|move|p2a: Clefable|Moonblast|p1a: Yveltal
|-supereffective|p1a: Yveltal
|-damage|p1a: Yveltal|0 fnt
|faint|p1a: Yveltal
|
|-weather|RainDance|[upkeep]
|upkeep
|
|t:|1657198133
|switch|p1a: Xerneas|Xerneas|100/100
|-damage|p1a: Xerneas|88/100|[from] Stealth Rock
|-ability|p1a: Xerneas|Fairy Aura
|turn|15
|n|☆ubcs learnlearn|ubcslearnlearn
|
|t:|1657198146
|switch|p2a: Necrozma|Necrozma-Dusk-Mane|100/100
|move|p1a: Xerneas|Moonblast|p2a: Necrozma
|-resisted|p2a: Necrozma
|-damage|p2a: Necrozma|70/100
|
|-weather|none
|-heal|p2a: Necrozma|76/100|[from] item: Leftovers
|upkeep
|turn|16
|inactive|ubcs learnlearn has 120 seconds left.
|
|t:|1657198179
|move|p1a: Xerneas|Geomancy||[still]
|-prepare|p1a: Xerneas|Geomancy
|-enditem|p1a: Xerneas|Power Herb
|-anim|p1a: Xerneas|Geomancy|p1a: Xerneas
|-boost|p1a: Xerneas|spa|2
|-boost|p1a: Xerneas|spd|2
|-boost|p1a: Xerneas|spe|2
|move|p2a: Necrozma|Sunsteel Strike|p1a: Xerneas
|-supereffective|p1a: Xerneas
|-damage|p1a: Xerneas|0 fnt
|faint|p1a: Xerneas
|
|-heal|p2a: Necrozma|82/100|[from] item: Leftovers
|upkeep
|
|t:|1657198193
|switch|p1a: Eternatus|Eternatus|100/100
|-damage|p1a: Eternatus|88/100|[from] Stealth Rock
|-ability|p1a: Eternatus|Pressure
|turn|17
|
|t:|1657198200
|move|p1a: Eternatus|Meteor Beam||[still]
|-prepare|p1a: Eternatus|Meteor Beam
|-boost|p1a: Eternatus|spa|1
|-enditem|p1a: Eternatus|Power Herb
|-anim|p1a: Eternatus|Meteor Beam|p2a: Necrozma
|-resisted|p2a: Necrozma
|-damage|p2a: Necrozma|54/100
|move|p2a: Necrozma|Knock Off|p1a: Eternatus
|-damage|p1a: Eternatus|65/100
|
|-heal|p2a: Necrozma|61/100|[from] item: Leftovers
|upkeep
|turn|18
|
|t:|1657198211
|move|p1a: Eternatus|Dynamax Cannon|p2a: Necrozma
|-resisted|p2a: Necrozma
|-damage|p2a: Necrozma|27/100
|move|p2a: Necrozma|Morning Sun|p2a: Necrozma
|-heal|p2a: Necrozma|76/100
|
|-heal|p2a: Necrozma|83/100|[from] item: Leftovers
|upkeep
|turn|19
|
|t:|1657198219
|move|p1a: Eternatus|Meteor Beam||[still]
|-prepare|p1a: Eternatus|Meteor Beam
|-boost|p1a: Eternatus|spa|1
|move|p2a: Necrozma|Dragon Dance|p2a: Necrozma
|-boost|p2a: Necrozma|atk|1
|-boost|p2a: Necrozma|spe|1
|
|-heal|p2a: Necrozma|89/100|[from] item: Leftovers
|upkeep
|turn|20
|
|t:|1657198233
|move|p1a: Eternatus|Meteor Beam|p2a: Necrozma|[from]lockedmove|[miss]
|-miss|p1a: Eternatus|p2a: Necrozma
|move|p2a: Necrozma|Dragon Dance|p2a: Necrozma
|-boost|p2a: Necrozma|atk|1
|-boost|p2a: Necrozma|spe|1
|
|-heal|p2a: Necrozma|95/100|[from] item: Leftovers
|upkeep
|turn|21
|
|t:|1657198243
|move|p2a: Necrozma|Sunsteel Strike|p1a: Eternatus
|-damage|p1a: Eternatus|0 fnt
|faint|p1a: Eternatus
|
|-heal|p2a: Necrozma|100/100|[from] item: Leftovers
|upkeep
|
|t:|1657198250
|switch|p1a: Marshadow|Marshadow|100/100
|-damage|p1a: Marshadow|94/100|[from] Stealth Rock
|turn|22
|
|t:|1657198255
|move|p2a: Necrozma|Sunsteel Strike|p1a: Marshadow
|-crit|p1a: Marshadow
|-damage|p1a: Marshadow|0 fnt
|faint|p1a: Marshadow
|
|upkeep
|-message|johnmorgan1990 forfeited.
|
|win|ubcs learnlearn
|raw|johnmorgan1990's rating: 1177 &rarr; <strong>1140</strong><br />(-37 for losing)
|raw|ubcs learnlearn's rating: 1000 &rarr; <strong>1059</strong><br />(+59 for winning)
|l|☆johnmorgan1990
