|j|☆King Billu
|j|☆Monai
|t:|1669251660
|gametype|singles
|player|p1|King Billu|rood|
|player|p2|Monai|#uplxdurians|
|teamsize|p1|6
|teamsize|p2|6
|gen|8
|tier|[Gen 8] Ubers
|rated|Tournament battle
|rule|Sleep Clause Mod: Limit one foe put to sleep
|rule|Species Clause: Limit one of each Pokémon
|rule|OHKO Clause: OHKO moves are banned
|rule|Evasion Items Clause: Evasion items are banned
|rule|Evasion Moves Clause: Evasion moves are banned
|rule|Endless Battle Clause: Forcing endless battles is banned
|rule|HP Percentage Mod: HP is shown in percentages
|rule|Dynamax Clause: You cannot dynamax
|clearpoke
|poke|p1|Ribombee, F|
|poke|p1|Yveltal|
|poke|p1|Calyrex-Shadow|
|poke|p1|Xerneas-*|
|poke|p1|Necrozma-Dusk-Mane|
|poke|p1|Eternatus|
|poke|p2|Yveltal|
|poke|p2|Xerneas-*|
|poke|p2|Eternatus|
|poke|p2|Ho-Oh|
|poke|p2|Necrozma-Dusk-Mane|
|poke|p2|Zygarde|
|teampreview
|j| BB-8-NU
|j| Colteor
|j| Holy Ghost
|inactive|Battle timer is ON: inactive players will automatically lose when time's up. (requested by Monai)
|j|+ILoveMashing❤
|
|t:|1669251686
|start
|switch|p1a: Rebellion|Ribombee, F|100/100|
|switch|p2a: Ho-Oh|Ho-Oh|100/100|
|turn|1
|
|t:|1669251690
|move|p1a: Rebellion|Stun Spore|p2a: Ho-Oh
|-status|p2a: Ho-Oh|par
|move|p2a: Ho-Oh|Thunder Wave|p1a: Rebellion|[miss]
|-miss|p2a: Ho-Oh|p1a: Rebellion
|
|upkeep
|turn|2
|
|t:|1669251699
|move|p1a: Rebellion|Sticky Web|p2a: Ho-Oh
|-sidestart|p2: Monai|move: Sticky Web
|cant|p2a: Ho-Oh|par
|
|upkeep
|turn|3
|
|t:|1669251704
|switch|p1a: Solo|Yveltal|100/100|
|-ability|p1a: Solo|Dark Aura
|move|p2a: Ho-Oh|Thunder Wave|p1a: Solo
|-status|p1a: Solo|par
|
|upkeep
|turn|4
|
|t:|1669251708
|move|p1a: Solo|Taunt|p2a: Ho-Oh
|-start|p2a: Ho-Oh|move: Taunt
|cant|p2a: Ho-Oh|move: Taunt|Defog
|
|upkeep
|turn|5
|
|t:|1669251718
|move|p1a: Solo|Knock Off|p2a: Ho-Oh
|-crit|p2a: Ho-Oh
|-damage|p2a: Ho-Oh|0 fnt
|-enditem|p2a: Ho-Oh|Heavy-Duty Boots|[from] move: Knock Off|[of] p1a: Solo
|faint|p2a: Ho-Oh
|
|upkeep
|c|☆King Billu|mb
|j| Evuelf
|c|☆Monai|happens
|
|t:|1669251740
|switch|p2a: Xerneas|Xerneas|100/100|
|-activate|p2a: Xerneas|move: Sticky Web
|-unboost|p2a: Xerneas|spe|1
|-ability|p2a: Xerneas|Fairy Aura
|turn|6
|c|☆King Billu|the strap
|c|☆Monai|the strap
|
|t:|1669251752
|switch|p2a: Yveltal|Yveltal|100/100|
|-ability|p2a: Yveltal|Dark Aura
|switch|p1a: Rebellion|Ribombee, F|100/100|
|
|upkeep
|turn|7
|
|t:|1669251757
|switch|p2a: Necrozma|Necrozma-Dusk-Mane|100/100|
|-activate|p2a: Necrozma|move: Sticky Web
|-unboost|p2a: Necrozma|spe|1
|move|p1a: Rebellion|Moonblast|p2a: Necrozma
|-resisted|p2a: Necrozma
|-damage|p2a: Necrozma|87/100
|-unboost|p2a: Necrozma|spa|1
|
|-heal|p2a: Necrozma|93/100|[from] item: Leftovers
|upkeep
|turn|8
|
|t:|1669251766
|switch|p1a: Rabbit|Calyrex-Shadow|100/100|
|-ability|p1a: Rabbit|As One
|-ability|p1a: Rabbit|Unnerve
|move|p2a: Necrozma|Thunder Wave|p1a: Rabbit
|-status|p1a: Rabbit|par
|
|-heal|p2a: Necrozma|99/100|[from] item: Leftovers
|upkeep
|turn|9
|
|t:|1669251773
|move|p1a: Rabbit|Nasty Plot|p1a: Rabbit
|-boost|p1a: Rabbit|spa|2
|move|p2a: Necrozma|Stealth Rock|p1a: Rabbit
|-sidestart|p1: King Billu|move: Stealth Rock
|
|-heal|p2a: Necrozma|100/100|[from] item: Leftovers
|upkeep
|turn|10
|
|t:|1669251779
|switch|p2a: Yveltal|Yveltal|100/100|
|-ability|p2a: Yveltal|Dark Aura
|cant|p1a: Rabbit|par
|
|upkeep
|turn|11
|
|t:|1669251784
|move|p2a: Yveltal|U-turn|p1a: Rabbit
|-damage|p1a: Rabbit|58/100 par
|
|t:|1669251801
|switch|p2a: Necrozma|Necrozma-Dusk-Mane|100/100|[from] U-turn
|-activate|p2a: Necrozma|move: Sticky Web
|-unboost|p2a: Necrozma|spe|1
|move|p1a: Rabbit|Draining Kiss|p2a: Necrozma
|-resisted|p2a: Necrozma
|-damage|p2a: Necrozma|86/100
|-heal|p1a: Rabbit|71/100 par|[from] drain|[of] p2a: Necrozma
|
|-heal|p2a: Necrozma|92/100|[from] item: Leftovers
|upkeep
|turn|12
|
|t:|1669251812
|cant|p1a: Rabbit|par
|move|p2a: Necrozma|Iron Head|p1a: Rabbit
|-damage|p1a: Rabbit|20/100 par
|
|-heal|p2a: Necrozma|98/100|[from] item: Leftovers
|upkeep
|turn|13
|
|t:|1669251817
|move|p1a: Rabbit|Astral Barrage|p2a: Necrozma
|-supereffective|p2a: Necrozma
|-damage|p2a: Necrozma|0 fnt
|faint|p2a: Necrozma
|-ability|p1a: Rabbit|Grim Neigh|boost
|-boost|p1a: Rabbit|spa|1
|
|upkeep
|
|t:|1669251821
|switch|p2a: Yveltal|Yveltal|100/100|
|-ability|p2a: Yveltal|Dark Aura
|turn|14
|
|t:|1669251831
|move|p2a: Yveltal|U-turn|p1a: Rabbit
|-damage|p1a: Rabbit|0 fnt
|faint|p1a: Rabbit
|
|t:|1669251837
|switch|p2a: Eternatus|Eternatus|100/100|[from] U-turn
|-activate|p2a: Eternatus|move: Sticky Web
|-unboost|p2a: Eternatus|spe|1
|-ability|p2a: Eternatus|Pressure
|
|upkeep
|
|t:|1669251845
|switch|p1a: Blux|Necrozma-Dusk-Mane|100/100|
|-damage|p1a: Blux|94/100|[from] Stealth Rock
|turn|15
|
|t:|1669251854
|switch|p2a: Yveltal|Yveltal|100/100|
|-ability|p2a: Yveltal|Dark Aura
|move|p1a: Blux|Dragon Dance|p1a: Blux
|-boost|p1a: Blux|atk|1
|-boost|p1a: Blux|spe|1
|
|upkeep
|turn|16
|
|t:|1669251859
|move|p1a: Blux|Sunsteel Strike|p2a: Yveltal
|-damage|p2a: Yveltal|4/100
|move|p2a: Yveltal|Knock Off|p1a: Blux
|-supereffective|p1a: Blux
|-damage|p1a: Blux|0 fnt
|-enditem|p1a: Blux|Lum Berry|[from] move: Knock Off|[of] p2a: Yveltal
|faint|p1a: Blux
|
|upkeep
|
|t:|1669251881
|switch|p1a: Rebellion|Ribombee, F|100/100|
|-damage|p1a: Rebellion|76/100|[from] Stealth Rock
|turn|17
|
|t:|1669251892
|switch|p2a: Eternatus|Eternatus|100/100|
|-activate|p2a: Eternatus|move: Sticky Web
|-unboost|p2a: Eternatus|spe|1
|-ability|p2a: Eternatus|Pressure
|move|p1a: Rebellion|Moonblast|p2a: Eternatus
|-damage|p2a: Eternatus|77/100
|
|upkeep
|turn|18
|
|t:|1669251900
|move|p1a: Rebellion|Stun Spore|p2a: Eternatus
|-status|p2a: Eternatus|par
|move|p2a: Eternatus|Toxic|p1a: Rebellion
|-status|p1a: Rebellion|tox
|
|-damage|p1a: Rebellion|69/100 tox|[from] psn
|upkeep
|turn|19
|
|t:|1669251910
|switch|p1a: Billu|Xerneas|100/100|
|-damage|p1a: Billu|88/100|[from] Stealth Rock
|-ability|p1a: Billu|Fairy Aura
|move|p2a: Eternatus|Toxic|p1a: Billu
|-status|p1a: Billu|tox
|
|-damage|p1a: Billu|82/100 tox|[from] psn
|upkeep
|turn|20
|
|t:|1669251914
|move|p1a: Billu|Geomancy||[still]
|-prepare|p1a: Billu|Geomancy
|-enditem|p1a: Billu|Power Herb
|-anim|p1a: Billu|Geomancy|p1a: Billu
|-boost|p1a: Billu|spa|2
|-boost|p1a: Billu|spd|2
|-boost|p1a: Billu|spe|2
|move|p2a: Eternatus|Mystical Fire|p1a: Billu
|-damage|p1a: Billu|70/100 tox
|-unboost|p1a: Billu|spa|1
|
|-damage|p1a: Billu|58/100 tox|[from] psn
|upkeep
|turn|21
|
|t:|1669251920
|move|p1a: Billu|Moonblast|p2a: Eternatus
|-damage|p2a: Eternatus|12/100 par
|move|p2a: Eternatus|Recover|p2a: Eternatus
|-heal|p2a: Eternatus|62/100 par
|
|-damage|p1a: Billu|40/100 tox|[from] psn
|upkeep
|turn|22
|
|t:|1669251928
|move|p1a: Billu|Moonblast|p2a: Eternatus
|-damage|p2a: Eternatus|0 fnt
|faint|p2a: Eternatus
|
|-damage|p1a: Billu|16/100 tox|[from] psn
|upkeep
|
|t:|1669251933
|switch|p2a: Yveltal|Yveltal|4/100|
|-ability|p2a: Yveltal|Dark Aura
|turn|23
|
|t:|1669251939
|move|p2a: Yveltal|Sucker Punch||[still]
|-fail|p2a: Yveltal
|move|p1a: Billu|Rest|p1a: Billu
|-status|p1a: Billu|slp|[from] move: Rest
|-heal|p1a: Billu|100/100 slp|[silent]
|
|upkeep
|turn|24
|c|☆Monai|gg
|-message|Monai forfeited.
|
|win|King Billu
|n|☆King Billu|kingbillu
|n|☆Monai|monai
|n| BB-8-NU|bb8nu
|n| Colteor|colteor
|n| Holy Ghost|holyghost
|n| ILoveMashing❤|ilovemashing
|n| Evuelf|evuelf
