|j|☆Uber uwu
|j|☆I Crit My Panties
|t:|1614048404
|player|p1|Uber uwu|furisodegirl-black|1597
|player|p2|I Crit My Panties|101|1498
|teamsize|p1|6
|teamsize|p2|6
|gametype|singles
|gen|8
|tier|[Gen 8] Ubers
|rated|
|clearpoke
|poke|p1|Yveltal|
|poke|p1|Eternatus|
|poke|p1|Necrozma-Dusk-Mane|
|poke|p1|Zygarde|
|poke|p1|Zacian|
|poke|p1|Calyrex-Shadow|
|poke|p2|Yveltal|
|poke|p2|Necrozma-Dusk-Mane|
|poke|p2|Eternatus|
|poke|p2|Xerneas|
|poke|p2|Ho-Oh|
|poke|p2|Calyrex-Shadow|
|rule|Sleep Clause Mod: Limit one foe put to sleep
|rule|Species Clause: Limit one of each Pokémon
|rule|OHKO Clause: OHKO moves are banned
|rule|Evasion Moves Clause: Evasion moves are banned
|rule|Endless Battle Clause: Forcing endless battles is banned
|rule|HP Percentage Mod: HP is shown in percentages
|rule|Dynamax Clause: You cannot dynamax
|teampreview
|inactive|Battle timer is ON: inactive players will automatically lose when time's up. (requested by I Crit My Panties)
|
|t:|1614048420
|start
|switch|p1a: Forgot my sword|Zacian|100/100
|switch|p2a: Yveltal|Yveltal|100/100
|-ability|p1a: Forgot my sword|Intrepid Sword|boost
|-boost|p1a: Forgot my sword|atk|1
|-ability|p2a: Yveltal|Dark Aura
|turn|1
|
|t:|1614048433
|switch|p2a: Necrozma|Necrozma-Dusk-Mane|100/100
|move|p1a: Forgot my sword|Crunch|p2a: Necrozma
|-supereffective|p2a: Necrozma
|-damage|p2a: Necrozma|70/100
|-unboost|p2a: Necrozma|def|1
|-damage|p1a: Forgot my sword|84/100|[from] item: Rocky Helmet|[of] p2a: Necrozma
|
|-heal|p1a: Forgot my sword|90/100|[from] item: Leftovers
|upkeep
|turn|2
|
|t:|1614048438
|switch|p2a: Yveltal|Yveltal|100/100
|-ability|p2a: Yveltal|Dark Aura
|move|p1a: Forgot my sword|Substitute|p1a: Forgot my sword
|-start|p1a: Forgot my sword|Substitute
|-damage|p1a: Forgot my sword|65/100
|
|-heal|p1a: Forgot my sword|71/100|[from] item: Leftovers
|upkeep
|turn|3
|
|t:|1614048444
|switch|p2a: Necrozma|Necrozma-Dusk-Mane|70/100
|move|p1a: Forgot my sword|Swords Dance|p1a: Forgot my sword
|-boost|p1a: Forgot my sword|atk|2
|
|-heal|p1a: Forgot my sword|77/100|[from] item: Leftovers
|upkeep
|turn|4
|
|t:|1614048448
|move|p1a: Forgot my sword|Crunch|p2a: Necrozma
|-supereffective|p2a: Necrozma
|-damage|p2a: Necrozma|16/100
|-damage|p1a: Forgot my sword|61/100|[from] item: Rocky Helmet|[of] p2a: Necrozma
|move|p2a: Necrozma|Sunsteel Strike|p1a: Forgot my sword
|-supereffective|p1a: Forgot my sword
|-end|p1a: Forgot my sword|Substitute
|
|-heal|p1a: Forgot my sword|67/100|[from] item: Leftovers
|upkeep
|turn|5
|
|t:|1614048454
|move|p1a: Forgot my sword|Crunch|p2a: Necrozma
|-supereffective|p2a: Necrozma
|-damage|p2a: Necrozma|0 fnt
|-damage|p1a: Forgot my sword|50/100|[from] item: Rocky Helmet|[of] p2a: Necrozma
|faint|p2a: Necrozma
|
|-heal|p1a: Forgot my sword|57/100|[from] item: Leftovers
|upkeep
|
|t:|1614048460
|switch|p2a: Calyrex|Calyrex-Shadow|100/100
|-ability|p2a: Calyrex|As One
|-ability|p2a: Calyrex|Unnerve|p1: Uber uwu
|turn|6
|
|t:|1614048466
|move|p2a: Calyrex|Trick|p1a: Forgot my sword
|-activate|p2a: Calyrex|move: Trick|[of] p1a: Forgot my sword
|-item|p1a: Forgot my sword|Choice Scarf|[from] move: Trick
|-item|p2a: Calyrex|Leftovers|[from] move: Trick
|move|p1a: Forgot my sword|Crunch|p2a: Calyrex
|-supereffective|p2a: Calyrex
|-damage|p2a: Calyrex|0 fnt
|faint|p2a: Calyrex
|
|upkeep
|-message|I Crit My Panties forfeited.
|
|win|Uber uwu
|l|☆I Crit My Panties
|raw|Uber uwu's rating: 1597 &rarr; <strong>1612</strong><br />(+15 for winning)
|raw|I Crit My Panties's rating: 1499 &rarr; <strong>1484</strong><br />(-15 for losing)
