|j|☆DarkSaint117
|j|☆Ryriss
|t:|1642965626
|gametype|singles
|player|p1|DarkSaint117|iris-gen5bw2|1305
|player|p2|Ryriss|hilbert|1433
|teamsize|p1|6
|teamsize|p2|6
|gen|8
|tier|[Gen 8] Ubers
|rated|
|rule|Sleep Clause Mod: Limit one foe put to sleep
|rule|Species Clause: Limit one of each Pokémon
|rule|OHKO Clause: OHKO moves are banned
|rule|Evasion Moves Clause: Evasion moves are banned
|rule|Endless Battle Clause: Forcing endless battles is banned
|rule|HP Percentage Mod: HP is shown in percentages
|rule|Dynamax Clause: You cannot dynamax
|clearpoke
|poke|p1|Ribombee, F|
|poke|p1|Regieleki|
|poke|p1|Ho-Oh|
|poke|p1|Aegislash, F|
|poke|p1|Zygarde|
|poke|p1|Darmanitan-Galar, M|
|poke|p2|Giratina-Origin|
|poke|p2|Zekrom|
|poke|p2|Genesect|
|poke|p2|Kyurem-Black|
|poke|p2|Lugia|
|poke|p2|Yveltal|
|teampreview
|
|t:|1642965631
|start
|switch|p1a: Ribombee|Ribombee, F|100/100
|switch|p2a: Lugia|Lugia|100/100
|-ability|p2a: Lugia|Pressure
|turn|1
|inactive|Battle timer is ON: inactive players will automatically lose when time's up. (requested by DarkSaint117)
|
|t:|1642965640
|move|p1a: Ribombee|Stun Spore|p2a: Lugia|[miss]
|-miss|p1a: Ribombee|p2a: Lugia
|move|p2a: Lugia|Light Screen|p2a: Lugia
|-sidestart|p2: Ryriss|move: Light Screen
|
|upkeep
|turn|2
|
|t:|1642965647
|move|p1a: Ribombee|Sticky Web|p2a: Lugia
|-sidestart|p2: Ryriss|move: Sticky Web
|move|p2a: Lugia|Safeguard|p2a: Lugia
|-sidestart|p2: Ryriss|Safeguard
|
|upkeep
|turn|3
|
|t:|1642965656
|switch|p1a: Regieleki|Regieleki|100/100
|move|p2a: Lugia|Reflect|p2a: Lugia
|-sidestart|p2: Ryriss|Reflect
|
|upkeep
|turn|4
|
|t:|1642965663
|switch|p2a: Zekrom|Zekrom|100/100
|-ability|p2a: Zekrom|Teravolt
|move|p1a: Regieleki|Wild Charge|p2a: Zekrom
|-resisted|p2a: Zekrom
|-damage|p2a: Zekrom|96/100
|-damage|p1a: Regieleki|99/100|[from] Recoil
|
|upkeep
|turn|5
|
|t:|1642965685
|switch|p1a: Darmanitan|Darmanitan-Galar, M|100/100
|move|p2a: Zekrom|Dragon Dance|p2a: Zekrom
|-boost|p2a: Zekrom|atk|1
|-boost|p2a: Zekrom|spe|1
|
|upkeep
|turn|6
|
|t:|1642965693
|move|p2a: Zekrom|Dragon Dance|p2a: Zekrom
|-boost|p2a: Zekrom|atk|1
|-boost|p2a: Zekrom|spe|1
|move|p1a: Darmanitan|Icicle Crash|p2a: Zekrom
|-supereffective|p2a: Zekrom
|-damage|p2a: Zekrom|17/100
|
|-sideend|p2: Ryriss|Safeguard
|upkeep
|turn|7
|
|t:|1642965708
|move|p2a: Zekrom|Dragon Claw|p1a: Darmanitan
|-damage|p1a: Darmanitan|0 fnt
|faint|p1a: Darmanitan
|
|upkeep
|
|t:|1642965713
|switch|p1a: Ribombee|Ribombee, F|100/100
|turn|8
|
|t:|1642965718
|move|p2a: Zekrom|Fusion Bolt|p1a: Ribombee
|-enditem|p1a: Ribombee|Focus Sash
|-damage|p1a: Ribombee|1/100
|move|p1a: Ribombee|Moonblast|p2a: Zekrom
|-supereffective|p2a: Zekrom
|-damage|p2a: Zekrom|0 fnt
|faint|p2a: Zekrom
|
|-sideend|p2: Ryriss|move: Light Screen
|upkeep
|
|t:|1642965733
|switch|p2a: Yveltal|Yveltal|100/100
|-ability|p2a: Yveltal|Dark Aura
|turn|9
|
|t:|1642965738
|move|p2a: Yveltal|Sucker Punch||[still]
|-fail|p2a: Yveltal
|move|p1a: Ribombee|Stun Spore|p2a: Yveltal
|-status|p2a: Yveltal|par
|
|upkeep
|turn|10
|
|t:|1642965744
|move|p1a: Ribombee|Moonblast|p2a: Yveltal
|-supereffective|p2a: Yveltal
|-damage|p2a: Yveltal|36/100 par
|move|p2a: Yveltal|Oblivion Wing|p1a: Ribombee
|-supereffective|p1a: Ribombee
|-damage|p1a: Ribombee|0 fnt
|-heal|p2a: Yveltal|36/100 par|[from] drain|[of] p1a: Ribombee
|faint|p1a: Ribombee
|
|-sideend|p2: Ryriss|Reflect
|upkeep
|
|t:|1642965762
|switch|p1a: Zygarde|Zygarde, shiny|100/100
|turn|11
|
|t:|1642965766
|move|p1a: Zygarde|Substitute|p1a: Zygarde
|-start|p1a: Zygarde|Substitute
|-damage|p1a: Zygarde|75/100
|move|p2a: Yveltal|Dark Pulse|p1a: Zygarde
|-end|p1a: Zygarde|Substitute
|
|-heal|p1a: Zygarde|82/100|[from] item: Leftovers
|upkeep
|turn|12
|
|t:|1642965775
|move|p1a: Zygarde|Dragon Dance|p1a: Zygarde
|-boost|p1a: Zygarde|atk|1
|-boost|p1a: Zygarde|spe|1
|cant|p2a: Yveltal|par
|
|-heal|p1a: Zygarde|88/100|[from] item: Leftovers
|upkeep
|turn|13
|
|t:|1642965783
|move|p1a: Zygarde|Substitute|p1a: Zygarde
|-start|p1a: Zygarde|Substitute
|-damage|p1a: Zygarde|63/100
|move|p2a: Yveltal|Dark Pulse|p1a: Zygarde
|-end|p1a: Zygarde|Substitute
|
|-heal|p1a: Zygarde|69/100|[from] item: Leftovers
|upkeep
|turn|14
|
|t:|1642965792
|move|p1a: Zygarde|Dragon Dance|p1a: Zygarde
|-boost|p1a: Zygarde|atk|1
|-boost|p1a: Zygarde|spe|1
|move|p2a: Yveltal|Dark Pulse|p1a: Zygarde
|-damage|p1a: Zygarde|15/100
|
|-heal|p1a: Zygarde|21/100|[from] item: Leftovers
|-activate|p1a: Zygarde|ability: Power Construct
|detailschange|p1a: Zygarde|Zygarde-Complete, shiny
|-heal|p1a: Zygarde|48/100|[silent]
|upkeep
|turn|15
|
|t:|1642965809
|move|p1a: Zygarde|Substitute|p1a: Zygarde
|-start|p1a: Zygarde|Substitute
|-damage|p1a: Zygarde|23/100
|move|p2a: Yveltal|Dark Pulse|p1a: Zygarde
|-end|p1a: Zygarde|Substitute
|
|-heal|p1a: Zygarde|29/100|[from] item: Leftovers
|upkeep
|turn|16
|
|t:|1642965818
|move|p1a: Zygarde|Thousand Arrows|p2a: Yveltal
|-damage|p2a: Yveltal|0 fnt
|faint|p2a: Yveltal
|
|-heal|p1a: Zygarde|35/100|[from] item: Leftovers
|upkeep
|
|t:|1642965827
|switch|p2a: Lugia|Lugia|100/100
|-ability|p2a: Lugia|Pressure
|turn|17
|
|t:|1642965831
|move|p1a: Zygarde|Substitute|p1a: Zygarde
|-start|p1a: Zygarde|Substitute
|-damage|p1a: Zygarde|10/100
|move|p2a: Lugia|Reflect|p2a: Lugia
|-sidestart|p2: Ryriss|Reflect
|
|-heal|p1a: Zygarde|17/100|[from] item: Leftovers
|upkeep
|turn|18
|
|t:|1642965843
|switch|p2a: Giratina|Giratina-Origin|100/100
|move|p1a: Zygarde|Dragon Dance|p1a: Zygarde
|-boost|p1a: Zygarde|atk|1
|-boost|p1a: Zygarde|spe|1
|
|-heal|p1a: Zygarde|23/100|[from] item: Leftovers
|upkeep
|turn|19
|j| Sp00kyM0nk
|
|t:|1642965853
|move|p1a: Zygarde|Dragon Dance|p1a: Zygarde
|-boost|p1a: Zygarde|atk|1
|-boost|p1a: Zygarde|spe|1
|move|p2a: Giratina|Poltergeist|p1a: Zygarde
|-activate|p1a: Zygarde|move: Poltergeist|Leftovers
|-activate|p1a: Zygarde|move: Substitute|[damage]
|
|-heal|p1a: Zygarde|29/100|[from] item: Leftovers
|upkeep
|turn|20
|
|t:|1642965863
|move|p1a: Zygarde|Dragon Dance|p1a: Zygarde
|-boost|p1a: Zygarde|atk|1
|-boost|p1a: Zygarde|spe|1
|move|p2a: Giratina|Poltergeist|p1a: Zygarde|[miss]
|-miss|p2a: Giratina|p1a: Zygarde
|
|-heal|p1a: Zygarde|35/100|[from] item: Leftovers
|upkeep
|turn|21
|
|t:|1642965874
|move|p2a: Giratina|Shadow Sneak|p1a: Zygarde
|-end|p1a: Zygarde|Substitute
|move|p1a: Zygarde|Dragon Dance|p1a: Zygarde
|-boost|p1a: Zygarde|atk|1
|-boost|p1a: Zygarde|spe|1
|
|-heal|p1a: Zygarde|41/100|[from] item: Leftovers
|upkeep
|turn|22
|
|t:|1642965882
|move|p1a: Zygarde|Substitute|p1a: Zygarde
|-start|p1a: Zygarde|Substitute
|-damage|p1a: Zygarde|16/100
|move|p2a: Giratina|Draco Meteor|p1a: Zygarde
|-supereffective|p1a: Zygarde
|-end|p1a: Zygarde|Substitute
|-unboost|p2a: Giratina|spa|2
|
|-heal|p1a: Zygarde|22/100|[from] item: Leftovers
|upkeep
|turn|23
|
|t:|1642965898
|move|p1a: Zygarde|Outrage|p2a: Giratina
|-supereffective|p2a: Giratina
|-damage|p2a: Giratina|0 fnt
|faint|p2a: Giratina
|
|-heal|p1a: Zygarde|28/100|[from] item: Leftovers
|upkeep
|
|t:|1642965906
|switch|p2a: Genesect|Genesect, shiny|100/100
|-ability|p2a: Genesect|Download|boost
|-boost|p2a: Genesect|spa|1
|turn|24
|
|t:|1642965911
|move|p1a: Zygarde|Outrage|p2a: Genesect|[from]lockedmove
|-resisted|p2a: Genesect
|-damage|p2a: Genesect|52/100
|move|p2a: Genesect|Shift Gear|p2a: Genesect
|-boost|p2a: Genesect|spe|2
|-boost|p2a: Genesect|atk|1
|
|-heal|p1a: Zygarde|34/100|[from] item: Leftovers
|-sideend|p2: Ryriss|Reflect
|upkeep
|turn|25
|
|t:|1642965921
|move|p1a: Zygarde|Outrage|p2a: Genesect|[from]lockedmove
|-resisted|p2a: Genesect
|-damage|p2a: Genesect|0 fnt
|faint|p2a: Genesect
|-start|p1a: Zygarde|confusion|[fatigue]
|
|-heal|p1a: Zygarde|41/100|[from] item: Leftovers
|upkeep
|-message|Ryriss forfeited.
|
|win|DarkSaint117
|raw|DarkSaint117's rating: 1305 &rarr; <strong>1332</strong><br />(+27 for winning)
|raw|Ryriss's rating: 1433 &rarr; <strong>1406</strong><br />(-27 for losing)
|l|☆Ryriss
|l|☆DarkSaint117
