|html|<div class="broadcast-blue"><strong>[Gen 8] Ubers is currently suspecting Calyrex-Shadow! For information on how to participate check out the <a href="https://www.smogon.com/forums/threads/np-ss-ubers-stage-8-ridin-dirty-calyrex-shadow-suspect-test.3704200/">suspect thread</a>.</strong></div>
|j|☆hooooyeaaahhhh
|j|☆neptune732
|t:|1656730963
|gametype|singles
|player|p1|hooooyeaaahhhh|bugcatcher-gen4dp|1361
|player|p2|neptune732|265|1586
|teamsize|p1|6
|teamsize|p2|6
|gen|8
|tier|[Gen 8] Ubers
|rated|
|rule|Sleep Clause Mod: Limit one foe put to sleep
|rule|Species Clause: Limit one of each Pokémon
|rule|OHKO Clause: OHKO moves are banned
|rule|Evasion Moves Clause: Evasion moves are banned
|rule|Endless Battle Clause: Forcing endless battles is banned
|rule|HP Percentage Mod: HP is shown in percentages
|rule|Dynamax Clause: You cannot dynamax
|clearpoke
|poke|p1|Yveltal|
|poke|p1|Dracovish|
|poke|p1|Chansey, F|
|poke|p1|Regieleki|
|poke|p1|Amoonguss, M|
|poke|p1|Cinderace, M|
|poke|p2|Grimmsnarl, M|
|poke|p2|Xerneas-*|
|poke|p2|Ditto|
|poke|p2|Dugtrio, F|
|poke|p2|Zamazenta-*|
|poke|p2|Kyurem-Black|
|teampreview
|
|t:|1656730976
|start
|switch|p1a: Dracovish|Dracovish, shiny|100/100
|switch|p2a: Grimmsnarl|Grimmsnarl, M|100/100
|turn|1
|
|t:|1656730981
|move|p2a: Grimmsnarl|Reflect|p2a: Grimmsnarl
|-sidestart|p2: neptune732|Reflect
|move|p1a: Dracovish|Fishious Rend|p2a: Grimmsnarl
|-damage|p2a: Grimmsnarl|76/100
|
|upkeep
|turn|2
|
|t:|1656730989
|switch|p1a: Amoonguss|Amoonguss, M|100/100
|move|p2a: Grimmsnarl|Play Rough|p1a: Amoonguss
|-resisted|p1a: Amoonguss
|-damage|p1a: Amoonguss|87/100
|
|-heal|p1a: Amoonguss|93/100|[from] item: Black Sludge
|upkeep
|turn|3
|
|t:|1656730998
|move|p2a: Grimmsnarl|Taunt|p1a: Amoonguss
|-start|p1a: Amoonguss|move: Taunt
|cant|p1a: Amoonguss|move: Taunt|Spore
|
|-heal|p1a: Amoonguss|99/100|[from] item: Black Sludge
|upkeep
|turn|4
|
|t:|1656731015
|switch|p2a: Zamazenta|Zamazenta-Crowned|100/100
|-ability|p2a: Zamazenta|Dauntless Shield|boost
|-boost|p2a: Zamazenta|def|1
|move|p1a: Amoonguss|Sludge Bomb|p2a: Zamazenta
|-immune|p2a: Zamazenta
|
|-heal|p1a: Amoonguss|100/100|[from] item: Black Sludge
|upkeep
|turn|5
|
|t:|1656731043
|switch|p1a: Y|Yveltal, shiny|100/100
|-ability|p1a: Y|Dark Aura
|move|p2a: Zamazenta|Howl|p2a: Zamazenta
|-boost|p2a: Zamazenta|atk|1
|
|upkeep
|turn|6
|
|t:|1656731050
|move|p2a: Zamazenta|Wild Charge|p1a: Y
|-supereffective|p1a: Y
|-damage|p1a: Y|8/100
|-damage|p2a: Zamazenta|72/100|[from] Recoil
|move|p1a: Y|Oblivion Wing|p2a: Zamazenta
|-damage|p2a: Zamazenta|39/100
|-heal|p1a: Y|29/100|[from] drain|[of] p2a: Zamazenta
|
|upkeep
|turn|7
|inactive|Battle timer is ON: inactive players will automatically lose when time's up. (requested by neptune732)
|
|t:|1656731063
|switch|p1a: Amoonguss|Amoonguss, M|100/100
|move|p2a: Zamazenta|Behemoth Bash|p1a: Amoonguss
|-damage|p1a: Amoonguss|46/100
|
|-heal|p1a: Amoonguss|52/100|[from] item: Black Sludge
|upkeep
|turn|8
|
|t:|1656731070
|move|p2a: Zamazenta|Behemoth Bash|p1a: Amoonguss
|-damage|p1a: Amoonguss|0 fnt
|faint|p1a: Amoonguss
|
|-sideend|p2: neptune732|Reflect
|upkeep
|
|t:|1656731076
|switch|p1a: Dracovish|Dracovish, shiny|100/100
|turn|9
|
|t:|1656731079
|move|p1a: Dracovish|Fishious Rend|p2a: Zamazenta
|-damage|p2a: Zamazenta|0 fnt
|faint|p2a: Zamazenta
|
|upkeep
|
|t:|1656731083
|switch|p2a: Grimmsnarl|Grimmsnarl, M|76/100
|turn|10
|
|t:|1656731088
|switch|p1a: greninja/wish.com|Cinderace, M, shiny|100/100
|move|p2a: Grimmsnarl|Reflect|p2a: Grimmsnarl
|-sidestart|p2: neptune732|Reflect
|
|upkeep
|turn|11
|
|t:|1656731093
|move|p2a: Grimmsnarl|Taunt|p1a: greninja/wish.com
|-start|p1a: greninja/wish.com|move: Taunt
|move|p1a: greninja/wish.com|Gunk Shot|p2a: Grimmsnarl
|-start|p1a: greninja/wish.com|typechange|Poison|[from] ability: Libero
|-supereffective|p2a: Grimmsnarl
|-damage|p2a: Grimmsnarl|1/100
|-status|p2a: Grimmsnarl|psn
|-damage|p1a: greninja/wish.com|91/100|[from] item: Life Orb
|
|-damage|p2a: Grimmsnarl|0 fnt|[from] psn
|faint|p2a: Grimmsnarl
|upkeep
|
|t:|1656731107
|switch|p2a: Dugtrio|Dugtrio, F|100/100
|turn|12
|
|t:|1656731113
|move|p1a: greninja/wish.com|Sucker Punch|p2a: Dugtrio
|-start|p1a: greninja/wish.com|typechange|Dark|[from] ability: Libero
|-damage|p2a: Dugtrio|39/100
|-damage|p1a: greninja/wish.com|81/100|[from] item: Life Orb
|move|p2a: Dugtrio|Earthquake|p1a: greninja/wish.com
|-damage|p1a: greninja/wish.com|11/100
|
|upkeep
|turn|13
|
|t:|1656731126
|move|p1a: greninja/wish.com|Sucker Punch||[still]
|-fail|p1a: greninja/wish.com
|move|p2a: Dugtrio|Stealth Rock|p1a: greninja/wish.com
|-sidestart|p1: hooooyeaaahhhh|move: Stealth Rock
|
|-end|p1a: greninja/wish.com|move: Taunt
|upkeep
|turn|14
|
|t:|1656731134
|move|p1a: greninja/wish.com|Sucker Punch|p2a: Dugtrio
|-damage|p2a: Dugtrio|0 fnt
|faint|p2a: Dugtrio
|-damage|p1a: greninja/wish.com|1/100|[from] item: Life Orb
|
|upkeep
|
|t:|1656731140
|switch|p2a: Ditto|Ditto|100/100
|-transform|p2a: Ditto|p1a: greninja/wish.com|[from] ability: Imposter
|turn|15
|
|t:|1656731155
|move|p1a: greninja/wish.com|Sucker Punch|p2a: Ditto
|-resisted|p2a: Ditto
|-damage|p2a: Ditto|84/100
|-damage|p1a: greninja/wish.com|0 fnt|[from] item: Life Orb
|faint|p1a: greninja/wish.com
|move|p2a: Ditto|U-turn|p1: greninja/wish.com|[notarget]
|-fail|p2a: Ditto
|
|upkeep
|
|t:|1656731163
|switch|p1a: Dracovish|Dracovish, shiny|100/100
|-damage|p1a: Dracovish|88/100|[from] Stealth Rock
|turn|16
|
|t:|1656731168
|move|p2a: Ditto|U-turn|p1a: Dracovish
|-start|p2a: Ditto|typechange|Bug|[from] ability: Libero
|-damage|p1a: Dracovish|54/100
|
|t:|1656731172
|switch|p2a: Kyurem|Kyurem-Black|100/100|[from]move: U-turn
|-ability|p2a: Kyurem|Teravolt
|move|p1a: Dracovish|Fishious Rend|p2a: Kyurem
|-resisted|p2a: Kyurem
|-damage|p2a: Kyurem|77/100
|
|upkeep
|turn|17
|
|t:|1656731183
|switch|p1a: uggghhhhhhhh|Regieleki, shiny|100/100
|-damage|p1a: uggghhhhhhhh|88/100|[from] Stealth Rock
|move|p2a: Kyurem|Dragon Dance|p2a: Kyurem
|-boost|p2a: Kyurem|atk|1
|-boost|p2a: Kyurem|spe|1
|
|-sideend|p2: neptune732|Reflect
|upkeep
|turn|18
|
|t:|1656731190
|move|p1a: uggghhhhhhhh|Thunder Wave|p2a: Kyurem
|-status|p2a: Kyurem|par
|move|p2a: Kyurem|Icicle Spear|p1a: uggghhhhhhhh
|-damage|p1a: uggghhhhhhhh|44/100
|-damage|p1a: uggghhhhhhhh|0 fnt
|faint|p1a: uggghhhhhhhh
|-hitcount|p1: uggghhhhhhhh|2
|
|upkeep
|
|t:|1656731196
|switch|p1a: Y|Yveltal, shiny|29/100
|-damage|p1a: Y|4/100|[from] Stealth Rock
|-ability|p1a: Y|Dark Aura
|turn|19
|
|t:|1656731202
|move|p1a: Y|Dark Pulse|p2a: Kyurem
|-damage|p2a: Kyurem|17/100 par
|cant|p2a: Kyurem|par
|
|upkeep
|turn|20
|
|t:|1656731207
|move|p1a: Y|Dark Pulse|p2a: Kyurem
|-damage|p2a: Kyurem|0 fnt
|faint|p2a: Kyurem
|
|upkeep
|
|t:|1656731212
|switch|p2a: Ditto|Ditto|84/100
|-transform|p2a: Ditto|p1a: Y|[from] ability: Imposter
|-ability|p2a: Ditto|Dark Aura
|turn|21
|
|t:|1656731221
|move|p1a: Y|Sucker Punch|p2a: Ditto
|-resisted|p2a: Ditto
|-damage|p2a: Ditto|54/100
|move|p2a: Ditto|U-turn|p1a: Y
|-damage|p1a: Y|0 fnt
|faint|p1a: Y
|
|t:|1656731228
|switch|p2a: Xerneas|Xerneas|100/100|[from]move: U-turn
|-ability|p2a: Xerneas|Fairy Aura
|
|upkeep
|
|t:|1656731235
|switch|p1a: Dracovish|Dracovish, shiny|54/100
|-damage|p1a: Dracovish|42/100|[from] Stealth Rock
|turn|22
|
|t:|1656731245
|move|p1a: Dracovish|Fishious Rend|p2a: Xerneas
|-damage|p2a: Xerneas|20/100
|move|p2a: Xerneas|Geomancy||[still]
|-prepare|p2a: Xerneas|Geomancy
|-enditem|p2a: Xerneas|Power Herb
|-anim|p2a: Xerneas|Geomancy|p2a: Xerneas
|-boost|p2a: Xerneas|spa|2
|-boost|p2a: Xerneas|spd|2
|-boost|p2a: Xerneas|spe|2
|
|upkeep
|turn|23
|
|t:|1656731254
|switch|p1a: thick hog|Chansey, F, shiny|100/100
|-damage|p1a: thick hog|88/100|[from] Stealth Rock
|move|p2a: Xerneas|Moonblast|p1a: thick hog
|-damage|p1a: thick hog|52/100
|
|upkeep
|turn|24
|
|t:|1656731262
|move|p2a: Xerneas|Moonblast|p1a: thick hog
|-damage|p1a: thick hog|22/100
|move|p1a: thick hog|Seismic Toss|p2a: Xerneas
|-damage|p2a: Xerneas|0 fnt
|faint|p2a: Xerneas
|
|upkeep
|
|t:|1656731269
|switch|p2a: Ditto|Ditto|54/100
|-transform|p2a: Ditto|p1a: thick hog|[from] ability: Imposter
|turn|25
|
|t:|1656731286
|move|p2a: Ditto|Seismic Toss|p1a: thick hog
|-damage|p1a: thick hog|8/100
|move|p1a: thick hog|Soft-Boiled|p1a: thick hog
|-heal|p1a: thick hog|58/100
|
|upkeep
|turn|26
|-message|neptune732 forfeited.
|
|win|hooooyeaaahhhh
|raw|hooooyeaaahhhh's rating: 1361 &rarr; <strong>1392</strong><br />(+31 for winning)
|raw|neptune732's rating: 1586 &rarr; <strong>1555</strong><br />(-31 for losing)
|l|☆neptune732
