|j|☆Zenadark
|j|☆Limp Bi(z)KiQ
|t:|1666553424
|gametype|singles
|player|p1|Zenadark|cyrus-masters|
|player|p2|Limp Bi(z)KiQ|beauty-masters|
|teamsize|p1|6
|teamsize|p2|6
|gen|8
|tier|[Gen 8] Ubers
|rule|Sleep Clause Mod: Limit one foe put to sleep
|rule|Species Clause: Limit one of each Pokémon
|rule|OHKO Clause: OHKO moves are banned
|rule|Evasion Items Clause: Evasion items are banned
|rule|Evasion Moves Clause: Evasion moves are banned
|rule|Endless Battle Clause: Forcing endless battles is banned
|rule|HP Percentage Mod: HP is shown in percentages
|rule|Dynamax Clause: You cannot dynamax
|clearpoke
|poke|p1|Groudon|
|poke|p1|Necrozma-Dusk-Mane|
|poke|p1|Calyrex-Shadow|
|poke|p1|Yveltal|
|poke|p1|Eternatus|
|poke|p1|Kyogre|
|poke|p2|Landorus-Therian, M|
|poke|p2|Yveltal|
|poke|p2|Eternatus|
|poke|p2|Necrozma-Dusk-Mane|
|poke|p2|Xerneas-*|
|poke|p2|Marshadow|
|teampreview
|j| Bhalal
|j| Fraises des boas
|c|☆Zenadark|hf
|c|☆Limp Bi(z)KiQ|hf
|j| Pok et Glace
|j| Flo2699
|j| haxlolo
|j| jeza.p
|c| jeza.p|allez pouss pouss !
|c|☆Zenadark|mdrr il y a que les pouss pouss ici
|c|☆Zenadark|ils sont ou mes mates
|c|☆Zenadark|mdr
|c|☆Limp Bi(z)KiQ|ratio
|c|☆Limp Bi(z)KiQ|:paz:
|j| KeldeoCrowned
|c| Bhalal|aigri
|c|☆Limp Bi(z)KiQ|ils t'aiment pas askipp
|j| Givra no bi ☯
|c| jeza.p|focus toi !
|c|☆Zenadark|je crois bien
|c|☆Zenadark|oui
|c| Pok et Glace|ils t'ont POUSSé de l'équipe
|c|☆Limp Bi(z)KiQ|oé , je joke pour me détendre avant de jouer
|j| Nael222
|c|☆Zenadark|tu peux aller aux toilettes pour ca tu sais
|c| jeza.p|allez allez !
|c|☆Limp Bi(z)KiQ|oé
|c| KeldeoCrowned|vamos
|j| vhkv
|j| Elfuseon
|j| Acura RL
|
|t:|1666553592
|start
|switch|p1a: Groudon|Groudon|100/100
|switch|p2a: Necrozma|Necrozma-Dusk-Mane|100/100
|-weather|SunnyDay|[from] ability: Drought|[of] p1a: Groudon
|turn|1
|c| Elfuseon|t'es mieux de win zenadark
|inactive|Battle timer is ON: inactive players will automatically lose when time's up. (requested by Zenadark)
|c|☆Zenadark|je le met au cas ou si tu deco j enlève
|
|t:|1666553679
|switch|p2a: Landorus|Landorus-Therian, M|100/100
|-ability|p2a: Landorus|Intimidate|boost
|-unboost|p1a: Groudon|atk|1
|move|p1a: Groudon|Stealth Rock|p2a: Landorus
|-sidestart|p2: Limp Bi(z)KiQ|move: Stealth Rock
|
|-weather|SunnyDay|[upkeep]
|upkeep
|turn|2
|inactive|Limp Bi(z)KiQ has 270 seconds left.
|l| Pok et Glace
|
|t:|1666553733
|switch|p1a: Yveltal|Yveltal|100/100
|-ability|p1a: Yveltal|Dark Aura
|move|p2a: Landorus|Stealth Rock|p1a: Yveltal
|-sidestart|p1: Zenadark|move: Stealth Rock
|
|-weather|SunnyDay|[upkeep]
|upkeep
|turn|3
|inactive|Limp Bi(z)KiQ has 240 seconds left.
|
|t:|1666553762
|move|p1a: Yveltal|U-turn|p2a: Landorus
|-resisted|p2a: Landorus
|-damage|p2a: Landorus|93/100
|inactive|Zenadark has 270 seconds left.
|
|t:|1666553807
|switch|p1a: Eternatus|Eternatus|100/100|[from]move: U-turn
|-damage|p1a: Eternatus|88/100|[from] Stealth Rock
|-ability|p1a: Eternatus|Pressure
|-item|p1a: Eternatus|Air Balloon
|move|p2a: Landorus|U-turn|p1a: Eternatus
|-resisted|p1a: Eternatus
|-damage|p1a: Eternatus|79/100
|-enditem|p1a: Eternatus|Air Balloon
|inactive|Limp Bi(z)KiQ has 240 seconds left.
|inactive|Limp Bi(z)KiQ has 210 seconds left.
|inactive|Limp Bi(z)KiQ has 180 seconds left.
|
|t:|1666553898
|switch|p2a: Eternatus|Eternatus|100/100|[from]move: U-turn
|-ability|p2a: Eternatus|Pressure
|
|-weather|SunnyDay|[upkeep]
|upkeep
|turn|4
|inactive|Zenadark has 270 seconds left.
|
|t:|1666553905
|switch|p1a: Necrozma|Necrozma-Dusk-Mane|100/100
|-damage|p1a: Necrozma|94/100|[from] Stealth Rock
|move|p2a: Eternatus|Dynamax Cannon|p1a: Necrozma
|-resisted|p1a: Necrozma
|-damage|p1a: Necrozma|80/100
|
|-weather|SunnyDay|[upkeep]
|upkeep
|turn|5
|inactive|Limp Bi(z)KiQ has 150 seconds left.
|l| Acura RL
|
|t:|1666553947
|switch|p2a: Landorus|Landorus-Therian, M|93/100
|-damage|p2a: Landorus|81/100|[from] Stealth Rock
|-ability|p2a: Landorus|Intimidate|boost
|-unboost|p1a: Necrozma|atk|1
|move|p1a: Necrozma|Thunder Wave|p2a: Landorus
|-immune|p2a: Landorus
|
|-weather|none
|-heal|p2a: Landorus|87/100|[from] item: Leftovers
|upkeep
|turn|6
|
|t:|1666553962
|move|p1a: Necrozma|Knock Off|p2a: Landorus
|-damage|p2a: Landorus|72/100
|-enditem|p2a: Landorus|Leftovers|[from] move: Knock Off|[of] p1a: Necrozma
|move|p2a: Landorus|Earthquake|p1a: Necrozma
|-supereffective|p1a: Necrozma
|-damage|p1a: Necrozma|26/100
|
|upkeep
|turn|7
|
|t:|1666553971
|switch|p1a: Yveltal|Yveltal|100/100
|-ability|p1a: Yveltal|Dark Aura
|move|p2a: Landorus|U-turn|p1a: Yveltal
|-damage|p1a: Yveltal|83/100
|
|t:|1666553978
|switch|p2a: Xerneas|Xerneas|100/100|[from]move: U-turn
|-damage|p2a: Xerneas|88/100|[from] Stealth Rock
|-ability|p2a: Xerneas|Fairy Aura
|
|upkeep
|turn|8
|
|t:|1666554006
|move|p1a: Yveltal|U-turn|p2a: Xerneas
|-resisted|p2a: Xerneas
|-damage|p2a: Xerneas|80/100
|l| vhkv
|
|t:|1666554010
|switch|p1a: Necrozma|Necrozma-Dusk-Mane|26/100|[from]move: U-turn
|-damage|p1a: Necrozma|20/100|[from] Stealth Rock
|move|p2a: Xerneas|Geomancy||[still]
|-prepare|p2a: Xerneas|Geomancy
|-enditem|p2a: Xerneas|Power Herb
|-anim|p2a: Xerneas|Geomancy|p2a: Xerneas
|-boost|p2a: Xerneas|spa|2
|-boost|p2a: Xerneas|spd|2
|-boost|p2a: Xerneas|spe|2
|
|upkeep
|turn|9
|
|t:|1666554014
|move|p2a: Xerneas|Moonblast|p1a: Necrozma
|-resisted|p1a: Necrozma
|-damage|p1a: Necrozma|0 fnt
|faint|p1a: Necrozma
|
|upkeep
|
|t:|1666554016
|switch|p1a: Kyogre|Kyogre|100/100
|-damage|p1a: Kyogre|88/100|[from] Stealth Rock
|-weather|RainDance|[from] ability: Drizzle|[of] p1a: Kyogre
|turn|10
|
|t:|1666554025
|move|p2a: Xerneas|Moonblast|p1a: Kyogre
|-damage|p1a: Kyogre|0 fnt
|faint|p1a: Kyogre
|
|-weather|RainDance|[upkeep]
|upkeep
|
|t:|1666554030
|switch|p1a: Eternatus|Eternatus|79/100
|-damage|p1a: Eternatus|67/100|[from] Stealth Rock
|-ability|p1a: Eternatus|Pressure
|turn|11
|l| Flo2699
|
|t:|1666554044
|move|p2a: Xerneas|Moonblast|p1a: Eternatus
|-damage|p1a: Eternatus|0 fnt
|faint|p1a: Eternatus
|
|-weather|RainDance|[upkeep]
|upkeep
|j| Vy Apostrophe
|j| Flo2699
|
|t:|1666554047
|switch|p1a: Calyrex|Calyrex-Shadow|100/100
|-ability|p1a: Calyrex|As One
|-ability|p1a: Calyrex|Unnerve
|-damage|p1a: Calyrex|88/100|[from] Stealth Rock
|turn|12
|
|t:|1666554050
|move|p1a: Calyrex|Astral Barrage|p2a: Xerneas
|-damage|p2a: Xerneas|46/100
|move|p2a: Xerneas|Moonblast|p1a: Calyrex
|-damage|p1a: Calyrex|0 fnt
|faint|p1a: Calyrex
|
|-weather|RainDance|[upkeep]
|upkeep
|
|t:|1666554055
|switch|p1a: Groudon|Groudon|100/100
|-damage|p1a: Groudon|94/100|[from] Stealth Rock
|-weather|SunnyDay|[from] ability: Drought|[of] p1a: Groudon
|turn|13
|
|t:|1666554058
|move|p2a: Xerneas|Moonblast|p1a: Groudon
|-damage|p1a: Groudon|0 fnt
|faint|p1a: Groudon
|
|-weather|SunnyDay|[upkeep]
|upkeep
|c|☆Zenadark|gg
|c|☆Limp Bi(z)KiQ|gg
|
|t:|1666554063
|switch|p1a: Yveltal|Yveltal|83/100
|-ability|p1a: Yveltal|Dark Aura
|turn|14
|l| Nael222
|
|t:|1666554065
|move|p2a: Xerneas|Moonblast|p1a: Yveltal
|-supereffective|p1a: Yveltal
|-damage|p1a: Yveltal|0 fnt
|faint|p1a: Yveltal
|
|win|Limp Bi(z)KiQ
|l|☆Zenadark
