|j|☆climbtheladder92
|j|☆TaKuTo-SeNpAi
|player|p1|climbtheladder92|108|1564
|player|p2|TaKuTo-SeNpAi|102|1455
|teamsize|p1|6
|teamsize|p2|6
|gametype|singles
|gen|8
|tier|[Gen 8] Ubers
|rated|
|clearpoke
|poke|p1|Marshadow|
|poke|p1|Necrozma-Dusk-Mane|
|poke|p1|Zacian-Crowned|
|poke|p1|Reshiram|
|poke|p1|Corviknight, M|
|poke|p1|Toxapex, F|
|poke|p2|Reshiram|
|poke|p2|Lunala|
|poke|p2|Quagsire, M|
|poke|p2|Tyranitar, M|
|poke|p2|Corviknight, M|
|poke|p2|Excadrill, M|
|rule|Sleep Clause Mod: Limit one foe put to sleep
|rule|Species Clause: Limit one of each Pokémon
|rule|OHKO Clause: OHKO moves are banned
|rule|Evasion Moves Clause: Evasion moves are banned
|rule|Endless Battle Clause: Forcing endless battles is banned
|rule|HP Percentage Mod: HP is shown in percentages
|teampreview
|
|start
|switch|p1a: Necrozma|Necrozma-Dusk-Mane|100/100
|switch|p2a: Lunala|Lunala, shiny|100/100
|turn|1
|
|move|p2a: Lunala|Thunder Wave|p1a: Necrozma
|-status|p1a: Necrozma|par
|move|p1a: Necrozma|Knock Off|p2a: Lunala
|-supereffective|p2a: Lunala
|-damage|p2a: Lunala|44/100
|-enditem|p2a: Lunala|Heavy-Duty Boots|[from] move: Knock Off|[of] p1a: Necrozma
|
|upkeep
|turn|2
|
|move|p2a: Lunala|Hex|p1a: Necrozma
|-supereffective|p1a: Necrozma
|-damage|p1a: Necrozma|39/100 par
|move|p1a: Necrozma|Knock Off|p2a: Lunala
|-supereffective|p2a: Lunala
|-damage|p2a: Lunala|0 fnt
|faint|p2a: Lunala
|
|-heal|p1a: Necrozma|45/100 par|[from] item: Leftovers
|upkeep
|
|switch|p2a: Excadrill|Excadrill, M, shiny|100/100
|turn|3
|
|switch|p1a: Corviknight|Corviknight, M|100/100
|-ability|p1a: Corviknight|Pressure
|move|p2a: Excadrill|Swords Dance|p2a: Excadrill
|-boost|p2a: Excadrill|atk|2
|
|upkeep
|turn|4
|
|-start|p2a: Excadrill|Dynamax
|-heal|p2a: Excadrill|100/100|[silent]
|move|p2a: Excadrill|Max Rockfall|p1a: Corviknight
|-damage|p1a: Corviknight|0 fnt
|-weather|Sandstorm
|-damage|p2a: Excadrill|96/100|[from] item: Life Orb
|faint|p1a: Corviknight
|
|-weather|Sandstorm|[upkeep]
|upkeep
|
|switch|p1a: Toxapex|Toxapex, F|100/100
|turn|5
|
|move|p1a: Toxapex|Baneful Bunker|p1a: Toxapex
|-singleturn|p1a: Toxapex|move: Protect
|move|p2a: Excadrill|Max Quake|p1a: Toxapex
|-supereffective|p1a: Toxapex
|-zbroken|p1a: Toxapex
|-damage|p1a: Toxapex|27/100
|-boost|p2a: Excadrill|spd|1
|-damage|p2a: Excadrill|91/100|[from] item: Life Orb
|
|-weather|Sandstorm|[upkeep]
|-damage|p1a: Toxapex|21/100|[from] Sandstorm
|-heal|p1a: Toxapex|27/100|[from] item: Black Sludge
|upkeep
|turn|6
|
|switch|p1a: Necrozma|Necrozma-Dusk-Mane|45/100 par
|move|p2a: Excadrill|Max Steelspike|p1a: Necrozma
|-resisted|p1a: Necrozma
|-damage|p1a: Necrozma|0 fnt
|-boost|p2a: Excadrill|def|1
|-damage|p2a: Excadrill|86/100|[from] item: Life Orb
|faint|p1a: Necrozma
|
|-weather|Sandstorm|[upkeep]
|-end|p2a: Excadrill|Dynamax
|-heal|p2a: Excadrill|86/100|[silent]
|upkeep
|
|switch|p1a: Marshadow|Marshadow|100/100
|turn|7
|
|move|p2a: Excadrill|Earthquake|p1a: Marshadow
|-damage|p1a: Marshadow|0 fnt
|-damage|p2a: Excadrill|76/100|[from] item: Life Orb
|faint|p1a: Marshadow
|
|-weather|Sandstorm|[upkeep]
|upkeep
|-message|climbtheladder92 forfeited.
|
|win|TaKuTo-SeNpAi
|l|☆climbtheladder92
|raw|climbtheladder92's rating: 1535 &rarr; <strong>1510</strong><br />(-25 for losing)
|raw|TaKuTo-SeNpAi's rating: 1456 &rarr; <strong>1480</strong><br />(+24 for winning)
