|j|☆Fumi1
|j|☆Dontrion
|t:|1670193616
|gametype|singles
|player|p1|Fumi1|102|1350
|player|p2|Dontrion|acetrainer-gen4dp|1457
|teamsize|p1|6
|teamsize|p2|6
|gen|8
|tier|[Gen 8] Ubers
|rated|
|rule|Sleep Clause Mod: Limit one foe put to sleep
|rule|Species Clause: Limit one of each Pokémon
|rule|OHKO Clause: OHKO moves are banned
|rule|Evasion Items Clause: Evasion items are banned
|rule|Evasion Moves Clause: Evasion moves are banned
|rule|Endless Battle Clause: Forcing endless battles is banned
|rule|HP Percentage Mod: HP is shown in percentages
|rule|Dynamax Clause: You cannot dynamax
|clearpoke
|poke|p1|Eternatus|
|poke|p1|Groudon|
|poke|p1|Xerneas-*|
|poke|p1|Yveltal|
|poke|p1|Necrozma-Dusk-Mane|
|poke|p1|Calyrex-Shadow|
|poke|p2|Ho-Oh|
|poke|p2|Zygarde|
|poke|p2|Yveltal|
|poke|p2|Xerneas-*|
|poke|p2|Necrozma-Dusk-Mane|
|poke|p2|Chansey, F|
|teampreview
|inactive|Battle timer is ON: inactive players will automatically lose when time's up. (requested by Dontrion)
|c|☆Fumi1|we meet again
|inactive|Fumi1 has 120 seconds left.
|inactive|Dontrion has 120 seconds left.
|inactive|Dontrion has 90 seconds left.
|inactive|Dontrion has 60 seconds left.
|c|☆Dontrion|ffs
|c|☆Fumi1|u good don?
|c|☆Dontrion|no
|inactive|Dontrion has 30 seconds left.
|
|t:|1670193740
|start
|switch|p1a: Calyrex|Calyrex-Shadow|100/100
|switch|p2a: Yveltal|Yveltal|100/100
|-ability|p1a: Calyrex|As One
|-ability|p1a: Calyrex|Unnerve
|-ability|p2a: Yveltal|Dark Aura
|turn|1
|
|t:|1670193749
|switch|p1a: Xerneas|Xerneas|100/100
|-ability|p1a: Xerneas|Fairy Aura
|move|p2a: Yveltal|U-turn|p1a: Xerneas
|-resisted|p1a: Xerneas
|-damage|p1a: Xerneas|95/100
|c|☆Dontrion|im quadruple tasking lol
|c|☆Fumi1|oof
|
|t:|1670193761
|switch|p2a: Necrozma|Necrozma-Dusk-Mane|100/100|[from] U-turn
|
|-heal|p1a: Xerneas|100/100|[from] item: Leftovers
|upkeep
|turn|2
|
|t:|1670193767
|switch|p1a: Groudon|Groudon|100/100
|-weather|SunnyDay|[from] ability: Drought|[of] p1a: Groudon
|move|p2a: Necrozma|Knock Off|p1a: Groudon
|-damage|p1a: Groudon|85/100
|-enditem|p1a: Groudon|Leftovers|[from] move: Knock Off|[of] p2a: Necrozma
|
|-weather|SunnyDay|[upkeep]
|upkeep
|turn|3
|
|t:|1670193774
|switch|p2a: Zygarde|Zygarde|100/100
|move|p1a: Groudon|Swords Dance|p1a: Groudon
|-boost|p1a: Groudon|atk|2
|
|-weather|SunnyDay|[upkeep]
|upkeep
|turn|4
|
|t:|1670193777
|move|p2a: Zygarde|Coil|p2a: Zygarde
|-boost|p2a: Zygarde|atk|1
|-boost|p2a: Zygarde|def|1
|-boost|p2a: Zygarde|accuracy|1
|move|p1a: Groudon|Earthquake|p2a: Zygarde
|-damage|p2a: Zygarde|66/100
|
|-weather|SunnyDay|[upkeep]
|-heal|p2a: Zygarde|72/100|[from] item: Leftovers
|upkeep
|turn|5
|inactive|Dontrion has 120 seconds left.
|
|t:|1670193782
|move|p2a: Zygarde|Glare|p1a: Groudon
|-status|p1a: Groudon|par
|move|p1a: Groudon|Swords Dance|p1a: Groudon
|-boost|p1a: Groudon|atk|2
|
|-weather|SunnyDay|[upkeep]
|-heal|p2a: Zygarde|78/100|[from] item: Leftovers
|upkeep
|turn|6
|
|t:|1670193788
|move|p2a: Zygarde|Coil|p2a: Zygarde
|-boost|p2a: Zygarde|atk|1
|-boost|p2a: Zygarde|def|1
|-boost|p2a: Zygarde|accuracy|1
|move|p1a: Groudon|Earthquake|p2a: Zygarde
|-damage|p2a: Zygarde|40/100
|
|-weather|none
|-heal|p2a: Zygarde|46/100|[from] item: Leftovers
|-activate|p2a: Zygarde|ability: Power Construct
|detailschange|p2a: Zygarde|Zygarde-Complete
|-heal|p2a: Zygarde|65/100|[silent]
|upkeep
|turn|7
|
|t:|1670193792
|move|p2a: Zygarde|Thousand Arrows|p1a: Groudon
|-damage|p1a: Groudon|57/100 par
|move|p1a: Groudon|Swords Dance|p1a: Groudon
|-boost|p1a: Groudon|atk|2
|
|-heal|p2a: Zygarde|71/100|[from] item: Leftovers
|upkeep
|turn|8
|
|t:|1670193796
|move|p2a: Zygarde|Coil|p2a: Zygarde
|-boost|p2a: Zygarde|atk|1
|-boost|p2a: Zygarde|def|1
|-boost|p2a: Zygarde|accuracy|1
|cant|p1a: Groudon|par
|
|-heal|p2a: Zygarde|77/100|[from] item: Leftovers
|upkeep
|turn|9
|
|t:|1670193800
|move|p2a: Zygarde|Coil|p2a: Zygarde
|-boost|p2a: Zygarde|atk|1
|-boost|p2a: Zygarde|def|1
|-boost|p2a: Zygarde|accuracy|1
|move|p1a: Groudon|Earthquake|p2a: Zygarde
|-damage|p2a: Zygarde|54/100
|
|-heal|p2a: Zygarde|60/100|[from] item: Leftovers
|upkeep
|turn|10
|
|t:|1670193805
|move|p2a: Zygarde|Thousand Arrows|p1a: Groudon
|-damage|p1a: Groudon|15/100 par
|move|p1a: Groudon|Earthquake|p2a: Zygarde
|-damage|p2a: Zygarde|36/100
|
|-heal|p2a: Zygarde|42/100|[from] item: Leftovers
|upkeep
|turn|11
|
|t:|1670193826
|move|p2a: Zygarde|Thousand Arrows|p1a: Groudon
|-damage|p1a: Groudon|0 fnt
|faint|p1a: Groudon
|
|-heal|p2a: Zygarde|49/100|[from] item: Leftovers
|upkeep
|
|t:|1670193831
|switch|p1a: Xerneas|Xerneas|100/100
|-ability|p1a: Xerneas|Fairy Aura
|turn|12
|
|t:|1670193833
|switch|p2a: Chansey|Chansey, F|100/100
|move|p1a: Xerneas|Moonblast|p2a: Chansey
|-damage|p2a: Chansey|88/100
|
|upkeep
|turn|13
|
|t:|1670193844
|switch|p1a: Calyrex|Calyrex-Shadow|100/100
|-ability|p1a: Calyrex|As One
|-ability|p1a: Calyrex|Unnerve
|move|p2a: Chansey|Confide|p1a: Calyrex
|-unboost|p1a: Calyrex|spa|1
|
|upkeep
|turn|14
|
|t:|1670193852
|switch|p2a: Yveltal|Yveltal|100/100
|-ability|p2a: Yveltal|Dark Aura
|move|p1a: Calyrex|Trick|p2a: Yveltal
|-activate|p1a: Calyrex|move: Trick|[of] p2a: Yveltal
|-item|p2a: Yveltal|Choice Scarf|[from] move: Trick
|-item|p1a: Calyrex|Heavy-Duty Boots|[from] move: Trick
|
|upkeep
|turn|15
|c|☆Dontrion|sweet
|c|☆Dontrion|ill take that :)
|
|t:|1670193867
|switch|p1a: Xerneas|Xerneas|100/100
|-ability|p1a: Xerneas|Fairy Aura
|move|p2a: Yveltal|Knock Off|p1a: Xerneas
|-resisted|p1a: Xerneas
|-damage|p1a: Xerneas|86/100
|-enditem|p1a: Xerneas|Leftovers|[from] move: Knock Off|[of] p2a: Yveltal
|
|upkeep
|turn|16
|
|t:|1670193873
|switch|p2a: Chansey|Chansey, F|88/100
|move|p1a: Xerneas|Moonblast|p2a: Chansey
|-damage|p2a: Chansey|75/100
|
|upkeep
|turn|17
|
|t:|1670193880
|switch|p1a: Necrozma|Necrozma-Dusk-Mane|100/100
|move|p2a: Chansey|Confide|p1a: Necrozma
|-unboost|p1a: Necrozma|spa|1
|
|upkeep
|turn|18
|
|t:|1670193884
|switch|p2a: Zygarde|Zygarde-Complete|49/100
|move|p1a: Necrozma|Thunder Wave|p2a: Zygarde
|-immune|p2a: Zygarde
|
|-heal|p2a: Zygarde|55/100|[from] item: Leftovers
|upkeep
|turn|19
|
|t:|1670193889
|switch|p1a: Eternatus|Eternatus|100/100
|-ability|p1a: Eternatus|Pressure
|move|p2a: Zygarde|Glare|p1a: Eternatus
|-status|p1a: Eternatus|par
|
|-heal|p2a: Zygarde|61/100|[from] item: Leftovers
|upkeep
|turn|20
|
|t:|1670193900
|switch|p2a: Chansey|Chansey, F|75/100
|move|p1a: Eternatus|Dragon Tail|p2a: Chansey
|-damage|p2a: Chansey|63/100
|drag|p2a: Yveltal|Yveltal|100/100
|-ability|p2a: Yveltal|Dark Aura
|
|upkeep
|turn|21
|
|t:|1670193902
|move|p2a: Yveltal|Knock Off|p1a: Eternatus
|-damage|p1a: Eternatus|62/100 par
|-enditem|p1a: Eternatus|Black Sludge|[from] move: Knock Off|[of] p2a: Yveltal
|move|p1a: Eternatus|Toxic Spikes|p2a: Yveltal
|-sidestart|p2: Dontrion|move: Toxic Spikes
|
|upkeep
|turn|22
|
|t:|1670193907
|switch|p2a: Ho-Oh|Ho-Oh|100/100
|switch|p1a: Xerneas|Xerneas|86/100
|-ability|p1a: Xerneas|Fairy Aura
|
|upkeep
|turn|23
|
|t:|1670193911
|move|p1a: Xerneas|Moonblast|p2a: Ho-Oh
|-resisted|p2a: Ho-Oh
|-damage|p2a: Ho-Oh|86/100
|move|p2a: Ho-Oh|Defog|p1a: Xerneas
|-unboost|p1a: Xerneas|evasion|1
|-sideend|p2: Dontrion|Toxic Spikes|[from] move: Defog|[of] p2a: Ho-Oh
|
|upkeep
|turn|24
|
|t:|1670193914
|move|p1a: Xerneas|Aromatherapy|p1a: Xerneas
|-activate|p1a: Xerneas|move: Aromatherapy
|-curestatus|p1: Eternatus|par|[msg]
|move|p2a: Ho-Oh|Toxic|p1a: Xerneas
|-status|p1a: Xerneas|tox
|
|-damage|p1a: Xerneas|80/100 tox|[from] psn
|upkeep
|turn|25
|
|t:|1670193923
|switch|p1a: Eternatus|Eternatus|62/100
|-ability|p1a: Eternatus|Pressure
|move|p2a: Ho-Oh|Sacred Fire|p1a: Eternatus
|-resisted|p1a: Eternatus
|-damage|p1a: Eternatus|47/100
|
|upkeep
|turn|26
|
|t:|1670193934
|switch|p2a: Necrozma|Necrozma-Dusk-Mane|100/100
|move|p1a: Eternatus|Recover|p1a: Eternatus
|-heal|p1a: Eternatus|97/100
|
|upkeep
|turn|27
|
|t:|1670193937
|move|p1a: Eternatus|Mystical Fire|p2a: Necrozma
|-supereffective|p2a: Necrozma
|-damage|p2a: Necrozma|72/100
|-unboost|p2a: Necrozma|spa|1
|move|p2a: Necrozma|Thunder Wave|p1a: Eternatus
|-status|p1a: Eternatus|par
|
|upkeep
|turn|28
|
|t:|1670193944
|move|p2a: Necrozma|Knock Off|p1a: Eternatus
|-damage|p1a: Eternatus|80/100 par
|move|p1a: Eternatus|Dragon Tail|p2a: Necrozma
|-resisted|p2a: Necrozma
|-damage|p2a: Necrozma|68/100
|-damage|p1a: Eternatus|63/100 par|[from] item: Rocky Helmet|[of] p2a: Necrozma
|drag|p2a: Ho-Oh|Ho-Oh|100/100
|
|upkeep
|turn|29
|
|t:|1670193951
|switch|p2a: Necrozma|Necrozma-Dusk-Mane|68/100
|move|p1a: Eternatus|Toxic Spikes|p2a: Necrozma
|-sidestart|p2: Dontrion|move: Toxic Spikes
|
|upkeep
|turn|30
|
|t:|1670193954
|move|p2a: Necrozma|Iron Head|p1a: Eternatus
|-damage|p1a: Eternatus|31/100 par
|cant|p1a: Eternatus|par
|
|upkeep
|turn|31
|
|t:|1670193959
|switch|p1a: Necrozma|Necrozma-Dusk-Mane|100/100
|move|p2a: Necrozma|Iron Head|p1a: Necrozma
|-resisted|p1a: Necrozma
|-damage|p1a: Necrozma|91/100
|-damage|p2a: Necrozma|52/100|[from] item: Rocky Helmet|[of] p1a: Necrozma
|
|upkeep
|turn|32
|
|t:|1670193964
|switch|p1a: Eternatus|Eternatus|31/100 par
|-ability|p1a: Eternatus|Pressure
|move|p2a: Necrozma|Thunder Wave|p1a: Eternatus
|-fail|p1a: Eternatus|par
|
|upkeep
|turn|33
|
|t:|1670193966
|move|p2a: Necrozma|Iron Head|p1a: Eternatus
|-damage|p1a: Eternatus|0 fnt
|faint|p1a: Eternatus
|
|upkeep
|
|t:|1670193970
|switch|p1a: Yveltal|Yveltal|100/100
|-ability|p1a: Yveltal|Dark Aura
|turn|34
|
|t:|1670193975
|switch|p2a: Yveltal|Yveltal|100/100
|-ability|p2a: Yveltal|Dark Aura
|move|p1a: Yveltal|Foul Play|p2a: Yveltal
|-resisted|p2a: Yveltal
|-damage|p2a: Yveltal|80/100
|
|upkeep
|turn|35
|
|t:|1670193983
|move|p2a: Yveltal|Defog|p1a: Yveltal
|-unboost|p1a: Yveltal|evasion|1
|-sideend|p2: Dontrion|Toxic Spikes|[from] move: Defog|[of] p2a: Yveltal
|move|p1a: Yveltal|Roost||[still]
|-fail|p1a: Yveltal|heal
|
|upkeep
|turn|36
|
|t:|1670193991
|switch|p2a: Chansey|Chansey, F|63/100
|move|p1a: Yveltal|Foul Play|p2a: Chansey
|-crit|p2a: Chansey
|-damage|p2a: Chansey|60/100
|
|upkeep
|turn|37
|
|t:|1670193999
|switch|p1a: Necrozma|Necrozma-Dusk-Mane|91/100
|move|p2a: Chansey|Soft-Boiled|p2a: Chansey
|-heal|p2a: Chansey|100/100
|
|upkeep
|turn|38
|
|t:|1670194003
|switch|p2a: Zygarde|Zygarde-Complete|61/100
|move|p1a: Necrozma|Stealth Rock|p2a: Zygarde
|-sidestart|p2: Dontrion|move: Stealth Rock
|
|-heal|p2a: Zygarde|67/100|[from] item: Leftovers
|upkeep
|turn|39
|
|t:|1670194011
|switch|p1a: Yveltal|Yveltal|100/100
|-ability|p1a: Yveltal|Dark Aura
|move|p2a: Zygarde|Glare|p1a: Yveltal
|-status|p1a: Yveltal|par
|
|-heal|p2a: Zygarde|74/100|[from] item: Leftovers
|upkeep
|turn|40
|
|t:|1670194018
|switch|p2a: Yveltal|Yveltal|80/100
|-damage|p2a: Yveltal|55/100|[from] Stealth Rock
|-ability|p2a: Yveltal|Dark Aura
|move|p1a: Yveltal|Foul Play|p2a: Yveltal
|-resisted|p2a: Yveltal
|-damage|p2a: Yveltal|37/100
|
|upkeep
|turn|41
|
|t:|1670194024
|move|p2a: Yveltal|Roost|p2a: Yveltal
|-heal|p2a: Yveltal|87/100
|-singleturn|p2a: Yveltal|move: Roost
|move|p1a: Yveltal|Foul Play|p2a: Yveltal
|-resisted|p2a: Yveltal
|-damage|p2a: Yveltal|69/100
|
|upkeep
|turn|42
|
|t:|1670194029
|switch|p2a: Ho-Oh|Ho-Oh|100/100
|move|p1a: Yveltal|Foul Play|p2a: Ho-Oh
|-damage|p2a: Ho-Oh|67/100
|
|upkeep
|turn|43
|c|☆Fumi1|dang
|c|☆Fumi1|two defoggers
|
|t:|1670194045
|move|p2a: Ho-Oh|Defog|p1a: Yveltal
|-unboost|p1a: Yveltal|evasion|1
|-sideend|p2: Dontrion|Stealth Rock|[from] move: Defog|[of] p2a: Ho-Oh
|move|p1a: Yveltal|Foul Play|p2a: Ho-Oh
|-damage|p2a: Ho-Oh|30/100
|
|upkeep
|turn|44
|
|t:|1670194055
|switch|p2a: Yveltal|Yveltal|69/100
|-ability|p2a: Yveltal|Dark Aura
|switch|p1a: Xerneas|Xerneas|80/100 tox
|-ability|p1a: Xerneas|Fairy Aura
|
|-damage|p1a: Xerneas|74/100 tox|[from] psn
|upkeep
|turn|45
|c|☆Dontrion|yup
|
|t:|1670194062
|switch|p2a: Chansey|Chansey, F|100/100
|move|p1a: Xerneas|Aromatherapy|p1a: Xerneas
|-activate|p1a: Xerneas|move: Aromatherapy
|-curestatus|p1a: Xerneas|tox|[msg]
|-curestatus|p1: Yveltal|par|[msg]
|
|upkeep
|turn|46
|
|t:|1670194069
|switch|p1a: Necrozma|Necrozma-Dusk-Mane|91/100
|move|p2a: Chansey|Seismic Toss|p1a: Necrozma
|-damage|p1a: Necrozma|66/100
|-damage|p2a: Chansey|84/100|[from] item: Rocky Helmet|[of] p1a: Necrozma
|
|upkeep
|turn|47
|
|t:|1670194075
|switch|p2a: Zygarde|Zygarde-Complete|74/100
|move|p1a: Necrozma|Thunder Wave|p2a: Zygarde
|-immune|p2a: Zygarde
|
|-heal|p2a: Zygarde|80/100|[from] item: Leftovers
|upkeep
|turn|48
|
|t:|1670194082
|switch|p1a: Xerneas|Xerneas|74/100
|-ability|p1a: Xerneas|Fairy Aura
|move|p2a: Zygarde|Thousand Arrows|p1a: Xerneas
|-damage|p1a: Xerneas|56/100
|
|-heal|p2a: Zygarde|86/100|[from] item: Leftovers
|upkeep
|turn|49
|
|t:|1670194089
|switch|p2a: Chansey|Chansey, F|84/100
|move|p1a: Xerneas|Rest|p1a: Xerneas
|-status|p1a: Xerneas|slp|[from] move: Rest
|-heal|p1a: Xerneas|100/100 slp|[silent]
|
|upkeep
|turn|50
|
|t:|1670194095
|switch|p1a: Necrozma|Necrozma-Dusk-Mane|66/100
|switch|p2a: Xerneas|Xerneas|100/100
|-ability|p2a: Xerneas|Fairy Aura
|
|upkeep
|turn|51
|
|t:|1670194099
|switch|p2a: Zygarde|Zygarde-Complete|86/100
|move|p1a: Necrozma|Stealth Rock|p2a: Zygarde
|-sidestart|p2: Dontrion|move: Stealth Rock
|
|-heal|p2a: Zygarde|92/100|[from] item: Leftovers
|upkeep
|turn|52
|
|t:|1670194104
|switch|p1a: Yveltal|Yveltal|100/100
|-ability|p1a: Yveltal|Dark Aura
|move|p2a: Zygarde|Thousand Arrows|p1a: Yveltal
|-damage|p1a: Yveltal|76/100
|-start|p1a: Yveltal|Smack Down
|
|-heal|p2a: Zygarde|99/100|[from] item: Leftovers
|upkeep
|turn|53
|
|t:|1670194107
|move|p1a: Yveltal|Foul Play|p2a: Zygarde
|-crit|p2a: Zygarde
|-damage|p2a: Zygarde|75/100
|move|p2a: Zygarde|Glare|p1a: Yveltal
|-status|p1a: Yveltal|par
|
|-heal|p2a: Zygarde|82/100|[from] item: Leftovers
|upkeep
|turn|54
|
|t:|1670194116
|move|p2a: Zygarde|Thousand Arrows|p1a: Yveltal
|-damage|p1a: Yveltal|49/100 par
|move|p1a: Yveltal|Foul Play|p2a: Zygarde
|-damage|p2a: Zygarde|67/100
|
|-heal|p2a: Zygarde|73/100|[from] item: Leftovers
|upkeep
|turn|55
|
|t:|1670194122
|move|p2a: Zygarde|Thousand Arrows|p1a: Yveltal
|-damage|p1a: Yveltal|24/100 par
|move|p1a: Yveltal|Roost|p1a: Yveltal
|-heal|p1a: Yveltal|74/100 par
|-singleturn|p1a: Yveltal|move: Roost
|
|-heal|p2a: Zygarde|80/100|[from] item: Leftovers
|upkeep
|turn|56
|c|☆Dontrion|risky lol
|
|t:|1670194143
|switch|p1a: Xerneas|Xerneas|100/100 slp
|-ability|p1a: Xerneas|Fairy Aura
|move|p2a: Zygarde|Coil|p2a: Zygarde
|-boost|p2a: Zygarde|atk|1
|-boost|p2a: Zygarde|def|1
|-boost|p2a: Zygarde|accuracy|1
|
|-heal|p2a: Zygarde|86/100|[from] item: Leftovers
|upkeep
|turn|57
|
|t:|1670194150
|cant|p1a: Xerneas|slp
|move|p2a: Zygarde|Thousand Arrows|p1a: Xerneas
|-damage|p1a: Xerneas|75/100 slp
|
|-heal|p2a: Zygarde|92/100|[from] item: Leftovers
|upkeep
|turn|58
|c|☆Fumi1|whoops
|
|t:|1670194157
|switch|p2a: Xerneas|Xerneas|100/100
|-damage|p2a: Xerneas|88/100|[from] Stealth Rock
|-ability|p2a: Xerneas|Fairy Aura
|cant|p1a: Xerneas|slp
|move|p1a: Xerneas|Sleep Talk|p1a: Xerneas
|move|p1a: Xerneas|Rest||[from]move: Sleep Talk|[still]
|-fail|p1a: Xerneas
|
|upkeep
|turn|59
|
|t:|1670194166
|switch|p1a: Necrozma|Necrozma-Dusk-Mane|66/100
|move|p2a: Xerneas|Geomancy||[still]
|-prepare|p2a: Xerneas|Geomancy
|-enditem|p2a: Xerneas|Power Herb
|-anim|p2a: Xerneas|Geomancy|p2a: Xerneas
|-boost|p2a: Xerneas|spa|2
|-boost|p2a: Xerneas|spd|2
|-boost|p2a: Xerneas|spe|2
|
|upkeep
|turn|60
|inactive|Dontrion has 120 seconds left.
|c|☆Dontrion|ok so this is what i learned
|c|☆Dontrion|i hit this i win
|c|☆Dontrion|if i miss i lose
|
|t:|1670194218
|move|p2a: Xerneas|Thunder|p1a: Necrozma
|-damage|p1a: Necrozma|3/100
|move|p1a: Necrozma|Sunsteel Strike|p2a: Xerneas
|-supereffective|p2a: Xerneas
|-damage|p2a: Xerneas|13/100
|
|upkeep
|turn|61
|c|☆Dontrion|good game
|inactive|Fumi1 has 120 seconds left.
|c|☆Fumi1|pretty sure i lose no?
|
|t:|1670194275
|move|p2a: Xerneas|Moonblast|p1a: Necrozma
|-resisted|p1a: Necrozma
|-damage|p1a: Necrozma|0 fnt
|faint|p1a: Necrozma
|
|upkeep
|
|t:|1670194277
|switch|p1a: Calyrex|Calyrex-Shadow|100/100
|-ability|p1a: Calyrex|As One
|-ability|p1a: Calyrex|Unnerve
|turn|62
|inactive|Dontrion has 120 seconds left.
|c|☆Dontrion|ye
|
|t:|1670194303
|move|p2a: Xerneas|Moonblast|p1a: Calyrex
|-damage|p1a: Calyrex|0 fnt
|faint|p1a: Calyrex
|
|upkeep
|c|☆Fumi1|ggts
|c|☆Dontrion|gg
|
|t:|1670194308
|switch|p1a: Xerneas|Xerneas|75/100 slp
|-ability|p1a: Xerneas|Fairy Aura
|turn|63
|c|☆Fumi1|wps
|inactive|Fumi1 has 120 seconds left.
|c|☆Dontrion|close game<3
|c|☆Fumi1|i see that u chagned chansey
|c|☆Fumi1|ubers queue is long asf man
|c|☆Fumi1|takes forever to get into a game
|
|t:|1670194338
|move|p2a: Xerneas|Moonblast|p1a: Xerneas
|-damage|p1a: Xerneas|0 fnt
|faint|p1a: Xerneas
|
|upkeep
|
|t:|1670194340
|switch|p1a: Yveltal|Yveltal|74/100 par
|-ability|p1a: Yveltal|Dark Aura
|turn|64
|c|☆Dontrion|fr
|
|t:|1670194344
|move|p1a: Yveltal|Sucker Punch|p2a: Xerneas
|-resisted|p2a: Xerneas
|-damage|p2a: Xerneas|0 fnt
|faint|p2a: Xerneas
|
|upkeep
|c|☆Dontrion|oh
|c|☆Fumi1|lol
|
|t:|1670194352
|switch|p2a: Zygarde|Zygarde-Complete|92/100
|-damage|p2a: Zygarde|86/100|[from] Stealth Rock
|turn|65
|
|t:|1670194357
|move|p2a: Zygarde|Coil|p2a: Zygarde
|-boost|p2a: Zygarde|atk|1
|-boost|p2a: Zygarde|def|1
|-boost|p2a: Zygarde|accuracy|1
|move|p1a: Yveltal|Foul Play|p2a: Zygarde
|-damage|p2a: Zygarde|70/100
|
|-heal|p2a: Zygarde|76/100|[from] item: Leftovers
|upkeep
|turn|66
|c|☆Dontrion|testing something for fun
|
|t:|1670194369
|move|p2a: Zygarde|Coil|p2a: Zygarde
|-boost|p2a: Zygarde|atk|1
|-boost|p2a: Zygarde|def|1
|-boost|p2a: Zygarde|accuracy|1
|move|p1a: Yveltal|Foul Play|p2a: Zygarde
|-damage|p2a: Zygarde|60/100
|
|-heal|p2a: Zygarde|67/100|[from] item: Leftovers
|upkeep
|turn|67
|
|t:|1670194381
|move|p2a: Zygarde|Coil|p2a: Zygarde
|-boost|p2a: Zygarde|atk|1
|-boost|p2a: Zygarde|def|1
|-boost|p2a: Zygarde|accuracy|1
|move|p1a: Yveltal|Foul Play|p2a: Zygarde
|-damage|p2a: Zygarde|53/100
|
|-heal|p2a: Zygarde|59/100|[from] item: Leftovers
|upkeep
|turn|68
|c|☆Dontrion|ok so this doesnt change the damage output good to know
|
|t:|1670194395
|move|p2a: Zygarde|Coil|p2a: Zygarde
|-boost|p2a: Zygarde|atk|1
|-boost|p2a: Zygarde|def|1
|-boost|p2a: Zygarde|accuracy|1
|move|p1a: Yveltal|Foul Play|p2a: Zygarde
|-damage|p2a: Zygarde|44/100
|
|-heal|p2a: Zygarde|51/100|[from] item: Leftovers
|upkeep
|turn|69
|c|☆Fumi1|cuase both goes up ygm
|
|t:|1670194409
|move|p2a: Zygarde|Thousand Arrows|p1a: Yveltal
|-damage|p1a: Yveltal|0 fnt
|faint|p1a: Yveltal
|
|win|Dontrion
|raw|Fumi1's rating: 1350 &rarr; <strong>1336</strong><br />(-14 for losing)
|raw|Dontrion's rating: 1457 &rarr; <strong>1471</strong><br />(+14 for winning)
|c|☆Fumi1|ggs
|c|☆Dontrion|gg
|c|☆Fumi1|we'l queue against each other soon
|l|☆Dontrion
