|j|☆MaverickHeisenberg
|j|☆Ryriss
|t:|1640798369
|gametype|singles
|player|p1|MaverickHeisenberg|red|1325
|player|p2|Ryriss|hilbert|1439
|teamsize|p1|6
|teamsize|p2|6
|gen|8
|tier|[Gen 8] Ubers
|rated|
|rule|Sleep Clause Mod: Limit one foe put to sleep
|rule|Species Clause: Limit one of each Pokémon
|rule|OHKO Clause: OHKO moves are banned
|rule|Evasion Moves Clause: Evasion moves are banned
|rule|Endless Battle Clause: Forcing endless battles is banned
|rule|HP Percentage Mod: HP is shown in percentages
|rule|Dynamax Clause: You cannot dynamax
|clearpoke
|poke|p1|Toxapex, F|
|poke|p1|Shuckle, M|
|poke|p1|Blissey, F|
|poke|p1|Lugia|
|poke|p1|Aegislash, M|
|poke|p1|Marshadow|
|poke|p2|Giratina-Origin|
|poke|p2|Zekrom|
|poke|p2|Genesect|
|poke|p2|Kyurem-Black|
|poke|p2|Lugia|
|poke|p2|Yveltal|
|teampreview
|inactive|Battle timer is ON: inactive players will automatically lose when time's up. (requested by MaverickHeisenberg)
|
|t:|1640798374
|start
|switch|p1a: Shuckle|Shuckle, M|100/100
|switch|p2a: Lugia|Lugia|100/100
|-ability|p2a: Lugia|Pressure
|turn|1
|
|t:|1640798383
|move|p2a: Lugia|Reflect|p2a: Lugia
|-sidestart|p2: Ryriss|Reflect
|move|p1a: Shuckle|Sticky Web|p2a: Lugia
|-sidestart|p2: Ryriss|move: Sticky Web
|
|upkeep
|turn|2
|
|t:|1640798387
|move|p2a: Lugia|Light Screen|p2a: Lugia
|-sidestart|p2: Ryriss|move: Light Screen
|move|p1a: Shuckle|Stealth Rock|p2a: Lugia
|-sidestart|p2: Ryriss|move: Stealth Rock
|
|upkeep
|turn|3
|
|t:|1640798392
|move|p2a: Lugia|Safeguard|p2a: Lugia
|-sidestart|p2: Ryriss|Safeguard
|move|p1a: Shuckle|Infestation|p2a: Lugia
|-damage|p2a: Lugia|99/100
|-activate|p2a: Lugia|move: Infestation|[of] p1a: Shuckle
|
|-damage|p2a: Lugia|88/100|[from] move: Infestation|[partiallytrapped]
|upkeep
|turn|4
|
|t:|1640798399
|move|p1a: Shuckle|Protect|p1a: Shuckle
|-singleturn|p1a: Shuckle|Protect
|move|p2a: Lugia|Thunder Wave|p1a: Shuckle
|-activate|p1a: Shuckle|move: Protect
|
|-damage|p2a: Lugia|75/100|[from] move: Infestation|[partiallytrapped]
|upkeep
|turn|5
|
|t:|1640798407
|move|p2a: Lugia|Thunder Wave|p1a: Shuckle|[miss]
|-miss|p2a: Lugia|p1a: Shuckle
|move|p1a: Shuckle|Infestation|p2a: Lugia
|-damage|p2a: Lugia|75/100
|
|-damage|p2a: Lugia|62/100|[from] move: Infestation|[partiallytrapped]
|upkeep
|turn|6
|
|t:|1640798415
|move|p1a: Shuckle|Protect|p1a: Shuckle
|-singleturn|p1a: Shuckle|Protect
|move|p2a: Lugia|Thunder Wave|p1a: Shuckle
|-activate|p1a: Shuckle|move: Protect
|
|-damage|p2a: Lugia|50/100|[from] move: Infestation|[partiallytrapped]
|upkeep
|turn|7
|
|t:|1640798424
|move|p2a: Lugia|Thunder Wave|p1a: Shuckle
|-status|p1a: Shuckle|par
|cant|p1a: Shuckle|par
|
|-damage|p2a: Lugia|37/100|[from] move: Infestation|[partiallytrapped]
|-sideend|p2: Ryriss|Safeguard
|upkeep
|turn|8
|
|t:|1640798432
|move|p2a: Lugia|Safeguard|p2a: Lugia
|-sidestart|p2: Ryriss|Safeguard
|move|p1a: Shuckle|Infestation|p2a: Lugia
|-damage|p2a: Lugia|37/100
|
|-end|p2a: Lugia|Infestation|[partiallytrapped]
|-sideend|p2: Ryriss|Reflect
|upkeep
|turn|9
|
|t:|1640798439
|move|p2a: Lugia|Reflect|p2a: Lugia
|-sidestart|p2: Ryriss|Reflect
|move|p1a: Shuckle|Infestation|p2a: Lugia
|-damage|p2a: Lugia|36/100
|-activate|p2a: Lugia|move: Infestation|[of] p1a: Shuckle
|
|-damage|p2a: Lugia|24/100|[from] move: Infestation|[partiallytrapped]
|-sideend|p2: Ryriss|move: Light Screen
|upkeep
|turn|10
|
|t:|1640798447
|move|p2a: Lugia|Light Screen|p2a: Lugia
|-sidestart|p2: Ryriss|move: Light Screen
|move|p1a: Shuckle|Infestation|p2a: Lugia
|-damage|p2a: Lugia|23/100
|
|-damage|p2a: Lugia|11/100|[from] move: Infestation|[partiallytrapped]
|upkeep
|turn|11
|
|t:|1640798457
|move|p1a: Shuckle|Protect|p1a: Shuckle
|-singleturn|p1a: Shuckle|Protect
|move|p2a: Lugia|Safeguard||[still]
|-fail|p2a: Lugia
|
|-damage|p2a: Lugia|0 fnt|[from] move: Infestation|[partiallytrapped]
|faint|p2a: Lugia
|upkeep
|
|t:|1640798469
|switch|p2a: Kyurem|Kyurem-Black|100/100
|-ability|p2a: Kyurem|Teravolt
|turn|12
|
|t:|1640798475
|move|p2a: Kyurem|Dragon Dance|p2a: Kyurem
|-boost|p2a: Kyurem|atk|1
|-boost|p2a: Kyurem|spe|1
|move|p1a: Shuckle|Infestation|p2a: Kyurem
|-damage|p2a: Kyurem|99/100
|-activate|p2a: Kyurem|move: Infestation|[of] p1a: Shuckle
|
|-damage|p2a: Kyurem|87/100|[from] move: Infestation|[partiallytrapped]
|-sideend|p2: Ryriss|Safeguard
|upkeep
|turn|13
|
|t:|1640798484
|switch|p1a: Blissey|Blissey, F|100/100
|move|p2a: Kyurem|Dragon Dance|p2a: Kyurem
|-boost|p2a: Kyurem|atk|1
|-boost|p2a: Kyurem|spe|1
|
|-end|p2a: Kyurem|Infestation|[partiallytrapped]|[silent]
|upkeep
|turn|14
|
|t:|1640798491
|move|p2a: Kyurem|Dragon Claw|p1a: Blissey
|-damage|p1a: Blissey|12/100
|move|p1a: Blissey|Thunder Wave|p2a: Kyurem
|-status|p2a: Kyurem|par
|
|-heal|p1a: Blissey|18/100|[from] item: Leftovers
|upkeep
|turn|15
|
|t:|1640798500
|move|p2a: Kyurem|Dragon Dance|p2a: Kyurem
|-boost|p2a: Kyurem|atk|1
|-boost|p2a: Kyurem|spe|1
|move|p1a: Blissey|Soft-Boiled|p1a: Blissey
|-heal|p1a: Blissey|68/100
|
|-heal|p1a: Blissey|74/100|[from] item: Leftovers
|upkeep
|turn|16
|
|t:|1640798508
|switch|p1a: Shuckle|Shuckle, M|100/100 par
|move|p2a: Kyurem|Dragon Dance|p2a: Kyurem
|-boost|p2a: Kyurem|atk|1
|-boost|p2a: Kyurem|spe|1
|
|-sideend|p2: Ryriss|Reflect
|upkeep
|turn|17
|
|t:|1640798516
|cant|p2a: Kyurem|par
|cant|p1a: Shuckle|par
|
|-sideend|p2: Ryriss|move: Light Screen
|upkeep
|turn|18
|
|t:|1640798524
|cant|p2a: Kyurem|par
|move|p1a: Shuckle|Infestation|p2a: Kyurem
|-damage|p2a: Kyurem|85/100 par
|-activate|p2a: Kyurem|move: Infestation|[of] p1a: Shuckle
|
|-damage|p2a: Kyurem|73/100 par|[from] move: Infestation|[partiallytrapped]
|upkeep
|turn|19
|
|t:|1640798531
|cant|p1a: Shuckle|par
|move|p2a: Kyurem|Icicle Spear|p1a: Shuckle
|-damage|p1a: Shuckle|59/100 par
|-damage|p1a: Shuckle|22/100 par
|-damage|p1a: Shuckle|0 fnt
|faint|p1a: Shuckle
|-hitcount|p1: Shuckle|3
|
|-end|p2a: Kyurem|Infestation|[partiallytrapped]|[silent]
|upkeep
|
|t:|1640798541
|switch|p1a: Marshadow|Marshadow|100/100
|turn|20
|
|t:|1640798550
|cant|p2a: Kyurem|par
|move|p1a: Marshadow|Spectral Thief||[still]
|-clearpositiveboost|p2a: Kyurem|p1a: Marshadow|move: Spectral Thief
|-boost|p1a: Marshadow|atk|4
|-boost|p1a: Marshadow|spe|4
|-anim|p1a: Marshadow|Spectral Thief|p2a: Kyurem
|-damage|p2a: Kyurem|0 fnt
|faint|p2a: Kyurem
|
|upkeep
|-message|Ryriss forfeited.
|
|win|MaverickHeisenberg
|raw|MaverickHeisenberg's rating: 1325 &rarr; <strong>1351</strong><br />(+26 for winning)
|raw|Ryriss's rating: 1439 &rarr; <strong>1413</strong><br />(-26 for losing)
|l|☆Ryriss
