|j|☆Dun 26
|j|☆Ryrissuu
|t:|1636285854
|gametype|singles
|player|p1|Dun 26|skyla|1523
|player|p2|Ryrissuu|hilbert|1417
|teamsize|p1|6
|teamsize|p2|6
|gen|8
|tier|[Gen 8] Ubers
|rated|
|rule|Sleep Clause Mod: Limit one foe put to sleep
|rule|Species Clause: Limit one of each Pokémon
|rule|OHKO Clause: OHKO moves are banned
|rule|Evasion Moves Clause: Evasion moves are banned
|rule|Endless Battle Clause: Forcing endless battles is banned
|rule|HP Percentage Mod: HP is shown in percentages
|rule|Dynamax Clause: You cannot dynamax
|clearpoke
|poke|p1|Kyogre|
|poke|p1|Necrozma-Dusk-Mane|
|poke|p1|Ho-Oh|
|poke|p1|Yveltal|
|poke|p1|Calyrex-Shadow|
|poke|p1|Eternatus|
|poke|p2|Giratina-Origin|
|poke|p2|Zekrom|
|poke|p2|Genesect|
|poke|p2|Kyurem-Black|
|poke|p2|Lugia|
|poke|p2|Yveltal|
|teampreview
|
|t:|1636285858
|start
|switch|p1a: BOOUM :)|Ho-Oh|100/100
|switch|p2a: Lugia|Lugia|100/100
|turn|1
|
|t:|1636285866
|move|p2a: Lugia|Reflect|p2a: Lugia
|-sidestart|p2: Ryrissuu|Reflect
|move|p1a: BOOUM :)|Toxic|p2a: Lugia
|-status|p2a: Lugia|tox
|
|-damage|p2a: Lugia|94/100 tox|[from] psn
|upkeep
|turn|2
|
|t:|1636285874
|switch|p1a: Sexy and knows it|Eternatus|100/100
|-ability|p1a: Sexy and knows it|Pressure
|move|p2a: Lugia|Light Screen|p2a: Lugia
|-sidestart|p2: Ryrissuu|move: Light Screen
|
|-damage|p2a: Lugia|82/100 tox|[from] psn
|upkeep
|turn|3
|
|t:|1636285883
|move|p2a: Lugia|Thunder Wave|p1a: Sexy and knows it
|-status|p1a: Sexy and knows it|par
|move|p1a: Sexy and knows it|Flamethrower|p2a: Lugia
|-damage|p2a: Lugia|73/100 tox
|
|-damage|p2a: Lugia|55/100 tox|[from] psn
|upkeep
|turn|4
|
|t:|1636285892
|switch|p2a: Giratina|Giratina-Origin|100/100
|move|p1a: Sexy and knows it|Dynamax Cannon|p2a: Giratina
|-supereffective|p2a: Giratina
|-damage|p2a: Giratina|74/100
|
|upkeep
|turn|5
|
|t:|1636285916
|switch|p1a: Yvelchiant|Yveltal|100/100
|-ability|p1a: Yvelchiant|Dark Aura
|move|p2a: Giratina|Draco Meteor|p1a: Yvelchiant
|-damage|p1a: Yvelchiant|65/100
|-unboost|p2a: Giratina|spa|2
|
|upkeep
|turn|6
|
|t:|1636285929
|switch|p2a: Zekrom|Zekrom|100/100
|-ability|p2a: Zekrom|Teravolt
|move|p1a: Yvelchiant|Roost|p1a: Yvelchiant
|-heal|p1a: Yvelchiant|100/100
|-singleturn|p1a: Yvelchiant|move: Roost
|
|upkeep
|turn|7
|
|t:|1636285942
|switch|p1a: Lionceau|Necrozma-Dusk-Mane|100/100
|move|p2a: Zekrom|Dragon Dance|p2a: Zekrom
|-boost|p2a: Zekrom|atk|1
|-boost|p2a: Zekrom|spe|1
|
|upkeep
|turn|8
|
|t:|1636285949
|move|p2a: Zekrom|Dragon Dance|p2a: Zekrom
|-boost|p2a: Zekrom|atk|1
|-boost|p2a: Zekrom|spe|1
|move|p1a: Lionceau|Earthquake|p2a: Zekrom
|-supereffective|p2a: Zekrom
|-damage|p2a: Zekrom|70/100
|
|-sideend|p2: Ryrissuu|Reflect
|upkeep
|turn|9
|
|t:|1636285957
|move|p2a: Zekrom|Fusion Bolt|p1a: Lionceau
|-damage|p1a: Lionceau|26/100
|move|p1a: Lionceau|Earthquake|p2a: Zekrom
|-supereffective|p2a: Zekrom
|-damage|p2a: Zekrom|10/100
|
|-heal|p1a: Lionceau|32/100|[from] item: Leftovers
|-sideend|p2: Ryrissuu|move: Light Screen
|upkeep
|turn|10
|
|t:|1636285967
|move|p2a: Zekrom|Fusion Bolt|p1a: Lionceau
|-damage|p1a: Lionceau|0 fnt
|faint|p1a: Lionceau
|
|upkeep
|
|t:|1636285970
|switch|p1a: GG|Calyrex-Shadow|100/100
|-ability|p1a: GG|As One
|-ability|p1a: GG|Unnerve
|turn|11
|
|t:|1636285977
|move|p1a: GG|Astral Barrage|p2a: Zekrom
|-damage|p2a: Zekrom|0 fnt
|faint|p2a: Zekrom
|-ability|p1a: GG|Grim Neigh|boost
|-boost|p1a: GG|spa|1
|
|upkeep
|
|t:|1636285985
|switch|p2a: Giratina|Giratina-Origin|74/100
|turn|12
|
|t:|1636285989
|switch|p1a: Yvelchiant|Yveltal|100/100
|-ability|p1a: Yvelchiant|Dark Aura
|move|p2a: Giratina|Shadow Sneak|p1a: Yvelchiant
|-resisted|p1a: Yvelchiant
|-damage|p1a: Yvelchiant|92/100
|
|upkeep
|turn|13
|
|t:|1636285997
|switch|p2a: Lugia|Lugia|55/100 tox
|move|p1a: Yvelchiant|Knock Off|p2a: Lugia
|-supereffective|p2a: Lugia
|-damage|p2a: Lugia|0 fnt
|-enditem|p2a: Lugia|Light Clay|[from] move: Knock Off|[of] p1a: Yvelchiant
|faint|p2a: Lugia
|
|upkeep
|
|t:|1636286022
|switch|p2a: Genesect|Genesect, shiny|100/100
|-ability|p2a: Genesect|Download|boost
|-boost|p2a: Genesect|atk|1
|turn|14
|
|t:|1636286053
|switch|p1a: BOOUM :)|Ho-Oh|100/100
|move|p2a: Genesect|Iron Head|p1a: BOOUM :)
|-resisted|p1a: BOOUM :)
|-damage|p1a: BOOUM :)|77/100
|
|upkeep
|turn|15
|
|t:|1636286059
|switch|p2a: Yveltal|Yveltal|100/100
|-ability|p2a: Yveltal|Dark Aura
|move|p1a: BOOUM :)|Brave Bird|p2a: Yveltal
|-damage|p2a: Yveltal|12/100
|-damage|p1a: BOOUM :)|44/100|[from] Recoil
|
|upkeep
|turn|16
|
|t:|1636286099
|switch|p1a: Sexy and knows it|Eternatus|100/100 par
|-ability|p1a: Sexy and knows it|Pressure
|move|p2a: Yveltal|Oblivion Wing|p1a: Sexy and knows it
|-damage|p1a: Sexy and knows it|77/100 par
|-heal|p2a: Yveltal|34/100|[from] drain|[of] p1a: Sexy and knows it
|
|upkeep
|turn|17
|
|t:|1636286109
|move|p2a: Yveltal|Oblivion Wing|p1a: Sexy and knows it
|-damage|p1a: Sexy and knows it|52/100 par
|-heal|p2a: Yveltal|57/100|[from] drain|[of] p1a: Sexy and knows it
|move|p1a: Sexy and knows it|Dynamax Cannon|p2a: Yveltal
|-damage|p2a: Yveltal|18/100
|
|upkeep
|turn|18
|
|t:|1636286117
|move|p2a: Yveltal|Oblivion Wing|p1a: Sexy and knows it
|-damage|p1a: Sexy and knows it|27/100 par
|-heal|p2a: Yveltal|41/100|[from] drain|[of] p1a: Sexy and knows it
|-enditem|p1a: Sexy and knows it|Sitrus Berry|[eat]
|-heal|p1a: Sexy and knows it|52/100 par|[from] item: Sitrus Berry
|cant|p1a: Sexy and knows it|par
|
|upkeep
|turn|19
|
|t:|1636286126
|move|p2a: Yveltal|Oblivion Wing|p1a: Sexy and knows it
|-damage|p1a: Sexy and knows it|25/100 par
|-heal|p2a: Yveltal|66/100|[from] drain|[of] p1a: Sexy and knows it
|move|p1a: Sexy and knows it|Recover|p1a: Sexy and knows it
|-heal|p1a: Sexy and knows it|75/100 par
|
|upkeep
|turn|20
|
|t:|1636286134
|move|p2a: Yveltal|Oblivion Wing|p1a: Sexy and knows it
|-damage|p1a: Sexy and knows it|50/100 par
|-heal|p2a: Yveltal|88/100|[from] drain|[of] p1a: Sexy and knows it
|cant|p1a: Sexy and knows it|par
|
|upkeep
|turn|21
|
|t:|1636286142
|move|p2a: Yveltal|Dark Pulse|p1a: Sexy and knows it
|-damage|p1a: Sexy and knows it|11/100 par
|cant|p1a: Sexy and knows it|par
|
|upkeep
|turn|22
|
|t:|1636286148
|move|p2a: Yveltal|Oblivion Wing|p1a: Sexy and knows it
|-damage|p1a: Sexy and knows it|0 fnt
|-heal|p2a: Yveltal|98/100|[from] drain|[of] p1a: Sexy and knows it
|faint|p1a: Sexy and knows it
|
|upkeep
|inactive|Battle timer is ON: inactive players will automatically lose when time's up. (requested by Ryrissuu)
|
|t:|1636286194
|switch|p1a: BOOUM :)|Ho-Oh|77/100
|turn|23
|
|t:|1636286197
|move|p2a: Yveltal|Dark Pulse|p1a: BOOUM :)
|-damage|p1a: BOOUM :)|37/100
|move|p1a: BOOUM :)|Toxic|p2a: Yveltal
|-status|p2a: Yveltal|tox
|
|-damage|p2a: Yveltal|92/100 tox|[from] psn
|upkeep
|turn|24
|
|t:|1636286206
|switch|p1a: Yvelchiant|Yveltal|92/100
|-ability|p1a: Yvelchiant|Dark Aura
|move|p2a: Yveltal|Dark Pulse|p1a: Yvelchiant
|-resisted|p1a: Yvelchiant
|-damage|p1a: Yvelchiant|73/100
|
|-damage|p2a: Yveltal|80/100 tox|[from] psn
|upkeep
|turn|25
|
|t:|1636286219
|move|p2a: Yveltal|Oblivion Wing|p1a: Yvelchiant
|-damage|p1a: Yvelchiant|49/100
|-heal|p2a: Yveltal|100/100 tox|[from] drain|[of] p1a: Yvelchiant
|move|p1a: Yvelchiant|Knock Off|p2a: Yveltal
|-resisted|p2a: Yveltal
|-damage|p2a: Yveltal|73/100 tox
|-enditem|p2a: Yveltal|Black Glasses|[from] move: Knock Off|[of] p1a: Yvelchiant
|
|-damage|p2a: Yveltal|55/100 tox|[from] psn
|upkeep
|turn|26
|
|t:|1636286230
|switch|p2a: Kyurem|Kyurem-Black|100/100
|-ability|p2a: Kyurem|Teravolt
|move|p1a: Yvelchiant|Roost|p1a: Yvelchiant
|-heal|p1a: Yvelchiant|99/100
|-singleturn|p1a: Yvelchiant|move: Roost
|
|upkeep
|turn|27
|
|t:|1636286239
|move|p2a: Kyurem|Dragon Dance|p2a: Kyurem
|-boost|p2a: Kyurem|atk|1
|-boost|p2a: Kyurem|spe|1
|move|p1a: Yvelchiant|Knock Off|p2a: Kyurem
|-damage|p2a: Kyurem|49/100
|-enditem|p2a: Kyurem|Heavy-Duty Boots|[from] move: Knock Off|[of] p1a: Yvelchiant
|
|upkeep
|turn|28
|
|t:|1636286248
|switch|p1a: Big blue|Kyogre|100/100
|-weather|RainDance|[from] ability: Drizzle|[of] p1a: Big blue
|move|p2a: Kyurem|Icicle Spear|p1a: Big blue
|-resisted|p1a: Big blue
|-damage|p1a: Big blue|92/100
|-resisted|p1a: Big blue
|-damage|p1a: Big blue|84/100
|-hitcount|p1a: Big blue|2
|
|-weather|RainDance|[upkeep]
|-heal|p1a: Big blue|91/100|[from] item: Leftovers
|upkeep
|turn|29
|
|t:|1636286260
|move|p2a: Kyurem|Fusion Bolt|p1a: Big blue
|-supereffective|p1a: Big blue
|-damage|p1a: Big blue|14/100
|move|p1a: Big blue|Scald|p2a: Kyurem
|-resisted|p2a: Kyurem
|-damage|p2a: Kyurem|22/100
|
|-weather|RainDance|[upkeep]
|-heal|p1a: Big blue|21/100|[from] item: Leftovers
|upkeep
|turn|30
|
|t:|1636286270
|move|p2a: Kyurem|Fusion Bolt|p1a: Big blue
|-supereffective|p1a: Big blue
|-damage|p1a: Big blue|0 fnt
|faint|p1a: Big blue
|
|-weather|RainDance|[upkeep]
|upkeep
|
|t:|1636286274
|switch|p1a: GG|Calyrex-Shadow|100/100
|-ability|p1a: GG|As One
|-ability|p1a: GG|Unnerve
|turn|31
|
|t:|1636286287
|switch|p2a: Yveltal|Yveltal|55/100 tox
|-ability|p2a: Yveltal|Dark Aura
|move|p1a: GG|Astral Barrage|p2a: Yveltal
|-resisted|p2a: Yveltal
|-damage|p2a: Yveltal|23/100 tox
|
|-weather|RainDance|[upkeep]
|-damage|p2a: Yveltal|17/100 tox|[from] psn
|upkeep
|turn|32
|
|t:|1636286298
|switch|p1a: Yvelchiant|Yveltal|99/100
|-ability|p1a: Yvelchiant|Dark Aura
|move|p2a: Yveltal|Oblivion Wing|p1a: Yvelchiant
|-damage|p1a: Yvelchiant|76/100
|-heal|p2a: Yveltal|37/100 tox|[from] drain|[of] p1a: Yvelchiant
|
|-weather|none
|-damage|p2a: Yveltal|25/100 tox|[from] psn
|upkeep
|turn|33
|
|t:|1636286310
|move|p2a: Yveltal|Oblivion Wing|p1a: Yvelchiant
|-damage|p1a: Yvelchiant|55/100
|-heal|p2a: Yveltal|43/100 tox|[from] drain|[of] p1a: Yvelchiant
|move|p1a: Yvelchiant|U-turn|p2a: Yveltal
|-damage|p2a: Yveltal|26/100 tox
|
|t:|1636286313
|switch|p1a: BOOUM :)|Ho-Oh|70/100|[from]move: U-turn
|
|-damage|p2a: Yveltal|8/100 tox|[from] psn
|upkeep
|turn|34
|
|t:|1636286323
|switch|p1a: Yvelchiant|Yveltal|55/100
|-ability|p1a: Yvelchiant|Dark Aura
|move|p2a: Yveltal|Dark Pulse|p1a: Yvelchiant
|-resisted|p1a: Yvelchiant
|-damage|p1a: Yvelchiant|40/100
|
|-damage|p2a: Yveltal|0 fnt|[from] psn
|faint|p2a: Yveltal
|upkeep
|
|t:|1636286334
|switch|p2a: Kyurem|Kyurem-Black|22/100
|-ability|p2a: Kyurem|Teravolt
|turn|35
|
|t:|1636286339
|move|p2a: Kyurem|Fusion Bolt|p1a: Yvelchiant
|-supereffective|p1a: Yvelchiant
|-damage|p1a: Yvelchiant|0 fnt
|faint|p1a: Yvelchiant
|
|upkeep
|
|t:|1636286342
|switch|p1a: GG|Calyrex-Shadow|100/100
|-ability|p1a: GG|As One
|-ability|p1a: GG|Unnerve
|turn|36
|
|t:|1636286354
|move|p1a: GG|Astral Barrage|p2a: Kyurem
|-damage|p2a: Kyurem|0 fnt
|faint|p2a: Kyurem
|-ability|p1a: GG|Grim Neigh|boost
|-boost|p1a: GG|spa|1
|
|upkeep
|
|t:|1636286369
|switch|p2a: Giratina|Giratina-Origin|74/100
|turn|37
|
|t:|1636286374
|switch|p1a: BOOUM :)|Ho-Oh|100/100
|move|p2a: Giratina|Poltergeist|p1a: BOOUM :)
|-activate|p1a: BOOUM :)|move: Poltergeist|Choice Band
|-crit|p1a: BOOUM :)
|-damage|p1a: BOOUM :)|0 fnt
|faint|p1a: BOOUM :)
|
|upkeep
|
|t:|1636286382
|switch|p1a: GG|Calyrex-Shadow|100/100
|-ability|p1a: GG|As One
|-ability|p1a: GG|Unnerve
|turn|38
|
|t:|1636286387
|move|p2a: Giratina|Shadow Sneak|p1a: GG
|-supereffective|p1a: GG
|-damage|p1a: GG|0 fnt
|faint|p1a: GG
|
|win|Ryrissuu
|raw|Dun 26's rating: 1523 &rarr; <strong>1497</strong><br />(-26 for losing)
|raw|Ryrissuu's rating: 1417 &rarr; <strong>1443</strong><br />(+26 for winning)
|l|☆Dun 26
