|j|☆emiyo
|j|☆mal hoodie
|t:|1651279301
|gametype|singles
|player|p1|emiyo|170|1583
|player|p2|mal hoodie|rocketgruntf|1640
|teamsize|p1|6
|teamsize|p2|6
|gen|8
|tier|[Gen 8] Ubers
|rated|
|rule|Sleep Clause Mod: Limit one foe put to sleep
|rule|Species Clause: Limit one of each Pokémon
|rule|OHKO Clause: OHKO moves are banned
|rule|Evasion Moves Clause: Evasion moves are banned
|rule|Endless Battle Clause: Forcing endless battles is banned
|rule|HP Percentage Mod: HP is shown in percentages
|rule|Dynamax Clause: You cannot dynamax
|clearpoke
|poke|p1|Xerneas-*|
|poke|p1|Klefki, F|
|poke|p1|Groudon|
|poke|p1|Calyrex-Shadow|
|poke|p1|Necrozma-Dusk-Mane|
|poke|p1|Yveltal|
|poke|p2|Kyogre|
|poke|p2|Yveltal|
|poke|p2|Eternatus|
|poke|p2|Marshadow|
|poke|p2|Landorus-Therian, M|
|poke|p2|Necrozma-Dusk-Mane|
|teampreview
|c|☆mal hoodie|hf
|inactive|Battle timer is ON: inactive players will automatically lose when time's up. (requested by mal hoodie)
|inactive|emiyo has 120 seconds left.
|
|t:|1651279338
|start
|switch|p1a: Groudon|Groudon|100/100
|switch|p2a: Eternatus|Eternatus|100/100
|-ability|p2a: Eternatus|Pressure
|-weather|SunnyDay|[from] ability: Drought|[of] p1a: Groudon
|turn|1
|
|t:|1651279349
|switch|p2a: Landorus|Landorus-Therian, M|100/100
|-ability|p2a: Landorus|Intimidate|boost
|-unboost|p1a: Groudon|atk|1
|move|p1a: Groudon|Earthquake|p2a: Landorus
|-immune|p2a: Landorus
|
|-weather|SunnyDay|[upkeep]
|upkeep
|turn|2
|
|t:|1651279357
|move|p2a: Landorus|Stealth Rock|p1a: Groudon
|-sidestart|p1: emiyo|move: Stealth Rock
|move|p1a: Groudon|Stealth Rock|p2a: Landorus
|-sidestart|p2: mal hoodie|move: Stealth Rock
|
|-weather|SunnyDay|[upkeep]
|upkeep
|turn|3
|
|t:|1651279374
|move|p2a: Landorus|Toxic|p1a: Groudon
|-status|p1a: Groudon|tox
|move|p1a: Groudon|Stone Edge|p2a: Landorus|[miss]
|-miss|p1a: Groudon|p2a: Landorus
|
|-weather|SunnyDay|[upkeep]
|-damage|p1a: Groudon|94/100 tox|[from] psn
|upkeep
|turn|4
|
|t:|1651279381
|switch|p1a: Yveltal|Yveltal|100/100
|-ability|p1a: Yveltal|Dark Aura
|move|p2a: Landorus|Earthquake|p1a: Yveltal
|-immune|p1a: Yveltal
|
|-weather|SunnyDay|[upkeep]
|upkeep
|turn|5
|
|t:|1651279389
|move|p1a: Yveltal|Knock Off|p2a: Landorus
|-damage|p2a: Landorus|53/100
|-enditem|p2a: Landorus|Leftovers|[from] move: Knock Off|[of] p1a: Yveltal
|move|p2a: Landorus|Toxic|p1a: Yveltal|[miss]
|-miss|p2a: Landorus|p1a: Yveltal
|
|-weather|none
|upkeep
|turn|6
|
|t:|1651279396
|switch|p2a: Eternatus|Eternatus|100/100
|-ability|p2a: Eternatus|Pressure
|move|p1a: Yveltal|Taunt|p2a: Eternatus
|-start|p2a: Eternatus|move: Taunt
|
|upkeep
|turn|7
|j| WarLeoxmile
|
|t:|1651279404
|move|p2a: Eternatus|Sludge Bomb|p1a: Yveltal
|-damage|p1a: Yveltal|64/100
|-status|p1a: Yveltal|psn
|move|p1a: Yveltal|Knock Off|p2a: Eternatus
|-crit|p2a: Eternatus
|-damage|p2a: Eternatus|14/100
|-enditem|p2a: Eternatus|Heavy-Duty Boots|[from] move: Knock Off|[of] p1a: Yveltal
|
|-damage|p1a: Yveltal|52/100 psn|[from] psn
|upkeep
|turn|8
|l| WarLeoxmile
|j| WarLeoxmile
|l| WarLeoxmile
|
|t:|1651279416
|move|p1a: Yveltal|Sucker Punch|p2a: Eternatus
|-damage|p2a: Eternatus|0 fnt
|faint|p2a: Eternatus
|
|-damage|p1a: Yveltal|39/100 psn|[from] psn
|upkeep
|
|t:|1651279434
|switch|p2a: Landorus|Landorus-Therian, M|53/100
|-damage|p2a: Landorus|40/100|[from] Stealth Rock
|-ability|p2a: Landorus|Intimidate|boost
|-unboost|p1a: Yveltal|atk|1
|turn|9
|
|t:|1651279450
|move|p1a: Yveltal|Roost|p1a: Yveltal
|-heal|p1a: Yveltal|90/100 psn
|-singleturn|p1a: Yveltal|move: Roost
|move|p2a: Landorus|U-turn|p1a: Yveltal
|-supereffective|p1a: Yveltal
|-damage|p1a: Yveltal|53/100 psn
|j| serestensen
|
|t:|1651279470
|switch|p2a: Yveltal|Yveltal|100/100|[from]move: U-turn
|-ability|p2a: Yveltal|Dark Aura
|
|-damage|p1a: Yveltal|41/100 psn|[from] psn
|upkeep
|turn|10
|
|t:|1651279476
|move|p1a: Yveltal|Roost|p1a: Yveltal
|-heal|p1a: Yveltal|91/100 psn
|-singleturn|p1a: Yveltal|move: Roost
|move|p2a: Yveltal|Defog|p1a: Yveltal
|-unboost|p1a: Yveltal|evasion|1
|-sideend|p1: emiyo|Stealth Rock|[from] move: Defog|[of] p2a: Yveltal
|-sideend|p2: mal hoodie|Stealth Rock|[from] move: Defog|[of] p2a: Yveltal
|
|-damage|p1a: Yveltal|79/100 psn|[from] psn
|upkeep
|turn|11
|
|t:|1651279487
|move|p1a: Yveltal|Knock Off|p2a: Yveltal
|-resisted|p2a: Yveltal
|-damage|p2a: Yveltal|82/100
|-enditem|p2a: Yveltal|Heavy-Duty Boots|[from] move: Knock Off|[of] p1a: Yveltal
|move|p2a: Yveltal|U-turn|p1a: Yveltal
|-damage|p1a: Yveltal|62/100 psn
|
|t:|1651279493
|switch|p2a: sniper kun|Marshadow|100/100|[from]move: U-turn
|
|-damage|p1a: Yveltal|50/100 psn|[from] psn
|upkeep
|turn|12
|
|t:|1651279513
|switch|p1a: Klefki|Klefki, F|100/100
|move|p2a: sniper kun|Low Kick|p1a: Klefki
|-damage|p1a: Klefki|83/100
|
|upkeep
|turn|13
|
|t:|1651279518
|switch|p2a: Yveltal|Yveltal|82/100
|-ability|p2a: Yveltal|Dark Aura
|move|p1a: Klefki|Reflect|p1a: Klefki
|-sidestart|p1: emiyo|Reflect
|
|upkeep
|turn|14
|
|t:|1651279527
|switch|p1a: Groudon|Groudon|94/100 tox
|-weather|SunnyDay|[from] ability: Drought|[of] p1a: Groudon
|move|p2a: Yveltal|Knock Off|p1a: Groudon
|-damage|p1a: Groudon|75/100 tox
|-enditem|p1a: Groudon|Leftovers|[from] move: Knock Off|[of] p2a: Yveltal
|
|-weather|SunnyDay|[upkeep]
|-damage|p1a: Groudon|69/100 tox|[from] psn
|upkeep
|turn|15
|
|t:|1651279536
|move|p2a: Yveltal|U-turn|p1a: Groudon
|-damage|p1a: Groudon|62/100 tox
|
|t:|1651279538
|switch|p2a: Landorus|Landorus-Therian, M|40/100|[from]move: U-turn
|-ability|p2a: Landorus|Intimidate|boost
|-unboost|p1a: Groudon|atk|1
|move|p1a: Groudon|Stone Edge|p2a: Landorus
|-damage|p2a: Landorus|19/100
|
|-weather|SunnyDay|[upkeep]
|-damage|p1a: Groudon|49/100 tox|[from] psn
|upkeep
|turn|16
|
|t:|1651279553
|switch|p2a: Kyogre|Kyogre|100/100
|-weather|RainDance|[from] ability: Drizzle|[of] p2a: Kyogre
|switch|p1a: Yveltal|Yveltal|50/100 psn
|-ability|p1a: Yveltal|Dark Aura
|
|-weather|RainDance|[upkeep]
|-damage|p1a: Yveltal|37/100 psn|[from] psn
|upkeep
|turn|17
|
|t:|1651279569
|switch|p2a: Yveltal|Yveltal|82/100
|-ability|p2a: Yveltal|Dark Aura
|move|p1a: Yveltal|Sucker Punch||[still]
|-fail|p1a: Yveltal
|
|-weather|RainDance|[upkeep]
|-damage|p1a: Yveltal|25/100 psn|[from] psn
|upkeep
|turn|18
|
|t:|1651279577
|move|p1a: Yveltal|Roost|p1a: Yveltal
|-heal|p1a: Yveltal|75/100 psn
|-singleturn|p1a: Yveltal|move: Roost
|move|p2a: Yveltal|U-turn|p1a: Yveltal
|-supereffective|p1a: Yveltal
|-damage|p1a: Yveltal|58/100 psn
|
|t:|1651279580
|switch|p2a: sniper kun|Marshadow|100/100|[from]move: U-turn
|
|-weather|RainDance|[upkeep]
|-damage|p1a: Yveltal|46/100 psn|[from] psn
|upkeep
|turn|19
|l| serestensen
|
|t:|1651279590
|switch|p2a: Yveltal|Yveltal|82/100
|-ability|p2a: Yveltal|Dark Aura
|move|p1a: Yveltal|Knock Off|p2a: Yveltal
|-resisted|p2a: Yveltal
|-damage|p2a: Yveltal|63/100
|
|-weather|RainDance|[upkeep]
|-damage|p1a: Yveltal|33/100 psn|[from] psn
|upkeep
|turn|20
|
|t:|1651279598
|move|p1a: Yveltal|Roost|p1a: Yveltal
|-heal|p1a: Yveltal|83/100 psn
|-singleturn|p1a: Yveltal|move: Roost
|move|p2a: Yveltal|Roost|p2a: Yveltal
|-heal|p2a: Yveltal|100/100
|-singleturn|p2a: Yveltal|move: Roost
|
|-weather|none
|-damage|p1a: Yveltal|71/100 psn|[from] psn
|-sideend|p1: emiyo|Reflect
|upkeep
|turn|21
|
|t:|1651279611
|move|p1a: Yveltal|Roost|p1a: Yveltal
|-heal|p1a: Yveltal|100/100 psn
|-singleturn|p1a: Yveltal|move: Roost
|move|p2a: Yveltal|U-turn|p1a: Yveltal
|-supereffective|p1a: Yveltal
|-damage|p1a: Yveltal|67/100 psn
|
|t:|1651279621
|switch|p2a: sniper kun|Marshadow|100/100|[from]move: U-turn
|
|-damage|p1a: Yveltal|55/100 psn|[from] psn
|upkeep
|turn|22
|
|t:|1651279628
|switch|p1a: Klefki|Klefki, F|83/100
|move|p2a: sniper kun|Low Kick|p1a: Klefki
|-damage|p1a: Klefki|63/100
|
|upkeep
|turn|23
|
|t:|1651279633
|switch|p2a: Landorus|Landorus-Therian, M|19/100
|-ability|p2a: Landorus|Intimidate|boost
|-unboost|p1a: Klefki|atk|1
|move|p1a: Klefki|Reflect|p1a: Klefki
|-sidestart|p1: emiyo|Reflect
|
|upkeep
|turn|24
|
|t:|1651279646
|move|p2a: Landorus|Stealth Rock|p1a: Klefki
|-sidestart|p1: emiyo|move: Stealth Rock
|move|p1a: Klefki|Foul Play|p2a: Landorus
|-damage|p2a: Landorus|0 fnt
|faint|p2a: Landorus
|
|upkeep
|
|t:|1651279657
|switch|p2a: Yveltal|Yveltal|100/100
|-ability|p2a: Yveltal|Dark Aura
|turn|25
|
|t:|1651279675
|switch|p1a: Yveltal|Yveltal|55/100 psn
|-ability|p1a: Yveltal|Dark Aura
|move|p2a: Yveltal|Knock Off|p1a: Yveltal
|-resisted|p1a: Yveltal
|-damage|p1a: Yveltal|42/100 psn
|-enditem|p1a: Yveltal|Heavy-Duty Boots|[from] move: Knock Off|[of] p2a: Yveltal
|
|-damage|p1a: Yveltal|30/100 psn|[from] psn
|upkeep
|turn|26
|
|t:|1651279684
|move|p1a: Yveltal|Roost|p1a: Yveltal
|-heal|p1a: Yveltal|80/100 psn
|-singleturn|p1a: Yveltal|move: Roost
|move|p2a: Yveltal|Knock Off|p1a: Yveltal
|-resisted|p1a: Yveltal
|-damage|p1a: Yveltal|73/100 psn
|
|-damage|p1a: Yveltal|61/100 psn|[from] psn
|upkeep
|turn|27
|
|t:|1651279694
|move|p1a: Yveltal|Roost|p1a: Yveltal
|-heal|p1a: Yveltal|100/100 psn
|-singleturn|p1a: Yveltal|move: Roost
|move|p2a: Yveltal|Knock Off|p1a: Yveltal
|-resisted|p1a: Yveltal
|-damage|p1a: Yveltal|93/100 psn
|
|-damage|p1a: Yveltal|81/100 psn|[from] psn
|upkeep
|turn|28
|
|t:|1651279716
|switch|p1a: Groudon|Groudon|49/100 tox
|-damage|p1a: Groudon|43/100 tox|[from] Stealth Rock
|-weather|SunnyDay|[from] ability: Drought|[of] p1a: Groudon
|move|p2a: Yveltal|U-turn|p1a: Groudon
|-damage|p1a: Groudon|37/100 tox
|
|t:|1651279720
|switch|p2a: Kyogre|Kyogre|100/100|[from]move: U-turn
|-weather|RainDance|[from] ability: Drizzle|[of] p2a: Kyogre
|
|-weather|RainDance|[upkeep]
|-damage|p1a: Groudon|30/100 tox|[from] psn
|upkeep
|turn|29
|
|t:|1651279732
|move|p2a: Kyogre|Water Spout|p1a: Groudon
|-supereffective|p1a: Groudon
|-damage|p1a: Groudon|0 fnt
|faint|p1a: Groudon
|
|-weather|RainDance|[upkeep]
|upkeep
|
|t:|1651279738
|switch|p1a: Klefki|Klefki, F|63/100
|-damage|p1a: Klefki|57/100|[from] Stealth Rock
|turn|30
|
|t:|1651279742
|move|p1a: Klefki|Light Screen|p1a: Klefki
|-sidestart|p1: emiyo|move: Light Screen
|move|p2a: Kyogre|Water Spout|p1a: Klefki
|-damage|p1a: Klefki|0 fnt
|faint|p1a: Klefki
|
|-weather|RainDance|[upkeep]
|-sideend|p1: emiyo|Reflect
|upkeep
|inactive|emiyo has 120 seconds left.
|
|t:|1651279789
|switch|p1a: Yveltal|Yveltal|81/100 psn
|-damage|p1a: Yveltal|56/100 psn|[from] Stealth Rock
|-ability|p1a: Yveltal|Dark Aura
|turn|31
|
|t:|1651279801
|switch|p2a: Yveltal|Yveltal|100/100
|-ability|p2a: Yveltal|Dark Aura
|switch|p1a: Xerneas|Xerneas|100/100
|-damage|p1a: Xerneas|88/100|[from] Stealth Rock
|-ability|p1a: Xerneas|Fairy Aura
|
|-weather|RainDance|[upkeep]
|upkeep
|turn|32
|inactive|emiyo has 90 seconds left.
|inactive|emiyo has 60 seconds left.
|inactive|emiyo has 30 seconds left.
|inactive|emiyo has 20 seconds left.
|inactive|emiyo has 15 seconds left.
|inactive|emiyo has 10 seconds left.
|
|t:|1651279909
|switch|p2a: Necrozma|Necrozma-Dusk-Mane|100/100
|move|p1a: Xerneas|Geomancy||[still]
|-prepare|p1a: Xerneas|Geomancy
|-enditem|p1a: Xerneas|Power Herb
|-anim|p1a: Xerneas|Geomancy|p1a: Xerneas
|-boost|p1a: Xerneas|spa|2
|-boost|p1a: Xerneas|spd|2
|-boost|p1a: Xerneas|spe|2
|
|-weather|none
|upkeep
|turn|33
|inactive|emiyo has 20 seconds left this turn.
|inactive|emiyo has 15 seconds left.
|
|t:|1651279924
|move|p1a: Xerneas|Thunder|p2a: Necrozma
|-damage|p2a: Necrozma|50/100
|move|p2a: Necrozma|Sunsteel Strike|p1a: Xerneas
|-supereffective|p1a: Xerneas
|-damage|p1a: Xerneas|13/100
|
|-heal|p2a: Necrozma|56/100|[from] item: Leftovers
|upkeep
|turn|34
|inactive|emiyo has 25 seconds left this turn.
|inactive|emiyo has 20 seconds left.
|
|t:|1651279944
|move|p1a: Xerneas|Thunder|p2a: Necrozma|[miss]
|-miss|p1a: Xerneas|p2a: Necrozma
|move|p2a: Necrozma|Morning Sun|p2a: Necrozma
|-heal|p2a: Necrozma|100/100
|
|upkeep
|turn|35
|inactive|emiyo has 30 seconds left this turn.
|
|t:|1651279950
|move|p1a: Xerneas|Thunder|p2a: Necrozma
|-damage|p2a: Necrozma|46/100
|move|p2a: Necrozma|Sunsteel Strike|p1a: Xerneas
|-supereffective|p1a: Xerneas
|-damage|p1a: Xerneas|0 fnt
|faint|p1a: Xerneas
|
|-heal|p2a: Necrozma|52/100|[from] item: Leftovers
|upkeep
|inactive|emiyo has 30 seconds left this turn.
|
|t:|1651279959
|switch|p1a: Necrozma|Necrozma-Dusk-Mane|100/100
|-damage|p1a: Necrozma|95/100|[from] Stealth Rock
|turn|36
|
|t:|1651279972
|switch|p2a: sniper kun|Marshadow|100/100
|move|p1a: Necrozma|Dragon Dance|p1a: Necrozma
|-boost|p1a: Necrozma|atk|1
|-boost|p1a: Necrozma|spe|1
|
|upkeep
|turn|37
|
|t:|1651279982
|switch|p1a: Yveltal|Yveltal|56/100 psn
|-damage|p1a: Yveltal|31/100 psn|[from] Stealth Rock
|-ability|p1a: Yveltal|Dark Aura
|move|p2a: sniper kun|Spectral Thief|p1a: Yveltal
|-resisted|p1a: Yveltal
|-damage|p1a: Yveltal|4/100 psn
|
|-damage|p1a: Yveltal|0 fnt|[from] psn
|faint|p1a: Yveltal
|-sideend|p1: emiyo|move: Light Screen
|upkeep
|inactive|emiyo has 30 seconds left.
|
|t:|1651279999
|switch|p1a: Necrozma|Necrozma-Dusk-Mane|95/100
|-damage|p1a: Necrozma|89/100|[from] Stealth Rock
|turn|38
|inactive|emiyo has 30 seconds left.
|
|t:|1651280011
|move|p2a: sniper kun|Spectral Thief|p1a: Necrozma
|-supereffective|p1a: Necrozma
|-damage|p1a: Necrozma|12/100
|-enditem|p1a: Necrozma|Weakness Policy
|-boost|p1a: Necrozma|atk|2|[from] item: Weakness Policy
|-boost|p1a: Necrozma|spa|2|[from] item: Weakness Policy
|move|p1a: Necrozma|Knock Off|p2a: sniper kun
|-damage|p2a: sniper kun|0 fnt
|-enditem|p2a: sniper kun|Choice Band|[from] move: Knock Off|[of] p1a: Necrozma
|faint|p2a: sniper kun
|
|upkeep
|inactive|emiyo has 30 seconds left this turn.
|
|t:|1651280016
|switch|p2a: Kyogre|Kyogre|100/100
|-weather|RainDance|[from] ability: Drizzle|[of] p2a: Kyogre
|turn|39
|inactive|emiyo has 30 seconds left.
|
|t:|1651280026
|move|p2a: Kyogre|Water Spout|p1a: Necrozma
|-damage|p1a: Necrozma|0 fnt
|faint|p1a: Necrozma
|
|-weather|RainDance|[upkeep]
|upkeep
|
|t:|1651280031
|switch|p1a: Calyrex|Calyrex-Shadow|100/100
|-ability|p1a: Calyrex|As One
|-ability|p1a: Calyrex|Unnerve
|-damage|p1a: Calyrex|88/100|[from] Stealth Rock
|turn|40
|
|t:|1651280055
|move|p2a: Kyogre|Water Spout|p1a: Calyrex
|-damage|p1a: Calyrex|0 fnt
|faint|p1a: Calyrex
|
|win|mal hoodie
|raw|emiyo's rating: 1583 &rarr; <strong>1565</strong><br />(-18 for losing)
|raw|mal hoodie's rating: 1621 &rarr; <strong>1639</strong><br />(+18 for winning)
|c|☆mal hoodie|gg
|l|☆mal hoodie
||Ladder isn't responding, score probably updated but might not have (Request timeout).
