|j|☆GEDO RINNE TENSEI
|j|☆vivement dimanche
|player|p1|GEDO RINNE TENSEI|169|1484
|player|p2|vivement dimanche|ltsurge|1337
|teamsize|p1|6
|teamsize|p2|6
|gametype|singles
|gen|8
|tier|[Gen 8] Ubers
|rated|
|clearpoke
|poke|p1|Zacian-Crowned|
|poke|p1|Galvantula, M|
|poke|p1|Lucario, M|
|poke|p1|Aegislash, F|
|poke|p1|Gyarados, M|
|poke|p1|Corsola-Galar, F|
|poke|p2|Zacian-Crowned|
|poke|p2|Zamazenta|
|poke|p2|Eternatus|
|poke|p2|Excadrill, F|
|poke|p2|Corviknight, M|
|poke|p2|Ditto|
|rule|Sleep Clause Mod: Limit one foe put to sleep
|rule|Species Clause: Limit one of each Pokémon
|rule|OHKO Clause: OHKO moves are banned
|rule|Evasion Moves Clause: Evasion moves are banned
|rule|Endless Battle Clause: Forcing endless battles is banned
|rule|HP Percentage Mod: HP is shown in percentages
|teampreview
|inactive|Battle timer is ON: inactive players will automatically lose when time's up. (requested by GEDO RINNE TENSEI)
|
|start
|switch|p1a: Galvantula|Galvantula, M|100/100
|switch|p2a: Weisse|Eternatus|100/100
|-ability|p2a: Weisse|Pressure
|turn|1
|
|move|p2a: Weisse|Substitute|p2a: Weisse
|-start|p2a: Weisse|Substitute
|-damage|p2a: Weisse|76/100
|move|p1a: Galvantula|Thunder Wave||[still]
|-fail|p1a: Galvantula
|
|-heal|p2a: Weisse|82/100|[from] item: Black Sludge
|upkeep
|turn|2
|
|move|p2a: Weisse|Flamethrower|p1a: Galvantula
|-supereffective|p1a: Galvantula
|-enditem|p1a: Galvantula|Focus Sash
|-damage|p1a: Galvantula|1/100
|move|p1a: Galvantula|Sticky Web|p2a: Weisse
|-sidestart|p2: vivement dimanche|move: Sticky Web
|
|-heal|p2a: Weisse|88/100|[from] item: Black Sludge
|upkeep
|turn|3
|
|move|p2a: Weisse|Flamethrower|p1a: Galvantula
|-supereffective|p1a: Galvantula
|-damage|p1a: Galvantula|0 fnt
|faint|p1a: Galvantula
|
|-heal|p2a: Weisse|94/100|[from] item: Black Sludge
|upkeep
|
|switch|p1a: Corsola|Corsola-Galar, F|100/100
|turn|4
|
|move|p2a: Weisse|Flamethrower|p1a: Corsola
|-damage|p1a: Corsola|82/100
|-status|p1a: Corsola|brn
|move|p1a: Corsola|Night Shade|p2a: Weisse
|-activate|p2a: Weisse|move: Substitute|[damage]
|
|-heal|p2a: Weisse|99/100|[from] item: Black Sludge
|-damage|p1a: Corsola|76/100 brn|[from] brn
|upkeep
|turn|5
|
|move|p2a: Weisse|Dragon Pulse|p1a: Corsola
|-damage|p1a: Corsola|49/100 brn
|move|p1a: Corsola|Night Shade|p2a: Weisse
|-end|p2a: Weisse|Substitute
|
|-heal|p2a: Weisse|100/100|[from] item: Black Sludge
|-damage|p1a: Corsola|42/100 brn|[from] brn
|upkeep
|turn|6
|
|switch|p1a: Zacian|Zacian-Crowned|100/100
|-ability|p1a: Zacian|Intrepid Sword|boost
|-boost|p1a: Zacian|atk|1
|move|p2a: Weisse|Substitute|p2a: Weisse
|-start|p2a: Weisse|Substitute
|-damage|p2a: Weisse|76/100
|
|-heal|p2a: Weisse|82/100|[from] item: Black Sludge
|upkeep
|turn|7
|
|move|p1a: Zacian|Behemoth Blade|p2a: Weisse
|-end|p2a: Weisse|Substitute
|move|p2a: Weisse|Flamethrower|p1a: Zacian
|-supereffective|p1a: Zacian
|-damage|p1a: Zacian|34/100
|-status|p1a: Zacian|brn
|
|-heal|p2a: Weisse|88/100|[from] item: Black Sludge
|-damage|p1a: Zacian|28/100 brn|[from] brn
|upkeep
|turn|8
|
|move|p1a: Zacian|Behemoth Blade|p2a: Weisse
|-damage|p2a: Weisse|45/100
|move|p2a: Weisse|Flamethrower|p1a: Zacian
|-supereffective|p1a: Zacian
|-damage|p1a: Zacian|0 fnt
|faint|p1a: Zacian
|
|-heal|p2a: Weisse|51/100|[from] item: Black Sludge
|upkeep
|
|switch|p1a: Gyarados|Gyarados, M|100/100
|-ability|p1a: Gyarados|Intimidate|boost
|-unboost|p2a: Weisse|atk|1
|turn|9
|
|move|p2a: Weisse|Substitute|p2a: Weisse
|-start|p2a: Weisse|Substitute
|-damage|p2a: Weisse|26/100
|move|p1a: Gyarados|Dragon Dance|p1a: Gyarados
|-boost|p1a: Gyarados|atk|1
|-boost|p1a: Gyarados|spe|1
|
|-heal|p2a: Weisse|33/100|[from] item: Black Sludge
|upkeep
|turn|10
|
|move|p1a: Gyarados|Earthquake|p2a: Weisse
|-supereffective|p2a: Weisse
|-end|p2a: Weisse|Substitute
|move|p2a: Weisse|Dragon Pulse|p1a: Gyarados
|-damage|p1a: Gyarados|52/100
|
|-heal|p1a: Gyarados|58/100|[from] item: Leftovers
|-heal|p2a: Weisse|39/100|[from] item: Black Sludge
|upkeep
|turn|11
|
|switch|p2a: Roa|Ditto, shiny|100/100
|-activate|p2a: Roa|move: Sticky Web
|-unboost|p2a: Roa|spe|1
|-transform|p2a: Roa|p1a: Gyarados|[from] ability: Imposter
|-ability|p2a: Roa|Intimidate|boost
|-unboost|p1a: Gyarados|atk|1
|move|p1a: Gyarados|Earthquake|p2a: Roa
|-immune|p2a: Roa
|
|-heal|p1a: Gyarados|64/100|[from] item: Leftovers
|upkeep
|turn|12
|
|move|p2a: Roa|Bounce||[still]
|-prepare|p2a: Roa|Bounce|p1a: Gyarados
|move|p1a: Gyarados|Dragon Dance|p1a: Gyarados
|-boost|p1a: Gyarados|atk|1
|-boost|p1a: Gyarados|spe|1
|
|-heal|p1a: Gyarados|70/100|[from] item: Leftovers
|upkeep
|turn|13
|
|move|p2a: Roa|Bounce|p1a: Gyarados|[from]lockedmove
|-damage|p1a: Gyarados|0 fnt
|faint|p1a: Gyarados
|
|upkeep
|
|switch|p1a: Aegislash|Aegislash, F|100/100
|turn|14
|
|-start|p2a: Roa|Dynamax
|-heal|p2a: Roa|100/100|[silent]
|move|p2a: Roa|Max Quake|p1a: Aegislash
|-supereffective|p1a: Aegislash
|-damage|p1a: Aegislash|0 fnt
|-boost|p2a: Roa|spd|1
|faint|p1a: Aegislash
|
|upkeep
|-message|GEDO RINNE TENSEI forfeited.
|
|win|vivement dimanche
|l|☆GEDO RINNE TENSEI
|raw|GEDO RINNE TENSEI's rating: 1498 &rarr; <strong>1468</strong><br />(-30 for losing)
|raw|vivement dimanche's rating: 1308 &rarr; <strong>1338</strong><br />(+30 for winning)
