|j|☆Kage UwU
|j|☆eruza02
|t:|1650971022
|gametype|singles
|player|p1|Kage UwU|psychic-gen4|1371
|player|p2|eruza02|266|1340
|teamsize|p1|6
|teamsize|p2|6
|gen|8
|tier|[Gen 8] Ubers
|rated|
|rule|Sleep Clause Mod: Limit one foe put to sleep
|rule|Species Clause: Limit one of each Pokémon
|rule|OHKO Clause: OHKO moves are banned
|rule|Evasion Moves Clause: Evasion moves are banned
|rule|Endless Battle Clause: Forcing endless battles is banned
|rule|HP Percentage Mod: HP is shown in percentages
|rule|Dynamax Clause: You cannot dynamax
|clearpoke
|poke|p1|Marshadow|
|poke|p1|Necrozma-Dusk-Mane|
|poke|p1|Yveltal|
|poke|p1|Eternatus|
|poke|p1|Lugia|
|poke|p1|Ferrothorn, M|
|poke|p2|Kyogre|
|poke|p2|Groudon|
|poke|p2|Rayquaza|
|poke|p2|Calyrex-Shadow|
|poke|p2|Eternatus|
|poke|p2|Whimsicott, F|
|teampreview
|inactive|Battle timer is ON: inactive players will automatically lose when time's up. (requested by Kage UwU)
|
|t:|1650971037
|start
|switch|p1a: Ferrothorn|Ferrothorn, M|100/100
|switch|p2a: Kyogre|Kyogre|100/100
|-weather|RainDance|[from] ability: Drizzle|[of] p2a: Kyogre
|turn|1
|
|t:|1650971046
|move|p2a: Kyogre|Water Spout|p1a: Ferrothorn
|-resisted|p1a: Ferrothorn
|-damage|p1a: Ferrothorn|24/100
|move|p1a: Ferrothorn|Leech Seed|p2a: Kyogre
|-start|p2a: Kyogre|move: Leech Seed
|
|-weather|RainDance|[upkeep]
|-heal|p1a: Ferrothorn|30/100|[from] item: Leftovers
|-damage|p2a: Kyogre|88/100|[from] Leech Seed|[of] p1a: Ferrothorn
|-heal|p1a: Ferrothorn|42/100|[silent]
|upkeep
|turn|2
|
|t:|1650971058
|switch|p2a: Groudon|Groudon|100/100
|-weather|SunnyDay|[from] ability: Drought|[of] p2a: Groudon
|move|p1a: Ferrothorn|Spikes|p2a: Groudon
|-sidestart|p2: eruza02|Spikes
|
|-weather|SunnyDay|[upkeep]
|-heal|p1a: Ferrothorn|49/100|[from] item: Leftovers
|upkeep
|turn|3
|
|t:|1650971069
|switch|p1a: Lugia|Lugia|100/100
|move|p2a: Groudon|Rock Polish|p2a: Groudon
|-boost|p2a: Groudon|spe|2
|
|-weather|SunnyDay|[upkeep]
|upkeep
|turn|4
|
|t:|1650971076
|move|p2a: Groudon|Stone Edge|p1a: Lugia
|-supereffective|p1a: Lugia
|-damage|p1a: Lugia|81/100
|move|p1a: Lugia|Toxic|p2a: Groudon
|-status|p2a: Groudon|tox
|
|-weather|SunnyDay|[upkeep]
|-damage|p2a: Groudon|94/100 tox|[from] psn
|upkeep
|turn|5
|
|t:|1650971085
|move|p2a: Groudon|Swords Dance|p2a: Groudon
|-boost|p2a: Groudon|atk|2
|move|p1a: Lugia|Roost|p1a: Lugia
|-heal|p1a: Lugia|100/100
|-singleturn|p1a: Lugia|move: Roost
|
|-weather|SunnyDay|[upkeep]
|-heal|p2a: Groudon|100/100 tox|[from] item: Leftovers
|-damage|p2a: Groudon|88/100 tox|[from] psn
|upkeep
|turn|6
|
|t:|1650971095
|move|p2a: Groudon|Stone Edge|p1a: Lugia|[miss]
|-miss|p2a: Groudon|p1a: Lugia
|move|p1a: Lugia|Roost||[still]
|-fail|p1a: Lugia|heal
|
|-weather|none
|-heal|p2a: Groudon|94/100 tox|[from] item: Leftovers
|-damage|p2a: Groudon|76/100 tox|[from] psn
|upkeep
|turn|7
|
|t:|1650971103
|move|p2a: Groudon|Stone Edge|p1a: Lugia
|-supereffective|p1a: Lugia
|-damage|p1a: Lugia|59/100
|move|p1a: Lugia|Roost|p1a: Lugia
|-heal|p1a: Lugia|100/100
|-singleturn|p1a: Lugia|move: Roost
|
|-heal|p2a: Groudon|82/100 tox|[from] item: Leftovers
|-damage|p2a: Groudon|58/100 tox|[from] psn
|upkeep
|turn|8
|
|t:|1650971112
|switch|p2a: Eternatus|Eternatus|100/100
|-damage|p2a: Eternatus|88/100|[from] Spikes
|-ability|p2a: Eternatus|Pressure
|move|p1a: Lugia|Roost||[still]
|-fail|p1a: Lugia|heal
|
|upkeep
|turn|9
|
|t:|1650971121
|move|p2a: Eternatus|Sludge Wave|p1a: Lugia
|-damage|p1a: Lugia|86/100
|-status|p1a: Lugia|psn
|move|p1a: Lugia|Ice Beam|p2a: Eternatus
|-supereffective|p2a: Eternatus
|-damage|p2a: Eternatus|66/100
|
|-damage|p1a: Lugia|74/100 psn|[from] psn
|upkeep
|turn|10
|
|t:|1650971134
|switch|p1a: Necrozma|Necrozma-Dusk-Mane|100/100
|move|p2a: Eternatus|Dynamax Cannon|p1a: Necrozma
|-resisted|p1a: Necrozma
|-damage|p1a: Necrozma|79/100
|
|-heal|p1a: Necrozma|85/100|[from] item: Leftovers
|upkeep
|turn|11
|
|t:|1650971144
|move|p2a: Eternatus|Flamethrower|p1a: Necrozma
|-supereffective|p1a: Necrozma
|-damage|p1a: Necrozma|43/100
|move|p1a: Necrozma|Knock Off|p2a: Eternatus
|-damage|p2a: Eternatus|39/100
|-enditem|p2a: Eternatus|Assault Vest|[from] move: Knock Off|[of] p1a: Necrozma
|
|-heal|p1a: Necrozma|49/100|[from] item: Leftovers
|upkeep
|turn|12
|
|t:|1650971153
|move|p2a: Eternatus|Flamethrower|p1a: Necrozma
|-supereffective|p1a: Necrozma
|-damage|p1a: Necrozma|12/100
|move|p1a: Necrozma|Thunder Wave|p2a: Eternatus
|-status|p2a: Eternatus|par
|
|-heal|p1a: Necrozma|18/100|[from] item: Leftovers
|upkeep
|turn|13
|
|t:|1650971161
|cant|p2a: Eternatus|par
|move|p1a: Necrozma|Moonlight|p1a: Necrozma
|-heal|p1a: Necrozma|68/100
|
|-heal|p1a: Necrozma|74/100|[from] item: Leftovers
|upkeep
|turn|14
|
|t:|1650971168
|move|p2a: Eternatus|Flamethrower|p1a: Necrozma
|-supereffective|p1a: Necrozma
|-damage|p1a: Necrozma|34/100
|move|p1a: Necrozma|Iron Head|p2a: Eternatus
|-damage|p2a: Eternatus|5/100 par
|
|-heal|p1a: Necrozma|40/100|[from] item: Leftovers
|upkeep
|turn|15
|
|t:|1650971174
|cant|p2a: Eternatus|par
|move|p1a: Necrozma|Moonlight|p1a: Necrozma
|-heal|p1a: Necrozma|90/100
|
|-heal|p1a: Necrozma|96/100|[from] item: Leftovers
|upkeep
|turn|16
|
|t:|1650971181
|move|p2a: Eternatus|Flamethrower|p1a: Necrozma
|-supereffective|p1a: Necrozma
|-damage|p1a: Necrozma|53/100
|move|p1a: Necrozma|Iron Head|p2a: Eternatus
|-damage|p2a: Eternatus|0 fnt
|faint|p2a: Eternatus
|
|-heal|p1a: Necrozma|59/100|[from] item: Leftovers
|upkeep
|
|t:|1650971189
|switch|p2a: Rayquaza|Rayquaza|100/100
|-ability|p2a: Rayquaza|Air Lock
|turn|17
|inactive|Kage UwU has 120 seconds left.
|
|t:|1650971233
|switch|p1a: Lugia|Lugia|74/100 psn
|move|p2a: Rayquaza|Dragon Dance|p2a: Rayquaza
|-boost|p2a: Rayquaza|atk|1
|-boost|p2a: Rayquaza|spe|1
|
|-damage|p1a: Lugia|61/100 psn|[from] psn
|upkeep
|turn|18
|
|t:|1650971240
|move|p2a: Rayquaza|Dragon Ascent|p1a: Lugia
|-damage|p1a: Lugia|0 fnt
|-unboost|p2a: Rayquaza|def|1
|-unboost|p2a: Rayquaza|spd|1
|faint|p1a: Lugia
|-damage|p2a: Rayquaza|91/100|[from] item: Life Orb
|
|upkeep
|
|t:|1650971247
|switch|p1a: Marshadow|Marshadow|100/100
|turn|19
|
|t:|1650971252
|move|p2a: Rayquaza|Dragon Ascent|p1a: Marshadow
|-supereffective|p1a: Marshadow
|-damage|p1a: Marshadow|0 fnt
|-unboost|p2a: Rayquaza|def|1
|-unboost|p2a: Rayquaza|spd|1
|faint|p1a: Marshadow
|-damage|p2a: Rayquaza|81/100|[from] item: Life Orb
|
|upkeep
|inactive|Kage UwU has 120 seconds left.
|-message|Kage UwU forfeited.
|
|win|eruza02
|raw|Kage UwU's rating: 1371 &rarr; <strong>1349</strong><br />(-22 for losing)
|raw|eruza02's rating: 1340 &rarr; <strong>1362</strong><br />(+22 for winning)
|l|☆Kage UwU
