|j|☆nico360
|j|☆Chunkomucho
|player|p1|nico360|169|1302
|player|p2|Chunkomucho|erika|1452
|teamsize|p1|6
|teamsize|p2|6
|gametype|singles
|gen|8
|tier|[Gen 8] Ubers
|rated|
|clearpoke
|poke|p1|Ninjask, M|
|poke|p1|Dracovish|
|poke|p1|Pelipper, F|
|poke|p1|Darmanitan-Galar, M|
|poke|p1|Eternatus|
|poke|p1|Marshadow|
|poke|p2|Eternatus|
|poke|p2|Hatterene, F|
|poke|p2|Toxapex, M|
|poke|p2|Corviknight, M|
|poke|p2|Quagsire, M|
|poke|p2|Tyranitar, M|
|rule|Sleep Clause Mod: Limit one foe put to sleep
|rule|Species Clause: Limit one of each Pokémon
|rule|OHKO Clause: OHKO moves are banned
|rule|Evasion Moves Clause: Evasion moves are banned
|rule|Endless Battle Clause: Forcing endless battles is banned
|rule|HP Percentage Mod: HP is shown in percentages
|html|Ubers Dynamax Clause: Pokémon on the <a href="https://www.smogon.com/dex/ss/formats/uber/">Ubers Dynamax Banlist</a> cannot Dynamax.
|teampreview
|inactive|Battle timer is ON: inactive players will automatically lose when time's up. (requested by Chunkomucho)
|
|start
|switch|p1a: Dracovish|Dracovish|100/100
|switch|p2a: Corviknight|Corviknight, M|100/100
|-ability|p2a: Corviknight|Pressure
|turn|1
|
|switch|p1a: Pelipper|Pelipper, F|100/100
|-weather|RainDance|[from] ability: Drizzle|[of] p1a: Pelipper
|switch|p2a: Toxapex|Toxapex, M|100/100
|
|-weather|RainDance|[upkeep]
|upkeep
|turn|2
|
|move|p1a: Pelipper|Hurricane|p2a: Toxapex
|-damage|p2a: Toxapex|69/100
|move|p2a: Toxapex|Knock Off|p1a: Pelipper
|-damage|p1a: Pelipper|89/100
|-enditem|p1a: Pelipper|Damp Rock|[from] move: Knock Off|[of] p2a: Toxapex
|
|-weather|RainDance|[upkeep]
|upkeep
|turn|3
|
|move|p1a: Pelipper|Hurricane|p2a: Toxapex
|-damage|p2a: Toxapex|40/100
|-start|p2a: Toxapex|confusion
|-activate|p2a: Toxapex|confusion
|move|p2a: Toxapex|Recover|p2a: Toxapex
|-heal|p2a: Toxapex|90/100
|
|-weather|RainDance|[upkeep]
|upkeep
|turn|4
|
|switch|p1a: Darmanitan|Darmanitan-Galar, M|100/100
|-activate|p2a: Toxapex|confusion
|move|p2a: Toxapex|Recover|p2a: Toxapex
|-heal|p2a: Toxapex|100/100
|
|-weather|RainDance|[upkeep]
|upkeep
|turn|5
|
|switch|p2a: Corviknight|Corviknight, M|100/100
|-ability|p2a: Corviknight|Pressure
|move|p1a: Darmanitan|Earthquake|p2a: Corviknight
|-immune|p2a: Corviknight
|
|-weather|RainDance|[upkeep]
|upkeep
|turn|6
|
|switch|p1a: Pelipper|Pelipper, F|89/100
|move|p2a: Corviknight|U-turn|p1a: Pelipper
|-resisted|p1a: Pelipper
|-damage|p1a: Pelipper|84/100
|
|switch|p2a: Eternatus|Eternatus|100/100|[from]move: U-turn
|-ability|p2a: Eternatus|Pressure
|
|-weather|RainDance|[upkeep]
|upkeep
|turn|7
|
|move|p2a: Eternatus|Dynamax Cannon|p1a: Pelipper
|-damage|p1a: Pelipper|0 fnt
|-damage|p2a: Eternatus|91/100|[from] item: Life Orb
|faint|p1a: Pelipper
|
|-weather|RainDance|[upkeep]
|upkeep
|
|switch|p1a: Darmanitan|Darmanitan-Galar, M|100/100
|turn|8
|
|switch|p2a: Toxapex|Toxapex, M|100/100
|move|p1a: Darmanitan|Earthquake|p2a: Toxapex
|-supereffective|p2a: Toxapex
|-damage|p2a: Toxapex|25/100
|
|-weather|none
|upkeep
|turn|9
|
|switch|p2a: Corviknight|Corviknight, M|100/100
|-ability|p2a: Corviknight|Pressure
|-start|p1a: Darmanitan|Dynamax
|-heal|p1a: Darmanitan|100/100|[silent]
|move|p1a: Darmanitan|Max Flare|p2a: Corviknight
|-supereffective|p2a: Corviknight
|-damage|p2a: Corviknight|35/100
|-weather|SunnyDay
|
|-weather|SunnyDay|[upkeep]
|upkeep
|turn|10
|
|move|p1a: Darmanitan|Max Hailstorm|p2a: Corviknight
|-damage|p2a: Corviknight|0 fnt
|-weather|Hail
|faint|p2a: Corviknight
|
|-weather|Hail|[upkeep]
|upkeep
|
|switch|p2a: Eternatus|Eternatus|91/100
|-ability|p2a: Eternatus|Pressure
|turn|11
|
|move|p2a: Eternatus|Dynamax Cannon|p1a: Darmanitan
|-damage|p1a: Darmanitan|0 fnt
|-damage|p2a: Eternatus|81/100|[from] item: Life Orb
|faint|p1a: Darmanitan
|
|-weather|Hail|[upkeep]
|-damage|p2a: Eternatus|74/100|[from] Hail
|upkeep
|
|switch|p1a: Eternatus|Eternatus|100/100
|-ability|p1a: Eternatus|Pressure
|turn|12
|
|switch|p2a: Tyranitar|Tyranitar, M|100/100
|-weather|Sandstorm|[from] ability: Sand Stream|[of] p2a: Tyranitar
|move|p1a: Eternatus|Dynamax Cannon|p2a: Tyranitar
|-damage|p2a: Tyranitar|77/100
|
|-weather|Sandstorm|[upkeep]
|-damage|p1a: Eternatus|94/100|[from] Sandstorm
|upkeep
|turn|13
|
|switch|p1a: Ninjask|Ninjask, M|100/100
|move|p2a: Tyranitar|Stealth Rock|p1a: Ninjask
|-sidestart|p1: nico360|move: Stealth Rock
|
|-weather|Sandstorm|[upkeep]
|-damage|p1a: Ninjask|94/100|[from] Sandstorm
|upkeep
|turn|14
|
|switch|p2a: Toxapex|Toxapex, M|59/100
|move|p1a: Ninjask|Protect||[still]
|-fail|p1a: Ninjask
|
|-weather|Sandstorm|[upkeep]
|-damage|p1a: Ninjask|88/100|[from] Sandstorm
|-damage|p2a: Toxapex|52/100|[from] Sandstorm
|-ability|p1a: Ninjask|Speed Boost|boost
|-boost|p1a: Ninjask|spe|1
|upkeep
|turn|15
|
|move|p1a: Ninjask|Swords Dance|p1a: Ninjask
|-boost|p1a: Ninjask|atk|2
|move|p2a: Toxapex|Recover|p2a: Toxapex
|-heal|p2a: Toxapex|100/100
|
|-weather|Sandstorm|[upkeep]
|-damage|p1a: Ninjask|82/100|[from] Sandstorm
|-damage|p2a: Toxapex|94/100|[from] Sandstorm
|-ability|p1a: Ninjask|Speed Boost|boost
|-boost|p1a: Ninjask|spe|1
|upkeep
|turn|16
|
|move|p1a: Ninjask|Protect|p1a: Ninjask
|-singleturn|p1a: Ninjask|Protect
|move|p2a: Toxapex|Haze|p2a: Toxapex
|-clearallboost
|
|-weather|none
|-ability|p1a: Ninjask|Speed Boost|boost
|-boost|p1a: Ninjask|spe|1
|upkeep
|turn|17
|
|move|p1a: Ninjask|Swords Dance|p1a: Ninjask
|-boost|p1a: Ninjask|atk|2
|move|p2a: Toxapex|Scald|p1a: Ninjask
|-damage|p1a: Ninjask|46/100
|
|-ability|p1a: Ninjask|Speed Boost|boost
|-boost|p1a: Ninjask|spe|1
|upkeep
|turn|18
|
|move|p1a: Ninjask|Acrobatics|p2a: Toxapex
|-damage|p2a: Toxapex|68/100
|move|p2a: Toxapex|Haze|p2a: Toxapex
|-clearallboost
|
|-ability|p1a: Ninjask|Speed Boost|boost
|-boost|p1a: Ninjask|spe|1
|upkeep
|turn|19
|
|move|p1a: Ninjask|Protect|p1a: Ninjask
|-singleturn|p1a: Ninjask|Protect
|move|p2a: Toxapex|Scald|p1a: Ninjask
|-activate|p1a: Ninjask|move: Protect
|
|-ability|p1a: Ninjask|Speed Boost|boost
|-boost|p1a: Ninjask|spe|1
|upkeep
|turn|20
|
|move|p1a: Ninjask|Acrobatics|p2a: Toxapex
|-damage|p2a: Toxapex|54/100
|move|p2a: Toxapex|Scald|p1a: Ninjask
|-damage|p1a: Ninjask|7/100
|-status|p1a: Ninjask|brn
|
|-damage|p1a: Ninjask|0 fnt|[from] brn
|faint|p1a: Ninjask
|upkeep
|
|switch|p1a: Dracovish|Dracovish|100/100
|-damage|p1a: Dracovish|88/100|[from] Stealth Rock
|turn|21
|
|switch|p2a: Quagsire|Quagsire, M|100/100
|move|p1a: Dracovish|Psychic Fangs|p2a: Quagsire
|-damage|p2a: Quagsire|68/100
|-damage|p1a: Dracovish|78/100|[from] item: Life Orb
|
|upkeep
|turn|22
|
|move|p1a: Dracovish|Fishious Rend|p2a: Quagsire
|-damage|p2a: Quagsire|0 fnt
|-damage|p1a: Dracovish|68/100|[from] item: Life Orb
|faint|p2a: Quagsire
|
|upkeep
|
|switch|p2a: Eternatus|Eternatus|74/100
|-ability|p2a: Eternatus|Pressure
|turn|23
|
|switch|p1a: Eternatus|Eternatus|94/100
|-damage|p1a: Eternatus|82/100|[from] Stealth Rock
|-ability|p1a: Eternatus|Pressure
|move|p2a: Eternatus|Dynamax Cannon|p1a: Eternatus
|-supereffective|p1a: Eternatus
|-damage|p1a: Eternatus|0 fnt
|-damage|p2a: Eternatus|64/100|[from] item: Life Orb
|faint|p1a: Eternatus
|
|upkeep
|-message|nico360 forfeited.
|
|win|Chunkomucho
|l|☆nico360
|raw|nico360's rating: 1282 &rarr; <strong>1269</strong><br />(-13 for losing)
|raw|Chunkomucho's rating: 1452 &rarr; <strong>1463</strong><br />(+11 for winning)
