|j|☆Rusty blue
|j|☆palapapop
|player|p1|Rusty blue|clair|1749
|player|p2|palapapop|benga|1785
|teamsize|p1|6
|teamsize|p2|6
|gametype|singles
|gen|8
|tier|[Gen 8] Ubers
|rated|
|clearpoke
|poke|p1|Eternatus|
|poke|p1|Pelipper, M|
|poke|p1|Drednaw, M|
|poke|p1|Necrozma-Dusk-Mane|
|poke|p1|Dracovish|
|poke|p1|Zacian-Crowned|
|poke|p2|Umbreon, M|
|poke|p2|Eternatus|
|poke|p2|Ditto|
|poke|p2|Zacian-Crowned|
|poke|p2|Dracovish|
|poke|p2|Quagsire, M|
|rule|Sleep Clause Mod: Limit one foe put to sleep
|rule|Species Clause: Limit one of each Pokémon
|rule|OHKO Clause: OHKO moves are banned
|rule|Evasion Moves Clause: Evasion moves are banned
|rule|Endless Battle Clause: Forcing endless battles is banned
|rule|HP Percentage Mod: HP is shown in percentages
|html|Ubers Dynamax Clause: Pokémon on the <a href="https://www.smogon.com/dex/ss/formats/uber/">Ubers Dynamax Banlist</a> cannot Dynamax.
|teampreview
|
|start
|switch|p1a: Pelipper|Pelipper, M|100/100
|switch|p2a: Ditto|Ditto|100/100
|-transform|p2a: Ditto|p1a: Pelipper|[from] ability: Imposter
|-weather|RainDance|[from] ability: Drizzle|[of] p2a: Ditto
|turn|1
|j| eyyow
|
|switch|p2a: Dracovish|Dracovish|100/100
|move|p1a: Pelipper|U-turn|p2a: Dracovish
|-damage|p2a: Dracovish|91/100
|
|switch|p1a: Eternatus|Eternatus|100/100|[from]move: U-turn
|-ability|p1a: Eternatus|Pressure
|
|-weather|RainDance|[upkeep]
|upkeep
|turn|2
|
|switch|p1a: Zacian|Zacian-Crowned|100/100
|-ability|p1a: Zacian|Intrepid Sword|boost
|-boost|p1a: Zacian|atk|1
|switch|p2a: Zacian|Zacian-Crowned|100/100
|-ability|p2a: Zacian|Intrepid Sword|boost
|-boost|p2a: Zacian|atk|1
|
|-weather|RainDance|[upkeep]
|upkeep
|turn|3
|
|move|p2a: Zacian|Sacred Sword|p1a: Zacian
|-damage|p1a: Zacian|51/100
|move|p1a: Zacian|Behemoth Blade|p2a: Zacian
|-damage|p2a: Zacian|15/100
|
|-weather|RainDance|[upkeep]
|upkeep
|turn|4
|
|switch|p2a: Quagsire|Quagsire, M|100/100
|move|p1a: Zacian|Sacred Sword|p2a: Quagsire
|-damage|p2a: Quagsire|74/100
|
|-weather|RainDance|[upkeep]
|-heal|p2a: Quagsire|80/100|[from] item: Leftovers
|upkeep
|turn|5
|
|switch|p1a: Dracovish|Dracovish|100/100
|move|p2a: Quagsire|Earthquake|p1a: Dracovish
|-crit|p1a: Dracovish
|-damage|p1a: Dracovish|58/100
|
|-weather|none
|-heal|p2a: Quagsire|86/100|[from] item: Leftovers
|upkeep
|turn|6
|
|-start|p2a: Quagsire|Dynamax
|-heal|p2a: Quagsire|86/100|[silent]
|move|p1a: Dracovish|Substitute|p1a: Dracovish
|-start|p1a: Dracovish|Substitute
|-damage|p1a: Dracovish|33/100
|move|p2a: Quagsire|Max Quake|p1a: Dracovish
|-end|p1a: Dracovish|Substitute
|-boost|p2a: Quagsire|spd|1
|
|-heal|p2a: Quagsire|89/100|[from] item: Leftovers
|upkeep
|turn|7
|j| Ru33
|
|switch|p1a: Pelipper|Pelipper, M|100/100
|-weather|RainDance|[from] ability: Drizzle|[of] p1a: Pelipper
|move|p2a: Quagsire|Max Quake|p1a: Pelipper
|-immune|p1a: Pelipper
|
|-weather|RainDance|[upkeep]
|-heal|p2a: Quagsire|92/100|[from] item: Leftovers
|upkeep
|turn|8
|
|-end|p2a: Quagsire|Dynamax
|-heal|p2a: Quagsire|92/100|[silent]
|switch|p2a: Dracovish|Dracovish|91/100
|move|p1a: Pelipper|Scald|p2a: Dracovish
|-resisted|p2a: Dracovish
|-damage|p2a: Dracovish|78/100
|
|-weather|RainDance|[upkeep]
|upkeep
|turn|9
|
|move|p2a: Dracovish|Fishious Rend|p1a: Pelipper
|-resisted|p1a: Pelipper
|-damage|p1a: Pelipper|8/100
|move|p1a: Pelipper|U-turn|p2a: Dracovish
|-damage|p2a: Dracovish|69/100
|
|switch|p1a: Drednaw|Drednaw, M|100/100|[from]move: U-turn
|
|-weather|RainDance|[upkeep]
|upkeep
|turn|10
|
|-start|p1a: Drednaw|Dynamax
|-formechange|p1a: Drednaw|Drednaw-Gmax
|-heal|p1a: Drednaw|100/100|[silent]
|move|p1a: Drednaw|Max Wyrmwind|p2a: Dracovish
|-supereffective|p2a: Dracovish
|-damage|p2a: Dracovish|0 fnt
|-damage|p1a: Drednaw|96/100|[from] item: Life Orb
|faint|p2a: Dracovish
|
|-weather|RainDance|[upkeep]
|upkeep
|
|switch|p2a: Eternatus|Eternatus|100/100
|-ability|p2a: Eternatus|Pressure
|turn|11
|
|switch|p2a: Quagsire|Quagsire, M|92/100
|move|p1a: Drednaw|Max Quake|p2a: Quagsire
|-damage|p2a: Quagsire|53/100
|-boost|p1a: Drednaw|spd|1
|-damage|p1a: Drednaw|91/100|[from] item: Life Orb
|
|-weather|RainDance|[upkeep]
|-heal|p2a: Quagsire|59/100|[from] item: Leftovers
|upkeep
|turn|12
|
|move|p2a: Quagsire|Protect|p2a: Quagsire
|-singleturn|p2a: Quagsire|Protect
|move|p1a: Drednaw|G-Max Stonesurge|p2a: Quagsire
|-zbroken|p2a: Quagsire
|-damage|p2a: Quagsire|39/100
|-sidestart|p2: palapapop|move: Stealth Rock
|-damage|p1a: Drednaw|86/100|[from] item: Life Orb
|
|-weather|RainDance|[upkeep]
|-heal|p2a: Quagsire|45/100|[from] item: Leftovers
|-end|p1a: Drednaw|Dynamax
|-formechange|p1a: Drednaw|Drednaw
|-heal|p1a: Drednaw|86/100|[silent]
|upkeep
|turn|13
|
|move|p1a: Drednaw|Liquidation|p2a: Quagsire
|-damage|p2a: Quagsire|0 fnt
|-damage|p1a: Drednaw|76/100|[from] item: Life Orb
|faint|p2a: Quagsire
|
|-weather|RainDance|[upkeep]
|upkeep
|
|switch|p2a: Ditto|Ditto|100/100
|-damage|p2a: Ditto|88/100|[from] Stealth Rock
|-transform|p2a: Ditto|p1a: Drednaw|[from] ability: Imposter
|turn|14
|
|switch|p1a: Pelipper|Pelipper, M|8/100
|move|p2a: Ditto|Liquidation|p1a: Pelipper
|-resisted|p1a: Pelipper
|-damage|p1a: Pelipper|0 fnt
|faint|p1a: Pelipper
|
|-weather|none
|upkeep
|
|switch|p1a: Dracovish|Dracovish|33/100
|turn|15
|
|switch|p2a: Eternatus|Eternatus|100/100
|-damage|p2a: Eternatus|88/100|[from] Stealth Rock
|-ability|p2a: Eternatus|Pressure
|move|p1a: Dracovish|Fishious Rend|p2a: Eternatus
|-resisted|p2a: Eternatus
|-damage|p2a: Eternatus|38/100
|
|upkeep
|turn|16
|
|switch|p1a: Zacian|Zacian-Crowned|51/100
|-ability|p1a: Zacian|Intrepid Sword|boost
|-boost|p1a: Zacian|atk|1
|move|p2a: Eternatus|Recover|p2a: Eternatus
|-heal|p2a: Eternatus|88/100
|
|upkeep
|turn|17
|
|move|p1a: Zacian|Behemoth Blade|p2a: Eternatus
|-damage|p2a: Eternatus|6/100
|move|p2a: Eternatus|Flamethrower|p1a: Zacian
|-supereffective|p1a: Zacian
|-damage|p1a: Zacian|0 fnt
|-damage|p2a: Eternatus|0 fnt|[from] item: Life Orb
|faint|p1a: Zacian
|faint|p2a: Eternatus
|
|upkeep
|
|switch|p1a: Dracovish|Dracovish|33/100
|switch|p2a: Ditto|Ditto|88/100
|-damage|p2a: Ditto|76/100|[from] Stealth Rock
|-transform|p2a: Ditto|p1a: Dracovish|[from] ability: Imposter
|turn|18
|
|move|p2a: Ditto|Fishious Rend|p1a: Dracovish
|-resisted|p1a: Dracovish
|-damage|p1a: Dracovish|6/100
|move|p1a: Dracovish|Crunch|p2a: Ditto
|-damage|p2a: Ditto|34/100
|-unboost|p2a: Ditto|def|1
|
|upkeep
|turn|19
|
|switch|p1a: Drednaw|Drednaw, M|76/100
|move|p2a: Ditto|Fishious Rend|p1a: Drednaw
|-damage|p1a: Drednaw|0 fnt
|faint|p1a: Drednaw
|
|upkeep
|
|switch|p1a: Eternatus|Eternatus|100/100
|-ability|p1a: Eternatus|Pressure
|turn|20
|
|switch|p2a: Umbreon|Umbreon, M|100/100
|-damage|p2a: Umbreon|88/100|[from] Stealth Rock
|move|p1a: Eternatus|Dynamax Cannon|p2a: Umbreon
|-damage|p2a: Umbreon|60/100
|
|-heal|p2a: Umbreon|66/100|[from] item: Leftovers
|upkeep
|turn|21
|
|switch|p1a: Dracovish|Dracovish|6/100
|move|p2a: Umbreon|Baton Pass|p2a: Umbreon
|
|switch|p2a: Zacian|Zacian-Crowned|15/100|[from]move: Baton Pass
|-damage|p2a: Zacian|9/100|[from] Stealth Rock
|-ability|p2a: Zacian|Intrepid Sword|boost
|-boost|p2a: Zacian|atk|1
|
|upkeep
|turn|22
|
|move|p2a: Zacian|Crunch|p1a: Dracovish
|-damage|p1a: Dracovish|0 fnt
|faint|p1a: Dracovish
|
|upkeep
|
|switch|p1a: Necrozma|Necrozma-Dusk-Mane|100/100
|turn|23
|
|move|p2a: Zacian|Crunch|p1a: Necrozma
|-supereffective|p1a: Necrozma
|-damage|p1a: Necrozma|58/100
|-unboost|p1a: Necrozma|def|1
|move|p1a: Necrozma|Sunsteel Strike|p2a: Zacian
|-damage|p2a: Zacian|0 fnt
|faint|p2a: Zacian
|
|-heal|p1a: Necrozma|64/100|[from] item: Leftovers
|upkeep
|
|switch|p2a: Ditto|Ditto|34/100
|-damage|p2a: Ditto|22/100|[from] Stealth Rock
|-transform|p2a: Ditto|p1a: Necrozma|[from] ability: Imposter
|turn|24
|
|switch|p2a: Umbreon|Umbreon, M|66/100
|-damage|p2a: Umbreon|54/100|[from] Stealth Rock
|move|p1a: Necrozma|Sunsteel Strike|p2a: Umbreon
|-damage|p2a: Umbreon|14/100
|
|-heal|p1a: Necrozma|70/100|[from] item: Leftovers
|-heal|p2a: Umbreon|21/100|[from] item: Leftovers
|upkeep
|turn|25
|c|☆palapapop|gg !
|
|move|p2a: Umbreon|Protect|p2a: Umbreon
|-singleturn|p2a: Umbreon|Protect
|move|p1a: Necrozma|Sunsteel Strike|p2a: Umbreon
|-activate|p2a: Umbreon|move: Protect
|
|-heal|p1a: Necrozma|76/100|[from] item: Leftovers
|-heal|p2a: Umbreon|27/100|[from] item: Leftovers
|upkeep
|turn|26
|c|☆Rusty blue|arret
|c|☆palapapop|de ?
|
|move|p1a: Necrozma|Sunsteel Strike|p2a: Umbreon
|-damage|p2a: Umbreon|0 fnt
|faint|p2a: Umbreon
|
|-heal|p1a: Necrozma|82/100|[from] item: Leftovers
|upkeep
|
|switch|p2a: Ditto|Ditto|22/100
|-damage|p2a: Ditto|10/100|[from] Stealth Rock
|-transform|p2a: Ditto|p1a: Necrozma|[from] ability: Imposter
|turn|27
|c|☆Rusty blue|j'ai gagné pourquoi tu portect
|
|move|p2a: Ditto|Swords Dance|p2a: Ditto
|-boost|p2a: Ditto|atk|2
|move|p1a: Necrozma|Sunsteel Strike|p2a: Ditto
|-resisted|p2a: Ditto
|-damage|p2a: Ditto|0 fnt
|faint|p2a: Ditto
|
|win|Rusty blue
|c|☆palapapop|pas rigolo non plus de forfeit
|raw|Rusty blue's rating: 1749 &rarr; <strong>1771</strong><br />(+22 for winning)
|raw|palapapop's rating: 1785 &rarr; <strong>1763</strong><br />(-22 for losing)
|c|☆palapapop|je livre le match jusque au bout
|l|☆palapapop
|l| eyyow
|c|☆Rusty blue|je compremd
