|j|☆Ryriss
|j|☆Jurassienpro
|t:|1652907212
|gametype|singles
|player|p1|Ryriss|hilbert|1460
|player|p2|Jurassienpro|cress|1458
|teamsize|p1|6
|teamsize|p2|6
|gen|8
|tier|[Gen 8] Ubers
|rated|
|rule|Sleep Clause Mod: Limit one foe put to sleep
|rule|Species Clause: Limit one of each Pokémon
|rule|OHKO Clause: OHKO moves are banned
|rule|Evasion Moves Clause: Evasion moves are banned
|rule|Endless Battle Clause: Forcing endless battles is banned
|rule|HP Percentage Mod: HP is shown in percentages
|rule|Dynamax Clause: You cannot dynamax
|clearpoke
|poke|p1|Giratina-Origin|
|poke|p1|Groudon|
|poke|p1|Genesect|
|poke|p1|Kyurem-Black|
|poke|p1|Lugia|
|poke|p1|Yveltal|
|poke|p2|Calyrex-Ice|
|poke|p2|Melmetal|
|poke|p2|Kyogre|
|poke|p2|Necrozma-Dawn-Wings|
|poke|p2|Zamazenta-*|
|poke|p2|Xerneas-*|
|teampreview
|inactive|Battle timer is ON: inactive players will automatically lose when time's up. (requested by Ryriss)
|c|☆Jurassienpro|Gl hf
|
|t:|1652907229
|start
|switch|p1a: Lugia|Lugia|100/100
|switch|p2a: Kyogre|Kyogre|100/100
|-weather|RainDance|[from] ability: Drizzle|[of] p2a: Kyogre
|-ability|p1a: Lugia|Pressure
|turn|1
|
|t:|1652907239
|move|p2a: Kyogre|Water Spout|p1a: Lugia
|-damage|p1a: Lugia|33/100
|move|p1a: Lugia|Light Screen|p1a: Lugia
|-sidestart|p1: Ryriss|move: Light Screen
|
|-weather|RainDance|[upkeep]
|upkeep
|turn|2
|
|t:|1652907248
|move|p2a: Kyogre|Water Spout|p1a: Lugia
|-damage|p1a: Lugia|0 fnt
|faint|p1a: Lugia
|
|-weather|RainDance|[upkeep]
|upkeep
|
|t:|1652907255
|switch|p1a: Giratina|Giratina-Origin|100/100
|turn|3
|
|t:|1652907261
|move|p2a: Kyogre|Water Spout|p1a: Giratina
|-resisted|p1a: Giratina
|-damage|p1a: Giratina|82/100
|move|p1a: Giratina|Poltergeist|p2a: Kyogre
|-activate|p2a: Kyogre|move: Poltergeist|Choice Scarf
|-damage|p2a: Kyogre|33/100
|
|-weather|RainDance|[upkeep]
|upkeep
|turn|4
|
|t:|1652907272
|switch|p2a: Melmetal|Melmetal|100/100
|move|p1a: Giratina|Poltergeist|p2a: Melmetal
|-activate|p2a: Melmetal|move: Poltergeist|Assault Vest
|-damage|p2a: Melmetal|63/100
|
|-weather|RainDance|[upkeep]
|upkeep
|turn|5
|
|t:|1652907281
|move|p1a: Giratina|Will-O-Wisp|p2a: Melmetal
|-status|p2a: Melmetal|brn
|move|p2a: Melmetal|Darkest Lariat|p1a: Giratina
|-supereffective|p1a: Giratina
|-damage|p1a: Giratina|57/100
|
|-weather|none
|-damage|p2a: Melmetal|57/100 brn|[from] brn
|upkeep
|turn|6
|
|t:|1652907305
|switch|p1a: Yveltal|Yveltal|100/100
|-ability|p1a: Yveltal|Dark Aura
|move|p2a: Melmetal|Darkest Lariat|p1a: Yveltal
|-resisted|p1a: Yveltal
|-damage|p1a: Yveltal|91/100
|
|-damage|p2a: Melmetal|51/100 brn|[from] brn
|upkeep
|turn|7
|
|t:|1652907319
|move|p1a: Yveltal|Heat Wave|p2a: Melmetal
|-supereffective|p2a: Melmetal
|-damage|p2a: Melmetal|13/100 brn
|move|p2a: Melmetal|Double Iron Bash|p1a: Yveltal
|-damage|p1a: Yveltal|73/100
|-damage|p1a: Yveltal|52/100
|-hitcount|p1a: Yveltal|2
|
|-damage|p2a: Melmetal|7/100 brn|[from] brn
|upkeep
|turn|8
|
|t:|1652907329
|move|p1a: Yveltal|Oblivion Wing|p2a: Melmetal
|-resisted|p2a: Melmetal
|-damage|p2a: Melmetal|0 fnt
|-heal|p1a: Yveltal|57/100|[from] drain|[of] p2a: Melmetal
|faint|p2a: Melmetal
|
|-sideend|p1: Ryriss|move: Light Screen
|upkeep
|
|t:|1652907333
|switch|p2a: Kyogre|Kyogre|33/100
|-weather|RainDance|[from] ability: Drizzle|[of] p2a: Kyogre
|turn|9
|
|t:|1652907341
|move|p1a: Yveltal|Sucker Punch|p2a: Kyogre
|-damage|p2a: Kyogre|0 fnt
|faint|p2a: Kyogre
|
|-weather|RainDance|[upkeep]
|upkeep
|
|t:|1652907349
|switch|p2a: Zamazenta|Zamazenta-Crowned|100/100
|-ability|p2a: Zamazenta|Dauntless Shield|boost
|-boost|p2a: Zamazenta|def|1
|turn|10
|
|t:|1652907359
|switch|p1a: Giratina|Giratina-Origin|57/100
|move|p2a: Zamazenta|Howl|p2a: Zamazenta
|-boost|p2a: Zamazenta|atk|1
|
|-weather|RainDance|[upkeep]
|upkeep
|turn|11
|c|☆Jurassienpro|Gg
|
|t:|1652907369
|move|p2a: Zamazenta|Behemoth Bash|p1a: Giratina
|-damage|p1a: Giratina|3/100
|move|p1a: Giratina|Will-O-Wisp|p2a: Zamazenta
|-status|p2a: Zamazenta|brn
|
|-weather|RainDance|[upkeep]
|-damage|p2a: Zamazenta|94/100 brn|[from] brn
|upkeep
|turn|12
|
|t:|1652907384
|switch|p1a: Groudon|Groudon|100/100
|-weather|SunnyDay|[from] ability: Drought|[of] p1a: Groudon
|move|p2a: Zamazenta|Howl|p2a: Zamazenta
|-boost|p2a: Zamazenta|atk|1
|
|-weather|SunnyDay|[upkeep]
|-damage|p2a: Zamazenta|88/100 brn|[from] brn
|upkeep
|turn|13
|
|t:|1652907394
|move|p2a: Zamazenta|Howl|p2a: Zamazenta
|-boost|p2a: Zamazenta|atk|1
|move|p1a: Groudon|Swords Dance|p1a: Groudon
|-boost|p1a: Groudon|atk|2
|
|-weather|SunnyDay|[upkeep]
|-damage|p2a: Zamazenta|82/100 brn|[from] brn
|upkeep
|turn|14
|
|t:|1652907404
|move|p2a: Zamazenta|Behemoth Bash|p1a: Groudon
|-damage|p1a: Groudon|50/100
|move|p1a: Groudon|Earthquake|p2a: Zamazenta
|-supereffective|p2a: Zamazenta
|-damage|p2a: Zamazenta|0 fnt
|faint|p2a: Zamazenta
|
|-weather|SunnyDay|[upkeep]
|upkeep
|
|t:|1652907413
|switch|p2a: Necrozma|Necrozma-Dawn-Wings|100/100
|turn|15
|
|t:|1652907416
|move|p1a: Groudon|Rock Polish|p1a: Groudon
|-boost|p1a: Groudon|spe|2
|move|p2a: Necrozma|Trick Room|p2a: Necrozma
|-fieldstart|move: Trick Room|[of] p2a: Necrozma
|
|-weather|SunnyDay|[upkeep]
|upkeep
|turn|16
|
|t:|1652907423
|move|p2a: Necrozma|Moongeist Beam|p1a: Groudon
|-damage|p1a: Groudon|0 fnt
|faint|p1a: Groudon
|
|-weather|none
|upkeep
|
|t:|1652907430
|switch|p1a: Yveltal|Yveltal|57/100
|-ability|p1a: Yveltal|Dark Aura
|turn|17
|
|t:|1652907434
|move|p1a: Yveltal|Sucker Punch|p2a: Necrozma
|-supereffective|p2a: Necrozma
|-crit|p2a: Necrozma
|-damage|p2a: Necrozma|0 fnt
|faint|p2a: Necrozma
|
|upkeep
|
|t:|1652907436
|switch|p2a: Calyrex|Calyrex-Ice|100/100
|-ability|p2a: Calyrex|As One
|-ability|p2a: Calyrex|Unnerve
|turn|18
|
|t:|1652907447
|move|p1a: Yveltal|Sucker Punch|p2a: Calyrex
|-supereffective|p2a: Calyrex
|-crit|p2a: Calyrex
|-damage|p2a: Calyrex|15/100
|move|p2a: Calyrex|Glacial Lance|p1a: Yveltal
|-supereffective|p1a: Yveltal
|-damage|p1a: Yveltal|0 fnt
|faint|p1a: Yveltal
|-ability|p2a: Calyrex|Chilling Neigh|boost
|-boost|p2a: Calyrex|atk|1
|
|upkeep
|
|t:|1652907457
|switch|p1a: Giratina|Giratina-Origin|3/100
|turn|19
|
|t:|1652907460
|move|p1a: Giratina|Shadow Sneak|p2a: Calyrex
|-supereffective|p2a: Calyrex
|-damage|p2a: Calyrex|0 fnt
|faint|p2a: Calyrex
|
|-fieldend|move: Trick Room
|upkeep
|
|t:|1652907462
|switch|p2a: Xerneas|Xerneas|100/100
|-ability|p2a: Xerneas|Fairy Aura
|turn|20
|
|t:|1652907470
|move|p1a: Giratina|Shadow Sneak|p2a: Xerneas
|-crit|p2a: Xerneas
|-damage|p2a: Xerneas|71/100
|move|p2a: Xerneas|Geomancy||[still]
|-prepare|p2a: Xerneas|Geomancy
|-enditem|p2a: Xerneas|Power Herb
|-anim|p2a: Xerneas|Geomancy|p2a: Xerneas
|-boost|p2a: Xerneas|spa|2
|-boost|p2a: Xerneas|spd|2
|-boost|p2a: Xerneas|spe|2
|
|upkeep
|turn|21
|
|t:|1652907479
|move|p1a: Giratina|Shadow Sneak|p2a: Xerneas
|-damage|p2a: Xerneas|52/100
|move|p2a: Xerneas|Moonblast|p1a: Giratina
|-supereffective|p1a: Giratina
|-damage|p1a: Giratina|0 fnt
|faint|p1a: Giratina
|
|upkeep
|
|t:|1652907486
|switch|p1a: Genesect|Genesect, shiny|100/100
|-ability|p1a: Genesect|Download|boost
|-boost|p1a: Genesect|atk|1
|turn|22
|
|t:|1652907494
|move|p2a: Xerneas|Thunderbolt|p1a: Genesect
|-damage|p1a: Genesect|36/100
|move|p1a: Genesect|Shift Gear|p1a: Genesect
|-boost|p1a: Genesect|spe|2
|-boost|p1a: Genesect|atk|1
|
|upkeep
|turn|23
|
|t:|1652907501
|move|p1a: Genesect|Iron Head|p2a: Xerneas
|-supereffective|p2a: Xerneas
|-damage|p2a: Xerneas|0 fnt
|faint|p2a: Xerneas
|
|win|Ryriss
|raw|Ryriss's rating: 1460 &rarr; <strong>1480</strong><br />(+20 for winning)
|raw|Jurassienpro's rating: 1458 &rarr; <strong>1438</strong><br />(-20 for losing)
|c|☆Jurassienpro|Gg
|l|☆Jurassienpro
|l|☆Ryriss
