|html|<div class="broadcast-blue"><strong>[Gen 8] Ubers is currently suspecting Zacian-Crowned! For information on how to participate check out the <a href="https://www.smogon.com/forums/threads/np-ss-ubers-stage-5-hound-dog.3675589/">suspect thread</a>.</strong></div>
|j|☆UZ4 Flipps
|j|☆Chunkomucho
|t:|1610291616
|player|p1|UZ4 Flipps|riley|1342
|player|p2|Chunkomucho|erika|1461
|teamsize|p1|6
|teamsize|p2|6
|gametype|singles
|gen|8
|tier|[Gen 8] Ubers
|rated|
|clearpoke
|poke|p1|Yveltal|
|poke|p1|Zacian-Crowned|
|poke|p1|Necrozma-Dusk-Mane|
|poke|p1|Calyrex-Shadow|
|poke|p1|Kyogre|
|poke|p1|Eternatus|
|poke|p2|Froslass, F|
|poke|p2|Grimmsnarl, M|
|poke|p2|Zacian-Crowned|
|poke|p2|Groudon|
|poke|p2|Zekrom|
|poke|p2|Xerneas|
|rule|Sleep Clause Mod: Limit one foe put to sleep
|rule|Species Clause: Limit one of each Pokémon
|rule|OHKO Clause: OHKO moves are banned
|rule|Evasion Moves Clause: Evasion moves are banned
|rule|Endless Battle Clause: Forcing endless battles is banned
|rule|HP Percentage Mod: HP is shown in percentages
|rule|Dynamax Clause: You cannot dynamax
|teampreview
|inactive|Battle timer is ON: inactive players will automatically lose when time's up. (requested by Chunkomucho)
|j| Cotillion
|inactive|UZ4 Flipps has 120 seconds left.
|
|t:|1610291661
|start
|switch|p1a: Kyogre|Kyogre|100/100
|switch|p2a: Grimmsnarl|Grimmsnarl, M|100/100
|-weather|RainDance|[from] ability: Drizzle|[of] p1a: Kyogre
|turn|1
|
|t:|1610291673
|move|p2a: Grimmsnarl|Light Screen|p2a: Grimmsnarl
|-sidestart|p2: Chunkomucho|move: Light Screen
|move|p1a: Kyogre|Calm Mind|p1a: Kyogre
|-boost|p1a: Kyogre|spa|1
|-boost|p1a: Kyogre|spd|1
|
|-weather|RainDance|[upkeep]
|upkeep
|turn|2
|
|t:|1610291675
|move|p2a: Grimmsnarl|Taunt|p1a: Kyogre
|-start|p1a: Kyogre|move: Taunt
|move|p1a: Kyogre|Scald|p2a: Grimmsnarl
|-damage|p2a: Grimmsnarl|59/100
|-status|p2a: Grimmsnarl|brn
|
|-weather|RainDance|[upkeep]
|-damage|p2a: Grimmsnarl|53/100 brn|[from] brn
|upkeep
|turn|3
|
|t:|1610291682
|move|p2a: Grimmsnarl|Reflect|p2a: Grimmsnarl
|-sidestart|p2: Chunkomucho|Reflect
|move|p1a: Kyogre|Scald|p2a: Grimmsnarl
|-damage|p2a: Grimmsnarl|14/100 brn
|
|-weather|RainDance|[upkeep]
|-damage|p2a: Grimmsnarl|8/100 brn|[from] brn
|upkeep
|turn|4
|j| lrjia
|l| lrjia
|
|t:|1610291709
|move|p1a: Kyogre|Ice Beam|p2a: Grimmsnarl
|-damage|p2a: Grimmsnarl|0 fnt
|faint|p2a: Grimmsnarl
|
|-weather|RainDance|[upkeep]
|-end|p1a: Kyogre|move: Taunt
|upkeep
|
|t:|1610291712
|switch|p2a: Zacian|Zacian-Crowned|100/100
|-ability|p2a: Zacian|Intrepid Sword|boost
|-boost|p2a: Zacian|atk|1
|turn|5
|
|t:|1610291723
|switch|p1a: Necrozma|Necrozma-Dusk-Mane|100/100
|move|p2a: Zacian|Wild Charge|p1a: Necrozma
|-damage|p1a: Necrozma|67/100
|-damage|p2a: Zacian|84/100|[from] item: Rocky Helmet|[of] p1a: Necrozma
|-damage|p2a: Zacian|74/100|[from] Recoil
|
|-weather|none
|upkeep
|turn|6
|inactive|UZ4 Flipps has 120 seconds left.
|
|t:|1610291759
|switch|p2a: Groudon|Groudon|100/100
|-weather|SunnyDay|[from] ability: Drought|[of] p2a: Groudon
|move|p1a: Necrozma|Stealth Rock|p2a: Groudon
|-sidestart|p2: Chunkomucho|move: Stealth Rock
|
|-weather|SunnyDay|[upkeep]
|upkeep
|turn|7
|inactive|UZ4 Flipps has 120 seconds left.
|
|t:|1610291773
|switch|p1a: Kyogre|Kyogre|100/100
|-weather|RainDance|[from] ability: Drizzle|[of] p1a: Kyogre
|move|p2a: Groudon|Stone Edge|p1a: Kyogre
|-damage|p1a: Kyogre|71/100
|
|-weather|RainDance|[upkeep]
|-heal|p1a: Kyogre|77/100|[from] item: Leftovers
|upkeep
|turn|8
|inactive|UZ4 Flipps has 120 seconds left.
|
|t:|1610291794
|move|p2a: Groudon|Rock Polish|p2a: Groudon
|-boost|p2a: Groudon|spe|2
|move|p1a: Kyogre|Scald|p2a: Groudon
|-supereffective|p2a: Groudon
|-damage|p2a: Groudon|40/100
|
|-weather|RainDance|[upkeep]
|-heal|p1a: Kyogre|83/100|[from] item: Leftovers
|-sideend|p2: Chunkomucho|move: Light Screen
|upkeep
|turn|9
|
|t:|1610291802
|move|p2a: Groudon|Stone Edge|p1a: Kyogre
|-damage|p1a: Kyogre|54/100
|move|p1a: Kyogre|Scald|p2a: Groudon
|-supereffective|p2a: Groudon
|-damage|p2a: Groudon|0 fnt
|faint|p2a: Groudon
|
|-weather|RainDance|[upkeep]
|-heal|p1a: Kyogre|61/100|[from] item: Leftovers
|upkeep
|
|t:|1610291806
|switch|p2a: Froslass|Froslass, F|100/100
|-damage|p2a: Froslass|76/100|[from] Stealth Rock
|turn|10
|
|t:|1610291811
|move|p2a: Froslass|Spikes|p1a: Kyogre
|-sidestart|p1: UZ4 Flipps|Spikes
|move|p1a: Kyogre|Scald|p2a: Froslass
|-damage|p2a: Froslass|0 fnt
|faint|p2a: Froslass
|
|-weather|RainDance|[upkeep]
|-heal|p1a: Kyogre|67/100|[from] item: Leftovers
|-sideend|p2: Chunkomucho|Reflect
|upkeep
|
|t:|1610291814
|switch|p2a: Zacian|Zacian-Crowned|74/100
|-damage|p2a: Zacian|68/100|[from] Stealth Rock
|-ability|p2a: Zacian|Intrepid Sword|boost
|-boost|p2a: Zacian|atk|1
|turn|11
|
|t:|1610291826
|move|p2a: Zacian|Assurance|p1a: Kyogre
|-damage|p1a: Kyogre|40/100
|move|p1a: Kyogre|Scald|p2a: Zacian
|-damage|p2a: Zacian|17/100
|
|-weather|none
|-heal|p1a: Kyogre|46/100|[from] item: Leftovers
|upkeep
|turn|12
|
|t:|1610291843
|switch|p1a: Necrozma|Necrozma-Dusk-Mane|67/100
|-damage|p1a: Necrozma|55/100|[from] Spikes
|move|p2a: Zacian|Close Combat|p1a: Necrozma
|-damage|p1a: Necrozma|13/100
|-unboost|p2a: Zacian|def|1
|-unboost|p2a: Zacian|spd|1
|-damage|p2a: Zacian|0 fnt|[from] item: Rocky Helmet|[of] p1a: Necrozma
|faint|p2a: Zacian
|
|upkeep
|
|t:|1610291855
|switch|p2a: Zekrom|Zekrom|100/100
|-damage|p2a: Zekrom|88/100|[from] Stealth Rock
|-ability|p2a: Zekrom|Teravolt
|turn|13
|inactive|UZ4 Flipps has 120 seconds left.
|
|t:|1610291898
|switch|p1a: Kyogre|Kyogre|46/100
|-damage|p1a: Kyogre|34/100|[from] Spikes
|-weather|RainDance|[from] ability: Drizzle|[of] p1a: Kyogre
|move|p2a: Zekrom|Dragon Dance|p2a: Zekrom
|-boost|p2a: Zekrom|atk|1
|-boost|p2a: Zekrom|spe|1
|
|-weather|RainDance|[upkeep]
|-heal|p1a: Kyogre|40/100|[from] item: Leftovers
|upkeep
|turn|14
|
|t:|1610291906
|move|p2a: Zekrom|Dragon Claw|p1a: Kyogre
|-damage|p1a: Kyogre|0 fnt
|-damage|p2a: Zekrom|78/100|[from] item: Life Orb
|faint|p1a: Kyogre
|
|-weather|RainDance|[upkeep]
|upkeep
|inactive|UZ4 Flipps has 90 seconds left.
|inactive|UZ4 Flipps has 60 seconds left.
|inactive|UZ4 Flipps has 30 seconds left.
|
|t:|1610292004
|switch|p1a: Calyrex|Calyrex-Shadow|100/100
|-ability|p1a: Calyrex|As One
|-ability|p1a: Calyrex|Unnerve|p2: Chunkomucho
|-damage|p1a: Calyrex|88/100|[from] Spikes
|turn|15
|
|t:|1610292013
|move|p2a: Zekrom|Dragon Claw|p1a: Calyrex
|-damage|p1a: Calyrex|0 fnt
|-damage|p2a: Zekrom|68/100|[from] item: Life Orb
|faint|p1a: Calyrex
|
|-weather|RainDance|[upkeep]
|upkeep
|inactive|UZ4 Flipps has 30 seconds left.
|
|t:|1610292025
|switch|p1a: Yveltal|Yveltal|100/100
|-ability|p1a: Yveltal|Dark Aura
|turn|16
|
|t:|1610292028
|move|p2a: Zekrom|Bolt Strike|p1a: Yveltal
|-supereffective|p1a: Yveltal
|-damage|p1a: Yveltal|0 fnt
|-damage|p2a: Zekrom|58/100|[from] item: Life Orb
|faint|p1a: Yveltal
|
|-weather|RainDance|[upkeep]
|upkeep
|inactive|UZ4 Flipps has 30 seconds left.
|
|t:|1610292045
|switch|p1a: Zacian|Zacian-Crowned|100/100
|-damage|p1a: Zacian|88/100|[from] Spikes
|-ability|p1a: Zacian|Intrepid Sword|boost
|-boost|p1a: Zacian|atk|1
|turn|17
|
|t:|1610292048
|move|p2a: Zekrom|Bolt Strike|p1a: Zacian
|-damage|p1a: Zacian|0 fnt
|-damage|p2a: Zekrom|48/100|[from] item: Life Orb
|faint|p1a: Zacian
|
|-weather|none
|upkeep
|
|t:|1610292054
|switch|p1a: Eternatus|Eternatus|100/100
|-damage|p1a: Eternatus|88/100|[from] Spikes
|-ability|p1a: Eternatus|Pressure
|turn|18
|
|t:|1610292057
|move|p2a: Zekrom|Dragon Claw|p1a: Eternatus
|-supereffective|p1a: Eternatus
|-damage|p1a: Eternatus|0 fnt
|-damage|p2a: Zekrom|38/100|[from] item: Life Orb
|faint|p1a: Eternatus
|
|upkeep
|c|☆Chunkomucho|gg
|-message|UZ4 Flipps forfeited.
|
|win|Chunkomucho
|l|☆UZ4 Flipps
|raw|UZ4 Flipps's rating: 1322 &rarr; <strong>1310</strong><br />(-12 for losing)
|raw|Chunkomucho's rating: 1462 &rarr; <strong>1474</strong><br />(+12 for winning)
