|j|☆Kyohei (Ubers)
|j|☆KyogreF4N
|t:|1642582742
|gametype|singles
|player|p1|Kyohei (Ubers)|faba|
|player|p2|KyogreF4N|hiker-gen4|
|teamsize|p1|6
|teamsize|p2|6
|gen|8
|tier|[Gen 8] Ubers
|rated|Tournament battle
|rule|Sleep Clause Mod: Limit one foe put to sleep
|rule|Species Clause: Limit one of each Pokémon
|rule|OHKO Clause: OHKO moves are banned
|rule|Evasion Moves Clause: Evasion moves are banned
|rule|Endless Battle Clause: Forcing endless battles is banned
|rule|HP Percentage Mod: HP is shown in percentages
|rule|Dynamax Clause: You cannot dynamax
|clearpoke
|poke|p1|Zamazenta-*|
|poke|p1|Yveltal|
|poke|p1|Zekrom|
|poke|p1|Xerneas-*|
|poke|p1|Necrozma-Dusk-Mane|
|poke|p1|Ho-Oh|
|poke|p2|Zekrom|
|poke|p2|Dialga|
|poke|p2|Kyogre|
|poke|p2|Yveltal|
|poke|p2|Eternatus|
|poke|p2|Necrozma-Dusk-Mane|
|teampreview
|inactive|Battle timer is ON: inactive players will automatically lose when time's up. (requested by KyogreF4N)
|
|t:|1642582762
|start
|switch|p1a: Shield Doggo|Zamazenta-Crowned|100/100
|switch|p2a: Dialga|Dialga|100/100
|-ability|p1a: Shield Doggo|Dauntless Shield|boost
|-boost|p1a: Shield Doggo|def|1
|-ability|p2a: Dialga|Pressure
|turn|1
|
|t:|1642582769
|switch|p2a: Eternatus|Eternatus|100/100
|-ability|p2a: Eternatus|Pressure
|-item|p2a: Eternatus|Air Balloon
|move|p1a: Shield Doggo|Close Combat|p2a: Eternatus
|-resisted|p2a: Eternatus
|-damage|p2a: Eternatus|77/100
|-unboost|p1a: Shield Doggo|def|1
|-unboost|p1a: Shield Doggo|spd|1
|-enditem|p2a: Eternatus|Air Balloon
|
|upkeep
|turn|2
|
|t:|1642582776
|switch|p1a: Montezuma|Necrozma-Dusk-Mane|100/100
|move|p2a: Eternatus|Flamethrower|p1a: Montezuma
|-supereffective|p1a: Montezuma
|-damage|p1a: Montezuma|75/100
|
|-heal|p1a: Montezuma|81/100|[from] item: Leftovers
|upkeep
|turn|3
|
|t:|1642582781
|switch|p2a: Dialga|Dialga|100/100
|-ability|p2a: Dialga|Pressure
|move|p1a: Montezuma|Thunder Wave|p2a: Dialga
|-status|p2a: Dialga|par
|
|-heal|p1a: Montezuma|87/100|[from] item: Leftovers
|upkeep
|turn|4
|
|t:|1642582784
|move|p1a: Montezuma|Stealth Rock|p2a: Dialga
|-sidestart|p2: KyogreF4N|move: Stealth Rock
|cant|p2a: Dialga|par
|
|-heal|p1a: Montezuma|93/100|[from] item: Leftovers
|upkeep
|turn|5
|
|t:|1642582787
|switch|p1a: Shield Doggo|Zamazenta-Crowned|100/100
|-ability|p1a: Shield Doggo|Dauntless Shield|boost
|-boost|p1a: Shield Doggo|def|1
|move|p2a: Dialga|Stealth Rock|p1a: Shield Doggo
|-sidestart|p1: Kyohei (Ubers)|move: Stealth Rock
|
|upkeep
|turn|6
|
|t:|1642582794
|switch|p2a: Eternatus|Eternatus|77/100
|-damage|p2a: Eternatus|65/100|[from] Stealth Rock
|-ability|p2a: Eternatus|Pressure
|move|p1a: Shield Doggo|Howl|p1a: Shield Doggo
|-boost|p1a: Shield Doggo|atk|1
|
|upkeep
|turn|7
|
|t:|1642582797
|move|p2a: Eternatus|Recover|p2a: Eternatus
|-heal|p2a: Eternatus|100/100
|move|p1a: Shield Doggo|Behemoth Bash|p2a: Eternatus
|-damage|p2a: Eternatus|42/100
|
|upkeep
|turn|8
|j| Nhanttt
|
|t:|1642582801
|move|p2a: Eternatus|Recover|p2a: Eternatus
|-heal|p2a: Eternatus|92/100
|move|p1a: Shield Doggo|Behemoth Bash|p2a: Eternatus
|-damage|p2a: Eternatus|34/100
|
|upkeep
|turn|9
|l| Nhanttt
|inactive|KyogreF4N has 120 seconds left.
|
|t:|1642582835
|move|p2a: Eternatus|Recover|p2a: Eternatus
|-heal|p2a: Eternatus|84/100
|move|p1a: Shield Doggo|Howl|p1a: Shield Doggo
|-boost|p1a: Shield Doggo|atk|1
|
|upkeep
|turn|10
|
|t:|1642582837
|move|p2a: Eternatus|Flamethrower|p1a: Shield Doggo
|-supereffective|p1a: Shield Doggo
|-damage|p1a: Shield Doggo|56/100
|-status|p1a: Shield Doggo|brn
|move|p1a: Shield Doggo|Behemoth Bash|p2a: Eternatus
|-damage|p2a: Eternatus|48/100
|
|-damage|p1a: Shield Doggo|50/100 brn|[from] brn
|upkeep
|turn|11
|
|t:|1642582845
|switch|p1a: Montezuma|Necrozma-Dusk-Mane|93/100
|-damage|p1a: Montezuma|87/100|[from] Stealth Rock
|move|p2a: Eternatus|Recover|p2a: Eternatus
|-heal|p2a: Eternatus|98/100
|
|-heal|p1a: Montezuma|93/100|[from] item: Leftovers
|upkeep
|turn|12
|
|t:|1642582871
|switch|p2a: Zekrom|Zekrom|100/100
|-damage|p2a: Zekrom|88/100|[from] Stealth Rock
|-ability|p2a: Zekrom|Teravolt
|move|p1a: Montezuma|Thunder Wave|p2a: Zekrom
|-immune|p2a: Zekrom
|
|-heal|p1a: Montezuma|99/100|[from] item: Leftovers
|upkeep
|turn|13
|
|t:|1642582874
|switch|p1a: Yggdrasil|Xerneas|100/100
|-damage|p1a: Yggdrasil|88/100|[from] Stealth Rock
|-ability|p1a: Yggdrasil|Fairy Aura
|move|p2a: Zekrom|Dragon Dance|p2a: Zekrom
|-boost|p2a: Zekrom|atk|1
|-boost|p2a: Zekrom|spe|1
|
|-heal|p1a: Yggdrasil|94/100|[from] item: Leftovers
|upkeep
|turn|14
|
|t:|1642582877
|move|p2a: Zekrom|Bolt Strike|p1a: Yggdrasil|[miss]
|-miss|p2a: Zekrom|p1a: Yggdrasil
|move|p1a: Yggdrasil|Moonblast|p2a: Zekrom
|-supereffective|p2a: Zekrom
|-damage|p2a: Zekrom|0 fnt
|faint|p2a: Zekrom
|
|-heal|p1a: Yggdrasil|99/100|[from] item: Leftovers
|upkeep
|
|t:|1642582882
|switch|p2a: Necrozma|Necrozma-Dusk-Mane|100/100
|-damage|p2a: Necrozma|94/100|[from] Stealth Rock
|turn|15
|
|t:|1642582884
|switch|p1a: Bird of Paradise|Ho-Oh|100/100
|move|p2a: Necrozma|Toxic|p1a: Bird of Paradise
|-status|p1a: Bird of Paradise|tox
|
|-heal|p2a: Necrozma|100/100|[from] item: Leftovers
|-damage|p1a: Bird of Paradise|94/100 tox|[from] psn
|upkeep
|turn|16
|
|t:|1642582893
|switch|p2a: Eternatus|Eternatus|98/100
|-damage|p2a: Eternatus|86/100|[from] Stealth Rock
|-ability|p2a: Eternatus|Pressure
|move|p1a: Bird of Paradise|Defog|p2a: Eternatus
|-unboost|p2a: Eternatus|evasion|1
|-sideend|p2: KyogreF4N|Stealth Rock|[from] move: Defog|[of] p1a: Bird of Paradise
|-sideend|p1: Kyohei (Ubers)|Stealth Rock|[from] move: Defog|[of] p1a: Bird of Paradise
|
|-damage|p1a: Bird of Paradise|82/100 tox|[from] psn
|upkeep
|turn|17
|
|t:|1642582901
|switch|p1a: Montezuma|Necrozma-Dusk-Mane|99/100
|move|p2a: Eternatus|Flamethrower|p1a: Montezuma
|-supereffective|p1a: Montezuma
|-damage|p1a: Montezuma|74/100
|
|-heal|p1a: Montezuma|80/100|[from] item: Leftovers
|upkeep
|turn|18
|
|t:|1642582908
|switch|p2a: Dialga|Dialga|100/100 par
|-ability|p2a: Dialga|Pressure
|switch|p1a: Yggdrasil|Xerneas|99/100
|-ability|p1a: Yggdrasil|Fairy Aura
|
|-heal|p1a: Yggdrasil|100/100|[from] item: Leftovers
|upkeep
|turn|19
|
|t:|1642582914
|move|p1a: Yggdrasil|Aromatherapy|p1a: Yggdrasil
|-activate|p1a: Yggdrasil|move: Aromatherapy
|-curestatus|p1: Bird of Paradise|tox|[msg]
|-curestatus|p1: Shield Doggo|brn|[msg]
|move|p2a: Dialga|Stealth Rock|p1a: Yggdrasil
|-sidestart|p1: Kyohei (Ubers)|move: Stealth Rock
|
|upkeep
|turn|20
|
|t:|1642582918
|switch|p2a: Necrozma|Necrozma-Dusk-Mane|100/100
|move|p1a: Yggdrasil|Moonblast|p2a: Necrozma
|-resisted|p2a: Necrozma
|-damage|p2a: Necrozma|84/100
|-unboost|p2a: Necrozma|spa|1
|
|-heal|p2a: Necrozma|90/100|[from] item: Leftovers
|upkeep
|turn|21
|
|t:|1642582924
|switch|p1a: Shield Doggo|Zamazenta-Crowned|50/100
|-damage|p1a: Shield Doggo|47/100|[from] Stealth Rock
|-ability|p1a: Shield Doggo|Dauntless Shield|boost
|-boost|p1a: Shield Doggo|def|1
|move|p2a: Necrozma|Toxic|p1a: Shield Doggo
|-immune|p1a: Shield Doggo
|
|-heal|p2a: Necrozma|96/100|[from] item: Leftovers
|upkeep
|turn|22
|
|t:|1642582928
|move|p1a: Shield Doggo|Close Combat|p2a: Necrozma
|-damage|p2a: Necrozma|49/100
|-unboost|p1a: Shield Doggo|def|1
|-unboost|p1a: Shield Doggo|spd|1
|move|p2a: Necrozma|Earthquake|p1a: Shield Doggo
|-supereffective|p1a: Shield Doggo
|-damage|p1a: Shield Doggo|0 fnt
|faint|p1a: Shield Doggo
|
|-heal|p2a: Necrozma|55/100|[from] item: Leftovers
|upkeep
|
|t:|1642582933
|switch|p1a: Samael|Yveltal|100/100
|-ability|p1a: Samael|Dark Aura
|turn|23
|
|t:|1642582938
|switch|p2a: Eternatus|Eternatus|86/100
|-ability|p2a: Eternatus|Pressure
|move|p1a: Samael|Knock Off|p2a: Eternatus
|-damage|p2a: Eternatus|62/100
|
|upkeep
|turn|24
|
|t:|1642582942
|move|p2a: Eternatus|Recover|p2a: Eternatus
|-heal|p2a: Eternatus|100/100
|move|p1a: Samael|Defog|p2a: Eternatus
|-unboost|p2a: Eternatus|evasion|1
|-sideend|p1: Kyohei (Ubers)|Stealth Rock|[from] move: Defog|[of] p1a: Samael
|
|upkeep
|turn|25
|
|t:|1642582948
|switch|p1a: Montezuma|Necrozma-Dusk-Mane|80/100
|move|p2a: Eternatus|Flamethrower|p1a: Montezuma
|-supereffective|p1a: Montezuma
|-damage|p1a: Montezuma|52/100
|
|-heal|p1a: Montezuma|58/100|[from] item: Leftovers
|upkeep
|turn|26
|
|t:|1642582953
|switch|p2a: Kyogre|Kyogre|100/100
|-weather|RainDance|[from] ability: Drizzle|[of] p2a: Kyogre
|move|p1a: Montezuma|Stealth Rock|p2a: Kyogre
|-sidestart|p2: KyogreF4N|move: Stealth Rock
|
|-weather|RainDance|[upkeep]
|-heal|p1a: Montezuma|64/100|[from] item: Leftovers
|upkeep
|turn|27
|
|t:|1642582956
|move|p2a: Kyogre|Water Spout|p1a: Montezuma
|-damage|p1a: Montezuma|0 fnt
|faint|p1a: Montezuma
|
|-weather|RainDance|[upkeep]
|upkeep
|
|t:|1642582958
|switch|p1a: Chrom|Zekrom|100/100
|-ability|p1a: Chrom|Teravolt
|turn|28
|
|t:|1642582965
|switch|p2a: Dialga|Dialga|100/100 par
|-damage|p2a: Dialga|94/100 par|[from] Stealth Rock
|-ability|p2a: Dialga|Pressure
|move|p1a: Chrom|Dragon Dance|p1a: Chrom
|-boost|p1a: Chrom|atk|1
|-boost|p1a: Chrom|spe|1
|
|-weather|RainDance|[upkeep]
|-heal|p2a: Dialga|100/100 par|[from] item: Leftovers
|upkeep
|turn|29
|
|t:|1642582970
|switch|p1a: Yggdrasil|Xerneas|100/100
|-ability|p1a: Yggdrasil|Fairy Aura
|cant|p2a: Dialga|par
|
|-weather|RainDance|[upkeep]
|upkeep
|turn|30
|
|t:|1642582980
|switch|p2a: Necrozma|Necrozma-Dusk-Mane|55/100
|-damage|p2a: Necrozma|49/100|[from] Stealth Rock
|move|p1a: Yggdrasil|Moonblast|p2a: Necrozma
|-resisted|p2a: Necrozma
|-damage|p2a: Necrozma|31/100
|
|-weather|none
|-heal|p2a: Necrozma|37/100|[from] item: Leftovers
|upkeep
|turn|31
|
|t:|1642582983
|switch|p1a: Samael|Yveltal|100/100
|-ability|p1a: Samael|Dark Aura
|move|p2a: Necrozma|Morning Sun|p2a: Necrozma
|-heal|p2a: Necrozma|87/100
|
|-heal|p2a: Necrozma|93/100|[from] item: Leftovers
|upkeep
|turn|32
|
|t:|1642582986
|switch|p2a: Yveltal|Yveltal|100/100
|-ability|p2a: Yveltal|Dark Aura
|move|p1a: Samael|Knock Off|p2a: Yveltal
|-resisted|p2a: Yveltal
|-damage|p2a: Yveltal|79/100
|-enditem|p2a: Yveltal|Heavy-Duty Boots|[from] move: Knock Off|[of] p1a: Samael
|
|upkeep
|turn|33
|
|t:|1642582990
|switch|p1a: Yggdrasil|Xerneas|100/100
|-ability|p1a: Yggdrasil|Fairy Aura
|move|p2a: Yveltal|Defog|p1a: Yggdrasil
|-unboost|p1a: Yggdrasil|evasion|1
|-sideend|p2: KyogreF4N|Stealth Rock|[from] move: Defog|[of] p2a: Yveltal
|
|upkeep
|turn|34
|
|t:|1642582996
|switch|p2a: Necrozma|Necrozma-Dusk-Mane|93/100
|switch|p1a: Bird of Paradise|Ho-Oh|100/100
|
|-heal|p2a: Necrozma|99/100|[from] item: Leftovers
|upkeep
|turn|35
|
|t:|1642582999
|switch|p2a: Eternatus|Eternatus|100/100
|-ability|p2a: Eternatus|Pressure
|move|p1a: Bird of Paradise|Sacred Fire|p2a: Eternatus
|-resisted|p2a: Eternatus
|-damage|p2a: Eternatus|87/100
|
|upkeep
|turn|36
|
|t:|1642583005
|switch|p1a: Samael|Yveltal|100/100
|-ability|p1a: Samael|Dark Aura
|move|p2a: Eternatus|Sludge Bomb|p1a: Samael
|-damage|p1a: Samael|75/100
|
|upkeep
|turn|37
|
|t:|1642583010
|move|p2a: Eternatus|Sludge Bomb|p1a: Samael
|-damage|p1a: Samael|50/100
|move|p1a: Samael|Knock Off|p2a: Eternatus
|-crit|p2a: Eternatus
|-damage|p2a: Eternatus|50/100
|
|upkeep
|turn|38
|
|t:|1642583013
|move|p2a: Eternatus|Sludge Bomb|p1a: Samael
|-damage|p1a: Samael|28/100
|move|p1a: Samael|Roost|p1a: Samael
|-heal|p1a: Samael|78/100
|-singleturn|p1a: Samael|move: Roost
|
|upkeep
|turn|39
|
|t:|1642583016
|move|p1a: Samael|Sucker Punch|p2a: Eternatus
|-damage|p2a: Eternatus|24/100
|move|p2a: Eternatus|Sludge Bomb|p1a: Samael
|-damage|p1a: Samael|55/100
|-status|p1a: Samael|psn
|
|-damage|p1a: Samael|43/100 psn|[from] psn
|upkeep
|turn|40
|
|t:|1642583022
|move|p2a: Eternatus|Recover|p2a: Eternatus
|-heal|p2a: Eternatus|74/100
|move|p1a: Samael|Roost|p1a: Samael
|-heal|p1a: Samael|93/100 psn
|-singleturn|p1a: Samael|move: Roost
|
|-damage|p1a: Samael|80/100 psn|[from] psn
|upkeep
|turn|41
|
|t:|1642583025
|move|p2a: Eternatus|Sludge Bomb|p1a: Samael
|-damage|p1a: Samael|57/100 psn
|move|p1a: Samael|Knock Off|p2a: Eternatus
|-damage|p2a: Eternatus|50/100
|
|-damage|p1a: Samael|44/100 psn|[from] psn
|upkeep
|turn|42
|
|t:|1642583027
|move|p2a: Eternatus|Recover|p2a: Eternatus
|-heal|p2a: Eternatus|100/100
|move|p1a: Samael|Roost|p1a: Samael
|-heal|p1a: Samael|94/100 psn
|-singleturn|p1a: Samael|move: Roost
|
|-damage|p1a: Samael|82/100 psn|[from] psn
|upkeep
|turn|43
|
|t:|1642583029
|move|p2a: Eternatus|Sludge Bomb|p1a: Samael
|-damage|p1a: Samael|58/100 psn
|move|p1a: Samael|Knock Off|p2a: Eternatus
|-damage|p2a: Eternatus|78/100
|
|-damage|p1a: Samael|45/100 psn|[from] psn
|upkeep
|turn|44
|
|t:|1642583035
|move|p2a: Eternatus|Sludge Bomb|p1a: Samael
|-damage|p1a: Samael|23/100 psn
|move|p1a: Samael|Roost|p1a: Samael
|-heal|p1a: Samael|73/100 psn
|-singleturn|p1a: Samael|move: Roost
|
|-damage|p1a: Samael|61/100 psn|[from] psn
|upkeep
|turn|45
|
|t:|1642583038
|move|p2a: Eternatus|Flamethrower|p1a: Samael
|-damage|p1a: Samael|45/100 psn
|move|p1a: Samael|Roost|p1a: Samael
|-heal|p1a: Samael|95/100 psn
|-singleturn|p1a: Samael|move: Roost
|
|-damage|p1a: Samael|82/100 psn|[from] psn
|upkeep
|turn|46
|
|t:|1642583041
|move|p2a: Eternatus|Flamethrower|p1a: Samael
|-damage|p1a: Samael|68/100 psn
|move|p1a: Samael|Knock Off|p2a: Eternatus
|-damage|p2a: Eternatus|54/100
|
|-damage|p1a: Samael|55/100 psn|[from] psn
|upkeep
|turn|47
|
|t:|1642583045
|move|p2a: Eternatus|Sludge Bomb|p1a: Samael
|-crit|p1a: Samael
|-damage|p1a: Samael|19/100 psn
|move|p1a: Samael|Roost|p1a: Samael
|-heal|p1a: Samael|69/100 psn
|-singleturn|p1a: Samael|move: Roost
|
|-damage|p1a: Samael|56/100 psn|[from] psn
|upkeep
|turn|48
|
|t:|1642583048
|move|p2a: Eternatus|Flamethrower|p1a: Samael
|-damage|p1a: Samael|41/100 psn
|move|p1a: Samael|Roost|p1a: Samael
|-heal|p1a: Samael|91/100 psn
|-singleturn|p1a: Samael|move: Roost
|
|-damage|p1a: Samael|79/100 psn|[from] psn
|upkeep
|turn|49
|
|t:|1642583057
|move|p2a: Eternatus|Flamethrower|p1a: Samael
|-damage|p1a: Samael|64/100 psn
|move|p1a: Samael|Knock Off|p2a: Eternatus
|-damage|p2a: Eternatus|31/100
|
|-damage|p1a: Samael|51/100 psn|[from] psn
|upkeep
|turn|50
|
|t:|1642583061
|move|p2a: Eternatus|Recover|p2a: Eternatus
|-heal|p2a: Eternatus|81/100
|move|p1a: Samael|Knock Off|p2a: Eternatus
|-damage|p2a: Eternatus|56/100
|
|-damage|p1a: Samael|39/100 psn|[from] psn
|upkeep
|turn|51
|
|t:|1642583065
|move|p2a: Eternatus|Dynamax Cannon|p1a: Samael
|-damage|p1a: Samael|12/100 psn
|move|p1a: Samael|Roost|p1a: Samael
|-heal|p1a: Samael|62/100 psn
|-singleturn|p1a: Samael|move: Roost
|
|-damage|p1a: Samael|50/100 psn|[from] psn
|upkeep
|turn|52
|
|t:|1642583070
|move|p2a: Eternatus|Flamethrower|p1a: Samael
|-damage|p1a: Samael|33/100 psn
|move|p1a: Samael|Roost|p1a: Samael
|-heal|p1a: Samael|84/100 psn
|-singleturn|p1a: Samael|move: Roost
|
|-damage|p1a: Samael|71/100 psn|[from] psn
|upkeep
|turn|53
|
|t:|1642583073
|switch|p1a: Bird of Paradise|Ho-Oh|100/100
|move|p2a: Eternatus|Flamethrower|p1a: Bird of Paradise
|-resisted|p1a: Bird of Paradise
|-damage|p1a: Bird of Paradise|93/100
|
|upkeep
|turn|54
|j| 10 Not Found☯
|
|t:|1642583080
|move|p2a: Eternatus|Recover|p2a: Eternatus
|-heal|p2a: Eternatus|100/100
|move|p1a: Bird of Paradise|Whirlwind|p2a: Eternatus
|drag|p2a: Kyogre|Kyogre|100/100
|-weather|RainDance|[from] ability: Drizzle|[of] p2a: Kyogre
|
|-weather|RainDance|[upkeep]
|upkeep
|turn|55
|
|t:|1642583088
|switch|p1a: Samael|Yveltal|71/100 psn
|-ability|p1a: Samael|Dark Aura
|move|p2a: Kyogre|Water Spout|p1a: Samael
|-damage|p1a: Samael|4/100 psn
|
|-weather|RainDance|[upkeep]
|-damage|p1a: Samael|0 fnt|[from] psn
|faint|p1a: Samael
|upkeep
|
|t:|1642583090
|switch|p1a: Chrom|Zekrom|100/100
|-ability|p1a: Chrom|Teravolt
|turn|56
|
|t:|1642583099
|switch|p2a: Dialga|Dialga|100/100 par
|-ability|p2a: Dialga|Pressure
|move|p1a: Chrom|Dragon Claw|p2a: Dialga
|-damage|p2a: Dialga|56/100 par
|-damage|p1a: Chrom|91/100|[from] item: Life Orb
|
|-weather|RainDance|[upkeep]
|-heal|p2a: Dialga|62/100 par|[from] item: Leftovers
|upkeep
|turn|57
|
|t:|1642583106
|switch|p1a: Yggdrasil|Xerneas|100/100
|-ability|p1a: Yggdrasil|Fairy Aura
|move|p2a: Dialga|Stealth Rock|p1a: Yggdrasil
|-sidestart|p1: Kyohei (Ubers)|move: Stealth Rock
|
|-weather|RainDance|[upkeep]
|-heal|p2a: Dialga|69/100 par|[from] item: Leftovers
|upkeep
|turn|58
|
|t:|1642583112
|switch|p2a: Necrozma|Necrozma-Dusk-Mane|99/100
|move|p1a: Yggdrasil|Moonblast|p2a: Necrozma
|-resisted|p2a: Necrozma
|-damage|p2a: Necrozma|80/100
|
|-weather|none
|-heal|p2a: Necrozma|86/100|[from] item: Leftovers
|upkeep
|turn|59
|
|t:|1642583114
|switch|p1a: Bird of Paradise|Ho-Oh|100/100
|move|p2a: Necrozma|Toxic|p1a: Bird of Paradise
|-status|p1a: Bird of Paradise|tox
|
|-heal|p2a: Necrozma|92/100|[from] item: Leftovers
|-damage|p1a: Bird of Paradise|94/100 tox|[from] psn
|upkeep
|turn|60
|
|t:|1642583119
|switch|p2a: Kyogre|Kyogre|100/100
|-weather|RainDance|[from] ability: Drizzle|[of] p2a: Kyogre
|move|p1a: Bird of Paradise|Defog|p2a: Kyogre
|-unboost|p2a: Kyogre|evasion|1
|-sideend|p1: Kyohei (Ubers)|Stealth Rock|[from] move: Defog|[of] p1a: Bird of Paradise
|
|-weather|RainDance|[upkeep]
|-damage|p1a: Bird of Paradise|82/100 tox|[from] psn
|upkeep
|turn|61
|
|t:|1642583121
|move|p2a: Kyogre|Water Spout|p1a: Bird of Paradise
|-supereffective|p1a: Bird of Paradise
|-damage|p1a: Bird of Paradise|0 fnt
|faint|p1a: Bird of Paradise
|
|-weather|RainDance|[upkeep]
|upkeep
|
|t:|1642583122
|switch|p1a: Chrom|Zekrom|91/100
|-ability|p1a: Chrom|Teravolt
|turn|62
|j| rainbow_fool
|
|t:|1642583131
|move|p2a: Kyogre|Water Spout|p1a: Chrom
|-resisted|p1a: Chrom
|-damage|p1a: Chrom|25/100
|move|p1a: Chrom|Dragon Dance|p1a: Chrom
|-boost|p1a: Chrom|atk|1
|-boost|p1a: Chrom|spe|1
|
|-weather|RainDance|[upkeep]
|upkeep
|turn|63
|
|t:|1642583135
|move|p1a: Chrom|Bolt Strike|p2a: Kyogre
|-supereffective|p2a: Kyogre
|-damage|p2a: Kyogre|0 fnt
|faint|p2a: Kyogre
|-damage|p1a: Chrom|15/100|[from] item: Life Orb
|
|-weather|RainDance|[upkeep]
|upkeep
|
|t:|1642583137
|switch|p2a: Necrozma|Necrozma-Dusk-Mane|92/100
|turn|64
|
|t:|1642583140
|move|p1a: Chrom|Bolt Strike|p2a: Necrozma
|-crit|p2a: Necrozma
|-damage|p2a: Necrozma|0 fnt
|faint|p2a: Necrozma
|-damage|p1a: Chrom|5/100|[from] item: Life Orb
|
|-weather|none
|upkeep
|
|t:|1642583145
|switch|p2a: Dialga|Dialga|69/100 par
|-ability|p2a: Dialga|Pressure
|turn|65
|
|t:|1642583147
|move|p1a: Chrom|Roost|p1a: Chrom
|-heal|p1a: Chrom|55/100
|-singleturn|p1a: Chrom|move: Roost
|cant|p2a: Dialga|par
|
|-heal|p2a: Dialga|75/100 par|[from] item: Leftovers
|upkeep
|turn|66
|
|t:|1642583150
|move|p1a: Chrom|Dragon Claw|p2a: Dialga
|-damage|p2a: Dialga|9/100 par
|-damage|p1a: Chrom|45/100|[from] item: Life Orb
|move|p2a: Dialga|Draco Meteor|p1a: Chrom
|-supereffective|p1a: Chrom
|-damage|p1a: Chrom|0 fnt
|-unboost|p2a: Dialga|spa|2
|faint|p1a: Chrom
|
|-heal|p2a: Dialga|15/100 par|[from] item: Leftovers
|upkeep
|c| 10 Not Found☯|chrom will sweep
|
|t:|1642583153
|switch|p1a: Yggdrasil|Xerneas|100/100
|-ability|p1a: Yggdrasil|Fairy Aura
|turn|67
|
|t:|1642583156
|move|p1a: Yggdrasil|Moonblast|p2a: Dialga
|-damage|p2a: Dialga|0 fnt
|faint|p2a: Dialga
|
|upkeep
|
|t:|1642583161
|switch|p2a: Eternatus|Eternatus|100/100
|-ability|p2a: Eternatus|Pressure
|turn|68
|
|t:|1642583162
|move|p2a: Eternatus|Sludge Bomb|p1a: Yggdrasil
|-supereffective|p1a: Yggdrasil
|-damage|p1a: Yggdrasil|40/100
|move|p1a: Yggdrasil|Moonblast|p2a: Eternatus
|-damage|p2a: Eternatus|57/100
|
|-heal|p1a: Yggdrasil|46/100|[from] item: Leftovers
|upkeep
|turn|69
|
|t:|1642583165
|move|p2a: Eternatus|Dynamax Cannon|p1a: Yggdrasil
|-immune|p1a: Yggdrasil
|move|p1a: Yggdrasil|Rest|p1a: Yggdrasil
|-status|p1a: Yggdrasil|slp|[from] move: Rest
|-heal|p1a: Yggdrasil|100/100 slp|[silent]
|
|upkeep
|turn|70
|
|t:|1642583169
|move|p2a: Eternatus|Sludge Bomb|p1a: Yggdrasil
|-supereffective|p1a: Yggdrasil
|-damage|p1a: Yggdrasil|33/100 slp
|cant|p1a: Yggdrasil|slp
|move|p1a: Yggdrasil|Sleep Talk|p1a: Yggdrasil
|move|p1a: Yggdrasil|Aromatherapy|p1a: Yggdrasil|[from]move: Sleep Talk
|-activate|p1a: Yggdrasil|move: Aromatherapy
|-curestatus|p1a: Yggdrasil|slp|[msg]
|
|-heal|p1a: Yggdrasil|39/100|[from] item: Leftovers
|upkeep
|turn|71
|
|t:|1642583172
|move|p2a: Eternatus|Sludge Bomb|p1a: Yggdrasil
|-supereffective|p1a: Yggdrasil
|-damage|p1a: Yggdrasil|0 fnt
|faint|p1a: Yggdrasil
|
|win|KyogreF4N
|n|☆Kyohei (Ubers)|kyoheiubers
|n|☆KyogreF4N|kyogref4n
|n| 10 Not Found☯|10notfound
|n| rainbow_fool|rainbowfool
