|j|☆Kage UwU
|j|☆heyroat9
|t:|1649948443
|gametype|singles
|player|p1|Kage UwU|psychic-gen4|1363
|player|p2|heyroat9|1|1464
|teamsize|p1|6
|teamsize|p2|6
|gen|8
|tier|[Gen 8] Ubers
|rated|
|rule|Sleep Clause Mod: Limit one foe put to sleep
|rule|Species Clause: Limit one of each Pokémon
|rule|OHKO Clause: OHKO moves are banned
|rule|Evasion Moves Clause: Evasion moves are banned
|rule|Endless Battle Clause: Forcing endless battles is banned
|rule|HP Percentage Mod: HP is shown in percentages
|rule|Dynamax Clause: You cannot dynamax
|clearpoke
|poke|p1|Necrozma-Dusk-Mane|
|poke|p1|Yveltal|
|poke|p1|Mew|
|poke|p1|Zekrom|
|poke|p1|Calyrex-Shadow|
|poke|p1|Xerneas-*|
|poke|p2|Yveltal|
|poke|p2|Zamazenta-*|
|poke|p2|Eternatus|
|poke|p2|Kyogre|
|poke|p2|Rayquaza|
|poke|p2|Necrozma-Dusk-Mane|
|teampreview
|inactive|Battle timer is ON: inactive players will automatically lose when time's up. (requested by Kage UwU)
|
|t:|1649948455
|start
|switch|p1a: Mew|Mew|100/100
|switch|p2a: Rayquaza|Rayquaza|100/100
|-ability|p2a: Rayquaza|Air Lock
|turn|1
|
|t:|1649948462
|move|p1a: Mew|Stealth Rock|p2a: Rayquaza
|-sidestart|p2: heyroat9|move: Stealth Rock
|move|p2a: Rayquaza|Swords Dance|p2a: Rayquaza
|-boost|p2a: Rayquaza|atk|2
|
|upkeep
|turn|2
|
|t:|1649948467
|move|p1a: Mew|Spikes|p2a: Rayquaza
|-sidestart|p2: heyroat9|Spikes
|move|p2a: Rayquaza|Dragon Ascent|p1a: Mew
|-damage|p1a: Mew|0 fnt
|-unboost|p2a: Rayquaza|def|1
|-unboost|p2a: Rayquaza|spd|1
|faint|p1a: Mew
|
|upkeep
|
|t:|1649948493
|switch|p1a: Xerneas|Xerneas|100/100
|-ability|p1a: Xerneas|Fairy Aura
|turn|3
|
|t:|1649948498
|move|p1a: Xerneas|Moonblast|p2a: Rayquaza
|-supereffective|p2a: Rayquaza
|-enditem|p2a: Rayquaza|Focus Sash
|-damage|p2a: Rayquaza|1/100
|move|p2a: Rayquaza|Dragon Ascent|p1a: Xerneas
|-damage|p1a: Xerneas|0 fnt
|-unboost|p2a: Rayquaza|def|1
|-unboost|p2a: Rayquaza|spd|1
|faint|p1a: Xerneas
|
|upkeep
|
|t:|1649948508
|switch|p1a: Yveltal|Yveltal|100/100
|-ability|p1a: Yveltal|Dark Aura
|turn|4
|
|t:|1649948512
|move|p2a: Rayquaza|Extreme Speed|p1a: Yveltal
|-damage|p1a: Yveltal|34/100
|move|p1a: Yveltal|Sucker Punch||[still]
|-fail|p1a: Yveltal
|
|upkeep
|turn|5
|
|t:|1649948521
|move|p2a: Rayquaza|Extreme Speed|p1a: Yveltal
|-damage|p1a: Yveltal|0 fnt
|faint|p1a: Yveltal
|
|upkeep
|
|t:|1649948526
|switch|p1a: Calyrex|Calyrex-Shadow|100/100
|-ability|p1a: Calyrex|As One
|-ability|p1a: Calyrex|Unnerve
|turn|6
|
|t:|1649948532
|switch|p2a: Yveltal|Yveltal|100/100
|-ability|p2a: Yveltal|Dark Aura
|move|p1a: Calyrex|Astral Barrage|p2a: Yveltal
|-resisted|p2a: Yveltal
|-damage|p2a: Yveltal|59/100
|
|upkeep
|turn|7
|
|t:|1649948548
|switch|p1a: Zekrom|Zekrom|100/100
|-ability|p1a: Zekrom|Teravolt
|move|p2a: Yveltal|Roost|p2a: Yveltal
|-heal|p2a: Yveltal|100/100
|-singleturn|p2a: Yveltal|move: Roost
|
|upkeep
|turn|8
|
|t:|1649948558
|move|p1a: Zekrom|Dragon Dance|p1a: Zekrom
|-boost|p1a: Zekrom|atk|1
|-boost|p1a: Zekrom|spe|1
|move|p2a: Yveltal|Foul Play|p1a: Zekrom
|-damage|p1a: Zekrom|0 fnt
|faint|p1a: Zekrom
|
|upkeep
|-message|Kage UwU forfeited.
|
|win|heyroat9
|raw|Kage UwU's rating: 1363 &rarr; <strong>1349</strong><br />(-14 for losing)
|raw|heyroat9's rating: 1464 &rarr; <strong>1478</strong><br />(+14 for winning)
|l|☆Kage UwU
||Ladder isn't responding, score probably updated but might not have (Request timeout).
