|j|☆SimonBoi99
|j|☆RIP_Player
|t:|1617146445
|player|p1|SimonBoi99|hiker-gen4|
|player|p2|RIP_Player|firebreather|
|teamsize|p1|6
|teamsize|p2|6
|gametype|singles
|gen|8
|tier|[Gen 8] Ubers
|rated|Tournament battle
|clearpoke
|poke|p1|Calyrex-Shadow|
|poke|p1|Yveltal|
|poke|p1|Necrozma-Dusk-Mane|
|poke|p1|Ditto|
|poke|p1|Zygarde|
|poke|p1|Eternatus|
|poke|p2|Eternatus|
|poke|p2|Toxapex, M|
|poke|p2|Yveltal|
|poke|p2|Xerneas|
|poke|p2|Marshadow|
|poke|p2|Heatran, M|
|rule|Sleep Clause Mod: Limit one foe put to sleep
|rule|Species Clause: Limit one of each Pokémon
|rule|OHKO Clause: OHKO moves are banned
|rule|Evasion Moves Clause: Evasion moves are banned
|rule|Endless Battle Clause: Forcing endless battles is banned
|rule|HP Percentage Mod: HP is shown in percentages
|rule|Dynamax Clause: You cannot dynamax
|teampreview
|c|☆SimonBoi99|glhf
|inactive|Battle timer is ON: inactive players will automatically lose when time's up. (requested by RIP_Player)
|
|t:|1617146451
|start
|switch|p1a: Necrozma|Necrozma-Dusk-Mane|100/100
|switch|p2a: Yveltal|Yveltal|100/100
|-ability|p2a: Yveltal|Dark Aura
|turn|1
|j| DrewCareysFeet
|
|t:|1617146454
|move|p2a: Yveltal|Knock Off|p1a: Necrozma
|-supereffective|p1a: Necrozma
|-damage|p1a: Necrozma|19/100
|-enditem|p1a: Necrozma|Leftovers|[from] move: Knock Off|[of] p2a: Yveltal
|move|p1a: Necrozma|Toxic|p2a: Yveltal
|-status|p2a: Yveltal|tox
|
|-damage|p2a: Yveltal|94/100 tox|[from] psn
|upkeep
|turn|2
|
|t:|1617146463
|switch|p1a: Eternatus|Eternatus|100/100
|-ability|p1a: Eternatus|Pressure
|move|p2a: Yveltal|Knock Off|p1a: Eternatus
|-damage|p1a: Eternatus|24/100
|-enditem|p1a: Eternatus|Heavy-Duty Boots|[from] move: Knock Off|[of] p2a: Yveltal
|
|-damage|p2a: Yveltal|82/100 tox|[from] psn
|upkeep
|turn|3
|c|☆SimonBoi99|thats so stronk
|
|t:|1617146482
|switch|p2a: Heatran|Heatran, M|100/100
|move|p1a: Eternatus|Recover|p1a: Eternatus
|-heal|p1a: Eternatus|74/100
|
|upkeep
|turn|4
|
|t:|1617146487
|switch|p1a: Necrozma|Necrozma-Dusk-Mane|19/100
|move|p2a: Heatran|Stealth Rock|p1a: Necrozma
|-sidestart|p1: SimonBoi99|move: Stealth Rock
|
|upkeep
|turn|5
|j| jamel 1
|
|t:|1617146502
|move|p2a: Heatran|Lava Plume|p1a: Necrozma
|-supereffective|p1a: Necrozma
|-damage|p1a: Necrozma|0 fnt
|faint|p1a: Necrozma
|
|upkeep
|
|t:|1617146509
|switch|p1a: Zygarde|Zygarde|100/100
|-damage|p1a: Zygarde|94/100|[from] Stealth Rock
|-ability|p1a: Zygarde|Aura Break
|turn|6
|
|t:|1617146513
|switch|p2a: Xerneas|Xerneas|100/100
|-ability|p2a: Xerneas|Fairy Aura
|move|p1a: Zygarde|Thousand Arrows|p2a: Xerneas
|-damage|p2a: Xerneas|78/100
|
|-heal|p1a: Zygarde|100/100|[from] item: Leftovers
|-heal|p2a: Xerneas|84/100|[from] item: Leftovers
|upkeep
|turn|7
|
|t:|1617146519
|move|p1a: Zygarde|Substitute|p1a: Zygarde
|-start|p1a: Zygarde|Substitute
|-damage|p1a: Zygarde|76/100
|move|p2a: Xerneas|Moonblast|p1a: Zygarde
|-supereffective|p1a: Zygarde
|-end|p1a: Zygarde|Substitute
|
|-heal|p1a: Zygarde|82/100|[from] item: Leftovers
|-heal|p2a: Xerneas|90/100|[from] item: Leftovers
|upkeep
|turn|8
|
|t:|1617146525
|move|p1a: Zygarde|Substitute|p1a: Zygarde
|-start|p1a: Zygarde|Substitute
|-damage|p1a: Zygarde|57/100
|move|p2a: Xerneas|Moonblast|p1a: Zygarde
|-supereffective|p1a: Zygarde
|-end|p1a: Zygarde|Substitute
|
|-heal|p1a: Zygarde|63/100|[from] item: Leftovers
|-heal|p2a: Xerneas|96/100|[from] item: Leftovers
|upkeep
|turn|9
|
|t:|1617146527
|move|p1a: Zygarde|Substitute|p1a: Zygarde
|-start|p1a: Zygarde|Substitute
|-damage|p1a: Zygarde|38/100
|move|p2a: Xerneas|Moonblast|p1a: Zygarde
|-supereffective|p1a: Zygarde
|-end|p1a: Zygarde|Substitute
|
|-heal|p1a: Zygarde|44/100|[from] item: Leftovers
|-heal|p2a: Xerneas|100/100|[from] item: Leftovers
|upkeep
|turn|10
|
|t:|1617146531
|move|p1a: Zygarde|Substitute|p1a: Zygarde
|-start|p1a: Zygarde|Substitute
|-damage|p1a: Zygarde|19/100
|move|p2a: Xerneas|Moonblast|p1a: Zygarde
|-supereffective|p1a: Zygarde
|-end|p1a: Zygarde|Substitute
|
|-heal|p1a: Zygarde|25/100|[from] item: Leftovers
|upkeep
|turn|11
|
|t:|1617146534
|move|p1a: Zygarde|Substitute|p1a: Zygarde
|-fail|p1a: Zygarde|move: Substitute|[weak]
|move|p2a: Xerneas|Moonblast|p1a: Zygarde
|-supereffective|p1a: Zygarde
|-damage|p1a: Zygarde|0 fnt
|faint|p1a: Zygarde
|
|upkeep
|c|☆RIP_Player|nice ability
|c|☆SimonBoi99|seems like u did not fall for my bait
|
|t:|1617146550
|switch|p1a: Eternatus|Eternatus|74/100
|-damage|p1a: Eternatus|62/100|[from] Stealth Rock
|-ability|p1a: Eternatus|Pressure
|turn|12
|
|t:|1617146570
|move|p1a: Eternatus|Toxic|p2a: Xerneas
|-status|p2a: Xerneas|tox
|move|p2a: Xerneas|Thunder Wave|p1a: Eternatus
|-status|p1a: Eternatus|par
|
|-damage|p2a: Xerneas|94/100 tox|[from] psn
|upkeep
|turn|13
|
|t:|1617146579
|move|p2a: Xerneas|Aromatherapy|p2a: Xerneas
|-activate|p2a: Xerneas|move: Aromatherapy
|-curestatus|p2a: Xerneas|tox|[msg]
|-curestatus|p2: Yveltal|tox|[msg]
|move|p1a: Eternatus|Mystical Fire|p2a: Xerneas
|-damage|p2a: Xerneas|75/100
|-unboost|p2a: Xerneas|spa|1
|
|-heal|p2a: Xerneas|81/100|[from] item: Leftovers
|upkeep
|turn|14
|
|t:|1617146589
|switch|p2a: Heatran|Heatran, M|100/100
|move|p1a: Eternatus|Mystical Fire|p2a: Heatran
|-start|p2a: Heatran|ability: Flash Fire
|
|upkeep
|turn|15
|
|t:|1617146601
|move|p1a: Eternatus|Recover|p1a: Eternatus
|-heal|p1a: Eternatus|100/100 par
|move|p2a: Heatran|Lava Plume|p1a: Eternatus
|-resisted|p1a: Eternatus
|-damage|p1a: Eternatus|81/100 par
|
|upkeep
|turn|16
|
|t:|1617146608
|switch|p1a: Ditto|Ditto|100/100
|-damage|p1a: Ditto|88/100|[from] Stealth Rock
|-transform|p1a: Ditto|p2a: Heatran|[from] ability: Imposter
|move|p2a: Heatran|Earth Power|p1a: Ditto
|-supereffective|p1a: Ditto
|-damage|p1a: Ditto|5/100
|
|upkeep
|turn|17
|c|☆SimonBoi99|too big brain
|
|t:|1617146620
|-end|p2a: Heatran|ability: Flash Fire|[silent]
|switch|p2a: Yveltal|Yveltal|82/100
|-ability|p2a: Yveltal|Dark Aura
|move|p1a: Ditto|Earth Power|p2a: Yveltal
|-immune|p2a: Yveltal
|
|upkeep
|turn|18
|
|t:|1617146629
|switch|p1a: Eternatus|Eternatus|81/100 par
|-damage|p1a: Eternatus|68/100 par|[from] Stealth Rock
|-ability|p1a: Eternatus|Pressure
|move|p2a: Yveltal|Knock Off|p1a: Eternatus
|-damage|p1a: Eternatus|19/100 par
|
|upkeep
|turn|19
|
|t:|1617146651
|move|p2a: Yveltal|Knock Off|p1a: Eternatus
|-damage|p1a: Eternatus|0 fnt
|faint|p1a: Eternatus
|
|upkeep
|
|t:|1617146653
|switch|p1a: Calyrex|Calyrex-Shadow|100/100
|-ability|p1a: Calyrex|As One
|-ability|p1a: Calyrex|Unnerve|p2: RIP_Player
|-damage|p1a: Calyrex|88/100|[from] Stealth Rock
|turn|20
|
|t:|1617146656
|move|p1a: Calyrex|Astral Barrage|p2a: Yveltal
|-resisted|p2a: Yveltal
|-damage|p2a: Yveltal|50/100
|move|p2a: Yveltal|Knock Off|p1a: Calyrex
|-supereffective|p1a: Calyrex
|-damage|p1a: Calyrex|0 fnt
|-enditem|p1a: Calyrex|Choice Scarf|[from] move: Knock Off|[of] p2a: Yveltal
|faint|p1a: Calyrex
|
|upkeep
|
|t:|1617146660
|switch|p1a: Yveltal|Yveltal|100/100
|-ability|p1a: Yveltal|Dark Aura
|turn|21
|
|t:|1617146666
|switch|p2a: Xerneas|Xerneas|81/100
|-ability|p2a: Xerneas|Fairy Aura
|move|p1a: Yveltal|Oblivion Wing|p2a: Xerneas
|-damage|p2a: Xerneas|54/100
|
|-heal|p2a: Xerneas|60/100|[from] item: Leftovers
|upkeep
|turn|22
|
|t:|1617146679
|move|p2a: Xerneas|Moonblast|p1a: Yveltal
|-supereffective|p1a: Yveltal
|-damage|p1a: Yveltal|44/100
|move|p1a: Yveltal|Oblivion Wing|p2a: Xerneas
|-damage|p2a: Xerneas|33/100
|-heal|p1a: Yveltal|65/100|[from] drain|[of] p2a: Xerneas
|
|-heal|p2a: Xerneas|39/100|[from] item: Leftovers
|upkeep
|turn|23
|
|t:|1617146684
|move|p1a: Yveltal|Roost|p1a: Yveltal
|-heal|p1a: Yveltal|100/100
|-singleturn|p1a: Yveltal|move: Roost
|move|p2a: Xerneas|Moonblast|p1a: Yveltal
|-supereffective|p1a: Yveltal
|-damage|p1a: Yveltal|45/100
|
|-heal|p2a: Xerneas|45/100|[from] item: Leftovers
|upkeep
|turn|24
|
|t:|1617146707
|move|p2a: Xerneas|Moonblast|p1a: Yveltal
|-supereffective|p1a: Yveltal
|-damage|p1a: Yveltal|0 fnt
|faint|p1a: Yveltal
|
|-heal|p2a: Xerneas|51/100|[from] item: Leftovers
|upkeep
|c|☆RIP_Player|gg
|c|☆SimonBoi99|gg
|
|t:|1617146719
|switch|p1a: Ditto|Ditto|5/100
|-damage|p1a: Ditto|0 fnt|[from] Stealth Rock
|faint|p1a: Ditto
|
|win|RIP_Player
|n|☆SimonBoi99|simonboi99
|n|☆RIP_Player|ripplayer
|n| DrewCareysFeet|drewcareysfeet
|n| jamel 1|jamel1
