|raw|<div class="broadcast-blue"><strong>This battle is required to be public due to a player having a name starting with 'ult4pdr'.</div>
|j|☆ULT4PDR Fc
|j|☆Kate
|t:|1654028666
|gametype|singles
|player|p1|ULT4PDR Fc|#wcop2022canada|1476
|player|p2|Kate|#kate|1854
|teamsize|p1|6
|teamsize|p2|6
|gen|8
|tier|[Gen 8] Ubers
|rated|
|rule|Sleep Clause Mod: Limit one foe put to sleep
|rule|Species Clause: Limit one of each Pokémon
|rule|OHKO Clause: OHKO moves are banned
|rule|Evasion Moves Clause: Evasion moves are banned
|rule|Endless Battle Clause: Forcing endless battles is banned
|rule|HP Percentage Mod: HP is shown in percentages
|rule|Dynamax Clause: You cannot dynamax
|clearpoke
|poke|p1|Kyogre|
|poke|p1|Necrozma-Dusk-Mane|
|poke|p1|Zygarde|
|poke|p1|Yveltal|
|poke|p1|Ditto|
|poke|p1|Eternatus|
|poke|p2|Rayquaza|
|poke|p2|Xerneas-*|
|poke|p2|Eternatus|
|poke|p2|Yveltal|
|poke|p2|Necrozma-Dusk-Mane|
|poke|p2|Kyogre|
|teampreview
|c|☆ULT4PDR Fc|what the fuck
|c|☆ULT4PDR Fc|is this matchmaking
|c|☆ULT4PDR Fc|you are 1850
|inactive|Battle timer is ON: inactive players will automatically lose when time's up. (requested by ULT4PDR Fc)
|j| WinterWesker23
|c|☆Kate|HEEEHEEHAAHAA
|j|%Seldanna
|
|t:|1654028706
|start
|switch|p1a: Eternatus|Eternatus|100/100
|switch|p2a: Xerneas|Xerneas|100/100
|-ability|p2a: Xerneas|Fairy Aura
|-ability|p1a: Eternatus|Pressure
|turn|1
|
|t:|1654028712
|switch|p2a: Necrozma|Necrozma-Dusk-Mane|100/100
|move|p1a: Eternatus|Toxic|p2a: Necrozma
|-immune|p2a: Necrozma
|
|upkeep
|turn|2
|
|t:|1654028715
|switch|p1a: Necrozma|Necrozma-Dusk-Mane|100/100
|move|p2a: Necrozma|Stealth Rock|p1a: Necrozma
|-sidestart|p1: ULT4PDR Fc|move: Stealth Rock
|
|upkeep
|turn|3
|
|t:|1654028721
|move|p1a: Necrozma|Stealth Rock|p2a: Necrozma
|-sidestart|p2: Kate|move: Stealth Rock
|move|p2a: Necrozma|Thunder Wave|p1a: Necrozma
|-status|p1a: Necrozma|par
|
|upkeep
|turn|4
|j| Lauriane
|j| dream
|j|+pichus
|j| Landwhales
|j| SIPPIN ON THAT
|j| pannuracotta
|c| dream|Fc
|c|☆ULT4PDR Fc|no
|c| dream|if u lose ur benched
|
|t:|1654028741
|switch|p2a: Yveltal|Yveltal|100/100
|-ability|p2a: Yveltal|Dark Aura
|cant|p1a: Necrozma|par
|
|upkeep
|turn|5
|c| dream|this week
|
|t:|1654028747
|switch|p1a: Eternatus|Eternatus|100/100
|-damage|p1a: Eternatus|88/100|[from] Stealth Rock
|-ability|p1a: Eternatus|Pressure
|move|p2a: Yveltal|Knock Off|p1a: Eternatus
|-damage|p1a: Eternatus|41/100
|-enditem|p1a: Eternatus|Sitrus Berry|[from] move: Knock Off|[of] p2a: Yveltal
|
|upkeep
|turn|6
|c| Lauriane|AHAHAH
|j| Baldragas
|
|t:|1654028757
|switch|p2a: Eternatus|Eternatus|100/100
|-damage|p2a: Eternatus|88/100|[from] Stealth Rock
|-ability|p2a: Eternatus|Pressure
|move|p1a: Eternatus|Recover|p1a: Eternatus
|-heal|p1a: Eternatus|91/100
|
|upkeep
|turn|7
|
|t:|1654028765
|move|p1a: Eternatus|Mystical Fire|p2a: Eternatus
|-resisted|p2a: Eternatus
|-damage|p2a: Eternatus|80/100
|-unboost|p2a: Eternatus|spa|1
|move|p2a: Eternatus|Dynamax Cannon|p1a: Eternatus
|-supereffective|p1a: Eternatus
|-damage|p1a: Eternatus|55/100
|
|upkeep
|turn|8
|
|t:|1654028772
|switch|p2a: Necrozma|Necrozma-Dusk-Mane|100/100
|-damage|p2a: Necrozma|94/100|[from] Stealth Rock
|move|p1a: Eternatus|Recover|p1a: Eternatus
|-heal|p1a: Eternatus|100/100
|
|-heal|p2a: Necrozma|100/100|[from] item: Leftovers
|upkeep
|turn|9
|l| dream
|
|t:|1654028794
|switch|p1a: Necrozma|Necrozma-Dusk-Mane|100/100 par
|-damage|p1a: Necrozma|94/100 par|[from] Stealth Rock
|switch|p2a: Kyogre|Kyogre|100/100
|-damage|p2a: Kyogre|88/100|[from] Stealth Rock
|-weather|RainDance|[from] ability: Drizzle|[of] p2a: Kyogre
|
|-weather|RainDance|[upkeep]
|-heal|p2a: Kyogre|94/100|[from] item: Leftovers
|-heal|p1a: Necrozma|100/100 par|[from] item: Leftovers
|upkeep
|turn|10
|
|t:|1654028798
|switch|p1a: Kyogre|Kyogre|100/100
|-damage|p1a: Kyogre|88/100|[from] Stealth Rock
|move|p2a: Kyogre|Substitute|p2a: Kyogre
|-start|p2a: Kyogre|Substitute
|-damage|p2a: Kyogre|69/100
|
|-weather|RainDance|[upkeep]
|-heal|p1a: Kyogre|94/100|[from] item: Leftovers
|-heal|p2a: Kyogre|76/100|[from] item: Leftovers
|upkeep
|turn|11
|
|t:|1654028801
|move|p1a: Kyogre|Calm Mind|p1a: Kyogre
|-boost|p1a: Kyogre|spa|1
|-boost|p1a: Kyogre|spd|1
|move|p2a: Kyogre|Scald|p1a: Kyogre
|-resisted|p1a: Kyogre
|-damage|p1a: Kyogre|81/100
|-status|p1a: Kyogre|brn
|
|-weather|RainDance|[upkeep]
|-heal|p1a: Kyogre|88/100 brn|[from] item: Leftovers
|-heal|p2a: Kyogre|82/100|[from] item: Leftovers
|-damage|p1a: Kyogre|81/100 brn|[from] brn
|upkeep
|turn|12
|
|t:|1654028807
|switch|p2a: Yveltal|Yveltal|100/100
|-ability|p2a: Yveltal|Dark Aura
|move|p1a: Kyogre|Scald|p2a: Yveltal
|-damage|p2a: Yveltal|47/100
|
|-weather|RainDance|[upkeep]
|-heal|p1a: Kyogre|88/100 brn|[from] item: Leftovers
|-damage|p1a: Kyogre|81/100 brn|[from] brn
|upkeep
|turn|13
|
|t:|1654028811
|move|p2a: Yveltal|Knock Off|p1a: Kyogre
|-damage|p1a: Kyogre|41/100 brn
|-enditem|p1a: Kyogre|Leftovers|[from] move: Knock Off|[of] p2a: Yveltal
|move|p1a: Kyogre|Scald|p2a: Yveltal
|-damage|p2a: Yveltal|0 fnt
|faint|p2a: Yveltal
|
|-weather|none
|-damage|p1a: Kyogre|35/100 brn|[from] brn
|upkeep
|j| cathgirl
|
|t:|1654028816
|switch|p2a: Rayquaza|Rayquaza|100/100
|-damage|p2a: Rayquaza|76/100|[from] Stealth Rock
|-ability|p2a: Rayquaza|Air Lock
|turn|14
|
|t:|1654028820
|switch|p1a: Zygarde|Zygarde|100/100
|-damage|p1a: Zygarde|94/100|[from] Stealth Rock
|move|p2a: Rayquaza|Dragon Ascent|p1a: Zygarde
|-damage|p1a: Zygarde|20/100
|-unboost|p2a: Rayquaza|def|1
|-unboost|p2a: Rayquaza|spd|1
|-damage|p2a: Rayquaza|66/100|[from] item: Life Orb
|
|-heal|p1a: Zygarde|26/100|[from] item: Leftovers
|-activate|p1a: Zygarde|ability: Power Construct
|detailschange|p1a: Zygarde|Zygarde-Complete
|-heal|p1a: Zygarde|54/100|[silent]
|upkeep
|turn|15
|
|t:|1654028827
|switch|p2a: Xerneas|Xerneas|100/100
|-damage|p2a: Xerneas|88/100|[from] Stealth Rock
|-ability|p2a: Xerneas|Fairy Aura
|move|p1a: Zygarde|Thousand Arrows|p2a: Xerneas
|-damage|p2a: Xerneas|56/100
|
|-heal|p1a: Zygarde|60/100|[from] item: Leftovers
|upkeep
|turn|16
|c| pannuracotta|katei just finished ep 2 of the boys it was kinda good but not as good as the first EP tho it wasnt bad
|j| ahmber
|
|t:|1654028838
|switch|p1a: Necrozma|Necrozma-Dusk-Mane|100/100 par
|-damage|p1a: Necrozma|94/100 par|[from] Stealth Rock
|move|p2a: Xerneas|Moonblast|p1a: Necrozma
|-resisted|p1a: Necrozma
|-damage|p1a: Necrozma|73/100 par
|-unboost|p1a: Necrozma|spa|1
|
|-heal|p1a: Necrozma|79/100 par|[from] item: Leftovers
|upkeep
|turn|17
|
|t:|1654028844
|move|p2a: Xerneas|Moonblast|p1a: Necrozma
|-resisted|p1a: Necrozma
|-damage|p1a: Necrozma|57/100 par
|move|p1a: Necrozma|Thunder Wave|p2a: Xerneas|[miss]
|-miss|p1a: Necrozma|p2a: Xerneas
|
|-heal|p1a: Necrozma|63/100 par|[from] item: Leftovers
|upkeep
|turn|18
|c| pannuracotta|that last scene was crazy af.
|l| cathgirl
|c| ahmber|outskill dodge
|
|t:|1654028855
|switch|p2a: Rayquaza|Rayquaza|66/100
|-damage|p2a: Rayquaza|41/100|[from] Stealth Rock
|-ability|p2a: Rayquaza|Air Lock
|move|p1a: Necrozma|Thunder Wave|p2a: Rayquaza
|-status|p2a: Rayquaza|par
|
|-heal|p1a: Necrozma|69/100 par|[from] item: Leftovers
|upkeep
|turn|19
|
|t:|1654028863
|switch|p1a: Zygarde|Zygarde-Complete|60/100
|-damage|p1a: Zygarde|54/100|[from] Stealth Rock
|cant|p2a: Rayquaza|par
|
|-heal|p1a: Zygarde|60/100|[from] item: Leftovers
|upkeep
|turn|20
|c| pannuracotta|also fc its ur fuckin turn to nom
|j| bilbooO
|c|☆ULT4PDR Fc|dude it doesn't fucking highlight me
|c|☆ULT4PDR Fc|I didn't see
|c| pannuracotta|oh makes sense sorry for the f bomb
|inactive|ULT4PDR Fc has 120 seconds left.
|j| cRUNCHman
|
|t:|1654028895
|switch|p2a: Kyogre|Kyogre|82/100
|-damage|p2a: Kyogre|69/100|[from] Stealth Rock
|-weather|RainDance|[from] ability: Drizzle|[of] p2a: Kyogre
|move|p1a: Zygarde|Thousand Arrows|p2a: Kyogre
|-damage|p2a: Kyogre|45/100
|
|-weather|RainDance|[upkeep]
|-heal|p1a: Zygarde|66/100|[from] item: Leftovers
|-heal|p2a: Kyogre|52/100|[from] item: Leftovers
|upkeep
|turn|21
|c| Landwhales|hi cRUNCHman
|
|t:|1654028902
|move|p1a: Zygarde|Substitute|p1a: Zygarde
|-start|p1a: Zygarde|Substitute
|-damage|p1a: Zygarde|41/100
|move|p2a: Kyogre|Scald|p1a: Zygarde
|-end|p1a: Zygarde|Substitute
|
|-weather|RainDance|[upkeep]
|-heal|p1a: Zygarde|47/100|[from] item: Leftovers
|-heal|p2a: Kyogre|58/100|[from] item: Leftovers
|upkeep
|turn|22
|
|t:|1654028905
|switch|p1a: Eternatus|Eternatus|100/100
|-damage|p1a: Eternatus|88/100|[from] Stealth Rock
|-ability|p1a: Eternatus|Pressure
|move|p2a: Kyogre|Scald|p1a: Eternatus
|-resisted|p1a: Eternatus
|-damage|p1a: Eternatus|70/100
|
|-weather|RainDance|[upkeep]
|-heal|p2a: Kyogre|64/100|[from] item: Leftovers
|upkeep
|turn|23
|l| bilbooO
|
|t:|1654028913
|move|p1a: Eternatus|Toxic|p2a: Kyogre
|-status|p2a: Kyogre|tox
|move|p2a: Kyogre|Scald|p1a: Eternatus
|-resisted|p1a: Eternatus
|-damage|p1a: Eternatus|53/100
|-status|p1a: Eternatus|brn
|
|-weather|RainDance|[upkeep]
|-heal|p2a: Kyogre|70/100 tox|[from] item: Leftovers
|-damage|p2a: Kyogre|64/100 tox|[from] psn
|-damage|p1a: Eternatus|47/100 brn|[from] brn
|upkeep
|turn|24
|
|t:|1654028921
|switch|p2a: Necrozma|Necrozma-Dusk-Mane|100/100
|-damage|p2a: Necrozma|94/100|[from] Stealth Rock
|move|p1a: Eternatus|Recover|p1a: Eternatus
|-heal|p1a: Eternatus|97/100 brn
|
|-weather|none
|-heal|p2a: Necrozma|100/100|[from] item: Leftovers
|-damage|p1a: Eternatus|91/100 brn|[from] brn
|upkeep
|turn|25
|
|t:|1654028926
|move|p1a: Eternatus|Mystical Fire|p2a: Necrozma
|-supereffective|p2a: Necrozma
|-damage|p2a: Necrozma|77/100
|-unboost|p2a: Necrozma|spa|1
|move|p2a: Necrozma|Iron Head|p1a: Eternatus
|-damage|p1a: Eternatus|59/100 brn
|
|-heal|p2a: Necrozma|83/100|[from] item: Leftovers
|-damage|p1a: Eternatus|53/100 brn|[from] brn
|upkeep
|turn|26
|
|t:|1654028929
|move|p1a: Eternatus|Recover|p1a: Eternatus
|-heal|p1a: Eternatus|100/100 brn
|move|p2a: Necrozma|Iron Head|p1a: Eternatus
|-damage|p1a: Eternatus|67/100 brn
|
|-heal|p2a: Necrozma|89/100|[from] item: Leftovers
|-damage|p1a: Eternatus|61/100 brn|[from] brn
|upkeep
|turn|27
|
|t:|1654028933
|move|p1a: Eternatus|Recover|p1a: Eternatus
|-heal|p1a: Eternatus|100/100 brn
|move|p2a: Necrozma|Iron Head|p1a: Eternatus
|-damage|p1a: Eternatus|67/100 brn
|
|-heal|p2a: Necrozma|95/100|[from] item: Leftovers
|-damage|p1a: Eternatus|61/100 brn|[from] brn
|upkeep
|turn|28
|n| agentkeval|sippinonthat
|
|t:|1654028947
|switch|p1a: Yveltal|Yveltal|100/100
|-ability|p1a: Yveltal|Dark Aura
|move|p2a: Necrozma|Iron Head|p1a: Yveltal
|-damage|p1a: Yveltal|69/100
|
|-heal|p2a: Necrozma|100/100|[from] item: Leftovers
|upkeep
|turn|29
|c| agentkeval|very sad ubers gameplay
|
|t:|1654028955
|move|p1a: Yveltal|Knock Off|p2a: Necrozma
|-supereffective|p2a: Necrozma
|-damage|p2a: Necrozma|44/100
|-enditem|p2a: Necrozma|Leftovers|[from] move: Knock Off|[of] p1a: Yveltal
|move|p2a: Necrozma|Iron Head|p1a: Yveltal
|-damage|p1a: Yveltal|42/100
|
|upkeep
|turn|30
|
|t:|1654028962
|move|p1a: Yveltal|Roost|p1a: Yveltal
|-heal|p1a: Yveltal|92/100
|-singleturn|p1a: Yveltal|move: Roost
|move|p2a: Necrozma|Thunder Wave|p1a: Yveltal
|-status|p1a: Yveltal|par
|
|upkeep
|turn|31
|
|t:|1654028966
|switch|p1a: Zygarde|Zygarde-Complete|47/100
|-damage|p1a: Zygarde|41/100|[from] Stealth Rock
|move|p2a: Necrozma|Iron Head|p1a: Zygarde
|-damage|p1a: Zygarde|23/100
|
|-heal|p1a: Zygarde|29/100|[from] item: Leftovers
|upkeep
|turn|32
|
|t:|1654028977
|switch|p2a: Xerneas|Xerneas|56/100
|-damage|p2a: Xerneas|43/100|[from] Stealth Rock
|-ability|p2a: Xerneas|Fairy Aura
|move|p1a: Zygarde|Dragon Dance|p1a: Zygarde
|-boost|p1a: Zygarde|atk|1
|-boost|p1a: Zygarde|spe|1
|
|-heal|p1a: Zygarde|35/100|[from] item: Leftovers
|upkeep
|turn|33
|
|t:|1654028984
|switch|p1a: Necrozma|Necrozma-Dusk-Mane|69/100 par
|-damage|p1a: Necrozma|63/100 par|[from] Stealth Rock
|move|p2a: Xerneas|Moonblast|p1a: Necrozma
|-resisted|p1a: Necrozma
|-damage|p1a: Necrozma|41/100 par
|
|-heal|p1a: Necrozma|47/100 par|[from] item: Leftovers
|upkeep
|turn|34
|
|t:|1654028987
|switch|p2a: Kyogre|Kyogre|64/100 tox
|-damage|p2a: Kyogre|52/100 tox|[from] Stealth Rock
|-weather|RainDance|[from] ability: Drizzle|[of] p2a: Kyogre
|move|p1a: Necrozma|Moonlight|p1a: Necrozma
|-heal|p1a: Necrozma|72/100 par
|
|-weather|RainDance|[upkeep]
|-heal|p2a: Kyogre|58/100 tox|[from] item: Leftovers
|-heal|p1a: Necrozma|78/100 par|[from] item: Leftovers
|-damage|p2a: Kyogre|52/100 tox|[from] psn
|upkeep
|turn|35
|
|t:|1654028992
|move|p2a: Kyogre|Rest|p2a: Kyogre
|-status|p2a: Kyogre|slp|[from] move: Rest
|-heal|p2a: Kyogre|100/100 slp|[silent]
|move|p1a: Necrozma|Iron Head|p2a: Kyogre
|-resisted|p2a: Kyogre
|-damage|p2a: Kyogre|88/100 slp
|
|-weather|RainDance|[upkeep]
|-heal|p2a: Kyogre|94/100 slp|[from] item: Leftovers
|-heal|p1a: Necrozma|84/100 par|[from] item: Leftovers
|upkeep
|turn|36
|
|t:|1654028998
|switch|p2a: Eternatus|Eternatus|80/100
|-damage|p2a: Eternatus|67/100|[from] Stealth Rock
|-ability|p2a: Eternatus|Pressure
|switch|p1a: Yveltal|Yveltal|92/100 par
|-ability|p1a: Yveltal|Dark Aura
|
|-weather|RainDance|[upkeep]
|upkeep
|turn|37
|
|t:|1654029005
|switch|p1a: Necrozma|Necrozma-Dusk-Mane|84/100 par
|-damage|p1a: Necrozma|78/100 par|[from] Stealth Rock
|move|p2a: Eternatus|Recover|p2a: Eternatus
|-heal|p2a: Eternatus|100/100
|
|-weather|RainDance|[upkeep]
|-heal|p1a: Necrozma|84/100 par|[from] item: Leftovers
|upkeep
|turn|38
|
|t:|1654029011
|move|p2a: Eternatus|Dynamax Cannon|p1a: Necrozma
|-resisted|p1a: Necrozma
|-damage|p1a: Necrozma|68/100 par
|move|p1a: Necrozma|Iron Head|p2a: Eternatus
|-damage|p2a: Eternatus|69/100
|-damage|p1a: Necrozma|52/100 par|[from] item: Rocky Helmet|[of] p2a: Eternatus
|
|-weather|none
|-heal|p1a: Necrozma|58/100 par|[from] item: Leftovers
|upkeep
|turn|39
|
|t:|1654029015
|move|p2a: Eternatus|Recover|p2a: Eternatus
|-heal|p2a: Eternatus|100/100
|move|p1a: Necrozma|Moonlight|p1a: Necrozma
|-heal|p1a: Necrozma|100/100 par
|
|upkeep
|turn|40
|
|t:|1654029018
|switch|p2a: Necrozma|Necrozma-Dusk-Mane|44/100
|-damage|p2a: Necrozma|38/100|[from] Stealth Rock
|cant|p1a: Necrozma|par
|
|upkeep
|turn|41
|
|t:|1654029024
|switch|p1a: Kyogre|Kyogre|35/100 brn
|-damage|p1a: Kyogre|23/100 brn|[from] Stealth Rock
|-weather|RainDance|[from] ability: Drizzle|[of] p1a: Kyogre
|move|p2a: Necrozma|Iron Head|p1a: Kyogre
|-resisted|p1a: Kyogre
|-damage|p1a: Kyogre|8/100 brn
|
|-weather|RainDance|[upkeep]
|-damage|p1a: Kyogre|2/100 brn|[from] brn
|upkeep
|turn|42
|j| cathgirl
|c|☆ULT4PDR Fc|ev'd as fuck
|
|t:|1654029029
|switch|p2a: Rayquaza|Rayquaza|41/100 par
|-damage|p2a: Rayquaza|16/100 par|[from] Stealth Rock
|-ability|p2a: Rayquaza|Air Lock
|move|p1a: Kyogre|Rest|p1a: Kyogre
|-status|p1a: Kyogre|slp|[from] move: Rest
|-heal|p1a: Kyogre|100/100 slp|[silent]
|
|-weather|RainDance|[upkeep]
|upkeep
|turn|43
|l| cathgirl
|
|t:|1654029047
|switch|p1a: Eternatus|Eternatus|61/100 brn
|-damage|p1a: Eternatus|49/100 brn|[from] Stealth Rock
|-ability|p1a: Eternatus|Pressure
|cant|p2a: Rayquaza|par
|
|-weather|RainDance|[upkeep]
|-damage|p1a: Eternatus|43/100 brn|[from] brn
|upkeep
|turn|44
|
|t:|1654029063
|move|p2a: Rayquaza|Extreme Speed|p1a: Eternatus
|-damage|p1a: Eternatus|8/100 brn
|-damage|p2a: Rayquaza|6/100 par|[from] item: Life Orb
|move|p1a: Eternatus|Dynamax Cannon|p2a: Rayquaza
|-supereffective|p2a: Rayquaza
|-damage|p2a: Rayquaza|0 fnt
|faint|p2a: Rayquaza
|
|-weather|RainDance|[upkeep]
|-damage|p1a: Eternatus|2/100 brn|[from] brn
|upkeep
|
|t:|1654029069
|switch|p2a: Eternatus|Eternatus|100/100
|-damage|p2a: Eternatus|88/100|[from] Stealth Rock
|-ability|p2a: Eternatus|Pressure
|turn|45
|
|t:|1654029075
|move|p1a: Eternatus|Dynamax Cannon|p2a: Eternatus
|-supereffective|p2a: Eternatus
|-damage|p2a: Eternatus|23/100
|move|p2a: Eternatus|Dynamax Cannon|p1a: Eternatus
|-supereffective|p1a: Eternatus
|-damage|p1a: Eternatus|0 fnt
|faint|p1a: Eternatus
|
|-weather|none
|upkeep
|
|t:|1654029077
|switch|p1a: Ditto|Ditto, shiny|100/100
|-damage|p1a: Ditto|88/100|[from] Stealth Rock
|-transform|p1a: Ditto|p2a: Eternatus|[from] ability: Imposter
|-ability|p1a: Ditto|Pressure
|turn|46
|
|t:|1654029083
|switch|p2a: Kyogre|Kyogre|94/100 slp
|-damage|p2a: Kyogre|82/100 slp|[from] Stealth Rock
|-weather|RainDance|[from] ability: Drizzle|[of] p2a: Kyogre
|move|p1a: Ditto|Dynamax Cannon|p2a: Kyogre
|-damage|p2a: Kyogre|54/100 slp
|
|-weather|RainDance|[upkeep]
|-heal|p2a: Kyogre|60/100 slp|[from] item: Leftovers
|upkeep
|turn|47
|
|t:|1654029090
|switch|p1a: Kyogre|Kyogre|100/100 slp
|-damage|p1a: Kyogre|88/100 slp|[from] Stealth Rock
|switch|p2a: Xerneas|Xerneas|43/100
|-damage|p2a: Xerneas|31/100|[from] Stealth Rock
|-ability|p2a: Xerneas|Fairy Aura
|
|-weather|RainDance|[upkeep]
|upkeep
|turn|48
|
|t:|1654029095
|switch|p1a: Necrozma|Necrozma-Dusk-Mane|100/100 par
|-damage|p1a: Necrozma|94/100 par|[from] Stealth Rock
|move|p2a: Xerneas|Grass Knot|p1a: Necrozma
|-resisted|p1a: Necrozma
|-damage|p1a: Necrozma|80/100 par
|
|-weather|RainDance|[upkeep]
|-heal|p1a: Necrozma|86/100 par|[from] item: Leftovers
|upkeep
|turn|49
|
|t:|1654029103
|switch|p2a: Kyogre|Kyogre|60/100 slp
|-damage|p2a: Kyogre|48/100 slp|[from] Stealth Rock
|move|p1a: Necrozma|Iron Head|p2a: Kyogre
|-resisted|p2a: Kyogre
|-damage|p2a: Kyogre|34/100 slp
|
|-weather|RainDance|[upkeep]
|-heal|p2a: Kyogre|40/100 slp|[from] item: Leftovers
|-heal|p1a: Necrozma|92/100 par|[from] item: Leftovers
|upkeep
|turn|50
|
|t:|1654029109
|switch|p1a: Yveltal|Yveltal|92/100 par
|-ability|p1a: Yveltal|Dark Aura
|cant|p2a: Kyogre|slp
|
|-weather|none
|-heal|p2a: Kyogre|46/100 slp|[from] item: Leftovers
|upkeep
|turn|51
|
|t:|1654029126
|cant|p2a: Kyogre|slp
|cant|p1a: Yveltal|par
|
|-heal|p2a: Kyogre|52/100 slp|[from] item: Leftovers
|upkeep
|turn|52
|
|t:|1654029145
|switch|p2a: Necrozma|Necrozma-Dusk-Mane|38/100
|-damage|p2a: Necrozma|31/100|[from] Stealth Rock
|move|p1a: Yveltal|Knock Off|p2a: Necrozma
|-supereffective|p2a: Necrozma
|-damage|p2a: Necrozma|0 fnt
|faint|p2a: Necrozma
|
|upkeep
|
|t:|1654029147
|switch|p2a: Xerneas|Xerneas|31/100
|-damage|p2a: Xerneas|18/100|[from] Stealth Rock
|-ability|p2a: Xerneas|Fairy Aura
|turn|53
|
|t:|1654029155
|switch|p2a: Kyogre|Kyogre|52/100 slp
|-damage|p2a: Kyogre|40/100 slp|[from] Stealth Rock
|-weather|RainDance|[from] ability: Drizzle|[of] p2a: Kyogre
|cant|p1a: Yveltal|par
|
|-weather|RainDance|[upkeep]
|-heal|p2a: Kyogre|46/100 slp|[from] item: Leftovers
|upkeep
|turn|54
|
|t:|1654029164
|-curestatus|p2a: Kyogre|slp|[msg]
|move|p2a: Kyogre|Scald|p1a: Yveltal
|-damage|p1a: Yveltal|55/100 par
|move|p1a: Yveltal|Knock Off|p2a: Kyogre
|-damage|p2a: Kyogre|5/100
|-enditem|p2a: Kyogre|Leftovers|[from] move: Knock Off|[of] p1a: Yveltal
|
|-weather|RainDance|[upkeep]
|upkeep
|turn|55
|
|t:|1654029169
|move|p2a: Kyogre|Rest|p2a: Kyogre
|-status|p2a: Kyogre|slp|[from] move: Rest
|-heal|p2a: Kyogre|100/100 slp|[silent]
|move|p1a: Yveltal|Knock Off|p2a: Kyogre
|-damage|p2a: Kyogre|76/100 slp
|
|-weather|RainDance|[upkeep]
|upkeep
|turn|56
|
|t:|1654029171
|cant|p2a: Kyogre|slp
|move|p1a: Yveltal|U-turn|p2a: Kyogre
|-damage|p2a: Kyogre|64/100 slp
|
|t:|1654029173
|switch|p1a: Kyogre|Kyogre|88/100 slp|[from]move: U-turn
|-damage|p1a: Kyogre|76/100 slp|[from] Stealth Rock
|
|-weather|RainDance|[upkeep]
|upkeep
|turn|57
|j| ULT4PDR Be spoiled
|
|t:|1654029177
|cant|p1a: Kyogre|slp
|cant|p2a: Kyogre|slp
|
|-weather|none
|upkeep
|turn|58
|l| ULT4PDR Be spoiled
|
|t:|1654029183
|switch|p2a: Eternatus|Eternatus|23/100
|-damage|p2a: Eternatus|11/100|[from] Stealth Rock
|-ability|p2a: Eternatus|Pressure
|cant|p1a: Kyogre|slp
|
|upkeep
|turn|59
|
|t:|1654029185
|move|p2a: Eternatus|Recover|p2a: Eternatus
|-heal|p2a: Eternatus|61/100
|-curestatus|p1a: Kyogre|slp|[msg]
|move|p1a: Kyogre|Calm Mind|p1a: Kyogre
|-boost|p1a: Kyogre|spa|1
|-boost|p1a: Kyogre|spd|1
|
|upkeep
|turn|60
|
|t:|1654029187
|move|p2a: Eternatus|Toxic|p1a: Kyogre
|-status|p1a: Kyogre|tox
|move|p1a: Kyogre|Scald|p2a: Eternatus
|-resisted|p2a: Eternatus
|-damage|p2a: Eternatus|40/100
|-status|p2a: Eternatus|brn
|
|-damage|p1a: Kyogre|70/100 tox|[from] psn
|-damage|p2a: Eternatus|34/100 brn|[from] brn
|upkeep
|turn|61
|
|t:|1654029189
|move|p2a: Eternatus|Recover|p2a: Eternatus
|-heal|p2a: Eternatus|84/100 brn
|move|p1a: Kyogre|Calm Mind|p1a: Kyogre
|-boost|p1a: Kyogre|spa|1
|-boost|p1a: Kyogre|spd|1
|
|-damage|p1a: Kyogre|57/100 tox|[from] psn
|-damage|p2a: Eternatus|78/100 brn|[from] brn
|upkeep
|turn|62
|
|t:|1654029193
|move|p2a: Eternatus|Recover|p2a: Eternatus
|-heal|p2a: Eternatus|100/100 brn
|move|p1a: Kyogre|Rest|p1a: Kyogre
|-status|p1a: Kyogre|slp|[from] move: Rest
|-heal|p1a: Kyogre|100/100 slp|[silent]
|
|-damage|p2a: Eternatus|94/100 brn|[from] brn
|upkeep
|turn|63
|
|t:|1654029196
|switch|p2a: Kyogre|Kyogre|64/100 slp
|-damage|p2a: Kyogre|51/100 slp|[from] Stealth Rock
|-weather|RainDance|[from] ability: Drizzle|[of] p2a: Kyogre
|cant|p1a: Kyogre|slp
|
|-weather|RainDance|[upkeep]
|upkeep
|turn|64
|
|t:|1654029198
|cant|p1a: Kyogre|slp
|-curestatus|p2a: Kyogre|slp|[msg]
|move|p2a: Kyogre|Calm Mind|p2a: Kyogre
|-boost|p2a: Kyogre|spa|1
|-boost|p2a: Kyogre|spd|1
|
|-weather|RainDance|[upkeep]
|upkeep
|turn|65
|
|t:|1654029200
|-curestatus|p1a: Kyogre|slp|[msg]
|move|p1a: Kyogre|Thunder|p2a: Kyogre
|-supereffective|p2a: Kyogre
|-damage|p2a: Kyogre|0 fnt
|faint|p2a: Kyogre
|
|-weather|RainDance|[upkeep]
|upkeep
|-message|Kate forfeited.
|
|win|ULT4PDR Fc
|raw|ULT4PDR Fc's rating: 1476 &rarr; <strong>1512</strong><br />(+36 for winning)
|raw|Kate's rating: 1854 &rarr; <strong>1818</strong><br />(-36 for losing)
|l|☆Kate
|l| ahmber
|c|☆ULT4PDR Fc|keys
|l| WinterWesker23
|c|☆ULT4PDR Fc|I am allowed to play still
|l| Landwhales
|l| pannuracotta
||Ladder isn't responding, score probably updated but might not have (Request timeout).
|l| agentkeval
|l|+pichus
|l| Baldragas
|l|☆ULT4PDR Fc
