|j|☆D hapiness
|j|☆Bobsor
|player|p1|D hapiness|benga|1787
|player|p2|Bobsor|koga-gen1|1861
|teamsize|p1|6
|teamsize|p2|6
|gametype|singles
|gen|8
|tier|[Gen 8] Ubers
|rated|
|clearpoke
|poke|p1|Lunala|
|poke|p1|Eternatus|
|poke|p1|Umbreon, F|
|poke|p1|Zacian-Crowned|
|poke|p1|Dracovish|
|poke|p1|Quagsire, M|
|poke|p2|Quagsire, M|
|poke|p2|Eternatus|
|poke|p2|Tyranitar, M|
|poke|p2|Zacian-Crowned|
|poke|p2|Corviknight, F|
|poke|p2|Ferrothorn, M|
|rule|Sleep Clause Mod: Limit one foe put to sleep
|rule|Species Clause: Limit one of each Pokémon
|rule|OHKO Clause: OHKO moves are banned
|rule|Evasion Moves Clause: Evasion moves are banned
|rule|Endless Battle Clause: Forcing endless battles is banned
|rule|HP Percentage Mod: HP is shown in percentages
|html|Ubers Dynamax Clause: Pokémon on the <a href="https://www.smogon.com/dex/ss/formats/uber/">Ubers Dynamax Banlist</a> cannot Dynamax.
|teampreview
|
|start
|switch|p1a: Lunala|Lunala|100/100
|switch|p2a: Zacian|Zacian-Crowned|100/100
|-ability|p2a: Zacian|Intrepid Sword|boost
|-boost|p2a: Zacian|atk|1
|turn|1
|inactive|Battle timer is ON: inactive players will automatically lose when time's up. (requested by D hapiness)
|
|switch|p2a: Ferrothorn|Ferrothorn, M|100/100
|switch|p1a: Quagsire|Quagsire, M|100/100
|
|upkeep
|turn|2
|
|switch|p1a: Lunala|Lunala|100/100
|move|p2a: Ferrothorn|Spikes|p1a: Lunala
|-sidestart|p1: D hapiness|Spikes
|
|upkeep
|turn|3
|
|switch|p2a: Tyranitar|Tyranitar, M|100/100
|-weather|Sandstorm|[from] ability: Sand Stream|[of] p2a: Tyranitar
|move|p1a: Lunala|Calm Mind|p1a: Lunala
|-boost|p1a: Lunala|spa|1
|-boost|p1a: Lunala|spd|1
|
|-weather|Sandstorm|[upkeep]
|-damage|p1a: Lunala|94/100|[from] Sandstorm
|upkeep
|turn|4
|
|switch|p2a: Zacian|Zacian-Crowned|100/100
|-ability|p2a: Zacian|Intrepid Sword|boost
|-boost|p2a: Zacian|atk|1
|move|p1a: Lunala|Focus Blast|p2a: Zacian|[miss]
|-miss|p1a: Lunala|p2a: Zacian
|
|-weather|Sandstorm|[upkeep]
|-damage|p1a: Lunala|88/100|[from] Sandstorm
|upkeep
|turn|5
|
|switch|p1a: Quagsire|Quagsire, M|100/100
|-damage|p1a: Quagsire|88/100|[from] Spikes
|move|p2a: Zacian|Crunch|p1a: Quagsire
|-damage|p1a: Quagsire|62/100
|
|-weather|Sandstorm|[upkeep]
|-heal|p1a: Quagsire|68/100|[from] item: Leftovers
|upkeep
|turn|6
|
|switch|p2a: Ferrothorn|Ferrothorn, M|100/100
|switch|p1a: Lunala|Lunala|88/100
|
|-weather|Sandstorm|[upkeep]
|-damage|p1a: Lunala|82/100|[from] Sandstorm
|upkeep
|turn|7
|
|switch|p2a: Zacian|Zacian-Crowned|100/100
|-ability|p2a: Zacian|Intrepid Sword|boost
|-boost|p2a: Zacian|atk|1
|move|p1a: Lunala|Calm Mind|p1a: Lunala
|-boost|p1a: Lunala|spa|1
|-boost|p1a: Lunala|spd|1
|
|-weather|none
|upkeep
|turn|8
|inactive|Bobsor has 120 seconds left.
|
|move|p2a: Zacian|Behemoth Blade|p1a: Lunala
|-damage|p1a: Lunala|0 fnt
|faint|p1a: Lunala
|
|upkeep
|-message|D hapiness forfeited.
|
|win|Bobsor
|l|☆D hapiness
|c|☆Bobsor|gg
|raw|D hapiness's rating: 1787 &rarr; <strong>1771</strong><br />(-16 for losing)
|raw|Bobsor's rating: 1861 &rarr; <strong>1877</strong><br />(+16 for winning)
