|j|☆RIP_Player
|j|☆default0
|t:|1633724899
|gametype|singles
|player|p1|RIP_Player|firebreather|
|player|p2|default0|skierf-gen4dp|
|teamsize|p1|6
|teamsize|p2|6
|gen|8
|tier|[Gen 8] Ubers
|rated|Tournament battle
|rule|Sleep Clause Mod: Limit one foe put to sleep
|rule|Species Clause: Limit one of each Pokémon
|rule|OHKO Clause: OHKO moves are banned
|rule|Evasion Moves Clause: Evasion moves are banned
|rule|Endless Battle Clause: Forcing endless battles is banned
|rule|HP Percentage Mod: HP is shown in percentages
|rule|Dynamax Clause: You cannot dynamax
|clearpoke
|poke|p1|Umbreon, M|
|poke|p1|Toxapex, M|
|poke|p1|Yveltal|
|poke|p1|Xerneas-*|
|poke|p1|Marshadow|
|poke|p1|Heatran, F|
|poke|p2|Necrozma-Dusk-Mane|
|poke|p2|Groudon|
|poke|p2|Ditto|
|poke|p2|Yveltal|
|poke|p2|Kyurem-Black|
|poke|p2|Ho-Oh|
|teampreview
|inactive|Battle timer is ON: inactive players will automatically lose when time's up. (requested by RIP_Player)
|j| nduugk frito17
|
|t:|1633724906
|start
|switch|p1a: Gilgamesh|Yveltal|100/100
|switch|p2a: Groudon|Groudon|100/100
|-ability|p1a: Gilgamesh|Dark Aura
|-weather|SunnyDay|[from] ability: Drought|[of] p2a: Groudon
|turn|1
|
|t:|1633724910
|move|p1a: Gilgamesh|Knock Off|p2a: Groudon
|-damage|p2a: Groudon|32/100
|-enditem|p2a: Groudon|Leftovers|[from] move: Knock Off|[of] p1a: Gilgamesh
|move|p2a: Groudon|Toxic|p1a: Gilgamesh
|-status|p1a: Gilgamesh|tox
|
|-weather|SunnyDay|[upkeep]
|-damage|p1a: Gilgamesh|94/100 tox|[from] psn
|upkeep
|turn|2
|
|t:|1633724917
|switch|p2a: Yveltal|Yveltal|100/100
|-ability|p2a: Yveltal|Dark Aura
|move|p1a: Gilgamesh|Knock Off|p2a: Yveltal
|-resisted|p2a: Yveltal
|-damage|p2a: Yveltal|55/100
|-enditem|p2a: Yveltal|Heavy-Duty Boots|[from] move: Knock Off|[of] p1a: Gilgamesh
|
|-weather|SunnyDay|[upkeep]
|-damage|p1a: Gilgamesh|82/100 tox|[from] psn
|upkeep
|turn|3
|j| ChrisUchiha
|
|t:|1633724923
|switch|p1a: Rin Tohsaka|Xerneas|100/100
|-ability|p1a: Rin Tohsaka|Fairy Aura
|move|p2a: Yveltal|Oblivion Wing|p1a: Rin Tohsaka
|-damage|p1a: Rin Tohsaka|66/100
|-heal|p2a: Yveltal|85/100|[from] drain|[of] p1a: Rin Tohsaka
|
|-weather|SunnyDay|[upkeep]
|-heal|p1a: Rin Tohsaka|72/100|[from] item: Leftovers
|upkeep
|turn|4
|j| equenimeus
|
|t:|1633724927
|switch|p2a: Ho-Oh|Ho-Oh|100/100
|move|p1a: Rin Tohsaka|Moonblast|p2a: Ho-Oh
|-resisted|p2a: Ho-Oh
|-damage|p2a: Ho-Oh|86/100
|
|-weather|SunnyDay|[upkeep]
|-heal|p1a: Rin Tohsaka|78/100|[from] item: Leftovers
|upkeep
|turn|5
|
|t:|1633724931
|move|p1a: Rin Tohsaka|Aromatherapy|p1a: Rin Tohsaka
|-activate|p1a: Rin Tohsaka|move: Aromatherapy
|-curestatus|p1: Gilgamesh|tox|[msg]
|move|p2a: Ho-Oh|Brave Bird|p1a: Rin Tohsaka
|-damage|p1a: Rin Tohsaka|39/100
|-damage|p2a: Ho-Oh|72/100|[from] Recoil
|
|-weather|none
|-heal|p1a: Rin Tohsaka|45/100|[from] item: Leftovers
|upkeep
|turn|6
|
|t:|1633724938
|switch|p1a: Gilles de Rais|Toxapex, M|100/100
|move|p2a: Ho-Oh|Curse|p2a: Ho-Oh
|-unboost|p2a: Ho-Oh|spe|1
|-boost|p2a: Ho-Oh|atk|1
|-boost|p2a: Ho-Oh|def|1
|
|upkeep
|turn|7
|
|t:|1633724943
|move|p2a: Ho-Oh|Curse|p2a: Ho-Oh
|-unboost|p2a: Ho-Oh|spe|1
|-boost|p2a: Ho-Oh|atk|1
|-boost|p2a: Ho-Oh|def|1
|move|p1a: Gilles de Rais|Toxic|p2a: Ho-Oh
|-status|p2a: Ho-Oh|tox
|
|-damage|p2a: Ho-Oh|66/100 tox|[from] psn
|upkeep
|turn|8
|
|t:|1633724946
|move|p2a: Ho-Oh|Recover|p2a: Ho-Oh
|-heal|p2a: Ho-Oh|100/100 tox
|move|p1a: Gilles de Rais|Scald|p2a: Ho-Oh
|-supereffective|p2a: Ho-Oh
|-damage|p2a: Ho-Oh|80/100 tox
|
|-damage|p2a: Ho-Oh|67/100 tox|[from] psn
|upkeep
|turn|9
|
|t:|1633724949
|move|p2a: Ho-Oh|Brave Bird|p1a: Gilles de Rais
|-damage|p1a: Gilles de Rais|15/100
|-damage|p2a: Ho-Oh|47/100 tox|[from] Recoil
|move|p1a: Gilles de Rais|Scald|p2a: Ho-Oh
|-supereffective|p2a: Ho-Oh
|-damage|p2a: Ho-Oh|29/100 tox
|
|-heal|p1a: Gilles de Rais|22/100|[from] item: Black Sludge
|-damage|p2a: Ho-Oh|10/100 tox|[from] psn
|upkeep
|turn|10
|
|t:|1633724953
|move|p1a: Gilles de Rais|Baneful Bunker|p1a: Gilles de Rais
|-singleturn|p1a: Gilles de Rais|move: Protect
|move|p2a: Ho-Oh|Recover|p2a: Ho-Oh
|-heal|p2a: Ho-Oh|60/100 tox
|
|-heal|p1a: Gilles de Rais|28/100|[from] item: Black Sludge
|-damage|p2a: Ho-Oh|35/100 tox|[from] psn
|upkeep
|turn|11
|
|t:|1633724959
|switch|p1a: Quetzalcoatl|Heatran, F|100/100
|move|p2a: Ho-Oh|Brave Bird|p1a: Quetzalcoatl
|-resisted|p1a: Quetzalcoatl
|-damage|p1a: Quetzalcoatl|39/100
|-damage|p2a: Ho-Oh|16/100 tox|[from] Recoil
|
|-heal|p1a: Quetzalcoatl|45/100|[from] item: Leftovers
|-damage|p2a: Ho-Oh|0 fnt|[from] psn
|faint|p2a: Ho-Oh
|upkeep
|
|t:|1633724963
|switch|p2a: Necrozma|Necrozma-Dusk-Mane|100/100
|turn|12
|
|t:|1633724973
|switch|p1a: Gilgamesh|Yveltal|82/100
|-ability|p1a: Gilgamesh|Dark Aura
|move|p2a: Necrozma|Dragon Dance|p2a: Necrozma
|-boost|p2a: Necrozma|atk|1
|-boost|p2a: Necrozma|spe|1
|
|upkeep
|turn|13
|
|t:|1633724979
|switch|p2a: Yveltal|Yveltal|85/100
|-ability|p2a: Yveltal|Dark Aura
|move|p1a: Gilgamesh|Sucker Punch||[still]
|-fail|p1a: Gilgamesh
|
|upkeep
|turn|14
|
|t:|1633724984
|switch|p1a: Rin Tohsaka|Xerneas|45/100
|-ability|p1a: Rin Tohsaka|Fairy Aura
|move|p2a: Yveltal|Oblivion Wing|p1a: Rin Tohsaka
|-crit|p1a: Rin Tohsaka
|-damage|p1a: Rin Tohsaka|0 fnt
|-heal|p2a: Yveltal|100/100|[from] drain|[of] p1a: Rin Tohsaka
|faint|p1a: Rin Tohsaka
|
|upkeep
|
|t:|1633724987
|switch|p1a: Berserker|Umbreon, M|100/100
|turn|15
|
|t:|1633724989
|move|p2a: Yveltal|Taunt|p1a: Berserker
|-start|p1a: Berserker|move: Taunt
|cant|p1a: Berserker|move: Taunt|Toxic
|
|upkeep
|turn|16
|j| cursedstar
|
|t:|1633725000
|switch|p1a: Quetzalcoatl|Heatran, F|45/100
|move|p2a: Yveltal|Dark Pulse|p1a: Quetzalcoatl
|-damage|p1a: Quetzalcoatl|5/100
|
|-heal|p1a: Quetzalcoatl|12/100|[from] item: Leftovers
|upkeep
|turn|17
|
|t:|1633725003
|move|p2a: Yveltal|Dark Pulse|p1a: Quetzalcoatl
|-damage|p1a: Quetzalcoatl|0 fnt
|faint|p1a: Quetzalcoatl
|
|upkeep
|
|t:|1633725013
|switch|p1a: Gilgamesh|Yveltal|82/100
|-ability|p1a: Gilgamesh|Dark Aura
|turn|18
|
|t:|1633725016
|move|p1a: Gilgamesh|Rock Slide|p2a: Yveltal
|-supereffective|p2a: Yveltal
|-damage|p2a: Yveltal|30/100
|move|p2a: Yveltal|Oblivion Wing|p1a: Gilgamesh
|-damage|p1a: Gilgamesh|40/100
|-heal|p2a: Yveltal|62/100|[from] drain|[of] p1a: Gilgamesh
|
|upkeep
|turn|19
|j| Khanni
|
|t:|1633725021
|switch|p2a: Necrozma|Necrozma-Dusk-Mane|100/100
|move|p1a: Gilgamesh|Rock Slide|p2a: Necrozma
|-resisted|p2a: Necrozma
|-damage|p2a: Necrozma|91/100
|
|upkeep
|turn|20
|
|t:|1633725025
|switch|p1a: Gilles de Rais|Toxapex, M|61/100
|move|p2a: Necrozma|Earthquake|p1a: Gilles de Rais
|-supereffective|p1a: Gilles de Rais
|-damage|p1a: Gilles de Rais|18/100
|
|-heal|p1a: Gilles de Rais|24/100|[from] item: Black Sludge
|upkeep
|turn|21
|c| Khanni|GL
|
|t:|1633725028
|move|p2a: Necrozma|Sunsteel Strike|p1a: Gilles de Rais
|-resisted|p1a: Gilles de Rais
|-damage|p1a: Gilles de Rais|8/100
|move|p1a: Gilles de Rais|Scald|p2a: Necrozma
|-damage|p2a: Necrozma|77/100
|
|-heal|p1a: Gilles de Rais|15/100|[from] item: Black Sludge
|upkeep
|turn|22
|
|t:|1633725038
|move|p1a: Gilles de Rais|Baneful Bunker|p1a: Gilles de Rais
|-singleturn|p1a: Gilles de Rais|move: Protect
|move|p2a: Necrozma|Sunsteel Strike|p1a: Gilles de Rais
|-activate|p1a: Gilles de Rais|move: Protect
|
|-heal|p1a: Gilles de Rais|21/100|[from] item: Black Sludge
|upkeep
|turn|23
|
|t:|1633725041
|move|p2a: Necrozma|Earthquake|p1a: Gilles de Rais
|-supereffective|p1a: Gilles de Rais
|-damage|p1a: Gilles de Rais|0 fnt
|faint|p1a: Gilles de Rais
|
|upkeep
|
|t:|1633725044
|switch|p1a: Gilgamesh|Yveltal|40/100
|-ability|p1a: Gilgamesh|Dark Aura
|turn|24
|
|t:|1633725051
|switch|p2a: Groudon|Groudon|32/100
|-weather|SunnyDay|[from] ability: Drought|[of] p2a: Groudon
|move|p1a: Gilgamesh|Knock Off|p2a: Groudon
|-damage|p2a: Groudon|0 fnt
|faint|p2a: Groudon
|
|-weather|SunnyDay|[upkeep]
|upkeep
|
|t:|1633725055
|switch|p2a: Yveltal|Yveltal|62/100
|-ability|p2a: Yveltal|Dark Aura
|turn|25
|
|t:|1633725057
|switch|p1a: Berserker|Umbreon, M|100/100
|move|p2a: Yveltal|Oblivion Wing|p1a: Berserker
|-damage|p1a: Berserker|75/100
|-heal|p2a: Yveltal|81/100|[from] drain|[of] p1a: Berserker
|
|-weather|SunnyDay|[upkeep]
|-heal|p1a: Berserker|81/100|[from] item: Leftovers
|upkeep
|turn|26
|
|t:|1633725060
|move|p2a: Yveltal|Taunt|p1a: Berserker
|-start|p1a: Berserker|move: Taunt
|move|p1a: Berserker|Foul Play|p2a: Yveltal
|-resisted|p2a: Yveltal
|-damage|p2a: Yveltal|61/100
|
|-weather|SunnyDay|[upkeep]
|-heal|p1a: Berserker|87/100|[from] item: Leftovers
|upkeep
|turn|27
|
|t:|1633725065
|move|p2a: Yveltal|Oblivion Wing|p1a: Berserker
|-damage|p1a: Berserker|61/100
|-heal|p2a: Yveltal|80/100|[from] drain|[of] p1a: Berserker
|move|p1a: Berserker|Foul Play|p2a: Yveltal
|-resisted|p2a: Yveltal
|-damage|p2a: Yveltal|61/100
|
|-weather|SunnyDay|[upkeep]
|-heal|p1a: Berserker|67/100|[from] item: Leftovers
|upkeep
|turn|28
|
|t:|1633725067
|move|p2a: Yveltal|Oblivion Wing|p1a: Berserker
|-damage|p1a: Berserker|43/100
|-heal|p2a: Yveltal|80/100|[from] drain|[of] p1a: Berserker
|move|p1a: Berserker|Foul Play|p2a: Yveltal
|-resisted|p2a: Yveltal
|-damage|p2a: Yveltal|59/100
|
|-weather|none
|-heal|p1a: Berserker|49/100|[from] item: Leftovers
|-end|p1a: Berserker|move: Taunt
|upkeep
|turn|29
|
|t:|1633725071
|move|p1a: Berserker|Protect|p1a: Berserker
|-singleturn|p1a: Berserker|Protect
|move|p2a: Yveltal|Taunt|p1a: Berserker
|-activate|p1a: Berserker|move: Protect
|
|-heal|p1a: Berserker|55/100|[from] item: Leftovers
|upkeep
|turn|30
|
|t:|1633725075
|move|p2a: Yveltal|Taunt|p1a: Berserker
|-start|p1a: Berserker|move: Taunt
|move|p1a: Berserker|Foul Play|p2a: Yveltal
|-resisted|p2a: Yveltal
|-damage|p2a: Yveltal|40/100
|
|-heal|p1a: Berserker|61/100|[from] item: Leftovers
|upkeep
|turn|31
|
|t:|1633725077
|move|p2a: Yveltal|Roost|p2a: Yveltal
|-heal|p2a: Yveltal|90/100
|-singleturn|p2a: Yveltal|move: Roost
|move|p1a: Berserker|Foul Play|p2a: Yveltal
|-resisted|p2a: Yveltal
|-damage|p2a: Yveltal|70/100
|
|-heal|p1a: Berserker|67/100|[from] item: Leftovers
|upkeep
|turn|32
|
|t:|1633725079
|move|p2a: Yveltal|Oblivion Wing|p1a: Berserker
|-damage|p1a: Berserker|42/100
|-heal|p2a: Yveltal|90/100|[from] drain|[of] p1a: Berserker
|move|p1a: Berserker|Foul Play|p2a: Yveltal
|-resisted|p2a: Yveltal
|-damage|p2a: Yveltal|70/100
|
|-heal|p1a: Berserker|48/100|[from] item: Leftovers
|-end|p1a: Berserker|move: Taunt
|upkeep
|turn|33
|
|t:|1633725082
|move|p2a: Yveltal|Taunt|p1a: Berserker
|-start|p1a: Berserker|move: Taunt
|cant|p1a: Berserker|move: Taunt|Wish
|
|-heal|p1a: Berserker|54/100|[from] item: Leftovers
|upkeep
|turn|34
|
|t:|1633725085
|move|p2a: Yveltal|Oblivion Wing|p1a: Berserker
|-damage|p1a: Berserker|30/100
|-heal|p2a: Yveltal|88/100|[from] drain|[of] p1a: Berserker
|move|p1a: Berserker|Foul Play|p2a: Yveltal
|-resisted|p2a: Yveltal
|-damage|p2a: Yveltal|68/100
|
|-heal|p1a: Berserker|36/100|[from] item: Leftovers
|upkeep
|turn|35
|
|t:|1633725087
|move|p2a: Yveltal|Oblivion Wing|p1a: Berserker
|-damage|p1a: Berserker|13/100
|-heal|p2a: Yveltal|85/100|[from] drain|[of] p1a: Berserker
|move|p1a: Berserker|Foul Play|p2a: Yveltal
|-resisted|p2a: Yveltal
|-damage|p2a: Yveltal|66/100
|
|-heal|p1a: Berserker|20/100|[from] item: Leftovers
|-end|p1a: Berserker|move: Taunt
|upkeep
|turn|36
|
|t:|1633725090
|move|p2a: Yveltal|Oblivion Wing|p1a: Berserker
|-damage|p1a: Berserker|0 fnt
|-heal|p2a: Yveltal|81/100|[from] drain|[of] p1a: Berserker
|faint|p1a: Berserker
|
|upkeep
|
|t:|1633725098
|switch|p1a: Gilgamesh|Yveltal|40/100
|-ability|p1a: Gilgamesh|Dark Aura
|turn|37
|
|t:|1633725102
|switch|p2a: Necrozma|Necrozma-Dusk-Mane|77/100
|move|p1a: Gilgamesh|Rock Slide|p2a: Necrozma
|-resisted|p2a: Necrozma
|-damage|p2a: Necrozma|66/100
|
|upkeep
|turn|38
|
|t:|1633725106
|move|p1a: Gilgamesh|Rock Slide|p2a: Necrozma
|-resisted|p2a: Necrozma
|-damage|p2a: Necrozma|55/100
|move|p2a: Necrozma|Sunsteel Strike|p1a: Gilgamesh
|-damage|p1a: Gilgamesh|0 fnt
|faint|p1a: Gilgamesh
|
|upkeep
|
|t:|1633725109
|switch|p1a: Emiya Archer|Marshadow|100/100
|turn|39
|
|t:|1633725111
|move|p1a: Emiya Archer|Swagger|p2a: Necrozma
|-boost|p2a: Necrozma|atk|2
|-start|p2a: Necrozma|confusion
|-activate|p2a: Necrozma|confusion
|-damage|p2a: Necrozma|40/100|[from] confusion
|
|upkeep
|turn|40
|
|t:|1633725117
|switch|p2a: Kyurem|Kyurem-Black|100/100
|-ability|p2a: Kyurem|Teravolt
|move|p1a: Emiya Archer|Spectral Thief|p2a: Kyurem
|-damage|p2a: Kyurem|65/100
|
|upkeep
|turn|41
|
|t:|1633725120
|move|p1a: Emiya Archer|Close Combat|p2a: Kyurem
|-supereffective|p2a: Kyurem
|-damage|p2a: Kyurem|0 fnt
|-unboost|p1a: Emiya Archer|def|1
|-unboost|p1a: Emiya Archer|spd|1
|faint|p2a: Kyurem
|
|upkeep
|
|t:|1633725124
|switch|p2a: Ditto|Ditto|100/100
|-transform|p2a: Ditto|p1a: Emiya Archer|[from] ability: Imposter
|turn|42
|
|t:|1633725129
|switch|p2a: Necrozma|Necrozma-Dusk-Mane|40/100
|move|p1a: Emiya Archer|Spectral Thief|p2a: Necrozma
|-supereffective|p2a: Necrozma
|-damage|p2a: Necrozma|5/100
|-damage|p1a: Emiya Archer|84/100|[from] item: Rocky Helmet|[of] p2a: Necrozma
|
|upkeep
|turn|43
|
|t:|1633725135
|move|p1a: Emiya Archer|Spectral Thief|p2a: Necrozma
|-supereffective|p2a: Necrozma
|-crit|p2a: Necrozma
|-damage|p2a: Necrozma|0 fnt
|-damage|p1a: Emiya Archer|67/100|[from] item: Rocky Helmet|[of] p2a: Necrozma
|faint|p2a: Necrozma
|
|upkeep
|
|t:|1633725138
|switch|p2a: Ditto|Ditto|100/100
|-transform|p2a: Ditto|p1a: Emiya Archer|[from] ability: Imposter
|turn|44
|
|t:|1633725140
|move|p2a: Ditto|Shadow Sneak|p1a: Emiya Archer
|-supereffective|p1a: Emiya Archer
|-damage|p1a: Emiya Archer|0 fnt
|faint|p1a: Emiya Archer
|
|win|default0
|n|☆RIP_Player|ripplayer
|n|☆default0|default0
|n| nduugk frito17|nduugkfrito17
|n| ChrisUchiha|chrisuchiha
|n| equenimeus|equenimeus
|n| cursedstar|cursedstar
|n| Khanni|khanni
