|j|☆QiYu4
|j|☆zamaristime
|player|p1|QiYu4|psychic-gen4|1652
|player|p2|zamaristime|rood|1613
|teamsize|p1|6
|teamsize|p2|6
|gametype|singles
|gen|8
|tier|[Gen 8] Ubers
|rated|
|clearpoke
|poke|p1|Melmetal|
|poke|p1|Reshiram|
|poke|p1|Hatterene, F|
|poke|p1|Necrozma-Dusk-Mane|
|poke|p1|Lunala|
|poke|p1|Mimikyu, L1, F|
|poke|p2|Zacian-Crowned|
|poke|p2|Gothitelle, F|
|poke|p2|Pyukumuku, F|
|poke|p2|Zekrom|
|poke|p2|Grimmsnarl, M|
|poke|p2|Necrozma-Dusk-Mane|
|rule|Sleep Clause Mod: Limit one foe put to sleep
|rule|Species Clause: Limit one of each Pokémon
|rule|OHKO Clause: OHKO moves are banned
|rule|Evasion Moves Clause: Evasion moves are banned
|rule|Endless Battle Clause: Forcing endless battles is banned
|rule|HP Percentage Mod: HP is shown in percentages
|teampreview
|inactive|Battle timer is ON: inactive players will automatically lose when time's up. (requested by zamaristime)
|inactive|zamaristime has 120 seconds left.
|
|start
|switch|p1a: Lunala|Lunala|100/100
|switch|p2a: Grimmsnarl|Grimmsnarl, M|100/100
|turn|1
|
|move|p2a: Grimmsnarl|Taunt|p1a: Lunala
|-start|p1a: Lunala|move: Taunt
|cant|p1a: Lunala|move: Taunt|Trick
|
|upkeep
|turn|2
|
|switch|p1a: Melmetal|Melmetal|100/100
|move|p2a: Grimmsnarl|Light Screen|p2a: Grimmsnarl
|-sidestart|p2: zamaristime|move: Light Screen
|
|upkeep
|turn|3
|
|switch|p2a: Pyukumuku|Pyukumuku, F|100/100
|move|p1a: Melmetal|Double Iron Bash|p2a: Pyukumuku
|-resisted|p2a: Pyukumuku
|-damage|p2a: Pyukumuku|78/100
|-resisted|p2a: Pyukumuku
|-damage|p2a: Pyukumuku|58/100
|-hitcount|p2a: Pyukumuku|2
|
|-heal|p2a: Pyukumuku|64/100|[from] item: Leftovers
|upkeep
|turn|4
|
|-start|p1a: Melmetal|Dynamax
|-heal|p1a: Melmetal|100/100|[silent]
|move|p1a: Melmetal|Max Lightning|p2a: Pyukumuku
|-supereffective|p2a: Pyukumuku
|-damage|p2a: Pyukumuku|0 fnt
|-fieldstart|move: Electric Terrain
|faint|p2a: Pyukumuku
|
|upkeep
|
|switch|p2a: Necrozma|Necrozma-Dusk-Mane|100/100
|turn|5
|
|move|p2a: Necrozma|Dragon Dance|p2a: Necrozma
|-boost|p2a: Necrozma|atk|1
|-boost|p2a: Necrozma|spe|1
|move|p1a: Melmetal|Max Lightning|p2a: Necrozma
|-damage|p2a: Necrozma|52/100
|
|upkeep
|turn|6
|
|-start|p2a: Necrozma|Dynamax
|-heal|p2a: Necrozma|52/100|[silent]
|move|p2a: Necrozma|Max Guard|p2a: Necrozma
|-singleturn|p2a: Necrozma|Max Guard
|move|p1a: Melmetal|Max Quake|p2a: Necrozma
|-activate|p2a: Necrozma|move: Max Guard
|
|-end|p1a: Melmetal|Dynamax
|-heal|p1a: Melmetal|100/100|[silent]
|upkeep
|turn|7
|inactive|zamaristime has 120 seconds left.
|inactive|QiYu4 has 120 seconds left.
|j| schnell was testen
|
|switch|p1a: Hatterene|Hatterene, F|100/100
|move|p2a: Necrozma|Max Quake|p1a: Hatterene
|-damage|p1a: Hatterene|26/100
|-boost|p2a: Necrozma|spd|1
|
|upkeep
|turn|8
|
|move|p2a: Necrozma|Max Steelspike|p1a: Hatterene
|-supereffective|p1a: Hatterene
|-damage|p1a: Hatterene|0 fnt
|-boost|p2a: Necrozma|def|1
|faint|p1a: Hatterene
|
|-fieldend|move: Electric Terrain
|-end|p2a: Necrozma|Dynamax
|-heal|p2a: Necrozma|52/100|[silent]
|upkeep
|inactive|QiYu4 has 120 seconds left.
|
|switch|p1a: Necrozma|Necrozma-Dusk-Mane|100/100
|turn|9
|
|move|p2a: Necrozma|Earthquake|p1a: Necrozma
|-supereffective|p1a: Necrozma
|-damage|p1a: Necrozma|43/100
|-enditem|p1a: Necrozma|Weakness Policy
|-boost|p1a: Necrozma|atk|2|[from] item: Weakness Policy
|-boost|p1a: Necrozma|spa|2|[from] item: Weakness Policy
|move|p1a: Necrozma|Trick Room|p1a: Necrozma
|-fieldstart|move: Trick Room|[of] p1a: Necrozma
|
|-sideend|p2: zamaristime|move: Light Screen
|upkeep
|turn|10
|
|move|p1a: Necrozma|Earthquake|p2a: Necrozma
|-supereffective|p2a: Necrozma
|-damage|p2a: Necrozma|0 fnt
|faint|p2a: Necrozma
|
|upkeep
|
|switch|p2a: Grimmsnarl|Grimmsnarl, M|100/100
|turn|11
|
|move|p2a: Grimmsnarl|Reflect|p2a: Grimmsnarl
|-sidestart|p2: zamaristime|Reflect
|move|p1a: Necrozma|Sunsteel Strike|p2a: Grimmsnarl
|-supereffective|p2a: Grimmsnarl
|-damage|p2a: Grimmsnarl|0 fnt
|faint|p2a: Grimmsnarl
|
|upkeep
|
|switch|p2a: Gothitelle|Gothitelle, F|100/100
|turn|12
|
|move|p1a: Necrozma|Knock Off|p2a: Gothitelle
|-supereffective|p2a: Gothitelle
|-damage|p2a: Gothitelle|41/100
|-enditem|p2a: Gothitelle|Leftovers|[from] move: Knock Off|[of] p1a: Necrozma
|move|p2a: Gothitelle|Cosmic Power|p2a: Gothitelle
|-boost|p2a: Gothitelle|def|1
|-boost|p2a: Gothitelle|spd|1
|
|upkeep
|turn|13
|
|move|p1a: Necrozma|Sunsteel Strike|p2a: Gothitelle
|-damage|p2a: Gothitelle|5/100
|move|p2a: Gothitelle|Rest|p2a: Gothitelle
|-status|p2a: Gothitelle|slp|[from] move: Rest
|-heal|p2a: Gothitelle|100/100 slp|[silent]
|
|-fieldend|move: Trick Room
|upkeep
|turn|14
|
|cant|p2a: Gothitelle|slp
|move|p1a: Necrozma|Knock Off|p2a: Gothitelle
|-supereffective|p2a: Gothitelle
|-damage|p2a: Gothitelle|71/100 slp
|
|upkeep
|turn|15
|
|cant|p2a: Gothitelle|slp
|move|p1a: Necrozma|Knock Off|p2a: Gothitelle
|-supereffective|p2a: Gothitelle
|-damage|p2a: Gothitelle|45/100 slp
|
|upkeep
|turn|16
|
|-curestatus|p2a: Gothitelle|slp|[msg]
|move|p2a: Gothitelle|Rest|p2a: Gothitelle
|-status|p2a: Gothitelle|slp|[from] move: Rest
|-heal|p2a: Gothitelle|100/100 slp|[silent]
|move|p1a: Necrozma|Knock Off|p2a: Gothitelle
|-supereffective|p2a: Gothitelle
|-damage|p2a: Gothitelle|70/100 slp
|
|upkeep
|turn|17
|
|cant|p2a: Gothitelle|slp
|move|p1a: Necrozma|Knock Off|p2a: Gothitelle
|-supereffective|p2a: Gothitelle
|-damage|p2a: Gothitelle|40/100 slp
|
|upkeep
|turn|18
|
|cant|p2a: Gothitelle|slp
|move|p1a: Necrozma|Knock Off|p2a: Gothitelle
|-supereffective|p2a: Gothitelle
|-damage|p2a: Gothitelle|12/100 slp
|
|-sideend|p2: zamaristime|Reflect
|upkeep
|turn|19
|
|-curestatus|p2a: Gothitelle|slp|[msg]
|move|p2a: Gothitelle|Rest|p2a: Gothitelle
|-status|p2a: Gothitelle|slp|[from] move: Rest
|-heal|p2a: Gothitelle|100/100 slp|[silent]
|move|p1a: Necrozma|Knock Off|p2a: Gothitelle
|-supereffective|p2a: Gothitelle
|-damage|p2a: Gothitelle|46/100 slp
|
|upkeep
|turn|20
|
|cant|p2a: Gothitelle|slp
|move|p1a: Necrozma|Trick Room|p1a: Necrozma
|-fieldstart|move: Trick Room|[of] p1a: Necrozma
|
|upkeep
|turn|21
|
|move|p1a: Necrozma|Knock Off|p2a: Gothitelle
|-supereffective|p2a: Gothitelle
|-damage|p2a: Gothitelle|0 fnt
|faint|p2a: Gothitelle
|
|upkeep
|
|switch|p2a: Zekrom|Zekrom|100/100
|-ability|p2a: Zekrom|Teravolt
|turn|22
|
|move|p1a: Necrozma|Earthquake|p2a: Zekrom
|-supereffective|p2a: Zekrom
|-damage|p2a: Zekrom|0 fnt
|faint|p2a: Zekrom
|
|upkeep
|
|switch|p2a: Zacian|Zacian-Crowned|100/100
|-ability|p2a: Zacian|Intrepid Sword|boost
|-boost|p2a: Zacian|atk|1
|turn|23
|
|move|p1a: Necrozma|Earthquake|p2a: Zacian
|-supereffective|p2a: Zacian
|-damage|p2a: Zacian|0 fnt
|faint|p2a: Zacian
|
|win|QiYu4
|l|☆zamaristime
|raw|QiYu4's rating: 1652 &rarr; <strong>1670</strong><br />(+18 for winning)
|raw|zamaristime's rating: 1613 &rarr; <strong>1595</strong><br />(-18 for losing)
