|j|☆Magikarp4000
|j|☆DarkFireBro
|t:|1607225863
|player|p1|Magikarp4000|steven|1559
|player|p2|DarkFireBro|benga|1330
|teamsize|p1|6
|teamsize|p2|6
|gametype|singles
|gen|8
|tier|[Gen 8] Ubers
|rated|
|clearpoke
|poke|p1|Xerneas|
|poke|p1|Reshiram|
|poke|p1|Groudon|
|poke|p1|Necrozma-Dusk-Mane|
|poke|p1|Eternatus|
|poke|p1|Yveltal|
|poke|p2|Blaziken, F|
|poke|p2|Genesect|
|poke|p2|Calyrex-Shadow|
|poke|p2|Druddigon, F|
|poke|p2|Zapdos|
|poke|p2|Garchomp, M|
|rule|Sleep Clause Mod: Limit one foe put to sleep
|rule|Species Clause: Limit one of each Pokémon
|rule|OHKO Clause: OHKO moves are banned
|rule|Evasion Moves Clause: Evasion moves are banned
|rule|Endless Battle Clause: Forcing endless battles is banned
|rule|HP Percentage Mod: HP is shown in percentages
|rule|Dynamax Clause: You cannot dynamax
|teampreview
|c|☆Magikarp4000|glhf
|c|☆Magikarp4000|another troll team im guessing?
|
|t:|1607225882
|start
|switch|p1a: Reshiram|Reshiram|100/100
|switch|p2a: Druddigon|Druddigon, F|100/100
|-ability|p1a: Reshiram|Turboblaze
|turn|1
|
|t:|1607225887
|move|p1a: Reshiram|Draco Meteor|p2a: Druddigon
|-supereffective|p2a: Druddigon
|-damage|p2a: Druddigon|0 fnt
|-unboost|p1a: Reshiram|spa|2
|faint|p2a: Druddigon
|
|upkeep
|
|t:|1607225901
|switch|p2a: Garchomp|Garchomp, M|100/100
|turn|2
|
|t:|1607225907
|switch|p1a: Xerneas|Xerneas|100/100
|-ability|p1a: Xerneas|Fairy Aura
|move|p2a: Garchomp|Swords Dance|p2a: Garchomp
|-boost|p2a: Garchomp|atk|2
|
|upkeep
|turn|3
|
|t:|1607225918
|move|p2a: Garchomp|Earthquake|p1a: Xerneas
|-damage|p1a: Xerneas|20/100
|move|p1a: Xerneas|Moonblast|p2a: Garchomp
|-supereffective|p2a: Garchomp
|-enditem|p2a: Garchomp|Focus Sash
|-damage|p2a: Garchomp|1/100
|
|upkeep
|turn|4
|inactive|Battle timer is ON: inactive players will automatically lose when time's up. (requested by DarkFireBro)
|
|t:|1607225949
|switch|p1a: Yveltal|Yveltal|100/100
|-ability|p1a: Yveltal|Dark Aura
|move|p2a: Garchomp|Fire Fang|p1a: Yveltal|[miss]
|-miss|p2a: Garchomp|p1a: Yveltal
|
|upkeep
|turn|5
|
|t:|1607225961
|move|p1a: Yveltal|Sucker Punch|p2a: Garchomp
|-damage|p2a: Garchomp|0 fnt
|-damage|p1a: Yveltal|88/100|[from] ability: Rough Skin|[of] p2a: Garchomp
|faint|p2a: Garchomp
|
|upkeep
|
|t:|1607225966
|switch|p2a: Zapdos|Zapdos, shiny|100/100
|turn|6
|
|t:|1607225988
|switch|p1a: Eternatus|Eternatus|100/100
|-ability|p1a: Eternatus|Pressure
|move|p2a: Zapdos|Heat Wave|p1a: Eternatus
|-resisted|p1a: Eternatus
|-damage|p1a: Eternatus|93/100
|
|-heal|p1a: Eternatus|99/100|[from] item: Black Sludge
|upkeep
|turn|7
|
|t:|1607225998
|move|p1a: Eternatus|Toxic|p2a: Zapdos
|-status|p2a: Zapdos|tox
|move|p2a: Zapdos|Volt Switch|p1a: Eternatus
|-resisted|p1a: Eternatus
|-damage|p1a: Eternatus|92/100
|
|t:|1607226008
|switch|p2a: Genesect|Genesect, shiny|100/100|[from]move: Volt Switch
|-ability|p2a: Genesect|Download|boost
|-boost|p2a: Genesect|atk|1
|
|-heal|p1a: Eternatus|98/100|[from] item: Black Sludge
|upkeep
|turn|8
|
|t:|1607226014
|switch|p1a: Necrozma|Necrozma-Dusk-Mane|100/100
|move|p2a: Genesect|Iron Head|p1a: Necrozma
|-resisted|p1a: Necrozma
|-damage|p1a: Necrozma|77/100
|-damage|p2a: Genesect|84/100|[from] item: Rocky Helmet|[of] p1a: Necrozma
|
|upkeep
|turn|9
|j| Based Galar
|
|t:|1607226028
|move|p2a: Genesect|Iron Head|p1a: Necrozma
|-resisted|p1a: Necrozma
|-damage|p1a: Necrozma|55/100
|-damage|p2a: Genesect|67/100|[from] item: Rocky Helmet|[of] p1a: Necrozma
|move|p1a: Necrozma|Morning Sun|p1a: Necrozma
|-heal|p1a: Necrozma|100/100
|
|upkeep
|turn|10
|
|t:|1607226033
|switch|p2a: Blaziken|Blaziken, F, shiny|100/100
|move|p1a: Necrozma|Stealth Rock|p2a: Blaziken
|-sidestart|p2: DarkFireBro|move: Stealth Rock
|
|upkeep
|turn|11
|inactive|Magikarp4000 has 120 seconds left.
|
|t:|1607226085
|switch|p1a: Groudon|Groudon|100/100
|-weather|SunnyDay|[from] ability: Drought|[of] p1a: Groudon
|move|p2a: Blaziken|Swords Dance|p2a: Blaziken
|-boost|p2a: Blaziken|atk|2
|
|-weather|SunnyDay|[upkeep]
|-ability|p2a: Blaziken|Speed Boost|boost
|-boost|p2a: Blaziken|spe|1
|upkeep
|turn|12
|
|t:|1607226092
|move|p2a: Blaziken|Protect|p2a: Blaziken
|-singleturn|p2a: Blaziken|Protect
|move|p1a: Groudon|Earthquake|p2a: Blaziken
|-activate|p2a: Blaziken|move: Protect
|
|-weather|SunnyDay|[upkeep]
|-ability|p2a: Blaziken|Speed Boost|boost
|-boost|p2a: Blaziken|spe|1
|upkeep
|turn|13
|
|t:|1607226118
|move|p2a: Blaziken|Swords Dance|p2a: Blaziken
|-boost|p2a: Blaziken|atk|2
|move|p1a: Groudon|Earthquake|p2a: Blaziken
|-supereffective|p2a: Blaziken
|-enditem|p2a: Blaziken|Focus Sash
|-damage|p2a: Blaziken|1/100
|
|-weather|SunnyDay|[upkeep]
|-ability|p2a: Blaziken|Speed Boost|boost
|-boost|p2a: Blaziken|spe|1
|upkeep
|turn|14
|
|t:|1607226128
|move|p2a: Blaziken|Close Combat|p1a: Groudon
|-damage|p1a: Groudon|0 fnt
|-unboost|p2a: Blaziken|def|1
|-unboost|p2a: Blaziken|spd|1
|faint|p1a: Groudon
|
|-weather|SunnyDay|[upkeep]
|-ability|p2a: Blaziken|Speed Boost|boost
|-boost|p2a: Blaziken|spe|1
|upkeep
|inactive|Magikarp4000 has 90 seconds left.
|
|t:|1607226153
|switch|p1a: Yveltal|Yveltal|88/100
|-ability|p1a: Yveltal|Dark Aura
|turn|15
|
|t:|1607226156
|move|p1a: Yveltal|Sucker Punch||[still]
|-fail|p1a: Yveltal
|move|p2a: Blaziken|Swords Dance|p2a: Blaziken
|-boost|p2a: Blaziken|atk|2
|
|-weather|none
|-ability|p2a: Blaziken|Speed Boost|boost
|-boost|p2a: Blaziken|spe|1
|upkeep
|turn|16
|
|t:|1607226161
|move|p1a: Yveltal|Sucker Punch||[still]
|-fail|p1a: Yveltal
|move|p2a: Blaziken|Swords Dance|p2a: Blaziken
|-boost|p2a: Blaziken|atk|0
|
|-ability|p2a: Blaziken|Speed Boost|boost
|-boost|p2a: Blaziken|spe|1
|upkeep
|turn|17
|
|t:|1607226165
|move|p2a: Blaziken|Protect|p2a: Blaziken
|-singleturn|p2a: Blaziken|Protect
|move|p1a: Yveltal|Sucker Punch||[still]
|-fail|p1a: Yveltal
|
|upkeep
|turn|18
|
|t:|1607226169
|move|p1a: Yveltal|Sucker Punch||[still]
|-fail|p1a: Yveltal
|move|p2a: Blaziken|Swords Dance|p2a: Blaziken
|-boost|p2a: Blaziken|atk|0
|
|upkeep
|turn|19
|n| Based Hoenn|basedgalar
|
|t:|1607226174
|move|p2a: Blaziken|Protect|p2a: Blaziken
|-singleturn|p2a: Blaziken|Protect
|move|p1a: Yveltal|Foul Play|p2a: Blaziken
|-activate|p2a: Blaziken|move: Protect
|
|upkeep
|turn|20
|
|t:|1607226183
|move|p1a: Yveltal|Sucker Punch||[still]
|-fail|p1a: Yveltal
|move|p2a: Blaziken|Swords Dance|p2a: Blaziken
|-boost|p2a: Blaziken|atk|0
|
|upkeep
|turn|21
|
|t:|1607226192
|move|p2a: Blaziken|Protect|p2a: Blaziken
|-singleturn|p2a: Blaziken|Protect
|move|p1a: Yveltal|Toxic|p2a: Blaziken
|-activate|p2a: Blaziken|move: Protect
|
|upkeep
|turn|22
|
|t:|1607226199
|move|p2a: Blaziken|Close Combat|p1a: Yveltal
|-damage|p1a: Yveltal|0 fnt
|-unboost|p2a: Blaziken|def|1
|-unboost|p2a: Blaziken|spd|1
|faint|p1a: Yveltal
|
|upkeep
|
|t:|1607226205
|switch|p1a: Reshiram|Reshiram|100/100
|-ability|p1a: Reshiram|Turboblaze
|turn|23
|n| Based Trick|basedhoenn
|
|t:|1607226213
|move|p2a: Blaziken|Close Combat|p1a: Reshiram
|-damage|p1a: Reshiram|0 fnt
|-unboost|p2a: Blaziken|def|1
|-unboost|p2a: Blaziken|spd|1
|faint|p1a: Reshiram
|
|upkeep
|
|t:|1607226225
|switch|p1a: Eternatus|Eternatus|98/100
|-ability|p1a: Eternatus|Pressure
|turn|24
|
|t:|1607226229
|move|p2a: Blaziken|Close Combat|p1a: Eternatus
|-resisted|p1a: Eternatus
|-damage|p1a: Eternatus|1/100
|-unboost|p2a: Blaziken|def|1
|-unboost|p2a: Blaziken|spd|1
|move|p1a: Eternatus|Dynamax Cannon|p2a: Blaziken
|-damage|p2a: Blaziken|0 fnt
|faint|p2a: Blaziken
|
|-heal|p1a: Eternatus|8/100|[from] item: Black Sludge
|upkeep
|c|☆Magikarp4000|o.o
|
|t:|1607226243
|switch|p2a: Genesect|Genesect, shiny|67/100
|-damage|p2a: Genesect|55/100|[from] Stealth Rock
|-ability|p2a: Genesect|Download|boost
|-boost|p2a: Genesect|atk|1
|turn|25
|
|t:|1607226259
|switch|p1a: Necrozma|Necrozma-Dusk-Mane|100/100
|move|p2a: Genesect|Extreme Speed|p1a: Necrozma
|-resisted|p1a: Necrozma
|-damage|p1a: Necrozma|86/100
|-damage|p2a: Genesect|38/100|[from] item: Rocky Helmet|[of] p1a: Necrozma
|
|upkeep
|turn|26
|c|☆DarkFireBro|Heh
|
|t:|1607226266
|switch|p2a: Calyrex|Calyrex-Shadow|100/100
|-ability|p2a: Calyrex|As One
|-ability|p2a: Calyrex|Unnerve|p1: Magikarp4000
|-damage|p2a: Calyrex|88/100|[from] Stealth Rock
|move|p1a: Necrozma|Knock Off|p2a: Calyrex
|-supereffective|p2a: Calyrex
|-damage|p2a: Calyrex|0 fnt
|-enditem|p2a: Calyrex|Choice Scarf|[from] move: Knock Off|[of] p1a: Necrozma
|faint|p2a: Calyrex
|
|upkeep
|
|t:|1607226269
|switch|p2a: Zapdos|Zapdos, shiny|100/100 tox
|turn|27
|
|t:|1607226277
|move|p2a: Zapdos|Defog|p1a: Necrozma
|-unboost|p1a: Necrozma|evasion|1
|-sideend|p2: DarkFireBro|Stealth Rock|[from] move: Defog|[of] p2a: Zapdos
|move|p1a: Necrozma|Morning Sun|p1a: Necrozma
|-heal|p1a: Necrozma|100/100
|
|-damage|p2a: Zapdos|94/100 tox|[from] psn
|upkeep
|turn|28
|
|t:|1607226285
|move|p2a: Zapdos|Heat Wave|p1a: Necrozma
|-supereffective|p1a: Necrozma
|-damage|p1a: Necrozma|71/100
|-status|p1a: Necrozma|brn
|move|p1a: Necrozma|Knock Off|p2a: Zapdos
|-damage|p2a: Zapdos|83/100 tox
|-enditem|p2a: Zapdos|Heavy-Duty Boots|[from] move: Knock Off|[of] p1a: Necrozma
|
|-damage|p2a: Zapdos|71/100 tox|[from] psn
|-damage|p1a: Necrozma|65/100 brn|[from] brn
|upkeep
|turn|29
|c|☆Magikarp4000|oh no
|c|☆Magikarp4000|...
|
|t:|1607226292
|move|p2a: Zapdos|Heat Wave|p1a: Necrozma
|-supereffective|p1a: Necrozma
|-damage|p1a: Necrozma|33/100 brn
|move|p1a: Necrozma|Morning Sun|p1a: Necrozma
|-heal|p1a: Necrozma|83/100 brn
|
|-damage|p2a: Zapdos|53/100 tox|[from] psn
|-damage|p1a: Necrozma|77/100 brn|[from] brn
|upkeep
|turn|30
|c|☆DarkFireBro|Lol
|
|t:|1607226302
|move|p2a: Zapdos|Roost|p2a: Zapdos
|-heal|p2a: Zapdos|100/100 tox
|-singleturn|p2a: Zapdos|move: Roost
|move|p1a: Necrozma|Morning Sun|p1a: Necrozma
|-heal|p1a: Necrozma|100/100 brn
|
|-damage|p2a: Zapdos|76/100 tox|[from] psn
|-damage|p1a: Necrozma|94/100 brn|[from] brn
|upkeep
|turn|31
|
|t:|1607226317
|move|p2a: Zapdos|Heat Wave|p1a: Necrozma
|-supereffective|p1a: Necrozma
|-damage|p1a: Necrozma|63/100 brn
|move|p1a: Necrozma|Sunsteel Strike|p2a: Zapdos
|-resisted|p2a: Zapdos
|-damage|p2a: Zapdos|68/100 tox
|
|-damage|p2a: Zapdos|38/100 tox|[from] psn
|-damage|p1a: Necrozma|57/100 brn|[from] brn
|upkeep
|turn|32
|
|t:|1607226325
|move|p2a: Zapdos|Roost|p2a: Zapdos
|-heal|p2a: Zapdos|88/100 tox
|-singleturn|p2a: Zapdos|move: Roost
|move|p1a: Necrozma|Morning Sun|p1a: Necrozma
|-heal|p1a: Necrozma|100/100 brn
|
|-damage|p2a: Zapdos|52/100 tox|[from] psn
|-damage|p1a: Necrozma|94/100 brn|[from] brn
|upkeep
|turn|33
|
|t:|1607226335
|switch|p2a: Genesect|Genesect, shiny|38/100
|-ability|p2a: Genesect|Download|boost
|-boost|p2a: Genesect|spa|1
|move|p1a: Necrozma|Sunsteel Strike|p2a: Genesect
|-resisted|p2a: Genesect
|-damage|p2a: Genesect|23/100
|
|-damage|p1a: Necrozma|88/100 brn|[from] brn
|upkeep
|turn|34
|
|t:|1607226342
|move|p2a: Genesect|Iron Head|p1a: Necrozma
|-resisted|p1a: Necrozma
|-damage|p1a: Necrozma|73/100 brn
|-damage|p2a: Genesect|7/100|[from] item: Rocky Helmet|[of] p1a: Necrozma
|move|p1a: Necrozma|Knock Off|p2a: Genesect
|-damage|p2a: Genesect|0 fnt
|-enditem|p2a: Genesect|Choice Band|[from] move: Knock Off|[of] p1a: Necrozma
|faint|p2a: Genesect
|
|-damage|p1a: Necrozma|67/100 brn|[from] brn
|upkeep
|
|t:|1607226346
|switch|p2a: Zapdos|Zapdos, shiny|52/100 tox
|turn|35
|
|t:|1607226358
|move|p2a: Zapdos|Heat Wave|p1a: Necrozma
|-supereffective|p1a: Necrozma
|-damage|p1a: Necrozma|38/100 brn
|move|p1a: Necrozma|Morning Sun|p1a: Necrozma
|-heal|p1a: Necrozma|88/100 brn
|
|-damage|p2a: Zapdos|46/100 tox|[from] psn
|-damage|p1a: Necrozma|82/100 brn|[from] brn
|upkeep
|turn|36
|c|☆DarkFireBro|Lol you are probably gonna win
|
|t:|1607226365
|move|p2a: Zapdos|Roost|p2a: Zapdos
|-heal|p2a: Zapdos|96/100 tox
|-singleturn|p2a: Zapdos|move: Roost
|move|p1a: Necrozma|Sunsteel Strike|p2a: Zapdos
|-resisted|p2a: Zapdos
|-damage|p2a: Zapdos|87/100 tox
|
|-damage|p2a: Zapdos|75/100 tox|[from] psn
|-damage|p1a: Necrozma|76/100 brn|[from] brn
|upkeep
|turn|37
|c|☆Magikarp4000|yea lol
|
|t:|1607226375
|switch|p1a: Eternatus|Eternatus|8/100
|-ability|p1a: Eternatus|Pressure
|move|p2a: Zapdos|Heat Wave|p1a: Eternatus
|-resisted|p1a: Eternatus
|-crit|p1a: Eternatus
|-damage|p1a: Eternatus|0 fnt
|faint|p1a: Eternatus
|
|-damage|p2a: Zapdos|57/100 tox|[from] psn
|upkeep
|c|☆Magikarp4000|bruh
|c|☆Magikarp4000|just
|c|☆Magikarp4000|why
|c|☆DarkFireBro|Lol
|
|t:|1607226397
|switch|p1a: Xerneas|Xerneas|20/100
|-ability|p1a: Xerneas|Fairy Aura
|turn|38
|
|t:|1607226401
|move|p2a: Zapdos|Roost|p2a: Zapdos
|-heal|p2a: Zapdos|100/100 tox
|-singleturn|p2a: Zapdos|move: Roost
|move|p1a: Xerneas|Thunderbolt|p2a: Zapdos
|-resisted|p2a: Zapdos
|-damage|p2a: Zapdos|83/100 tox
|
|-damage|p2a: Zapdos|59/100 tox|[from] psn
|upkeep
|turn|39
|
|t:|1607226407
|move|p2a: Zapdos|Heat Wave|p1a: Xerneas
|-damage|p1a: Xerneas|0 fnt
|faint|p1a: Xerneas
|
|-damage|p2a: Zapdos|29/100 tox|[from] psn
|upkeep
|
|t:|1607226410
|switch|p1a: Necrozma|Necrozma-Dusk-Mane|76/100 brn
|turn|40
|
|t:|1607226413
|move|p2a: Zapdos|Roost|p2a: Zapdos
|-heal|p2a: Zapdos|79/100 tox
|-singleturn|p2a: Zapdos|move: Roost
|move|p1a: Necrozma|Sunsteel Strike|p2a: Zapdos
|-resisted|p2a: Zapdos
|-damage|p2a: Zapdos|70/100 tox
|
|-damage|p2a: Zapdos|34/100 tox|[from] psn
|-damage|p1a: Necrozma|70/100 brn|[from] brn
|upkeep
|turn|41
|
|t:|1607226417
|move|p2a: Zapdos|Roost|p2a: Zapdos
|-heal|p2a: Zapdos|84/100 tox
|-singleturn|p2a: Zapdos|move: Roost
|move|p1a: Necrozma|Sunsteel Strike|p2a: Zapdos
|-resisted|p2a: Zapdos
|-damage|p2a: Zapdos|75/100 tox
|
|-damage|p2a: Zapdos|33/100 tox|[from] psn
|-damage|p1a: Necrozma|64/100 brn|[from] brn
|upkeep
|turn|42
|
|t:|1607226420
|move|p2a: Zapdos|Roost|p2a: Zapdos
|-heal|p2a: Zapdos|83/100 tox
|-singleturn|p2a: Zapdos|move: Roost
|move|p1a: Necrozma|Sunsteel Strike|p2a: Zapdos
|-resisted|p2a: Zapdos
|-damage|p2a: Zapdos|74/100 tox
|
|-damage|p2a: Zapdos|26/100 tox|[from] psn
|-damage|p1a: Necrozma|58/100 brn|[from] brn
|upkeep
|turn|43
|
|t:|1607226424
|move|p2a: Zapdos|Heat Wave|p1a: Necrozma
|-supereffective|p1a: Necrozma
|-damage|p1a: Necrozma|26/100 brn
|move|p1a: Necrozma|Knock Off|p2a: Zapdos
|-damage|p2a: Zapdos|18/100 tox
|
|-damage|p2a: Zapdos|0 fnt|[from] psn
|faint|p2a: Zapdos
|
|win|Magikarp4000
|upkeep
|c|☆Magikarp4000|ggwp
|l|☆Magikarp4000
|raw|Magikarp4000's rating: 1559 &rarr; <strong>1568</strong><br />(+9 for winning)
|raw|DarkFireBro's rating: 1331 &rarr; <strong>1322</strong><br />(-9 for losing)
|c|☆DarkFireBro|Gg
