|j|‽hanshappy
|j|☆Black Shadow 666
|t:|1626268637
|gametype|singles
|player|p1|hanshappy|rosa|1512
|player|p2|Black Shadow 666|unknown|1740
|teamsize|p1|6
|teamsize|p2|6
|gen|8
|tier|[Gen 8] Ubers
|rated|
|rule|Sleep Clause Mod: Limit one foe put to sleep
|rule|Species Clause: Limit one of each Pokémon
|rule|OHKO Clause: OHKO moves are banned
|rule|Evasion Moves Clause: Evasion moves are banned
|rule|Endless Battle Clause: Forcing endless battles is banned
|rule|HP Percentage Mod: HP is shown in percentages
|rule|Dynamax Clause: You cannot dynamax
|clearpoke
|poke|p1|Calyrex-Shadow|
|poke|p1|Yveltal|
|poke|p1|Necrozma-Dusk-Mane|
|poke|p1|Eternatus|
|poke|p1|Xerneas-*|
|poke|p1|Landorus, M|
|poke|p2|Necrozma-Dusk-Mane|
|poke|p2|Calyrex-Shadow|
|poke|p2|Yveltal|
|poke|p2|Ho-Oh|
|poke|p2|Palkia|
|poke|p2|Zygarde|
|teampreview
|inactive|Battle timer is ON: inactive players will automatically lose when time's up. (requested by Black Shadow 666)
|
|t:|1626268645
|start
|switch|p1a: Landorus|Landorus, M|100/100
|switch|p2a: Zygarde|Zygarde|100/100
|turn|1
|
|t:|1626268651
|move|p1a: Landorus|Stealth Rock|p2a: Zygarde
|-sidestart|p2: Black Shadow 666|move: Stealth Rock
|move|p2a: Zygarde|Glare|p1a: Landorus
|-status|p1a: Landorus|par
|
|upkeep
|turn|2
|
|t:|1626268656
|move|p2a: Zygarde|Substitute|p2a: Zygarde
|-start|p2a: Zygarde|Substitute
|-damage|p2a: Zygarde|75/100
|cant|p1a: Landorus|par
|
|-heal|p2a: Zygarde|82/100|[from] item: Leftovers
|upkeep
|turn|3
|
|t:|1626268660
|move|p2a: Zygarde|Dragon Dance|p2a: Zygarde
|-boost|p2a: Zygarde|atk|1
|-boost|p2a: Zygarde|spe|1
|cant|p1a: Landorus|par
|
|-heal|p2a: Zygarde|88/100|[from] item: Leftovers
|upkeep
|turn|4
|
|t:|1626268665
|move|p2a: Zygarde|Dragon Dance|p2a: Zygarde
|-boost|p2a: Zygarde|atk|1
|-boost|p2a: Zygarde|spe|1
|cant|p1a: Landorus|par
|
|-heal|p2a: Zygarde|94/100|[from] item: Leftovers
|upkeep
|turn|5
|
|t:|1626268669
|move|p2a: Zygarde|Thousand Arrows|p1a: Landorus
|-damage|p1a: Landorus|26/100 par
|-start|p1a: Landorus|Smack Down
|move|p1a: Landorus|Explosion|p2a: Zygarde
|-end|p2a: Zygarde|Substitute
|faint|p1a: Landorus
|
|-heal|p2a: Zygarde|99/100|[from] item: Leftovers
|upkeep
|
|t:|1626268697
|switch|p1a: Xerneas|Xerneas|100/100
|-ability|p1a: Xerneas|Fairy Aura
|turn|6
|
|t:|1626268699
|move|p2a: Zygarde|Substitute|p2a: Zygarde
|-start|p2a: Zygarde|Substitute
|-damage|p2a: Zygarde|75/100
|move|p1a: Xerneas|Moonblast|p2a: Zygarde
|-supereffective|p2a: Zygarde
|-end|p2a: Zygarde|Substitute
|
|-heal|p2a: Zygarde|81/100|[from] item: Leftovers
|upkeep
|turn|7
|
|t:|1626268704
|switch|p2a: Necrozma|Necrozma-Dusk-Mane|100/100
|-damage|p2a: Necrozma|94/100|[from] Stealth Rock
|move|p1a: Xerneas|Moonblast|p2a: Necrozma
|-resisted|p2a: Necrozma
|-damage|p2a: Necrozma|75/100
|-unboost|p2a: Necrozma|spa|1
|
|-heal|p2a: Necrozma|81/100|[from] item: Leftovers
|upkeep
|turn|8
|
|t:|1626268714
|switch|p1a: Necrozma|Necrozma-Dusk-Mane|100/100
|switch|p2a: Ho-Oh|Ho-Oh, shiny|100/100
|
|upkeep
|turn|9
|
|t:|1626268718
|move|p1a: Necrozma|Stone Edge|p2a: Ho-Oh
|-supereffective|p2a: Ho-Oh
|-damage|p2a: Ho-Oh|2/100
|move|p2a: Ho-Oh|Sacred Fire|p1a: Necrozma
|-supereffective|p1a: Necrozma
|-damage|p1a: Necrozma|48/100
|-status|p1a: Necrozma|brn
|-enditem|p1a: Necrozma|Weakness Policy
|-boost|p1a: Necrozma|atk|2|[from] item: Weakness Policy
|-boost|p1a: Necrozma|spa|2|[from] item: Weakness Policy
|
|-damage|p1a: Necrozma|42/100 brn|[from] brn
|upkeep
|turn|10
|
|t:|1626268744
|switch|p2a: Zygarde|Zygarde|81/100
|-damage|p2a: Zygarde|75/100|[from] Stealth Rock
|move|p1a: Necrozma|Sunsteel Strike|p2a: Zygarde
|-damage|p2a: Zygarde|43/100
|
|-heal|p2a: Zygarde|49/100|[from] item: Leftovers
|-damage|p1a: Necrozma|36/100 brn|[from] brn
|-activate|p2a: Zygarde|ability: Power Construct
|detailschange|p2a: Zygarde|Zygarde-Complete
|-heal|p2a: Zygarde|67/100|[silent]
|upkeep
|turn|11
|
|t:|1626268754
|move|p1a: Necrozma|Earthquake|p2a: Zygarde
|-damage|p2a: Zygarde|52/100
|move|p2a: Zygarde|Dragon Dance|p2a: Zygarde
|-boost|p2a: Zygarde|atk|1
|-boost|p2a: Zygarde|spe|1
|
|-heal|p2a: Zygarde|58/100|[from] item: Leftovers
|-damage|p1a: Necrozma|30/100 brn|[from] brn
|upkeep
|turn|12
|
|t:|1626268758
|move|p2a: Zygarde|Dragon Dance|p2a: Zygarde
|-boost|p2a: Zygarde|atk|1
|-boost|p2a: Zygarde|spe|1
|move|p1a: Necrozma|Sunsteel Strike|p2a: Zygarde
|-damage|p2a: Zygarde|38/100
|
|-heal|p2a: Zygarde|44/100|[from] item: Leftovers
|-damage|p1a: Necrozma|24/100 brn|[from] brn
|upkeep
|turn|13
|
|t:|1626268763
|switch|p1a: Xerneas|Xerneas|100/100
|-ability|p1a: Xerneas|Fairy Aura
|move|p2a: Zygarde|Substitute|p2a: Zygarde
|-start|p2a: Zygarde|Substitute
|-damage|p2a: Zygarde|19/100
|
|-heal|p2a: Zygarde|25/100|[from] item: Leftovers
|upkeep
|turn|14
|
|t:|1626268766
|move|p2a: Zygarde|Thousand Arrows|p1a: Xerneas
|-damage|p1a: Xerneas|48/100
|move|p1a: Xerneas|Moonblast|p2a: Zygarde
|-supereffective|p2a: Zygarde
|-end|p2a: Zygarde|Substitute
|
|-heal|p2a: Zygarde|31/100|[from] item: Leftovers
|upkeep
|turn|15
|inactive|Black Shadow 666 has 120 seconds left.
|
|t:|1626268815
|move|p2a: Zygarde|Thousand Arrows|p1a: Xerneas
|-damage|p1a: Xerneas|0 fnt
|faint|p1a: Xerneas
|
|-heal|p2a: Zygarde|38/100|[from] item: Leftovers
|upkeep
|
|t:|1626268820
|switch|p1a: Calyrex|Calyrex-Shadow|100/100
|-ability|p1a: Calyrex|As One
|-ability|p1a: Calyrex|Unnerve
|turn|16
|
|t:|1626268822
|switch|p2a: Yveltal|Yveltal|100/100
|-damage|p2a: Yveltal|76/100|[from] Stealth Rock
|-ability|p2a: Yveltal|Dark Aura
|move|p1a: Calyrex|Astral Barrage|p2a: Yveltal
|-resisted|p2a: Yveltal
|-damage|p2a: Yveltal|47/100
|
|upkeep
|turn|17
|
|t:|1626268831
|switch|p1a: Eternatus|Eternatus|100/100
|-ability|p1a: Eternatus|Pressure
|move|p2a: Yveltal|Oblivion Wing|p1a: Eternatus
|-damage|p1a: Eternatus|47/100
|-heal|p2a: Yveltal|90/100|[from] drain|[of] p1a: Eternatus
|-damage|p2a: Yveltal|80/100|[from] item: Life Orb
|
|upkeep
|turn|18
|inactive|Black Shadow 666 has 120 seconds left.
|
|t:|1626268866
|switch|p2a: Necrozma|Necrozma-Dusk-Mane|81/100
|-damage|p2a: Necrozma|75/100|[from] Stealth Rock
|move|p1a: Eternatus|Meteor Beam||[still]
|-prepare|p1a: Eternatus|Meteor Beam
|-boost|p1a: Eternatus|spa|1
|-enditem|p1a: Eternatus|Power Herb
|-anim|p1a: Eternatus|Meteor Beam|p2a: Necrozma
|-resisted|p2a: Necrozma
|-damage|p2a: Necrozma|54/100
|
|-heal|p2a: Necrozma|60/100|[from] item: Leftovers
|upkeep
|turn|19
|
|t:|1626268870
|move|p1a: Eternatus|Flamethrower|p2a: Necrozma
|-supereffective|p2a: Necrozma
|-damage|p2a: Necrozma|12/100
|move|p2a: Necrozma|Morning Sun|p2a: Necrozma
|-heal|p2a: Necrozma|62/100
|
|-heal|p2a: Necrozma|68/100|[from] item: Leftovers
|upkeep
|turn|20
|inactive|Black Shadow 666 has 120 seconds left.
|
|t:|1626268877
|move|p1a: Eternatus|Flamethrower|p2a: Necrozma
|-supereffective|p2a: Necrozma
|-damage|p2a: Necrozma|16/100
|move|p2a: Necrozma|Morning Sun|p2a: Necrozma
|-heal|p2a: Necrozma|66/100
|
|-heal|p2a: Necrozma|72/100|[from] item: Leftovers
|upkeep
|turn|21
|inactive|Black Shadow 666 has 120 seconds left.
|
|t:|1626268890
|switch|p2a: Ho-Oh|Ho-Oh, shiny|36/100
|move|p1a: Eternatus|Flamethrower|p2a: Ho-Oh
|-resisted|p2a: Ho-Oh
|-damage|p2a: Ho-Oh|21/100
|
|upkeep
|turn|22
|
|t:|1626268897
|switch|p2a: Zygarde|Zygarde-Complete|38/100
|-damage|p2a: Zygarde|31/100|[from] Stealth Rock
|move|p1a: Eternatus|Dynamax Cannon|p2a: Zygarde
|-supereffective|p2a: Zygarde
|-damage|p2a: Zygarde|0 fnt
|faint|p2a: Zygarde
|
|upkeep
|
|t:|1626268901
|switch|p2a: Necrozma|Necrozma-Dusk-Mane|72/100
|-damage|p2a: Necrozma|66/100|[from] Stealth Rock
|turn|23
|
|t:|1626268905
|move|p1a: Eternatus|Flamethrower|p2a: Necrozma
|-supereffective|p2a: Necrozma
|-crit|p2a: Necrozma
|-damage|p2a: Necrozma|0 fnt
|faint|p2a: Necrozma
|
|upkeep
|
|t:|1626268910
|switch|p2a: Calyrex|Calyrex-Shadow|100/100
|-ability|p2a: Calyrex|As One
|-ability|p2a: Calyrex|Unnerve
|-damage|p2a: Calyrex|88/100|[from] Stealth Rock
|turn|24
|
|t:|1626268914
|move|p2a: Calyrex|Astral Barrage|p1a: Eternatus
|-damage|p1a: Eternatus|0 fnt
|faint|p1a: Eternatus
|-ability|p2a: Calyrex|Grim Neigh|boost
|-boost|p2a: Calyrex|spa|1
|
|upkeep
|
|t:|1626268921
|switch|p1a: Yveltal|Yveltal|100/100
|-ability|p1a: Yveltal|Dark Aura
|turn|25
|inactive|Black Shadow 666 has 120 seconds left.
|inactive|Black Shadow 666 has 90 seconds left.
|
|t:|1626268991
|move|p2a: Calyrex|Draining Kiss|p1a: Yveltal
|-supereffective|p1a: Yveltal
|-damage|p1a: Yveltal|54/100
|-heal|p2a: Calyrex|100/100|[from] drain|[of] p1a: Yveltal
|move|p1a: Yveltal|Knock Off|p2a: Calyrex
|-supereffective|p2a: Calyrex
|-enditem|p2a: Calyrex|Focus Sash
|-damage|p2a: Calyrex|1/100
|
|upkeep
|turn|26
|inactive|Black Shadow 666 has 90 seconds left.
|
|t:|1626269009
|move|p2a: Calyrex|Draining Kiss|p1a: Yveltal
|-supereffective|p1a: Yveltal
|-crit|p1a: Yveltal
|-damage|p1a: Yveltal|0 fnt
|-heal|p2a: Calyrex|52/100|[from] drain|[of] p1a: Yveltal
|faint|p1a: Yveltal
|-ability|p2a: Calyrex|Grim Neigh|boost
|-boost|p2a: Calyrex|spa|1
|
|upkeep
|
|t:|1626269013
|switch|p1a: Calyrex|Calyrex-Shadow|100/100
|-ability|p1a: Calyrex|As One
|-ability|p1a: Calyrex|Unnerve
|turn|27
|
|t:|1626269016
|switch|p2a: Yveltal|Yveltal|80/100
|-damage|p2a: Yveltal|55/100|[from] Stealth Rock
|-ability|p2a: Yveltal|Dark Aura
|move|p1a: Calyrex|Astral Barrage|p2a: Yveltal
|-resisted|p2a: Yveltal
|-damage|p2a: Yveltal|26/100
|
|upkeep
|turn|28
|
|t:|1626269021
|move|p2a: Yveltal|Sucker Punch|p1a: Calyrex
|-supereffective|p1a: Calyrex
|-damage|p1a: Calyrex|0 fnt
|faint|p1a: Calyrex
|-damage|p2a: Yveltal|16/100|[from] item: Life Orb
|
|upkeep
|
|t:|1626269024
|switch|p1a: Necrozma|Necrozma-Dusk-Mane|24/100 brn
|turn|29
|
|t:|1626269042
|move|p1a: Necrozma|Stone Edge|p2a: Yveltal
|-supereffective|p2a: Yveltal
|-damage|p2a: Yveltal|0 fnt
|faint|p2a: Yveltal
|
|-damage|p1a: Necrozma|18/100 brn|[from] brn
|upkeep
|inactive|Black Shadow 666 has 90 seconds left.
|
|t:|1626269076
|switch|p2a: Calyrex|Calyrex-Shadow|52/100
|-ability|p2a: Calyrex|As One
|-ability|p2a: Calyrex|Unnerve
|-damage|p2a: Calyrex|40/100|[from] Stealth Rock
|turn|30
|
|t:|1626269083
|move|p2a: Calyrex|Astral Barrage|p1a: Necrozma
|-supereffective|p1a: Necrozma
|-damage|p1a: Necrozma|0 fnt
|faint|p1a: Necrozma
|
|win|Black Shadow 666
|raw|hanshappy's rating: 1512 &rarr; <strong>1504</strong><br />(-8 for losing)
|raw|Black Shadow 666's rating: 1740 &rarr; <strong>1748</strong><br />(+8 for winning)
|l|‽hanshappy
||Ladder isn't responding, score probably updated but might not have (Request timeout).
