|j|☆TheGrassToucher
|j|☆juancuribe
|t:|1662097027
|gametype|singles
|player|p1|TheGrassToucher|hugh|1308
|player|p2|juancuribe|bugcatcher-gen4dp|1340
|teamsize|p1|6
|teamsize|p2|6
|gen|8
|tier|[Gen 8] Ubers
|rated|
|rule|Sleep Clause Mod: Limit one foe put to sleep
|rule|Species Clause: Limit one of each Pokémon
|rule|OHKO Clause: OHKO moves are banned
|rule|Evasion Items Clause: Evasion items are banned
|rule|Evasion Moves Clause: Evasion moves are banned
|rule|Endless Battle Clause: Forcing endless battles is banned
|rule|HP Percentage Mod: HP is shown in percentages
|rule|Dynamax Clause: You cannot dynamax
|clearpoke
|poke|p1|Darmanitan-Galar, M|
|poke|p1|Dracovish|
|poke|p1|Yveltal|
|poke|p1|Eternatus|
|poke|p1|Necrozma-Dusk-Mane|
|poke|p1|Xerneas-*|
|poke|p2|Calyrex-Shadow|
|poke|p2|Eternatus|
|poke|p2|Kyogre|
|poke|p2|Necrozma-Dusk-Mane|
|poke|p2|Yveltal|
|poke|p2|Groudon|
|teampreview
|inactive|Battle timer is ON: inactive players will automatically lose when time's up. (requested by TheGrassToucher)
|
|t:|1662097048
|start
|switch|p1a: Dracovish|Dracovish|100/100
|switch|p2a: Calyrex|Calyrex-Shadow|100/100
|-ability|p2a: Calyrex|As One
|-ability|p2a: Calyrex|Unnerve
|turn|1
|inactive|TheGrassToucher has 120 seconds left.
|
|t:|1662097084
|switch|p1a: Yveltal|Yveltal|100/100
|-ability|p1a: Yveltal|Dark Aura
|move|p2a: Calyrex|Astral Barrage|p1a: Yveltal
|-resisted|p1a: Yveltal
|-damage|p1a: Yveltal|77/100
|
|upkeep
|turn|2
|
|t:|1662097100
|switch|p2a: Kyogre|Kyogre|100/100
|-weather|RainDance|[from] ability: Drizzle|[of] p2a: Kyogre
|move|p1a: Yveltal|Foul Play|p2a: Kyogre
|-damage|p2a: Kyogre|78/100
|
|-weather|RainDance|[upkeep]
|-heal|p2a: Kyogre|84/100|[from] item: Leftovers
|upkeep
|turn|3
|
|t:|1662097108
|switch|p1a: Dracovish|Dracovish|100/100
|move|p2a: Kyogre|Roar|p1a: Dracovish
|drag|p1a: Xerneas|Xerneas|100/100
|-ability|p1a: Xerneas|Fairy Aura
|
|-weather|RainDance|[upkeep]
|-heal|p2a: Kyogre|91/100|[from] item: Leftovers
|upkeep
|turn|4
|
|t:|1662097111
|move|p1a: Xerneas|Thunder|p2a: Kyogre
|-supereffective|p2a: Kyogre
|-damage|p2a: Kyogre|38/100
|move|p2a: Kyogre|Scald|p1a: Xerneas
|-damage|p1a: Xerneas|52/100
|
|-weather|RainDance|[upkeep]
|-heal|p2a: Kyogre|44/100|[from] item: Leftovers
|upkeep
|turn|5
|
|t:|1662097118
|switch|p2a: Groudon|Groudon|100/100
|-weather|SunnyDay|[from] ability: Drought|[of] p2a: Groudon
|move|p1a: Xerneas|Geomancy||[still]
|-prepare|p1a: Xerneas|Geomancy
|-enditem|p1a: Xerneas|Power Herb
|-anim|p1a: Xerneas|Geomancy|p1a: Xerneas
|-boost|p1a: Xerneas|spa|2
|-boost|p1a: Xerneas|spd|2
|-boost|p1a: Xerneas|spe|2
|
|-weather|SunnyDay|[upkeep]
|upkeep
|turn|6
|j| Stitch a bitch
|
|t:|1662097124
|move|p1a: Xerneas|Moonblast|p2a: Groudon
|-damage|p2a: Groudon|0 fnt
|faint|p2a: Groudon
|
|-weather|SunnyDay|[upkeep]
|upkeep
|
|t:|1662097126
|switch|p2a: Calyrex|Calyrex-Shadow|100/100
|-ability|p2a: Calyrex|As One
|-ability|p2a: Calyrex|Unnerve
|turn|7
|
|t:|1662097130
|move|p2a: Calyrex|Astral Barrage|p1a: Xerneas
|-damage|p1a: Xerneas|21/100
|move|p1a: Xerneas|Moonblast|p2a: Calyrex
|-damage|p2a: Calyrex|0 fnt
|faint|p2a: Calyrex
|
|-weather|SunnyDay|[upkeep]
|upkeep
|
|t:|1662097138
|switch|p2a: Necrozma|Necrozma-Dusk-Mane|100/100
|turn|8
|
|t:|1662097140
|move|p1a: Xerneas|Moonblast|p2a: Necrozma
|-resisted|p2a: Necrozma
|-damage|p2a: Necrozma|44/100
|-unboost|p2a: Necrozma|spa|1
|move|p2a: Necrozma|Sunsteel Strike|p1a: Xerneas
|-supereffective|p1a: Xerneas
|-damage|p1a: Xerneas|0 fnt
|faint|p1a: Xerneas
|
|-weather|SunnyDay|[upkeep]
|upkeep
|
|t:|1662097151
|switch|p1a: Dracovish|Dracovish|100/100
|turn|9
|
|t:|1662097154
|move|p1a: Dracovish|Fishious Rend|p2a: Necrozma
|-damage|p2a: Necrozma|1/100
|-damage|p1a: Dracovish|84/100|[from] item: Rocky Helmet|[of] p2a: Necrozma
|move|p2a: Necrozma|Morning Sun|p2a: Necrozma
|-heal|p2a: Necrozma|68/100
|
|-weather|none
|upkeep
|turn|10
|
|t:|1662097159
|move|p1a: Dracovish|Fishious Rend|p2a: Necrozma
|-damage|p2a: Necrozma|0 fnt
|-damage|p1a: Dracovish|67/100|[from] item: Rocky Helmet|[of] p2a: Necrozma
|faint|p2a: Necrozma
|
|upkeep
|
|t:|1662097164
|switch|p2a: Eternatus|Eternatus|100/100
|-ability|p2a: Eternatus|Pressure
|turn|11
|
|t:|1662097166
|move|p2a: Eternatus|Dynamax Cannon|p1a: Dracovish
|-supereffective|p1a: Dracovish
|-damage|p1a: Dracovish|0 fnt
|faint|p1a: Dracovish
|
|upkeep
|
|t:|1662097170
|switch|p1a: Darmanitan|Darmanitan-Galar, M|100/100
|turn|12
|
|t:|1662097172
|move|p1a: Darmanitan|Icicle Crash|p2a: Eternatus
|-supereffective|p2a: Eternatus
|-damage|p2a: Eternatus|0 fnt
|faint|p2a: Eternatus
|
|upkeep
|
|t:|1662097175
|switch|p2a: Kyogre|Kyogre|44/100
|-weather|RainDance|[from] ability: Drizzle|[of] p2a: Kyogre
|turn|13
|
|t:|1662097177
|move|p1a: Darmanitan|Icicle Crash|p2a: Kyogre
|-resisted|p2a: Kyogre
|-damage|p2a: Kyogre|23/100
|move|p2a: Kyogre|Scald|p1a: Darmanitan
|-damage|p1a: Darmanitan|4/100
|
|-weather|RainDance|[upkeep]
|-heal|p2a: Kyogre|29/100|[from] item: Leftovers
|upkeep
|turn|14
|
|t:|1662097180
|move|p1a: Darmanitan|Icicle Crash|p2a: Kyogre|[miss]
|-miss|p1a: Darmanitan|p2a: Kyogre
|move|p2a: Kyogre|Rest|p2a: Kyogre
|-status|p2a: Kyogre|slp|[from] move: Rest
|-heal|p2a: Kyogre|100/100 slp|[silent]
|
|-weather|RainDance|[upkeep]
|upkeep
|turn|15
|
|t:|1662097185
|switch|p1a: Yveltal|Yveltal|77/100
|-ability|p1a: Yveltal|Dark Aura
|cant|p2a: Kyogre|slp
|
|-weather|RainDance|[upkeep]
|upkeep
|turn|16
|
|t:|1662097189
|move|p1a: Yveltal|Snarl|p2a: Kyogre
|-damage|p2a: Kyogre|81/100 slp
|-unboost|p2a: Kyogre|spa|1
|cant|p2a: Kyogre|slp
|
|-weather|RainDance|[upkeep]
|-heal|p2a: Kyogre|87/100 slp|[from] item: Leftovers
|upkeep
|turn|17
|
|t:|1662097194
|move|p1a: Yveltal|Snarl|p2a: Kyogre
|-damage|p2a: Kyogre|68/100 slp
|-unboost|p2a: Kyogre|spa|1
|-curestatus|p2a: Kyogre|slp|[msg]
|move|p2a: Kyogre|Calm Mind|p2a: Kyogre
|-boost|p2a: Kyogre|spa|1
|-boost|p2a: Kyogre|spd|1
|
|-weather|none
|-heal|p2a: Kyogre|74/100|[from] item: Leftovers
|upkeep
|turn|18
|
|t:|1662097201
|switch|p2a: Yveltal|Yveltal|100/100
|-ability|p2a: Yveltal|Dark Aura
|move|p1a: Yveltal|Snarl|p2a: Yveltal
|-resisted|p2a: Yveltal
|-damage|p2a: Yveltal|90/100
|-unboost|p2a: Yveltal|spa|1
|
|upkeep
|turn|19
|
|t:|1662097206
|switch|p1a: Eternatus|Eternatus|100/100
|-ability|p1a: Eternatus|Pressure
|move|p2a: Yveltal|Foul Play|p1a: Eternatus
|-damage|p1a: Eternatus|75/100
|
|-heal|p1a: Eternatus|81/100|[from] item: Black Sludge
|upkeep
|turn|20
|
|t:|1662097213
|move|p1a: Eternatus|Toxic|p2a: Yveltal
|-status|p2a: Yveltal|tox
|move|p2a: Yveltal|Foul Play|p1a: Eternatus
|-damage|p1a: Eternatus|57/100
|
|-heal|p1a: Eternatus|63/100|[from] item: Black Sludge
|-damage|p2a: Yveltal|84/100 tox|[from] psn
|upkeep
|turn|21
|
|t:|1662097218
|move|p1a: Eternatus|Recover|p1a: Eternatus
|-heal|p1a: Eternatus|100/100
|move|p2a: Yveltal|U-turn|p1a: Eternatus
|-resisted|p1a: Eternatus
|-damage|p1a: Eternatus|93/100
|
|t:|1662097220
|switch|p2a: Kyogre|Kyogre|74/100|[from]move: U-turn
|-weather|RainDance|[from] ability: Drizzle|[of] p2a: Kyogre
|
|-weather|RainDance|[upkeep]
|-heal|p1a: Eternatus|99/100|[from] item: Black Sludge
|-heal|p2a: Kyogre|80/100|[from] item: Leftovers
|upkeep
|turn|22
|
|t:|1662097223
|move|p1a: Eternatus|Toxic|p2a: Kyogre
|-status|p2a: Kyogre|tox
|move|p2a: Kyogre|Scald|p1a: Eternatus
|-resisted|p1a: Eternatus
|-damage|p1a: Eternatus|82/100
|-status|p1a: Eternatus|brn
|
|-weather|RainDance|[upkeep]
|-heal|p1a: Eternatus|88/100 brn|[from] item: Black Sludge
|-heal|p2a: Kyogre|86/100 tox|[from] item: Leftovers
|-damage|p2a: Kyogre|80/100 tox|[from] psn
|-damage|p1a: Eternatus|82/100 brn|[from] brn
|upkeep
|turn|23
|
|t:|1662097227
|move|p2a: Kyogre|Calm Mind|p2a: Kyogre
|-boost|p2a: Kyogre|spa|1
|-boost|p2a: Kyogre|spd|1
|move|p1a: Eternatus|Dragon Tail|p2a: Kyogre
|-damage|p2a: Kyogre|75/100 tox
|drag|p2a: Yveltal|Yveltal|84/100 tox
|-ability|p2a: Yveltal|Dark Aura
|
|-weather|RainDance|[upkeep]
|-heal|p1a: Eternatus|88/100 brn|[from] item: Black Sludge
|-damage|p2a: Yveltal|78/100 tox|[from] psn
|-damage|p1a: Eternatus|82/100 brn|[from] brn
|upkeep
|turn|24
|
|t:|1662097231
|move|p1a: Eternatus|Recover|p1a: Eternatus
|-heal|p1a: Eternatus|100/100 brn
|move|p2a: Yveltal|Foul Play|p1a: Eternatus
|-damage|p1a: Eternatus|75/100 brn
|
|-weather|RainDance|[upkeep]
|-heal|p1a: Eternatus|81/100 brn|[from] item: Black Sludge
|-damage|p2a: Yveltal|65/100 tox|[from] psn
|-damage|p1a: Eternatus|75/100 brn|[from] brn
|upkeep
|turn|25
|-message|juancuribe forfeited.
|
|win|TheGrassToucher
|raw|TheGrassToucher's rating: 1308 &rarr; <strong>1330</strong><br />(+22 for winning)
|raw|juancuribe's rating: 1340 &rarr; <strong>1318</strong><br />(-22 for losing)
|l|☆juancuribe
