|raw|<div class="broadcast-blue"><strong>This battle is required to be public due to a player having a name starting with 'ULT8RQ'.</div>
|j|☆ULT8RQ KyogreF4N
|j|☆Research Club
|t:|1620828401
|gametype|singles
|player|p1|ULT8RQ KyogreF4N|hiker-gen4|1661
|player|p2|Research Club|unknownf|1555
|teamsize|p1|6
|teamsize|p2|6
|gen|8
|tier|[Gen 8] Ubers
|rated|
|rule|Sleep Clause Mod: Limit one foe put to sleep
|rule|Species Clause: Limit one of each Pokémon
|rule|OHKO Clause: OHKO moves are banned
|rule|Evasion Moves Clause: Evasion moves are banned
|rule|Endless Battle Clause: Forcing endless battles is banned
|rule|HP Percentage Mod: HP is shown in percentages
|rule|Dynamax Clause: You cannot dynamax
|clearpoke
|poke|p1|Yveltal|
|poke|p1|Ho-Oh|
|poke|p1|Tangrowth, M|
|poke|p1|Eternatus|
|poke|p1|Necrozma-Dusk-Mane|
|poke|p1|Calyrex-Shadow|
|poke|p2|Necrozma-Dusk-Mane|
|poke|p2|Ho-Oh|
|poke|p2|Yveltal|
|poke|p2|Eternatus|
|poke|p2|Landorus, M|
|poke|p2|Calyrex-Shadow|
|teampreview
|j| ULT8RQ Dionysus
|j| King Billu
|inactive|Battle timer is ON: inactive players will automatically lose when time's up. (requested by ULT8RQ KyogreF4N)
|c|☆ULT8RQ KyogreF4N|Glhf
|j| ULT8RQ Quintuplets
|l| King Billu
|
|t:|1620828446
|start
|switch|p1a: Yveltal|Yveltal|100/100
|switch|p2a: Landorus|Landorus, M|100/100
|-ability|p1a: Yveltal|Dark Aura
|turn|1
|
|t:|1620828454
|switch|p2a: Eternatus|Eternatus|100/100
|-ability|p2a: Eternatus|Pressure
|move|p1a: Yveltal|Knock Off|p2a: Eternatus
|-damage|p2a: Eternatus|59/100
|-enditem|p2a: Eternatus|Black Sludge|[from] move: Knock Off|[of] p1a: Yveltal
|
|upkeep
|turn|2
|
|t:|1620828458
|switch|p1a: Ho-Oh|Ho-Oh|100/100
|move|p2a: Eternatus|Recover|p2a: Eternatus
|-heal|p2a: Eternatus|100/100
|
|upkeep
|turn|3
|
|t:|1620828466
|move|p2a: Eternatus|Substitute|p2a: Eternatus
|-start|p2a: Eternatus|Substitute
|-damage|p2a: Eternatus|76/100
|move|p1a: Ho-Oh|Brave Bird|p2a: Eternatus
|-end|p2a: Eternatus|Substitute
|-damage|p1a: Ho-Oh|91/100|[from] Recoil|[of] p2a: Eternatus
|
|upkeep
|turn|4
|
|t:|1620828471
|move|p2a: Eternatus|Substitute|p2a: Eternatus
|-start|p2a: Eternatus|Substitute
|-damage|p2a: Eternatus|51/100
|move|p1a: Ho-Oh|Brave Bird|p2a: Eternatus
|-end|p2a: Eternatus|Substitute
|-damage|p1a: Ho-Oh|81/100|[from] Recoil|[of] p2a: Eternatus
|
|upkeep
|turn|5
|j| ULT8RQ Yippie
|
|t:|1620828476
|move|p2a: Eternatus|Substitute|p2a: Eternatus
|-start|p2a: Eternatus|Substitute
|-damage|p2a: Eternatus|26/100
|move|p1a: Ho-Oh|Brave Bird|p2a: Eternatus
|-end|p2a: Eternatus|Substitute
|-damage|p1a: Ho-Oh|72/100|[from] Recoil|[of] p2a: Eternatus
|
|upkeep
|turn|6
|
|t:|1620828487
|move|p2a: Eternatus|Substitute|p2a: Eternatus
|-start|p2a: Eternatus|Substitute
|-damage|p2a: Eternatus|1/100
|move|p1a: Ho-Oh|Brave Bird|p2a: Eternatus
|-end|p2a: Eternatus|Substitute
|-damage|p1a: Ho-Oh|62/100|[from] Recoil|[of] p2a: Eternatus
|
|upkeep
|turn|7
|
|t:|1620828491
|move|p2a: Eternatus|Recover|p2a: Eternatus
|-heal|p2a: Eternatus|51/100
|move|p1a: Ho-Oh|Thunder Wave|p2a: Eternatus
|-status|p2a: Eternatus|par
|
|upkeep
|turn|8
|
|t:|1620828496
|move|p1a: Ho-Oh|Brave Bird|p2a: Eternatus
|-damage|p2a: Eternatus|11/100 par
|-damage|p1a: Ho-Oh|47/100|[from] Recoil
|move|p2a: Eternatus|Recover|p2a: Eternatus
|-heal|p2a: Eternatus|61/100 par
|
|upkeep
|turn|9
|
|t:|1620828501
|switch|p1a: Necrozma|Necrozma-Dusk-Mane|100/100
|move|p2a: Eternatus|Recover|p2a: Eternatus
|-heal|p2a: Eternatus|100/100 par
|
|upkeep
|turn|10
|
|t:|1620828506
|switch|p2a: Ho-Oh|Ho-Oh|100/100
|move|p1a: Necrozma|Sunsteel Strike|p2a: Ho-Oh
|-resisted|p2a: Ho-Oh
|-damage|p2a: Ho-Oh|81/100
|
|upkeep
|turn|11
|
|t:|1620828510
|switch|p1a: Ho-Oh|Ho-Oh|80/100
|move|p2a: Ho-Oh|Thunder Wave|p1a: Ho-Oh
|-status|p1a: Ho-Oh|par
|
|upkeep
|turn|12
|
|t:|1620828516
|switch|p2a: Necrozma|Necrozma-Dusk-Mane|100/100
|cant|p1a: Ho-Oh|par
|
|upkeep
|turn|13
|
|t:|1620828520
|move|p2a: Necrozma|Stealth Rock|p1a: Ho-Oh
|-sidestart|p1: ULT8RQ KyogreF4N|move: Stealth Rock
|cant|p1a: Ho-Oh|par
|
|upkeep
|turn|14
|
|t:|1620828526
|switch|p2a: Yveltal|Yveltal|100/100
|-ability|p2a: Yveltal|Dark Aura
|cant|p1a: Ho-Oh|par
|
|upkeep
|turn|15
|c|☆ULT8RQ KyogreF4N|Bruh
|
|t:|1620828540
|move|p2a: Yveltal|Knock Off|p1a: Ho-Oh
|-damage|p1a: Ho-Oh|35/100 par
|-enditem|p1a: Ho-Oh|Heavy-Duty Boots|[from] move: Knock Off|[of] p2a: Yveltal
|move|p1a: Ho-Oh|Defog|p2a: Yveltal
|-unboost|p2a: Yveltal|evasion|1
|-sideend|p1: ULT8RQ KyogreF4N|Stealth Rock|[from] move: Defog|[of] p1a: Ho-Oh
|
|upkeep
|turn|16
|
|t:|1620828554
|move|p2a: Yveltal|U-turn|p1a: Ho-Oh
|-resisted|p1a: Ho-Oh
|-damage|p1a: Ho-Oh|31/100 par
|
|t:|1620828559
|switch|p2a: Necrozma|Necrozma-Dusk-Mane|100/100|[from]move: U-turn
|move|p1a: Ho-Oh|Sacred Fire|p2a: Necrozma
|-supereffective|p2a: Necrozma
|-damage|p2a: Necrozma|66/100
|
|-heal|p2a: Necrozma|72/100|[from] item: Leftovers
|upkeep
|turn|17
|
|t:|1620828564
|move|p2a: Necrozma|Stealth Rock|p1a: Ho-Oh
|-sidestart|p1: ULT8RQ KyogreF4N|move: Stealth Rock
|move|p1a: Ho-Oh|Sacred Fire|p2a: Necrozma
|-supereffective|p2a: Necrozma
|-damage|p2a: Necrozma|36/100
|-status|p2a: Necrozma|brn
|
|-heal|p2a: Necrozma|42/100 brn|[from] item: Leftovers
|-damage|p2a: Necrozma|36/100 brn|[from] brn
|upkeep
|turn|18
|
|t:|1620828567
|move|p2a: Necrozma|Morning Sun|p2a: Necrozma
|-heal|p2a: Necrozma|86/100 brn
|move|p1a: Ho-Oh|Defog|p2a: Necrozma
|-unboost|p2a: Necrozma|evasion|1
|-sideend|p1: ULT8RQ KyogreF4N|Stealth Rock|[from] move: Defog|[of] p1a: Ho-Oh
|
|-heal|p2a: Necrozma|92/100 brn|[from] item: Leftovers
|-damage|p2a: Necrozma|86/100 brn|[from] brn
|upkeep
|turn|19
|
|t:|1620828570
|move|p2a: Necrozma|Stealth Rock|p1a: Ho-Oh
|-sidestart|p1: ULT8RQ KyogreF4N|move: Stealth Rock
|cant|p1a: Ho-Oh|par
|
|-heal|p2a: Necrozma|92/100 brn|[from] item: Leftovers
|-damage|p2a: Necrozma|86/100 brn|[from] brn
|upkeep
|turn|20
|
|t:|1620828573
|move|p2a: Necrozma|Sunsteel Strike|p1a: Ho-Oh
|-resisted|p1a: Ho-Oh
|-damage|p1a: Ho-Oh|23/100 par
|move|p1a: Ho-Oh|Defog|p2a: Necrozma
|-unboost|p2a: Necrozma|evasion|1
|-sideend|p1: ULT8RQ KyogreF4N|Stealth Rock|[from] move: Defog|[of] p1a: Ho-Oh
|
|-heal|p2a: Necrozma|92/100 brn|[from] item: Leftovers
|-damage|p2a: Necrozma|86/100 brn|[from] brn
|upkeep
|turn|21
|
|t:|1620828577
|move|p2a: Necrozma|Stealth Rock|p1a: Ho-Oh
|-sidestart|p1: ULT8RQ KyogreF4N|move: Stealth Rock
|move|p1a: Ho-Oh|Sacred Fire|p2a: Necrozma
|-supereffective|p2a: Necrozma
|-damage|p2a: Necrozma|52/100 brn
|
|-heal|p2a: Necrozma|58/100 brn|[from] item: Leftovers
|-damage|p2a: Necrozma|52/100 brn|[from] brn
|upkeep
|turn|22
|
|t:|1620828580
|move|p2a: Necrozma|Morning Sun|p2a: Necrozma
|-heal|p2a: Necrozma|100/100 brn
|move|p1a: Ho-Oh|Defog|p2a: Necrozma
|-unboost|p2a: Necrozma|evasion|1
|-sideend|p1: ULT8RQ KyogreF4N|Stealth Rock|[from] move: Defog|[of] p1a: Ho-Oh
|
|-damage|p2a: Necrozma|94/100 brn|[from] brn
|upkeep
|turn|23
|
|t:|1620828590
|move|p2a: Necrozma|Stealth Rock|p1a: Ho-Oh
|-sidestart|p1: ULT8RQ KyogreF4N|move: Stealth Rock
|move|p1a: Ho-Oh|Sacred Fire|p2a: Necrozma
|-supereffective|p2a: Necrozma
|-damage|p2a: Necrozma|60/100 brn
|
|-heal|p2a: Necrozma|66/100 brn|[from] item: Leftovers
|-damage|p2a: Necrozma|60/100 brn|[from] brn
|upkeep
|turn|24
|
|t:|1620828594
|move|p2a: Necrozma|Morning Sun|p2a: Necrozma
|-heal|p2a: Necrozma|100/100 brn
|move|p1a: Ho-Oh|Defog|p2a: Necrozma
|-unboost|p2a: Necrozma|evasion|1
|-sideend|p1: ULT8RQ KyogreF4N|Stealth Rock|[from] move: Defog|[of] p1a: Ho-Oh
|
|-damage|p2a: Necrozma|94/100 brn|[from] brn
|upkeep
|turn|25
|
|t:|1620828602
|switch|p1a: Necrozma|Necrozma-Dusk-Mane|100/100
|move|p2a: Necrozma|Stealth Rock|p1a: Necrozma
|-sidestart|p1: ULT8RQ KyogreF4N|move: Stealth Rock
|
|-heal|p2a: Necrozma|100/100 brn|[from] item: Leftovers
|-damage|p2a: Necrozma|94/100 brn|[from] brn
|upkeep
|turn|26
|c|☆Research Club|yveltal
|c|☆Research Club|utain je lag
|
|t:|1620828607
|switch|p2a: Landorus|Landorus, M|100/100
|move|p1a: Necrozma|Stealth Rock|p2a: Landorus
|-sidestart|p2: Research Club|move: Stealth Rock
|
|upkeep
|turn|27
|j| To aru Nora
|inactive|ULT8RQ KyogreF4N has 120 seconds left.
|
|t:|1620828639
|switch|p1a: Ho-Oh|Ho-Oh|56/100 par
|-damage|p1a: Ho-Oh|6/100 par|[from] Stealth Rock
|move|p2a: Landorus|Earth Power|p1a: Ho-Oh
|-immune|p1a: Ho-Oh
|
|upkeep
|turn|28
|j| ULT8RQ Tanner
|
|t:|1620828654
|switch|p2a: Necrozma|Necrozma-Dusk-Mane|94/100 brn
|-damage|p2a: Necrozma|88/100 brn|[from] Stealth Rock
|move|p1a: Ho-Oh|Brave Bird|p2a: Necrozma
|-resisted|p2a: Necrozma
|-damage|p2a: Necrozma|75/100 brn
|-damage|p1a: Ho-Oh|2/100 par|[from] Recoil
|
|-heal|p2a: Necrozma|81/100 brn|[from] item: Leftovers
|-damage|p2a: Necrozma|75/100 brn|[from] brn
|upkeep
|turn|29
|
|t:|1620828661
|switch|p1a: Yveltal|Yveltal|100/100
|-ability|p1a: Yveltal|Dark Aura
|move|p2a: Necrozma|Morning Sun|p2a: Necrozma
|-heal|p2a: Necrozma|100/100 brn
|
|-damage|p2a: Necrozma|94/100 brn|[from] brn
|upkeep
|turn|30
|
|t:|1620828670
|switch|p2a: Ho-Oh|Ho-Oh|100/100
|move|p1a: Yveltal|Knock Off|p2a: Ho-Oh
|-damage|p2a: Ho-Oh|65/100
|-enditem|p2a: Ho-Oh|Heavy-Duty Boots|[from] move: Knock Off|[of] p1a: Yveltal
|
|upkeep
|turn|31
|
|t:|1620828677
|move|p1a: Yveltal|Toxic|p2a: Ho-Oh
|-status|p2a: Ho-Oh|tox
|move|p2a: Ho-Oh|Sacred Fire|p1a: Yveltal
|-crit|p1a: Yveltal
|-damage|p1a: Yveltal|48/100
|-status|p1a: Yveltal|brn
|
|-damage|p1a: Yveltal|42/100 brn|[from] brn
|-damage|p2a: Ho-Oh|59/100 tox|[from] psn
|upkeep
|turn|32
|l| To aru Nora
|
|t:|1620828687
|move|p1a: Yveltal|Roost|p1a: Yveltal
|-heal|p1a: Yveltal|92/100 brn
|-singleturn|p1a: Yveltal|move: Roost
|move|p2a: Ho-Oh|Defog|p1a: Yveltal
|-unboost|p1a: Yveltal|evasion|1
|-sideend|p1: ULT8RQ KyogreF4N|Stealth Rock|[from] move: Defog|[of] p2a: Ho-Oh
|-sideend|p2: Research Club|Stealth Rock|[from] move: Defog|[of] p2a: Ho-Oh
|
|-damage|p1a: Yveltal|86/100 brn|[from] brn
|-damage|p2a: Ho-Oh|46/100 tox|[from] psn
|upkeep
|turn|33
|j| To aru Nora
|j| fardin ❤
|
|t:|1620828697
|switch|p1a: Ho-Oh|Ho-Oh|35/100 par
|switch|p2a: Eternatus|Eternatus|100/100 par
|-ability|p2a: Eternatus|Pressure
|
|upkeep
|turn|34
|
|t:|1620828701
|switch|p2a: Necrozma|Necrozma-Dusk-Mane|94/100 brn
|switch|p1a: Necrozma|Necrozma-Dusk-Mane|100/100
|
|-heal|p2a: Necrozma|100/100 brn|[from] item: Leftovers
|-damage|p2a: Necrozma|94/100 brn|[from] brn
|upkeep
|turn|35
|l| ULT8RQ Tanner
|j| ULT8RQ POUNDER
|l| ULT8RQ POUNDER
|
|t:|1620828712
|move|p1a: Necrozma|Stealth Rock|p2a: Necrozma
|-sidestart|p2: Research Club|move: Stealth Rock
|move|p2a: Necrozma|Stealth Rock|p1a: Necrozma
|-sidestart|p1: ULT8RQ KyogreF4N|move: Stealth Rock
|
|-heal|p2a: Necrozma|100/100 brn|[from] item: Leftovers
|-damage|p2a: Necrozma|94/100 brn|[from] brn
|upkeep
|turn|36
|
|t:|1620828718
|switch|p2a: Yveltal|Yveltal|100/100
|-ability|p2a: Yveltal|Dark Aura
|move|p1a: Necrozma|Earthquake|p2a: Yveltal
|-immune|p2a: Yveltal
|
|upkeep
|turn|37
|j| ULT8RQ bilelfam
|
|t:|1620828723
|switch|p1a: Tangrowth|Tangrowth, M|100/100
|-damage|p1a: Tangrowth|88/100|[from] Stealth Rock
|move|p2a: Yveltal|Knock Off|p1a: Tangrowth
|-damage|p1a: Tangrowth|60/100
|-damage|p2a: Yveltal|84/100|[from] item: Rocky Helmet|[of] p1a: Tangrowth
|-enditem|p1a: Tangrowth|Rocky Helmet|[from] move: Knock Off|[of] p2a: Yveltal
|
|upkeep
|turn|38
|
|t:|1620828726
|move|p2a: Yveltal|U-turn|p1a: Tangrowth
|-supereffective|p1a: Tangrowth
|-damage|p1a: Tangrowth|40/100
|l| ULT8RQ bilelfam
|
|t:|1620828732
|switch|p2a: Eternatus|Eternatus|100/100 par|[from]move: U-turn
|-damage|p2a: Eternatus|88/100 par|[from] Stealth Rock
|-ability|p2a: Eternatus|Pressure
|move|p1a: Tangrowth|Knock Off|p2a: Eternatus
|-damage|p2a: Eternatus|78/100 par
|
|upkeep
|turn|39
|
|t:|1620828742
|switch|p1a: Necrozma|Necrozma-Dusk-Mane|100/100
|-damage|p1a: Necrozma|94/100|[from] Stealth Rock
|move|p2a: Eternatus|Dynamax Cannon|p1a: Necrozma
|-resisted|p1a: Necrozma
|-damage|p1a: Necrozma|75/100
|
|upkeep
|turn|40
|j| ULT8RQ Arctic
|j| King Billu
|j| ult8rq Staxoat
|j| GrindZN
|l| GrindZN
|l| King Billu
|l| To aru Nora
|
|t:|1620828772
|switch|p2a: Yveltal|Yveltal|84/100
|-ability|p2a: Yveltal|Dark Aura
|move|p1a: Necrozma|Earthquake|p2a: Yveltal
|-immune|p2a: Yveltal
|
|upkeep
|turn|41
|j| To aru Nora
|
|t:|1620828782
|switch|p1a: Tangrowth|Tangrowth, M|73/100
|-damage|p1a: Tangrowth|61/100|[from] Stealth Rock
|move|p2a: Yveltal|Knock Off|p1a: Tangrowth
|-damage|p1a: Tangrowth|43/100
|
|upkeep
|turn|42
|
|t:|1620828785
|move|p2a: Yveltal|U-turn|p1a: Tangrowth
|-supereffective|p1a: Tangrowth
|-damage|p1a: Tangrowth|21/100
|
|t:|1620828794
|switch|p2a: Eternatus|Eternatus|78/100 par|[from]move: U-turn
|-damage|p2a: Eternatus|65/100 par|[from] Stealth Rock
|-ability|p2a: Eternatus|Pressure
|move|p1a: Tangrowth|Leech Seed|p2a: Eternatus
|-start|p2a: Eternatus|move: Leech Seed
|
|-damage|p2a: Eternatus|53/100 par|[from] Leech Seed|[of] p1a: Tangrowth
|-heal|p1a: Tangrowth|36/100|[silent]
|upkeep
|turn|43
|
|t:|1620828800
|switch|p2a: Yveltal|Yveltal|84/100
|-ability|p2a: Yveltal|Dark Aura
|move|p1a: Tangrowth|Knock Off|p2a: Yveltal
|-resisted|p2a: Yveltal
|-damage|p2a: Yveltal|73/100
|-enditem|p2a: Yveltal|Heavy-Duty Boots|[from] move: Knock Off|[of] p1a: Tangrowth
|
|upkeep
|turn|44
|
|t:|1620828806
|move|p2a: Yveltal|Defog|p1a: Tangrowth
|-unboost|p1a: Tangrowth|evasion|1
|-sideend|p1: ULT8RQ KyogreF4N|Stealth Rock|[from] move: Defog|[of] p2a: Yveltal
|-sideend|p2: Research Club|Stealth Rock|[from] move: Defog|[of] p2a: Yveltal
|move|p1a: Tangrowth|Leech Seed|p2a: Yveltal
|-start|p2a: Yveltal|move: Leech Seed
|
|-damage|p2a: Yveltal|61/100|[from] Leech Seed|[of] p1a: Tangrowth
|-heal|p1a: Tangrowth|50/100|[silent]
|upkeep
|turn|45
|
|t:|1620828820
|switch|p1a: Eternatus|Eternatus|100/100
|-ability|p1a: Eternatus|Pressure
|move|p2a: Yveltal|Roost|p2a: Yveltal
|-heal|p2a: Yveltal|100/100
|-singleturn|p2a: Yveltal|move: Roost
|
|-damage|p2a: Yveltal|88/100|[from] Leech Seed|[of] p1a: Eternatus
|upkeep
|turn|46
|
|t:|1620828829
|switch|p2a: Calyrex|Calyrex-Shadow|100/100
|-ability|p2a: Calyrex|As One
|-ability|p2a: Calyrex|Unnerve
|move|p1a: Eternatus|Flamethrower|p2a: Calyrex
|-damage|p2a: Calyrex|71/100
|
|upkeep
|turn|47
|j| Sola&Luna
|l| To aru Nora
|j| drawwithme_yt
|inactive|ULT8RQ KyogreF4N has 120 seconds left.
|l| Sola&Luna
|j| ULT8RQ Ballfire
|
|t:|1620828866
|switch|p1a: Ho-Oh|Ho-Oh|68/100 par
|move|p2a: Calyrex|Aromatherapy|p2a: Calyrex
|-activate|p2a: Calyrex|move: Aromatherapy
|-curestatus|p2: Ho-Oh|tox|[msg]
|-curestatus|p2: Necrozma|brn|[msg]
|-curestatus|p2: Eternatus|par|[msg]
|
|upkeep
|turn|48
|l| drawwithme_yt
|inactive|ULT8RQ KyogreF4N has 120 seconds left.
|l| ult8rq Staxoat
|
|t:|1620828897
|switch|p2a: Yveltal|Yveltal|88/100
|-ability|p2a: Yveltal|Dark Aura
|move|p1a: Ho-Oh|Thunder Wave|p2a: Yveltal
|-status|p2a: Yveltal|par
|
|upkeep
|turn|49
|
|t:|1620828911
|switch|p1a: Tangrowth|Tangrowth, M|83/100
|move|p2a: Yveltal|U-turn|p1a: Tangrowth
|-supereffective|p1a: Tangrowth
|-damage|p1a: Tangrowth|61/100
|
|t:|1620828919
|switch|p2a: Calyrex|Calyrex-Shadow|71/100|[from]move: U-turn
|-ability|p2a: Calyrex|As One
|-ability|p2a: Calyrex|Unnerve
|
|upkeep
|turn|50
|
|t:|1620828925
|switch|p1a: Ho-Oh|Ho-Oh|100/100 par
|move|p2a: Calyrex|Astral Barrage|p1a: Ho-Oh
|-damage|p1a: Ho-Oh|61/100 par
|
|upkeep
|turn|51
|
|t:|1620828933
|switch|p2a: Landorus|Landorus, M|100/100
|move|p1a: Ho-Oh|Sacred Fire|p2a: Landorus
|-damage|p2a: Landorus|48/100
|-status|p2a: Landorus|brn
|
|-damage|p2a: Landorus|43/100 brn|[from] brn
|upkeep
|turn|52
|inactive|ULT8RQ KyogreF4N has 120 seconds left.
|
|t:|1620828939
|switch|p2a: Calyrex|Calyrex-Shadow|71/100
|-ability|p2a: Calyrex|As One
|-ability|p2a: Calyrex|Unnerve
|switch|p1a: Yveltal|Yveltal|86/100 brn
|-ability|p1a: Yveltal|Dark Aura
|
|-damage|p1a: Yveltal|80/100 brn|[from] brn
|upkeep
|turn|53
|
|t:|1620828945
|switch|p2a: Eternatus|Eternatus|53/100
|-ability|p2a: Eternatus|Pressure
|move|p1a: Yveltal|Knock Off|p2a: Eternatus
|-damage|p2a: Eternatus|39/100
|
|-damage|p1a: Yveltal|74/100 brn|[from] brn
|upkeep
|turn|54
|
|t:|1620828953
|switch|p1a: Necrozma|Necrozma-Dusk-Mane|75/100
|move|p2a: Eternatus|Recover|p2a: Eternatus
|-heal|p2a: Eternatus|89/100
|
|upkeep
|turn|55
|j| King Billu
|
|t:|1620828957
|switch|p2a: Calyrex|Calyrex-Shadow|71/100
|-ability|p2a: Calyrex|As One
|-ability|p2a: Calyrex|Unnerve
|move|p1a: Necrozma|Stealth Rock|p2a: Calyrex
|-sidestart|p2: Research Club|move: Stealth Rock
|
|upkeep
|turn|56
|
|t:|1620828963
|switch|p1a: Ho-Oh|Ho-Oh|94/100 par
|move|p2a: Calyrex|Aromatherapy|p2a: Calyrex
|-activate|p2a: Calyrex|move: Aromatherapy
|-curestatus|p2: Landorus|brn|[msg]
|-curestatus|p2: Yveltal|par|[msg]
|
|upkeep
|turn|57
|j| GrindZN
|l| King Billu
|
|t:|1620828971
|switch|p2a: Necrozma|Necrozma-Dusk-Mane|94/100
|-damage|p2a: Necrozma|88/100|[from] Stealth Rock
|switch|p1a: Calyrex|Calyrex-Shadow|100/100
|-ability|p1a: Calyrex|As One
|-ability|p1a: Calyrex|Unnerve
|
|-heal|p2a: Necrozma|94/100|[from] item: Leftovers
|upkeep
|turn|58
|l| fardin ❤
|
|t:|1620828981
|move|p2a: Necrozma|Protect|p2a: Necrozma
|-singleturn|p2a: Necrozma|Protect
|move|p1a: Calyrex|Astral Barrage|p2a: Necrozma
|-activate|p2a: Necrozma|move: Protect
|
|-heal|p2a: Necrozma|100/100|[from] item: Leftovers
|upkeep
|turn|59
|j| ult8rq lunala
|inactive|Research Club has 120 seconds left.
|inactive|Research Club has 90 seconds left.
|
|t:|1620829045
|switch|p2a: Yveltal|Yveltal|88/100
|-damage|p2a: Yveltal|63/100|[from] Stealth Rock
|-ability|p2a: Yveltal|Dark Aura
|move|p1a: Calyrex|Astral Barrage|p2a: Yveltal
|-resisted|p2a: Yveltal
|-damage|p2a: Yveltal|34/100
|
|upkeep
|turn|60
|
|t:|1620829054
|switch|p1a: Eternatus|Eternatus|100/100
|-ability|p1a: Eternatus|Pressure
|move|p2a: Yveltal|Roost|p2a: Yveltal
|-heal|p2a: Yveltal|84/100
|-singleturn|p2a: Yveltal|move: Roost
|
|upkeep
|turn|61
|
|t:|1620829065
|move|p1a: Eternatus|Sludge Bomb|p2a: Yveltal
|-damage|p2a: Yveltal|59/100
|move|p2a: Yveltal|Defog|p1a: Eternatus
|-unboost|p1a: Eternatus|evasion|1
|-sideend|p2: Research Club|Stealth Rock|[from] move: Defog|[of] p2a: Yveltal
|
|upkeep
|turn|62
|
|t:|1620829073
|move|p1a: Eternatus|Sludge Bomb|p2a: Yveltal
|-damage|p2a: Yveltal|36/100
|-status|p2a: Yveltal|psn
|move|p2a: Yveltal|Roost|p2a: Yveltal
|-heal|p2a: Yveltal|86/100 psn
|-singleturn|p2a: Yveltal|move: Roost
|
|-damage|p2a: Yveltal|73/100 psn|[from] psn
|upkeep
|turn|63
|
|t:|1620829079
|move|p1a: Eternatus|Dynamax Cannon|p2a: Yveltal
|-damage|p2a: Yveltal|48/100 psn
|move|p2a: Yveltal|U-turn|p1a: Eternatus
|-resisted|p1a: Eternatus
|-damage|p1a: Eternatus|92/100
|
|t:|1620829083
|switch|p2a: Calyrex|Calyrex-Shadow|71/100|[from]move: U-turn
|-ability|p2a: Calyrex|As One
|-ability|p2a: Calyrex|Unnerve
|
|upkeep
|turn|64
|
|t:|1620829089
|move|p2a: Calyrex|Aromatherapy|p2a: Calyrex
|-activate|p2a: Calyrex|move: Aromatherapy
|-curestatus|p2: Yveltal|psn|[msg]
|move|p1a: Eternatus|Dynamax Cannon|p2a: Calyrex
|-damage|p2a: Calyrex|21/100
|
|upkeep
|turn|65
|
|t:|1620829095
|switch|p2a: Necrozma|Necrozma-Dusk-Mane|100/100
|move|p1a: Eternatus|Flamethrower|p2a: Necrozma
|-supereffective|p2a: Necrozma
|-damage|p2a: Necrozma|64/100
|
|-heal|p2a: Necrozma|70/100|[from] item: Leftovers
|upkeep
|turn|66
|
|t:|1620829101
|switch|p1a: Necrozma|Necrozma-Dusk-Mane|75/100
|switch|p2a: Yveltal|Yveltal|48/100
|-ability|p2a: Yveltal|Dark Aura
|
|upkeep
|turn|67
|inactive|ULT8RQ KyogreF4N has 120 seconds left.
|
|t:|1620829140
|switch|p1a: Tangrowth|Tangrowth, M|94/100
|move|p2a: Yveltal|Roost|p2a: Yveltal
|-heal|p2a: Yveltal|98/100
|-singleturn|p2a: Yveltal|move: Roost
|
|upkeep
|turn|68
|
|t:|1620829145
|switch|p2a: Eternatus|Eternatus|89/100
|-ability|p2a: Eternatus|Pressure
|move|p1a: Tangrowth|Leech Seed|p2a: Eternatus
|-start|p2a: Eternatus|move: Leech Seed
|
|-damage|p2a: Eternatus|76/100|[from] Leech Seed|[of] p1a: Tangrowth
|-heal|p1a: Tangrowth|100/100|[silent]
|upkeep
|turn|69
|
|t:|1620829154
|switch|p2a: Ho-Oh|Ho-Oh|79/100
|switch|p1a: Calyrex|Calyrex-Shadow|100/100
|-ability|p1a: Calyrex|As One
|-ability|p1a: Calyrex|Unnerve
|
|upkeep
|turn|70
|
|t:|1620829162
|switch|p1a: Ho-Oh|Ho-Oh|100/100 par
|move|p2a: Ho-Oh|Thunder Wave|p1a: Ho-Oh
|-fail|p1a: Ho-Oh|par
|
|upkeep
|turn|71
|
|t:|1620829170
|switch|p2a: Necrozma|Necrozma-Dusk-Mane|70/100
|cant|p1a: Ho-Oh|par
|
|-heal|p2a: Necrozma|76/100|[from] item: Leftovers
|upkeep
|turn|72
|
|t:|1620829177
|switch|p1a: Necrozma|Necrozma-Dusk-Mane|75/100
|move|p2a: Necrozma|Stealth Rock|p1a: Necrozma
|-sidestart|p1: ULT8RQ KyogreF4N|move: Stealth Rock
|
|-heal|p2a: Necrozma|82/100|[from] item: Leftovers
|upkeep
|turn|73
|
|t:|1620829181
|switch|p2a: Ho-Oh|Ho-Oh|100/100
|move|p1a: Necrozma|Stealth Rock|p2a: Ho-Oh
|-sidestart|p2: Research Club|move: Stealth Rock
|
|upkeep
|turn|74
|
|t:|1620829190
|switch|p1a: Eternatus|Eternatus|92/100
|-ability|p1a: Eternatus|Pressure
|move|p2a: Ho-Oh|Defog|p1a: Eternatus
|-unboost|p1a: Eternatus|evasion|1
|-sideend|p1: ULT8RQ KyogreF4N|Stealth Rock|[from] move: Defog|[of] p2a: Ho-Oh
|-sideend|p2: Research Club|Stealth Rock|[from] move: Defog|[of] p2a: Ho-Oh
|
|upkeep
|turn|75
|
|t:|1620829195
|switch|p2a: Necrozma|Necrozma-Dusk-Mane|82/100
|move|p1a: Eternatus|Sludge Bomb|p2a: Necrozma
|-immune|p2a: Necrozma
|
|-heal|p2a: Necrozma|88/100|[from] item: Leftovers
|upkeep
|turn|76
|
|t:|1620829203
|switch|p1a: Necrozma|Necrozma-Dusk-Mane|75/100
|switch|p2a: Ho-Oh|Ho-Oh|100/100
|
|upkeep
|turn|77
|
|t:|1620829208
|switch|p2a: Landorus|Landorus, M|43/100
|switch|p1a: Ho-Oh|Ho-Oh|100/100 par
|
|upkeep
|turn|78
|
|t:|1620829222
|switch|p1a: Eternatus|Eternatus|92/100
|-ability|p1a: Eternatus|Pressure
|move|p2a: Landorus|Rock Slide|p1a: Eternatus
|-damage|p1a: Eternatus|63/100
|
|upkeep
|turn|79
|
|t:|1620829237
|switch|p2a: Ho-Oh|Ho-Oh|100/100
|move|p1a: Eternatus|Dynamax Cannon|p2a: Ho-Oh
|-damage|p2a: Ho-Oh|77/100
|
|upkeep
|turn|80
|
|t:|1620829247
|switch|p2a: Necrozma|Necrozma-Dusk-Mane|88/100
|move|p1a: Eternatus|Sludge Bomb|p2a: Necrozma
|-immune|p2a: Necrozma
|
|-heal|p2a: Necrozma|94/100|[from] item: Leftovers
|upkeep
|turn|81
|
|t:|1620829254
|switch|p2a: Ho-Oh|Ho-Oh|100/100
|move|p1a: Eternatus|Recover|p1a: Eternatus
|-heal|p1a: Eternatus|100/100
|
|upkeep
|turn|82
|
|t:|1620829263
|switch|p1a: Yveltal|Yveltal|74/100 brn
|-ability|p1a: Yveltal|Dark Aura
|switch|p2a: Necrozma|Necrozma-Dusk-Mane|94/100
|
|-heal|p2a: Necrozma|99/100|[from] item: Leftovers
|-damage|p1a: Yveltal|68/100 brn|[from] brn
|upkeep
|turn|83
|
|t:|1620829268
|switch|p2a: Eternatus|Eternatus|76/100
|-ability|p2a: Eternatus|Pressure
|move|p1a: Yveltal|Knock Off|p2a: Eternatus
|-damage|p2a: Eternatus|63/100
|
|-damage|p1a: Yveltal|62/100 brn|[from] brn
|upkeep
|turn|84
|
|t:|1620829276
|move|p2a: Eternatus|Recover|p2a: Eternatus
|-heal|p2a: Eternatus|100/100
|move|p1a: Yveltal|Roost|p1a: Yveltal
|-heal|p1a: Yveltal|100/100 brn
|-singleturn|p1a: Yveltal|move: Roost
|
|-damage|p1a: Yveltal|94/100 brn|[from] brn
|upkeep
|turn|85
|
|t:|1620829284
|switch|p2a: Ho-Oh|Ho-Oh|100/100
|move|p1a: Yveltal|Taunt|p2a: Ho-Oh
|-start|p2a: Ho-Oh|move: Taunt
|
|-damage|p1a: Yveltal|88/100 brn|[from] brn
|upkeep
|turn|86
|j| Saint Surfy
|
|t:|1620829294
|switch|p1a: Calyrex|Calyrex-Shadow|100/100
|-ability|p1a: Calyrex|As One
|-ability|p1a: Calyrex|Unnerve
|switch|p2a: Eternatus|Eternatus|100/100
|-ability|p2a: Eternatus|Pressure
|
|upkeep
|turn|87
|
|t:|1620829311
|move|p1a: Calyrex|Aromatherapy|p1a: Calyrex
|-activate|p1a: Calyrex|move: Aromatherapy
|-curestatus|p1: Ho-Oh|par|[msg]
|-curestatus|p1: Yveltal|brn|[msg]
|move|p2a: Eternatus|Dynamax Cannon|p1a: Calyrex
|-damage|p1a: Calyrex|53/100
|
|upkeep
|turn|88
|
|t:|1620829315
|switch|p1a: Necrozma|Necrozma-Dusk-Mane|75/100
|switch|p2a: Ho-Oh|Ho-Oh|100/100
|
|upkeep
|turn|89
|
|t:|1620829320
|switch|p1a: Ho-Oh|Ho-Oh|100/100
|move|p2a: Ho-Oh|Thunder Wave|p1a: Ho-Oh
|-status|p1a: Ho-Oh|par
|
|upkeep
|turn|90
|
|t:|1620829329
|switch|p2a: Necrozma|Necrozma-Dusk-Mane|99/100
|move|p1a: Ho-Oh|Brave Bird|p2a: Necrozma
|-resisted|p2a: Necrozma
|-damage|p2a: Necrozma|87/100
|-damage|p1a: Ho-Oh|96/100 par|[from] Recoil
|
|-heal|p2a: Necrozma|93/100|[from] item: Leftovers
|upkeep
|turn|91
|
|t:|1620829339
|switch|p1a: Necrozma|Necrozma-Dusk-Mane|75/100
|move|p2a: Necrozma|Stealth Rock|p1a: Necrozma
|-sidestart|p1: ULT8RQ KyogreF4N|move: Stealth Rock
|
|-heal|p2a: Necrozma|99/100|[from] item: Leftovers
|upkeep
|turn|92
|
|t:|1620829342
|switch|p2a: Ho-Oh|Ho-Oh|100/100
|move|p1a: Necrozma|Stealth Rock|p2a: Ho-Oh
|-sidestart|p2: Research Club|move: Stealth Rock
|
|upkeep
|turn|93
|
|t:|1620829348
|switch|p1a: Eternatus|Eternatus|100/100
|-ability|p1a: Eternatus|Pressure
|move|p2a: Ho-Oh|Defog|p1a: Eternatus
|-unboost|p1a: Eternatus|evasion|1
|-sideend|p1: ULT8RQ KyogreF4N|Stealth Rock|[from] move: Defog|[of] p2a: Ho-Oh
|-sideend|p2: Research Club|Stealth Rock|[from] move: Defog|[of] p2a: Ho-Oh
|
|upkeep
|turn|94
|
|t:|1620829363
|switch|p1a: Ho-Oh|Ho-Oh|100/100 par
|switch|p2a: Necrozma|Necrozma-Dusk-Mane|99/100
|
|-heal|p2a: Necrozma|100/100|[from] item: Leftovers
|upkeep
|turn|95
|
|t:|1620829373
|switch|p2a: Ho-Oh|Ho-Oh|100/100
|switch|p1a: Necrozma|Necrozma-Dusk-Mane|75/100
|
|upkeep
|turn|96
|
|t:|1620829380
|switch|p2a: Yveltal|Yveltal|98/100
|-ability|p2a: Yveltal|Dark Aura
|switch|p1a: Tangrowth|Tangrowth, M|100/100
|
|upkeep
|turn|97
|
|t:|1620829394
|switch|p2a: Ho-Oh|Ho-Oh|100/100
|move|p1a: Tangrowth|Knock Off|p2a: Ho-Oh
|-damage|p2a: Ho-Oh|91/100
|
|upkeep
|turn|98
|j| King Billu
|l| King Billu
|
|t:|1620829408
|switch|p2a: Eternatus|Eternatus|100/100
|-ability|p2a: Eternatus|Pressure
|move|p1a: Tangrowth|Toxic|p2a: Eternatus
|-immune|p2a: Eternatus
|
|upkeep
|turn|99
|
|t:|1620829425
|switch|p2a: Ho-Oh|Ho-Oh|100/100
|switch|p1a: Necrozma|Necrozma-Dusk-Mane|75/100
|
|upkeep
|turn|100
|
|t:|1620829433
|switch|p2a: Landorus|Landorus, M|43/100
|switch|p1a: Tangrowth|Tangrowth, M|100/100
|
|upkeep
|turn|101
|inactive|Research Club has 120 seconds left.
|l| Saint Surfy
|inactive|Research Club has 90 seconds left.
|
|t:|1620829473
|switch|p2a: Ho-Oh|Ho-Oh|100/100
|switch|p1a: Yveltal|Yveltal|88/100
|-ability|p1a: Yveltal|Dark Aura
|
|upkeep
|turn|102
|inactive|Research Club has 90 seconds left.
|
|t:|1620829481
|move|p1a: Yveltal|Toxic|p2a: Ho-Oh
|-status|p2a: Ho-Oh|tox
|move|p2a: Ho-Oh|Thunder Wave|p1a: Yveltal
|-status|p1a: Yveltal|par
|
|-damage|p2a: Ho-Oh|94/100 tox|[from] psn
|upkeep
|turn|103
|inactive|Research Club has 90 seconds left.
|n|+Lunala|ult8rqlunala
|
|t:|1620829492
|switch|p2a: Eternatus|Eternatus|100/100
|-ability|p2a: Eternatus|Pressure
|switch|p1a: Eternatus|Eternatus|100/100
|-ability|p1a: Eternatus|Pressure
|
|upkeep
|turn|104
|
|t:|1620829502
|switch|p1a: Necrozma|Necrozma-Dusk-Mane|75/100
|switch|p2a: Ho-Oh|Ho-Oh|100/100 tox
|
|-damage|p2a: Ho-Oh|94/100 tox|[from] psn
|upkeep
|turn|105
|
|t:|1620829517
|move|p2a: Ho-Oh|Thunder Wave|p1a: Necrozma
|-status|p1a: Necrozma|par
|cant|p1a: Necrozma|par
|
|-damage|p2a: Ho-Oh|82/100 tox|[from] psn
|upkeep
|turn|106
|
|t:|1620829526
|switch|p2a: Yveltal|Yveltal|98/100
|-ability|p2a: Yveltal|Dark Aura
|switch|p1a: Eternatus|Eternatus|100/100
|-ability|p1a: Eternatus|Pressure
|
|upkeep
|turn|107
|inactive|Research Club has 90 seconds left.
|
|t:|1620829531
|move|p1a: Eternatus|Sludge Bomb|p2a: Yveltal
|-damage|p2a: Yveltal|74/100
|move|p2a: Yveltal|Knock Off|p1a: Eternatus
|-damage|p1a: Eternatus|58/100
|-enditem|p1a: Eternatus|Heavy-Duty Boots|[from] move: Knock Off|[of] p2a: Yveltal
|
|upkeep
|turn|108
|inactive|Research Club has 90 seconds left.
|
|t:|1620829539
|switch|p2a: Necrozma|Necrozma-Dusk-Mane|100/100
|move|p1a: Eternatus|Sludge Bomb|p2a: Necrozma
|-immune|p2a: Necrozma
|
|upkeep
|turn|109
|inactive|Research Club has 90 seconds left.
|
|t:|1620829544
|switch|p1a: Necrozma|Necrozma-Dusk-Mane|75/100 par
|move|p2a: Necrozma|Stealth Rock|p1a: Necrozma
|-sidestart|p1: ULT8RQ KyogreF4N|move: Stealth Rock
|
|upkeep
|turn|110
|
|t:|1620829550
|switch|p2a: Yveltal|Yveltal|74/100
|-ability|p2a: Yveltal|Dark Aura
|cant|p1a: Necrozma|par
|
|upkeep
|turn|111
|inactive|Research Club has 90 seconds left.
|
|t:|1620829563
|switch|p1a: Eternatus|Eternatus|58/100
|-damage|p1a: Eternatus|46/100|[from] Stealth Rock
|-ability|p1a: Eternatus|Pressure
|move|p2a: Yveltal|Knock Off|p1a: Eternatus
|-damage|p1a: Eternatus|17/100
|
|upkeep
|turn|112
|
|t:|1620829567
|move|p1a: Eternatus|Recover|p1a: Eternatus
|-heal|p1a: Eternatus|67/100
|move|p2a: Yveltal|Roost|p2a: Yveltal
|-heal|p2a: Yveltal|100/100
|-singleturn|p2a: Yveltal|move: Roost
|
|upkeep
|turn|113
|
|t:|1620829574
|switch|p2a: Ho-Oh|Ho-Oh|100/100 tox
|move|p1a: Eternatus|Sludge Bomb|p2a: Ho-Oh
|-damage|p2a: Ho-Oh|77/100 tox
|
|-damage|p2a: Ho-Oh|71/100 tox|[from] psn
|upkeep
|turn|114
|inactive|ULT8RQ KyogreF4N has 120 seconds left.
|inactive|Research Club has 90 seconds left.
|
|t:|1620829629
|switch|p1a: Tangrowth|Tangrowth, M|100/100
|-damage|p1a: Tangrowth|88/100|[from] Stealth Rock
|move|p2a: Ho-Oh|Thunder Wave|p1a: Tangrowth
|-status|p1a: Tangrowth|par
|
|-damage|p2a: Ho-Oh|58/100 tox|[from] psn
|upkeep
|turn|115
|inactive|Research Club has 90 seconds left.
|inactive|ULT8RQ KyogreF4N has 90 seconds left.
|
|t:|1620829646
|switch|p2a: Yveltal|Yveltal|100/100
|-ability|p2a: Yveltal|Dark Aura
|move|p1a: Tangrowth|Leech Seed|p2a: Yveltal
|-start|p2a: Yveltal|move: Leech Seed
|
|-damage|p2a: Yveltal|88/100|[from] Leech Seed|[of] p1a: Tangrowth
|-heal|p1a: Tangrowth|100/100 par|[silent]
|upkeep
|turn|116
|inactive|Research Club has 90 seconds left.
|l| ULT8RQ Dionysus
|
|t:|1620829666
|switch|p1a: Necrozma|Necrozma-Dusk-Mane|75/100 par
|-damage|p1a: Necrozma|69/100 par|[from] Stealth Rock
|move|p2a: Yveltal|U-turn|p1a: Necrozma
|-damage|p1a: Necrozma|55/100 par
|-damage|p2a: Yveltal|72/100|[from] item: Rocky Helmet|[of] p1a: Necrozma
|inactive|Research Club has 90 seconds left.
|
|t:|1620829679
|switch|p2a: Calyrex|Calyrex-Shadow|21/100|[from]move: U-turn
|-ability|p2a: Calyrex|As One
|-ability|p2a: Calyrex|Unnerve
|
|upkeep
|turn|117
|
|t:|1620829689
|switch|p1a: Yveltal|Yveltal|88/100 par
|-ability|p1a: Yveltal|Dark Aura
|move|p2a: Calyrex|Astral Barrage|p1a: Yveltal
|-resisted|p1a: Yveltal
|-damage|p1a: Yveltal|63/100 par
|
|upkeep
|turn|118
|
|t:|1620829698
|switch|p2a: Yveltal|Yveltal|72/100
|-ability|p2a: Yveltal|Dark Aura
|move|p1a: Yveltal|Roost|p1a: Yveltal
|-heal|p1a: Yveltal|100/100 par
|-singleturn|p1a: Yveltal|move: Roost
|
|upkeep
|turn|119
|
|t:|1620829703
|move|p2a: Yveltal|Knock Off|p1a: Yveltal
|-resisted|p1a: Yveltal
|-damage|p1a: Yveltal|78/100 par
|-enditem|p1a: Yveltal|Heavy-Duty Boots|[from] move: Knock Off|[of] p2a: Yveltal
|move|p1a: Yveltal|Toxic|p2a: Yveltal
|-status|p2a: Yveltal|tox
|
|-damage|p2a: Yveltal|66/100 tox|[from] psn
|upkeep
|turn|120
|
|t:|1620829706
|move|p2a: Yveltal|U-turn|p1a: Yveltal
|-damage|p1a: Yveltal|60/100 par
|
|t:|1620829709
|switch|p2a: Eternatus|Eternatus|100/100|[from]move: U-turn
|-ability|p2a: Eternatus|Pressure
|move|p1a: Yveltal|Knock Off|p2a: Eternatus
|-damage|p2a: Eternatus|74/100
|
|upkeep
|turn|121
|inactive|ULT8RQ KyogreF4N has 90 seconds left.
|
|t:|1620829715
|switch|p1a: Calyrex|Calyrex-Shadow|53/100
|-ability|p1a: Calyrex|As One
|-ability|p1a: Calyrex|Unnerve
|-damage|p1a: Calyrex|41/100|[from] Stealth Rock
|move|p2a: Eternatus|Dynamax Cannon|p1a: Calyrex
|-damage|p1a: Calyrex|0 fnt
|faint|p1a: Calyrex
|
|upkeep
|
|t:|1620829719
|switch|p1a: Eternatus|Eternatus|67/100
|-damage|p1a: Eternatus|55/100|[from] Stealth Rock
|-ability|p1a: Eternatus|Pressure
|turn|122
|
|t:|1620829723
|move|p1a: Eternatus|Recover|p1a: Eternatus
|-heal|p1a: Eternatus|100/100
|move|p2a: Eternatus|Recover|p2a: Eternatus
|-heal|p2a: Eternatus|100/100
|
|upkeep
|turn|123
|
|t:|1620829730
|switch|p2a: Ho-Oh|Ho-Oh|92/100 tox
|move|p1a: Eternatus|Dynamax Cannon|p2a: Ho-Oh
|-damage|p2a: Ho-Oh|64/100 tox
|
|-damage|p2a: Ho-Oh|58/100 tox|[from] psn
|upkeep
|turn|124
|
|t:|1620829740
|switch|p1a: Ho-Oh|Ho-Oh|100/100 par
|-damage|p1a: Ho-Oh|50/100 par|[from] Stealth Rock
|switch|p2a: Necrozma|Necrozma-Dusk-Mane|100/100
|
|upkeep
|turn|125
|
|t:|1620829747
|move|p2a: Necrozma|Sunsteel Strike|p1a: Ho-Oh
|-resisted|p1a: Ho-Oh
|-damage|p1a: Ho-Oh|31/100 par
|move|p1a: Ho-Oh|Defog|p2a: Necrozma
|-unboost|p2a: Necrozma|evasion|1
|-sideend|p1: ULT8RQ KyogreF4N|Stealth Rock|[from] move: Defog|[of] p1a: Ho-Oh
|
|upkeep
|turn|126
|
|t:|1620829753
|switch|p2a: Calyrex|Calyrex-Shadow|21/100
|-ability|p2a: Calyrex|As One
|-ability|p2a: Calyrex|Unnerve
|cant|p1a: Ho-Oh|par
|
|upkeep
|turn|127
|
|t:|1620829765
|switch|p1a: Yveltal|Yveltal|60/100 par
|-ability|p1a: Yveltal|Dark Aura
|move|p2a: Calyrex|Astral Barrage|p1a: Yveltal
|-resisted|p1a: Yveltal
|-damage|p1a: Yveltal|37/100 par
|
|upkeep
|turn|128
|
|t:|1620829773
|switch|p2a: Ho-Oh|Ho-Oh|91/100 tox
|move|p1a: Yveltal|Roost|p1a: Yveltal
|-heal|p1a: Yveltal|87/100 par
|-singleturn|p1a: Yveltal|move: Roost
|
|-damage|p2a: Ho-Oh|85/100 tox|[from] psn
|upkeep
|turn|129
|
|t:|1620829780
|switch|p2a: Eternatus|Eternatus|100/100
|-ability|p2a: Eternatus|Pressure
|cant|p1a: Yveltal|par
|
|upkeep
|turn|130
|
|t:|1620829792
|switch|p2a: Ho-Oh|Ho-Oh|100/100 tox
|switch|p1a: Necrozma|Necrozma-Dusk-Mane|55/100 par
|
|-damage|p2a: Ho-Oh|94/100 tox|[from] psn
|upkeep
|turn|131
|
|t:|1620829797
|move|p2a: Ho-Oh|Thunder Wave|p1a: Necrozma
|-fail|p1a: Necrozma|par
|move|p1a: Necrozma|Morning Sun|p1a: Necrozma
|-heal|p1a: Necrozma|100/100 par
|
|-damage|p2a: Ho-Oh|82/100 tox|[from] psn
|upkeep
|turn|132
|
|t:|1620829812
|switch|p2a: Yveltal|Yveltal|66/100 tox
|-ability|p2a: Yveltal|Dark Aura
|switch|p1a: Ho-Oh|Ho-Oh|64/100 par
|
|-damage|p2a: Yveltal|59/100 tox|[from] psn
|upkeep
|turn|133
|
|t:|1620829817
|move|p2a: Yveltal|U-turn|p1a: Ho-Oh
|-resisted|p1a: Ho-Oh
|-damage|p1a: Ho-Oh|60/100 par
|
|t:|1620829821
|switch|p2a: Ho-Oh|Ho-Oh|100/100 tox|[from]move: U-turn
|move|p1a: Ho-Oh|Brave Bird|p2a: Ho-Oh
|-damage|p2a: Ho-Oh|69/100 tox
|-damage|p1a: Ho-Oh|49/100 par|[from] Recoil
|
|-damage|p2a: Ho-Oh|63/100 tox|[from] psn
|upkeep
|turn|134
|inactive|Research Club has 120 seconds left.
|l| ULT8RQ Yippie
|
|t:|1620829830
|switch|p2a: Calyrex|Calyrex-Shadow|21/100
|-ability|p2a: Calyrex|As One
|-ability|p2a: Calyrex|Unnerve
|switch|p1a: Necrozma|Necrozma-Dusk-Mane|100/100 par
|
|upkeep
|turn|135
|inactive|Research Club has 120 seconds left.
|
|t:|1620829839
|move|p2a: Calyrex|Aromatherapy|p2a: Calyrex
|-activate|p2a: Calyrex|move: Aromatherapy
|-curestatus|p2: Ho-Oh|tox|[msg]
|-curestatus|p2: Yveltal|tox|[msg]
|move|p1a: Necrozma|Stealth Rock|p2a: Calyrex
|-sidestart|p2: Research Club|move: Stealth Rock
|
|upkeep
|turn|136
|inactive|Research Club has 120 seconds left.
|
|t:|1620829852
|switch|p2a: Necrozma|Necrozma-Dusk-Mane|100/100
|-damage|p2a: Necrozma|94/100|[from] Stealth Rock
|switch|p1a: Eternatus|Eternatus|100/100
|-ability|p1a: Eternatus|Pressure
|
|-heal|p2a: Necrozma|100/100|[from] item: Leftovers
|upkeep
|turn|137
|
|t:|1620829857
|move|p1a: Eternatus|Flamethrower|p2a: Necrozma
|-supereffective|p2a: Necrozma
|-damage|p2a: Necrozma|66/100
|move|p2a: Necrozma|Stealth Rock|p1a: Eternatus
|-sidestart|p1: ULT8RQ KyogreF4N|move: Stealth Rock
|
|-heal|p2a: Necrozma|72/100|[from] item: Leftovers
|upkeep
|turn|138
|
|t:|1620829863
|move|p1a: Eternatus|Flamethrower|p2a: Necrozma
|-supereffective|p2a: Necrozma
|-damage|p2a: Necrozma|39/100
|move|p2a: Necrozma|Morning Sun|p2a: Necrozma
|-heal|p2a: Necrozma|89/100
|
|-heal|p2a: Necrozma|95/100|[from] item: Leftovers
|upkeep
|turn|139
|
|t:|1620829869
|switch|p2a: Ho-Oh|Ho-Oh|96/100
|-damage|p2a: Ho-Oh|46/100|[from] Stealth Rock
|move|p1a: Eternatus|Flamethrower|p2a: Ho-Oh
|-resisted|p2a: Ho-Oh
|-damage|p2a: Ho-Oh|37/100
|
|upkeep
|turn|140
|
|t:|1620829873
|move|p1a: Eternatus|Sludge Bomb|p2a: Ho-Oh
|-damage|p2a: Ho-Oh|14/100
|move|p2a: Ho-Oh|Thunder Wave|p1a: Eternatus|[miss]
|-miss|p2a: Ho-Oh|p1a: Eternatus
|
|upkeep
|turn|141
|
|t:|1620829883
|switch|p2a: Eternatus|Eternatus|100/100
|-damage|p2a: Eternatus|88/100|[from] Stealth Rock
|-ability|p2a: Eternatus|Pressure
|move|p1a: Eternatus|Sludge Bomb|p2a: Eternatus
|-resisted|p2a: Eternatus
|-damage|p2a: Eternatus|75/100
|
|upkeep
|turn|142
|
|t:|1620829887
|move|p1a: Eternatus|Dynamax Cannon|p2a: Eternatus
|-supereffective|p2a: Eternatus
|-damage|p2a: Eternatus|17/100
|move|p2a: Eternatus|Recover|p2a: Eternatus
|-heal|p2a: Eternatus|67/100
|
|upkeep
|turn|143
|
|t:|1620829892
|switch|p1a: Necrozma|Necrozma-Dusk-Mane|100/100 par
|-damage|p1a: Necrozma|94/100 par|[from] Stealth Rock
|move|p2a: Eternatus|Recover|p2a: Eternatus
|-heal|p2a: Eternatus|100/100
|
|upkeep
|turn|144
|
|t:|1620829898
|switch|p2a: Yveltal|Yveltal|59/100
|-damage|p2a: Yveltal|35/100|[from] Stealth Rock
|-ability|p2a: Yveltal|Dark Aura
|move|p1a: Necrozma|Earthquake|p2a: Yveltal
|-immune|p2a: Yveltal
|
|upkeep
|turn|145
|
|t:|1620829906
|switch|p1a: Eternatus|Eternatus|100/100
|-damage|p1a: Eternatus|88/100|[from] Stealth Rock
|-ability|p1a: Eternatus|Pressure
|move|p2a: Yveltal|Roost|p2a: Yveltal
|-heal|p2a: Yveltal|85/100
|-singleturn|p2a: Yveltal|move: Roost
|
|upkeep
|turn|146
|
|t:|1620829911
|switch|p2a: Eternatus|Eternatus|100/100
|-damage|p2a: Eternatus|88/100|[from] Stealth Rock
|-ability|p2a: Eternatus|Pressure
|move|p1a: Eternatus|Sludge Bomb|p2a: Eternatus
|-resisted|p2a: Eternatus
|-damage|p2a: Eternatus|76/100
|
|upkeep
|turn|147
|
|t:|1620829915
|switch|p1a: Necrozma|Necrozma-Dusk-Mane|94/100 par
|-damage|p1a: Necrozma|88/100 par|[from] Stealth Rock
|move|p2a: Eternatus|Recover|p2a: Eternatus
|-heal|p2a: Eternatus|100/100
|
|upkeep
|turn|148
|
|t:|1620829923
|move|p2a: Eternatus|Substitute|p2a: Eternatus
|-start|p2a: Eternatus|Substitute
|-damage|p2a: Eternatus|76/100
|move|p1a: Necrozma|Earthquake|p2a: Eternatus
|-supereffective|p2a: Eternatus
|-end|p2a: Eternatus|Substitute
|
|upkeep
|turn|149
|
|t:|1620829926
|move|p2a: Eternatus|Substitute|p2a: Eternatus
|-start|p2a: Eternatus|Substitute
|-damage|p2a: Eternatus|51/100
|move|p1a: Necrozma|Earthquake|p2a: Eternatus
|-supereffective|p2a: Eternatus
|-end|p2a: Eternatus|Substitute
|
|upkeep
|turn|150
|
|t:|1620829930
|move|p2a: Eternatus|Recover|p2a: Eternatus
|-heal|p2a: Eternatus|100/100
|move|p1a: Necrozma|Earthquake|p2a: Eternatus
|-supereffective|p2a: Eternatus
|-damage|p2a: Eternatus|42/100
|
|upkeep
|turn|151
|
|t:|1620829934
|move|p2a: Eternatus|Recover|p2a: Eternatus
|-heal|p2a: Eternatus|92/100
|move|p1a: Necrozma|Earthquake|p2a: Eternatus
|-supereffective|p2a: Eternatus
|-crit|p2a: Eternatus
|-damage|p2a: Eternatus|1/100
|
|upkeep
|turn|152
|
|t:|1620829941
|move|p2a: Eternatus|Recover|p2a: Eternatus
|-heal|p2a: Eternatus|51/100
|move|p1a: Necrozma|Earthquake|p2a: Eternatus
|-supereffective|p2a: Eternatus
|-damage|p2a: Eternatus|0 fnt
|faint|p2a: Eternatus
|
|upkeep
|c|☆ULT8RQ KyogreF4N|Allez
|
|t:|1620829952
|switch|p2a: Landorus|Landorus, M|43/100
|-damage|p2a: Landorus|30/100|[from] Stealth Rock
|turn|153
|
|t:|1620829973
|switch|p1a: Ho-Oh|Ho-Oh|82/100 par
|-damage|p1a: Ho-Oh|32/100 par|[from] Stealth Rock
|move|p2a: Landorus|Earth Power|p1a: Ho-Oh
|-immune|p1a: Ho-Oh
|
|upkeep
|turn|154
|inactive|ULT8RQ KyogreF4N has 120 seconds left.
|
|t:|1620830011
|switch|p1a: Eternatus|Eternatus|88/100
|-damage|p1a: Eternatus|76/100|[from] Stealth Rock
|-ability|p1a: Eternatus|Pressure
|move|p2a: Landorus|Rock Slide|p1a: Eternatus
|-damage|p1a: Eternatus|49/100
|
|upkeep
|turn|155
|
|t:|1620830031
|move|p2a: Landorus|Protect|p2a: Landorus
|-singleturn|p2a: Landorus|Protect
|move|p1a: Eternatus|Dynamax Cannon|p2a: Landorus
|-activate|p2a: Landorus|move: Protect
|
|upkeep
|turn|156
|inactive|Research Club has 120 seconds left.
|
|t:|1620830049
|switch|p2a: Necrozma|Necrozma-Dusk-Mane|95/100
|-damage|p2a: Necrozma|89/100|[from] Stealth Rock
|move|p1a: Eternatus|Dynamax Cannon|p2a: Necrozma
|-resisted|p2a: Necrozma
|-damage|p2a: Necrozma|70/100
|
|-heal|p2a: Necrozma|76/100|[from] item: Leftovers
|upkeep
|turn|157
|inactive|Research Club has 120 seconds left.
|
|t:|1620830054
|move|p2a: Necrozma|Protect|p2a: Necrozma
|-singleturn|p2a: Necrozma|Protect
|move|p1a: Eternatus|Flamethrower|p2a: Necrozma
|-activate|p2a: Necrozma|move: Protect
|
|-heal|p2a: Necrozma|82/100|[from] item: Leftovers
|upkeep
|turn|158
|inactive|Research Club has 120 seconds left.
|
|t:|1620830061
|switch|p2a: Yveltal|Yveltal|85/100
|-damage|p2a: Yveltal|60/100|[from] Stealth Rock
|-ability|p2a: Yveltal|Dark Aura
|move|p1a: Eternatus|Flamethrower|p2a: Yveltal
|-damage|p2a: Yveltal|44/100
|
|upkeep
|turn|159
|
|t:|1620830064
|move|p1a: Eternatus|Sludge Bomb|p2a: Yveltal
|-damage|p2a: Yveltal|23/100
|-status|p2a: Yveltal|psn
|move|p2a: Yveltal|Roost|p2a: Yveltal
|-heal|p2a: Yveltal|73/100 psn
|-singleturn|p2a: Yveltal|move: Roost
|
|-damage|p2a: Yveltal|60/100 psn|[from] psn
|upkeep
|turn|160
|
|t:|1620830068
|move|p1a: Eternatus|Recover|p1a: Eternatus
|-heal|p1a: Eternatus|99/100
|move|p2a: Yveltal|Defog|p1a: Eternatus
|-unboost|p1a: Eternatus|evasion|1
|-sideend|p1: ULT8RQ KyogreF4N|Stealth Rock|[from] move: Defog|[of] p2a: Yveltal
|-sideend|p2: Research Club|Stealth Rock|[from] move: Defog|[of] p2a: Yveltal
|
|-damage|p2a: Yveltal|48/100 psn|[from] psn
|upkeep
|turn|161
|inactive|ULT8RQ KyogreF4N has 120 seconds left.
|
|t:|1620830086
|switch|p1a: Ho-Oh|Ho-Oh|66/100 par
|move|p2a: Yveltal|Roost|p2a: Yveltal
|-heal|p2a: Yveltal|98/100 psn
|-singleturn|p2a: Yveltal|move: Roost
|
|-damage|p2a: Yveltal|86/100 psn|[from] psn
|upkeep
|turn|162
|
|t:|1620830095
|switch|p2a: Necrozma|Necrozma-Dusk-Mane|82/100
|move|p1a: Ho-Oh|Thunder Wave|p2a: Necrozma
|-status|p2a: Necrozma|par
|
|-heal|p2a: Necrozma|88/100 par|[from] item: Leftovers
|upkeep
|turn|163
|
|t:|1620830099
|switch|p1a: Necrozma|Necrozma-Dusk-Mane|88/100 par
|switch|p2a: Ho-Oh|Ho-Oh|47/100
|
|upkeep
|turn|164
|
|t:|1620830107
|move|p2a: Ho-Oh|Thunder Wave|p1a: Necrozma|[miss]
|-miss|p2a: Ho-Oh|p1a: Necrozma
|cant|p1a: Necrozma|par
|
|upkeep
|turn|165
|inactive|ULT8RQ KyogreF4N has 120 seconds left.
|
|t:|1620830114
|move|p2a: Ho-Oh|Thunder Wave|p1a: Necrozma
|-fail|p1a: Necrozma|par
|move|p1a: Necrozma|Stealth Rock|p2a: Ho-Oh
|-sidestart|p2: Research Club|move: Stealth Rock
|
|upkeep
|turn|166
|inactive|ULT8RQ KyogreF4N has 120 seconds left.
|
|t:|1620830120
|switch|p1a: Tangrowth|Tangrowth, M|100/100 par
|move|p2a: Ho-Oh|Defog|p1a: Tangrowth
|-unboost|p1a: Tangrowth|evasion|1
|-sideend|p2: Research Club|Stealth Rock|[from] move: Defog|[of] p2a: Ho-Oh
|
|upkeep
|turn|167
|inactive|ULT8RQ KyogreF4N has 120 seconds left.
|
|t:|1620830130
|switch|p2a: Yveltal|Yveltal|86/100 psn
|-ability|p2a: Yveltal|Dark Aura
|move|p1a: Tangrowth|Knock Off|p2a: Yveltal
|-resisted|p2a: Yveltal
|-damage|p2a: Yveltal|79/100 psn
|
|-damage|p2a: Yveltal|66/100 psn|[from] psn
|upkeep
|turn|168
|inactive|ULT8RQ KyogreF4N has 120 seconds left.
|
|t:|1620830137
|move|p2a: Yveltal|Roost|p2a: Yveltal
|-heal|p2a: Yveltal|100/100 psn
|-singleturn|p2a: Yveltal|move: Roost
|cant|p1a: Tangrowth|par
|
|-damage|p2a: Yveltal|88/100 psn|[from] psn
|upkeep
|turn|169
|inactive|ULT8RQ KyogreF4N has 120 seconds left.
|
|t:|1620830143
|move|p2a: Yveltal|U-turn|p1a: Tangrowth
|-supereffective|p1a: Tangrowth
|-crit|p1a: Tangrowth
|-damage|p1a: Tangrowth|66/100 par
|
|t:|1620830147
|switch|p2a: Ho-Oh|Ho-Oh|80/100|[from]move: U-turn
|move|p1a: Tangrowth|Knock Off|p2a: Ho-Oh
|-damage|p2a: Ho-Oh|70/100
|
|upkeep
|turn|170
|
|t:|1620830153
|move|p2a: Ho-Oh|Thunder Wave|p1a: Tangrowth
|-fail|p1a: Tangrowth|par
|cant|p1a: Tangrowth|par
|
|upkeep
|turn|171
|
|t:|1620830162
|move|p2a: Ho-Oh|Sacred Fire|p1a: Tangrowth
|-supereffective|p1a: Tangrowth
|-damage|p1a: Tangrowth|22/100 par
|move|p1a: Tangrowth|Toxic|p2a: Ho-Oh
|-status|p2a: Ho-Oh|tox
|
|-damage|p2a: Ho-Oh|63/100 tox|[from] psn
|upkeep
|turn|172
|
|t:|1620830170
|switch|p2a: Landorus|Landorus, M|30/100
|switch|p1a: Ho-Oh|Ho-Oh|99/100 par
|
|upkeep
|turn|173
|inactive|ULT8RQ KyogreF4N has 120 seconds left.
|
|t:|1620830203
|move|p2a: Landorus|Rock Slide|p1a: Ho-Oh
|-supereffective|p1a: Ho-Oh
|-damage|p1a: Ho-Oh|0 fnt
|faint|p1a: Ho-Oh
|
|upkeep
|
|t:|1620830206
|switch|p1a: Eternatus|Eternatus|99/100
|-ability|p1a: Eternatus|Pressure
|turn|174
|
|t:|1620830211
|switch|p2a: Ho-Oh|Ho-Oh|97/100 tox
|move|p1a: Eternatus|Flamethrower|p2a: Ho-Oh
|-resisted|p2a: Ho-Oh
|-damage|p2a: Ho-Oh|89/100 tox
|
|-damage|p2a: Ho-Oh|83/100 tox|[from] psn
|upkeep
|turn|175
|
|t:|1620830221
|switch|p1a: Tangrowth|Tangrowth, M|55/100 par
|move|p2a: Ho-Oh|Thunder Wave|p1a: Tangrowth
|-fail|p1a: Tangrowth|par
|
|-damage|p2a: Ho-Oh|70/100 tox|[from] psn
|upkeep
|turn|176
|
|t:|1620830227
|move|p2a: Ho-Oh|Thunder Wave|p1a: Tangrowth|[miss]
|-miss|p2a: Ho-Oh|p1a: Tangrowth
|move|p1a: Tangrowth|Leech Seed|p2a: Ho-Oh
|-start|p2a: Ho-Oh|move: Leech Seed
|
|-damage|p2a: Ho-Oh|58/100 tox|[from] Leech Seed|[of] p1a: Tangrowth
|-heal|p1a: Tangrowth|68/100 par|[silent]
|-damage|p2a: Ho-Oh|39/100 tox|[from] psn
|upkeep
|turn|177
|
|t:|1620830233
|switch|p2a: Yveltal|Yveltal|88/100 psn
|-ability|p2a: Yveltal|Dark Aura
|move|p1a: Tangrowth|Grass Knot|p2a: Yveltal
|-resisted|p2a: Yveltal
|-damage|p2a: Yveltal|76/100 psn
|
|-damage|p2a: Yveltal|63/100 psn|[from] psn
|upkeep
|turn|178
|
|t:|1620830243
|switch|p2a: Ho-Oh|Ho-Oh|72/100 tox
|switch|p1a: Yveltal|Yveltal|87/100 par
|-ability|p1a: Yveltal|Dark Aura
|
|-damage|p2a: Ho-Oh|66/100 tox|[from] psn
|upkeep
|turn|179
|
|t:|1620830248
|move|p2a: Ho-Oh|Sacred Fire|p1a: Yveltal
|-damage|p1a: Yveltal|52/100 par
|cant|p1a: Yveltal|par
|
|-damage|p2a: Ho-Oh|53/100 tox|[from] psn
|upkeep
|turn|180
|
|t:|1620830252
|move|p2a: Ho-Oh|Sacred Fire|p1a: Yveltal
|-damage|p1a: Yveltal|11/100 par
|move|p1a: Yveltal|Roost|p1a: Yveltal
|-heal|p1a: Yveltal|61/100 par
|-singleturn|p1a: Yveltal|move: Roost
|
|-damage|p2a: Ho-Oh|35/100 tox|[from] psn
|upkeep
|turn|181
|inactive|ULT8RQ KyogreF4N has 120 seconds left.
|
|t:|1620830263
|switch|p2a: Calyrex|Calyrex-Shadow|21/100
|-ability|p2a: Calyrex|As One
|-ability|p2a: Calyrex|Unnerve
|cant|p1a: Yveltal|par
|
|upkeep
|turn|182
|
|t:|1620830271
|move|p2a: Calyrex|Aromatherapy|p2a: Calyrex
|-activate|p2a: Calyrex|move: Aromatherapy
|-curestatus|p2: Yveltal|psn|[msg]
|-curestatus|p2: Necrozma|par|[msg]
|-curestatus|p2: Ho-Oh|tox|[msg]
|move|p1a: Yveltal|Knock Off|p2a: Calyrex
|-supereffective|p2a: Calyrex
|-damage|p2a: Calyrex|0 fnt
|-enditem|p2a: Calyrex|Choice Scarf|[from] move: Knock Off|[of] p1a: Yveltal
|faint|p2a: Calyrex
|
|upkeep
|
|t:|1620830274
|switch|p2a: Landorus|Landorus, M|30/100
|turn|183
|inactive|ULT8RQ KyogreF4N has 120 seconds left.
|
|t:|1620830289
|switch|p2a: Ho-Oh|Ho-Oh|68/100
|move|p1a: Yveltal|Knock Off|p2a: Ho-Oh
|-damage|p2a: Ho-Oh|42/100
|
|upkeep
|turn|184
|
|t:|1620830305
|move|p2a: Ho-Oh|Sacred Fire|p1a: Yveltal
|-damage|p1a: Yveltal|23/100 par
|move|p1a: Yveltal|Roost|p1a: Yveltal
|-heal|p1a: Yveltal|73/100 par
|-singleturn|p1a: Yveltal|move: Roost
|
|upkeep
|turn|185
|inactive|ULT8RQ KyogreF4N has 120 seconds left.
|
|t:|1620830312
|move|p2a: Ho-Oh|Thunder Wave|p1a: Yveltal|[miss]
|-miss|p2a: Ho-Oh|p1a: Yveltal
|cant|p1a: Yveltal|par
|
|upkeep
|turn|186
|
|t:|1620830318
|move|p2a: Ho-Oh|Sacred Fire|p1a: Yveltal
|-damage|p1a: Yveltal|36/100 par
|move|p1a: Yveltal|Roost|p1a: Yveltal
|-heal|p1a: Yveltal|86/100 par
|-singleturn|p1a: Yveltal|move: Roost
|
|upkeep
|turn|187
|
|t:|1620830322
|switch|p2a: Necrozma|Necrozma-Dusk-Mane|88/100
|move|p1a: Yveltal|Toxic|p2a: Necrozma|[miss]
|-miss|p1a: Yveltal|p2a: Necrozma
|
|-heal|p2a: Necrozma|94/100|[from] item: Leftovers
|upkeep
|turn|188
|
|t:|1620830330
|switch|p1a: Necrozma|Necrozma-Dusk-Mane|88/100 par
|move|p2a: Necrozma|Stealth Rock|p1a: Necrozma
|-sidestart|p1: ULT8RQ KyogreF4N|move: Stealth Rock
|
|-heal|p2a: Necrozma|99/100|[from] item: Leftovers
|upkeep
|turn|189
|
|t:|1620830333
|switch|p2a: Landorus|Landorus, M|30/100
|move|p1a: Necrozma|Stealth Rock|p2a: Landorus
|-sidestart|p2: Research Club|move: Stealth Rock
|
|upkeep
|turn|190
|
|t:|1620830341
|switch|p1a: Yveltal|Yveltal|86/100 par
|-damage|p1a: Yveltal|61/100 par|[from] Stealth Rock
|-ability|p1a: Yveltal|Dark Aura
|move|p2a: Landorus|Earth Power|p1a: Yveltal
|-immune|p1a: Yveltal
|
|upkeep
|turn|191
|
|t:|1620830344
|move|p2a: Landorus|Rock Slide|p1a: Yveltal
|-supereffective|p1a: Yveltal
|-damage|p1a: Yveltal|0 fnt
|faint|p1a: Yveltal
|
|upkeep
|
|t:|1620830348
|switch|p1a: Eternatus|Eternatus|99/100
|-damage|p1a: Eternatus|86/100|[from] Stealth Rock
|-ability|p1a: Eternatus|Pressure
|turn|192
|
|t:|1620830352
|move|p2a: Landorus|Protect|p2a: Landorus
|-singleturn|p2a: Landorus|Protect
|move|p1a: Eternatus|Flamethrower|p2a: Landorus
|-activate|p2a: Landorus|move: Protect
|
|upkeep
|turn|193
|
|t:|1620830354
|move|p1a: Eternatus|Flamethrower|p2a: Landorus
|-damage|p2a: Landorus|0 fnt
|faint|p2a: Landorus
|
|upkeep
|
|t:|1620830358
|switch|p2a: Ho-Oh|Ho-Oh|75/100
|-damage|p2a: Ho-Oh|25/100|[from] Stealth Rock
|turn|194
|
|t:|1620830362
|move|p1a: Eternatus|Sludge Bomb|p2a: Ho-Oh
|-damage|p2a: Ho-Oh|0 fnt
|faint|p2a: Ho-Oh
|
|upkeep
|
|t:|1620830365
|switch|p2a: Necrozma|Necrozma-Dusk-Mane|99/100
|-damage|p2a: Necrozma|94/100|[from] Stealth Rock
|turn|195
|c|☆ULT8RQ KyogreF4N|Gg
|inactive|Research Club has 120 seconds left.
|
|t:|1620830404
|move|p1a: Eternatus|Flamethrower|p2a: Necrozma
|-supereffective|p2a: Necrozma
|-damage|p2a: Necrozma|62/100
|move|p2a: Necrozma|Sunsteel Strike|p1a: Eternatus
|-damage|p1a: Eternatus|51/100
|
|-heal|p2a: Necrozma|68/100|[from] item: Leftovers
|upkeep
|turn|196
|c|☆ULT8RQ KyogreF4N|Ya qui dans le club
|
|t:|1620830411
|move|p1a: Eternatus|Recover|p1a: Eternatus
|-heal|p1a: Eternatus|100/100
|move|p2a: Necrozma|Sunsteel Strike|p1a: Eternatus
|-damage|p1a: Eternatus|64/100
|
|-heal|p2a: Necrozma|74/100|[from] item: Leftovers
|upkeep
|turn|197
|c|☆Research Club|ya heuss l'enfoiré
|
|t:|1620830421
|move|p1a: Eternatus|Flamethrower|p2a: Necrozma
|-supereffective|p2a: Necrozma
|-damage|p2a: Necrozma|42/100
|move|p2a: Necrozma|Sunsteel Strike|p1a: Eternatus
|-damage|p1a: Eternatus|24/100
|
|-heal|p2a: Necrozma|48/100|[from] item: Leftovers
|upkeep
|turn|198
|
|t:|1620830425
|move|p1a: Eternatus|Recover|p1a: Eternatus
|-heal|p1a: Eternatus|74/100
|move|p2a: Necrozma|Morning Sun|p2a: Necrozma
|-heal|p2a: Necrozma|98/100
|
|-heal|p2a: Necrozma|100/100|[from] item: Leftovers
|upkeep
|turn|199
|
|t:|1620830428
|move|p2a: Necrozma|Protect|p2a: Necrozma
|-singleturn|p2a: Necrozma|Protect
|move|p1a: Eternatus|Flamethrower|p2a: Necrozma
|-activate|p2a: Necrozma|move: Protect
|
|upkeep
|turn|200
|
|t:|1620830430
|move|p2a: Necrozma|Protect||[still]
|-fail|p2a: Necrozma
|move|p1a: Eternatus|Flamethrower|p2a: Necrozma
|-supereffective|p2a: Necrozma
|-damage|p2a: Necrozma|67/100
|
|-heal|p2a: Necrozma|73/100|[from] item: Leftovers
|upkeep
|turn|201
|
|t:|1620830434
|move|p2a: Necrozma|Protect|p2a: Necrozma
|-singleturn|p2a: Necrozma|Protect
|move|p1a: Eternatus|Recover|p1a: Eternatus
|-heal|p1a: Eternatus|100/100
|
|-heal|p2a: Necrozma|79/100|[from] item: Leftovers
|upkeep
|turn|202
|c| ULT8RQ Quintuplets|j'avoue
|c| ULT8RQ Quintuplets|y'a heuss dans le club
|inactive|Research Club has 120 seconds left.
|c| ULT8RQ Quintuplets|nsm
|
|t:|1620830442
|switch|p1a: Tangrowth|Tangrowth, M|100/100 par
|-damage|p1a: Tangrowth|88/100 par|[from] Stealth Rock
|move|p2a: Necrozma|Morning Sun|p2a: Necrozma
|-heal|p2a: Necrozma|100/100
|
|upkeep
|turn|203
|
|t:|1620830445
|move|p2a: Necrozma|Stealth Rock||[still]
|-fail|p2a: Necrozma
|move|p1a: Tangrowth|Knock Off|p2a: Necrozma
|-supereffective|p2a: Necrozma
|-damage|p2a: Necrozma|82/100
|-enditem|p2a: Necrozma|Leftovers|[from] move: Knock Off|[of] p1a: Tangrowth
|
|upkeep
|turn|204
|
|t:|1620830453
|move|p2a: Necrozma|Stealth Rock||[still]
|-fail|p2a: Necrozma
|cant|p1a: Tangrowth|par
|
|upkeep
|turn|205
|
|t:|1620830456
|move|p2a: Necrozma|Morning Sun|p2a: Necrozma
|-heal|p2a: Necrozma|100/100
|move|p1a: Tangrowth|Leech Seed|p2a: Necrozma
|-start|p2a: Necrozma|move: Leech Seed
|
|-damage|p2a: Necrozma|88/100|[from] Leech Seed|[of] p1a: Tangrowth
|-heal|p1a: Tangrowth|99/100 par|[silent]
|upkeep
|turn|206
|
|t:|1620830458
|move|p2a: Necrozma|Protect|p2a: Necrozma
|-singleturn|p2a: Necrozma|Protect
|cant|p1a: Tangrowth|par
|
|-damage|p2a: Necrozma|76/100|[from] Leech Seed|[of] p1a: Tangrowth
|-heal|p1a: Tangrowth|100/100 par|[silent]
|upkeep
|turn|207
|
|t:|1620830460
|move|p2a: Necrozma|Stealth Rock||[still]
|-fail|p2a: Necrozma
|move|p1a: Tangrowth|Toxic|p2a: Necrozma
|-immune|p2a: Necrozma
|
|-damage|p2a: Necrozma|64/100|[from] Leech Seed|[of] p1a: Tangrowth
|upkeep
|turn|208
|
|t:|1620830464
|move|p2a: Necrozma|Protect|p2a: Necrozma
|-singleturn|p2a: Necrozma|Protect
|move|p1a: Tangrowth|Toxic|p2a: Necrozma
|-activate|p2a: Necrozma|move: Protect
|
|-damage|p2a: Necrozma|51/100|[from] Leech Seed|[of] p1a: Tangrowth
|upkeep
|turn|209
|
|t:|1620830469
|move|p2a: Necrozma|Stealth Rock||[still]
|-fail|p2a: Necrozma
|move|p1a: Tangrowth|Grass Knot|p2a: Necrozma
|-resisted|p2a: Necrozma
|-crit|p2a: Necrozma
|-damage|p2a: Necrozma|25/100
|
|-damage|p2a: Necrozma|13/100|[from] Leech Seed|[of] p1a: Tangrowth
|upkeep
|turn|210
|
|t:|1620830473
|move|p2a: Necrozma|Protect|p2a: Necrozma
|-singleturn|p2a: Necrozma|Protect
|cant|p1a: Tangrowth|par
|
|-damage|p2a: Necrozma|0 fnt|[from] Leech Seed|[of] p1a: Tangrowth
|faint|p2a: Necrozma
|upkeep
|inactive|Research Club has 120 seconds left.
|l|☆Research Club
|inactive|Research Club disconnected and has a minute to reconnect!
|player|p2|
|j|☆Research Club
|inactive|Research Club reconnected and has 115 seconds left.
|player|p2|Research Club|unknownf
|inactive|Research Club has 90 seconds left.
|c|☆ULT8RQ KyogreF4N|Azy go ff le club
|c|☆Research Club|200 tours ça prend du tps a charger
|
|t:|1620830532
|switch|p2a: Yveltal|Yveltal|63/100
|-damage|p2a: Yveltal|39/100|[from] Stealth Rock
|-ability|p2a: Yveltal|Dark Aura
|turn|211
|c|☆Research Club|mon ps fait que bug
|
|t:|1620830536
|move|p2a: Yveltal|Roost|p2a: Yveltal
|-heal|p2a: Yveltal|89/100
|-singleturn|p2a: Yveltal|move: Roost
|move|p1a: Tangrowth|Toxic|p2a: Yveltal
|-status|p2a: Yveltal|tox
|
|-damage|p2a: Yveltal|82/100 tox|[from] psn
|upkeep
|turn|212
|c|☆Research Club|!showset 5
|c| Research Club|/raw <div class="infobox">Landorus (M) @ Life Orb  <br />Ability: Sheer Force  <br />EVs: 4 Atk &#x2f; 252 SpA &#x2f; 252 Spe  <br />Naive Nature  <br />- Earth Power  <br />- Rock Slide  <br />- Superpower  <br />- Protect  <br /><br /></div>
|inactive|Research Club has 90 seconds left.
|c|☆ULT8RQ KyogreF4N|Ah ouais
|
|t:|1620830553
|move|p2a: Yveltal|Knock Off|p1a: Tangrowth
|-damage|p1a: Tangrowth|79/100 par
|move|p1a: Tangrowth|Leech Seed|p2a: Yveltal
|-start|p2a: Yveltal|move: Leech Seed
|
|-damage|p2a: Yveltal|70/100 tox|[from] Leech Seed|[of] p1a: Tangrowth
|-heal|p1a: Tangrowth|93/100 par|[silent]
|-damage|p2a: Yveltal|58/100 tox|[from] psn
|upkeep
|turn|213
|c|☆Research Club|defog ça marche vs webs
|inactive|ULT8RQ KyogreF4N has 120 seconds left.
|
|t:|1620830589
|move|p2a: Yveltal|Defog|p1a: Tangrowth
|-unboost|p1a: Tangrowth|evasion|1
|-sideend|p1: ULT8RQ KyogreF4N|Stealth Rock|[from] move: Defog|[of] p2a: Yveltal
|-sideend|p2: Research Club|Stealth Rock|[from] move: Defog|[of] p2a: Yveltal
|move|p1a: Tangrowth|Grass Knot|p2a: Yveltal
|-resisted|p2a: Yveltal
|-damage|p2a: Yveltal|47/100 tox
|
|-damage|p2a: Yveltal|34/100 tox|[from] Leech Seed|[of] p1a: Tangrowth
|-heal|p1a: Tangrowth|100/100 par|[silent]
|-damage|p2a: Yveltal|16/100 tox|[from] psn
|upkeep
|turn|214
|inactive|ULT8RQ KyogreF4N has 120 seconds left.
|
|t:|1620830595
|move|p2a: Yveltal|Roost|p2a: Yveltal
|-heal|p2a: Yveltal|66/100 tox
|-singleturn|p2a: Yveltal|move: Roost
|cant|p1a: Tangrowth|par
|
|-damage|p2a: Yveltal|54/100 tox|[from] Leech Seed|[of] p1a: Tangrowth
|-damage|p2a: Yveltal|29/100 tox|[from] psn
|upkeep
|turn|215
|
|t:|1620830601
|move|p2a: Yveltal|Roost|p2a: Yveltal
|-heal|p2a: Yveltal|79/100 tox
|-singleturn|p2a: Yveltal|move: Roost
|move|p1a: Tangrowth|Grass Knot|p2a: Yveltal
|-damage|p2a: Yveltal|57/100 tox
|
|-damage|p2a: Yveltal|44/100 tox|[from] Leech Seed|[of] p1a: Tangrowth
|-damage|p2a: Yveltal|13/100 tox|[from] psn
|upkeep
|turn|216
|
|t:|1620830606
|move|p2a: Yveltal|Roost|p2a: Yveltal
|-heal|p2a: Yveltal|64/100 tox
|-singleturn|p2a: Yveltal|move: Roost
|move|p1a: Tangrowth|Grass Knot|p2a: Yveltal
|-damage|p2a: Yveltal|38/100 tox
|
|-damage|p2a: Yveltal|26/100 tox|[from] Leech Seed|[of] p1a: Tangrowth
|-damage|p2a: Yveltal|0 fnt|[from] psn
|faint|p2a: Yveltal
|
|win|ULT8RQ KyogreF4N
|upkeep
|raw|ULT8RQ KyogreF4N's rating: 1661 &rarr; <strong>1675</strong><br />(+14 for winning)
|raw|Research Club's rating: 1555 &rarr; <strong>1541</strong><br />(-14 for losing)
|l|☆Research Club
|c|☆ULT8RQ KyogreF4N|Gg les clubbers
|l|☆ULT8RQ KyogreF4N
||Ladder isn't responding, score probably updated but might not have (Request timeout).
|l| GrindZN
|l|+Lunala
|l| ULT8RQ Quintuplets
|l| ULT8RQ Ballfire
|l| ULT8RQ Arctic
