|j|☆Sliceofbread96
|j|☆Kage UwU
|t:|1650716700
|gametype|singles
|player|p1|Sliceofbread96|1|1386
|player|p2|Kage UwU|psychic-gen4|1540
|teamsize|p1|6
|teamsize|p2|6
|gen|8
|tier|[Gen 8] Ubers
|rated|
|rule|Sleep Clause Mod: Limit one foe put to sleep
|rule|Species Clause: Limit one of each Pokémon
|rule|OHKO Clause: OHKO moves are banned
|rule|Evasion Moves Clause: Evasion moves are banned
|rule|Endless Battle Clause: Forcing endless battles is banned
|rule|HP Percentage Mod: HP is shown in percentages
|rule|Dynamax Clause: You cannot dynamax
|clearpoke
|poke|p1|Ho-Oh|
|poke|p1|Groudon|
|poke|p1|Xerneas-*|
|poke|p1|Yveltal|
|poke|p1|Eternatus|
|poke|p1|Necrozma-Dusk-Mane|
|poke|p2|Yveltal|
|poke|p2|Ferrothorn, F|
|poke|p2|Necrozma-Dusk-Mane|
|poke|p2|Groudon|
|poke|p2|Eternatus|
|poke|p2|Blissey, F|
|teampreview
|inactive|Battle timer is ON: inactive players will automatically lose when time's up. (requested by Kage UwU)
|inactive|Sliceofbread96 also wants the timer to be on.
|c|☆Sliceofbread96|Glhf
|c|☆Kage UwU|gl
|
|t:|1650716730
|start
|switch|p1a: Bacon bird|Yveltal, shiny|100/100
|switch|p2a: Groudon|Groudon|100/100
|-ability|p1a: Bacon bird|Dark Aura
|-weather|SunnyDay|[from] ability: Drought|[of] p2a: Groudon
|turn|1
|inactive|Kage UwU has 120 seconds left.
|
|t:|1650716778
|switch|p1a: GroundedDirt|Groudon|100/100
|move|p2a: Groudon|Stone Edge|p1a: GroundedDirt
|-resisted|p1a: GroundedDirt
|-damage|p1a: GroundedDirt|91/100
|
|-weather|SunnyDay|[upkeep]
|-heal|p1a: GroundedDirt|97/100|[from] item: Leftovers
|upkeep
|turn|2
|
|t:|1650716787
|move|p1a: GroundedDirt|Precipice Blades|p2a: Groudon
|-damage|p2a: Groudon|65/100
|move|p2a: Groudon|Stealth Rock|p1a: GroundedDirt
|-sidestart|p1: Sliceofbread96|move: Stealth Rock
|
|-weather|SunnyDay|[upkeep]
|-heal|p1a: GroundedDirt|100/100|[from] item: Leftovers
|-heal|p2a: Groudon|72/100|[from] item: Leftovers
|upkeep
|turn|3
|
|t:|1650716796
|move|p1a: GroundedDirt|Bulk Up|p1a: GroundedDirt
|-boost|p1a: GroundedDirt|atk|1
|-boost|p1a: GroundedDirt|def|1
|move|p2a: Groudon|Toxic|p1a: GroundedDirt
|-status|p1a: GroundedDirt|tox
|
|-weather|SunnyDay|[upkeep]
|-heal|p2a: Groudon|78/100|[from] item: Leftovers
|-damage|p1a: GroundedDirt|94/100 tox|[from] psn
|upkeep
|turn|4
|inactive|Kage UwU has 120 seconds left.
|
|t:|1650716814
|move|p1a: GroundedDirt|Stone Edge|p2a: Groudon
|-resisted|p2a: Groudon
|-crit|p2a: Groudon
|-damage|p2a: Groudon|53/100
|move|p2a: Groudon|Precipice Blades|p1a: GroundedDirt
|-damage|p1a: GroundedDirt|67/100 tox
|
|-weather|SunnyDay|[upkeep]
|-heal|p1a: GroundedDirt|73/100 tox|[from] item: Leftovers
|-heal|p2a: Groudon|60/100|[from] item: Leftovers
|-damage|p1a: GroundedDirt|61/100 tox|[from] psn
|upkeep
|turn|5
|
|t:|1650716825
|switch|p2a: Yveltal|Yveltal, shiny|100/100
|-ability|p2a: Yveltal|Dark Aura
|move|p1a: GroundedDirt|Precipice Blades|p2a: Yveltal
|-immune|p2a: Yveltal
|
|-weather|none
|-heal|p1a: GroundedDirt|67/100 tox|[from] item: Leftovers
|-damage|p1a: GroundedDirt|48/100 tox|[from] psn
|upkeep
|turn|6
|
|t:|1650716835
|switch|p2a: Groudon|Groudon|60/100
|-weather|SunnyDay|[from] ability: Drought|[of] p2a: Groudon
|switch|p1a: Bacon bird|Yveltal, shiny|100/100
|-ability|p1a: Bacon bird|Dark Aura
|
|-weather|SunnyDay|[upkeep]
|-heal|p2a: Groudon|66/100|[from] item: Leftovers
|upkeep
|turn|7
|inactive|Kage UwU has 120 seconds left.
|
|t:|1650716864
|move|p1a: Bacon bird|Defog|p2a: Groudon
|-unboost|p2a: Groudon|evasion|1
|-sideend|p1: Sliceofbread96|Stealth Rock|[from] move: Defog|[of] p1a: Bacon bird
|move|p2a: Groudon|Stone Edge|p1a: Bacon bird
|-supereffective|p1a: Bacon bird
|-damage|p1a: Bacon bird|46/100
|
|-weather|SunnyDay|[upkeep]
|-heal|p2a: Groudon|72/100|[from] item: Leftovers
|upkeep
|turn|8
|inactive|Kage UwU has 120 seconds left.
|
|t:|1650716874
|move|p1a: Bacon bird|Roost|p1a: Bacon bird
|-heal|p1a: Bacon bird|96/100
|-singleturn|p1a: Bacon bird|move: Roost
|move|p2a: Groudon|Precipice Blades|p1a: Bacon bird
|-damage|p1a: Bacon bird|43/100
|
|-weather|SunnyDay|[upkeep]
|-heal|p2a: Groudon|78/100|[from] item: Leftovers
|upkeep
|turn|9
|inactive|Kage UwU has 120 seconds left.
|inactive|Sliceofbread96 has 120 seconds left.
|c|☆Sliceofbread96|Why did it hit
|c|☆Sliceofbread96|???
|
|t:|1650716915
|move|p1a: Bacon bird|Roost|p1a: Bacon bird
|-heal|p1a: Bacon bird|93/100
|-singleturn|p1a: Bacon bird|move: Roost
|move|p2a: Groudon|Stealth Rock|p1a: Bacon bird
|-sidestart|p1: Sliceofbread96|move: Stealth Rock
|
|-weather|SunnyDay|[upkeep]
|-heal|p2a: Groudon|84/100|[from] item: Leftovers
|upkeep
|turn|10
|c|☆Kage UwU|Roost do to lose the type fly of the pokemon
|
|t:|1650716924
|move|p1a: Bacon bird|Knock Off|p2a: Groudon
|-damage|p2a: Groudon|58/100
|-enditem|p2a: Groudon|Leftovers|[from] move: Knock Off|[of] p1a: Bacon bird
|move|p2a: Groudon|Toxic|p1a: Bacon bird
|-status|p1a: Bacon bird|tox
|
|-weather|none
|-damage|p1a: Bacon bird|87/100 tox|[from] psn
|upkeep
|turn|11
|c|☆Sliceofbread96|Oh yea thanks
|inactive|Kage UwU has 120 seconds left.
|
|t:|1650716943
|move|p1a: Bacon bird|Defog|p2a: Groudon
|-unboost|p2a: Groudon|evasion|1
|-sideend|p1: Sliceofbread96|Stealth Rock|[from] move: Defog|[of] p1a: Bacon bird
|move|p2a: Groudon|Stone Edge|p1a: Bacon bird|[miss]
|-miss|p2a: Groudon|p1a: Bacon bird
|
|-damage|p1a: Bacon bird|75/100 tox|[from] psn
|upkeep
|turn|12
|inactive|Kage UwU has 120 seconds left.
|
|t:|1650716968
|move|p1a: Bacon bird|Taunt|p2a: Groudon
|-start|p2a: Groudon|move: Taunt
|move|p2a: Groudon|Stone Edge|p1a: Bacon bird
|-supereffective|p1a: Bacon bird
|-damage|p1a: Bacon bird|20/100 tox
|
|-damage|p1a: Bacon bird|2/100 tox|[from] psn
|upkeep
|turn|13
|
|t:|1650716977
|switch|p1a: GroundedDirt|Groudon|48/100 tox
|-weather|SunnyDay|[from] ability: Drought|[of] p1a: GroundedDirt
|move|p2a: Groudon|Precipice Blades|p1a: GroundedDirt
|-damage|p1a: GroundedDirt|10/100 tox
|
|-weather|SunnyDay|[upkeep]
|-heal|p1a: GroundedDirt|16/100 tox|[from] item: Leftovers
|-damage|p1a: GroundedDirt|10/100 tox|[from] psn
|upkeep
|turn|14
|inactive|Kage UwU has 120 seconds left.
|
|t:|1650716988
|switch|p2a: Yveltal|Yveltal, shiny|100/100
|-ability|p2a: Yveltal|Dark Aura
|move|p1a: GroundedDirt|Precipice Blades|p2a: Yveltal
|-immune|p2a: Yveltal
|
|-weather|SunnyDay|[upkeep]
|-heal|p1a: GroundedDirt|16/100 tox|[from] item: Leftovers
|-damage|p1a: GroundedDirt|4/100 tox|[from] psn
|upkeep
|turn|15
|inactive|Kage UwU has 120 seconds left.
|
|t:|1650717003
|switch|p2a: Necrozma|Necrozma-Dusk-Mane|100/100
|switch|p1a: No Z .Sad|Xerneas, shiny|100/100
|-ability|p1a: No Z .Sad|Fairy Aura
|
|-weather|SunnyDay|[upkeep]
|upkeep
|turn|16
|
|t:|1650717011
|move|p1a: No Z .Sad|Aromatherapy|p1a: No Z .Sad
|-activate|p1a: No Z .Sad|move: Aromatherapy
|-curestatus|p1: Bacon bird|tox|[msg]
|-curestatus|p1: GroundedDirt|tox|[msg]
|move|p2a: Necrozma|Toxic|p1a: No Z .Sad
|-status|p1a: No Z .Sad|tox
|
|-weather|SunnyDay|[upkeep]
|-damage|p1a: No Z .Sad|94/100 tox|[from] psn
|upkeep
|turn|17
|inactive|Sliceofbread96 has 120 seconds left.
|
|t:|1650717023
|switch|p1a: 'Arry potter|Ho-Oh, shiny|100/100
|move|p2a: Necrozma|Iron Head|p1a: 'Arry potter
|-resisted|p1a: 'Arry potter
|-damage|p1a: 'Arry potter|82/100
|
|-weather|none
|upkeep
|turn|18
|
|t:|1650717032
|switch|p2a: Eternatus|Eternatus|100/100
|-ability|p2a: Eternatus|Pressure
|move|p1a: 'Arry potter|Thunder Wave|p2a: Eternatus
|-status|p2a: Eternatus|par
|
|upkeep
|turn|19
|
|t:|1650717046
|move|p1a: 'Arry potter|Earthquake|p2a: Eternatus
|-supereffective|p2a: Eternatus
|-damage|p2a: Eternatus|61/100 par
|move|p2a: Eternatus|Toxic|p1a: 'Arry potter
|-status|p1a: 'Arry potter|tox
|
|-heal|p2a: Eternatus|67/100 par|[from] item: Leftovers
|-damage|p1a: 'Arry potter|76/100 tox|[from] psn
|upkeep
|turn|20
|
|t:|1650717066
|move|p1a: 'Arry potter|Brave Bird|p2a: Eternatus
|-damage|p2a: Eternatus|34/100 par
|-damage|p1a: 'Arry potter|63/100 tox|[from] Recoil
|cant|p2a: Eternatus|par
|
|-heal|p2a: Eternatus|40/100 par|[from] item: Leftovers
|-damage|p1a: 'Arry potter|51/100 tox|[from] psn
|upkeep
|turn|21
|
|t:|1650717074
|switch|p1a: Bacon bird|Yveltal, shiny|2/100
|-ability|p1a: Bacon bird|Dark Aura
|switch|p2a: Yveltal|Yveltal, shiny|100/100
|-ability|p2a: Yveltal|Dark Aura
|
|upkeep
|turn|22
|
|t:|1650717083
|move|p1a: Bacon bird|Roost|p1a: Bacon bird
|-heal|p1a: Bacon bird|52/100
|-singleturn|p1a: Bacon bird|move: Roost
|move|p2a: Yveltal|U-turn|p1a: Bacon bird
|-supereffective|p1a: Bacon bird
|-damage|p1a: Bacon bird|19/100
|
|t:|1650717090
|switch|p2a: Groudon|Groudon|58/100|[from]move: U-turn
|-weather|SunnyDay|[from] ability: Drought|[of] p2a: Groudon
|
|-weather|SunnyDay|[upkeep]
|upkeep
|turn|23
|
|t:|1650717097
|switch|p1a: GroundedDirt|Groudon|4/100
|move|p2a: Groudon|Toxic|p1a: GroundedDirt
|-status|p1a: GroundedDirt|tox
|
|-weather|SunnyDay|[upkeep]
|-heal|p1a: GroundedDirt|10/100 tox|[from] item: Leftovers
|-damage|p1a: GroundedDirt|4/100 tox|[from] psn
|upkeep
|turn|24
|
|t:|1650717107
|move|p1a: GroundedDirt|Stone Edge|p2a: Groudon
|-resisted|p2a: Groudon
|-crit|p2a: Groudon
|-damage|p2a: Groudon|43/100
|move|p2a: Groudon|Stealth Rock|p1a: GroundedDirt
|-sidestart|p1: Sliceofbread96|move: Stealth Rock
|
|-weather|SunnyDay|[upkeep]
|-heal|p1a: GroundedDirt|10/100 tox|[from] item: Leftovers
|-damage|p1a: GroundedDirt|0 fnt|[from] psn
|faint|p1a: GroundedDirt
|upkeep
|
|t:|1650717115
|switch|p1a: No Z .Sad|Xerneas, shiny|94/100 tox
|-damage|p1a: No Z .Sad|82/100 tox|[from] Stealth Rock
|-ability|p1a: No Z .Sad|Fairy Aura
|turn|25
|
|t:|1650717122
|switch|p2a: Blissey|Blissey, F|100/100
|move|p1a: No Z .Sad|Moonblast|p2a: Blissey
|-damage|p2a: Blissey|81/100
|
|-weather|SunnyDay|[upkeep]
|-damage|p1a: No Z .Sad|76/100 tox|[from] psn
|upkeep
|turn|26
|
|t:|1650717131
|switch|p1a: Bacon bird|Yveltal, shiny|19/100
|-ability|p1a: Bacon bird|Dark Aura
|move|p2a: Blissey|Wish|p2a: Blissey
|
|-weather|none
|upkeep
|turn|27
|
|t:|1650717139
|switch|p2a: Groudon|Groudon|43/100
|-weather|SunnyDay|[from] ability: Drought|[of] p2a: Groudon
|move|p1a: Bacon bird|Roost|p1a: Bacon bird
|-heal|p1a: Bacon bird|69/100
|-singleturn|p1a: Bacon bird|move: Roost
|
|-weather|SunnyDay|[upkeep]
|-heal|p2a: Groudon|100/100|[from] move: Wish|[wisher] Blissey
|upkeep
|turn|28
|
|t:|1650717153
|move|p1a: Bacon bird|Defog|p2a: Groudon
|-unboost|p2a: Groudon|evasion|1
|-sideend|p1: Sliceofbread96|Stealth Rock|[from] move: Defog|[of] p1a: Bacon bird
|move|p2a: Groudon|Toxic|p1a: Bacon bird
|-status|p1a: Bacon bird|tox
|
|-weather|SunnyDay|[upkeep]
|-damage|p1a: Bacon bird|63/100 tox|[from] psn
|upkeep
|turn|29
|
|t:|1650717162
|move|p1a: Bacon bird|Roost|p1a: Bacon bird
|-heal|p1a: Bacon bird|100/100 tox
|-singleturn|p1a: Bacon bird|move: Roost
|move|p2a: Groudon|Stone Edge|p1a: Bacon bird|[miss]
|-miss|p2a: Groudon|p1a: Bacon bird
|
|-weather|SunnyDay|[upkeep]
|-damage|p1a: Bacon bird|88/100 tox|[from] psn
|upkeep
|turn|30
|
|t:|1650717171
|switch|p1a: No Z .Sad|Xerneas, shiny|76/100 tox
|-ability|p1a: No Z .Sad|Fairy Aura
|move|p2a: Groudon|Stealth Rock|p1a: No Z .Sad
|-sidestart|p1: Sliceofbread96|move: Stealth Rock
|
|-weather|SunnyDay|[upkeep]
|-damage|p1a: No Z .Sad|70/100 tox|[from] psn
|upkeep
|turn|31
|
|t:|1650717179
|switch|p2a: Blissey|Blissey, F|81/100
|move|p1a: No Z .Sad|Aromatherapy|p1a: No Z .Sad
|-activate|p1a: No Z .Sad|move: Aromatherapy
|-curestatus|p1a: No Z .Sad|tox|[msg]
|-curestatus|p1: 'Arry potter|tox|[msg]
|-curestatus|p1: Bacon bird|tox|[msg]
|
|-weather|none
|upkeep
|turn|32
|
|t:|1650717189
|switch|p1a: 'Arry potter|Ho-Oh, shiny|84/100
|move|p2a: Blissey|Aromatherapy|p2a: Blissey
|-activate|p2a: Blissey|move: Aromatherapy
|-curestatus|p2: Eternatus|par|[msg]
|
|upkeep
|turn|33
|
|t:|1650717199
|move|p1a: 'Arry potter|Flare Blitz|p2a: Blissey
|-damage|p2a: Blissey|12/100
|-damage|p1a: 'Arry potter|48/100|[from] Recoil
|move|p2a: Blissey|Wish|p2a: Blissey
|
|upkeep
|turn|34
|
|t:|1650717205
|switch|p2a: Eternatus|Eternatus|40/100
|-ability|p2a: Eternatus|Pressure
|move|p1a: 'Arry potter|Earthquake|p2a: Eternatus
|-supereffective|p2a: Eternatus
|-damage|p2a: Eternatus|3/100
|
|-heal|p2a: Eternatus|71/100|[from] move: Wish|[wisher] Blissey
|-heal|p2a: Eternatus|77/100|[from] item: Leftovers
|upkeep
|turn|35
|
|t:|1650717215
|move|p2a: Eternatus|Toxic|p1a: 'Arry potter
|-status|p1a: 'Arry potter|tox
|move|p1a: 'Arry potter|Thunder Wave|p2a: Eternatus
|-status|p2a: Eternatus|par
|
|-heal|p2a: Eternatus|83/100 par|[from] item: Leftovers
|-damage|p1a: 'Arry potter|42/100 tox|[from] psn
|upkeep
|turn|36
|
|t:|1650717226
|move|p1a: 'Arry potter|Earthquake|p2a: Eternatus
|-supereffective|p2a: Eternatus
|-damage|p2a: Eternatus|42/100 par
|move|p2a: Eternatus|Recover|p2a: Eternatus
|-heal|p2a: Eternatus|92/100 par
|
|-heal|p2a: Eternatus|98/100 par|[from] item: Leftovers
|-damage|p1a: 'Arry potter|30/100 tox|[from] psn
|upkeep
|turn|37
|
|t:|1650717238
|switch|p1a: DDDevil|Necrozma-Dusk-Mane|100/100
|-damage|p1a: DDDevil|94/100|[from] Stealth Rock
|move|p2a: Eternatus|Dynamax Cannon|p1a: DDDevil
|-resisted|p1a: DDDevil
|-damage|p1a: DDDevil|80/100
|
|-heal|p1a: DDDevil|87/100|[from] item: Leftovers
|-heal|p2a: Eternatus|100/100 par|[from] item: Leftovers
|upkeep
|turn|38
|j| 4125al41
|
|t:|1650717249
|switch|p2a: Ferrothorn|Ferrothorn, F|100/100
|move|p1a: DDDevil|Stealth Rock|p2a: Ferrothorn
|-sidestart|p2: Kage UwU|move: Stealth Rock
|
|-heal|p1a: DDDevil|93/100|[from] item: Leftovers
|upkeep
|turn|39
|
|t:|1650717256
|move|p1a: DDDevil|Thunder Wave|p2a: Ferrothorn
|-status|p2a: Ferrothorn|par
|move|p2a: Ferrothorn|Spikes|p1a: DDDevil
|-sidestart|p1: Sliceofbread96|Spikes
|
|-heal|p1a: DDDevil|99/100|[from] item: Leftovers
|upkeep
|turn|40
|
|t:|1650717264
|switch|p1a: Bacon bird|Yveltal, shiny|88/100
|-ability|p1a: Bacon bird|Dark Aura
|cant|p2a: Ferrothorn|par
|
|upkeep
|turn|41
|
|t:|1650717271
|move|p1a: Bacon bird|Defog|p2a: Ferrothorn
|-unboost|p2a: Ferrothorn|evasion|1
|-sideend|p2: Kage UwU|Stealth Rock|[from] move: Defog|[of] p1a: Bacon bird
|-sideend|p1: Sliceofbread96|Spikes|[from] move: Defog|[of] p1a: Bacon bird
|-sideend|p1: Sliceofbread96|Stealth Rock|[from] move: Defog|[of] p1a: Bacon bird
|cant|p2a: Ferrothorn|par
|
|upkeep
|turn|42
|
|t:|1650717279
|move|p1a: Bacon bird|Taunt|p2a: Ferrothorn
|-start|p2a: Ferrothorn|move: Taunt
|cant|p2a: Ferrothorn|par
|
|upkeep
|turn|43
|
|t:|1650717296
|switch|p1a: No Z .Sad|Xerneas, shiny|70/100
|-ability|p1a: No Z .Sad|Fairy Aura
|move|p2a: Ferrothorn|Knock Off|p1a: No Z .Sad
|-resisted|p1a: No Z .Sad
|-damage|p1a: No Z .Sad|61/100
|-enditem|p1a: No Z .Sad|Choice Scarf|[from] move: Knock Off|[of] p2a: Ferrothorn
|
|upkeep
|turn|44
|
|t:|1650717313
|switch|p2a: Blissey|Blissey, F|12/100
|move|p1a: No Z .Sad|Aromatherapy|p1a: No Z .Sad
|-activate|p1a: No Z .Sad|move: Aromatherapy
|-curestatus|p1: 'Arry potter|tox|[msg]
|
|upkeep
|turn|45
|
|t:|1650717320
|move|p1a: No Z .Sad|Psyshock|p2a: Blissey
|-damage|p2a: Blissey|0 fnt
|faint|p2a: Blissey
|
|upkeep
|inactive|Kage UwU has 120 seconds left.
|
|t:|1650717347
|switch|p2a: Necrozma|Necrozma-Dusk-Mane|100/100
|turn|46
|
|t:|1650717356
|switch|p1a: So Toxic😩|Eternatus|100/100
|-ability|p1a: So Toxic😩|Pressure
|move|p2a: Necrozma|Toxic|p1a: So Toxic😩|[miss]
|-miss|p2a: Necrozma|p1a: So Toxic😩
|
|upkeep
|turn|47
|
|t:|1650717366
|move|p1a: So Toxic😩|Mystical Fire|p2a: Necrozma
|-supereffective|p2a: Necrozma
|-damage|p2a: Necrozma|71/100
|-unboost|p2a: Necrozma|spa|1
|move|p2a: Necrozma|Earthquake|p1a: So Toxic😩
|-supereffective|p1a: So Toxic😩
|-damage|p1a: So Toxic😩|53/100
|
|-heal|p2a: Necrozma|77/100|[from] item: Leftovers
|upkeep
|turn|48
|
|t:|1650717375
|move|p1a: So Toxic😩|Recover|p1a: So Toxic😩
|-heal|p1a: So Toxic😩|100/100
|move|p2a: Necrozma|Earthquake|p1a: So Toxic😩
|-supereffective|p1a: So Toxic😩
|-damage|p1a: So Toxic😩|50/100
|
|-heal|p2a: Necrozma|83/100|[from] item: Leftovers
|upkeep
|turn|49
|
|t:|1650717383
|move|p1a: So Toxic😩|Recover|p1a: So Toxic😩
|-heal|p1a: So Toxic😩|99/100
|move|p2a: Necrozma|Earthquake|p1a: So Toxic😩
|-supereffective|p1a: So Toxic😩
|-damage|p1a: So Toxic😩|53/100
|
|-heal|p2a: Necrozma|89/100|[from] item: Leftovers
|upkeep
|turn|50
|
|t:|1650717394
|move|p1a: So Toxic😩|Recover|p1a: So Toxic😩
|-heal|p1a: So Toxic😩|100/100
|move|p2a: Necrozma|Earthquake|p1a: So Toxic😩
|-supereffective|p1a: So Toxic😩
|-damage|p1a: So Toxic😩|50/100
|
|-heal|p2a: Necrozma|95/100|[from] item: Leftovers
|upkeep
|turn|51
|
|t:|1650717409
|move|p1a: So Toxic😩|Recover|p1a: So Toxic😩
|-heal|p1a: So Toxic😩|99/100
|move|p2a: Necrozma|Iron Head|p1a: So Toxic😩
|-damage|p1a: So Toxic😩|70/100
|
|-heal|p2a: Necrozma|100/100|[from] item: Leftovers
|upkeep
|turn|52
|
|t:|1650717420
|switch|p2a: Groudon|Groudon|100/100
|-weather|SunnyDay|[from] ability: Drought|[of] p2a: Groudon
|move|p1a: So Toxic😩|Mystical Fire|p2a: Groudon
|-damage|p2a: Groudon|70/100
|-unboost|p2a: Groudon|spa|1
|
|-weather|SunnyDay|[upkeep]
|upkeep
|turn|53
|
|t:|1650717431
|switch|p1a: DDDevil|Necrozma-Dusk-Mane|99/100
|move|p2a: Groudon|Precipice Blades|p1a: DDDevil
|-supereffective|p1a: DDDevil
|-damage|p1a: DDDevil|35/100
|
|-weather|SunnyDay|[upkeep]
|-heal|p1a: DDDevil|42/100|[from] item: Leftovers
|upkeep
|turn|54
|
|t:|1650717439
|switch|p1a: Bacon bird|Yveltal, shiny|88/100
|-ability|p1a: Bacon bird|Dark Aura
|move|p2a: Groudon|Precipice Blades|p1a: Bacon bird
|-immune|p1a: Bacon bird
|
|-weather|SunnyDay|[upkeep]
|upkeep
|turn|55
|j| sbycyy
|
|t:|1650717449
|switch|p1a: DDDevil|Necrozma-Dusk-Mane|42/100
|switch|p2a: Ferrothorn|Ferrothorn, F|100/100 par
|
|-weather|SunnyDay|[upkeep]
|-heal|p1a: DDDevil|48/100|[from] item: Leftovers
|upkeep
|turn|56
|
|t:|1650717460
|move|p1a: DDDevil|Moonlight|p1a: DDDevil
|-heal|p1a: DDDevil|100/100
|cant|p2a: Ferrothorn|par
|
|-weather|none
|upkeep
|turn|57
|
|t:|1650717471
|switch|p1a: No Z .Sad|Xerneas, shiny|61/100
|-ability|p1a: No Z .Sad|Fairy Aura
|move|p2a: Ferrothorn|Spikes|p1a: No Z .Sad
|-sidestart|p1: Sliceofbread96|Spikes
|
|upkeep
|turn|58
|c|☆Kage UwU|4 ou 5 paralisy lol
|
|t:|1650717478
|move|p1a: No Z .Sad|Defog|p2a: Ferrothorn
|-unboost|p2a: Ferrothorn|evasion|1
|-sideend|p1: Sliceofbread96|Spikes|[from] move: Defog|[of] p1a: No Z .Sad
|move|p2a: Ferrothorn|Leech Seed|p1a: No Z .Sad
|-start|p1a: No Z .Sad|move: Leech Seed
|
|-damage|p1a: No Z .Sad|48/100|[from] Leech Seed|[of] p2a: Ferrothorn
|upkeep
|turn|59
|
|t:|1650717485
|switch|p1a: 'Arry potter|Ho-Oh, shiny|64/100
|move|p2a: Ferrothorn|Spikes|p1a: 'Arry potter
|-sidestart|p1: Sliceofbread96|Spikes
|
|upkeep
|turn|60
|c|☆Sliceofbread96|Nothing else got paraed
|
|t:|1650717512
|switch|p2a: Eternatus|Eternatus|100/100 par
|-ability|p2a: Eternatus|Pressure
|move|p1a: 'Arry potter|Earthquake|p2a: Eternatus
|-supereffective|p2a: Eternatus
|-damage|p2a: Eternatus|64/100 par
|
|-heal|p2a: Eternatus|70/100 par|[from] item: Leftovers
|upkeep
|turn|61
|
|t:|1650717528
|move|p1a: 'Arry potter|Earthquake|p2a: Eternatus
|-supereffective|p2a: Eternatus
|-damage|p2a: Eternatus|31/100 par
|move|p2a: Eternatus|Toxic|p1a: 'Arry potter
|-status|p1a: 'Arry potter|tox
|
|-heal|p2a: Eternatus|37/100 par|[from] item: Leftovers
|-damage|p1a: 'Arry potter|58/100 tox|[from] psn
|upkeep
|turn|62
|
|t:|1650717539
|switch|p2a: Yveltal|Yveltal, shiny|100/100
|-ability|p2a: Yveltal|Dark Aura
|move|p1a: 'Arry potter|Brave Bird|p2a: Yveltal
|-damage|p2a: Yveltal|53/100
|-damage|p1a: 'Arry potter|40/100 tox|[from] Recoil
|
|-damage|p1a: 'Arry potter|28/100 tox|[from] psn
|upkeep
|turn|63
|
|t:|1650717548
|switch|p1a: Bacon bird|Yveltal, shiny|88/100
|-ability|p1a: Bacon bird|Dark Aura
|move|p2a: Yveltal|Roost|p2a: Yveltal
|-heal|p2a: Yveltal|100/100
|-singleturn|p2a: Yveltal|move: Roost
|
|upkeep
|turn|64
|
|t:|1650717565
|move|p1a: Bacon bird|Knock Off|p2a: Yveltal
|-resisted|p2a: Yveltal
|-damage|p2a: Yveltal|79/100
|-enditem|p2a: Yveltal|Heavy-Duty Boots|[from] move: Knock Off|[of] p1a: Bacon bird
|move|p2a: Yveltal|U-turn|p1a: Bacon bird
|-damage|p1a: Bacon bird|72/100
|
|t:|1650717572
|switch|p2a: Eternatus|Eternatus|37/100 par|[from]move: U-turn
|-ability|p2a: Eternatus|Pressure
|
|-heal|p2a: Eternatus|43/100 par|[from] item: Leftovers
|upkeep
|turn|65
|
|t:|1650717579
|move|p1a: Bacon bird|Knock Off|p2a: Eternatus
|-damage|p2a: Eternatus|16/100 par
|-enditem|p2a: Eternatus|Leftovers|[from] move: Knock Off|[of] p1a: Bacon bird
|move|p2a: Eternatus|Recover|p2a: Eternatus
|-heal|p2a: Eternatus|66/100 par
|
|upkeep
|turn|66
|
|t:|1650717587
|switch|p1a: DDDevil|Necrozma-Dusk-Mane|100/100
|-damage|p1a: DDDevil|88/100|[from] Spikes
|move|p2a: Eternatus|Recover|p2a: Eternatus
|-heal|p2a: Eternatus|100/100 par
|
|-heal|p1a: DDDevil|94/100|[from] item: Leftovers
|upkeep
|turn|67
|
|t:|1650717596
|switch|p2a: Ferrothorn|Ferrothorn, F|100/100 par
|move|p1a: DDDevil|Stealth Rock|p2a: Ferrothorn
|-sidestart|p2: Kage UwU|move: Stealth Rock
|
|-heal|p1a: DDDevil|100/100|[from] item: Leftovers
|upkeep
|turn|68
|
|t:|1650717604
|switch|p1a: So Toxic😩|Eternatus|70/100
|-ability|p1a: So Toxic😩|Pressure
|cant|p2a: Ferrothorn|par
|
|upkeep
|turn|69
|c|☆Sliceofbread96|A bit excessive paras now
|
|t:|1650717625
|switch|p2a: Necrozma|Necrozma-Dusk-Mane|100/100
|-damage|p2a: Necrozma|94/100|[from] Stealth Rock
|move|p1a: So Toxic😩|Mystical Fire|p2a: Necrozma
|-supereffective|p2a: Necrozma
|-damage|p2a: Necrozma|66/100
|-unboost|p2a: Necrozma|spa|1
|
|-heal|p2a: Necrozma|72/100|[from] item: Leftovers
|upkeep
|turn|70
|c|☆Kage UwU|Yes :' I hate my luck
|
|t:|1650717644
|move|p1a: So Toxic😩|Recover|p1a: So Toxic😩
|-heal|p1a: So Toxic😩|100/100
|move|p2a: Necrozma|Earthquake|p1a: So Toxic😩
|-supereffective|p1a: So Toxic😩
|-damage|p1a: So Toxic😩|52/100
|
|-heal|p2a: Necrozma|78/100|[from] item: Leftovers
|upkeep
|turn|71
|
|t:|1650717652
|switch|p2a: Groudon|Groudon|70/100
|-damage|p2a: Groudon|64/100|[from] Stealth Rock
|-weather|SunnyDay|[from] ability: Drought|[of] p2a: Groudon
|move|p1a: So Toxic😩|Recover|p1a: So Toxic😩
|-heal|p1a: So Toxic😩|100/100
|
|-weather|SunnyDay|[upkeep]
|upkeep
|turn|72
|
|t:|1650717665
|switch|p1a: Bacon bird|Yveltal, shiny|72/100
|-ability|p1a: Bacon bird|Dark Aura
|move|p2a: Groudon|Stone Edge|p1a: Bacon bird
|-supereffective|p1a: Bacon bird
|-damage|p1a: Bacon bird|9/100
|
|-weather|SunnyDay|[upkeep]
|upkeep
|turn|73
|
|t:|1650717674
|switch|p1a: So Toxic😩|Eternatus|100/100
|-ability|p1a: So Toxic😩|Pressure
|move|p2a: Groudon|Stone Edge|p1a: So Toxic😩
|-damage|p1a: So Toxic😩|75/100
|
|-weather|SunnyDay|[upkeep]
|upkeep
|turn|74
|
|t:|1650717683
|switch|p1a: Bacon bird|Yveltal, shiny|9/100
|-ability|p1a: Bacon bird|Dark Aura
|move|p2a: Groudon|Precipice Blades|p1a: Bacon bird
|-immune|p1a: Bacon bird
|
|-weather|SunnyDay|[upkeep]
|upkeep
|turn|75
|
|t:|1650717693
|move|p1a: Bacon bird|Taunt|p2a: Groudon
|-start|p2a: Groudon|move: Taunt
|move|p2a: Groudon|Precipice Blades|p1a: Bacon bird
|-immune|p1a: Bacon bird
|
|-weather|none
|upkeep
|turn|76
|
|t:|1650717700
|move|p1a: Bacon bird|Roost|p1a: Bacon bird
|-heal|p1a: Bacon bird|59/100
|-singleturn|p1a: Bacon bird|move: Roost
|move|p2a: Groudon|Precipice Blades|p1a: Bacon bird|[miss]
|-miss|p2a: Groudon|p1a: Bacon bird
|
|upkeep
|turn|77
|
|t:|1650717706
|move|p1a: Bacon bird|Roost|p1a: Bacon bird
|-heal|p1a: Bacon bird|100/100
|-singleturn|p1a: Bacon bird|move: Roost
|move|p2a: Groudon|Precipice Blades|p1a: Bacon bird
|-damage|p1a: Bacon bird|46/100
|
|-end|p2a: Groudon|move: Taunt
|upkeep
|turn|78
|
|t:|1650717717
|move|p1a: Bacon bird|Taunt|p2a: Groudon
|-start|p2a: Groudon|move: Taunt
|cant|p2a: Groudon|move: Taunt|Toxic
|
|upkeep
|turn|79
|
|t:|1650717724
|switch|p2a: Ferrothorn|Ferrothorn, F|100/100 par
|-damage|p2a: Ferrothorn|94/100 par|[from] Stealth Rock
|move|p1a: Bacon bird|Knock Off|p2a: Ferrothorn
|-damage|p2a: Ferrothorn|60/100 par
|-damage|p1a: Bacon bird|34/100|[from] ability: Iron Barbs|[of] p2a: Ferrothorn
|-enditem|p2a: Ferrothorn|Leftovers|[from] move: Knock Off|[of] p1a: Bacon bird
|
|upkeep
|turn|80
|
|t:|1650717733
|move|p1a: Bacon bird|Roost|p1a: Bacon bird
|-heal|p1a: Bacon bird|84/100
|-singleturn|p1a: Bacon bird|move: Roost
|move|p2a: Ferrothorn|Leech Seed|p1a: Bacon bird
|-start|p1a: Bacon bird|move: Leech Seed
|
|-damage|p1a: Bacon bird|72/100|[from] Leech Seed|[of] p2a: Ferrothorn
|-heal|p2a: Ferrothorn|74/100 par|[silent]
|upkeep
|turn|81
|
|t:|1650717741
|switch|p1a: So Toxic😩|Eternatus|75/100
|-ability|p1a: So Toxic😩|Pressure
|move|p2a: Ferrothorn|Spikes|p1a: So Toxic😩
|-sidestart|p1: Sliceofbread96|Spikes
|
|upkeep
|turn|82
|
|t:|1650717750
|switch|p2a: Necrozma|Necrozma-Dusk-Mane|78/100
|-damage|p2a: Necrozma|72/100|[from] Stealth Rock
|move|p1a: So Toxic😩|Recover|p1a: So Toxic😩
|-heal|p1a: So Toxic😩|100/100
|
|-heal|p2a: Necrozma|78/100|[from] item: Leftovers
|upkeep
|turn|83
|
|t:|1650717763
|move|p1a: So Toxic😩|Mystical Fire|p2a: Necrozma
|-supereffective|p2a: Necrozma
|-damage|p2a: Necrozma|47/100
|-unboost|p2a: Necrozma|spa|1
|move|p2a: Necrozma|Earthquake|p1a: So Toxic😩
|-supereffective|p1a: So Toxic😩
|-damage|p1a: So Toxic😩|52/100
|
|-heal|p2a: Necrozma|53/100|[from] item: Leftovers
|upkeep
|turn|84
|
|t:|1650717772
|move|p1a: So Toxic😩|Recover|p1a: So Toxic😩
|-heal|p1a: So Toxic😩|100/100
|move|p2a: Necrozma|Moonlight|p2a: Necrozma
|-heal|p2a: Necrozma|100/100
|
|upkeep
|turn|85
|
|t:|1650717778
|move|p1a: So Toxic😩|Mystical Fire|p2a: Necrozma
|-supereffective|p2a: Necrozma
|-damage|p2a: Necrozma|71/100
|-unboost|p2a: Necrozma|spa|1
|move|p2a: Necrozma|Earthquake|p1a: So Toxic😩
|-supereffective|p1a: So Toxic😩
|-crit|p1a: So Toxic😩
|-damage|p1a: So Toxic😩|25/100
|
|-heal|p2a: Necrozma|77/100|[from] item: Leftovers
|upkeep
|turn|86
|
|t:|1650717791
|switch|p2a: Groudon|Groudon|64/100
|-damage|p2a: Groudon|58/100|[from] Stealth Rock
|-weather|SunnyDay|[from] ability: Drought|[of] p2a: Groudon
|move|p1a: So Toxic😩|Recover|p1a: So Toxic😩
|-heal|p1a: So Toxic😩|75/100
|
|-weather|SunnyDay|[upkeep]
|upkeep
|turn|87
|
|t:|1650717800
|switch|p1a: Bacon bird|Yveltal, shiny|72/100
|-ability|p1a: Bacon bird|Dark Aura
|move|p2a: Groudon|Toxic|p1a: Bacon bird
|-status|p1a: Bacon bird|tox
|
|-weather|SunnyDay|[upkeep]
|-damage|p1a: Bacon bird|65/100 tox|[from] psn
|upkeep
|turn|88
|
|t:|1650717810
|switch|p1a: So Toxic😩|Eternatus|75/100
|-ability|p1a: So Toxic😩|Pressure
|move|p2a: Groudon|Stealth Rock|p1a: So Toxic😩
|-sidestart|p1: Sliceofbread96|move: Stealth Rock
|
|-weather|SunnyDay|[upkeep]
|upkeep
|turn|89
|
|t:|1650717821
|switch|p1a: Bacon bird|Yveltal, shiny|65/100 tox
|-ability|p1a: Bacon bird|Dark Aura
|switch|p2a: Ferrothorn|Ferrothorn, F|74/100 par
|-damage|p2a: Ferrothorn|68/100 par|[from] Stealth Rock
|
|-weather|SunnyDay|[upkeep]
|-damage|p1a: Bacon bird|59/100 tox|[from] psn
|upkeep
|turn|90
|
|t:|1650717831
|move|p1a: Bacon bird|Defog|p2a: Ferrothorn
|-unboost|p2a: Ferrothorn|evasion|1
|-sideend|p2: Kage UwU|Stealth Rock|[from] move: Defog|[of] p1a: Bacon bird
|-sideend|p1: Sliceofbread96|Spikes|[from] move: Defog|[of] p1a: Bacon bird
|-sideend|p1: Sliceofbread96|Stealth Rock|[from] move: Defog|[of] p1a: Bacon bird
|move|p2a: Ferrothorn|Knock Off|p1a: Bacon bird
|-resisted|p1a: Bacon bird
|-crit|p1a: Bacon bird
|-damage|p1a: Bacon bird|42/100 tox
|-enditem|p1a: Bacon bird|Heavy-Duty Boots|[from] move: Knock Off|[of] p2a: Ferrothorn
|
|-weather|none
|-damage|p1a: Bacon bird|29/100 tox|[from] psn
|upkeep
|turn|91
|
|t:|1650717844
|move|p1a: Bacon bird|Roost|p1a: Bacon bird
|-heal|p1a: Bacon bird|80/100 tox
|-singleturn|p1a: Bacon bird|move: Roost
|cant|p2a: Ferrothorn|par
|
|-damage|p1a: Bacon bird|61/100 tox|[from] psn
|upkeep
|turn|92
|
|t:|1650717851
|switch|p1a: No Z .Sad|Xerneas, shiny|48/100
|-ability|p1a: No Z .Sad|Fairy Aura
|move|p2a: Ferrothorn|Leech Seed|p1a: No Z .Sad
|-start|p1a: No Z .Sad|move: Leech Seed
|
|-damage|p1a: No Z .Sad|36/100|[from] Leech Seed|[of] p2a: Ferrothorn
|-heal|p2a: Ferrothorn|81/100 par|[silent]
|upkeep
|turn|93
|
|t:|1650717860
|move|p1a: No Z .Sad|Aromatherapy|p1a: No Z .Sad
|-activate|p1a: No Z .Sad|move: Aromatherapy
|-curestatus|p1: 'Arry potter|tox|[msg]
|-curestatus|p1: Bacon bird|tox|[msg]
|move|p2a: Ferrothorn|Power Whip|p1a: No Z .Sad
|-damage|p1a: No Z .Sad|0 fnt
|faint|p1a: No Z .Sad
|
|upkeep
|
|t:|1650717867
|switch|p1a: 'Arry potter|Ho-Oh, shiny|62/100
|turn|94
|
|t:|1650717871
|switch|p2a: Eternatus|Eternatus|100/100 par
|-ability|p2a: Eternatus|Pressure
|move|p1a: 'Arry potter|Flare Blitz|p2a: Eternatus
|-resisted|p2a: Eternatus
|-damage|p2a: Eternatus|82/100 par
|-damage|p1a: 'Arry potter|55/100|[from] Recoil
|
|upkeep
|turn|95
|
|t:|1650717882
|switch|p1a: So Toxic😩|Eternatus|75/100
|-ability|p1a: So Toxic😩|Pressure
|move|p2a: Eternatus|Toxic|p1a: So Toxic😩
|-immune|p1a: So Toxic😩
|
|upkeep
|turn|96
|
|t:|1650717889
|switch|p1a: DDDevil|Necrozma-Dusk-Mane|100/100
|switch|p2a: Necrozma|Necrozma-Dusk-Mane|77/100
|
|-heal|p2a: Necrozma|83/100|[from] item: Leftovers
|upkeep
|turn|97
|
|t:|1650717899
|switch|p2a: Ferrothorn|Ferrothorn, F|81/100 par
|move|p1a: DDDevil|Thunder Wave|p2a: Ferrothorn
|-fail|p2a: Ferrothorn|par
|
|upkeep
|turn|98
|
|t:|1650717906
|switch|p1a: So Toxic😩|Eternatus|75/100
|-ability|p1a: So Toxic😩|Pressure
|move|p2a: Ferrothorn|Leech Seed|p1a: So Toxic😩
|-start|p1a: So Toxic😩|move: Leech Seed
|
|-damage|p1a: So Toxic😩|62/100|[from] Leech Seed|[of] p2a: Ferrothorn
|-heal|p2a: Ferrothorn|99/100 par|[silent]
|upkeep
|turn|99
|
|t:|1650717914
|switch|p2a: Groudon|Groudon|58/100
|-weather|SunnyDay|[from] ability: Drought|[of] p2a: Groudon
|move|p1a: So Toxic😩|Mystical Fire|p2a: Groudon
|-crit|p2a: Groudon
|-damage|p2a: Groudon|9/100
|-unboost|p2a: Groudon|spa|1
|
|-weather|SunnyDay|[upkeep]
|-damage|p1a: So Toxic😩|50/100|[from] Leech Seed|[of] p2a: Groudon
|-heal|p2a: Groudon|24/100|[silent]
|upkeep
|turn|100
|inactive|Kage UwU has 120 seconds left.
|c|☆Kage UwU|Uh
|
|t:|1650717938
|switch|p2a: Necrozma|Necrozma-Dusk-Mane|83/100
|move|p1a: So Toxic😩|Dynamax Cannon|p2a: Necrozma
|-resisted|p2a: Necrozma
|-damage|p2a: Necrozma|63/100
|
|-weather|SunnyDay|[upkeep]
|-heal|p2a: Necrozma|69/100|[from] item: Leftovers
|-damage|p1a: So Toxic😩|38/100|[from] Leech Seed|[of] p2a: Necrozma
|-heal|p2a: Necrozma|84/100|[silent]
|upkeep
|turn|101
|inactive|Kage UwU has 120 seconds left.
|
|t:|1650717951
|move|p1a: So Toxic😩|Recover|p1a: So Toxic😩
|-heal|p1a: So Toxic😩|88/100
|move|p2a: Necrozma|Iron Head|p1a: So Toxic😩
|-damage|p1a: So Toxic😩|56/100
|
|-weather|SunnyDay|[upkeep]
|-heal|p2a: Necrozma|90/100|[from] item: Leftovers
|-damage|p1a: So Toxic😩|43/100|[from] Leech Seed|[of] p2a: Necrozma
|-heal|p2a: Necrozma|100/100|[silent]
|upkeep
|turn|102
|
|t:|1650717961
|move|p1a: So Toxic😩|Recover|p1a: So Toxic😩
|-heal|p1a: So Toxic😩|93/100
|move|p2a: Necrozma|Iron Head|p1a: So Toxic😩
|-damage|p1a: So Toxic😩|65/100
|
|-weather|SunnyDay|[upkeep]
|-damage|p1a: So Toxic😩|52/100|[from] Leech Seed|[of] p2a: Necrozma
|upkeep
|turn|103
|
|t:|1650717971
|switch|p1a: Bacon bird|Yveltal, shiny|61/100
|-ability|p1a: Bacon bird|Dark Aura
|move|p2a: Necrozma|Earthquake|p1a: Bacon bird
|-immune|p1a: Bacon bird
|
|-weather|none
|upkeep
|turn|104
|
|t:|1650717988
|switch|p1a: So Toxic😩|Eternatus|52/100
|-ability|p1a: So Toxic😩|Pressure
|move|p2a: Necrozma|Toxic|p1a: So Toxic😩
|-immune|p1a: So Toxic😩
|
|upkeep
|turn|105
|
|t:|1650718001
|move|p1a: So Toxic😩|Recover|p1a: So Toxic😩
|-heal|p1a: So Toxic😩|100/100
|move|p2a: Necrozma|Earthquake|p1a: So Toxic😩
|-supereffective|p1a: So Toxic😩
|-damage|p1a: So Toxic😩|49/100
|
|upkeep
|turn|106
|
|t:|1650718013
|move|p1a: So Toxic😩|Recover|p1a: So Toxic😩
|-heal|p1a: So Toxic😩|99/100
|move|p2a: Necrozma|Iron Head|p1a: So Toxic😩
|-damage|p1a: So Toxic😩|67/100
|
|upkeep
|turn|107
|
|t:|1650718025
|move|p1a: So Toxic😩|Recover|p1a: So Toxic😩
|-heal|p1a: So Toxic😩|100/100
|move|p2a: Necrozma|Iron Head|p1a: So Toxic😩
|-damage|p1a: So Toxic😩|67/100
|
|upkeep
|turn|108
|
|t:|1650718036
|switch|p1a: 'Arry potter|Ho-Oh, shiny|88/100
|move|p2a: Necrozma|Iron Head|p1a: 'Arry potter
|-resisted|p1a: 'Arry potter
|-damage|p1a: 'Arry potter|68/100
|
|upkeep
|turn|109
|
|t:|1650718043
|switch|p2a: Eternatus|Eternatus|82/100 par
|-ability|p2a: Eternatus|Pressure
|move|p1a: 'Arry potter|Earthquake|p2a: Eternatus
|-supereffective|p2a: Eternatus
|-damage|p2a: Eternatus|46/100 par
|
|upkeep
|turn|110
|
|t:|1650718052
|move|p1a: 'Arry potter|Brave Bird|p2a: Eternatus
|-damage|p2a: Eternatus|11/100 par
|-damage|p1a: 'Arry potter|54/100|[from] Recoil
|move|p2a: Eternatus|Recover|p2a: Eternatus
|-heal|p2a: Eternatus|61/100 par
|
|upkeep
|turn|111
|
|t:|1650718058
|switch|p1a: So Toxic😩|Eternatus|67/100
|-ability|p1a: So Toxic😩|Pressure
|cant|p2a: Eternatus|par
|
|upkeep
|turn|112
|
|t:|1650718066
|switch|p2a: Necrozma|Necrozma-Dusk-Mane|100/100
|move|p1a: So Toxic😩|Dynamax Cannon|p2a: Necrozma
|-resisted|p2a: Necrozma
|-damage|p2a: Necrozma|81/100
|
|-heal|p2a: Necrozma|87/100|[from] item: Leftovers
|upkeep
|turn|113
|
|t:|1650718075
|move|p1a: So Toxic😩|Mystical Fire|p2a: Necrozma
|-supereffective|p2a: Necrozma
|-damage|p2a: Necrozma|61/100
|-unboost|p2a: Necrozma|spa|1
|move|p2a: Necrozma|Iron Head|p1a: So Toxic😩
|-damage|p1a: So Toxic😩|34/100
|
|-heal|p2a: Necrozma|67/100|[from] item: Leftovers
|upkeep
|turn|114
|
|t:|1650718084
|move|p1a: So Toxic😩|Recover|p1a: So Toxic😩
|-heal|p1a: So Toxic😩|84/100
|move|p2a: Necrozma|Iron Head|p1a: So Toxic😩
|-damage|p1a: So Toxic😩|54/100
|
|-heal|p2a: Necrozma|73/100|[from] item: Leftovers
|upkeep
|turn|115
|
|t:|1650718093
|switch|p1a: 'Arry potter|Ho-Oh, shiny|88/100
|move|p2a: Necrozma|Iron Head|p1a: 'Arry potter
|-resisted|p1a: 'Arry potter
|-damage|p1a: 'Arry potter|68/100
|
|-heal|p2a: Necrozma|79/100|[from] item: Leftovers
|upkeep
|turn|116
|inactive|Kage UwU has 90 seconds left.
|
|t:|1650718103
|switch|p2a: Eternatus|Eternatus|61/100 par
|-ability|p2a: Eternatus|Pressure
|move|p1a: 'Arry potter|Brave Bird|p2a: Eternatus
|-damage|p2a: Eternatus|23/100 par
|-damage|p1a: 'Arry potter|54/100|[from] Recoil
|
|upkeep
|turn|117
|inactive|Kage UwU has 90 seconds left.
|inactive|Sliceofbread96 has 120 seconds left.
|inactive|Kage UwU has 60 seconds left.
|
|t:|1650718151
|move|p1a: 'Arry potter|Earthquake|p2a: Eternatus
|-supereffective|p2a: Eternatus
|-damage|p2a: Eternatus|0 fnt
|faint|p2a: Eternatus
|
|upkeep
|inactive|Kage UwU has 60 seconds left.
|
|t:|1650718158
|switch|p2a: Groudon|Groudon|24/100
|-weather|SunnyDay|[from] ability: Drought|[of] p2a: Groudon
|turn|118
|inactive|Kage UwU has 60 seconds left.
|
|t:|1650718165
|move|p1a: 'Arry potter|Earthquake|p2a: Groudon
|-damage|p2a: Groudon|6/100
|move|p2a: Groudon|Toxic|p1a: 'Arry potter|[miss]
|-miss|p2a: Groudon|p1a: 'Arry potter
|
|-weather|SunnyDay|[upkeep]
|upkeep
|turn|119
|inactive|Kage UwU has 60 seconds left.
|
|t:|1650718174
|switch|p1a: DDDevil|Necrozma-Dusk-Mane|100/100
|move|p2a: Groudon|Toxic|p1a: DDDevil
|-immune|p1a: DDDevil
|
|-weather|SunnyDay|[upkeep]
|upkeep
|turn|120
|inactive|Kage UwU has 60 seconds left.
|
|t:|1650718183
|move|p2a: Groudon|Stealth Rock|p1a: DDDevil
|-sidestart|p1: Sliceofbread96|move: Stealth Rock
|move|p1a: DDDevil|Iron Head|p2a: Groudon
|-damage|p2a: Groudon|0 fnt
|faint|p2a: Groudon
|
|-weather|SunnyDay|[upkeep]
|upkeep
|inactive|Kage UwU has 60 seconds left.
|
|t:|1650718189
|switch|p2a: Ferrothorn|Ferrothorn, F|99/100 par
|turn|121
|l| sbycyy
|inactive|Kage UwU has 60 seconds left.
|
|t:|1650718199
|switch|p1a: Bacon bird|Yveltal, shiny|61/100
|-damage|p1a: Bacon bird|37/100|[from] Stealth Rock
|-ability|p1a: Bacon bird|Dark Aura
|move|p2a: Ferrothorn|Knock Off|p1a: Bacon bird
|-resisted|p1a: Bacon bird
|-damage|p1a: Bacon bird|28/100
|
|-weather|SunnyDay|[upkeep]
|upkeep
|turn|122
|
|t:|1650718209
|move|p1a: Bacon bird|Defog|p2a: Ferrothorn
|-unboost|p2a: Ferrothorn|evasion|1
|-sideend|p1: Sliceofbread96|Stealth Rock|[from] move: Defog|[of] p1a: Bacon bird
|cant|p2a: Ferrothorn|par
|
|-weather|none
|upkeep
|turn|123
|
|t:|1650718214
|move|p1a: Bacon bird|Roost|p1a: Bacon bird
|-heal|p1a: Bacon bird|79/100
|-singleturn|p1a: Bacon bird|move: Roost
|move|p2a: Ferrothorn|Leech Seed|p1a: Bacon bird
|-start|p1a: Bacon bird|move: Leech Seed
|
|-damage|p1a: Bacon bird|66/100|[from] Leech Seed|[of] p2a: Ferrothorn
|-heal|p2a: Ferrothorn|100/100 par|[silent]
|upkeep
|turn|124
|inactive|Sliceofbread96 has 120 seconds left.
|
|t:|1650718227
|move|p1a: Bacon bird|Taunt|p2a: Ferrothorn
|-start|p2a: Ferrothorn|move: Taunt
|cant|p2a: Ferrothorn|move: Taunt|Spikes
|
|-damage|p1a: Bacon bird|54/100|[from] Leech Seed|[of] p2a: Ferrothorn
|upkeep
|turn|125
|inactive|Sliceofbread96 has 120 seconds left.
|
|t:|1650718236
|switch|p1a: So Toxic😩|Eternatus|54/100
|-ability|p1a: So Toxic😩|Pressure
|cant|p2a: Ferrothorn|par
|
|upkeep
|turn|126
|
|t:|1650718243
|switch|p2a: Necrozma|Necrozma-Dusk-Mane|79/100
|move|p1a: So Toxic😩|Recover|p1a: So Toxic😩
|-heal|p1a: So Toxic😩|100/100
|
|-heal|p2a: Necrozma|85/100|[from] item: Leftovers
|upkeep
|turn|127
|l| 4125al41
|inactive|Sliceofbread96 has 120 seconds left.
|
|t:|1650718258
|switch|p1a: 'Arry potter|Ho-Oh, shiny|87/100
|move|p2a: Necrozma|Iron Head|p1a: 'Arry potter
|-resisted|p1a: 'Arry potter
|-damage|p1a: 'Arry potter|69/100
|
|-heal|p2a: Necrozma|91/100|[from] item: Leftovers
|upkeep
|turn|128
|
|t:|1650718266
|switch|p2a: Yveltal|Yveltal, shiny|79/100
|-ability|p2a: Yveltal|Dark Aura
|move|p1a: 'Arry potter|Flare Blitz|p2a: Yveltal
|-damage|p2a: Yveltal|32/100
|-damage|p1a: 'Arry potter|52/100|[from] Recoil
|
|upkeep
|turn|129
|inactive|Sliceofbread96 has 120 seconds left.
|
|t:|1650718278
|move|p2a: Yveltal|Roost|p2a: Yveltal
|-heal|p2a: Yveltal|82/100
|-singleturn|p2a: Yveltal|move: Roost
|move|p1a: 'Arry potter|Flare Blitz|p2a: Yveltal
|-damage|p2a: Yveltal|32/100
|-damage|p1a: 'Arry potter|34/100|[from] Recoil
|
|upkeep
|turn|130
|
|t:|1650718290
|switch|p1a: So Toxic😩|Eternatus|100/100
|-ability|p1a: So Toxic😩|Pressure
|move|p2a: Yveltal|Roost|p2a: Yveltal
|-heal|p2a: Yveltal|82/100
|-singleturn|p2a: Yveltal|move: Roost
|
|upkeep
|turn|131
|
|t:|1650718300
|switch|p2a: Necrozma|Necrozma-Dusk-Mane|91/100
|move|p1a: So Toxic😩|Toxic|p2a: Necrozma
|-immune|p2a: Necrozma
|
|-heal|p2a: Necrozma|97/100|[from] item: Leftovers
|upkeep
|turn|132
|
|t:|1650718308
|move|p1a: So Toxic😩|Mystical Fire|p2a: Necrozma
|-supereffective|p2a: Necrozma
|-damage|p2a: Necrozma|67/100
|-unboost|p2a: Necrozma|spa|1
|move|p2a: Necrozma|Toxic|p1a: So Toxic😩
|-immune|p1a: So Toxic😩
|
|-heal|p2a: Necrozma|73/100|[from] item: Leftovers
|upkeep
|turn|133
|
|t:|1650718317
|move|p1a: So Toxic😩|Mystical Fire|p2a: Necrozma
|-supereffective|p2a: Necrozma
|-damage|p2a: Necrozma|45/100
|-unboost|p2a: Necrozma|spa|1
|move|p2a: Necrozma|Iron Head|p1a: So Toxic😩
|-damage|p1a: So Toxic😩|71/100
|
|-heal|p2a: Necrozma|52/100|[from] item: Leftovers
|upkeep
|turn|134
|
|t:|1650718327
|move|p1a: So Toxic😩|Mystical Fire|p2a: Necrozma
|-supereffective|p2a: Necrozma
|-damage|p2a: Necrozma|22/100
|-unboost|p2a: Necrozma|spa|1
|move|p2a: Necrozma|Moonlight|p2a: Necrozma
|-heal|p2a: Necrozma|72/100
|
|-heal|p2a: Necrozma|78/100|[from] item: Leftovers
|upkeep
|turn|135
|
|t:|1650718339
|switch|p1a: 'Arry potter|Ho-Oh, shiny|67/100
|move|p2a: Necrozma|Iron Head|p1a: 'Arry potter
|-resisted|p1a: 'Arry potter
|-damage|p1a: 'Arry potter|49/100
|
|-heal|p2a: Necrozma|84/100|[from] item: Leftovers
|upkeep
|turn|136
|
|t:|1650718348
|switch|p2a: Yveltal|Yveltal, shiny|82/100
|-ability|p2a: Yveltal|Dark Aura
|move|p1a: 'Arry potter|Flare Blitz|p2a: Yveltal
|-damage|p2a: Yveltal|31/100
|-damage|p1a: 'Arry potter|30/100|[from] Recoil
|
|upkeep
|turn|137
|
|t:|1650718356
|switch|p1a: So Toxic😩|Eternatus|71/100
|-ability|p1a: So Toxic😩|Pressure
|move|p2a: Yveltal|Roost|p2a: Yveltal
|-heal|p2a: Yveltal|81/100
|-singleturn|p2a: Yveltal|move: Roost
|
|upkeep
|turn|138
|
|t:|1650718365
|switch|p2a: Necrozma|Necrozma-Dusk-Mane|84/100
|move|p1a: So Toxic😩|Mystical Fire|p2a: Necrozma
|-supereffective|p2a: Necrozma
|-damage|p2a: Necrozma|57/100
|-unboost|p2a: Necrozma|spa|1
|
|-heal|p2a: Necrozma|63/100|[from] item: Leftovers
|upkeep
|turn|139
|
|t:|1650718375
|move|p1a: So Toxic😩|Mystical Fire|p2a: Necrozma
|-supereffective|p2a: Necrozma
|-damage|p2a: Necrozma|34/100
|-unboost|p2a: Necrozma|spa|1
|move|p2a: Necrozma|Iron Head|p1a: So Toxic😩
|-damage|p1a: So Toxic😩|40/100
|
|-heal|p2a: Necrozma|40/100|[from] item: Leftovers
|upkeep
|turn|140
|inactive|Sliceofbread96 has 120 seconds left.
|
|t:|1650718383
|move|p1a: So Toxic😩|Mystical Fire|p2a: Necrozma
|-supereffective|p2a: Necrozma
|-crit|p2a: Necrozma
|-damage|p2a: Necrozma|0 fnt
|faint|p2a: Necrozma
|
|upkeep
|c|☆Sliceofbread96|Sorry
|c|☆Kage UwU|x)
|c|☆Sliceofbread96|gg
|c|☆Kage UwU|After 13 mystical fire
|inactive|Kage UwU has 30 seconds left.
|
|t:|1650718410
|switch|p2a: Yveltal|Yveltal, shiny|81/100
|-ability|p2a: Yveltal|Dark Aura
|turn|141
|c|☆Sliceofbread96|Ho oh wins
|inactive|Kage UwU has 30 seconds left.
|inactive|Sliceofbread96 has 120 seconds left.
|inactive|Kage UwU has 20 seconds left.
|inactive|Kage UwU has 15 seconds left.
|
|t:|1650718431
|move|p1a: So Toxic😩|Toxic|p2a: Yveltal
|-status|p2a: Yveltal|tox
|move|p2a: Yveltal|Foul Play|p1a: So Toxic😩
|-damage|p1a: So Toxic😩|18/100
|
|-damage|p2a: Yveltal|75/100 tox|[from] psn
|upkeep
|turn|142
|inactive|Kage UwU has 20 seconds left this turn.
|inactive|Kage UwU has 15 seconds left.
|
|t:|1650718441
|move|p1a: So Toxic😩|Dynamax Cannon|p2a: Yveltal
|-damage|p2a: Yveltal|48/100 tox
|move|p2a: Yveltal|Foul Play|p1a: So Toxic😩
|-damage|p1a: So Toxic😩|0 fnt
|faint|p1a: So Toxic😩
|
|-damage|p2a: Yveltal|35/100 tox|[from] psn
|upkeep
|inactive|Kage UwU has 20 seconds left this turn.
|
|t:|1650718447
|switch|p1a: Bacon bird|Yveltal, shiny|54/100
|-ability|p1a: Bacon bird|Dark Aura
|turn|143
|inactive|Kage UwU has 25 seconds left this turn.
|
|t:|1650718452
|switch|p1a: 'Arry potter|Ho-Oh, shiny|64/100
|move|p2a: Yveltal|Roost|p2a: Yveltal
|-heal|p2a: Yveltal|85/100 tox
|-singleturn|p2a: Yveltal|move: Roost
|
|-damage|p2a: Yveltal|67/100 tox|[from] psn
|upkeep
|turn|144
|inactive|Kage UwU has 30 seconds left this turn.
|
|t:|1650718462
|switch|p1a: Bacon bird|Yveltal, shiny|54/100
|-ability|p1a: Bacon bird|Dark Aura
|move|p2a: Yveltal|U-turn|p1a: Bacon bird
|-damage|p1a: Bacon bird|36/100
|inactive|Kage UwU has 30 seconds left this turn.
|
|t:|1650718468
|switch|p2a: Ferrothorn|Ferrothorn, F|100/100 par|[from]move: U-turn
|
|upkeep
|turn|145
|inactive|Kage UwU has 30 seconds left this turn.
|inactive|Sliceofbread96 has 120 seconds left.
|
|t:|1650718474
|move|p1a: Bacon bird|Taunt|p2a: Ferrothorn
|-start|p2a: Ferrothorn|move: Taunt
|cant|p2a: Ferrothorn|move: Taunt|Leech Seed
|
|upkeep
|turn|146
|inactive|Kage UwU has 30 seconds left.
|
|t:|1650718479
|move|p1a: Bacon bird|Roost|p1a: Bacon bird
|-heal|p1a: Bacon bird|86/100
|-singleturn|p1a: Bacon bird|move: Roost
|move|p2a: Ferrothorn|Knock Off|p1a: Bacon bird
|-resisted|p1a: Bacon bird
|-damage|p1a: Bacon bird|78/100
|
|upkeep
|turn|147
|inactive|Kage UwU has 30 seconds left.
|
|t:|1650718485
|move|p1a: Bacon bird|Knock Off|p2a: Ferrothorn
|-damage|p2a: Ferrothorn|79/100 par
|-damage|p1a: Bacon bird|66/100|[from] ability: Iron Barbs|[of] p2a: Ferrothorn
|move|p2a: Ferrothorn|Power Whip|p1a: Bacon bird
|-resisted|p1a: Bacon bird
|-damage|p1a: Bacon bird|48/100
|
|-end|p2a: Ferrothorn|move: Taunt
|upkeep
|turn|148
|inactive|Kage UwU has 30 seconds left.
|
|t:|1650718495
|move|p1a: Bacon bird|Taunt|p2a: Ferrothorn
|-start|p2a: Ferrothorn|move: Taunt
|move|p2a: Ferrothorn|Power Whip|p1a: Bacon bird
|-resisted|p1a: Bacon bird
|-damage|p1a: Bacon bird|31/100
|
|upkeep
|turn|149
|inactive|Kage UwU has 30 seconds left.
|
|t:|1650718501
|move|p1a: Bacon bird|Roost|p1a: Bacon bird
|-heal|p1a: Bacon bird|81/100
|-singleturn|p1a: Bacon bird|move: Roost
|move|p2a: Ferrothorn|Power Whip|p1a: Bacon bird
|-damage|p1a: Bacon bird|47/100
|
|upkeep
|turn|150
|inactive|Kage UwU has 30 seconds left.
|
|t:|1650718509
|move|p1a: Bacon bird|Roost|p1a: Bacon bird
|-heal|p1a: Bacon bird|97/100
|-singleturn|p1a: Bacon bird|move: Roost
|move|p2a: Ferrothorn|Power Whip|p1a: Bacon bird|[miss]
|-miss|p2a: Ferrothorn|p1a: Bacon bird
|
|-end|p2a: Ferrothorn|move: Taunt
|upkeep
|turn|151
|inactive|Kage UwU has 30 seconds left.
|
|t:|1650718518
|move|p1a: Bacon bird|Taunt|p2a: Ferrothorn
|-start|p2a: Ferrothorn|move: Taunt
|move|p2a: Ferrothorn|Knock Off|p1a: Bacon bird
|-resisted|p1a: Bacon bird
|-damage|p1a: Bacon bird|88/100
|
|upkeep
|turn|152
|inactive|Kage UwU has 30 seconds left.
|
|t:|1650718531
|switch|p1a: 'Arry potter|Ho-Oh, shiny|97/100
|move|p2a: Ferrothorn|Power Whip|p1a: 'Arry potter
|-resisted|p1a: 'Arry potter
|-damage|p1a: 'Arry potter|89/100
|
|upkeep
|turn|153
|inactive|Kage UwU has 30 seconds left.
|
|t:|1650718538
|switch|p2a: Yveltal|Yveltal, shiny|67/100 tox
|-ability|p2a: Yveltal|Dark Aura
|move|p1a: 'Arry potter|Flare Blitz|p2a: Yveltal
|-damage|p2a: Yveltal|15/100 tox
|-damage|p1a: 'Arry potter|70/100|[from] Recoil
|
|-damage|p2a: Yveltal|9/100 tox|[from] psn
|upkeep
|turn|154
|inactive|Kage UwU has 30 seconds left.
|c|☆Sliceofbread96|gg this was my longest battle ever
|inactive|Kage UwU has 20 seconds left.
|inactive|Kage UwU has 15 seconds left.
|
|t:|1650718563
|switch|p1a: Bacon bird|Yveltal, shiny|88/100
|-ability|p1a: Bacon bird|Dark Aura
|move|p2a: Yveltal|Roost|p2a: Yveltal
|-heal|p2a: Yveltal|59/100 tox
|-singleturn|p2a: Yveltal|move: Roost
|
|-damage|p2a: Yveltal|46/100 tox|[from] psn
|upkeep
|turn|155
|inactive|Kage UwU has 20 seconds left this turn.
|inactive|Kage UwU has 15 seconds left.
|
|t:|1650718573
|move|p1a: Bacon bird|Taunt|p2a: Yveltal
|-start|p2a: Yveltal|move: Taunt
|cant|p2a: Yveltal|move: Taunt|Roost
|
|-damage|p2a: Yveltal|28/100 tox|[from] psn
|upkeep
|turn|156
|inactive|Kage UwU has 20 seconds left this turn.
|inactive|Kage UwU has 15 seconds left.
|
|t:|1650718581
|move|p1a: Bacon bird|Taunt||[still]
|-fail|p1a: Bacon bird
|move|p2a: Yveltal|U-turn|p1a: Bacon bird
|-damage|p1a: Bacon bird|70/100
|inactive|Kage UwU has 20 seconds left this turn.
|
|t:|1650718585
|switch|p2a: Ferrothorn|Ferrothorn, F|79/100 par|[from]move: U-turn
|
|upkeep
|turn|157
|inactive|Kage UwU has 25 seconds left this turn.
|inactive|Kage UwU has 20 seconds left.
|
|t:|1650718594
|move|p1a: Bacon bird|Taunt|p2a: Ferrothorn
|-start|p2a: Ferrothorn|move: Taunt
|move|p2a: Ferrothorn|Power Whip|p1a: Bacon bird
|-resisted|p1a: Bacon bird
|-damage|p1a: Bacon bird|52/100
|
|upkeep
|turn|158
|inactive|Kage UwU has 25 seconds left this turn.
|inactive|Kage UwU has 20 seconds left.
|
|t:|1650718601
|move|p1a: Bacon bird|Roost|p1a: Bacon bird
|-heal|p1a: Bacon bird|100/100
|-singleturn|p1a: Bacon bird|move: Roost
|move|p2a: Ferrothorn|Power Whip|p1a: Bacon bird
|-damage|p1a: Bacon bird|63/100
|
|upkeep
|turn|159
|inactive|Kage UwU has 25 seconds left this turn.
|inactive|Kage UwU has 20 seconds left.
|inactive|Sliceofbread96 has 120 seconds left.
|
|t:|1650718629
|move|p1a: Bacon bird|Roost|p1a: Bacon bird
|-heal|p1a: Bacon bird|100/100
|-singleturn|p1a: Bacon bird|move: Roost
|move|p2a: Ferrothorn|Power Whip|p1a: Bacon bird
|-damage|p1a: Bacon bird|67/100
|
|-end|p2a: Ferrothorn|move: Taunt
|upkeep
|turn|160
|inactive|Kage UwU has 25 seconds left this turn.
|inactive|Kage UwU has 20 seconds left.
|
|t:|1650718637
|move|p1a: Bacon bird|Taunt|p2a: Ferrothorn
|-start|p2a: Ferrothorn|move: Taunt
|move|p2a: Ferrothorn|Power Whip|p1a: Bacon bird
|-resisted|p1a: Bacon bird
|-damage|p1a: Bacon bird|51/100
|
|upkeep
|turn|161
|inactive|Kage UwU has 25 seconds left this turn.
|inactive|Sliceofbread96 has 120 seconds left.
|inactive|Kage UwU has 20 seconds left.
|inactive|Kage UwU has 15 seconds left.
|c|☆Sliceofbread96|!dt taunt
|raw|<ul class="utilichart"><li class="result"><span class="col movenamecol"><a href="https://dex.pokemonshowdown.com/moves/taunt">Taunt</a></span> <span class="col typecol"><img src="//play.pokemonshowdown.com/sprites/types/Dark.png" alt="Dark" width="32" height="14"><img src="//play.pokemonshowdown.com/sprites/categories/Status.png" alt="Status" width="32" height="14"></span> <span class="col widelabelcol"><em>Accuracy</em><br>100%</span> <span class="col pplabelcol"><em>PP</em><br>32</span> <span class="col movedesccol">Target can't use status moves its next 3 turns.</span> </li><li style="clear:both"></li></ul>
|raw|<font size="1"><font color="#686868">Priority:</font> 0&nbsp;|&ThickSpace;<font color="#686868">Gen:</font> 3&nbsp;|&ThickSpace;&#10003; Bypasses Substitutes&nbsp;|&ThickSpace;&#10003; Bounceable&nbsp;|&ThickSpace;<font color="#686868">Z-Effect:</font>  Attack +1&nbsp;|&ThickSpace;<font color="#686868">Target:</font> One Adjacent Pokémon</font>

|
|t:|1650718667
|switch|p1a: DDDevil|Necrozma-Dusk-Mane|100/100
|move|p2a: Ferrothorn|Power Whip|p1a: DDDevil
|-resisted|p1a: DDDevil
|-damage|p1a: DDDevil|86/100
|
|-heal|p1a: DDDevil|92/100|[from] item: Leftovers
|upkeep
|turn|162
|inactive|Kage UwU has 20 seconds left this turn.
|inactive|Kage UwU has 15 seconds left.
|
|t:|1650718675
|move|p1a: DDDevil|Stealth Rock|p2a: Ferrothorn
|-sidestart|p2: Kage UwU|move: Stealth Rock
|move|p2a: Ferrothorn|Knock Off|p1a: DDDevil
|-supereffective|p1a: DDDevil
|-damage|p1a: DDDevil|70/100
|-enditem|p1a: DDDevil|Leftovers|[from] move: Knock Off|[of] p2a: Ferrothorn
|
|-end|p2a: Ferrothorn|move: Taunt
|upkeep
|turn|163
|inactive|Kage UwU has 20 seconds left this turn.
|inactive|Kage UwU has 15 seconds left.
|inactive|Kage UwU has 10 seconds left.
|
|t:|1650718687
|switch|p1a: Bacon bird|Yveltal, shiny|51/100
|-ability|p1a: Bacon bird|Dark Aura
|move|p2a: Ferrothorn|Leech Seed|p1a: Bacon bird
|-start|p1a: Bacon bird|move: Leech Seed
|
|-damage|p1a: Bacon bird|38/100|[from] Leech Seed|[of] p2a: Ferrothorn
|-heal|p2a: Ferrothorn|93/100 par|[silent]
|upkeep
|turn|164
|inactive|Kage UwU has 15 seconds left this turn.
|inactive|Kage UwU has 10 seconds left.
|inactive|Sliceofbread96 has 90 seconds left.
|
|t:|1650718697
|switch|p1a: 'Arry potter|Ho-Oh, shiny|100/100
|switch|p2a: Yveltal|Yveltal, shiny|28/100 tox
|-damage|p2a: Yveltal|3/100 tox|[from] Stealth Rock
|-ability|p2a: Yveltal|Dark Aura
|
|-damage|p2a: Yveltal|0 fnt|[from] psn
|faint|p2a: Yveltal
|upkeep
|inactive|Kage UwU has 15 seconds left this turn.
|inactive|Kage UwU has 10 seconds left.
|
|t:|1650718706
|switch|p2a: Ferrothorn|Ferrothorn, F|93/100 par
|-damage|p2a: Ferrothorn|87/100 par|[from] Stealth Rock
|turn|165
|inactive|Kage UwU has 15 seconds left this turn.
|c|☆Sliceofbread96|gg
|c|☆Kage UwU|gg
|
|t:|1650718714
|move|p1a: 'Arry potter|Flare Blitz|p2a: Ferrothorn
|-supereffective|p2a: Ferrothorn
|-damage|p2a: Ferrothorn|0 fnt
|-damage|p1a: 'Arry potter|88/100|[from] ability: Iron Barbs|[of] p2a: Ferrothorn
|faint|p2a: Ferrothorn
|-damage|p1a: 'Arry potter|64/100|[from] Recoil
|
|win|Sliceofbread96
|inactive|Kage UwU has 20 seconds left this turn.
|raw|Sliceofbread96's rating: 1386 &rarr; <strong>1414</strong><br />(+28 for winning)
|raw|Kage UwU's rating: 1540 &rarr; <strong>1512</strong><br />(-28 for losing)
|c|☆Sliceofbread96|Well played
|c|☆Kage UwU|it was a good game
