|j|☆TogeBirlHQ
|j|☆PsykotikDolfin
|t:|1662574952
|gametype|singles
|player|p1|TogeBirlHQ|nate|1661
|player|p2|PsykotikDolfin|steven|1454
|teamsize|p1|6
|teamsize|p2|6
|gen|8
|tier|[Gen 8] Ubers
|rated|
|rule|Sleep Clause Mod: Limit one foe put to sleep
|rule|Species Clause: Limit one of each Pokémon
|rule|OHKO Clause: OHKO moves are banned
|rule|Evasion Items Clause: Evasion items are banned
|rule|Evasion Moves Clause: Evasion moves are banned
|rule|Endless Battle Clause: Forcing endless battles is banned
|rule|HP Percentage Mod: HP is shown in percentages
|rule|Dynamax Clause: You cannot dynamax
|clearpoke
|poke|p1|Ho-Oh|
|poke|p1|Eternatus|
|poke|p1|Necrozma-Dusk-Mane|
|poke|p1|Yveltal|
|poke|p1|Marshadow|
|poke|p1|Xerneas-*|
|poke|p2|Weavile, F|
|poke|p2|Eternatus|
|poke|p2|Necrozma-Dusk-Mane|
|poke|p2|Yveltal|
|poke|p2|Shuckle, F|
|poke|p2|Kyogre|
|teampreview
|
|t:|1662574975
|start
|switch|p1a: Yveltal|Yveltal|100/100
|switch|p2a: Shuckle|Shuckle, F|100/100
|-ability|p1a: Yveltal|Dark Aura
|turn|1
|
|t:|1662574979
|move|p1a: Yveltal|Taunt|p2a: Shuckle
|-start|p2a: Shuckle|move: Taunt
|-enditem|p2a: Shuckle|Mental Herb
|-end|p2a: Shuckle|move: Taunt
|move|p2a: Shuckle|Encore|p1a: Yveltal
|-start|p1a: Yveltal|Encore
|
|upkeep
|turn|2
|
|t:|1662574989
|switch|p1a: Marshadow|Marshadow|100/100
|switch|p2a: Weavile|Weavile, F|100/100
|-ability|p2a: Weavile|Pressure
|
|upkeep
|turn|3
|
|t:|1662575004
|switch|p1a: Necrozma|Necrozma-Dusk-Mane|100/100
|move|p2a: Weavile|Knock Off|p1a: Necrozma
|-supereffective|p1a: Necrozma
|-crit|p1a: Necrozma
|-damage|p1a: Necrozma|26/100
|-enditem|p1a: Necrozma|Leftovers|[from] move: Knock Off|[of] p2a: Weavile
|
|upkeep
|turn|4
|
|t:|1662575011
|move|p2a: Weavile|Knock Off|p1a: Necrozma
|-supereffective|p1a: Necrozma
|-damage|p1a: Necrozma|0 fnt
|faint|p1a: Necrozma
|
|upkeep
|
|t:|1662575013
|switch|p1a: Xerneas|Xerneas|100/100
|-ability|p1a: Xerneas|Fairy Aura
|-item|p1a: Xerneas|Air Balloon
|turn|5
|
|t:|1662575018
|switch|p2a: Necrozma|Necrozma-Dusk-Mane|100/100
|switch|p1a: Ho-Oh|Ho-Oh|100/100
|
|upkeep
|turn|6
|
|t:|1662575021
|move|p2a: Necrozma|Stone Edge|p1a: Ho-Oh
|-supereffective|p1a: Ho-Oh
|-crit|p1a: Ho-Oh
|-damage|p1a: Ho-Oh|0 fnt
|faint|p1a: Ho-Oh
|
|upkeep
|
|t:|1662575028
|switch|p1a: Marshadow|Marshadow|100/100
|turn|7
|
|t:|1662575031
|move|p1a: Marshadow|Poltergeist|p2a: Necrozma
|-activate|p2a: Necrozma|move: Poltergeist|Weakness Policy
|-supereffective|p2a: Necrozma
|-damage|p2a: Necrozma|0 fnt
|faint|p2a: Necrozma
|
|upkeep
|
|t:|1662575039
|switch|p2a: Yveltal|Yveltal|100/100
|-ability|p2a: Yveltal|Dark Aura
|turn|8
|
|t:|1662575045
|switch|p1a: Xerneas|Xerneas|100/100
|-ability|p1a: Xerneas|Fairy Aura
|-item|p1a: Xerneas|Air Balloon
|move|p2a: Yveltal|U-turn|p1a: Xerneas
|-resisted|p1a: Xerneas
|-damage|p1a: Xerneas|95/100
|-enditem|p1a: Xerneas|Air Balloon
|
|t:|1662575048
|switch|p2a: Eternatus|Eternatus|100/100|[from]move: U-turn
|-ability|p2a: Eternatus|Pressure
|
|upkeep
|turn|9
|
|t:|1662575056
|switch|p1a: Eternatus|Eternatus|100/100
|-ability|p1a: Eternatus|Pressure
|move|p2a: Eternatus|Sludge Bomb|p1a: Eternatus
|-resisted|p1a: Eternatus
|-damage|p1a: Eternatus|85/100
|
|upkeep
|turn|10
|
|t:|1662575063
|move|p1a: Eternatus|Draco Meteor|p2a: Eternatus
|-supereffective|p2a: Eternatus
|-damage|p2a: Eternatus|0 fnt
|-unboost|p1a: Eternatus|spa|2
|faint|p2a: Eternatus
|
|upkeep
|
|t:|1662575073
|switch|p2a: Weavile|Weavile, F|100/100
|-ability|p2a: Weavile|Pressure
|turn|11
|
|t:|1662575090
|switch|p1a: Yveltal|Yveltal|100/100
|-ability|p1a: Yveltal|Dark Aura
|move|p2a: Weavile|Swords Dance|p2a: Weavile
|-boost|p2a: Weavile|atk|2
|
|upkeep
|turn|12
|
|t:|1662575108
|move|p2a: Weavile|Triple Axel|p1a: Yveltal
|-supereffective|p1a: Yveltal
|-damage|p1a: Yveltal|67/100
|-supereffective|p1a: Yveltal
|-damage|p1a: Yveltal|0 fnt
|faint|p1a: Yveltal
|-hitcount|p1: Yveltal|2
|
|upkeep
|
|t:|1662575113
|switch|p1a: Marshadow|Marshadow|100/100
|turn|13
|
|t:|1662575117
|move|p1a: Marshadow|Shadow Sneak|p2a: Weavile
|-resisted|p2a: Weavile
|-damage|p2a: Weavile|59/100
|move|p2a: Weavile|Triple Axel|p1a: Marshadow
|-damage|p1a: Marshadow|73/100
|-damage|p1a: Marshadow|27/100
|-damage|p1a: Marshadow|0 fnt
|faint|p1a: Marshadow
|-hitcount|p1: Marshadow|3
|
|upkeep
|
|t:|1662575122
|switch|p1a: Eternatus|Eternatus|85/100
|-ability|p1a: Eternatus|Pressure
|turn|14
|
|t:|1662575131
|move|p1a: Eternatus|Draco Meteor|p2a: Weavile
|-damage|p2a: Weavile|0 fnt
|-unboost|p1a: Eternatus|spa|2
|faint|p2a: Weavile
|
|upkeep
|
|t:|1662575135
|switch|p2a: Shuckle|Shuckle, F|100/100
|turn|15
|
|t:|1662575142
|switch|p1a: Xerneas|Xerneas|95/100
|-ability|p1a: Xerneas|Fairy Aura
|move|p2a: Shuckle|Sticky Web|p1a: Xerneas
|-sidestart|p1: TogeBirlHQ|move: Sticky Web
|
|upkeep
|turn|16
|
|t:|1662575151
|move|p1a: Xerneas|Defog|p2a: Shuckle
|-unboost|p2a: Shuckle|evasion|1
|-sideend|p1: TogeBirlHQ|Sticky Web|[from] move: Defog|[of] p1a: Xerneas
|move|p2a: Shuckle|Encore|p1a: Xerneas
|-start|p1a: Xerneas|Encore
|
|upkeep
|turn|17
|
|t:|1662575160
|move|p1a: Xerneas|Defog|p2a: Shuckle
|-unboost|p2a: Shuckle|evasion|1
|move|p2a: Shuckle|Final Gambit|p1a: Xerneas
|-damage|p1a: Xerneas|42/100
|faint|p2a: Shuckle
|
|upkeep
|
|t:|1662575167
|switch|p2a: Kyogre|Kyogre|100/100
|-weather|RainDance|[from] ability: Drizzle|[of] p2a: Kyogre
|turn|18
|
|t:|1662575170
|switch|p1a: Eternatus|Eternatus|85/100
|-ability|p1a: Eternatus|Pressure
|move|p2a: Kyogre|Ice Beam|p1a: Eternatus
|-supereffective|p1a: Eternatus
|-damage|p1a: Eternatus|46/100
|
|-weather|RainDance|[upkeep]
|upkeep
|turn|19
|
|t:|1662575176
|move|p1a: Eternatus|Recover|p1a: Eternatus
|-heal|p1a: Eternatus|96/100
|move|p2a: Kyogre|Ice Beam|p1a: Eternatus
|-supereffective|p1a: Eternatus
|-damage|p1a: Eternatus|55/100
|
|-weather|RainDance|[upkeep]
|upkeep
|turn|20
|
|t:|1662575182
|move|p1a: Eternatus|Recover|p1a: Eternatus
|-heal|p1a: Eternatus|100/100
|move|p2a: Kyogre|Ice Beam|p1a: Eternatus
|-supereffective|p1a: Eternatus
|-damage|p1a: Eternatus|58/100
|
|-weather|RainDance|[upkeep]
|upkeep
|turn|21
|
|t:|1662575187
|move|p1a: Eternatus|Recover|p1a: Eternatus
|-heal|p1a: Eternatus|100/100
|move|p2a: Kyogre|Ice Beam|p1a: Eternatus
|-supereffective|p1a: Eternatus
|-damage|p1a: Eternatus|56/100
|
|-weather|RainDance|[upkeep]
|upkeep
|turn|22
|
|t:|1662575192
|move|p1a: Eternatus|Recover|p1a: Eternatus
|-heal|p1a: Eternatus|100/100
|move|p2a: Kyogre|Ice Beam|p1a: Eternatus
|-supereffective|p1a: Eternatus
|-damage|p1a: Eternatus|60/100
|
|-weather|none
|upkeep
|turn|23
|
|t:|1662575204
|move|p1a: Eternatus|Recover|p1a: Eternatus
|-heal|p1a: Eternatus|100/100
|move|p2a: Kyogre|Ice Beam|p1a: Eternatus
|-supereffective|p1a: Eternatus
|-damage|p1a: Eternatus|55/100
|
|upkeep
|turn|24
|
|t:|1662575209
|move|p1a: Eternatus|Recover|p1a: Eternatus
|-heal|p1a: Eternatus|100/100
|move|p2a: Kyogre|Ice Beam|p1a: Eternatus
|-supereffective|p1a: Eternatus
|-damage|p1a: Eternatus|55/100
|
|upkeep
|turn|25
|
|t:|1662575214
|move|p1a: Eternatus|Recover|p1a: Eternatus
|-heal|p1a: Eternatus|100/100
|move|p2a: Kyogre|Ice Beam|p1a: Eternatus
|-supereffective|p1a: Eternatus
|-damage|p1a: Eternatus|55/100
|
|upkeep
|turn|26
|
|t:|1662575220
|switch|p2a: Yveltal|Yveltal|100/100
|-ability|p2a: Yveltal|Dark Aura
|move|p1a: Eternatus|Recover|p1a: Eternatus
|-heal|p1a: Eternatus|100/100
|
|upkeep
|turn|27
|-message|PsykotikDolfin forfeited.
|
|win|TogeBirlHQ
|raw|TogeBirlHQ's rating: 1661 &rarr; <strong>1671</strong><br />(+10 for winning)
|raw|PsykotikDolfin's rating: 1466 &rarr; <strong>1456</strong><br />(-10 for losing)
|l|☆PsykotikDolfin
