|j|‽OUTZ nabil
|j|☆Reegychodon_64
|player|p1|OUTZ nabil|hilbert-dueldisk|
|player|p2|Reegychodon_64|birdkeeper|
|teamsize|p1|6
|teamsize|p2|6
|gametype|singles
|gen|8
|tier|[Gen 8] Ubers
|rated|Tournament battle
|clearpoke
|poke|p1|Mewtwo|
|poke|p1|Ferrothorn, F|
|poke|p1|Necrozma-Dusk-Mane|
|poke|p1|Tyranitar, F|
|poke|p1|Zekrom|
|poke|p1|Darmanitan-Galar, M|
|poke|p2|Zacian-Crowned|
|poke|p2|Necrozma-Dusk-Mane|
|poke|p2|Lunala|
|poke|p2|Ferrothorn, F|
|poke|p2|Rotom-Wash|
|poke|p2|Tyranitar, F|
|rule|Sleep Clause Mod: Limit one foe put to sleep
|rule|Species Clause: Limit one of each Pokémon
|rule|OHKO Clause: OHKO moves are banned
|rule|Evasion Moves Clause: Evasion moves are banned
|rule|Endless Battle Clause: Forcing endless battles is banned
|rule|HP Percentage Mod: HP is shown in percentages
|html|Ubers Dynamax Clause: Pokémon on the <a href="https://www.smogon.com/dex/ss/formats/uber/">Ubers Dynamax Banlist</a> cannot Dynamax.
|teampreview
|c|☆Reegychodon_64|Hf
|
|start
|switch|p1a: Darmanitan|Darmanitan-Galar, M|100/100
|switch|p2a: Lunala|Lunala|100/100
|turn|1
|
|move|p1a: Darmanitan|U-turn|p2a: Lunala
|-damage|p2a: Lunala|82/100
|
|switch|p1a: Mewtwo|Mewtwo|100/100|[from]move: U-turn
|-ability|p1a: Mewtwo|Pressure
|move|p2a: Lunala|Focus Blast|p1a: Mewtwo|[miss]
|-miss|p2a: Lunala|p1a: Mewtwo
|
|upkeep
|turn|2
|
|move|p1a: Mewtwo|Focus Blast|p2a: Lunala
|-immune|p2a: Lunala
|move|p2a: Lunala|Focus Blast|p1a: Mewtwo|[miss]
|-miss|p2a: Lunala|p1a: Mewtwo
|
|upkeep
|turn|3
|
|switch|p2a: Tyranitar|Tyranitar, F|100/100
|-weather|Sandstorm|[from] ability: Sand Stream|[of] p2a: Tyranitar
|move|p1a: Mewtwo|Focus Blast|p2a: Tyranitar
|-supereffective|p2a: Tyranitar
|-damage|p2a: Tyranitar|0 fnt
|-damage|p1a: Mewtwo|91/100|[from] item: Life Orb
|faint|p2a: Tyranitar
|
|-weather|Sandstorm|[upkeep]
|-damage|p1a: Mewtwo|84/100|[from] Sandstorm
|upkeep
|
|switch|p2a: Zacian|Zacian-Crowned|100/100
|-ability|p2a: Zacian|Intrepid Sword|boost
|-boost|p2a: Zacian|atk|1
|turn|4
|
|switch|p2a: Lunala|Lunala|82/100
|move|p1a: Mewtwo|Fire Blast|p2a: Lunala
|-damage|p2a: Lunala|42/100
|-status|p2a: Lunala|brn
|-damage|p1a: Mewtwo|74/100|[from] item: Life Orb
|
|-weather|Sandstorm|[upkeep]
|-damage|p1a: Mewtwo|68/100|[from] Sandstorm
|-damage|p2a: Lunala|35/100 brn|[from] Sandstorm
|-damage|p2a: Lunala|29/100 brn|[from] brn
|upkeep
|turn|5
|j| plaute le dog
|
|switch|p1a: Tyranitar|Tyranitar, F|100/100
|switch|p2a: Rotom|Rotom-Wash|100/100
|
|-weather|Sandstorm|[upkeep]
|-damage|p2a: Rotom|95/100|[from] Sandstorm
|-heal|p2a: Rotom|100/100|[from] item: Leftovers
|upkeep
|turn|6
|
|move|p2a: Rotom|Volt Switch|p1a: Tyranitar
|-damage|p1a: Tyranitar|88/100
|
|switch|p2a: Lunala|Lunala|29/100 brn|[from]move: Volt Switch
|move|p1a: Tyranitar|Stealth Rock|p2a: Lunala
|-sidestart|p2: Reegychodon_64|move: Stealth Rock
|
|-weather|Sandstorm|[upkeep]
|-damage|p2a: Lunala|23/100 brn|[from] Sandstorm
|-damage|p2a: Lunala|17/100 brn|[from] brn
|upkeep
|turn|7
|
|move|p2a: Lunala|Moongeist Beam|p1a: Tyranitar
|-resisted|p1a: Tyranitar
|-damage|p1a: Tyranitar|72/100
|move|p1a: Tyranitar|Crunch|p2a: Lunala
|-supereffective|p2a: Lunala
|-damage|p2a: Lunala|0 fnt
|faint|p2a: Lunala
|
|-weather|none
|upkeep
|
|switch|p2a: Ferrothorn|Ferrothorn, F|100/100
|-damage|p2a: Ferrothorn|94/100|[from] Stealth Rock
|turn|8
|
|move|p1a: Tyranitar|Flamethrower|p2a: Ferrothorn
|-supereffective|p2a: Ferrothorn
|-damage|p2a: Ferrothorn|22/100
|move|p2a: Ferrothorn|Leech Seed|p1a: Tyranitar
|-start|p1a: Tyranitar|move: Leech Seed
|
|-heal|p2a: Ferrothorn|28/100|[from] item: Leftovers
|-damage|p1a: Tyranitar|60/100|[from] Leech Seed|[of] p2a: Ferrothorn
|-heal|p2a: Ferrothorn|42/100|[silent]
|upkeep
|turn|9
|
|switch|p1a: Darmanitan|Darmanitan-Galar, M|100/100
|switch|p2a: Rotom|Rotom-Wash|100/100
|-damage|p2a: Rotom|88/100|[from] Stealth Rock
|
|-heal|p2a: Rotom|94/100|[from] item: Leftovers
|upkeep
|turn|10
|j| Erwan 0450
|
|move|p1a: Darmanitan|U-turn|p2a: Rotom
|-damage|p2a: Rotom|62/100
|
|switch|p1a: Mewtwo|Mewtwo|68/100|[from]move: U-turn
|-ability|p1a: Mewtwo|Pressure
|move|p2a: Rotom|Volt Switch|p1a: Mewtwo
|-damage|p1a: Mewtwo|36/100
|
|switch|p2a: Zacian|Zacian-Crowned|100/100|[from]move: Volt Switch
|-damage|p2a: Zacian|94/100|[from] Stealth Rock
|-ability|p2a: Zacian|Intrepid Sword|boost
|-boost|p2a: Zacian|atk|1
|
|upkeep
|turn|11
|
|switch|p2a: Rotom|Rotom-Wash|62/100
|-damage|p2a: Rotom|50/100|[from] Stealth Rock
|switch|p1a: Necrozma|Necrozma-Dusk-Mane|100/100
|
|-heal|p2a: Rotom|56/100|[from] item: Leftovers
|upkeep
|turn|12
|
|move|p2a: Rotom|Defog|p1a: Necrozma
|-unboost|p1a: Necrozma|evasion|1
|-sideend|p2: Reegychodon_64|Stealth Rock|[from] move: Defog|[of] p2a: Rotom
|move|p1a: Necrozma|Knock Off|p2a: Rotom
|-damage|p2a: Rotom|28/100
|-enditem|p2a: Rotom|Leftovers|[from] move: Knock Off|[of] p1a: Necrozma
|
|upkeep
|turn|13
|
|switch|p1a: Mewtwo|Mewtwo|36/100
|-ability|p1a: Mewtwo|Pressure
|move|p2a: Rotom|Hydro Pump|p1a: Mewtwo
|-damage|p1a: Mewtwo|0 fnt
|faint|p1a: Mewtwo
|
|upkeep
|
|switch|p1a: Darmanitan|Darmanitan-Galar, M|100/100
|turn|14
|
|switch|p2a: Necrozma|Necrozma-Dusk-Mane|100/100
|move|p1a: Darmanitan|U-turn|p2a: Necrozma
|-damage|p2a: Necrozma|79/100
|
|switch|p1a: Zekrom|Zekrom|100/100|[from]move: U-turn
|-ability|p1a: Zekrom|Teravolt
|
|-heal|p2a: Necrozma|85/100|[from] item: Leftovers
|upkeep
|turn|15
|
|switch|p1a: Ferrothorn|Ferrothorn, F|100/100
|move|p2a: Necrozma|Earthquake|p1a: Ferrothorn
|-damage|p1a: Ferrothorn|80/100
|
|-heal|p2a: Necrozma|91/100|[from] item: Leftovers
|-heal|p1a: Ferrothorn|86/100|[from] item: Leftovers
|upkeep
|turn|16
|
|move|p2a: Necrozma|Knock Off|p1a: Ferrothorn
|-damage|p1a: Ferrothorn|65/100
|-damage|p2a: Necrozma|79/100|[from] ability: Iron Barbs|[of] p1a: Ferrothorn
|-enditem|p1a: Ferrothorn|Leftovers|[from] move: Knock Off|[of] p2a: Necrozma
|move|p1a: Ferrothorn|Iron Defense|p1a: Ferrothorn
|-boost|p1a: Ferrothorn|def|2
|
|-heal|p2a: Necrozma|85/100|[from] item: Leftovers
|upkeep
|turn|17
|
|move|p2a: Necrozma|Thunder Wave|p1a: Ferrothorn
|-status|p1a: Ferrothorn|par
|move|p1a: Ferrothorn|Leech Seed|p2a: Necrozma
|-start|p2a: Necrozma|move: Leech Seed
|
|-heal|p2a: Necrozma|91/100|[from] item: Leftovers
|-damage|p2a: Necrozma|79/100|[from] Leech Seed|[of] p1a: Ferrothorn
|-heal|p1a: Ferrothorn|79/100 par|[silent]
|upkeep
|turn|18
|
|switch|p2a: Ferrothorn|Ferrothorn, F|42/100
|switch|p1a: Zekrom|Zekrom|100/100
|-ability|p1a: Zekrom|Teravolt
|
|-heal|p2a: Ferrothorn|48/100|[from] item: Leftovers
|upkeep
|turn|19
|
|move|p1a: Zekrom|Focus Blast|p2a: Ferrothorn
|-supereffective|p2a: Ferrothorn
|-damage|p2a: Ferrothorn|0 fnt
|-damage|p1a: Zekrom|91/100|[from] item: Life Orb
|faint|p2a: Ferrothorn
|
|upkeep
|-message|Reegychodon_64 forfeited.
|
|win|OUTZ nabil
|l|☆Reegychodon_64
