|j|☆Sergeant pepper's
|j|☆Rell27
|t:|1636445015
|gametype|singles
|player|p1|Sergeant pepper's|102|1451
|player|p2|Rell27|101|1623
|teamsize|p1|6
|teamsize|p2|6
|gen|8
|tier|[Gen 8] Ubers
|rated|
|rule|Sleep Clause Mod: Limit one foe put to sleep
|rule|Species Clause: Limit one of each Pokémon
|rule|OHKO Clause: OHKO moves are banned
|rule|Evasion Moves Clause: Evasion moves are banned
|rule|Endless Battle Clause: Forcing endless battles is banned
|rule|HP Percentage Mod: HP is shown in percentages
|rule|Dynamax Clause: You cannot dynamax
|clearpoke
|poke|p1|Landorus-Therian, M|
|poke|p1|Palkia|
|poke|p1|Xerneas-*|
|poke|p1|Kyogre|
|poke|p1|Ho-Oh|
|poke|p1|Ditto|
|poke|p2|Necrozma-Dusk-Mane|
|poke|p2|Eternatus|
|poke|p2|Yveltal|
|poke|p2|Xerneas-*|
|poke|p2|Zekrom|
|poke|p2|Calyrex-Shadow|
|teampreview
|inactive|Battle timer is ON: inactive players will automatically lose when time's up. (requested by Sergeant pepper's)
|l|☆Rell27
|inactive|Rell27 disconnected and has a minute to reconnect!
|player|p2|
|inactive|Rell27 has 30 seconds to reconnect!
|j|☆Rell27
|inactive|Rell27 reconnected and has 120 seconds left.
|player|p2|Rell27|101
|
|t:|1636445061
|start
|switch|p1a: Landorus|Landorus-Therian, M|100/100
|switch|p2a: Xerneas|Xerneas|100/100
|-ability|p1a: Landorus|Intimidate|boost
|-unboost|p2a: Xerneas|atk|1
|-ability|p2a: Xerneas|Fairy Aura
|turn|1
|
|t:|1636445064
|move|p1a: Landorus|Stealth Rock|p2a: Xerneas
|-sidestart|p2: Rell27|move: Stealth Rock
|move|p2a: Xerneas|Moonblast|p1a: Landorus
|-damage|p1a: Landorus|24/100
|
|upkeep
|turn|2
|
|t:|1636445069
|move|p1a: Landorus|Explosion|p2a: Xerneas
|-damage|p2a: Xerneas|23/100
|faint|p1a: Landorus
|move|p2a: Xerneas|Geomancy||[still]
|-prepare|p2a: Xerneas|Geomancy
|-enditem|p2a: Xerneas|Power Herb
|-anim|p2a: Xerneas|Geomancy|p2a: Xerneas
|-boost|p2a: Xerneas|spa|2
|-boost|p2a: Xerneas|spd|2
|-boost|p2a: Xerneas|spe|2
|
|upkeep
|
|t:|1636445076
|switch|p1a: Ditto|Ditto|100/100
|-transform|p1a: Ditto|p2a: Xerneas|[from] ability: Imposter
|-ability|p1a: Ditto|Fairy Aura
|turn|3
|
|t:|1636445090
|move|p1a: Ditto|Moonblast|p2a: Xerneas
|-damage|p2a: Xerneas|0 fnt
|faint|p2a: Xerneas
|
|upkeep
|
|t:|1636445093
|switch|p2a: Necrozma|Necrozma-Dusk-Mane|100/100
|-damage|p2a: Necrozma|94/100|[from] Stealth Rock
|turn|4
|
|t:|1636445096
|move|p1a: Ditto|Moonblast|p2a: Necrozma
|-resisted|p2a: Necrozma
|-damage|p2a: Necrozma|53/100
|move|p2a: Necrozma|Sunsteel Strike|p1a: Ditto
|-supereffective|p1a: Ditto
|-damage|p1a: Ditto|0 fnt
|faint|p1a: Ditto
|
|upkeep
|
|t:|1636445099
|switch|p1a: Kyogre|Kyogre|100/100
|-weather|RainDance|[from] ability: Drizzle|[of] p1a: Kyogre
|turn|5
|
|t:|1636445104
|move|p1a: Kyogre|Water Spout|p2a: Necrozma
|-damage|p2a: Necrozma|0 fnt
|faint|p2a: Necrozma
|
|-weather|RainDance|[upkeep]
|upkeep
|
|t:|1636445116
|switch|p2a: Eternatus|Eternatus|100/100
|-damage|p2a: Eternatus|88/100|[from] Stealth Rock
|-ability|p2a: Eternatus|Pressure
|turn|6
|
|t:|1636445120
|switch|p1a: Ho-Oh|Ho-Oh|100/100
|move|p2a: Eternatus|Sludge Bomb|p1a: Ho-Oh
|-damage|p1a: Ho-Oh|67/100
|-damage|p2a: Eternatus|78/100|[from] item: Life Orb
|
|-weather|RainDance|[upkeep]
|upkeep
|turn|7
|
|t:|1636445134
|move|p2a: Eternatus|Sludge Bomb|p1a: Ho-Oh
|-damage|p1a: Ho-Oh|33/100
|-damage|p2a: Eternatus|68/100|[from] item: Life Orb
|move|p1a: Ho-Oh|Brave Bird|p2a: Eternatus
|-damage|p2a: Eternatus|25/100
|-damage|p1a: Ho-Oh|18/100|[from] Recoil
|
|-weather|RainDance|[upkeep]
|upkeep
|turn|8
|
|t:|1636445139
|move|p2a: Eternatus|Recover|p2a: Eternatus
|-heal|p2a: Eternatus|75/100
|move|p1a: Ho-Oh|Brave Bird|p2a: Eternatus
|-damage|p2a: Eternatus|38/100
|-damage|p1a: Ho-Oh|4/100|[from] Recoil
|
|-weather|RainDance|[upkeep]
|upkeep
|turn|9
|
|t:|1636445141
|move|p2a: Eternatus|Recover|p2a: Eternatus
|-heal|p2a: Eternatus|88/100
|move|p1a: Ho-Oh|Brave Bird|p2a: Eternatus
|-damage|p2a: Eternatus|50/100
|-damage|p1a: Ho-Oh|0 fnt|[from] Recoil
|faint|p1a: Ho-Oh
|
|-weather|none
|upkeep
|
|t:|1636445145
|switch|p1a: Palkia|Palkia|100/100
|-ability|p1a: Palkia|Pressure
|turn|10
|
|t:|1636445152
|move|p2a: Eternatus|Dynamax Cannon|p1a: Palkia
|-supereffective|p1a: Palkia
|-damage|p1a: Palkia|0 fnt
|faint|p1a: Palkia
|-damage|p2a: Eternatus|40/100|[from] item: Life Orb
|
|upkeep
|
|t:|1636445155
|switch|p1a: Kyogre|Kyogre|100/100
|-weather|RainDance|[from] ability: Drizzle|[of] p1a: Kyogre
|turn|11
|
|t:|1636445164
|switch|p2a: Zekrom|Zekrom|100/100
|-damage|p2a: Zekrom|88/100|[from] Stealth Rock
|-ability|p2a: Zekrom|Teravolt
|move|p1a: Kyogre|Water Spout|p2a: Zekrom
|-resisted|p2a: Zekrom
|-damage|p2a: Zekrom|31/100
|
|-weather|RainDance|[upkeep]
|-heal|p2a: Zekrom|37/100|[from] item: Leftovers
|upkeep
|turn|12
|
|t:|1636445178
|move|p1a: Kyogre|Water Spout|p2a: Zekrom
|-resisted|p2a: Zekrom
|-damage|p2a: Zekrom|0 fnt
|faint|p2a: Zekrom
|
|-weather|RainDance|[upkeep]
|upkeep
|
|t:|1636445185
|switch|p2a: Yveltal|Yveltal|100/100
|-damage|p2a: Yveltal|76/100|[from] Stealth Rock
|-ability|p2a: Yveltal|Dark Aura
|turn|13
|
|t:|1636445194
|move|p2a: Yveltal|Sucker Punch|p1a: Kyogre
|-damage|p1a: Kyogre|28/100
|-damage|p2a: Yveltal|66/100|[from] item: Life Orb
|move|p1a: Kyogre|Water Spout|p2a: Yveltal
|-damage|p2a: Yveltal|37/100
|
|-weather|RainDance|[upkeep]
|upkeep
|turn|14
|
|t:|1636445202
|switch|p1a: Xerneas|Xerneas|100/100
|-ability|p1a: Xerneas|Fairy Aura
|move|p2a: Yveltal|U-turn|p1a: Xerneas
|-resisted|p1a: Xerneas
|-damage|p1a: Xerneas|88/100
|-damage|p2a: Yveltal|27/100|[from] item: Life Orb
|
|t:|1636445210
|switch|p2a: Eternatus|Eternatus|40/100|[from]move: U-turn
|-damage|p2a: Eternatus|28/100|[from] Stealth Rock
|-ability|p2a: Eternatus|Pressure
|
|-weather|RainDance|[upkeep]
|upkeep
|turn|15
|
|t:|1636445215
|move|p2a: Eternatus|Sludge Bomb|p1a: Xerneas
|-supereffective|p1a: Xerneas
|-damage|p1a: Xerneas|0 fnt
|faint|p1a: Xerneas
|-damage|p2a: Eternatus|18/100|[from] item: Life Orb
|
|-weather|none
|upkeep
|
|t:|1636445218
|switch|p1a: Kyogre|Kyogre|28/100
|-weather|RainDance|[from] ability: Drizzle|[of] p1a: Kyogre
|turn|16
|
|t:|1636445221
|move|p1a: Kyogre|Origin Pulse|p2a: Eternatus
|-resisted|p2a: Eternatus
|-damage|p2a: Eternatus|0 fnt
|faint|p2a: Eternatus
|
|-weather|RainDance|[upkeep]
|upkeep
|
|t:|1636445224
|switch|p2a: Yveltal|Yveltal|27/100
|-damage|p2a: Yveltal|2/100|[from] Stealth Rock
|-ability|p2a: Yveltal|Dark Aura
|turn|17
|
|t:|1636445247
|move|p2a: Yveltal|Sucker Punch|p1a: Kyogre
|-damage|p1a: Kyogre|0 fnt
|faint|p1a: Kyogre
|-damage|p2a: Yveltal|0 fnt|[from] item: Life Orb
|faint|p2a: Yveltal
|
|win|Rell27
|raw|Sergeant pepper&apos;s's rating: 1451 &rarr; <strong>1440</strong><br />(-11 for losing)
|raw|Rell27's rating: 1623 &rarr; <strong>1634</strong><br />(+11 for winning)
|l|☆Sergeant pepper's
