|j|☆LolSniper999
|j|☆Ryrissu
|t:|1660488257
|gametype|singles
|player|p1|LolSniper999|swimmerf-gen4|1394
|player|p2|Ryrissu|hilbert|1461
|teamsize|p1|6
|teamsize|p2|6
|gen|8
|tier|[Gen 8] Ubers
|rated|
|rule|Sleep Clause Mod: Limit one foe put to sleep
|rule|Species Clause: Limit one of each Pokémon
|rule|OHKO Clause: OHKO moves are banned
|rule|Evasion Items Clause: Evasion items are banned
|rule|Evasion Moves Clause: Evasion moves are banned
|rule|Endless Battle Clause: Forcing endless battles is banned
|rule|HP Percentage Mod: HP is shown in percentages
|rule|Dynamax Clause: You cannot dynamax
|clearpoke
|poke|p1|Kyurem-Black|
|poke|p1|Necrozma-Dusk-Mane|
|poke|p1|Eternatus|
|poke|p1|Yveltal|
|poke|p1|Xerneas-*|
|poke|p1|Kyogre|
|poke|p2|Giratina-Origin|
|poke|p2|Groudon|
|poke|p2|Genesect|
|poke|p2|Kyurem-Black|
|poke|p2|Lugia|
|poke|p2|Yveltal|
|teampreview
|inactive|Battle timer is ON: inactive players will automatically lose when time's up. (requested by LolSniper999)
|
|t:|1660488290
|start
|switch|p1a: Kyurem|Kyurem-Black|100/100
|switch|p2a: Lugia|Lugia|100/100
|-ability|p2a: Lugia|Pressure
|-ability|p1a: Kyurem|Teravolt
|turn|1
|
|t:|1660488299
|move|p2a: Lugia|Reflect|p2a: Lugia
|-sidestart|p2: Ryrissu|Reflect
|move|p1a: Kyurem|Dragon Dance|p1a: Kyurem
|-boost|p1a: Kyurem|atk|1
|-boost|p1a: Kyurem|spe|1
|
|upkeep
|turn|2
|
|t:|1660488305
|move|p1a: Kyurem|Dragon Dance|p1a: Kyurem
|-boost|p1a: Kyurem|atk|1
|-boost|p1a: Kyurem|spe|1
|move|p2a: Lugia|Thunder Wave|p1a: Kyurem
|-status|p1a: Kyurem|par
|
|upkeep
|turn|3
|
|t:|1660488313
|switch|p2a: Kyurem|Kyurem-Black|100/100
|-ability|p2a: Kyurem|Teravolt
|move|p1a: Kyurem|Dragon Dance|p1a: Kyurem
|-boost|p1a: Kyurem|atk|1
|-boost|p1a: Kyurem|spe|1
|
|upkeep
|turn|4
|
|t:|1660488321
|move|p1a: Kyurem|Dragon Claw|p2a: Kyurem
|-supereffective|p2a: Kyurem
|-damage|p2a: Kyurem|0 fnt
|faint|p2a: Kyurem
|
|upkeep
|
|t:|1660488328
|switch|p2a: Giratina|Giratina-Origin|100/100
|turn|5
|
|t:|1660488332
|move|p1a: Kyurem|Icicle Spear|p2a: Giratina
|-supereffective|p2a: Giratina
|-damage|p2a: Giratina|70/100
|-supereffective|p2a: Giratina
|-damage|p2a: Giratina|38/100
|-supereffective|p2a: Giratina
|-damage|p2a: Giratina|7/100
|-supereffective|p2a: Giratina
|-damage|p2a: Giratina|0 fnt
|faint|p2a: Giratina
|-hitcount|p2: Giratina|4
|
|upkeep
|
|t:|1660488352
|switch|p2a: Groudon|Groudon|100/100
|-weather|SunnyDay|[from] ability: Drought|[of] p2a: Groudon
|turn|6
|
|t:|1660488359
|move|p1a: Kyurem|Icicle Spear|p2a: Groudon
|-supereffective|p2a: Groudon
|-damage|p2a: Groudon|72/100
|-supereffective|p2a: Groudon
|-damage|p2a: Groudon|41/100
|-hitcount|p2a: Groudon|2
|move|p2a: Groudon|Rock Polish|p2a: Groudon
|-boost|p2a: Groudon|spe|2
|
|-weather|SunnyDay|[upkeep]
|upkeep
|turn|7
|
|t:|1660488368
|move|p2a: Groudon|Stone Edge|p1a: Kyurem
|-supereffective|p1a: Kyurem
|-damage|p1a: Kyurem|20/100 par
|cant|p1a: Kyurem|par
|
|-weather|SunnyDay|[upkeep]
|upkeep
|turn|8
|
|t:|1660488377
|move|p2a: Groudon|Stone Edge|p1a: Kyurem
|-supereffective|p1a: Kyurem
|-damage|p1a: Kyurem|0 fnt
|faint|p1a: Kyurem
|
|-weather|SunnyDay|[upkeep]
|-sideend|p2: Ryrissu|Reflect
|upkeep
|
|t:|1660488385
|switch|p1a: Xerneas|Xerneas|100/100
|-ability|p1a: Xerneas|Fairy Aura
|turn|9
|
|t:|1660488390
|move|p2a: Groudon|Precipice Blades|p1a: Xerneas
|-damage|p1a: Xerneas|39/100
|move|p1a: Xerneas|Moonblast|p2a: Groudon
|-damage|p2a: Groudon|0 fnt
|faint|p2a: Groudon
|
|-weather|SunnyDay|[upkeep]
|upkeep
|
|t:|1660488399
|switch|p2a: Lugia|Lugia|100/100
|-ability|p2a: Lugia|Pressure
|turn|10
|
|t:|1660488405
|move|p2a: Lugia|Thunder Wave|p1a: Xerneas
|-status|p1a: Xerneas|par
|move|p1a: Xerneas|Moonblast|p2a: Lugia
|-damage|p2a: Lugia|62/100
|-unboost|p2a: Lugia|spa|1
|
|-weather|none
|upkeep
|turn|11
|
|t:|1660488414
|move|p2a: Lugia|Light Screen|p2a: Lugia
|-sidestart|p2: Ryrissu|move: Light Screen
|move|p1a: Xerneas|Moonblast|p2a: Lugia
|-damage|p2a: Lugia|40/100
|
|upkeep
|turn|12
|
|t:|1660488441
|move|p2a: Lugia|Reflect|p2a: Lugia
|-sidestart|p2: Ryrissu|Reflect
|cant|p1a: Xerneas|par
|
|upkeep
|turn|13
|
|t:|1660488450
|switch|p2a: Genesect|Genesect, shiny|100/100
|-ability|p2a: Genesect|Download|boost
|-boost|p2a: Genesect|spa|1
|switch|p1a: Yveltal|Yveltal|100/100
|-ability|p1a: Yveltal|Dark Aura
|
|upkeep
|turn|14
|
|t:|1660488459
|switch|p2a: Lugia|Lugia|40/100
|-ability|p2a: Lugia|Pressure
|move|p1a: Yveltal|Defog|p2a: Lugia
|-unboost|p2a: Lugia|evasion|1
|-sideend|p2: Ryrissu|Reflect
|-sideend|p2: Ryrissu|move: Light Screen
|
|upkeep
|turn|15
|
|t:|1660488467
|move|p2a: Lugia|Reflect|p2a: Lugia
|-sidestart|p2: Ryrissu|Reflect
|move|p1a: Yveltal|Knock Off|p2a: Lugia
|-supereffective|p2a: Lugia
|-damage|p2a: Lugia|1/100
|-enditem|p2a: Lugia|Light Clay|[from] move: Knock Off|[of] p1a: Yveltal
|
|upkeep
|turn|16
|
|t:|1660488473
|move|p2a: Lugia|Thunder Wave|p1a: Yveltal
|-status|p1a: Yveltal|par
|move|p1a: Yveltal|Defog|p2a: Lugia
|-unboost|p2a: Lugia|evasion|1
|-sideend|p2: Ryrissu|Reflect
|
|upkeep
|turn|17
|
|t:|1660488480
|switch|p1a: Xerneas|Xerneas|39/100 par
|-ability|p1a: Xerneas|Fairy Aura
|move|p2a: Lugia|Reflect|p2a: Lugia
|-sidestart|p2: Ryrissu|Reflect
|
|upkeep
|turn|18
|
|t:|1660488487
|move|p2a: Lugia|Light Screen|p2a: Lugia
|-sidestart|p2: Ryrissu|move: Light Screen
|move|p1a: Xerneas|Aromatherapy|p1a: Xerneas
|-activate|p1a: Xerneas|move: Aromatherapy
|-curestatus|p1a: Xerneas|par|[msg]
|-curestatus|p1: Yveltal|par|[msg]
|
|upkeep
|turn|19
|
|t:|1660488494
|switch|p2a: Genesect|Genesect, shiny|100/100
|-ability|p2a: Genesect|Download|boost
|-boost|p2a: Genesect|spa|1
|switch|p1a: Yveltal|Yveltal|100/100
|-ability|p1a: Yveltal|Dark Aura
|
|upkeep
|turn|20
|
|t:|1660488503
|move|p1a: Yveltal|Defog|p2a: Genesect
|-unboost|p2a: Genesect|evasion|1
|-sideend|p2: Ryrissu|Reflect
|-sideend|p2: Ryrissu|move: Light Screen
|move|p2a: Genesect|Shift Gear|p2a: Genesect
|-boost|p2a: Genesect|spe|2
|-boost|p2a: Genesect|atk|1
|
|upkeep
|turn|21
|-message|Ryrissu forfeited.
|
|win|LolSniper999
|raw|LolSniper999's rating: 1394 &rarr; <strong>1418</strong><br />(+24 for winning)
|raw|Ryrissu's rating: 1461 &rarr; <strong>1437</strong><br />(-24 for losing)
|l|☆Ryrissu
