|j|☆Subsonic72
|j|☆eggplant1
|t:|1627341879
|gametype|singles
|player|p1|Subsonic72|riley|1383
|player|p2|eggplant1|iris-gen5bw2|1577
|teamsize|p1|6
|teamsize|p2|6
|gen|8
|tier|[Gen 8] Ubers
|rated|
|rule|Sleep Clause Mod: Limit one foe put to sleep
|rule|Species Clause: Limit one of each Pokémon
|rule|OHKO Clause: OHKO moves are banned
|rule|Evasion Moves Clause: Evasion moves are banned
|rule|Endless Battle Clause: Forcing endless battles is banned
|rule|HP Percentage Mod: HP is shown in percentages
|rule|Dynamax Clause: You cannot dynamax
|clearpoke
|poke|p1|Genesect|
|poke|p1|Necrozma-Dawn-Wings|
|poke|p1|Mandibuzz, F|
|poke|p1|Aegislash, M|
|poke|p1|Seismitoad, M|
|poke|p1|Tapu Lele|
|poke|p2|Necrozma-Dusk-Mane|
|poke|p2|Yveltal|
|poke|p2|Groudon|
|poke|p2|Kyogre|
|poke|p2|Eternatus|
|poke|p2|Pheromosa|
|teampreview
|
|t:|1627341914
|start
|switch|p1a: Seismitoad|Seismitoad, M|100/100
|switch|p2a: Pheromosa|Pheromosa|100/100
|turn|1
|
|t:|1627341920
|move|p2a: Pheromosa|U-turn|p1a: Seismitoad
|-damage|p1a: Seismitoad|43/100
|
|t:|1627341923
|switch|p2a: Groudon|Groudon|100/100|[from]move: U-turn
|-weather|SunnyDay|[from] ability: Drought|[of] p2a: Groudon
|move|p1a: Seismitoad|Stealth Rock|p2a: Groudon
|-sidestart|p2: eggplant1|move: Stealth Rock
|
|-weather|SunnyDay|[upkeep]
|-heal|p1a: Seismitoad|49/100|[from] item: Leftovers
|upkeep
|turn|2
|
|t:|1627341932
|move|p2a: Groudon|Stealth Rock|p1a: Seismitoad
|-sidestart|p1: Subsonic72|move: Stealth Rock
|move|p1a: Seismitoad|Knock Off|p2a: Groudon
|-damage|p2a: Groudon|86/100
|-enditem|p2a: Groudon|Leftovers|[from] move: Knock Off|[of] p1a: Seismitoad
|
|-weather|SunnyDay|[upkeep]
|-heal|p1a: Seismitoad|55/100|[from] item: Leftovers
|upkeep
|turn|3
|
|t:|1627341938
|move|p2a: Groudon|Precipice Blades|p1a: Seismitoad
|-damage|p1a: Seismitoad|0 fnt
|faint|p1a: Seismitoad
|
|-weather|SunnyDay|[upkeep]
|upkeep
|
|t:|1627341949
|switch|p1a: Necrozma|Necrozma-Dawn-Wings|100/100
|-damage|p1a: Necrozma|88/100|[from] Stealth Rock
|turn|4
|
|t:|1627341956
|move|p1a: Necrozma|Autotomize|p1a: Necrozma
|-boost|p1a: Necrozma|spe|2
|-start|p1a: Necrozma|Autotomize
|move|p2a: Groudon|Thunder Wave|p1a: Necrozma
|-status|p1a: Necrozma|par
|
|-weather|SunnyDay|[upkeep]
|upkeep
|turn|5
|
|t:|1627341959
|move|p1a: Necrozma|Autotomize|p1a: Necrozma
|-boost|p1a: Necrozma|spe|2
|-start|p1a: Necrozma|Autotomize
|move|p2a: Groudon|Precipice Blades|p1a: Necrozma
|-damage|p1a: Necrozma|35/100 par
|
|-weather|none
|upkeep
|turn|6
|
|t:|1627341966
|move|p1a: Necrozma|Moongeist Beam|p2a: Groudon
|-damage|p2a: Groudon|34/100
|move|p2a: Groudon|Precipice Blades|p1a: Necrozma
|-damage|p1a: Necrozma|0 fnt
|faint|p1a: Necrozma
|
|upkeep
|
|t:|1627341979
|switch|p1a: Tapu Lele|Tapu Lele|100/100
|-damage|p1a: Tapu Lele|88/100|[from] Stealth Rock
|-fieldstart|move: Psychic Terrain|[from] ability: Psychic Surge|[of] p1a: Tapu Lele
|turn|7
|
|t:|1627341986
|move|p1a: Tapu Lele|Shadow Ball|p2a: Groudon
|-damage|p2a: Groudon|7/100
|move|p2a: Groudon|Thunder Wave|p1a: Tapu Lele
|-status|p1a: Tapu Lele|par
|
|upkeep
|turn|8
|
|t:|1627341990
|move|p1a: Tapu Lele|Shadow Ball|p2a: Groudon
|-damage|p2a: Groudon|0 fnt
|faint|p2a: Groudon
|
|upkeep
|
|t:|1627342004
|switch|p2a: Pheromosa|Pheromosa|100/100
|-damage|p2a: Pheromosa|88/100|[from] Stealth Rock
|turn|9
|
|t:|1627342009
|switch|p1a: Aegislash|Aegislash, M|100/100
|-damage|p1a: Aegislash|94/100|[from] Stealth Rock
|move|p2a: Pheromosa|U-turn|p1a: Aegislash
|-resisted|p1a: Aegislash
|-crit|p1a: Aegislash
|-damage|p1a: Aegislash|77/100
|
|t:|1627342015
|switch|p2a: Kyogre|Kyogre|100/100|[from]move: U-turn
|-damage|p2a: Kyogre|88/100|[from] Stealth Rock
|-weather|RainDance|[from] ability: Drizzle|[of] p2a: Kyogre
|
|-weather|RainDance|[upkeep]
|upkeep
|turn|10
|
|t:|1627342023
|move|p1a: Aegislash|King's Shield|p1a: Aegislash
|-singleturn|p1a: Aegislash|Protect
|move|p2a: Kyogre|Origin Pulse|p1a: Aegislash
|-activate|p1a: Aegislash|move: Protect
|
|-weather|RainDance|[upkeep]
|upkeep
|turn|11
|
|t:|1627342042
|-formechange|p1a: Aegislash|Aegislash-Blade||[from] ability: Stance Change
|move|p1a: Aegislash|Shadow Sneak|p2a: Kyogre
|-activate|p2a: Kyogre|move: Psychic Terrain
|move|p2a: Kyogre|Origin Pulse|p1a: Aegislash
|-damage|p1a: Aegislash|0 fnt
|faint|p1a: Aegislash
|
|-weather|RainDance|[upkeep]
|-fieldend|move: Psychic Terrain
|upkeep
|c|☆eggplant1|LOL
|c|☆Subsonic72|bru
|c|☆Subsonic72|ggs
|c|☆eggplant1|gg ez
|inactive|Battle timer is ON: inactive players will automatically lose when time's up. (requested by eggplant1)
|c|☆Subsonic72|lol
|c|☆Subsonic72|tbf it was easy bc im using a shit team
|
|t:|1627342080
|switch|p1a: Tapu Lele|Tapu Lele|88/100 par
|-damage|p1a: Tapu Lele|76/100 par|[from] Stealth Rock
|-fieldstart|move: Psychic Terrain|[from] ability: Psychic Surge|[of] p1a: Tapu Lele
|turn|12
|c|☆eggplant1|not really it was free either way
|
|t:|1627342085
|move|p2a: Kyogre|Origin Pulse|p1a: Tapu Lele
|-damage|p1a: Tapu Lele|0 fnt
|faint|p1a: Tapu Lele
|
|-weather|RainDance|[upkeep]
|upkeep
|c|☆Subsonic72|yoo the front
|
|t:|1627342101
|switch|p1a: Genesect|Genesect, shiny|100/100
|-damage|p1a: Genesect|88/100|[from] Stealth Rock
|-ability|p1a: Genesect|Download|boost
|-boost|p1a: Genesect|atk|1
|turn|13
|
|t:|1627342106
|move|p1a: Genesect|Extreme Speed|p2a: Kyogre
|-activate|p2a: Kyogre|move: Psychic Terrain
|move|p2a: Kyogre|Origin Pulse|p1a: Genesect
|-damage|p1a: Genesect|0 fnt
|faint|p1a: Genesect
|
|-weather|none
|upkeep
|c|☆eggplant1|see
|c|☆Subsonic72|and i did it again
|
|t:|1627342116
|switch|p1a: Mandibuzz|Mandibuzz, F|100/100
|turn|14
|c|☆eggplant1|yea
|c|☆eggplant1|i was winning either way
|
|t:|1627342122
|move|p2a: Kyogre|Origin Pulse|p1a: Mandibuzz
|-damage|p1a: Mandibuzz|31/100
|move|p1a: Mandibuzz|Foul Play|p2a: Kyogre
|-damage|p2a: Kyogre|61/100
|
|upkeep
|turn|15
|c|☆Subsonic72|if i had a meta team it would be closer
|c|☆Subsonic72|also i never use terrain
|inactive|Subsonic72 has 120 seconds left.
|c|☆eggplant1|prob not
|c|☆Subsonic72|wanna bet
|c|☆eggplant1|not really
|c|☆Subsonic72|haha u scared
|c|☆Subsonic72|jkjk
|
|t:|1627342179
|move|p2a: Kyogre|Origin Pulse|p1a: Mandibuzz
|-damage|p1a: Mandibuzz|0 fnt
|faint|p1a: Mandibuzz
|
|win|eggplant1
|raw|Subsonic72's rating: 1383 &rarr; <strong>1373</strong><br />(-10 for losing)
|raw|eggplant1's rating: 1577 &rarr; <strong>1587</strong><br />(+10 for winning)
|c|☆eggplant1|lol
|c|☆Subsonic72|ggs cya
|c|☆eggplant1|gg
|l|☆Subsonic72
