|j|☆nachocheesedude
|j|☆Tsar Dedede
|t:|1661776684
|gametype|singles
|player|p1|nachocheesedude|cameraman|1536
|player|p2|Tsar Dedede|li|1363
|teamsize|p1|6
|teamsize|p2|6
|gen|8
|tier|[Gen 8] Ubers
|rated|
|rule|Sleep Clause Mod: Limit one foe put to sleep
|rule|Species Clause: Limit one of each Pokémon
|rule|OHKO Clause: OHKO moves are banned
|rule|Evasion Items Clause: Evasion items are banned
|rule|Evasion Moves Clause: Evasion moves are banned
|rule|Endless Battle Clause: Forcing endless battles is banned
|rule|HP Percentage Mod: HP is shown in percentages
|rule|Dynamax Clause: You cannot dynamax
|clearpoke
|poke|p1|Groudon|
|poke|p1|Kyogre|
|poke|p1|Necrozma-Dusk-Mane|
|poke|p1|Yveltal|
|poke|p1|Xerneas-*|
|poke|p1|Ho-Oh|
|poke|p2|Eternatus|
|poke|p2|Necrozma-Dusk-Mane|
|poke|p2|Yveltal|
|poke|p2|Zekrom|
|poke|p2|Xerneas-*|
|poke|p2|Marshadow|
|teampreview
|
|t:|1661776709
|start
|switch|p1a: Ruby|Groudon|100/100
|switch|p2a: Necrozma|Necrozma-Dusk-Mane|100/100
|-weather|SunnyDay|[from] ability: Drought|[of] p1a: Ruby
|turn|1
|
|t:|1661776715
|move|p2a: Necrozma|Dragon Dance|p2a: Necrozma
|-boost|p2a: Necrozma|atk|1
|-boost|p2a: Necrozma|spe|1
|move|p1a: Ruby|Stealth Rock|p2a: Necrozma
|-sidestart|p2: Tsar Dedede|move: Stealth Rock
|
|-weather|SunnyDay|[upkeep]
|upkeep
|turn|2
|
|t:|1661776720
|move|p2a: Necrozma|Dragon Dance|p2a: Necrozma
|-boost|p2a: Necrozma|atk|1
|-boost|p2a: Necrozma|spe|1
|move|p1a: Ruby|Roar|p2a: Necrozma
|drag|p2a: Marshadow|Marshadow|100/100
|-damage|p2a: Marshadow|94/100|[from] Stealth Rock
|
|-weather|SunnyDay|[upkeep]
|upkeep
|turn|3
|
|t:|1661776729
|move|p2a: Marshadow|Low Kick|p1a: Ruby
|-damage|p1a: Ruby|60/100
|move|p1a: Ruby|Earthquake|p2a: Marshadow
|-damage|p2a: Marshadow|33/100
|
|-weather|SunnyDay|[upkeep]
|-heal|p1a: Ruby|66/100|[from] item: Leftovers
|upkeep
|turn|4
|
|t:|1661776736
|move|p2a: Marshadow|Ice Punch|p1a: Ruby
|-supereffective|p1a: Ruby
|-damage|p1a: Ruby|35/100
|move|p1a: Ruby|Earthquake|p2a: Marshadow
|-damage|p2a: Marshadow|0 fnt
|faint|p2a: Marshadow
|
|-weather|SunnyDay|[upkeep]
|-heal|p1a: Ruby|41/100|[from] item: Leftovers
|upkeep
|
|t:|1661776740
|switch|p2a: Yveltal|Yveltal|100/100
|-ability|p2a: Yveltal|Dark Aura
|turn|5
|
|t:|1661776749
|move|p2a: Yveltal|Knock Off|p1a: Ruby
|-damage|p1a: Ruby|5/100
|-enditem|p1a: Ruby|Leftovers|[from] move: Knock Off|[of] p2a: Yveltal
|move|p1a: Ruby|Rock Tomb|p2a: Yveltal
|-supereffective|p2a: Yveltal
|-damage|p2a: Yveltal|62/100
|-unboost|p2a: Yveltal|spe|1
|
|-weather|none
|upkeep
|turn|6
|
|t:|1661776757
|move|p1a: Ruby|Rock Tomb|p2a: Yveltal
|-supereffective|p2a: Yveltal
|-damage|p2a: Yveltal|30/100
|-unboost|p2a: Yveltal|spe|1
|move|p2a: Yveltal|Defog|p1a: Ruby
|-unboost|p1a: Ruby|evasion|1
|-sideend|p2: Tsar Dedede|Stealth Rock|[from] move: Defog|[of] p2a: Yveltal
|
|upkeep
|turn|7
|
|t:|1661776764
|move|p1a: Ruby|Stealth Rock|p2a: Yveltal
|-sidestart|p2: Tsar Dedede|move: Stealth Rock
|move|p2a: Yveltal|Knock Off|p1a: Ruby
|-crit|p1a: Ruby
|-damage|p1a: Ruby|0 fnt
|faint|p1a: Ruby
|
|upkeep
|
|t:|1661776779
|switch|p1a: Sapphire|Kyogre|100/100
|-weather|RainDance|[from] ability: Drizzle|[of] p1a: Sapphire
|turn|8
|
|t:|1661776789
|switch|p2a: Eternatus|Eternatus|100/100
|-ability|p2a: Eternatus|Pressure
|move|p1a: Sapphire|Water Spout|p2a: Eternatus
|-resisted|p2a: Eternatus
|-damage|p2a: Eternatus|38/100
|
|-weather|RainDance|[upkeep]
|upkeep
|turn|9
|
|t:|1661776799
|switch|p1a: Necros|Necrozma-Dusk-Mane|100/100
|move|p2a: Eternatus|Dynamax Cannon|p1a: Necros
|-resisted|p1a: Necros
|-damage|p1a: Necros|80/100
|
|-weather|RainDance|[upkeep]
|-heal|p1a: Necros|86/100|[from] item: Leftovers
|upkeep
|turn|10
|
|t:|1661776807
|move|p2a: Eternatus|Recover|p2a: Eternatus
|-heal|p2a: Eternatus|88/100
|move|p1a: Necros|Photon Geyser|p2a: Eternatus
|-supereffective|p2a: Eternatus
|-damage|p2a: Eternatus|7/100
|
|-weather|RainDance|[upkeep]
|-heal|p1a: Necros|92/100|[from] item: Leftovers
|upkeep
|turn|11
|j| Krokmouyoyo
|
|t:|1661776819
|move|p2a: Eternatus|Flamethrower|p1a: Necros
|-supereffective|p1a: Necros
|-damage|p1a: Necros|75/100
|move|p1a: Necros|Sunsteel Strike|p2a: Eternatus
|-damage|p2a: Eternatus|0 fnt
|faint|p2a: Eternatus
|
|-weather|RainDance|[upkeep]
|-heal|p1a: Necros|81/100|[from] item: Leftovers
|upkeep
|
|t:|1661776824
|switch|p2a: Yveltal|Yveltal|30/100
|-ability|p2a: Yveltal|Dark Aura
|turn|12
|
|t:|1661776853
|move|p2a: Yveltal|Defog|p1a: Necros
|-unboost|p1a: Necros|evasion|1
|-sideend|p2: Tsar Dedede|Stealth Rock|[from] move: Defog|[of] p2a: Yveltal
|move|p1a: Necros|Sunsteel Strike|p2a: Yveltal
|-damage|p2a: Yveltal|0 fnt
|faint|p2a: Yveltal
|
|-weather|none
|-heal|p1a: Necros|87/100|[from] item: Leftovers
|upkeep
|
|t:|1661776869
|switch|p2a: Zekrom|Zekrom|100/100
|-ability|p2a: Zekrom|Teravolt
|turn|13
|
|t:|1661776873
|move|p2a: Zekrom|Dragon Dance|p2a: Zekrom
|-boost|p2a: Zekrom|atk|1
|-boost|p2a: Zekrom|spe|1
|move|p1a: Necros|Toxic|p2a: Zekrom
|-status|p2a: Zekrom|tox
|
|-heal|p1a: Necros|93/100|[from] item: Leftovers
|-damage|p2a: Zekrom|94/100 tox|[from] psn
|upkeep
|turn|14
|
|t:|1661776883
|move|p2a: Zekrom|Dragon Dance|p2a: Zekrom
|-boost|p2a: Zekrom|atk|1
|-boost|p2a: Zekrom|spe|1
|move|p1a: Necros|Photon Geyser|p2a: Zekrom
|-damage|p2a: Zekrom|48/100 tox
|
|-heal|p1a: Necros|99/100|[from] item: Leftovers
|-damage|p2a: Zekrom|36/100 tox|[from] psn
|upkeep
|turn|15
|
|t:|1661776896
|move|p2a: Zekrom|Bolt Strike|p1a: Necros
|-damage|p1a: Necros|0 fnt
|faint|p1a: Necros
|-damage|p2a: Zekrom|26/100 tox|[from] item: Life Orb
|
|-damage|p2a: Zekrom|8/100 tox|[from] psn
|upkeep
|
|t:|1661776903
|switch|p1a: Birdie|Yveltal|100/100
|-ability|p1a: Birdie|Dark Aura
|turn|16
|
|t:|1661776909
|move|p1a: Birdie|Sucker Punch||[still]
|-fail|p1a: Birdie
|move|p2a: Zekrom|Roost|p2a: Zekrom
|-heal|p2a: Zekrom|58/100 tox
|-singleturn|p2a: Zekrom|move: Roost
|
|-damage|p2a: Zekrom|33/100 tox|[from] psn
|upkeep
|turn|17
|
|t:|1661776916
|move|p1a: Birdie|Sucker Punch|p2a: Zekrom
|-damage|p2a: Zekrom|0 fnt
|faint|p2a: Zekrom
|
|upkeep
|
|t:|1661776922
|switch|p2a: Necrozma|Necrozma-Dusk-Mane|100/100
|turn|18
|
|t:|1661776931
|move|p1a: Birdie|Foul Play|p2a: Necrozma
|-supereffective|p2a: Necrozma
|-damage|p2a: Necrozma|6/100
|-enditem|p2a: Necrozma|Weakness Policy
|-boost|p2a: Necrozma|atk|2|[from] item: Weakness Policy
|-boost|p2a: Necrozma|spa|2|[from] item: Weakness Policy
|move|p2a: Necrozma|Dragon Dance|p2a: Necrozma
|-boost|p2a: Necrozma|atk|1
|-boost|p2a: Necrozma|spe|1
|
|upkeep
|turn|19
|
|t:|1661776938
|move|p1a: Birdie|Sucker Punch|p2a: Necrozma
|-supereffective|p2a: Necrozma
|-damage|p2a: Necrozma|0 fnt
|faint|p2a: Necrozma
|
|upkeep
|
|t:|1661776942
|switch|p2a: Xerneas|Xerneas|100/100
|-ability|p2a: Xerneas|Fairy Aura
|turn|20
|
|t:|1661776945
|switch|p1a: Oh-oh|Ho-Oh|100/100
|-ability|p1a: Oh-oh|Pressure
|move|p2a: Xerneas|Moonblast|p1a: Oh-oh
|-resisted|p1a: Oh-oh
|-damage|p1a: Oh-oh|81/100
|-unboost|p1a: Oh-oh|spa|1
|
|upkeep
|turn|21
|
|t:|1661776953
|move|p2a: Xerneas|Geomancy||[still]
|-prepare|p2a: Xerneas|Geomancy
|-enditem|p2a: Xerneas|Power Herb
|-anim|p2a: Xerneas|Geomancy|p2a: Xerneas
|-boost|p2a: Xerneas|spa|2
|-boost|p2a: Xerneas|spd|2
|-boost|p2a: Xerneas|spe|2
|move|p1a: Oh-oh|Sacred Fire|p2a: Xerneas
|-damage|p2a: Xerneas|60/100
|
|upkeep
|turn|22
|
|t:|1661776961
|move|p2a: Xerneas|Thunder|p1a: Oh-oh
|-supereffective|p1a: Oh-oh
|-damage|p1a: Oh-oh|0 fnt
|faint|p1a: Oh-oh
|
|upkeep
|
|t:|1661776971
|switch|p1a: Sapphire|Kyogre|100/100
|-weather|RainDance|[from] ability: Drizzle|[of] p1a: Sapphire
|turn|23
|
|t:|1661776975
|move|p2a: Xerneas|Thunder|p1a: Sapphire
|-supereffective|p1a: Sapphire
|-damage|p1a: Sapphire|0 fnt
|faint|p1a: Sapphire
|
|-weather|RainDance|[upkeep]
|upkeep
|
|t:|1661776983
|switch|p1a: Bambi|Xerneas|100/100
|-ability|p1a: Bambi|Fairy Aura
|turn|24
|
|t:|1661776988
|move|p2a: Xerneas|Moonblast|p1a: Bambi
|-damage|p1a: Bambi|0 fnt
|faint|p1a: Bambi
|
|-weather|RainDance|[upkeep]
|upkeep
|-message|nachocheesedude forfeited.
|
|win|Tsar Dedede
|raw|nachocheesedude's rating: 1536 &rarr; <strong>1507</strong><br />(-29 for losing)
|raw|Tsar Dedede's rating: 1363 &rarr; <strong>1392</strong><br />(+29 for winning)
|l|☆nachocheesedude
|l| Krokmouyoyo
||Ladder isn't responding, score probably updated but might not have (Request timeout).
