|j|☆RIP_Player
|j|☆bergurz8
|t:|1616988106
|player|p1|RIP_Player|firebreather|1342
|player|p2|bergurz8|102|1478
|teamsize|p1|6
|teamsize|p2|6
|gametype|singles
|gen|8
|tier|[Gen 8] Ubers
|rated|
|clearpoke
|poke|p1|Excadrill, M|
|poke|p1|Toxapex, M|
|poke|p1|Yveltal|
|poke|p1|Ferrothorn, M|
|poke|p1|Marshadow|
|poke|p1|Heatran, M|
|poke|p2|Eternatus|
|poke|p2|Palkia|
|poke|p2|Necrozma-Dusk-Mane|
|poke|p2|Yveltal|
|poke|p2|Xerneas|
|poke|p2|Pheromosa|
|rule|Sleep Clause Mod: Limit one foe put to sleep
|rule|Species Clause: Limit one of each Pokémon
|rule|OHKO Clause: OHKO moves are banned
|rule|Evasion Moves Clause: Evasion moves are banned
|rule|Endless Battle Clause: Forcing endless battles is banned
|rule|HP Percentage Mod: HP is shown in percentages
|rule|Dynamax Clause: You cannot dynamax
|teampreview
|inactive|Battle timer is ON: inactive players will automatically lose when time's up. (requested by RIP_Player)
|c|☆bergurz8|gl
|
|t:|1616988125
|start
|switch|p1a: Ferrothorn|Ferrothorn, M|100/100
|switch|p2a: Pheromosa|Pheromosa|100/100
|turn|1
|
|t:|1616988135
|switch|p1a: Toxapex|Toxapex, M|100/100
|move|p2a: Pheromosa|Low Kick|p1a: Toxapex
|-resisted|p1a: Toxapex
|-damage|p1a: Toxapex|90/100
|
|-heal|p1a: Toxapex|96/100|[from] item: Black Sludge
|upkeep
|turn|2
|
|t:|1616988161
|switch|p2a: Eternatus|Eternatus|100/100
|-ability|p2a: Eternatus|Pressure
|move|p1a: Toxapex|Scald|p2a: Eternatus
|-resisted|p2a: Eternatus
|-damage|p2a: Eternatus|95/100
|
|-heal|p1a: Toxapex|100/100|[from] item: Black Sludge
|upkeep
|turn|3
|
|t:|1616988169
|move|p2a: Eternatus|Dynamax Cannon|p1a: Toxapex
|-damage|p1a: Toxapex|31/100
|-damage|p2a: Eternatus|85/100|[from] item: Life Orb
|move|p1a: Toxapex|Scald|p2a: Eternatus
|-resisted|p2a: Eternatus
|-damage|p2a: Eternatus|78/100
|
|-heal|p1a: Toxapex|37/100|[from] item: Black Sludge
|upkeep
|turn|4
|j| VaporAlt10
|
|t:|1616988185
|move|p1a: Toxapex|Baneful Bunker|p1a: Toxapex
|-singleturn|p1a: Toxapex|move: Protect
|move|p2a: Eternatus|Dynamax Cannon|p1a: Toxapex
|-activate|p1a: Toxapex|move: Protect
|
|-heal|p1a: Toxapex|43/100|[from] item: Black Sludge
|upkeep
|turn|5
|c| VaporAlt10|ubers you suck <3
|l| VaporAlt10
|inactive|RIP_Player has 120 seconds left.
|c|☆bergurz8|I think ubers is pretty fun
|
|t:|1616988222
|switch|p1a: Heatran|Heatran, M|100/100
|move|p2a: Eternatus|Dynamax Cannon|p1a: Heatran
|-resisted|p1a: Heatran
|-damage|p1a: Heatran|76/100
|-damage|p2a: Eternatus|68/100|[from] item: Life Orb
|
|-heal|p1a: Heatran|82/100|[from] item: Leftovers
|upkeep
|turn|6
|inactive|RIP_Player has 120 seconds left.
|
|t:|1616988229
|switch|p2a: Palkia|Palkia|100/100
|-ability|p2a: Palkia|Pressure
|move|p1a: Heatran|Stealth Rock|p2a: Palkia
|-sidestart|p2: bergurz8|move: Stealth Rock
|
|-heal|p1a: Heatran|89/100|[from] item: Leftovers
|upkeep
|turn|7
|
|t:|1616988244
|switch|p1a: Toxapex|Toxapex, M|76/100
|move|p2a: Palkia|Surf|p1a: Toxapex
|-resisted|p1a: Toxapex
|-damage|p1a: Toxapex|46/100
|
|-heal|p1a: Toxapex|52/100|[from] item: Black Sludge
|upkeep
|turn|8
|
|t:|1616988249
|move|p1a: Toxapex|Baneful Bunker|p1a: Toxapex
|-singleturn|p1a: Toxapex|move: Protect
|move|p2a: Palkia|Spacial Rend|p1a: Toxapex
|-activate|p1a: Toxapex|move: Protect
|
|-heal|p1a: Toxapex|59/100|[from] item: Black Sludge
|upkeep
|turn|9
|
|t:|1616988258
|switch|p1a: Ferrothorn|Ferrothorn, M|100/100
|move|p2a: Palkia|Thunder|p1a: Ferrothorn
|-resisted|p1a: Ferrothorn
|-damage|p1a: Ferrothorn|87/100
|-status|p1a: Ferrothorn|par
|
|-heal|p1a: Ferrothorn|93/100 par|[from] item: Leftovers
|upkeep
|turn|10
|
|t:|1616988275
|switch|p2a: Yveltal|Yveltal|100/100
|-ability|p2a: Yveltal|Dark Aura
|move|p1a: Ferrothorn|Leech Seed|p2a: Yveltal
|-start|p2a: Yveltal|move: Leech Seed
|
|-heal|p1a: Ferrothorn|99/100 par|[from] item: Leftovers
|-damage|p2a: Yveltal|88/100|[from] Leech Seed|[of] p1a: Ferrothorn
|-heal|p1a: Ferrothorn|100/100 par|[silent]
|upkeep
|turn|11
|
|t:|1616988280
|move|p2a: Yveltal|Defog|p1a: Ferrothorn
|-unboost|p1a: Ferrothorn|evasion|1
|-sideend|p2: bergurz8|Stealth Rock|[from] move: Defog|[of] p2a: Yveltal
|cant|p1a: Ferrothorn|par
|
|-damage|p2a: Yveltal|76/100|[from] Leech Seed|[of] p1a: Ferrothorn
|upkeep
|turn|12
|
|t:|1616988302
|switch|p2a: Necrozma|Necrozma-Dusk-Mane|100/100
|move|p1a: Ferrothorn|Knock Off|p2a: Necrozma
|-supereffective|p2a: Necrozma
|-damage|p2a: Necrozma|78/100
|-enditem|p2a: Necrozma|Leftovers|[from] move: Knock Off|[of] p1a: Ferrothorn
|
|upkeep
|turn|13
|
|t:|1616988308
|move|p2a: Necrozma|Stealth Rock|p1a: Ferrothorn
|-sidestart|p1: RIP_Player|move: Stealth Rock
|cant|p1a: Ferrothorn|par
|
|upkeep
|turn|14
|
|t:|1616988320
|switch|p2a: Pheromosa|Pheromosa|100/100
|move|p1a: Ferrothorn|Leech Seed|p2a: Pheromosa
|-start|p2a: Pheromosa|move: Leech Seed
|
|-damage|p2a: Pheromosa|88/100|[from] Leech Seed|[of] p1a: Ferrothorn
|upkeep
|turn|15
|
|t:|1616988325
|switch|p1a: Toxapex|Toxapex, M|92/100
|-damage|p1a: Toxapex|79/100|[from] Stealth Rock
|move|p2a: Pheromosa|U-turn|p1a: Toxapex
|-resisted|p1a: Toxapex
|-damage|p1a: Toxapex|60/100
|
|t:|1616988339
|switch|p2a: Eternatus|Eternatus|68/100|[from]move: U-turn
|-ability|p2a: Eternatus|Pressure
|
|-heal|p1a: Toxapex|66/100|[from] item: Black Sludge
|upkeep
|turn|16
|
|t:|1616988351
|move|p1a: Toxapex|Baneful Bunker|p1a: Toxapex
|-singleturn|p1a: Toxapex|move: Protect
|move|p2a: Eternatus|Sludge Wave|p1a: Toxapex
|-activate|p1a: Toxapex|move: Protect
|
|-heal|p1a: Toxapex|72/100|[from] item: Black Sludge
|upkeep
|turn|17
|
|t:|1616988354
|switch|p1a: Heatran|Heatran, M|89/100
|-damage|p1a: Heatran|76/100|[from] Stealth Rock
|move|p2a: Eternatus|Dynamax Cannon|p1a: Heatran
|-resisted|p1a: Heatran
|-damage|p1a: Heatran|53/100
|-damage|p2a: Eternatus|58/100|[from] item: Life Orb
|
|-heal|p1a: Heatran|59/100|[from] item: Leftovers
|upkeep
|turn|18
|
|t:|1616988364
|switch|p2a: Palkia|Palkia|100/100
|-ability|p2a: Palkia|Pressure
|move|p1a: Heatran|Stealth Rock|p2a: Palkia
|-sidestart|p2: bergurz8|move: Stealth Rock
|
|-heal|p1a: Heatran|65/100|[from] item: Leftovers
|upkeep
|turn|19
|inactive|bergurz8 has 120 seconds left.
|
|t:|1616988410
|switch|p2a: Pheromosa|Pheromosa|88/100
|-damage|p2a: Pheromosa|76/100|[from] Stealth Rock
|move|p1a: Heatran|Protect||[still]
|-fail|p1a: Heatran
|
|-heal|p1a: Heatran|71/100|[from] item: Leftovers
|upkeep
|turn|20
|
|t:|1616988427
|move|p1a: Heatran|Protect|p1a: Heatran
|-singleturn|p1a: Heatran|Protect
|move|p2a: Pheromosa|Low Kick|p1a: Heatran
|-activate|p1a: Heatran|move: Protect
|
|-heal|p1a: Heatran|77/100|[from] item: Leftovers
|upkeep
|turn|21
|
|t:|1616988439
|switch|p1a: Toxapex|Toxapex, M|100/100
|-damage|p1a: Toxapex|88/100|[from] Stealth Rock
|move|p2a: Pheromosa|Low Kick|p1a: Toxapex
|-resisted|p1a: Toxapex
|-damage|p1a: Toxapex|78/100
|
|-heal|p1a: Toxapex|84/100|[from] item: Black Sludge
|upkeep
|turn|22
|
|t:|1616988449
|switch|p2a: Yveltal|Yveltal|76/100
|-ability|p2a: Yveltal|Dark Aura
|move|p1a: Toxapex|Scald|p2a: Yveltal
|-damage|p2a: Yveltal|66/100
|-status|p2a: Yveltal|brn
|
|-heal|p1a: Toxapex|91/100|[from] item: Black Sludge
|-damage|p2a: Yveltal|60/100 brn|[from] brn
|upkeep
|turn|23
|
|t:|1616988464
|switch|p1a: Ferrothorn|Ferrothorn, M|100/100 par
|-damage|p1a: Ferrothorn|95/100 par|[from] Stealth Rock
|move|p2a: Yveltal|Knock Off|p1a: Ferrothorn
|-damage|p1a: Ferrothorn|71/100 par
|-damage|p2a: Yveltal|48/100 brn|[from] ability: Iron Barbs|[of] p1a: Ferrothorn
|-enditem|p1a: Ferrothorn|Leftovers|[from] move: Knock Off|[of] p2a: Yveltal
|
|-damage|p2a: Yveltal|41/100 brn|[from] brn
|upkeep
|turn|24
|inactive|bergurz8 has 120 seconds left.
|
|t:|1616988474
|move|p2a: Yveltal|Roost|p2a: Yveltal
|-heal|p2a: Yveltal|91/100 brn
|-singleturn|p2a: Yveltal|move: Roost
|move|p1a: Ferrothorn|Knock Off|p2a: Yveltal
|-resisted|p2a: Yveltal
|-damage|p2a: Yveltal|80/100 brn
|-enditem|p2a: Yveltal|Heavy-Duty Boots|[from] move: Knock Off|[of] p1a: Ferrothorn
|
|-damage|p2a: Yveltal|74/100 brn|[from] brn
|upkeep
|turn|25
|
|t:|1616988483
|move|p2a: Yveltal|Defog|p1a: Ferrothorn
|-unboost|p1a: Ferrothorn|evasion|1
|-sideend|p1: RIP_Player|Stealth Rock|[from] move: Defog|[of] p2a: Yveltal
|-sideend|p2: bergurz8|Stealth Rock|[from] move: Defog|[of] p2a: Yveltal
|move|p1a: Ferrothorn|Leech Seed|p2a: Yveltal
|-start|p2a: Yveltal|move: Leech Seed
|
|-damage|p2a: Yveltal|61/100 brn|[from] Leech Seed|[of] p1a: Ferrothorn
|-heal|p1a: Ferrothorn|87/100 par|[silent]
|-damage|p2a: Yveltal|55/100 brn|[from] brn
|upkeep
|turn|26
|
|t:|1616988496
|switch|p2a: Eternatus|Eternatus|58/100
|-ability|p2a: Eternatus|Pressure
|move|p1a: Ferrothorn|Leech Seed|p2a: Eternatus
|-start|p2a: Eternatus|move: Leech Seed
|
|-damage|p2a: Eternatus|45/100|[from] Leech Seed|[of] p1a: Ferrothorn
|-heal|p1a: Ferrothorn|100/100 par|[silent]
|upkeep
|turn|27
|
|t:|1616988503
|switch|p1a: Heatran|Heatran, M|77/100
|move|p2a: Eternatus|Flamethrower|p1a: Heatran
|-start|p1a: Heatran|ability: Flash Fire
|
|-heal|p1a: Heatran|84/100|[from] item: Leftovers
|-damage|p2a: Eternatus|33/100|[from] Leech Seed|[of] p1a: Heatran
|-heal|p1a: Heatran|99/100|[silent]
|upkeep
|turn|28
|
|t:|1616988512
|move|p2a: Eternatus|Recover|p2a: Eternatus
|-heal|p2a: Eternatus|83/100
|move|p1a: Heatran|Stealth Rock|p2a: Eternatus
|-sidestart|p2: bergurz8|move: Stealth Rock
|
|-heal|p1a: Heatran|100/100|[from] item: Leftovers
|-damage|p2a: Eternatus|70/100|[from] Leech Seed|[of] p1a: Heatran
|upkeep
|turn|29
|inactive|bergurz8 has 120 seconds left.
|
|t:|1616988547
|move|p2a: Eternatus|Sludge Wave|p1a: Heatran
|-immune|p1a: Heatran
|move|p1a: Heatran|Toxic|p2a: Eternatus
|-immune|p2a: Eternatus
|
|-damage|p2a: Eternatus|58/100|[from] Leech Seed|[of] p1a: Heatran
|upkeep
|turn|30
|
|t:|1616988552
|move|p2a: Eternatus|Sludge Wave|p1a: Heatran
|-immune|p1a: Heatran
|move|p1a: Heatran|Lava Plume|p2a: Eternatus
|-resisted|p2a: Eternatus
|-damage|p2a: Eternatus|40/100
|-status|p2a: Eternatus|brn
|
|-damage|p2a: Eternatus|28/100 brn|[from] Leech Seed|[of] p1a: Heatran
|-damage|p2a: Eternatus|21/100 brn|[from] brn
|upkeep
|turn|31
|
|t:|1616988560
|move|p2a: Eternatus|Recover|p2a: Eternatus
|-heal|p2a: Eternatus|71/100 brn
|move|p1a: Heatran|Lava Plume|p2a: Eternatus
|-resisted|p2a: Eternatus
|-damage|p2a: Eternatus|52/100 brn
|
|-damage|p2a: Eternatus|39/100 brn|[from] Leech Seed|[of] p1a: Heatran
|-damage|p2a: Eternatus|33/100 brn|[from] brn
|upkeep
|turn|32
|
|t:|1616988565
|move|p2a: Eternatus|Recover|p2a: Eternatus
|-heal|p2a: Eternatus|83/100 brn
|move|p1a: Heatran|Lava Plume|p2a: Eternatus
|-resisted|p2a: Eternatus
|-damage|p2a: Eternatus|63/100 brn
|
|-damage|p2a: Eternatus|51/100 brn|[from] Leech Seed|[of] p1a: Heatran
|-damage|p2a: Eternatus|44/100 brn|[from] brn
|upkeep
|turn|33
|
|t:|1616988579
|move|p2a: Eternatus|Recover|p2a: Eternatus
|-heal|p2a: Eternatus|94/100 brn
|move|p1a: Heatran|Stealth Rock||[still]
|-fail|p1a: Heatran
|
|-damage|p2a: Eternatus|82/100 brn|[from] Leech Seed|[of] p1a: Heatran
|-damage|p2a: Eternatus|76/100 brn|[from] brn
|upkeep
|turn|34
|inactive|bergurz8 has 120 seconds left.
|
|t:|1616988639
|move|p2a: Eternatus|Flamethrower|p1a: Heatran
|-immune|p1a: Heatran|[from] ability: Flash Fire
|move|p1a: Heatran|Lava Plume|p2a: Eternatus
|-resisted|p2a: Eternatus
|-damage|p2a: Eternatus|56/100 brn
|
|-damage|p2a: Eternatus|43/100 brn|[from] Leech Seed|[of] p1a: Heatran
|-damage|p2a: Eternatus|37/100 brn|[from] brn
|upkeep
|turn|35
|
|t:|1616988662
|move|p2a: Eternatus|Recover|p2a: Eternatus
|-heal|p2a: Eternatus|87/100 brn
|move|p1a: Heatran|Lava Plume|p2a: Eternatus
|-resisted|p2a: Eternatus
|-damage|p2a: Eternatus|66/100 brn
|
|-damage|p2a: Eternatus|54/100 brn|[from] Leech Seed|[of] p1a: Heatran
|-damage|p2a: Eternatus|48/100 brn|[from] brn
|upkeep
|turn|36
|
|t:|1616988684
|-end|p1a: Heatran|ability: Flash Fire|[silent]
|switch|p1a: Yveltal|Yveltal|100/100
|-ability|p1a: Yveltal|Dark Aura
|move|p2a: Eternatus|Recover|p2a: Eternatus
|-heal|p2a: Eternatus|98/100 brn
|
|-damage|p2a: Eternatus|85/100 brn|[from] Leech Seed|[of] p1a: Yveltal
|-damage|p2a: Eternatus|79/100 brn|[from] brn
|upkeep
|turn|37
|
|t:|1616988690
|switch|p2a: Xerneas|Xerneas|100/100
|-damage|p2a: Xerneas|88/100|[from] Stealth Rock
|-ability|p2a: Xerneas|Fairy Aura
|move|p1a: Yveltal|Knock Off|p2a: Xerneas
|-resisted|p2a: Xerneas
|-damage|p2a: Xerneas|58/100
|-enditem|p2a: Xerneas|Leftovers|[from] move: Knock Off|[of] p1a: Yveltal
|
|upkeep
|turn|38
|
|t:|1616988700
|switch|p1a: Excadrill|Excadrill, M|100/100
|-ability|p1a: Excadrill|Mold Breaker
|move|p2a: Xerneas|Defog|p1a: Excadrill
|-unboost|p1a: Excadrill|evasion|1
|-sideend|p2: bergurz8|Stealth Rock|[from] move: Defog|[of] p2a: Xerneas
|
|upkeep
|turn|39
|
|t:|1616988711
|switch|p2a: Palkia|Palkia|100/100
|-ability|p2a: Palkia|Pressure
|move|p1a: Excadrill|Rapid Spin|p2a: Palkia
|-damage|p2a: Palkia|79/100
|-boost|p1a: Excadrill|spe|1
|-damage|p1a: Excadrill|91/100|[from] item: Life Orb
|
|upkeep
|turn|40
|
|t:|1616988720
|move|p1a: Excadrill|Poison Jab|p2a: Palkia
|-damage|p2a: Palkia|44/100
|-damage|p1a: Excadrill|81/100|[from] item: Life Orb
|move|p2a: Palkia|Surf|p1a: Excadrill
|-supereffective|p1a: Excadrill
|-damage|p1a: Excadrill|0 fnt
|faint|p1a: Excadrill
|
|upkeep
|
|t:|1616988734
|switch|p1a: Ferrothorn|Ferrothorn, M|100/100 par
|turn|41
|inactive|bergurz8 has 120 seconds left.
|
|t:|1616988749
|switch|p2a: Eternatus|Eternatus|79/100 brn
|-ability|p2a: Eternatus|Pressure
|move|p1a: Ferrothorn|Leech Seed|p2a: Eternatus
|-start|p2a: Eternatus|move: Leech Seed
|
|-damage|p2a: Eternatus|66/100 brn|[from] Leech Seed|[of] p1a: Ferrothorn
|-damage|p2a: Eternatus|60/100 brn|[from] brn
|upkeep
|turn|42
|
|t:|1616988754
|switch|p1a: Heatran|Heatran, M|100/100
|move|p2a: Eternatus|Flamethrower|p1a: Heatran
|-start|p1a: Heatran|ability: Flash Fire
|
|-damage|p2a: Eternatus|48/100 brn|[from] Leech Seed|[of] p1a: Heatran
|-damage|p2a: Eternatus|41/100 brn|[from] brn
|upkeep
|turn|43
|
|t:|1616988761
|switch|p2a: Palkia|Palkia|44/100
|-ability|p2a: Palkia|Pressure
|move|p1a: Heatran|Lava Plume|p2a: Palkia
|-resisted|p2a: Palkia
|-crit|p2a: Palkia
|-damage|p2a: Palkia|31/100
|
|upkeep
|turn|44
|
|t:|1616988766
|switch|p2a: Eternatus|Eternatus|41/100 brn
|-ability|p2a: Eternatus|Pressure
|-end|p1a: Heatran|ability: Flash Fire|[silent]
|switch|p1a: Ferrothorn|Ferrothorn, M|100/100 par
|
|-damage|p2a: Eternatus|35/100 brn|[from] brn
|upkeep
|turn|45
|
|t:|1616988769
|switch|p1a: Heatran|Heatran, M|100/100
|move|p2a: Eternatus|Flamethrower|p1a: Heatran
|-start|p1a: Heatran|ability: Flash Fire
|
|-damage|p2a: Eternatus|29/100 brn|[from] brn
|upkeep
|turn|46
|
|t:|1616988772
|move|p2a: Eternatus|Recover|p2a: Eternatus
|-heal|p2a: Eternatus|79/100 brn
|move|p1a: Heatran|Stealth Rock|p2a: Eternatus
|-sidestart|p2: bergurz8|move: Stealth Rock
|
|-damage|p2a: Eternatus|73/100 brn|[from] brn
|upkeep
|turn|47
|
|t:|1616988777
|move|p2a: Eternatus|Flamethrower|p1a: Heatran
|-immune|p1a: Heatran|[from] ability: Flash Fire
|move|p1a: Heatran|Lava Plume|p2a: Eternatus
|-resisted|p2a: Eternatus
|-damage|p2a: Eternatus|52/100 brn
|
|-damage|p2a: Eternatus|46/100 brn|[from] brn
|upkeep
|turn|48
|
|t:|1616988800
|move|p2a: Eternatus|Flamethrower|p1a: Heatran
|-immune|p1a: Heatran|[from] ability: Flash Fire
|move|p1a: Heatran|Lava Plume|p2a: Eternatus
|-resisted|p2a: Eternatus
|-damage|p2a: Eternatus|27/100 brn
|
|-damage|p2a: Eternatus|20/100 brn|[from] brn
|upkeep
|turn|49
|
|t:|1616988805
|-end|p1a: Heatran|ability: Flash Fire|[silent]
|switch|p1a: Yveltal|Yveltal|100/100
|-ability|p1a: Yveltal|Dark Aura
|move|p2a: Eternatus|Recover|p2a: Eternatus
|-heal|p2a: Eternatus|70/100 brn
|
|-damage|p2a: Eternatus|64/100 brn|[from] brn
|upkeep
|turn|50
|
|t:|1616988814
|switch|p2a: Xerneas|Xerneas|58/100
|-damage|p2a: Xerneas|46/100|[from] Stealth Rock
|-ability|p2a: Xerneas|Fairy Aura
|move|p1a: Yveltal|Knock Off|p2a: Xerneas
|-resisted|p2a: Xerneas
|-damage|p2a: Xerneas|25/100
|
|upkeep
|turn|51
|
|t:|1616988819
|switch|p1a: Ferrothorn|Ferrothorn, M|100/100 par
|move|p2a: Xerneas|Rest|p2a: Xerneas
|-status|p2a: Xerneas|slp|[from] move: Rest
|-heal|p2a: Xerneas|100/100 slp|[silent]
|
|upkeep
|turn|52
|
|t:|1616988832
|switch|p2a: Palkia|Palkia|31/100
|-damage|p2a: Palkia|18/100|[from] Stealth Rock
|-ability|p2a: Palkia|Pressure
|move|p1a: Ferrothorn|Gyro Ball|p2a: Palkia
|-resisted|p2a: Palkia
|-damage|p2a: Palkia|0 fnt
|faint|p2a: Palkia
|
|upkeep
|
|t:|1616988855
|switch|p2a: Pheromosa|Pheromosa|76/100
|-damage|p2a: Pheromosa|63/100|[from] Stealth Rock
|turn|53
|
|t:|1616988865
|switch|p1a: Toxapex|Toxapex, M|100/100
|move|p2a: Pheromosa|U-turn|p1a: Toxapex
|-resisted|p1a: Toxapex
|-damage|p1a: Toxapex|82/100
|
|t:|1616988876
|switch|p2a: Xerneas|Xerneas|100/100 slp|[from]move: U-turn
|-damage|p2a: Xerneas|88/100 slp|[from] Stealth Rock
|-ability|p2a: Xerneas|Fairy Aura
|
|-heal|p1a: Toxapex|88/100|[from] item: Black Sludge
|upkeep
|turn|54
|
|t:|1616988883
|switch|p1a: Yveltal|Yveltal|100/100
|-ability|p1a: Yveltal|Dark Aura
|cant|p2a: Xerneas|slp
|
|upkeep
|turn|55
|
|t:|1616988887
|move|p1a: Yveltal|Body Slam|p2a: Xerneas
|-damage|p2a: Xerneas|62/100 slp
|cant|p2a: Xerneas|slp
|
|upkeep
|turn|56
|
|t:|1616988895
|switch|p1a: Ferrothorn|Ferrothorn, M|100/100 par
|-curestatus|p2a: Xerneas|slp|[msg]
|move|p2a: Xerneas|Defog|p1a: Ferrothorn
|-unboost|p1a: Ferrothorn|evasion|1
|-sideend|p2: bergurz8|Stealth Rock|[from] move: Defog|[of] p2a: Xerneas
|
|upkeep
|turn|57
|
|t:|1616988901
|switch|p2a: Necrozma|Necrozma-Dusk-Mane|78/100
|move|p1a: Ferrothorn|Leech Seed|p2a: Necrozma
|-start|p2a: Necrozma|move: Leech Seed
|
|-damage|p2a: Necrozma|66/100|[from] Leech Seed|[of] p1a: Ferrothorn
|upkeep
|turn|58
|
|t:|1616988921
|switch|p2a: Yveltal|Yveltal|55/100 brn
|-ability|p2a: Yveltal|Dark Aura
|switch|p1a: Heatran|Heatran, M|100/100
|
|-damage|p2a: Yveltal|49/100 brn|[from] brn
|upkeep
|turn|59
|
|t:|1616988934
|switch|p1a: Ferrothorn|Ferrothorn, M|100/100 par
|move|p2a: Yveltal|Knock Off|p1a: Ferrothorn
|-damage|p1a: Ferrothorn|86/100 par
|-damage|p2a: Yveltal|37/100 brn|[from] ability: Iron Barbs|[of] p1a: Ferrothorn
|
|-damage|p2a: Yveltal|31/100 brn|[from] brn
|upkeep
|turn|60
|inactive|RIP_Player has 120 seconds left.
|
|t:|1616988969
|move|p2a: Yveltal|Roost|p2a: Yveltal
|-heal|p2a: Yveltal|81/100 brn
|-singleturn|p2a: Yveltal|move: Roost
|move|p1a: Ferrothorn|Gyro Ball|p2a: Yveltal
|-damage|p2a: Yveltal|40/100 brn
|
|-damage|p2a: Yveltal|34/100 brn|[from] brn
|upkeep
|turn|61
|inactive|RIP_Player has 120 seconds left.
|
|t:|1616989016
|move|p2a: Yveltal|Roost|p2a: Yveltal
|-heal|p2a: Yveltal|84/100 brn
|-singleturn|p2a: Yveltal|move: Roost
|move|p1a: Ferrothorn|Leech Seed|p2a: Yveltal
|-start|p2a: Yveltal|move: Leech Seed
|
|-damage|p2a: Yveltal|71/100 brn|[from] Leech Seed|[of] p1a: Ferrothorn
|-heal|p1a: Ferrothorn|100/100 par|[silent]
|-damage|p2a: Yveltal|65/100 brn|[from] brn
|upkeep
|turn|62
|
|t:|1616989027
|switch|p2a: Necrozma|Necrozma-Dusk-Mane|66/100
|move|p1a: Ferrothorn|Curse|p1a: Ferrothorn
|-unboost|p1a: Ferrothorn|spe|1
|-boost|p1a: Ferrothorn|atk|1
|-boost|p1a: Ferrothorn|def|1
|
|upkeep
|turn|63
|
|t:|1616989048
|switch|p2a: Eternatus|Eternatus|64/100 brn
|-ability|p2a: Eternatus|Pressure
|move|p1a: Ferrothorn|Knock Off|p2a: Eternatus
|-damage|p2a: Eternatus|39/100 brn
|-enditem|p2a: Eternatus|Life Orb|[from] move: Knock Off|[of] p1a: Ferrothorn
|
|-damage|p2a: Eternatus|32/100 brn|[from] brn
|upkeep
|turn|64
|
|t:|1616989055
|switch|p1a: Heatran|Heatran, M|100/100
|move|p2a: Eternatus|Flamethrower|p1a: Heatran
|-start|p1a: Heatran|ability: Flash Fire
|
|-damage|p2a: Eternatus|26/100 brn|[from] brn
|upkeep
|turn|65
|
|t:|1616989058
|move|p2a: Eternatus|Recover|p2a: Eternatus
|-heal|p2a: Eternatus|76/100 brn
|move|p1a: Heatran|Lava Plume|p2a: Eternatus
|-resisted|p2a: Eternatus
|-damage|p2a: Eternatus|56/100 brn
|
|-damage|p2a: Eternatus|50/100 brn|[from] brn
|upkeep
|turn|66
|
|t:|1616989062
|move|p2a: Eternatus|Flamethrower|p1a: Heatran
|-immune|p1a: Heatran|[from] ability: Flash Fire
|move|p1a: Heatran|Stealth Rock|p2a: Eternatus
|-sidestart|p2: bergurz8|move: Stealth Rock
|
|-damage|p2a: Eternatus|44/100 brn|[from] brn
|upkeep
|turn|67
|
|t:|1616989068
|move|p2a: Eternatus|Flamethrower|p1a: Heatran
|-immune|p1a: Heatran|[from] ability: Flash Fire
|move|p1a: Heatran|Stealth Rock||[still]
|-fail|p1a: Heatran
|
|-damage|p2a: Eternatus|38/100 brn|[from] brn
|upkeep
|turn|68
|
|t:|1616989071
|move|p2a: Eternatus|Flamethrower|p1a: Heatran
|-immune|p1a: Heatran|[from] ability: Flash Fire
|move|p1a: Heatran|Stealth Rock||[still]
|-fail|p1a: Heatran
|
|-damage|p2a: Eternatus|31/100 brn|[from] brn
|upkeep
|turn|69
|
|t:|1616989074
|move|p2a: Eternatus|Flamethrower|p1a: Heatran
|-immune|p1a: Heatran|[from] ability: Flash Fire
|move|p1a: Heatran|Stealth Rock||[still]
|-fail|p1a: Heatran
|
|-damage|p2a: Eternatus|25/100 brn|[from] brn
|upkeep
|turn|70
|
|t:|1616989081
|move|p2a: Eternatus|Recover|p2a: Eternatus
|-heal|p2a: Eternatus|75/100 brn
|move|p1a: Heatran|Stealth Rock||[still]
|-fail|p1a: Heatran
|
|-damage|p2a: Eternatus|69/100 brn|[from] brn
|upkeep
|turn|71
|
|t:|1616989094
|switch|p2a: Necrozma|Necrozma-Dusk-Mane|66/100
|-damage|p2a: Necrozma|60/100|[from] Stealth Rock
|-end|p1a: Heatran|ability: Flash Fire|[silent]
|switch|p1a: Toxapex|Toxapex, M|100/100
|
|upkeep
|turn|72
|
|t:|1616989098
|move|p2a: Necrozma|Thunder Wave|p1a: Toxapex
|-status|p1a: Toxapex|par
|move|p1a: Toxapex|Scald|p2a: Necrozma
|-damage|p2a: Necrozma|49/100
|
|upkeep
|turn|73
|
|t:|1616989114
|move|p2a: Necrozma|Moonlight|p2a: Necrozma
|-heal|p2a: Necrozma|99/100
|move|p1a: Toxapex|Scald|p2a: Necrozma
|-damage|p2a: Necrozma|90/100
|
|upkeep
|turn|74
|
|t:|1616989118
|switch|p2a: Xerneas|Xerneas|62/100
|-damage|p2a: Xerneas|49/100|[from] Stealth Rock
|-ability|p2a: Xerneas|Fairy Aura
|switch|p1a: Heatran|Heatran, M|100/100
|
|upkeep
|turn|75
|
|t:|1616989128
|move|p2a: Xerneas|Defog|p1a: Heatran
|-unboost|p1a: Heatran|evasion|1
|-sideend|p2: bergurz8|Stealth Rock|[from] move: Defog|[of] p2a: Xerneas
|move|p1a: Heatran|Toxic|p2a: Xerneas
|-status|p2a: Xerneas|tox
|
|-damage|p2a: Xerneas|43/100 tox|[from] psn
|upkeep
|turn|76
|
|t:|1616989132
|move|p2a: Xerneas|Aromatherapy|p2a: Xerneas
|-activate|p2a: Xerneas|move: Aromatherapy
|-curestatus|p2a: Xerneas|tox|[msg]
|-curestatus|p2: Eternatus|brn|[msg]
|-curestatus|p2: Yveltal|brn|[msg]
|move|p1a: Heatran|Stealth Rock|p2a: Xerneas
|-sidestart|p2: bergurz8|move: Stealth Rock
|
|upkeep
|turn|77
|
|t:|1616989141
|switch|p1a: Ferrothorn|Ferrothorn, M|100/100 par
|move|p2a: Xerneas|Defog|p1a: Ferrothorn
|-unboost|p1a: Ferrothorn|evasion|1
|-sideend|p2: bergurz8|Stealth Rock|[from] move: Defog|[of] p2a: Xerneas
|
|upkeep
|turn|78
|
|t:|1616989146
|switch|p2a: Necrozma|Necrozma-Dusk-Mane|90/100
|move|p1a: Ferrothorn|Curse|p1a: Ferrothorn
|-unboost|p1a: Ferrothorn|spe|1
|-boost|p1a: Ferrothorn|atk|1
|-boost|p1a: Ferrothorn|def|1
|
|upkeep
|turn|79
|
|t:|1616989156
|move|p2a: Necrozma|Stealth Rock|p1a: Ferrothorn
|-sidestart|p1: RIP_Player|move: Stealth Rock
|move|p1a: Ferrothorn|Curse|p1a: Ferrothorn
|-unboost|p1a: Ferrothorn|spe|1
|-boost|p1a: Ferrothorn|atk|1
|-boost|p1a: Ferrothorn|def|1
|
|upkeep
|turn|80
|
|t:|1616989164
|switch|p2a: Eternatus|Eternatus|69/100
|-ability|p2a: Eternatus|Pressure
|move|p1a: Ferrothorn|Gyro Ball|p2a: Eternatus
|-damage|p2a: Eternatus|1/100
|
|upkeep
|turn|81
|c|☆bergurz8|btw
|inactive|RIP_Player has 120 seconds left.
|c|☆bergurz8|I had 1 hp
|
|t:|1616989210
|switch|p1a: Heatran|Heatran, M|100/100
|-damage|p1a: Heatran|88/100|[from] Stealth Rock
|move|p2a: Eternatus|Flamethrower|p1a: Heatran
|-start|p1a: Heatran|ability: Flash Fire
|
|-heal|p1a: Heatran|94/100|[from] item: Leftovers
|upkeep
|turn|82
|
|t:|1616989214
|move|p2a: Eternatus|Recover|p2a: Eternatus
|-heal|p2a: Eternatus|51/100
|move|p1a: Heatran|Lava Plume|p2a: Eternatus
|-resisted|p2a: Eternatus
|-damage|p2a: Eternatus|32/100
|-status|p2a: Eternatus|brn
|
|-heal|p1a: Heatran|100/100|[from] item: Leftovers
|-damage|p2a: Eternatus|25/100 brn|[from] brn
|upkeep
|turn|83
|
|t:|1616989219
|move|p2a: Eternatus|Recover|p2a: Eternatus
|-heal|p2a: Eternatus|75/100 brn
|move|p1a: Heatran|Stealth Rock|p2a: Eternatus
|-sidestart|p2: bergurz8|move: Stealth Rock
|
|-damage|p2a: Eternatus|69/100 brn|[from] brn
|upkeep
|turn|84
|
|t:|1616989224
|switch|p2a: Xerneas|Xerneas|43/100
|-damage|p2a: Xerneas|31/100|[from] Stealth Rock
|-ability|p2a: Xerneas|Fairy Aura
|-end|p1a: Heatran|ability: Flash Fire|[silent]
|switch|p1a: Toxapex|Toxapex, M|100/100 par
|-damage|p1a: Toxapex|88/100 par|[from] Stealth Rock
|
|-heal|p1a: Toxapex|94/100 par|[from] item: Black Sludge
|upkeep
|turn|85
|inactive|RIP_Player has 120 seconds left.
|
|t:|1616989253
|move|p2a: Xerneas|Defog|p1a: Toxapex
|-unboost|p1a: Toxapex|evasion|1
|-sideend|p1: RIP_Player|Stealth Rock|[from] move: Defog|[of] p2a: Xerneas
|-sideend|p2: bergurz8|Stealth Rock|[from] move: Defog|[of] p2a: Xerneas
|cant|p1a: Toxapex|par
|
|-heal|p1a: Toxapex|100/100 par|[from] item: Black Sludge
|upkeep
|turn|86
|
|t:|1616989279
|move|p2a: Xerneas|Rest|p2a: Xerneas
|-status|p2a: Xerneas|slp|[from] move: Rest
|-heal|p2a: Xerneas|100/100 slp|[silent]
|move|p1a: Toxapex|Toxic||[still]
|-fail|p1a: Toxapex
|
|upkeep
|turn|87
|
|t:|1616989297
|switch|p1a: Marshadow|Marshadow|100/100
|cant|p2a: Xerneas|slp
|
|upkeep
|turn|88
|
|t:|1616989301
|move|p1a: Marshadow|Swagger|p2a: Xerneas
|-boost|p2a: Xerneas|atk|2
|-start|p2a: Xerneas|confusion
|cant|p2a: Xerneas|slp
|
|upkeep
|turn|89
|
|t:|1616989321
|move|p1a: Marshadow|Spectral Thief||[still]
|-clearpositiveboost|p2a: Xerneas|p1a: Marshadow|move: Spectral Thief
|-boost|p1a: Marshadow|atk|2
|-anim|p1a: Marshadow|Spectral Thief|p2a: Xerneas
|-damage|p2a: Xerneas|54/100 slp
|-curestatus|p2a: Xerneas|slp|[msg]
|-activate|p2a: Xerneas|confusion
|move|p2a: Xerneas|Moonblast|p1a: Marshadow
|-supereffective|p1a: Marshadow
|-enditem|p1a: Marshadow|Focus Sash
|-damage|p1a: Marshadow|1/100
|
|upkeep
|turn|90
|inactive|bergurz8 has 120 seconds left.
|
|t:|1616989344
|switch|p2a: Yveltal|Yveltal|65/100
|-ability|p2a: Yveltal|Dark Aura
|move|p1a: Marshadow|Swagger|p2a: Yveltal
|-boost|p2a: Yveltal|atk|2
|-start|p2a: Yveltal|confusion
|
|upkeep
|turn|91
|inactive|bergurz8 has 120 seconds left.
|
|t:|1616989355
|move|p1a: Marshadow|Spectral Thief||[still]
|-clearpositiveboost|p2a: Yveltal|p1a: Marshadow|move: Spectral Thief
|-boost|p1a: Marshadow|atk|2
|-anim|p1a: Marshadow|Spectral Thief|p2a: Yveltal
|-resisted|p2a: Yveltal
|-damage|p2a: Yveltal|16/100
|-activate|p2a: Yveltal|confusion
|-damage|p2a: Yveltal|6/100|[from] confusion
|
|upkeep
|turn|92
|
|t:|1616989368
|move|p1a: Marshadow|Shadow Sneak|p2a: Yveltal
|-resisted|p2a: Yveltal
|-damage|p2a: Yveltal|0 fnt
|faint|p2a: Yveltal
|
|upkeep
|
|t:|1616989370
|switch|p2a: Xerneas|Xerneas|54/100
|-ability|p2a: Xerneas|Fairy Aura
|turn|93
|
|t:|1616989374
|move|p1a: Marshadow|Spectral Thief|p2a: Xerneas
|-damage|p2a: Xerneas|0 fnt
|faint|p2a: Xerneas
|
|upkeep
|
|t:|1616989377
|switch|p2a: Pheromosa|Pheromosa|63/100
|turn|94
|
|t:|1616989379
|move|p1a: Marshadow|Shadow Sneak|p2a: Pheromosa
|-damage|p2a: Pheromosa|0 fnt
|faint|p2a: Pheromosa
|
|upkeep
|
|t:|1616989381
|switch|p2a: Necrozma|Necrozma-Dusk-Mane|90/100
|turn|95
|
|t:|1616989385
|move|p1a: Marshadow|Spectral Thief|p2a: Necrozma
|-supereffective|p2a: Necrozma
|-damage|p2a: Necrozma|0 fnt
|faint|p2a: Necrozma
|
|upkeep
|
|t:|1616989389
|switch|p2a: Eternatus|Eternatus|69/100 brn
|-ability|p2a: Eternatus|Pressure
|turn|96
|c|☆bergurz8|gg
|
|t:|1616989393
|move|p1a: Marshadow|Shadow Sneak|p2a: Eternatus
|-damage|p2a: Eternatus|4/100 brn
|move|p2a: Eternatus|Dynamax Cannon|p1a: Marshadow
|-damage|p1a: Marshadow|0 fnt
|faint|p1a: Marshadow
|
|-damage|p2a: Eternatus|0 fnt|[from] brn
|faint|p2a: Eternatus
|
|win|RIP_Player
|upkeep
|raw|RIP_Player's rating: 1342 &rarr; <strong>1370</strong><br />(+28 for winning)
|raw|bergurz8's rating: 1488 &rarr; <strong>1460</strong><br />(-28 for losing)
