|j|☆noobiste
|j|☆itay26
|t:|1606042546
|player|p1|noobiste|101|1511
|player|p2|itay26|hilbert-dueldisk|1332
|teamsize|p1|6
|teamsize|p2|6
|gametype|singles
|gen|8
|tier|[Gen 8] Ubers
|rated|
|clearpoke
|poke|p1|Calyrex-Ice|
|poke|p1|Yveltal|
|poke|p1|Xerneas|
|poke|p1|Necrozma-Dusk-Mane|
|poke|p1|Giratina-Origin|
|poke|p1|Ho-Oh|
|poke|p2|Zygarde|
|poke|p2|Cinderace, M|
|poke|p2|Yveltal|
|poke|p2|Palkia|
|poke|p2|Marshadow|
|poke|p2|Necrozma-Dusk-Mane|
|rule|Sleep Clause Mod: Limit one foe put to sleep
|rule|Species Clause: Limit one of each Pokémon
|rule|OHKO Clause: OHKO moves are banned
|rule|Evasion Moves Clause: Evasion moves are banned
|rule|Endless Battle Clause: Forcing endless battles is banned
|rule|HP Percentage Mod: HP is shown in percentages
|rule|Dynamax Clause: You cannot dynamax
|teampreview
|inactive|Battle timer is ON: inactive players will automatically lose when time's up. (requested by itay26)
|
|t:|1606042578
|start
|switch|p1a: Ho-Oh|Ho-Oh|100/100
|switch|p2a: Zygarde|Zygarde|100/100
|turn|1
|
|t:|1606042582
|move|p2a: Zygarde|Substitute|p2a: Zygarde
|-start|p2a: Zygarde|Substitute
|-damage|p2a: Zygarde|76/100
|move|p1a: Ho-Oh|Toxic||[still]
|-fail|p1a: Ho-Oh
|
|-heal|p2a: Zygarde|82/100|[from] item: Leftovers
|upkeep
|turn|2
|
|t:|1606042590
|switch|p1a: Xerneas|Xerneas|100/100
|-ability|p1a: Xerneas|Fairy Aura
|move|p2a: Zygarde|Glare|p1a: Xerneas
|-status|p1a: Xerneas|par
|
|-heal|p2a: Zygarde|88/100|[from] item: Leftovers
|upkeep
|turn|3
|
|t:|1606042598
|switch|p2a: Necrozma|Necrozma-Dusk-Mane|100/100
|move|p1a: Xerneas|Moonblast|p2a: Necrozma
|-resisted|p2a: Necrozma
|-damage|p2a: Necrozma|64/100
|
|-heal|p2a: Necrozma|70/100|[from] item: Leftovers
|upkeep
|turn|4
|
|t:|1606042604
|switch|p1a: Ho-Oh|Ho-Oh|100/100
|move|p2a: Necrozma|Sunsteel Strike|p1a: Ho-Oh
|-resisted|p1a: Ho-Oh
|-damage|p1a: Ho-Oh|78/100
|
|-heal|p2a: Necrozma|76/100|[from] item: Leftovers
|upkeep
|turn|5
|
|t:|1606042609
|move|p1a: Ho-Oh|Sacred Fire|p2a: Necrozma
|-supereffective|p2a: Necrozma
|-damage|p2a: Necrozma|28/100
|-status|p2a: Necrozma|brn
|move|p2a: Necrozma|Photon Geyser|p1a: Ho-Oh
|-damage|p1a: Ho-Oh|57/100
|
|-heal|p2a: Necrozma|34/100 brn|[from] item: Leftovers
|-damage|p2a: Necrozma|28/100 brn|[from] brn
|upkeep
|turn|6
|
|t:|1606042614
|move|p1a: Ho-Oh|Sacred Fire|p2a: Necrozma
|-supereffective|p2a: Necrozma
|-crit|p2a: Necrozma
|-damage|p2a: Necrozma|0 fnt
|faint|p2a: Necrozma
|
|upkeep
|
|t:|1606042617
|switch|p2a: Marshadow|Marshadow|100/100
|turn|7
|
|t:|1606042626
|switch|p1a: Yveltal|Yveltal|100/100
|-ability|p1a: Yveltal|Dark Aura
|move|p2a: Marshadow|Stone Edge|p1a: Yveltal
|-supereffective|p1a: Yveltal
|-damage|p1a: Yveltal|48/100
|
|upkeep
|turn|8
|
|t:|1606042632
|switch|p1a: Necrozma|Necrozma-Dusk-Mane|100/100
|move|p2a: Marshadow|Stone Edge|p1a: Necrozma
|-resisted|p1a: Necrozma
|-damage|p1a: Necrozma|91/100
|
|-heal|p1a: Necrozma|97/100|[from] item: Leftovers
|upkeep
|turn|9
|
|t:|1606042636
|move|p2a: Marshadow|Spectral Thief|p1a: Necrozma
|-supereffective|p1a: Necrozma
|-damage|p1a: Necrozma|62/100
|move|p1a: Necrozma|Stealth Rock|p2a: Marshadow
|-sidestart|p2: itay26|move: Stealth Rock
|
|-heal|p1a: Necrozma|68/100|[from] item: Leftovers
|upkeep
|turn|10
|
|t:|1606042641
|move|p2a: Marshadow|Spectral Thief|p1a: Necrozma
|-supereffective|p1a: Necrozma
|-damage|p1a: Necrozma|34/100
|move|p1a: Necrozma|Morning Sun|p1a: Necrozma
|-heal|p1a: Necrozma|84/100
|
|-heal|p1a: Necrozma|90/100|[from] item: Leftovers
|upkeep
|turn|11
|
|t:|1606042645
|switch|p2a: Cinderace|Cinderace, M|100/100
|move|p1a: Necrozma|Knock Off|p2a: Cinderace
|-damage|p2a: Cinderace|53/100
|-enditem|p2a: Cinderace|Heavy-Duty Boots|[from] move: Knock Off|[of] p1a: Necrozma
|
|-heal|p1a: Necrozma|96/100|[from] item: Leftovers
|upkeep
|turn|12
|
|t:|1606042650
|move|p2a: Cinderace|Court Change|p2a: Cinderace
|-start|p2a: Cinderace|typechange|Normal|[from] ability: Libero
|-sideend|p2: itay26|Stealth Rock|[silent]
|-sidestart|p1: noobiste|Stealth Rock|[silent]
|-activate|p2a: Cinderace|move: Court Change
|move|p1a: Necrozma|Earthquake|p2a: Cinderace
|-damage|p2a: Cinderace|3/100
|
|-heal|p1a: Necrozma|100/100|[from] item: Leftovers
|upkeep
|turn|13
|
|t:|1606042656
|move|p2a: Cinderace|Pyro Ball|p1a: Necrozma
|-start|p2a: Cinderace|typechange|Fire|[from] ability: Libero
|-supereffective|p1a: Necrozma
|-damage|p1a: Necrozma|58/100
|move|p1a: Necrozma|Knock Off|p2a: Cinderace
|-damage|p2a: Cinderace|0 fnt
|faint|p2a: Cinderace
|
|-heal|p1a: Necrozma|64/100|[from] item: Leftovers
|upkeep
|
|t:|1606042664
|switch|p2a: Zygarde|Zygarde|88/100
|turn|14
|
|t:|1606042668
|switch|p1a: Xerneas|Xerneas|100/100 par
|-damage|p1a: Xerneas|88/100 par|[from] Stealth Rock
|-ability|p1a: Xerneas|Fairy Aura
|move|p2a: Zygarde|Substitute|p2a: Zygarde
|-start|p2a: Zygarde|Substitute
|-damage|p2a: Zygarde|63/100
|
|-heal|p2a: Zygarde|69/100|[from] item: Leftovers
|upkeep
|turn|15
|
|t:|1606042671
|move|p2a: Zygarde|Dragon Dance|p2a: Zygarde
|-boost|p2a: Zygarde|atk|1
|-boost|p2a: Zygarde|spe|1
|cant|p1a: Xerneas|par
|
|-heal|p2a: Zygarde|75/100|[from] item: Leftovers
|upkeep
|turn|16
|
|t:|1606042677
|move|p2a: Zygarde|Dragon Dance|p2a: Zygarde
|-boost|p2a: Zygarde|atk|1
|-boost|p2a: Zygarde|spe|1
|move|p1a: Xerneas|Moonblast|p2a: Zygarde
|-supereffective|p2a: Zygarde
|-end|p2a: Zygarde|Substitute
|
|-heal|p2a: Zygarde|82/100|[from] item: Leftovers
|upkeep
|turn|17
|
|t:|1606042680
|move|p2a: Zygarde|Substitute|p2a: Zygarde
|-start|p2a: Zygarde|Substitute
|-damage|p2a: Zygarde|57/100
|cant|p1a: Xerneas|par
|
|-heal|p2a: Zygarde|63/100|[from] item: Leftovers
|upkeep
|turn|18
|
|t:|1606042683
|move|p2a: Zygarde|Thousand Arrows|p1a: Xerneas
|-damage|p1a: Xerneas|6/100 par
|move|p1a: Xerneas|Moonblast|p2a: Zygarde
|-supereffective|p2a: Zygarde
|-end|p2a: Zygarde|Substitute
|
|-heal|p2a: Zygarde|69/100|[from] item: Leftovers
|upkeep
|turn|19
|
|t:|1606042687
|move|p2a: Zygarde|Thousand Arrows|p1a: Xerneas
|-damage|p1a: Xerneas|0 fnt
|faint|p1a: Xerneas
|
|-heal|p2a: Zygarde|75/100|[from] item: Leftovers
|upkeep
|
|t:|1606042699
|switch|p1a: Giratina|Giratina-Origin|100/100
|-damage|p1a: Giratina|88/100|[from] Stealth Rock
|turn|20
|
|t:|1606042705
|move|p2a: Zygarde|Substitute|p2a: Zygarde
|-start|p2a: Zygarde|Substitute
|-damage|p2a: Zygarde|50/100
|move|p1a: Giratina|Poltergeist|p2a: Zygarde
|-activate|p2a: Zygarde|move: Poltergeist|Leftovers
|-end|p2a: Zygarde|Substitute
|
|-heal|p2a: Zygarde|56/100|[from] item: Leftovers
|upkeep
|turn|21
|
|t:|1606042711
|move|p2a: Zygarde|Substitute|p2a: Zygarde
|-start|p2a: Zygarde|Substitute
|-damage|p2a: Zygarde|32/100
|move|p1a: Giratina|Outrage|p2a: Zygarde
|-supereffective|p2a: Zygarde
|-end|p2a: Zygarde|Substitute
|
|-heal|p2a: Zygarde|38/100|[from] item: Leftovers
|-activate|p2a: Zygarde|ability: Power Construct
|detailschange|p2a: Zygarde|Zygarde-Complete
|-heal|p2a: Zygarde|61/100|[silent]
|upkeep
|turn|22
|
|t:|1606042715
|move|p2a: Zygarde|Glare|p1a: Giratina
|-status|p1a: Giratina|par
|move|p1a: Giratina|Outrage|p2a: Zygarde|[from]lockedmove
|-supereffective|p2a: Zygarde
|-damage|p2a: Zygarde|0 fnt
|faint|p2a: Zygarde
|
|upkeep
|
|t:|1606042720
|switch|p2a: Marshadow|Marshadow|100/100
|turn|23
|
|t:|1606042726
|move|p2a: Marshadow|Spectral Thief|p1a: Giratina
|-supereffective|p1a: Giratina
|-damage|p1a: Giratina|28/100 par
|move|p1a: Giratina|Outrage|p2a: Marshadow|[from]lockedmove
|-enditem|p2a: Marshadow|Focus Sash
|-damage|p2a: Marshadow|1/100
|-start|p1a: Giratina|confusion|[fatigue]
|
|upkeep
|turn|24
|
|t:|1606042731
|-activate|p1a: Giratina|confusion
|move|p1a: Giratina|Shadow Sneak|p2a: Marshadow
|-supereffective|p2a: Marshadow
|-damage|p2a: Marshadow|0 fnt
|faint|p2a: Marshadow
|
|upkeep
|
|t:|1606042733
|switch|p2a: Yveltal|Yveltal|100/100
|-ability|p2a: Yveltal|Dark Aura
|turn|25
|
|t:|1606042741
|move|p2a: Yveltal|Sucker Punch|p1a: Giratina
|-supereffective|p1a: Giratina
|-damage|p1a: Giratina|0 fnt
|-damage|p2a: Yveltal|91/100|[from] item: Life Orb
|faint|p1a: Giratina
|
|upkeep
|
|t:|1606042746
|switch|p1a: Ho-Oh|Ho-Oh|90/100
|turn|26
|
|t:|1606042749
|switch|p2a: Palkia|Palkia|100/100
|-ability|p2a: Palkia|Pressure
|move|p1a: Ho-Oh|Sacred Fire|p2a: Palkia
|-resisted|p2a: Palkia
|-damage|p2a: Palkia|90/100
|-status|p2a: Palkia|brn
|
|-damage|p2a: Palkia|84/100 brn|[from] brn
|upkeep
|turn|27
|
|t:|1606042757
|switch|p1a: Necrozma|Necrozma-Dusk-Mane|64/100
|-damage|p1a: Necrozma|58/100|[from] Stealth Rock
|move|p2a: Palkia|Hydro Pump|p1a: Necrozma|[miss]
|-miss|p2a: Palkia|p1a: Necrozma
|
|-heal|p1a: Necrozma|64/100|[from] item: Leftovers
|-damage|p2a: Palkia|78/100 brn|[from] brn
|upkeep
|turn|28
|
|t:|1606042761
|move|p2a: Palkia|Hydro Pump|p1a: Necrozma
|-damage|p1a: Necrozma|8/100
|move|p1a: Necrozma|Stealth Rock|p2a: Palkia
|-sidestart|p2: itay26|move: Stealth Rock
|
|-heal|p1a: Necrozma|14/100|[from] item: Leftovers
|-damage|p2a: Palkia|72/100 brn|[from] brn
|upkeep
|turn|29
|
|t:|1606042764
|move|p2a: Palkia|Flamethrower|p1a: Necrozma
|-supereffective|p1a: Necrozma
|-damage|p1a: Necrozma|0 fnt
|faint|p1a: Necrozma
|
|-damage|p2a: Palkia|65/100 brn|[from] brn
|upkeep
|
|t:|1606042771
|switch|p1a: Yveltal|Yveltal|48/100
|-ability|p1a: Yveltal|Dark Aura
|turn|30
|
|t:|1606042773
|move|p2a: Palkia|Thunder|p1a: Yveltal
|-supereffective|p1a: Yveltal
|-damage|p1a: Yveltal|0 fnt
|faint|p1a: Yveltal
|
|-damage|p2a: Palkia|59/100 brn|[from] brn
|upkeep
|
|t:|1606042780
|switch|p1a: Calyrex|Calyrex-Ice|100/100
|-ability|p1a: Calyrex|As One
|-ability|p1a: Calyrex|Unnerve|p2: itay26
|-damage|p1a: Calyrex|76/100|[from] Stealth Rock
|turn|31
|
|t:|1606042786
|move|p2a: Palkia|Hydro Pump|p1a: Calyrex
|-damage|p1a: Calyrex|21/100
|move|p1a: Calyrex|Trick Room|p1a: Calyrex
|-fieldstart|move: Trick Room|[of] p1a: Calyrex
|
|-damage|p2a: Palkia|53/100 brn|[from] brn
|upkeep
|turn|32
|
|t:|1606042790
|move|p1a: Calyrex|Glacial Lance|p2a: Palkia
|-damage|p2a: Palkia|0 fnt
|faint|p2a: Palkia
|-ability|p1a: Calyrex|Chilling Neigh|boost
|-boost|p1a: Calyrex|atk|1
|
|upkeep
|
|t:|1606042793
|switch|p2a: Yveltal|Yveltal|91/100
|-damage|p2a: Yveltal|66/100|[from] Stealth Rock
|-ability|p2a: Yveltal|Dark Aura
|turn|33
|
|t:|1606042796
|move|p2a: Yveltal|Sucker Punch|p1a: Calyrex
|-supereffective|p1a: Calyrex
|-damage|p1a: Calyrex|0 fnt
|-damage|p2a: Yveltal|56/100|[from] item: Life Orb
|faint|p1a: Calyrex
|
|upkeep
|
|t:|1606042799
|switch|p1a: Ho-Oh|Ho-Oh|100/100
|turn|34
|
|t:|1606042801
|move|p1a: Ho-Oh|Sacred Fire|p2a: Yveltal|[miss]
|-miss|p1a: Ho-Oh|p2a: Yveltal
|move|p2a: Yveltal|Dark Pulse|p1a: Ho-Oh
|-damage|p1a: Ho-Oh|60/100
|-damage|p2a: Yveltal|46/100|[from] item: Life Orb
|
|upkeep
|turn|35
|
|t:|1606042808
|move|p2a: Yveltal|Sucker Punch|p1a: Ho-Oh
|-crit|p1a: Ho-Oh
|-damage|p1a: Ho-Oh|4/100
|-damage|p2a: Yveltal|36/100|[from] item: Life Orb
|move|p1a: Ho-Oh|Sacred Fire|p2a: Yveltal
|-damage|p2a: Yveltal|0 fnt
|faint|p2a: Yveltal
|
|win|noobiste
|raw|noobiste's rating: 1511 &rarr; <strong>1522</strong><br />(+11 for winning)
|raw|itay26's rating: 1332 &rarr; <strong>1321</strong><br />(-11 for losing)
|l|☆itay26
