|html|<div class="broadcast-blue"><strong>[Gen 8] Ubers is currently suspecting Calyrex-Shadow! For information on how to participate check out the <a href="https://www.smogon.com/forums/threads/np-ss-ubers-stage-8-ridin-dirty-calyrex-shadow-suspect-test.3704200/">suspect thread</a>.</strong></div>
|j|☆heyroat4
|j|☆hernyd
|t:|1657735184
|gametype|singles
|player|p1|heyroat4|2|1461
|player|p2|hernyd|1|1576
|teamsize|p1|6
|teamsize|p2|6
|gen|8
|tier|[Gen 8] Ubers
|rated|
|rule|Sleep Clause Mod: Limit one foe put to sleep
|rule|Species Clause: Limit one of each Pokémon
|rule|OHKO Clause: OHKO moves are banned
|rule|Evasion Moves Clause: Evasion moves are banned
|rule|Endless Battle Clause: Forcing endless battles is banned
|rule|HP Percentage Mod: HP is shown in percentages
|rule|Dynamax Clause: You cannot dynamax
|clearpoke
|poke|p1|Zamazenta-*|
|poke|p1|Yveltal|
|poke|p1|Calyrex-Shadow|
|poke|p1|Spectrier|
|poke|p1|Ho-Oh|
|poke|p1|Groudon|
|poke|p2|Kyogre|
|poke|p2|Yveltal|
|poke|p2|Xerneas-*|
|poke|p2|Weavile, M|
|poke|p2|Aegislash, M|
|poke|p2|Garchomp, M|
|teampreview
|
|t:|1657735200
|start
|switch|p1a: Calyrex|Calyrex-Shadow|100/100
|switch|p2a: Garchomp|Garchomp, M|100/100
|-ability|p1a: Calyrex|As One
|-ability|p1a: Calyrex|Unnerve
|turn|1
|
|t:|1657735207
|move|p1a: Calyrex|Astral Barrage|p2a: Garchomp
|-damage|p2a: Garchomp|13/100
|move|p2a: Garchomp|Scale Shot|p1a: Calyrex
|-damage|p1a: Calyrex|85/100
|-damage|p1a: Calyrex|69/100
|-damage|p1a: Calyrex|53/100
|-damage|p1a: Calyrex|38/100
|-hitcount|p1a: Calyrex|4
|-unboost|p2a: Garchomp|def|1
|-boost|p2a: Garchomp|spe|1
|
|upkeep
|turn|2
|
|t:|1657735219
|move|p1a: Calyrex|Astral Barrage|p2a: Garchomp
|-damage|p2a: Garchomp|0 fnt
|faint|p2a: Garchomp
|-ability|p1a: Calyrex|Grim Neigh|boost
|-boost|p1a: Calyrex|spa|1
|
|upkeep
|
|t:|1657735223
|switch|p2a: Aegislash|Aegislash, M|100/100
|turn|3
|
|t:|1657735229
|switch|p1a: Yveltal|Yveltal|100/100
|-ability|p1a: Yveltal|Dark Aura
|-formechange|p2a: Aegislash|Aegislash-Blade||[from] ability: Stance Change
|move|p2a: Aegislash|Shadow Sneak|p1a: Yveltal
|-resisted|p1a: Yveltal
|-damage|p1a: Yveltal|91/100
|
|-heal|p1a: Yveltal|97/100|[from] item: Leftovers
|upkeep
|turn|4
|
|t:|1657735238
|switch|p2a: Xerneas|Xerneas|100/100
|-ability|p2a: Xerneas|Fairy Aura
|move|p1a: Yveltal|Knock Off|p2a: Xerneas
|-resisted|p2a: Xerneas
|-damage|p2a: Xerneas|86/100
|-enditem|p2a: Xerneas|Leftovers|[from] move: Knock Off|[of] p1a: Yveltal
|
|-heal|p1a: Yveltal|100/100|[from] item: Leftovers
|upkeep
|turn|5
|
|t:|1657735248
|switch|p1a: Ho-Oh|Ho-Oh|100/100
|move|p2a: Xerneas|Thunder Wave|p1a: Ho-Oh
|-status|p1a: Ho-Oh|par
|
|upkeep
|turn|6
|
|t:|1657735274
|move|p2a: Xerneas|Reflect|p2a: Xerneas
|-sidestart|p2: hernyd|Reflect
|cant|p1a: Ho-Oh|par
|
|upkeep
|turn|7
|
|t:|1657735281
|switch|p2a: Aegislash|Aegislash, M|100/100
|move|p1a: Ho-Oh|Defog|p2a: Aegislash
|-unboost|p2a: Aegislash|evasion|1
|-sideend|p2: hernyd|Reflect
|
|upkeep
|turn|8
|
|t:|1657735287
|-formechange|p2a: Aegislash|Aegislash-Blade||[from] ability: Stance Change
|move|p2a: Aegislash|Head Smash|p1a: Ho-Oh|[miss]
|-miss|p2a: Aegislash|p1a: Ho-Oh
|move|p1a: Ho-Oh|Sacred Fire|p2a: Aegislash
|-supereffective|p2a: Aegislash
|-damage|p2a: Aegislash|0 fnt
|faint|p2a: Aegislash
|
|upkeep
|
|t:|1657735291
|switch|p2a: Yveltal|Yveltal|100/100
|-ability|p2a: Yveltal|Dark Aura
|turn|9
|
|t:|1657735299
|move|p2a: Yveltal|Dark Pulse|p1a: Ho-Oh
|-damage|p1a: Ho-Oh|50/100 par
|move|p1a: Ho-Oh|Sacred Fire|p2a: Yveltal
|-damage|p2a: Yveltal|60/100
|
|upkeep
|turn|10
|
|t:|1657735313
|switch|p1a: Yveltal|Yveltal|100/100
|-ability|p1a: Yveltal|Dark Aura
|move|p2a: Yveltal|Dark Pulse|p1a: Yveltal
|-resisted|p1a: Yveltal
|-damage|p1a: Yveltal|64/100
|
|-heal|p1a: Yveltal|70/100|[from] item: Leftovers
|upkeep
|turn|11
|
|t:|1657735322
|switch|p2a: Xerneas|Xerneas|86/100
|-ability|p2a: Xerneas|Fairy Aura
|move|p1a: Yveltal|Toxic|p2a: Xerneas
|-status|p2a: Xerneas|tox
|
|-heal|p1a: Yveltal|77/100|[from] item: Leftovers
|-damage|p2a: Xerneas|80/100 tox|[from] psn
|upkeep
|turn|12
|
|t:|1657735331
|switch|p1a: Ho-Oh|Ho-Oh|83/100 par
|move|p2a: Xerneas|Moonblast|p1a: Ho-Oh
|-resisted|p1a: Ho-Oh
|-damage|p1a: Ho-Oh|69/100 par
|
|-damage|p2a: Xerneas|68/100 tox|[from] psn
|upkeep
|turn|13
|
|t:|1657735340
|switch|p2a: Yveltal|Yveltal|60/100
|-ability|p2a: Yveltal|Dark Aura
|cant|p1a: Ho-Oh|par
|
|upkeep
|turn|14
|
|t:|1657735346
|move|p2a: Yveltal|Oblivion Wing|p1a: Ho-Oh
|-damage|p1a: Ho-Oh|30/100 par
|-heal|p2a: Yveltal|90/100|[from] drain|[of] p1a: Ho-Oh
|move|p1a: Ho-Oh|Brave Bird|p2a: Yveltal
|-damage|p2a: Yveltal|44/100
|-damage|p1a: Ho-Oh|16/100 par|[from] Recoil
|
|upkeep
|turn|15
|
|t:|1657735361
|move|p2a: Yveltal|Oblivion Wing|p1a: Ho-Oh
|-damage|p1a: Ho-Oh|0 fnt
|-heal|p2a: Yveltal|56/100|[from] drain|[of] p1a: Ho-Oh
|faint|p1a: Ho-Oh
|
|upkeep
|
|t:|1657735367
|switch|p1a: Zamazenta|Zamazenta|100/100
|-ability|p1a: Zamazenta|Dauntless Shield|boost
|-boost|p1a: Zamazenta|def|1
|turn|16
|
|t:|1657735372
|move|p1a: Zamazenta|Close Combat|p2a: Yveltal
|-damage|p2a: Yveltal|0 fnt
|-unboost|p1a: Zamazenta|def|1
|-unboost|p1a: Zamazenta|spd|1
|faint|p2a: Yveltal
|
|upkeep
|
|t:|1657735377
|switch|p2a: Xerneas|Xerneas|68/100 tox
|-ability|p2a: Xerneas|Fairy Aura
|turn|17
|
|t:|1657735384
|move|p1a: Zamazenta|Close Combat|p2a: Xerneas
|-resisted|p2a: Xerneas
|-damage|p2a: Xerneas|39/100 tox
|-unboost|p1a: Zamazenta|def|1
|-unboost|p1a: Zamazenta|spd|1
|move|p2a: Xerneas|Moonblast|p1a: Zamazenta
|-supereffective|p1a: Zamazenta
|-damage|p1a: Zamazenta|0 fnt
|faint|p1a: Zamazenta
|
|-damage|p2a: Xerneas|33/100 tox|[from] psn
|upkeep
|
|t:|1657735398
|switch|p1a: Calyrex|Calyrex-Shadow|38/100
|-ability|p1a: Calyrex|As One
|-ability|p1a: Calyrex|Unnerve
|turn|18
|
|t:|1657735409
|switch|p2a: Kyogre|Kyogre|100/100
|-weather|RainDance|[from] ability: Drizzle|[of] p2a: Kyogre
|move|p1a: Calyrex|Astral Barrage|p2a: Kyogre
|-damage|p2a: Kyogre|68/100
|
|-weather|RainDance|[upkeep]
|upkeep
|turn|19
|
|t:|1657735419
|move|p1a: Calyrex|Astral Barrage|p2a: Kyogre
|-damage|p2a: Kyogre|37/100
|move|p2a: Kyogre|Scald|p1a: Calyrex
|-damage|p1a: Calyrex|0 fnt
|faint|p1a: Calyrex
|
|-weather|RainDance|[upkeep]
|upkeep
|
|t:|1657735430
|switch|p1a: Groudon|Groudon|100/100
|-weather|SunnyDay|[from] ability: Drought|[of] p1a: Groudon
|turn|20
|
|t:|1657735436
|move|p1a: Groudon|Rock Polish|p1a: Groudon
|-boost|p1a: Groudon|spe|2
|move|p2a: Kyogre|Ice Beam|p1a: Groudon
|-supereffective|p1a: Groudon
|-damage|p1a: Groudon|30/100
|-enditem|p1a: Groudon|Weakness Policy
|-boost|p1a: Groudon|atk|2|[from] item: Weakness Policy
|-boost|p1a: Groudon|spa|2|[from] item: Weakness Policy
|
|-weather|SunnyDay|[upkeep]
|upkeep
|turn|21
|
|t:|1657735447
|move|p1a: Groudon|Earthquake|p2a: Kyogre
|-damage|p2a: Kyogre|0 fnt
|faint|p2a: Kyogre
|
|-weather|SunnyDay|[upkeep]
|upkeep
|
|t:|1657735452
|switch|p2a: Weavile|Weavile, M|100/100
|-ability|p2a: Weavile|Pressure
|turn|22
|
|t:|1657735456
|move|p2a: Weavile|Ice Shard|p1a: Groudon
|-supereffective|p1a: Groudon
|-damage|p1a: Groudon|2/100
|move|p1a: Groudon|Earthquake|p2a: Weavile
|-enditem|p2a: Weavile|Focus Sash
|-damage|p2a: Weavile|1/100
|
|-weather|SunnyDay|[upkeep]
|upkeep
|turn|23
|
|t:|1657735464
|move|p2a: Weavile|Ice Shard|p1a: Groudon
|-supereffective|p1a: Groudon
|-damage|p1a: Groudon|0 fnt
|faint|p1a: Groudon
|
|-weather|SunnyDay|[upkeep]
|upkeep
|
|t:|1657735469
|switch|p1a: Spectrier|Spectrier|100/100
|turn|24
|c|☆hernyd|cool team
|
|t:|1657735478
|move|p1a: Spectrier|Shadow Ball|p2a: Weavile
|-resisted|p2a: Weavile
|-damage|p2a: Weavile|0 fnt
|faint|p2a: Weavile
|-ability|p1a: Spectrier|Grim Neigh|boost
|-boost|p1a: Spectrier|spa|1
|
|-weather|none
|upkeep
|
|t:|1657735479
|switch|p2a: Xerneas|Xerneas|33/100 tox
|-ability|p2a: Xerneas|Fairy Aura
|turn|25
|
|t:|1657735489
|move|p1a: Spectrier|Shadow Ball|p2a: Xerneas
|-damage|p2a: Xerneas|0 fnt
|faint|p2a: Xerneas
|
|win|heyroat4
|raw|heyroat4's rating: 1461 &rarr; <strong>1487</strong><br />(+26 for winning)
|raw|hernyd's rating: 1576 &rarr; <strong>1550</strong><br />(-26 for losing)
|c|☆hernyd|gg
|l|☆hernyd
||Ladder isn't responding, score probably updated but might not have (Request timeout).
