|j|☆Hardstuck 1000s
|j|☆nutbustas
|t:|1663893812
|gametype|singles
|player|p1|Hardstuck 1000s|elesa|1445
|player|p2|nutbustas|may-masters|1593
|teamsize|p1|6
|teamsize|p2|6
|gen|8
|tier|[Gen 8] Ubers
|rated|
|rule|Sleep Clause Mod: Limit one foe put to sleep
|rule|Species Clause: Limit one of each Pokémon
|rule|OHKO Clause: OHKO moves are banned
|rule|Evasion Items Clause: Evasion items are banned
|rule|Evasion Moves Clause: Evasion moves are banned
|rule|Endless Battle Clause: Forcing endless battles is banned
|rule|HP Percentage Mod: HP is shown in percentages
|rule|Dynamax Clause: You cannot dynamax
|clearpoke
|poke|p1|Yveltal|
|poke|p1|Eternatus|
|poke|p1|Calyrex-Shadow|
|poke|p1|Necrozma-Dusk-Mane|
|poke|p1|Xerneas-*|
|poke|p1|Zygarde|
|poke|p2|Calyrex-Shadow|
|poke|p2|Zygarde|
|poke|p2|Yveltal|
|poke|p2|Ho-Oh|
|poke|p2|Eternatus|
|poke|p2|Necrozma-Dusk-Mane|
|teampreview
|
|t:|1663893840
|start
|switch|p1a: Necrozma|Necrozma-Dusk-Mane|100/100
|switch|p2a: Zygarde|Zygarde|100/100
|turn|1
|inactive|Battle timer is ON: inactive players will automatically lose when time's up. (requested by Hardstuck 1000s)
|
|t:|1663893852
|move|p2a: Zygarde|Thousand Waves|p1a: Necrozma
|-supereffective|p1a: Necrozma
|-damage|p1a: Necrozma|58/100
|-activate|p1a: Necrozma|trapped
|move|p1a: Necrozma|Stealth Rock|p2a: Zygarde
|-sidestart|p2: nutbustas|move: Stealth Rock
|
|upkeep
|turn|2
|j| delemon
|
|t:|1663893882
|move|p2a: Zygarde|Coil|p2a: Zygarde
|-boost|p2a: Zygarde|atk|1
|-boost|p2a: Zygarde|def|1
|-boost|p2a: Zygarde|accuracy|1
|move|p1a: Necrozma|Morning Sun|p1a: Necrozma
|-heal|p1a: Necrozma|100/100
|
|upkeep
|turn|3
|
|t:|1663893907
|move|p2a: Zygarde|Coil|p2a: Zygarde
|-boost|p2a: Zygarde|atk|1
|-boost|p2a: Zygarde|def|1
|-boost|p2a: Zygarde|accuracy|1
|move|p1a: Necrozma|Iron Head|p2a: Zygarde
|-damage|p2a: Zygarde|84/100
|
|-heal|p2a: Zygarde|91/100|[from] item: Leftovers
|upkeep
|turn|4
|
|t:|1663893912
|move|p2a: Zygarde|Coil|p2a: Zygarde
|-boost|p2a: Zygarde|atk|1
|-boost|p2a: Zygarde|def|1
|-boost|p2a: Zygarde|accuracy|1
|move|p1a: Necrozma|Iron Head|p2a: Zygarde
|-damage|p2a: Zygarde|78/100
|
|-heal|p2a: Zygarde|84/100|[from] item: Leftovers
|upkeep
|turn|5
|
|t:|1663893914
|move|p2a: Zygarde|Coil|p2a: Zygarde
|-boost|p2a: Zygarde|atk|1
|-boost|p2a: Zygarde|def|1
|-boost|p2a: Zygarde|accuracy|1
|move|p1a: Necrozma|Iron Head|p2a: Zygarde
|-damage|p2a: Zygarde|73/100
|
|-heal|p2a: Zygarde|79/100|[from] item: Leftovers
|upkeep
|turn|6
|
|t:|1663893916
|move|p2a: Zygarde|Scale Shot|p1a: Necrozma
|-resisted|p1a: Necrozma
|-damage|p1a: Necrozma|89/100
|-resisted|p1a: Necrozma
|-damage|p1a: Necrozma|77/100
|-hitcount|p1a: Necrozma|2
|-unboost|p2a: Zygarde|def|1
|-boost|p2a: Zygarde|spe|1
|move|p1a: Necrozma|Iron Head|p2a: Zygarde
|-damage|p2a: Zygarde|65/100
|
|-heal|p2a: Zygarde|71/100|[from] item: Leftovers
|upkeep
|turn|7
|
|t:|1663893921
|move|p2a: Zygarde|Scale Shot|p1a: Necrozma
|-resisted|p1a: Necrozma
|-damage|p1a: Necrozma|64/100
|-resisted|p1a: Necrozma
|-damage|p1a: Necrozma|52/100
|-resisted|p1a: Necrozma
|-damage|p1a: Necrozma|40/100
|-hitcount|p1a: Necrozma|3
|-unboost|p2a: Zygarde|def|1
|-boost|p2a: Zygarde|spe|1
|move|p1a: Necrozma|Iron Head|p2a: Zygarde
|-damage|p2a: Zygarde|55/100
|
|-heal|p2a: Zygarde|61/100|[from] item: Leftovers
|upkeep
|turn|8
|
|t:|1663893925
|move|p2a: Zygarde|Coil|p2a: Zygarde
|-boost|p2a: Zygarde|atk|1
|-boost|p2a: Zygarde|def|1
|-boost|p2a: Zygarde|accuracy|1
|move|p1a: Necrozma|Iron Head|p2a: Zygarde
|-damage|p2a: Zygarde|46/100
|
|-heal|p2a: Zygarde|52/100|[from] item: Leftovers
|upkeep
|turn|9
|
|t:|1663893927
|move|p2a: Zygarde|Coil|p2a: Zygarde
|-boost|p2a: Zygarde|atk|1
|-boost|p2a: Zygarde|def|1
|-boost|p2a: Zygarde|accuracy|1
|move|p1a: Necrozma|Iron Head|p2a: Zygarde
|-damage|p2a: Zygarde|41/100
|
|-heal|p2a: Zygarde|48/100|[from] item: Leftovers
|-activate|p2a: Zygarde|ability: Power Construct
|detailschange|p2a: Zygarde|Zygarde-Complete
|-heal|p2a: Zygarde|67/100|[silent]
|upkeep
|turn|10
|
|t:|1663893929
|move|p2a: Zygarde|Coil|p2a: Zygarde
|-boost|p2a: Zygarde|atk|0
|-boost|p2a: Zygarde|def|1
|-boost|p2a: Zygarde|accuracy|0
|move|p1a: Necrozma|Iron Head|p2a: Zygarde
|-damage|p2a: Zygarde|62/100
|
|-heal|p2a: Zygarde|68/100|[from] item: Leftovers
|upkeep
|turn|11
|
|t:|1663893931
|move|p2a: Zygarde|Coil|p2a: Zygarde
|-boost|p2a: Zygarde|atk|0
|-boost|p2a: Zygarde|def|1
|-boost|p2a: Zygarde|accuracy|0
|move|p1a: Necrozma|Iron Head|p2a: Zygarde
|-damage|p2a: Zygarde|63/100
|
|-heal|p2a: Zygarde|69/100|[from] item: Leftovers
|upkeep
|turn|12
|
|t:|1663893933
|move|p2a: Zygarde|Rest|p2a: Zygarde
|-status|p2a: Zygarde|slp|[from] move: Rest
|-heal|p2a: Zygarde|100/100 slp|[silent]
|move|p1a: Necrozma|Iron Head|p2a: Zygarde
|-damage|p2a: Zygarde|95/100 slp
|
|-heal|p2a: Zygarde|100/100 slp|[from] item: Leftovers
|upkeep
|turn|13
|
|t:|1663893936
|cant|p2a: Zygarde|slp
|move|p1a: Necrozma|Iron Head|p2a: Zygarde
|-damage|p2a: Zygarde|95/100 slp
|
|-heal|p2a: Zygarde|100/100 slp|[from] item: Leftovers
|upkeep
|turn|14
|-message|Hardstuck 1000s forfeited.
|
|win|nutbustas
|raw|Hardstuck 1000s's rating: 1445 &rarr; <strong>1433</strong><br />(-12 for losing)
|raw|nutbustas's rating: 1593 &rarr; <strong>1605</strong><br />(+12 for winning)
|l|☆Hardstuck 1000s
|c|☆nutbustas|nice
|l|☆nutbustas
||Ladder isn't responding, score probably updated but might not have (Request timeout).
|j|☆nutbustas
|player|p2|nutbustas|may-masters
