|j|☆Chunkomucho
|j|☆Trivia Room
|player|p1|Chunkomucho|erika|1443
|player|p2|Trivia Room|eusine|1365
|teamsize|p1|6
|teamsize|p2|6
|gametype|singles
|gen|8
|tier|[Gen 8] Ubers
|rated|
|clearpoke
|poke|p1|Eternatus|
|poke|p1|Hatterene, F|
|poke|p1|Toxapex, M|
|poke|p1|Corviknight, M|
|poke|p1|Quagsire, M|
|poke|p1|Tyranitar, M|
|poke|p2|Pelipper, M|
|poke|p2|Drednaw, M|
|poke|p2|Dracovish|
|poke|p2|Lunala|
|poke|p2|Necrozma-Dusk-Mane|
|poke|p2|Melmetal|
|rule|Sleep Clause Mod: Limit one foe put to sleep
|rule|Species Clause: Limit one of each Pokémon
|rule|OHKO Clause: OHKO moves are banned
|rule|Evasion Moves Clause: Evasion moves are banned
|rule|Endless Battle Clause: Forcing endless battles is banned
|rule|HP Percentage Mod: HP is shown in percentages
|html|Ubers Dynamax Clause: Pokémon on the <a href="https://www.smogon.com/dex/ss/formats/uber/">Ubers Dynamax Banlist</a> cannot Dynamax.
|teampreview
|inactive|Battle timer is ON: inactive players will automatically lose when time's up. (requested by Chunkomucho)
|
|start
|switch|p1a: Eternatus|Eternatus|100/100
|switch|p2a: Pelipper|Pelipper, M|100/100
|-ability|p1a: Eternatus|Pressure
|-weather|RainDance|[from] ability: Drizzle|[of] p2a: Pelipper
|turn|1
|
|move|p1a: Eternatus|Dynamax Cannon|p2a: Pelipper
|-damage|p2a: Pelipper|0 fnt
|-damage|p1a: Eternatus|91/100|[from] item: Life Orb
|faint|p2a: Pelipper
|
|-weather|RainDance|[upkeep]
|upkeep
|
|switch|p2a: Drednaw|Drednaw, M, shiny|100/100
|turn|2
|
|switch|p1a: Toxapex|Toxapex, M|100/100
|move|p2a: Drednaw|Earthquake|p1a: Toxapex
|-supereffective|p1a: Toxapex
|-damage|p1a: Toxapex|41/100
|
|-weather|RainDance|[upkeep]
|upkeep
|turn|3
|
|switch|p1a: Corviknight|Corviknight, M|100/100
|-ability|p1a: Corviknight|Pressure
|move|p2a: Drednaw|Earthquake|p1a: Corviknight
|-immune|p1a: Corviknight
|
|-weather|RainDance|[upkeep]
|upkeep
|turn|4
|
|switch|p1a: Toxapex|Toxapex, M|74/100
|-start|p2a: Drednaw|Dynamax
|-formechange|p2a: Drednaw|Drednaw-Gmax
|-heal|p2a: Drednaw|100/100|[silent]
|move|p2a: Drednaw|G-Max Stonesurge|p1a: Toxapex
|-resisted|p1a: Toxapex
|-damage|p1a: Toxapex|44/100
|-sidestart|p1: Chunkomucho|move: Stealth Rock
|
|-weather|RainDance|[upkeep]
|upkeep
|turn|5
|
|move|p2a: Drednaw|Max Quake|p1a: Toxapex
|-supereffective|p1a: Toxapex
|-damage|p1a: Toxapex|0 fnt
|-boost|p2a: Drednaw|spd|1
|faint|p1a: Toxapex
|
|-weather|RainDance|[upkeep]
|upkeep
|
|switch|p1a: Tyranitar|Tyranitar, M|100/100
|-damage|p1a: Tyranitar|88/100|[from] Stealth Rock
|-weather|Sandstorm|[from] ability: Sand Stream|[of] p1a: Tyranitar
|turn|6
|
|switch|p1a: Corviknight|Corviknight, M|100/100
|-damage|p1a: Corviknight|88/100|[from] Stealth Rock
|-ability|p1a: Corviknight|Pressure
|move|p2a: Drednaw|G-Max Stonesurge|p1a: Corviknight
|-damage|p1a: Corviknight|50/100
|
|-weather|Sandstorm|[upkeep]
|-end|p2a: Drednaw|Dynamax
|-formechange|p2a: Drednaw|Drednaw
|-heal|p2a: Drednaw|100/100|[silent]
|upkeep
|turn|7
|
|switch|p2a: Dracovish|Dracovish|100/100
|move|p1a: Corviknight|U-turn|p2a: Dracovish
|-damage|p2a: Dracovish|88/100
|
|switch|p1a: Eternatus|Eternatus|91/100|[from]move: U-turn
|-damage|p1a: Eternatus|78/100|[from] Stealth Rock
|-ability|p1a: Eternatus|Pressure
|
|-weather|Sandstorm|[upkeep]
|-damage|p1a: Eternatus|72/100|[from] Sandstorm
|-damage|p2a: Dracovish|82/100|[from] Sandstorm
|upkeep
|turn|8
|
|switch|p2a: Drednaw|Drednaw, M, shiny|100/100
|move|p1a: Eternatus|Dynamax Cannon|p2a: Drednaw
|-damage|p2a: Drednaw|26/100
|-damage|p1a: Eternatus|62/100|[from] item: Life Orb
|
|-weather|Sandstorm|[upkeep]
|-damage|p1a: Eternatus|56/100|[from] Sandstorm
|upkeep
|turn|9
|
|move|p1a: Eternatus|Dynamax Cannon|p2a: Drednaw
|-damage|p2a: Drednaw|0 fnt
|-damage|p1a: Eternatus|46/100|[from] item: Life Orb
|faint|p2a: Drednaw
|
|-weather|Sandstorm|[upkeep]
|-damage|p1a: Eternatus|40/100|[from] Sandstorm
|upkeep
|
|switch|p2a: Necrozma|Necrozma-Dusk-Mane|100/100
|turn|10
|
|switch|p1a: Corviknight|Corviknight, M|50/100
|-damage|p1a: Corviknight|37/100|[from] Stealth Rock
|-ability|p1a: Corviknight|Pressure
|move|p2a: Necrozma|Trick Room|p2a: Necrozma
|-fieldstart|move: Trick Room|[of] p2a: Necrozma
|
|-weather|none
|upkeep
|turn|11
|
|move|p1a: Corviknight|Roost|p1a: Corviknight
|-heal|p1a: Corviknight|87/100
|-singleturn|p1a: Corviknight|move: Roost
|move|p2a: Necrozma|Photon Geyser|p1a: Corviknight
|-resisted|p1a: Corviknight
|-damage|p1a: Corviknight|68/100
|
|upkeep
|turn|12
|
|switch|p2a: Melmetal|Melmetal|100/100
|move|p1a: Corviknight|U-turn|p2a: Melmetal
|-resisted|p2a: Melmetal
|-damage|p2a: Melmetal|97/100
|inactive|Chunkomucho has 120 seconds left.
|inactive|Chunkomucho has 90 seconds left.
|
|switch|p1a: Himiko|Hatterene, F, shiny|100/100|[from]move: U-turn
|-damage|p1a: Himiko|88/100|[from] Stealth Rock
|
|upkeep
|turn|13
|
|-start|p1a: Himiko|Dynamax
|-formechange|p1a: Himiko|Hatterene-Gmax
|-heal|p1a: Himiko|88/100|[silent]
|move|p1a: Himiko|Max Flare|p2a: Melmetal
|-supereffective|p2a: Melmetal
|-damage|p2a: Melmetal|0 fnt
|-weather|SunnyDay
|-damage|p1a: Himiko|83/100|[from] item: Life Orb
|faint|p2a: Melmetal
|
|-weather|SunnyDay|[upkeep]
|upkeep
|-message|Trivia Room forfeited.
|
|win|Chunkomucho
|l|☆Trivia Room
|raw|Chunkomucho's rating: 1443 &rarr; <strong>1459</strong><br />(+16 for winning)
|raw|Trivia Room's rating: 1366 &rarr; <strong>1350</strong><br />(-16 for losing)
