|j|☆Naieter
|j|☆hesicrosspull
|t:|1667282186
|gametype|singles
|player|p1|Naieter|skier|1251
|player|p2|hesicrosspull|ash-capbackward|1447
|teamsize|p1|6
|teamsize|p2|6
|gen|8
|tier|[Gen 8] Ubers
|rated|
|rule|Sleep Clause Mod: Limit one foe put to sleep
|rule|Species Clause: Limit one of each Pokémon
|rule|OHKO Clause: OHKO moves are banned
|rule|Evasion Items Clause: Evasion items are banned
|rule|Evasion Moves Clause: Evasion moves are banned
|rule|Endless Battle Clause: Forcing endless battles is banned
|rule|HP Percentage Mod: HP is shown in percentages
|rule|Dynamax Clause: You cannot dynamax
|clearpoke
|poke|p1|Calyrex-Shadow|
|poke|p1|Giratina-Origin|
|poke|p1|Lunala|
|poke|p1|Marshadow|
|poke|p1|Necrozma-Dawn-Wings|
|poke|p1|Drifblim, F|
|poke|p2|Kyogre|
|poke|p2|Necrozma-Dusk-Mane|
|poke|p2|Yveltal|
|poke|p2|Ho-Oh|
|poke|p2|Calyrex-Shadow|
|poke|p2|Xerneas-*|
|teampreview
|inactive|Battle timer is ON: inactive players will automatically lose when time's up. (requested by hesicrosspull)
|
|t:|1667282212
|start
|switch|p1a: Drifblim|Drifblim, F|100/100
|switch|p2a: Kyogre|Kyogre|100/100
|-weather|RainDance|[from] ability: Drizzle|[of] p2a: Kyogre
|turn|1
|
|t:|1667282225
|move|p1a: Drifblim|Tailwind|p1a: Drifblim
|-sidestart|p1: Naieter|move: Tailwind
|move|p2a: Kyogre|Water Spout|p1a: Drifblim
|-enditem|p1a: Drifblim|Focus Sash
|-damage|p1a: Drifblim|1/100
|
|-weather|RainDance|[upkeep]
|upkeep
|turn|2
|
|t:|1667282233
|move|p1a: Drifblim|Destiny Bond|p1a: Drifblim
|-singlemove|p1a: Drifblim|Destiny Bond
|move|p2a: Kyogre|Water Spout|p1a: Drifblim
|-damage|p1a: Drifblim|0 fnt
|faint|p1a: Drifblim
|-activate|p1a: Drifblim|move: Destiny Bond
|faint|p2a: Kyogre
|
|-weather|RainDance|[upkeep]
|upkeep
|
|t:|1667282246
|switch|p1a: Giratina|Giratina-Origin|100/100
|switch|p2a: Ho-Oh|Ho-Oh|100/100
|turn|3
|
|t:|1667282250
|move|p1a: Giratina|Poltergeist|p2a: Ho-Oh
|-activate|p2a: Ho-Oh|move: Poltergeist|Choice Band
|-damage|p2a: Ho-Oh|41/100
|move|p2a: Ho-Oh|Brave Bird|p1a: Giratina
|-damage|p1a: Giratina|31/100
|-damage|p2a: Ho-Oh|13/100|[from] Recoil
|
|-weather|RainDance|[upkeep]
|upkeep
|turn|4
|
|t:|1667282259
|move|p1a: Giratina|Hex|p2a: Ho-Oh
|-damage|p2a: Ho-Oh|0 fnt
|faint|p2a: Ho-Oh
|
|-weather|RainDance|[upkeep]
|-sideend|p1: Naieter|move: Tailwind
|upkeep
|
|t:|1667282267
|switch|p2a: Calyrex|Calyrex-Shadow|100/100
|-ability|p2a: Calyrex|As One
|-ability|p2a: Calyrex|Unnerve
|turn|5
|
|t:|1667282273
|move|p1a: Giratina|Shadow Sneak|p2a: Calyrex
|-supereffective|p2a: Calyrex
|-enditem|p2a: Calyrex|Focus Sash
|-damage|p2a: Calyrex|1/100
|move|p2a: Calyrex|Astral Barrage|p1a: Giratina
|-supereffective|p1a: Giratina
|-damage|p1a: Giratina|0 fnt
|faint|p1a: Giratina
|-ability|p2a: Calyrex|Grim Neigh|boost
|-boost|p2a: Calyrex|spa|1
|
|-weather|none
|upkeep
|
|t:|1667282284
|switch|p1a: Marshadow|Marshadow|100/100
|turn|6
|
|t:|1667282287
|move|p1a: Marshadow|Shadow Sneak|p2a: Calyrex
|-supereffective|p2a: Calyrex
|-damage|p2a: Calyrex|0 fnt
|faint|p2a: Calyrex
|
|upkeep
|
|t:|1667282291
|switch|p2a: Yveltal|Yveltal, shiny|100/100
|-ability|p2a: Yveltal|Dark Aura
|turn|7
|
|t:|1667282301
|switch|p1a: Lunala|Lunala|100/100
|move|p2a: Yveltal|Oblivion Wing|p1a: Lunala
|-crit|p1a: Lunala
|-damage|p1a: Lunala|78/100
|
|upkeep
|turn|8
|
|t:|1667282308
|move|p1a: Lunala|Roost|p1a: Lunala
|-heal|p1a: Lunala|100/100
|-singleturn|p1a: Lunala|move: Roost
|move|p2a: Yveltal|Dark Pulse|p1a: Lunala
|-supereffective|p1a: Lunala
|-damage|p1a: Lunala|13/100
|
|upkeep
|turn|9
|
|t:|1667282315
|move|p1a: Lunala|Night Daze|p2a: Yveltal
|-resisted|p2a: Yveltal
|-damage|p2a: Yveltal|86/100
|-unboost|p2a: Yveltal|accuracy|1
|move|p2a: Yveltal|Dark Pulse|p1a: Lunala|[miss]
|-miss|p2a: Yveltal|p1a: Lunala
|
|upkeep
|turn|10
|
|t:|1667282322
|move|p2a: Yveltal|Sucker Punch|p1a: Lunala
|-supereffective|p1a: Lunala
|-damage|p1a: Lunala|0 fnt
|faint|p1a: Lunala
|
|upkeep
|
|t:|1667282327
|switch|p1a: Marshadow|Marshadow|100/100
|turn|11
|
|t:|1667282330
|move|p1a: Marshadow|Stone Edge|p2a: Yveltal|[miss]
|-miss|p1a: Marshadow|p2a: Yveltal
|move|p2a: Yveltal|Oblivion Wing|p1a: Marshadow
|-supereffective|p1a: Marshadow
|-damage|p1a: Marshadow|0 fnt
|-heal|p2a: Yveltal|100/100|[from] drain|[of] p1a: Marshadow
|faint|p1a: Marshadow
|
|upkeep
|
|t:|1667282338
|switch|p1a: Calyrex|Calyrex-Shadow|100/100
|-ability|p1a: Calyrex|As One
|-ability|p1a: Calyrex|Unnerve
|turn|12
|
|t:|1667282343
|move|p2a: Yveltal|Sucker Punch|p1a: Calyrex
|-supereffective|p1a: Calyrex
|-enditem|p1a: Calyrex|Focus Sash
|-damage|p1a: Calyrex|1/100
|move|p1a: Calyrex|Draining Kiss|p2a: Yveltal
|-supereffective|p2a: Yveltal
|-damage|p2a: Yveltal|71/100
|-heal|p1a: Calyrex|31/100|[from] drain|[of] p2a: Yveltal
|
|upkeep
|turn|13
|
|t:|1667282352
|move|p2a: Yveltal|Sucker Punch||[still]
|-fail|p2a: Yveltal
|move|p1a: Calyrex|Nasty Plot|p1a: Calyrex
|-boost|p1a: Calyrex|spa|2
|
|upkeep
|turn|14
|
|t:|1667282358
|move|p2a: Yveltal|Sucker Punch||[still]
|-fail|p2a: Yveltal
|move|p1a: Calyrex|Nasty Plot|p1a: Calyrex
|-boost|p1a: Calyrex|spa|2
|
|upkeep
|turn|15
|
|t:|1667282363
|move|p1a: Calyrex|Draining Kiss|p2a: Yveltal
|-supereffective|p2a: Yveltal
|-damage|p2a: Yveltal|0 fnt
|-heal|p1a: Calyrex|100/100|[from] drain|[of] p2a: Yveltal
|faint|p2a: Yveltal
|-ability|p1a: Calyrex|Grim Neigh|boost
|-boost|p1a: Calyrex|spa|1
|
|upkeep
|
|t:|1667282371
|switch|p2a: Xerneas|Xerneas, shiny|100/100
|-ability|p2a: Xerneas|Fairy Aura
|turn|16
|
|t:|1667282377
|move|p1a: Calyrex|Astral Barrage|p2a: Xerneas
|-damage|p2a: Xerneas|0 fnt
|faint|p2a: Xerneas
|-ability|p1a: Calyrex|Grim Neigh|boost
|-boost|p1a: Calyrex|spa|1
|
|upkeep
|-message|hesicrosspull forfeited.
|
|win|Naieter
|raw|Naieter's rating: 1251 &rarr; <strong>1289</strong><br />(+38 for winning)
|raw|hesicrosspull's rating: 1447 &rarr; <strong>1417</strong><br />(-30 for losing)
|l|☆hesicrosspull
