|j|☆Chrollo#7303
|j|☆Rell27
|t:|1621052032
|gametype|singles
|player|p1|Chrollo#7303|veteran|1302
|player|p2|Rell27|265|1401
|teamsize|p1|6
|teamsize|p2|6
|gen|8
|tier|[Gen 8] Ubers
|rated|
|rule|Sleep Clause Mod: Limit one foe put to sleep
|rule|Species Clause: Limit one of each Pokémon
|rule|OHKO Clause: OHKO moves are banned
|rule|Evasion Moves Clause: Evasion moves are banned
|rule|Endless Battle Clause: Forcing endless battles is banned
|rule|HP Percentage Mod: HP is shown in percentages
|rule|Dynamax Clause: You cannot dynamax
|clearpoke
|poke|p1|Ho-Oh|
|poke|p1|Chansey, F|
|poke|p1|Zygarde|
|poke|p1|Yveltal|
|poke|p1|Necrozma-Dusk-Mane|
|poke|p1|Eternatus|
|poke|p2|Necrozma-Dusk-Mane|
|poke|p2|Eternatus|
|poke|p2|Calyrex-Shadow|
|poke|p2|Yveltal|
|poke|p2|Xerneas-*|
|poke|p2|Ho-Oh|
|teampreview
|
|t:|1621052040
|start
|switch|p1a: DIO|Ho-Oh|100/100
|switch|p2a: Eternatus|Eternatus|100/100
|-ability|p2a: Eternatus|Pressure
|turn|1
|inactive|Battle timer is ON: inactive players will automatically lose when time's up. (requested by Chrollo#7303)
|
|t:|1621052071
|switch|p2a: Ho-Oh|Ho-Oh|100/100
|switch|p1a: Yeetus Foetus|Chansey, F|100/100
|
|upkeep
|turn|2
|
|t:|1621052086
|switch|p1a: Odin|Zygarde|100/100
|move|p2a: Ho-Oh|Sacred Fire|p1a: Odin
|-resisted|p1a: Odin
|-damage|p1a: Odin|87/100
|
|-heal|p1a: Odin|93/100|[from] item: Leftovers
|upkeep
|turn|3
|
|t:|1621052101
|move|p2a: Ho-Oh|Sacred Fire|p1a: Odin
|-resisted|p1a: Odin
|-damage|p1a: Odin|80/100
|move|p1a: Odin|Coil|p1a: Odin
|-boost|p1a: Odin|atk|1
|-boost|p1a: Odin|def|1
|-boost|p1a: Odin|accuracy|1
|
|-heal|p1a: Odin|86/100|[from] item: Leftovers
|upkeep
|turn|4
|
|t:|1621052112
|switch|p2a: Xerneas|Xerneas|100/100
|-ability|p2a: Xerneas|Fairy Aura
|move|p1a: Odin|Coil|p1a: Odin
|-boost|p1a: Odin|atk|1
|-boost|p1a: Odin|def|1
|-boost|p1a: Odin|accuracy|1
|
|-heal|p1a: Odin|92/100|[from] item: Leftovers
|upkeep
|turn|5
|
|t:|1621052124
|switch|p2a: Yveltal|Yveltal|100/100
|-ability|p2a: Yveltal|Dark Aura
|move|p1a: Odin|Thousand Waves|p2a: Yveltal
|-immune|p2a: Yveltal
|
|-heal|p1a: Odin|99/100|[from] item: Leftovers
|upkeep
|turn|6
|
|t:|1621052135
|switch|p2a: Xerneas|Xerneas|100/100
|-ability|p2a: Xerneas|Fairy Aura
|move|p1a: Odin|Stone Edge|p2a: Xerneas
|-damage|p2a: Xerneas|69/100
|
|-heal|p1a: Odin|100/100|[from] item: Leftovers
|upkeep
|turn|7
|
|t:|1621052145
|switch|p1a: DIO|Ho-Oh|100/100
|move|p2a: Xerneas|Moonblast|p1a: DIO
|-resisted|p1a: DIO
|-damage|p1a: DIO|81/100
|-unboost|p1a: DIO|spa|1
|
|upkeep
|turn|8
|
|t:|1621052152
|switch|p2a: Ho-Oh|Ho-Oh|100/100
|move|p1a: DIO|Sacred Fire|p2a: Ho-Oh
|-resisted|p2a: Ho-Oh
|-damage|p2a: Ho-Oh|80/100
|
|upkeep
|turn|9
|
|t:|1621052164
|switch|p1a: Galactus|Eternatus|100/100
|-ability|p1a: Galactus|Pressure
|move|p2a: Ho-Oh|Brave Bird|p1a: Galactus
|-damage|p1a: Galactus|57/100
|-damage|p2a: Ho-Oh|62/100|[from] Recoil
|
|-heal|p1a: Galactus|63/100|[from] item: Black Sludge
|upkeep
|turn|10
|
|t:|1621052175
|move|p1a: Galactus|Recover|p1a: Galactus
|-heal|p1a: Galactus|100/100
|move|p2a: Ho-Oh|Thunder Wave|p1a: Galactus
|-status|p1a: Galactus|par
|
|upkeep
|turn|11
|
|t:|1621052185
|switch|p2a: Necrozma|Necrozma-Dusk-Mane|100/100
|move|p1a: Galactus|Meteor Beam||[still]
|-prepare|p1a: Galactus|Meteor Beam
|-boost|p1a: Galactus|spa|1
|
|upkeep
|turn|12
|
|t:|1621052192
|move|p2a: Necrozma|Photon Geyser|p1a: Galactus
|-supereffective|p1a: Galactus
|-crit|p1a: Galactus
|-damage|p1a: Galactus|0 fnt
|faint|p1a: Galactus
|
|upkeep
|
|t:|1621052200
|switch|p1a: Odin|Zygarde|100/100
|turn|13
|
|t:|1621052204
|switch|p2a: Xerneas|Xerneas|69/100
|-ability|p2a: Xerneas|Fairy Aura
|move|p1a: Odin|Thousand Waves|p2a: Xerneas
|-damage|p2a: Xerneas|45/100
|-activate|p2a: Xerneas|trapped
|
|upkeep
|turn|14
|
|t:|1621052215
|switch|p1a: Yeetus Foetus|Chansey, F|100/100
|move|p2a: Xerneas|Moonblast|p1a: Yeetus Foetus
|-damage|p1a: Yeetus Foetus|85/100
|
|upkeep
|turn|15
|
|t:|1621052237
|switch|p2a: Yveltal|Yveltal|100/100
|-ability|p2a: Yveltal|Dark Aura
|move|p1a: Yeetus Foetus|Stealth Rock|p2a: Yveltal
|-sidestart|p2: Rell27|move: Stealth Rock
|
|upkeep
|turn|16
|
|t:|1621052247
|switch|p1a: Diablo|Yveltal|100/100
|-ability|p1a: Diablo|Dark Aura
|move|p2a: Yveltal|Knock Off|p1a: Diablo
|-resisted|p1a: Diablo
|-damage|p1a: Diablo|75/100
|-enditem|p1a: Diablo|Leftovers|[from] move: Knock Off|[of] p2a: Yveltal
|-damage|p2a: Yveltal|91/100|[from] item: Life Orb
|
|upkeep
|turn|17
|inactive|Rell27 has 120 seconds left.
|
|t:|1621052285
|move|p2a: Yveltal|Oblivion Wing|p1a: Diablo
|-damage|p1a: Diablo|44/100
|-heal|p2a: Yveltal|100/100|[from] drain|[of] p1a: Diablo
|-damage|p2a: Yveltal|91/100|[from] item: Life Orb
|move|p1a: Diablo|Toxic|p2a: Yveltal
|-status|p2a: Yveltal|tox
|
|-damage|p2a: Yveltal|85/100 tox|[from] psn
|upkeep
|turn|18
|inactive|Rell27 has 120 seconds left.
|
|t:|1621052300
|switch|p2a: Eternatus|Eternatus|100/100
|-damage|p2a: Eternatus|88/100|[from] Stealth Rock
|-ability|p2a: Eternatus|Pressure
|move|p1a: Diablo|Roost|p1a: Diablo
|-heal|p1a: Diablo|94/100
|-singleturn|p1a: Diablo|move: Roost
|
|upkeep
|turn|19
|
|t:|1621052310
|move|p2a: Eternatus|Sludge Bomb|p1a: Diablo
|-damage|p1a: Diablo|39/100
|-status|p1a: Diablo|psn
|-damage|p2a: Eternatus|78/100|[from] item: Life Orb
|move|p1a: Diablo|Knock Off|p2a: Eternatus
|-damage|p2a: Eternatus|37/100
|-enditem|p2a: Eternatus|Life Orb|[from] move: Knock Off|[of] p1a: Diablo
|
|-damage|p1a: Diablo|27/100 psn|[from] psn
|upkeep
|turn|20
|
|t:|1621052325
|switch|p1a: Yeetus Foetus|Chansey, F|85/100
|move|p2a: Eternatus|Dynamax Cannon|p1a: Yeetus Foetus
|-damage|p1a: Yeetus Foetus|70/100
|
|upkeep
|turn|21
|
|t:|1621052333
|move|p2a: Eternatus|Recover|p2a: Eternatus
|-heal|p2a: Eternatus|87/100
|move|p1a: Yeetus Foetus|Soft-Boiled|p1a: Yeetus Foetus
|-heal|p1a: Yeetus Foetus|100/100
|
|upkeep
|turn|22
|
|t:|1621052341
|switch|p2a: Xerneas|Xerneas|45/100
|-damage|p2a: Xerneas|33/100|[from] Stealth Rock
|-ability|p2a: Xerneas|Fairy Aura
|move|p1a: Yeetus Foetus|Heal Bell|p1a: Yeetus Foetus
|-activate|p1a: Yeetus Foetus|move: Heal Bell
|-curestatus|p1: Diablo|psn|[msg]
|
|upkeep
|turn|23
|
|t:|1621052350
|move|p2a: Xerneas|Aromatherapy|p2a: Xerneas
|-activate|p2a: Xerneas|move: Aromatherapy
|-curestatus|p2: Yveltal|tox|[msg]
|move|p1a: Yeetus Foetus|Seismic Toss|p2a: Xerneas
|-damage|p2a: Xerneas|10/100
|
|upkeep
|turn|24
|
|t:|1621052359
|move|p2a: Xerneas|Defog|p1a: Yeetus Foetus
|-unboost|p1a: Yeetus Foetus|evasion|1
|-sideend|p2: Rell27|Stealth Rock|[from] move: Defog|[of] p2a: Xerneas
|move|p1a: Yeetus Foetus|Seismic Toss|p2a: Xerneas
|-damage|p2a: Xerneas|0 fnt
|faint|p2a: Xerneas
|
|upkeep
|
|t:|1621052367
|switch|p2a: Yveltal|Yveltal|85/100
|-ability|p2a: Yveltal|Dark Aura
|turn|25
|
|t:|1621052376
|switch|p1a: DIO|Ho-Oh|100/100
|move|p2a: Yveltal|Knock Off|p1a: DIO
|-damage|p1a: DIO|38/100
|-enditem|p1a: DIO|Heavy-Duty Boots|[from] move: Knock Off|[of] p2a: Yveltal
|-damage|p2a: Yveltal|75/100|[from] item: Life Orb
|
|upkeep
|turn|26
|
|t:|1621052398
|switch|p1a: Diablo|Yveltal|27/100
|-ability|p1a: Diablo|Dark Aura
|move|p2a: Yveltal|Knock Off|p1a: Diablo
|-resisted|p1a: Diablo
|-damage|p1a: Diablo|9/100
|-damage|p2a: Yveltal|65/100|[from] item: Life Orb
|
|upkeep
|turn|27
|
|t:|1621052412
|switch|p2a: Eternatus|Eternatus|87/100
|-ability|p2a: Eternatus|Pressure
|switch|p1a: Odin|Zygarde|100/100
|
|upkeep
|turn|28
|
|t:|1621052433
|move|p2a: Eternatus|Dynamax Cannon|p1a: Odin
|-supereffective|p1a: Odin
|-damage|p1a: Odin|0 fnt
|faint|p1a: Odin
|
|upkeep
|-message|Chrollo#7303 forfeited.
|
|win|Rell27
|raw|Chrollo#7303's rating: 1302 &rarr; <strong>1288</strong><br />(-14 for losing)
|raw|Rell27's rating: 1401 &rarr; <strong>1415</strong><br />(+14 for winning)
|l|☆Chrollo#7303
