|j|☆ult8rq qian
|j|☆ULT8RQ fardin
|t:|1620953533
|gametype|singles
|player|p1|ult8rq qian|265|1693
|player|p2|ULT8RQ fardin|265|1799
|teamsize|p1|6
|teamsize|p2|6
|gen|8
|tier|[Gen 8] Ubers
|rated|
|rule|Sleep Clause Mod: Limit one foe put to sleep
|rule|Species Clause: Limit one of each Pokémon
|rule|OHKO Clause: OHKO moves are banned
|rule|Evasion Moves Clause: Evasion moves are banned
|rule|Endless Battle Clause: Forcing endless battles is banned
|rule|HP Percentage Mod: HP is shown in percentages
|rule|Dynamax Clause: You cannot dynamax
|clearpoke
|poke|p1|Ho-Oh|
|poke|p1|Yveltal|
|poke|p1|Palkia|
|poke|p1|Necrozma-Dusk-Mane|
|poke|p1|Zacian-*|
|poke|p1|Lunala|
|poke|p2|Giratina|
|poke|p2|Toxapex, M|
|poke|p2|Eternatus|
|poke|p2|Tangrowth, F|
|poke|p2|Tyranitar, F|
|poke|p2|Blissey, F|
|teampreview
|j| plat27
|j|+Zayele ❤
|j| CORVERE
|inactive|Battle timer is ON: inactive players will automatically lose when time's up. (requested by ULT8RQ fardin)
|
|t:|1620953550
|start
|switch|p1a: Necrozma|Necrozma-Dusk-Mane|100/100
|switch|p2a: Toxapex|Toxapex, M|100/100
|turn|1
|
|t:|1620953555
|switch|p1a: Ho-Oh|Ho-Oh|100/100
|move|p2a: Toxapex|Block|p1a: Ho-Oh
|-activate|p1a: Ho-Oh|trapped
|
|upkeep
|turn|2
|j| ULT8RQ bilelfam
|j|+Aberforth
|
|t:|1620953560
|move|p1a: Ho-Oh|Earthquake|p2a: Toxapex
|-supereffective|p2a: Toxapex
|-damage|p2a: Toxapex|8/100
|move|p2a: Toxapex|Knock Off|p1a: Ho-Oh
|-damage|p1a: Ho-Oh|88/100
|-enditem|p1a: Ho-Oh|Choice Band|[from] move: Knock Off|[of] p2a: Toxapex
|
|upkeep
|turn|3
|j| TrueNora
|
|t:|1620953569
|switch|p2a: Giratina|Giratina|100/100
|-ability|p2a: Giratina|Pressure
|move|p1a: Ho-Oh|Sacred Fire|p2a: Giratina
|-resisted|p2a: Giratina
|-damage|p2a: Giratina|89/100
|
|-heal|p2a: Giratina|95/100|[from] item: Leftovers
|upkeep
|turn|4
|
|t:|1620953578
|move|p2a: Giratina|Toxic|p1a: Ho-Oh|[miss]
|-miss|p2a: Giratina|p1a: Ho-Oh
|move|p1a: Ho-Oh|Brave Bird|p2a: Giratina
|-damage|p2a: Giratina|64/100
|-damage|p1a: Ho-Oh|76/100|[from] Recoil
|
|-heal|p2a: Giratina|70/100|[from] item: Leftovers
|upkeep
|turn|5
|j| Charuru
|
|t:|1620953587
|move|p2a: Giratina|Toxic|p1a: Ho-Oh
|-status|p1a: Ho-Oh|tox
|move|p1a: Ho-Oh|Brave Bird|p2a: Giratina
|-damage|p2a: Giratina|42/100
|-damage|p1a: Ho-Oh|64/100 tox|[from] Recoil
|
|-heal|p2a: Giratina|48/100|[from] item: Leftovers
|-damage|p1a: Ho-Oh|58/100 tox|[from] psn
|upkeep
|turn|6
|
|t:|1620953595
|switch|p1a: Zacian|Zacian|100/100
|-ability|p1a: Zacian|Intrepid Sword|boost
|-boost|p1a: Zacian|atk|1
|move|p2a: Giratina|Toxic|p1a: Zacian
|-status|p1a: Zacian|tox
|
|-heal|p2a: Giratina|54/100|[from] item: Leftovers
|-damage|p1a: Zacian|94/100 tox|[from] psn
|upkeep
|turn|7
|
|t:|1620953600
|switch|p2a: Tangrowth|Tangrowth, F|100/100
|move|p1a: Zacian|Play Rough|p2a: Tangrowth
|-damage|p2a: Tangrowth|40/100
|-damage|p1a: Zacian|78/100 tox|[from] item: Rocky Helmet|[of] p2a: Tangrowth
|
|-damage|p1a: Zacian|65/100 tox|[from] psn
|upkeep
|turn|8
|
|t:|1620953608
|switch|p2a: Toxapex|Toxapex, M|42/100
|move|p1a: Zacian|Play Rough|p2a: Toxapex
|-resisted|p2a: Toxapex
|-damage|p2a: Toxapex|1/100
|-damage|p1a: Zacian|49/100 tox|[from] item: Rocky Helmet|[of] p2a: Toxapex
|
|-damage|p1a: Zacian|30/100 tox|[from] psn
|upkeep
|turn|9
|j| ULT8RQ Lund
|
|t:|1620953621
|move|p1a: Zacian|Play Rough|p2a: Toxapex
|-resisted|p2a: Toxapex
|-damage|p2a: Toxapex|0 fnt
|-damage|p1a: Zacian|14/100 tox|[from] item: Rocky Helmet|[of] p2a: Toxapex
|faint|p2a: Toxapex
|
|-damage|p1a: Zacian|0 fnt|[from] psn
|faint|p1a: Zacian
|upkeep
|
|t:|1620953625
|switch|p1a: Ho-Oh|Ho-Oh|92/100 tox
|switch|p2a: Tangrowth|Tangrowth, F|73/100
|turn|10
|
|t:|1620953635
|switch|p2a: Giratina|Giratina|54/100
|-ability|p2a: Giratina|Pressure
|move|p1a: Ho-Oh|Sacred Fire|p2a: Giratina
|-resisted|p2a: Giratina
|-damage|p2a: Giratina|43/100
|-status|p2a: Giratina|brn
|
|-heal|p2a: Giratina|49/100 brn|[from] item: Leftovers
|-damage|p2a: Giratina|43/100 brn|[from] brn
|-damage|p1a: Ho-Oh|86/100 tox|[from] psn
|upkeep
|turn|11
|
|t:|1620953641
|switch|p1a: Necrozma|Necrozma-Dusk-Mane|100/100
|move|p2a: Giratina|Rest|p2a: Giratina
|-status|p2a: Giratina|slp|[from] move: Rest
|-heal|p2a: Giratina|100/100 slp|[silent]
|
|upkeep
|turn|12
|
|t:|1620953643
|switch|p2a: Tangrowth|Tangrowth, F|100/100
|move|p1a: Necrozma|Stealth Rock|p2a: Tangrowth
|-sidestart|p2: ULT8RQ fardin|move: Stealth Rock
|
|upkeep
|turn|13
|
|t:|1620953648
|switch|p1a: Ho-Oh|Ho-Oh|100/100 tox
|move|p2a: Tangrowth|Leech Seed|p1a: Ho-Oh
|-start|p1a: Ho-Oh|move: Leech Seed
|
|-damage|p1a: Ho-Oh|88/100 tox|[from] Leech Seed|[of] p2a: Tangrowth
|-damage|p1a: Ho-Oh|82/100 tox|[from] psn
|upkeep
|turn|14
|
|t:|1620953654
|switch|p1a: Palkia|Palkia|100/100
|-ability|p1a: Palkia|Pressure
|switch|p2a: Giratina|Giratina|100/100 slp
|-damage|p2a: Giratina|88/100 slp|[from] Stealth Rock
|-ability|p2a: Giratina|Pressure
|
|-heal|p2a: Giratina|94/100 slp|[from] item: Leftovers
|upkeep
|turn|15
|
|t:|1620953659
|switch|p1a: Necrozma|Necrozma-Dusk-Mane|100/100
|switch|p2a: Blissey|Blissey, F|100/100
|
|upkeep
|turn|16
|j| Magician Frm Riga
|
|t:|1620953663
|switch|p2a: Tangrowth|Tangrowth, F|100/100
|-damage|p2a: Tangrowth|88/100|[from] Stealth Rock
|move|p1a: Necrozma|Knock Off|p2a: Tangrowth
|-damage|p2a: Tangrowth|70/100
|-damage|p1a: Necrozma|84/100|[from] item: Rocky Helmet|[of] p2a: Tangrowth
|-enditem|p2a: Tangrowth|Rocky Helmet|[from] move: Knock Off|[of] p1a: Necrozma
|
|upkeep
|turn|17
|
|t:|1620953666
|switch|p1a: Ho-Oh|Ho-Oh|100/100 tox
|move|p2a: Tangrowth|Leech Seed|p1a: Ho-Oh
|-start|p1a: Ho-Oh|move: Leech Seed
|
|-damage|p1a: Ho-Oh|88/100 tox|[from] Leech Seed|[of] p2a: Tangrowth
|-heal|p2a: Tangrowth|83/100|[silent]
|-damage|p1a: Ho-Oh|82/100 tox|[from] psn
|upkeep
|turn|18
|
|t:|1620953670
|switch|p1a: Palkia|Palkia|100/100
|-ability|p1a: Palkia|Pressure
|switch|p2a: Giratina|Giratina|94/100 slp
|-damage|p2a: Giratina|82/100 slp|[from] Stealth Rock
|-ability|p2a: Giratina|Pressure
|
|-heal|p2a: Giratina|88/100 slp|[from] item: Leftovers
|upkeep
|turn|19
|
|t:|1620953673
|switch|p1a: Ho-Oh|Ho-Oh|100/100 tox
|switch|p2a: Blissey|Blissey, F|100/100
|
|-damage|p1a: Ho-Oh|94/100 tox|[from] psn
|upkeep
|turn|20
|
|t:|1620953678
|switch|p2a: Giratina|Giratina|88/100 slp
|-damage|p2a: Giratina|76/100 slp|[from] Stealth Rock
|-ability|p2a: Giratina|Pressure
|move|p1a: Ho-Oh|Brave Bird|p2a: Giratina
|-damage|p2a: Giratina|46/100 slp
|-damage|p1a: Ho-Oh|83/100 tox|[from] Recoil
|
|-heal|p2a: Giratina|53/100 slp|[from] item: Leftovers
|-damage|p1a: Ho-Oh|71/100 tox|[from] psn
|upkeep
|turn|21
|
|t:|1620953681
|switch|p1a: Palkia|Palkia|100/100
|-ability|p1a: Palkia|Pressure
|cant|p2a: Giratina|slp
|
|-heal|p2a: Giratina|59/100 slp|[from] item: Leftovers
|upkeep
|turn|22
|
|t:|1620953684
|switch|p1a: Ho-Oh|Ho-Oh|100/100 tox
|switch|p2a: Blissey|Blissey, F|100/100
|
|-damage|p1a: Ho-Oh|94/100 tox|[from] psn
|upkeep
|turn|23
|
|t:|1620953687
|switch|p2a: Eternatus|Eternatus|100/100
|-ability|p2a: Eternatus|Pressure
|move|p1a: Ho-Oh|Brave Bird|p2a: Eternatus
|-damage|p2a: Eternatus|51/100
|-damage|p1a: Ho-Oh|75/100 tox|[from] Recoil
|
|-damage|p1a: Ho-Oh|63/100 tox|[from] psn
|upkeep
|turn|24
|
|t:|1620953693
|move|p2a: Eternatus|Recover|p2a: Eternatus
|-heal|p2a: Eternatus|100/100
|move|p1a: Ho-Oh|Earthquake|p2a: Eternatus
|-supereffective|p2a: Eternatus
|-damage|p2a: Eternatus|51/100
|
|-damage|p1a: Ho-Oh|45/100 tox|[from] psn
|upkeep
|turn|25
|
|t:|1620953698
|switch|p1a: Lunala|Lunala|100/100
|move|p2a: Eternatus|Recover|p2a: Eternatus
|-heal|p2a: Eternatus|100/100
|
|upkeep
|turn|26
|
|t:|1620953701
|switch|p1a: Ho-Oh|Ho-Oh|79/100 tox
|move|p2a: Eternatus|Toxic|p1a: Ho-Oh
|-fail|p1a: Ho-Oh|tox
|
|-damage|p1a: Ho-Oh|73/100 tox|[from] psn
|upkeep
|turn|27
|
|t:|1620953706
|switch|p1a: Necrozma|Necrozma-Dusk-Mane|84/100
|move|p2a: Eternatus|Sludge Bomb|p1a: Necrozma
|-immune|p1a: Necrozma
|
|upkeep
|turn|28
|l| Magician Frm Riga
|
|t:|1620953711
|switch|p2a: Tangrowth|Tangrowth, F|100/100
|-damage|p2a: Tangrowth|88/100|[from] Stealth Rock
|switch|p1a: Ho-Oh|Ho-Oh|100/100 tox
|
|-damage|p1a: Ho-Oh|94/100 tox|[from] psn
|upkeep
|turn|29
|
|t:|1620953720
|move|p1a: Ho-Oh|Sacred Fire|p2a: Tangrowth
|-supereffective|p2a: Tangrowth
|-damage|p2a: Tangrowth|31/100
|-status|p2a: Tangrowth|brn
|move|p2a: Tangrowth|Leech Seed|p1a: Ho-Oh
|-start|p1a: Ho-Oh|move: Leech Seed
|
|-damage|p1a: Ho-Oh|82/100 tox|[from] Leech Seed|[of] p2a: Tangrowth
|-heal|p2a: Tangrowth|44/100 brn|[silent]
|-damage|p1a: Ho-Oh|70/100 tox|[from] psn
|-damage|p2a: Tangrowth|38/100 brn|[from] brn
|upkeep
|turn|30
|
|t:|1620953728
|switch|p1a: Palkia|Palkia|100/100
|-ability|p1a: Palkia|Pressure
|switch|p2a: Tyranitar|Tyranitar, F|100/100
|-weather|Sandstorm|[from] ability: Sand Stream|[of] p2a: Tyranitar
|
|-weather|Sandstorm|[upkeep]
|-damage|p1a: Palkia|94/100|[from] Sandstorm
|upkeep
|turn|31
|
|t:|1620953731
|move|p1a: Palkia|Hydro Pump|p2a: Tyranitar
|-supereffective|p2a: Tyranitar
|-damage|p2a: Tyranitar|39/100
|move|p2a: Tyranitar|Stealth Rock|p1a: Palkia
|-sidestart|p1: ult8rq qian|move: Stealth Rock
|
|-weather|Sandstorm|[upkeep]
|-damage|p1a: Palkia|88/100|[from] Sandstorm
|upkeep
|turn|32
|
|t:|1620953735
|switch|p1a: Necrozma|Necrozma-Dusk-Mane|84/100
|-damage|p1a: Necrozma|78/100|[from] Stealth Rock
|switch|p2a: Blissey|Blissey, F|100/100
|
|-weather|Sandstorm|[upkeep]
|-damage|p2a: Blissey|94/100|[from] Sandstorm
|upkeep
|turn|33
|
|t:|1620953740
|switch|p2a: Tangrowth|Tangrowth, F|71/100 brn
|-damage|p2a: Tangrowth|59/100 brn|[from] Stealth Rock
|move|p1a: Necrozma|Sunsteel Strike|p2a: Tangrowth
|-damage|p2a: Tangrowth|29/100 brn
|
|-weather|Sandstorm|[upkeep]
|-damage|p2a: Tangrowth|23/100 brn|[from] Sandstorm
|-damage|p2a: Tangrowth|17/100 brn|[from] brn
|upkeep
|turn|34
|
|t:|1620953745
|switch|p2a: Eternatus|Eternatus|100/100
|-ability|p2a: Eternatus|Pressure
|move|p1a: Necrozma|Sunsteel Strike|p2a: Eternatus
|-damage|p2a: Eternatus|66/100
|
|-weather|none
|upkeep
|turn|35
|
|t:|1620953753
|switch|p2a: Tangrowth|Tangrowth, F|50/100 brn
|-damage|p2a: Tangrowth|38/100 brn|[from] Stealth Rock
|move|p1a: Necrozma|Knock Off|p2a: Tangrowth
|-damage|p2a: Tangrowth|27/100 brn
|
|-damage|p2a: Tangrowth|20/100 brn|[from] brn
|upkeep
|turn|36
|
|t:|1620953759
|switch|p2a: Eternatus|Eternatus|66/100
|-ability|p2a: Eternatus|Pressure
|move|p1a: Necrozma|Sunsteel Strike|p2a: Eternatus
|-damage|p2a: Eternatus|30/100
|
|upkeep
|turn|37
|
|t:|1620953763
|move|p2a: Eternatus|Recover|p2a: Eternatus
|-heal|p2a: Eternatus|80/100
|move|p1a: Necrozma|Knock Off|p2a: Eternatus
|-damage|p2a: Eternatus|57/100
|-enditem|p2a: Eternatus|Heavy-Duty Boots|[from] move: Knock Off|[of] p1a: Necrozma
|
|upkeep
|turn|38
|
|t:|1620953769
|switch|p1a: Palkia|Palkia|88/100
|-damage|p1a: Palkia|76/100|[from] Stealth Rock
|-ability|p1a: Palkia|Pressure
|move|p2a: Eternatus|Recover|p2a: Eternatus
|-heal|p2a: Eternatus|100/100
|
|upkeep
|turn|39
|
|t:|1620953773
|switch|p2a: Blissey|Blissey, F|94/100
|move|p1a: Palkia|Spacial Rend|p2a: Blissey
|-damage|p2a: Blissey|72/100
|
|upkeep
|turn|40
|
|t:|1620953780
|switch|p1a: Necrozma|Necrozma-Dusk-Mane|78/100
|-damage|p1a: Necrozma|72/100|[from] Stealth Rock
|move|p2a: Blissey|Heal Bell|p2a: Blissey
|-activate|p2a: Blissey|move: Heal Bell
|-curestatus|p2: Giratina|slp|[msg]
|-curestatus|p2: Tangrowth|brn|[msg]
|
|upkeep
|turn|41
|j| Basedburner
|
|t:|1620953787
|switch|p2a: Tangrowth|Tangrowth, F|54/100
|-damage|p2a: Tangrowth|41/100|[from] Stealth Rock
|move|p1a: Necrozma|Sunsteel Strike|p2a: Tangrowth
|-damage|p2a: Tangrowth|14/100
|
|upkeep
|turn|42
|l| ULT8RQ Lund
|
|t:|1620953794
|switch|p2a: Eternatus|Eternatus|100/100
|-damage|p2a: Eternatus|88/100|[from] Stealth Rock
|-ability|p2a: Eternatus|Pressure
|move|p1a: Necrozma|Sunsteel Strike|p2a: Eternatus
|-damage|p2a: Eternatus|50/100
|
|upkeep
|turn|43
|
|t:|1620953801
|switch|p1a: Lunala|Lunala|100/100
|move|p2a: Eternatus|Recover|p2a: Eternatus
|-heal|p2a: Eternatus|99/100
|
|upkeep
|turn|44
|j| Based JT Yao
|
|t:|1620953806
|move|p2a: Eternatus|Toxic|p1a: Lunala
|-status|p1a: Lunala|tox
|move|p1a: Lunala|Ice Beam|p2a: Eternatus
|-supereffective|p2a: Eternatus
|-damage|p2a: Eternatus|70/100
|
|-damage|p1a: Lunala|94/100 tox|[from] psn
|upkeep
|turn|45
|
|t:|1620953809
|move|p2a: Eternatus|Shadow Ball|p1a: Lunala
|-supereffective|p1a: Lunala
|-damage|p1a: Lunala|31/100 tox
|move|p1a: Lunala|Will-O-Wisp|p2a: Eternatus
|-status|p2a: Eternatus|brn
|
|-damage|p2a: Eternatus|64/100 brn|[from] brn
|-damage|p1a: Lunala|19/100 tox|[from] psn
|upkeep
|turn|46
|
|t:|1620953815
|switch|p1a: Necrozma|Necrozma-Dusk-Mane|72/100
|-damage|p1a: Necrozma|66/100|[from] Stealth Rock
|move|p2a: Eternatus|Recover|p2a: Eternatus
|-heal|p2a: Eternatus|100/100 brn
|
|-damage|p2a: Eternatus|94/100 brn|[from] brn
|upkeep
|turn|47
|
|t:|1620953824
|move|p2a: Eternatus|Shadow Ball|p1a: Necrozma
|-supereffective|p1a: Necrozma
|-damage|p1a: Necrozma|44/100
|-unboost|p1a: Necrozma|spd|1
|move|p1a: Necrozma|Morning Sun|p1a: Necrozma
|-heal|p1a: Necrozma|94/100
|
|-damage|p2a: Eternatus|88/100 brn|[from] brn
|upkeep
|turn|48
|
|t:|1620953829
|switch|p1a: Yveltal|Yveltal|100/100
|-ability|p1a: Yveltal|Dark Aura
|move|p2a: Eternatus|Toxic|p1a: Yveltal
|-status|p1a: Yveltal|tox
|
|-damage|p2a: Eternatus|82/100 brn|[from] brn
|-damage|p1a: Yveltal|94/100 tox|[from] psn
|upkeep
|turn|49
|j| BrianKalos
|
|t:|1620953834
|move|p2a: Eternatus|Sludge Bomb|p1a: Yveltal
|-damage|p1a: Yveltal|71/100 tox
|move|p1a: Yveltal|Defog|p2a: Eternatus
|-unboost|p2a: Eternatus|evasion|1
|-sideend|p2: ULT8RQ fardin|Stealth Rock|[from] move: Defog|[of] p1a: Yveltal
|-sideend|p1: ult8rq qian|Stealth Rock|[from] move: Defog|[of] p1a: Yveltal
|
|-damage|p2a: Eternatus|76/100 brn|[from] brn
|-damage|p1a: Yveltal|58/100 tox|[from] psn
|upkeep
|turn|50
|
|t:|1620953839
|switch|p2a: Tangrowth|Tangrowth, F|48/100
|switch|p1a: Ho-Oh|Ho-Oh|100/100 tox
|
|-damage|p1a: Ho-Oh|94/100 tox|[from] psn
|upkeep
|turn|51
|
|t:|1620953845
|switch|p2a: Giratina|Giratina|59/100
|-ability|p2a: Giratina|Pressure
|move|p1a: Ho-Oh|Brave Bird|p2a: Giratina
|-damage|p2a: Giratina|32/100
|-damage|p1a: Ho-Oh|84/100 tox|[from] Recoil
|
|-heal|p2a: Giratina|38/100|[from] item: Leftovers
|-damage|p1a: Ho-Oh|72/100 tox|[from] psn
|upkeep
|turn|52
|
|t:|1620953854
|switch|p1a: Necrozma|Necrozma-Dusk-Mane|94/100
|move|p2a: Giratina|Will-O-Wisp|p1a: Necrozma
|-status|p1a: Necrozma|brn
|
|-heal|p2a: Giratina|44/100|[from] item: Leftovers
|-damage|p1a: Necrozma|88/100 brn|[from] brn
|upkeep
|turn|53
|
|t:|1620953861
|switch|p2a: Tyranitar|Tyranitar, F|39/100
|-weather|Sandstorm|[from] ability: Sand Stream|[of] p2a: Tyranitar
|move|p1a: Necrozma|Stealth Rock|p2a: Tyranitar
|-sidestart|p2: ULT8RQ fardin|move: Stealth Rock
|
|-weather|Sandstorm|[upkeep]
|-damage|p1a: Necrozma|82/100 brn|[from] brn
|upkeep
|turn|54
|
|t:|1620953865
|switch|p1a: Ho-Oh|Ho-Oh|100/100 tox
|move|p2a: Tyranitar|Stealth Rock|p1a: Ho-Oh
|-sidestart|p1: ult8rq qian|move: Stealth Rock
|
|-weather|Sandstorm|[upkeep]
|-damage|p1a: Ho-Oh|94/100 tox|[from] Sandstorm
|-damage|p1a: Ho-Oh|88/100 tox|[from] psn
|upkeep
|turn|55
|
|t:|1620953872
|switch|p2a: Tangrowth|Tangrowth, F|81/100
|-damage|p2a: Tangrowth|68/100|[from] Stealth Rock
|move|p1a: Ho-Oh|Earthquake|p2a: Tangrowth
|-resisted|p2a: Tangrowth
|-damage|p2a: Tangrowth|59/100
|
|-weather|Sandstorm|[upkeep]
|-damage|p1a: Ho-Oh|82/100 tox|[from] Sandstorm
|-damage|p2a: Tangrowth|52/100|[from] Sandstorm
|-damage|p1a: Ho-Oh|70/100 tox|[from] psn
|upkeep
|turn|56
|j| MUGANG
|
|t:|1620953882
|move|p1a: Ho-Oh|Brave Bird|p2a: Tangrowth
|-supereffective|p2a: Tangrowth
|-damage|p2a: Tangrowth|0 fnt
|faint|p2a: Tangrowth
|-damage|p1a: Ho-Oh|54/100 tox|[from] Recoil
|
|-weather|Sandstorm|[upkeep]
|-damage|p1a: Ho-Oh|48/100 tox|[from] Sandstorm
|-damage|p1a: Ho-Oh|30/100 tox|[from] psn
|upkeep
|
|t:|1620953884
|switch|p2a: Giratina|Giratina|44/100
|-damage|p2a: Giratina|32/100|[from] Stealth Rock
|-ability|p2a: Giratina|Pressure
|turn|57
|
|t:|1620953887
|switch|p1a: Yveltal|Yveltal|58/100 tox
|-ability|p1a: Yveltal|Dark Aura
|move|p2a: Giratina|Rest|p2a: Giratina
|-status|p2a: Giratina|slp|[from] move: Rest
|-heal|p2a: Giratina|100/100 slp|[silent]
|
|-weather|none
|-damage|p1a: Yveltal|52/100 tox|[from] psn
|upkeep
|turn|58
|
|t:|1620953892
|move|p1a: Yveltal|Roost|p1a: Yveltal
|-heal|p1a: Yveltal|100/100 tox
|-singleturn|p1a: Yveltal|move: Roost
|cant|p2a: Giratina|slp
|
|-damage|p1a: Yveltal|88/100 tox|[from] psn
|upkeep
|turn|59
|
|t:|1620953894
|move|p1a: Yveltal|Defog|p2a: Giratina
|-unboost|p2a: Giratina|evasion|1
|-sideend|p2: ULT8RQ fardin|Stealth Rock|[from] move: Defog|[of] p1a: Yveltal
|-sideend|p1: ult8rq qian|Stealth Rock|[from] move: Defog|[of] p1a: Yveltal
|cant|p2a: Giratina|slp
|
|-damage|p1a: Yveltal|70/100 tox|[from] psn
|upkeep
|turn|60
|
|t:|1620953899
|switch|p1a: Ho-Oh|Ho-Oh|63/100 tox
|-curestatus|p2a: Giratina|slp|[msg]
|move|p2a: Giratina|Toxic|p1a: Ho-Oh
|-fail|p1a: Ho-Oh|tox
|
|-damage|p1a: Ho-Oh|57/100 tox|[from] psn
|upkeep
|turn|61
|
|t:|1620953905
|switch|p1a: Yveltal|Yveltal|70/100 tox
|-ability|p1a: Yveltal|Dark Aura
|move|p2a: Giratina|Will-O-Wisp||[still]
|-fail|p2a: Giratina
|
|-damage|p1a: Yveltal|64/100 tox|[from] psn
|upkeep
|turn|62
|
|t:|1620953907
|switch|p1a: Ho-Oh|Ho-Oh|90/100 tox
|switch|p2a: Tyranitar|Tyranitar, F|39/100
|-weather|Sandstorm|[from] ability: Sand Stream|[of] p2a: Tyranitar
|
|-weather|Sandstorm|[upkeep]
|-damage|p1a: Ho-Oh|84/100 tox|[from] Sandstorm
|-damage|p1a: Ho-Oh|78/100 tox|[from] psn
|upkeep
|turn|63
|
|t:|1620953910
|switch|p1a: Necrozma|Necrozma-Dusk-Mane|82/100 brn
|switch|p2a: Giratina|Giratina|100/100
|-ability|p2a: Giratina|Pressure
|
|-weather|Sandstorm|[upkeep]
|-damage|p2a: Giratina|94/100|[from] Sandstorm
|-heal|p2a: Giratina|100/100|[from] item: Leftovers
|-damage|p1a: Necrozma|76/100 brn|[from] brn
|upkeep
|turn|64
|
|t:|1620953916
|switch|p2a: Tyranitar|Tyranitar, F|39/100
|move|p1a: Necrozma|Stealth Rock|p2a: Tyranitar
|-sidestart|p2: ULT8RQ fardin|move: Stealth Rock
|
|-weather|Sandstorm|[upkeep]
|-damage|p1a: Necrozma|70/100 brn|[from] brn
|upkeep
|turn|65
|
|t:|1620953924
|switch|p1a: Ho-Oh|Ho-Oh|100/100 tox
|move|p2a: Tyranitar|Stealth Rock|p1a: Ho-Oh
|-sidestart|p1: ult8rq qian|move: Stealth Rock
|
|-weather|Sandstorm|[upkeep]
|-damage|p1a: Ho-Oh|94/100 tox|[from] Sandstorm
|-damage|p1a: Ho-Oh|88/100 tox|[from] psn
|upkeep
|turn|66
|
|t:|1620953929
|switch|p2a: Giratina|Giratina|100/100
|-damage|p2a: Giratina|88/100|[from] Stealth Rock
|-ability|p2a: Giratina|Pressure
|move|p1a: Ho-Oh|Defog|p2a: Giratina
|-unboost|p2a: Giratina|evasion|1
|-sideend|p2: ULT8RQ fardin|Stealth Rock|[from] move: Defog|[of] p1a: Ho-Oh
|-sideend|p1: ult8rq qian|Stealth Rock|[from] move: Defog|[of] p1a: Ho-Oh
|
|-weather|none
|-heal|p2a: Giratina|94/100|[from] item: Leftovers
|-damage|p1a: Ho-Oh|76/100 tox|[from] psn
|upkeep
|turn|67
|
|t:|1620953935
|switch|p1a: Yveltal|Yveltal|64/100 tox
|-ability|p1a: Yveltal|Dark Aura
|move|p2a: Giratina|Will-O-Wisp||[still]
|-fail|p2a: Giratina
|
|-heal|p2a: Giratina|100/100|[from] item: Leftovers
|-damage|p1a: Yveltal|58/100 tox|[from] psn
|upkeep
|turn|68
|
|t:|1620953939
|switch|p2a: Tyranitar|Tyranitar, F|39/100
|-weather|Sandstorm|[from] ability: Sand Stream|[of] p2a: Tyranitar
|move|p1a: Yveltal|Roost|p1a: Yveltal
|-heal|p1a: Yveltal|100/100 tox
|-singleturn|p1a: Yveltal|move: Roost
|
|-weather|Sandstorm|[upkeep]
|-damage|p1a: Yveltal|94/100 tox|[from] Sandstorm
|-damage|p1a: Yveltal|82/100 tox|[from] psn
|upkeep
|turn|69
|
|t:|1620953944
|move|p1a: Yveltal|Foul Play|p2a: Tyranitar
|-resisted|p2a: Tyranitar
|-damage|p2a: Tyranitar|17/100
|move|p2a: Tyranitar|Stealth Rock|p1a: Yveltal
|-sidestart|p1: ult8rq qian|move: Stealth Rock
|
|-weather|Sandstorm|[upkeep]
|-damage|p1a: Yveltal|76/100 tox|[from] Sandstorm
|-damage|p1a: Yveltal|58/100 tox|[from] psn
|upkeep
|turn|70
|
|t:|1620953954
|switch|p2a: Blissey|Blissey, F|72/100
|move|p1a: Yveltal|Foul Play|p2a: Blissey
|-damage|p2a: Blissey|68/100
|
|-weather|Sandstorm|[upkeep]
|-damage|p1a: Yveltal|51/100 tox|[from] Sandstorm
|-damage|p2a: Blissey|61/100|[from] Sandstorm
|-damage|p1a: Yveltal|27/100 tox|[from] psn
|upkeep
|turn|71
|
|t:|1620953965
|switch|p1a: Ho-Oh|Ho-Oh|100/100 tox
|-damage|p1a: Ho-Oh|51/100 tox|[from] Stealth Rock
|move|p2a: Blissey|Heal Bell|p2a: Blissey
|-activate|p2a: Blissey|move: Heal Bell
|-curestatus|p2: Eternatus|brn|[msg]
|
|-weather|Sandstorm|[upkeep]
|-damage|p1a: Ho-Oh|45/100 tox|[from] Sandstorm
|-damage|p2a: Blissey|55/100|[from] Sandstorm
|-damage|p1a: Ho-Oh|39/100 tox|[from] psn
|upkeep
|turn|72
|j| Magician Frm Riga
|
|t:|1620953971
|switch|p2a: Eternatus|Eternatus|76/100
|-ability|p2a: Eternatus|Pressure
|move|p1a: Ho-Oh|Defog|p2a: Eternatus
|-unboost|p2a: Eternatus|evasion|1
|-sideend|p1: ult8rq qian|Stealth Rock|[from] move: Defog|[of] p1a: Ho-Oh
|
|-weather|none
|-damage|p1a: Ho-Oh|27/100 tox|[from] psn
|upkeep
|turn|73
|
|t:|1620953979
|switch|p1a: Palkia|Palkia|76/100
|-ability|p1a: Palkia|Pressure
|move|p2a: Eternatus|Shadow Ball|p1a: Palkia
|-damage|p1a: Palkia|62/100
|-unboost|p1a: Palkia|spd|1
|
|upkeep
|turn|74
|
|t:|1620953987
|switch|p2a: Blissey|Blissey, F|55/100
|switch|p1a: Ho-Oh|Ho-Oh|60/100 tox
|
|-damage|p1a: Ho-Oh|54/100 tox|[from] psn
|upkeep
|turn|75
|
|t:|1620953992
|switch|p1a: Necrozma|Necrozma-Dusk-Mane|70/100 brn
|switch|p2a: Giratina|Giratina|100/100
|-ability|p2a: Giratina|Pressure
|
|-damage|p1a: Necrozma|64/100 brn|[from] brn
|upkeep
|turn|76
|
|t:|1620954002
|switch|p2a: Eternatus|Eternatus|76/100
|-ability|p2a: Eternatus|Pressure
|switch|p1a: Yveltal|Yveltal|27/100 tox
|-ability|p1a: Yveltal|Dark Aura
|
|-damage|p1a: Yveltal|21/100 tox|[from] psn
|upkeep
|turn|77
|
|t:|1620954005
|switch|p1a: Necrozma|Necrozma-Dusk-Mane|64/100 brn
|move|p2a: Eternatus|Sludge Bomb|p1a: Necrozma
|-immune|p1a: Necrozma
|
|-damage|p1a: Necrozma|58/100 brn|[from] brn
|upkeep
|turn|78
|
|t:|1620954007
|move|p2a: Eternatus|Shadow Ball|p1a: Necrozma
|-supereffective|p1a: Necrozma
|-damage|p1a: Necrozma|36/100 brn
|-unboost|p1a: Necrozma|spd|1
|move|p1a: Necrozma|Morning Sun|p1a: Necrozma
|-heal|p1a: Necrozma|86/100 brn
|
|-damage|p1a: Necrozma|80/100 brn|[from] brn
|upkeep
|turn|79
|
|t:|1620954011
|switch|p1a: Palkia|Palkia|62/100
|-ability|p1a: Palkia|Pressure
|move|p2a: Eternatus|Shadow Ball|p1a: Palkia
|-damage|p1a: Palkia|50/100
|
|upkeep
|turn|80
|
|t:|1620954015
|switch|p2a: Blissey|Blissey, F|55/100
|move|p1a: Palkia|Spacial Rend|p2a: Blissey
|-crit|p2a: Blissey
|-damage|p2a: Blissey|22/100
|
|upkeep
|turn|81
|
|t:|1620954022
|move|p1a: Palkia|Hydro Pump|p2a: Blissey
|-damage|p2a: Blissey|0 fnt
|faint|p2a: Blissey
|
|upkeep
|
|t:|1620954045
|switch|p2a: Eternatus|Eternatus|76/100
|-ability|p2a: Eternatus|Pressure
|turn|82
|
|t:|1620954048
|move|p2a: Eternatus|Sludge Bomb|p1a: Palkia
|-damage|p1a: Palkia|27/100
|move|p1a: Palkia|Spacial Rend|p2a: Eternatus
|-supereffective|p2a: Eternatus
|-damage|p2a: Eternatus|0 fnt
|faint|p2a: Eternatus
|
|upkeep
|c|☆ULT8RQ fardin|man
|-message|ULT8RQ fardin forfeited.
|
|win|ult8rq qian
|raw|ult8rq qian's rating: 1693 &rarr; <strong>1719</strong><br />(+26 for winning)
|raw|ULT8RQ fardin's rating: 1799 &rarr; <strong>1773</strong><br />(-26 for losing)
|l|☆ULT8RQ fardin
|l|+Aberforth
|l|☆ult8rq qian
|l| plat27
|l| CORVERE
