|j|☆willcow
|j|☆Tezilew
|player|p1|willcow|clair|1544
|player|p2|Tezilew|168|1520
|teamsize|p1|6
|teamsize|p2|6
|gametype|singles
|gen|8
|tier|[Gen 8] Ubers
|rated|
|clearpoke
|poke|p1|Eternatus|
|poke|p1|Lunala|
|poke|p1|Zamazenta|
|poke|p1|Jirachi|
|poke|p1|Necrozma-Dusk-Mane|
|poke|p1|Zacian-Crowned|
|poke|p2|Ribombee, F|
|poke|p2|Excadrill, M|
|poke|p2|Zekrom|
|poke|p2|Hydreigon, M|
|poke|p2|Lunala|
|poke|p2|Darmanitan-Galar, F|
|rule|Sleep Clause Mod: Limit one foe put to sleep
|rule|Species Clause: Limit one of each Pokémon
|rule|OHKO Clause: OHKO moves are banned
|rule|Evasion Moves Clause: Evasion moves are banned
|rule|Endless Battle Clause: Forcing endless battles is banned
|rule|HP Percentage Mod: HP is shown in percentages
|html|Ubers Dynamax Clause: Pokémon on the <a href="https://www.smogon.com/dex/ss/formats/uber/">Ubers Dynamax Banlist</a> cannot Dynamax.
|teampreview
|j| AgressivEbolAidCOV
|
|start
|switch|p1a: Jirachi|Jirachi|100/100
|switch|p2a: Ribombee|Ribombee, F|100/100
|turn|1
|
|move|p1a: Jirachi|Iron Head|p2a: Ribombee
|-supereffective|p2a: Ribombee
|-enditem|p2a: Ribombee|Focus Sash
|-damage|p2a: Ribombee|1/100
|move|p2a: Ribombee|Sticky Web|p1a: Jirachi
|-sidestart|p1: willcow|move: Sticky Web
|
|upkeep
|turn|2
|
|switch|p2a: Zekrom|Zekrom|100/100
|-ability|p2a: Zekrom|Teravolt
|-start|p1a: Jirachi|Dynamax
|-heal|p1a: Jirachi|100/100|[silent]
|move|p1a: Jirachi|Max Steelspike|p2a: Zekrom
|-resisted|p2a: Zekrom
|-crit|p2a: Zekrom
|-damage|p2a: Zekrom|62/100
|-boost|p1a: Jirachi|def|1
|
|upkeep
|turn|3
|
|move|p1a: Jirachi|Max Steelspike|p2a: Zekrom
|-resisted|p2a: Zekrom
|-damage|p2a: Zekrom|36/100
|-boost|p1a: Jirachi|def|1
|move|p2a: Zekrom|Dragon Dance|p2a: Zekrom
|-boost|p2a: Zekrom|atk|1
|-boost|p2a: Zekrom|spe|1
|
|upkeep
|turn|4
|
|move|p2a: Zekrom|Bolt Strike|p1a: Jirachi|[miss]
|-miss|p2a: Zekrom|p1a: Jirachi
|move|p1a: Jirachi|Max Steelspike|p2a: Zekrom
|-resisted|p2a: Zekrom
|-damage|p2a: Zekrom|14/100
|-boost|p1a: Jirachi|def|1
|
|-end|p1a: Jirachi|Dynamax
|-heal|p1a: Jirachi|100/100|[silent]
|upkeep
|turn|5
|
|move|p1a: Jirachi|Iron Head|p2a: Zekrom
|-resisted|p2a: Zekrom
|-damage|p2a: Zekrom|0 fnt
|faint|p2a: Zekrom
|
|upkeep
|
|switch|p2a: Lunala|Lunala|100/100
|turn|6
|
|move|p1a: Jirachi|Iron Head|p2a: Lunala
|-damage|p2a: Lunala|85/100
|cant|p2a: Lunala|flinch
|
|upkeep
|turn|7
|
|move|p1a: Jirachi|Iron Head|p2a: Lunala
|-damage|p2a: Lunala|55/100
|move|p2a: Lunala|Moongeist Beam|p1a: Jirachi
|-supereffective|p1a: Jirachi
|-damage|p1a: Jirachi|0 fnt
|faint|p1a: Jirachi
|
|upkeep
|
|switch|p1a: Zacian|Zacian-Crowned|100/100
|-activate|p1a: Zacian|move: Sticky Web
|-unboost|p1a: Zacian|spe|1
|-ability|p1a: Zacian|Intrepid Sword|boost
|-boost|p1a: Zacian|atk|1
|turn|8
|
|switch|p2a: Ribombee|Ribombee, F|1/100
|move|p1a: Zacian|Behemoth Blade|p2a: Ribombee
|-supereffective|p2a: Ribombee
|-damage|p2a: Ribombee|0 fnt
|faint|p2a: Ribombee
|
|upkeep
|
|switch|p2a: Excadrill|Excadrill, M|100/100
|-ability|p2a: Excadrill|Mold Breaker
|turn|9
|
|move|p2a: Excadrill|Earthquake|p1a: Zacian
|-supereffective|p1a: Zacian
|-damage|p1a: Zacian|0 fnt
|faint|p1a: Zacian
|
|upkeep
|
|switch|p1a: Lunala|Lunala|100/100
|turn|10
|
|move|p1a: Lunala|Moongeist Beam|p2a: Excadrill
|-damage|p2a: Excadrill|30/100
|move|p2a: Excadrill|Stealth Rock|p1a: Lunala
|-sidestart|p1: willcow|move: Stealth Rock
|
|upkeep
|turn|11
|
|move|p1a: Lunala|Moongeist Beam|p2a: Excadrill
|-damage|p2a: Excadrill|0 fnt
|faint|p2a: Excadrill
|
|upkeep
|
|switch|p2a: Lunala|Lunala|55/100
|turn|12
|
|move|p2a: Lunala|Moongeist Beam|p1a: Lunala
|-supereffective|p1a: Lunala
|-damage|p1a: Lunala|0 fnt
|faint|p1a: Lunala
|
|upkeep
|
|switch|p1a: Eternatus|Eternatus|100/100
|-activate|p1a: Eternatus|move: Sticky Web
|-unboost|p1a: Eternatus|spe|1
|-damage|p1a: Eternatus|88/100|[from] Stealth Rock
|-ability|p1a: Eternatus|Pressure
|turn|13
|
|switch|p2a: Darmanitan|Darmanitan-Galar, F|100/100
|move|p1a: Eternatus|Dynamax Cannon|p2a: Darmanitan
|-damage|p2a: Darmanitan|10/100
|
|-heal|p1a: Eternatus|94/100|[from] item: Black Sludge
|upkeep
|turn|14
|
|switch|p1a: Necrozma|Necrozma-Dusk-Mane|100/100
|-damage|p1a: Necrozma|94/100|[from] Stealth Rock
|-activate|p1a: Necrozma|move: Sticky Web
|-unboost|p1a: Necrozma|spe|1
|move|p2a: Darmanitan|Icicle Crash|p1a: Necrozma
|-resisted|p1a: Necrozma
|-damage|p1a: Necrozma|75/100
|
|-heal|p1a: Necrozma|81/100|[from] item: Leftovers
|upkeep
|turn|15
|
|switch|p2a: Lunala|Lunala|55/100
|move|p1a: Necrozma|Thunder Wave|p2a: Lunala
|-status|p2a: Lunala|par
|
|-heal|p1a: Necrozma|87/100|[from] item: Leftovers
|upkeep
|turn|16
|
|switch|p1a: Eternatus|Eternatus|94/100
|-activate|p1a: Eternatus|move: Sticky Web
|-unboost|p1a: Eternatus|spe|1
|-damage|p1a: Eternatus|82/100|[from] Stealth Rock
|-ability|p1a: Eternatus|Pressure
|cant|p2a: Lunala|par
|
|-heal|p1a: Eternatus|88/100|[from] item: Black Sludge
|upkeep
|turn|17
|
|move|p1a: Eternatus|Dynamax Cannon|p2a: Lunala
|-damage|p2a: Lunala|12/100 par
|move|p2a: Lunala|Psychic|p1a: Eternatus
|-supereffective|p1a: Eternatus
|-damage|p1a: Eternatus|0 fnt
|faint|p1a: Eternatus
|
|upkeep
|
|switch|p1a: Necrozma|Necrozma-Dusk-Mane|87/100
|-activate|p1a: Necrozma|move: Sticky Web
|-unboost|p1a: Necrozma|spe|1
|-damage|p1a: Necrozma|81/100|[from] Stealth Rock
|turn|18
|
|move|p2a: Lunala|Psychic|p1a: Necrozma
|-resisted|p1a: Necrozma
|-damage|p1a: Necrozma|67/100
|move|p1a: Necrozma|Knock Off|p2a: Lunala
|-supereffective|p2a: Lunala
|-damage|p2a: Lunala|0 fnt
|-enditem|p2a: Lunala|Choice Specs|[from] move: Knock Off|[of] p1a: Necrozma
|faint|p2a: Lunala
|
|-heal|p1a: Necrozma|73/100|[from] item: Leftovers
|upkeep
|
|switch|p2a: Darmanitan|Darmanitan-Galar, F|10/100
|turn|19
|
|move|p2a: Darmanitan|Flare Blitz|p1a: Necrozma
|-supereffective|p1a: Necrozma
|-damage|p1a: Necrozma|21/100
|-damage|p2a: Darmanitan|0 fnt|[from] Recoil
|faint|p2a: Darmanitan
|move|p1a: Necrozma|Sunsteel Strike|p2: Darmanitan|[notarget]
|-fail|p1a: Necrozma
|
|-heal|p1a: Necrozma|27/100|[from] item: Leftovers
|upkeep
|
|switch|p2a: Hydreigon|Hydreigon, M|100/100
|turn|20
|
|move|p2a: Hydreigon|Flamethrower|p1a: Necrozma
|-supereffective|p1a: Necrozma
|-damage|p1a: Necrozma|0 fnt
|-damage|p2a: Hydreigon|91/100|[from] item: Life Orb
|faint|p1a: Necrozma
|
|upkeep
|
|switch|p1a: Zamazenta|Zamazenta|100/100
|-damage|p1a: Zamazenta|94/100|[from] Stealth Rock
|-activate|p1a: Zamazenta|move: Sticky Web
|-unboost|p1a: Zamazenta|spe|1
|-ability|p1a: Zamazenta|Dauntless Shield|boost
|-boost|p1a: Zamazenta|def|1
|turn|21
|n| Anselmee|agressivebolaidcov
|
|-start|p2a: Hydreigon|Dynamax
|-heal|p2a: Hydreigon|91/100|[silent]
|move|p2a: Hydreigon|Max Wyrmwind|p1a: Zamazenta
|-damage|p1a: Zamazenta|0 fnt
|-damage|p2a: Hydreigon|86/100|[from] item: Life Orb
|faint|p1a: Zamazenta
|
|win|Tezilew
|l|☆willcow
|l|☆Tezilew
||Ladder (probably) updated, but score could not be retrieved (Response not received).
