|html|<div class="broadcast-blue"><strong>[Gen 8] Ubers is currently suspecting Zacian-Crowned! For information on how to participate check out the <a href="https://www.smogon.com/forums/threads/np-ss-ubers-stage-5-hound-dog.3675589/">suspect thread</a>.</strong></div>
|j|☆airfare
|j|☆unn ouveaud epar t
|t:|1610207122
|player|p1|airfare|shelly|
|player|p2|unn ouveaud epar t|rocketgrunt|
|teamsize|p1|6
|teamsize|p2|6
|gametype|singles
|gen|8
|tier|[Gen 8] Ubers
|rated|Tournament battle
|clearpoke
|poke|p1|Zacian-Crowned|
|poke|p1|Calyrex-Shadow|
|poke|p1|Yveltal|
|poke|p1|Necrozma-Dusk-Mane|
|poke|p1|Palkia|
|poke|p1|Xerneas|
|poke|p2|Heatran, F|
|poke|p2|Yveltal|
|poke|p2|Eternatus|
|poke|p2|Toxapex, F|
|poke|p2|Ferrothorn, F|
|poke|p2|Dugtrio, F|
|rule|Sleep Clause Mod: Limit one foe put to sleep
|rule|Species Clause: Limit one of each Pokémon
|rule|OHKO Clause: OHKO moves are banned
|rule|Evasion Moves Clause: Evasion moves are banned
|rule|Endless Battle Clause: Forcing endless battles is banned
|rule|HP Percentage Mod: HP is shown in percentages
|rule|Dynamax Clause: You cannot dynamax
|teampreview
|j|^Mega Zygarde-100%
|j|#Pohjis
|
|t:|1610207132
|start
|switch|p1a: Palkia|Palkia|100/100
|switch|p2a: Toxapex|Toxapex, F|100/100
|-ability|p1a: Palkia|Pressure
|turn|1
|
|t:|1610207137
|switch|p1a: Yveltal|Yveltal|100/100
|-ability|p1a: Yveltal|Dark Aura
|move|p2a: Toxapex|Toxic|p1a: Yveltal
|-status|p1a: Yveltal|tox
|
|-damage|p1a: Yveltal|94/100 tox|[from] psn
|upkeep
|turn|2
|
|t:|1610207147
|switch|p2a: Eternatus|Eternatus|100/100
|-ability|p2a: Eternatus|Pressure
|move|p1a: Yveltal|Knock Off|p2a: Eternatus
|-damage|p2a: Eternatus|51/100
|-enditem|p2a: Eternatus|Life Orb|[from] move: Knock Off|[of] p1a: Yveltal
|
|-damage|p1a: Yveltal|82/100 tox|[from] psn
|upkeep
|turn|3
|
|t:|1610207152
|move|p2a: Eternatus|Recover|p2a: Eternatus
|-heal|p2a: Eternatus|100/100
|move|p1a: Yveltal|U-turn|p2a: Eternatus
|-resisted|p2a: Eternatus
|-damage|p2a: Eternatus|91/100
|
|t:|1610207155
|switch|p1a: Zacian|Zacian-Crowned|100/100|[from]move: U-turn
|-ability|p1a: Zacian|Intrepid Sword|boost
|-boost|p1a: Zacian|atk|1
|
|upkeep
|turn|4
|
|t:|1610207159
|switch|p2a: Toxapex|Toxapex, F|100/100
|move|p1a: Zacian|Play Rough|p2a: Toxapex
|-resisted|p2a: Toxapex
|-damage|p2a: Toxapex|75/100
|-damage|p1a: Zacian|84/100|[from] item: Rocky Helmet|[of] p2a: Toxapex
|
|upkeep
|turn|5
|
|t:|1610207162
|move|p1a: Zacian|Wild Charge|p2a: Toxapex
|-supereffective|p2a: Toxapex
|-damage|p2a: Toxapex|12/100
|-damage|p1a: Zacian|67/100|[from] item: Rocky Helmet|[of] p2a: Toxapex
|-damage|p1a: Zacian|53/100|[from] Recoil
|move|p2a: Toxapex|Scald|p1a: Zacian
|-damage|p1a: Zacian|37/100
|
|upkeep
|turn|6
|
|t:|1610207168
|move|p1a: Zacian|Close Combat|p2a: Toxapex
|-resisted|p2a: Toxapex
|-damage|p2a: Toxapex|0 fnt
|-unboost|p1a: Zacian|def|1
|-unboost|p1a: Zacian|spd|1
|-damage|p1a: Zacian|21/100|[from] item: Rocky Helmet|[of] p2a: Toxapex
|faint|p2a: Toxapex
|
|upkeep
|
|t:|1610207169
|switch|p2a: Dugtrio|Dugtrio, F|100/100
|turn|7
|
|t:|1610207171
|move|p2a: Dugtrio|Earthquake|p1a: Zacian
|-supereffective|p1a: Zacian
|-damage|p1a: Zacian|0 fnt
|faint|p1a: Zacian
|
|upkeep
|
|t:|1610207175
|switch|p1a: Palkia|Palkia|100/100
|-ability|p1a: Palkia|Pressure
|turn|8
|
|t:|1610207179
|switch|p2a: Eternatus|Eternatus|91/100
|-ability|p2a: Eternatus|Pressure
|move|p1a: Palkia|Spacial Rend|p2a: Eternatus
|-supereffective|p2a: Eternatus
|-damage|p2a: Eternatus|0 fnt
|faint|p2a: Eternatus
|
|upkeep
|
|t:|1610207184
|switch|p2a: Yveltal|Yveltal|100/100
|-ability|p2a: Yveltal|Dark Aura
|turn|9
|
|t:|1610207187
|switch|p1a: Xerneas|Xerneas|100/100
|-ability|p1a: Xerneas|Fairy Aura
|move|p2a: Yveltal|Snarl|p1a: Xerneas
|-resisted|p1a: Xerneas
|-crit|p1a: Xerneas
|-damage|p1a: Xerneas|80/100
|-unboost|p1a: Xerneas|spa|1
|
|upkeep
|turn|10
|
|t:|1610207189
|move|p2a: Yveltal|U-turn|p1a: Xerneas
|-resisted|p1a: Xerneas
|-damage|p1a: Xerneas|73/100
|
|t:|1610207191
|switch|p2a: Heatran|Heatran, F|100/100|[from]move: U-turn
|move|p1a: Xerneas|Moonblast|p2a: Heatran
|-resisted|p2a: Heatran
|-crit|p2a: Heatran
|-damage|p2a: Heatran|83/100
|-unboost|p2a: Heatran|spa|1
|
|-heal|p2a: Heatran|90/100|[from] item: Leftovers
|upkeep
|turn|11
|
|t:|1610207195
|switch|p1a: Palkia|Palkia|100/100
|-ability|p1a: Palkia|Pressure
|move|p2a: Heatran|Stealth Rock|p1a: Palkia
|-sidestart|p1: airfare|move: Stealth Rock
|
|-heal|p2a: Heatran|96/100|[from] item: Leftovers
|upkeep
|turn|12
|
|t:|1610207197
|switch|p2a: Ferrothorn|Ferrothorn, F|100/100
|move|p1a: Palkia|Surf|p2a: Ferrothorn
|-resisted|p2a: Ferrothorn
|-damage|p2a: Ferrothorn|81/100
|
|-heal|p2a: Ferrothorn|87/100|[from] item: Leftovers
|upkeep
|turn|13
|
|t:|1610207199
|move|p2a: Ferrothorn|Protect|p2a: Ferrothorn
|-singleturn|p2a: Ferrothorn|Protect
|move|p1a: Palkia|Fire Blast|p2a: Ferrothorn
|-activate|p2a: Ferrothorn|move: Protect
|
|-heal|p2a: Ferrothorn|93/100|[from] item: Leftovers
|upkeep
|turn|14
|
|t:|1610207202
|switch|p2a: Yveltal|Yveltal|100/100
|-ability|p2a: Yveltal|Dark Aura
|move|p1a: Palkia|Fire Blast|p2a: Yveltal
|-damage|p2a: Yveltal|69/100
|-status|p2a: Yveltal|brn
|
|-damage|p2a: Yveltal|63/100 brn|[from] brn
|upkeep
|turn|15
|
|t:|1610207206
|move|p2a: Yveltal|Snarl|p1a: Palkia|[miss]
|-miss|p2a: Yveltal|p1a: Palkia
|move|p1a: Palkia|Surf|p2a: Yveltal
|-damage|p2a: Yveltal|25/100 brn
|
|-damage|p2a: Yveltal|19/100 brn|[from] brn
|upkeep
|turn|16
|-message|unn ouveaud epar t forfeited.
|
|win|airfare
|n|☆airfare|airfare
|n|☆unn ouveaud epar t|unnouveaudepart
|n| Mega Zygarde-100%|megazygarde100
|n|+Pohjis|pohjis
