|j|☆Decrex14
|j|☆TogeBirlHQ
|t:|1659052638
|gametype|singles
|player|p1|Decrex14|steven|1499
|player|p2|TogeBirlHQ|jogger|1591
|teamsize|p1|6
|teamsize|p2|6
|gen|8
|tier|[Gen 8] Ubers
|rated|
|rule|Sleep Clause Mod: Limit one foe put to sleep
|rule|Species Clause: Limit one of each Pokémon
|rule|OHKO Clause: OHKO moves are banned
|rule|Evasion Moves Clause: Evasion moves are banned
|rule|Endless Battle Clause: Forcing endless battles is banned
|rule|HP Percentage Mod: HP is shown in percentages
|rule|Dynamax Clause: You cannot dynamax
|clearpoke
|poke|p1|Yveltal|
|poke|p1|Ferrothorn, F|
|poke|p1|Rayquaza|
|poke|p1|Xerneas-*|
|poke|p1|Kyogre|
|poke|p1|Marshadow|
|poke|p2|Urshifu-*, M|
|poke|p2|Calyrex-Shadow|
|poke|p2|Eternatus|
|poke|p2|Necrozma-Dusk-Mane|
|poke|p2|Yveltal|
|poke|p2|Ho-Oh|
|teampreview
|
|t:|1659052666
|start
|switch|p1a: Ferrothorn|Ferrothorn, F|100/100
|switch|p2a: Yveltal|Yveltal|100/100
|-ability|p2a: Yveltal|Dark Aura
|turn|1
|inactive|Battle timer is ON: inactive players will automatically lose when time's up. (requested by Decrex14)
|
|t:|1659052680
|move|p2a: Yveltal|U-turn|p1a: Ferrothorn
|-damage|p1a: Ferrothorn|89/100
|-damage|p2a: Yveltal|88/100|[from] ability: Iron Barbs|[of] p1a: Ferrothorn
|-damage|p2a: Yveltal|72/100|[from] item: Rocky Helmet|[of] p1a: Ferrothorn
|
|t:|1659052689
|switch|p2a: Ho-Oh|Ho-Oh|100/100|[from]move: U-turn
|move|p1a: Ferrothorn|Thunder Wave|p2a: Ho-Oh
|-status|p2a: Ho-Oh|par
|
|upkeep
|turn|2
|
|t:|1659052702
|move|p2a: Ho-Oh|Thunder Wave|p1a: Ferrothorn
|-status|p1a: Ferrothorn|par
|move|p1a: Ferrothorn|Stealth Rock|p2a: Ho-Oh
|-sidestart|p2: TogeBirlHQ|move: Stealth Rock
|
|upkeep
|turn|3
|
|t:|1659052707
|move|p2a: Ho-Oh|Defog|p1a: Ferrothorn
|-unboost|p1a: Ferrothorn|evasion|1
|-sideend|p2: TogeBirlHQ|Stealth Rock|[from] move: Defog|[of] p2a: Ho-Oh
|move|p1a: Ferrothorn|Spikes|p2a: Ho-Oh
|-sidestart|p2: TogeBirlHQ|Spikes
|
|upkeep
|turn|4
|
|t:|1659052713
|move|p2a: Ho-Oh|Defog|p1a: Ferrothorn
|-unboost|p1a: Ferrothorn|evasion|1
|-sideend|p2: TogeBirlHQ|Spikes|[from] move: Defog|[of] p2a: Ho-Oh
|move|p1a: Ferrothorn|Spikes|p2a: Ho-Oh
|-sidestart|p2: TogeBirlHQ|Spikes
|
|upkeep
|turn|5
|
|t:|1659052718
|cant|p2a: Ho-Oh|par
|move|p1a: Ferrothorn|Spikes|p2a: Ho-Oh
|-sidestart|p2: TogeBirlHQ|Spikes
|
|upkeep
|turn|6
|
|t:|1659052721
|move|p2a: Ho-Oh|Defog|p1a: Ferrothorn
|-unboost|p1a: Ferrothorn|evasion|1
|-sideend|p2: TogeBirlHQ|Spikes|[from] move: Defog|[of] p2a: Ho-Oh
|cant|p1a: Ferrothorn|par
|
|upkeep
|turn|7
|c|☆Decrex14|wow
|
|t:|1659052726
|move|p2a: Ho-Oh|Sacred Fire|p1a: Ferrothorn
|-supereffective|p1a: Ferrothorn
|-damage|p1a: Ferrothorn|0 fnt
|faint|p1a: Ferrothorn
|
|upkeep
|
|t:|1659052732
|switch|p1a: Kyogre|Kyogre|100/100
|-weather|RainDance|[from] ability: Drizzle|[of] p1a: Kyogre
|turn|8
|
|t:|1659052738
|switch|p2a: Eternatus|Eternatus|100/100
|-ability|p2a: Eternatus|Pressure
|move|p1a: Kyogre|Water Spout|p2a: Eternatus
|-resisted|p2a: Eternatus
|-damage|p2a: Eternatus|63/100
|
|-weather|RainDance|[upkeep]
|upkeep
|turn|9
|
|t:|1659052747
|move|p2a: Eternatus|Recover|p2a: Eternatus
|-heal|p2a: Eternatus|100/100
|move|p1a: Kyogre|Ice Beam|p2a: Eternatus
|-supereffective|p2a: Eternatus
|-damage|p2a: Eternatus|59/100
|
|-weather|RainDance|[upkeep]
|upkeep
|turn|10
|
|t:|1659052752
|move|p2a: Eternatus|Mystical Fire|p1a: Kyogre
|-resisted|p1a: Kyogre
|-damage|p1a: Kyogre|98/100
|-unboost|p1a: Kyogre|spa|1
|move|p1a: Kyogre|Ice Beam|p2a: Eternatus
|-supereffective|p2a: Eternatus
|-damage|p2a: Eternatus|32/100
|
|-weather|RainDance|[upkeep]
|upkeep
|turn|11
|
|t:|1659052759
|move|p2a: Eternatus|Recover|p2a: Eternatus
|-heal|p2a: Eternatus|82/100
|move|p1a: Kyogre|Ice Beam|p2a: Eternatus
|-supereffective|p2a: Eternatus
|-damage|p2a: Eternatus|54/100
|
|-weather|RainDance|[upkeep]
|upkeep
|turn|12
|
|t:|1659052766
|move|p2a: Eternatus|Recover|p2a: Eternatus
|-heal|p2a: Eternatus|100/100
|move|p1a: Kyogre|Water Spout|p2a: Eternatus
|-resisted|p2a: Eternatus
|-damage|p2a: Eternatus|77/100
|
|-weather|none
|upkeep
|turn|13
|
|t:|1659052772
|move|p2a: Eternatus|Toxic|p1a: Kyogre
|-status|p1a: Kyogre|tox
|move|p1a: Kyogre|Ice Beam|p2a: Eternatus
|-supereffective|p2a: Eternatus
|-damage|p2a: Eternatus|48/100
|
|-damage|p1a: Kyogre|92/100 tox|[from] psn
|upkeep
|turn|14
|
|t:|1659052782
|switch|p1a: Draco|Rayquaza|100/100
|-ability|p1a: Draco|Air Lock
|move|p2a: Eternatus|Recover|p2a: Eternatus
|-heal|p2a: Eternatus|98/100
|
|upkeep
|turn|15
|
|t:|1659052786
|move|p2a: Eternatus|Dynamax Cannon|p1a: Draco
|-supereffective|p1a: Draco
|-enditem|p1a: Draco|Focus Sash
|-damage|p1a: Draco|1/100
|move|p1a: Draco|Dragon Dance|p1a: Draco
|-boost|p1a: Draco|atk|1
|-boost|p1a: Draco|spe|1
|
|upkeep
|turn|16
|
|t:|1659052799
|switch|p2a: Urshifu|Urshifu, M|100/100
|move|p1a: Draco|Outrage|p2a: Urshifu
|-damage|p2a: Urshifu|0 fnt
|faint|p2a: Urshifu
|
|upkeep
|
|t:|1659052804
|switch|p2a: Yveltal|Yveltal|72/100
|-ability|p2a: Yveltal|Dark Aura
|turn|17
|
|t:|1659052807
|move|p2a: Yveltal|U-turn|p1a: Draco
|-resisted|p1a: Draco
|-damage|p1a: Draco|0 fnt
|faint|p1a: Draco
|
|t:|1659052819
|switch|p2a: Eternatus|Eternatus|98/100|[from]move: U-turn
|-ability|p2a: Eternatus|Pressure
|
|upkeep
|
|t:|1659052824
|switch|p1a: Yveltal|Yveltal|100/100
|-ability|p1a: Yveltal|Dark Aura
|turn|18
|
|t:|1659052830
|move|p2a: Eternatus|Toxic|p1a: Yveltal
|-status|p1a: Yveltal|tox
|move|p1a: Yveltal|Knock Off|p2a: Eternatus
|-damage|p2a: Eternatus|33/100
|-enditem|p2a: Eternatus|Haban Berry|[from] move: Knock Off|[of] p1a: Yveltal
|
|-damage|p1a: Yveltal|94/100 tox|[from] psn
|upkeep
|turn|19
|
|t:|1659052835
|move|p2a: Eternatus|Recover|p2a: Eternatus
|-heal|p2a: Eternatus|83/100
|move|p1a: Yveltal|Knock Off|p2a: Eternatus
|-damage|p2a: Eternatus|39/100
|
|-damage|p1a: Yveltal|82/100 tox|[from] psn
|upkeep
|turn|20
|
|t:|1659052841
|move|p2a: Eternatus|Recover|p2a: Eternatus
|-heal|p2a: Eternatus|89/100
|move|p1a: Yveltal|Knock Off|p2a: Eternatus
|-damage|p2a: Eternatus|40/100
|
|-damage|p1a: Yveltal|64/100 tox|[from] psn
|upkeep
|turn|21
|
|t:|1659052846
|move|p2a: Eternatus|Recover|p2a: Eternatus
|-heal|p2a: Eternatus|90/100
|move|p1a: Yveltal|Knock Off|p2a: Eternatus
|-damage|p2a: Eternatus|44/100
|
|-damage|p1a: Yveltal|39/100 tox|[from] psn
|upkeep
|turn|22
|
|t:|1659052874
|switch|p1a: Geomancy|Xerneas, shiny|100/100
|-ability|p1a: Geomancy|Fairy Aura
|move|p2a: Eternatus|Recover|p2a: Eternatus
|-heal|p2a: Eternatus|94/100
|
|upkeep
|turn|23
|
|t:|1659052880
|switch|p1a: Kyogre|Kyogre|92/100 tox
|-weather|RainDance|[from] ability: Drizzle|[of] p1a: Kyogre
|move|p2a: Eternatus|Mystical Fire|p1a: Kyogre
|-resisted|p1a: Kyogre
|-damage|p1a: Kyogre|90/100 tox
|-unboost|p1a: Kyogre|spa|1
|
|-weather|RainDance|[upkeep]
|-damage|p1a: Kyogre|84/100 tox|[from] psn
|upkeep
|turn|24
|
|t:|1659052889
|switch|p1a: Geomancy|Xerneas, shiny|100/100
|-ability|p1a: Geomancy|Fairy Aura
|move|p2a: Eternatus|Dynamax Cannon|p1a: Geomancy
|-immune|p1a: Geomancy
|
|-weather|RainDance|[upkeep]
|upkeep
|turn|25
|
|t:|1659052893
|move|p2a: Eternatus|Mystical Fire|p1a: Geomancy
|-damage|p1a: Geomancy|91/100
|-unboost|p1a: Geomancy|spa|1
|move|p1a: Geomancy|Geomancy||[still]
|-prepare|p1a: Geomancy|Geomancy
|-enditem|p1a: Geomancy|Power Herb
|-anim|p1a: Geomancy|Geomancy|p1a: Geomancy
|-boost|p1a: Geomancy|spa|2
|-boost|p1a: Geomancy|spd|2
|-boost|p1a: Geomancy|spe|2
|
|-weather|RainDance|[upkeep]
|upkeep
|turn|26
|
|t:|1659052900
|switch|p2a: Ho-Oh|Ho-Oh|100/100 par
|move|p1a: Geomancy|Psyshock|p2a: Ho-Oh
|-damage|p2a: Ho-Oh|69/100 par
|
|-weather|RainDance|[upkeep]
|upkeep
|turn|27
|
|t:|1659052906
|move|p1a: Geomancy|Moonblast|p2a: Ho-Oh
|-resisted|p2a: Ho-Oh
|-damage|p2a: Ho-Oh|39/100 par
|move|p2a: Ho-Oh|Whirlwind|p1a: Geomancy
|drag|p1a: Yveltal|Yveltal|39/100 tox
|-ability|p1a: Yveltal|Dark Aura
|
|-weather|none
|-damage|p1a: Yveltal|33/100 tox|[from] psn
|upkeep
|turn|28
|inactive|TogeBirlHQ has 120 seconds left.
|
|t:|1659052937
|switch|p2a: Eternatus|Eternatus|94/100
|-ability|p2a: Eternatus|Pressure
|move|p1a: Yveltal|Roost|p1a: Yveltal
|-heal|p1a: Yveltal|83/100 tox
|-singleturn|p1a: Yveltal|move: Roost
|
|-damage|p1a: Yveltal|71/100 tox|[from] psn
|upkeep
|turn|29
|inactive|TogeBirlHQ has 120 seconds left.
|
|t:|1659052948
|move|p2a: Eternatus|Mystical Fire|p1a: Yveltal
|-damage|p1a: Yveltal|53/100 tox
|-unboost|p1a: Yveltal|spa|1
|move|p1a: Yveltal|Knock Off|p2a: Eternatus
|-damage|p2a: Eternatus|52/100
|
|-damage|p1a: Yveltal|34/100 tox|[from] psn
|upkeep
|turn|30
|
|t:|1659052954
|move|p2a: Eternatus|Recover|p2a: Eternatus
|-heal|p2a: Eternatus|100/100
|move|p1a: Yveltal|Roost|p1a: Yveltal
|-heal|p1a: Yveltal|84/100 tox
|-singleturn|p1a: Yveltal|move: Roost
|
|-damage|p1a: Yveltal|60/100 tox|[from] psn
|upkeep
|turn|31
|
|t:|1659052964
|switch|p1a: Kyogre|Kyogre|84/100 tox
|-weather|RainDance|[from] ability: Drizzle|[of] p1a: Kyogre
|move|p2a: Eternatus|Dynamax Cannon|p1a: Kyogre
|-damage|p1a: Kyogre|66/100 tox
|
|-weather|RainDance|[upkeep]
|-damage|p1a: Kyogre|60/100 tox|[from] psn
|upkeep
|turn|32
|
|t:|1659052968
|move|p2a: Eternatus|Mystical Fire|p1a: Kyogre
|-resisted|p1a: Kyogre
|-damage|p1a: Kyogre|58/100 tox
|-unboost|p1a: Kyogre|spa|1
|move|p1a: Kyogre|Ice Beam|p2a: Eternatus
|-supereffective|p2a: Eternatus
|-damage|p2a: Eternatus|75/100
|
|-weather|RainDance|[upkeep]
|-damage|p1a: Kyogre|46/100 tox|[from] psn
|upkeep
|turn|33
|
|t:|1659052976
|switch|p2a: Necrozma|Necrozma-Dusk-Mane|100/100
|move|p1a: Kyogre|Ice Beam|p2a: Necrozma
|-resisted|p2a: Necrozma
|-damage|p2a: Necrozma|91/100
|
|-weather|RainDance|[upkeep]
|-heal|p2a: Necrozma|97/100|[from] item: Leftovers
|-damage|p1a: Kyogre|27/100 tox|[from] psn
|upkeep
|turn|34
|
|t:|1659052982
|switch|p2a: Eternatus|Eternatus|75/100
|-ability|p2a: Eternatus|Pressure
|move|p1a: Kyogre|Thunder|p2a: Eternatus
|-resisted|p2a: Eternatus
|-damage|p2a: Eternatus|67/100
|
|-weather|RainDance|[upkeep]
|-damage|p1a: Kyogre|3/100 tox|[from] psn
|upkeep
|turn|35
|
|t:|1659052995
|move|p2a: Eternatus|Recover|p2a: Eternatus
|-heal|p2a: Eternatus|100/100
|move|p1a: Kyogre|Ice Beam|p2a: Eternatus
|-supereffective|p2a: Eternatus
|-damage|p2a: Eternatus|75/100
|
|-weather|none
|-damage|p1a: Kyogre|0 fnt|[from] psn
|faint|p1a: Kyogre
|upkeep
|
|t:|1659052999
|switch|p1a: Yveltal|Yveltal|60/100 tox
|-ability|p1a: Yveltal|Dark Aura
|turn|36
|
|t:|1659053014
|move|p2a: Eternatus|Dynamax Cannon|p1a: Yveltal
|-damage|p1a: Yveltal|24/100 tox
|move|p1a: Yveltal|Roost|p1a: Yveltal
|-heal|p1a: Yveltal|74/100 tox
|-singleturn|p1a: Yveltal|move: Roost
|
|-damage|p1a: Yveltal|68/100 tox|[from] psn
|upkeep
|turn|37
|
|t:|1659053032
|switch|p1a: Geomancy|Xerneas, shiny|91/100
|-ability|p1a: Geomancy|Fairy Aura
|move|p2a: Eternatus|Dynamax Cannon|p1a: Geomancy
|-immune|p1a: Geomancy
|
|upkeep
|turn|38
|
|t:|1659053036
|switch|p2a: Ho-Oh|Ho-Oh|72/100 par
|move|p1a: Geomancy|Psyshock|p2a: Ho-Oh
|-damage|p2a: Ho-Oh|52/100 par
|
|upkeep
|turn|39
|
|t:|1659053042
|switch|p1a: Yveltal|Yveltal|68/100 tox
|-ability|p1a: Yveltal|Dark Aura
|switch|p2a: Necrozma|Necrozma-Dusk-Mane|97/100
|
|-heal|p2a: Necrozma|100/100|[from] item: Leftovers
|-damage|p1a: Yveltal|61/100 tox|[from] psn
|upkeep
|turn|40
|
|t:|1659053049
|move|p1a: Yveltal|Knock Off|p2a: Necrozma
|-supereffective|p2a: Necrozma
|-damage|p2a: Necrozma|28/100
|-enditem|p2a: Necrozma|Leftovers|[from] move: Knock Off|[of] p1a: Yveltal
|move|p2a: Necrozma|Moonlight|p2a: Necrozma
|-heal|p2a: Necrozma|78/100
|
|-damage|p1a: Yveltal|49/100 tox|[from] psn
|upkeep
|turn|41
|
|t:|1659053053
|move|p1a: Yveltal|Knock Off|p2a: Necrozma
|-supereffective|p2a: Necrozma
|-damage|p2a: Necrozma|25/100
|move|p2a: Necrozma|Moonlight|p2a: Necrozma
|-heal|p2a: Necrozma|75/100
|
|-damage|p1a: Yveltal|31/100 tox|[from] psn
|upkeep
|turn|42
|
|t:|1659053062
|switch|p2a: Ho-Oh|Ho-Oh|85/100 par
|move|p1a: Yveltal|Roost|p1a: Yveltal
|-heal|p1a: Yveltal|81/100 tox
|-singleturn|p1a: Yveltal|move: Roost
|
|-damage|p1a: Yveltal|56/100 tox|[from] psn
|upkeep
|turn|43
|
|t:|1659053072
|switch|p1a: Geomancy|Xerneas, shiny|91/100
|-ability|p1a: Geomancy|Fairy Aura
|move|p2a: Ho-Oh|Sacred Fire|p1a: Geomancy
|-damage|p1a: Geomancy|59/100
|
|upkeep
|turn|44
|
|t:|1659053077
|switch|p2a: Necrozma|Necrozma-Dusk-Mane|75/100
|move|p1a: Geomancy|Moonblast|p2a: Necrozma
|-resisted|p2a: Necrozma
|-damage|p2a: Necrozma|44/100
|
|upkeep
|turn|45
|
|t:|1659053082
|switch|p1a: Yveltal|Yveltal|56/100 tox
|-ability|p1a: Yveltal|Dark Aura
|move|p2a: Necrozma|Moonlight|p2a: Necrozma
|-heal|p2a: Necrozma|94/100
|
|-damage|p1a: Yveltal|50/100 tox|[from] psn
|upkeep
|turn|46
|
|t:|1659053093
|switch|p2a: Eternatus|Eternatus|75/100
|-ability|p2a: Eternatus|Pressure
|move|p1a: Yveltal|Roost|p1a: Yveltal
|-heal|p1a: Yveltal|99/100 tox
|-singleturn|p1a: Yveltal|move: Roost
|
|-damage|p1a: Yveltal|88/100 tox|[from] psn
|upkeep
|turn|47
|
|t:|1659053103
|switch|p2a: Ho-Oh|Ho-Oh|100/100 par
|move|p1a: Yveltal|Knock Off|p2a: Ho-Oh
|-damage|p2a: Ho-Oh|42/100 par
|-enditem|p2a: Ho-Oh|Heavy-Duty Boots|[from] move: Knock Off|[of] p1a: Yveltal
|
|-damage|p1a: Yveltal|69/100 tox|[from] psn
|upkeep
|turn|48
|
|t:|1659053111
|switch|p2a: Eternatus|Eternatus|75/100
|-ability|p2a: Eternatus|Pressure
|move|p1a: Yveltal|Knock Off|p2a: Eternatus
|-damage|p2a: Eternatus|32/100
|
|-damage|p1a: Yveltal|45/100 tox|[from] psn
|upkeep
|turn|49
|
|t:|1659053118
|switch|p1a: Geomancy|Xerneas, shiny|59/100
|-ability|p1a: Geomancy|Fairy Aura
|move|p2a: Eternatus|Recover|p2a: Eternatus
|-heal|p2a: Eternatus|82/100
|
|upkeep
|turn|50
|
|t:|1659053121
|switch|p2a: Necrozma|Necrozma-Dusk-Mane|94/100
|move|p1a: Geomancy|Psyshock|p2a: Necrozma
|-resisted|p2a: Necrozma
|-damage|p2a: Necrozma|89/100
|
|upkeep
|turn|51
|
|t:|1659053126
|switch|p1a: Yveltal|Yveltal|45/100 tox
|-ability|p1a: Yveltal|Dark Aura
|move|p2a: Necrozma|Iron Head|p1a: Yveltal
|-damage|p1a: Yveltal|7/100 tox
|
|-damage|p1a: Yveltal|1/100 tox|[from] psn
|upkeep
|turn|52
|c|☆Decrex14|wow
|c|☆Decrex14|1hp xD
|
|t:|1659053146
|switch|p2a: Ho-Oh|Ho-Oh|75/100 par
|move|p1a: Yveltal|Roost|p1a: Yveltal
|-heal|p1a: Yveltal|51/100 tox
|-singleturn|p1a: Yveltal|move: Roost
|
|-damage|p1a: Yveltal|39/100 tox|[from] psn
|upkeep
|turn|53
|
|t:|1659053152
|switch|p1a: Geomancy|Xerneas, shiny|59/100
|-ability|p1a: Geomancy|Fairy Aura
|cant|p2a: Ho-Oh|par
|
|upkeep
|turn|54
|
|t:|1659053157
|switch|p2a: Necrozma|Necrozma-Dusk-Mane|89/100
|move|p1a: Geomancy|Psyshock|p2a: Necrozma
|-resisted|p2a: Necrozma
|-damage|p2a: Necrozma|85/100
|
|upkeep
|turn|55
|
|t:|1659053162
|switch|p1a: Robar|Marshadow|100/100
|move|p2a: Necrozma|Iron Head|p1a: Robar
|-damage|p1a: Robar|47/100
|
|upkeep
|turn|56
|
|t:|1659053171
|move|p1a: Robar|Spectral Thief|p2a: Necrozma
|-supereffective|p2a: Necrozma
|-crit|p2a: Necrozma
|-damage|p2a: Necrozma|22/100
|move|p2a: Necrozma|Thunder Wave|p1a: Robar
|-status|p1a: Robar|par
|
|upkeep
|turn|57
|
|t:|1659053183
|cant|p1a: Robar|par
|move|p2a: Necrozma|Stealth Rock|p1a: Robar
|-sidestart|p1: Decrex14|move: Stealth Rock
|
|upkeep
|turn|58
|
|t:|1659053188
|move|p1a: Robar|Shadow Sneak|p2a: Necrozma
|-supereffective|p2a: Necrozma
|-damage|p2a: Necrozma|0 fnt
|faint|p2a: Necrozma
|
|upkeep
|
|t:|1659053192
|switch|p2a: Yveltal|Yveltal|72/100
|-ability|p2a: Yveltal|Dark Aura
|turn|59
|
|t:|1659053196
|move|p2a: Yveltal|Foul Play|p1a: Robar
|-damage|p1a: Robar|0 fnt
|faint|p1a: Robar
|
|upkeep
|
|t:|1659053201
|switch|p1a: Geomancy|Xerneas, shiny|59/100
|-damage|p1a: Geomancy|46/100|[from] Stealth Rock
|-ability|p1a: Geomancy|Fairy Aura
|turn|60
|
|t:|1659053206
|switch|p2a: Ho-Oh|Ho-Oh|100/100 par
|move|p1a: Geomancy|Moonblast|p2a: Ho-Oh
|-resisted|p2a: Ho-Oh
|-damage|p2a: Ho-Oh|81/100 par
|-unboost|p2a: Ho-Oh|spa|1
|
|upkeep
|turn|61
|
|t:|1659053215
|move|p1a: Geomancy|Psyshock|p2a: Ho-Oh
|-damage|p2a: Ho-Oh|61/100 par
|move|p2a: Ho-Oh|Sacred Fire|p1a: Geomancy
|-damage|p1a: Geomancy|15/100
|-status|p1a: Geomancy|brn
|
|-damage|p1a: Geomancy|8/100 brn|[from] brn
|upkeep
|turn|62
|
|t:|1659053222
|switch|p2a: Yveltal|Yveltal|72/100
|-ability|p2a: Yveltal|Dark Aura
|move|p1a: Geomancy|Psyshock|p2a: Yveltal
|-immune|p2a: Yveltal
|
|-damage|p1a: Geomancy|2/100 brn|[from] brn
|upkeep
|turn|63
|
|t:|1659053229
|move|p2a: Yveltal|Foul Play|p1a: Geomancy
|-resisted|p1a: Geomancy
|-damage|p1a: Geomancy|0 fnt
|faint|p1a: Geomancy
|
|upkeep
|
|t:|1659053231
|switch|p1a: Yveltal|Yveltal|39/100 tox
|-damage|p1a: Yveltal|14/100 tox|[from] Stealth Rock
|-ability|p1a: Yveltal|Dark Aura
|turn|64
|
|t:|1659053234
|move|p2a: Yveltal|Foul Play|p1a: Yveltal
|-resisted|p1a: Yveltal
|-damage|p1a: Yveltal|0 fnt
|faint|p1a: Yveltal
|
|win|TogeBirlHQ
|raw|Decrex14's rating: 1499 &rarr; <strong>1484</strong><br />(-15 for losing)
|raw|TogeBirlHQ's rating: 1591 &rarr; <strong>1606</strong><br />(+15 for winning)
|l|☆Decrex14
