|j|☆GalarBumbler
|j|☆ULTN7U orch
|player|p1|GalarBumbler|plasmagruntf-gen5bw|1499
|player|p2|ULTN7U orch|rocketgrunt-gen2|1457
|teamsize|p1|6
|teamsize|p2|6
|gametype|singles
|gen|8
|tier|[Gen 8] Ubers
|rated|
|clearpoke
|poke|p1|Necrozma-Dusk-Mane|
|poke|p1|Zacian-Crowned|
|poke|p1|Eternatus|
|poke|p1|Orbeetle, F|
|poke|p1|Excadrill, M|
|poke|p1|Tyranitar, M|
|poke|p2|Reshiram|
|poke|p2|Gothitelle, F|
|poke|p2|Dugtrio, M|
|poke|p2|Eternatus|
|poke|p2|Tyranitar, M|
|poke|p2|Rotom-Wash|
|rule|Sleep Clause Mod: Limit one foe put to sleep
|rule|Species Clause: Limit one of each Pokémon
|rule|OHKO Clause: OHKO moves are banned
|rule|Evasion Moves Clause: Evasion moves are banned
|rule|Endless Battle Clause: Forcing endless battles is banned
|rule|HP Percentage Mod: HP is shown in percentages
|html|Ubers Dynamax Clause: Pokémon on the <a href="https://www.smogon.com/dex/ss/formats/uber/">Ubers Dynamax Banlist</a> cannot Dynamax.
|teampreview
|
|start
|switch|p1a: Orbeetle|Orbeetle, F|100/100
|switch|p2a: Rotom|Rotom-Wash|100/100
|turn|1
|
|move|p1a: Orbeetle|Sticky Web|p2a: Rotom
|-sidestart|p2: ULTN7U orch|move: Sticky Web
|move|p2a: Rotom|Volt Switch|p1a: Orbeetle
|-damage|p1a: Orbeetle|78/100
|j| Generator 8
|
|switch|p2a: Dugtrio|Dugtrio, M|100/100|[from]move: Volt Switch
|-activate|p2a: Dugtrio|move: Sticky Web
|-unboost|p2a: Dugtrio|spe|1
|
|upkeep
|turn|2
|
|move|p2a: Dugtrio|Stone Edge|p1a: Orbeetle
|-supereffective|p1a: Orbeetle
|-damage|p1a: Orbeetle|17/100
|-enditem|p1a: Orbeetle|Salac Berry|[eat]
|-boost|p1a: Orbeetle|spe|1|[from] item: Salac Berry
|move|p1a: Orbeetle|Bug Buzz|p2a: Dugtrio
|-damage|p2a: Dugtrio|18/100
|
|upkeep
|turn|3
|c| Generator 8|Go Orch
|j| thesacredjackal⨕
|
|switch|p2a: Rotom|Rotom-Wash|100/100
|move|p1a: Orbeetle|Bug Buzz|p2a: Rotom
|-damage|p2a: Rotom|58/100
|
|upkeep
|turn|4
|
|-start|p1a: Orbeetle|Dynamax
|-formechange|p1a: Orbeetle|Orbeetle-Gmax
|-heal|p1a: Orbeetle|17/100|[silent]
|move|p1a: Orbeetle|G-Max Gravitas|p2a: Rotom
|-damage|p2a: Rotom|18/100
|-fieldstart|move: Gravity
|move|p2a: Rotom|Defog|p1a: Orbeetle
|-unboost|p1a: Orbeetle|evasion|1
|-sideend|p2: ULTN7U orch|Sticky Web|[from] move: Defog|[of] p2a: Rotom
|
|upkeep
|turn|5
|
|move|p1a: Orbeetle|Max Guard|p1a: Orbeetle
|-singleturn|p1a: Orbeetle|Max Guard
|move|p2a: Rotom|Defog|p1a: Orbeetle
|-activate|p1a: Orbeetle|move: Max Guard
|
|upkeep
|turn|6
|
|move|p1a: Orbeetle|Max Flutterby|p2a: Rotom
|-damage|p2a: Rotom|0 fnt
|faint|p2a: Rotom
|
|-end|p1a: Orbeetle|Dynamax
|-formechange|p1a: Orbeetle|Orbeetle
|-heal|p1a: Orbeetle|17/100|[silent]
|upkeep
|
|switch|p2a: Dugtrio|Dugtrio, M|18/100
|turn|7
|
|move|p2a: Dugtrio|Earthquake|p1a: Orbeetle
|-resisted|p1a: Orbeetle
|-damage|p1a: Orbeetle|0 fnt
|faint|p1a: Orbeetle
|
|upkeep
|
|switch|p1a: Tyranitar|Tyranitar, M|100/100
|-weather|Sandstorm|[from] ability: Sand Stream|[of] p1a: Tyranitar
|turn|8
|
|switch|p2a: Tyranitar|Tyranitar, M|100/100
|move|p1a: Tyranitar|Earthquake|p2a: Tyranitar
|-supereffective|p2a: Tyranitar
|-damage|p2a: Tyranitar|45/100
|
|-weather|Sandstorm|[upkeep]
|-heal|p2a: Tyranitar|51/100|[from] item: Leftovers
|-fieldend|move: Gravity
|upkeep
|turn|9
|l| thesacredjackal⨕
|
|move|p2a: Tyranitar|Stealth Rock|p1a: Tyranitar
|-sidestart|p1: GalarBumbler|move: Stealth Rock
|move|p1a: Tyranitar|Stealth Rock|p2a: Tyranitar
|-sidestart|p2: ULTN7U orch|move: Stealth Rock
|
|-weather|Sandstorm|[upkeep]
|-heal|p2a: Tyranitar|57/100|[from] item: Leftovers
|upkeep
|turn|10
|j| H1bike! Euphonium
|
|switch|p1a: Necrozma|Necrozma-Dusk-Mane|100/100
|-damage|p1a: Necrozma|95/100|[from] Stealth Rock
|move|p2a: Tyranitar|Thunder Wave|p1a: Necrozma
|-status|p1a: Necrozma|par
|
|-weather|Sandstorm|[upkeep]
|-heal|p2a: Tyranitar|63/100|[from] item: Leftovers
|upkeep
|turn|11
|l| Generator 8
|
|move|p2a: Tyranitar|Crunch|p1a: Necrozma
|-supereffective|p1a: Necrozma
|-damage|p1a: Necrozma|49/100 par
|-enditem|p1a: Necrozma|Weakness Policy
|-boost|p1a: Necrozma|atk|2|[from] item: Weakness Policy
|-boost|p1a: Necrozma|spa|2|[from] item: Weakness Policy
|cant|p1a: Necrozma|par
|
|-weather|Sandstorm|[upkeep]
|-heal|p2a: Tyranitar|69/100|[from] item: Leftovers
|upkeep
|turn|12
|j| Generator 8
|
|-start|p2a: Tyranitar|Dynamax
|-heal|p2a: Tyranitar|69/100|[silent]
|move|p2a: Tyranitar|Max Darkness|p1a: Necrozma
|-supereffective|p1a: Necrozma
|-damage|p1a: Necrozma|0 fnt
|faint|p1a: Necrozma
|
|-weather|Sandstorm|[upkeep]
|-heal|p2a: Tyranitar|72/100|[from] item: Leftovers
|upkeep
|
|switch|p1a: Zacian|Zacian-Crowned|100/100
|-damage|p1a: Zacian|94/100|[from] Stealth Rock
|-ability|p1a: Zacian|Intrepid Sword|boost
|-boost|p1a: Zacian|atk|1
|turn|13
|
|move|p1a: Zacian|Behemoth Blade|p2a: Tyranitar
|-supereffective|p2a: Tyranitar
|-damage|p2a: Tyranitar|0 fnt
|faint|p2a: Tyranitar
|
|-weather|Sandstorm|[upkeep]
|upkeep
|c| Generator 8|do people still run bblade?
|
|switch|p2a: Dugtrio|Dugtrio, M|18/100
|-damage|p2a: Dugtrio|11/100|[from] Stealth Rock
|turn|14
|
|move|p2a: Dugtrio|Memento|p1a: Zacian
|-unboost|p1a: Zacian|atk|2
|-unboost|p1a: Zacian|spa|2
|faint|p2a: Dugtrio
|move|p1a: Zacian|Behemoth Blade|p2: Dugtrio|[notarget]
|-fail|p1a: Zacian
|
|-weather|Sandstorm|[upkeep]
|upkeep
|
|switch|p2a: Gothitelle|Gothitelle, F|100/100
|-damage|p2a: Gothitelle|88/100|[from] Stealth Rock
|turn|15
|
|move|p1a: Zacian|Swords Dance|p1a: Zacian
|-boost|p1a: Zacian|atk|2
|move|p2a: Gothitelle|Cosmic Power|p2a: Gothitelle
|-boost|p2a: Gothitelle|def|1
|-boost|p2a: Gothitelle|spd|1
|
|-weather|none
|-heal|p2a: Gothitelle|94/100|[from] item: Leftovers
|upkeep
|turn|16
|
|move|p1a: Zacian|Swords Dance|p1a: Zacian
|-boost|p1a: Zacian|atk|2
|move|p2a: Gothitelle|Cosmic Power|p2a: Gothitelle
|-boost|p2a: Gothitelle|def|1
|-boost|p2a: Gothitelle|spd|1
|
|-heal|p2a: Gothitelle|100/100|[from] item: Leftovers
|upkeep
|turn|17
|
|move|p1a: Zacian|Behemoth Blade|p2a: Gothitelle
|-damage|p2a: Gothitelle|21/100
|move|p2a: Gothitelle|Cosmic Power|p2a: Gothitelle
|-boost|p2a: Gothitelle|def|1
|-boost|p2a: Gothitelle|spd|1
|
|-heal|p2a: Gothitelle|28/100|[from] item: Leftovers
|upkeep
|turn|18
|
|move|p1a: Zacian|Behemoth Blade|p2a: Gothitelle
|-damage|p2a: Gothitelle|0 fnt
|faint|p2a: Gothitelle
|
|upkeep
|
|switch|p2a: Reshiram|Reshiram|100/100
|-damage|p2a: Reshiram|76/100|[from] Stealth Rock
|-ability|p2a: Reshiram|Turboblaze
|turn|19
|
|switch|p1a: Tyranitar|Tyranitar, M|100/100
|-damage|p1a: Tyranitar|88/100|[from] Stealth Rock
|-weather|Sandstorm|[from] ability: Sand Stream|[of] p1a: Tyranitar
|move|p2a: Reshiram|Blue Flare|p1a: Tyranitar
|-resisted|p1a: Tyranitar
|-damage|p1a: Tyranitar|66/100
|
|-weather|Sandstorm|[upkeep]
|-damage|p2a: Reshiram|69/100|[from] Sandstorm
|upkeep
|turn|20
|
|move|p2a: Reshiram|Blue Flare|p1a: Tyranitar
|-resisted|p1a: Tyranitar
|-damage|p1a: Tyranitar|45/100
|move|p1a: Tyranitar|Earthquake|p2a: Reshiram
|-supereffective|p2a: Reshiram
|-damage|p2a: Reshiram|0 fnt
|faint|p2a: Reshiram
|
|-weather|Sandstorm|[upkeep]
|upkeep
|
|switch|p2a: Eternatus|Eternatus|100/100
|-damage|p2a: Eternatus|88/100|[from] Stealth Rock
|-ability|p2a: Eternatus|Pressure
|turn|21
|
|move|p2a: Eternatus|Cosmic Power|p2a: Eternatus
|-boost|p2a: Eternatus|def|1
|-boost|p2a: Eternatus|spd|1
|move|p1a: Tyranitar|Snarl|p2a: Eternatus
|-damage|p2a: Eternatus|80/100
|-unboost|p2a: Eternatus|spa|1
|
|-weather|Sandstorm|[upkeep]
|-damage|p2a: Eternatus|74/100|[from] Sandstorm
|-heal|p2a: Eternatus|80/100|[from] item: Black Sludge
|upkeep
|turn|22
|
|switch|p1a: Excadrill|Excadrill, M|100/100
|-damage|p1a: Excadrill|97/100|[from] Stealth Rock
|move|p2a: Eternatus|Cosmic Power|p2a: Eternatus
|-boost|p2a: Eternatus|def|1
|-boost|p2a: Eternatus|spd|1
|
|-weather|Sandstorm|[upkeep]
|-damage|p2a: Eternatus|74/100|[from] Sandstorm
|-heal|p2a: Eternatus|80/100|[from] item: Black Sludge
|upkeep
|turn|23
|
|move|p1a: Excadrill|Earthquake|p2a: Eternatus
|-supereffective|p2a: Eternatus
|-damage|p2a: Eternatus|16/100
|move|p2a: Eternatus|Recover|p2a: Eternatus
|-heal|p2a: Eternatus|66/100
|
|-weather|Sandstorm|[upkeep]
|-damage|p2a: Eternatus|60/100|[from] Sandstorm
|-heal|p2a: Eternatus|66/100|[from] item: Black Sludge
|upkeep
|turn|24
|c|☆ULTN7U orch|gg
|c|☆GalarBumbler|gg
|
|move|p1a: Excadrill|Earthquake|p2a: Eternatus
|-supereffective|p2a: Eternatus
|-damage|p2a: Eternatus|0 fnt
|faint|p2a: Eternatus
|
|win|GalarBumbler
|l|☆ULTN7U orch
||Ladder (probably) updated, but score could not be retrieved (Response not received).
