|j|☆UZ4 Nael2222
|j|☆I Crit My Panties
|t:|1619872395
|gametype|singles
|player|p1|UZ4 Nael2222|169|1547
|player|p2|I Crit My Panties|169|1723
|teamsize|p1|6
|teamsize|p2|6
|gen|8
|tier|[Gen 8] Ubers
|rated|
|clearpoke
|poke|p1|Darmanitan-Galar, F|
|poke|p1|Zacian|
|poke|p1|Kyogre|
|poke|p1|Necrozma-Dusk-Mane|
|poke|p1|Eternatus|
|poke|p1|Yveltal|
|poke|p2|Yveltal|
|poke|p2|Necrozma-Dusk-Mane|
|poke|p2|Eternatus|
|poke|p2|Xerneas|
|poke|p2|Ho-Oh|
|poke|p2|Calyrex-Shadow|
|rule|Sleep Clause Mod: Limit one foe put to sleep
|rule|Species Clause: Limit one of each Pokémon
|rule|OHKO Clause: OHKO moves are banned
|rule|Evasion Moves Clause: Evasion moves are banned
|rule|Endless Battle Clause: Forcing endless battles is banned
|rule|HP Percentage Mod: HP is shown in percentages
|rule|Dynamax Clause: You cannot dynamax
|teampreview
|
|t:|1619872403
|start
|switch|p1a: Darmanitan|Darmanitan-Galar, F|100/100
|switch|p2a: Yveltal|Yveltal|100/100
|-ability|p2a: Yveltal|Dark Aura
|turn|1
|
|t:|1619872407
|switch|p1a: Eternatus|Eternatus|100/100
|-ability|p1a: Eternatus|Pressure
|switch|p2a: Necrozma|Necrozma-Dusk-Mane|100/100
|
|upkeep
|turn|2
|
|t:|1619872417
|switch|p1a: Yveltal|Yveltal|100/100
|-ability|p1a: Yveltal|Dark Aura
|switch|p2a: Ho-Oh|Ho-Oh|100/100
|
|upkeep
|turn|3
|
|t:|1619872424
|move|p1a: Yveltal|Knock Off|p2a: Ho-Oh
|-damage|p2a: Ho-Oh|58/100
|-enditem|p2a: Ho-Oh|Heavy-Duty Boots|[from] move: Knock Off|[of] p1a: Yveltal
|move|p2a: Ho-Oh|Sacred Fire|p1a: Yveltal
|-damage|p1a: Yveltal|74/100
|
|upkeep
|turn|4
|
|t:|1619872433
|switch|p1a: Eternatus|Eternatus|100/100
|-ability|p1a: Eternatus|Pressure
|move|p2a: Ho-Oh|Thunder Wave|p1a: Eternatus
|-status|p1a: Eternatus|par
|
|upkeep
|turn|5
|
|t:|1619872441
|switch|p2a: Necrozma|Necrozma-Dusk-Mane|100/100
|switch|p1a: Kyogre|Kyogre|100/100
|-weather|RainDance|[from] ability: Drizzle|[of] p1a: Kyogre
|
|-weather|RainDance|[upkeep]
|upkeep
|turn|6
|
|t:|1619872447
|switch|p2a: Eternatus|Eternatus|100/100
|-ability|p2a: Eternatus|Pressure
|move|p1a: Kyogre|Thunder|p2a: Eternatus
|-resisted|p2a: Eternatus
|-damage|p2a: Eternatus|89/100
|
|-weather|RainDance|[upkeep]
|-heal|p2a: Eternatus|95/100|[from] item: Black Sludge
|upkeep
|turn|7
|
|t:|1619872453
|switch|p1a: Necrozma|Necrozma-Dusk-Mane|100/100
|switch|p2a: Necrozma|Necrozma-Dusk-Mane|100/100
|
|-weather|RainDance|[upkeep]
|upkeep
|turn|8
|
|t:|1619872456
|move|p2a: Necrozma|Stealth Rock|p1a: Necrozma
|-sidestart|p1: UZ4 Nael2222|move: Stealth Rock
|move|p1a: Necrozma|Stealth Rock|p2a: Necrozma
|-sidestart|p2: I Crit My Panties|move: Stealth Rock
|
|-weather|RainDance|[upkeep]
|upkeep
|turn|9
|
|t:|1619872470
|switch|p1a: Yveltal|Yveltal|74/100
|-ability|p1a: Yveltal|Dark Aura
|switch|p2a: Ho-Oh|Ho-Oh|91/100
|-damage|p2a: Ho-Oh|41/100|[from] Stealth Rock
|
|-weather|none
|upkeep
|turn|10
|
|t:|1619872483
|switch|p2a: Xerneas|Xerneas|100/100
|-damage|p2a: Xerneas|88/100|[from] Stealth Rock
|-ability|p2a: Xerneas|Fairy Aura
|move|p1a: Yveltal|Toxic|p2a: Xerneas
|-status|p2a: Xerneas|tox
|
|-heal|p2a: Xerneas|94/100 tox|[from] item: Leftovers
|-damage|p2a: Xerneas|88/100 tox|[from] psn
|upkeep
|turn|11
|
|t:|1619872492
|switch|p1a: Necrozma|Necrozma-Dusk-Mane|100/100
|-damage|p1a: Necrozma|94/100|[from] Stealth Rock
|move|p2a: Xerneas|Aromatherapy|p2a: Xerneas
|-activate|p2a: Xerneas|move: Aromatherapy
|-curestatus|p2a: Xerneas|tox|[msg]
|
|-heal|p2a: Xerneas|94/100|[from] item: Leftovers
|-heal|p1a: Necrozma|100/100|[from] item: Leftovers
|upkeep
|turn|12
|
|t:|1619872503
|switch|p2a: Ho-Oh|Ho-Oh|74/100
|-damage|p2a: Ho-Oh|24/100|[from] Stealth Rock
|switch|p1a: Yveltal|Yveltal|74/100
|-ability|p1a: Yveltal|Dark Aura
|
|upkeep
|turn|13
|
|t:|1619872513
|switch|p2a: Yveltal|Yveltal|100/100
|-ability|p2a: Yveltal|Dark Aura
|move|p1a: Yveltal|Knock Off|p2a: Yveltal
|-resisted|p2a: Yveltal
|-damage|p2a: Yveltal|80/100
|-enditem|p2a: Yveltal|Heavy-Duty Boots|[from] move: Knock Off|[of] p1a: Yveltal
|
|upkeep
|turn|14
|
|t:|1619872519
|switch|p1a: Eternatus|Eternatus|100/100 par
|-ability|p1a: Eternatus|Pressure
|move|p2a: Yveltal|Knock Off|p1a: Eternatus
|-damage|p1a: Eternatus|56/100 par
|-enditem|p1a: Eternatus|Heavy-Duty Boots|[from] move: Knock Off|[of] p2a: Yveltal
|
|upkeep
|turn|15
|
|t:|1619872525
|move|p2a: Yveltal|U-turn|p1a: Eternatus
|-resisted|p1a: Eternatus
|-damage|p1a: Eternatus|49/100 par
|
|t:|1619872527
|switch|p2a: Calyrex|Calyrex-Shadow|100/100|[from]move: U-turn
|-ability|p2a: Calyrex|As One
|-ability|p2a: Calyrex|Unnerve
|-damage|p2a: Calyrex|88/100|[from] Stealth Rock
|cant|p1a: Eternatus|par
|
|upkeep
|turn|16
|
|t:|1619872532
|switch|p1a: Yveltal|Yveltal|74/100
|-ability|p1a: Yveltal|Dark Aura
|move|p2a: Calyrex|Trick|p1a: Yveltal
|-activate|p2a: Calyrex|move: Trick|[of] p1a: Yveltal
|-item|p1a: Yveltal|Choice Scarf|[from] move: Trick
|-item|p2a: Calyrex|Heavy-Duty Boots|[from] move: Trick
|
|upkeep
|turn|17
|
|t:|1619872538
|switch|p2a: Yveltal|Yveltal|80/100
|-damage|p2a: Yveltal|55/100|[from] Stealth Rock
|-ability|p2a: Yveltal|Dark Aura
|move|p1a: Yveltal|Defog|p2a: Yveltal
|-unboost|p2a: Yveltal|evasion|1
|-sideend|p2: I Crit My Panties|Stealth Rock|[from] move: Defog|[of] p1a: Yveltal
|-sideend|p1: UZ4 Nael2222|Stealth Rock|[from] move: Defog|[of] p1a: Yveltal
|
|upkeep
|turn|18
|
|t:|1619872543
|switch|p1a: Eternatus|Eternatus|49/100 par
|-ability|p1a: Eternatus|Pressure
|move|p2a: Yveltal|U-turn|p1a: Eternatus
|-resisted|p1a: Eternatus
|-crit|p1a: Eternatus
|-damage|p1a: Eternatus|39/100 par
|
|t:|1619872546
|switch|p2a: Necrozma|Necrozma-Dusk-Mane|100/100|[from]move: U-turn
|
|upkeep
|turn|19
|
|t:|1619872560
|switch|p1a: Yveltal|Yveltal|74/100
|-ability|p1a: Yveltal|Dark Aura
|move|p2a: Necrozma|Stealth Rock|p1a: Yveltal
|-sidestart|p1: UZ4 Nael2222|move: Stealth Rock
|
|upkeep
|turn|20
|
|t:|1619872565
|move|p1a: Yveltal|Defog|p2a: Necrozma
|-unboost|p2a: Necrozma|evasion|1
|-sideend|p1: UZ4 Nael2222|Stealth Rock|[from] move: Defog|[of] p1a: Yveltal
|move|p2a: Necrozma|Sunsteel Strike|p1a: Yveltal
|-damage|p1a: Yveltal|40/100
|
|upkeep
|turn|21
|
|t:|1619872571
|switch|p1a: Kyogre|Kyogre|100/100
|-weather|RainDance|[from] ability: Drizzle|[of] p1a: Kyogre
|move|p2a: Necrozma|Stealth Rock|p1a: Kyogre
|-sidestart|p1: UZ4 Nael2222|move: Stealth Rock
|
|-weather|RainDance|[upkeep]
|upkeep
|turn|22
|
|t:|1619872575
|switch|p2a: Eternatus|Eternatus|95/100
|-ability|p2a: Eternatus|Pressure
|move|p1a: Kyogre|Thunder|p2a: Eternatus
|-resisted|p2a: Eternatus
|-damage|p2a: Eternatus|84/100
|-status|p2a: Eternatus|par
|
|-weather|RainDance|[upkeep]
|-heal|p2a: Eternatus|90/100 par|[from] item: Black Sludge
|upkeep
|turn|23
|
|t:|1619872581
|switch|p1a: Necrozma|Necrozma-Dusk-Mane|100/100
|-damage|p1a: Necrozma|94/100|[from] Stealth Rock
|move|p2a: Eternatus|Toxic|p1a: Necrozma
|-immune|p1a: Necrozma
|
|-weather|RainDance|[upkeep]
|-heal|p1a: Necrozma|100/100|[from] item: Leftovers
|-heal|p2a: Eternatus|96/100 par|[from] item: Black Sludge
|upkeep
|turn|24
|
|t:|1619872589
|switch|p2a: Ho-Oh|Ho-Oh|58/100
|move|p1a: Necrozma|Stealth Rock|p2a: Ho-Oh
|-sidestart|p2: I Crit My Panties|move: Stealth Rock
|
|-weather|RainDance|[upkeep]
|upkeep
|turn|25
|
|t:|1619872599
|switch|p1a: Yveltal|Yveltal|40/100
|-damage|p1a: Yveltal|15/100|[from] Stealth Rock
|-ability|p1a: Yveltal|Dark Aura
|move|p2a: Ho-Oh|Thunder Wave|p1a: Yveltal
|-status|p1a: Yveltal|par
|
|-weather|none
|upkeep
|turn|26
|
|t:|1619872610
|move|p2a: Ho-Oh|Sacred Fire|p1a: Yveltal|[miss]
|-miss|p2a: Ho-Oh|p1a: Yveltal
|move|p1a: Yveltal|Roost|p1a: Yveltal
|-heal|p1a: Yveltal|65/100 par
|-singleturn|p1a: Yveltal|move: Roost
|
|upkeep
|turn|27
|
|t:|1619872614
|switch|p2a: Xerneas|Xerneas|94/100
|-damage|p2a: Xerneas|82/100|[from] Stealth Rock
|-ability|p2a: Xerneas|Fairy Aura
|move|p1a: Yveltal|Roost|p1a: Yveltal
|-heal|p1a: Yveltal|100/100 par
|-singleturn|p1a: Yveltal|move: Roost
|
|-heal|p2a: Xerneas|88/100|[from] item: Leftovers
|upkeep
|turn|28
|
|t:|1619872620
|switch|p1a: Necrozma|Necrozma-Dusk-Mane|100/100
|-damage|p1a: Necrozma|94/100|[from] Stealth Rock
|move|p2a: Xerneas|Aromatherapy|p2a: Xerneas
|-activate|p2a: Xerneas|move: Aromatherapy
|-curestatus|p2: Eternatus|par|[msg]
|
|-heal|p2a: Xerneas|94/100|[from] item: Leftovers
|-heal|p1a: Necrozma|100/100|[from] item: Leftovers
|upkeep
|turn|29
|
|t:|1619872627
|switch|p2a: Ho-Oh|Ho-Oh|91/100
|-damage|p2a: Ho-Oh|41/100|[from] Stealth Rock
|switch|p1a: Kyogre|Kyogre|100/100
|-damage|p1a: Kyogre|88/100|[from] Stealth Rock
|-weather|RainDance|[from] ability: Drizzle|[of] p1a: Kyogre
|
|-weather|RainDance|[upkeep]
|upkeep
|turn|30
|
|t:|1619872635
|switch|p2a: Eternatus|Eternatus|96/100
|-damage|p2a: Eternatus|84/100|[from] Stealth Rock
|-ability|p2a: Eternatus|Pressure
|move|p1a: Kyogre|Water Spout|p2a: Eternatus
|-resisted|p2a: Eternatus
|-damage|p2a: Eternatus|51/100
|
|-weather|RainDance|[upkeep]
|-heal|p2a: Eternatus|57/100|[from] item: Black Sludge
|upkeep
|turn|31
|
|t:|1619872647
|switch|p1a: Yveltal|Yveltal|100/100 par
|-damage|p1a: Yveltal|76/100 par|[from] Stealth Rock
|-ability|p1a: Yveltal|Dark Aura
|move|p2a: Eternatus|Recover|p2a: Eternatus
|-heal|p2a: Eternatus|100/100
|
|-weather|RainDance|[upkeep]
|upkeep
|turn|32
|
|t:|1619872653
|move|p2a: Eternatus|Dynamax Cannon|p1a: Yveltal
|-damage|p1a: Yveltal|46/100 par
|cant|p1a: Yveltal|par
|
|-weather|RainDance|[upkeep]
|upkeep
|turn|33
|
|t:|1619872661
|move|p2a: Eternatus|Dynamax Cannon|p1a: Yveltal
|-damage|p1a: Yveltal|15/100 par
|move|p1a: Yveltal|Roost|p1a: Yveltal
|-heal|p1a: Yveltal|65/100 par
|-singleturn|p1a: Yveltal|move: Roost
|
|-weather|none
|upkeep
|turn|34
|
|t:|1619872670
|switch|p2a: Yveltal|Yveltal|55/100
|-damage|p2a: Yveltal|30/100|[from] Stealth Rock
|-ability|p2a: Yveltal|Dark Aura
|switch|p1a: Necrozma|Necrozma-Dusk-Mane|100/100
|-damage|p1a: Necrozma|94/100|[from] Stealth Rock
|
|-heal|p1a: Necrozma|100/100|[from] item: Leftovers
|upkeep
|turn|35
|
|t:|1619872675
|move|p2a: Yveltal|Roost|p2a: Yveltal
|-heal|p2a: Yveltal|80/100
|-singleturn|p2a: Yveltal|move: Roost
|move|p1a: Necrozma|Sunsteel Strike|p2a: Yveltal
|-damage|p2a: Yveltal|46/100
|
|upkeep
|turn|36
|
|t:|1619872683
|switch|p1a: Darmanitan|Darmanitan-Galar, F|100/100
|-damage|p1a: Darmanitan|75/100|[from] Stealth Rock
|move|p2a: Yveltal|Roost|p2a: Yveltal
|-heal|p2a: Yveltal|96/100
|-singleturn|p2a: Yveltal|move: Roost
|
|upkeep
|turn|37
|
|t:|1619872688
|switch|p2a: Necrozma|Necrozma-Dusk-Mane|100/100
|-damage|p2a: Necrozma|94/100|[from] Stealth Rock
|move|p1a: Darmanitan|Belly Drum|p1a: Darmanitan
|-damage|p1a: Darmanitan|25/100
|-setboost|p1a: Darmanitan|atk|6|[from] move: Belly Drum
|-enditem|p1a: Darmanitan|Salac Berry|[eat]
|-boost|p1a: Darmanitan|spe|1|[from] item: Salac Berry
|
|-formechange|p1a: Darmanitan|Darmanitan-Galar-Zen|
|upkeep
|turn|38
|
|t:|1619872693
|switch|p2a: Ho-Oh|Ho-Oh|74/100
|-damage|p2a: Ho-Oh|24/100|[from] Stealth Rock
|move|p1a: Darmanitan|Fire Punch|p2a: Ho-Oh
|-resisted|p2a: Ho-Oh
|-damage|p2a: Ho-Oh|0 fnt
|faint|p2a: Ho-Oh
|
|upkeep
|
|t:|1619872696
|switch|p2a: Yveltal|Yveltal|96/100
|-damage|p2a: Yveltal|71/100|[from] Stealth Rock
|-ability|p2a: Yveltal|Dark Aura
|turn|39
|
|t:|1619872705
|move|p2a: Yveltal|Sucker Punch||[still]
|-fail|p2a: Yveltal
|move|p1a: Darmanitan|Substitute|p1a: Darmanitan
|-fail|p1a: Darmanitan|move: Substitute|[weak]
|
|upkeep
|turn|40
|
|t:|1619872712
|move|p2a: Yveltal|Sucker Punch||[still]
|-fail|p2a: Yveltal
|move|p1a: Darmanitan|Substitute|p1a: Darmanitan
|-fail|p1a: Darmanitan|move: Substitute|[weak]
|
|upkeep
|turn|41
|
|t:|1619872715
|move|p2a: Yveltal|Sucker Punch||[still]
|-fail|p2a: Yveltal
|move|p1a: Darmanitan|Substitute|p1a: Darmanitan
|-fail|p1a: Darmanitan|move: Substitute|[weak]
|
|upkeep
|turn|42
|
|t:|1619872718
|move|p2a: Yveltal|Sucker Punch||[still]
|-fail|p2a: Yveltal
|move|p1a: Darmanitan|Substitute|p1a: Darmanitan
|-fail|p1a: Darmanitan|move: Substitute|[weak]
|
|upkeep
|turn|43
|
|t:|1619872720
|move|p2a: Yveltal|Sucker Punch||[still]
|-fail|p2a: Yveltal
|move|p1a: Darmanitan|Substitute|p1a: Darmanitan
|-fail|p1a: Darmanitan|move: Substitute|[weak]
|
|upkeep
|turn|44
|
|t:|1619872726
|move|p2a: Yveltal|Sucker Punch||[still]
|-fail|p2a: Yveltal
|move|p1a: Darmanitan|Substitute|p1a: Darmanitan
|-fail|p1a: Darmanitan|move: Substitute|[weak]
|
|upkeep
|turn|45
|
|t:|1619872730
|move|p2a: Yveltal|Sucker Punch||[still]
|-fail|p2a: Yveltal
|move|p1a: Darmanitan|Substitute|p1a: Darmanitan
|-fail|p1a: Darmanitan|move: Substitute|[weak]
|
|upkeep
|turn|46
|
|t:|1619872736
|move|p1a: Darmanitan|Icicle Crash|p2a: Yveltal
|-supereffective|p2a: Yveltal
|-crit|p2a: Yveltal
|-damage|p2a: Yveltal|0 fnt
|faint|p2a: Yveltal
|
|upkeep
|
|t:|1619872738
|switch|p2a: Calyrex|Calyrex-Shadow|88/100
|-ability|p2a: Calyrex|As One
|-ability|p2a: Calyrex|Unnerve
|turn|47
|
|t:|1619872741
|move|p1a: Darmanitan|Fire Punch|p2a: Calyrex
|-damage|p2a: Calyrex|0 fnt
|faint|p2a: Calyrex
|
|upkeep
|-message|I Crit My Panties forfeited.
|
|win|UZ4 Nael2222
|raw|UZ4 Nael2222's rating: 1547 &rarr; <strong>1576</strong><br />(+29 for winning)
|raw|I Crit My Panties's rating: 1723 &rarr; <strong>1694</strong><br />(-29 for losing)
|l|☆I Crit My Panties
|l|☆UZ4 Nael2222
|j|☆UZ4 Nael2222
|player|p1|UZ4 Nael2222|169
