|j|☆meinkrafter
|j|☆Lawtrixx
|t:|1663714651
|gametype|singles
|player|p1|meinkrafter|caitlin|1592
|player|p2|Lawtrixx|alder|1488
|teamsize|p1|6
|teamsize|p2|6
|gen|8
|tier|[Gen 8] Ubers
|rated|
|rule|Sleep Clause Mod: Limit one foe put to sleep
|rule|Species Clause: Limit one of each Pokémon
|rule|OHKO Clause: OHKO moves are banned
|rule|Evasion Items Clause: Evasion items are banned
|rule|Evasion Moves Clause: Evasion moves are banned
|rule|Endless Battle Clause: Forcing endless battles is banned
|rule|HP Percentage Mod: HP is shown in percentages
|rule|Dynamax Clause: You cannot dynamax
|clearpoke
|poke|p1|Slurpuff, F|
|poke|p1|Eternatus|
|poke|p1|Yveltal|
|poke|p1|Necrozma-Dusk-Mane|
|poke|p1|Kyogre|
|poke|p1|Calyrex-Shadow|
|poke|p2|Yveltal|
|poke|p2|Eternatus|
|poke|p2|Necrozma-Dusk-Mane|
|poke|p2|Dracovish|
|poke|p2|Kyogre|
|poke|p2|Marshadow|
|teampreview
|
|t:|1663714660
|start
|switch|p1a: Slurpuff|Slurpuff, F|100/100
|switch|p2a: Yveltal|Yveltal|100/100
|-ability|p2a: Yveltal|Dark Aura
|turn|1
|
|t:|1663714671
|move|p1a: Slurpuff|Magic Coat|p1a: Slurpuff
|-singleturn|p1a: Slurpuff|move: Magic Coat
|move|p2a: Yveltal|Taunt|p1a: Slurpuff
|move|p1a: Slurpuff|Taunt|p2a: Yveltal|[from]Magic Coat
|-start|p2a: Yveltal|move: Taunt
|
|upkeep
|turn|2
|inactive|Battle timer is ON: inactive players will automatically lose when time's up. (requested by Lawtrixx)
|
|t:|1663714677
|move|p2a: Yveltal|Oblivion Wing|p1a: Slurpuff
|-damage|p1a: Slurpuff|9/100
|-damage|p2a: Yveltal|91/100|[from] item: Life Orb
|move|p1a: Slurpuff|Sticky Web|p2a: Yveltal
|-sidestart|p2: Lawtrixx|move: Sticky Web
|
|upkeep
|turn|3
|
|t:|1663714685
|move|p2a: Yveltal|Oblivion Wing|p1a: Slurpuff
|-damage|p1a: Slurpuff|0 fnt
|-heal|p2a: Yveltal|96/100|[from] drain|[of] p1a: Slurpuff
|faint|p1a: Slurpuff
|-damage|p2a: Yveltal|86/100|[from] item: Life Orb
|
|upkeep
|
|t:|1663714692
|switch|p1a: Eternatus|Eternatus|100/100
|-ability|p1a: Eternatus|Pressure
|turn|4
|
|t:|1663714705
|move|p1a: Eternatus|Meteor Beam||[still]
|-prepare|p1a: Eternatus|Meteor Beam
|-boost|p1a: Eternatus|spa|1
|-enditem|p1a: Eternatus|Power Herb
|-anim|p1a: Eternatus|Meteor Beam|p2a: Yveltal
|-supereffective|p2a: Yveltal
|-damage|p2a: Yveltal|0 fnt
|faint|p2a: Yveltal
|
|upkeep
|
|t:|1663714722
|switch|p2a: Necrozma|Necrozma-Dusk-Mane|100/100
|-activate|p2a: Necrozma|move: Sticky Web
|-unboost|p2a: Necrozma|spe|1
|turn|5
|
|t:|1663714726
|move|p1a: Eternatus|Flamethrower|p2a: Necrozma
|-supereffective|p2a: Necrozma
|-damage|p2a: Necrozma|50/100
|move|p2a: Necrozma|Thunder Wave|p1a: Eternatus
|-status|p1a: Eternatus|par
|
|-heal|p2a: Necrozma|56/100|[from] item: Leftovers
|upkeep
|turn|6
|
|t:|1663714735
|cant|p1a: Eternatus|par
|move|p2a: Necrozma|Morning Sun|p2a: Necrozma
|-heal|p2a: Necrozma|100/100
|
|upkeep
|turn|7
|
|t:|1663714739
|move|p1a: Eternatus|Meteor Beam||[still]
|-prepare|p1a: Eternatus|Meteor Beam
|-boost|p1a: Eternatus|spa|1
|move|p2a: Necrozma|Iron Head|p1a: Eternatus
|-damage|p1a: Eternatus|63/100 par
|
|upkeep
|turn|8
|
|t:|1663714745
|move|p1a: Eternatus|Meteor Beam|p2a: Necrozma|[from]lockedmove
|-resisted|p2a: Necrozma
|-damage|p2a: Necrozma|71/100
|move|p2a: Necrozma|Stealth Rock|p1a: Eternatus
|-sidestart|p1: meinkrafter|move: Stealth Rock
|
|-heal|p2a: Necrozma|77/100|[from] item: Leftovers
|upkeep
|turn|9
|
|t:|1663714752
|move|p1a: Eternatus|Flamethrower|p2a: Necrozma
|-supereffective|p2a: Necrozma
|-damage|p2a: Necrozma|0 fnt
|faint|p2a: Necrozma
|
|upkeep
|
|t:|1663714776
|switch|p2a: Dracovish|Dracovish|100/100
|-activate|p2a: Dracovish|move: Sticky Web
|-unboost|p2a: Dracovish|spe|1
|turn|10
|
|t:|1663714794
|move|p2a: Dracovish|Outrage|p1a: Eternatus
|-supereffective|p1a: Eternatus
|-crit|p1a: Eternatus
|-damage|p1a: Eternatus|0 fnt
|faint|p1a: Eternatus
|
|upkeep
|
|t:|1663714799
|switch|p1a: Necrozma|Necrozma-Dusk-Mane|100/100
|-damage|p1a: Necrozma|94/100|[from] Stealth Rock
|turn|11
|
|t:|1663714804
|move|p2a: Dracovish|Outrage|p1a: Necrozma|[from]lockedmove
|-resisted|p1a: Necrozma
|-damage|p1a: Necrozma|77/100
|-start|p2a: Dracovish|confusion|[fatigue]
|move|p1a: Necrozma|Dragon Dance|p1a: Necrozma
|-boost|p1a: Necrozma|atk|1
|-boost|p1a: Necrozma|spe|1
|
|upkeep
|turn|12
|
|t:|1663714812
|move|p1a: Necrozma|Dragon Dance|p1a: Necrozma
|-boost|p1a: Necrozma|atk|1
|-boost|p1a: Necrozma|spe|1
|-activate|p2a: Dracovish|confusion
|-damage|p2a: Dracovish|89/100|[from] confusion
|
|upkeep
|turn|13
|
|t:|1663714822
|move|p1a: Necrozma|Sunsteel Strike|p2a: Dracovish
|-resisted|p2a: Dracovish
|-damage|p2a: Dracovish|3/100
|-damage|p1a: Necrozma|67/100|[from] item: Life Orb
|-activate|p2a: Dracovish|confusion
|move|p2a: Dracovish|Outrage|p1a: Necrozma
|-resisted|p1a: Necrozma
|-damage|p1a: Necrozma|50/100
|
|upkeep
|turn|14
|
|t:|1663714831
|move|p1a: Necrozma|Sunsteel Strike|p2a: Dracovish
|-resisted|p2a: Dracovish
|-crit|p2a: Dracovish
|-damage|p2a: Dracovish|0 fnt
|faint|p2a: Dracovish
|-damage|p1a: Necrozma|41/100|[from] item: Life Orb
|
|upkeep
|
|t:|1663714834
|switch|p2a: Marshadow|Marshadow|100/100
|-activate|p2a: Marshadow|move: Sticky Web
|-unboost|p2a: Marshadow|spe|1
|turn|15
|
|t:|1663714840
|move|p1a: Necrozma|Sunsteel Strike|p2a: Marshadow
|-enditem|p2a: Marshadow|Focus Sash
|-damage|p2a: Marshadow|1/100
|-damage|p1a: Necrozma|31/100|[from] item: Life Orb
|move|p2a: Marshadow|Spectral Thief||[still]
|-clearpositiveboost|p1a: Necrozma|p2a: Marshadow|move: Spectral Thief
|-boost|p2a: Marshadow|atk|2
|-boost|p2a: Marshadow|spe|2
|-anim|p2a: Marshadow|Spectral Thief|p1a: Necrozma
|-supereffective|p1a: Necrozma
|-damage|p1a: Necrozma|0 fnt
|faint|p1a: Necrozma
|
|upkeep
|
|t:|1663714855
|switch|p1a: Yveltal|Yveltal|100/100
|-damage|p1a: Yveltal|76/100|[from] Stealth Rock
|-ability|p1a: Yveltal|Dark Aura
|turn|16
|
|t:|1663714863
|move|p2a: Marshadow|Shadow Sneak|p1a: Yveltal
|-resisted|p1a: Yveltal
|-damage|p1a: Yveltal|47/100
|move|p1a: Yveltal|Sucker Punch||[still]
|-fail|p1a: Yveltal
|
|upkeep
|turn|17
|
|t:|1663714870
|move|p2a: Marshadow|Low Kick|p1a: Yveltal
|-damage|p1a: Yveltal|0 fnt
|faint|p1a: Yveltal
|
|upkeep
|
|t:|1663714876
|switch|p1a: Kyogre|Kyogre|100/100
|-damage|p1a: Kyogre|88/100|[from] Stealth Rock
|-weather|RainDance|[from] ability: Drizzle|[of] p1a: Kyogre
|turn|18
|-message|meinkrafter forfeited.
|
|win|Lawtrixx
|raw|meinkrafter's rating: 1592 &rarr; <strong>1566</strong><br />(-26 for losing)
|raw|Lawtrixx's rating: 1488 &rarr; <strong>1514</strong><br />(+26 for winning)
|l|☆meinkrafter
|c|☆Lawtrixx|gg
