|j|☆OPJellicent
|j|☆neptune732
|t:|1646363866
|gametype|singles
|player|p1|OPJellicent|lucas-gen4pt|1402
|player|p2|neptune732|169|1550
|teamsize|p1|6
|teamsize|p2|6
|gen|8
|tier|[Gen 8] Ubers
|rated|
|rule|Sleep Clause Mod: Limit one foe put to sleep
|rule|Species Clause: Limit one of each Pokémon
|rule|OHKO Clause: OHKO moves are banned
|rule|Evasion Moves Clause: Evasion moves are banned
|rule|Endless Battle Clause: Forcing endless battles is banned
|rule|HP Percentage Mod: HP is shown in percentages
|rule|Dynamax Clause: You cannot dynamax
|clearpoke
|poke|p1|Rayquaza|
|poke|p1|Calyrex-Shadow|
|poke|p1|Groudon|
|poke|p1|Necrozma-Dusk-Mane|
|poke|p1|Yveltal|
|poke|p1|Kyogre|
|poke|p2|Necrozma-Dusk-Mane|
|poke|p2|Kyogre|
|poke|p2|Palkia|
|poke|p2|Calyrex-Ice|
|poke|p2|Hatterene, F|
|poke|p2|Porygon2|
|teampreview
|inactive|Battle timer is ON: inactive players will automatically lose when time's up. (requested by OPJellicent)
|
|t:|1646363890
|start
|switch|p1a: Kyogre|Kyogre|100/100
|switch|p2a: Hatterene|Hatterene, F|100/100
|-weather|RainDance|[from] ability: Drizzle|[of] p1a: Kyogre
|turn|1
|
|t:|1646363897
|move|p1a: Kyogre|Water Spout|p2a: Hatterene
|-enditem|p2a: Hatterene|Focus Sash
|-damage|p2a: Hatterene|1/100
|move|p2a: Hatterene|Trick Room|p2a: Hatterene
|-fieldstart|move: Trick Room|[of] p2a: Hatterene
|
|-weather|RainDance|[upkeep]
|upkeep
|turn|2
|
|t:|1646363909
|switch|p1a: Necrozma|Necrozma-Dusk-Mane|100/100
|move|p2a: Hatterene|Misty Explosion|p1a: Necrozma
|-resisted|p1a: Necrozma
|-damage|p1a: Necrozma|81/100
|faint|p2a: Hatterene
|
|-weather|RainDance|[upkeep]
|-heal|p1a: Necrozma|87/100|[from] item: Leftovers
|upkeep
|
|t:|1646363917
|switch|p2a: Kyogre|Kyogre|100/100
|turn|3
|inactive|OPJellicent has 120 seconds left.
|
|t:|1646363961
|switch|p1a: Groudon|Groudon|100/100
|-weather|SunnyDay|[from] ability: Drought|[of] p1a: Groudon
|move|p2a: Kyogre|Water Spout|p1a: Groudon
|-supereffective|p1a: Groudon
|-damage|p1a: Groudon|0 fnt
|faint|p1a: Groudon
|
|-weather|SunnyDay|[upkeep]
|upkeep
|
|t:|1646363962
|switch|p1a: Rayquaza|Rayquaza|100/100
|-ability|p1a: Rayquaza|Air Lock
|turn|4
|
|t:|1646363979
|switch|p2a: Calyrex|Calyrex-Ice|100/100
|-ability|p2a: Calyrex|As One
|-ability|p2a: Calyrex|Unnerve
|move|p1a: Rayquaza|Dragon Ascent|p2a: Calyrex
|-damage|p2a: Calyrex|48/100
|-unboost|p1a: Rayquaza|def|1
|-unboost|p1a: Rayquaza|spd|1
|-damage|p1a: Rayquaza|91/100|[from] item: Life Orb
|
|-weather|SunnyDay|[upkeep]
|upkeep
|turn|5
|inactive|neptune732 has 120 seconds left.
|
|t:|1646364008
|switch|p1a: Necrozma|Necrozma-Dusk-Mane|87/100
|move|p2a: Calyrex|High Horsepower|p1a: Necrozma
|-supereffective|p1a: Necrozma
|-crit|p1a: Necrozma
|-damage|p1a: Necrozma|4/100
|-damage|p2a: Calyrex|38/100|[from] item: Life Orb
|
|-weather|SunnyDay|[upkeep]
|-heal|p1a: Necrozma|10/100|[from] item: Leftovers
|-fieldend|move: Trick Room
|upkeep
|turn|6
|inactive|neptune732 has 120 seconds left.
|
|t:|1646364020
|move|p1a: Necrozma|Stealth Rock|p2a: Calyrex
|-sidestart|p2: neptune732|move: Stealth Rock
|move|p2a: Calyrex|Trick Room|p2a: Calyrex
|-fieldstart|move: Trick Room|[of] p2a: Calyrex
|
|-weather|SunnyDay|[upkeep]
|-heal|p1a: Necrozma|16/100|[from] item: Leftovers
|upkeep
|turn|7
|
|t:|1646364029
|move|p2a: Calyrex|Glacial Lance|p1a: Necrozma
|-resisted|p1a: Necrozma
|-damage|p1a: Necrozma|0 fnt
|faint|p1a: Necrozma
|-ability|p2a: Calyrex|Chilling Neigh|boost
|-boost|p2a: Calyrex|atk|1
|-damage|p2a: Calyrex|28/100|[from] item: Life Orb
|
|-weather|none
|upkeep
|inactive|OPJellicent has 120 seconds left.
|
|t:|1646364077
|switch|p1a: Yveltal|Yveltal|100/100
|-ability|p1a: Yveltal|Dark Aura
|turn|8
|
|t:|1646364084
|switch|p2a: Kyogre|Kyogre|100/100
|-damage|p2a: Kyogre|88/100|[from] Stealth Rock
|-weather|RainDance|[from] ability: Drizzle|[of] p2a: Kyogre
|move|p1a: Yveltal|Sucker Punch||[still]
|-fail|p1a: Yveltal
|
|-weather|RainDance|[upkeep]
|upkeep
|turn|9
|
|t:|1646364094
|move|p1a: Yveltal|Sucker Punch|p2a: Kyogre
|-crit|p2a: Kyogre
|-damage|p2a: Kyogre|29/100
|move|p2a: Kyogre|Ice Beam|p1a: Yveltal
|-supereffective|p1a: Yveltal
|-damage|p1a: Yveltal|29/100
|
|-weather|RainDance|[upkeep]
|upkeep
|turn|10
|inactive|neptune732 has 120 seconds left.
|
|t:|1646364120
|switch|p2a: Calyrex|Calyrex-Ice|28/100
|-ability|p2a: Calyrex|As One
|-ability|p2a: Calyrex|Unnerve
|-damage|p2a: Calyrex|3/100|[from] Stealth Rock
|move|p1a: Yveltal|Sucker Punch||[still]
|-fail|p1a: Yveltal
|
|-weather|RainDance|[upkeep]
|-fieldend|move: Trick Room
|upkeep
|turn|11
|inactive|neptune732 has 120 seconds left.
|
|t:|1646364130
|move|p1a: Yveltal|Knock Off|p2a: Calyrex
|-supereffective|p2a: Calyrex
|-damage|p2a: Calyrex|0 fnt
|-enditem|p2a: Calyrex|Life Orb|[from] move: Knock Off|[of] p1a: Yveltal
|faint|p2a: Calyrex
|
|-weather|RainDance|[upkeep]
|upkeep
|inactive|neptune732 has 120 seconds left.
|
|t:|1646364136
|switch|p2a: Porygon2|Porygon2|100/100
|-damage|p2a: Porygon2|88/100|[from] Stealth Rock
|turn|12
|
|t:|1646364142
|move|p1a: Yveltal|Roost|p1a: Yveltal
|-heal|p1a: Yveltal|79/100
|-singleturn|p1a: Yveltal|move: Roost
|move|p2a: Porygon2|Trick Room|p2a: Porygon2
|-fieldstart|move: Trick Room|[of] p2a: Porygon2
|
|-weather|none
|upkeep
|turn|13
|
|t:|1646364156
|move|p2a: Porygon2|Toxic|p1a: Yveltal
|-status|p1a: Yveltal|tox
|move|p1a: Yveltal|Knock Off|p2a: Porygon2
|-damage|p2a: Porygon2|59/100
|-enditem|p2a: Porygon2|Eviolite|[from] move: Knock Off|[of] p1a: Yveltal
|
|-damage|p1a: Yveltal|73/100 tox|[from] psn
|upkeep
|turn|14
|inactive|neptune732 has 120 seconds left.
|
|t:|1646364171
|switch|p2a: Kyogre|Kyogre|29/100
|-damage|p2a: Kyogre|16/100|[from] Stealth Rock
|-weather|RainDance|[from] ability: Drizzle|[of] p2a: Kyogre
|move|p1a: Yveltal|Roost|p1a: Yveltal
|-heal|p1a: Yveltal|100/100 tox
|-singleturn|p1a: Yveltal|move: Roost
|
|-weather|RainDance|[upkeep]
|-damage|p1a: Yveltal|88/100 tox|[from] psn
|upkeep
|turn|15
|inactive|neptune732 has 120 seconds left.
|
|t:|1646364185
|move|p1a: Yveltal|Sucker Punch|p2a: Kyogre
|-damage|p2a: Kyogre|0 fnt
|faint|p2a: Kyogre
|
|-weather|RainDance|[upkeep]
|-damage|p1a: Yveltal|70/100 tox|[from] psn
|upkeep
|inactive|neptune732 has 120 seconds left.
|
|t:|1646364191
|switch|p2a: Palkia|Palkia|100/100
|-damage|p2a: Palkia|88/100|[from] Stealth Rock
|-ability|p2a: Palkia|Pressure
|turn|16
|
|t:|1646364197
|move|p1a: Yveltal|Sucker Punch|p2a: Palkia
|-damage|p2a: Palkia|52/100
|move|p2a: Palkia|Hydro Pump|p1a: Yveltal
|-damage|p1a: Yveltal|0 fnt
|faint|p1a: Yveltal
|
|-weather|RainDance|[upkeep]
|-fieldend|move: Trick Room
|upkeep
|
|t:|1646364222
|switch|p1a: Kyogre|Kyogre|100/100
|turn|17
|
|t:|1646364230
|move|p1a: Kyogre|Thunder|p2a: Palkia
|-damage|p2a: Palkia|2/100
|move|p2a: Palkia|Trick Room|p2a: Palkia
|-fieldstart|move: Trick Room|[of] p2a: Palkia
|
|-weather|RainDance|[upkeep]
|upkeep
|turn|18
|
|t:|1646364245
|switch|p1a: Calyrex|Calyrex-Shadow|100/100
|-ability|p1a: Calyrex|As One
|-ability|p1a: Calyrex|Unnerve
|move|p2a: Palkia|Draco Meteor|p1a: Calyrex
|-damage|p1a: Calyrex|0 fnt
|-unboost|p2a: Palkia|spa|2
|faint|p1a: Calyrex
|
|-weather|none
|upkeep
|
|t:|1646364247
|switch|p1a: Rayquaza|Rayquaza|91/100
|-ability|p1a: Rayquaza|Air Lock
|turn|19
|
|t:|1646364259
|move|p1a: Rayquaza|Extreme Speed|p2a: Palkia
|-damage|p2a: Palkia|0 fnt
|faint|p2a: Palkia
|-damage|p1a: Rayquaza|81/100|[from] item: Life Orb
|
|upkeep
|inactive|neptune732 has 120 seconds left.
|
|t:|1646364288
|switch|p2a: Porygon2|Porygon2|59/100
|-damage|p2a: Porygon2|47/100|[from] Stealth Rock
|turn|20
|
|t:|1646364294
|move|p2a: Porygon2|Foul Play|p1a: Rayquaza
|-damage|p1a: Rayquaza|38/100
|move|p1a: Rayquaza|Dragon Ascent|p2a: Porygon2
|-damage|p2a: Porygon2|0 fnt
|-unboost|p1a: Rayquaza|def|1
|-unboost|p1a: Rayquaza|spd|1
|faint|p2a: Porygon2
|-damage|p1a: Rayquaza|28/100|[from] item: Life Orb
|
|upkeep
|
|t:|1646364304
|switch|p2a: Necrozma|Necrozma-Dusk-Mane|100/100
|-damage|p2a: Necrozma|94/100|[from] Stealth Rock
|turn|21
|
|t:|1646364308
|move|p2a: Necrozma|Swords Dance|p2a: Necrozma
|-boost|p2a: Necrozma|atk|2
|move|p1a: Rayquaza|V-create|p2a: Necrozma
|-supereffective|p2a: Necrozma
|-damage|p2a: Necrozma|0 fnt
|-unboost|p1a: Rayquaza|spe|1
|-unboost|p1a: Rayquaza|def|1
|-unboost|p1a: Rayquaza|spd|1
|faint|p2a: Necrozma
|-damage|p1a: Rayquaza|18/100|[from] item: Life Orb
|
|win|OPJellicent
|raw|OPJellicent's rating: 1402 &rarr; <strong>1430</strong><br />(+28 for winning)
|raw|neptune732's rating: 1550 &rarr; <strong>1522</strong><br />(-28 for losing)
|l|☆neptune732
