|j|☆4125al41
|j|☆Nell Whitacker
|t:|1630313343
|gametype|singles
|player|p1|4125al41|steven|
|player|p2|Nell Whitacker|thorton|
|teamsize|p1|6
|teamsize|p2|6
|gen|8
|tier|[Gen 8] Ubers
|rated|Tournament battle
|rule|Sleep Clause Mod: Limit one foe put to sleep
|rule|Species Clause: Limit one of each Pokémon
|rule|OHKO Clause: OHKO moves are banned
|rule|Evasion Moves Clause: Evasion moves are banned
|rule|Endless Battle Clause: Forcing endless battles is banned
|rule|HP Percentage Mod: HP is shown in percentages
|rule|Dynamax Clause: You cannot dynamax
|clearpoke
|poke|p1|Marshadow|
|poke|p1|Eternatus|
|poke|p1|Calyrex-Shadow|
|poke|p1|Ho-Oh|
|poke|p1|Groudon|
|poke|p1|Xerneas-*|
|poke|p2|Excadrill, M|
|poke|p2|Reshiram|
|poke|p2|Marshadow|
|poke|p2|Mewtwo|
|poke|p2|Necrozma-Dusk-Mane|
|poke|p2|Mandibuzz, F|
|teampreview
|
|t:|1630313351
|start
|switch|p1a: Calyrex|Calyrex-Shadow|100/100
|switch|p2a: Excadrill|Excadrill, M|100/100
|-ability|p1a: Calyrex|As One
|-ability|p1a: Calyrex|Unnerve
|-ability|p2a: Excadrill|Mold Breaker
|turn|1
|
|t:|1630313380
|move|p1a: Calyrex|Trick|p2a: Excadrill
|-activate|p1a: Calyrex|move: Trick|[of] p2a: Excadrill
|-item|p2a: Excadrill|Choice Specs|[from] move: Trick
|-item|p1a: Calyrex|Focus Sash|[from] move: Trick
|move|p2a: Excadrill|Earthquake|p1a: Calyrex
|-damage|p1a: Calyrex|32/100
|
|upkeep
|turn|2
|
|t:|1630313388
|move|p1a: Calyrex|Astral Barrage|p2a: Excadrill
|-crit|p2a: Excadrill
|-damage|p2a: Excadrill|0 fnt
|faint|p2a: Excadrill
|-ability|p1a: Calyrex|Grim Neigh|boost
|-boost|p1a: Calyrex|spa|1
|
|upkeep
|
|t:|1630313393
|switch|p2a: Marshadow|Marshadow|100/100
|turn|3
|
|t:|1630313398
|switch|p1a: Groudon|Groudon|100/100
|-weather|SunnyDay|[from] ability: Drought|[of] p1a: Groudon
|move|p2a: Marshadow|Shadow Sneak|p1a: Groudon
|-damage|p1a: Groudon|84/100
|
|-weather|SunnyDay|[upkeep]
|-heal|p1a: Groudon|90/100|[from] item: Leftovers
|upkeep
|turn|4
|
|t:|1630313436
|switch|p2a: Mandibuzz|Mandibuzz, F|100/100
|move|p1a: Groudon|Thunder Wave|p2a: Mandibuzz
|-status|p2a: Mandibuzz|par
|
|-weather|SunnyDay|[upkeep]
|-heal|p1a: Groudon|96/100|[from] item: Leftovers
|upkeep
|turn|5
|
|t:|1630313455
|switch|p1a: Eternatus|Eternatus|100/100
|-ability|p1a: Eternatus|Pressure
|move|p2a: Mandibuzz|Knock Off|p1a: Eternatus
|-damage|p1a: Eternatus|82/100
|-enditem|p1a: Eternatus|Power Herb|[from] move: Knock Off|[of] p2a: Mandibuzz
|
|-weather|SunnyDay|[upkeep]
|upkeep
|turn|6
|
|t:|1630313465
|move|p1a: Eternatus|Flamethrower|p2a: Mandibuzz
|-damage|p2a: Mandibuzz|71/100 par
|cant|p2a: Mandibuzz|par
|
|-weather|SunnyDay|[upkeep]
|upkeep
|turn|7
|
|t:|1630313470
|move|p1a: Eternatus|Meteor Beam||[still]
|-prepare|p1a: Eternatus|Meteor Beam
|-boost|p1a: Eternatus|spa|1
|move|p2a: Mandibuzz|Roost|p2a: Mandibuzz
|-heal|p2a: Mandibuzz|100/100 par
|-singleturn|p2a: Mandibuzz|move: Roost
|
|-weather|none
|upkeep
|turn|8
|
|t:|1630313478
|switch|p2a: Necrozma|Necrozma-Dusk-Mane|100/100
|move|p1a: Eternatus|Meteor Beam|p2a: Necrozma|[from]lockedmove
|-resisted|p2a: Necrozma
|-damage|p2a: Necrozma|75/100
|
|-heal|p2a: Necrozma|81/100|[from] item: Leftovers
|upkeep
|turn|9
|
|t:|1630313483
|move|p1a: Eternatus|Flamethrower|p2a: Necrozma
|-supereffective|p2a: Necrozma
|-damage|p2a: Necrozma|19/100
|move|p2a: Necrozma|Swords Dance|p2a: Necrozma
|-boost|p2a: Necrozma|atk|2
|
|-heal|p2a: Necrozma|25/100|[from] item: Leftovers
|upkeep
|turn|10
|
|t:|1630313494
|move|p1a: Eternatus|Flamethrower|p2a: Necrozma
|-supereffective|p2a: Necrozma
|-damage|p2a: Necrozma|0 fnt
|faint|p2a: Necrozma
|
|upkeep
|
|t:|1630313497
|switch|p2a: Mewtwo|Mewtwo|100/100
|-ability|p2a: Mewtwo|Pressure
|turn|11
|
|t:|1630313503
|switch|p1a: Ho-Oh|Ho-Oh|100/100
|move|p2a: Mewtwo|Psystrike|p1a: Ho-Oh
|-damage|p1a: Ho-Oh|28/100
|
|upkeep
|turn|12
|
|t:|1630313535
|move|p2a: Mewtwo|Psystrike|p1a: Ho-Oh
|-damage|p1a: Ho-Oh|0 fnt
|faint|p1a: Ho-Oh
|
|upkeep
|
|t:|1630313543
|switch|p1a: Calyrex|Calyrex-Shadow|32/100
|-ability|p1a: Calyrex|As One
|-ability|p1a: Calyrex|Unnerve
|turn|13
|
|t:|1630313553
|switch|p2a: Mandibuzz|Mandibuzz, F|100/100 par
|move|p1a: Calyrex|Astral Barrage|p2a: Mandibuzz
|-resisted|p2a: Mandibuzz
|-damage|p2a: Mandibuzz|77/100 par
|
|upkeep
|turn|14
|
|t:|1630313556
|move|p1a: Calyrex|Trick|p2a: Mandibuzz
|-activate|p1a: Calyrex|move: Trick|[of] p2a: Mandibuzz
|-item|p2a: Mandibuzz|Focus Sash|[from] move: Trick
|-item|p1a: Calyrex|Heavy-Duty Boots|[from] move: Trick
|move|p2a: Mandibuzz|Knock Off|p1a: Calyrex
|-supereffective|p1a: Calyrex
|-damage|p1a: Calyrex|0 fnt
|-enditem|p1a: Calyrex|Heavy-Duty Boots|[from] move: Knock Off|[of] p2a: Mandibuzz
|faint|p1a: Calyrex
|
|upkeep
|
|t:|1630313562
|switch|p1a: Groudon|Groudon|96/100
|-weather|SunnyDay|[from] ability: Drought|[of] p1a: Groudon
|turn|15
|
|t:|1630313566
|move|p1a: Groudon|Stealth Rock|p2a: Mandibuzz
|-sidestart|p2: Nell Whitacker|move: Stealth Rock
|cant|p2a: Mandibuzz|par
|
|-weather|SunnyDay|[upkeep]
|-heal|p1a: Groudon|100/100|[from] item: Leftovers
|upkeep
|turn|16
|
|t:|1630313570
|move|p1a: Groudon|Stone Edge|p2a: Mandibuzz|[miss]
|-miss|p1a: Groudon|p2a: Mandibuzz
|move|p2a: Mandibuzz|Knock Off|p1a: Groudon
|-crit|p1a: Groudon
|-damage|p1a: Groudon|82/100
|-enditem|p1a: Groudon|Leftovers|[from] move: Knock Off|[of] p2a: Mandibuzz
|
|-weather|SunnyDay|[upkeep]
|upkeep
|turn|17
|
|t:|1630313601
|move|p1a: Groudon|Stone Edge|p2a: Mandibuzz
|-supereffective|p2a: Mandibuzz
|-damage|p2a: Mandibuzz|28/100 par
|move|p2a: Mandibuzz|Roost|p2a: Mandibuzz
|-heal|p2a: Mandibuzz|78/100 par
|-singleturn|p2a: Mandibuzz|move: Roost
|
|-weather|SunnyDay|[upkeep]
|upkeep
|turn|18
|
|t:|1630313608
|switch|p1a: Xerneas|Xerneas|100/100
|-ability|p1a: Xerneas|Fairy Aura
|move|p2a: Mandibuzz|U-turn|p1a: Xerneas
|-resisted|p1a: Xerneas
|-damage|p1a: Xerneas|95/100
|j| pizzarollhouse
|l| pizzarollhouse
|
|t:|1630313642
|switch|p2a: Mewtwo|Mewtwo|100/100|[from]move: U-turn
|-damage|p2a: Mewtwo|88/100|[from] Stealth Rock
|-ability|p2a: Mewtwo|Pressure
|
|-weather|SunnyDay|[upkeep]
|upkeep
|turn|19
|
|t:|1630313650
|move|p1a: Xerneas|Play Rough|p2a: Mewtwo
|-damage|p2a: Mewtwo|11/100
|move|p2a: Mewtwo|Psystrike|p1a: Xerneas
|-damage|p1a: Xerneas|21/100
|
|-weather|none
|upkeep
|turn|20
|
|t:|1630313656
|move|p1a: Xerneas|Play Rough|p2a: Mewtwo
|-damage|p2a: Mewtwo|0 fnt
|faint|p2a: Mewtwo
|
|upkeep
|
|t:|1630313689
|switch|p2a: Reshiram|Reshiram|100/100
|-damage|p2a: Reshiram|76/100|[from] Stealth Rock
|-ability|p2a: Reshiram|Turboblaze
|turn|21
|
|t:|1630313697
|switch|p1a: Groudon|Groudon|82/100
|-weather|SunnyDay|[from] ability: Drought|[of] p1a: Groudon
|move|p2a: Reshiram|Earth Power|p1a: Groudon
|-damage|p1a: Groudon|50/100
|
|-weather|SunnyDay|[upkeep]
|upkeep
|turn|22
|
|t:|1630313733
|switch|p2a: Mandibuzz|Mandibuzz, F|78/100 par
|-damage|p2a: Mandibuzz|53/100 par|[from] Stealth Rock
|move|p1a: Groudon|Thunder Wave|p2a: Mandibuzz
|-fail|p2a: Mandibuzz|par
|
|-weather|SunnyDay|[upkeep]
|upkeep
|turn|23
|
|t:|1630313739
|move|p1a: Groudon|Stone Edge|p2a: Mandibuzz
|-supereffective|p2a: Mandibuzz
|-damage|p2a: Mandibuzz|0 fnt
|faint|p2a: Mandibuzz
|
|-weather|SunnyDay|[upkeep]
|upkeep
|
|t:|1630313754
|switch|p2a: Reshiram|Reshiram|76/100
|-damage|p2a: Reshiram|51/100|[from] Stealth Rock
|-ability|p2a: Reshiram|Turboblaze
|turn|24
|
|t:|1630313763
|move|p2a: Reshiram|Blue Flare|p1a: Groudon|[miss]
|-miss|p2a: Reshiram|p1a: Groudon
|move|p1a: Groudon|Precipice Blades|p2a: Reshiram
|-supereffective|p2a: Reshiram
|-crit|p2a: Reshiram
|-damage|p2a: Reshiram|0 fnt
|faint|p2a: Reshiram
|
|-weather|SunnyDay|[upkeep]
|upkeep
|
|t:|1630313766
|switch|p2a: Marshadow|Marshadow|100/100
|-damage|p2a: Marshadow|94/100|[from] Stealth Rock
|turn|25
|
|t:|1630313770
|move|p2a: Marshadow|Spectral Thief|p1a: Groudon
|-damage|p1a: Groudon|27/100
|move|p1a: Groudon|Precipice Blades|p2a: Marshadow
|-damage|p2a: Marshadow|10/100
|
|-weather|none
|upkeep
|turn|26
|j|%Lauriane
|
|t:|1630313777
|move|p2a: Marshadow|Close Combat|p1a: Groudon
|-damage|p1a: Groudon|0 fnt
|-unboost|p2a: Marshadow|def|1
|-unboost|p2a: Marshadow|spd|1
|faint|p1a: Groudon
|
|upkeep
|
|t:|1630313780
|switch|p1a: Eternatus|Eternatus|82/100
|-ability|p1a: Eternatus|Pressure
|turn|27
|
|t:|1630313785
|move|p1a: Eternatus|Flamethrower|p2a: Marshadow
|-damage|p2a: Marshadow|0 fnt
|faint|p2a: Marshadow
|
|win|4125al41
|n|☆4125al41|4125al41
|n|☆Nell Whitacker|nellwhitacker
|n| Lauriane|lauriane
