|j|☆emiyo
|j|☆Bunrphenix
|t:|1651269101
|gametype|singles
|player|p1|emiyo|170|1451
|player|p2|Bunrphenix|hilda-wonderlauncher|1672
|teamsize|p1|6
|teamsize|p2|6
|gen|8
|tier|[Gen 8] Ubers
|rated|
|rule|Sleep Clause Mod: Limit one foe put to sleep
|rule|Species Clause: Limit one of each Pokémon
|rule|OHKO Clause: OHKO moves are banned
|rule|Evasion Moves Clause: Evasion moves are banned
|rule|Endless Battle Clause: Forcing endless battles is banned
|rule|HP Percentage Mod: HP is shown in percentages
|rule|Dynamax Clause: You cannot dynamax
|clearpoke
|poke|p1|Xerneas-*|
|poke|p1|Klefki, M|
|poke|p1|Groudon|
|poke|p1|Calyrex-Shadow|
|poke|p1|Necrozma-Dusk-Mane|
|poke|p1|Yveltal|
|poke|p2|Marshadow|
|poke|p2|Kyogre|
|poke|p2|Yveltal|
|poke|p2|Necrozma-Dusk-Mane|
|poke|p2|Kyurem-White|
|poke|p2|Xerneas-*|
|teampreview
|inactive|Battle timer is ON: inactive players will automatically lose when time's up. (requested by emiyo)
|inactive|emiyo has 120 seconds left.
|inactive|Bunrphenix has 120 seconds left.
|inactive|emiyo has 90 seconds left.
|
|t:|1651269165
|start
|switch|p1a: Necrozma|Necrozma-Dusk-Mane|100/100
|switch|p2a: Kyurem|Kyurem-White|100/100
|-ability|p2a: Kyurem|Turboblaze
|turn|1
|inactive|Bunrphenix has 120 seconds left.
|j| wzxt666
|
|t:|1651269215
|switch|p2a: Necrozma|Necrozma-Dusk-Mane|100/100
|move|p1a: Necrozma|Iron Head|p2a: Necrozma
|-resisted|p2a: Necrozma
|-damage|p2a: Necrozma|83/100
|
|-heal|p2a: Necrozma|89/100|[from] item: Leftovers
|upkeep
|turn|2
|
|t:|1651269233
|switch|p1a: Groudon|Groudon|100/100
|-weather|SunnyDay|[from] ability: Drought|[of] p1a: Groudon
|move|p2a: Necrozma|Stealth Rock|p1a: Groudon
|-sidestart|p1: emiyo|move: Stealth Rock
|
|-weather|SunnyDay|[upkeep]
|-heal|p2a: Necrozma|95/100|[from] item: Leftovers
|upkeep
|turn|3
|l| wzxt666
|inactive|Bunrphenix has 90 seconds left.
|
|t:|1651269266
|switch|p2a: Kyurem|Kyurem-White|100/100
|-ability|p2a: Kyurem|Turboblaze
|move|p1a: Groudon|Thunder Wave|p2a: Kyurem
|-status|p2a: Kyurem|par
|
|-weather|SunnyDay|[upkeep]
|upkeep
|turn|4
|
|t:|1651269291
|move|p1a: Groudon|Stone Edge|p2a: Kyurem
|-supereffective|p2a: Kyurem
|-damage|p2a: Kyurem|21/100 par
|cant|p2a: Kyurem|par
|
|-weather|SunnyDay|[upkeep]
|upkeep
|turn|5
|
|t:|1651269298
|move|p1a: Groudon|Earthquake|p2a: Kyurem
|-damage|p2a: Kyurem|0 fnt
|faint|p2a: Kyurem
|
|-weather|SunnyDay|[upkeep]
|upkeep
|
|t:|1651269300
|switch|p2a: Kyogre|Kyogre|100/100
|-weather|RainDance|[from] ability: Drizzle|[of] p2a: Kyogre
|turn|6
|
|t:|1651269314
|move|p2a: Kyogre|Water Spout|p1a: Groudon
|-supereffective|p1a: Groudon
|-damage|p1a: Groudon|0 fnt
|faint|p1a: Groudon
|
|-weather|RainDance|[upkeep]
|upkeep
|
|t:|1651269320
|switch|p1a: Klefki|Klefki, M|100/100
|-damage|p1a: Klefki|95/100|[from] Stealth Rock
|turn|7
|
|t:|1651269325
|move|p1a: Klefki|Light Screen|p1a: Klefki
|-sidestart|p1: emiyo|move: Light Screen
|move|p2a: Kyogre|Water Spout|p1a: Klefki
|-damage|p1a: Klefki|17/100
|
|-weather|RainDance|[upkeep]
|upkeep
|turn|8
|
|t:|1651269330
|switch|p2a: Yveltal|Yveltal|100/100
|-ability|p2a: Yveltal|Dark Aura
|move|p1a: Klefki|Thunder Wave|p2a: Yveltal
|-hint|Since gen 7, Dark is immune to Prankster moves.
|-immune|p2a: Yveltal
|
|-weather|RainDance|[upkeep]
|upkeep
|turn|9
|
|t:|1651269346
|switch|p1a: Yveltal|Yveltal|100/100
|-ability|p1a: Yveltal|Dark Aura
|move|p2a: Yveltal|Foul Play|p1a: Yveltal
|-resisted|p1a: Yveltal
|-damage|p1a: Yveltal|68/100
|
|-weather|RainDance|[upkeep]
|upkeep
|turn|10
|
|t:|1651269357
|move|p2a: Yveltal|Foul Play|p1a: Yveltal
|-resisted|p1a: Yveltal
|-damage|p1a: Yveltal|40/100
|move|p1a: Yveltal|Knock Off|p2a: Yveltal
|-resisted|p2a: Yveltal
|-damage|p2a: Yveltal|66/100
|-enditem|p2a: Yveltal|Heavy-Duty Boots|[from] move: Knock Off|[of] p1a: Yveltal
|
|-weather|none
|upkeep
|turn|11
|
|t:|1651269365
|move|p2a: Yveltal|Foul Play|p1a: Yveltal
|-resisted|p1a: Yveltal
|-damage|p1a: Yveltal|9/100
|move|p1a: Yveltal|Roost|p1a: Yveltal
|-heal|p1a: Yveltal|59/100
|-singleturn|p1a: Yveltal|move: Roost
|
|upkeep
|turn|12
|
|t:|1651269374
|move|p2a: Yveltal|Foul Play|p1a: Yveltal
|-resisted|p1a: Yveltal
|-damage|p1a: Yveltal|29/100
|move|p1a: Yveltal|Roost|p1a: Yveltal
|-heal|p1a: Yveltal|79/100
|-singleturn|p1a: Yveltal|move: Roost
|
|upkeep
|turn|13
|
|t:|1651269385
|move|p2a: Yveltal|Foul Play|p1a: Yveltal
|-resisted|p1a: Yveltal
|-damage|p1a: Yveltal|52/100
|move|p1a: Yveltal|Roost|p1a: Yveltal
|-heal|p1a: Yveltal|100/100
|-singleturn|p1a: Yveltal|move: Roost
|
|upkeep
|turn|14
|
|t:|1651269396
|move|p1a: Yveltal|Sucker Punch|p2a: Yveltal
|-resisted|p2a: Yveltal
|-damage|p2a: Yveltal|44/100
|move|p2a: Yveltal|Foul Play|p1a: Yveltal
|-resisted|p1a: Yveltal
|-damage|p1a: Yveltal|72/100
|
|-sideend|p1: emiyo|move: Light Screen
|upkeep
|turn|15
|
|t:|1651269419
|move|p2a: Yveltal|Roost|p2a: Yveltal
|-heal|p2a: Yveltal|94/100
|-singleturn|p2a: Yveltal|move: Roost
|move|p1a: Yveltal|Taunt|p2a: Yveltal
|-start|p2a: Yveltal|move: Taunt
|
|upkeep
|turn|16
|
|t:|1651269426
|move|p1a: Yveltal|Sucker Punch|p2a: Yveltal
|-resisted|p2a: Yveltal
|-damage|p2a: Yveltal|70/100
|move|p2a: Yveltal|Foul Play|p1a: Yveltal
|-resisted|p1a: Yveltal
|-damage|p1a: Yveltal|40/100
|
|upkeep
|turn|17
|
|t:|1651269432
|switch|p2a: Xerneas|Xerneas|100/100
|-ability|p2a: Xerneas|Fairy Aura
|move|p1a: Yveltal|Roost|p1a: Yveltal
|-heal|p1a: Yveltal|90/100
|-singleturn|p1a: Yveltal|move: Roost
|
|upkeep
|turn|18
|
|t:|1651269443
|switch|p1a: Necrozma|Necrozma-Dusk-Mane|100/100
|-damage|p1a: Necrozma|95/100|[from] Stealth Rock
|move|p2a: Xerneas|Moonblast|p1a: Necrozma
|-resisted|p1a: Necrozma
|-damage|p1a: Necrozma|62/100
|-unboost|p1a: Necrozma|spa|1
|
|upkeep
|turn|19
|
|t:|1651269462
|switch|p2a: Necrozma|Necrozma-Dusk-Mane|95/100
|move|p1a: Necrozma|Moonlight|p1a: Necrozma
|-heal|p1a: Necrozma|100/100
|
|-heal|p2a: Necrozma|100/100|[from] item: Leftovers
|upkeep
|turn|20
|inactive|emiyo has 120 seconds left.
|
|t:|1651269508
|move|p1a: Necrozma|Dragon Dance|p1a: Necrozma
|-boost|p1a: Necrozma|atk|1
|-boost|p1a: Necrozma|spe|1
|move|p2a: Necrozma|Thunder Wave|p1a: Necrozma
|-status|p1a: Necrozma|par
|
|upkeep
|turn|21
|
|t:|1651269517
|switch|p2a: Yveltal|Yveltal|70/100
|-ability|p2a: Yveltal|Dark Aura
|move|p1a: Necrozma|Dragon Dance|p1a: Necrozma
|-boost|p1a: Necrozma|atk|1
|-boost|p1a: Necrozma|spe|1
|
|upkeep
|turn|22
|
|t:|1651269529
|switch|p1a: Yveltal|Yveltal|90/100
|-ability|p1a: Yveltal|Dark Aura
|move|p2a: Yveltal|Foul Play|p1a: Yveltal
|-resisted|p1a: Yveltal
|-damage|p1a: Yveltal|62/100
|
|upkeep
|turn|23
|
|t:|1651269536
|move|p2a: Yveltal|Foul Play|p1a: Yveltal
|-resisted|p1a: Yveltal
|-damage|p1a: Yveltal|30/100
|move|p1a: Yveltal|Roost|p1a: Yveltal
|-heal|p1a: Yveltal|80/100
|-singleturn|p1a: Yveltal|move: Roost
|
|upkeep
|turn|24
|
|t:|1651269543
|move|p2a: Yveltal|Foul Play|p1a: Yveltal
|-resisted|p1a: Yveltal
|-damage|p1a: Yveltal|52/100
|move|p1a: Yveltal|Roost|p1a: Yveltal
|-heal|p1a: Yveltal|100/100
|-singleturn|p1a: Yveltal|move: Roost
|
|upkeep
|turn|25
|inactive|emiyo has 120 seconds left.
|
|t:|1651269563
|move|p2a: Yveltal|Foul Play|p1a: Yveltal
|-resisted|p1a: Yveltal
|-crit|p1a: Yveltal
|-damage|p1a: Yveltal|52/100
|move|p1a: Yveltal|Taunt|p2a: Yveltal
|-start|p2a: Yveltal|move: Taunt
|
|upkeep
|turn|26
|inactive|Bunrphenix has 120 seconds left.
|
|t:|1651269621
|move|p2a: Yveltal|Foul Play|p1a: Yveltal
|-resisted|p1a: Yveltal
|-damage|p1a: Yveltal|23/100
|move|p1a: Yveltal|Roost|p1a: Yveltal
|-heal|p1a: Yveltal|73/100
|-singleturn|p1a: Yveltal|move: Roost
|
|upkeep
|turn|27
|inactive|emiyo has 120 seconds left.
|
|t:|1651269631
|switch|p2a: Xerneas|Xerneas|100/100
|-ability|p2a: Xerneas|Fairy Aura
|move|p1a: Yveltal|Roost|p1a: Yveltal
|-heal|p1a: Yveltal|100/100
|-singleturn|p1a: Yveltal|move: Roost
|
|upkeep
|turn|28
|inactive|emiyo has 120 seconds left.
|inactive|Bunrphenix has 90 seconds left.
|
|t:|1651269671
|move|p1a: Yveltal|Knock Off|p2a: Xerneas
|-resisted|p2a: Xerneas
|-damage|p2a: Xerneas|70/100
|-enditem|p2a: Xerneas|Power Herb|[from] move: Knock Off|[of] p1a: Yveltal
|move|p2a: Xerneas|Geomancy||[still]
|-prepare|p2a: Xerneas|Geomancy
|
|upkeep
|turn|29
|
|t:|1651269677
|move|p1a: Yveltal|Taunt|p2a: Xerneas
|-start|p2a: Xerneas|move: Taunt
|cant|p2a: Xerneas|move: Taunt|Geomancy
|
|upkeep
|turn|30
|inactive|emiyo has 120 seconds left.
|inactive|Bunrphenix has 90 seconds left.
|
|t:|1651269691
|switch|p1a: Necrozma|Necrozma-Dusk-Mane|100/100 par
|-damage|p1a: Necrozma|95/100 par|[from] Stealth Rock
|move|p2a: Xerneas|Moonblast|p1a: Necrozma
|-resisted|p1a: Necrozma
|-damage|p1a: Necrozma|59/100 par
|
|upkeep
|turn|31
|inactive|Bunrphenix has 90 seconds left.
|
|t:|1651269704
|switch|p2a: Yveltal|Yveltal|70/100
|-ability|p2a: Yveltal|Dark Aura
|move|p1a: Necrozma|Iron Head|p2a: Yveltal
|-damage|p2a: Yveltal|26/100
|
|upkeep
|turn|32
|inactive|emiyo has 120 seconds left.
|
|t:|1651269722
|move|p2a: Yveltal|Roost|p2a: Yveltal
|-heal|p2a: Yveltal|76/100
|-singleturn|p2a: Yveltal|move: Roost
|move|p1a: Necrozma|Iron Head|p2a: Yveltal
|-damage|p2a: Yveltal|34/100
|
|upkeep
|turn|33
|inactive|emiyo has 120 seconds left.
|inactive|emiyo has 90 seconds left.
|
|t:|1651269776
|move|p2a: Yveltal|Roost|p2a: Yveltal
|-heal|p2a: Yveltal|84/100
|-singleturn|p2a: Yveltal|move: Roost
|move|p1a: Necrozma|Iron Head|p2a: Yveltal
|-damage|p2a: Yveltal|41/100
|
|upkeep
|turn|34
|
|t:|1651269785
|move|p2a: Yveltal|Roost|p2a: Yveltal
|-heal|p2a: Yveltal|91/100
|-singleturn|p2a: Yveltal|move: Roost
|cant|p1a: Necrozma|par
|
|upkeep
|turn|35
|inactive|emiyo has 90 seconds left.
|
|t:|1651269791
|move|p2a: Yveltal|Foul Play|p1a: Necrozma
|-supereffective|p1a: Necrozma
|-damage|p1a: Necrozma|0 fnt
|faint|p1a: Necrozma
|
|upkeep
|inactive|emiyo has 90 seconds left.
|
|t:|1651269798
|switch|p1a: Klefki|Klefki, M|17/100
|-damage|p1a: Klefki|12/100|[from] Stealth Rock
|turn|36
|inactive|Bunrphenix has 120 seconds left.
|
|t:|1651269819
|move|p1a: Klefki|Light Screen|p1a: Klefki
|-sidestart|p1: emiyo|move: Light Screen
|move|p2a: Yveltal|Foul Play|p1a: Klefki
|-resisted|p1a: Klefki
|-damage|p1a: Klefki|1/100
|
|upkeep
|turn|37
|
|t:|1651269834
|move|p1a: Klefki|Reflect|p1a: Klefki
|-sidestart|p1: emiyo|Reflect
|move|p2a: Yveltal|Foul Play|p1a: Klefki
|-resisted|p1a: Klefki
|-damage|p1a: Klefki|0 fnt
|faint|p1a: Klefki
|
|upkeep
|
|t:|1651269845
|switch|p1a: Xerneas|Xerneas|100/100
|-damage|p1a: Xerneas|88/100|[from] Stealth Rock
|-ability|p1a: Xerneas|Fairy Aura
|turn|38
|
|t:|1651269865
|switch|p2a: Necrozma|Necrozma-Dusk-Mane|100/100
|move|p1a: Xerneas|Geomancy||[still]
|-prepare|p1a: Xerneas|Geomancy
|-enditem|p1a: Xerneas|Power Herb
|-anim|p1a: Xerneas|Geomancy|p1a: Xerneas
|-boost|p1a: Xerneas|spa|2
|-boost|p1a: Xerneas|spd|2
|-boost|p1a: Xerneas|spe|2
|
|upkeep
|turn|39
|inactive|emiyo has 120 seconds left.
|
|t:|1651269881
|move|p1a: Xerneas|Substitute|p1a: Xerneas
|-start|p1a: Xerneas|Substitute
|-damage|p1a: Xerneas|63/100
|move|p2a: Necrozma|Iron Head|p1a: Xerneas
|-supereffective|p1a: Xerneas
|-end|p1a: Xerneas|Substitute
|
|upkeep
|turn|40
|
|t:|1651269898
|move|p1a: Xerneas|Thunder|p2a: Necrozma
|-damage|p2a: Necrozma|47/100
|-status|p2a: Necrozma|par
|move|p2a: Necrozma|Iron Head|p1a: Xerneas
|-supereffective|p1a: Xerneas
|-damage|p1a: Xerneas|34/100
|
|-heal|p2a: Necrozma|53/100 par|[from] item: Leftovers
|upkeep
|turn|41
|inactive|emiyo has 120 seconds left.
|
|t:|1651269908
|move|p1a: Xerneas|Thunder|p2a: Necrozma
|-damage|p2a: Necrozma|4/100 par
|cant|p2a: Necrozma|par
|
|-heal|p2a: Necrozma|10/100 par|[from] item: Leftovers
|upkeep
|turn|42
|
|t:|1651269918
|move|p1a: Xerneas|Moonblast|p2a: Necrozma
|-resisted|p2a: Necrozma
|-damage|p2a: Necrozma|0 fnt
|faint|p2a: Necrozma
|
|upkeep
|
|t:|1651269934
|switch|p2a: Yveltal|Yveltal|91/100
|-ability|p2a: Yveltal|Dark Aura
|turn|43
|inactive|emiyo has 120 seconds left.
|
|t:|1651269975
|move|p1a: Xerneas|Substitute|p1a: Xerneas
|-start|p1a: Xerneas|Substitute
|-damage|p1a: Xerneas|9/100
|move|p2a: Yveltal|Foul Play|p1a: Xerneas
|-resisted|p1a: Xerneas
|-activate|p1a: Xerneas|move: Substitute|[damage]
|
|-sideend|p1: emiyo|move: Light Screen
|upkeep
|turn|44
|inactive|Bunrphenix has 90 seconds left.
|c|☆Bunrphenix|gg
|-message|Bunrphenix forfeited.
|
|win|emiyo
|raw|emiyo's rating: 1451 &rarr; <strong>1480</strong><br />(+29 for winning)
|raw|Bunrphenix's rating: 1626 &rarr; <strong>1597</strong><br />(-29 for losing)
|l|☆Bunrphenix
|c|☆emiyo|gg
||Ladder isn't responding, score probably updated but might not have (Request timeout).
