|j|☆SHONE
|j|☆malkobaran
|t:|1665079190
|gametype|singles
|player|p1|SHONE|camper|1440
|player|p2|malkobaran|265|1705
|teamsize|p1|6
|teamsize|p2|6
|gen|8
|tier|[Gen 8] Ubers
|rated|
|rule|Sleep Clause Mod: Limit one foe put to sleep
|rule|Species Clause: Limit one of each Pokémon
|rule|OHKO Clause: OHKO moves are banned
|rule|Evasion Items Clause: Evasion items are banned
|rule|Evasion Moves Clause: Evasion moves are banned
|rule|Endless Battle Clause: Forcing endless battles is banned
|rule|HP Percentage Mod: HP is shown in percentages
|rule|Dynamax Clause: You cannot dynamax
|clearpoke
|poke|p1|Aerodactyl, F|
|poke|p1|Dracovish|
|poke|p1|Necrozma-Dusk-Mane|
|poke|p1|Eternatus|
|poke|p1|Yveltal|
|poke|p1|Calyrex-Shadow|
|poke|p2|Calyrex-Shadow|
|poke|p2|Eternatus|
|poke|p2|Marshadow|
|poke|p2|Necrozma-Dusk-Mane|
|poke|p2|Yveltal|
|poke|p2|Regieleki|
|teampreview
|inactive|Battle timer is ON: inactive players will automatically lose when time's up. (requested by malkobaran)
|
|t:|1665079205
|start
|switch|p1a: Tomi|Aerodactyl, F|100/100
|switch|p2a: Regieleki|Regieleki|100/100
|-ability|p1a: Tomi|Pressure
|turn|1
|
|t:|1665079215
|move|p2a: Regieleki|Thunderbolt|p1a: Tomi
|-supereffective|p1a: Tomi
|-enditem|p1a: Tomi|Focus Sash
|-damage|p1a: Tomi|1/100
|move|p1a: Tomi|Tailwind|p1a: Tomi
|-sidestart|p1: SHONE|move: Tailwind
|
|upkeep
|turn|2
|j| Kabilapok ❄❄❄
|inactive|SHONE has 120 seconds left.
|
|t:|1665079248
|move|p1a: Tomi|Stealth Rock|p2a: Regieleki
|-sidestart|p2: malkobaran|move: Stealth Rock
|move|p2a: Regieleki|Rapid Spin|p1a: Tomi
|-resisted|p1a: Tomi
|-damage|p1a: Tomi|0 fnt
|-boost|p2a: Regieleki|spe|1
|-sideend|p2: malkobaran|Stealth Rock|[from] move: Rapid Spin|[of] p2a: Regieleki
|faint|p1a: Tomi
|
|upkeep
|inactive|SHONE has 120 seconds left.
|
|t:|1665079257
|switch|p1a: Brebis|Eternatus|100/100
|-ability|p1a: Brebis|Pressure
|turn|3
|
|t:|1665079263
|move|p2a: Regieleki|Volt Switch|p1a: Brebis
|-resisted|p1a: Brebis
|-crit|p1a: Brebis
|-damage|p1a: Brebis|74/100
|
|t:|1665079265
|switch|p2a: Necrozma|Necrozma-Dusk-Mane|100/100|[from]move: Volt Switch
|move|p1a: Brebis|Meteor Beam||[still]
|-prepare|p1a: Brebis|Meteor Beam
|-boost|p1a: Brebis|spa|1
|-enditem|p1a: Brebis|Power Herb
|-anim|p1a: Brebis|Meteor Beam|p2a: Necrozma
|-resisted|p2a: Necrozma
|-damage|p2a: Necrozma|69/100
|
|-heal|p2a: Necrozma|75/100|[from] item: Leftovers
|upkeep
|turn|4
|
|t:|1665079278
|move|p1a: Brebis|Flamethrower|p2a: Necrozma
|-supereffective|p2a: Necrozma
|-damage|p2a: Necrozma|14/100
|move|p2a: Necrozma|Stealth Rock|p1a: Brebis
|-sidestart|p1: SHONE|move: Stealth Rock
|
|-heal|p2a: Necrozma|20/100|[from] item: Leftovers
|-sideend|p1: SHONE|move: Tailwind
|upkeep
|turn|5
|
|t:|1665079286
|move|p1a: Brebis|Flamethrower|p2a: Necrozma
|-supereffective|p2a: Necrozma
|-damage|p2a: Necrozma|0 fnt
|faint|p2a: Necrozma
|
|upkeep
|
|t:|1665079296
|switch|p2a: Calyrex|Calyrex-Shadow|100/100
|-ability|p2a: Calyrex|As One
|-ability|p2a: Calyrex|Unnerve
|turn|6
|
|t:|1665079302
|switch|p1a: Pomme en croute|Yveltal|100/100
|-damage|p1a: Pomme en croute|76/100|[from] Stealth Rock
|-ability|p1a: Pomme en croute|Dark Aura
|move|p2a: Calyrex|Astral Barrage|p1a: Pomme en croute
|-resisted|p1a: Pomme en croute
|-damage|p1a: Pomme en croute|28/100
|
|upkeep
|turn|7
|
|t:|1665079312
|switch|p2a: Yveltal|Yveltal|100/100
|-ability|p2a: Yveltal|Dark Aura
|move|p1a: Pomme en croute|Sucker Punch||[still]
|-fail|p1a: Pomme en croute
|
|upkeep
|turn|8
|
|t:|1665079320
|move|p1a: Pomme en croute|Roost|p1a: Pomme en croute
|-heal|p1a: Pomme en croute|78/100
|-singleturn|p1a: Pomme en croute|move: Roost
|move|p2a: Yveltal|U-turn|p1a: Pomme en croute
|-supereffective|p1a: Pomme en croute
|-damage|p1a: Pomme en croute|25/100
|
|t:|1665079324
|switch|p2a: Eternatus|Eternatus|100/100|[from]move: U-turn
|-ability|p2a: Eternatus|Pressure
|
|upkeep
|turn|9
|l| Kabilapok ❄❄❄
|
|t:|1665079336
|move|p1a: Pomme en croute|Sucker Punch|p2a: Eternatus
|-damage|p2a: Eternatus|54/100
|move|p2a: Eternatus|Flamethrower|p1a: Pomme en croute
|-damage|p1a: Pomme en croute|0 fnt
|faint|p1a: Pomme en croute
|
|upkeep
|
|t:|1665079348
|switch|p1a: Vache|Necrozma-Dusk-Mane|100/100
|-damage|p1a: Vache|94/100|[from] Stealth Rock
|turn|10
|
|t:|1665079356
|move|p2a: Eternatus|Recover|p2a: Eternatus
|-heal|p2a: Eternatus|100/100
|move|p1a: Vache|Trick Room|p1a: Vache
|-fieldstart|move: Trick Room|[of] p1a: Vache
|
|upkeep
|turn|11
|
|t:|1665079368
|switch|p2a: Yveltal|Yveltal|100/100
|-ability|p2a: Yveltal|Dark Aura
|move|p1a: Vache|Swords Dance|p1a: Vache
|-boost|p1a: Vache|atk|2
|
|upkeep
|turn|12
|
|t:|1665079388
|move|p1a: Vache|Sunsteel Strike|p2a: Yveltal
|-damage|p2a: Yveltal|0 fnt
|faint|p2a: Yveltal
|
|upkeep
|
|t:|1665079391
|switch|p2a: Marshadow|Marshadow|100/100
|turn|13
|
|t:|1665079397
|move|p1a: Vache|Earthquake|p2a: Marshadow
|-enditem|p2a: Marshadow|Focus Sash
|-damage|p2a: Marshadow|1/100
|move|p2a: Marshadow|Spectral Thief||[still]
|-clearpositiveboost|p1a: Vache|p2a: Marshadow|move: Spectral Thief
|-boost|p2a: Marshadow|atk|2
|-anim|p2a: Marshadow|Spectral Thief|p1a: Vache
|-supereffective|p1a: Vache
|-damage|p1a: Vache|1/100
|-enditem|p1a: Vache|Weakness Policy
|-boost|p1a: Vache|atk|2|[from] item: Weakness Policy
|-boost|p1a: Vache|spa|2|[from] item: Weakness Policy
|
|upkeep
|turn|14
|
|t:|1665079425
|move|p2a: Marshadow|Shadow Sneak|p1a: Vache
|-supereffective|p1a: Vache
|-damage|p1a: Vache|0 fnt
|faint|p1a: Vache
|
|-fieldend|move: Trick Room
|upkeep
|inactive|SHONE has 120 seconds left.
|
|t:|1665079437
|switch|p1a: COPAAAAIN|Dracovish|100/100
|-damage|p1a: COPAAAAIN|88/100|[from] Stealth Rock
|turn|15
|inactive|SHONE has 120 seconds left.
|
|t:|1665079454
|move|p2a: Marshadow|Shadow Sneak|p1a: COPAAAAIN
|-damage|p1a: COPAAAAIN|22/100
|move|p1a: COPAAAAIN|Psychic Fangs|p2a: Marshadow
|-supereffective|p2a: Marshadow
|-damage|p2a: Marshadow|0 fnt
|faint|p2a: Marshadow
|
|upkeep
|
|t:|1665079458
|switch|p2a: Regieleki|Regieleki|100/100
|turn|16
|
|t:|1665079464
|move|p2a: Regieleki|Volt Switch|p1a: COPAAAAIN
|-damage|p1a: COPAAAAIN|0 fnt
|faint|p1a: COPAAAAIN
|
|t:|1665079469
|switch|p2a: Calyrex|Calyrex-Shadow|100/100|[from]move: Volt Switch
|-ability|p2a: Calyrex|As One
|-ability|p2a: Calyrex|Unnerve
|
|upkeep
|
|t:|1665079477
|switch|p1a: Brebis|Eternatus|74/100
|-damage|p1a: Brebis|61/100|[from] Stealth Rock
|-ability|p1a: Brebis|Pressure
|turn|17
|
|t:|1665079484
|move|p2a: Calyrex|Astral Barrage|p1a: Brebis
|-damage|p1a: Brebis|0 fnt
|faint|p1a: Brebis
|-ability|p2a: Calyrex|Grim Neigh|boost
|-boost|p2a: Calyrex|spa|1
|
|upkeep
|
|t:|1665079491
|switch|p1a: Capitaine Cheval|Calyrex-Shadow|100/100
|-ability|p1a: Capitaine Cheval|As One
|-ability|p1a: Capitaine Cheval|Unnerve
|-damage|p1a: Capitaine Cheval|88/100|[from] Stealth Rock
|turn|18
|
|t:|1665079498
|move|p1a: Capitaine Cheval|Astral Barrage|p2a: Calyrex
|-supereffective|p2a: Calyrex
|-damage|p2a: Calyrex|0 fnt
|faint|p2a: Calyrex
|-ability|p1a: Capitaine Cheval|Grim Neigh|boost
|-boost|p1a: Capitaine Cheval|spa|1
|
|upkeep
|
|t:|1665079509
|switch|p2a: Regieleki|Regieleki|100/100
|turn|19
|
|t:|1665079513
|move|p1a: Capitaine Cheval|Astral Barrage|p2a: Regieleki
|-damage|p2a: Regieleki|0 fnt
|faint|p2a: Regieleki
|-ability|p1a: Capitaine Cheval|Grim Neigh|boost
|-boost|p1a: Capitaine Cheval|spa|1
|
|upkeep
|-message|malkobaran forfeited.
|
|win|SHONE
|raw|SHONE's rating: 1440 &rarr; <strong>1473</strong><br />(+33 for winning)
|raw|malkobaran's rating: 1705 &rarr; <strong>1672</strong><br />(-33 for losing)
|l|☆malkobaran
||Ladder isn't responding, score probably updated but might not have (Request timeout).
