|j|☆PokeDuels
|j|☆Ramzo
|t:|1620169875
|gametype|singles
|player|p1|PokeDuels|265|1597
|player|p2|Ramzo|ghetsis-gen5bw|1433
|teamsize|p1|6
|teamsize|p2|6
|gen|8
|tier|[Gen 8] Ubers
|rated|
|clearpoke
|poke|p1|Toxapex, F|
|poke|p1|Blissey, F|
|poke|p1|Quagsire, F|
|poke|p1|Shedinja|
|poke|p1|Ho-Oh|
|poke|p1|Yveltal|
|poke|p2|Palkia|
|poke|p2|Dialga|
|poke|p2|Necrozma-Dusk-Mane|
|poke|p2|Giratina-Origin|
|poke|p2|Zacian|
|poke|p2|Yveltal|
|rule|Sleep Clause Mod: Limit one foe put to sleep
|rule|Species Clause: Limit one of each Pokémon
|rule|OHKO Clause: OHKO moves are banned
|rule|Evasion Moves Clause: Evasion moves are banned
|rule|Endless Battle Clause: Forcing endless battles is banned
|rule|HP Percentage Mod: HP is shown in percentages
|rule|Dynamax Clause: You cannot dynamax
|teampreview
|inactive|Battle timer is ON: inactive players will automatically lose when time's up. (requested by Ramzo)
|inactive|PokeDuels has 120 seconds left.
|inactive|PokeDuels has 90 seconds left.
|
|t:|1620169942
|start
|switch|p1a: Toxapex|Toxapex, F|100/100
|switch|p2a: Yveltal|Yveltal, shiny|100/100
|-ability|p2a: Yveltal|Dark Aura
|turn|1
|
|t:|1620169948
|move|p2a: Yveltal|Knock Off|p1a: Toxapex
|-damage|p1a: Toxapex|65/100
|-damage|p2a: Yveltal|84/100|[from] item: Rocky Helmet|[of] p1a: Toxapex
|-enditem|p1a: Toxapex|Rocky Helmet|[from] move: Knock Off|[of] p2a: Yveltal
|move|p1a: Toxapex|Knock Off|p2a: Yveltal
|-resisted|p2a: Yveltal
|-damage|p2a: Yveltal|76/100
|-enditem|p2a: Yveltal|Heavy-Duty Boots|[from] move: Knock Off|[of] p1a: Toxapex
|
|upkeep
|turn|2
|inactive|Ramzo has 120 seconds left.
|
|t:|1620169996
|move|p2a: Yveltal|U-turn|p1a: Toxapex
|-resisted|p1a: Toxapex
|-damage|p1a: Toxapex|59/100
|
|t:|1620169999
|switch|p2a: Dialga|Dialga, shiny|100/100|[from]move: U-turn
|-ability|p2a: Dialga|Pressure
|move|p1a: Toxapex|Toxic|p2a: Dialga
|-immune|p2a: Dialga
|
|upkeep
|turn|3
|
|t:|1620170003
|switch|p1a: Blissey|Blissey, F|100/100
|move|p2a: Dialga|Stealth Rock|p1a: Blissey
|-sidestart|p1: PokeDuels|move: Stealth Rock
|
|upkeep
|turn|4
|inactive|Ramzo has 120 seconds left.
|
|t:|1620170019
|switch|p2a: Yveltal|Yveltal, shiny|76/100
|-ability|p2a: Yveltal|Dark Aura
|move|p1a: Blissey|Stealth Rock|p2a: Yveltal
|-sidestart|p2: Ramzo|move: Stealth Rock
|
|upkeep
|turn|5
|
|t:|1620170023
|switch|p1a: Toxapex|Toxapex, F|92/100
|-damage|p1a: Toxapex|80/100|[from] Stealth Rock
|move|p2a: Yveltal|Knock Off|p1a: Toxapex
|-damage|p1a: Toxapex|57/100
|
|upkeep
|turn|6
|
|t:|1620170029
|move|p2a: Yveltal|U-turn|p1a: Toxapex
|-resisted|p1a: Toxapex
|-damage|p1a: Toxapex|51/100
|
|t:|1620170031
|switch|p2a: Necrozma|Necrozma-Dusk-Mane, shiny|100/100|[from]move: U-turn
|-damage|p2a: Necrozma|94/100|[from] Stealth Rock
|move|p1a: Toxapex|Toxic Spikes|p2a: Necrozma
|-sidestart|p2: Ramzo|move: Toxic Spikes
|
|-heal|p2a: Necrozma|100/100|[from] item: Leftovers
|upkeep
|turn|7
|
|t:|1620170049
|switch|p1a: Quagsire|Quagsire, F|100/100
|-damage|p1a: Quagsire|94/100|[from] Stealth Rock
|move|p2a: Necrozma|Earthquake|p1a: Quagsire
|-damage|p1a: Quagsire|73/100
|
|-heal|p1a: Quagsire|79/100|[from] item: Leftovers
|upkeep
|turn|8
|
|t:|1620170055
|switch|p2a: Yveltal|Yveltal, shiny|76/100
|-damage|p2a: Yveltal|51/100|[from] Stealth Rock
|-ability|p2a: Yveltal|Dark Aura
|move|p1a: Quagsire|Recover|p1a: Quagsire
|-heal|p1a: Quagsire|100/100
|
|upkeep
|turn|9
|
|t:|1620170063
|switch|p1a: Toxapex|Toxapex, F|84/100
|-damage|p1a: Toxapex|72/100|[from] Stealth Rock
|move|p2a: Yveltal|Defog|p1a: Toxapex
|-unboost|p1a: Toxapex|evasion|1
|-sideend|p1: PokeDuels|Stealth Rock|[from] move: Defog|[of] p2a: Yveltal
|-sideend|p2: Ramzo|Toxic Spikes|[from] move: Defog|[of] p2a: Yveltal
|-sideend|p2: Ramzo|Stealth Rock|[from] move: Defog|[of] p2a: Yveltal
|
|upkeep
|turn|10
|
|t:|1620170070
|move|p2a: Yveltal|Roost|p2a: Yveltal
|-heal|p2a: Yveltal|100/100
|-singleturn|p2a: Yveltal|move: Roost
|move|p1a: Toxapex|Knock Off|p2a: Yveltal
|-resisted|p2a: Yveltal
|-damage|p2a: Yveltal|95/100
|
|upkeep
|turn|11
|
|t:|1620170077
|move|p2a: Yveltal|U-turn|p1a: Toxapex
|-resisted|p1a: Toxapex
|-damage|p1a: Toxapex|67/100
|
|t:|1620170081
|switch|p2a: Zacian|Zacian|100/100|[from]move: U-turn
|-ability|p2a: Zacian|Intrepid Sword|boost
|-boost|p2a: Zacian|atk|1
|move|p1a: Toxapex|Knock Off|p2a: Zacian
|-resisted|p2a: Zacian
|-damage|p2a: Zacian|93/100
|-enditem|p2a: Zacian|Choice Band|[from] move: Knock Off|[of] p1a: Toxapex
|
|upkeep
|turn|12
|
|t:|1620170092
|switch|p1a: Quagsire|Quagsire, F|100/100
|move|p2a: Zacian|Wild Charge|p1a: Quagsire
|-immune|p1a: Quagsire
|
|upkeep
|turn|13
|j| BasedWhat?
|
|t:|1620170100
|move|p2a: Zacian|Play Rough|p1a: Quagsire
|-damage|p1a: Quagsire|48/100
|move|p1a: Quagsire|Scald|p2a: Zacian
|-damage|p2a: Zacian|78/100
|-status|p2a: Zacian|brn
|
|-heal|p1a: Quagsire|54/100|[from] item: Leftovers
|-damage|p2a: Zacian|72/100 brn|[from] brn
|upkeep
|turn|14
|
|t:|1620170107
|switch|p2a: Giratina|Giratina-Origin, shiny|100/100
|move|p1a: Quagsire|Recover|p1a: Quagsire
|-heal|p1a: Quagsire|100/100
|
|upkeep
|turn|15
|
|t:|1620170112
|switch|p1a: Blissey|Blissey, F|100/100
|move|p2a: Giratina|Poltergeist|p1a: Blissey
|-immune|p1a: Blissey
|
|upkeep
|turn|16
|
|t:|1620170117
|switch|p1a: Yveltal|Yveltal|100/100
|-ability|p1a: Yveltal|Dark Aura
|move|p2a: Giratina|Dragon Claw|p1a: Yveltal
|-damage|p1a: Yveltal|63/100
|
|upkeep
|turn|17
|
|t:|1620170130
|move|p1a: Yveltal|Roost|p1a: Yveltal
|-heal|p1a: Yveltal|100/100
|-singleturn|p1a: Yveltal|move: Roost
|move|p2a: Giratina|Will-O-Wisp|p1a: Yveltal
|-status|p1a: Yveltal|brn
|
|-damage|p1a: Yveltal|94/100 brn|[from] brn
|upkeep
|turn|18
|
|t:|1620170134
|switch|p2a: Yveltal|Yveltal, shiny|95/100
|-ability|p2a: Yveltal|Dark Aura
|move|p1a: Yveltal|Knock Off|p2a: Yveltal
|-resisted|p2a: Yveltal
|-crit|p2a: Yveltal
|-damage|p2a: Yveltal|86/100
|
|-damage|p1a: Yveltal|88/100 brn|[from] brn
|upkeep
|turn|19
|
|t:|1620170138
|switch|p1a: Toxapex|Toxapex, F|99/100
|move|p2a: Yveltal|U-turn|p1a: Toxapex
|-resisted|p1a: Toxapex
|-damage|p1a: Toxapex|94/100
|
|t:|1620170144
|switch|p2a: Dialga|Dialga, shiny|100/100|[from]move: U-turn
|-ability|p2a: Dialga|Pressure
|
|upkeep
|turn|20
|inactive|PokeDuels has 120 seconds left.
|
|t:|1620170187
|move|p2a: Dialga|Stealth Rock|p1a: Toxapex
|-sidestart|p1: PokeDuels|move: Stealth Rock
|move|p1a: Toxapex|Toxic Spikes|p2a: Dialga
|-sidestart|p2: Ramzo|move: Toxic Spikes
|
|upkeep
|turn|21
|
|t:|1620170203
|switch|p2a: Giratina|Giratina-Origin, shiny|100/100
|move|p1a: Toxapex|Toxic|p2a: Giratina
|-status|p2a: Giratina|tox
|
|-damage|p2a: Giratina|94/100 tox|[from] psn
|upkeep
|turn|22
|inactive|PokeDuels has 120 seconds left.
|
|t:|1620170212
|switch|p1a: Yveltal|Yveltal|88/100 brn
|-ability|p1a: Yveltal|Dark Aura
|move|p2a: Giratina|Dragon Claw|p1a: Yveltal
|-damage|p1a: Yveltal|49/100 brn
|
|-damage|p1a: Yveltal|43/100 brn|[from] brn
|-damage|p2a: Giratina|82/100 tox|[from] psn
|upkeep
|turn|23
|
|t:|1620170223
|switch|p2a: Necrozma|Necrozma-Dusk-Mane, shiny|100/100
|move|p1a: Yveltal|Roost|p1a: Yveltal
|-heal|p1a: Yveltal|93/100 brn
|-singleturn|p1a: Yveltal|move: Roost
|
|-damage|p1a: Yveltal|87/100 brn|[from] brn
|upkeep
|turn|24
|
|t:|1620170230
|switch|p1a: Quagsire|Quagsire, F|100/100
|-damage|p1a: Quagsire|94/100|[from] Stealth Rock
|move|p2a: Necrozma|Sunsteel Strike|p1a: Quagsire
|-resisted|p1a: Quagsire
|-damage|p1a: Quagsire|77/100
|
|-heal|p1a: Quagsire|83/100|[from] item: Leftovers
|upkeep
|turn|25
|
|t:|1620170238
|move|p2a: Necrozma|Earthquake|p1a: Quagsire
|-damage|p1a: Quagsire|60/100
|move|p1a: Quagsire|Scald|p2a: Necrozma
|-damage|p2a: Necrozma|87/100
|
|-heal|p2a: Necrozma|93/100|[from] item: Leftovers
|-heal|p1a: Quagsire|66/100|[from] item: Leftovers
|upkeep
|turn|26
|
|t:|1620170245
|switch|p2a: Palkia|Palkia, shiny|100/100
|-status|p2a: Palkia|psn
|-ability|p2a: Palkia|Pressure
|move|p1a: Quagsire|Recover|p1a: Quagsire
|-heal|p1a: Quagsire|100/100
|
|-damage|p2a: Palkia|88/100 psn|[from] psn
|upkeep
|turn|27
|
|t:|1620170254
|switch|p1a: Blissey|Blissey, F|100/100
|move|p2a: Palkia|Toxic|p1a: Blissey
|-status|p1a: Blissey|tox
|
|-damage|p2a: Palkia|75/100 psn|[from] psn
|-damage|p1a: Blissey|94/100 tox|[from] psn
|upkeep
|turn|28
|
|t:|1620170263
|switch|p2a: Zacian|Zacian|72/100 brn
|-ability|p2a: Zacian|Intrepid Sword|boost
|-boost|p2a: Zacian|atk|1
|move|p1a: Blissey|Aromatherapy|p1a: Blissey
|-activate|p1a: Blissey|move: Aromatherapy
|-curestatus|p1a: Blissey|tox|[msg]
|-curestatus|p1: Yveltal|brn|[msg]
|
|-damage|p2a: Zacian|66/100 brn|[from] brn
|upkeep
|turn|29
|
|t:|1620170270
|switch|p1a: Quagsire|Quagsire, F|100/100
|-damage|p1a: Quagsire|94/100|[from] Stealth Rock
|move|p2a: Zacian|Play Rough|p1a: Quagsire
|-damage|p1a: Quagsire|66/100
|-unboost|p1a: Quagsire|atk|1
|
|-heal|p1a: Quagsire|72/100|[from] item: Leftovers
|-damage|p2a: Zacian|60/100 brn|[from] brn
|upkeep
|turn|30
|
|t:|1620170275
|move|p2a: Zacian|Crunch|p1a: Quagsire
|-damage|p1a: Quagsire|56/100
|move|p1a: Quagsire|Recover|p1a: Quagsire
|-heal|p1a: Quagsire|100/100
|
|-damage|p2a: Zacian|54/100 brn|[from] brn
|upkeep
|turn|31
|
|t:|1620170278
|move|p2a: Zacian|Crunch|p1a: Quagsire
|-damage|p1a: Quagsire|86/100
|move|p1a: Quagsire|Scald|p2a: Zacian
|-damage|p2a: Zacian|38/100 brn
|
|-heal|p1a: Quagsire|92/100|[from] item: Leftovers
|-damage|p2a: Zacian|32/100 brn|[from] brn
|upkeep
|turn|32
|
|t:|1620170296
|move|p2a: Zacian|Crunch|p1a: Quagsire
|-damage|p1a: Quagsire|76/100
|move|p1a: Quagsire|Scald|p2a: Zacian
|-damage|p2a: Zacian|17/100 brn
|
|-heal|p1a: Quagsire|82/100|[from] item: Leftovers
|-damage|p2a: Zacian|11/100 brn|[from] brn
|upkeep
|turn|33
|
|t:|1620170300
|move|p2a: Zacian|Crunch|p1a: Quagsire
|-damage|p1a: Quagsire|66/100
|move|p1a: Quagsire|Recover|p1a: Quagsire
|-heal|p1a: Quagsire|100/100
|
|-damage|p2a: Zacian|4/100 brn|[from] brn
|upkeep
|turn|34
|
|t:|1620170304
|move|p2a: Zacian|Crunch|p1a: Quagsire
|-damage|p1a: Quagsire|85/100
|-unboost|p1a: Quagsire|def|1
|move|p1a: Quagsire|Recover|p1a: Quagsire
|-heal|p1a: Quagsire|100/100
|
|-damage|p2a: Zacian|0 fnt|[from] brn
|faint|p2a: Zacian
|upkeep
|
|t:|1620170319
|switch|p2a: Giratina|Giratina-Origin, shiny|82/100 tox
|turn|35
|
|t:|1620170324
|switch|p1a: Yveltal|Yveltal|87/100
|-ability|p1a: Yveltal|Dark Aura
|move|p2a: Giratina|Poltergeist|p1a: Yveltal
|-activate|p1a: Yveltal|move: Poltergeist|Heavy-Duty Boots
|-resisted|p1a: Yveltal
|-crit|p1a: Yveltal
|-damage|p1a: Yveltal|44/100
|
|-damage|p2a: Giratina|76/100 tox|[from] psn
|upkeep
|turn|36
|
|t:|1620170327
|move|p1a: Yveltal|Roost|p1a: Yveltal
|-heal|p1a: Yveltal|94/100
|-singleturn|p1a: Yveltal|move: Roost
|move|p2a: Giratina|Dragon Claw|p1a: Yveltal
|-damage|p1a: Yveltal|50/100
|
|-damage|p2a: Giratina|64/100 tox|[from] psn
|upkeep
|turn|37
|
|t:|1620170332
|move|p1a: Yveltal|Roost|p1a: Yveltal
|-heal|p1a: Yveltal|100/100
|-singleturn|p1a: Yveltal|move: Roost
|move|p2a: Giratina|Dragon Claw|p1a: Yveltal
|-damage|p1a: Yveltal|61/100
|
|-damage|p2a: Giratina|45/100 tox|[from] psn
|upkeep
|turn|38
|
|t:|1620170337
|switch|p2a: Yveltal|Yveltal, shiny|86/100
|-ability|p2a: Yveltal|Dark Aura
|move|p1a: Yveltal|Roost|p1a: Yveltal
|-heal|p1a: Yveltal|100/100
|-singleturn|p1a: Yveltal|move: Roost
|
|upkeep
|turn|39
|
|t:|1620170342
|move|p2a: Yveltal|U-turn|p1a: Yveltal
|-damage|p1a: Yveltal|84/100
|
|t:|1620170345
|switch|p2a: Palkia|Palkia, shiny|75/100 psn|[from]move: U-turn
|-ability|p2a: Palkia|Pressure
|move|p1a: Yveltal|Defog|p2a: Palkia
|-unboost|p2a: Palkia|evasion|1
|-sideend|p2: Ramzo|Toxic Spikes|[from] move: Defog|[of] p1a: Yveltal
|-sideend|p1: PokeDuels|Stealth Rock|[from] move: Defog|[of] p1a: Yveltal
|
|-damage|p2a: Palkia|63/100 psn|[from] psn
|upkeep
|turn|40
|
|t:|1620170350
|switch|p1a: Blissey|Blissey, F|94/100
|move|p2a: Palkia|Draco Meteor|p1a: Blissey
|-damage|p1a: Blissey|68/100
|-unboost|p2a: Palkia|spa|2
|
|-damage|p2a: Palkia|50/100 psn|[from] psn
|upkeep
|turn|41
|
|t:|1620170357
|switch|p2a: Necrozma|Necrozma-Dusk-Mane, shiny|93/100
|move|p1a: Blissey|Stealth Rock|p2a: Necrozma
|-sidestart|p2: Ramzo|move: Stealth Rock
|
|-heal|p2a: Necrozma|99/100|[from] item: Leftovers
|upkeep
|turn|42
|
|t:|1620170363
|switch|p1a: Ho-Oh|Ho-Oh|100/100
|move|p2a: Necrozma|Earthquake|p1a: Ho-Oh
|-immune|p1a: Ho-Oh
|
|-heal|p2a: Necrozma|100/100|[from] item: Leftovers
|upkeep
|turn|43
|
|t:|1620170367
|switch|p2a: Dialga|Dialga, shiny|100/100
|-damage|p2a: Dialga|94/100|[from] Stealth Rock
|-ability|p2a: Dialga|Pressure
|move|p1a: Ho-Oh|Sacred Fire|p2a: Dialga
|-damage|p2a: Dialga|54/100
|
|upkeep
|turn|44
|
|t:|1620170372
|move|p2a: Dialga|Thunder|p1a: Ho-Oh|[miss]
|-miss|p2a: Dialga|p1a: Ho-Oh
|move|p1a: Ho-Oh|Sacred Fire|p2a: Dialga
|-damage|p2a: Dialga|19/100
|
|upkeep
|turn|45
|
|t:|1620170376
|switch|p1a: Blissey|Blissey, F|68/100
|move|p2a: Dialga|Thunder|p1a: Blissey
|-damage|p1a: Blissey|46/100
|-damage|p2a: Dialga|9/100|[from] item: Life Orb
|
|upkeep
|turn|46
|
|t:|1620170382
|move|p2a: Dialga|Stealth Rock|p1a: Blissey
|-sidestart|p1: PokeDuels|move: Stealth Rock
|move|p1a: Blissey|Soft-Boiled|p1a: Blissey
|-heal|p1a: Blissey|96/100
|
|upkeep
|turn|47
|
|t:|1620170387
|switch|p2a: Yveltal|Yveltal, shiny|86/100
|-damage|p2a: Yveltal|61/100|[from] Stealth Rock
|-ability|p2a: Yveltal|Dark Aura
|move|p1a: Blissey|Confide|p2a: Yveltal
|-unboost|p2a: Yveltal|spa|1
|
|upkeep
|turn|48
|
|t:|1620170396
|switch|p1a: Toxapex|Toxapex, F|100/100
|-damage|p1a: Toxapex|88/100|[from] Stealth Rock
|move|p2a: Yveltal|Roost|p2a: Yveltal
|-heal|p2a: Yveltal|100/100
|-singleturn|p2a: Yveltal|move: Roost
|
|upkeep
|turn|49
|
|t:|1620170404
|move|p2a: Yveltal|U-turn|p1a: Toxapex
|-resisted|p1a: Toxapex
|-damage|p1a: Toxapex|82/100
|
|t:|1620170406
|switch|p2a: Dialga|Dialga, shiny|9/100|[from]move: U-turn
|-damage|p2a: Dialga|3/100|[from] Stealth Rock
|-ability|p2a: Dialga|Pressure
|move|p1a: Toxapex|Knock Off|p2a: Dialga
|-damage|p2a: Dialga|0 fnt
|-enditem|p2a: Dialga|Life Orb|[from] move: Knock Off|[of] p1a: Toxapex
|faint|p2a: Dialga
|
|upkeep
|
|t:|1620170416
|switch|p2a: Giratina|Giratina-Origin, shiny|45/100 tox
|-damage|p2a: Giratina|33/100 tox|[from] Stealth Rock
|turn|50
|
|t:|1620170430
|switch|p1a: Blissey|Blissey, F|96/100
|move|p2a: Giratina|Dragon Claw|p1a: Blissey
|-crit|p1a: Blissey
|-damage|p1a: Blissey|27/100
|
|-damage|p2a: Giratina|26/100 tox|[from] psn
|upkeep
|turn|51
|
|t:|1620170436
|switch|p1a: Yveltal|Yveltal|84/100
|-ability|p1a: Yveltal|Dark Aura
|move|p2a: Giratina|Dragon Claw|p1a: Yveltal
|-damage|p1a: Yveltal|45/100
|
|-damage|p2a: Giratina|14/100 tox|[from] psn
|upkeep
|turn|52
|
|t:|1620170442
|move|p1a: Yveltal|Roost|p1a: Yveltal
|-heal|p1a: Yveltal|95/100
|-singleturn|p1a: Yveltal|move: Roost
|move|p2a: Giratina|Dragon Claw|p1a: Yveltal
|-damage|p1a: Yveltal|58/100
|
|-damage|p2a: Giratina|0 fnt|[from] psn
|faint|p2a: Giratina
|upkeep
|
|t:|1620170449
|switch|p2a: Palkia|Palkia, shiny|50/100 psn
|-damage|p2a: Palkia|38/100 psn|[from] Stealth Rock
|-ability|p2a: Palkia|Pressure
|turn|53
|
|t:|1620170455
|move|p2a: Palkia|Draco Meteor|p1a: Yveltal
|-damage|p1a: Yveltal|18/100
|-unboost|p2a: Palkia|spa|2
|move|p1a: Yveltal|Knock Off|p2a: Palkia
|-damage|p2a: Palkia|0 fnt
|-enditem|p2a: Palkia|Lustrous Orb|[from] move: Knock Off|[of] p1a: Yveltal
|faint|p2a: Palkia
|
|upkeep
|
|t:|1620170464
|switch|p2a: Yveltal|Yveltal, shiny|100/100
|-damage|p2a: Yveltal|76/100|[from] Stealth Rock
|-ability|p2a: Yveltal|Dark Aura
|turn|54
|
|t:|1620170470
|switch|p1a: Toxapex|Toxapex, F|100/100
|-damage|p1a: Toxapex|88/100|[from] Stealth Rock
|move|p2a: Yveltal|Knock Off|p1a: Toxapex
|-crit|p1a: Toxapex
|-damage|p1a: Toxapex|53/100
|
|upkeep
|turn|55
|
|t:|1620170476
|move|p2a: Yveltal|U-turn|p1a: Toxapex
|-resisted|p1a: Toxapex
|-damage|p1a: Toxapex|47/100
|
|t:|1620170478
|switch|p2a: Necrozma|Necrozma-Dusk-Mane, shiny|100/100|[from]move: U-turn
|-damage|p2a: Necrozma|94/100|[from] Stealth Rock
|move|p1a: Toxapex|Toxic|p2a: Necrozma
|-immune|p2a: Necrozma
|
|-heal|p2a: Necrozma|100/100|[from] item: Leftovers
|upkeep
|turn|56
|
|t:|1620170485
|switch|p1a: Quagsire|Quagsire, F|100/100
|-damage|p1a: Quagsire|94/100|[from] Stealth Rock
|move|p2a: Necrozma|Dragon Dance|p2a: Necrozma
|-boost|p2a: Necrozma|atk|1
|-boost|p2a: Necrozma|spe|1
|
|-heal|p1a: Quagsire|100/100|[from] item: Leftovers
|upkeep
|turn|57
|
|t:|1620170489
|move|p2a: Necrozma|Earthquake|p1a: Quagsire
|-damage|p1a: Quagsire|66/100
|move|p1a: Quagsire|Scald|p2a: Necrozma
|-damage|p2a: Necrozma|87/100
|
|-heal|p2a: Necrozma|93/100|[from] item: Leftovers
|-heal|p1a: Quagsire|72/100|[from] item: Leftovers
|upkeep
|turn|58
|
|t:|1620170495
|move|p2a: Necrozma|Earthquake|p1a: Quagsire
|-damage|p1a: Quagsire|35/100
|move|p1a: Quagsire|Curse|p1a: Quagsire
|-unboost|p1a: Quagsire|spe|1
|-boost|p1a: Quagsire|atk|1
|-boost|p1a: Quagsire|def|1
|
|-heal|p2a: Necrozma|99/100|[from] item: Leftovers
|-heal|p1a: Quagsire|41/100|[from] item: Leftovers
|upkeep
|turn|59
|
|t:|1620170500
|move|p2a: Necrozma|Earthquake|p1a: Quagsire
|-damage|p1a: Quagsire|18/100
|move|p1a: Quagsire|Recover|p1a: Quagsire
|-heal|p1a: Quagsire|68/100
|
|-heal|p2a: Necrozma|100/100|[from] item: Leftovers
|-heal|p1a: Quagsire|74/100|[from] item: Leftovers
|upkeep
|turn|60
|
|t:|1620170503
|switch|p2a: Yveltal|Yveltal, shiny|76/100
|-damage|p2a: Yveltal|51/100|[from] Stealth Rock
|-ability|p2a: Yveltal|Dark Aura
|move|p1a: Quagsire|Recover|p1a: Quagsire
|-heal|p1a: Quagsire|100/100
|
|upkeep
|turn|61
|
|t:|1620170508
|move|p2a: Yveltal|Knock Off|p1a: Quagsire
|-damage|p1a: Quagsire|73/100
|-enditem|p1a: Quagsire|Leftovers|[from] move: Knock Off|[of] p2a: Yveltal
|move|p1a: Quagsire|Scald|p2a: Yveltal
|-damage|p2a: Yveltal|40/100
|-status|p2a: Yveltal|brn
|
|-damage|p2a: Yveltal|34/100 brn|[from] brn
|upkeep
|turn|62
|
|t:|1620170513
|move|p2a: Yveltal|Roost|p2a: Yveltal
|-heal|p2a: Yveltal|84/100 brn
|-singleturn|p2a: Yveltal|move: Roost
|move|p1a: Quagsire|Curse|p1a: Quagsire
|-unboost|p1a: Quagsire|spe|1
|-boost|p1a: Quagsire|atk|1
|-boost|p1a: Quagsire|def|1
|
|-damage|p2a: Yveltal|78/100 brn|[from] brn
|upkeep
|turn|63
|
|t:|1620170520
|move|p2a: Yveltal|U-turn|p1a: Quagsire
|-damage|p1a: Quagsire|69/100
|
|t:|1620170523
|switch|p2a: Necrozma|Necrozma-Dusk-Mane, shiny|100/100|[from]move: U-turn
|-damage|p2a: Necrozma|94/100|[from] Stealth Rock
|move|p1a: Quagsire|Curse|p1a: Quagsire
|-unboost|p1a: Quagsire|spe|1
|-boost|p1a: Quagsire|atk|1
|-boost|p1a: Quagsire|def|1
|
|-heal|p2a: Necrozma|100/100|[from] item: Leftovers
|upkeep
|turn|64
|
|t:|1620170527
|switch|p2a: Yveltal|Yveltal, shiny|78/100 brn
|-damage|p2a: Yveltal|53/100 brn|[from] Stealth Rock
|-ability|p2a: Yveltal|Dark Aura
|move|p1a: Quagsire|Earthquake|p2a: Yveltal
|-immune|p2a: Yveltal
|
|-damage|p2a: Yveltal|47/100 brn|[from] brn
|upkeep
|turn|65
|
|t:|1620170530
|move|p2a: Yveltal|Roost|p2a: Yveltal
|-heal|p2a: Yveltal|97/100 brn
|-singleturn|p2a: Yveltal|move: Roost
|move|p1a: Quagsire|Scald|p2a: Yveltal
|-damage|p2a: Yveltal|87/100 brn
|
|-damage|p2a: Yveltal|81/100 brn|[from] brn
|upkeep
|turn|66
|
|t:|1620170535
|move|p2a: Yveltal|Knock Off|p1a: Quagsire
|-damage|p1a: Quagsire|64/100
|move|p1a: Quagsire|Curse|p1a: Quagsire
|-unboost|p1a: Quagsire|spe|1
|-boost|p1a: Quagsire|atk|1
|-boost|p1a: Quagsire|def|1
|
|-damage|p2a: Yveltal|75/100 brn|[from] brn
|upkeep
|turn|67
|
|t:|1620170541
|move|p2a: Yveltal|Roost|p2a: Yveltal
|-heal|p2a: Yveltal|100/100 brn
|-singleturn|p2a: Yveltal|move: Roost
|move|p1a: Quagsire|Scald|p2a: Yveltal
|-damage|p2a: Yveltal|90/100 brn
|
|-damage|p2a: Yveltal|84/100 brn|[from] brn
|upkeep
|turn|68
|
|t:|1620170545
|move|p2a: Yveltal|Knock Off|p1a: Quagsire
|-damage|p1a: Quagsire|60/100
|move|p1a: Quagsire|Scald|p2a: Yveltal
|-damage|p2a: Yveltal|75/100 brn
|
|-damage|p2a: Yveltal|69/100 brn|[from] brn
|upkeep
|turn|69
|
|t:|1620170567
|move|p2a: Yveltal|Knock Off|p1a: Quagsire
|-damage|p1a: Quagsire|55/100
|move|p1a: Quagsire|Scald|p2a: Yveltal
|-crit|p2a: Yveltal
|-damage|p2a: Yveltal|54/100 brn
|
|-damage|p2a: Yveltal|48/100 brn|[from] brn
|upkeep
|turn|70
|
|t:|1620170573
|move|p2a: Yveltal|Roost|p2a: Yveltal
|-heal|p2a: Yveltal|98/100 brn
|-singleturn|p2a: Yveltal|move: Roost
|move|p1a: Quagsire|Recover|p1a: Quagsire
|-heal|p1a: Quagsire|100/100
|
|-damage|p2a: Yveltal|92/100 brn|[from] brn
|upkeep
|turn|71
|
|t:|1620170592
|switch|p1a: Toxapex|Toxapex, F|80/100
|-damage|p1a: Toxapex|68/100|[from] Stealth Rock
|move|p2a: Yveltal|Knock Off|p1a: Toxapex
|-damage|p1a: Toxapex|57/100
|
|-damage|p2a: Yveltal|86/100 brn|[from] brn
|upkeep
|turn|72
|
|t:|1620170599
|move|p2a: Yveltal|U-turn|p1a: Toxapex
|-resisted|p1a: Toxapex
|-damage|p1a: Toxapex|54/100
|
|t:|1620170601
|switch|p2a: Necrozma|Necrozma-Dusk-Mane, shiny|100/100|[from]move: U-turn
|-damage|p2a: Necrozma|94/100|[from] Stealth Rock
|move|p1a: Toxapex|Scald|p2a: Necrozma
|-damage|p2a: Necrozma|82/100
|
|-heal|p2a: Necrozma|88/100|[from] item: Leftovers
|upkeep
|turn|73
|
|t:|1620170607
|switch|p1a: Quagsire|Quagsire, F|100/100
|-damage|p1a: Quagsire|94/100|[from] Stealth Rock
|move|p2a: Necrozma|Earthquake|p1a: Quagsire
|-damage|p1a: Quagsire|72/100
|
|-heal|p2a: Necrozma|94/100|[from] item: Leftovers
|upkeep
|turn|74
|
|t:|1620170612
|move|p2a: Necrozma|Earthquake|p1a: Quagsire
|-damage|p1a: Quagsire|48/100
|move|p1a: Quagsire|Scald|p2a: Necrozma
|-damage|p2a: Necrozma|81/100
|-status|p2a: Necrozma|brn
|
|-heal|p2a: Necrozma|87/100 brn|[from] item: Leftovers
|-damage|p2a: Necrozma|81/100 brn|[from] brn
|upkeep
|turn|75
|
|t:|1620170616
|move|p2a: Necrozma|Earthquake|p1a: Quagsire
|-damage|p1a: Quagsire|36/100
|move|p1a: Quagsire|Recover|p1a: Quagsire
|-heal|p1a: Quagsire|86/100
|
|-heal|p2a: Necrozma|87/100 brn|[from] item: Leftovers
|-damage|p2a: Necrozma|81/100 brn|[from] brn
|upkeep
|turn|76
|
|t:|1620170620
|move|p2a: Necrozma|Earthquake|p1a: Quagsire
|-damage|p1a: Quagsire|74/100
|move|p1a: Quagsire|Earthquake|p2a: Necrozma
|-supereffective|p2a: Necrozma
|-damage|p2a: Necrozma|57/100 brn
|
|-heal|p2a: Necrozma|63/100 brn|[from] item: Leftovers
|-damage|p2a: Necrozma|57/100 brn|[from] brn
|upkeep
|turn|77
|
|t:|1620170626
|move|p2a: Necrozma|Morning Sun|p2a: Necrozma
|-heal|p2a: Necrozma|100/100 brn
|move|p1a: Quagsire|Earthquake|p2a: Necrozma
|-supereffective|p2a: Necrozma
|-damage|p2a: Necrozma|74/100 brn
|
|-heal|p2a: Necrozma|80/100 brn|[from] item: Leftovers
|-damage|p2a: Necrozma|74/100 brn|[from] brn
|upkeep
|turn|78
|
|t:|1620170634
|switch|p2a: Yveltal|Yveltal, shiny|86/100 brn
|-damage|p2a: Yveltal|61/100 brn|[from] Stealth Rock
|-ability|p2a: Yveltal|Dark Aura
|move|p1a: Quagsire|Curse|p1a: Quagsire
|-unboost|p1a: Quagsire|spe|1
|-boost|p1a: Quagsire|atk|1
|-boost|p1a: Quagsire|def|1
|
|-damage|p2a: Yveltal|55/100 brn|[from] brn
|upkeep
|turn|79
|
|t:|1620170655
|switch|p1a: Toxapex|Toxapex, F|87/100
|-damage|p1a: Toxapex|75/100|[from] Stealth Rock
|move|p2a: Yveltal|Knock Off|p1a: Toxapex
|-damage|p1a: Toxapex|64/100
|
|-damage|p2a: Yveltal|49/100 brn|[from] brn
|upkeep
|turn|80
|
|t:|1620170659
|move|p2a: Yveltal|Roost|p2a: Yveltal
|-heal|p2a: Yveltal|99/100 brn
|-singleturn|p2a: Yveltal|move: Roost
|move|p1a: Toxapex|Knock Off|p2a: Yveltal
|-resisted|p2a: Yveltal
|-crit|p2a: Yveltal
|-damage|p2a: Yveltal|91/100 brn
|
|-damage|p2a: Yveltal|85/100 brn|[from] brn
|upkeep
|turn|81
|
|t:|1620170664
|move|p2a: Yveltal|U-turn|p1a: Toxapex
|-resisted|p1a: Toxapex
|-damage|p1a: Toxapex|61/100
|
|t:|1620170666
|switch|p2a: Necrozma|Necrozma-Dusk-Mane, shiny|74/100 brn|[from]move: U-turn
|-damage|p2a: Necrozma|68/100 brn|[from] Stealth Rock
|move|p1a: Toxapex|Knock Off|p2a: Necrozma
|-supereffective|p2a: Necrozma
|-damage|p2a: Necrozma|54/100 brn
|-enditem|p2a: Necrozma|Leftovers|[from] move: Knock Off|[of] p1a: Toxapex
|
|-damage|p2a: Necrozma|48/100 brn|[from] brn
|upkeep
|turn|82
|
|t:|1620170673
|switch|p1a: Yveltal|Yveltal|18/100
|-ability|p1a: Yveltal|Dark Aura
|move|p2a: Necrozma|Morning Sun|p2a: Necrozma
|-heal|p2a: Necrozma|98/100 brn
|
|-damage|p2a: Necrozma|92/100 brn|[from] brn
|upkeep
|turn|83
|
|t:|1620170677
|move|p1a: Yveltal|Roost|p1a: Yveltal
|-heal|p1a: Yveltal|68/100
|-singleturn|p1a: Yveltal|move: Roost
|move|p2a: Necrozma|Dragon Dance|p2a: Necrozma
|-boost|p2a: Necrozma|atk|1
|-boost|p2a: Necrozma|spe|1
|
|-damage|p2a: Necrozma|86/100 brn|[from] brn
|upkeep
|turn|84
|
|t:|1620170684
|move|p2a: Necrozma|Dragon Dance|p2a: Necrozma
|-boost|p2a: Necrozma|atk|1
|-boost|p2a: Necrozma|spe|1
|move|p1a: Yveltal|Snarl|p2a: Necrozma
|-supereffective|p2a: Necrozma
|-damage|p2a: Necrozma|45/100 brn
|-unboost|p2a: Necrozma|spa|1
|
|-damage|p2a: Necrozma|39/100 brn|[from] brn
|upkeep
|turn|85
|
|t:|1620170689
|switch|p1a: Quagsire|Quagsire, F|74/100
|-damage|p1a: Quagsire|68/100|[from] Stealth Rock
|move|p2a: Necrozma|Sunsteel Strike|p1a: Quagsire
|-resisted|p1a: Quagsire
|-damage|p1a: Quagsire|50/100
|
|-damage|p2a: Necrozma|33/100 brn|[from] brn
|upkeep
|turn|86
|
|t:|1620170692
|move|p2a: Necrozma|Morning Sun|p2a: Necrozma
|-heal|p2a: Necrozma|83/100 brn
|move|p1a: Quagsire|Recover|p1a: Quagsire
|-heal|p1a: Quagsire|99/100
|
|-damage|p2a: Necrozma|77/100 brn|[from] brn
|upkeep
|turn|87
|
|t:|1620170698
|move|p2a: Necrozma|Earthquake|p1a: Quagsire
|-damage|p1a: Quagsire|76/100
|move|p1a: Quagsire|Curse|p1a: Quagsire
|-unboost|p1a: Quagsire|spe|1
|-boost|p1a: Quagsire|atk|1
|-boost|p1a: Quagsire|def|1
|
|-damage|p2a: Necrozma|71/100 brn|[from] brn
|upkeep
|turn|88
|
|t:|1620170703
|move|p2a: Necrozma|Earthquake|p1a: Quagsire
|-damage|p1a: Quagsire|59/100
|move|p1a: Quagsire|Earthquake|p2a: Necrozma
|-supereffective|p2a: Necrozma
|-damage|p2a: Necrozma|34/100 brn
|
|-damage|p2a: Necrozma|28/100 brn|[from] brn
|upkeep
|turn|89
|
|t:|1620170707
|move|p2a: Necrozma|Morning Sun|p2a: Necrozma
|-heal|p2a: Necrozma|78/100 brn
|move|p1a: Quagsire|Earthquake|p2a: Necrozma
|-supereffective|p2a: Necrozma
|-damage|p2a: Necrozma|41/100 brn
|
|-damage|p2a: Necrozma|35/100 brn|[from] brn
|upkeep
|turn|90
|
|t:|1620170713
|move|p2a: Necrozma|Morning Sun|p2a: Necrozma
|-heal|p2a: Necrozma|85/100 brn
|move|p1a: Quagsire|Earthquake|p2a: Necrozma
|-supereffective|p2a: Necrozma
|-damage|p2a: Necrozma|50/100 brn
|
|-damage|p2a: Necrozma|44/100 brn|[from] brn
|upkeep
|turn|91
|
|t:|1620170721
|move|p2a: Necrozma|Earthquake|p1a: Quagsire
|-damage|p1a: Quagsire|44/100
|move|p1a: Quagsire|Earthquake|p2a: Necrozma
|-supereffective|p2a: Necrozma
|-damage|p2a: Necrozma|5/100 brn
|
|-damage|p2a: Necrozma|0 fnt|[from] brn
|faint|p2a: Necrozma
|upkeep
|
|t:|1620170727
|switch|p2a: Yveltal|Yveltal, shiny|85/100 brn
|-damage|p2a: Yveltal|60/100 brn|[from] Stealth Rock
|-ability|p2a: Yveltal|Dark Aura
|turn|92
|
|t:|1620170731
|move|p2a: Yveltal|Knock Off|p1a: Quagsire
|-crit|p1a: Quagsire
|-damage|p1a: Quagsire|26/100
|move|p1a: Quagsire|Recover|p1a: Quagsire
|-heal|p1a: Quagsire|76/100
|
|-damage|p2a: Yveltal|54/100 brn|[from] brn
|upkeep
|turn|93
|
|t:|1620170734
|move|p2a: Yveltal|Roost|p2a: Yveltal
|-heal|p2a: Yveltal|100/100 brn
|-singleturn|p2a: Yveltal|move: Roost
|move|p1a: Quagsire|Recover|p1a: Quagsire
|-heal|p1a: Quagsire|100/100
|
|-damage|p2a: Yveltal|94/100 brn|[from] brn
|upkeep
|turn|94
|
|t:|1620170738
|move|p2a: Yveltal|Knock Off|p1a: Quagsire
|-damage|p1a: Quagsire|91/100
|move|p1a: Quagsire|Scald|p2a: Yveltal
|-damage|p2a: Yveltal|84/100 brn
|
|-damage|p2a: Yveltal|78/100 brn|[from] brn
|upkeep
|turn|95
|
|t:|1620170745
|move|p2a: Yveltal|Knock Off|p1a: Quagsire
|-damage|p1a: Quagsire|82/100
|move|p1a: Quagsire|Scald|p2a: Yveltal
|-damage|p2a: Yveltal|69/100 brn
|
|-damage|p2a: Yveltal|62/100 brn|[from] brn
|upkeep
|turn|96
|
|t:|1620170749
|move|p2a: Yveltal|Roost|p2a: Yveltal
|-heal|p2a: Yveltal|100/100 brn
|-singleturn|p2a: Yveltal|move: Roost
|move|p1a: Quagsire|Scald|p2a: Yveltal
|-damage|p2a: Yveltal|91/100 brn
|
|-damage|p2a: Yveltal|84/100 brn|[from] brn
|upkeep
|turn|97
|
|t:|1620170751
|move|p2a: Yveltal|U-turn|p1a: Quagsire
|-damage|p1a: Quagsire|78/100
|move|p1a: Quagsire|Scald|p2a: Yveltal
|-damage|p2a: Yveltal|75/100 brn
|
|-damage|p2a: Yveltal|68/100 brn|[from] brn
|upkeep
|turn|98
|inactive|PokeDuels has 120 seconds left.
|
|t:|1620170791
|move|p2a: Yveltal|U-turn|p1a: Quagsire
|-damage|p1a: Quagsire|73/100
|move|p1a: Quagsire|Scald|p2a: Yveltal
|-damage|p2a: Yveltal|58/100 brn
|
|-damage|p2a: Yveltal|52/100 brn|[from] brn
|upkeep
|turn|99
|
|t:|1620170798
|move|p2a: Yveltal|Roost|p2a: Yveltal
|-heal|p2a: Yveltal|100/100 brn
|-singleturn|p2a: Yveltal|move: Roost
|move|p1a: Quagsire|Scald|p2a: Yveltal
|-damage|p2a: Yveltal|91/100 brn
|
|-damage|p2a: Yveltal|84/100 brn|[from] brn
|upkeep
|turn|100
|inactive|PokeDuels has 120 seconds left.
|
|t:|1620170805
|move|p2a: Yveltal|U-turn|p1a: Quagsire
|-damage|p1a: Quagsire|69/100
|move|p1a: Quagsire|Recover|p1a: Quagsire
|-heal|p1a: Quagsire|100/100
|
|-damage|p2a: Yveltal|78/100 brn|[from] brn
|upkeep
|turn|101
|inactive|PokeDuels has 120 seconds left.
|
|t:|1620170810
|move|p2a: Yveltal|U-turn|p1a: Quagsire
|-damage|p1a: Quagsire|95/100
|move|p1a: Quagsire|Scald|p2a: Yveltal
|-damage|p2a: Yveltal|70/100 brn
|
|-damage|p2a: Yveltal|63/100 brn|[from] brn
|upkeep
|turn|102
|inactive|PokeDuels has 120 seconds left.
|inactive|PokeDuels has 90 seconds left.
|j| Just respect it
|l| Just respect it
|inactive|PokeDuels has 60 seconds left.
|inactive|PokeDuels has 30 seconds left.
|inactive|PokeDuels has 20 seconds left.
|inactive|PokeDuels has 15 seconds left.
|inactive|PokeDuels has 10 seconds left.
|inactive|PokeDuels has 5 seconds left.
|-message|PokeDuels lost due to inactivity.
|
|win|Ramzo
|raw|PokeDuels's rating: 1597 &rarr; <strong>1568</strong><br />(-29 for losing)
|raw|Ramzo's rating: 1433 &rarr; <strong>1462</strong><br />(+29 for winning)
|l|☆Ramzo
|c| BasedWhat?|well
