|j|☆Climbtheladder92
|j|☆willcow
|player|p1|Climbtheladder92|266|1747
|player|p2|willcow|clair|1703
|teamsize|p1|6
|teamsize|p2|6
|gametype|singles
|gen|8
|tier|[Gen 8] Ubers
|rated|
|clearpoke
|poke|p1|Marshadow|
|poke|p1|Necrozma-Dusk-Mane|
|poke|p1|Zacian-Crowned|
|poke|p1|Reshiram|
|poke|p1|Corviknight, M|
|poke|p1|Toxapex, F|
|poke|p2|Ferrothorn, M|
|poke|p2|Mandibuzz, F|
|poke|p2|Lunala|
|poke|p2|Zekrom|
|poke|p2|Necrozma-Dusk-Mane|
|poke|p2|Zacian-Crowned|
|rule|Sleep Clause Mod: Limit one foe put to sleep
|rule|Species Clause: Limit one of each Pokémon
|rule|OHKO Clause: OHKO moves are banned
|rule|Evasion Moves Clause: Evasion moves are banned
|rule|Endless Battle Clause: Forcing endless battles is banned
|rule|HP Percentage Mod: HP is shown in percentages
|teampreview
|j| randomtree07
|
|start
|switch|p1a: Necrozma|Necrozma-Dusk-Mane|100/100
|switch|p2a: Lunala|Lunala|100/100
|turn|1
|
|switch|p2a: Mandibuzz|Mandibuzz, F|100/100
|move|p1a: Necrozma|Knock Off|p2a: Mandibuzz
|-resisted|p2a: Mandibuzz
|-damage|p2a: Mandibuzz|87/100
|-enditem|p2a: Mandibuzz|Heavy-Duty Boots|[from] move: Knock Off|[of] p1a: Necrozma
|
|upkeep
|turn|2
|inactive|Battle timer is ON: inactive players will automatically lose when time's up. (requested by Climbtheladder92)
|
|move|p2a: Mandibuzz|U-turn|p1a: Necrozma
|-damage|p1a: Necrozma|92/100
|
|switch|p2a: Ferrothorn|Ferrothorn, M|100/100|[from]move: U-turn
|move|p1a: Necrozma|Stealth Rock|p2a: Ferrothorn
|-sidestart|p2: willcow|move: Stealth Rock
|
|-heal|p1a: Necrozma|99/100|[from] item: Leftovers
|upkeep
|turn|3
|
|switch|p1a: Reshiram|Reshiram|100/100
|-ability|p1a: Reshiram|Turboblaze
|move|p2a: Ferrothorn|Stealth Rock|p1a: Reshiram
|-sidestart|p1: Climbtheladder92|move: Stealth Rock
|
|upkeep
|turn|4
|
|switch|p2a: Mandibuzz|Mandibuzz, F|87/100
|-damage|p2a: Mandibuzz|62/100|[from] Stealth Rock
|move|p1a: Reshiram|Fusion Flare|p2a: Mandibuzz
|-damage|p2a: Mandibuzz|21/100
|
|upkeep
|turn|5
|
|switch|p2a: Zekrom|Zekrom|100/100
|-damage|p2a: Zekrom|88/100|[from] Stealth Rock
|-ability|p2a: Zekrom|Teravolt
|move|p1a: Reshiram|Fusion Flare|p2a: Zekrom
|-resisted|p2a: Zekrom
|-damage|p2a: Zekrom|61/100
|
|-heal|p2a: Zekrom|68/100|[from] item: Leftovers
|upkeep
|turn|6
|
|-start|p1a: Reshiram|Dynamax
|-heal|p1a: Reshiram|100/100|[silent]
|move|p2a: Zekrom|Substitute|p2a: Zekrom
|-start|p2a: Zekrom|Substitute
|-damage|p2a: Zekrom|43/100
|move|p1a: Reshiram|Max Wyrmwind|p2a: Zekrom
|-supereffective|p2a: Zekrom
|-end|p2a: Zekrom|Substitute
|-unboost|p2a: Zekrom|atk|1
|
|-heal|p2a: Zekrom|49/100|[from] item: Leftovers
|upkeep
|turn|7
|
|switch|p2a: Mandibuzz|Mandibuzz, F|21/100
|-damage|p2a: Mandibuzz|0 fnt|[from] Stealth Rock
|faint|p2a: Mandibuzz
|move|p1a: Reshiram|Max Flare|p2: Mandibuzz|[notarget]
|-fail|p1a: Reshiram
|
|upkeep
|
|switch|p2a: Lunala|Lunala|100/100
|turn|8
|
|move|p2a: Lunala|Thunder Wave|p1a: Reshiram
|-status|p1a: Reshiram|par
|move|p1a: Reshiram|Max Phantasm|p2a: Lunala
|-supereffective|p2a: Lunala
|-crit|p2a: Lunala
|-damage|p2a: Lunala|0 fnt
|faint|p2a: Lunala
|
|-end|p1a: Reshiram|Dynamax
|-heal|p1a: Reshiram|100/100 par|[silent]
|upkeep
|
|switch|p2a: Zekrom|Zekrom|49/100
|-damage|p2a: Zekrom|37/100|[from] Stealth Rock
|-ability|p2a: Zekrom|Teravolt
|turn|9
|
|switch|p1a: Marshadow|Marshadow|100/100
|-damage|p1a: Marshadow|94/100|[from] Stealth Rock
|move|p2a: Zekrom|Dragon Dance|p2a: Zekrom
|-boost|p2a: Zekrom|atk|1
|-boost|p2a: Zekrom|spe|1
|
|-heal|p2a: Zekrom|43/100|[from] item: Leftovers
|upkeep
|turn|10
|
|-start|p2a: Zekrom|Dynamax
|-heal|p2a: Zekrom|43/100|[silent]
|move|p1a: Marshadow|Close Combat|p2a: Zekrom
|-damage|p2a: Zekrom|12/100
|-unboost|p1a: Marshadow|def|1
|-unboost|p1a: Marshadow|spd|1
|move|p2a: Zekrom|Max Lightning|p1a: Marshadow
|-damage|p1a: Marshadow|0 fnt
|-fieldstart|move: Electric Terrain
|faint|p1a: Marshadow
|
|-heal|p2a: Zekrom|15/100|[from] item: Leftovers
|upkeep
|l| randomtree07
|inactive|Climbtheladder92 has 120 seconds left.
|
|switch|p1a: Necrozma|Necrozma-Dusk-Mane|99/100
|-damage|p1a: Necrozma|92/100|[from] Stealth Rock
|turn|11
|
|move|p2a: Zekrom|Max Lightning|p1a: Necrozma
|-damage|p1a: Necrozma|0 fnt
|faint|p1a: Necrozma
|
|-heal|p2a: Zekrom|18/100|[from] item: Leftovers
|upkeep
|inactive|Climbtheladder92 has 120 seconds left.
|
|switch|p1a: Toxapex|Toxapex, F|100/100
|-damage|p1a: Toxapex|88/100|[from] Stealth Rock
|turn|12
|
|move|p1a: Toxapex|Baneful Bunker|p1a: Toxapex
|-singleturn|p1a: Toxapex|move: Protect
|move|p2a: Zekrom|Max Lightning|p1a: Toxapex
|-supereffective|p1a: Toxapex
|-zbroken|p1a: Toxapex
|-damage|p1a: Toxapex|32/100
|
|-heal|p2a: Zekrom|21/100|[from] item: Leftovers
|-heal|p1a: Toxapex|38/100|[from] item: Black Sludge
|-end|p2a: Zekrom|Dynamax
|-heal|p2a: Zekrom|22/100|[silent]
|upkeep
|turn|13
|
|move|p2a: Zekrom|Dragon Claw|p1a: Toxapex
|-damage|p1a: Toxapex|0 fnt
|faint|p1a: Toxapex
|
|-heal|p2a: Zekrom|28/100|[from] item: Leftovers
|upkeep
|
|switch|p1a: Zacian|Zacian-Crowned|100/100
|-damage|p1a: Zacian|94/100|[from] Stealth Rock
|-ability|p1a: Zacian|Intrepid Sword|boost
|-boost|p1a: Zacian|atk|1
|turn|14
|
|switch|p1a: Corviknight|Corviknight, M|100/100
|-damage|p1a: Corviknight|88/100|[from] Stealth Rock
|-ability|p1a: Corviknight|Pressure
|move|p2a: Zekrom|Bolt Strike|p1a: Corviknight
|-supereffective|p1a: Corviknight
|-damage|p1a: Corviknight|0 fnt
|faint|p1a: Corviknight
|
|-heal|p2a: Zekrom|34/100|[from] item: Leftovers
|-fieldend|move: Electric Terrain
|upkeep
|
|switch|p1a: Zacian|Zacian-Crowned|94/100
|-damage|p1a: Zacian|88/100|[from] Stealth Rock
|-ability|p1a: Zacian|Intrepid Sword|boost
|-boost|p1a: Zacian|atk|1
|turn|15
|
|move|p2a: Zekrom|Bolt Strike|p1a: Zacian
|-damage|p1a: Zacian|0 fnt
|faint|p1a: Zacian
|
|-heal|p2a: Zekrom|40/100|[from] item: Leftovers
|upkeep
|-message|Climbtheladder92 forfeited.
|
|win|willcow
|l|☆Climbtheladder92
|raw|Climbtheladder92's rating: 1747 &rarr; <strong>1724</strong><br />(-23 for losing)
|raw|willcow's rating: 1703 &rarr; <strong>1726</strong><br />(+23 for winning)
