|j|☆Na-K-ATPase
|j|☆Shamouti
|player|p1|Na-K-ATPase|1|1424
|player|p2|Shamouti|2|1421
|teamsize|p1|6
|teamsize|p2|6
|gametype|singles
|gen|8
|tier|[Gen 8] Ubers
|rated|
|clearpoke
|poke|p1|Dugtrio, M|
|poke|p1|Kommo-o, M|
|poke|p1|Melmetal|
|poke|p1|Lunala|
|poke|p1|Necrozma-Dusk-Mane|
|poke|p1|Silvally-*|
|poke|p2|Zacian-Crowned|
|poke|p2|Darmanitan-Galar, M|
|poke|p2|Eternatus|
|poke|p2|Lunala|
|poke|p2|Marshadow|
|poke|p2|Necrozma-Dusk-Mane|
|rule|Sleep Clause Mod: Limit one foe put to sleep
|rule|Species Clause: Limit one of each Pokémon
|rule|OHKO Clause: OHKO moves are banned
|rule|Evasion Moves Clause: Evasion moves are banned
|rule|Endless Battle Clause: Forcing endless battles is banned
|rule|HP Percentage Mod: HP is shown in percentages
|html|Ubers Dynamax Clause: Pokémon on the <a href="https://www.smogon.com/dex/ss/formats/uber/">Ubers Dynamax Banlist</a> cannot Dynamax.
|teampreview
|inactive|Battle timer is ON: inactive players will automatically lose when time's up. (requested by Na-K-ATPase)
|
|start
|switch|p1a: Dugtrio|Dugtrio, M|100/100
|switch|p2a: Necrozma|Necrozma-Dusk-Mane|100/100
|turn|1
|
|move|p1a: Dugtrio|Stealth Rock|p2a: Necrozma
|-sidestart|p2: Shamouti|move: Stealth Rock
|move|p2a: Necrozma|Autotomize|p2a: Necrozma
|-boost|p2a: Necrozma|spe|2
|-start|p2a: Necrozma|Autotomize
|
|upkeep
|turn|2
|
|move|p2a: Necrozma|Knock Off|p1a: Dugtrio
|-damage|p1a: Dugtrio|12/100
|-enditem|p1a: Dugtrio|Focus Sash|[from] move: Knock Off|[of] p2a: Necrozma
|move|p1a: Dugtrio|Memento|p2a: Necrozma
|-unboost|p2a: Necrozma|atk|2
|-unboost|p2a: Necrozma|spa|2
|faint|p1a: Dugtrio
|
|upkeep
|
|switch|p1a: Lunala|Lunala|100/100
|turn|3
|
|move|p2a: Necrozma|Knock Off|p1a: Lunala
|-supereffective|p1a: Lunala
|-damage|p1a: Lunala|76/100
|-enditem|p1a: Lunala|Heavy-Duty Boots|[from] move: Knock Off|[of] p2a: Necrozma
|move|p1a: Lunala|Trick Room|p1a: Lunala
|-fieldstart|move: Trick Room|[of] p1a: Lunala
|
|upkeep
|turn|4
|
|move|p1a: Lunala|Will-O-Wisp|p2a: Necrozma
|-status|p2a: Necrozma|brn
|move|p2a: Necrozma|Knock Off|p1a: Lunala
|-supereffective|p1a: Lunala
|-damage|p1a: Lunala|57/100
|
|-damage|p2a: Necrozma|94/100 brn|[from] brn
|upkeep
|turn|5
|j| HeavenStar
|
|move|p1a: Lunala|Moongeist Beam|p2a: Necrozma
|-supereffective|p2a: Necrozma
|-damage|p2a: Necrozma|34/100 brn
|-enditem|p2a: Necrozma|Weakness Policy
|-boost|p2a: Necrozma|atk|2|[from] item: Weakness Policy
|-boost|p2a: Necrozma|spa|2|[from] item: Weakness Policy
|move|p2a: Necrozma|Knock Off|p1a: Lunala
|-supereffective|p1a: Lunala
|-damage|p1a: Lunala|25/100
|
|-damage|p2a: Necrozma|28/100 brn|[from] brn
|upkeep
|turn|6
|
|move|p1a: Lunala|Moongeist Beam|p2a: Necrozma
|-supereffective|p2a: Necrozma
|-damage|p2a: Necrozma|0 fnt
|faint|p2a: Necrozma
|
|upkeep
|
|switch|p2a: Marshadow|Marshadow|100/100
|-damage|p2a: Marshadow|94/100|[from] Stealth Rock
|turn|7
|
|move|p2a: Marshadow|Shadow Sneak|p1a: Lunala
|-supereffective|p1a: Lunala
|-damage|p1a: Lunala|0 fnt
|faint|p1a: Lunala
|
|-fieldend|move: Trick Room
|upkeep
|
|switch|p1a: Necrozma|Necrozma-Dusk-Mane|100/100
|turn|8
|
|move|p2a: Marshadow|Spectral Thief|p1a: Necrozma
|-supereffective|p1a: Necrozma
|-damage|p1a: Necrozma|54/100
|-enditem|p1a: Necrozma|Weakness Policy
|-boost|p1a: Necrozma|atk|2|[from] item: Weakness Policy
|-boost|p1a: Necrozma|spa|2|[from] item: Weakness Policy
|move|p1a: Necrozma|Trick Room|p1a: Necrozma
|-fieldstart|move: Trick Room|[of] p1a: Necrozma
|
|upkeep
|turn|9
|
|move|p1a: Necrozma|Photon Geyser|p2a: Marshadow
|-supereffective|p2a: Marshadow
|-damage|p2a: Marshadow|0 fnt
|faint|p2a: Marshadow
|
|upkeep
|
|switch|p2a: Lunala|Lunala|100/100
|turn|10
|
|move|p1a: Necrozma|Flash Cannon|p2a: Lunala
|-damage|p2a: Lunala|68/100
|-unboost|p2a: Lunala|spd|1
|move|p2a: Lunala|Moongeist Beam|p1a: Necrozma
|-supereffective|p1a: Necrozma
|-damage|p1a: Necrozma|0 fnt
|faint|p1a: Necrozma
|
|upkeep
|
|switch|p1a: Kommo-o|Kommo-o, M|100/100
|turn|11
|
|move|p1a: Kommo-o|Clangorous Soul|p1a: Kommo-o
|-boost|p1a: Kommo-o|atk|1
|-boost|p1a: Kommo-o|def|1
|-boost|p1a: Kommo-o|spa|1
|-boost|p1a: Kommo-o|spd|1
|-boost|p1a: Kommo-o|spe|1
|-damage|p1a: Kommo-o|68/100
|-enditem|p1a: Kommo-o|Throat Spray
|-boost|p1a: Kommo-o|spa|1|[from] item: Throat Spray
|move|p2a: Lunala|Moonblast|p1a: Kommo-o
|-supereffective|p1a: Kommo-o
|-damage|p1a: Kommo-o|0 fnt
|faint|p1a: Kommo-o
|
|upkeep
|
|switch|p1a: Melmetal|Melmetal|100/100
|turn|12
|
|move|p1a: Melmetal|Self-Destruct|p2a: Lunala
|-immune|p2a: Lunala
|faint|p1a: Melmetal
|move|p2a: Lunala|Moongeist Beam|p1: Melmetal|[notarget]
|-fail|p2a: Lunala
|
|-fieldend|move: Trick Room
|upkeep
|
|switch|p1a: Silvally|Silvally-Ground|100/100
|turn|13
|
|move|p2a: Lunala|Roost|p2a: Lunala
|-heal|p2a: Lunala|100/100
|-singleturn|p2a: Lunala|move: Roost
|move|p1a: Silvally|Swords Dance|p1a: Silvally
|-boost|p1a: Silvally|atk|2
|
|upkeep
|turn|14
|
|move|p2a: Lunala|Moongeist Beam|p1a: Silvally
|-damage|p1a: Silvally|43/100
|move|p1a: Silvally|Fire Fang|p2a: Lunala
|-damage|p2a: Lunala|83/100
|
|upkeep
|turn|15
|
|move|p2a: Lunala|Moongeist Beam|p1a: Silvally
|-damage|p1a: Silvally|0 fnt
|faint|p1a: Silvally
|
|win|Shamouti
|l|☆Na-K-ATPase
||Ladder (probably) updated, but score could not be retrieved (Response not received).
