|j|☆soles wins
|j|☆killer whale squa
|player|p1|soles wins|169|1315
|player|p2|killer whale squa|216|1243
|teamsize|p1|6
|teamsize|p2|6
|gametype|singles
|gen|8
|tier|[Gen 8] Ubers
|rated|
|clearpoke
|poke|p1|Tyranitar, F|
|poke|p1|Excadrill, M|
|poke|p1|Ditto|
|poke|p1|Necrozma-Dusk-Mane|
|poke|p1|Eternatus|
|poke|p1|Mewtwo|
|poke|p2|Tyranitar, M|
|poke|p2|Necrozma-Dusk-Mane|
|poke|p2|Mandibuzz, F|
|poke|p2|Eternatus|
|poke|p2|Quagsire, M|
|poke|p2|Zacian-Crowned|
|rule|Sleep Clause Mod: Limit one foe put to sleep
|rule|Species Clause: Limit one of each Pokémon
|rule|OHKO Clause: OHKO moves are banned
|rule|Evasion Moves Clause: Evasion moves are banned
|rule|Endless Battle Clause: Forcing endless battles is banned
|rule|HP Percentage Mod: HP is shown in percentages
|teampreview
|inactive|Battle timer is ON: inactive players will automatically lose when time's up. (requested by soles wins)
|
|start
|switch|p1a: Tyranitar|Tyranitar, F|100/100
|switch|p2a: Eternatus|Eternatus|100/100
|-ability|p2a: Eternatus|Pressure
|-weather|Sandstorm|[from] ability: Sand Stream|[of] p1a: Tyranitar
|turn|1
|
|move|p2a: Eternatus|Toxic|p1a: Tyranitar
|-status|p1a: Tyranitar|tox
|move|p1a: Tyranitar|Earthquake|p2a: Eternatus
|-supereffective|p2a: Eternatus
|-damage|p2a: Eternatus|56/100
|
|-weather|Sandstorm|[upkeep]
|-damage|p2a: Eternatus|50/100|[from] Sandstorm
|-heal|p2a: Eternatus|56/100|[from] item: Black Sludge
|-damage|p1a: Tyranitar|94/100 tox|[from] psn
|upkeep
|turn|2
|
|move|p2a: Eternatus|Recover|p2a: Eternatus
|-heal|p2a: Eternatus|100/100
|move|p1a: Tyranitar|Stealth Rock|p2a: Eternatus
|-sidestart|p2: killer whale squa|move: Stealth Rock
|
|-weather|Sandstorm|[upkeep]
|-damage|p2a: Eternatus|94/100|[from] Sandstorm
|-heal|p2a: Eternatus|100/100|[from] item: Black Sludge
|-damage|p1a: Tyranitar|82/100 tox|[from] psn
|upkeep
|turn|3
|
|switch|p2a: Mandibuzz|Mandibuzz, F|100/100
|move|p1a: Tyranitar|Earthquake|p2a: Mandibuzz
|-immune|p2a: Mandibuzz
|
|-weather|Sandstorm|[upkeep]
|-damage|p1a: Tyranitar|64/100 tox|[from] psn
|upkeep
|turn|4
|
|switch|p1a: Excadrill|Excadrill, M|100/100
|move|p2a: Mandibuzz|Defog|p1a: Excadrill
|-unboost|p1a: Excadrill|evasion|1
|-sideend|p2: killer whale squa|Stealth Rock|[from] move: Defog|[of] p2a: Mandibuzz
|
|-weather|Sandstorm|[upkeep]
|upkeep
|turn|5
|
|move|p1a: Excadrill|Rock Slide|p2a: Mandibuzz
|-supereffective|p2a: Mandibuzz
|-damage|p2a: Mandibuzz|40/100
|-damage|p1a: Excadrill|91/100|[from] item: Life Orb
|move|p2a: Mandibuzz|U-turn|p1a: Excadrill
|-resisted|p1a: Excadrill
|-damage|p1a: Excadrill|82/100
|
|switch|p2a: Quagsire|Quagsire, M|100/100|[from]move: U-turn
|
|-weather|none
|upkeep
|turn|6
|
|move|p1a: Excadrill|Earthquake|p2a: Quagsire
|-damage|p2a: Quagsire|48/100
|-damage|p1a: Excadrill|72/100|[from] item: Life Orb
|move|p2a: Quagsire|Earthquake|p1a: Excadrill
|-supereffective|p1a: Excadrill
|-damage|p1a: Excadrill|0 fnt
|faint|p1a: Excadrill
|
|upkeep
|
|switch|p1a: Mewtwo|Mewtwo|100/100
|-ability|p1a: Mewtwo|Pressure
|turn|7
|
|switch|p2a: Tyranitar|Tyranitar, M|100/100
|-weather|Sandstorm|[from] ability: Sand Stream|[of] p2a: Tyranitar
|move|p1a: Mewtwo|Psystrike|p2a: Tyranitar
|-immune|p2a: Tyranitar
|
|-weather|Sandstorm|[upkeep]
|-damage|p1a: Mewtwo|94/100|[from] Sandstorm
|upkeep
|turn|8
|
|switch|p1a: Tyranitar|Tyranitar, F|64/100 tox
|move|p2a: Tyranitar|Thunder Wave||[still]
|-fail|p2a: Tyranitar
|
|-weather|Sandstorm|[upkeep]
|-damage|p1a: Tyranitar|57/100 tox|[from] psn
|upkeep
|turn|9
|
|switch|p2a: Quagsire|Quagsire, M|48/100
|move|p1a: Tyranitar|Earthquake|p2a: Quagsire
|-damage|p2a: Quagsire|19/100
|
|-weather|Sandstorm|[upkeep]
|-damage|p1a: Tyranitar|45/100 tox|[from] psn
|upkeep
|turn|10
|inactive|killer whale squa has 120 seconds left.
|
|switch|p2a: Mandibuzz|Mandibuzz, F|40/100
|move|p1a: Tyranitar|Crunch|p2a: Mandibuzz
|-resisted|p2a: Mandibuzz
|-damage|p2a: Mandibuzz|21/100
|
|-weather|Sandstorm|[upkeep]
|-damage|p1a: Tyranitar|27/100 tox|[from] psn
|upkeep
|turn|11
|inactive|killer whale squa has 120 seconds left.
|
|move|p1a: Tyranitar|Flamethrower|p2a: Mandibuzz
|-damage|p2a: Mandibuzz|9/100
|move|p2a: Mandibuzz|Roost|p2a: Mandibuzz
|-heal|p2a: Mandibuzz|59/100
|-singleturn|p2a: Mandibuzz|move: Roost
|
|-weather|none
|-damage|p1a: Tyranitar|2/100 tox|[from] psn
|upkeep
|turn|12
|
|move|p1a: Tyranitar|Stealth Rock|p2a: Mandibuzz
|-sidestart|p2: killer whale squa|move: Stealth Rock
|move|p2a: Mandibuzz|Roost|p2a: Mandibuzz
|-heal|p2a: Mandibuzz|100/100
|-singleturn|p2a: Mandibuzz|move: Roost
|
|-damage|p1a: Tyranitar|0 fnt|[from] psn
|faint|p1a: Tyranitar
|upkeep
|
|switch|p1a: Mewtwo|Mewtwo|94/100
|-ability|p1a: Mewtwo|Pressure
|turn|13
|
|switch|p2a: Tyranitar|Tyranitar, M|100/100
|-damage|p2a: Tyranitar|88/100|[from] Stealth Rock
|-weather|Sandstorm|[from] ability: Sand Stream|[of] p2a: Tyranitar
|-start|p1a: Mewtwo|Dynamax
|-heal|p1a: Mewtwo|94/100|[silent]
|move|p1a: Mewtwo|Max Flare|p2a: Tyranitar
|-resisted|p2a: Tyranitar
|-damage|p2a: Tyranitar|74/100
|-weather|SunnyDay
|-damage|p1a: Mewtwo|89/100|[from] item: Life Orb
|
|-weather|SunnyDay|[upkeep]
|upkeep
|turn|14
|
|move|p1a: Mewtwo|Max Knuckle|p2a: Tyranitar
|-supereffective|p2a: Tyranitar
|-enditem|p2a: Tyranitar|Chople Berry|[eat]
|-enditem|p2a: Tyranitar|Chople Berry|[weaken]
|-damage|p2a: Tyranitar|10/100
|-boost|p1a: Mewtwo|atk|1
|-damage|p1a: Mewtwo|84/100|[from] item: Life Orb
|move|p2a: Tyranitar|Thunder Wave|p1a: Mewtwo
|-status|p1a: Mewtwo|par
|
|-weather|SunnyDay|[upkeep]
|upkeep
|turn|15
|inactive|killer whale squa has 120 seconds left.
|
|move|p1a: Mewtwo|Max Knuckle|p2a: Tyranitar
|-supereffective|p2a: Tyranitar
|-damage|p2a: Tyranitar|0 fnt
|-boost|p1a: Mewtwo|atk|1
|-damage|p1a: Mewtwo|79/100 par|[from] item: Life Orb
|faint|p2a: Tyranitar
|
|-weather|SunnyDay|[upkeep]
|-end|p1a: Mewtwo|Dynamax
|-heal|p1a: Mewtwo|80/100 par|[silent]
|upkeep
|
|switch|p2a: Zacian|Zacian-Crowned|100/100
|-damage|p2a: Zacian|94/100|[from] Stealth Rock
|-ability|p2a: Zacian|Intrepid Sword|boost
|-boost|p2a: Zacian|atk|1
|turn|16
|
|move|p2a: Zacian|Crunch|p1a: Mewtwo
|-supereffective|p1a: Mewtwo
|-damage|p1a: Mewtwo|0 fnt
|faint|p1a: Mewtwo
|
|-weather|SunnyDay|[upkeep]
|upkeep
|
|switch|p1a: Ditto|Ditto|100/100
|-transform|p1a: Ditto|p2a: Zacian|[from] ability: Imposter
|-ability|p1a: Ditto|Intrepid Sword|boost
|-boost|p1a: Ditto|atk|1
|turn|17
|
|switch|p2a: Eternatus|Eternatus|100/100
|-damage|p2a: Eternatus|88/100|[from] Stealth Rock
|-ability|p2a: Eternatus|Pressure
|move|p1a: Ditto|Behemoth Blade|p2a: Eternatus
|-damage|p2a: Eternatus|17/100
|
|-weather|none
|-heal|p2a: Eternatus|23/100|[from] item: Black Sludge
|upkeep
|turn|18
|
|switch|p2a: Necrozma|Necrozma-Dusk-Mane|100/100
|-damage|p2a: Necrozma|94/100|[from] Stealth Rock
|move|p1a: Ditto|Behemoth Blade|p2a: Necrozma
|-resisted|p2a: Necrozma
|-damage|p2a: Necrozma|60/100
|
|upkeep
|turn|19
|
|move|p1a: Ditto|Behemoth Blade|p2a: Necrozma
|-resisted|p2a: Necrozma
|-damage|p2a: Necrozma|23/100
|move|p2a: Necrozma|Morning Sun|p2a: Necrozma
|-heal|p2a: Necrozma|73/100
|
|upkeep
|turn|20
|
|switch|p1a: Eternatus|Eternatus|100/100
|-ability|p1a: Eternatus|Pressure
|move|p2a: Necrozma|Morning Sun|p2a: Necrozma
|-heal|p2a: Necrozma|100/100
|
|upkeep
|turn|21
|inactive|soles wins has 120 seconds left.
|
|-start|p2a: Necrozma|Dynamax
|-heal|p2a: Necrozma|100/100|[silent]
|move|p1a: Eternatus|Flamethrower|p2a: Necrozma
|-supereffective|p2a: Necrozma
|-damage|p2a: Necrozma|73/100
|-enditem|p2a: Necrozma|Weakness Policy
|-boost|p2a: Necrozma|atk|2|[from] item: Weakness Policy
|-boost|p2a: Necrozma|spa|2|[from] item: Weakness Policy
|-status|p2a: Necrozma|brn
|-damage|p1a: Eternatus|91/100|[from] item: Life Orb
|move|p2a: Necrozma|Max Quake|p1a: Eternatus
|-supereffective|p1a: Eternatus
|-damage|p1a: Eternatus|22/100
|-boost|p2a: Necrozma|spd|1
|
|-damage|p2a: Necrozma|70/100 brn|[from] brn
|upkeep
|turn|22
|inactive|soles wins has 120 seconds left.
|inactive|killer whale squa has 90 seconds left.
|
|move|p1a: Eternatus|Recover|p1a: Eternatus
|-heal|p1a: Eternatus|72/100
|move|p2a: Necrozma|Max Quake|p1a: Eternatus
|-supereffective|p1a: Eternatus
|-damage|p1a: Eternatus|0 fnt
|-boost|p2a: Necrozma|spd|1
|faint|p1a: Eternatus
|
|-damage|p2a: Necrozma|67/100 brn|[from] brn
|upkeep
|
|switch|p1a: Necrozma|Necrozma-Dusk-Mane|100/100
|turn|23
|
|-end|p2a: Necrozma|Dynamax
|-heal|p2a: Necrozma|67/100 brn|[silent]
|switch|p2a: Mandibuzz|Mandibuzz, F|100/100
|switch|p1a: Ditto|Ditto|100/100
|-transform|p1a: Ditto|p2a: Mandibuzz|[from] ability: Imposter
|
|upkeep
|turn|24
|inactive|soles wins has 120 seconds left.
|
|move|p1a: Ditto|U-turn|p2a: Mandibuzz
|-damage|p2a: Mandibuzz|91/100
|
|switch|p1a: Necrozma|Necrozma-Dusk-Mane|100/100|[from]move: U-turn
|move|p2a: Mandibuzz|U-turn|p1a: Necrozma
|-damage|p1a: Necrozma|94/100
|inactive|killer whale squa has 60 seconds left.
|
|switch|p2a: Quagsire|Quagsire, M|19/100|[from]move: U-turn
|-damage|p2a: Quagsire|13/100|[from] Stealth Rock
|
|upkeep
|turn|25
|
|move|p1a: Necrozma|Earthquake|p2a: Quagsire
|-damage|p2a: Quagsire|0 fnt
|faint|p2a: Quagsire
|
|upkeep
|
|switch|p2a: Eternatus|Eternatus|23/100
|-damage|p2a: Eternatus|11/100|[from] Stealth Rock
|-ability|p2a: Eternatus|Pressure
|turn|26
|
|move|p2a: Eternatus|Recover|p2a: Eternatus
|-heal|p2a: Eternatus|61/100
|move|p1a: Necrozma|Earthquake|p2a: Eternatus
|-supereffective|p2a: Eternatus
|-damage|p2a: Eternatus|22/100
|
|-heal|p2a: Eternatus|28/100|[from] item: Black Sludge
|upkeep
|turn|27
|
|move|p2a: Eternatus|Recover|p2a: Eternatus
|-heal|p2a: Eternatus|78/100
|move|p1a: Necrozma|Dragon Dance|p1a: Necrozma
|-boost|p1a: Necrozma|atk|1
|-boost|p1a: Necrozma|spe|1
|
|-heal|p2a: Eternatus|85/100|[from] item: Black Sludge
|upkeep
|turn|28
|
|move|p2a: Eternatus|Flamethrower|p1a: Necrozma
|-supereffective|p1a: Necrozma
|-damage|p1a: Necrozma|59/100
|-enditem|p1a: Necrozma|Weakness Policy
|-boost|p1a: Necrozma|atk|2|[from] item: Weakness Policy
|-boost|p1a: Necrozma|spa|2|[from] item: Weakness Policy
|move|p1a: Necrozma|Earthquake|p2a: Eternatus
|-supereffective|p2a: Eternatus
|-damage|p2a: Eternatus|0 fnt
|faint|p2a: Eternatus
|
|upkeep
|
|switch|p2a: Necrozma|Necrozma-Dusk-Mane|67/100 brn
|-damage|p2a: Necrozma|61/100 brn|[from] Stealth Rock
|turn|29
|
|move|p1a: Necrozma|Earthquake|p2a: Necrozma
|-supereffective|p2a: Necrozma
|-damage|p2a: Necrozma|0 fnt
|faint|p2a: Necrozma
|
|upkeep
|
|switch|p2a: Zacian|Zacian-Crowned|94/100
|-damage|p2a: Zacian|88/100|[from] Stealth Rock
|-ability|p2a: Zacian|Intrepid Sword|boost
|-boost|p2a: Zacian|atk|1
|turn|30
|
|move|p2a: Zacian|Crunch|p1a: Necrozma
|-supereffective|p1a: Necrozma
|-damage|p1a: Necrozma|21/100
|move|p1a: Necrozma|Earthquake|p2a: Zacian
|-supereffective|p2a: Zacian
|-damage|p2a: Zacian|0 fnt
|faint|p2a: Zacian
|
|upkeep
|
|switch|p2a: Mandibuzz|Mandibuzz, F|91/100
|turn|31
|
|move|p1a: Necrozma|Sunsteel Strike|p2a: Mandibuzz
|-damage|p2a: Mandibuzz|0 fnt
|faint|p2a: Mandibuzz
|
|win|soles wins
||Ladder (probably) updated, but score could not be retrieved (Response not received).
