|j|☆uber uwu
|j|‽neptune732
|t:|1626587578
|gametype|singles
|player|p1|uber uwu|nurseryaide|1382
|player|p2|neptune732|169|1556
|teamsize|p1|6
|teamsize|p2|6
|gen|8
|tier|[Gen 8] Ubers
|rated|
|rule|Sleep Clause Mod: Limit one foe put to sleep
|rule|Species Clause: Limit one of each Pokémon
|rule|OHKO Clause: OHKO moves are banned
|rule|Evasion Moves Clause: Evasion moves are banned
|rule|Endless Battle Clause: Forcing endless battles is banned
|rule|HP Percentage Mod: HP is shown in percentages
|rule|Dynamax Clause: You cannot dynamax
|clearpoke
|poke|p1|Calyrex-Ice|
|poke|p1|Hatterene, F|
|poke|p1|Dracovish|
|poke|p1|Necrozma-Dusk-Mane|
|poke|p1|Kyogre|
|poke|p1|Porygon2|
|poke|p2|Mewtwo|
|poke|p2|Marshadow|
|poke|p2|Reshiram|
|poke|p2|Ditto|
|poke|p2|Shuckle, F|
|poke|p2|Eternatus|
|teampreview
|inactive|Battle timer is ON: inactive players will automatically lose when time's up. (requested by uber uwu)
|
|t:|1626587606
|start
|switch|p1a: Hatterene|Hatterene, F|100/100
|switch|p2a: Marshadow|Marshadow|100/100
|turn|1
|
|t:|1626587617
|move|p2a: Marshadow|Poltergeist|p1a: Hatterene
|-activate|p1a: Hatterene|move: Poltergeist|Focus Sash
|-supereffective|p1a: Hatterene
|-enditem|p1a: Hatterene|Focus Sash
|-damage|p1a: Hatterene|1/100
|-damage|p2a: Marshadow|91/100|[from] item: Life Orb
|move|p1a: Hatterene|Trick Room|p1a: Hatterene
|-fieldstart|move: Trick Room|[of] p1a: Hatterene
|
|upkeep
|turn|2
|
|t:|1626587638
|switch|p1a: Necrozma|Necrozma-Dusk-Mane|100/100
|move|p2a: Marshadow|Shadow Sneak|p1a: Necrozma
|-supereffective|p1a: Necrozma
|-damage|p1a: Necrozma|58/100
|-enditem|p1a: Necrozma|Weakness Policy
|-boost|p1a: Necrozma|atk|2|[from] item: Weakness Policy
|-boost|p1a: Necrozma|spa|2|[from] item: Weakness Policy
|-damage|p2a: Marshadow|81/100|[from] item: Life Orb
|
|upkeep
|turn|3
|inactive|neptune732 has 120 seconds left.
|
|t:|1626587659
|switch|p2a: Shuckle|Shuckle, F|100/100
|move|p1a: Necrozma|Earthquake|p2a: Shuckle
|-damage|p2a: Shuckle|56/100
|-enditem|p2a: Shuckle|Red Card|[of] p1a: Necrozma
|drag|p1a: Calyrex|Calyrex-Ice|100/100
|-ability|p1a: Calyrex|As One
|-ability|p1a: Calyrex|Unnerve
|
|upkeep
|turn|4
|inactive|neptune732 has 120 seconds left.
|
|t:|1626587672
|move|p2a: Shuckle|Knock Off|p1a: Calyrex
|-supereffective|p1a: Calyrex
|-damage|p1a: Calyrex|95/100
|-enditem|p1a: Calyrex|Weakness Policy
|-boost|p1a: Calyrex|atk|2|[from] item: Weakness Policy
|-boost|p1a: Calyrex|spa|2|[from] item: Weakness Policy
|move|p1a: Calyrex|Glacial Lance|p2a: Shuckle
|-damage|p2a: Shuckle|0 fnt
|faint|p2a: Shuckle
|-ability|p1a: Calyrex|Chilling Neigh|boost
|-boost|p1a: Calyrex|atk|1
|
|upkeep
|inactive|neptune732 has 120 seconds left.
|c|☆uber uwu|cool
|c|☆uber uwu|another kills
|
|t:|1626587704
|switch|p2a: Reshiram|Reshiram|100/100
|-ability|p2a: Reshiram|Turboblaze
|turn|5
|
|t:|1626587713
|move|p1a: Calyrex|Close Combat|p2a: Reshiram
|-damage|p2a: Reshiram|0 fnt
|-unboost|p1a: Calyrex|def|1
|-unboost|p1a: Calyrex|spd|1
|faint|p2a: Reshiram
|-ability|p1a: Calyrex|Chilling Neigh|boost
|-boost|p1a: Calyrex|atk|1
|
|-fieldend|move: Trick Room
|upkeep
|
|t:|1626587722
|switch|p2a: Ditto|Ditto|100/100
|-transform|p2a: Ditto|p1a: Calyrex|[from] ability: Imposter
|turn|6
|inactive|uber uwu has 120 seconds left.
|
|t:|1626587754
|switch|p1a: Hatterene|Hatterene, F|1/100
|move|p2a: Ditto|Close Combat|p1a: Hatterene
|-resisted|p1a: Hatterene
|-crit|p1a: Hatterene
|-damage|p1a: Hatterene|0 fnt
|-unboost|p2a: Ditto|def|1
|-unboost|p2a: Ditto|spd|1
|faint|p1a: Hatterene
|-ability|p2a: Ditto|Chilling Neigh|boost
|-boost|p2a: Ditto|atk|1
|
|upkeep
|inactive|uber uwu has 120 seconds left.
|inactive|uber uwu has 90 seconds left.
|
|t:|1626587790
|switch|p1a: Kyogre|Kyogre|100/100
|-weather|RainDance|[from] ability: Drizzle|[of] p1a: Kyogre
|turn|7
|inactive|neptune732 has 90 seconds left.
|
|t:|1626587817
|move|p1a: Kyogre|Water Spout|p2a: Ditto
|-damage|p2a: Ditto|0 fnt
|faint|p2a: Ditto
|
|-weather|RainDance|[upkeep]
|upkeep
|
|t:|1626587822
|switch|p2a: Eternatus|Eternatus|100/100
|-ability|p2a: Eternatus|Pressure
|turn|8
|inactive|neptune732 has 90 seconds left.
|
|t:|1626587829
|switch|p1a: Necrozma|Necrozma-Dusk-Mane|58/100
|move|p2a: Eternatus|Meteor Beam||[still]
|-prepare|p2a: Eternatus|Meteor Beam
|-boost|p2a: Eternatus|spa|1
|-enditem|p2a: Eternatus|Power Herb
|-anim|p2a: Eternatus|Meteor Beam|p1a: Necrozma
|-resisted|p1a: Necrozma
|-damage|p1a: Necrozma|30/100
|
|-weather|RainDance|[upkeep]
|upkeep
|turn|9
|
|t:|1626587839
|move|p2a: Eternatus|Dynamax Cannon|p1a: Necrozma
|-resisted|p1a: Necrozma
|-damage|p1a: Necrozma|0 fnt
|faint|p1a: Necrozma
|
|-weather|RainDance|[upkeep]
|upkeep
|
|t:|1626587841
|switch|p1a: Calyrex|Calyrex-Ice|95/100
|-ability|p1a: Calyrex|As One
|-ability|p1a: Calyrex|Unnerve
|turn|10
|
|t:|1626587852
|move|p2a: Eternatus|Dynamax Cannon|p1a: Calyrex
|-damage|p1a: Calyrex|35/100
|move|p1a: Calyrex|Trick Room|p1a: Calyrex
|-fieldstart|move: Trick Room|[of] p1a: Calyrex
|
|-weather|RainDance|[upkeep]
|upkeep
|turn|11
|inactive|neptune732 has 90 seconds left.
|
|t:|1626587874
|switch|p2a: Mewtwo|Mewtwo|100/100
|-ability|p2a: Mewtwo|Pressure
|move|p1a: Calyrex|Glacial Lance|p2a: Mewtwo
|-damage|p2a: Mewtwo|8/100
|
|-weather|none
|upkeep
|turn|12
|inactive|neptune732 has 90 seconds left.
|
|t:|1626587885
|move|p1a: Calyrex|Glacial Lance|p2a: Mewtwo
|-damage|p2a: Mewtwo|0 fnt
|faint|p2a: Mewtwo
|-ability|p1a: Calyrex|Chilling Neigh|boost
|-boost|p1a: Calyrex|atk|1
|
|upkeep
|inactive|neptune732 has 90 seconds left.
|
|t:|1626587891
|switch|p2a: Marshadow|Marshadow|81/100
|turn|13
|
|t:|1626587897
|move|p2a: Marshadow|Shadow Sneak|p1a: Calyrex
|-supereffective|p1a: Calyrex
|-damage|p1a: Calyrex|0 fnt
|faint|p1a: Calyrex
|-damage|p2a: Marshadow|71/100|[from] item: Life Orb
|
|upkeep
|
|t:|1626587907
|switch|p1a: Dracovish|Dracovish|100/100
|turn|14
|
|t:|1626587912
|switch|p2a: Eternatus|Eternatus|100/100
|-ability|p2a: Eternatus|Pressure
|move|p1a: Dracovish|Psychic Fangs|p2a: Eternatus
|-supereffective|p2a: Eternatus
|-damage|p2a: Eternatus|6/100
|
|-fieldend|move: Trick Room
|upkeep
|turn|15
|inactive|neptune732 has 120 seconds left.
|
|t:|1626587920
|move|p2a: Eternatus|Dynamax Cannon|p1a: Dracovish
|-supereffective|p1a: Dracovish
|-damage|p1a: Dracovish|0 fnt
|faint|p1a: Dracovish
|
|upkeep
|c|☆uber uwu|gg
|
|t:|1626587924
|switch|p1a: Porygon2|Porygon2|100/100
|turn|16
|
|t:|1626587928
|move|p2a: Eternatus|Sludge Bomb|p1a: Porygon2
|-damage|p1a: Porygon2|79/100
|move|p1a: Porygon2|Trick Room|p1a: Porygon2
|-fieldstart|move: Trick Room|[of] p1a: Porygon2
|
|upkeep
|turn|17
|
|t:|1626587933
|move|p2a: Eternatus|Sludge Bomb|p1a: Porygon2
|-damage|p1a: Porygon2|56/100
|move|p1a: Porygon2|Teleport|p1a: Porygon2
|
|t:|1626587937
|switch|p1a: Kyogre|Kyogre|100/100|[from]move: Teleport
|-weather|RainDance|[from] ability: Drizzle|[of] p1a: Kyogre
|
|-weather|RainDance|[upkeep]
|upkeep
|turn|18
|
|t:|1626587943
|move|p1a: Kyogre|Thunder|p2a: Eternatus
|-resisted|p2a: Eternatus
|-damage|p2a: Eternatus|0 fnt
|faint|p2a: Eternatus
|
|-weather|RainDance|[upkeep]
|upkeep
|
|t:|1626587948
|switch|p2a: Marshadow|Marshadow|71/100
|turn|19
|
|t:|1626587953
|move|p1a: Kyogre|Thunder|p2a: Marshadow
|-damage|p2a: Marshadow|0 fnt
|faint|p2a: Marshadow
|
|win|uber uwu
|raw|uber uwu's rating: 1382 &rarr; <strong>1411</strong><br />(+29 for winning)
|raw|neptune732's rating: 1556 &rarr; <strong>1527</strong><br />(-29 for losing)
|l|‽neptune732
