|j|☆Aphrodite Siren
|j|☆crottefeu
|player|p1|Aphrodite Siren|ghetsis|1559
|player|p2|crottefeu|nurseryaide|1461
|teamsize|p1|6
|teamsize|p2|6
|gametype|singles
|gen|8
|tier|[Gen 8] Ubers
|rated|
|clearpoke
|poke|p1|Mandibuzz, F|
|poke|p1|Marshadow|
|poke|p1|Melmetal|
|poke|p1|Necrozma-Dusk-Mane|
|poke|p1|Mewtwo|
|poke|p1|Lunala|
|poke|p2|Dubwool, M|
|poke|p2|Indeedee-F, F|
|poke|p2|Vaporeon, M|
|poke|p2|Mew|
|poke|p2|Espeon, M|
|poke|p2|Gothitelle, F|
|rule|Sleep Clause Mod: Limit one foe put to sleep
|rule|Species Clause: Limit one of each Pokémon
|rule|OHKO Clause: OHKO moves are banned
|rule|Evasion Moves Clause: Evasion moves are banned
|rule|Endless Battle Clause: Forcing endless battles is banned
|rule|HP Percentage Mod: HP is shown in percentages
|teampreview
|
|start
|switch|p1a: Subterror|Lunala|100/100
|switch|p2a: Dubwool|Dubwool, M|100/100
|turn|1
|
|move|p2a: Dubwool|Substitute|p2a: Dubwool
|-start|p2a: Dubwool|Substitute
|-damage|p2a: Dubwool|75/100
|move|p1a: Subterror|Thunder Wave||[still]
|-fail|p1a: Subterror
|
|-heal|p2a: Dubwool|82/100|[from] item: Leftovers
|upkeep
|turn|2
|
|move|p2a: Dubwool|Cotton Guard|p2a: Dubwool
|-boost|p2a: Dubwool|def|3
|move|p1a: Subterror|Moonblast|p2a: Dubwool
|-end|p2a: Dubwool|Substitute
|
|-heal|p2a: Dubwool|88/100|[from] item: Leftovers
|upkeep
|turn|3
|inactive|Battle timer is ON: inactive players will automatically lose when time's up. (requested by crottefeu)
|
|move|p2a: Dubwool|Agility|p2a: Dubwool
|-boost|p2a: Dubwool|spe|2
|move|p1a: Subterror|Moonblast|p2a: Dubwool
|-damage|p2a: Dubwool|55/100
|-unboost|p2a: Dubwool|spa|1
|
|-heal|p2a: Dubwool|61/100|[from] item: Leftovers
|upkeep
|turn|4
|
|move|p2a: Dubwool|Cotton Guard|p2a: Dubwool
|-boost|p2a: Dubwool|def|3
|move|p1a: Subterror|Moonblast|p2a: Dubwool
|-crit|p2a: Dubwool
|-damage|p2a: Dubwool|7/100
|-unboost|p2a: Dubwool|spa|1
|
|-heal|p2a: Dubwool|13/100|[from] item: Leftovers
|upkeep
|turn|5
|
|move|p2a: Dubwool|Baton Pass|p2a: Dubwool
|j| nagisa6666
|
|switch|p2a: Mew|Mew|100/100|[from]move: Baton Pass
|move|p1a: Subterror|Moonblast|p2a: Mew
|-damage|p2a: Mew|78/100
|-unboost|p2a: Mew|spa|1
|
|-heal|p2a: Mew|84/100|[from] item: Leftovers
|upkeep
|turn|6
|
|move|p2a: Mew|Substitute|p2a: Mew
|-start|p2a: Mew|Substitute
|-damage|p2a: Mew|59/100
|move|p1a: Subterror|Moongeist Beam|p2a: Mew
|-supereffective|p2a: Mew
|-end|p2a: Mew|Substitute
|
|-heal|p2a: Mew|65/100|[from] item: Leftovers
|upkeep
|turn|7
|
|move|p2a: Mew|Amnesia|p2a: Mew
|-boost|p2a: Mew|spd|2
|move|p1a: Subterror|Thunder Wave|p2a: Mew
|-status|p2a: Mew|par
|-activate|p2a: Mew|ability: Synchronize
|-status|p1a: Subterror|par
|
|-heal|p2a: Mew|71/100 par|[from] item: Leftovers
|upkeep
|turn|8
|
|move|p2a: Mew|Baton Pass|p2a: Mew
|
|switch|p2a: Indeedee|Indeedee-F, F|100/100|[from]move: Baton Pass
|-fieldstart|move: Psychic Terrain|[from] ability: Psychic Surge|[of] p2a: Indeedee
|move|p1a: Subterror|Moonblast|p2a: Indeedee
|-damage|p2a: Indeedee|88/100
|
|-heal|p2a: Indeedee|94/100|[from] item: Leftovers
|upkeep
|turn|9
|
|move|p2a: Indeedee|Substitute|p2a: Indeedee
|-start|p2a: Indeedee|Substitute
|-damage|p2a: Indeedee|69/100
|move|p1a: Subterror|Moonblast|p2a: Indeedee
|-activate|p2a: Indeedee|move: Substitute|[damage]
|
|-heal|p2a: Indeedee|75/100|[from] item: Leftovers
|upkeep
|turn|10
|
|move|p2a: Indeedee|Calm Mind|p2a: Indeedee
|-boost|p2a: Indeedee|spa|1
|-boost|p2a: Indeedee|spd|1
|move|p1a: Subterror|Moonblast|p2a: Indeedee
|-activate|p2a: Indeedee|move: Substitute|[damage]
|
|-heal|p2a: Indeedee|81/100|[from] item: Leftovers
|upkeep
|turn|11
|
|move|p2a: Indeedee|Calm Mind|p2a: Indeedee
|-boost|p2a: Indeedee|spa|1
|-boost|p2a: Indeedee|spd|1
|cant|p1a: Subterror|par
|
|-heal|p2a: Indeedee|87/100|[from] item: Leftovers
|upkeep
|turn|12
|
|switch|p1a: Monarch|Melmetal, shiny|100/100
|move|p2a: Indeedee|Calm Mind|p2a: Indeedee
|-boost|p2a: Indeedee|spa|1
|-boost|p2a: Indeedee|spd|1
|
|-heal|p2a: Indeedee|93/100|[from] item: Leftovers
|-fieldend|move: Psychic Terrain
|upkeep
|turn|13
|
|move|p2a: Indeedee|Stored Power|p1a: Monarch
|-resisted|p1a: Monarch
|-damage|p1a: Monarch|56/100
|move|p1a: Monarch|Darkest Lariat|p2a: Indeedee
|-supereffective|p2a: Indeedee
|-end|p2a: Indeedee|Substitute
|
|-heal|p2a: Indeedee|99/100|[from] item: Leftovers
|upkeep
|turn|14
|
|move|p2a: Indeedee|Baton Pass|p2a: Indeedee
|
|switch|p2a: Vaporeon|Vaporeon, M|100/100|[from]move: Baton Pass
|move|p1a: Monarch|Darkest Lariat|p2a: Vaporeon
|-damage|p2a: Vaporeon|49/100
|
|-heal|p2a: Vaporeon|55/100|[from] item: Leftovers
|upkeep
|turn|15
|
|move|p2a: Vaporeon|Aqua Ring|p2a: Vaporeon
|-start|p2a: Vaporeon|Aqua Ring
|move|p1a: Monarch|Darkest Lariat|p2a: Vaporeon
|-damage|p2a: Vaporeon|0 fnt
|faint|p2a: Vaporeon
|
|upkeep
|-message|crottefeu forfeited.
|
|win|Aphrodite Siren
|l|☆crottefeu
|raw|Aphrodite Siren's rating: 1569 &rarr; <strong>1583</strong><br />(+14 for winning)
|raw|crottefeu's rating: 1474 &rarr; <strong>1460</strong><br />(-14 for losing)
