|raw|<div class="broadcast-blue"><strong>This battle is required to be public due to a player having a name starting with 'ULT8RQ'.</div>
|j|☆Research Club
|j|☆ULT8RQ fardin
|t:|1620856677
|gametype|singles
|player|p1|Research Club|unknownf|1504
|player|p2|ULT8RQ fardin|lucas|1749
|teamsize|p1|6
|teamsize|p2|6
|gen|8
|tier|[Gen 8] Ubers
|rated|
|rule|Sleep Clause Mod: Limit one foe put to sleep
|rule|Species Clause: Limit one of each Pokémon
|rule|OHKO Clause: OHKO moves are banned
|rule|Evasion Moves Clause: Evasion moves are banned
|rule|Endless Battle Clause: Forcing endless battles is banned
|rule|HP Percentage Mod: HP is shown in percentages
|rule|Dynamax Clause: You cannot dynamax
|clearpoke
|poke|p1|Landorus, M|
|poke|p1|Calyrex-Shadow|
|poke|p1|Blissey, F|
|poke|p1|Eternatus|
|poke|p1|Necrozma-Dusk-Mane|
|poke|p1|Yveltal|
|poke|p2|Giratina|
|poke|p2|Toxapex, F|
|poke|p2|Eternatus|
|poke|p2|Tangrowth, M|
|poke|p2|Tyranitar, F|
|poke|p2|Blissey, F|
|teampreview
|j| BasedWhat?
|j| Indercover
|inactive|Battle timer is ON: inactive players will automatically lose when time's up. (requested by ULT8RQ fardin)
|c|☆ULT8RQ fardin|hf
|c| Indercover|shuri
|c| Indercover|ton moment
|c|☆Research Club|akhy
|j| us9 gojoo
|c|☆Research Club|quel moment
|c|☆Research Club|j'use bullshit
|c| BasedWhat?|fardin u peak #1 overall yet
|inactive|ULT8RQ fardin has 120 seconds left.
|j| Based JT Yao
|inactive|ULT8RQ fardin has 90 seconds left.
|c|☆Research Club|allo
|c|☆Research Club|allo la terre
|c| Based JT Yao|after this game
|
|t:|1620856757
|start
|switch|p1a: Landorus|Landorus, M|100/100
|switch|p2a: Giratina|Giratina|100/100
|-ability|p2a: Giratina|Pressure
|turn|1
|
|t:|1620856763
|switch|p1a: Blissey|Blissey, F|100/100
|move|p2a: Giratina|Toxic|p1a: Blissey
|-status|p1a: Blissey|tox
|
|-damage|p1a: Blissey|94/100 tox|[from] psn
|upkeep
|turn|2
|
|t:|1620856767
|move|p2a: Giratina|Toxic|p1a: Blissey
|-fail|p1a: Blissey|tox
|move|p1a: Blissey|Teleport|p1a: Blissey
|
|t:|1620856770
|switch|p1a: Calyrex|Calyrex-Shadow|100/100|[from]move: Teleport
|-ability|p1a: Calyrex|As One
|-ability|p1a: Calyrex|Unnerve
|
|upkeep
|turn|3
|
|t:|1620856772
|switch|p2a: Tyranitar|Tyranitar, F|100/100
|-weather|Sandstorm|[from] ability: Sand Stream|[of] p2a: Tyranitar
|move|p1a: Calyrex|Trick|p2a: Tyranitar
|-activate|p1a: Calyrex|move: Trick|[of] p2a: Tyranitar
|-item|p2a: Tyranitar|Choice Specs|[from] move: Trick
|-item|p1a: Calyrex|Heavy-Duty Boots|[from] move: Trick
|
|-weather|Sandstorm|[upkeep]
|-damage|p1a: Calyrex|94/100|[from] Sandstorm
|upkeep
|turn|4
|
|t:|1620856779
|switch|p1a: Necrozma|Necrozma-Dusk-Mane|100/100
|move|p2a: Tyranitar|Stealth Rock|p1a: Necrozma
|-sidestart|p1: Research Club|move: Stealth Rock
|
|-weather|Sandstorm|[upkeep]
|upkeep
|turn|5
|
|t:|1620856785
|switch|p2a: Toxapex|Toxapex, F|100/100
|move|p1a: Necrozma|Stealth Rock|p2a: Toxapex
|-sidestart|p2: ULT8RQ fardin|move: Stealth Rock
|
|-weather|Sandstorm|[upkeep]
|-damage|p2a: Toxapex|94/100|[from] Sandstorm
|upkeep
|turn|6
|
|t:|1620856788
|move|p1a: Necrozma|Thunder Wave|p2a: Toxapex
|-status|p2a: Toxapex|par
|cant|p2a: Toxapex|par
|
|-weather|Sandstorm|[upkeep]
|-damage|p2a: Toxapex|88/100 par|[from] Sandstorm
|upkeep
|turn|7
|
|t:|1620856792
|switch|p1a: Blissey|Blissey, F|94/100
|-damage|p1a: Blissey|82/100|[from] Stealth Rock
|move|p2a: Toxapex|Knock Off|p1a: Blissey
|-damage|p1a: Blissey|66/100
|-enditem|p1a: Blissey|Utility Umbrella|[from] move: Knock Off|[of] p2a: Toxapex
|
|-weather|none
|upkeep
|turn|8
|
|t:|1620856803
|switch|p2a: Tangrowth|Tangrowth, M|100/100
|-damage|p2a: Tangrowth|88/100|[from] Stealth Rock
|move|p1a: Blissey|Soft-Boiled|p1a: Blissey
|-heal|p1a: Blissey|100/100
|
|upkeep
|turn|9
|
|t:|1620856807
|move|p1a: Blissey|Toxic|p2a: Tangrowth
|-status|p2a: Tangrowth|tox
|move|p2a: Tangrowth|Grass Knot|p1a: Blissey
|-damage|p1a: Blissey|94/100
|
|-damage|p2a: Tangrowth|82/100 tox|[from] psn
|upkeep
|turn|10
|
|t:|1620856811
|switch|p2a: Blissey|Blissey, F|100/100
|move|p1a: Blissey|Teleport|p1a: Blissey
|
|t:|1620856819
|switch|p1a: Yveltal|Yveltal|100/100|[from]move: Teleport
|-ability|p1a: Yveltal|Dark Aura
|
|upkeep
|turn|11
|
|t:|1620856823
|switch|p2a: Toxapex|Toxapex, F|100/100 par
|-damage|p2a: Toxapex|88/100 par|[from] Stealth Rock
|move|p1a: Yveltal|U-turn|p2a: Toxapex
|-resisted|p2a: Toxapex
|-crit|p2a: Toxapex
|-damage|p2a: Toxapex|78/100 par
|-damage|p1a: Yveltal|84/100|[from] item: Rocky Helmet|[of] p2a: Toxapex
|
|t:|1620856826
|switch|p1a: Landorus|Landorus, M|100/100|[from]move: U-turn
|-damage|p1a: Landorus|88/100|[from] Stealth Rock
|
|upkeep
|turn|12
|
|t:|1620856831
|switch|p2a: Blissey|Blissey, F|100/100
|move|p1a: Landorus|Earth Power|p2a: Blissey
|-damage|p2a: Blissey|80/100
|
|upkeep
|turn|13
|j| To aru Nora
|
|t:|1620856834
|switch|p2a: Giratina|Giratina|100/100
|-damage|p2a: Giratina|88/100|[from] Stealth Rock
|-ability|p2a: Giratina|Pressure
|move|p1a: Landorus|Earth Power|p2a: Giratina
|-damage|p2a: Giratina|45/100
|
|-heal|p2a: Giratina|51/100|[from] item: Leftovers
|upkeep
|turn|14
|
|t:|1620856838
|switch|p1a: Blissey|Blissey, F|94/100
|-damage|p1a: Blissey|82/100|[from] Stealth Rock
|move|p2a: Giratina|Rest|p2a: Giratina
|-status|p2a: Giratina|slp|[from] move: Rest
|-heal|p2a: Giratina|100/100 slp|[silent]
|
|upkeep
|turn|15
|
|t:|1620856840
|cant|p2a: Giratina|slp
|move|p1a: Blissey|Teleport|p1a: Blissey
|
|t:|1620856845
|switch|p1a: Calyrex|Calyrex-Shadow|94/100|[from]move: Teleport
|-ability|p1a: Calyrex|As One
|-ability|p1a: Calyrex|Unnerve
|
|upkeep
|turn|16
|
|t:|1620856849
|switch|p2a: Tyranitar|Tyranitar, F|100/100
|-damage|p2a: Tyranitar|88/100|[from] Stealth Rock
|-weather|Sandstorm|[from] ability: Sand Stream|[of] p2a: Tyranitar
|move|p1a: Calyrex|Astral Barrage|p2a: Tyranitar
|-resisted|p2a: Tyranitar
|-damage|p2a: Tyranitar|74/100
|
|-weather|Sandstorm|[upkeep]
|-damage|p1a: Calyrex|88/100|[from] Sandstorm
|upkeep
|turn|17
|
|t:|1620856856
|switch|p2a: Blissey|Blissey, F|80/100
|move|p1a: Calyrex|Psyshock|p2a: Blissey
|-damage|p2a: Blissey|25/100
|
|-weather|Sandstorm|[upkeep]
|-damage|p1a: Calyrex|82/100|[from] Sandstorm
|-damage|p2a: Blissey|18/100|[from] Sandstorm
|upkeep
|turn|18
|
|t:|1620856860
|switch|p2a: Tyranitar|Tyranitar, F|74/100
|-damage|p2a: Tyranitar|61/100|[from] Stealth Rock
|move|p1a: Calyrex|Psyshock|p2a: Tyranitar
|-immune|p2a: Tyranitar
|
|-weather|Sandstorm|[upkeep]
|-damage|p1a: Calyrex|76/100|[from] Sandstorm
|upkeep
|turn|19
|c|☆Research Club|AftERR
|c|☆Research Club|tHsisS
|c|☆Research Club|GamemEME
|j| Luna's Bann3d N0w
|c|☆Research Club|b.
|
|t:|1620856877
|switch|p1a: Necrozma|Necrozma-Dusk-Mane|100/100
|-damage|p1a: Necrozma|94/100|[from] Stealth Rock
|move|p2a: Tyranitar|Rock Blast|p1a: Necrozma|[miss]
|-miss|p2a: Tyranitar|p1a: Necrozma
|
|-weather|Sandstorm|[upkeep]
|-heal|p1a: Necrozma|100/100|[from] item: Leftovers
|upkeep
|turn|20
|
|t:|1620856884
|switch|p1a: Eternatus|Eternatus|100/100
|-damage|p1a: Eternatus|88/100|[from] Stealth Rock
|-ability|p1a: Eternatus|Pressure
|switch|p2a: Giratina|Giratina|100/100 slp
|-damage|p2a: Giratina|88/100 slp|[from] Stealth Rock
|-ability|p2a: Giratina|Pressure
|
|-weather|none
|-heal|p2a: Giratina|94/100 slp|[from] item: Leftovers
|upkeep
|turn|21
|c|☆Research Club|yea?
|
|t:|1620856888
|switch|p2a: Toxapex|Toxapex, F|100/100 par
|-damage|p2a: Toxapex|88/100 par|[from] Stealth Rock
|move|p1a: Eternatus|Dynamax Cannon|p2a: Toxapex
|-damage|p2a: Toxapex|26/100 par
|-damage|p1a: Eternatus|78/100|[from] item: Life Orb
|
|upkeep
|turn|22
|c| Luna's Bann3d N0w|research club
|c| Luna's Bann3d N0w|PLEASE WIN
|c| Luna's Bann3d N0w|LMAO
|c|☆Research Club|insanity
|c|☆Research Club|?
|
|t:|1620856903
|switch|p2a: Tyranitar|Tyranitar, F|61/100
|-damage|p2a: Tyranitar|49/100|[from] Stealth Rock
|-weather|Sandstorm|[from] ability: Sand Stream|[of] p2a: Tyranitar
|move|p1a: Eternatus|Dynamax Cannon|p2a: Tyranitar
|-crit|p2a: Tyranitar
|-damage|p2a: Tyranitar|6/100
|-damage|p1a: Eternatus|68/100|[from] item: Life Orb
|
|-weather|Sandstorm|[upkeep]
|-damage|p1a: Eternatus|62/100|[from] Sandstorm
|upkeep
|turn|23
|c| Luna's Bann3d N0w|knock this man down a peg
|c| Based JT Yao|i mean there's a very clear path
|c| Luna's Bann3d N0w|LIKE THAT
|c| BasedWhat?|holy shit
|c| Luna's Bann3d N0w|LETS GOOO
|c| Based JT Yao|even without that
|c|☆Research Club|Indercover
|c|☆Research Club|tu regarde
|c|☆Research Club|j'espere
|c|☆Research Club|c'est historique
|
|t:|1620856927
|move|p1a: Eternatus|Sludge Bomb|p2a: Tyranitar
|-resisted|p2a: Tyranitar
|-damage|p2a: Tyranitar|0 fnt
|faint|p2a: Tyranitar
|-damage|p1a: Eternatus|52/100|[from] item: Life Orb
|
|-weather|Sandstorm|[upkeep]
|-damage|p1a: Eternatus|46/100|[from] Sandstorm
|upkeep
|
|t:|1620856929
|switch|p2a: Eternatus|Eternatus|100/100
|-damage|p2a: Eternatus|88/100|[from] Stealth Rock
|-ability|p2a: Eternatus|Pressure
|turn|24
|c| BasedWhat?|i wanted to see fardin peak rip
|
|t:|1620856934
|switch|p2a: Blissey|Blissey, F|18/100
|move|p1a: Eternatus|Dynamax Cannon|p2a: Blissey
|-damage|p2a: Blissey|0 fnt
|faint|p2a: Blissey
|-damage|p1a: Eternatus|36/100|[from] item: Life Orb
|
|-weather|Sandstorm|[upkeep]
|-damage|p1a: Eternatus|30/100|[from] Sandstorm
|upkeep
|-message|ULT8RQ fardin forfeited.
|
|win|Research Club
|l|☆ULT8RQ fardin
|raw|Research Club's rating: 1504 &rarr; <strong>1536</strong><br />(+32 for winning)
|raw|ULT8RQ fardin's rating: 1749 &rarr; <strong>1717</strong><br />(-32 for losing)
|c| Based JT Yao|fardin will
|c|☆Research Club|bah
|c|☆Research Club|gg
|c| Luna's Bann3d N0w|YESSIR
|l| Luna's Bann3d N0w
||Ladder isn't responding, score probably updated but might not have (Request timeout).
