|j|☆AbsoluteBeginners
|j|☆forsh ❀
|inactive|Battle timer is ON: inactive players will automatically lose when time's up.
|t:|1651163319
|gametype|singles
|player|p1|AbsoluteBeginners|gambler|
|player|p2|forsh ❀|ballguy|
|teamsize|p1|6
|teamsize|p2|6
|gen|8
|tier|[Gen 8] Ubers
|rated|Tournament battle
|rule|Sleep Clause Mod: Limit one foe put to sleep
|rule|Species Clause: Limit one of each Pokémon
|rule|OHKO Clause: OHKO moves are banned
|rule|Evasion Moves Clause: Evasion moves are banned
|rule|Endless Battle Clause: Forcing endless battles is banned
|rule|HP Percentage Mod: HP is shown in percentages
|rule|Dynamax Clause: You cannot dynamax
|clearpoke
|poke|p1|Zygarde|
|poke|p1|Marshadow|
|poke|p1|Necrozma-Dusk-Mane|
|poke|p1|Groudon|
|poke|p1|Pheromosa|
|poke|p1|Xerneas-*|
|poke|p2|Aerodactyl, M|
|poke|p2|Weavile, F|
|poke|p2|Yveltal|
|poke|p2|Calyrex-Shadow|
|poke|p2|Necrozma-Dusk-Mane|
|poke|p2|Rayquaza|
|teampreview
|j|*Lady Monita ✿
|inactive|forsh ❀ also wants the timer to be on.
|inactive|forsh ❀ has 120 seconds left.
|c|☆forsh ❀|wow
|c|☆forsh ❀|that is
|inactive|forsh ❀ has 90 seconds left.
|c|☆forsh ❀|an interesting team
|c|☆forsh ❀|i actually
|c|☆forsh ❀|really like it
|c|☆AbsoluteBeginners|thanks
|inactive|forsh ❀ has 60 seconds left.
|inactive|forsh ❀ has 30 seconds left.
|
|t:|1651163441
|start
|switch|p1a: Pheromosa|Pheromosa|100/100
|switch|p2a: Calyrex|Calyrex-Shadow|100/100
|-ability|p2a: Calyrex|As One
|-ability|p2a: Calyrex|Unnerve
|turn|1
|
|t:|1651163458
|switch|p1a: Groudon|Groudon|100/100
|-weather|SunnyDay|[from] ability: Drought|[of] p1a: Groudon
|move|p2a: Calyrex|Astral Barrage|p1a: Groudon
|-damage|p1a: Groudon|36/100
|
|-weather|SunnyDay|[upkeep]
|-heal|p1a: Groudon|43/100|[from] item: Leftovers
|upkeep
|turn|2
|
|t:|1651163460
|move|p2a: Calyrex|Astral Barrage|p1a: Groudon
|-damage|p1a: Groudon|0 fnt
|faint|p1a: Groudon
|-ability|p2a: Calyrex|Grim Neigh|boost
|-boost|p2a: Calyrex|spa|1
|
|-weather|SunnyDay|[upkeep]
|upkeep
|
|t:|1651163463
|switch|p1a: Marshadow|Marshadow|100/100
|turn|3
|j| DLTCT first Cry
|j| mrglbrgl
|
|t:|1651163469
|switch|p2a: Yveltal|Yveltal|100/100
|-ability|p2a: Yveltal|Dark Aura
|move|p1a: Marshadow|Shadow Sneak|p2a: Yveltal
|-resisted|p2a: Yveltal
|-damage|p2a: Yveltal|86/100
|
|-weather|SunnyDay|[upkeep]
|upkeep
|turn|4
|inactive|forsh ❀ has 120 seconds left.
|
|t:|1651163475
|switch|p1a: Xerneas|Xerneas|100/100
|-ability|p1a: Xerneas|Fairy Aura
|move|p2a: Yveltal|Knock Off|p1a: Xerneas
|-resisted|p1a: Xerneas
|-damage|p1a: Xerneas|73/100
|-enditem|p1a: Xerneas|Power Herb|[from] move: Knock Off|[of] p2a: Yveltal
|
|-weather|SunnyDay|[upkeep]
|upkeep
|turn|5
|
|t:|1651163481
|move|p2a: Yveltal|Taunt|p1a: Xerneas
|-start|p1a: Xerneas|move: Taunt
|move|p1a: Xerneas|Moonblast|p2a: Yveltal
|-supereffective|p2a: Yveltal
|-damage|p2a: Yveltal|0 fnt
|faint|p2a: Yveltal
|
|-weather|none
|upkeep
|
|t:|1651163485
|switch|p2a: Aerodactyl|Aerodactyl, M|100/100
|-ability|p2a: Aerodactyl|Pressure
|turn|6
|
|t:|1651163492
|switch|p1a: Pheromosa|Pheromosa|100/100
|move|p2a: Aerodactyl|Stealth Rock|p1a: Pheromosa
|-sidestart|p1: AbsoluteBeginners|move: Stealth Rock
|
|upkeep
|turn|7
|
|t:|1651163496
|move|p1a: Pheromosa|Rapid Spin|p2a: Aerodactyl
|-resisted|p2a: Aerodactyl
|-damage|p2a: Aerodactyl|86/100
|-boost|p1a: Pheromosa|spe|1
|-sideend|p1: AbsoluteBeginners|Stealth Rock|[from] move: Rapid Spin|[of] p1a: Pheromosa
|move|p2a: Aerodactyl|Rock Tomb|p1a: Pheromosa
|-damage|p1a: Pheromosa|28/100
|-unboost|p1a: Pheromosa|spe|1
|
|upkeep
|turn|8
|
|t:|1651163503
|move|p1a: Pheromosa|Triple Axel|p2a: Aerodactyl
|-supereffective|p2a: Aerodactyl
|-damage|p2a: Aerodactyl|60/100
|-supereffective|p2a: Aerodactyl
|-damage|p2a: Aerodactyl|6/100
|-supereffective|p2a: Aerodactyl
|-damage|p2a: Aerodactyl|0 fnt
|faint|p2a: Aerodactyl
|-ability|p1a: Pheromosa|Beast Boost|boost
|-boost|p1a: Pheromosa|atk|1
|-hitcount|p2: Aerodactyl|3
|
|upkeep
|j| Cachooch
|
|t:|1651163520
|switch|p2a: Weavile|Weavile, F|100/100
|-ability|p2a: Weavile|Pressure
|turn|9
|
|t:|1651163532
|move|p2a: Weavile|Ice Shard|p1a: Pheromosa
|-damage|p1a: Pheromosa|0 fnt
|faint|p1a: Pheromosa
|
|upkeep
|
|t:|1651163534
|switch|p1a: Xerneas|Xerneas|73/100
|-ability|p1a: Xerneas|Fairy Aura
|turn|10
|
|t:|1651163538
|move|p2a: Weavile|Swords Dance|p2a: Weavile
|-boost|p2a: Weavile|atk|2
|move|p1a: Xerneas|Moonblast|p2a: Weavile
|-supereffective|p2a: Weavile
|-enditem|p2a: Weavile|Focus Sash
|-damage|p2a: Weavile|1/100
|-unboost|p2a: Weavile|spa|1
|
|upkeep
|turn|11
|
|t:|1651163540
|move|p2a: Weavile|Triple Axel|p1a: Xerneas
|-damage|p1a: Xerneas|60/100
|-damage|p1a: Xerneas|34/100
|-damage|p1a: Xerneas|0 fnt
|faint|p1a: Xerneas
|-hitcount|p1: Xerneas|3
|
|upkeep
|
|t:|1651163549
|switch|p1a: Marshadow|Marshadow|100/100
|turn|12
|
|t:|1651163551
|move|p2a: Weavile|Ice Shard|p1a: Marshadow
|-damage|p1a: Marshadow|51/100
|move|p1a: Marshadow|Shadow Sneak|p2a: Weavile
|-resisted|p2a: Weavile
|-damage|p2a: Weavile|0 fnt
|faint|p2a: Weavile
|
|upkeep
|c|☆forsh ❀|do u
|c|☆forsh ❀|mind pming me
|c|☆forsh ❀|this team
|j| envi kevin
|inactive|forsh ❀ has 120 seconds left.
|
|t:|1651163598
|switch|p2a: Rayquaza|Rayquaza|100/100
|-ability|p2a: Rayquaza|Air Lock
|turn|13
|
|t:|1651163620
|switch|p1a: Zygarde|Zygarde|100/100
|move|p2a: Rayquaza|Dragon Ascent|p1a: Zygarde
|-damage|p1a: Zygarde|54/100
|-unboost|p2a: Rayquaza|def|1
|-unboost|p2a: Rayquaza|spd|1
|
|-heal|p1a: Zygarde|60/100|[from] item: Leftovers
|upkeep
|turn|14
|inactive|forsh ❀ has 120 seconds left.
|
|t:|1651163632
|move|p2a: Rayquaza|Swords Dance|p2a: Rayquaza
|-boost|p2a: Rayquaza|atk|2
|move|p1a: Zygarde|Dragon Dance|p1a: Zygarde
|-boost|p1a: Zygarde|atk|1
|-boost|p1a: Zygarde|spe|1
|
|-heal|p1a: Zygarde|66/100|[from] item: Leftovers
|upkeep
|turn|15
|
|t:|1651163635
|move|p1a: Zygarde|Thousand Arrows|p2a: Rayquaza
|-enditem|p2a: Rayquaza|Focus Sash
|-damage|p2a: Rayquaza|1/100
|-start|p2a: Rayquaza|Smack Down
|move|p2a: Rayquaza|Scale Shot|p1a: Zygarde
|-supereffective|p1a: Zygarde
|-damage|p1a: Zygarde|25/100
|-supereffective|p1a: Zygarde
|-damage|p1a: Zygarde|0 fnt
|faint|p1a: Zygarde
|-hitcount|p1: Zygarde|2
|-unboost|p2a: Rayquaza|def|1
|-boost|p2a: Rayquaza|spe|1
|
|upkeep
|
|t:|1651163645
|switch|p1a: Marshadow|Marshadow|51/100
|turn|16
|
|t:|1651163649
|move|p1a: Marshadow|Shadow Sneak|p2a: Rayquaza
|-damage|p2a: Rayquaza|0 fnt
|faint|p2a: Rayquaza
|
|upkeep
|
|t:|1651163651
|switch|p2a: Calyrex|Calyrex-Shadow|100/100
|-ability|p2a: Calyrex|As One
|-ability|p2a: Calyrex|Unnerve
|turn|17
|c|☆forsh ❀|gg
|c|☆AbsoluteBeginners|gg
|
|t:|1651163656
|move|p1a: Marshadow|Shadow Sneak|p2a: Calyrex
|-supereffective|p2a: Calyrex
|-enditem|p2a: Calyrex|Focus Sash
|-damage|p2a: Calyrex|1/100
|move|p2a: Calyrex|Astral Barrage|p1a: Marshadow
|-supereffective|p1a: Marshadow
|-damage|p1a: Marshadow|0 fnt
|faint|p1a: Marshadow
|-ability|p2a: Calyrex|Grim Neigh|boost
|-boost|p2a: Calyrex|spa|1
|
|upkeep
|
|t:|1651163659
|switch|p1a: Necrozma|Necrozma-Dusk-Mane|100/100
|turn|18
|
|t:|1651163661
|move|p2a: Calyrex|Astral Barrage|p1a: Necrozma
|-supereffective|p1a: Necrozma
|-damage|p1a: Necrozma|0 fnt
|faint|p1a: Necrozma
|
|win|forsh ❀
|n|☆AbsoluteBeginners|absolutebeginners
|n|☆forsh ❀|forsh
|n|*Lady Monita ✿|ladymonita
|n| DLTCT first Cry|dltctfirstcry
|n| mrglbrgl|mrglbrgl
|n| Cachooch|cachooch
|n| envi kevin|envikevin
|l|*Lady Monita ✿
|n| 1vLTO7 Ayushi|dltctfirstcry
|l|☆AbsoluteBeginners
|l| envi kevin
