|j|☆Unau
|j|☆RIP_Player
|t:|1617038949
|player|p1|Unau|musician|1591
|player|p2|RIP_Player|firebreather|1414
|teamsize|p1|6
|teamsize|p2|6
|gametype|singles
|gen|8
|tier|[Gen 8] Ubers
|rated|
|clearpoke
|poke|p1|Calyrex-Shadow|
|poke|p1|Eternatus|
|poke|p1|Kyogre|
|poke|p1|Yveltal|
|poke|p1|Necrozma-Dusk-Mane|
|poke|p1|Groudon|
|poke|p2|Eternatus|
|poke|p2|Toxapex, F|
|poke|p2|Yveltal|
|poke|p2|Ferrothorn, F|
|poke|p2|Marshadow|
|poke|p2|Heatran, F|
|rule|Sleep Clause Mod: Limit one foe put to sleep
|rule|Species Clause: Limit one of each Pokémon
|rule|OHKO Clause: OHKO moves are banned
|rule|Evasion Moves Clause: Evasion moves are banned
|rule|Endless Battle Clause: Forcing endless battles is banned
|rule|HP Percentage Mod: HP is shown in percentages
|rule|Dynamax Clause: You cannot dynamax
|teampreview
|inactive|Battle timer is ON: inactive players will automatically lose when time's up. (requested by RIP_Player)
|inactive|Unau has 120 seconds left.
|
|t:|1617038989
|start
|switch|p1a: Yveltal|Yveltal|100/100
|switch|p2a: Ferrothorn|Ferrothorn, F|100/100
|-ability|p1a: Yveltal|Dark Aura
|turn|1
|
|t:|1617038996
|move|p1a: Yveltal|Knock Off|p2a: Ferrothorn
|-damage|p2a: Ferrothorn|52/100
|-damage|p1a: Yveltal|88/100|[from] ability: Iron Barbs|[of] p2a: Ferrothorn
|-enditem|p2a: Ferrothorn|Leftovers|[from] move: Knock Off|[of] p1a: Yveltal
|move|p2a: Ferrothorn|Leech Seed|p1a: Yveltal
|-start|p1a: Yveltal|move: Leech Seed
|
|-damage|p1a: Yveltal|75/100|[from] Leech Seed|[of] p2a: Ferrothorn
|-heal|p2a: Ferrothorn|68/100|[silent]
|upkeep
|turn|2
|
|t:|1617039007
|switch|p1a: Eternatus|Eternatus|100/100
|-ability|p1a: Eternatus|Pressure
|move|p2a: Ferrothorn|Curse|p2a: Ferrothorn
|-unboost|p2a: Ferrothorn|spe|1
|-boost|p2a: Ferrothorn|atk|1
|-boost|p2a: Ferrothorn|def|1
|
|upkeep
|turn|3
|
|t:|1617039009
|switch|p2a: Heatran|Heatran, F|100/100
|move|p1a: Eternatus|Flamethrower|p2a: Heatran
|-start|p2a: Heatran|ability: Flash Fire
|
|upkeep
|turn|4
|
|t:|1617039016
|switch|p1a: Kyogre|Kyogre|100/100
|-weather|RainDance|[from] ability: Drizzle|[of] p1a: Kyogre
|move|p2a: Heatran|Earth Power|p1a: Kyogre
|-damage|p1a: Kyogre|90/100
|
|-weather|RainDance|[upkeep]
|upkeep
|turn|5
|
|t:|1617039023
|-end|p2a: Heatran|ability: Flash Fire|[silent]
|switch|p2a: Ferrothorn|Ferrothorn, F|68/100
|move|p1a: Kyogre|Thunder|p2a: Ferrothorn
|-resisted|p2a: Ferrothorn
|-damage|p2a: Ferrothorn|54/100
|
|-weather|RainDance|[upkeep]
|upkeep
|turn|6
|
|t:|1617039035
|switch|p1a: Eternatus|Eternatus|100/100
|-ability|p1a: Eternatus|Pressure
|move|p2a: Ferrothorn|Leech Seed|p1a: Eternatus
|-start|p1a: Eternatus|move: Leech Seed
|
|-weather|RainDance|[upkeep]
|-damage|p1a: Eternatus|88/100|[from] Leech Seed|[of] p2a: Ferrothorn
|-heal|p2a: Ferrothorn|71/100|[silent]
|upkeep
|turn|7
|
|t:|1617039043
|switch|p1a: Groudon|Groudon|100/100
|-weather|SunnyDay|[from] ability: Drought|[of] p1a: Groudon
|switch|p2a: Heatran|Heatran, F|100/100
|
|-weather|SunnyDay|[upkeep]
|upkeep
|turn|8
|
|t:|1617039050
|switch|p2a: Yveltal|Yveltal|100/100
|-ability|p2a: Yveltal|Dark Aura
|move|p1a: Groudon|Stealth Rock|p2a: Yveltal
|-sidestart|p2: RIP_Player|move: Stealth Rock
|
|-weather|SunnyDay|[upkeep]
|upkeep
|turn|9
|
|t:|1617039063
|switch|p1a: Yveltal|Yveltal|75/100
|-ability|p1a: Yveltal|Dark Aura
|move|p2a: Yveltal|Defog|p1a: Yveltal
|-unboost|p1a: Yveltal|evasion|1
|-sideend|p2: RIP_Player|Stealth Rock|[from] move: Defog|[of] p2a: Yveltal
|
|-weather|SunnyDay|[upkeep]
|upkeep
|turn|10
|
|t:|1617039086
|switch|p2a: Ferrothorn|Ferrothorn, F|71/100
|move|p1a: Yveltal|Knock Off|p2a: Ferrothorn
|-damage|p2a: Ferrothorn|40/100
|-damage|p1a: Yveltal|63/100|[from] ability: Iron Barbs|[of] p2a: Ferrothorn
|
|-weather|SunnyDay|[upkeep]
|upkeep
|turn|11
|
|t:|1617039091
|move|p1a: Yveltal|Roost|p1a: Yveltal
|-heal|p1a: Yveltal|100/100
|-singleturn|p1a: Yveltal|move: Roost
|move|p2a: Ferrothorn|Leech Seed|p1a: Yveltal
|-start|p1a: Yveltal|move: Leech Seed
|
|-weather|none
|-damage|p1a: Yveltal|88/100|[from] Leech Seed|[of] p2a: Ferrothorn
|-heal|p2a: Ferrothorn|56/100|[silent]
|upkeep
|turn|12
|
|t:|1617039097
|switch|p1a: Groudon|Groudon|100/100
|-weather|SunnyDay|[from] ability: Drought|[of] p1a: Groudon
|move|p2a: Ferrothorn|Knock Off|p1a: Groudon
|-damage|p1a: Groudon|89/100
|-enditem|p1a: Groudon|Leftovers|[from] move: Knock Off|[of] p2a: Ferrothorn
|
|-weather|SunnyDay|[upkeep]
|upkeep
|turn|13
|
|t:|1617039102
|switch|p2a: Yveltal|Yveltal|100/100
|-ability|p2a: Yveltal|Dark Aura
|move|p1a: Groudon|Stealth Rock|p2a: Yveltal
|-sidestart|p2: RIP_Player|move: Stealth Rock
|
|-weather|SunnyDay|[upkeep]
|upkeep
|turn|14
|
|t:|1617039106
|move|p2a: Yveltal|Rock Slide|p1a: Groudon
|-resisted|p1a: Groudon
|-damage|p1a: Groudon|79/100
|move|p1a: Groudon|Rock Tomb|p2a: Yveltal
|-supereffective|p2a: Yveltal
|-damage|p2a: Yveltal|63/100
|-unboost|p2a: Yveltal|spe|1
|
|-weather|SunnyDay|[upkeep]
|upkeep
|turn|15
|
|t:|1617039115
|switch|p2a: Ferrothorn|Ferrothorn, F|56/100
|-damage|p2a: Ferrothorn|50/100|[from] Stealth Rock
|move|p1a: Groudon|Rock Tomb|p2a: Ferrothorn
|-resisted|p2a: Ferrothorn
|-crit|p2a: Ferrothorn
|-damage|p2a: Ferrothorn|39/100
|-unboost|p2a: Ferrothorn|spe|1
|
|-weather|SunnyDay|[upkeep]
|upkeep
|turn|16
|
|t:|1617039120
|move|p1a: Groudon|Earthquake|p2a: Ferrothorn
|-damage|p2a: Ferrothorn|0 fnt
|faint|p2a: Ferrothorn
|
|-weather|none
|upkeep
|
|t:|1617039126
|switch|p2a: Yveltal|Yveltal|63/100
|-damage|p2a: Yveltal|38/100|[from] Stealth Rock
|-ability|p2a: Yveltal|Dark Aura
|turn|17
|
|t:|1617039129
|move|p2a: Yveltal|Knock Off|p1a: Groudon
|-damage|p1a: Groudon|43/100
|move|p1a: Groudon|Rock Tomb|p2a: Yveltal
|-supereffective|p2a: Yveltal
|-damage|p2a: Yveltal|2/100
|-unboost|p2a: Yveltal|spe|1
|
|upkeep
|turn|18
|
|t:|1617039134
|move|p2a: Yveltal|Knock Off|p1a: Groudon
|-damage|p1a: Groudon|6/100
|move|p1a: Groudon|Rock Tomb|p2a: Yveltal
|-supereffective|p2a: Yveltal
|-damage|p2a: Yveltal|0 fnt
|faint|p2a: Yveltal
|
|upkeep
|
|t:|1617039137
|switch|p2a: Eternatus|Eternatus|100/100
|-damage|p2a: Eternatus|88/100|[from] Stealth Rock
|-ability|p2a: Eternatus|Pressure
|turn|19
|
|t:|1617039149
|switch|p1a: Necrozma|Necrozma-Dusk-Mane, shiny|100/100
|move|p2a: Eternatus|Sludge Wave|p1a: Necrozma
|-immune|p1a: Necrozma
|
|upkeep
|turn|20
|
|t:|1617039157
|switch|p2a: Toxapex|Toxapex, F|100/100
|-damage|p2a: Toxapex|88/100|[from] Stealth Rock
|move|p1a: Necrozma|Trick Room|p1a: Necrozma
|-fieldstart|move: Trick Room|[of] p1a: Necrozma
|
|-heal|p2a: Toxapex|94/100|[from] item: Black Sludge
|upkeep
|turn|21
|
|t:|1617039161
|move|p2a: Toxapex|Scald|p1a: Necrozma
|-damage|p1a: Necrozma|88/100
|move|p1a: Necrozma|Earthquake|p2a: Toxapex
|-supereffective|p2a: Toxapex
|-damage|p2a: Toxapex|46/100
|
|-heal|p2a: Toxapex|52/100|[from] item: Black Sludge
|upkeep
|turn|22
|
|t:|1617039168
|move|p2a: Toxapex|Scald|p1a: Necrozma
|-damage|p1a: Necrozma|76/100
|move|p1a: Necrozma|Earthquake|p2a: Toxapex
|-supereffective|p2a: Toxapex
|-damage|p2a: Toxapex|6/100
|
|-heal|p2a: Toxapex|12/100|[from] item: Black Sludge
|upkeep
|turn|23
|
|t:|1617039173
|move|p2a: Toxapex|Recover|p2a: Toxapex
|-heal|p2a: Toxapex|62/100
|move|p1a: Necrozma|Earthquake|p2a: Toxapex
|-supereffective|p2a: Toxapex
|-damage|p2a: Toxapex|15/100
|
|-heal|p2a: Toxapex|22/100|[from] item: Black Sludge
|upkeep
|turn|24
|
|t:|1617039180
|move|p2a: Toxapex|Scald|p1a: Necrozma
|-damage|p1a: Necrozma|63/100
|move|p1a: Necrozma|Earthquake|p2a: Toxapex
|-supereffective|p2a: Toxapex
|-damage|p2a: Toxapex|0 fnt
|faint|p2a: Toxapex
|
|-fieldend|move: Trick Room
|upkeep
|
|t:|1617039186
|switch|p2a: Heatran|Heatran, F|100/100
|-damage|p2a: Heatran|88/100|[from] Stealth Rock
|turn|25
|
|t:|1617039191
|switch|p1a: Kyogre|Kyogre|90/100
|-weather|RainDance|[from] ability: Drizzle|[of] p1a: Kyogre
|move|p2a: Heatran|Lava Plume|p1a: Kyogre
|-resisted|p1a: Kyogre
|-damage|p1a: Kyogre|86/100
|
|-weather|RainDance|[upkeep]
|-heal|p2a: Heatran|94/100|[from] item: Leftovers
|upkeep
|turn|26
|
|t:|1617039196
|move|p2a: Heatran|Toxic|p1a: Kyogre
|-status|p1a: Kyogre|tox
|move|p1a: Kyogre|Ice Beam|p2a: Heatran
|-resisted|p2a: Heatran
|-damage|p2a: Heatran|89/100
|
|-weather|RainDance|[upkeep]
|-heal|p2a: Heatran|95/100|[from] item: Leftovers
|-damage|p1a: Kyogre|80/100 tox|[from] psn
|upkeep
|turn|27
|
|t:|1617039203
|move|p2a: Heatran|Stealth Rock|p1a: Kyogre
|-sidestart|p1: Unau|move: Stealth Rock
|move|p1a: Kyogre|Scald|p2a: Heatran
|-supereffective|p2a: Heatran
|-damage|p2a: Heatran|8/100
|
|-weather|RainDance|[upkeep]
|-heal|p2a: Heatran|14/100|[from] item: Leftovers
|-damage|p1a: Kyogre|68/100 tox|[from] psn
|upkeep
|turn|28
|
|t:|1617039211
|switch|p1a: Groudon|Groudon|6/100
|-damage|p1a: Groudon|0 fnt|[from] Stealth Rock
|faint|p1a: Groudon
|move|p2a: Heatran|Earth Power|p1: Groudon|[notarget]
|-fail|p2a: Heatran
|
|-weather|RainDance|[upkeep]
|-heal|p2a: Heatran|21/100|[from] item: Leftovers
|upkeep
|
|t:|1617039219
|switch|p1a: Calyrex|Calyrex-Shadow|100/100
|-ability|p1a: Calyrex|As One
|-ability|p1a: Calyrex|Unnerve|p2: RIP_Player
|-damage|p1a: Calyrex|88/100|[from] Stealth Rock
|turn|29
|
|t:|1617039223
|move|p1a: Calyrex|Astral Barrage|p2a: Heatran
|-damage|p2a: Heatran|0 fnt
|faint|p2a: Heatran
|-ability|p1a: Calyrex|Grim Neigh|boost
|-boost|p1a: Calyrex|spa|1
|
|-weather|none
|upkeep
|
|t:|1617039225
|switch|p2a: Marshadow|Marshadow|100/100
|-damage|p2a: Marshadow|94/100|[from] Stealth Rock
|turn|30
|inactive|Unau has 120 seconds left.
|
|t:|1617039259
|switch|p1a: Yveltal|Yveltal|88/100
|-ability|p1a: Yveltal|Dark Aura
|move|p2a: Marshadow|Shadow Sneak|p1a: Yveltal
|-resisted|p1a: Yveltal
|-damage|p1a: Yveltal|75/100
|
|upkeep
|turn|31
|
|t:|1617039265
|move|p2a: Marshadow|Swagger|p1a: Yveltal
|-boost|p1a: Yveltal|atk|2
|-start|p1a: Yveltal|confusion
|-activate|p1a: Yveltal|confusion
|-damage|p1a: Yveltal|56/100|[from] confusion
|
|upkeep
|turn|32
|
|t:|1617039276
|-activate|p1a: Yveltal|confusion
|-damage|p1a: Yveltal|35/100|[from] confusion
|move|p2a: Marshadow|Spectral Thief||[still]
|-clearpositiveboost|p1a: Yveltal|p2a: Marshadow|move: Spectral Thief
|-boost|p2a: Marshadow|atk|2
|-anim|p2a: Marshadow|Spectral Thief|p1a: Yveltal
|-resisted|p1a: Yveltal
|-damage|p1a: Yveltal|0 fnt
|faint|p1a: Yveltal
|
|upkeep
|
|t:|1617039283
|switch|p1a: Eternatus|Eternatus|88/100
|-damage|p1a: Eternatus|76/100|[from] Stealth Rock
|-ability|p1a: Eternatus|Pressure
|turn|33
|
|t:|1617039288
|move|p2a: Marshadow|Spectral Thief|p1a: Eternatus
|-damage|p1a: Eternatus|12/100
|move|p1a: Eternatus|Dynamax Cannon|p2a: Marshadow
|-damage|p2a: Marshadow|14/100
|-damage|p1a: Eternatus|2/100|[from] item: Life Orb
|
|upkeep
|turn|34
|
|t:|1617039300
|switch|p1a: Necrozma|Necrozma-Dusk-Mane, shiny|63/100
|-damage|p1a: Necrozma|57/100|[from] Stealth Rock
|move|p2a: Marshadow|Shadow Sneak|p1a: Necrozma
|-supereffective|p1a: Necrozma
|-damage|p1a: Necrozma|0 fnt
|faint|p1a: Necrozma
|
|upkeep
|
|t:|1617039305
|switch|p1a: Calyrex|Calyrex-Shadow|88/100
|-ability|p1a: Calyrex|As One
|-ability|p1a: Calyrex|Unnerve|p2: RIP_Player
|-damage|p1a: Calyrex|76/100|[from] Stealth Rock
|turn|35
|
|t:|1617039321
|switch|p1a: Eternatus|Eternatus|2/100
|-damage|p1a: Eternatus|0 fnt|[from] Stealth Rock
|faint|p1a: Eternatus
|move|p2a: Marshadow|Shadow Sneak|p1: Eternatus|[notarget]
|-fail|p2a: Marshadow
|
|upkeep
|
|t:|1617039323
|switch|p1a: Kyogre|Kyogre|68/100 tox
|-damage|p1a: Kyogre|55/100 tox|[from] Stealth Rock
|-weather|RainDance|[from] ability: Drizzle|[of] p1a: Kyogre
|turn|36
|
|t:|1617039326
|move|p2a: Marshadow|Spectral Thief|p1a: Kyogre
|-damage|p1a: Kyogre|0 fnt
|faint|p1a: Kyogre
|
|-weather|RainDance|[upkeep]
|upkeep
|
|t:|1617039328
|switch|p1a: Calyrex|Calyrex-Shadow|76/100
|-ability|p1a: Calyrex|As One
|-ability|p1a: Calyrex|Unnerve|p2: RIP_Player
|-damage|p1a: Calyrex|64/100|[from] Stealth Rock
|turn|37
|
|t:|1617039330
|move|p2a: Marshadow|Shadow Sneak|p1a: Calyrex
|-supereffective|p1a: Calyrex
|-damage|p1a: Calyrex|0 fnt
|faint|p1a: Calyrex
|
|win|RIP_Player
|raw|Unau's rating: 1591 &rarr; <strong>1562</strong><br />(-29 for losing)
|raw|RIP_Player's rating: 1414 &rarr; <strong>1443</strong><br />(+29 for winning)
|l|☆Unau
||Ladder isn't responding, score probably updated but might not have (Request timeout).
