|raw|<div class="broadcast-blue"><strong>This battle is required to be public due to a player having a name starting with 'ult9ns'.</div>
|j|☆ULT9NSFlatemo
|j|☆rburburbu
|t:|1653366801
|gametype|singles
|player|p1|ULT9NSFlatemo|evelyn|1507
|player|p2|rburburbu|erika|1511
|teamsize|p1|6
|teamsize|p2|6
|gen|8
|tier|[Gen 8] Ubers
|rated|
|rule|Sleep Clause Mod: Limit one foe put to sleep
|rule|Species Clause: Limit one of each Pokémon
|rule|OHKO Clause: OHKO moves are banned
|rule|Evasion Moves Clause: Evasion moves are banned
|rule|Endless Battle Clause: Forcing endless battles is banned
|rule|HP Percentage Mod: HP is shown in percentages
|rule|Dynamax Clause: You cannot dynamax
|clearpoke
|poke|p1|Necrozma-Dusk-Mane|
|poke|p1|Yveltal|
|poke|p1|Eternatus|
|poke|p1|Giratina-Origin|
|poke|p1|Xerneas-*|
|poke|p1|Marshadow|
|poke|p2|Calyrex-Ice|
|poke|p2|Dialga|
|poke|p2|Yveltal|
|poke|p2|Melmetal|
|poke|p2|Necrozma-Dusk-Mane|
|poke|p2|Eternatus|
|teampreview
|inactive|Battle timer is ON: inactive players will automatically lose when time's up. (requested by ULT9NSFlatemo)
|
|t:|1653366815
|start
|switch|p1a: Marshadow|Marshadow|100/100
|switch|p2a: Yveltal|Yveltal|100/100
|-ability|p2a: Yveltal|Dark Aura
|turn|1
|
|t:|1653366818
|move|p1a: Marshadow|Rock Tomb|p2a: Yveltal
|-supereffective|p2a: Yveltal
|-damage|p2a: Yveltal|8/100
|-unboost|p2a: Yveltal|spe|1
|move|p2a: Yveltal|Knock Off|p1a: Marshadow
|-damage|p1a: Marshadow|0 fnt
|-enditem|p1a: Marshadow|Choice Band|[from] move: Knock Off|[of] p2a: Yveltal
|faint|p1a: Marshadow
|
|upkeep
|j| Ul nerd
|j| Ult9ns louisix
|inactive|ULT9NSFlatemo has 120 seconds left.
|
|t:|1653366849
|switch|p1a: Giratina|Giratina-Origin|100/100
|turn|2
|
|t:|1653366869
|switch|p2a: Eternatus|Eternatus|100/100
|-ability|p2a: Eternatus|Pressure
|move|p1a: Giratina|Shadow Sneak|p2a: Eternatus
|-damage|p2a: Eternatus|90/100
|
|upkeep
|turn|3
|
|t:|1653366893
|switch|p2a: Calyrex|Calyrex-Ice|100/100
|-ability|p2a: Calyrex|As One
|-ability|p2a: Calyrex|Unnerve
|move|p1a: Giratina|Draco Meteor|p2a: Calyrex
|-damage|p2a: Calyrex|34/100
|-unboost|p1a: Giratina|spa|2
|
|-heal|p2a: Calyrex|40/100|[from] item: Leftovers
|upkeep
|turn|4
|
|t:|1653366904
|switch|p2a: Eternatus|Eternatus|90/100
|-ability|p2a: Eternatus|Pressure
|move|p1a: Giratina|Will-O-Wisp|p2a: Eternatus|[miss]
|-miss|p1a: Giratina|p2a: Eternatus
|
|upkeep
|turn|5
|
|t:|1653366909
|switch|p2a: Calyrex|Calyrex-Ice|40/100
|-ability|p2a: Calyrex|As One
|-ability|p2a: Calyrex|Unnerve
|switch|p1a: Necrozma|Necrozma-Dusk-Mane|100/100
|
|-heal|p2a: Calyrex|46/100|[from] item: Leftovers
|upkeep
|turn|6
|
|t:|1653366918
|switch|p2a: Necrozma|Necrozma-Dusk-Mane, shiny|100/100
|move|p1a: Necrozma|Stealth Rock|p2a: Necrozma
|-sidestart|p2: rburburbu|move: Stealth Rock
|
|upkeep
|turn|7
|
|t:|1653366934
|switch|p1a: Giratina|Giratina-Origin|100/100
|move|p2a: Necrozma|Knock Off|p1a: Giratina
|-supereffective|p1a: Giratina
|-damage|p1a: Giratina|74/100
|
|upkeep
|turn|8
|
|t:|1653366948
|switch|p2a: Eternatus|Eternatus|90/100
|-damage|p2a: Eternatus|77/100|[from] Stealth Rock
|-ability|p2a: Eternatus|Pressure
|move|p1a: Giratina|Will-O-Wisp|p2a: Eternatus|[miss]
|-miss|p1a: Giratina|p2a: Eternatus
|
|upkeep
|turn|9
|
|t:|1653366953
|switch|p1a: Necrozma|Necrozma-Dusk-Mane|100/100
|move|p2a: Eternatus|Dynamax Cannon|p1a: Necrozma
|-resisted|p1a: Necrozma
|-damage|p1a: Necrozma|86/100
|
|-heal|p1a: Necrozma|92/100|[from] item: Leftovers
|upkeep
|turn|10
|
|t:|1653366959
|switch|p2a: Necrozma|Necrozma-Dusk-Mane, shiny|100/100
|-damage|p2a: Necrozma|94/100|[from] Stealth Rock
|move|p1a: Necrozma|Iron Head|p2a: Necrozma
|-resisted|p2a: Necrozma
|-damage|p2a: Necrozma|80/100
|
|-heal|p1a: Necrozma|98/100|[from] item: Leftovers
|-heal|p2a: Necrozma|86/100|[from] item: Leftovers
|upkeep
|turn|11
|
|t:|1653366965
|switch|p1a: Yveltal|Yveltal|100/100
|-ability|p1a: Yveltal|Dark Aura
|move|p2a: Necrozma|Knock Off|p1a: Yveltal
|-resisted|p1a: Yveltal
|-damage|p1a: Yveltal|85/100
|-enditem|p1a: Yveltal|Heavy-Duty Boots|[from] move: Knock Off|[of] p2a: Necrozma
|
|-heal|p2a: Necrozma|92/100|[from] item: Leftovers
|upkeep
|turn|12
|l|☆ULT9NSFlatemo
|inactive|ULT9NSFlatemo disconnected and has a minute to reconnect!
|player|p1|
|inactive|ULT9NSFlatemo has 30 seconds to reconnect!
|inactive|ULT9NSFlatemo has 20 seconds to reconnect!
|inactive|ULT9NSFlatemo has 15 seconds to reconnect!
|inactive|ULT9NSFlatemo has 10 seconds to reconnect!
|inactive|ULT9NSFlatemo has 5 seconds to reconnect!
|-message|ULT9NSFlatemo lost due to inactivity.
|
|win|rburburbu
|raw|ULT9NSFlatemo's rating: 1507 &rarr; <strong>1487</strong><br />(-20 for losing)
|raw|rburburbu's rating: 1511 &rarr; <strong>1531</strong><br />(+20 for winning)
|c| Ult9ns louisix|草
|c|☆rburburbu|乐
|l|☆rburburbu
|l| Ult9ns louisix
