|j|☆Raph369
|j|☆ICVR
|t:|1633122600
|gametype|singles
|player|p1|Raph369|archer|
|player|p2|ICVR|ethan|
|teamsize|p1|6
|teamsize|p2|6
|gen|8
|tier|[Gen 8] Ubers
|rule|Sleep Clause Mod: Limit one foe put to sleep
|rule|Species Clause: Limit one of each Pokémon
|rule|OHKO Clause: OHKO moves are banned
|rule|Evasion Moves Clause: Evasion moves are banned
|rule|Endless Battle Clause: Forcing endless battles is banned
|rule|HP Percentage Mod: HP is shown in percentages
|rule|Dynamax Clause: You cannot dynamax
|clearpoke
|poke|p1|Dracovish|
|poke|p1|Clefable, F|
|poke|p1|Kyogre|
|poke|p1|Yveltal|
|poke|p1|Blissey, F|
|poke|p1|Ferrothorn, M|
|poke|p2|Eternatus|
|poke|p2|Calyrex-Shadow|
|poke|p2|Necrozma-Dusk-Mane|
|poke|p2|Darmanitan-Galar, F|
|poke|p2|Groudon|
|poke|p2|Yveltal|
|teampreview
|inactive|Battle timer is ON: inactive players will automatically lose when time's up. (requested by ICVR)
|c|☆ICVR|hf
|c|☆Raph369|hf
|inactive|Raph369 has 270 seconds left.
|inactive|ICVR has 270 seconds left.
|c|☆Raph369|COPPAIN VS DARM DE GALAR
|l|☆ICVR
|inactive|ICVR disconnected and has 300 seconds to reconnect!
|player|p2|
|c|☆Raph369|boh
|j|☆ICVR
|inactive|ICVR reconnected and has 250 seconds left.
|player|p2|ICVR|ethan
|c|☆Raph369|darm a peur
|c|☆ICVR|Qui a la meilleur mascotye
|inactive|ICVR has 240 seconds left.
|c|☆ICVR|(moi évidemment)
|
|t:|1633122681
|start
|switch|p1a: Kyogre|Kyogre|100/100
|switch|p2a: Darmanitan|Darmanitan-Galar, F|100/100
|-weather|RainDance|[from] ability: Drizzle|[of] p1a: Kyogre
|turn|1
|
|t:|1633122687
|move|p2a: Darmanitan|U-turn|p1a: Kyogre
|-damage|p1a: Kyogre|77/100
|
|t:|1633122693
|switch|p2a: Groudon|Groudon|100/100|[from]move: U-turn
|-weather|SunnyDay|[from] ability: Drought|[of] p2a: Groudon
|move|p1a: Kyogre|Thunder Wave|p2a: Groudon
|-immune|p2a: Groudon
|
|-weather|SunnyDay|[upkeep]
|-heal|p1a: Kyogre|83/100|[from] item: Leftovers
|upkeep
|turn|2
|c|☆Raph369|ah d'accord
|
|t:|1633122703
|move|p2a: Groudon|Precipice Blades|p1a: Kyogre
|-damage|p1a: Kyogre|43/100
|move|p1a: Kyogre|Surf|p2a: Groudon
|-supereffective|p2a: Groudon
|-damage|p2a: Groudon|59/100
|
|-weather|SunnyDay|[upkeep]
|-heal|p2a: Groudon|65/100|[from] item: Leftovers
|-heal|p1a: Kyogre|50/100|[from] item: Leftovers
|upkeep
|turn|3
|
|t:|1633122712
|switch|p1a: Yveltal|Yveltal|100/100
|-ability|p1a: Yveltal|Dark Aura
|move|p2a: Groudon|Precipice Blades|p1a: Yveltal
|-immune|p1a: Yveltal
|
|-weather|SunnyDay|[upkeep]
|-heal|p2a: Groudon|71/100|[from] item: Leftovers
|upkeep
|turn|4
|
|t:|1633122716
|move|p1a: Yveltal|U-turn|p2a: Groudon
|-damage|p2a: Groudon|61/100
|
|t:|1633122724
|switch|p1a: COPPAAIN|Dracovish|100/100|[from]move: U-turn
|move|p2a: Groudon|Thunder Wave|p1a: COPPAAIN
|-status|p1a: COPPAAIN|par
|
|-weather|SunnyDay|[upkeep]
|-heal|p2a: Groudon|67/100|[from] item: Leftovers
|upkeep
|turn|5
|c|☆Raph369|bravo à COPPAIN
|c|☆Raph369|sa game s'arrête là
|c|☆ICVR|La perdemos
|c|☆Raph369|merci d'avoir participé
|inactive|Raph369 has 270 seconds left.
|
|t:|1633122755
|move|p2a: Groudon|Precipice Blades|p1a: COPPAAIN
|-damage|p1a: COPPAAIN|43/100 par
|move|p1a: COPPAAIN|Outrage|p2a: Groudon
|-damage|p2a: Groudon|27/100
|
|-weather|none
|-heal|p2a: Groudon|33/100|[from] item: Leftovers
|upkeep
|turn|6
|
|t:|1633122761
|move|p2a: Groudon|Precipice Blades|p1a: COPPAAIN
|-damage|p1a: COPPAAIN|0 fnt
|faint|p1a: COPPAAIN
|
|-heal|p2a: Groudon|39/100|[from] item: Leftovers
|upkeep
|
|t:|1633122768
|switch|p1a: Kyogre|Kyogre|50/100
|-weather|RainDance|[from] ability: Drizzle|[of] p1a: Kyogre
|turn|7
|c|☆Raph369|sac sa win cond tour 4: check
|inactive|Raph369 has 270 seconds left.
|
|t:|1633122785
|switch|p2a: Eternatus|Eternatus|100/100
|-ability|p2a: Eternatus|Pressure
|move|p1a: Kyogre|Thunder Wave|p2a: Eternatus
|-status|p2a: Eternatus|par
|
|-weather|RainDance|[upkeep]
|-heal|p1a: Kyogre|56/100|[from] item: Leftovers
|upkeep
|turn|8
|
|t:|1633122791
|switch|p2a: Calyrex|Calyrex-Shadow|100/100
|-ability|p2a: Calyrex|As One
|-ability|p2a: Calyrex|Unnerve
|move|p1a: Kyogre|Calm Mind|p1a: Kyogre
|-boost|p1a: Kyogre|spa|1
|-boost|p1a: Kyogre|spd|1
|
|-weather|RainDance|[upkeep]
|-heal|p1a: Kyogre|62/100|[from] item: Leftovers
|upkeep
|turn|9
|
|t:|1633122795
|switch|p1a: Yveltal|Yveltal|100/100
|-ability|p1a: Yveltal|Dark Aura
|move|p2a: Calyrex|Astral Barrage|p1a: Yveltal
|-resisted|p1a: Yveltal
|-damage|p1a: Yveltal|64/100
|
|-weather|RainDance|[upkeep]
|upkeep
|turn|10
|
|t:|1633122804
|switch|p2a: Yveltal|Yveltal|100/100
|-ability|p2a: Yveltal|Dark Aura
|move|p1a: Yveltal|U-turn|p2a: Yveltal
|-damage|p2a: Yveltal|85/100
|
|t:|1633122808
|switch|p1a: Clefable|Clefable, F|100/100|[from]move: U-turn
|
|-weather|RainDance|[upkeep]
|upkeep
|turn|11
|
|t:|1633122813
|move|p2a: Yveltal|Knock Off|p1a: Clefable
|-resisted|p1a: Clefable
|-damage|p1a: Clefable|78/100
|-enditem|p1a: Clefable|Sitrus Berry|[from] move: Knock Off|[of] p2a: Yveltal
|move|p1a: Clefable|Stealth Rock|p2a: Yveltal
|-sidestart|p2: ICVR|move: Stealth Rock
|
|-weather|none
|upkeep
|turn|12
|
|t:|1633122820
|move|p2a: Yveltal|U-turn|p1a: Clefable
|-resisted|p1a: Clefable
|-damage|p1a: Clefable|71/100
|
|t:|1633122823
|switch|p2a: Necrozma|Necrozma-Dusk-Mane|100/100|[from]move: U-turn
|-damage|p2a: Necrozma|94/100|[from] Stealth Rock
|move|p1a: Clefable|Thunder Wave|p2a: Necrozma
|-status|p2a: Necrozma|par
|
|-heal|p2a: Necrozma|100/100 par|[from] item: Leftovers
|upkeep
|turn|13
|
|t:|1633122829
|switch|p1a: Ferrothorn|Ferrothorn, M|100/100
|cant|p2a: Necrozma|par
|
|upkeep
|turn|14
|
|t:|1633122839
|cant|p2a: Necrozma|par
|move|p1a: Ferrothorn|Spikes|p2a: Necrozma
|-sidestart|p2: ICVR|Spikes
|
|upkeep
|turn|15
|
|t:|1633122847
|move|p2a: Necrozma|Thunder Wave|p1a: Ferrothorn
|-status|p1a: Ferrothorn|par
|move|p1a: Ferrothorn|Spikes|p2a: Necrozma
|-sidestart|p2: ICVR|Spikes
|
|upkeep
|turn|16
|
|t:|1633122853
|switch|p2a: Yveltal|Yveltal|85/100
|-ability|p2a: Yveltal|Dark Aura
|switch|p1a: Kyogre|Kyogre|62/100
|-weather|RainDance|[from] ability: Drizzle|[of] p1a: Kyogre
|
|-weather|RainDance|[upkeep]
|-heal|p1a: Kyogre|68/100|[from] item: Leftovers
|upkeep
|turn|17
|
|t:|1633122859
|switch|p1a: Clefable|Clefable, F|71/100
|move|p2a: Yveltal|Knock Off|p1a: Clefable
|-resisted|p1a: Clefable
|-damage|p1a: Clefable|57/100
|
|-weather|RainDance|[upkeep]
|upkeep
|turn|18
|
|t:|1633122865
|move|p2a: Yveltal|Defog|p1a: Clefable
|-unboost|p1a: Clefable|evasion|1
|-sideend|p2: ICVR|Spikes|[from] move: Defog|[of] p2a: Yveltal
|-sideend|p2: ICVR|Stealth Rock|[from] move: Defog|[of] p2a: Yveltal
|move|p1a: Clefable|Moonblast|p2a: Yveltal
|-supereffective|p2a: Yveltal
|-damage|p2a: Yveltal|53/100
|
|-weather|RainDance|[upkeep]
|upkeep
|turn|19
|
|t:|1633122873
|move|p2a: Yveltal|Roost|p2a: Yveltal
|-heal|p2a: Yveltal|100/100
|-singleturn|p2a: Yveltal|move: Roost
|move|p1a: Clefable|Thunder Wave|p2a: Yveltal
|-status|p2a: Yveltal|par
|
|-weather|RainDance|[upkeep]
|upkeep
|turn|20
|
|t:|1633122877
|move|p1a: Clefable|Soft-Boiled|p1a: Clefable
|-heal|p1a: Clefable|100/100
|cant|p2a: Yveltal|par
|
|-weather|none
|upkeep
|turn|21
|
|t:|1633122880
|switch|p2a: Necrozma|Necrozma-Dusk-Mane|100/100 par
|move|p1a: Clefable|Stealth Rock|p2a: Necrozma
|-sidestart|p2: ICVR|move: Stealth Rock
|
|upkeep
|turn|22
|
|t:|1633122886
|switch|p1a: Kyogre|Kyogre|68/100
|-weather|RainDance|[from] ability: Drizzle|[of] p1a: Kyogre
|switch|p2a: Yveltal|Yveltal|100/100 par
|-ability|p2a: Yveltal|Dark Aura
|
|-weather|RainDance|[upkeep]
|-heal|p1a: Kyogre|74/100|[from] item: Leftovers
|upkeep
|turn|23
|
|t:|1633122891
|move|p1a: Kyogre|Surf|p2a: Yveltal
|-damage|p2a: Yveltal|62/100 par
|move|p2a: Yveltal|Knock Off|p1a: Kyogre
|-damage|p1a: Kyogre|41/100
|-enditem|p1a: Kyogre|Leftovers|[from] move: Knock Off|[of] p2a: Yveltal
|
|-weather|RainDance|[upkeep]
|upkeep
|turn|24
|
|t:|1633122897
|move|p1a: Kyogre|Surf|p2a: Yveltal
|-damage|p2a: Yveltal|28/100 par
|cant|p2a: Yveltal|par
|
|-weather|RainDance|[upkeep]
|upkeep
|turn|25
|c|☆Raph369|j'aime
|
|t:|1633122905
|switch|p2a: Eternatus|Eternatus|100/100 par
|-damage|p2a: Eternatus|88/100 par|[from] Stealth Rock
|-ability|p2a: Eternatus|Pressure
|move|p1a: Kyogre|Surf|p2a: Eternatus
|-resisted|p2a: Eternatus
|-damage|p2a: Eternatus|67/100 par
|
|-weather|RainDance|[upkeep]
|-heal|p2a: Eternatus|73/100 par|[from] item: Black Sludge
|upkeep
|turn|26
|
|t:|1633122910
|move|p1a: Kyogre|Calm Mind|p1a: Kyogre
|-boost|p1a: Kyogre|spa|1
|-boost|p1a: Kyogre|spd|1
|move|p2a: Eternatus|Recover|p2a: Eternatus
|-heal|p2a: Eternatus|100/100 par
|
|-weather|none
|upkeep
|turn|27
|
|t:|1633122915
|move|p1a: Kyogre|Rest|p1a: Kyogre
|-status|p1a: Kyogre|slp|[from] move: Rest
|-heal|p1a: Kyogre|100/100 slp|[silent]
|move|p2a: Eternatus|Toxic||[still]
|-fail|p2a: Eternatus
|
|upkeep
|turn|28
|
|t:|1633122923
|cant|p1a: Kyogre|slp
|cant|p2a: Eternatus|par
|
|upkeep
|turn|29
|
|t:|1633122927
|cant|p1a: Kyogre|slp
|move|p2a: Eternatus|Mystical Fire|p1a: Kyogre
|-resisted|p1a: Kyogre
|-damage|p1a: Kyogre|96/100 slp
|-unboost|p1a: Kyogre|spa|1
|
|upkeep
|turn|30
|
|t:|1633122937
|-curestatus|p1a: Kyogre|slp|[msg]
|move|p1a: Kyogre|Calm Mind|p1a: Kyogre
|-boost|p1a: Kyogre|spa|1
|-boost|p1a: Kyogre|spd|1
|cant|p2a: Eternatus|par
|
|upkeep
|turn|31
|
|t:|1633122943
|move|p1a: Kyogre|Calm Mind|p1a: Kyogre
|-boost|p1a: Kyogre|spa|1
|-boost|p1a: Kyogre|spd|1
|move|p2a: Eternatus|Toxic|p1a: Kyogre
|-status|p1a: Kyogre|tox
|
|-damage|p1a: Kyogre|89/100 tox|[from] psn
|upkeep
|turn|32
|
|t:|1633122946
|move|p1a: Kyogre|Surf|p2a: Eternatus
|-resisted|p2a: Eternatus
|-crit|p2a: Eternatus
|-damage|p2a: Eternatus|56/100 par
|cant|p2a: Eternatus|par
|
|-heal|p2a: Eternatus|62/100 par|[from] item: Black Sludge
|-damage|p1a: Kyogre|77/100 tox|[from] psn
|upkeep
|turn|33
|c|☆ICVR|Mais
|c|☆Raph369|ça part de là
|
|t:|1633122955
|move|p1a: Kyogre|Surf|p2a: Eternatus
|-resisted|p2a: Eternatus
|-damage|p2a: Eternatus|34/100 par
|move|p2a: Eternatus|Recover|p2a: Eternatus
|-heal|p2a: Eternatus|85/100 par
|
|-heal|p2a: Eternatus|91/100 par|[from] item: Black Sludge
|-damage|p1a: Kyogre|58/100 tox|[from] psn
|upkeep
|turn|34
|c|☆ICVR|putain
|
|t:|1633122965
|switch|p2a: Groudon|Groudon|39/100
|-damage|p2a: Groudon|33/100|[from] Stealth Rock
|-weather|SunnyDay|[from] ability: Drought|[of] p2a: Groudon
|move|p1a: Kyogre|Rest|p1a: Kyogre
|-status|p1a: Kyogre|slp|[from] move: Rest
|-heal|p1a: Kyogre|100/100 slp|[silent]
|
|-weather|SunnyDay|[upkeep]
|-heal|p2a: Groudon|39/100|[from] item: Leftovers
|upkeep
|turn|35
|
|t:|1633122969
|switch|p1a: Yveltal|Yveltal|64/100
|-ability|p1a: Yveltal|Dark Aura
|move|p2a: Groudon|Precipice Blades|p1a: Yveltal
|-immune|p1a: Yveltal
|
|-weather|SunnyDay|[upkeep]
|-heal|p2a: Groudon|45/100|[from] item: Leftovers
|upkeep
|turn|36
|
|t:|1633122975
|move|p1a: Yveltal|Foul Play|p2a: Groudon
|-damage|p2a: Groudon|13/100
|move|p2a: Groudon|Thunder Wave|p1a: Yveltal
|-status|p1a: Yveltal|par
|
|-weather|SunnyDay|[upkeep]
|-heal|p2a: Groudon|19/100|[from] item: Leftovers
|upkeep
|turn|37
|
|t:|1633122980
|move|p2a: Groudon|Rock Slide|p1a: Yveltal
|-supereffective|p1a: Yveltal
|-damage|p1a: Yveltal|26/100 par
|cant|p1a: Yveltal|par
|
|-weather|SunnyDay|[upkeep]
|-heal|p2a: Groudon|25/100|[from] item: Leftovers
|upkeep
|turn|38
|
|t:|1633122984
|move|p1a: Yveltal|Sucker Punch|p2a: Groudon
|-damage|p2a: Groudon|6/100
|move|p2a: Groudon|Rock Slide|p1a: Yveltal|[miss]
|-miss|p2a: Groudon|p1a: Yveltal
|
|-weather|none
|-heal|p2a: Groudon|12/100|[from] item: Leftovers
|upkeep
|turn|39
|c|☆Raph369|merde
|c|☆Raph369|t'as caly
|c|☆Raph369|gg
|c|☆ICVR|gg
|
|t:|1633123013
|move|p1a: Yveltal|Sucker Punch||[still]
|-fail|p1a: Yveltal
|move|p2a: Groudon|Stealth Rock|p1a: Yveltal
|-sidestart|p1: Raph369|move: Stealth Rock
|
|-heal|p2a: Groudon|19/100|[from] item: Leftovers
|upkeep
|turn|40
|
|t:|1633123019
|switch|p2a: Eternatus|Eternatus|91/100 par
|-damage|p2a: Eternatus|78/100 par|[from] Stealth Rock
|-ability|p2a: Eternatus|Pressure
|cant|p1a: Yveltal|par
|
|-heal|p2a: Eternatus|85/100 par|[from] item: Black Sludge
|upkeep
|turn|41
|
|t:|1633123028
|switch|p1a: Blissey|Blissey, F|100/100
|-damage|p1a: Blissey|88/100|[from] Stealth Rock
|move|p2a: Eternatus|Dynamax Cannon|p1a: Blissey
|-damage|p1a: Blissey|75/100
|
|-heal|p2a: Eternatus|91/100 par|[from] item: Black Sludge
|upkeep
|turn|42
|
|t:|1633123035
|switch|p2a: Calyrex|Calyrex-Shadow|100/100
|-ability|p2a: Calyrex|As One
|-ability|p2a: Calyrex|Unnerve
|-damage|p2a: Calyrex|88/100|[from] Stealth Rock
|move|p1a: Blissey|Teleport|p1a: Blissey
|
|t:|1633123038
|switch|p1a: Yveltal|Yveltal|26/100 par|[from]move: Teleport
|-ability|p1a: Yveltal|Dark Aura
|
|upkeep
|turn|43
|
|t:|1633123046
|move|p2a: Calyrex|Astral Barrage|p1a: Yveltal
|-resisted|p1a: Yveltal
|-damage|p1a: Yveltal|0 fnt
|faint|p1a: Yveltal
|-ability|p2a: Calyrex|Grim Neigh|boost
|-boost|p2a: Calyrex|spa|1
|
|upkeep
|c|☆Raph369|gg
|
|t:|1633123054
|switch|p1a: Blissey|Blissey, F|75/100
|-damage|p1a: Blissey|62/100|[from] Stealth Rock
|turn|44
|
|t:|1633123061
|switch|p2a: Groudon|Groudon|19/100
|-damage|p2a: Groudon|12/100|[from] Stealth Rock
|-weather|SunnyDay|[from] ability: Drought|[of] p2a: Groudon
|move|p1a: Blissey|Soft-Boiled|p1a: Blissey
|-heal|p1a: Blissey|100/100
|
|-weather|SunnyDay|[upkeep]
|-heal|p2a: Groudon|19/100|[from] item: Leftovers
|upkeep
|turn|45
|
|t:|1633123068
|switch|p1a: Clefable|Clefable, F|100/100
|move|p2a: Groudon|Precipice Blades|p1a: Clefable
|-damage|p1a: Clefable|55/100
|
|-weather|SunnyDay|[upkeep]
|-heal|p2a: Groudon|25/100|[from] item: Leftovers
|upkeep
|turn|46
|j| VICTORZEROLOCURA2
|
|t:|1633123076
|move|p2a: Groudon|Precipice Blades|p1a: Clefable
|-damage|p1a: Clefable|11/100
|move|p1a: Clefable|Moonblast|p2a: Groudon
|-damage|p2a: Groudon|0 fnt
|faint|p2a: Groudon
|
|-weather|SunnyDay|[upkeep]
|upkeep
|
|t:|1633123079
|switch|p2a: Calyrex|Calyrex-Shadow|88/100
|-ability|p2a: Calyrex|As One
|-ability|p2a: Calyrex|Unnerve
|-damage|p2a: Calyrex|76/100|[from] Stealth Rock
|turn|47
|
|t:|1633123088
|switch|p1a: Ferrothorn|Ferrothorn, M|100/100 par
|-damage|p1a: Ferrothorn|94/100 par|[from] Stealth Rock
|move|p2a: Calyrex|Psyshock|p1a: Ferrothorn
|-resisted|p1a: Ferrothorn
|-crit|p1a: Ferrothorn
|-damage|p1a: Ferrothorn|54/100 par
|
|-weather|SunnyDay|[upkeep]
|-heal|p1a: Ferrothorn|60/100 par|[from] item: Leftovers
|upkeep
|turn|48
|
|t:|1633123095
|move|p2a: Calyrex|Psyshock|p1a: Ferrothorn
|-resisted|p1a: Ferrothorn
|-damage|p1a: Ferrothorn|31/100 par
|cant|p1a: Ferrothorn|par
|
|-weather|none
|-heal|p1a: Ferrothorn|37/100 par|[from] item: Leftovers
|upkeep
|turn|49
|
|t:|1633123099
|move|p2a: Calyrex|Psyshock|p1a: Ferrothorn
|-resisted|p1a: Ferrothorn
|-damage|p1a: Ferrothorn|7/100 par
|move|p1a: Ferrothorn|Leech Seed|p2a: Calyrex
|-start|p2a: Calyrex|move: Leech Seed
|
|-heal|p1a: Ferrothorn|13/100 par|[from] item: Leftovers
|-damage|p2a: Calyrex|64/100|[from] Leech Seed|[of] p1a: Ferrothorn
|-heal|p1a: Ferrothorn|25/100 par|[silent]
|upkeep
|turn|50
|
|t:|1633123104
|switch|p1a: Clefable|Clefable, F|11/100
|move|p2a: Calyrex|Psyshock|p1a: Clefable
|-damage|p1a: Clefable|0 fnt
|faint|p1a: Clefable
|-ability|p2a: Calyrex|Grim Neigh|boost
|-boost|p2a: Calyrex|spa|1
|
|upkeep
|
|t:|1633123106
|switch|p1a: Kyogre|Kyogre|100/100 slp
|-damage|p1a: Kyogre|88/100 slp|[from] Stealth Rock
|-weather|RainDance|[from] ability: Drizzle|[of] p1a: Kyogre
|turn|51
|
|t:|1633123109
|move|p2a: Calyrex|Psyshock|p1a: Kyogre
|-damage|p1a: Kyogre|10/100 slp
|cant|p1a: Kyogre|slp
|
|-weather|RainDance|[upkeep]
|-damage|p2a: Calyrex|51/100|[from] Leech Seed|[of] p1a: Kyogre
|-heal|p1a: Kyogre|21/100 slp|[silent]
|upkeep
|turn|52
|
|t:|1633123113
|move|p2a: Calyrex|Psyshock|p1a: Kyogre
|-damage|p1a: Kyogre|0 fnt
|faint|p1a: Kyogre
|-ability|p2a: Calyrex|Grim Neigh|boost
|-boost|p2a: Calyrex|spa|1
|
|-weather|RainDance|[upkeep]
|upkeep
|
|t:|1633123116
|switch|p1a: Blissey|Blissey, F|100/100
|-damage|p1a: Blissey|88/100|[from] Stealth Rock
|turn|53
|c|☆Raph369|les dégats me paraissent ok
|
|t:|1633123130
|move|p2a: Calyrex|Psyshock|p1a: Blissey
|-damage|p1a: Blissey|0 fnt
|faint|p1a: Blissey
|-ability|p2a: Calyrex|Grim Neigh|boost
|-boost|p2a: Calyrex|spa|1
|
|-weather|RainDance|[upkeep]
|upkeep
|
|t:|1633123133
|switch|p1a: Ferrothorn|Ferrothorn, M|25/100 par
|-damage|p1a: Ferrothorn|19/100 par|[from] Stealth Rock
|turn|54
|c|☆ICVR|oui t’as cu
|c|☆ICVR|vu
|c|☆ICVR|Healthy mon
|c|☆ICVR|🙄
|c|☆ICVR|gg
|l| VICTORZEROLOCURA2
|inactive|Raph369 has 270 seconds left.
|c|☆Raph369|heureusement quya de bons modos pour avoir un metagame amusant
|
|t:|1633123177
|move|p2a: Calyrex|Psyshock|p1a: Ferrothorn
|-resisted|p1a: Ferrothorn
|-damage|p1a: Ferrothorn|0 fnt
|faint|p1a: Ferrothorn
|
|win|ICVR
|l|☆Raph369
|c|☆ICVR|Tse
