|j|☆Not BFO Ethanol
|j|☆InvalidOS
|t:|1613483231
|player|p1|Not BFO Ethanol|tucker-gen3|1369
|player|p2|InvalidOS|birdkeeper|1350
|teamsize|p1|6
|teamsize|p2|6
|gametype|singles
|gen|8
|tier|[Gen 8] Ubers
|rated|
|clearpoke
|poke|p1|Calyrex-Shadow|
|poke|p1|Zacian|
|poke|p1|Kyogre|
|poke|p1|Yveltal|
|poke|p1|Necrozma-Dusk-Mane|
|poke|p1|Ho-Oh|
|poke|p2|Palkia|
|poke|p2|Urshifu-*, M|
|poke|p2|Ho-Oh|
|poke|p2|Calyrex-Shadow|
|poke|p2|Necrozma-Dusk-Mane|
|poke|p2|Eternatus|
|rule|Sleep Clause Mod: Limit one foe put to sleep
|rule|Species Clause: Limit one of each Pokémon
|rule|OHKO Clause: OHKO moves are banned
|rule|Evasion Moves Clause: Evasion moves are banned
|rule|Endless Battle Clause: Forcing endless battles is banned
|rule|HP Percentage Mod: HP is shown in percentages
|rule|Dynamax Clause: You cannot dynamax
|teampreview
|
|t:|1613483251
|start
|switch|p1a: Yveltal|Yveltal|100/100
|switch|p2a: bird|Ho-Oh|100/100
|-ability|p1a: Yveltal|Dark Aura
|turn|1
|
|t:|1613483260
|switch|p1a: Kyogre|Kyogre|100/100
|-weather|RainDance|[from] ability: Drizzle|[of] p1a: Kyogre
|move|p2a: bird|Sacred Fire|p1a: Kyogre
|-resisted|p1a: Kyogre
|-damage|p1a: Kyogre|94/100
|
|-weather|RainDance|[upkeep]
|-heal|p1a: Kyogre|99/100|[from] item: Leftovers
|upkeep
|turn|2
|
|t:|1613483270
|switch|p2a: kyogre bad|Palkia|100/100
|-ability|p2a: kyogre bad|Pressure
|move|p1a: Kyogre|Scald|p2a: kyogre bad
|-resisted|p2a: kyogre bad
|-damage|p2a: kyogre bad|88/100
|
|-weather|RainDance|[upkeep]
|-heal|p1a: Kyogre|100/100|[from] item: Leftovers
|upkeep
|turn|3
|c|☆Not BFO Ethanol|truuu
|
|t:|1613483284
|switch|p1a: Zacian|Zacian|100/100
|-ability|p1a: Zacian|Intrepid Sword|boost
|-boost|p1a: Zacian|atk|1
|move|p2a: kyogre bad|Spacial Rend|p1a: Zacian
|-immune|p1a: Zacian
|
|-weather|RainDance|[upkeep]
|upkeep
|turn|4
|
|t:|1613483292
|switch|p1a: Yveltal|Yveltal|100/100
|-ability|p1a: Yveltal|Dark Aura
|switch|p2a: andy m|Necrozma-Dusk-Mane|100/100
|
|-weather|RainDance|[upkeep]
|upkeep
|turn|5
|
|t:|1613483302
|move|p1a: Yveltal|Knock Off|p2a: andy m
|-supereffective|p2a: andy m
|-damage|p2a: andy m|35/100
|-enditem|p2a: andy m|Leftovers|[from] move: Knock Off|[of] p1a: Yveltal
|move|p2a: andy m|Stealth Rock|p1a: Yveltal
|-sidestart|p1: Not BFO Ethanol|move: Stealth Rock
|
|-weather|none
|upkeep
|turn|6
|
|t:|1613483312
|switch|p2a: i broke the game|Eternatus|100/100
|-ability|p2a: i broke the game|Pressure
|move|p1a: Yveltal|U-turn|p2a: i broke the game
|-resisted|p2a: i broke the game
|-damage|p2a: i broke the game|91/100
|
|t:|1613483321
|switch|p1a: Ho-Oh|Ho-Oh|100/100|[from]move: U-turn
|
|upkeep
|turn|7
|
|t:|1613483326
|move|p2a: i broke the game|Dynamax Cannon|p1a: Ho-Oh
|-damage|p1a: Ho-Oh|65/100
|-damage|p2a: i broke the game|81/100|[from] item: Life Orb
|move|p1a: Ho-Oh|Thunder Wave|p2a: i broke the game
|-status|p2a: i broke the game|par
|
|upkeep
|turn|8
|
|t:|1613483332
|move|p1a: Ho-Oh|Defog|p2a: i broke the game
|-unboost|p2a: i broke the game|evasion|1
|-sideend|p1: Not BFO Ethanol|Stealth Rock|[from] move: Defog|[of] p1a: Ho-Oh
|move|p2a: i broke the game|Dynamax Cannon|p1a: Ho-Oh
|-damage|p1a: Ho-Oh|34/100
|-damage|p2a: i broke the game|71/100 par|[from] item: Life Orb
|
|upkeep
|turn|9
|
|t:|1613483340
|switch|p1a: Necrozma|Necrozma-Dusk-Mane|100/100
|cant|p2a: i broke the game|par
|
|upkeep
|turn|10
|
|t:|1613483345
|move|p2a: i broke the game|Sludge Bomb|p1a: Necrozma
|-immune|p1a: Necrozma
|move|p1a: Necrozma|Knock Off|p2a: i broke the game
|-damage|p2a: i broke the game|42/100 par
|-enditem|p2a: i broke the game|Life Orb|[from] move: Knock Off|[of] p1a: Necrozma
|
|upkeep
|turn|11
|
|t:|1613483353
|move|p2a: i broke the game|Flamethrower|p1a: Necrozma
|-supereffective|p1a: Necrozma
|-damage|p1a: Necrozma|56/100
|move|p1a: Necrozma|Stealth Rock|p2a: i broke the game
|-sidestart|p2: InvalidOS|move: Stealth Rock
|
|-heal|p1a: Necrozma|62/100|[from] item: Leftovers
|upkeep
|turn|12
|
|t:|1613483361
|move|p2a: i broke the game|Flamethrower|p1a: Necrozma
|-supereffective|p1a: Necrozma
|-damage|p1a: Necrozma|23/100
|move|p1a: Necrozma|Morning Sun|p1a: Necrozma
|-heal|p1a: Necrozma|73/100
|
|-heal|p1a: Necrozma|79/100|[from] item: Leftovers
|upkeep
|turn|13
|
|t:|1613483369
|switch|p2a: urshifuck|Urshifu, M|100/100
|-damage|p2a: urshifuck|94/100|[from] Stealth Rock
|move|p1a: Necrozma|Sunsteel Strike|p2a: urshifuck
|-damage|p2a: urshifuck|39/100
|
|-heal|p1a: Necrozma|85/100|[from] item: Leftovers
|upkeep
|turn|14
|
|t:|1613483386
|move|p2a: urshifuck|U-turn|p1a: Necrozma
|-damage|p1a: Necrozma|71/100
|
|t:|1613483390
|switch|p2a: bird|Ho-Oh|100/100|[from]move: U-turn
|move|p1a: Necrozma|Sunsteel Strike|p2a: bird
|-resisted|p2a: bird
|-damage|p2a: bird|85/100
|
|-heal|p1a: Necrozma|77/100|[from] item: Leftovers
|upkeep
|turn|15
|
|t:|1613483405
|move|p2a: bird|Toxic|p1a: Necrozma
|-immune|p1a: Necrozma
|move|p1a: Necrozma|Knock Off|p2a: bird
|-damage|p2a: bird|61/100
|-enditem|p2a: bird|Heavy-Duty Boots|[from] move: Knock Off|[of] p1a: Necrozma
|
|-heal|p1a: Necrozma|83/100|[from] item: Leftovers
|upkeep
|turn|16
|
|t:|1613483413
|switch|p1a: Kyogre|Kyogre|100/100
|-weather|RainDance|[from] ability: Drizzle|[of] p1a: Kyogre
|move|p2a: bird|Defog|p1a: Kyogre
|-unboost|p1a: Kyogre|evasion|1
|-sideend|p2: InvalidOS|Stealth Rock|[from] move: Defog|[of] p2a: bird
|
|-weather|RainDance|[upkeep]
|upkeep
|turn|17
|
|t:|1613483421
|switch|p1a: Zacian|Zacian|100/100
|-ability|p1a: Zacian|Intrepid Sword|boost
|-boost|p1a: Zacian|atk|1
|switch|p2a: kyogre bad|Palkia|88/100
|-ability|p2a: kyogre bad|Pressure
|
|-weather|RainDance|[upkeep]
|upkeep
|turn|18
|
|t:|1613483434
|move|p1a: Zacian|Play Rough|p2a: kyogre bad
|-supereffective|p2a: kyogre bad
|-damage|p2a: kyogre bad|0 fnt
|faint|p2a: kyogre bad
|
|-weather|RainDance|[upkeep]
|upkeep
|-message|InvalidOS forfeited.
|
|win|Not BFO Ethanol
|l|☆InvalidOS
|raw|Not BFO Ethanol's rating: 1370 &rarr; <strong>1388</strong><br />(+18 for winning)
|raw|InvalidOS's rating: 1337 &rarr; <strong>1319</strong><br />(-18 for losing)
