|j|☆QiYu3
|j|☆fuit gummy
|player|p1|QiYu3|psychic-gen4|1637
|player|p2|fuit gummy|82|1469
|teamsize|p1|6
|teamsize|p2|6
|gametype|singles
|gen|8
|tier|[Gen 8] Ubers
|rated|
|clearpoke
|poke|p1|Umbreon, F|
|poke|p1|Eternatus|
|poke|p1|Lunala|
|poke|p1|Marshadow|
|poke|p1|Ditto|
|poke|p1|Ferrothorn, F|
|poke|p2|Kyurem-White|
|poke|p2|Clefable, F|
|poke|p2|Umbreon, M|
|poke|p2|Lunala|
|poke|p2|Necrozma-Dusk-Mane|
|poke|p2|Eternatus|
|rule|Sleep Clause Mod: Limit one foe put to sleep
|rule|Species Clause: Limit one of each Pokémon
|rule|OHKO Clause: OHKO moves are banned
|rule|Evasion Moves Clause: Evasion moves are banned
|rule|Endless Battle Clause: Forcing endless battles is banned
|rule|HP Percentage Mod: HP is shown in percentages
|teampreview
|inactive|Battle timer is ON: inactive players will automatically lose when time's up. (requested by fuit gummy)
|j| SS-YT
|
|start
|switch|p1a: Lunala|Lunala|100/100
|switch|p2a: Eternatus|Eternatus|100/100
|-ability|p2a: Eternatus|Pressure
|turn|1
|
|move|p2a: Eternatus|Toxic|p1a: Lunala
|-status|p1a: Lunala|tox
|move|p1a: Lunala|Will-O-Wisp|p2a: Eternatus
|-status|p2a: Eternatus|brn
|
|-damage|p2a: Eternatus|94/100 brn|[from] brn
|-damage|p1a: Lunala|94/100 tox|[from] psn
|upkeep
|turn|2
|
|switch|p2a: Clefable|Clefable, F|100/100
|switch|p1a: Umbreon|Umbreon, F|100/100
|
|upkeep
|turn|3
|
|move|p1a: Umbreon|Heal Bell|p1a: Umbreon
|-activate|p1a: Umbreon|move: Heal Bell
|-curestatus|p1: Lunala|tox|[msg]
|move|p2a: Clefable|Stealth Rock|p1a: Umbreon
|-sidestart|p1: QiYu3|move: Stealth Rock
|
|upkeep
|turn|4
|
|move|p1a: Umbreon|Wish|p1a: Umbreon
|move|p2a: Clefable|Moonblast|p1a: Umbreon
|-supereffective|p1a: Umbreon
|-damage|p1a: Umbreon|45/100
|
|-heal|p1a: Umbreon|51/100|[from] item: Leftovers
|upkeep
|turn|5
|
|switch|p2a: Necrozma|Necrozma-Dusk-Mane|100/100
|move|p1a: Umbreon|Snarl|p2a: Necrozma
|-supereffective|p2a: Necrozma
|-damage|p2a: Necrozma|86/100
|-enditem|p2a: Necrozma|Weakness Policy
|-boost|p2a: Necrozma|atk|2|[from] item: Weakness Policy
|-boost|p2a: Necrozma|spa|2|[from] item: Weakness Policy
|-unboost|p2a: Necrozma|spa|1
|
|-heal|p1a: Umbreon|100/100|[from] move: Wish|[wisher] Umbreon
|upkeep
|turn|6
|
|switch|p1a: Ferrothorn|Ferrothorn, F|100/100
|-damage|p1a: Ferrothorn|94/100|[from] Stealth Rock
|move|p2a: Necrozma|Sunsteel Strike|p1a: Ferrothorn
|-resisted|p1a: Ferrothorn
|-damage|p1a: Ferrothorn|64/100
|-damage|p2a: Necrozma|74/100|[from] ability: Iron Barbs|[of] p1a: Ferrothorn
|
|-heal|p1a: Ferrothorn|70/100|[from] item: Leftovers
|upkeep
|turn|7
|
|switch|p2a: Clefable|Clefable, F|100/100
|move|p1a: Ferrothorn|Leech Seed|p2a: Clefable|[miss]
|-miss|p1a: Ferrothorn|p2a: Clefable
|
|-heal|p1a: Ferrothorn|77/100|[from] item: Leftovers
|upkeep
|turn|8
|
|switch|p1a: Lunala|Lunala|94/100
|move|p2a: Clefable|Moonblast|p1a: Lunala
|-crit|p1a: Lunala
|-damage|p1a: Lunala|32/100
|
|upkeep
|turn|9
|
|switch|p2a: Kyurem|Kyurem-White|100/100
|-ability|p2a: Kyurem|Turboblaze
|move|p1a: Lunala|Roost|p1a: Lunala
|-heal|p1a: Lunala|82/100
|-singleturn|p1a: Lunala|move: Roost
|
|upkeep
|turn|10
|
|move|p1a: Lunala|Will-O-Wisp|p2a: Kyurem
|-status|p2a: Kyurem|brn
|move|p2a: Kyurem|Draco Meteor|p1a: Lunala
|-damage|p1a: Lunala|0 fnt
|-unboost|p2a: Kyurem|spa|2
|faint|p1a: Lunala
|
|-damage|p2a: Kyurem|94/100 brn|[from] brn
|upkeep
|
|switch|p1a: Marshadow|Marshadow|100/100
|-damage|p1a: Marshadow|94/100|[from] Stealth Rock
|turn|11
|
|switch|p2a: Eternatus|Eternatus|94/100 brn
|-ability|p2a: Eternatus|Pressure
|-start|p1a: Marshadow|Dynamax
|-heal|p1a: Marshadow|94/100|[silent]
|move|p1a: Marshadow|Max Phantasm|p2a: Eternatus
|-crit|p2a: Eternatus
|-damage|p2a: Eternatus|21/100 brn
|-unboost|p2a: Eternatus|def|1
|
|-heal|p2a: Eternatus|27/100 brn|[from] item: Black Sludge
|-damage|p2a: Eternatus|21/100 brn|[from] brn
|upkeep
|turn|12
|
|move|p2a: Eternatus|Toxic|p1a: Marshadow
|-status|p1a: Marshadow|tox
|move|p1a: Marshadow|Max Knuckle|p2a: Eternatus
|-resisted|p2a: Eternatus
|-damage|p2a: Eternatus|0 fnt
|-boost|p1a: Marshadow|atk|1
|faint|p2a: Eternatus
|
|-damage|p1a: Marshadow|88/100 tox|[from] psn
|upkeep
|
|switch|p2a: Clefable|Clefable, F|100/100
|turn|13
|
|-start|p2a: Clefable|Dynamax
|-heal|p2a: Clefable|100/100|[silent]
|move|p2a: Clefable|Max Guard|p2a: Clefable
|-singleturn|p2a: Clefable|Max Guard
|move|p1a: Marshadow|Max Phantasm|p2a: Clefable
|-activate|p2a: Clefable|move: Max Guard
|
|-damage|p1a: Marshadow|76/100 tox|[from] psn
|-end|p1a: Marshadow|Dynamax
|-heal|p1a: Marshadow|76/100 tox|[silent]
|upkeep
|turn|14
|
|switch|p1a: Ferrothorn|Ferrothorn, F|77/100
|-damage|p1a: Ferrothorn|70/100|[from] Stealth Rock
|move|p2a: Clefable|Max Starfall|p1a: Ferrothorn
|-resisted|p1a: Ferrothorn
|-damage|p1a: Ferrothorn|35/100
|-fieldstart|move: Misty Terrain
|
|-heal|p1a: Ferrothorn|42/100|[from] item: Leftovers
|upkeep
|turn|15
|
|move|p1a: Ferrothorn|Protect|p1a: Ferrothorn
|-singleturn|p1a: Ferrothorn|Protect
|move|p2a: Clefable|Max Flare|p1a: Ferrothorn
|-supereffective|p1a: Ferrothorn
|-zbroken|p1a: Ferrothorn
|-damage|p1a: Ferrothorn|0 fnt
|-weather|SunnyDay
|faint|p1a: Ferrothorn
|
|-weather|SunnyDay|[upkeep]
|-end|p2a: Clefable|Dynamax
|-heal|p2a: Clefable|100/100|[silent]
|upkeep
|
|switch|p1a: Eternatus|Eternatus|100/100
|-damage|p1a: Eternatus|88/100|[from] Stealth Rock
|-ability|p1a: Eternatus|Pressure
|turn|16
|
|switch|p2a: Lunala|Lunala|100/100
|move|p1a: Eternatus|Cosmic Power|p1a: Eternatus
|-boost|p1a: Eternatus|def|1
|-boost|p1a: Eternatus|spd|1
|
|-weather|SunnyDay|[upkeep]
|-heal|p1a: Eternatus|94/100|[from] item: Black Sludge
|upkeep
|turn|17
|
|switch|p2a: Kyurem|Kyurem-White|94/100 brn
|-ability|p2a: Kyurem|Turboblaze
|move|p1a: Eternatus|Cosmic Power|p1a: Eternatus
|-boost|p1a: Eternatus|def|1
|-boost|p1a: Eternatus|spd|1
|
|-weather|SunnyDay|[upkeep]
|-heal|p1a: Eternatus|100/100|[from] item: Black Sludge
|-damage|p2a: Kyurem|88/100 brn|[from] brn
|upkeep
|turn|18
|
|move|p1a: Eternatus|Cosmic Power|p1a: Eternatus
|-boost|p1a: Eternatus|def|1
|-boost|p1a: Eternatus|spd|1
|move|p2a: Kyurem|Ice Beam|p1a: Eternatus
|-supereffective|p1a: Eternatus
|-damage|p1a: Eternatus|50/100
|
|-weather|SunnyDay|[upkeep]
|-heal|p1a: Eternatus|57/100|[from] item: Black Sludge
|-damage|p2a: Kyurem|82/100 brn|[from] brn
|-fieldend|Misty Terrain
|upkeep
|turn|19
|
|move|p1a: Eternatus|Recover|p1a: Eternatus
|-heal|p1a: Eternatus|100/100
|move|p2a: Kyurem|Ice Beam|p1a: Eternatus
|-supereffective|p1a: Eternatus
|-damage|p1a: Eternatus|53/100
|
|-weather|none
|-heal|p1a: Eternatus|59/100|[from] item: Black Sludge
|-damage|p2a: Kyurem|76/100 brn|[from] brn
|upkeep
|turn|20
|
|move|p1a: Eternatus|Flamethrower|p2a: Kyurem
|-damage|p2a: Kyurem|50/100 brn
|move|p2a: Kyurem|Ice Beam|p1a: Eternatus
|-supereffective|p1a: Eternatus
|-damage|p1a: Eternatus|10/100
|
|-heal|p1a: Eternatus|17/100|[from] item: Black Sludge
|-damage|p2a: Kyurem|43/100 brn|[from] brn
|upkeep
|turn|21
|
|move|p1a: Eternatus|Recover|p1a: Eternatus
|-heal|p1a: Eternatus|67/100
|move|p2a: Kyurem|Ice Beam|p1a: Eternatus
|-supereffective|p1a: Eternatus
|-damage|p1a: Eternatus|14/100
|
|-heal|p1a: Eternatus|20/100|[from] item: Black Sludge
|-damage|p2a: Kyurem|37/100 brn|[from] brn
|upkeep
|turn|22
|
|move|p1a: Eternatus|Recover|p1a: Eternatus
|-heal|p1a: Eternatus|70/100
|move|p2a: Kyurem|Ice Beam|p1a: Eternatus
|-supereffective|p1a: Eternatus
|-damage|p1a: Eternatus|17/100
|
|-heal|p1a: Eternatus|23/100|[from] item: Black Sludge
|-damage|p2a: Kyurem|31/100 brn|[from] brn
|upkeep
|turn|23
|
|move|p1a: Eternatus|Recover|p1a: Eternatus
|-heal|p1a: Eternatus|73/100
|move|p2a: Kyurem|Ice Beam|p1a: Eternatus
|-supereffective|p1a: Eternatus
|-damage|p1a: Eternatus|23/100
|
|-heal|p1a: Eternatus|29/100|[from] item: Black Sludge
|-damage|p2a: Kyurem|25/100 brn|[from] brn
|upkeep
|turn|24
|
|move|p1a: Eternatus|Flamethrower|p2a: Kyurem
|-damage|p2a: Kyurem|0 fnt
|faint|p2a: Kyurem
|
|-heal|p1a: Eternatus|35/100|[from] item: Black Sludge
|upkeep
|
|switch|p2a: Necrozma|Necrozma-Dusk-Mane|74/100
|turn|25
|
|move|p1a: Eternatus|Recover|p1a: Eternatus
|-heal|p1a: Eternatus|85/100
|move|p2a: Necrozma|Knock Off|p1a: Eternatus
|-damage|p1a: Eternatus|78/100
|-enditem|p1a: Eternatus|Black Sludge|[from] move: Knock Off|[of] p2a: Necrozma
|
|upkeep
|turn|26
|
|move|p1a: Eternatus|Cosmic Power|p1a: Eternatus
|-boost|p1a: Eternatus|def|1
|-boost|p1a: Eternatus|spd|1
|move|p2a: Necrozma|Dragon Dance|p2a: Necrozma
|-boost|p2a: Necrozma|atk|1
|-boost|p2a: Necrozma|spe|1
|
|upkeep
|turn|27
|
|move|p1a: Eternatus|Flamethrower|p2a: Necrozma
|-supereffective|p2a: Necrozma
|-damage|p2a: Necrozma|40/100
|move|p2a: Necrozma|Dragon Dance|p2a: Necrozma
|-boost|p2a: Necrozma|atk|1
|-boost|p2a: Necrozma|spe|1
|
|upkeep
|turn|28
|
|move|p2a: Necrozma|Earthquake|p1a: Eternatus
|-supereffective|p1a: Eternatus
|-damage|p1a: Eternatus|50/100
|move|p1a: Eternatus|Flamethrower|p2a: Necrozma
|-supereffective|p2a: Necrozma
|-damage|p2a: Necrozma|3/100
|
|upkeep
|turn|29
|
|move|p2a: Necrozma|Earthquake|p1a: Eternatus
|-supereffective|p1a: Eternatus
|-damage|p1a: Eternatus|24/100
|move|p1a: Eternatus|Flamethrower|p2a: Necrozma
|-supereffective|p2a: Necrozma
|-damage|p2a: Necrozma|0 fnt
|faint|p2a: Necrozma
|
|upkeep
|
|switch|p2a: Clefable|Clefable, F|100/100
|turn|30
|
|move|p1a: Eternatus|Recover|p1a: Eternatus
|-heal|p1a: Eternatus|74/100
|move|p2a: Clefable|Moonblast|p1a: Eternatus
|-damage|p1a: Eternatus|60/100
|
|upkeep
|turn|31
|
|move|p1a: Eternatus|Cosmic Power|p1a: Eternatus
|-boost|p1a: Eternatus|def|1
|-boost|p1a: Eternatus|spd|1
|move|p2a: Clefable|Moonblast|p1a: Eternatus
|-damage|p1a: Eternatus|47/100
|
|upkeep
|turn|32
|l| SS-YT
|
|move|p1a: Eternatus|Recover|p1a: Eternatus
|-heal|p1a: Eternatus|97/100
|move|p2a: Clefable|Moonblast|p1a: Eternatus
|-damage|p1a: Eternatus|86/100
|-unboost|p1a: Eternatus|spa|1
|
|upkeep
|turn|33
|
|move|p1a: Eternatus|Flamethrower|p2a: Clefable
|-crit|p2a: Clefable
|-damage|p2a: Clefable|59/100
|move|p2a: Clefable|Moonblast|p1a: Eternatus
|-damage|p1a: Eternatus|74/100
|
|upkeep
|turn|34
|
|move|p1a: Eternatus|Flamethrower|p2a: Clefable
|-damage|p2a: Clefable|39/100
|move|p2a: Clefable|Soft-Boiled|p2a: Clefable
|-heal|p2a: Clefable|89/100
|
|upkeep
|turn|35
|
|move|p1a: Eternatus|Flamethrower|p2a: Clefable
|-damage|p2a: Clefable|73/100
|move|p2a: Clefable|Moonblast|p1a: Eternatus
|-damage|p1a: Eternatus|61/100
|
|upkeep
|turn|36
|j| SS-YT
|
|move|p1a: Eternatus|Flamethrower|p2a: Clefable
|-damage|p2a: Clefable|56/100
|move|p2a: Clefable|Flamethrower|p1a: Eternatus
|-resisted|p1a: Eternatus
|-damage|p1a: Eternatus|57/100
|
|upkeep
|turn|37
|
|move|p1a: Eternatus|Flamethrower|p2a: Clefable
|-damage|p2a: Clefable|39/100
|move|p2a: Clefable|Soft-Boiled|p2a: Clefable
|-heal|p2a: Clefable|89/100
|
|upkeep
|turn|38
|
|move|p1a: Eternatus|Flamethrower|p2a: Clefable
|-damage|p2a: Clefable|72/100
|move|p2a: Clefable|Flamethrower|p1a: Eternatus
|-resisted|p1a: Eternatus
|-damage|p1a: Eternatus|53/100
|
|upkeep
|turn|39
|
|move|p1a: Eternatus|Recover|p1a: Eternatus
|-heal|p1a: Eternatus|100/100
|move|p2a: Clefable|Flamethrower|p1a: Eternatus
|-resisted|p1a: Eternatus
|-damage|p1a: Eternatus|97/100
|-status|p1a: Eternatus|brn
|
|-damage|p1a: Eternatus|90/100 brn|[from] brn
|upkeep
|turn|40
|
|switch|p2a: Lunala|Lunala|100/100
|move|p1a: Eternatus|Cosmic Power|p1a: Eternatus
|-boost|p1a: Eternatus|def|1
|-boost|p1a: Eternatus|spd|1
|
|-damage|p1a: Eternatus|84/100 brn|[from] brn
|upkeep
|turn|41
|
|switch|p1a: Umbreon|Umbreon, F|100/100
|-damage|p1a: Umbreon|88/100|[from] Stealth Rock
|move|p2a: Lunala|Hex|p1a: Umbreon
|-resisted|p1a: Umbreon
|-damage|p1a: Umbreon|80/100
|
|-heal|p1a: Umbreon|87/100|[from] item: Leftovers
|upkeep
|turn|42
|
|switch|p2a: Clefable|Clefable, F|72/100
|move|p1a: Umbreon|Wish|p1a: Umbreon
|
|-heal|p1a: Umbreon|93/100|[from] item: Leftovers
|upkeep
|turn|43
|
|move|p1a: Umbreon|Snarl|p2a: Clefable
|-resisted|p2a: Clefable
|-damage|p2a: Clefable|66/100
|-unboost|p2a: Clefable|spa|1
|move|p2a: Clefable|Moonblast|p1a: Umbreon
|-supereffective|p1a: Umbreon
|-damage|p1a: Umbreon|56/100
|
|-heal|p1a: Umbreon|100/100|[from] move: Wish|[wisher] Umbreon
|upkeep
|turn|44
|
|switch|p2a: Umbreon|Umbreon, M|100/100
|move|p1a: Umbreon|Heal Bell|p1a: Umbreon
|-activate|p1a: Umbreon|move: Heal Bell
|-curestatus|p1: Marshadow|tox|[msg]
|-curestatus|p1: Eternatus|brn|[msg]
|
|upkeep
|turn|45
|
|switch|p2a: Clefable|Clefable, F|66/100
|move|p1a: Umbreon|Wish|p1a: Umbreon
|
|upkeep
|turn|46
|
|move|p1a: Umbreon|Snarl|p2a: Clefable
|-resisted|p2a: Clefable
|-damage|p2a: Clefable|60/100
|-unboost|p2a: Clefable|spa|1
|move|p2a: Clefable|Moonblast|p1a: Umbreon
|-supereffective|p1a: Umbreon
|-damage|p1a: Umbreon|61/100
|
|-heal|p1a: Umbreon|100/100|[from] move: Wish|[wisher] Umbreon
|upkeep
|turn|47
|
|move|p1a: Umbreon|Wish|p1a: Umbreon
|move|p2a: Clefable|Moonblast|p1a: Umbreon
|-supereffective|p1a: Umbreon
|-damage|p1a: Umbreon|59/100
|
|-heal|p1a: Umbreon|65/100|[from] item: Leftovers
|upkeep
|turn|48
|
|move|p1a: Umbreon|Snarl|p2a: Clefable
|-resisted|p2a: Clefable
|-damage|p2a: Clefable|54/100
|-unboost|p2a: Clefable|spa|1
|move|p2a: Clefable|Soft-Boiled|p2a: Clefable
|-heal|p2a: Clefable|100/100
|
|-heal|p1a: Umbreon|100/100|[from] move: Wish|[wisher] Umbreon
|upkeep
|turn|49
|
|switch|p2a: Lunala|Lunala|100/100
|move|p1a: Umbreon|Wish|p1a: Umbreon
|
|upkeep
|turn|50
|
|switch|p2a: Clefable|Clefable, F|100/100
|switch|p1a: Eternatus|Eternatus|84/100
|-damage|p1a: Eternatus|72/100|[from] Stealth Rock
|-ability|p1a: Eternatus|Pressure
|
|-heal|p1a: Eternatus|100/100|[from] move: Wish|[wisher] Umbreon
|upkeep
|turn|51
|
|move|p1a: Eternatus|Cosmic Power|p1a: Eternatus
|-boost|p1a: Eternatus|def|1
|-boost|p1a: Eternatus|spd|1
|move|p2a: Clefable|Flamethrower|p1a: Eternatus
|-resisted|p1a: Eternatus
|-damage|p1a: Eternatus|92/100
|
|upkeep
|turn|52
|
|move|p1a: Eternatus|Cosmic Power|p1a: Eternatus
|-boost|p1a: Eternatus|def|1
|-boost|p1a: Eternatus|spd|1
|move|p2a: Clefable|Flamethrower|p1a: Eternatus
|-resisted|p1a: Eternatus
|-damage|p1a: Eternatus|85/100
|
|upkeep
|turn|53
|-message|fuit gummy forfeited.
|
|win|QiYu3
|l|☆fuit gummy
|raw|QiYu3's rating: 1637 &rarr; <strong>1648</strong><br />(+11 for winning)
|raw|fuit gummy's rating: 1469 &rarr; <strong>1458</strong><br />(-11 for losing)
