|raw|<div class="broadcast-blue"><strong>This battle is required to be public due to a player having a name starting with 'ult4pdr'.</div>
|j|‽German111
|j|☆ULT4PDR montazak
|t:|1654443703
|gametype|singles
|player|p1|German111|169|1738
|player|p2|ULT4PDR montazak|steven|1743
|teamsize|p1|6
|teamsize|p2|6
|gen|8
|tier|[Gen 8] Ubers
|rated|
|rule|Sleep Clause Mod: Limit one foe put to sleep
|rule|Species Clause: Limit one of each Pokémon
|rule|OHKO Clause: OHKO moves are banned
|rule|Evasion Moves Clause: Evasion moves are banned
|rule|Endless Battle Clause: Forcing endless battles is banned
|rule|HP Percentage Mod: HP is shown in percentages
|rule|Dynamax Clause: You cannot dynamax
|clearpoke
|poke|p1|Calyrex-Shadow|
|poke|p1|Xerneas-*|
|poke|p1|Yveltal|
|poke|p1|Necrozma-Dusk-Mane|
|poke|p1|Eternatus|
|poke|p1|Zekrom|
|poke|p2|Marshadow|
|poke|p2|Eternatus|
|poke|p2|Calyrex-Shadow|
|poke|p2|Ho-Oh|
|poke|p2|Groudon|
|poke|p2|Xerneas-*|
|teampreview
|j| Ganom
|
|t:|1654443712
|start
|switch|p1a: Necrozma|Necrozma-Dusk-Mane|100/100
|switch|p2a: Groudon|Groudon|100/100
|-weather|SunnyDay|[from] ability: Drought|[of] p2a: Groudon
|turn|1
|j| ULT4PDR skimmy
|j| Trade
|j|+Pohjis
|j| Hyougz
|inactive|Battle timer is ON: inactive players will automatically lose when time's up. (requested by ULT4PDR montazak)
|inactive|German111 has 120 seconds left.
|
|t:|1654443770
|move|p2a: Groudon|Thunder Wave|p1a: Necrozma
|-status|p1a: Necrozma|par
|move|p1a: Necrozma|Knock Off|p2a: Groudon
|-crit|p2a: Groudon
|-damage|p2a: Groudon|72/100
|-enditem|p2a: Groudon|Leftovers|[from] move: Knock Off|[of] p1a: Necrozma
|
|-weather|SunnyDay|[upkeep]
|upkeep
|turn|2
|
|t:|1654443773
|move|p2a: Groudon|Stealth Rock|p1a: Necrozma
|-sidestart|p1: German111|move: Stealth Rock
|move|p1a: Necrozma|Stealth Rock|p2a: Groudon
|-sidestart|p2: ULT4PDR montazak|move: Stealth Rock
|
|-weather|SunnyDay|[upkeep]
|upkeep
|turn|3
|j| NT72GB bulufan
|
|t:|1654443775
|move|p2a: Groudon|Precipice Blades|p1a: Necrozma
|-supereffective|p1a: Necrozma
|-damage|p1a: Necrozma|33/100 par
|move|p1a: Necrozma|Sunsteel Strike|p2a: Groudon
|-damage|p2a: Groudon|46/100
|
|-weather|SunnyDay|[upkeep]
|-heal|p1a: Necrozma|40/100 par|[from] item: Leftovers
|upkeep
|turn|4
|
|t:|1654443781
|move|p2a: Groudon|Precipice Blades|p1a: Necrozma
|-supereffective|p1a: Necrozma
|-damage|p1a: Necrozma|0 fnt
|faint|p1a: Necrozma
|
|-weather|SunnyDay|[upkeep]
|upkeep
|
|t:|1654443783
|switch|p1a: Xerneas|Xerneas|100/100
|-damage|p1a: Xerneas|88/100|[from] Stealth Rock
|-ability|p1a: Xerneas|Fairy Aura
|turn|5
|
|t:|1654443785
|move|p1a: Xerneas|Geomancy||[still]
|-prepare|p1a: Xerneas|Geomancy
|-enditem|p1a: Xerneas|Power Herb
|-anim|p1a: Xerneas|Geomancy|p1a: Xerneas
|-boost|p1a: Xerneas|spa|2
|-boost|p1a: Xerneas|spd|2
|-boost|p1a: Xerneas|spe|2
|move|p2a: Groudon|Thunder Wave|p1a: Xerneas
|-status|p1a: Xerneas|par
|
|-weather|none
|upkeep
|turn|6
|j| ULT4PDR 周杰伦Jay
|j| Entrocefalo
|
|t:|1654443790
|switch|p2a: Ho-Oh|Ho-Oh|100/100
|move|p1a: Xerneas|Geomancy||[still]
|-prepare|p1a: Xerneas|Geomancy
|
|upkeep
|turn|7
|
|t:|1654443794
|move|p1a: Xerneas|Geomancy|p1a: Xerneas|[from]lockedmove
|-boost|p1a: Xerneas|spa|2
|-boost|p1a: Xerneas|spd|2
|-boost|p1a: Xerneas|spe|2
|move|p2a: Ho-Oh|Defog|p1a: Xerneas
|-unboost|p1a: Xerneas|evasion|1
|-sideend|p1: German111|Stealth Rock|[from] move: Defog|[of] p2a: Ho-Oh
|-sideend|p2: ULT4PDR montazak|Stealth Rock|[from] move: Defog|[of] p2a: Ho-Oh
|
|upkeep
|turn|8
|j| Ult4pdr Bunrphenix
|
|t:|1654443802
|switch|p2a: Groudon|Groudon|46/100
|-weather|SunnyDay|[from] ability: Drought|[of] p2a: Groudon
|move|p1a: Xerneas|Thunder|p2a: Groudon
|-immune|p2a: Groudon
|
|-weather|SunnyDay|[upkeep]
|upkeep
|turn|9
|
|t:|1654443805
|move|p1a: Xerneas|Moonblast|p2a: Groudon
|-damage|p2a: Groudon|0 fnt
|faint|p2a: Groudon
|
|-weather|SunnyDay|[upkeep]
|upkeep
|
|t:|1654443807
|switch|p2a: tensa-zangetsu|Marshadow|100/100
|turn|10
|
|t:|1654443809
|move|p1a: Xerneas|Moonblast|p2a: tensa-zangetsu
|-supereffective|p2a: tensa-zangetsu
|-enditem|p2a: tensa-zangetsu|Focus Sash
|-damage|p2a: tensa-zangetsu|1/100
|move|p2a: tensa-zangetsu|Spectral Thief||[still]
|-clearpositiveboost|p1a: Xerneas|p2a: tensa-zangetsu|move: Spectral Thief
|-boost|p2a: tensa-zangetsu|spa|4
|-boost|p2a: tensa-zangetsu|spd|4
|-boost|p2a: tensa-zangetsu|spe|4
|-anim|p2a: tensa-zangetsu|Spectral Thief|p1a: Xerneas
|-damage|p1a: Xerneas|52/100 par
|
|-weather|SunnyDay|[upkeep]
|upkeep
|turn|11
|
|t:|1654443812
|switch|p2a: Ho-Oh|Ho-Oh|100/100
|move|p1a: Xerneas|Moonblast|p2a: Ho-Oh
|-resisted|p2a: Ho-Oh
|-damage|p2a: Ho-Oh|83/100
|-unboost|p2a: Ho-Oh|spa|1
|
|-weather|SunnyDay|[upkeep]
|upkeep
|turn|12
|
|t:|1654443814
|move|p2a: Ho-Oh|Sacred Fire|p1a: Xerneas
|-damage|p1a: Xerneas|1/100 par
|cant|p1a: Xerneas|par
|
|-weather|none
|upkeep
|turn|13
|
|t:|1654443823
|move|p2a: Ho-Oh|Sacred Fire|p1a: Xerneas
|-damage|p1a: Xerneas|0 fnt
|faint|p1a: Xerneas
|
|upkeep
|
|t:|1654443826
|switch|p1a: Zekrom|Zekrom|100/100
|-ability|p1a: Zekrom|Teravolt
|turn|14
|
|t:|1654443828
|switch|p2a: Xerneas|Xerneas|100/100
|-ability|p2a: Xerneas|Fairy Aura
|move|p1a: Zekrom|Substitute|p1a: Zekrom
|-start|p1a: Zekrom|Substitute
|-damage|p1a: Zekrom|76/100
|
|-heal|p1a: Zekrom|82/100|[from] item: Leftovers
|upkeep
|turn|15
|
|t:|1654443830
|move|p2a: Xerneas|Play Rough|p1a: Zekrom
|-supereffective|p1a: Zekrom
|-end|p1a: Zekrom|Substitute
|move|p1a: Zekrom|Bolt Strike|p2a: Xerneas
|-damage|p2a: Xerneas|36/100
|
|-heal|p1a: Zekrom|88/100|[from] item: Leftovers
|upkeep
|turn|16
|
|t:|1654443833
|switch|p1a: Eternatus|Eternatus|100/100
|-ability|p1a: Eternatus|Pressure
|move|p2a: Xerneas|Play Rough|p1a: Eternatus
|-damage|p1a: Eternatus|42/100
|
|upkeep
|turn|17
|
|t:|1654443839
|move|p2a: Xerneas|Play Rough|p1a: Eternatus
|-damage|p1a: Eternatus|0 fnt
|faint|p1a: Eternatus
|
|upkeep
|
|t:|1654443842
|switch|p1a: Calyrex|Calyrex-Shadow|100/100
|-ability|p1a: Calyrex|As One
|-ability|p1a: Calyrex|Unnerve
|turn|18
|
|t:|1654443844
|switch|p2a: Ho-Oh|Ho-Oh|100/100
|move|p1a: Calyrex|Astral Barrage|p2a: Ho-Oh
|-damage|p2a: Ho-Oh|61/100
|
|upkeep
|turn|19
|
|t:|1654443850
|move|p1a: Calyrex|Astral Barrage|p2a: Ho-Oh
|-damage|p2a: Ho-Oh|18/100
|move|p2a: Ho-Oh|Roost|p2a: Ho-Oh
|-heal|p2a: Ho-Oh|68/100
|-singleturn|p2a: Ho-Oh|move: Roost
|
|upkeep
|turn|20
|
|t:|1654443854
|switch|p1a: Zekrom|Zekrom|88/100
|-ability|p1a: Zekrom|Teravolt
|move|p2a: Ho-Oh|Roost|p2a: Ho-Oh
|-heal|p2a: Ho-Oh|100/100
|-singleturn|p2a: Ho-Oh|move: Roost
|
|-heal|p1a: Zekrom|94/100|[from] item: Leftovers
|upkeep
|turn|21
|
|t:|1654443857
|switch|p2a: Xerneas|Xerneas|36/100
|-ability|p2a: Xerneas|Fairy Aura
|move|p1a: Zekrom|Dragon Dance|p1a: Zekrom
|-boost|p1a: Zekrom|atk|1
|-boost|p1a: Zekrom|spe|1
|
|-heal|p1a: Zekrom|99/100|[from] item: Leftovers
|upkeep
|turn|22
|
|t:|1654443859
|switch|p1a: Calyrex|Calyrex-Shadow|100/100
|-ability|p1a: Calyrex|As One
|-ability|p1a: Calyrex|Unnerve
|move|p2a: Xerneas|Play Rough|p1a: Calyrex
|-damage|p1a: Calyrex|23/100
|
|upkeep
|turn|23
|j| ULT4PDR QLS
|
|t:|1654443867
|switch|p1a: Zekrom|Zekrom|99/100
|-ability|p1a: Zekrom|Teravolt
|switch|p2a: Calyrex|Calyrex-Shadow|100/100
|-ability|p2a: Calyrex|As One
|-ability|p2a: Calyrex|Unnerve
|
|-heal|p1a: Zekrom|100/100|[from] item: Leftovers
|upkeep
|turn|24
|
|t:|1654443873
|switch|p1a: Yveltal|Yveltal|100/100
|-ability|p1a: Yveltal|Dark Aura
|move|p2a: Calyrex|Trick|p1a: Yveltal
|-activate|p2a: Calyrex|move: Trick|[of] p1a: Yveltal
|-item|p1a: Yveltal|Choice Specs|[from] move: Trick
|-item|p2a: Calyrex|Heavy-Duty Boots|[from] move: Trick
|
|upkeep
|turn|25
|
|t:|1654443881
|move|p2a: Calyrex|Astral Barrage|p1a: Yveltal
|-resisted|p1a: Yveltal
|-damage|p1a: Yveltal|75/100
|move|p1a: Yveltal|Snarl|p2a: Calyrex
|-supereffective|p2a: Calyrex
|-damage|p2a: Calyrex|0 fnt
|faint|p2a: Calyrex
|
|upkeep
|
|t:|1654443890
|switch|p2a: Xerneas|Xerneas|36/100
|-ability|p2a: Xerneas|Fairy Aura
|turn|26
|
|t:|1654443892
|move|p2a: Xerneas|Play Rough|p1a: Yveltal
|-supereffective|p1a: Yveltal
|-damage|p1a: Yveltal|0 fnt
|faint|p1a: Yveltal
|
|upkeep
|
|t:|1654443894
|switch|p1a: Calyrex|Calyrex-Shadow|23/100
|-ability|p1a: Calyrex|As One
|-ability|p1a: Calyrex|Unnerve
|turn|27
|j| FC MIKU
|l| Hyougz
|
|t:|1654443905
|switch|p2a: Eternatus|Eternatus|100/100
|-ability|p2a: Eternatus|Pressure
|move|p1a: Calyrex|Psyshock|p2a: Eternatus
|-supereffective|p2a: Eternatus
|-damage|p2a: Eternatus|6/100
|
|upkeep
|turn|28
|
|t:|1654443907
|move|p1a: Calyrex|Psyshock|p2a: Eternatus
|-supereffective|p2a: Eternatus
|-damage|p2a: Eternatus|0 fnt
|faint|p2a: Eternatus
|-ability|p1a: Calyrex|Grim Neigh|boost
|-boost|p1a: Calyrex|spa|1
|
|upkeep
|
|t:|1654443912
|switch|p2a: tensa-zangetsu|Marshadow|1/100
|turn|29
|
|t:|1654443914
|switch|p1a: Zekrom|Zekrom|100/100
|-ability|p1a: Zekrom|Teravolt
|move|p2a: tensa-zangetsu|Shadow Sneak|p1a: Zekrom
|-damage|p1a: Zekrom|73/100
|
|-heal|p1a: Zekrom|79/100|[from] item: Leftovers
|upkeep
|turn|30
|
|t:|1654443918
|move|p2a: tensa-zangetsu|Endeavor|p1a: Zekrom
|-damage|p1a: Zekrom|1/100
|move|p1a: Zekrom|Substitute|p1a: Zekrom
|-fail|p1a: Zekrom|move: Substitute|[weak]
|
|-heal|p1a: Zekrom|7/100|[from] item: Leftovers
|upkeep
|turn|31
|
|t:|1654443922
|move|p2a: tensa-zangetsu|Shadow Sneak|p1a: Zekrom
|-damage|p1a: Zekrom|0 fnt
|faint|p1a: Zekrom
|
|upkeep
|-message|German111 forfeited.
|
|win|ULT4PDR montazak
|raw|German111's rating: 1713 &rarr; <strong>1695</strong><br />(-18 for losing)
|raw|ULT4PDR montazak's rating: 1743 &rarr; <strong>1761</strong><br />(+18 for winning)
|l|‽German111
|l| FC MIKU
|c| ULT4PDR 周杰伦Jay|goat
|l|+Pohjis
|c|☆ULT4PDR montazak|gg
|l|☆ULT4PDR montazak
|l| ULT4PDR QLS
|j|☆ULT4PDR montazak
|player|p2|ULT4PDR montazak|steven
|l| Ult4pdr Bunrphenix
|l| Trade
|l|☆ULT4PDR montazak
|player|p2|
||Ladder isn't responding, score probably updated but might not have (Request timeout).
|l| NT72GB bulufan
|l| Ganom
