|j|☆i like bat soup
|j|☆Turtlez69
|player|p1|i like bat soup|102|1669
|player|p2|Turtlez69|red|1726
|teamsize|p1|6
|teamsize|p2|6
|gametype|singles
|gen|8
|tier|[Gen 8] Ubers
|rated|
|clearpoke
|poke|p1|Eternatus|
|poke|p1|Necrozma-Dusk-Mane|
|poke|p1|Lunala|
|poke|p1|Corviknight, F|
|poke|p1|Ferrothorn, M|
|poke|p1|Tyranitar, M|
|poke|p2|Ribombee, M|
|poke|p2|Necrozma-Dusk-Mane|
|poke|p2|Lunala|
|poke|p2|Mewtwo|
|poke|p2|Tyranitar, M|
|poke|p2|Ditto|
|rule|Sleep Clause Mod: Limit one foe put to sleep
|rule|Species Clause: Limit one of each Pokémon
|rule|OHKO Clause: OHKO moves are banned
|rule|Evasion Moves Clause: Evasion moves are banned
|rule|Endless Battle Clause: Forcing endless battles is banned
|rule|HP Percentage Mod: HP is shown in percentages
|teampreview
|inactive|Battle timer is ON: inactive players will automatically lose when time's up. (requested by Turtlez69)
|
|start
|switch|p1a: Eternatus|Eternatus|100/100
|switch|p2a: Lunala|Lunala|100/100
|-ability|p1a: Eternatus|Pressure
|turn|1
|
|switch|p2a: Necrozma|Necrozma-Dusk-Mane|100/100
|move|p1a: Eternatus|Toxic Spikes|p2a: Necrozma
|-sidestart|p2: Turtlez69|move: Toxic Spikes
|
|upkeep
|turn|2
|inactive|Turtlez69 has 120 seconds left.
|inactive|i like bat soup has 120 seconds left.
|
|switch|p1a: Ferrothorn|Ferrothorn, M|100/100
|switch|p2a: Lunala|Lunala|100/100
|
|upkeep
|turn|3
|
|move|p2a: Lunala|Will-O-Wisp|p1a: Ferrothorn
|-status|p1a: Ferrothorn|brn
|move|p1a: Ferrothorn|Knock Off|p2a: Lunala
|-supereffective|p2a: Lunala
|-damage|p2a: Lunala|88/100
|-enditem|p2a: Lunala|Heavy-Duty Boots|[from] move: Knock Off|[of] p1a: Ferrothorn
|
|-damage|p1a: Ferrothorn|94/100 brn|[from] brn
|upkeep
|turn|4
|
|switch|p1a: Tyranitar|Tyranitar, M|100/100
|-weather|Sandstorm|[from] ability: Sand Stream|[of] p1a: Tyranitar
|move|p2a: Lunala|Defog|p1a: Tyranitar
|-unboost|p1a: Tyranitar|evasion|1
|-sideend|p2: Turtlez69|Toxic Spikes|[from] move: Defog|[of] p2a: Lunala
|
|-weather|Sandstorm|[upkeep]
|-damage|p2a: Lunala|82/100|[from] Sandstorm
|upkeep
|turn|5
|
|move|p2a: Lunala|Will-O-Wisp|p1a: Tyranitar
|-status|p1a: Tyranitar|brn
|move|p1a: Tyranitar|Stealth Rock|p2a: Lunala
|-sidestart|p2: Turtlez69|move: Stealth Rock
|
|-weather|Sandstorm|[upkeep]
|-damage|p2a: Lunala|76/100|[from] Sandstorm
|-damage|p1a: Tyranitar|94/100 brn|[from] brn
|upkeep
|turn|6
|
|move|p2a: Lunala|Defog|p1a: Tyranitar
|-unboost|p1a: Tyranitar|evasion|1
|-sideend|p2: Turtlez69|Stealth Rock|[from] move: Defog|[of] p2a: Lunala
|move|p1a: Tyranitar|Crunch|p2a: Lunala
|-supereffective|p2a: Lunala
|-damage|p2a: Lunala|39/100
|
|-weather|Sandstorm|[upkeep]
|-damage|p2a: Lunala|33/100|[from] Sandstorm
|-heal|p1a: Tyranitar|100/100 brn|[from] item: Leftovers
|-damage|p1a: Tyranitar|94/100 brn|[from] brn
|upkeep
|turn|7
|
|move|p2a: Lunala|Roost|p2a: Lunala
|-heal|p2a: Lunala|83/100
|-singleturn|p2a: Lunala|move: Roost
|move|p1a: Tyranitar|Stealth Rock|p2a: Lunala
|-sidestart|p2: Turtlez69|move: Stealth Rock
|
|-weather|Sandstorm|[upkeep]
|-damage|p2a: Lunala|77/100|[from] Sandstorm
|-heal|p1a: Tyranitar|100/100 brn|[from] item: Leftovers
|-damage|p1a: Tyranitar|94/100 brn|[from] brn
|upkeep
|turn|8
|
|move|p2a: Lunala|Defog|p1a: Tyranitar
|-unboost|p1a: Tyranitar|evasion|1
|-sideend|p2: Turtlez69|Stealth Rock|[from] move: Defog|[of] p2a: Lunala
|move|p1a: Tyranitar|Crunch|p2a: Lunala
|-supereffective|p2a: Lunala
|-damage|p2a: Lunala|39/100
|
|-weather|none
|-heal|p1a: Tyranitar|100/100 brn|[from] item: Leftovers
|-damage|p1a: Tyranitar|94/100 brn|[from] brn
|upkeep
|turn|9
|
|move|p2a: Lunala|Roost|p2a: Lunala
|-heal|p2a: Lunala|90/100
|-singleturn|p2a: Lunala|move: Roost
|move|p1a: Tyranitar|Stealth Rock|p2a: Lunala
|-sidestart|p2: Turtlez69|move: Stealth Rock
|
|-heal|p1a: Tyranitar|100/100 brn|[from] item: Leftovers
|-damage|p1a: Tyranitar|94/100 brn|[from] brn
|upkeep
|turn|10
|
|move|p2a: Lunala|Defog|p1a: Tyranitar
|-unboost|p1a: Tyranitar|evasion|1
|-sideend|p2: Turtlez69|Stealth Rock|[from] move: Defog|[of] p2a: Lunala
|move|p1a: Tyranitar|Crunch|p2a: Lunala
|-supereffective|p2a: Lunala
|-damage|p2a: Lunala|50/100
|
|-heal|p1a: Tyranitar|100/100 brn|[from] item: Leftovers
|-damage|p1a: Tyranitar|94/100 brn|[from] brn
|upkeep
|turn|11
|
|move|p2a: Lunala|Roost|p2a: Lunala
|-heal|p2a: Lunala|99/100
|-singleturn|p2a: Lunala|move: Roost
|move|p1a: Tyranitar|Stealth Rock|p2a: Lunala
|-sidestart|p2: Turtlez69|move: Stealth Rock
|
|-heal|p1a: Tyranitar|100/100 brn|[from] item: Leftovers
|-damage|p1a: Tyranitar|94/100 brn|[from] brn
|upkeep
|turn|12
|
|move|p2a: Lunala|Defog|p1a: Tyranitar
|-unboost|p1a: Tyranitar|evasion|1
|-sideend|p2: Turtlez69|Stealth Rock|[from] move: Defog|[of] p2a: Lunala
|move|p1a: Tyranitar|Crunch|p2a: Lunala
|-supereffective|p2a: Lunala
|-damage|p2a: Lunala|63/100
|
|-heal|p1a: Tyranitar|100/100 brn|[from] item: Leftovers
|-damage|p1a: Tyranitar|94/100 brn|[from] brn
|upkeep
|turn|13
|
|move|p2a: Lunala|Hex|p1a: Tyranitar
|-resisted|p1a: Tyranitar
|-damage|p1a: Tyranitar|76/100 brn
|move|p1a: Tyranitar|Stealth Rock|p2a: Lunala
|-sidestart|p2: Turtlez69|move: Stealth Rock
|
|-heal|p1a: Tyranitar|82/100 brn|[from] item: Leftovers
|-damage|p1a: Tyranitar|76/100 brn|[from] brn
|upkeep
|turn|14
|
|switch|p1a: Eternatus|Eternatus|100/100
|-ability|p1a: Eternatus|Pressure
|move|p2a: Lunala|Roost|p2a: Lunala
|-heal|p2a: Lunala|100/100
|-singleturn|p2a: Lunala|move: Roost
|
|upkeep
|turn|15
|
|switch|p1a: Tyranitar|Tyranitar, M|76/100 brn
|-weather|Sandstorm|[from] ability: Sand Stream|[of] p1a: Tyranitar
|move|p2a: Lunala|Defog|p1a: Tyranitar
|-unboost|p1a: Tyranitar|evasion|1
|-sideend|p2: Turtlez69|Stealth Rock|[from] move: Defog|[of] p2a: Lunala
|
|-weather|Sandstorm|[upkeep]
|-damage|p2a: Lunala|94/100|[from] Sandstorm
|-heal|p1a: Tyranitar|82/100 brn|[from] item: Leftovers
|-damage|p1a: Tyranitar|76/100 brn|[from] brn
|upkeep
|turn|16
|
|move|p2a: Lunala|Hex|p1a: Tyranitar
|-resisted|p1a: Tyranitar
|-damage|p1a: Tyranitar|65/100 brn
|move|p1a: Tyranitar|Stealth Rock|p2a: Lunala
|-sidestart|p2: Turtlez69|move: Stealth Rock
|
|-weather|Sandstorm|[upkeep]
|-damage|p2a: Lunala|88/100|[from] Sandstorm
|-heal|p1a: Tyranitar|71/100 brn|[from] item: Leftovers
|-damage|p1a: Tyranitar|65/100 brn|[from] brn
|upkeep
|turn|17
|
|move|p2a: Lunala|Defog|p1a: Tyranitar
|-unboost|p1a: Tyranitar|evasion|1
|-sideend|p2: Turtlez69|Stealth Rock|[from] move: Defog|[of] p2a: Lunala
|move|p1a: Tyranitar|Crunch|p2a: Lunala
|-supereffective|p2a: Lunala
|-damage|p2a: Lunala|48/100
|
|-weather|Sandstorm|[upkeep]
|-damage|p2a: Lunala|42/100|[from] Sandstorm
|-heal|p1a: Tyranitar|71/100 brn|[from] item: Leftovers
|-damage|p1a: Tyranitar|65/100 brn|[from] brn
|upkeep
|turn|18
|
|move|p2a: Lunala|Roost|p2a: Lunala
|-heal|p2a: Lunala|92/100
|-singleturn|p2a: Lunala|move: Roost
|move|p1a: Tyranitar|Crunch|p2a: Lunala
|-supereffective|p2a: Lunala
|-damage|p2a: Lunala|55/100
|
|-weather|Sandstorm|[upkeep]
|-damage|p2a: Lunala|49/100|[from] Sandstorm
|-heal|p1a: Tyranitar|71/100 brn|[from] item: Leftovers
|-damage|p1a: Tyranitar|65/100 brn|[from] brn
|upkeep
|turn|19
|
|move|p2a: Lunala|Roost|p2a: Lunala
|-heal|p2a: Lunala|99/100
|-singleturn|p2a: Lunala|move: Roost
|move|p1a: Tyranitar|Stealth Rock|p2a: Lunala
|-sidestart|p2: Turtlez69|move: Stealth Rock
|
|-weather|none
|-heal|p1a: Tyranitar|71/100 brn|[from] item: Leftovers
|-damage|p1a: Tyranitar|65/100 brn|[from] brn
|upkeep
|turn|20
|
|switch|p1a: Eternatus|Eternatus|100/100
|-ability|p1a: Eternatus|Pressure
|move|p2a: Lunala|Defog|p1a: Eternatus
|-unboost|p1a: Eternatus|evasion|1
|-sideend|p2: Turtlez69|Stealth Rock|[from] move: Defog|[of] p2a: Lunala
|
|upkeep
|turn|21
|
|switch|p1a: Tyranitar|Tyranitar, M|65/100 brn
|-weather|Sandstorm|[from] ability: Sand Stream|[of] p1a: Tyranitar
|move|p2a: Lunala|Will-O-Wisp|p1a: Tyranitar
|-fail|p1a: Tyranitar|brn
|
|-weather|Sandstorm|[upkeep]
|-damage|p2a: Lunala|93/100|[from] Sandstorm
|-heal|p1a: Tyranitar|71/100 brn|[from] item: Leftovers
|-damage|p1a: Tyranitar|65/100 brn|[from] brn
|upkeep
|turn|22
|
|move|p2a: Lunala|Hex|p1a: Tyranitar
|-resisted|p1a: Tyranitar
|-damage|p1a: Tyranitar|52/100 brn
|move|p1a: Tyranitar|Stealth Rock|p2a: Lunala
|-sidestart|p2: Turtlez69|move: Stealth Rock
|
|-weather|Sandstorm|[upkeep]
|-damage|p2a: Lunala|87/100|[from] Sandstorm
|-heal|p1a: Tyranitar|58/100 brn|[from] item: Leftovers
|-damage|p1a: Tyranitar|52/100 brn|[from] brn
|upkeep
|turn|23
|
|move|p2a: Lunala|Defog|p1a: Tyranitar
|-unboost|p1a: Tyranitar|evasion|1
|-sideend|p2: Turtlez69|Stealth Rock|[from] move: Defog|[of] p2a: Lunala
|move|p1a: Tyranitar|Rest|p1a: Tyranitar
|-status|p1a: Tyranitar|slp|[from] move: Rest
|-heal|p1a: Tyranitar|100/100 slp|[silent]
|
|-weather|Sandstorm|[upkeep]
|-damage|p2a: Lunala|81/100|[from] Sandstorm
|upkeep
|turn|24
|
|switch|p2a: Necrozma|Necrozma-Dusk-Mane|100/100
|cant|p1a: Tyranitar|slp
|
|-weather|Sandstorm|[upkeep]
|upkeep
|turn|25
|
|switch|p1a: Ferrothorn|Ferrothorn, M|94/100 brn
|move|p2a: Necrozma|Dragon Dance|p2a: Necrozma
|-boost|p2a: Necrozma|atk|1
|-boost|p2a: Necrozma|spe|1
|
|-weather|none
|-heal|p1a: Ferrothorn|100/100 brn|[from] item: Leftovers
|-damage|p1a: Ferrothorn|94/100 brn|[from] brn
|upkeep
|turn|26
|
|move|p2a: Necrozma|Dragon Dance|p2a: Necrozma
|-boost|p2a: Necrozma|atk|1
|-boost|p2a: Necrozma|spe|1
|move|p1a: Ferrothorn|Thunder Wave|p2a: Necrozma
|-status|p2a: Necrozma|par
|
|-heal|p1a: Ferrothorn|100/100 brn|[from] item: Leftovers
|-damage|p1a: Ferrothorn|94/100 brn|[from] brn
|upkeep
|turn|27
|
|cant|p2a: Necrozma|par
|move|p1a: Ferrothorn|Leech Seed|p2a: Necrozma
|-start|p2a: Necrozma|move: Leech Seed
|
|-heal|p1a: Ferrothorn|100/100 brn|[from] item: Leftovers
|-damage|p2a: Necrozma|88/100 par|[from] Leech Seed|[of] p1a: Ferrothorn
|-damage|p1a: Ferrothorn|94/100 brn|[from] brn
|upkeep
|turn|28
|
|switch|p1a: Lunala|Lunala|100/100
|move|p2a: Necrozma|Dragon Dance|p2a: Necrozma
|-boost|p2a: Necrozma|atk|1
|-boost|p2a: Necrozma|spe|1
|
|-damage|p2a: Necrozma|76/100 par|[from] Leech Seed|[of] p1a: Lunala
|upkeep
|turn|29
|
|-start|p2a: Necrozma|Dynamax
|-heal|p2a: Necrozma|76/100 par|[silent]
|move|p2a: Necrozma|Max Steelspike|p1a: Lunala
|-damage|p1a: Lunala|23/100
|-boost|p2a: Necrozma|def|1
|move|p1a: Lunala|Hex|p2a: Necrozma
|-supereffective|p2a: Necrozma
|-damage|p2a: Necrozma|36/100 par
|-enditem|p2a: Necrozma|Weakness Policy
|-boost|p2a: Necrozma|atk|2|[from] item: Weakness Policy
|-boost|p2a: Necrozma|spa|2|[from] item: Weakness Policy
|
|-damage|p2a: Necrozma|29/100 par|[from] Leech Seed|[of] p1a: Lunala
|-heal|p1a: Lunala|31/100|[silent]
|upkeep
|turn|30
|
|switch|p1a: Ferrothorn|Ferrothorn, M|94/100 brn
|cant|p2a: Necrozma|par
|
|-heal|p1a: Ferrothorn|100/100 brn|[from] item: Leftovers
|-damage|p2a: Necrozma|23/100 par|[from] Leech Seed|[of] p1a: Ferrothorn
|-damage|p1a: Ferrothorn|94/100 brn|[from] brn
|upkeep
|turn|31
|
|switch|p1a: Corviknight|Corviknight, F|100/100
|-ability|p1a: Corviknight|Pressure
|cant|p2a: Necrozma|par
|
|-damage|p2a: Necrozma|17/100 par|[from] Leech Seed|[of] p1a: Corviknight
|-end|p2a: Necrozma|Dynamax
|-heal|p2a: Necrozma|17/100 par|[silent]
|upkeep
|turn|32
|
|switch|p1a: Ferrothorn|Ferrothorn, M|94/100 brn
|cant|p2a: Necrozma|par
|
|-heal|p1a: Ferrothorn|100/100 brn|[from] item: Leftovers
|-damage|p2a: Necrozma|5/100 par|[from] Leech Seed|[of] p1a: Ferrothorn
|-damage|p1a: Ferrothorn|94/100 brn|[from] brn
|upkeep
|turn|33
|
|cant|p2a: Necrozma|par
|move|p1a: Ferrothorn|Spikes|p2a: Necrozma
|-sidestart|p2: Turtlez69|Spikes
|
|-heal|p1a: Ferrothorn|100/100 brn|[from] item: Leftovers
|-damage|p2a: Necrozma|0 fnt|[from] Leech Seed|[of] p1a: Ferrothorn
|faint|p2a: Necrozma
|-damage|p1a: Ferrothorn|94/100 brn|[from] brn
|upkeep
|
|switch|p2a: Ribombee|Ribombee, M|100/100
|-damage|p2a: Ribombee|88/100|[from] Spikes
|turn|34
|
|move|p2a: Ribombee|Sticky Web|p1a: Ferrothorn
|-sidestart|p1: i like bat soup|move: Sticky Web
|move|p1a: Ferrothorn|Thunder Wave|p2a: Ribombee
|-status|p2a: Ribombee|par
|
|-heal|p1a: Ferrothorn|100/100 brn|[from] item: Leftovers
|-damage|p1a: Ferrothorn|94/100 brn|[from] brn
|upkeep
|turn|35
|c|☆Turtlez69|Fuckin hell
|c|☆Turtlez69|parra needs to go
|
|move|p2a: Ribombee|Baton Pass|p2a: Ribombee
|
|switch|p2a: Lunala|Lunala|81/100|[from]move: Baton Pass
|-damage|p2a: Lunala|68/100|[from] Spikes
|move|p1a: Ferrothorn|Spikes|p2a: Lunala
|-sidestart|p2: Turtlez69|Spikes
|
|-heal|p1a: Ferrothorn|100/100 brn|[from] item: Leftovers
|-damage|p1a: Ferrothorn|94/100 brn|[from] brn
|upkeep
|turn|36
|
|move|p2a: Lunala|Hex|p1a: Ferrothorn
|-damage|p1a: Ferrothorn|41/100 brn
|move|p1a: Ferrothorn|Thunder Wave|p2a: Lunala
|-status|p2a: Lunala|par
|
|-heal|p1a: Ferrothorn|48/100 brn|[from] item: Leftovers
|-damage|p1a: Ferrothorn|41/100 brn|[from] brn
|upkeep
|turn|37
|
|switch|p1a: Tyranitar|Tyranitar, M|100/100 slp
|-activate|p1a: Tyranitar|move: Sticky Web
|-unboost|p1a: Tyranitar|spe|1
|-weather|Sandstorm|[from] ability: Sand Stream|[of] p1a: Tyranitar
|move|p2a: Lunala|Hex|p1a: Tyranitar
|-resisted|p1a: Tyranitar
|-damage|p1a: Tyranitar|89/100 slp
|
|-weather|Sandstorm|[upkeep]
|-damage|p2a: Lunala|62/100 par|[from] Sandstorm
|-heal|p1a: Tyranitar|95/100 slp|[from] item: Leftovers
|upkeep
|turn|38
|
|move|p2a: Lunala|Defog|p1a: Tyranitar
|-unboost|p1a: Tyranitar|evasion|1
|-sideend|p1: i like bat soup|Sticky Web|[from] move: Defog|[of] p2a: Lunala
|-sideend|p2: Turtlez69|Spikes|[from] move: Defog|[of] p2a: Lunala
|cant|p1a: Tyranitar|slp
|
|-weather|Sandstorm|[upkeep]
|-damage|p2a: Lunala|56/100 par|[from] Sandstorm
|-heal|p1a: Tyranitar|100/100 slp|[from] item: Leftovers
|upkeep
|turn|39
|
|switch|p2a: Tyranitar|Tyranitar, M|100/100
|-curestatus|p1a: Tyranitar|slp|[msg]
|move|p1a: Tyranitar|Stealth Rock|p2a: Tyranitar
|-sidestart|p2: Turtlez69|move: Stealth Rock
|
|-weather|Sandstorm|[upkeep]
|upkeep
|turn|40
|
|switch|p1a: Corviknight|Corviknight, F|100/100
|-ability|p1a: Corviknight|Pressure
|move|p2a: Tyranitar|Earthquake|p1a: Corviknight
|-immune|p1a: Corviknight
|
|-weather|Sandstorm|[upkeep]
|upkeep
|turn|41
|
|switch|p2a: Ditto|Ditto|100/100
|-damage|p2a: Ditto|88/100|[from] Stealth Rock
|-transform|p2a: Ditto|p1a: Corviknight|[from] ability: Imposter
|-ability|p2a: Ditto|Pressure
|move|p1a: Corviknight|U-turn|p2a: Ditto
|-resisted|p2a: Ditto
|-damage|p2a: Ditto|85/100
|
|switch|p1a: Eternatus|Eternatus|100/100|[from]move: U-turn
|-ability|p1a: Eternatus|Pressure
|
|-weather|none
|upkeep
|turn|42
|
|switch|p2a: Tyranitar|Tyranitar, M|100/100
|-damage|p2a: Tyranitar|88/100|[from] Stealth Rock
|-weather|Sandstorm|[from] ability: Sand Stream|[of] p2a: Tyranitar
|move|p1a: Eternatus|Toxic Spikes|p2a: Tyranitar
|-sidestart|p2: Turtlez69|move: Toxic Spikes
|
|-weather|Sandstorm|[upkeep]
|-damage|p1a: Eternatus|94/100|[from] Sandstorm
|-heal|p1a: Eternatus|100/100|[from] item: Black Sludge
|upkeep
|turn|43
|
|switch|p1a: Corviknight|Corviknight, F|100/100
|-ability|p1a: Corviknight|Pressure
|move|p2a: Tyranitar|Crunch|p1a: Corviknight
|-damage|p1a: Corviknight|57/100
|
|-weather|Sandstorm|[upkeep]
|-heal|p1a: Corviknight|63/100|[from] item: Leftovers
|upkeep
|turn|44
|
|move|p1a: Corviknight|Roost|p1a: Corviknight
|-heal|p1a: Corviknight|100/100
|-singleturn|p1a: Corviknight|move: Roost
|move|p2a: Tyranitar|Crunch|p1a: Corviknight
|-damage|p1a: Corviknight|58/100
|
|-weather|Sandstorm|[upkeep]
|-heal|p1a: Corviknight|64/100|[from] item: Leftovers
|upkeep
|turn|45
|
|move|p1a: Corviknight|Roost|p1a: Corviknight
|-heal|p1a: Corviknight|100/100
|-singleturn|p1a: Corviknight|move: Roost
|move|p2a: Tyranitar|Crunch|p1a: Corviknight
|-damage|p1a: Corviknight|57/100
|
|-weather|Sandstorm|[upkeep]
|-heal|p1a: Corviknight|63/100|[from] item: Leftovers
|upkeep
|turn|46
|
|move|p1a: Corviknight|Roost|p1a: Corviknight
|-heal|p1a: Corviknight|100/100
|-singleturn|p1a: Corviknight|move: Roost
|move|p2a: Tyranitar|Crunch|p1a: Corviknight
|-damage|p1a: Corviknight|61/100
|
|-weather|none
|-heal|p1a: Corviknight|67/100|[from] item: Leftovers
|upkeep
|turn|47
|
|move|p1a: Corviknight|Roost|p1a: Corviknight
|-heal|p1a: Corviknight|100/100
|-singleturn|p1a: Corviknight|move: Roost
|move|p2a: Tyranitar|Crunch|p1a: Corviknight
|-damage|p1a: Corviknight|57/100
|
|-heal|p1a: Corviknight|63/100|[from] item: Leftovers
|upkeep
|turn|48
|
|move|p1a: Corviknight|Roost|p1a: Corviknight
|-heal|p1a: Corviknight|100/100
|-singleturn|p1a: Corviknight|move: Roost
|move|p2a: Tyranitar|Crunch|p1a: Corviknight
|-damage|p1a: Corviknight|58/100
|-unboost|p1a: Corviknight|def|1
|
|-heal|p1a: Corviknight|64/100|[from] item: Leftovers
|upkeep
|turn|49
|
|move|p1a: Corviknight|U-turn|p2a: Tyranitar
|-supereffective|p2a: Tyranitar
|-damage|p2a: Tyranitar|64/100
|
|switch|p1a: Tyranitar|Tyranitar, M|100/100|[from]move: U-turn
|-weather|Sandstorm|[from] ability: Sand Stream|[of] p1a: Tyranitar
|move|p2a: Tyranitar|Crunch|p1a: Tyranitar
|-resisted|p1a: Tyranitar
|-damage|p1a: Tyranitar|72/100
|
|-weather|Sandstorm|[upkeep]
|-heal|p1a: Tyranitar|78/100|[from] item: Leftovers
|upkeep
|turn|50
|inactive|Turtlez69 has 120 seconds left.
|c|☆Turtlez69|Nice luck getting 5 straight parras while switching like a yard
|c|☆Turtlez69|tard
|c|☆i like bat soup|lol
|
|switch|p1a: Corviknight|Corviknight, F|64/100
|-ability|p1a: Corviknight|Pressure
|move|p2a: Tyranitar|Crunch|p1a: Corviknight
|-damage|p1a: Corviknight|25/100
|
|-weather|Sandstorm|[upkeep]
|-heal|p1a: Corviknight|32/100|[from] item: Leftovers
|upkeep
|turn|51
|c|☆i like bat soup|you kept defogging like one
|
|switch|p2a: Lunala|Lunala|56/100 par
|-damage|p2a: Lunala|44/100 par|[from] Stealth Rock
|move|p1a: Corviknight|Roost|p1a: Corviknight
|-heal|p1a: Corviknight|82/100
|-singleturn|p1a: Corviknight|move: Roost
|
|-weather|Sandstorm|[upkeep]
|-damage|p2a: Lunala|38/100 par|[from] Sandstorm
|-heal|p1a: Corviknight|88/100|[from] item: Leftovers
|upkeep
|turn|52
|
|move|p1a: Corviknight|Brave Bird|p2a: Lunala
|-damage|p2a: Lunala|19/100 par
|-damage|p1a: Corviknight|80/100|[from] Recoil
|move|p2a: Lunala|Defog|p1a: Corviknight
|-unboost|p1a: Corviknight|evasion|1
|-sideend|p2: Turtlez69|Toxic Spikes|[from] move: Defog|[of] p2a: Lunala
|-sideend|p2: Turtlez69|Stealth Rock|[from] move: Defog|[of] p2a: Lunala
|
|-weather|Sandstorm|[upkeep]
|-damage|p2a: Lunala|13/100 par|[from] Sandstorm
|-heal|p1a: Corviknight|87/100|[from] item: Leftovers
|upkeep
|turn|53
|inactive|Turtlez69 has 120 seconds left.
|
|move|p1a: Corviknight|Brave Bird|p2a: Lunala
|-damage|p2a: Lunala|0 fnt
|-damage|p1a: Corviknight|82/100|[from] Recoil
|faint|p2a: Lunala
|
|-weather|none
|-heal|p1a: Corviknight|88/100|[from] item: Leftovers
|upkeep
|
|switch|p2a: Mewtwo|Mewtwo|100/100
|-ability|p2a: Mewtwo|Pressure
|turn|54
|
|switch|p1a: Ferrothorn|Ferrothorn, M|41/100 brn
|move|p2a: Mewtwo|Nasty Plot|p2a: Mewtwo
|-boost|p2a: Mewtwo|spa|2
|
|-heal|p1a: Ferrothorn|48/100 brn|[from] item: Leftovers
|-damage|p1a: Ferrothorn|41/100 brn|[from] brn
|upkeep
|turn|55
|
|move|p2a: Mewtwo|Fire Blast|p1a: Ferrothorn
|-supereffective|p1a: Ferrothorn
|-damage|p1a: Ferrothorn|0 fnt
|faint|p1a: Ferrothorn
|
|upkeep
|
|switch|p1a: Tyranitar|Tyranitar, M|78/100
|-weather|Sandstorm|[from] ability: Sand Stream|[of] p1a: Tyranitar
|turn|56
|
|switch|p2a: Tyranitar|Tyranitar, M|64/100
|-start|p1a: Tyranitar|Dynamax
|-heal|p1a: Tyranitar|78/100|[silent]
|move|p1a: Tyranitar|Max Darkness|p2a: Tyranitar
|-resisted|p2a: Tyranitar
|-damage|p2a: Tyranitar|42/100
|-unboost|p2a: Tyranitar|spd|1
|
|-weather|Sandstorm|[upkeep]
|-heal|p1a: Tyranitar|82/100|[from] item: Leftovers
|upkeep
|turn|57
|
|switch|p2a: Ribombee|Ribombee, M|88/100 par
|move|p1a: Tyranitar|Max Guard||[still]
|-fail|p1a: Tyranitar
|
|-weather|Sandstorm|[upkeep]
|-damage|p2a: Ribombee|82/100 par|[from] Sandstorm
|-heal|p1a: Tyranitar|85/100|[from] item: Leftovers
|upkeep
|turn|58
|inactive|Turtlez69 has 120 seconds left.
|
|-end|p1a: Tyranitar|Dynamax
|-heal|p1a: Tyranitar|85/100|[silent]
|switch|p1a: Eternatus|Eternatus|100/100
|-ability|p1a: Eternatus|Pressure
|move|p2a: Ribombee|Moonblast|p1a: Eternatus
|-damage|p1a: Eternatus|73/100
|
|-weather|Sandstorm|[upkeep]
|-damage|p1a: Eternatus|67/100|[from] Sandstorm
|-damage|p2a: Ribombee|76/100 par|[from] Sandstorm
|-heal|p1a: Eternatus|73/100|[from] item: Black Sludge
|upkeep
|turn|59
|
|switch|p2a: Tyranitar|Tyranitar, M|42/100
|move|p1a: Eternatus|Toxic Spikes|p2a: Tyranitar
|-sidestart|p2: Turtlez69|move: Toxic Spikes
|
|-weather|Sandstorm|[upkeep]
|-damage|p1a: Eternatus|67/100|[from] Sandstorm
|-heal|p1a: Eternatus|73/100|[from] item: Black Sludge
|upkeep
|turn|60
|
|switch|p1a: Corviknight|Corviknight, F|88/100
|-ability|p1a: Corviknight|Pressure
|move|p2a: Tyranitar|Stone Edge|p1a: Corviknight
|-damage|p1a: Corviknight|40/100
|
|-weather|none
|-heal|p1a: Corviknight|46/100|[from] item: Leftovers
|upkeep
|turn|61
|
|switch|p2a: Mewtwo|Mewtwo|100/100
|-status|p2a: Mewtwo|psn
|-ability|p2a: Mewtwo|Pressure
|move|p1a: Corviknight|Roost|p1a: Corviknight
|-heal|p1a: Corviknight|96/100
|-singleturn|p1a: Corviknight|move: Roost
|
|-heal|p1a: Corviknight|100/100|[from] item: Leftovers
|-damage|p2a: Mewtwo|88/100 psn|[from] psn
|upkeep
|turn|62
|
|move|p2a: Mewtwo|Nasty Plot|p2a: Mewtwo
|-boost|p2a: Mewtwo|spa|2
|move|p1a: Corviknight|Brave Bird|p2a: Mewtwo
|-damage|p2a: Mewtwo|51/100 psn
|-damage|p1a: Corviknight|90/100|[from] Recoil
|
|-heal|p1a: Corviknight|96/100|[from] item: Leftovers
|-damage|p2a: Mewtwo|39/100 psn|[from] psn
|upkeep
|turn|63
|
|switch|p1a: Tyranitar|Tyranitar, M|85/100
|-weather|Sandstorm|[from] ability: Sand Stream|[of] p1a: Tyranitar
|move|p2a: Mewtwo|Fire Blast|p1a: Tyranitar
|-resisted|p1a: Tyranitar
|-damage|p1a: Tyranitar|68/100
|
|-weather|Sandstorm|[upkeep]
|-damage|p2a: Mewtwo|33/100 psn|[from] Sandstorm
|-heal|p1a: Tyranitar|75/100|[from] item: Leftovers
|-damage|p2a: Mewtwo|20/100 psn|[from] psn
|upkeep
|turn|64
|c|☆Turtlez69|Again.
|c|☆Turtlez69|Staying in was a choke
|c|☆i like bat soup|where
|c|☆Turtlez69|fucking noobs are the hardest to play again
|c|☆i like bat soup|LOL
|c|☆Turtlez69|right then noob
|inactive|Turtlez69 has 120 seconds left.
|c|☆i like bat soup|which turn number
|inactive|i like bat soup has 120 seconds left.
|c|☆Turtlez69|62 noob
|c|☆Turtlez69|Why sack corv
|c|☆i like bat soup|it was pretty obv you were np
|c|☆Turtlez69|for zero reason
|c|☆i like bat soup|i dont need cov
|c|☆i like bat soup|corv
|c|☆Turtlez69|when tar walls
|inactive|i like bat soup has 90 seconds left.
|c|☆i like bat soup|thats why lol
|
|move|p2a: Mewtwo|Fire Blast|p1a: Tyranitar
|-resisted|p1a: Tyranitar
|-damage|p1a: Tyranitar|58/100
|move|p1a: Tyranitar|Earthquake|p2a: Mewtwo
|-damage|p2a: Mewtwo|0 fnt
|faint|p2a: Mewtwo
|
|-weather|Sandstorm|[upkeep]
|-heal|p1a: Tyranitar|64/100|[from] item: Leftovers
|upkeep
|inactive|Turtlez69 has 120 seconds left.
|
|switch|p2a: Ribombee|Ribombee, M|76/100 par
|turn|65
|
|switch|p1a: Eternatus|Eternatus|73/100
|-ability|p1a: Eternatus|Pressure
|move|p2a: Ribombee|Sticky Web|p1a: Eternatus
|-sidestart|p1: i like bat soup|move: Sticky Web
|
|-weather|Sandstorm|[upkeep]
|-damage|p1a: Eternatus|67/100|[from] Sandstorm
|-damage|p2a: Ribombee|70/100 par|[from] Sandstorm
|-heal|p1a: Eternatus|73/100|[from] item: Black Sludge
|upkeep
|turn|66
|
|move|p1a: Eternatus|Flamethrower|p2a: Ribombee
|-supereffective|p2a: Ribombee
|-damage|p2a: Ribombee|0 fnt
|faint|p2a: Ribombee
|
|-weather|Sandstorm|[upkeep]
|-damage|p1a: Eternatus|67/100|[from] Sandstorm
|-heal|p1a: Eternatus|73/100|[from] item: Black Sludge
|upkeep
|
|switch|p2a: Ditto|Ditto|85/100
|-status|p2a: Ditto|psn
|-transform|p2a: Ditto|p1a: Eternatus|[from] ability: Imposter
|-ability|p2a: Ditto|Pressure
|turn|67
|inactive|i like bat soup has 120 seconds left.
|c|☆i like bat soup|i dont know what the m2 set is
|c|☆Turtlez69|You have a hard counter
|c|☆Turtlez69|luck isn’t always enough
|c|☆i like bat soup|what if you were aura or focus miss
|inactive|i like bat soup has 90 seconds left.
|c|☆i like bat soup|i had to factor that in
|c|☆Turtlez69|just good you got it this game otherwise you get dropped
|c|☆i like bat soup|so i bb
|c|☆i like bat soup|to get chip
|c|☆i like bat soup|so that the m2 dies next turn
|c|☆Turtlez69|If I was fighting move you lost anyway
|c|☆i like bat soup|nah
|c|☆Turtlez69|I would have set up and won
|c|☆i like bat soup|yo're big mad LOL
|inactive|i like bat soup has 60 seconds left.
|c|☆Turtlez69|whatever noob
|
|switch|p1a: Tyranitar|Tyranitar, M|64/100
|-activate|p1a: Tyranitar|move: Sticky Web
|-unboost|p1a: Tyranitar|spe|1
|move|p2a: Ditto|Dynamax Cannon|p1a: Tyranitar
|-damage|p1a: Tyranitar|39/100
|
|-weather|none
|-heal|p1a: Tyranitar|45/100|[from] item: Leftovers
|-damage|p2a: Ditto|73/100 psn|[from] psn
|upkeep
|turn|68
|c|☆Turtlez69|take the only dub you’ll get today
|j| abhkajsdcb
|inactive|i like bat soup has 60 seconds left.
|c|☆i like bat soup|>only
|c|☆Turtlez69|Yep
|c|☆i like bat soup|you are a sad little man
|c|☆Turtlez69|Eadc
|
|move|p2a: Ditto|Dynamax Cannon|p1a: Tyranitar
|-damage|p1a: Tyranitar|8/100
|move|p1a: Tyranitar|Earthquake|p2a: Ditto
|-supereffective|p2a: Ditto
|-damage|p2a: Ditto|0 fnt
|faint|p2a: Ditto
|
|-heal|p1a: Tyranitar|14/100|[from] item: Leftovers
|upkeep
|
|switch|p2a: Tyranitar|Tyranitar, M|42/100
|-status|p2a: Tyranitar|psn
|-weather|Sandstorm|[from] ability: Sand Stream|[of] p2a: Tyranitar
|turn|69
|
|move|p2a: Tyranitar|Crunch|p1a: Tyranitar
|-resisted|p1a: Tyranitar
|-damage|p1a: Tyranitar|0 fnt
|faint|p1a: Tyranitar
|
|-weather|Sandstorm|[upkeep]
|-damage|p2a: Tyranitar|29/100 psn|[from] psn
|upkeep
|
|switch|p1a: Corviknight|Corviknight, F|96/100
|-ability|p1a: Corviknight|Pressure
|turn|70
|
|move|p1a: Corviknight|U-turn|p2a: Tyranitar
|-supereffective|p2a: Tyranitar
|-damage|p2a: Tyranitar|8/100 psn
|
|switch|p1a: Necrozma|Necrozma-Dusk-Mane|100/100|[from]move: U-turn
|-activate|p1a: Necrozma|move: Sticky Web
|-unboost|p1a: Necrozma|spe|1
|move|p2a: Tyranitar|Crunch|p1a: Necrozma
|-supereffective|p1a: Necrozma
|-damage|p1a: Necrozma|29/100
|
|-weather|Sandstorm|[upkeep]
|-heal|p1a: Necrozma|35/100|[from] item: Leftovers
|-damage|p2a: Tyranitar|0 fnt|[from] psn
|faint|p2a: Tyranitar
|
|win|i like bat soup
|upkeep
|c|☆i like bat soup|band ttar
|c|☆i like bat soup|what a bad mon
|raw|i like bat soup's rating: 1669 &rarr; <strong>1692</strong><br />(+23 for winning)
|raw|Turtlez69's rating: 1727 &rarr; <strong>1704</strong><br />(-23 for losing)
|c|☆Turtlez69|It got to 1725 kid
|c|☆Turtlez69|where are you
|c|☆Turtlez69|lol
|c|☆Turtlez69|Still lower
|c|☆i like bat soup|ladder tard LOL
|c|☆Turtlez69|have fun climbing
|c|☆Turtlez69|noob
|l|☆Turtlez69
|c| abhkajsdcb|bruh
|c| abhkajsdcb|this guy is hilarious
|l| abhkajsdcb
|l|ilikebatsoup
|j|☆i like bat soup
|l|ilikebatsoup
