|j|☆Amelia Doutora
|j|☆Antiotaku Master
|t:|1613306746
|player|p1|Amelia Doutora|pokefanf-gen4|
|player|p2|Antiotaku Master|unknown|
|teamsize|p1|6
|teamsize|p2|6
|gametype|singles
|gen|8
|tier|[Gen 8] Ubers
|rated|Tournament battle
|clearpoke
|poke|p1|Yveltal|
|poke|p1|Ho-Oh|
|poke|p1|Necrozma-Dusk-Mane|
|poke|p1|Marshadow|
|poke|p1|Xerneas|
|poke|p1|Zekrom|
|poke|p2|Ho-Oh|
|poke|p2|Calyrex-Shadow|
|poke|p2|Yveltal|
|poke|p2|Zygarde|
|poke|p2|Kyogre|
|poke|p2|Regieleki|
|rule|Sleep Clause Mod: Limit one foe put to sleep
|rule|Species Clause: Limit one of each Pokémon
|rule|OHKO Clause: OHKO moves are banned
|rule|Evasion Moves Clause: Evasion moves are banned
|rule|Endless Battle Clause: Forcing endless battles is banned
|rule|HP Percentage Mod: HP is shown in percentages
|rule|Dynamax Clause: You cannot dynamax
|teampreview
|j| thanhphamap
|inactive|Battle timer is ON: inactive players will automatically lose when time's up. (requested by Antiotaku Master)
|
|t:|1613306753
|start
|switch|p1a: Zekrom|Zekrom|100/100
|switch|p2a: Regieleki|Regieleki|100/100
|-ability|p1a: Zekrom|Teravolt
|turn|1
|
|t:|1613306760
|move|p2a: Regieleki|Volt Switch|p1a: Zekrom
|-resisted|p1a: Zekrom
|-damage|p1a: Zekrom|82/100
|
|t:|1613306779
|switch|p2a: Kyogre|Kyogre|100/100|[from]move: Volt Switch
|-weather|RainDance|[from] ability: Drizzle|[of] p2a: Kyogre
|move|p1a: Zekrom|Substitute|p1a: Zekrom
|-start|p1a: Zekrom|Substitute
|-damage|p1a: Zekrom|57/100
|
|-weather|RainDance|[upkeep]
|-heal|p1a: Zekrom|63/100|[from] item: Leftovers
|upkeep
|turn|2
|
|t:|1613306785
|move|p2a: Kyogre|Ice Beam|p1a: Zekrom
|-supereffective|p1a: Zekrom
|-end|p1a: Zekrom|Substitute
|move|p1a: Zekrom|Dragon Dance|p1a: Zekrom
|-boost|p1a: Zekrom|atk|1
|-boost|p1a: Zekrom|spe|1
|
|-weather|RainDance|[upkeep]
|-heal|p1a: Zekrom|69/100|[from] item: Leftovers
|upkeep
|turn|3
|
|t:|1613306792
|move|p2a: Kyogre|Ice Beam|p1a: Zekrom
|-supereffective|p1a: Zekrom
|-damage|p1a: Zekrom|0 fnt
|faint|p1a: Zekrom
|
|-weather|RainDance|[upkeep]
|upkeep
|
|t:|1613306799
|switch|p1a: Necrozma|Necrozma-Dusk-Mane|100/100
|turn|4
|
|t:|1613306806
|switch|p2a: Yveltal|Yveltal, shiny|100/100
|-ability|p2a: Yveltal|Dark Aura
|move|p1a: Necrozma|Stealth Rock|p2a: Yveltal
|-sidestart|p2: Antiotaku Master|move: Stealth Rock
|
|-weather|RainDance|[upkeep]
|upkeep
|turn|5
|
|t:|1613306811
|move|p2a: Yveltal|U-turn|p1a: Necrozma
|-damage|p1a: Necrozma|80/100
|
|t:|1613306814
|switch|p2a: Ho-Oh|Ho-Oh, shiny|100/100|[from]move: U-turn
|move|p1a: Necrozma|Thunder Wave|p2a: Ho-Oh
|-status|p2a: Ho-Oh|par
|
|-weather|none
|-heal|p1a: Necrozma|86/100|[from] item: Leftovers
|upkeep
|turn|6
|
|t:|1613306817
|switch|p1a: Xerneas|Xerneas|100/100
|-ability|p1a: Xerneas|Fairy Aura
|move|p2a: Ho-Oh|Defog|p1a: Xerneas
|-unboost|p1a: Xerneas|evasion|1
|-sideend|p2: Antiotaku Master|Stealth Rock|[from] move: Defog|[of] p2a: Ho-Oh
|
|upkeep
|turn|7
|
|t:|1613306820
|move|p1a: Xerneas|Geomancy||[still]
|-prepare|p1a: Xerneas|Geomancy
|-enditem|p1a: Xerneas|Power Herb
|-anim|p1a: Xerneas|Geomancy|p1a: Xerneas
|-boost|p1a: Xerneas|spa|2
|-boost|p1a: Xerneas|spd|2
|-boost|p1a: Xerneas|spe|2
|move|p2a: Ho-Oh|Brave Bird|p1a: Xerneas
|-damage|p1a: Xerneas|65/100
|-damage|p2a: Ho-Oh|89/100 par|[from] Recoil
|
|upkeep
|turn|8
|
|t:|1613306824
|move|p1a: Xerneas|Thunderbolt|p2a: Ho-Oh
|-supereffective|p2a: Ho-Oh
|-damage|p2a: Ho-Oh|9/100 par
|move|p2a: Ho-Oh|Brave Bird|p1a: Xerneas
|-damage|p1a: Xerneas|30/100
|-damage|p2a: Ho-Oh|0 fnt|[from] Recoil
|faint|p2a: Ho-Oh
|
|upkeep
|
|t:|1613306840
|switch|p2a: Yveltal|Yveltal, shiny|100/100
|-ability|p2a: Yveltal|Dark Aura
|turn|9
|
|t:|1613306842
|move|p2a: Yveltal|Sucker Punch|p1a: Xerneas
|-resisted|p1a: Xerneas
|-crit|p1a: Xerneas
|-damage|p1a: Xerneas|0 fnt
|faint|p1a: Xerneas
|
|upkeep
|
|t:|1613306848
|switch|p1a: Yveltal|Yveltal|100/100
|-ability|p1a: Yveltal|Dark Aura
|turn|10
|
|t:|1613306853
|switch|p2a: Zygarde|Zygarde, shiny|100/100
|move|p1a: Yveltal|Knock Off|p2a: Zygarde
|-damage|p2a: Zygarde|23/100
|-enditem|p2a: Zygarde|Leftovers|[from] move: Knock Off|[of] p1a: Yveltal
|
|-activate|p2a: Zygarde|ability: Power Construct
|detailschange|p2a: Zygarde|Zygarde-Complete, shiny
|-heal|p2a: Zygarde|49/100|[silent]
|upkeep
|turn|11
|
|t:|1613306862
|switch|p1a: Ho-Oh|Ho-Oh|100/100
|move|p2a: Zygarde|Glare|p1a: Ho-Oh
|-status|p1a: Ho-Oh|par
|
|upkeep
|turn|12
|
|t:|1613306865
|move|p2a: Zygarde|Substitute|p2a: Zygarde
|-start|p2a: Zygarde|Substitute
|-damage|p2a: Zygarde|25/100
|move|p1a: Ho-Oh|Toxic||[still]
|-fail|p1a: Ho-Oh
|
|upkeep
|turn|13
|
|t:|1613306868
|move|p2a: Zygarde|Coil|p2a: Zygarde
|-boost|p2a: Zygarde|atk|1
|-boost|p2a: Zygarde|def|1
|-boost|p2a: Zygarde|accuracy|1
|cant|p1a: Ho-Oh|par
|
|upkeep
|turn|14
|
|t:|1613306871
|move|p2a: Zygarde|Coil|p2a: Zygarde
|-boost|p2a: Zygarde|atk|1
|-boost|p2a: Zygarde|def|1
|-boost|p2a: Zygarde|accuracy|1
|move|p1a: Ho-Oh|Sacred Fire|p2a: Zygarde
|-resisted|p2a: Zygarde
|-crit|p2a: Zygarde
|-activate|p2a: Zygarde|move: Substitute|[damage]
|
|upkeep
|turn|15
|
|t:|1613306874
|move|p2a: Zygarde|Coil|p2a: Zygarde
|-boost|p2a: Zygarde|atk|1
|-boost|p2a: Zygarde|def|1
|-boost|p2a: Zygarde|accuracy|1
|move|p1a: Ho-Oh|Sacred Fire|p2a: Zygarde
|-resisted|p2a: Zygarde
|-activate|p2a: Zygarde|move: Substitute|[damage]
|
|upkeep
|turn|16
|j| Fogbound Lake
|
|t:|1613306877
|move|p2a: Zygarde|Thousand Arrows|p1a: Ho-Oh
|-damage|p1a: Ho-Oh|36/100 par
|-start|p1a: Ho-Oh|Smack Down
|move|p1a: Ho-Oh|Sacred Fire|p2a: Zygarde
|-resisted|p2a: Zygarde
|-activate|p2a: Zygarde|move: Substitute|[damage]
|
|upkeep
|turn|17
|
|t:|1613306881
|move|p2a: Zygarde|Thousand Arrows|p1a: Ho-Oh
|-supereffective|p1a: Ho-Oh
|-damage|p1a: Ho-Oh|0 fnt
|faint|p1a: Ho-Oh
|
|upkeep
|
|t:|1613306883
|switch|p1a: Marshadow|Marshadow|100/100
|turn|18
|
|t:|1613306887
|switch|p2a: Yveltal|Yveltal, shiny|100/100
|-ability|p2a: Yveltal|Dark Aura
|move|p1a: Marshadow|Spectral Thief|p2a: Yveltal
|-resisted|p2a: Yveltal
|-damage|p2a: Yveltal|74/100
|-damage|p1a: Marshadow|91/100|[from] item: Life Orb
|
|upkeep
|turn|19
|
|t:|1613306893
|switch|p1a: Yveltal|Yveltal|100/100
|-ability|p1a: Yveltal|Dark Aura
|move|p2a: Yveltal|Knock Off|p1a: Yveltal
|-resisted|p1a: Yveltal
|-damage|p1a: Yveltal|58/100
|-enditem|p1a: Yveltal|Choice Band|[from] move: Knock Off|[of] p2a: Yveltal
|
|upkeep
|turn|20
|
|t:|1613306904
|switch|p2a: Kyogre|Kyogre|100/100
|-weather|RainDance|[from] ability: Drizzle|[of] p2a: Kyogre
|move|p1a: Yveltal|U-turn|p2a: Kyogre
|-damage|p2a: Kyogre|73/100
|
|t:|1613306908
|switch|p1a: Necrozma|Necrozma-Dusk-Mane|86/100|[from]move: U-turn
|
|-weather|RainDance|[upkeep]
|-heal|p1a: Necrozma|92/100|[from] item: Leftovers
|upkeep
|turn|21
|
|t:|1613306911
|move|p2a: Kyogre|Origin Pulse|p1a: Necrozma
|-crit|p1a: Necrozma
|-damage|p1a: Necrozma|0 fnt
|faint|p1a: Necrozma
|
|-weather|RainDance|[upkeep]
|upkeep
|
|t:|1613306913
|switch|p1a: Marshadow|Marshadow|91/100
|turn|22
|
|t:|1613306915
|move|p1a: Marshadow|Shadow Sneak|p2a: Kyogre
|-damage|p2a: Kyogre|26/100
|-damage|p1a: Marshadow|81/100|[from] item: Life Orb
|move|p2a: Kyogre|Origin Pulse|p1a: Marshadow
|-damage|p1a: Marshadow|0 fnt
|faint|p1a: Marshadow
|
|-weather|RainDance|[upkeep]
|upkeep
|
|t:|1613306918
|switch|p1a: Yveltal|Yveltal|58/100
|-ability|p1a: Yveltal|Dark Aura
|turn|23
|
|t:|1613306920
|move|p1a: Yveltal|Sucker Punch|p2a: Kyogre
|-damage|p2a: Kyogre|0 fnt
|faint|p2a: Kyogre
|
|-weather|RainDance|[upkeep]
|upkeep
|
|t:|1613306923
|switch|p2a: Regieleki|Regieleki|100/100
|turn|24
|
|t:|1613306927
|move|p1a: Yveltal|Sucker Punch|p2a: Regieleki
|-damage|p2a: Regieleki|0 fnt
|faint|p2a: Regieleki
|
|-weather|none
|upkeep
|
|t:|1613306931
|switch|p2a: Yveltal|Yveltal, shiny|74/100
|-ability|p2a: Yveltal|Dark Aura
|turn|25
|
|t:|1613306936
|move|p2a: Yveltal|Dual Wingbeat|p1a: Yveltal
|-damage|p1a: Yveltal|27/100
|-damage|p1a: Yveltal|0 fnt
|-hitcount|p1a: Yveltal|2
|faint|p1a: Yveltal
|
|win|Antiotaku Master
|n|☆Amelia Doutora|ameliadoutora
|n|☆Antiotaku Master|antiotakumaster
|n| thanhphamap|thanhphamap
|n| Fogbound Lake|fogboundlake
