|j|☆kerrozxl-
|j|☆ox084
|t:|1654195091
|gametype|singles
|player|p1|kerrozxl-|unknownf|1345
|player|p2|ox084|hugh|1604
|teamsize|p1|6
|teamsize|p2|6
|gen|8
|tier|[Gen 8] Ubers
|rated|
|rule|Sleep Clause Mod: Limit one foe put to sleep
|rule|Species Clause: Limit one of each Pokémon
|rule|OHKO Clause: OHKO moves are banned
|rule|Evasion Moves Clause: Evasion moves are banned
|rule|Endless Battle Clause: Forcing endless battles is banned
|rule|HP Percentage Mod: HP is shown in percentages
|rule|Dynamax Clause: You cannot dynamax
|clearpoke
|poke|p1|Yveltal|
|poke|p1|Kyogre|
|poke|p1|Ho-Oh|
|poke|p1|Marshadow|
|poke|p1|Zygarde|
|poke|p1|Necrozma-Dusk-Mane|
|poke|p2|Marshadow|
|poke|p2|Yveltal|
|poke|p2|Necrozma-Dusk-Mane|
|poke|p2|Lugia|
|poke|p2|Groudon|
|poke|p2|Naganadel|
|teampreview
|
|t:|1654195095
|start
|switch|p1a: Yveltal|Yveltal|100/100
|switch|p2a: Naganadel|Naganadel|100/100
|-ability|p1a: Yveltal|Dark Aura
|turn|1
|
|t:|1654195101
|move|p2a: Naganadel|Draco Meteor|p1a: Yveltal
|-damage|p1a: Yveltal|45/100
|-unboost|p2a: Naganadel|spa|2
|-enditem|p2a: Naganadel|Eject Pack
|inactive|Battle timer is ON: inactive players will automatically lose when time's up. (requested by ox084)
|
|t:|1654195104
|switch|p2a: Yveltal|Yveltal, shiny|100/100
|-ability|p2a: Yveltal|Dark Aura
|move|p1a: Yveltal|Dark Pulse|p2a: Yveltal
|-resisted|p2a: Yveltal
|-crit|p2a: Yveltal
|-damage|p2a: Yveltal|54/100
|-damage|p1a: Yveltal|35/100|[from] item: Life Orb
|
|upkeep
|turn|2
|j| TheFunkyAce
|c|☆kerrozxl-|wait
|c|☆ox084|this team is oddly familiar
|c|☆ox084|did you swap out genesect?
|inactive|kerrozxl- has 120 seconds left.
|c|☆kerrozxl-|YES
|c|☆kerrozxl-|WTF
|c|☆ox084|This is my alt
|c|☆kerrozxl-|NO WAY
|c|☆ox084|I'm trying a new team out
|c|☆kerrozxl-|thats crazy
|
|t:|1654195161
|move|p2a: Yveltal|Oblivion Wing|p1a: Yveltal
|-damage|p1a: Yveltal|0 fnt
|-heal|p2a: Yveltal|80/100|[from] drain|[of] p1a: Yveltal
|faint|p1a: Yveltal
|-damage|p2a: Yveltal|70/100|[from] item: Life Orb
|
|upkeep
|
|t:|1654195171
|switch|p1a: Kyogre|Kyogre|100/100
|-weather|RainDance|[from] ability: Drizzle|[of] p1a: Kyogre
|turn|3
|c|☆ox084|thanks for using my team
|c|☆kerrozxl-|Its fun to use
|inactive|kerrozxl- has 90 seconds left.
|c|☆ox084|heh thanks
|
|t:|1654195190
|move|p1a: Kyogre|Ice Beam|p2a: Yveltal
|-supereffective|p2a: Yveltal
|-damage|p2a: Yveltal|12/100
|move|p2a: Yveltal|Dark Pulse|p1a: Kyogre
|-damage|p1a: Kyogre|47/100
|-damage|p2a: Yveltal|3/100|[from] item: Life Orb
|
|-weather|RainDance|[upkeep]
|upkeep
|turn|4
|
|t:|1654195194
|move|p2a: Yveltal|Sucker Punch|p1a: Kyogre
|-damage|p1a: Kyogre|0 fnt
|faint|p1a: Kyogre
|-damage|p2a: Yveltal|0 fnt|[from] item: Life Orb
|faint|p2a: Yveltal
|
|-weather|RainDance|[upkeep]
|upkeep
|
|t:|1654195203
|switch|p2a: Naganadel|Naganadel|100/100
|switch|p1a: Necrozma|Necrozma-Dusk-Mane|100/100
|turn|5
|
|t:|1654195210
|move|p2a: Naganadel|Spikes|p1a: Necrozma
|-sidestart|p1: kerrozxl-|Spikes
|move|p1a: Necrozma|Stealth Rock|p2a: Naganadel
|-sidestart|p2: ox084|move: Stealth Rock
|
|-weather|RainDance|[upkeep]
|upkeep
|turn|6
|
|t:|1654195214
|switch|p2a: Groudon|Groudon|100/100
|-damage|p2a: Groudon|94/100|[from] Stealth Rock
|-weather|SunnyDay|[from] ability: Drought|[of] p2a: Groudon
|move|p1a: Necrozma|Sunsteel Strike|p2a: Groudon
|-damage|p2a: Groudon|61/100
|
|-weather|SunnyDay|[upkeep]
|-heal|p2a: Groudon|67/100|[from] item: Leftovers
|upkeep
|turn|7
|inactive|kerrozxl- has 120 seconds left.
|
|t:|1654195254
|switch|p1a: Ho-Oh|Ho-Oh|100/100
|move|p2a: Groudon|Thunder Wave|p1a: Ho-Oh
|-status|p1a: Ho-Oh|par
|
|-weather|SunnyDay|[upkeep]
|-heal|p2a: Groudon|73/100|[from] item: Leftovers
|upkeep
|turn|8
|
|t:|1654195261
|move|p2a: Groudon|Stone Edge|p1a: Ho-Oh
|-supereffective|p1a: Ho-Oh
|-damage|p1a: Ho-Oh|0 fnt
|faint|p1a: Ho-Oh
|
|-weather|SunnyDay|[upkeep]
|-heal|p2a: Groudon|79/100|[from] item: Leftovers
|upkeep
|
|t:|1654195266
|switch|p1a: Necrozma|Necrozma-Dusk-Mane|100/100
|-damage|p1a: Necrozma|88/100|[from] Spikes
|turn|9
|
|t:|1654195270
|move|p2a: Groudon|Swords Dance|p2a: Groudon
|-boost|p2a: Groudon|atk|2
|move|p1a: Necrozma|Sunsteel Strike|p2a: Groudon
|-damage|p2a: Groudon|48/100
|
|-weather|SunnyDay|[upkeep]
|-heal|p2a: Groudon|54/100|[from] item: Leftovers
|-heal|p1a: Necrozma|94/100|[from] item: Leftovers
|upkeep
|turn|10
|inactive|kerrozxl- has 120 seconds left.
|
|t:|1654195308
|move|p2a: Groudon|Earthquake|p1a: Necrozma
|-supereffective|p1a: Necrozma
|-damage|p1a: Necrozma|0 fnt
|faint|p1a: Necrozma
|
|-weather|none
|-heal|p2a: Groudon|60/100|[from] item: Leftovers
|upkeep
|
|t:|1654195312
|switch|p1a: Marshadow|Marshadow|100/100
|-damage|p1a: Marshadow|88/100|[from] Spikes
|turn|11
|
|t:|1654195318
|switch|p2a: Lugia|Lugia|100/100
|-damage|p2a: Lugia|75/100|[from] Stealth Rock
|move|p1a: Marshadow|Spectral Thief|p2a: Lugia
|-supereffective|p2a: Lugia
|-damage|p2a: Lugia|16/100
|
|-heal|p2a: Lugia|23/100|[from] item: Leftovers
|upkeep
|turn|12
|
|t:|1654195328
|move|p1a: Marshadow|Poltergeist|p2a: Lugia
|-activate|p2a: Lugia|move: Poltergeist|Leftovers
|-supereffective|p2a: Lugia
|-damage|p2a: Lugia|0 fnt
|faint|p2a: Lugia
|
|upkeep
|
|t:|1654195337
|switch|p2a: Groudon|Groudon|60/100
|-damage|p2a: Groudon|54/100|[from] Stealth Rock
|-weather|SunnyDay|[from] ability: Drought|[of] p2a: Groudon
|turn|13
|inactive|kerrozxl- has 120 seconds left.
|
|t:|1654195343
|move|p1a: Marshadow|Poltergeist|p2a: Groudon
|-activate|p2a: Groudon|move: Poltergeist|Leftovers
|-damage|p2a: Groudon|18/100
|move|p2a: Groudon|Earthquake|p1a: Marshadow
|-damage|p1a: Marshadow|13/100
|
|-weather|SunnyDay|[upkeep]
|-heal|p2a: Groudon|24/100|[from] item: Leftovers
|upkeep
|turn|14
|inactive|kerrozxl- has 120 seconds left.
|
|t:|1654195355
|move|p1a: Marshadow|Spectral Thief|p2a: Groudon
|-damage|p2a: Groudon|0 fnt
|faint|p2a: Groudon
|
|-weather|SunnyDay|[upkeep]
|upkeep
|
|t:|1654195358
|switch|p2a: Marshadow|Marshadow|100/100
|-damage|p2a: Marshadow|94/100|[from] Stealth Rock
|turn|15
|
|t:|1654195365
|move|p2a: Marshadow|Shadow Sneak|p1a: Marshadow
|-supereffective|p1a: Marshadow
|-damage|p1a: Marshadow|0 fnt
|faint|p1a: Marshadow
|-damage|p2a: Marshadow|84/100|[from] item: Life Orb
|
|-weather|SunnyDay|[upkeep]
|upkeep
|
|t:|1654195366
|switch|p1a: Zygarde|Zygarde|100/100
|-damage|p1a: Zygarde|88/100|[from] Spikes
|turn|16
|
|t:|1654195368
|move|p2a: Marshadow|Bulk Up|p2a: Marshadow
|-boost|p2a: Marshadow|atk|1
|-boost|p2a: Marshadow|def|1
|move|p1a: Zygarde|Glare|p2a: Marshadow
|-status|p2a: Marshadow|par
|
|-weather|SunnyDay|[upkeep]
|-heal|p1a: Zygarde|94/100|[from] item: Leftovers
|upkeep
|turn|17
|
|t:|1654195371
|move|p1a: Zygarde|Substitute|p1a: Zygarde
|-start|p1a: Zygarde|Substitute
|-damage|p1a: Zygarde|69/100
|cant|p2a: Marshadow|par
|
|-weather|none
|-heal|p1a: Zygarde|75/100|[from] item: Leftovers
|upkeep
|turn|18
|
|t:|1654195374
|move|p1a: Zygarde|Dragon Dance|p1a: Zygarde
|-boost|p1a: Zygarde|atk|1
|-boost|p1a: Zygarde|spe|1
|move|p2a: Marshadow|Bulk Up|p2a: Marshadow
|-boost|p2a: Marshadow|atk|1
|-boost|p2a: Marshadow|def|1
|
|-heal|p1a: Zygarde|81/100|[from] item: Leftovers
|upkeep
|turn|19
|
|t:|1654195376
|move|p1a: Zygarde|Thousand Arrows|p2a: Marshadow
|-damage|p2a: Marshadow|48/100 par
|move|p2a: Marshadow|Spectral Thief||[still]
|-clearpositiveboost|p1a: Zygarde|p2a: Marshadow|move: Spectral Thief
|-boost|p2a: Marshadow|atk|1
|-boost|p2a: Marshadow|spe|1
|-anim|p2a: Marshadow|Spectral Thief|p1a: Zygarde
|-damage|p1a: Zygarde|0 fnt
|faint|p1a: Zygarde
|-damage|p2a: Marshadow|38/100 par|[from] item: Life Orb
|
|win|ox084
|raw|kerrozxl-'s rating: 1345 &rarr; <strong>1338</strong><br />(-7 for losing)
|raw|ox084's rating: 1604 &rarr; <strong>1611</strong><br />(+7 for winning)
|c|☆kerrozxl-|ggs!!
|c|☆ox084|gg
|l|☆ox084
|l|☆kerrozxl-
|l| TheFunkyAce
||Ladder isn't responding, score probably updated but might not have (Request timeout).
|j|☆ox084
|player|p2|ox084|hugh
