|j|☆Zenadark
|j|☆paolode99神秘
|t:|1661530696
|gametype|singles
|player|p1|Zenadark|cyrus-masters|
|player|p2|paolode99神秘|lance-masters|
|teamsize|p1|6
|teamsize|p2|6
|gen|8
|tier|[Gen 8] Ubers
|rule|Sleep Clause Mod: Limit one foe put to sleep
|rule|Species Clause: Limit one of each Pokémon
|rule|OHKO Clause: OHKO moves are banned
|rule|Evasion Items Clause: Evasion items are banned
|rule|Evasion Moves Clause: Evasion moves are banned
|rule|Endless Battle Clause: Forcing endless battles is banned
|rule|HP Percentage Mod: HP is shown in percentages
|rule|Dynamax Clause: You cannot dynamax
|clearpoke
|poke|p1|Rayquaza|
|poke|p1|Necrozma-Dusk-Mane|
|poke|p1|Yveltal|
|poke|p1|Ferrothorn, M|
|poke|p1|Calyrex-Shadow|
|poke|p1|Xerneas-*|
|poke|p2|Marshadow|
|poke|p2|Xerneas-*|
|poke|p2|Ferrothorn, M|
|poke|p2|Yveltal|
|poke|p2|Necrozma-Dusk-Mane|
|poke|p2|Kyogre|
|teampreview
|inactive|Battle timer is ON: inactive players will automatically lose when time's up. (requested by paolode99神秘)
|c|☆Zenadark|hf bro
|c|☆paolode99神秘|hf
|inactive|paolode99神秘 has 270 seconds left.
|
|t:|1661530745
|start
|switch|p1a: Calyrex|Calyrex-Shadow|100/100
|switch|p2a: Marshadow|Marshadow|100/100
|-ability|p1a: Calyrex|As One
|-ability|p1a: Calyrex|Unnerve
|turn|1
|
|t:|1661530770
|switch|p1a: Ferrothorn|Ferrothorn, M, shiny|100/100
|switch|p2a: Yveltal|Yveltal|100/100
|-ability|p2a: Yveltal|Dark Aura
|
|upkeep
|turn|2
|
|t:|1661530775
|move|p2a: Yveltal|Knock Off|p1a: Ferrothorn
|-damage|p1a: Ferrothorn|56/100
|-damage|p2a: Yveltal|88/100|[from] ability: Iron Barbs|[of] p1a: Ferrothorn
|-enditem|p1a: Ferrothorn|Leftovers|[from] move: Knock Off|[of] p2a: Yveltal
|move|p1a: Ferrothorn|Knock Off|p2a: Yveltal
|-resisted|p2a: Yveltal
|-damage|p2a: Yveltal|77/100
|-enditem|p2a: Yveltal|Heavy-Duty Boots|[from] move: Knock Off|[of] p1a: Ferrothorn
|
|upkeep
|turn|3
|inactive|paolode99神秘 has 270 seconds left.
|
|t:|1661530829
|move|p2a: Yveltal|Foul Play|p1a: Ferrothorn
|-damage|p1a: Ferrothorn|26/100
|-damage|p2a: Yveltal|64/100|[from] ability: Iron Barbs|[of] p1a: Ferrothorn
|move|p1a: Ferrothorn|Leech Seed|p2a: Yveltal
|-start|p2a: Yveltal|move: Leech Seed
|
|-damage|p2a: Yveltal|52/100|[from] Leech Seed|[of] p1a: Ferrothorn
|-heal|p1a: Ferrothorn|42/100|[silent]
|upkeep
|turn|4
|
|t:|1661530842
|switch|p2a: Ferrothorn|Ferrothorn, M|100/100
|move|p1a: Ferrothorn|Spikes|p2a: Ferrothorn
|-sidestart|p2: paolode99神秘|Spikes
|
|upkeep
|turn|5
|
|t:|1661530847
|switch|p2a: Yveltal|Yveltal|52/100
|-ability|p2a: Yveltal|Dark Aura
|move|p1a: Ferrothorn|Knock Off|p2a: Yveltal
|-resisted|p2a: Yveltal
|-damage|p2a: Yveltal|45/100
|
|upkeep
|turn|6
|
|t:|1661530854
|move|p2a: Yveltal|Foul Play|p1a: Ferrothorn
|-damage|p1a: Ferrothorn|8/100
|-damage|p2a: Yveltal|33/100|[from] ability: Iron Barbs|[of] p1a: Ferrothorn
|move|p1a: Ferrothorn|Leech Seed|p2a: Yveltal|[miss]
|-miss|p1a: Ferrothorn|p2a: Yveltal
|
|upkeep
|turn|7
|inactive|paolode99神秘 has 270 seconds left.
|
|t:|1661530860
|move|p2a: Yveltal|Roost|p2a: Yveltal
|-heal|p2a: Yveltal|83/100
|-singleturn|p2a: Yveltal|move: Roost
|move|p1a: Ferrothorn|Leech Seed|p2a: Yveltal
|-start|p2a: Yveltal|move: Leech Seed
|
|-damage|p2a: Yveltal|70/100|[from] Leech Seed|[of] p1a: Ferrothorn
|-heal|p1a: Ferrothorn|24/100|[silent]
|upkeep
|turn|8
|
|t:|1661530866
|switch|p1a: Yveltal|Yveltal, shiny|100/100
|-ability|p1a: Yveltal|Dark Aura
|move|p2a: Yveltal|Foul Play|p1a: Yveltal
|-resisted|p1a: Yveltal
|-damage|p1a: Yveltal|77/100
|
|-damage|p2a: Yveltal|58/100|[from] Leech Seed|[of] p1a: Yveltal
|-heal|p1a: Yveltal|91/100|[silent]
|upkeep
|turn|9
|
|t:|1661530873
|switch|p2a: Ferrothorn|Ferrothorn, M|100/100
|-damage|p2a: Ferrothorn|88/100|[from] Spikes
|move|p1a: Yveltal|Taunt|p2a: Ferrothorn
|-start|p2a: Ferrothorn|move: Taunt
|
|-heal|p2a: Ferrothorn|94/100|[from] item: Leftovers
|upkeep
|turn|10
|j| v0lca
|inactive|paolode99神秘 has 270 seconds left.
|
|t:|1661530897
|switch|p1a: Ferrothorn|Ferrothorn, M, shiny|24/100
|move|p2a: Ferrothorn|Gyro Ball|p1a: Ferrothorn
|-resisted|p1a: Ferrothorn
|-damage|p1a: Ferrothorn|18/100
|-damage|p2a: Ferrothorn|82/100|[from] ability: Iron Barbs|[of] p1a: Ferrothorn
|
|-heal|p2a: Ferrothorn|88/100|[from] item: Leftovers
|upkeep
|turn|11
|
|t:|1661530907
|switch|p2a: Yveltal|Yveltal|58/100
|-ability|p2a: Yveltal|Dark Aura
|move|p1a: Ferrothorn|Leech Seed|p2a: Yveltal
|-start|p2a: Yveltal|move: Leech Seed
|
|-damage|p2a: Yveltal|46/100|[from] Leech Seed|[of] p1a: Ferrothorn
|-heal|p1a: Ferrothorn|34/100|[silent]
|upkeep
|turn|12
|
|t:|1661530914
|move|p2a: Yveltal|Roost|p2a: Yveltal
|-heal|p2a: Yveltal|96/100
|-singleturn|p2a: Yveltal|move: Roost
|move|p1a: Ferrothorn|Bullet Seed|p2a: Yveltal
|-damage|p2a: Yveltal|89/100
|-crit|p2a: Yveltal
|-damage|p2a: Yveltal|78/100
|-damage|p2a: Yveltal|71/100
|-damage|p2a: Yveltal|65/100
|-hitcount|p2a: Yveltal|4
|
|-damage|p2a: Yveltal|53/100|[from] Leech Seed|[of] p1a: Ferrothorn
|-heal|p1a: Ferrothorn|50/100|[silent]
|upkeep
|turn|13
|
|t:|1661530924
|switch|p1a: Yveltal|Yveltal, shiny|91/100
|-ability|p1a: Yveltal|Dark Aura
|move|p2a: Yveltal|Roost|p2a: Yveltal
|-heal|p2a: Yveltal|100/100
|-singleturn|p2a: Yveltal|move: Roost
|
|-damage|p2a: Yveltal|88/100|[from] Leech Seed|[of] p1a: Yveltal
|-heal|p1a: Yveltal|100/100|[silent]
|upkeep
|turn|14
|
|t:|1661530932
|move|p1a: Yveltal|Taunt|p2a: Yveltal
|-start|p2a: Yveltal|move: Taunt
|move|p2a: Yveltal|Knock Off|p1a: Yveltal
|-resisted|p1a: Yveltal
|-damage|p1a: Yveltal|75/100
|-enditem|p1a: Yveltal|Heavy-Duty Boots|[from] move: Knock Off|[of] p2a: Yveltal
|
|-damage|p2a: Yveltal|76/100|[from] Leech Seed|[of] p1a: Yveltal
|-heal|p1a: Yveltal|89/100|[silent]
|upkeep
|turn|15
|
|t:|1661530942
|switch|p2a: Ferrothorn|Ferrothorn, M|88/100
|-damage|p2a: Ferrothorn|75/100|[from] Spikes
|move|p1a: Yveltal|Toxic|p2a: Ferrothorn
|-immune|p2a: Ferrothorn
|
|-heal|p2a: Ferrothorn|82/100|[from] item: Leftovers
|upkeep
|turn|16
|
|t:|1661530958
|move|p1a: Yveltal|Taunt|p2a: Ferrothorn
|-start|p2a: Ferrothorn|move: Taunt
|cant|p2a: Ferrothorn|move: Taunt|Spikes
|
|-heal|p2a: Ferrothorn|88/100|[from] item: Leftovers
|upkeep
|turn|17
|
|t:|1661530977
|switch|p1a: Ferrothorn|Ferrothorn, M, shiny|50/100
|switch|p2a: Marshadow|Marshadow|100/100
|-damage|p2a: Marshadow|88/100|[from] Spikes
|
|upkeep
|turn|18
|
|t:|1661530995
|switch|p1a: Necrozma|Necrozma-Dusk-Mane|100/100
|move|p2a: Marshadow|Close Combat|p1a: Necrozma
|-damage|p1a: Necrozma|26/100
|-unboost|p2a: Marshadow|def|1
|-unboost|p2a: Marshadow|spd|1
|
|-heal|p1a: Necrozma|32/100|[from] item: Leftovers
|upkeep
|turn|19
|
|t:|1661531004
|switch|p2a: Yveltal|Yveltal|76/100
|-ability|p2a: Yveltal|Dark Aura
|move|p1a: Necrozma|Stealth Rock|p2a: Yveltal
|-sidestart|p2: paolode99神秘|move: Stealth Rock
|
|-heal|p1a: Necrozma|38/100|[from] item: Leftovers
|upkeep
|turn|20
|
|t:|1661531011
|move|p2a: Yveltal|Defog|p1a: Necrozma
|-unboost|p1a: Necrozma|evasion|1
|-sideend|p2: paolode99神秘|Spikes|[from] move: Defog|[of] p2a: Yveltal
|-sideend|p2: paolode99神秘|Stealth Rock|[from] move: Defog|[of] p2a: Yveltal
|move|p1a: Necrozma|Thunder Wave|p2a: Yveltal
|-status|p2a: Yveltal|par
|
|-heal|p1a: Necrozma|44/100|[from] item: Leftovers
|upkeep
|turn|21
|
|t:|1661531016
|move|p1a: Necrozma|Stealth Rock|p2a: Yveltal
|-sidestart|p2: paolode99神秘|move: Stealth Rock
|cant|p2a: Yveltal|par
|
|-heal|p1a: Necrozma|51/100|[from] item: Leftovers
|upkeep
|turn|22
|
|t:|1661531020
|switch|p1a: Yveltal|Yveltal, shiny|89/100
|-ability|p1a: Yveltal|Dark Aura
|move|p2a: Yveltal|Defog|p1a: Yveltal
|-unboost|p1a: Yveltal|evasion|1
|-sideend|p2: paolode99神秘|Stealth Rock|[from] move: Defog|[of] p2a: Yveltal
|
|upkeep
|turn|23
|
|t:|1661531027
|switch|p2a: Ferrothorn|Ferrothorn, M|88/100
|move|p1a: Yveltal|Taunt|p2a: Ferrothorn
|-start|p2a: Ferrothorn|move: Taunt
|
|-heal|p2a: Ferrothorn|94/100|[from] item: Leftovers
|upkeep
|turn|24
|
|t:|1661531049
|switch|p1a: Ferrothorn|Ferrothorn, M, shiny|50/100
|switch|p2a: Necrozma|Necrozma-Dusk-Mane|100/100
|
|upkeep
|turn|25
|
|t:|1661531054
|move|p2a: Necrozma|Stealth Rock|p1a: Ferrothorn
|-sidestart|p1: Zenadark|move: Stealth Rock
|move|p1a: Ferrothorn|Leech Seed|p2a: Necrozma|[miss]
|-miss|p1a: Ferrothorn|p2a: Necrozma
|
|upkeep
|turn|26
|
|t:|1661531058
|switch|p2a: Ferrothorn|Ferrothorn, M|94/100
|move|p1a: Ferrothorn|Leech Seed|p2a: Ferrothorn
|-immune|p2a: Ferrothorn
|
|-heal|p2a: Ferrothorn|100/100|[from] item: Leftovers
|upkeep
|turn|27
|
|t:|1661531065
|switch|p1a: Rayquaza|Rayquaza|100/100
|-damage|p1a: Rayquaza|76/100|[from] Stealth Rock
|-ability|p1a: Rayquaza|Air Lock
|switch|p2a: Marshadow|Marshadow|88/100
|
|upkeep
|turn|28
|
|t:|1661531094
|switch|p1a: Necrozma|Necrozma-Dusk-Mane|51/100
|-damage|p1a: Necrozma|44/100|[from] Stealth Rock
|move|p2a: Marshadow|Spectral Thief|p1a: Necrozma
|-supereffective|p1a: Necrozma
|-damage|p1a: Necrozma|0 fnt
|faint|p1a: Necrozma
|
|upkeep
|
|t:|1661531104
|switch|p1a: Xerneas|Xerneas|100/100
|-damage|p1a: Xerneas|88/100|[from] Stealth Rock
|-ability|p1a: Xerneas|Fairy Aura
|turn|29
|
|t:|1661531118
|switch|p2a: Ferrothorn|Ferrothorn, M|100/100
|switch|p1a: Ferrothorn|Ferrothorn, M, shiny|50/100
|-damage|p1a: Ferrothorn|44/100|[from] Stealth Rock
|
|upkeep
|turn|30
|
|t:|1661531137
|switch|p1a: Rayquaza|Rayquaza|76/100
|-damage|p1a: Rayquaza|51/100|[from] Stealth Rock
|-ability|p1a: Rayquaza|Air Lock
|move|p2a: Ferrothorn|Spikes|p1a: Rayquaza
|-sidestart|p1: Zenadark|Spikes
|
|upkeep
|turn|31
|inactive|paolode99神秘 has 270 seconds left.
|
|t:|1661531191
|move|p1a: Rayquaza|V-create|p2a: Ferrothorn
|-supereffective|p2a: Ferrothorn
|-damage|p2a: Ferrothorn|0 fnt
|-unboost|p1a: Rayquaza|spe|1
|-unboost|p1a: Rayquaza|def|1
|-unboost|p1a: Rayquaza|spd|1
|-damage|p1a: Rayquaza|39/100|[from] ability: Iron Barbs|[of] p2a: Ferrothorn
|faint|p2a: Ferrothorn
|
|upkeep
|inactive|paolode99神秘 has 240 seconds left.
|
|t:|1661531221
|switch|p2a: Kyogre|Kyogre|100/100
|-weather|RainDance|[from] ability: Drizzle|[of] p2a: Kyogre
|turn|32
|
|t:|1661531239
|move|p2a: Kyogre|Water Spout|p1a: Rayquaza
|-resisted|p1a: Rayquaza
|-damage|p1a: Rayquaza|0 fnt
|faint|p1a: Rayquaza
|
|-weather|RainDance|[upkeep]
|upkeep
|
|t:|1661531243
|switch|p1a: Calyrex|Calyrex-Shadow|100/100
|-ability|p1a: Calyrex|As One
|-ability|p1a: Calyrex|Unnerve
|-damage|p1a: Calyrex|88/100|[from] Stealth Rock
|-damage|p1a: Calyrex|76/100|[from] Spikes
|turn|33
|inactive|paolode99神秘 has 240 seconds left.
|
|t:|1661531274
|switch|p2a: Yveltal|Yveltal|76/100 par
|-ability|p2a: Yveltal|Dark Aura
|move|p1a: Calyrex|Trick|p2a: Yveltal
|-activate|p1a: Calyrex|move: Trick|[of] p2a: Yveltal
|-item|p2a: Yveltal|Choice Scarf|[from] move: Trick
|-enditem|p1a: Calyrex|Choice Scarf|[silent]|[from] move: Trick
|
|-weather|RainDance|[upkeep]
|upkeep
|turn|34
|inactive|paolode99神秘 has 210 seconds left.
|
|t:|1661531306
|switch|p1a: Ferrothorn|Ferrothorn, M, shiny|44/100
|-damage|p1a: Ferrothorn|37/100|[from] Stealth Rock
|-damage|p1a: Ferrothorn|25/100|[from] Spikes
|switch|p2a: Kyogre|Kyogre|100/100
|
|-weather|RainDance|[upkeep]
|upkeep
|turn|35
|
|t:|1661531328
|move|p2a: Kyogre|Water Spout|p1a: Ferrothorn
|-resisted|p1a: Ferrothorn
|-damage|p1a: Ferrothorn|0 fnt
|faint|p1a: Ferrothorn
|
|-weather|RainDance|[upkeep]
|upkeep
|
|t:|1661531333
|switch|p1a: Yveltal|Yveltal, shiny|89/100
|-damage|p1a: Yveltal|64/100|[from] Stealth Rock
|-ability|p1a: Yveltal|Dark Aura
|turn|36
|
|t:|1661531341
|move|p2a: Kyogre|Water Spout|p1a: Yveltal
|-damage|p1a: Yveltal|0 fnt
|faint|p1a: Yveltal
|
|-weather|none
|upkeep
|
|t:|1661531345
|switch|p1a: Calyrex|Calyrex-Shadow|76/100
|-ability|p1a: Calyrex|As One
|-ability|p1a: Calyrex|Unnerve
|-damage|p1a: Calyrex|64/100|[from] Stealth Rock
|-damage|p1a: Calyrex|51/100|[from] Spikes
|turn|37
|
|t:|1661531349
|move|p2a: Kyogre|Water Spout|p1a: Calyrex
|-damage|p1a: Calyrex|0 fnt
|faint|p1a: Calyrex
|
|upkeep
|
|t:|1661531353
|switch|p1a: Xerneas|Xerneas|88/100
|-damage|p1a: Xerneas|76/100|[from] Stealth Rock
|-damage|p1a: Xerneas|63/100|[from] Spikes
|-ability|p1a: Xerneas|Fairy Aura
|turn|38
|c|☆Zenadark|gg
|
|t:|1661531358
|switch|p2a: Necrozma|Necrozma-Dusk-Mane|100/100
|move|p1a: Xerneas|Geomancy||[still]
|-prepare|p1a: Xerneas|Geomancy
|-enditem|p1a: Xerneas|Power Herb
|-anim|p1a: Xerneas|Geomancy|p1a: Xerneas
|-boost|p1a: Xerneas|spa|2
|-boost|p1a: Xerneas|spd|2
|-boost|p1a: Xerneas|spe|2
|
|upkeep
|turn|39
|
|t:|1661531363
|move|p1a: Xerneas|Substitute|p1a: Xerneas
|-start|p1a: Xerneas|Substitute
|-damage|p1a: Xerneas|38/100
|move|p2a: Necrozma|Sunsteel Strike|p1a: Xerneas
|-supereffective|p1a: Xerneas
|-end|p1a: Xerneas|Substitute
|
|upkeep
|turn|40
|
|t:|1661531368
|move|p1a: Xerneas|Thunder|p2a: Necrozma
|-damage|p2a: Necrozma|30/100
|move|p2a: Necrozma|Sunsteel Strike|p1a: Xerneas
|-supereffective|p1a: Xerneas
|-damage|p1a: Xerneas|0 fnt
|faint|p1a: Xerneas
|
|win|paolode99神秘
|c|☆paolode99神秘|gg
|l| v0lca
