|j|☆Marcdragom
|j|☆Ryrissu
|t:|1636738584
|gametype|singles
|player|p1|Marcdragom|hilbert|1115
|player|p2|Ryrissu|hilbert|1203
|teamsize|p1|6
|teamsize|p2|6
|gen|8
|tier|[Gen 8] Ubers
|rated|
|rule|Sleep Clause Mod: Limit one foe put to sleep
|rule|Species Clause: Limit one of each Pokémon
|rule|OHKO Clause: OHKO moves are banned
|rule|Evasion Moves Clause: Evasion moves are banned
|rule|Endless Battle Clause: Forcing endless battles is banned
|rule|HP Percentage Mod: HP is shown in percentages
|rule|Dynamax Clause: You cannot dynamax
|clearpoke
|poke|p1|Ferrothorn, F|
|poke|p1|Calyrex-Ice|
|poke|p1|Ho-Oh|
|poke|p1|Eternatus|
|poke|p1|Blissey, F|
|poke|p1|Necrozma-Dawn-Wings|
|poke|p2|Giratina-Origin|
|poke|p2|Zekrom|
|poke|p2|Genesect|
|poke|p2|Kyurem-Black|
|poke|p2|Lugia|
|poke|p2|Yveltal|
|teampreview
|
|t:|1636738602
|start
|switch|p1a: Ferrothorn|Ferrothorn, F|100/100
|switch|p2a: Lugia|Lugia|100/100
|turn|1
|
|t:|1636738609
|move|p2a: Lugia|Thunder Wave|p1a: Ferrothorn
|-status|p1a: Ferrothorn|par
|move|p1a: Ferrothorn|Spikes|p2a: Lugia
|-sidestart|p2: Ryrissu|Spikes
|
|upkeep
|turn|2
|
|t:|1636738618
|move|p2a: Lugia|Reflect|p2a: Lugia
|-sidestart|p2: Ryrissu|Reflect
|cant|p1a: Ferrothorn|par
|
|upkeep
|turn|3
|
|t:|1636738624
|move|p2a: Lugia|Light Screen|p2a: Lugia
|-sidestart|p2: Ryrissu|move: Light Screen
|cant|p1a: Ferrothorn|par
|
|upkeep
|turn|4
|
|t:|1636738628
|move|p2a: Lugia|Safeguard|p2a: Lugia
|-sidestart|p2: Ryrissu|Safeguard
|cant|p1a: Ferrothorn|par
|
|upkeep
|turn|5
|
|t:|1636738633
|switch|p2a: Yveltal|Yveltal|100/100
|-ability|p2a: Yveltal|Dark Aura
|move|p1a: Ferrothorn|Spikes|p2a: Yveltal
|-sidestart|p2: Ryrissu|Spikes
|
|upkeep
|turn|6
|
|t:|1636738641
|move|p2a: Yveltal|Heat Wave|p1a: Ferrothorn
|-supereffective|p1a: Ferrothorn
|-damage|p1a: Ferrothorn|0 fnt
|faint|p1a: Ferrothorn
|
|upkeep
|
|t:|1636738667
|switch|p1a: Necrozma|Necrozma-Dawn-Wings|100/100
|turn|7
|
|t:|1636738671
|move|p2a: Yveltal|Dark Pulse|p1a: Necrozma
|-supereffective|p1a: Necrozma
|-damage|p1a: Necrozma|0 fnt
|faint|p1a: Necrozma
|
|upkeep
|
|t:|1636738676
|switch|p1a: Blissey|Blissey, F|100/100
|turn|8
|
|t:|1636738688
|switch|p2a: Lugia|Lugia|100/100
|move|p1a: Blissey|Toxic|p2a: Lugia
|-activate|p2a: Lugia|move: Safeguard
|
|-sideend|p2: Ryrissu|Safeguard
|upkeep
|turn|9
|
|t:|1636738696
|move|p2a: Lugia|Safeguard|p2a: Lugia
|-sidestart|p2: Ryrissu|Safeguard
|move|p1a: Blissey|Seismic Toss|p2a: Lugia
|-damage|p2a: Lugia|76/100
|
|-sideend|p2: Ryrissu|Reflect
|upkeep
|turn|10
|
|t:|1636738704
|move|p2a: Lugia|Reflect|p2a: Lugia
|-sidestart|p2: Ryrissu|Reflect
|move|p1a: Blissey|Seismic Toss|p2a: Lugia
|-damage|p2a: Lugia|52/100
|
|-sideend|p2: Ryrissu|move: Light Screen
|upkeep
|turn|11
|
|t:|1636738710
|move|p2a: Lugia|Light Screen|p2a: Lugia
|-sidestart|p2: Ryrissu|move: Light Screen
|move|p1a: Blissey|Seismic Toss|p2a: Lugia
|-damage|p2a: Lugia|28/100
|
|upkeep
|turn|12
|
|t:|1636738716
|switch|p2a: Zekrom|Zekrom|100/100
|-ability|p2a: Zekrom|Teravolt
|move|p1a: Blissey|Seismic Toss|p2a: Zekrom
|-damage|p2a: Zekrom|76/100
|
|upkeep
|turn|13
|
|t:|1636738725
|move|p2a: Zekrom|Dragon Dance|p2a: Zekrom
|-boost|p2a: Zekrom|atk|1
|-boost|p2a: Zekrom|spe|1
|move|p1a: Blissey|Seismic Toss|p2a: Zekrom
|-damage|p2a: Zekrom|51/100
|
|-sideend|p2: Ryrissu|Safeguard
|upkeep
|turn|14
|
|t:|1636738734
|move|p2a: Zekrom|Dragon Dance|p2a: Zekrom
|-boost|p2a: Zekrom|atk|1
|-boost|p2a: Zekrom|spe|1
|move|p1a: Blissey|Seismic Toss|p2a: Zekrom
|-damage|p2a: Zekrom|26/100
|
|upkeep
|turn|15
|
|t:|1636738741
|move|p2a: Zekrom|Roost|p2a: Zekrom
|-heal|p2a: Zekrom|76/100
|-singleturn|p2a: Zekrom|move: Roost
|move|p1a: Blissey|Seismic Toss|p2a: Zekrom
|-damage|p2a: Zekrom|51/100
|
|upkeep
|turn|16
|
|t:|1636738748
|move|p2a: Zekrom|Fusion Bolt|p1a: Blissey
|-damage|p1a: Blissey|0 fnt
|faint|p1a: Blissey
|
|upkeep
|
|t:|1636738763
|switch|p1a: Eternatus|Eternatus|100/100
|-ability|p1a: Eternatus|Pressure
|turn|17
|
|t:|1636738769
|move|p2a: Zekrom|Dragon Claw|p1a: Eternatus
|-supereffective|p1a: Eternatus
|-damage|p1a: Eternatus|0 fnt
|faint|p1a: Eternatus
|
|-sideend|p2: Ryrissu|Reflect
|upkeep
|
|t:|1636738775
|switch|p1a: Calyrex|Calyrex-Ice|100/100
|-ability|p1a: Calyrex|As One
|-ability|p1a: Calyrex|Unnerve
|turn|18
|
|t:|1636738789
|move|p2a: Zekrom|Fusion Bolt|p1a: Calyrex
|-damage|p1a: Calyrex|33/100
|move|p1a: Calyrex|Glacial Lance|p2a: Zekrom
|-supereffective|p2a: Zekrom
|-damage|p2a: Zekrom|0 fnt
|faint|p2a: Zekrom
|-ability|p1a: Calyrex|Chilling Neigh|boost
|-boost|p1a: Calyrex|atk|1
|
|-heal|p1a: Calyrex|39/100|[from] item: Leftovers
|-sideend|p2: Ryrissu|move: Light Screen
|upkeep
|
|t:|1636738802
|switch|p2a: Genesect|Genesect, shiny|100/100
|-ability|p2a: Genesect|Download|boost
|-boost|p2a: Genesect|spa|1
|turn|19
|
|t:|1636738812
|move|p2a: Genesect|Iron Head|p1a: Calyrex
|-supereffective|p1a: Calyrex
|-damage|p1a: Calyrex|0 fnt
|faint|p1a: Calyrex
|
|upkeep
|
|t:|1636738816
|switch|p1a: Ho-Oh|Ho-Oh|100/100
|turn|20
|
|t:|1636738820
|switch|p2a: Lugia|Lugia|28/100
|move|p1a: Ho-Oh|Earthquake|p2a: Lugia
|-immune|p2a: Lugia
|
|upkeep
|turn|21
|
|t:|1636738828
|move|p2a: Lugia|Reflect|p2a: Lugia
|-sidestart|p2: Ryrissu|Reflect
|move|p1a: Ho-Oh|Facade|p2a: Lugia
|-damage|p2a: Lugia|19/100
|
|upkeep
|turn|22
|
|t:|1636738834
|move|p2a: Lugia|Safeguard|p2a: Lugia
|-sidestart|p2: Ryrissu|Safeguard
|move|p1a: Ho-Oh|Brave Bird|p2a: Lugia
|-damage|p2a: Lugia|0 fnt
|faint|p2a: Lugia
|-damage|p1a: Ho-Oh|94/100|[from] Recoil
|
|upkeep
|
|t:|1636738843
|switch|p2a: Kyurem|Kyurem-Black|100/100
|-ability|p2a: Kyurem|Teravolt
|turn|23
|
|t:|1636738850
|move|p2a: Kyurem|Dragon Dance|p2a: Kyurem
|-boost|p2a: Kyurem|atk|1
|-boost|p2a: Kyurem|spe|1
|move|p1a: Ho-Oh|Earthquake|p2a: Kyurem
|-damage|p2a: Kyurem|84/100
|
|upkeep
|turn|24
|
|t:|1636738857
|move|p2a: Kyurem|Dragon Dance|p2a: Kyurem
|-boost|p2a: Kyurem|atk|1
|-boost|p2a: Kyurem|spe|1
|move|p1a: Ho-Oh|Brave Bird|p2a: Kyurem
|-damage|p2a: Kyurem|53/100
|-damage|p1a: Ho-Oh|85/100|[from] Recoil
|
|upkeep
|turn|25
|
|t:|1636738865
|move|p2a: Kyurem|Fusion Bolt|p1a: Ho-Oh
|-supereffective|p1a: Ho-Oh
|-damage|p1a: Ho-Oh|0 fnt
|faint|p1a: Ho-Oh
|
|win|Ryrissu
|raw|Marcdragom's rating: 1115 &rarr; <strong>1096</strong><br />(-19 for losing)
|raw|Ryrissu's rating: 1203 &rarr; <strong>1222</strong><br />(+19 for winning)
|l|☆Ryrissu
