|j|☆skimmythegod
|j|☆8142e
|t:|1631603655
|gametype|singles
|player|p1|skimmythegod|unknown|
|player|p2|8142e|aromalady|
|teamsize|p1|6
|teamsize|p2|6
|gen|8
|tier|[Gen 8] Ubers
|rated|Tournament battle
|rule|Sleep Clause Mod: Limit one foe put to sleep
|rule|Species Clause: Limit one of each Pokémon
|rule|OHKO Clause: OHKO moves are banned
|rule|Evasion Moves Clause: Evasion moves are banned
|rule|Endless Battle Clause: Forcing endless battles is banned
|rule|HP Percentage Mod: HP is shown in percentages
|rule|Dynamax Clause: You cannot dynamax
|clearpoke
|poke|p1|Giratina-Origin|
|poke|p1|Tyranitar, M|
|poke|p1|Blissey, F|
|poke|p1|Groudon|
|poke|p1|Xerneas-*|
|poke|p1|Toxapex, M|
|poke|p2|Calyrex-Shadow|
|poke|p2|Yveltal|
|poke|p2|Excadrill, M|
|poke|p2|Necrozma-Dusk-Mane|
|poke|p2|Eternatus|
|poke|p2|Marshadow|
|teampreview
|j| Hoennseptile
|inactive|Battle timer is ON: inactive players will automatically lose when time's up. (requested by skimmythegod)
|c|☆skimmythegod|l2play
|inactive|8142e has 120 seconds left.
|c|☆8142e|eww stall
|
|t:|1631603707
|start
|switch|p1a: Giratina|Giratina-Origin|100/100
|switch|p2a: Excadrill|Excadrill, M|100/100
|-ability|p2a: Excadrill|Mold Breaker
|turn|1
|
|t:|1631603711
|move|p2a: Excadrill|Toxic|p1a: Giratina
|-status|p1a: Giratina|tox
|move|p1a: Giratina|Will-O-Wisp|p2a: Excadrill
|-status|p2a: Excadrill|brn
|
|-damage|p1a: Giratina|94/100 tox|[from] psn
|-damage|p2a: Excadrill|94/100 brn|[from] brn
|upkeep
|turn|2
|
|t:|1631603723
|move|p2a: Excadrill|Stealth Rock|p1a: Giratina
|-sidestart|p1: skimmythegod|move: Stealth Rock
|move|p1a: Giratina|Hex|p2a: Excadrill
|-damage|p2a: Excadrill|27/100 brn
|
|-damage|p1a: Giratina|82/100 tox|[from] psn
|-damage|p2a: Excadrill|21/100 brn|[from] brn
|upkeep
|turn|3
|
|t:|1631603731
|switch|p2a: Yveltal|Yveltal|100/100
|-ability|p2a: Yveltal|Dark Aura
|switch|p1a: Xerneas|Xerneas|100/100
|-damage|p1a: Xerneas|88/100|[from] Stealth Rock
|-ability|p1a: Xerneas|Fairy Aura
|
|-heal|p1a: Xerneas|94/100|[from] item: Leftovers
|upkeep
|turn|4
|
|t:|1631603735
|switch|p2a: Necrozma|Necrozma-Dusk-Mane|100/100
|move|p1a: Xerneas|Aromatherapy|p1a: Xerneas
|-activate|p1a: Xerneas|move: Aromatherapy
|-curestatus|p1: Giratina|tox|[msg]
|
|-heal|p1a: Xerneas|99/100|[from] item: Leftovers
|upkeep
|turn|5
|
|t:|1631603740
|switch|p1a: Giratina|Giratina-Origin|82/100
|-damage|p1a: Giratina|70/100|[from] Stealth Rock
|move|p2a: Necrozma|Knock Off|p1a: Giratina
|-supereffective|p1a: Giratina
|-damage|p1a: Giratina|30/100
|-damage|p2a: Necrozma|91/100|[from] item: Life Orb
|
|upkeep
|turn|6
|j| Gareeb 2.0
|
|t:|1631603753
|switch|p2a: Yveltal|Yveltal|100/100
|-ability|p2a: Yveltal|Dark Aura
|move|p1a: Giratina|Hex|p2a: Yveltal
|-resisted|p2a: Yveltal
|-damage|p2a: Yveltal|87/100
|
|upkeep
|turn|7
|
|t:|1631603765
|switch|p2a: Excadrill|Excadrill, M|21/100 brn
|-ability|p2a: Excadrill|Mold Breaker
|switch|p1a: Tyranitar|Tyranitar, M|100/100
|-weather|Sandstorm|[from] ability: Sand Stream|[of] p1a: Tyranitar
|
|-weather|Sandstorm|[upkeep]
|-damage|p2a: Excadrill|15/100 brn|[from] brn
|upkeep
|turn|8
|
|t:|1631603770
|move|p2a: Excadrill|Toxic|p1a: Tyranitar
|-status|p1a: Tyranitar|tox
|move|p1a: Tyranitar|Stealth Rock|p2a: Excadrill
|-sidestart|p2: 8142e|move: Stealth Rock
|
|-weather|Sandstorm|[upkeep]
|-damage|p1a: Tyranitar|94/100 tox|[from] psn
|-damage|p2a: Excadrill|9/100 brn|[from] brn
|upkeep
|turn|9
|
|t:|1631603777
|switch|p1a: Giratina|Giratina-Origin|30/100
|-damage|p1a: Giratina|17/100|[from] Stealth Rock
|move|p2a: Excadrill|Rapid Spin|p1a: Giratina
|-immune|p1a: Giratina
|
|-weather|Sandstorm|[upkeep]
|-damage|p1a: Giratina|11/100|[from] Sandstorm
|-damage|p2a: Excadrill|2/100 brn|[from] brn
|upkeep
|turn|10
|
|t:|1631603784
|move|p2a: Excadrill|Stealth Rock||[still]
|-fail|p2a: Excadrill
|move|p1a: Giratina|Hex|p2a: Excadrill
|-damage|p2a: Excadrill|0 fnt
|faint|p2a: Excadrill
|
|-weather|Sandstorm|[upkeep]
|-damage|p1a: Giratina|5/100|[from] Sandstorm
|upkeep
|
|t:|1631603804
|switch|p2a: Yveltal|Yveltal|87/100
|-damage|p2a: Yveltal|62/100|[from] Stealth Rock
|-ability|p2a: Yveltal|Dark Aura
|turn|11
|
|t:|1631603812
|move|p2a: Yveltal|Oblivion Wing|p1a: Giratina
|-damage|p1a: Giratina|0 fnt
|-heal|p2a: Yveltal|66/100|[from] drain|[of] p1a: Giratina
|faint|p1a: Giratina
|-damage|p2a: Yveltal|56/100|[from] item: Life Orb
|
|-weather|none
|upkeep
|
|t:|1631603821
|switch|p1a: Tyranitar|Tyranitar, M|94/100 tox
|-weather|Sandstorm|[from] ability: Sand Stream|[of] p1a: Tyranitar
|turn|12
|
|t:|1631603826
|switch|p1a: Groudon|Groudon|100/100
|-damage|p1a: Groudon|94/100|[from] Stealth Rock
|-weather|SunnyDay|[from] ability: Drought|[of] p1a: Groudon
|move|p2a: Yveltal|Oblivion Wing|p1a: Groudon
|-damage|p1a: Groudon|42/100
|-heal|p2a: Yveltal|96/100|[from] drain|[of] p1a: Groudon
|-damage|p2a: Yveltal|86/100|[from] item: Life Orb
|
|-weather|SunnyDay|[upkeep]
|-heal|p1a: Groudon|49/100|[from] item: Leftovers
|upkeep
|turn|13
|c|☆8142e|huhu
|
|t:|1631603834
|switch|p1a: Tyranitar|Tyranitar, M|94/100 tox
|-weather|Sandstorm|[from] ability: Sand Stream|[of] p1a: Tyranitar
|move|p2a: Yveltal|Dark Pulse|p1a: Tyranitar
|-resisted|p1a: Tyranitar
|-damage|p1a: Tyranitar|80/100 tox
|-damage|p2a: Yveltal|76/100|[from] item: Life Orb
|
|-weather|Sandstorm|[upkeep]
|-damage|p2a: Yveltal|70/100|[from] Sandstorm
|-damage|p1a: Tyranitar|74/100 tox|[from] psn
|upkeep
|turn|14
|j| pokemonerxyz
|
|t:|1631603847
|switch|p2a: Eternatus|Eternatus|100/100
|-damage|p2a: Eternatus|88/100|[from] Stealth Rock
|-ability|p2a: Eternatus|Pressure
|move|p1a: Tyranitar|Rest|p1a: Tyranitar
|-status|p1a: Tyranitar|slp|[from] move: Rest
|-heal|p1a: Tyranitar|100/100 slp|[silent]
|
|-weather|Sandstorm|[upkeep]
|-damage|p2a: Eternatus|82/100|[from] Sandstorm
|upkeep
|turn|15
|
|t:|1631603852
|switch|p2a: Marshadow|Marshadow|100/100
|-damage|p2a: Marshadow|94/100|[from] Stealth Rock
|cant|p1a: Tyranitar|slp
|
|-weather|Sandstorm|[upkeep]
|-damage|p2a: Marshadow|88/100|[from] Sandstorm
|upkeep
|turn|16
|j| Komo o is bad
|
|t:|1631603858
|switch|p1a: Toxapex|Toxapex, M|100/100
|-damage|p1a: Toxapex|88/100|[from] Stealth Rock
|move|p2a: Marshadow|Close Combat|p1a: Toxapex
|-resisted|p1a: Toxapex
|-damage|p1a: Toxapex|61/100
|-unboost|p2a: Marshadow|def|1
|-unboost|p2a: Marshadow|spd|1
|-damage|p2a: Marshadow|72/100|[from] item: Rocky Helmet|[of] p1a: Toxapex
|-damage|p2a: Marshadow|62/100|[from] item: Life Orb
|
|-weather|Sandstorm|[upkeep]
|-damage|p2a: Marshadow|55/100|[from] Sandstorm
|-damage|p1a: Toxapex|55/100|[from] Sandstorm
|upkeep
|turn|17
|
|t:|1631603863
|move|p2a: Marshadow|Poltergeist|p1a: Toxapex
|-activate|p1a: Toxapex|move: Poltergeist|Rocky Helmet
|-damage|p1a: Toxapex|6/100
|-damage|p2a: Marshadow|45/100|[from] item: Life Orb
|move|p1a: Toxapex|Scald|p2a: Marshadow
|-damage|p2a: Marshadow|16/100
|-status|p2a: Marshadow|brn
|
|-weather|none
|-damage|p2a: Marshadow|10/100 brn|[from] brn
|upkeep
|turn|18
|c|☆8142e|ofc
|
|t:|1631603869
|switch|p1a: Xerneas|Xerneas|99/100
|-damage|p1a: Xerneas|88/100|[from] Stealth Rock
|-ability|p1a: Xerneas|Fairy Aura
|move|p2a: Marshadow|Poltergeist|p1a: Xerneas
|-activate|p1a: Xerneas|move: Poltergeist|Leftovers
|-damage|p1a: Xerneas|64/100
|-damage|p2a: Marshadow|0 fnt|[from] item: Life Orb
|faint|p2a: Marshadow
|
|-heal|p1a: Xerneas|70/100|[from] item: Leftovers
|upkeep
|
|t:|1631603871
|switch|p2a: Necrozma|Necrozma-Dusk-Mane|91/100
|-damage|p2a: Necrozma|85/100|[from] Stealth Rock
|turn|19
|
|t:|1631603878
|switch|p1a: Groudon|Groudon|49/100
|-damage|p1a: Groudon|42/100|[from] Stealth Rock
|-weather|SunnyDay|[from] ability: Drought|[of] p1a: Groudon
|move|p2a: Necrozma|Dragon Dance|p2a: Necrozma
|-boost|p2a: Necrozma|atk|1
|-boost|p2a: Necrozma|spe|1
|
|-weather|SunnyDay|[upkeep]
|-heal|p1a: Groudon|49/100|[from] item: Leftovers
|upkeep
|turn|20
|
|t:|1631603880
|move|p2a: Necrozma|Sunsteel Strike|p1a: Groudon
|-damage|p1a: Groudon|0 fnt
|faint|p1a: Groudon
|-damage|p2a: Necrozma|75/100|[from] item: Life Orb
|
|-weather|SunnyDay|[upkeep]
|upkeep
|c|☆8142e|gg
|
|t:|1631603889
|switch|p1a: Toxapex|Toxapex, M|40/100
|-damage|p1a: Toxapex|27/100|[from] Stealth Rock
|turn|21
|
|t:|1631603892
|switch|p1a: Blissey|Blissey, F|100/100
|-damage|p1a: Blissey|88/100|[from] Stealth Rock
|move|p2a: Necrozma|Knock Off|p1a: Blissey
|-damage|p1a: Blissey|0 fnt
|-enditem|p1a: Blissey|Utility Umbrella|[from] move: Knock Off|[of] p2a: Necrozma
|faint|p1a: Blissey
|-damage|p2a: Necrozma|65/100|[from] item: Life Orb
|
|-weather|SunnyDay|[upkeep]
|upkeep
|
|t:|1631603894
|switch|p1a: Toxapex|Toxapex, M|60/100
|-damage|p1a: Toxapex|48/100|[from] Stealth Rock
|turn|22
|
|t:|1631603897
|switch|p1a: Xerneas|Xerneas|70/100
|-damage|p1a: Xerneas|58/100|[from] Stealth Rock
|-ability|p1a: Xerneas|Fairy Aura
|move|p2a: Necrozma|Knock Off|p1a: Xerneas
|-resisted|p1a: Xerneas
|-damage|p1a: Xerneas|36/100
|-enditem|p1a: Xerneas|Leftovers|[from] move: Knock Off|[of] p2a: Necrozma
|-damage|p2a: Necrozma|55/100|[from] item: Life Orb
|
|-weather|SunnyDay|[upkeep]
|upkeep
|turn|23
|
|t:|1631603900
|move|p2a: Necrozma|Sunsteel Strike|p1a: Xerneas
|-supereffective|p1a: Xerneas
|-damage|p1a: Xerneas|0 fnt
|faint|p1a: Xerneas
|-damage|p2a: Necrozma|45/100|[from] item: Life Orb
|
|-weather|none
|upkeep
|
|t:|1631603902
|switch|p1a: Toxapex|Toxapex, M|81/100
|-damage|p1a: Toxapex|69/100|[from] Stealth Rock
|turn|24
|
|t:|1631603904
|move|p2a: Necrozma|Knock Off|p1a: Toxapex
|-damage|p1a: Toxapex|19/100
|-damage|p2a: Necrozma|29/100|[from] item: Rocky Helmet|[of] p1a: Toxapex
|-enditem|p1a: Toxapex|Rocky Helmet|[from] move: Knock Off|[of] p2a: Necrozma
|-damage|p2a: Necrozma|19/100|[from] item: Life Orb
|move|p1a: Toxapex|Recover|p1a: Toxapex
|-heal|p1a: Toxapex|69/100
|
|upkeep
|turn|25
|
|t:|1631603908
|move|p2a: Necrozma|Dragon Dance|p2a: Necrozma
|-boost|p2a: Necrozma|atk|1
|-boost|p2a: Necrozma|spe|1
|move|p1a: Toxapex|Scald|p2a: Necrozma
|-damage|p2a: Necrozma|3/100
|-status|p2a: Necrozma|brn
|
|-damage|p2a: Necrozma|0 fnt|[from] brn
|faint|p2a: Necrozma
|upkeep
|l| Komo o is bad
|
|t:|1631603917
|switch|p2a: Eternatus|Eternatus|82/100
|-damage|p2a: Eternatus|70/100|[from] Stealth Rock
|-ability|p2a: Eternatus|Pressure
|turn|26
|
|t:|1631603921
|switch|p1a: Tyranitar|Tyranitar, M|100/100 slp
|-weather|Sandstorm|[from] ability: Sand Stream|[of] p1a: Tyranitar
|move|p2a: Eternatus|Meteor Beam||[still]
|-prepare|p2a: Eternatus|Meteor Beam
|-boost|p2a: Eternatus|spa|1
|-enditem|p2a: Eternatus|Power Herb
|-anim|p2a: Eternatus|Meteor Beam|p1a: Tyranitar
|-damage|p1a: Tyranitar|72/100 slp
|
|-weather|Sandstorm|[upkeep]
|-damage|p2a: Eternatus|63/100|[from] Sandstorm
|upkeep
|turn|27
|
|t:|1631603926
|move|p2a: Eternatus|Dynamax Cannon|p1a: Tyranitar
|-damage|p1a: Tyranitar|40/100 slp
|cant|p1a: Tyranitar|slp
|
|-weather|Sandstorm|[upkeep]
|-damage|p2a: Eternatus|57/100|[from] Sandstorm
|upkeep
|turn|28
|
|t:|1631603933
|move|p2a: Eternatus|Dynamax Cannon|p1a: Tyranitar
|-damage|p1a: Tyranitar|7/100 slp
|-curestatus|p1a: Tyranitar|slp|[msg]
|move|p1a: Tyranitar|Rest|p1a: Tyranitar
|-status|p1a: Tyranitar|slp|[from] move: Rest
|-heal|p1a: Tyranitar|100/100 slp|[silent]
|
|-weather|Sandstorm|[upkeep]
|-damage|p2a: Eternatus|51/100|[from] Sandstorm
|upkeep
|turn|29
|
|t:|1631603936
|move|p2a: Eternatus|Meteor Beam||[still]
|-prepare|p2a: Eternatus|Meteor Beam
|-boost|p2a: Eternatus|spa|1
|cant|p1a: Tyranitar|slp
|
|-weather|Sandstorm|[upkeep]
|-damage|p2a: Eternatus|45/100|[from] Sandstorm
|upkeep
|turn|30
|
|t:|1631603939
|move|p2a: Eternatus|Meteor Beam|p1a: Tyranitar|[from]lockedmove
|-damage|p1a: Tyranitar|62/100 slp
|cant|p1a: Tyranitar|slp
|
|-weather|none
|upkeep
|turn|31
|
|t:|1631603947
|switch|p1a: Toxapex|Toxapex, M|100/100
|-damage|p1a: Toxapex|88/100|[from] Stealth Rock
|move|p2a: Eternatus|Dynamax Cannon|p1a: Toxapex
|-damage|p1a: Toxapex|2/100
|
|upkeep
|turn|32
|
|t:|1631603950
|move|p2a: Eternatus|Flamethrower|p1a: Toxapex
|-resisted|p1a: Toxapex
|-damage|p1a: Toxapex|0 fnt
|faint|p1a: Toxapex
|
|upkeep
|
|t:|1631603952
|switch|p1a: Tyranitar|Tyranitar, M|62/100 slp
|-weather|Sandstorm|[from] ability: Sand Stream|[of] p1a: Tyranitar
|turn|33
|
|t:|1631603956
|move|p2a: Eternatus|Dynamax Cannon|p1a: Tyranitar
|-damage|p1a: Tyranitar|16/100 slp
|-curestatus|p1a: Tyranitar|slp|[msg]
|move|p1a: Tyranitar|Rock Blast|p2a: Eternatus
|-damage|p2a: Eternatus|36/100
|-damage|p2a: Eternatus|26/100
|-hitcount|p2a: Eternatus|2
|
|-weather|Sandstorm|[upkeep]
|-damage|p2a: Eternatus|20/100|[from] Sandstorm
|upkeep
|turn|34
|
|t:|1631603958
|move|p2a: Eternatus|Dynamax Cannon|p1a: Tyranitar
|-damage|p1a: Tyranitar|0 fnt
|faint|p1a: Tyranitar
|
|win|8142e
|n|☆skimmythegod|skimmythegod
|n|☆8142e|8142e
|n| Hoennseptile|hoennseptile
|n| Gareeb 2.0|gareeb20
|n| pokemonerxyz|pokemonerxyz
