|j|☆Fartherr
|j|☆TogeBirlHQ
|t:|1660068791
|gametype|singles
|player|p1|Fartherr|266|1453
|player|p2|TogeBirlHQ|nate|1638
|teamsize|p1|6
|teamsize|p2|6
|gen|8
|tier|[Gen 8] Ubers
|rated|
|rule|Sleep Clause Mod: Limit one foe put to sleep
|rule|Species Clause: Limit one of each Pokémon
|rule|OHKO Clause: OHKO moves are banned
|rule|Evasion Items Clause: Evasion items are banned
|rule|Evasion Moves Clause: Evasion moves are banned
|rule|Endless Battle Clause: Forcing endless battles is banned
|rule|HP Percentage Mod: HP is shown in percentages
|rule|Dynamax Clause: You cannot dynamax
|clearpoke
|poke|p1|Calyrex-Ice|
|poke|p1|Porygon2|
|poke|p1|Hatterene, F|
|poke|p1|Kyogre|
|poke|p1|Melmetal|
|poke|p1|Xatu, F|
|poke|p2|Rayquaza|
|poke|p2|Xerneas-*|
|poke|p2|Yveltal|
|poke|p2|Eternatus|
|poke|p2|Necrozma-Dusk-Mane|
|poke|p2|Darmanitan-Galar, M|
|teampreview
|inactive|Battle timer is ON: inactive players will automatically lose when time's up. (requested by Fartherr)
|
|t:|1660068802
|start
|switch|p1a: Hatterene|Hatterene, F|100/100
|switch|p2a: Necrozma|Necrozma-Dusk-Mane|100/100
|turn|1
|
|t:|1660068806
|move|p2a: Necrozma|Iron Head|p1a: Hatterene
|-supereffective|p1a: Hatterene
|-damage|p1a: Hatterene|9/100
|move|p1a: Hatterene|Trick Room|p1a: Hatterene
|-fieldstart|move: Trick Room|[of] p1a: Hatterene
|
|upkeep
|turn|2
|
|t:|1660068811
|move|p1a: Hatterene|Shadow Ball|p2a: Necrozma
|-supereffective|p2a: Necrozma
|-damage|p2a: Necrozma|71/100
|move|p2a: Necrozma|Trick Room|p2a: Necrozma
|-fieldend|move: Trick Room
|
|-heal|p2a: Necrozma|77/100|[from] item: Leftovers
|upkeep
|turn|3
|
|t:|1660068816
|move|p2a: Necrozma|Iron Head|p1a: Hatterene
|-supereffective|p1a: Hatterene
|-damage|p1a: Hatterene|0 fnt
|faint|p1a: Hatterene
|
|-heal|p2a: Necrozma|83/100|[from] item: Leftovers
|upkeep
|
|t:|1660068818
|switch|p1a: Kyogre|Kyogre|100/100
|-weather|RainDance|[from] ability: Drizzle|[of] p1a: Kyogre
|turn|4
|
|t:|1660068824
|switch|p2a: Darmanitan|Darmanitan-Galar, M|100/100
|move|p1a: Kyogre|Water Spout|p2a: Darmanitan
|-crit|p2a: Darmanitan
|-damage|p2a: Darmanitan|0 fnt
|faint|p2a: Darmanitan
|
|-weather|RainDance|[upkeep]
|upkeep
|
|t:|1660068830
|switch|p2a: Rayquaza|Rayquaza|100/100
|-ability|p2a: Rayquaza|Air Lock
|turn|5
|
|t:|1660068847
|switch|p1a: Calyrex|Calyrex-Ice|100/100
|-ability|p1a: Calyrex|As One
|-ability|p1a: Calyrex|Unnerve
|move|p2a: Rayquaza|Dragon Ascent|p1a: Calyrex
|-damage|p1a: Calyrex|38/100
|-unboost|p2a: Rayquaza|def|1
|-unboost|p2a: Rayquaza|spd|1
|-damage|p2a: Rayquaza|91/100|[from] item: Life Orb
|
|-weather|RainDance|[upkeep]
|upkeep
|turn|6
|
|t:|1660068850
|move|p2a: Rayquaza|Dragon Ascent|p1a: Calyrex
|-damage|p1a: Calyrex|0 fnt
|-unboost|p2a: Rayquaza|def|1
|-unboost|p2a: Rayquaza|spd|1
|faint|p1a: Calyrex
|-damage|p2a: Rayquaza|81/100|[from] item: Life Orb
|
|-weather|RainDance|[upkeep]
|upkeep
|
|t:|1660068851
|switch|p1a: Porygon2|Porygon2|100/100
|-ability|p1a: Porygon2|Air Lock|[from] ability: Trace|[of] p2a: Rayquaza
|turn|7
|
|t:|1660068856
|switch|p2a: Necrozma|Necrozma-Dusk-Mane|83/100
|move|p1a: Porygon2|Trick Room|p1a: Porygon2
|-fieldstart|move: Trick Room|[of] p1a: Porygon2
|
|-weather|RainDance|[upkeep]
|-heal|p2a: Necrozma|89/100|[from] item: Leftovers
|upkeep
|turn|8
|
|t:|1660068862
|move|p1a: Porygon2|Foul Play|p2a: Necrozma
|-supereffective|p2a: Necrozma
|-damage|p2a: Necrozma|55/100
|move|p2a: Necrozma|Trick Room|p2a: Necrozma
|-fieldend|move: Trick Room
|
|-weather|none
|-heal|p2a: Necrozma|61/100|[from] item: Leftovers
|upkeep
|turn|9
|
|t:|1660068865
|switch|p2a: Eternatus|Eternatus|100/100
|-ability|p2a: Eternatus|Pressure
|move|p1a: Porygon2|Trick Room|p1a: Porygon2
|-fieldstart|move: Trick Room|[of] p1a: Porygon2
|
|upkeep
|turn|10
|
|t:|1660068873
|move|p1a: Porygon2|Teleport|p1a: Porygon2
|
|t:|1660068875
|switch|p1a: Xatu|Xatu, F|100/100|[from]move: Teleport
|move|p2a: Eternatus|Dragon Tail|p1a: Xatu
|-damage|p1a: Xatu|85/100
|drag|p1a: Melmetal|Melmetal|100/100
|
|upkeep
|turn|11
|
|t:|1660068896
|switch|p2a: Yveltal|Yveltal|100/100
|-ability|p2a: Yveltal|Dark Aura
|move|p1a: Melmetal|Earthquake|p2a: Yveltal
|-immune|p2a: Yveltal
|
|upkeep
|turn|12
|
|t:|1660068902
|switch|p1a: Kyogre|Kyogre|100/100
|-weather|RainDance|[from] ability: Drizzle|[of] p1a: Kyogre
|move|p2a: Yveltal|U-turn|p1a: Kyogre
|-damage|p1a: Kyogre|83/100
|
|t:|1660068912
|switch|p2a: Rayquaza|Rayquaza|81/100|[from]move: U-turn
|-ability|p2a: Rayquaza|Air Lock
|
|-weather|RainDance|[upkeep]
|upkeep
|turn|13
|
|t:|1660068920
|switch|p2a: Necrozma|Necrozma-Dusk-Mane|61/100
|move|p1a: Kyogre|Ice Beam|p2a: Necrozma
|-resisted|p2a: Necrozma
|-damage|p2a: Necrozma|44/100
|
|-weather|RainDance|[upkeep]
|-heal|p2a: Necrozma|50/100|[from] item: Leftovers
|-fieldend|move: Trick Room
|upkeep
|turn|14
|
|t:|1660068926
|switch|p1a: Xatu|Xatu, F|85/100
|move|p2a: Necrozma|Moonlight|p2a: Necrozma
|-heal|p2a: Necrozma|75/100
|
|-weather|RainDance|[upkeep]
|-heal|p2a: Necrozma|81/100|[from] item: Leftovers
|upkeep
|turn|15
|
|t:|1660068934
|move|p2a: Necrozma|Iron Head|p1a: Xatu
|-damage|p1a: Xatu|47/100
|cant|p1a: Xatu|flinch
|
|-weather|RainDance|[upkeep]
|-heal|p2a: Necrozma|87/100|[from] item: Leftovers
|upkeep
|turn|16
|
|t:|1660068938
|move|p2a: Necrozma|Iron Head|p1a: Xatu
|-damage|p1a: Xatu|10/100
|cant|p1a: Xatu|flinch
|
|-weather|none
|-heal|p2a: Necrozma|93/100|[from] item: Leftovers
|upkeep
|turn|17
|
|t:|1660068944
|switch|p1a: Melmetal|Melmetal|100/100
|move|p2a: Necrozma|Iron Head|p1a: Melmetal
|-resisted|p1a: Melmetal
|-damage|p1a: Melmetal|90/100
|
|-heal|p2a: Necrozma|99/100|[from] item: Leftovers
|upkeep
|turn|18
|
|t:|1660068948
|switch|p2a: Yveltal|Yveltal|100/100
|-ability|p2a: Yveltal|Dark Aura
|move|p1a: Melmetal|Earthquake|p2a: Yveltal
|-immune|p2a: Yveltal
|
|upkeep
|turn|19
|
|t:|1660068959
|switch|p1a: Xatu|Xatu, F|10/100
|move|p2a: Yveltal|U-turn|p1a: Xatu
|-damage|p1a: Xatu|0 fnt
|faint|p1a: Xatu
|
|t:|1660068965
|switch|p2a: Necrozma|Necrozma-Dusk-Mane|99/100|[from]move: U-turn
|
|-heal|p2a: Necrozma|100/100|[from] item: Leftovers
|upkeep
|
|t:|1660068970
|switch|p1a: Melmetal|Melmetal|90/100
|turn|20
|
|t:|1660068973
|switch|p2a: Yveltal|Yveltal|100/100
|-ability|p2a: Yveltal|Dark Aura
|move|p1a: Melmetal|Double Iron Bash|p2a: Yveltal
|-damage|p2a: Yveltal|41/100
|-damage|p2a: Yveltal|0 fnt
|faint|p2a: Yveltal
|-hitcount|p2: Yveltal|2
|
|upkeep
|
|t:|1660068981
|switch|p2a: Rayquaza|Rayquaza|81/100
|-ability|p2a: Rayquaza|Air Lock
|turn|21
|
|t:|1660068983
|move|p2a: Rayquaza|V-create|p1a: Melmetal
|-supereffective|p1a: Melmetal
|-damage|p1a: Melmetal|0 fnt
|-unboost|p2a: Rayquaza|spe|1
|-unboost|p2a: Rayquaza|def|1
|-unboost|p2a: Rayquaza|spd|1
|faint|p1a: Melmetal
|-damage|p2a: Rayquaza|71/100|[from] item: Life Orb
|
|upkeep
|
|t:|1660068985
|switch|p1a: Kyogre|Kyogre|83/100
|-weather|RainDance|[from] ability: Drizzle|[of] p1a: Kyogre
|turn|22
|
|t:|1660068989
|move|p2a: Rayquaza|Dragon Ascent|p1a: Kyogre
|-damage|p1a: Kyogre|0 fnt
|-unboost|p2a: Rayquaza|def|1
|-unboost|p2a: Rayquaza|spd|1
|faint|p1a: Kyogre
|-damage|p2a: Rayquaza|61/100|[from] item: Life Orb
|
|-weather|RainDance|[upkeep]
|upkeep
|
|t:|1660068992
|switch|p1a: Porygon2|Porygon2|100/100
|-ability|p1a: Porygon2|Air Lock|[from] ability: Trace|[of] p2a: Rayquaza
|turn|23
|
|t:|1660068997
|move|p2a: Rayquaza|Dragon Ascent|p1a: Porygon2
|-damage|p1a: Porygon2|52/100
|-unboost|p2a: Rayquaza|def|1
|-unboost|p2a: Rayquaza|spd|1
|-damage|p2a: Rayquaza|51/100|[from] item: Life Orb
|move|p1a: Porygon2|Trick Room|p1a: Porygon2
|-fieldstart|move: Trick Room|[of] p1a: Porygon2
|
|-weather|RainDance|[upkeep]
|upkeep
|turn|24
|
|t:|1660069006
|move|p1a: Porygon2|Foul Play|p2a: Rayquaza
|-damage|p2a: Rayquaza|0 fnt
|faint|p2a: Rayquaza
|
|-weather|RainDance|[upkeep]
|upkeep
|
|t:|1660069009
|switch|p2a: Xerneas|Xerneas|100/100
|-ability|p2a: Xerneas|Fairy Aura
|turn|25
|
|t:|1660069016
|move|p1a: Porygon2|Foul Play|p2a: Xerneas
|-resisted|p2a: Xerneas
|-damage|p2a: Xerneas|92/100
|move|p2a: Xerneas|Geomancy||[still]
|-prepare|p2a: Xerneas|Geomancy
|-enditem|p2a: Xerneas|Power Herb
|-anim|p2a: Xerneas|Geomancy|p2a: Xerneas
|-boost|p2a: Xerneas|spa|2
|-boost|p2a: Xerneas|spd|2
|-boost|p2a: Xerneas|spe|2
|
|-weather|RainDance|[upkeep]
|upkeep
|turn|26
|-message|Fartherr forfeited.
|
|win|TogeBirlHQ
|raw|Fartherr's rating: 1453 &rarr; <strong>1443</strong><br />(-10 for losing)
|raw|TogeBirlHQ's rating: 1638 &rarr; <strong>1648</strong><br />(+10 for winning)
|l|☆Fartherr
||Ladder isn't responding, score probably updated but might not have (Request timeout).
