|j|☆LuckyPiper
|j|☆8142e
|t:|1612441217
|player|p1|LuckyPiper|clerkf|
|player|p2|8142e|hugh|
|teamsize|p1|6
|teamsize|p2|6
|gametype|singles
|gen|8
|tier|[Gen 8] Ubers
|clearpoke
|poke|p1|Calyrex-Shadow|
|poke|p1|Ho-Oh|
|poke|p1|Xerneas|
|poke|p1|Tyranitar, M|
|poke|p1|Kyogre|
|poke|p1|Zygarde|
|poke|p2|Rillaboom, M|
|poke|p2|Groudon|
|poke|p2|Yveltal|
|poke|p2|Eternatus|
|poke|p2|Necrozma-Dusk-Mane|
|poke|p2|Zacian|
|rule|Sleep Clause Mod: Limit one foe put to sleep
|rule|Species Clause: Limit one of each Pokémon
|rule|OHKO Clause: OHKO moves are banned
|rule|Evasion Moves Clause: Evasion moves are banned
|rule|Endless Battle Clause: Forcing endless battles is banned
|rule|HP Percentage Mod: HP is shown in percentages
|rule|Dynamax Clause: You cannot dynamax
|teampreview
|j| Mega Zygarde-100%
|c|☆8142e|Hl
|c|☆8142e|Gl*
|c|☆LuckyPiper|u2
|inactive|Battle timer is ON: inactive players will automatically lose when time's up. (requested by 8142e)
|inactiveoff|Battle timer is now OFF.
|
|t:|1612441271
|start
|switch|p1a: Tyranitar|Tyranitar, M|100/100
|switch|p2a: Rillaboom|Rillaboom, M|100/100
|-fieldstart|move: Grassy Terrain|[from] ability: Grassy Surge|[of] p2a: Rillaboom
|-weather|Sandstorm|[from] ability: Sand Stream|[of] p1a: Tyranitar
|turn|1
|c|☆8142e|I might dc
|c|☆LuckyPiper|ok
|
|t:|1612441278
|switch|p1a: Ho-Oh|Ho-Oh|100/100
|move|p2a: Rillaboom|Knock Off|p1a: Ho-Oh
|-damage|p1a: Ho-Oh|55/100
|-enditem|p1a: Ho-Oh|Heavy-Duty Boots|[from] move: Knock Off|[of] p2a: Rillaboom
|
|-weather|Sandstorm|[upkeep]
|-damage|p2a: Rillaboom|94/100|[from] Sandstorm
|-damage|p1a: Ho-Oh|49/100|[from] Sandstorm
|-heal|p2a: Rillaboom|100/100|[from] Grassy Terrain
|upkeep
|turn|2
|
|t:|1612441288
|switch|p2a: Et1ernatus|Eternatus|100/100
|-ability|p2a: Et1ernatus|Pressure
|move|p1a: Ho-Oh|Roost|p1a: Ho-Oh
|-heal|p1a: Ho-Oh|99/100
|-singleturn|p1a: Ho-Oh|move: Roost
|
|-weather|Sandstorm|[upkeep]
|-damage|p2a: Et1ernatus|94/100|[from] Sandstorm
|-damage|p1a: Ho-Oh|94/100|[from] Sandstorm
|-heal|p2a: Et1ernatus|100/100|[from] Grassy Terrain
|-heal|p1a: Ho-Oh|99/100|[from] Grassy Terrain
|upkeep
|turn|3
|
|t:|1612441295
|switch|p1a: Tyranitar|Tyranitar, M|100/100
|move|p2a: Et1ernatus|Toxic Spikes|p1a: Tyranitar
|-sidestart|p1: LuckyPiper|move: Toxic Spikes
|
|-weather|Sandstorm|[upkeep]
|-damage|p2a: Et1ernatus|94/100|[from] Sandstorm
|-heal|p2a: Et1ernatus|100/100|[from] Grassy Terrain
|upkeep
|turn|4
|
|t:|1612441301
|switch|p2a: Groudon|Groudon|100/100
|-weather|SunnyDay|[from] ability: Drought|[of] p2a: Groudon
|move|p1a: Tyranitar|Stealth Rock|p2a: Groudon
|-sidestart|p2: 8142e|move: Stealth Rock
|
|-weather|SunnyDay|[upkeep]
|upkeep
|turn|5
|
|t:|1612441309
|move|p2a: Groudon|Swords Dance|p2a: Groudon
|-boost|p2a: Groudon|atk|2
|move|p1a: Tyranitar|Toxic|p2a: Groudon
|-status|p2a: Groudon|tox
|
|-weather|SunnyDay|[upkeep]
|-fieldend|move: Grassy Terrain
|-damage|p2a: Groudon|94/100 tox|[from] psn
|upkeep
|turn|6
|
|t:|1612441324
|switch|p1a: Zygarde|Zygarde|100/100
|-status|p1a: Zygarde|psn
|-enditem|p1a: Zygarde|Lum Berry|[eat]
|-curestatus|p1a: Zygarde|psn|[msg]
|move|p2a: Groudon|Rock Polish|p2a: Groudon
|-boost|p2a: Groudon|spe|2
|
|-weather|SunnyDay|[upkeep]
|-heal|p2a: Groudon|100/100 tox|[from] item: Leftovers
|-damage|p2a: Groudon|88/100 tox|[from] psn
|upkeep
|turn|7
|
|t:|1612441332
|move|p2a: Groudon|Precipice Blades|p1a: Zygarde
|-crit|p1a: Zygarde
|-damage|p1a: Zygarde|0 fnt
|faint|p1a: Zygarde
|
|-weather|SunnyDay|[upkeep]
|-heal|p2a: Groudon|94/100 tox|[from] item: Leftovers
|-damage|p2a: Groudon|76/100 tox|[from] psn
|upkeep
|c|☆LuckyPiper|:/
|c|☆8142e|Didnt mattrr
|c|☆8142e|Were u max defnse?
|c|☆LuckyPiper|are you adamant
|c|☆8142e|Yes
|c|☆LuckyPiper|I'm some bulk
|c|☆LuckyPiper|Mixed tho
|c|☆8142e|It kills sub dd
|c| Mega Zygarde-100%|Didnt matter , in that case.
|c|☆8142e|Only max defense lives
|c|☆LuckyPiper|How
|c|☆LuckyPiper|+2 252+ Atk Groudon Precipice Blades vs. 252 HP / 100 Def Zygarde: 373-439 (88.8 - 104.5%) -- 31.3% chance to OHKO
|c|☆8142e|Oh
|c|☆8142e|Mb then
|c| Mega Zygarde-100%|Not life orb.
|c|☆LuckyPiper|It was a roll anyways
|c|☆LuckyPiper|he's lefties
|c|☆LuckyPiper|so yes
|c|☆LuckyPiper|not life orb.
|c|☆8142e|Mb
|
|t:|1612441462
|switch|p1a: Ho-Oh|Ho-Oh|100/100
|turn|8
|c|☆LuckyPiper|all g
|
|t:|1612441470
|move|p2a: Groudon|Stone Edge|p1a: Ho-Oh
|-supereffective|p1a: Ho-Oh
|-crit|p1a: Ho-Oh
|-damage|p1a: Ho-Oh|0 fnt
|faint|p1a: Ho-Oh
|
|-weather|none
|-heal|p2a: Groudon|82/100 tox|[from] item: Leftovers
|-damage|p2a: Groudon|57/100 tox|[from] psn
|upkeep
|
|t:|1612441475
|switch|p1a: Tyranitar|Tyranitar, M|100/100
|-status|p1a: Tyranitar|psn
|-weather|Sandstorm|[from] ability: Sand Stream|[of] p1a: Tyranitar
|turn|9
|
|t:|1612441478
|move|p2a: Groudon|Precipice Blades|p1a: Tyranitar
|-supereffective|p1a: Tyranitar
|-damage|p1a: Tyranitar|0 fnt
|faint|p1a: Tyranitar
|
|-weather|Sandstorm|[upkeep]
|-heal|p2a: Groudon|63/100 tox|[from] item: Leftovers
|-damage|p2a: Groudon|32/100 tox|[from] psn
|upkeep
|
|t:|1612441482
|switch|p1a: Kyogre|Kyogre|100/100
|-status|p1a: Kyogre|psn
|-weather|RainDance|[from] ability: Drizzle|[of] p1a: Kyogre
|turn|10
|
|t:|1612441486
|move|p2a: Groudon|Precipice Blades|p1a: Kyogre
|-damage|p1a: Kyogre|0 fnt
|faint|p1a: Kyogre
|
|-weather|RainDance|[upkeep]
|-heal|p2a: Groudon|38/100 tox|[from] item: Leftovers
|-damage|p2a: Groudon|1/100 tox|[from] psn
|upkeep
|
|t:|1612441488
|switch|p1a: Xerneas|Xerneas|100/100
|-status|p1a: Xerneas|psn
|-ability|p1a: Xerneas|Fairy Aura
|turn|11
|
|t:|1612441492
|move|p2a: Groudon|Precipice Blades|p1a: Xerneas
|-damage|p1a: Xerneas|0 fnt
|faint|p1a: Xerneas
|
|-weather|RainDance|[upkeep]
|-heal|p2a: Groudon|7/100 tox|[from] item: Leftovers
|-damage|p2a: Groudon|0 fnt|[from] psn
|faint|p2a: Groudon
|upkeep
|
|t:|1612441495
|switch|p2a: Yveltal|Yveltal|100/100
|switch|p1a: Calyrex|Calyrex-Shadow|100/100
|-ability|p1a: Calyrex|As One
|-ability|p1a: Calyrex|Unnerve|p2: 8142e
|-status|p1a: Calyrex|psn
|-ability|p2a: Yveltal|Dark Aura
|turn|12
|l| Mega Zygarde-100%
|
|t:|1612441501
|move|p1a: Calyrex|Substitute|p1a: Calyrex
|-start|p1a: Calyrex|Substitute
|-damage|p1a: Calyrex|76/100 psn
|move|p2a: Yveltal|Knock Off|p1a: Calyrex
|-supereffective|p1a: Calyrex
|-end|p1a: Calyrex|Substitute
|
|-weather|RainDance|[upkeep]
|-damage|p1a: Calyrex|63/100 psn|[from] psn
|upkeep
|turn|13
|
|t:|1612441504
|move|p1a: Calyrex|Astral Barrage|p2a: Yveltal
|-resisted|p2a: Yveltal
|-damage|p2a: Yveltal|72/100
|move|p2a: Yveltal|Knock Off|p1a: Calyrex
|-supereffective|p1a: Calyrex
|-damage|p1a: Calyrex|0 fnt
|-enditem|p1a: Calyrex|Spell Tag|[from] move: Knock Off|[of] p2a: Yveltal
|faint|p1a: Calyrex
|
|win|8142e
|c|☆LuckyPiper|gg
|c|☆LuckyPiper|Unfort ig
|l|☆LuckyPiper
