|j|☆TrueNora
|j|☆ultw5r riko
|player|p1|TrueNora|kahili|1648
|player|p2|ultw5r riko|schoolkidf|1590
|teamsize|p1|6
|teamsize|p2|6
|gametype|singles
|gen|8
|tier|[Gen 8] Ubers
|rated|
|clearpoke
|poke|p1|Zamazenta|
|poke|p1|Lunala|
|poke|p1|Eternatus|
|poke|p1|Mandibuzz, F|
|poke|p1|Necrozma-Dusk-Mane|
|poke|p1|Dugtrio, M|
|poke|p2|Ninjask, M|
|poke|p2|Dubwool, F|
|poke|p2|Clefable, F|
|poke|p2|Vaporeon, M|
|poke|p2|Indeedee-F, F|
|poke|p2|Hatterene, F|
|rule|Sleep Clause Mod: Limit one foe put to sleep
|rule|Species Clause: Limit one of each Pokémon
|rule|OHKO Clause: OHKO moves are banned
|rule|Evasion Moves Clause: Evasion moves are banned
|rule|Endless Battle Clause: Forcing endless battles is banned
|rule|HP Percentage Mod: HP is shown in percentages
|html|Ubers Dynamax Clause: Pokémon on the <a href="https://www.smogon.com/dex/ss/formats/uber/">Ubers Dynamax Banlist</a> cannot Dynamax.
|teampreview
|j| marrant
|c| marrant|choke pas
|
|start
|switch|p1a: Dugtrio|Dugtrio, M|100/100
|switch|p2a: la ninja|Ninjask, M|100/100
|turn|1
|
|switch|p2a: la mouton|Dubwool, F|100/100
|-start|p1a: Dugtrio|Dynamax
|-heal|p1a: Dugtrio|100/100|[silent]
|move|p1a: Dugtrio|Max Rockfall|p2a: la mouton
|-crit|p2a: la mouton
|-damage|p2a: la mouton|56/100
|-weather|Sandstorm
|
|-weather|Sandstorm|[upkeep]
|-damage|p2a: la mouton|50/100|[from] Sandstorm
|-heal|p2a: la mouton|56/100|[from] item: Leftovers
|upkeep
|turn|2
|
|move|p1a: Dugtrio|Max Quake|p2a: la mouton
|-damage|p2a: la mouton|9/100
|-boost|p1a: Dugtrio|spd|1
|move|p2a: la mouton|Cotton Guard|p2a: la mouton
|-boost|p2a: la mouton|def|3
|
|-weather|Sandstorm|[upkeep]
|-damage|p2a: la mouton|3/100|[from] Sandstorm
|-heal|p2a: la mouton|9/100|[from] item: Leftovers
|upkeep
|turn|3
|j| L'habitat
|
|move|p1a: Dugtrio|Max Quake|p2a: la mouton
|-damage|p2a: la mouton|0 fnt
|-boost|p1a: Dugtrio|spd|1
|faint|p2a: la mouton
|
|-weather|Sandstorm|[upkeep]
|-end|p1a: Dugtrio|Dynamax
|-heal|p1a: Dugtrio|100/100|[silent]
|upkeep
|
|switch|p2a: la ninja|Ninjask, M|100/100
|turn|4
|
|move|p2a: la ninja|Protect|p2a: la ninja
|-singleturn|p2a: la ninja|Protect
|move|p1a: Dugtrio|Stealth Rock|p2a: la ninja
|-sidestart|p2: ultw5r riko|move: Stealth Rock
|
|-weather|Sandstorm|[upkeep]
|-damage|p2a: la ninja|94/100|[from] Sandstorm
|-ability|p2a: la ninja|Speed Boost|boost
|-boost|p2a: la ninja|spe|1
|upkeep
|turn|5
|
|switch|p1a: Necrozma|Necrozma-Dusk-Mane|100/100
|move|p2a: la ninja|Substitute|p2a: la ninja
|-start|p2a: la ninja|Substitute
|-damage|p2a: la ninja|70/100
|
|-weather|none
|-ability|p2a: la ninja|Speed Boost|boost
|-boost|p2a: la ninja|spe|1
|upkeep
|turn|6
|
|move|p2a: la ninja|Defog|p1a: Necrozma
|-unboost|p1a: Necrozma|evasion|1
|-sideend|p2: ultw5r riko|Stealth Rock|[from] move: Defog|[of] p2a: la ninja
|move|p1a: Necrozma|Knock Off|p2a: la ninja
|-end|p2a: la ninja|Substitute
|
|-ability|p2a: la ninja|Speed Boost|boost
|-boost|p2a: la ninja|spe|1
|upkeep
|turn|7
|
|move|p2a: la ninja|Baton Pass|p2a: la ninja
|
|switch|p2a: le sirène|Vaporeon, M|100/100|[from]move: Baton Pass
|move|p1a: Necrozma|Knock Off|p2a: le sirène
|-damage|p2a: le sirène|71/100
|-enditem|p2a: le sirène|Leftovers|[from] move: Knock Off|[of] p1a: Necrozma
|
|upkeep
|turn|8
|
|switch|p1a: Mandibuzz|Mandibuzz, F|100/100
|move|p2a: le sirène|Aqua Ring|p2a: le sirène
|-start|p2a: le sirène|Aqua Ring
|
|-heal|p2a: le sirène|78/100|[from] Aqua Ring
|upkeep
|turn|9
|
|switch|p1a: Necrozma|Necrozma-Dusk-Mane|100/100
|move|p2a: le sirène|Substitute|p2a: le sirène
|-start|p2a: le sirène|Substitute
|-damage|p2a: le sirène|53/100
|
|-heal|p2a: le sirène|59/100|[from] Aqua Ring
|upkeep
|turn|10
|
|move|p2a: le sirène|Baton Pass|p2a: le sirène
|
|switch|p2a: le fée|Clefable, F|100/100|[from]move: Baton Pass
|move|p1a: Necrozma|Knock Off|p2a: le fée
|-resisted|p2a: le fée
|-activate|p2a: le fée|move: Substitute|[damage]
|
|upkeep
|turn|11
|
|move|p2a: le fée|Amnesia|p2a: le fée
|-boost|p2a: le fée|spd|2
|move|p1a: Necrozma|Sunsteel Strike|p2a: le fée
|-supereffective|p2a: le fée
|-end|p2a: le fée|Substitute
|
|upkeep
|turn|12
|l| L'habitat
|
|switch|p1a: Zamazenta|Zamazenta|100/100
|-ability|p1a: Zamazenta|Dauntless Shield|boost
|-boost|p1a: Zamazenta|def|1
|move|p2a: le fée|Baton Pass|p2a: le fée
|
|switch|p2a: le sirène|Vaporeon, M|59/100|[from]move: Baton Pass
|
|-heal|p2a: le sirène|65/100|[from] Aqua Ring
|upkeep
|turn|13
|
|move|p2a: le sirène|Substitute|p2a: le sirène
|-start|p2a: le sirène|Substitute
|-damage|p2a: le sirène|40/100
|move|p1a: Zamazenta|Wild Charge|p2a: le sirène
|-supereffective|p2a: le sirène
|-end|p2a: le sirène|Substitute
|-damage|p1a: Zamazenta|92/100|[from] Recoil|[of] p2a: le sirène
|
|-heal|p2a: le sirène|46/100|[from] Aqua Ring
|upkeep
|turn|14
|
|move|p2a: le sirène|Baton Pass|p2a: le sirène
|
|switch|p2a: le fée|Clefable, F|100/100|[from]move: Baton Pass
|move|p1a: Zamazenta|Wild Charge|p2a: le fée
|-damage|p2a: le fée|41/100
|-damage|p1a: Zamazenta|73/100|[from] Recoil
|
|-heal|p2a: le fée|47/100|[from] item: Leftovers
|-heal|p2a: le fée|53/100|[from] Aqua Ring
|upkeep
|turn|15
|
|move|p2a: le fée|Baton Pass|p2a: le fée
|
|switch|p2a: la|Indeedee-F, F|100/100|[from]move: Baton Pass
|-fieldstart|move: Psychic Terrain|[from] ability: Psychic Surge|[of] p2a: la
|move|p1a: Zamazenta|Wild Charge|p2a: la
|-damage|p2a: la|51/100
|-damage|p1a: Zamazenta|60/100|[from] Recoil
|
|-heal|p2a: la|57/100|[from] item: Leftovers
|-heal|p2a: la|64/100|[from] Aqua Ring
|upkeep
|turn|16
|
|switch|p1a: Necrozma|Necrozma-Dusk-Mane|100/100
|move|p2a: la|Calm Mind|p2a: la
|-boost|p2a: la|spa|1
|-boost|p2a: la|spd|1
|
|-heal|p2a: la|70/100|[from] item: Leftovers
|-heal|p2a: la|76/100|[from] Aqua Ring
|upkeep
|turn|17
|j| Idgaf praise me
|
|move|p2a: la|Calm Mind|p2a: la
|-boost|p2a: la|spa|1
|-boost|p2a: la|spd|1
|move|p1a: Necrozma|Knock Off|p2a: la
|-supereffective|p2a: la
|-damage|p2a: la|14/100
|-enditem|p2a: la|Leftovers|[from] move: Knock Off|[of] p1a: Necrozma
|
|-heal|p2a: la|20/100|[from] Aqua Ring
|upkeep
|turn|18
|
|move|p2a: la|Baton Pass|p2a: la
|
|switch|p2a: le sirène|Vaporeon, M|46/100|[from]move: Baton Pass
|move|p1a: Necrozma|Sunsteel Strike|p2a: le sirène
|-resisted|p2a: le sirène
|-damage|p2a: le sirène|27/100
|
|-heal|p2a: le sirène|33/100|[from] Aqua Ring
|upkeep
|turn|19
|
|move|p2a: le sirène|Substitute|p2a: le sirène
|-start|p2a: le sirène|Substitute
|-damage|p2a: le sirène|8/100
|move|p1a: Necrozma|Knock Off|p2a: le sirène
|-activate|p2a: le sirène|move: Substitute|[damage]
|
|-heal|p2a: le sirène|14/100|[from] Aqua Ring
|-fieldend|move: Psychic Terrain
|upkeep
|turn|20
|
|move|p1a: Necrozma|Knock Off|p2a: le sirène
|-end|p2a: le sirène|Substitute
|move|p2a: le sirène|Roar|p1a: Necrozma
|drag|p1a: Dugtrio|Dugtrio, M|100/100
|
|-heal|p2a: le sirène|20/100|[from] Aqua Ring
|upkeep
|turn|21
|
|move|p1a: Dugtrio|Earthquake|p2a: le sirène
|-damage|p2a: le sirène|0 fnt
|faint|p2a: le sirène
|
|upkeep
|-message|ultw5r riko forfeited.
|
|win|TrueNora
|l|☆ultw5r riko
|c| Idgaf praise me|Lol
|l| marrant
|raw|TrueNora's rating: 1657 &rarr; <strong>1673</strong><br />(+16 for winning)
|raw|ultw5r riko's rating: 1590 &rarr; <strong>1573</strong><br />(-17 for losing)
|c|☆TrueNora|i hate bp
|c|☆TrueNora|idk how i won
|c| Idgaf praise me|LOL
|c| Idgaf praise me|cause BP sucks
|c|☆TrueNora|i have negative
|c|☆TrueNora|bp mu
|c| Idgaf praise me|you dont even need haze shit
|c| Idgaf praise me|I been saying
|c|☆TrueNora|they went hard into dubwool
|c|☆TrueNora|choke
|c| Idgaf praise me|I'll watch the replay inna sec
|c|☆TrueNora|tho i crit
|c| Idgaf praise me|post in disc
|c|☆TrueNora|max quake did a lot
