|j|☆Chunkomucho
|j|☆Ydtusryk
|player|p1|Chunkomucho|erika|1491
|player|p2|Ydtusryk|lyra|1323
|teamsize|p1|6
|teamsize|p2|6
|gametype|singles
|gen|8
|tier|[Gen 8] Ubers
|rated|
|clearpoke
|poke|p1|Zamazenta|
|poke|p1|Hatterene, F|
|poke|p1|Corviknight, M|
|poke|p1|Quagsire, M|
|poke|p1|Tyranitar, M|
|poke|p1|Ditto|
|poke|p2|Zacian-Crowned|
|poke|p2|Marshadow|
|poke|p2|Ribombee, M|
|poke|p2|Mimikyu, M|
|poke|p2|Charizard, M|
|poke|p2|Ferrothorn, F|
|rule|Sleep Clause Mod: Limit one foe put to sleep
|rule|Species Clause: Limit one of each Pokémon
|rule|OHKO Clause: OHKO moves are banned
|rule|Evasion Moves Clause: Evasion moves are banned
|rule|Endless Battle Clause: Forcing endless battles is banned
|rule|HP Percentage Mod: HP is shown in percentages
|html|Ubers Dynamax Clause: Pokémon on the <a href="https://www.smogon.com/dex/ss/formats/uber/">Ubers Dynamax Banlist</a> cannot Dynamax.
|teampreview
|inactive|Battle timer is ON: inactive players will automatically lose when time's up. (requested by Ydtusryk)
|
|start
|switch|p1a: Corviknight|Corviknight, M|100/100
|switch|p2a: Ferrothorn|Ferrothorn, F|100/100
|-ability|p1a: Corviknight|Pressure
|turn|1
|
|move|p1a: Corviknight|Body Press|p2a: Ferrothorn
|-supereffective|p2a: Ferrothorn
|-damage|p2a: Ferrothorn|62/100
|-damage|p1a: Corviknight|88/100|[from] ability: Iron Barbs|[of] p2a: Ferrothorn
|move|p2a: Ferrothorn|Leech Seed|p1a: Corviknight
|-start|p1a: Corviknight|move: Leech Seed
|
|-heal|p2a: Ferrothorn|68/100|[from] item: Leftovers
|-damage|p1a: Corviknight|75/100|[from] Leech Seed|[of] p2a: Ferrothorn
|-heal|p2a: Ferrothorn|82/100|[silent]
|upkeep
|turn|2
|
|move|p2a: Ferrothorn|Protect|p2a: Ferrothorn
|-singleturn|p2a: Ferrothorn|Protect
|move|p1a: Corviknight|Body Press|p2a: Ferrothorn
|-activate|p2a: Ferrothorn|move: Protect
|
|-heal|p2a: Ferrothorn|88/100|[from] item: Leftovers
|-damage|p1a: Corviknight|63/100|[from] Leech Seed|[of] p2a: Ferrothorn
|-heal|p2a: Ferrothorn|100/100|[silent]
|upkeep
|turn|3
|
|move|p1a: Corviknight|Roost|p1a: Corviknight
|-heal|p1a: Corviknight|100/100
|-singleturn|p1a: Corviknight|move: Roost
|move|p2a: Ferrothorn|Stealth Rock|p1a: Corviknight
|-sidestart|p1: Chunkomucho|move: Stealth Rock
|
|-damage|p1a: Corviknight|88/100|[from] Leech Seed|[of] p2a: Ferrothorn
|upkeep
|turn|4
|
|move|p1a: Corviknight|Defog|p2a: Ferrothorn
|-unboost|p2a: Ferrothorn|evasion|1
|-sideend|p1: Chunkomucho|Stealth Rock|[from] move: Defog|[of] p1a: Corviknight
|move|p2a: Ferrothorn|Gyro Ball|p1a: Corviknight
|-resisted|p1a: Corviknight
|-damage|p1a: Corviknight|78/100
|-damage|p2a: Ferrothorn|84/100|[from] item: Rocky Helmet|[of] p1a: Corviknight
|
|-heal|p2a: Ferrothorn|90/100|[from] item: Leftovers
|-damage|p1a: Corviknight|66/100|[from] Leech Seed|[of] p2a: Ferrothorn
|-heal|p2a: Ferrothorn|100/100|[silent]
|upkeep
|turn|5
|
|move|p1a: Corviknight|Body Press|p2a: Ferrothorn
|-supereffective|p2a: Ferrothorn
|-damage|p2a: Ferrothorn|66/100
|-damage|p1a: Corviknight|53/100|[from] ability: Iron Barbs|[of] p2a: Ferrothorn
|move|p2a: Ferrothorn|Stealth Rock|p1a: Corviknight
|-sidestart|p1: Chunkomucho|move: Stealth Rock
|
|-heal|p2a: Ferrothorn|72/100|[from] item: Leftovers
|-damage|p1a: Corviknight|41/100|[from] Leech Seed|[of] p2a: Ferrothorn
|-heal|p2a: Ferrothorn|87/100|[silent]
|upkeep
|turn|6
|
|move|p1a: Corviknight|Defog|p2a: Ferrothorn
|-unboost|p2a: Ferrothorn|evasion|1
|-sideend|p1: Chunkomucho|Stealth Rock|[from] move: Defog|[of] p1a: Corviknight
|move|p2a: Ferrothorn|Gyro Ball|p1a: Corviknight
|-resisted|p1a: Corviknight
|-damage|p1a: Corviknight|30/100
|-damage|p2a: Ferrothorn|70/100|[from] item: Rocky Helmet|[of] p1a: Corviknight
|
|-heal|p2a: Ferrothorn|76/100|[from] item: Leftovers
|-damage|p1a: Corviknight|18/100|[from] Leech Seed|[of] p2a: Ferrothorn
|-heal|p2a: Ferrothorn|91/100|[silent]
|upkeep
|turn|7
|
|move|p1a: Corviknight|Roost|p1a: Corviknight
|-heal|p1a: Corviknight|68/100
|-singleturn|p1a: Corviknight|move: Roost
|move|p2a: Ferrothorn|Stealth Rock|p1a: Corviknight
|-sidestart|p1: Chunkomucho|move: Stealth Rock
|
|-heal|p2a: Ferrothorn|97/100|[from] item: Leftovers
|-damage|p1a: Corviknight|55/100|[from] Leech Seed|[of] p2a: Ferrothorn
|-heal|p2a: Ferrothorn|100/100|[silent]
|upkeep
|turn|8
|
|move|p1a: Corviknight|Defog|p2a: Ferrothorn
|-unboost|p2a: Ferrothorn|evasion|1
|-sideend|p1: Chunkomucho|Stealth Rock|[from] move: Defog|[of] p1a: Corviknight
|move|p2a: Ferrothorn|Gyro Ball|p1a: Corviknight
|-resisted|p1a: Corviknight
|-damage|p1a: Corviknight|45/100
|-damage|p2a: Ferrothorn|84/100|[from] item: Rocky Helmet|[of] p1a: Corviknight
|
|-heal|p2a: Ferrothorn|90/100|[from] item: Leftovers
|-damage|p1a: Corviknight|32/100|[from] Leech Seed|[of] p2a: Ferrothorn
|-heal|p2a: Ferrothorn|100/100|[silent]
|upkeep
|turn|9
|
|move|p1a: Corviknight|Roost|p1a: Corviknight
|-heal|p1a: Corviknight|82/100
|-singleturn|p1a: Corviknight|move: Roost
|move|p2a: Ferrothorn|Stealth Rock|p1a: Corviknight
|-sidestart|p1: Chunkomucho|move: Stealth Rock
|
|-damage|p1a: Corviknight|70/100|[from] Leech Seed|[of] p2a: Ferrothorn
|upkeep
|turn|10
|
|move|p1a: Corviknight|Defog|p2a: Ferrothorn
|-unboost|p2a: Ferrothorn|evasion|1
|-sideend|p1: Chunkomucho|Stealth Rock|[from] move: Defog|[of] p1a: Corviknight
|move|p2a: Ferrothorn|Gyro Ball|p1a: Corviknight
|-resisted|p1a: Corviknight
|-damage|p1a: Corviknight|59/100
|-damage|p2a: Ferrothorn|84/100|[from] item: Rocky Helmet|[of] p1a: Corviknight
|
|-heal|p2a: Ferrothorn|90/100|[from] item: Leftovers
|-damage|p1a: Corviknight|46/100|[from] Leech Seed|[of] p2a: Ferrothorn
|-heal|p2a: Ferrothorn|100/100|[silent]
|upkeep
|turn|11
|
|move|p1a: Corviknight|Roost|p1a: Corviknight
|-heal|p1a: Corviknight|96/100
|-singleturn|p1a: Corviknight|move: Roost
|move|p2a: Ferrothorn|Stealth Rock|p1a: Corviknight
|-sidestart|p1: Chunkomucho|move: Stealth Rock
|
|-damage|p1a: Corviknight|84/100|[from] Leech Seed|[of] p2a: Ferrothorn
|upkeep
|turn|12
|
|move|p1a: Corviknight|Defog|p2a: Ferrothorn
|-unboost|p2a: Ferrothorn|evasion|1
|-sideend|p1: Chunkomucho|Stealth Rock|[from] move: Defog|[of] p1a: Corviknight
|move|p2a: Ferrothorn|Leech Seed||[still]
|-fail|p2a: Ferrothorn
|
|-damage|p1a: Corviknight|71/100|[from] Leech Seed|[of] p2a: Ferrothorn
|upkeep
|turn|13
|
|move|p1a: Corviknight|U-turn|p2a: Ferrothorn
|-damage|p2a: Ferrothorn|90/100
|-damage|p1a: Corviknight|59/100|[from] ability: Iron Barbs|[of] p2a: Ferrothorn
|
|switch|p1a: Zamazenta|Zamazenta|100/100|[from]move: U-turn
|-ability|p1a: Zamazenta|Dauntless Shield|boost
|-boost|p1a: Zamazenta|def|1
|move|p2a: Ferrothorn|Stealth Rock|p1a: Zamazenta
|-sidestart|p1: Chunkomucho|move: Stealth Rock
|
|-heal|p2a: Ferrothorn|96/100|[from] item: Leftovers
|upkeep
|turn|14
|
|switch|p2a: Marshadow|Marshadow|100/100
|move|p1a: Zamazenta|Close Combat|p2a: Marshadow
|-immune|p2a: Marshadow
|
|upkeep
|turn|15
|
|switch|p1a: Corviknight|Corviknight, M|59/100
|-damage|p1a: Corviknight|46/100|[from] Stealth Rock
|-ability|p1a: Corviknight|Pressure
|move|p2a: Marshadow|Close Combat|p1a: Corviknight
|-damage|p1a: Corviknight|5/100
|-unboost|p2a: Marshadow|def|1
|-unboost|p2a: Marshadow|spd|1
|-damage|p2a: Marshadow|84/100|[from] item: Rocky Helmet|[of] p1a: Corviknight
|
|upkeep
|turn|16
|
|move|p2a: Marshadow|Shadow Sneak|p1a: Corviknight
|-crit|p1a: Corviknight
|-damage|p1a: Corviknight|0 fnt
|-damage|p2a: Marshadow|68/100|[from] item: Rocky Helmet|[of] p1a: Corviknight
|faint|p1a: Corviknight
|
|upkeep
|
|switch|p1a: Zamazenta|Zamazenta|100/100
|-damage|p1a: Zamazenta|94/100|[from] Stealth Rock
|-ability|p1a: Zamazenta|Dauntless Shield|boost
|-boost|p1a: Zamazenta|def|1
|turn|17
|
|move|p1a: Zamazenta|Close Combat|p2a: Marshadow
|-immune|p2a: Marshadow
|move|p2a: Marshadow|Close Combat|p1a: Zamazenta
|-damage|p1a: Zamazenta|56/100
|-unboost|p2a: Marshadow|def|1
|-unboost|p2a: Marshadow|spd|1
|
|upkeep
|turn|18
|
|switch|p1a: Quagsire|Quagsire, M|100/100
|-damage|p1a: Quagsire|94/100|[from] Stealth Rock
|move|p2a: Marshadow|Spectral Thief|p1a: Quagsire
|-damage|p1a: Quagsire|58/100
|
|upkeep
|turn|19
|c|☆Chunkomucho|Yup
|
|switch|p2a: Ferrothorn|Ferrothorn, F|96/100
|move|p1a: Quagsire|Recover|p1a: Quagsire
|-heal|p1a: Quagsire|100/100
|
|-heal|p2a: Ferrothorn|100/100|[from] item: Leftovers
|upkeep
|turn|20
|
|switch|p1a: Himiko|Hatterene, F, shiny|100/100
|-damage|p1a: Himiko|88/100|[from] Stealth Rock
|move|p2a: Ferrothorn|Leech Seed|p1a: Himiko
|move|p1a: Himiko|Leech Seed|p2a: Ferrothorn|[from]Magic Bounce
|-immune|p2a: Ferrothorn
|
|upkeep
|turn|21
|
|move|p2a: Ferrothorn|Protect|p2a: Ferrothorn
|-singleturn|p2a: Ferrothorn|Protect
|move|p1a: Himiko|Mystical Fire|p2a: Ferrothorn
|-activate|p2a: Ferrothorn|move: Protect
|
|upkeep
|turn|22
|inactive|Ydtusryk has 120 seconds left.
|
|move|p2a: Ferrothorn|Stealth Rock|p1a: Himiko
|move|p1a: Himiko|Stealth Rock|p2a: Ferrothorn|[from]Magic Bounce
|-sidestart|p2: Ydtusryk|move: Stealth Rock
|move|p1a: Himiko|Trick Room|p1a: Himiko
|-fieldstart|move: Trick Room|[of] p1a: Himiko
|
|upkeep
|turn|23
|
|move|p2a: Ferrothorn|Leech Seed|p1a: Himiko
|move|p1a: Himiko|Leech Seed|p2a: Ferrothorn|[from]Magic Bounce
|-immune|p2a: Ferrothorn
|move|p1a: Himiko|Mystical Fire|p2a: Ferrothorn
|-supereffective|p2a: Ferrothorn
|-damage|p2a: Ferrothorn|0 fnt
|-damage|p1a: Himiko|78/100|[from] item: Life Orb
|faint|p2a: Ferrothorn
|
|upkeep
|
|switch|p2a: Marshadow|Marshadow|68/100
|-damage|p2a: Marshadow|61/100|[from] Stealth Rock
|turn|24
|
|-start|p1a: Himiko|Dynamax
|-formechange|p1a: Himiko|Hatterene-Gmax
|-heal|p1a: Himiko|78/100|[silent]
|move|p2a: Marshadow|Shadow Sneak|p1a: Himiko
|-supereffective|p1a: Himiko
|-damage|p1a: Himiko|34/100
|move|p1a: Himiko|Max Mindstorm|p2a: Marshadow
|-supereffective|p2a: Marshadow
|-damage|p2a: Marshadow|0 fnt
|-fieldstart|move: Psychic Terrain
|-damage|p1a: Himiko|29/100|[from] item: Life Orb
|faint|p2a: Marshadow
|
|upkeep
|
|switch|p2a: Mimikyu|Mimikyu, M|100/100
|-damage|p2a: Mimikyu|88/100|[from] Stealth Rock
|turn|25
|
|move|p2a: Mimikyu|Shadow Sneak|p1a: Himiko
|-activate|p1a: Himiko|move: Psychic Terrain
|move|p1a: Himiko|G-Max Smite|p2a: Mimikyu
|-activate|p2a: Mimikyu|ability: Disguise
|-damage|p2a: Mimikyu|88/100
|-start|p2a: Mimikyu|confusion
|detailschange|p2a: Mimikyu|Mimikyu-Busted, M
|-damage|p2a: Mimikyu|76/100|[from] pokemon: Mimikyu-Busted
|-damage|p1a: Himiko|24/100|[from] item: Life Orb
|
|upkeep
|turn|26
|inactive|Ydtusryk has 120 seconds left.
|
|move|p1a: Himiko|Max Mindstorm|p2a: Mimikyu
|-damage|p2a: Mimikyu|0 fnt
|-damage|p1a: Himiko|19/100|[from] item: Life Orb
|faint|p2a: Mimikyu
|
|-fieldend|move: Trick Room
|-end|p1a: Himiko|Dynamax
|-formechange|p1a: Himiko|Hatterene
|-heal|p1a: Himiko|19/100|[silent]
|upkeep
|inactive|Ydtusryk has 90 seconds left.
|
|switch|p2a: Charizard|Charizard, M|100/100
|-damage|p2a: Charizard|50/100|[from] Stealth Rock
|turn|27
|
|-start|p2a: Charizard|Dynamax
|-formechange|p2a: Charizard|Charizard-Gmax
|-heal|p2a: Charizard|50/100|[silent]
|move|p2a: Charizard|Max Airstream|p1a: Himiko
|-damage|p1a: Himiko|0 fnt
|-boost|p2a: Charizard|spe|1
|-damage|p2a: Charizard|46/100|[from] item: Life Orb
|faint|p1a: Himiko
|
|upkeep
|
|switch|p1a: Tyranitar|Tyranitar, M|100/100
|-damage|p1a: Tyranitar|88/100|[from] Stealth Rock
|-weather|Sandstorm|[from] ability: Sand Stream|[of] p1a: Tyranitar
|turn|28
|
|move|p2a: Charizard|Max Overgrowth|p1a: Tyranitar
|-supereffective|p1a: Tyranitar
|-damage|p1a: Tyranitar|39/100
|-fieldstart|move: Grassy Terrain
|-damage|p2a: Charizard|41/100|[from] item: Life Orb
|move|p1a: Tyranitar|Snarl|p2a: Charizard
|-damage|p2a: Charizard|30/100
|-unboost|p2a: Charizard|spa|1
|
|-weather|Sandstorm|[upkeep]
|-damage|p2a: Charizard|27/100|[from] Sandstorm
|-heal|p1a: Tyranitar|45/100|[from] Grassy Terrain
|upkeep
|turn|29
|-message|Ydtusryk forfeited.
|
|win|Chunkomucho
|l|☆Ydtusryk
|raw|Chunkomucho's rating: 1491 &rarr; <strong>1503</strong><br />(+12 for winning)
|raw|Ydtusryk's rating: 1335 &rarr; <strong>1323</strong><br />(-12 for losing)
