|j|☆Mrdarkcyber
|j|☆Pkmn3443
|t:|1634760441
|gametype|singles
|player|p1|Mrdarkcyber|2|1433
|player|p2|Pkmn3443|170|1721
|teamsize|p1|6
|teamsize|p2|6
|gen|8
|tier|[Gen 8] Ubers
|rated|
|rule|Sleep Clause Mod: Limit one foe put to sleep
|rule|Species Clause: Limit one of each Pokémon
|rule|OHKO Clause: OHKO moves are banned
|rule|Evasion Moves Clause: Evasion moves are banned
|rule|Endless Battle Clause: Forcing endless battles is banned
|rule|HP Percentage Mod: HP is shown in percentages
|rule|Dynamax Clause: You cannot dynamax
|clearpoke
|poke|p1|Mewtwo|
|poke|p1|Darmanitan-Galar, M|
|poke|p1|Necrozma-Dusk-Mane|
|poke|p1|Calyrex-Shadow|
|poke|p1|Kyogre|
|poke|p1|Yveltal|
|poke|p2|Blissey, F|
|poke|p2|Necrozma-Dusk-Mane|
|poke|p2|Ho-Oh|
|poke|p2|Eternatus|
|poke|p2|Ditto|
|poke|p2|Yveltal|
|teampreview
|inactive|Battle timer is ON: inactive players will automatically lose when time's up. (requested by Mrdarkcyber)
|
|t:|1634760452
|start
|switch|p1a: Darmanitan|Darmanitan-Galar, M|100/100
|switch|p2a: Ditto|Ditto|100/100
|-transform|p2a: Ditto|p1a: Darmanitan|[from] ability: Imposter
|turn|1
|
|t:|1634760463
|switch|p2a: Ho-Oh|Ho-Oh|100/100
|move|p1a: Darmanitan|U-turn|p2a: Ho-Oh
|-resisted|p2a: Ho-Oh
|-damage|p2a: Ho-Oh|95/100
|
|t:|1634760473
|switch|p1a: Kyogre|Kyogre|100/100|[from]move: U-turn
|-weather|RainDance|[from] ability: Drizzle|[of] p1a: Kyogre
|
|-weather|RainDance|[upkeep]
|upkeep
|turn|2
|
|t:|1634760480
|switch|p2a: Eternatus|Eternatus|100/100
|-ability|p2a: Eternatus|Pressure
|move|p1a: Kyogre|Thunder|p2a: Eternatus
|-resisted|p2a: Eternatus
|-crit|p2a: Eternatus
|-damage|p2a: Eternatus|83/100
|
|-weather|RainDance|[upkeep]
|-heal|p2a: Eternatus|89/100|[from] item: Black Sludge
|upkeep
|turn|3
|
|t:|1634760487
|switch|p1a: Necrozma|Necrozma-Dusk-Mane|100/100
|switch|p2a: Necrozma|Necrozma-Dusk-Mane|100/100
|
|-weather|RainDance|[upkeep]
|upkeep
|turn|4
|
|t:|1634760493
|move|p1a: Necrozma|Dragon Dance|p1a: Necrozma
|-boost|p1a: Necrozma|atk|1
|-boost|p1a: Necrozma|spe|1
|move|p2a: Necrozma|Stealth Rock|p1a: Necrozma
|-sidestart|p1: Mrdarkcyber|move: Stealth Rock
|
|-weather|RainDance|[upkeep]
|upkeep
|turn|5
|
|t:|1634760505
|move|p1a: Necrozma|Earthquake|p2a: Necrozma
|-supereffective|p2a: Necrozma
|-damage|p2a: Necrozma|46/100
|move|p2a: Necrozma|Knock Off|p1a: Necrozma
|-supereffective|p1a: Necrozma
|-damage|p1a: Necrozma|57/100
|-enditem|p1a: Necrozma|Shuca Berry|[from] move: Knock Off|[of] p2a: Necrozma
|
|-weather|none
|upkeep
|turn|6
|
|t:|1634760517
|move|p1a: Necrozma|Earthquake|p2a: Necrozma
|-supereffective|p2a: Necrozma
|-damage|p2a: Necrozma|0 fnt
|faint|p2a: Necrozma
|
|upkeep
|
|t:|1634760521
|switch|p2a: Ditto|Ditto|100/100
|-transform|p2a: Ditto|p1a: Necrozma|[from] ability: Imposter
|turn|7
|
|t:|1634760524
|move|p2a: Ditto|Earthquake|p1a: Necrozma
|-supereffective|p1a: Necrozma
|-damage|p1a: Necrozma|0 fnt
|faint|p1a: Necrozma
|
|upkeep
|
|t:|1634760527
|switch|p1a: Calyrex|Calyrex-Shadow|100/100
|-ability|p1a: Calyrex|As One
|-ability|p1a: Calyrex|Unnerve
|-damage|p1a: Calyrex|88/100|[from] Stealth Rock
|turn|8
|
|t:|1634760534
|switch|p2a: Yveltal|Yveltal|100/100
|-ability|p2a: Yveltal|Dark Aura
|move|p1a: Calyrex|Astral Barrage|p2a: Yveltal
|-resisted|p2a: Yveltal
|-damage|p2a: Yveltal|52/100
|
|upkeep
|turn|9
|
|t:|1634760544
|switch|p1a: Yveltal|Yveltal|100/100
|-damage|p1a: Yveltal|76/100|[from] Stealth Rock
|-ability|p1a: Yveltal|Dark Aura
|move|p2a: Yveltal|Knock Off|p1a: Yveltal
|-resisted|p1a: Yveltal
|-damage|p1a: Yveltal|49/100
|-enditem|p1a: Yveltal|Black Glasses|[from] move: Knock Off|[of] p2a: Yveltal
|
|upkeep
|turn|10
|
|t:|1634760552
|move|p1a: Yveltal|Hone Claws|p1a: Yveltal
|-boost|p1a: Yveltal|atk|1
|-boost|p1a: Yveltal|accuracy|1
|move|p2a: Yveltal|Oblivion Wing|p1a: Yveltal
|-damage|p1a: Yveltal|12/100
|-heal|p2a: Yveltal|80/100|[from] drain|[of] p1a: Yveltal
|
|upkeep
|turn|11
|
|t:|1634760564
|move|p2a: Yveltal|Oblivion Wing|p1a: Yveltal
|-crit|p1a: Yveltal
|-damage|p1a: Yveltal|0 fnt
|-heal|p2a: Yveltal|88/100|[from] drain|[of] p1a: Yveltal
|faint|p1a: Yveltal
|
|upkeep
|
|t:|1634760573
|switch|p1a: Darmanitan|Darmanitan-Galar, M|100/100
|-damage|p1a: Darmanitan|76/100|[from] Stealth Rock
|turn|12
|
|t:|1634760581
|move|p1a: Darmanitan|Icicle Crash|p2a: Yveltal
|-supereffective|p2a: Yveltal
|-damage|p2a: Yveltal|0 fnt
|faint|p2a: Yveltal
|
|upkeep
|
|t:|1634760584
|switch|p2a: Ho-Oh|Ho-Oh|100/100
|turn|13
|
|t:|1634760597
|switch|p1a: Kyogre|Kyogre|100/100
|-damage|p1a: Kyogre|88/100|[from] Stealth Rock
|-weather|RainDance|[from] ability: Drizzle|[of] p1a: Kyogre
|move|p2a: Ho-Oh|Sacred Fire|p1a: Kyogre
|-resisted|p1a: Kyogre
|-damage|p1a: Kyogre|77/100
|
|-weather|RainDance|[upkeep]
|upkeep
|turn|14
|
|t:|1634760607
|switch|p2a: Eternatus|Eternatus|89/100
|-ability|p2a: Eternatus|Pressure
|move|p1a: Kyogre|Ice Beam|p2a: Eternatus
|-supereffective|p2a: Eternatus
|-damage|p2a: Eternatus|50/100
|
|-weather|RainDance|[upkeep]
|-heal|p2a: Eternatus|56/100|[from] item: Black Sludge
|upkeep
|turn|15
|
|t:|1634760611
|move|p1a: Kyogre|Ice Beam|p2a: Eternatus
|-supereffective|p2a: Eternatus
|-damage|p2a: Eternatus|16/100
|move|p2a: Eternatus|Recover|p2a: Eternatus
|-heal|p2a: Eternatus|66/100
|
|-weather|RainDance|[upkeep]
|-heal|p2a: Eternatus|72/100|[from] item: Black Sludge
|upkeep
|turn|16
|
|t:|1634760618
|move|p1a: Kyogre|Ice Beam|p2a: Eternatus
|-supereffective|p2a: Eternatus
|-damage|p2a: Eternatus|32/100
|move|p2a: Eternatus|Recover|p2a: Eternatus
|-heal|p2a: Eternatus|82/100
|
|-weather|RainDance|[upkeep]
|-heal|p2a: Eternatus|88/100|[from] item: Black Sludge
|upkeep
|turn|17
|
|t:|1634760621
|move|p1a: Kyogre|Ice Beam|p2a: Eternatus
|-supereffective|p2a: Eternatus
|-damage|p2a: Eternatus|52/100
|move|p2a: Eternatus|Recover|p2a: Eternatus
|-heal|p2a: Eternatus|100/100
|
|-weather|none
|upkeep
|turn|18
|
|t:|1634760626
|move|p1a: Kyogre|Ice Beam|p2a: Eternatus
|-supereffective|p2a: Eternatus
|-damage|p2a: Eternatus|61/100
|move|p2a: Eternatus|Toxic|p1a: Kyogre
|-status|p1a: Kyogre|tox
|
|-heal|p2a: Eternatus|67/100|[from] item: Black Sludge
|-damage|p1a: Kyogre|71/100 tox|[from] psn
|upkeep
|turn|19
|
|t:|1634760629
|move|p1a: Kyogre|Ice Beam|p2a: Eternatus
|-supereffective|p2a: Eternatus
|-damage|p2a: Eternatus|27/100
|move|p2a: Eternatus|Recover|p2a: Eternatus
|-heal|p2a: Eternatus|77/100
|
|-heal|p2a: Eternatus|83/100|[from] item: Black Sludge
|-damage|p1a: Kyogre|58/100 tox|[from] psn
|upkeep
|turn|20
|
|t:|1634760632
|move|p1a: Kyogre|Ice Beam|p2a: Eternatus
|-supereffective|p2a: Eternatus
|-damage|p2a: Eternatus|48/100
|move|p2a: Eternatus|Recover|p2a: Eternatus
|-heal|p2a: Eternatus|98/100
|
|-heal|p2a: Eternatus|100/100|[from] item: Black Sludge
|-damage|p1a: Kyogre|40/100 tox|[from] psn
|upkeep
|turn|21
|
|t:|1634760638
|move|p1a: Kyogre|Ice Beam|p2a: Eternatus
|-supereffective|p2a: Eternatus
|-damage|p2a: Eternatus|65/100
|move|p2a: Eternatus|Flamethrower|p1a: Kyogre
|-resisted|p1a: Kyogre
|-damage|p1a: Kyogre|29/100 tox
|
|-heal|p2a: Eternatus|71/100|[from] item: Black Sludge
|-damage|p1a: Kyogre|5/100 tox|[from] psn
|upkeep
|turn|22
|
|t:|1634760641
|-activate|p1a: Kyogre|move: Struggle
|move|p1a: Kyogre|Struggle|p2a: Eternatus
|-damage|p2a: Eternatus|64/100
|-damage|p1a: Kyogre|0 fnt|[from] recoil
|faint|p1a: Kyogre
|move|p2a: Eternatus|Recover|p2a: Eternatus
|-heal|p2a: Eternatus|100/100
|
|upkeep
|
|t:|1634760664
|switch|p1a: Darmanitan|Darmanitan-Galar, M|76/100
|-damage|p1a: Darmanitan|51/100|[from] Stealth Rock
|turn|23
|
|t:|1634760674
|switch|p2a: Blissey|Blissey, F|100/100
|move|p1a: Darmanitan|Icicle Crash|p2a: Blissey
|-damage|p2a: Blissey|0 fnt
|faint|p2a: Blissey
|
|upkeep
|
|t:|1634760678
|switch|p2a: Ho-Oh|Ho-Oh|100/100
|turn|24
|
|t:|1634760688
|switch|p1a: Calyrex|Calyrex-Shadow|88/100
|-ability|p1a: Calyrex|As One
|-ability|p1a: Calyrex|Unnerve
|-damage|p1a: Calyrex|76/100|[from] Stealth Rock
|move|p2a: Ho-Oh|Sacred Fire|p1a: Calyrex
|-damage|p1a: Calyrex|20/100
|-status|p1a: Calyrex|brn
|
|-damage|p1a: Calyrex|13/100 brn|[from] brn
|upkeep
|turn|25
|
|t:|1634760696
|switch|p2a: Eternatus|Eternatus|100/100
|-ability|p2a: Eternatus|Pressure
|move|p1a: Calyrex|Astral Barrage|p2a: Eternatus
|-damage|p2a: Eternatus|39/100
|
|-heal|p2a: Eternatus|45/100|[from] item: Black Sludge
|-damage|p1a: Calyrex|7/100 brn|[from] brn
|upkeep
|turn|26
|
|t:|1634760719
|move|p1a: Calyrex|Astral Barrage|p2a: Eternatus
|-damage|p2a: Eternatus|0 fnt
|faint|p2a: Eternatus
|-ability|p1a: Calyrex|Grim Neigh|boost
|-boost|p1a: Calyrex|spa|1
|
|-damage|p1a: Calyrex|1/100 brn|[from] brn
|upkeep
|
|t:|1634760721
|switch|p2a: Ditto|Ditto|100/100
|-transform|p2a: Ditto|p1a: Calyrex|[from] ability: Imposter
|turn|27
|-message|Mrdarkcyber forfeited.
|
|win|Pkmn3443
|raw|Mrdarkcyber's rating: 1433 &rarr; <strong>1427</strong><br />(-6 for losing)
|raw|Pkmn3443's rating: 1721 &rarr; <strong>1727</strong><br />(+6 for winning)
|l|☆Mrdarkcyber
