|j|☆FearNeverDies
|j|☆backforthisnewgen
|t:|1624402555
|gametype|singles
|player|p1|FearNeverDies|lyra|
|player|p2|backforthisnewgen|red|
|teamsize|p1|6
|teamsize|p2|6
|gen|8
|tier|[Gen 8] Ubers
|rated|Tournament battle
|rule|Sleep Clause Mod: Limit one foe put to sleep
|rule|Species Clause: Limit one of each Pokémon
|rule|OHKO Clause: OHKO moves are banned
|rule|Evasion Moves Clause: Evasion moves are banned
|rule|Endless Battle Clause: Forcing endless battles is banned
|rule|HP Percentage Mod: HP is shown in percentages
|rule|Dynamax Clause: You cannot dynamax
|clearpoke
|poke|p1|Tyranitar, M|
|poke|p1|Giratina|
|poke|p1|Eternatus|
|poke|p1|Ho-Oh|
|poke|p1|Calyrex-Ice|
|poke|p1|Blissey, F|
|poke|p2|Rillaboom, M|
|poke|p2|Dragapult, M|
|poke|p2|Zeraora|
|poke|p2|Excadrill, F|
|poke|p2|Galvantula, M|
|poke|p2|Cloyster, M|
|teampreview
|c|☆FearNeverDies|gl
|j| juicebox512
|inactive|Battle timer is ON: inactive players will automatically lose when time's up. (requested by FearNeverDies)
|
|t:|1624402594
|start
|switch|p1a: Tyranitar|Tyranitar, M|100/100
|switch|p2a: Galvantula|Galvantula, M|100/100
|-weather|Sandstorm|[from] ability: Sand Stream|[of] p1a: Tyranitar
|turn|1
|c|☆backforthisnewgen|u2
|
|t:|1624402600
|move|p2a: Galvantula|Sticky Web|p1a: Tyranitar
|-sidestart|p1: FearNeverDies|move: Sticky Web
|move|p1a: Tyranitar|Stealth Rock|p2a: Galvantula
|-sidestart|p2: backforthisnewgen|move: Stealth Rock
|
|-weather|Sandstorm|[upkeep]
|-damage|p2a: Galvantula|94/100|[from] Sandstorm
|upkeep
|turn|2
|
|t:|1624402603
|move|p2a: Galvantula|Bug Buzz|p1a: Tyranitar
|-supereffective|p1a: Tyranitar
|-damage|p1a: Tyranitar|69/100
|-unboost|p1a: Tyranitar|spd|1
|move|p1a: Tyranitar|Rock Blast|p2a: Galvantula
|-supereffective|p2a: Galvantula
|-damage|p2a: Galvantula|51/100
|-supereffective|p2a: Galvantula
|-damage|p2a: Galvantula|10/100
|-supereffective|p2a: Galvantula
|-damage|p2a: Galvantula|0 fnt
|faint|p2a: Galvantula
|-hitcount|p2: Galvantula|3
|
|-weather|Sandstorm|[upkeep]
|-heal|p1a: Tyranitar|75/100|[from] item: Leftovers
|upkeep
|
|t:|1624402607
|switch|p2a: Zeraora|Zeraora|100/100
|-damage|p2a: Zeraora|88/100|[from] Stealth Rock
|turn|3
|
|t:|1624402612
|switch|p1a: Eternatus|Eternatus|100/100
|-ability|p1a: Eternatus|Pressure
|move|p2a: Zeraora|Close Combat|p1a: Eternatus
|-resisted|p1a: Eternatus
|-damage|p1a: Eternatus|85/100
|-unboost|p2a: Zeraora|def|1
|-unboost|p2a: Zeraora|spd|1
|-damage|p2a: Zeraora|78/100|[from] item: Life Orb
|
|-weather|Sandstorm|[upkeep]
|-damage|p2a: Zeraora|72/100|[from] Sandstorm
|-damage|p1a: Eternatus|79/100|[from] Sandstorm
|upkeep
|turn|4
|
|t:|1624402617
|switch|p2a: Excadrill|Excadrill, F|100/100
|-damage|p2a: Excadrill|97/100|[from] Stealth Rock
|-ability|p2a: Excadrill|Mold Breaker
|move|p1a: Eternatus|Dynamax Cannon|p2a: Excadrill
|-resisted|p2a: Excadrill
|-damage|p2a: Excadrill|68/100
|
|-weather|Sandstorm|[upkeep]
|-damage|p1a: Eternatus|73/100|[from] Sandstorm
|upkeep
|turn|5
|
|t:|1624402626
|switch|p1a: Calyrex|Calyrex-Ice|100/100
|-ability|p1a: Calyrex|As One
|-ability|p1a: Calyrex|Unnerve
|move|p2a: Excadrill|Rapid Spin|p1a: Calyrex
|-damage|p1a: Calyrex|92/100
|-boost|p2a: Excadrill|spe|1
|-sideend|p2: backforthisnewgen|Stealth Rock|[from] move: Rapid Spin|[of] p2a: Excadrill
|
|-weather|none
|upkeep
|turn|6
|
|t:|1624402632
|move|p2a: Excadrill|Iron Head|p1a: Calyrex
|-supereffective|p1a: Calyrex
|-damage|p1a: Calyrex|52/100
|cant|p1a: Calyrex|flinch
|
|upkeep
|turn|7
|
|t:|1624402638
|move|p2a: Excadrill|Iron Head|p1a: Calyrex
|-supereffective|p1a: Calyrex
|-damage|p1a: Calyrex|11/100
|move|p1a: Calyrex|Glacial Lance|p2a: Excadrill
|-damage|p2a: Excadrill|0 fnt
|faint|p2a: Excadrill
|-ability|p1a: Calyrex|Chilling Neigh|boost
|-boost|p1a: Calyrex|atk|1
|
|upkeep
|
|t:|1624402651
|switch|p2a: Zeraora|Zeraora|72/100
|turn|8
|
|t:|1624402656
|switch|p1a: Eternatus|Eternatus|73/100
|-ability|p1a: Eternatus|Pressure
|move|p2a: Zeraora|Plasma Fists|p1a: Eternatus
|-resisted|p1a: Eternatus
|-damage|p1a: Eternatus|56/100
|-damage|p2a: Zeraora|63/100|[from] item: Life Orb
|
|upkeep
|turn|9
|
|t:|1624402660
|move|p2a: Zeraora|Play Rough|p1a: Eternatus
|-damage|p1a: Eternatus|33/100
|-damage|p2a: Zeraora|53/100|[from] item: Life Orb
|move|p1a: Eternatus|Recover|p1a: Eternatus
|-heal|p1a: Eternatus|83/100
|
|upkeep
|turn|10
|
|t:|1624402671
|move|p2a: Zeraora|Play Rough|p1a: Eternatus
|-damage|p1a: Eternatus|60/100
|-damage|p2a: Zeraora|43/100|[from] item: Life Orb
|move|p1a: Eternatus|Dynamax Cannon|p2a: Zeraora
|-damage|p2a: Zeraora|0 fnt
|faint|p2a: Zeraora
|
|upkeep
|
|t:|1624402674
|switch|p2a: Dragapult|Dragapult, M|100/100
|turn|11
|
|t:|1624402677
|move|p2a: Dragapult|Dragon Darts|p1a: Eternatus
|-supereffective|p1a: Eternatus
|-damage|p1a: Eternatus|18/100
|-anim|p2a: Dragapult|Dragon Darts|p1a: Eternatus
|-supereffective|p1a: Eternatus
|-damage|p1a: Eternatus|0 fnt
|faint|p1a: Eternatus
|-damage|p2a: Dragapult|91/100|[from] item: Life Orb
|
|upkeep
|
|t:|1624402682
|switch|p1a: Ho-Oh|Ho-Oh|100/100
|turn|12
|
|t:|1624402686
|move|p2a: Dragapult|Dragon Dance|p2a: Dragapult
|-boost|p2a: Dragapult|atk|1
|-boost|p2a: Dragapult|spe|1
|move|p1a: Ho-Oh|Thunder Wave|p2a: Dragapult
|-status|p2a: Dragapult|par
|
|upkeep
|turn|13
|
|t:|1624402690
|cant|p2a: Dragapult|par
|move|p1a: Ho-Oh|Whirlwind|p2a: Dragapult
|drag|p2a: Rillaboom|Rillaboom, M|100/100
|-fieldstart|move: Grassy Terrain|[from] ability: Grassy Surge|[of] p2a: Rillaboom
|
|upkeep
|turn|14
|j| Tokuchi Toa
|
|t:|1624402694
|switch|p2a: Dragapult|Dragapult, M|91/100 par
|move|p1a: Ho-Oh|Sacred Fire|p2a: Dragapult
|-resisted|p2a: Dragapult
|-damage|p2a: Dragapult|60/100 par
|
|-heal|p2a: Dragapult|66/100 par|[from] Grassy Terrain
|upkeep
|turn|15
|
|t:|1624402697
|switch|p1a: Tyranitar|Tyranitar, M|75/100
|-activate|p1a: Tyranitar|move: Sticky Web
|-unboost|p1a: Tyranitar|spe|1
|-weather|Sandstorm|[from] ability: Sand Stream|[of] p1a: Tyranitar
|move|p2a: Dragapult|Dragon Darts|p1a: Tyranitar
|-damage|p1a: Tyranitar|47/100
|-anim|p2a: Dragapult|Dragon Darts|p1a: Tyranitar
|-damage|p1a: Tyranitar|18/100
|-damage|p2a: Dragapult|57/100 par|[from] item: Life Orb
|
|-weather|Sandstorm|[upkeep]
|-damage|p2a: Dragapult|51/100 par|[from] Sandstorm
|-heal|p2a: Dragapult|57/100 par|[from] Grassy Terrain
|-heal|p1a: Tyranitar|25/100|[from] Grassy Terrain
|-heal|p1a: Tyranitar|31/100|[from] item: Leftovers
|upkeep
|turn|16
|
|t:|1624402702
|move|p2a: Dragapult|Dragon Darts|p1a: Tyranitar
|-damage|p1a: Tyranitar|2/100
|-anim|p2a: Dragapult|Dragon Darts|p1a: Tyranitar
|-damage|p1a: Tyranitar|0 fnt
|faint|p1a: Tyranitar
|-damage|p2a: Dragapult|47/100 par|[from] item: Life Orb
|
|-weather|Sandstorm|[upkeep]
|-damage|p2a: Dragapult|41/100 par|[from] Sandstorm
|-heal|p2a: Dragapult|47/100 par|[from] Grassy Terrain
|upkeep
|
|t:|1624402704
|switch|p1a: Ho-Oh|Ho-Oh|100/100
|turn|17
|l| Tokuchi Toa
|
|t:|1624402707
|move|p1a: Ho-Oh|Sacred Fire|p2a: Dragapult
|-resisted|p2a: Dragapult
|-damage|p2a: Dragapult|18/100 par
|move|p2a: Dragapult|Dragon Darts|p1a: Ho-Oh
|-damage|p1a: Ho-Oh|79/100
|-anim|p2a: Dragapult|Dragon Darts|p1a: Ho-Oh
|-damage|p1a: Ho-Oh|57/100
|-damage|p2a: Dragapult|9/100 par|[from] item: Life Orb
|
|-weather|Sandstorm|[upkeep]
|-damage|p1a: Ho-Oh|50/100|[from] Sandstorm
|-damage|p2a: Dragapult|3/100 par|[from] Sandstorm
|-heal|p2a: Dragapult|9/100 par|[from] Grassy Terrain
|-fieldend|move: Grassy Terrain
|upkeep
|turn|18
|
|t:|1624402713
|switch|p1a: Calyrex|Calyrex-Ice|11/100
|-ability|p1a: Calyrex|As One
|-ability|p1a: Calyrex|Unnerve
|move|p2a: Dragapult|Sucker Punch||[still]
|-fail|p2a: Dragapult
|
|-weather|Sandstorm|[upkeep]
|-damage|p2a: Dragapult|3/100 par|[from] Sandstorm
|-damage|p1a: Calyrex|5/100|[from] Sandstorm
|upkeep
|turn|19
|
|t:|1624402716
|switch|p1a: Blissey|Blissey, F|100/100
|-activate|p1a: Blissey|move: Sticky Web
|-unboost|p1a: Blissey|spe|1
|move|p2a: Dragapult|Dragon Darts|p1a: Blissey
|-damage|p1a: Blissey|64/100
|-anim|p2a: Dragapult|Dragon Darts|p1a: Blissey
|-damage|p1a: Blissey|28/100
|-damage|p2a: Dragapult|0 fnt|[from] item: Life Orb
|faint|p2a: Dragapult
|
|-weather|none
|upkeep
|
|t:|1624402719
|switch|p2a: Cloyster|Cloyster, M|100/100
|turn|20
|
|t:|1624402722
|switch|p1a: Giratina|Giratina|100/100
|-activate|p1a: Giratina|move: Sticky Web
|-unboost|p1a: Giratina|spe|1
|-ability|p1a: Giratina|Pressure
|move|p2a: Cloyster|Shell Smash|p2a: Cloyster
|-unboost|p2a: Cloyster|def|1
|-unboost|p2a: Cloyster|spd|1
|-boost|p2a: Cloyster|atk|2
|-boost|p2a: Cloyster|spa|2
|-boost|p2a: Cloyster|spe|2
|
|upkeep
|turn|21
|
|t:|1624402724
|move|p2a: Cloyster|Icicle Spear|p1a: Giratina
|-supereffective|p1a: Giratina
|-damage|p1a: Giratina|81/100
|-supereffective|p1a: Giratina
|-damage|p1a: Giratina|62/100
|-supereffective|p1a: Giratina
|-damage|p1a: Giratina|43/100
|-supereffective|p1a: Giratina
|-damage|p1a: Giratina|24/100
|-supereffective|p1a: Giratina
|-damage|p1a: Giratina|3/100
|-hitcount|p1a: Giratina|5
|cant|p1a: Giratina|flinch
|
|-heal|p1a: Giratina|9/100|[from] item: Leftovers
|upkeep
|turn|22
|-message|FearNeverDies forfeited.
|
|win|backforthisnewgen
|n|☆FearNeverDies|fearneverdies
|n|☆backforthisnewgen|backforthisnewgen
|n| juicebox512|juicebox512
