|j|☆LD8 nvzhuangkeai
|j|☆LeftRayquaza
|t:|1661264277
|gametype|singles
|player|p1|LD8 nvzhuangkeai|dawn|1649
|player|p2|LeftRayquaza|steven|1448
|teamsize|p1|6
|teamsize|p2|6
|gen|8
|tier|[Gen 8] Ubers
|rated|
|rule|Sleep Clause Mod: Limit one foe put to sleep
|rule|Species Clause: Limit one of each Pokémon
|rule|OHKO Clause: OHKO moves are banned
|rule|Evasion Items Clause: Evasion items are banned
|rule|Evasion Moves Clause: Evasion moves are banned
|rule|Endless Battle Clause: Forcing endless battles is banned
|rule|HP Percentage Mod: HP is shown in percentages
|rule|Dynamax Clause: You cannot dynamax
|clearpoke
|poke|p1|Dracovish|
|poke|p1|Magearna|
|poke|p1|Kyogre|
|poke|p1|Landorus-Therian, M|
|poke|p1|Yveltal|
|poke|p1|Palkia|
|poke|p2|Necrozma-Dusk-Mane|
|poke|p2|Yveltal|
|poke|p2|Eternatus|
|poke|p2|Kyogre|
|poke|p2|Marshadow|
|poke|p2|Rayquaza|
|teampreview
|
|t:|1661264297
|start
|switch|p1a: Palkia|Palkia|100/100
|switch|p2a: Necrozma|Necrozma-Dusk-Mane|100/100
|-ability|p1a: Palkia|Pressure
|turn|1
|
|t:|1661264304
|move|p1a: Palkia|Substitute|p1a: Palkia
|-start|p1a: Palkia|Substitute
|-damage|p1a: Palkia|76/100
|move|p2a: Necrozma|Stealth Rock|p1a: Palkia
|-sidestart|p1: LD8 nvzhuangkeai|move: Stealth Rock
|
|-heal|p1a: Palkia|82/100|[from] item: Leftovers
|upkeep
|turn|2
|
|t:|1661264328
|move|p1a: Palkia|Thunder Wave|p2a: Necrozma|[miss]
|-miss|p1a: Palkia|p2a: Necrozma
|move|p2a: Necrozma|Sunsteel Strike|p1a: Palkia
|-resisted|p1a: Palkia
|-end|p1a: Palkia|Substitute
|
|-heal|p1a: Palkia|88/100|[from] item: Leftovers
|upkeep
|turn|3
|inactive|Battle timer is ON: inactive players will automatically lose when time's up. (requested by LD8 nvzhuangkeai)
|
|t:|1661264338
|move|p1a: Palkia|Substitute|p1a: Palkia
|-start|p1a: Palkia|Substitute
|-damage|p1a: Palkia|63/100
|move|p2a: Necrozma|Sunsteel Strike|p1a: Palkia
|-resisted|p1a: Palkia
|-end|p1a: Palkia|Substitute
|
|-heal|p1a: Palkia|69/100|[from] item: Leftovers
|upkeep
|turn|4
|
|t:|1661264341
|move|p1a: Palkia|Substitute|p1a: Palkia
|-start|p1a: Palkia|Substitute
|-damage|p1a: Palkia|44/100
|move|p2a: Necrozma|Sunsteel Strike|p1a: Palkia
|-resisted|p1a: Palkia
|-end|p1a: Palkia|Substitute
|
|-heal|p1a: Palkia|51/100|[from] item: Leftovers
|upkeep
|turn|5
|
|t:|1661264350
|switch|p2a: Eternatus|Eternatus|100/100
|-ability|p2a: Eternatus|Pressure
|move|p1a: Palkia|Substitute|p1a: Palkia
|-start|p1a: Palkia|Substitute
|-damage|p1a: Palkia|26/100
|
|-heal|p1a: Palkia|32/100|[from] item: Leftovers
|upkeep
|turn|6
|
|t:|1661264355
|move|p2a: Eternatus|Cosmic Power|p2a: Eternatus
|-boost|p2a: Eternatus|def|1
|-boost|p2a: Eternatus|spd|1
|move|p1a: Palkia|Thunder Wave|p2a: Eternatus
|-status|p2a: Eternatus|par
|
|-heal|p1a: Palkia|38/100|[from] item: Leftovers
|upkeep
|turn|7
|
|t:|1661264363
|move|p1a: Palkia|Spacial Rend|p2a: Eternatus
|-supereffective|p2a: Eternatus
|-damage|p2a: Eternatus|44/100 par
|cant|p2a: Eternatus|par
|
|-heal|p1a: Palkia|44/100|[from] item: Leftovers
|-heal|p2a: Eternatus|50/100 par|[from] item: Black Sludge
|upkeep
|turn|8
|
|t:|1661264378
|move|p1a: Palkia|Spacial Rend|p2a: Eternatus
|-supereffective|p2a: Eternatus
|-damage|p2a: Eternatus|0 fnt
|faint|p2a: Eternatus
|
|-heal|p1a: Palkia|51/100|[from] item: Leftovers
|upkeep
|
|t:|1661264388
|switch|p2a: Yveltal|Yveltal|100/100
|-ability|p2a: Yveltal|Dark Aura
|turn|9
|
|t:|1661264397
|move|p1a: Palkia|Hydro Pump|p2a: Yveltal
|-damage|p2a: Yveltal|65/100
|move|p2a: Yveltal|Knock Off|p1a: Palkia
|-end|p1a: Palkia|Substitute
|
|-heal|p1a: Palkia|57/100|[from] item: Leftovers
|upkeep
|turn|10
|
|t:|1661264407
|switch|p1a: Magearna|Magearna|100/100
|-damage|p1a: Magearna|94/100|[from] Stealth Rock
|move|p2a: Yveltal|Knock Off|p1a: Magearna
|-resisted|p1a: Magearna
|-damage|p1a: Magearna|76/100
|-enditem|p1a: Magearna|Leftovers|[from] move: Knock Off|[of] p2a: Yveltal
|
|upkeep
|turn|11
|
|t:|1661264416
|move|p2a: Yveltal|U-turn|p1a: Magearna
|-resisted|p1a: Magearna
|-damage|p1a: Magearna|73/100
|
|t:|1661264419
|switch|p2a: Necrozma|Necrozma-Dusk-Mane|100/100|[from]move: U-turn
|move|p1a: Magearna|Volt Switch|p2a: Necrozma
|-damage|p2a: Necrozma|89/100
|
|t:|1661264422
|switch|p1a: Landorus|Landorus-Therian, M|100/100|[from]move: Volt Switch
|-damage|p1a: Landorus|88/100|[from] Stealth Rock
|-ability|p1a: Landorus|Intimidate|boost
|-unboost|p2a: Necrozma|atk|1
|
|-heal|p1a: Landorus|94/100|[from] item: Leftovers
|-heal|p2a: Necrozma|95/100|[from] item: Leftovers
|upkeep
|turn|12
|
|t:|1661264432
|move|p1a: Landorus|Stealth Rock|p2a: Necrozma
|-sidestart|p2: LeftRayquaza|move: Stealth Rock
|move|p2a: Necrozma|Toxic|p1a: Landorus
|-status|p1a: Landorus|tox
|
|-heal|p1a: Landorus|99/100 tox|[from] item: Leftovers
|-heal|p2a: Necrozma|100/100|[from] item: Leftovers
|-damage|p1a: Landorus|94/100 tox|[from] psn
|upkeep
|turn|13
|
|t:|1661264436
|switch|p2a: Yveltal|Yveltal|65/100
|-ability|p2a: Yveltal|Dark Aura
|move|p1a: Landorus|U-turn|p2a: Yveltal
|-damage|p2a: Yveltal|49/100
|
|t:|1661264439
|switch|p1a: Magearna|Magearna|73/100|[from]move: U-turn
|-damage|p1a: Magearna|67/100|[from] Stealth Rock
|
|upkeep
|turn|14
|
|t:|1661264444
|move|p2a: Yveltal|U-turn|p1a: Magearna
|-resisted|p1a: Magearna
|-damage|p1a: Magearna|64/100
|
|t:|1661264446
|switch|p2a: Necrozma|Necrozma-Dusk-Mane|100/100|[from]move: U-turn
|-damage|p2a: Necrozma|94/100|[from] Stealth Rock
|move|p1a: Magearna|Trick Room|p1a: Magearna
|-fieldstart|move: Trick Room|[of] p1a: Magearna
|
|-heal|p2a: Necrozma|100/100|[from] item: Leftovers
|upkeep
|turn|15
|
|t:|1661264448
|move|p1a: Magearna|Volt Switch|p2a: Necrozma
|-damage|p2a: Necrozma|88/100
|
|t:|1661264452
|switch|p1a: Dracovish|Dracovish|100/100|[from]move: Volt Switch
|-damage|p1a: Dracovish|88/100|[from] Stealth Rock
|move|p2a: Necrozma|Sunsteel Strike|p1a: Dracovish
|-resisted|p1a: Dracovish
|-damage|p1a: Dracovish|62/100
|
|-heal|p2a: Necrozma|94/100|[from] item: Leftovers
|upkeep
|turn|16
|
|t:|1661264460
|move|p2a: Necrozma|Sunsteel Strike|p1a: Dracovish
|-resisted|p1a: Dracovish
|-damage|p1a: Dracovish|37/100
|move|p1a: Dracovish|Fishious Rend|p2a: Necrozma
|-damage|p2a: Necrozma|38/100
|
|-heal|p2a: Necrozma|44/100|[from] item: Leftovers
|upkeep
|turn|17
|
|t:|1661264474
|move|p2a: Necrozma|Moonlight|p2a: Necrozma
|-heal|p2a: Necrozma|94/100
|move|p1a: Dracovish|Fishious Rend|p2a: Necrozma
|-damage|p2a: Necrozma|38/100
|
|-heal|p2a: Necrozma|44/100|[from] item: Leftovers
|upkeep
|turn|18
|
|t:|1661264477
|move|p2a: Necrozma|Moonlight|p2a: Necrozma
|-heal|p2a: Necrozma|94/100
|move|p1a: Dracovish|Fishious Rend|p2a: Necrozma
|-damage|p2a: Necrozma|33/100
|
|-heal|p2a: Necrozma|40/100|[from] item: Leftovers
|-fieldend|move: Trick Room
|upkeep
|turn|19
|
|t:|1661264482
|move|p1a: Dracovish|Fishious Rend|p2a: Necrozma
|-damage|p2a: Necrozma|0 fnt
|faint|p2a: Necrozma
|
|upkeep
|
|t:|1661264486
|switch|p2a: Rayquaza|Rayquaza|100/100
|-damage|p2a: Rayquaza|76/100|[from] Stealth Rock
|-ability|p2a: Rayquaza|Air Lock
|turn|20
|
|t:|1661264489
|move|p2a: Rayquaza|Dragon Ascent|p1a: Dracovish
|-damage|p1a: Dracovish|0 fnt
|-unboost|p2a: Rayquaza|def|1
|-unboost|p2a: Rayquaza|spd|1
|faint|p1a: Dracovish
|-damage|p2a: Rayquaza|66/100|[from] item: Life Orb
|
|upkeep
|
|t:|1661264494
|switch|p1a: Palkia|Palkia|57/100
|-damage|p1a: Palkia|44/100|[from] Stealth Rock
|-ability|p1a: Palkia|Pressure
|turn|21
|
|t:|1661264505
|switch|p2a: Kyogre|Kyogre|100/100
|-damage|p2a: Kyogre|88/100|[from] Stealth Rock
|-weather|RainDance|[from] ability: Drizzle|[of] p2a: Kyogre
|move|p1a: Palkia|Spacial Rend|p2a: Kyogre
|-damage|p2a: Kyogre|43/100
|
|-weather|RainDance|[upkeep]
|-heal|p1a: Palkia|51/100|[from] item: Leftovers
|upkeep
|turn|22
|
|t:|1661264518
|move|p2a: Kyogre|Thunder|p1a: Palkia
|-damage|p1a: Palkia|13/100
|move|p1a: Palkia|Substitute|p1a: Palkia
|-fail|p1a: Palkia|move: Substitute|[weak]
|
|-weather|RainDance|[upkeep]
|-heal|p1a: Palkia|19/100|[from] item: Leftovers
|upkeep
|turn|23
|
|t:|1661264530
|switch|p2a: Marshadow|Marshadow|100/100
|-damage|p2a: Marshadow|94/100|[from] Stealth Rock
|switch|p1a: Landorus|Landorus-Therian, M|94/100 tox
|-damage|p1a: Landorus|82/100 tox|[from] Stealth Rock
|-ability|p1a: Landorus|Intimidate|boost
|-unboost|p2a: Marshadow|atk|1
|
|-weather|RainDance|[upkeep]
|-heal|p1a: Landorus|88/100 tox|[from] item: Leftovers
|-damage|p1a: Landorus|82/100 tox|[from] psn
|upkeep
|turn|24
|
|t:|1661264535
|move|p2a: Marshadow|Ice Punch|p1a: Landorus
|-supereffective|p1a: Landorus
|-damage|p1a: Landorus|12/100 tox
|-damage|p2a: Marshadow|84/100|[from] item: Life Orb
|move|p1a: Landorus|Earthquake|p2a: Marshadow
|-damage|p2a: Marshadow|20/100
|
|-weather|RainDance|[upkeep]
|-heal|p1a: Landorus|18/100 tox|[from] item: Leftovers
|-damage|p1a: Landorus|6/100 tox|[from] psn
|upkeep
|turn|25
|
|t:|1661264539
|move|p2a: Marshadow|Ice Punch|p1a: Landorus
|-supereffective|p1a: Landorus
|-damage|p1a: Landorus|0 fnt
|faint|p1a: Landorus
|-damage|p2a: Marshadow|10/100|[from] item: Life Orb
|
|-weather|none
|upkeep
|
|t:|1661264542
|switch|p1a: Magearna|Magearna|64/100
|-damage|p1a: Magearna|58/100|[from] Stealth Rock
|turn|26
|
|t:|1661264549
|move|p2a: Marshadow|Close Combat|p1a: Magearna
|-damage|p1a: Magearna|22/100
|-unboost|p2a: Marshadow|def|1
|-unboost|p2a: Marshadow|spd|1
|-damage|p2a: Marshadow|0 fnt|[from] item: Life Orb
|faint|p2a: Marshadow
|-ability|p1a: Magearna|Soul-Heart|boost
|-boost|p1a: Magearna|spa|1
|move|p1a: Magearna|Trick Room|p1a: Magearna
|-fieldstart|move: Trick Room|[of] p1a: Magearna
|
|upkeep
|
|t:|1661264555
|switch|p2a: Rayquaza|Rayquaza|66/100
|-damage|p2a: Rayquaza|41/100|[from] Stealth Rock
|-ability|p2a: Rayquaza|Air Lock
|turn|27
|
|t:|1661264561
|move|p2a: Rayquaza|Extreme Speed|p1a: Magearna
|-resisted|p1a: Magearna
|-damage|p1a: Magearna|10/100
|-damage|p2a: Rayquaza|31/100|[from] item: Life Orb
|move|p1a: Magearna|Fleur Cannon|p2a: Rayquaza|[miss]
|-miss|p1a: Magearna|p2a: Rayquaza
|
|upkeep
|turn|28
|
|t:|1661264575
|move|p2a: Rayquaza|Extreme Speed|p1a: Magearna
|-resisted|p1a: Magearna
|-damage|p1a: Magearna|0 fnt
|faint|p1a: Magearna
|-damage|p2a: Rayquaza|21/100|[from] item: Life Orb
|
|upkeep
|
|t:|1661264578
|switch|p1a: Kyogre|Kyogre|100/100
|-damage|p1a: Kyogre|88/100|[from] Stealth Rock
|-weather|RainDance|[from] ability: Drizzle|[of] p1a: Kyogre
|turn|29
|
|t:|1661264588
|move|p2a: Rayquaza|Extreme Speed|p1a: Kyogre
|-damage|p1a: Kyogre|44/100
|-damage|p2a: Rayquaza|11/100|[from] item: Life Orb
|move|p1a: Kyogre|Ice Beam|p2a: Rayquaza
|-supereffective|p2a: Rayquaza
|-damage|p2a: Rayquaza|0 fnt
|faint|p2a: Rayquaza
|
|-weather|RainDance|[upkeep]
|upkeep
|
|t:|1661264597
|switch|p2a: Kyogre|Kyogre|43/100
|-damage|p2a: Kyogre|31/100|[from] Stealth Rock
|turn|30
|
|t:|1661264604
|move|p1a: Kyogre|Ice Beam|p2a: Kyogre
|-resisted|p2a: Kyogre
|-damage|p2a: Kyogre|8/100
|move|p2a: Kyogre|Thunder|p1a: Kyogre
|-supereffective|p1a: Kyogre
|-crit|p1a: Kyogre
|-damage|p1a: Kyogre|0 fnt
|faint|p1a: Kyogre
|
|-weather|RainDance|[upkeep]
|-fieldend|move: Trick Room
|upkeep
|
|t:|1661264608
|switch|p1a: Yveltal|Yveltal|100/100
|-ability|p1a: Yveltal|Dark Aura
|turn|31
|inactive|LeftRayquaza has 120 seconds left.
|
|t:|1661264641
|switch|p2a: Yveltal|Yveltal|49/100
|-ability|p2a: Yveltal|Dark Aura
|move|p1a: Yveltal|Sucker Punch||[still]
|-fail|p1a: Yveltal
|
|-weather|RainDance|[upkeep]
|upkeep
|turn|32
|
|t:|1661264647
|move|p1a: Yveltal|Knock Off|p2a: Yveltal
|-resisted|p2a: Yveltal
|-crit|p2a: Yveltal
|-damage|p2a: Yveltal|17/100
|-enditem|p2a: Yveltal|Heavy-Duty Boots|[from] move: Knock Off|[of] p1a: Yveltal
|move|p2a: Yveltal|Roost|p2a: Yveltal
|-heal|p2a: Yveltal|67/100
|-singleturn|p2a: Yveltal|move: Roost
|
|-weather|RainDance|[upkeep]
|upkeep
|turn|33
|inactive|LeftRayquaza has 120 seconds left.
|
|t:|1661264685
|move|p1a: Yveltal|Knock Off|p2a: Yveltal
|-resisted|p2a: Yveltal
|-damage|p2a: Yveltal|53/100
|move|p2a: Yveltal|Roost|p2a: Yveltal
|-heal|p2a: Yveltal|100/100
|-singleturn|p2a: Yveltal|move: Roost
|
|-weather|none
|upkeep
|turn|34
|
|t:|1661264698
|move|p1a: Yveltal|Knock Off|p2a: Yveltal
|-resisted|p2a: Yveltal
|-damage|p2a: Yveltal|87/100
|move|p2a: Yveltal|Knock Off|p1a: Yveltal
|-resisted|p1a: Yveltal
|-damage|p1a: Yveltal|77/100
|-enditem|p1a: Yveltal|Heavy-Duty Boots|[from] move: Knock Off|[of] p2a: Yveltal
|
|upkeep
|turn|35
|
|t:|1661264707
|move|p1a: Yveltal|Knock Off|p2a: Yveltal
|-resisted|p2a: Yveltal
|-damage|p2a: Yveltal|75/100
|move|p2a: Yveltal|Knock Off|p1a: Yveltal
|-resisted|p1a: Yveltal
|-damage|p1a: Yveltal|62/100
|
|upkeep
|turn|36
|
|t:|1661264713
|move|p1a: Yveltal|Knock Off|p2a: Yveltal
|-resisted|p2a: Yveltal
|-damage|p2a: Yveltal|61/100
|move|p2a: Yveltal|Taunt|p1a: Yveltal
|-start|p1a: Yveltal|move: Taunt
|
|upkeep
|turn|37
|
|t:|1661264724
|move|p1a: Yveltal|Knock Off|p2a: Yveltal
|-resisted|p2a: Yveltal
|-damage|p2a: Yveltal|48/100
|move|p2a: Yveltal|Knock Off|p1a: Yveltal
|-resisted|p1a: Yveltal
|-damage|p1a: Yveltal|44/100
|
|upkeep
|turn|38
|
|t:|1661264729
|move|p1a: Yveltal|Knock Off|p2a: Yveltal
|-resisted|p2a: Yveltal
|-damage|p2a: Yveltal|35/100
|move|p2a: Yveltal|Knock Off|p1a: Yveltal
|-resisted|p1a: Yveltal
|-damage|p1a: Yveltal|28/100
|
|upkeep
|turn|39
|
|t:|1661264734
|move|p1a: Yveltal|Sucker Punch||[still]
|-fail|p1a: Yveltal
|move|p2a: Yveltal|Roost|p2a: Yveltal
|-heal|p2a: Yveltal|85/100
|-singleturn|p2a: Yveltal|move: Roost
|
|-end|p1a: Yveltal|move: Taunt
|upkeep
|turn|40
|
|t:|1661264751
|move|p1a: Yveltal|Roost|p1a: Yveltal
|-heal|p1a: Yveltal|78/100
|-singleturn|p1a: Yveltal|move: Roost
|move|p2a: Yveltal|Taunt|p1a: Yveltal
|-start|p1a: Yveltal|move: Taunt
|
|upkeep
|turn|41
|inactive|LD8 nvzhuangkeai has 120 seconds left.
|
|t:|1661264783
|move|p1a: Yveltal|Knock Off|p2a: Yveltal
|-resisted|p2a: Yveltal
|-damage|p2a: Yveltal|72/100
|move|p2a: Yveltal|Knock Off|p1a: Yveltal
|-resisted|p1a: Yveltal
|-damage|p1a: Yveltal|61/100
|
|upkeep
|turn|42
|
|t:|1661264787
|move|p1a: Yveltal|Knock Off|p2a: Yveltal
|-resisted|p2a: Yveltal
|-damage|p2a: Yveltal|58/100
|move|p2a: Yveltal|Knock Off|p1a: Yveltal
|-resisted|p1a: Yveltal
|-damage|p1a: Yveltal|44/100
|
|upkeep
|turn|43
|
|t:|1661264791
|move|p1a: Yveltal|Knock Off|p2a: Yveltal
|-resisted|p2a: Yveltal
|-crit|p2a: Yveltal
|-damage|p2a: Yveltal|40/100
|move|p2a: Yveltal|Knock Off|p1a: Yveltal
|-resisted|p1a: Yveltal
|-damage|p1a: Yveltal|26/100
|
|-end|p1a: Yveltal|move: Taunt
|upkeep
|turn|44
|
|t:|1661264794
|move|p1a: Yveltal|Roost|p1a: Yveltal
|-heal|p1a: Yveltal|76/100
|-singleturn|p1a: Yveltal|move: Roost
|move|p2a: Yveltal|Roost|p2a: Yveltal
|-heal|p2a: Yveltal|90/100
|-singleturn|p2a: Yveltal|move: Roost
|
|upkeep
|turn|45
|
|t:|1661264801
|move|p1a: Yveltal|Knock Off|p2a: Yveltal
|-resisted|p2a: Yveltal
|-damage|p2a: Yveltal|77/100
|move|p2a: Yveltal|Knock Off|p1a: Yveltal
|-resisted|p1a: Yveltal
|-damage|p1a: Yveltal|59/100
|
|upkeep
|turn|46
|
|t:|1661264804
|move|p1a: Yveltal|Knock Off|p2a: Yveltal
|-resisted|p2a: Yveltal
|-damage|p2a: Yveltal|65/100
|move|p2a: Yveltal|Knock Off|p1a: Yveltal
|-resisted|p1a: Yveltal
|-damage|p1a: Yveltal|41/100
|
|upkeep
|turn|47
|
|t:|1661264813
|move|p1a: Yveltal|Roost|p1a: Yveltal
|-heal|p1a: Yveltal|91/100
|-singleturn|p1a: Yveltal|move: Roost
|move|p2a: Yveltal|Knock Off|p1a: Yveltal
|-resisted|p1a: Yveltal
|-damage|p1a: Yveltal|74/100
|
|upkeep
|turn|48
|
|t:|1661264821
|move|p1a: Yveltal|Knock Off|p2a: Yveltal
|-resisted|p2a: Yveltal
|-damage|p2a: Yveltal|52/100
|move|p2a: Yveltal|Knock Off|p1a: Yveltal
|-resisted|p1a: Yveltal
|-damage|p1a: Yveltal|58/100
|
|upkeep
|turn|49
|inactive|LD8 nvzhuangkeai has 120 seconds left.
|
|t:|1661264856
|move|p1a: Yveltal|Knock Off|p2a: Yveltal
|-resisted|p2a: Yveltal
|-damage|p2a: Yveltal|40/100
|move|p2a: Yveltal|Roost|p2a: Yveltal
|-heal|p2a: Yveltal|90/100
|-singleturn|p2a: Yveltal|move: Roost
|
|upkeep
|turn|50
|inactive|LD8 nvzhuangkeai has 120 seconds left.
|
|t:|1661264880
|move|p1a: Yveltal|Knock Off|p2a: Yveltal
|-resisted|p2a: Yveltal
|-damage|p2a: Yveltal|77/100
|move|p2a: Yveltal|Taunt|p1a: Yveltal
|-start|p1a: Yveltal|move: Taunt
|
|upkeep
|turn|51
|
|t:|1661264892
|move|p1a: Yveltal|Knock Off|p2a: Yveltal
|-resisted|p2a: Yveltal
|-damage|p2a: Yveltal|65/100
|move|p2a: Yveltal|Knock Off|p1a: Yveltal
|-resisted|p1a: Yveltal
|-crit|p1a: Yveltal
|-damage|p1a: Yveltal|31/100
|
|upkeep
|turn|52
|inactive|LD8 nvzhuangkeai has 120 seconds left.
|
|t:|1661264898
|move|p1a: Yveltal|Sucker Punch|p2a: Yveltal
|-resisted|p2a: Yveltal
|-damage|p2a: Yveltal|50/100
|move|p2a: Yveltal|Knock Off|p1a: Yveltal
|-resisted|p1a: Yveltal
|-damage|p1a: Yveltal|16/100
|
|upkeep
|turn|53
|inactive|LeftRayquaza has 120 seconds left.
|inactive|LeftRayquaza has 90 seconds left.
|j| Ultramanball1
|
|t:|1661264984
|move|p1a: Yveltal|Sucker Punch||[still]
|-fail|p1a: Yveltal
|move|p2a: Yveltal|Roost|p2a: Yveltal
|-heal|p2a: Yveltal|99/100
|-singleturn|p2a: Yveltal|move: Roost
|
|-end|p1a: Yveltal|move: Taunt
|upkeep
|turn|54
|l| Ultramanball1
|
|t:|1661264995
|move|p1a: Yveltal|Roost|p1a: Yveltal
|-heal|p1a: Yveltal|66/100
|-singleturn|p1a: Yveltal|move: Roost
|move|p2a: Yveltal|Taunt|p1a: Yveltal
|-start|p1a: Yveltal|move: Taunt
|
|upkeep
|turn|55
|
|t:|1661265000
|move|p1a: Yveltal|Knock Off|p2a: Yveltal
|-resisted|p2a: Yveltal
|-damage|p2a: Yveltal|86/100
|move|p2a: Yveltal|Knock Off|p1a: Yveltal
|-resisted|p1a: Yveltal
|-damage|p1a: Yveltal|49/100
|
|upkeep
|turn|56
|
|t:|1661265005
|move|p1a: Yveltal|Knock Off|p2a: Yveltal
|-resisted|p2a: Yveltal
|-damage|p2a: Yveltal|75/100
|move|p2a: Yveltal|Knock Off|p1a: Yveltal
|-resisted|p1a: Yveltal
|-damage|p1a: Yveltal|32/100
|
|upkeep
|turn|57
|inactive|LeftRayquaza has 90 seconds left.
|
|t:|1661265017
|move|p1a: Yveltal|Knock Off|p2a: Yveltal
|-resisted|p2a: Yveltal
|-damage|p2a: Yveltal|61/100
|move|p2a: Yveltal|Knock Off|p1a: Yveltal
|-resisted|p1a: Yveltal
|-damage|p1a: Yveltal|15/100
|
|-end|p1a: Yveltal|move: Taunt
|upkeep
|turn|58
|inactive|LeftRayquaza has 90 seconds left.
|
|t:|1661265028
|move|p1a: Yveltal|Roost|p1a: Yveltal
|-heal|p1a: Yveltal|65/100
|-singleturn|p1a: Yveltal|move: Roost
|move|p2a: Yveltal|Knock Off|p1a: Yveltal
|-resisted|p1a: Yveltal
|-damage|p1a: Yveltal|47/100
|
|upkeep
|turn|59
|
|t:|1661265032
|move|p1a: Yveltal|Roost|p1a: Yveltal
|-heal|p1a: Yveltal|97/100
|-singleturn|p1a: Yveltal|move: Roost
|move|p2a: Yveltal|Taunt|p1a: Yveltal
|-start|p1a: Yveltal|move: Taunt
|
|upkeep
|turn|60
|
|t:|1661265038
|move|p1a: Yveltal|Knock Off|p2a: Yveltal
|-resisted|p2a: Yveltal
|-damage|p2a: Yveltal|48/100
|move|p2a: Yveltal|Roost|p2a: Yveltal
|-heal|p2a: Yveltal|98/100
|-singleturn|p2a: Yveltal|move: Roost
|
|upkeep
|turn|61
|
|t:|1661265045
|move|p1a: Yveltal|Knock Off|p2a: Yveltal
|-resisted|p2a: Yveltal
|-damage|p2a: Yveltal|85/100
|move|p2a: Yveltal|Knock Off|p1a: Yveltal
|-resisted|p1a: Yveltal
|-damage|p1a: Yveltal|81/100
|
|upkeep
|turn|62
|
|t:|1661265049
|move|p1a: Yveltal|Knock Off|p2a: Yveltal
|-resisted|p2a: Yveltal
|-damage|p2a: Yveltal|71/100
|move|p2a: Yveltal|Knock Off|p1a: Yveltal
|-resisted|p1a: Yveltal
|-damage|p1a: Yveltal|65/100
|
|-end|p1a: Yveltal|move: Taunt
|upkeep
|turn|63
|
|t:|1661265058
|move|p1a: Yveltal|Knock Off|p2a: Yveltal
|-resisted|p2a: Yveltal
|-damage|p2a: Yveltal|59/100
|move|p2a: Yveltal|Knock Off|p1a: Yveltal
|-resisted|p1a: Yveltal
|-damage|p1a: Yveltal|50/100
|
|upkeep
|turn|64
|inactive|LeftRayquaza has 120 seconds left.
|
|t:|1661265084
|move|p1a: Yveltal|Roost|p1a: Yveltal
|-heal|p1a: Yveltal|99/100
|-singleturn|p1a: Yveltal|move: Roost
|move|p2a: Yveltal|Taunt|p1a: Yveltal
|-start|p1a: Yveltal|move: Taunt
|
|upkeep
|turn|65
|inactive|LeftRayquaza has 120 seconds left.
|
|t:|1661265093
|move|p1a: Yveltal|Knock Off|p2a: Yveltal
|-resisted|p2a: Yveltal
|-damage|p2a: Yveltal|46/100
|move|p2a: Yveltal|Knock Off|p1a: Yveltal
|-resisted|p1a: Yveltal
|-damage|p1a: Yveltal|82/100
|
|upkeep
|turn|66
|
|t:|1661265099
|move|p1a: Yveltal|Knock Off|p2a: Yveltal
|-resisted|p2a: Yveltal
|-damage|p2a: Yveltal|33/100
|move|p2a: Yveltal|Roost|p2a: Yveltal
|-heal|p2a: Yveltal|83/100
|-singleturn|p2a: Yveltal|move: Roost
|
|upkeep
|turn|67
|
|t:|1661265105
|move|p1a: Yveltal|Sucker Punch|p2a: Yveltal
|-resisted|p2a: Yveltal
|-damage|p2a: Yveltal|68/100
|move|p2a: Yveltal|Knock Off|p1a: Yveltal
|-resisted|p1a: Yveltal
|-damage|p1a: Yveltal|65/100
|
|-end|p1a: Yveltal|move: Taunt
|upkeep
|turn|68
|
|t:|1661265111
|move|p1a: Yveltal|Knock Off|p2a: Yveltal
|-resisted|p2a: Yveltal
|-damage|p2a: Yveltal|55/100
|move|p2a: Yveltal|Taunt|p1a: Yveltal
|-start|p1a: Yveltal|move: Taunt
|
|upkeep
|turn|69
|
|t:|1661265114
|move|p1a: Yveltal|Knock Off|p2a: Yveltal
|-resisted|p2a: Yveltal
|-damage|p2a: Yveltal|43/100
|move|p2a: Yveltal|Knock Off|p1a: Yveltal
|-resisted|p1a: Yveltal
|-damage|p1a: Yveltal|48/100
|
|upkeep
|turn|70
|
|t:|1661265118
|move|p1a: Yveltal|Knock Off|p2a: Yveltal
|-resisted|p2a: Yveltal
|-damage|p2a: Yveltal|31/100
|move|p2a: Yveltal|Knock Off|p1a: Yveltal
|-resisted|p1a: Yveltal
|-damage|p1a: Yveltal|31/100
|
|upkeep
|turn|71
|
|t:|1661265126
|move|p1a: Yveltal|Knock Off|p2a: Yveltal
|-resisted|p2a: Yveltal
|-damage|p2a: Yveltal|18/100
|move|p2a: Yveltal|Knock Off|p1a: Yveltal
|-resisted|p1a: Yveltal
|-damage|p1a: Yveltal|15/100
|
|-end|p1a: Yveltal|move: Taunt
|upkeep
|turn|72
|
|t:|1661265130
|move|p1a: Yveltal|Roost|p1a: Yveltal
|-heal|p1a: Yveltal|65/100
|-singleturn|p1a: Yveltal|move: Roost
|move|p2a: Yveltal|Roost|p2a: Yveltal
|-heal|p2a: Yveltal|68/100
|-singleturn|p2a: Yveltal|move: Roost
|
|upkeep
|turn|73
|
|t:|1661265140
|move|p1a: Yveltal|Roost|p1a: Yveltal
|-heal|p1a: Yveltal|100/100
|-singleturn|p1a: Yveltal|move: Roost
|move|p2a: Yveltal|Taunt|p1a: Yveltal
|-start|p1a: Yveltal|move: Taunt
|
|upkeep
|turn|74
|
|t:|1661265163
|move|p1a: Yveltal|Knock Off|p2a: Yveltal
|-resisted|p2a: Yveltal
|-damage|p2a: Yveltal|55/100
|move|p2a: Yveltal|Taunt||[still]
|-fail|p2a: Yveltal
|
|upkeep
|turn|75
|
|t:|1661265168
|move|p1a: Yveltal|Sucker Punch||[still]
|-fail|p1a: Yveltal
|move|p2a: Yveltal|Roost|p2a: Yveltal
|-heal|p2a: Yveltal|100/100
|-singleturn|p2a: Yveltal|move: Roost
|
|upkeep
|turn|76
|
|t:|1661265172
|move|p1a: Yveltal|Knock Off|p2a: Yveltal
|-resisted|p2a: Yveltal
|-damage|p2a: Yveltal|89/100
|move|p2a: Yveltal|Taunt||[still]
|-fail|p2a: Yveltal
|
|-end|p1a: Yveltal|move: Taunt
|upkeep
|turn|77
|
|t:|1661265176
|switch|p1a: Palkia|Palkia|19/100
|-damage|p1a: Palkia|6/100|[from] Stealth Rock
|-ability|p1a: Palkia|Pressure
|move|p2a: Yveltal|Taunt|p1a: Palkia
|-start|p1a: Palkia|move: Taunt
|
|-heal|p1a: Palkia|13/100|[from] item: Leftovers
|upkeep
|turn|78
|
|t:|1661265182
|switch|p1a: Yveltal|Yveltal|100/100
|-damage|p1a: Yveltal|76/100|[from] Stealth Rock
|-ability|p1a: Yveltal|Dark Aura
|move|p2a: Yveltal|Knock Off|p1a: Yveltal
|-resisted|p1a: Yveltal
|-damage|p1a: Yveltal|59/100
|
|upkeep
|turn|79
|
|t:|1661265189
|move|p1a: Yveltal|Roost|p1a: Yveltal
|-heal|p1a: Yveltal|100/100
|-singleturn|p1a: Yveltal|move: Roost
|move|p2a: Yveltal|Taunt|p1a: Yveltal
|-start|p1a: Yveltal|move: Taunt
|
|upkeep
|turn|80
|
|t:|1661265194
|move|p1a: Yveltal|Sucker Punch||[still]
|-fail|p1a: Yveltal
|move|p2a: Yveltal|Taunt||[still]
|-fail|p2a: Yveltal
|
|upkeep
|turn|81
|
|t:|1661265200
|switch|p1a: Palkia|Palkia|13/100
|-damage|p1a: Palkia|0 fnt|[from] Stealth Rock
|faint|p1a: Palkia
|move|p2a: Yveltal|Taunt|p1: Palkia|[notarget]
|-fail|p2a: Yveltal
|
|upkeep
|-message|LD8 nvzhuangkeai forfeited.
|
|win|LeftRayquaza
|raw|LD8 nvzhuangkeai's rating: 1649 &rarr; <strong>1618</strong><br />(-31 for losing)
|raw|LeftRayquaza's rating: 1445 &rarr; <strong>1476</strong><br />(+31 for winning)
|l|☆LD8 nvzhuangkeai
||Ladder isn't responding, score probably updated but might not have (Request timeout).
|j| ok sir
