|html|<div class="broadcast-blue"><strong>[Gen 8] Ubers is currently suspecting Calyrex-Shadow! For information on how to participate check out the <a href="https://www.smogon.com/forums/threads/np-ss-ubers-stage-8-ridin-dirty-calyrex-shadow-suspect-test.3704200/">suspect thread</a>.</strong></div>
|j|☆Bizarro_Mask
|j|☆TogeBirlHQ
|t:|1657457444
|gametype|singles
|player|p1|Bizarro_Mask|102|1314
|player|p2|TogeBirlHQ|red-gen7|1441
|teamsize|p1|6
|teamsize|p2|6
|gen|8
|tier|[Gen 8] Ubers
|rated|
|rule|Sleep Clause Mod: Limit one foe put to sleep
|rule|Species Clause: Limit one of each Pokémon
|rule|OHKO Clause: OHKO moves are banned
|rule|Evasion Moves Clause: Evasion moves are banned
|rule|Endless Battle Clause: Forcing endless battles is banned
|rule|HP Percentage Mod: HP is shown in percentages
|rule|Dynamax Clause: You cannot dynamax
|clearpoke
|poke|p1|Calyrex-Shadow|
|poke|p1|Groudon|
|poke|p1|Yveltal|
|poke|p1|Necrozma-Dusk-Mane|
|poke|p1|Blissey, F|
|poke|p1|Eternatus|
|poke|p2|Yveltal|
|poke|p2|Necrozma-Dusk-Mane|
|poke|p2|Eternatus|
|poke|p2|Tangrowth, M|
|poke|p2|Kyogre|
|poke|p2|Calyrex-Shadow|
|teampreview
|
|t:|1657457463
|start
|switch|p1a: Confined|Blissey, F|100/100
|switch|p2a: Kyogre|Kyogre|100/100
|-weather|RainDance|[from] ability: Drizzle|[of] p2a: Kyogre
|turn|1
|
|t:|1657457480
|switch|p2a: Necrozma|Necrozma-Dusk-Mane|100/100
|move|p1a: Confined|Stealth Rock|p2a: Necrozma
|-sidestart|p2: TogeBirlHQ|move: Stealth Rock
|
|-weather|RainDance|[upkeep]
|upkeep
|turn|2
|
|t:|1657457489
|switch|p1a: Goudron|Groudon|100/100
|-weather|SunnyDay|[from] ability: Drought|[of] p1a: Goudron
|move|p2a: Necrozma|Stealth Rock|p1a: Goudron
|-sidestart|p1: Bizarro_Mask|move: Stealth Rock
|
|-weather|SunnyDay|[upkeep]
|upkeep
|turn|3
|
|t:|1657457496
|switch|p2a: Tangrowth|Tangrowth, M|100/100
|-damage|p2a: Tangrowth|88/100|[from] Stealth Rock
|move|p1a: Goudron|Fire Punch|p2a: Tangrowth
|-supereffective|p2a: Tangrowth
|-damage|p2a: Tangrowth|36/100
|-damage|p1a: Goudron|84/100|[from] item: Rocky Helmet|[of] p2a: Tangrowth
|
|-weather|SunnyDay|[upkeep]
|-heal|p1a: Goudron|90/100|[from] item: Leftovers
|upkeep
|turn|4
|
|t:|1657457504
|switch|p2a: Yveltal|Yveltal|100/100
|-ability|p2a: Yveltal|Dark Aura
|move|p1a: Goudron|Fire Punch|p2a: Yveltal
|-damage|p2a: Yveltal|62/100
|-status|p2a: Yveltal|brn
|
|-weather|SunnyDay|[upkeep]
|-heal|p1a: Goudron|96/100|[from] item: Leftovers
|-damage|p2a: Yveltal|56/100 brn|[from] brn
|upkeep
|turn|5
|
|t:|1657457514
|move|p2a: Yveltal|Roost|p2a: Yveltal
|-heal|p2a: Yveltal|100/100 brn
|-singleturn|p2a: Yveltal|move: Roost
|move|p1a: Goudron|Stone Edge|p2a: Yveltal|[miss]
|-miss|p1a: Goudron|p2a: Yveltal
|
|-weather|SunnyDay|[upkeep]
|-heal|p1a: Goudron|100/100|[from] item: Leftovers
|-damage|p2a: Yveltal|94/100 brn|[from] brn
|upkeep
|turn|6
|
|t:|1657457521
|switch|p2a: Tangrowth|Tangrowth, M|69/100
|-damage|p2a: Tangrowth|56/100|[from] Stealth Rock
|move|p1a: Goudron|Stone Edge|p2a: Tangrowth
|-damage|p2a: Tangrowth|35/100
|
|-weather|none
|upkeep
|turn|7
|
|t:|1657457531
|switch|p2a: Kyogre|Kyogre|100/100
|-damage|p2a: Kyogre|88/100|[from] Stealth Rock
|-weather|RainDance|[from] ability: Drizzle|[of] p2a: Kyogre
|move|p1a: Goudron|Fire Punch|p2a: Kyogre
|-resisted|p2a: Kyogre
|-damage|p2a: Kyogre|80/100
|
|-weather|RainDance|[upkeep]
|upkeep
|turn|8
|
|t:|1657457541
|switch|p2a: Calyrex|Calyrex-Shadow|100/100
|-ability|p2a: Calyrex|As One
|-ability|p2a: Calyrex|Unnerve
|-damage|p2a: Calyrex|88/100|[from] Stealth Rock
|switch|p1a: Confined|Blissey, F|100/100
|-damage|p1a: Confined|88/100|[from] Stealth Rock
|
|-weather|RainDance|[upkeep]
|upkeep
|turn|9
|
|t:|1657457551
|move|p2a: Calyrex|Trick|p1a: Confined
|-activate|p2a: Calyrex|move: Trick|[of] p1a: Confined
|-item|p1a: Confined|Choice Specs|[from] move: Trick
|-item|p2a: Calyrex|Utility Umbrella|[from] move: Trick
|move|p1a: Confined|Thunder Wave|p2a: Calyrex
|-status|p2a: Calyrex|par
|
|-weather|RainDance|[upkeep]
|upkeep
|turn|10
|
|t:|1657457560
|switch|p1a: Olivier|Yveltal|100/100
|-ability|p1a: Olivier|Dark Aura
|move|p2a: Calyrex|Substitute|p2a: Calyrex
|-start|p2a: Calyrex|Substitute
|-damage|p2a: Calyrex|63/100 par
|
|-weather|RainDance|[upkeep]
|upkeep
|turn|11
|
|t:|1657457570
|move|p1a: Olivier|Knock Off|p2a: Calyrex
|-supereffective|p2a: Calyrex
|-end|p2a: Calyrex|Substitute
|cant|p2a: Calyrex|par
|
|-weather|none
|upkeep
|turn|12
|
|t:|1657457580
|switch|p2a: Eternatus|Eternatus|100/100
|-damage|p2a: Eternatus|88/100|[from] Stealth Rock
|-ability|p2a: Eternatus|Pressure
|move|p1a: Olivier|Knock Off|p2a: Eternatus
|-damage|p2a: Eternatus|48/100
|-enditem|p2a: Eternatus|Black Sludge|[from] move: Knock Off|[of] p1a: Olivier
|
|upkeep
|turn|13
|
|t:|1657457590
|move|p2a: Eternatus|Recover|p2a: Eternatus
|-heal|p2a: Eternatus|98/100
|move|p1a: Olivier|Defog|p2a: Eternatus
|-unboost|p2a: Eternatus|evasion|1
|-sideend|p2: TogeBirlHQ|Stealth Rock|[from] move: Defog|[of] p1a: Olivier
|-sideend|p1: Bizarro_Mask|Stealth Rock|[from] move: Defog|[of] p1a: Olivier
|
|upkeep
|turn|14
|
|t:|1657457609
|switch|p1a: Ban me|Calyrex-Shadow|100/100
|-ability|p1a: Ban me|As One
|-ability|p1a: Ban me|Unnerve
|move|p2a: Eternatus|Toxic|p1a: Ban me
|-status|p1a: Ban me|tox
|
|-damage|p1a: Ban me|94/100 tox|[from] psn
|upkeep
|turn|15
|
|t:|1657457617
|switch|p2a: Yveltal|Yveltal|94/100 brn
|-ability|p2a: Yveltal|Dark Aura
|move|p1a: Ban me|Astral Barrage|p2a: Yveltal
|-resisted|p2a: Yveltal
|-damage|p2a: Yveltal|68/100 brn
|
|-damage|p1a: Ban me|82/100 tox|[from] psn
|-damage|p2a: Yveltal|62/100 brn|[from] brn
|upkeep
|turn|16
|
|t:|1657457629
|switch|p1a: Goudron|Groudon|100/100
|-weather|SunnyDay|[from] ability: Drought|[of] p1a: Goudron
|move|p2a: Yveltal|U-turn|p1a: Goudron
|-crit|p1a: Goudron
|-damage|p1a: Goudron|92/100
|
|t:|1657457636
|switch|p2a: Kyogre|Kyogre|80/100|[from]move: U-turn
|-weather|RainDance|[from] ability: Drizzle|[of] p2a: Kyogre
|
|-weather|RainDance|[upkeep]
|-heal|p1a: Goudron|98/100|[from] item: Leftovers
|upkeep
|turn|17
|
|t:|1657457641
|switch|p1a: Confined|Blissey, F|88/100
|move|p2a: Kyogre|Water Spout|p1a: Confined
|-damage|p1a: Confined|57/100
|
|-weather|RainDance|[upkeep]
|upkeep
|turn|18
|
|t:|1657457661
|switch|p2a: Tangrowth|Tangrowth, M|68/100
|move|p1a: Confined|Soft-Boiled|p1a: Confined
|-heal|p1a: Confined|100/100
|
|-weather|RainDance|[upkeep]
|upkeep
|turn|19
|
|t:|1657457678
|switch|p1a: Goudron|Groudon|98/100
|-weather|SunnyDay|[from] ability: Drought|[of] p1a: Goudron
|move|p2a: Tangrowth|Sleep Powder|p1a: Goudron|[miss]
|-miss|p2a: Tangrowth|p1a: Goudron
|
|-weather|SunnyDay|[upkeep]
|-heal|p1a: Goudron|100/100|[from] item: Leftovers
|upkeep
|turn|20
|
|t:|1657457684
|move|p1a: Goudron|Stone Edge|p2a: Tangrowth
|-damage|p2a: Tangrowth|47/100
|move|p2a: Tangrowth|Grass Knot|p1a: Goudron
|-supereffective|p1a: Goudron
|-damage|p1a: Goudron|5/100
|
|-weather|SunnyDay|[upkeep]
|-heal|p1a: Goudron|12/100|[from] item: Leftovers
|upkeep
|turn|21
|
|t:|1657457703
|switch|p2a: Eternatus|Eternatus|98/100
|-ability|p2a: Eternatus|Pressure
|move|p1a: Goudron|Fire Punch|p2a: Eternatus
|-resisted|p2a: Eternatus
|-damage|p2a: Eternatus|81/100
|
|-weather|SunnyDay|[upkeep]
|-heal|p1a: Goudron|18/100|[from] item: Leftovers
|upkeep
|turn|22
|
|t:|1657457712
|switch|p1a: Solgaleo Shiny|Necrozma-Dusk-Mane|100/100
|move|p2a: Eternatus|Flamethrower|p1a: Solgaleo Shiny
|-supereffective|p1a: Solgaleo Shiny
|-damage|p1a: Solgaleo Shiny|62/100
|
|-weather|SunnyDay|[upkeep]
|-heal|p1a: Solgaleo Shiny|68/100|[from] item: Leftovers
|upkeep
|turn|23
|
|t:|1657457725
|switch|p2a: Necrozma|Necrozma-Dusk-Mane|100/100
|move|p1a: Solgaleo Shiny|Thunder Wave|p2a: Necrozma
|-status|p2a: Necrozma|par
|
|-weather|none
|-heal|p1a: Solgaleo Shiny|74/100|[from] item: Leftovers
|upkeep
|turn|24
|
|t:|1657457732
|move|p1a: Solgaleo Shiny|Knock Off|p2a: Necrozma
|-supereffective|p2a: Necrozma
|-damage|p2a: Necrozma|67/100 par
|-enditem|p2a: Necrozma|Leftovers|[from] move: Knock Off|[of] p1a: Solgaleo Shiny
|cant|p2a: Necrozma|par
|
|-heal|p1a: Solgaleo Shiny|80/100|[from] item: Leftovers
|upkeep
|turn|25
|
|t:|1657457743
|switch|p1a: Ban me|Calyrex-Shadow|82/100 tox
|-ability|p1a: Ban me|As One
|-ability|p1a: Ban me|Unnerve
|move|p2a: Necrozma|Morning Sun|p2a: Necrozma
|-heal|p2a: Necrozma|100/100 par
|
|-damage|p1a: Ban me|76/100 tox|[from] psn
|upkeep
|turn|26
|
|t:|1657457761
|move|p1a: Ban me|Tri Attack|p2a: Necrozma
|-resisted|p2a: Necrozma
|-damage|p2a: Necrozma|89/100 par
|move|p2a: Necrozma|Iron Head|p1a: Ban me
|-damage|p1a: Ban me|31/100 tox
|
|-damage|p1a: Ban me|19/100 tox|[from] psn
|upkeep
|turn|27
|
|t:|1657457772
|switch|p2a: Calyrex|Calyrex-Shadow|63/100 par
|-ability|p2a: Calyrex|As One
|-ability|p2a: Calyrex|Unnerve
|move|p1a: Ban me|Astral Barrage|p2a: Calyrex
|-supereffective|p2a: Calyrex
|-damage|p2a: Calyrex|0 fnt
|faint|p2a: Calyrex
|-ability|p1a: Ban me|Grim Neigh|boost
|-boost|p1a: Ban me|spa|1
|
|-damage|p1a: Ban me|0 fnt|[from] psn
|faint|p1a: Ban me
|upkeep
|
|t:|1657457786
|switch|p2a: Tangrowth|Tangrowth, M|80/100
|switch|p1a: Sasuknatus|Eternatus|100/100
|-ability|p1a: Sasuknatus|Pressure
|turn|28
|
|t:|1657457793
|switch|p2a: Necrozma|Necrozma-Dusk-Mane|89/100 par
|move|p1a: Sasuknatus|Sludge Wave|p2a: Necrozma
|-immune|p2a: Necrozma
|
|upkeep
|turn|29
|
|t:|1657457800
|switch|p1a: Olivier|Yveltal|100/100
|-ability|p1a: Olivier|Dark Aura
|move|p2a: Necrozma|Stealth Rock|p1a: Olivier
|-sidestart|p1: Bizarro_Mask|move: Stealth Rock
|
|upkeep
|turn|30
|
|t:|1657457806
|switch|p2a: Eternatus|Eternatus|81/100
|-ability|p2a: Eternatus|Pressure
|move|p1a: Olivier|Knock Off|p2a: Eternatus
|-damage|p2a: Eternatus|54/100
|
|upkeep
|turn|31
|
|t:|1657457813
|move|p2a: Eternatus|Recover|p2a: Eternatus
|-heal|p2a: Eternatus|100/100
|move|p1a: Olivier|Defog|p2a: Eternatus
|-unboost|p2a: Eternatus|evasion|1
|-sideend|p1: Bizarro_Mask|Stealth Rock|[from] move: Defog|[of] p1a: Olivier
|
|upkeep
|turn|32
|
|t:|1657457821
|switch|p1a: Sasuknatus|Eternatus|100/100
|-ability|p1a: Sasuknatus|Pressure
|move|p2a: Eternatus|Flamethrower|p1a: Sasuknatus
|-resisted|p1a: Sasuknatus
|-damage|p1a: Sasuknatus|92/100
|
|upkeep
|turn|33
|
|t:|1657457829
|switch|p2a: Necrozma|Necrozma-Dusk-Mane|89/100 par
|move|p1a: Sasuknatus|Dynamax Cannon|p2a: Necrozma
|-resisted|p2a: Necrozma
|-damage|p2a: Necrozma|74/100 par
|
|upkeep
|turn|34
|
|t:|1657457839
|switch|p1a: Goudron|Groudon|18/100
|-weather|SunnyDay|[from] ability: Drought|[of] p1a: Goudron
|switch|p2a: Kyogre|Kyogre|80/100
|-weather|RainDance|[from] ability: Drizzle|[of] p2a: Kyogre
|
|-weather|RainDance|[upkeep]
|-heal|p1a: Goudron|24/100|[from] item: Leftovers
|upkeep
|turn|35
|
|t:|1657457846
|switch|p1a: Confined|Blissey, F|100/100
|move|p2a: Kyogre|Water Spout|p1a: Confined
|-damage|p1a: Confined|72/100
|
|-weather|RainDance|[upkeep]
|upkeep
|turn|36
|
|t:|1657457856
|switch|p2a: Necrozma|Necrozma-Dusk-Mane|74/100 par
|move|p1a: Confined|Thunder Wave|p2a: Necrozma
|-fail|p2a: Necrozma|par
|
|-weather|RainDance|[upkeep]
|upkeep
|turn|37
|
|t:|1657457862
|switch|p1a: Goudron|Groudon|24/100
|-weather|SunnyDay|[from] ability: Drought|[of] p1a: Goudron
|move|p2a: Necrozma|Stealth Rock|p1a: Goudron
|-sidestart|p1: Bizarro_Mask|move: Stealth Rock
|
|-weather|SunnyDay|[upkeep]
|-heal|p1a: Goudron|30/100|[from] item: Leftovers
|upkeep
|turn|38
|
|t:|1657457872
|switch|p2a: Tangrowth|Tangrowth, M|100/100
|move|p1a: Goudron|Bulk Up|p1a: Goudron
|-boost|p1a: Goudron|atk|1
|-boost|p1a: Goudron|def|1
|
|-weather|SunnyDay|[upkeep]
|-heal|p1a: Goudron|36/100|[from] item: Leftovers
|upkeep
|turn|39
|
|t:|1657457879
|switch|p2a: Eternatus|Eternatus|100/100
|-ability|p2a: Eternatus|Pressure
|move|p1a: Goudron|Fire Punch|p2a: Eternatus
|-resisted|p2a: Eternatus
|-damage|p2a: Eternatus|74/100
|
|-weather|SunnyDay|[upkeep]
|-heal|p1a: Goudron|42/100|[from] item: Leftovers
|upkeep
|turn|40
|
|t:|1657457888
|move|p2a: Eternatus|Dynamax Cannon|p1a: Goudron
|-damage|p1a: Goudron|0 fnt
|faint|p1a: Goudron
|
|-weather|SunnyDay|[upkeep]
|upkeep
|
|t:|1657457891
|switch|p1a: Sasuknatus|Eternatus|92/100
|-ability|p1a: Sasuknatus|Pressure
|turn|41
|
|t:|1657457901
|switch|p2a: Necrozma|Necrozma-Dusk-Mane|74/100 par
|move|p1a: Sasuknatus|Dynamax Cannon|p2a: Necrozma
|-resisted|p2a: Necrozma
|-damage|p2a: Necrozma|58/100 par
|
|-weather|none
|upkeep
|turn|42
|
|t:|1657457908
|switch|p1a: Olivier|Yveltal|100/100
|-ability|p1a: Olivier|Dark Aura
|move|p2a: Necrozma|Morning Sun|p2a: Necrozma
|-heal|p2a: Necrozma|100/100 par
|
|upkeep
|turn|43
|
|t:|1657457913
|switch|p2a: Eternatus|Eternatus|74/100
|-ability|p2a: Eternatus|Pressure
|move|p1a: Olivier|Defog|p2a: Eternatus
|-unboost|p2a: Eternatus|evasion|1
|-sideend|p1: Bizarro_Mask|Stealth Rock|[from] move: Defog|[of] p1a: Olivier
|
|upkeep
|turn|44
|
|t:|1657457922
|switch|p1a: Solgaleo Shiny|Necrozma-Dusk-Mane|80/100
|move|p2a: Eternatus|Toxic|p1a: Solgaleo Shiny
|-immune|p1a: Solgaleo Shiny
|
|-heal|p1a: Solgaleo Shiny|86/100|[from] item: Leftovers
|upkeep
|turn|45
|
|t:|1657457931
|switch|p2a: Tangrowth|Tangrowth, M|100/100
|move|p1a: Solgaleo Shiny|Sunsteel Strike|p2a: Tangrowth
|-damage|p2a: Tangrowth|73/100
|-damage|p1a: Solgaleo Shiny|69/100|[from] item: Rocky Helmet|[of] p2a: Tangrowth
|
|-heal|p1a: Solgaleo Shiny|75/100|[from] item: Leftovers
|upkeep
|turn|46
|
|t:|1657457943
|switch|p2a: Necrozma|Necrozma-Dusk-Mane|100/100 par
|move|p1a: Solgaleo Shiny|Knock Off|p2a: Necrozma
|-supereffective|p2a: Necrozma
|-damage|p2a: Necrozma|76/100 par
|
|-heal|p1a: Solgaleo Shiny|81/100|[from] item: Leftovers
|upkeep
|turn|47
|
|t:|1657457950
|switch|p1a: Olivier|Yveltal|100/100
|-ability|p1a: Olivier|Dark Aura
|move|p2a: Necrozma|Stealth Rock|p1a: Olivier
|-sidestart|p1: Bizarro_Mask|move: Stealth Rock
|
|upkeep
|turn|48
|
|t:|1657457956
|switch|p2a: Eternatus|Eternatus|74/100
|-ability|p2a: Eternatus|Pressure
|move|p1a: Olivier|Knock Off|p2a: Eternatus
|-damage|p2a: Eternatus|43/100
|
|upkeep
|turn|49
|
|t:|1657457965
|move|p2a: Eternatus|Recover|p2a: Eternatus
|-heal|p2a: Eternatus|93/100
|move|p1a: Olivier|Defog|p2a: Eternatus
|-unboost|p2a: Eternatus|evasion|1
|-sideend|p1: Bizarro_Mask|Stealth Rock|[from] move: Defog|[of] p1a: Olivier
|
|upkeep
|turn|50
|
|t:|1657457971
|switch|p2a: Kyogre|Kyogre|80/100
|-weather|RainDance|[from] ability: Drizzle|[of] p2a: Kyogre
|switch|p1a: Confined|Blissey, F|72/100
|
|-weather|RainDance|[upkeep]
|upkeep
|turn|51
|
|t:|1657457981
|switch|p2a: Necrozma|Necrozma-Dusk-Mane|76/100 par
|move|p1a: Confined|Stealth Rock|p2a: Necrozma
|-sidestart|p2: TogeBirlHQ|move: Stealth Rock
|
|-weather|RainDance|[upkeep]
|upkeep
|turn|52
|
|t:|1657457986
|switch|p1a: Olivier|Yveltal|100/100
|-ability|p1a: Olivier|Dark Aura
|cant|p2a: Necrozma|par
|
|-weather|RainDance|[upkeep]
|upkeep
|turn|53
|
|t:|1657457998
|switch|p2a: Yveltal|Yveltal|62/100 brn
|-ability|p2a: Yveltal|Dark Aura
|move|p1a: Olivier|Knock Off|p2a: Yveltal
|-resisted|p2a: Yveltal
|-damage|p2a: Yveltal|37/100 brn
|-enditem|p2a: Yveltal|Heavy-Duty Boots|[from] move: Knock Off|[of] p1a: Olivier
|
|-weather|RainDance|[upkeep]
|-damage|p2a: Yveltal|31/100 brn|[from] brn
|upkeep
|turn|54
|
|t:|1657458009
|move|p2a: Yveltal|Roost|p2a: Yveltal
|-heal|p2a: Yveltal|82/100 brn
|-singleturn|p2a: Yveltal|move: Roost
|move|p1a: Olivier|Knock Off|p2a: Yveltal
|-resisted|p2a: Yveltal
|-damage|p2a: Yveltal|64/100 brn
|
|-weather|none
|-damage|p2a: Yveltal|58/100 brn|[from] brn
|upkeep
|turn|55
|
|t:|1657458018
|move|p2a: Yveltal|Defog|p1a: Olivier
|-unboost|p1a: Olivier|evasion|1
|-sideend|p2: TogeBirlHQ|Stealth Rock|[from] move: Defog|[of] p2a: Yveltal
|move|p1a: Olivier|Knock Off|p2a: Yveltal
|-resisted|p2a: Yveltal
|-damage|p2a: Yveltal|42/100 brn
|
|-damage|p2a: Yveltal|36/100 brn|[from] brn
|upkeep
|turn|56
|
|t:|1657458024
|move|p2a: Yveltal|Roost|p2a: Yveltal
|-heal|p2a: Yveltal|86/100 brn
|-singleturn|p2a: Yveltal|move: Roost
|move|p1a: Olivier|Knock Off|p2a: Yveltal
|-resisted|p2a: Yveltal
|-damage|p2a: Yveltal|69/100 brn
|
|-damage|p2a: Yveltal|63/100 brn|[from] brn
|upkeep
|turn|57
|
|t:|1657458030
|move|p2a: Yveltal|U-turn|p1a: Olivier
|-damage|p1a: Olivier|93/100
|
|t:|1657458034
|switch|p2a: Eternatus|Eternatus|93/100|[from]move: U-turn
|-ability|p2a: Eternatus|Pressure
|move|p1a: Olivier|Knock Off|p2a: Eternatus
|-damage|p2a: Eternatus|62/100
|
|upkeep
|turn|58
|
|t:|1657458046
|switch|p1a: Confined|Blissey, F|72/100
|move|p2a: Eternatus|Dynamax Cannon|p1a: Confined
|-damage|p1a: Confined|58/100
|
|upkeep
|turn|59
|
|t:|1657458052
|switch|p2a: Necrozma|Necrozma-Dusk-Mane|76/100 par
|move|p1a: Confined|Stealth Rock|p2a: Necrozma
|-sidestart|p2: TogeBirlHQ|move: Stealth Rock
|
|upkeep
|turn|60
|
|t:|1657458061
|switch|p1a: Olivier|Yveltal|93/100
|-ability|p1a: Olivier|Dark Aura
|move|p2a: Necrozma|Stealth Rock|p1a: Olivier
|-sidestart|p1: Bizarro_Mask|move: Stealth Rock
|
|upkeep
|turn|61
|
|t:|1657458070
|switch|p2a: Eternatus|Eternatus|62/100
|-damage|p2a: Eternatus|50/100|[from] Stealth Rock
|-ability|p2a: Eternatus|Pressure
|move|p1a: Olivier|Knock Off|p2a: Eternatus
|-damage|p2a: Eternatus|23/100
|
|upkeep
|turn|62
|
|t:|1657458078
|move|p2a: Eternatus|Recover|p2a: Eternatus
|-heal|p2a: Eternatus|73/100
|move|p1a: Olivier|Knock Off|p2a: Eternatus
|-damage|p2a: Eternatus|46/100
|
|upkeep
|turn|63
|
|t:|1657458084
|move|p2a: Eternatus|Recover|p2a: Eternatus
|-heal|p2a: Eternatus|96/100
|move|p1a: Olivier|Knock Off|p2a: Eternatus
|-damage|p2a: Eternatus|68/100
|
|upkeep
|turn|64
|
|t:|1657458088
|move|p2a: Eternatus|Toxic|p1a: Olivier
|-status|p1a: Olivier|tox
|move|p1a: Olivier|Knock Off|p2a: Eternatus
|-damage|p2a: Eternatus|38/100
|
|-damage|p1a: Olivier|87/100 tox|[from] psn
|upkeep
|turn|65
|
|t:|1657458093
|switch|p1a: Confined|Blissey, F|58/100
|-damage|p1a: Confined|45/100|[from] Stealth Rock
|move|p2a: Eternatus|Recover|p2a: Eternatus
|-heal|p2a: Eternatus|88/100
|
|upkeep
|turn|66
|
|t:|1657458109
|switch|p2a: Necrozma|Necrozma-Dusk-Mane|76/100 par
|-damage|p2a: Necrozma|70/100 par|[from] Stealth Rock
|move|p1a: Confined|Aromatherapy|p1a: Confined
|-activate|p1a: Confined|move: Aromatherapy
|-curestatus|p1: Olivier|tox|[msg]
|
|upkeep
|turn|67
|
|t:|1657458115
|switch|p1a: Olivier|Yveltal|87/100
|-ability|p1a: Olivier|Dark Aura
|move|p2a: Necrozma|Thunder Wave|p1a: Olivier
|-status|p1a: Olivier|par
|
|upkeep
|turn|68
|
|t:|1657458120
|switch|p2a: Tangrowth|Tangrowth, M|100/100
|-damage|p2a: Tangrowth|88/100|[from] Stealth Rock
|move|p1a: Olivier|Knock Off|p2a: Tangrowth
|-damage|p2a: Tangrowth|61/100
|-damage|p1a: Olivier|70/100 par|[from] item: Rocky Helmet|[of] p2a: Tangrowth
|-enditem|p2a: Tangrowth|Rocky Helmet|[from] move: Knock Off|[of] p1a: Olivier
|
|upkeep
|turn|69
|
|t:|1657458134
|switch|p1a: Confined|Blissey, F|45/100
|-damage|p1a: Confined|33/100|[from] Stealth Rock
|switch|p2a: Eternatus|Eternatus|88/100
|-damage|p2a: Eternatus|75/100|[from] Stealth Rock
|-ability|p2a: Eternatus|Pressure
|
|upkeep
|turn|70
|
|t:|1657458145
|switch|p2a: Yveltal|Yveltal|63/100 brn
|-damage|p2a: Yveltal|38/100 brn|[from] Stealth Rock
|-ability|p2a: Yveltal|Dark Aura
|move|p1a: Confined|Soft-Boiled|p1a: Confined
|-heal|p1a: Confined|83/100
|
|-damage|p2a: Yveltal|32/100 brn|[from] brn
|upkeep
|turn|71
|
|t:|1657458154
|move|p2a: Yveltal|Roost|p2a: Yveltal
|-heal|p2a: Yveltal|82/100 brn
|-singleturn|p2a: Yveltal|move: Roost
|move|p1a: Confined|Soft-Boiled|p1a: Confined
|-heal|p1a: Confined|100/100
|
|-damage|p2a: Yveltal|76/100 brn|[from] brn
|upkeep
|turn|72
|
|t:|1657458160
|switch|p1a: Sasuknatus|Eternatus|92/100
|-ability|p1a: Sasuknatus|Pressure
|move|p2a: Yveltal|Defog|p1a: Sasuknatus
|-unboost|p1a: Sasuknatus|evasion|1
|-sideend|p1: Bizarro_Mask|Stealth Rock|[from] move: Defog|[of] p2a: Yveltal
|-sideend|p2: TogeBirlHQ|Stealth Rock|[from] move: Defog|[of] p2a: Yveltal
|
|-damage|p2a: Yveltal|70/100 brn|[from] brn
|upkeep
|turn|73
|
|t:|1657458166
|switch|p2a: Necrozma|Necrozma-Dusk-Mane|70/100 par
|move|p1a: Sasuknatus|Dynamax Cannon|p2a: Necrozma
|-resisted|p2a: Necrozma
|-damage|p2a: Necrozma|55/100 par
|
|upkeep
|turn|74
|
|t:|1657458175
|move|p1a: Sasuknatus|Dynamax Cannon|p2a: Necrozma
|-resisted|p2a: Necrozma
|-damage|p2a: Necrozma|40/100 par
|move|p2a: Necrozma|Morning Sun|p2a: Necrozma
|-heal|p2a: Necrozma|90/100 par
|
|upkeep
|turn|75
|
|t:|1657458183
|switch|p1a: Confined|Blissey, F|100/100
|cant|p2a: Necrozma|par
|
|upkeep
|turn|76
|
|t:|1657458187
|move|p1a: Confined|Stealth Rock|p2a: Necrozma
|-sidestart|p2: TogeBirlHQ|move: Stealth Rock
|move|p2a: Necrozma|Iron Head|p1a: Confined
|-damage|p1a: Confined|18/100
|
|upkeep
|turn|77
|
|t:|1657458200
|switch|p1a: Olivier|Yveltal|70/100 par
|-ability|p1a: Olivier|Dark Aura
|move|p2a: Necrozma|Thunder Wave|p1a: Olivier
|-fail|p1a: Olivier|par
|
|upkeep
|turn|78
|
|t:|1657458206
|switch|p2a: Yveltal|Yveltal|70/100 brn
|-damage|p2a: Yveltal|46/100 brn|[from] Stealth Rock
|-ability|p2a: Yveltal|Dark Aura
|move|p1a: Olivier|Roost|p1a: Olivier
|-heal|p1a: Olivier|100/100 par
|-singleturn|p1a: Olivier|move: Roost
|
|-damage|p2a: Yveltal|39/100 brn|[from] brn
|upkeep
|turn|79
|
|t:|1657458214
|move|p2a: Yveltal|Defog|p1a: Olivier
|-unboost|p1a: Olivier|evasion|1
|-sideend|p2: TogeBirlHQ|Stealth Rock|[from] move: Defog|[of] p2a: Yveltal
|move|p1a: Olivier|Knock Off|p2a: Yveltal
|-resisted|p2a: Yveltal
|-damage|p2a: Yveltal|22/100 brn
|
|-damage|p2a: Yveltal|16/100 brn|[from] brn
|upkeep
|turn|80
|
|t:|1657458219
|move|p2a: Yveltal|Roost|p2a: Yveltal
|-heal|p2a: Yveltal|66/100 brn
|-singleturn|p2a: Yveltal|move: Roost
|cant|p1a: Olivier|par
|
|-damage|p2a: Yveltal|60/100 brn|[from] brn
|upkeep
|turn|81
|
|t:|1657458226
|move|p2a: Yveltal|U-turn|p1a: Olivier
|-damage|p1a: Olivier|92/100 par
|
|t:|1657458230
|switch|p2a: Tangrowth|Tangrowth, M|94/100|[from]move: U-turn
|cant|p1a: Olivier|par
|
|upkeep
|turn|82
|
|t:|1657458240
|switch|p1a: Sasuknatus|Eternatus|92/100
|-ability|p1a: Sasuknatus|Pressure
|switch|p2a: Yveltal|Yveltal|60/100 brn
|-ability|p2a: Yveltal|Dark Aura
|
|-damage|p2a: Yveltal|54/100 brn|[from] brn
|upkeep
|turn|83
|
|t:|1657458247
|switch|p2a: Necrozma|Necrozma-Dusk-Mane|90/100 par
|move|p1a: Sasuknatus|Dynamax Cannon|p2a: Necrozma
|-resisted|p2a: Necrozma
|-damage|p2a: Necrozma|74/100 par
|
|upkeep
|turn|84
|
|t:|1657458255
|move|p1a: Sasuknatus|Dynamax Cannon|p2a: Necrozma
|-resisted|p2a: Necrozma
|-damage|p2a: Necrozma|60/100 par
|move|p2a: Necrozma|Stealth Rock|p1a: Sasuknatus
|-sidestart|p1: Bizarro_Mask|move: Stealth Rock
|
|upkeep
|turn|85
|
|t:|1657458262
|move|p1a: Sasuknatus|Toxic||[still]
|-fail|p1a: Sasuknatus
|move|p2a: Necrozma|Morning Sun|p2a: Necrozma
|-heal|p2a: Necrozma|100/100 par
|
|upkeep
|turn|86
|
|t:|1657458273
|move|p1a: Sasuknatus|Toxic||[still]
|-fail|p1a: Sasuknatus
|move|p2a: Necrozma|Iron Head|p1a: Sasuknatus
|-damage|p1a: Sasuknatus|60/100
|
|upkeep
|turn|87
|
|t:|1657458278
|move|p1a: Sasuknatus|Recover|p1a: Sasuknatus
|-heal|p1a: Sasuknatus|100/100
|move|p2a: Necrozma|Iron Head|p1a: Sasuknatus
|-damage|p1a: Sasuknatus|70/100
|
|upkeep
|turn|88
|
|t:|1657458282
|move|p1a: Sasuknatus|Toxic||[still]
|-fail|p1a: Sasuknatus
|move|p2a: Necrozma|Thunder Wave|p1a: Sasuknatus
|-status|p1a: Sasuknatus|par
|
|upkeep
|turn|89
|
|t:|1657458287
|move|p1a: Sasuknatus|Toxic||[still]
|-fail|p1a: Sasuknatus
|move|p2a: Necrozma|Iron Head|p1a: Sasuknatus
|-damage|p1a: Sasuknatus|39/100 par
|
|upkeep
|turn|90
|
|t:|1657458292
|cant|p1a: Sasuknatus|par
|move|p2a: Necrozma|Iron Head|p1a: Sasuknatus
|-damage|p1a: Sasuknatus|8/100 par
|
|upkeep
|turn|91
|
|t:|1657458294
|move|p1a: Sasuknatus|Recover|p1a: Sasuknatus
|-heal|p1a: Sasuknatus|58/100 par
|move|p2a: Necrozma|Iron Head|p1a: Sasuknatus
|-damage|p1a: Sasuknatus|26/100 par
|
|upkeep
|turn|92
|
|t:|1657458297
|move|p1a: Sasuknatus|Recover|p1a: Sasuknatus
|-heal|p1a: Sasuknatus|76/100 par
|cant|p2a: Necrozma|par
|
|upkeep
|turn|93
|
|t:|1657458304
|move|p1a: Sasuknatus|Sludge Wave|p2a: Necrozma
|-immune|p2a: Necrozma
|move|p2a: Necrozma|Iron Head|p1a: Sasuknatus
|-damage|p1a: Sasuknatus|42/100 par
|
|upkeep
|turn|94
|
|t:|1657458315
|switch|p2a: Eternatus|Eternatus|75/100
|-ability|p2a: Eternatus|Pressure
|move|p1a: Sasuknatus|Recover|p1a: Sasuknatus
|-heal|p1a: Sasuknatus|92/100 par
|
|upkeep
|turn|95
|
|t:|1657458322
|switch|p1a: Solgaleo Shiny|Necrozma-Dusk-Mane|81/100
|-damage|p1a: Solgaleo Shiny|75/100|[from] Stealth Rock
|move|p2a: Eternatus|Dynamax Cannon|p1a: Solgaleo Shiny
|-resisted|p1a: Solgaleo Shiny
|-crit|p1a: Solgaleo Shiny
|-damage|p1a: Solgaleo Shiny|54/100
|
|-heal|p1a: Solgaleo Shiny|60/100|[from] item: Leftovers
|upkeep
|turn|96
|
|t:|1657458329
|switch|p2a: Tangrowth|Tangrowth, M|100/100
|move|p1a: Solgaleo Shiny|Thunder Wave|p2a: Tangrowth
|-status|p2a: Tangrowth|par
|
|-heal|p1a: Solgaleo Shiny|66/100|[from] item: Leftovers
|upkeep
|turn|97
|
|t:|1657458337
|switch|p1a: Confined|Blissey, F|18/100
|-damage|p1a: Confined|6/100|[from] Stealth Rock
|move|p2a: Tangrowth|Earthquake|p1a: Confined
|-damage|p1a: Confined|0 fnt
|faint|p1a: Confined
|
|upkeep
|
|t:|1657458345
|switch|p1a: Solgaleo Shiny|Necrozma-Dusk-Mane|66/100
|-damage|p1a: Solgaleo Shiny|60/100|[from] Stealth Rock
|turn|98
|
|t:|1657458350
|move|p1a: Solgaleo Shiny|Knock Off|p2a: Tangrowth
|-damage|p2a: Tangrowth|88/100 par
|move|p2a: Tangrowth|Earthquake|p1a: Solgaleo Shiny
|-supereffective|p1a: Solgaleo Shiny
|-damage|p1a: Solgaleo Shiny|37/100
|
|-heal|p1a: Solgaleo Shiny|43/100|[from] item: Leftovers
|upkeep
|turn|99
|
|t:|1657458362
|move|p1a: Solgaleo Shiny|Moonlight|p1a: Solgaleo Shiny
|-heal|p1a: Solgaleo Shiny|93/100
|cant|p2a: Tangrowth|par
|
|-heal|p1a: Solgaleo Shiny|99/100|[from] item: Leftovers
|upkeep
|turn|100
|
|t:|1657458368
|switch|p1a: Olivier|Yveltal|92/100 par
|-ability|p1a: Olivier|Dark Aura
|switch|p2a: Kyogre|Kyogre|80/100
|-weather|RainDance|[from] ability: Drizzle|[of] p2a: Kyogre
|
|-weather|RainDance|[upkeep]
|upkeep
|turn|101
|
|t:|1657458381
|move|p1a: Olivier|Sucker Punch|p2a: Kyogre
|-damage|p2a: Kyogre|33/100
|move|p2a: Kyogre|Water Spout|p1a: Olivier
|-damage|p1a: Olivier|68/100 par
|
|-weather|RainDance|[upkeep]
|upkeep
|turn|102
|
|t:|1657458390
|switch|p2a: Tangrowth|Tangrowth, M|100/100 par
|move|p1a: Olivier|Defog|p2a: Tangrowth
|-unboost|p2a: Tangrowth|evasion|1
|-sideend|p1: Bizarro_Mask|Stealth Rock|[from] move: Defog|[of] p1a: Olivier
|
|-weather|RainDance|[upkeep]
|upkeep
|turn|103
|
|t:|1657458404
|move|p1a: Olivier|Roost|p1a: Olivier
|-heal|p1a: Olivier|100/100 par
|-singleturn|p1a: Olivier|move: Roost
|move|p2a: Tangrowth|Earthquake|p1a: Olivier
|-damage|p1a: Olivier|84/100 par
|
|-weather|RainDance|[upkeep]
|upkeep
|turn|104
|
|t:|1657458413
|switch|p2a: Eternatus|Eternatus|75/100
|-ability|p2a: Eternatus|Pressure
|move|p1a: Olivier|Sucker Punch||[still]
|-fail|p1a: Olivier
|
|-weather|none
|upkeep
|turn|105
|
|t:|1657458422
|switch|p1a: Solgaleo Shiny|Necrozma-Dusk-Mane|99/100
|move|p2a: Eternatus|Flamethrower|p1a: Solgaleo Shiny
|-supereffective|p1a: Solgaleo Shiny
|-damage|p1a: Solgaleo Shiny|72/100
|
|-heal|p1a: Solgaleo Shiny|78/100|[from] item: Leftovers
|upkeep
|turn|106
|
|t:|1657458434
|switch|p2a: Tangrowth|Tangrowth, M|100/100 par
|move|p1a: Solgaleo Shiny|Sunsteel Strike|p2a: Tangrowth
|-damage|p2a: Tangrowth|75/100 par
|
|-heal|p1a: Solgaleo Shiny|84/100|[from] item: Leftovers
|upkeep
|turn|107
|
|t:|1657458442
|move|p1a: Solgaleo Shiny|Sunsteel Strike|p2a: Tangrowth
|-damage|p2a: Tangrowth|47/100 par
|move|p2a: Tangrowth|Earthquake|p1a: Solgaleo Shiny
|-supereffective|p1a: Solgaleo Shiny
|-damage|p1a: Solgaleo Shiny|61/100
|
|-heal|p1a: Solgaleo Shiny|67/100|[from] item: Leftovers
|upkeep
|turn|108
|
|t:|1657458448
|move|p1a: Solgaleo Shiny|Sunsteel Strike|p2a: Tangrowth
|-damage|p2a: Tangrowth|19/100 par
|move|p2a: Tangrowth|Synthesis|p2a: Tangrowth
|-heal|p2a: Tangrowth|69/100 par
|
|-heal|p1a: Solgaleo Shiny|73/100|[from] item: Leftovers
|upkeep
|turn|109
|
|t:|1657458456
|move|p1a: Solgaleo Shiny|Knock Off|p2a: Tangrowth
|-crit|p2a: Tangrowth
|-damage|p2a: Tangrowth|53/100 par
|move|p2a: Tangrowth|Sleep Powder|p1a: Solgaleo Shiny
|-status|p1a: Solgaleo Shiny|slp|[from] move: Sleep Powder
|
|-heal|p1a: Solgaleo Shiny|79/100 slp|[from] item: Leftovers
|upkeep
|turn|110
|
|t:|1657458462
|switch|p2a: Kyogre|Kyogre|33/100
|-weather|RainDance|[from] ability: Drizzle|[of] p2a: Kyogre
|cant|p1a: Solgaleo Shiny|slp
|
|-weather|RainDance|[upkeep]
|-heal|p1a: Solgaleo Shiny|85/100 slp|[from] item: Leftovers
|upkeep
|turn|111
|
|t:|1657458471
|switch|p1a: Sasuknatus|Eternatus|92/100 par
|-ability|p1a: Sasuknatus|Pressure
|move|p2a: Kyogre|Origin Pulse|p1a: Sasuknatus
|-resisted|p1a: Sasuknatus
|-damage|p1a: Sasuknatus|65/100 par
|
|-weather|RainDance|[upkeep]
|upkeep
|turn|112
|
|t:|1657458480
|switch|p2a: Eternatus|Eternatus|75/100
|-ability|p2a: Eternatus|Pressure
|cant|p1a: Sasuknatus|par
|
|-weather|RainDance|[upkeep]
|upkeep
|turn|113
|
|t:|1657458488
|switch|p2a: Necrozma|Necrozma-Dusk-Mane|100/100 par
|switch|p1a: Solgaleo Shiny|Necrozma-Dusk-Mane|85/100 slp
|
|-weather|RainDance|[upkeep]
|-heal|p1a: Solgaleo Shiny|91/100 slp|[from] item: Leftovers
|upkeep
|turn|114
|
|t:|1657458498
|cant|p1a: Solgaleo Shiny|slp
|cant|p2a: Necrozma|par
|
|-weather|none
|-heal|p1a: Solgaleo Shiny|97/100 slp|[from] item: Leftovers
|upkeep
|turn|115
|
|t:|1657458503
|-curestatus|p1a: Solgaleo Shiny|slp|[msg]
|move|p1a: Solgaleo Shiny|Knock Off|p2a: Necrozma
|-supereffective|p2a: Necrozma
|-damage|p2a: Necrozma|79/100 par
|cant|p2a: Necrozma|par
|
|-heal|p1a: Solgaleo Shiny|100/100|[from] item: Leftovers
|upkeep
|turn|116
|
|t:|1657458510
|move|p1a: Solgaleo Shiny|Knock Off|p2a: Necrozma
|-supereffective|p2a: Necrozma
|-damage|p2a: Necrozma|57/100 par
|move|p2a: Necrozma|Stealth Rock|p1a: Solgaleo Shiny
|-sidestart|p1: Bizarro_Mask|move: Stealth Rock
|
|upkeep
|turn|117
|
|t:|1657458517
|switch|p1a: Olivier|Yveltal|84/100 par
|-ability|p1a: Olivier|Dark Aura
|move|p2a: Necrozma|Morning Sun|p2a: Necrozma
|-heal|p2a: Necrozma|100/100 par
|
|upkeep
|turn|118
|
|t:|1657458523
|switch|p2a: Kyogre|Kyogre|33/100
|-weather|RainDance|[from] ability: Drizzle|[of] p2a: Kyogre
|move|p1a: Olivier|Defog|p2a: Kyogre
|-unboost|p2a: Kyogre|evasion|1
|-sideend|p1: Bizarro_Mask|Stealth Rock|[from] move: Defog|[of] p1a: Olivier
|
|-weather|RainDance|[upkeep]
|upkeep
|turn|119
|
|t:|1657458531
|switch|p2a: Eternatus|Eternatus|75/100
|-ability|p2a: Eternatus|Pressure
|move|p1a: Olivier|Sucker Punch||[still]
|-fail|p1a: Olivier
|
|-weather|RainDance|[upkeep]
|upkeep
|turn|120
|
|t:|1657458541
|switch|p2a: Tangrowth|Tangrowth, M|86/100 par
|switch|p1a: Sasuknatus|Eternatus|65/100 par
|-ability|p1a: Sasuknatus|Pressure
|
|-weather|RainDance|[upkeep]
|upkeep
|turn|121
|
|t:|1657458548
|switch|p2a: Necrozma|Necrozma-Dusk-Mane|100/100 par
|move|p1a: Sasuknatus|Sludge Wave|p2a: Necrozma
|-immune|p2a: Necrozma
|
|-weather|RainDance|[upkeep]
|upkeep
|turn|122
|
|t:|1657458554
|move|p1a: Sasuknatus|Recover|p1a: Sasuknatus
|-heal|p1a: Sasuknatus|100/100 par
|move|p2a: Necrozma|Iron Head|p1a: Sasuknatus
|-damage|p1a: Sasuknatus|69/100 par
|
|-weather|none
|upkeep
|turn|123
|
|t:|1657458563
|switch|p2a: Yveltal|Yveltal|54/100 brn
|-ability|p2a: Yveltal|Dark Aura
|move|p1a: Sasuknatus|Toxic||[still]
|-fail|p1a: Sasuknatus
|
|-damage|p2a: Yveltal|48/100 brn|[from] brn
|upkeep
|turn|124
|
|t:|1657458572
|switch|p2a: Necrozma|Necrozma-Dusk-Mane|100/100 par
|cant|p1a: Sasuknatus|par
|
|upkeep
|turn|125
|
|t:|1657458579
|cant|p1a: Sasuknatus|par
|move|p2a: Necrozma|Thunder Wave|p1a: Sasuknatus
|-fail|p1a: Sasuknatus|par
|
|upkeep
|turn|126
|
|t:|1657458588
|cant|p1a: Sasuknatus|par
|move|p2a: Necrozma|Stealth Rock|p1a: Sasuknatus
|-sidestart|p1: Bizarro_Mask|move: Stealth Rock
|
|upkeep
|turn|127
|
|t:|1657458595
|move|p1a: Sasuknatus|Toxic||[still]
|-fail|p1a: Sasuknatus
|move|p2a: Necrozma|Thunder Wave|p1a: Sasuknatus
|-fail|p1a: Sasuknatus|par
|
|upkeep
|turn|128
|
|t:|1657458599
|switch|p1a: Olivier|Yveltal|84/100 par
|-ability|p1a: Olivier|Dark Aura
|move|p2a: Necrozma|Stealth Rock||[still]
|-fail|p2a: Necrozma
|
|upkeep
|turn|129
|
|t:|1657458609
|switch|p2a: Eternatus|Eternatus|75/100
|-ability|p2a: Eternatus|Pressure
|move|p1a: Olivier|Defog|p2a: Eternatus
|-unboost|p2a: Eternatus|evasion|1
|-sideend|p1: Bizarro_Mask|Stealth Rock|[from] move: Defog|[of] p1a: Olivier
|
|upkeep
|turn|130
|
|t:|1657458620
|move|p2a: Eternatus|Flamethrower|p1a: Olivier
|-damage|p1a: Olivier|68/100 par
|move|p1a: Olivier|Knock Off|p2a: Eternatus
|-damage|p2a: Eternatus|48/100
|
|upkeep
|turn|131
|
|t:|1657458626
|move|p2a: Eternatus|Recover|p2a: Eternatus
|-heal|p2a: Eternatus|98/100
|move|p1a: Olivier|Roost|p1a: Olivier
|-heal|p1a: Olivier|100/100 par
|-singleturn|p1a: Olivier|move: Roost
|
|upkeep
|turn|132
|
|t:|1657458634
|move|p2a: Eternatus|Toxic||[still]
|-fail|p2a: Eternatus
|move|p1a: Olivier|Defog|p2a: Eternatus
|-unboost|p2a: Eternatus|evasion|1
|
|upkeep
|turn|133
|
|t:|1657458638
|move|p2a: Eternatus|Toxic||[still]
|-fail|p2a: Eternatus
|move|p1a: Olivier|Defog|p2a: Eternatus
|-unboost|p2a: Eternatus|evasion|1
|
|upkeep
|turn|134
|
|t:|1657458645
|move|p2a: Eternatus|Toxic||[still]
|-fail|p2a: Eternatus
|cant|p1a: Olivier|par
|
|upkeep
|turn|135
|
|t:|1657458649
|switch|p2a: Yveltal|Yveltal|48/100 brn
|-ability|p2a: Yveltal|Dark Aura
|cant|p1a: Olivier|par
|
|-damage|p2a: Yveltal|42/100 brn|[from] brn
|upkeep
|turn|136
|
|t:|1657458655
|move|p2a: Yveltal|Knock Off|p1a: Olivier
|-resisted|p1a: Olivier
|-damage|p1a: Olivier|89/100 par
|-enditem|p1a: Olivier|Heavy-Duty Boots|[from] move: Knock Off|[of] p2a: Yveltal
|cant|p1a: Olivier|par
|
|-damage|p2a: Yveltal|36/100 brn|[from] brn
|upkeep
|turn|137
|
|t:|1657458661
|move|p1a: Olivier|Sucker Punch||[still]
|-fail|p1a: Olivier
|move|p2a: Yveltal|Roost|p2a: Yveltal
|-heal|p2a: Yveltal|86/100 brn
|-singleturn|p2a: Yveltal|move: Roost
|
|-damage|p2a: Yveltal|80/100 brn|[from] brn
|upkeep
|turn|138
|
|t:|1657458664
|move|p2a: Yveltal|U-turn|p1a: Olivier
|-damage|p1a: Olivier|81/100 par
|
|t:|1657458666
|switch|p2a: Eternatus|Eternatus|98/100|[from]move: U-turn
|-ability|p2a: Eternatus|Pressure
|cant|p1a: Olivier|par
|
|upkeep
|turn|139
|
|t:|1657458678
|move|p2a: Eternatus|Flamethrower|p1a: Olivier
|-damage|p1a: Olivier|66/100 par
|move|p1a: Olivier|Roost|p1a: Olivier
|-heal|p1a: Olivier|100/100 par
|-singleturn|p1a: Olivier|move: Roost
|
|upkeep
|turn|140
|
|t:|1657458683
|move|p1a: Olivier|Sucker Punch|p2a: Eternatus
|-crit|p2a: Eternatus
|-damage|p2a: Eternatus|53/100
|move|p2a: Eternatus|Flamethrower|p1a: Olivier
|-damage|p1a: Olivier|84/100 par
|
|upkeep
|turn|141
|
|t:|1657458689
|move|p2a: Eternatus|Recover|p2a: Eternatus
|-heal|p2a: Eternatus|100/100
|move|p1a: Olivier|Knock Off|p2a: Eternatus
|-damage|p2a: Eternatus|72/100
|
|upkeep
|turn|142
|
|t:|1657458695
|move|p2a: Eternatus|Flamethrower|p1a: Olivier
|-crit|p1a: Olivier
|-damage|p1a: Olivier|61/100 par
|move|p1a: Olivier|Defog|p2a: Eternatus
|-unboost|p2a: Eternatus|evasion|1
|
|upkeep
|turn|143
|
|t:|1657458704
|switch|p2a: Tangrowth|Tangrowth, M|100/100 par
|move|p1a: Olivier|Roost|p1a: Olivier
|-heal|p1a: Olivier|100/100 par
|-singleturn|p1a: Olivier|move: Roost
|
|upkeep
|turn|144
|
|t:|1657458712
|switch|p1a: Sasuknatus|Eternatus|69/100 par
|-ability|p1a: Sasuknatus|Pressure
|move|p2a: Tangrowth|Grass Knot|p1a: Sasuknatus
|-resisted|p1a: Sasuknatus
|-damage|p1a: Sasuknatus|63/100 par
|
|upkeep
|turn|145
|
|t:|1657458719
|switch|p2a: Necrozma|Necrozma-Dusk-Mane|100/100 par
|move|p1a: Sasuknatus|Sludge Wave|p2a: Necrozma
|-immune|p2a: Necrozma
|
|upkeep
|turn|146
|
|t:|1657458727
|switch|p2a: Kyogre|Kyogre|33/100
|-weather|RainDance|[from] ability: Drizzle|[of] p2a: Kyogre
|move|p1a: Sasuknatus|Recover|p1a: Sasuknatus
|-heal|p1a: Sasuknatus|100/100 par
|
|-weather|RainDance|[upkeep]
|upkeep
|turn|147
|
|t:|1657458735
|switch|p2a: Necrozma|Necrozma-Dusk-Mane|100/100 par
|move|p1a: Sasuknatus|Sludge Wave|p2a: Necrozma
|-immune|p2a: Necrozma
|
|-weather|RainDance|[upkeep]
|upkeep
|turn|148
|
|t:|1657458744
|move|p1a: Sasuknatus|Toxic||[still]
|-fail|p1a: Sasuknatus
|move|p2a: Necrozma|Stealth Rock|p1a: Sasuknatus
|-sidestart|p1: Bizarro_Mask|move: Stealth Rock
|
|-weather|RainDance|[upkeep]
|upkeep
|turn|149
|
|t:|1657458764
|move|p1a: Sasuknatus|Toxic||[still]
|-fail|p1a: Sasuknatus
|move|p2a: Necrozma|Thunder Wave|p1a: Sasuknatus
|-fail|p1a: Sasuknatus|par
|
|-weather|RainDance|[upkeep]
|upkeep
|turn|150
|
|t:|1657458771
|switch|p2a: Yveltal|Yveltal|80/100 brn
|-ability|p2a: Yveltal|Dark Aura
|move|p1a: Sasuknatus|Toxic||[still]
|-fail|p1a: Sasuknatus
|
|-weather|none
|-damage|p2a: Yveltal|74/100 brn|[from] brn
|upkeep
|turn|151
|
|t:|1657458780
|move|p2a: Yveltal|U-turn|p1a: Sasuknatus
|-resisted|p1a: Sasuknatus
|-damage|p1a: Sasuknatus|97/100 par
|
|t:|1657458783
|switch|p2a: Necrozma|Necrozma-Dusk-Mane|100/100 par|[from]move: U-turn
|move|p1a: Sasuknatus|Sludge Wave|p2a: Necrozma
|-immune|p2a: Necrozma
|
|upkeep
|turn|152
|
|t:|1657458790
|switch|p2a: Yveltal|Yveltal|74/100 brn
|-ability|p2a: Yveltal|Dark Aura
|move|p1a: Sasuknatus|Toxic||[still]
|-fail|p1a: Sasuknatus
|
|-damage|p2a: Yveltal|68/100 brn|[from] brn
|upkeep
|turn|153
|
|t:|1657458798
|move|p2a: Yveltal|U-turn|p1a: Sasuknatus
|-resisted|p1a: Sasuknatus
|-crit|p1a: Sasuknatus
|-damage|p1a: Sasuknatus|91/100 par
|
|t:|1657458801
|switch|p2a: Necrozma|Necrozma-Dusk-Mane|100/100 par|[from]move: U-turn
|cant|p1a: Sasuknatus|par
|
|upkeep
|turn|154
|
|t:|1657458808
|move|p1a: Sasuknatus|Toxic||[still]
|-fail|p1a: Sasuknatus
|move|p2a: Necrozma|Stealth Rock||[still]
|-fail|p2a: Necrozma
|
|upkeep
|turn|155
|
|t:|1657458813
|move|p1a: Sasuknatus|Toxic||[still]
|-fail|p1a: Sasuknatus
|move|p2a: Necrozma|Thunder Wave|p1a: Sasuknatus
|-fail|p1a: Sasuknatus|par
|
|upkeep
|turn|156
|
|t:|1657458823
|move|p1a: Sasuknatus|Toxic||[still]
|-fail|p1a: Sasuknatus
|move|p2a: Necrozma|Thunder Wave|p1a: Sasuknatus|[miss]
|-miss|p2a: Necrozma|p1a: Sasuknatus
|
|upkeep
|turn|157
|
|t:|1657458828
|move|p1a: Sasuknatus|Toxic||[still]
|-fail|p1a: Sasuknatus
|move|p2a: Necrozma|Stealth Rock||[still]
|-fail|p2a: Necrozma
|
|upkeep
|turn|158
|
|t:|1657458832
|cant|p1a: Sasuknatus|par
|move|p2a: Necrozma|Thunder Wave|p1a: Sasuknatus
|-fail|p1a: Sasuknatus|par
|
|upkeep
|turn|159
|
|t:|1657458841
|switch|p1a: Olivier|Yveltal|100/100 par
|-damage|p1a: Olivier|75/100 par|[from] Stealth Rock
|-ability|p1a: Olivier|Dark Aura
|move|p2a: Necrozma|Thunder Wave|p1a: Olivier
|-fail|p1a: Olivier|par
|
|upkeep
|turn|160
|
|t:|1657458853
|switch|p1a: Sasuknatus|Eternatus|91/100 par
|-ability|p1a: Sasuknatus|Pressure
|switch|p2a: Eternatus|Eternatus|72/100
|-ability|p2a: Eternatus|Pressure
|
|upkeep
|turn|161
|
|t:|1657458860
|switch|p2a: Necrozma|Necrozma-Dusk-Mane|100/100 par
|move|p1a: Sasuknatus|Dynamax Cannon|p2a: Necrozma
|-resisted|p2a: Necrozma
|-damage|p2a: Necrozma|85/100 par
|
|upkeep
|turn|162
|
|t:|1657458869
|switch|p1a: Olivier|Yveltal|75/100 par
|-damage|p1a: Olivier|50/100 par|[from] Stealth Rock
|-ability|p1a: Olivier|Dark Aura
|move|p2a: Necrozma|Stealth Rock||[still]
|-fail|p2a: Necrozma
|
|upkeep
|turn|163
|
|t:|1657458873
|switch|p2a: Kyogre|Kyogre|33/100
|-weather|RainDance|[from] ability: Drizzle|[of] p2a: Kyogre
|move|p1a: Olivier|Roost|p1a: Olivier
|-heal|p1a: Olivier|100/100 par
|-singleturn|p1a: Olivier|move: Roost
|
|-weather|RainDance|[upkeep]
|upkeep
|turn|164
|
|t:|1657458881
|switch|p1a: Sasuknatus|Eternatus|91/100 par
|-ability|p1a: Sasuknatus|Pressure
|move|p2a: Kyogre|Ice Beam|p1a: Sasuknatus
|-supereffective|p1a: Sasuknatus
|-crit|p1a: Sasuknatus
|-damage|p1a: Sasuknatus|36/100 par
|
|-weather|RainDance|[upkeep]
|upkeep
|turn|165
|
|t:|1657458892
|switch|p1a: Solgaleo Shiny|Necrozma-Dusk-Mane|100/100
|-damage|p1a: Solgaleo Shiny|94/100|[from] Stealth Rock
|move|p2a: Kyogre|Ice Beam|p1a: Solgaleo Shiny
|-resisted|p1a: Solgaleo Shiny
|-damage|p1a: Solgaleo Shiny|84/100
|
|-weather|RainDance|[upkeep]
|-heal|p1a: Solgaleo Shiny|90/100|[from] item: Leftovers
|upkeep
|turn|166
|
|t:|1657458899
|switch|p2a: Necrozma|Necrozma-Dusk-Mane|85/100 par
|move|p1a: Solgaleo Shiny|Thunder Wave|p2a: Necrozma
|-fail|p2a: Necrozma|par
|
|-weather|RainDance|[upkeep]
|-heal|p1a: Solgaleo Shiny|96/100|[from] item: Leftovers
|upkeep
|turn|167
|
|t:|1657458910
|switch|p1a: Sasuknatus|Eternatus|36/100 par
|-ability|p1a: Sasuknatus|Pressure
|switch|p2a: Tangrowth|Tangrowth, M|100/100 par
|
|-weather|none
|upkeep
|turn|168
|
|t:|1657458918
|switch|p2a: Necrozma|Necrozma-Dusk-Mane|85/100 par
|move|p1a: Sasuknatus|Recover|p1a: Sasuknatus
|-heal|p1a: Sasuknatus|86/100 par
|
|upkeep
|turn|169
|
|t:|1657458925
|switch|p1a: Olivier|Yveltal|100/100 par
|-damage|p1a: Olivier|75/100 par|[from] Stealth Rock
|-ability|p1a: Olivier|Dark Aura
|move|p2a: Necrozma|Thunder Wave|p1a: Olivier
|-fail|p1a: Olivier|par
|
|upkeep
|turn|170
|
|t:|1657458937
|switch|p2a: Tangrowth|Tangrowth, M|100/100 par
|move|p1a: Olivier|Defog|p2a: Tangrowth
|-unboost|p2a: Tangrowth|evasion|1
|-sideend|p1: Bizarro_Mask|Stealth Rock|[from] move: Defog|[of] p1a: Olivier
|
|upkeep
|turn|171
|
|t:|1657458945
|switch|p1a: Sasuknatus|Eternatus|86/100 par
|-ability|p1a: Sasuknatus|Pressure
|move|p2a: Tangrowth|Earthquake|p1a: Sasuknatus
|-supereffective|p1a: Sasuknatus
|-damage|p1a: Sasuknatus|49/100 par
|
|upkeep
|turn|172
|
|t:|1657458952
|switch|p2a: Necrozma|Necrozma-Dusk-Mane|85/100 par
|move|p1a: Sasuknatus|Sludge Wave|p2a: Necrozma
|-immune|p2a: Necrozma
|
|upkeep
|turn|173
|
|t:|1657458958
|move|p1a: Sasuknatus|Recover|p1a: Sasuknatus
|-heal|p1a: Sasuknatus|99/100 par
|cant|p2a: Necrozma|par
|
|upkeep
|turn|174
|
|t:|1657458964
|cant|p1a: Sasuknatus|par
|move|p2a: Necrozma|Stealth Rock|p1a: Sasuknatus
|-sidestart|p1: Bizarro_Mask|move: Stealth Rock
|
|upkeep
|turn|175
|
|t:|1657458971
|switch|p2a: Yveltal|Yveltal|68/100 brn
|-ability|p2a: Yveltal|Dark Aura
|cant|p1a: Sasuknatus|par
|
|-damage|p2a: Yveltal|62/100 brn|[from] brn
|upkeep
|turn|176
|
|t:|1657458977
|move|p2a: Yveltal|Knock Off|p1a: Sasuknatus
|-damage|p1a: Sasuknatus|79/100 par
|-enditem|p1a: Sasuknatus|Heavy-Duty Boots|[from] move: Knock Off|[of] p2a: Yveltal
|move|p1a: Sasuknatus|Sludge Wave|p2a: Yveltal
|-damage|p2a: Yveltal|31/100 brn
|
|-damage|p2a: Yveltal|25/100 brn|[from] brn
|upkeep
|turn|177
|
|t:|1657458985
|move|p2a: Yveltal|Roost|p2a: Yveltal
|-heal|p2a: Yveltal|75/100 brn
|-singleturn|p2a: Yveltal|move: Roost
|cant|p1a: Sasuknatus|par
|
|-damage|p2a: Yveltal|69/100 brn|[from] brn
|upkeep
|turn|178
|
|t:|1657458990
|move|p2a: Yveltal|U-turn|p1a: Sasuknatus
|-resisted|p1a: Sasuknatus
|-damage|p1a: Sasuknatus|75/100 par
|
|t:|1657458993
|switch|p2a: Necrozma|Necrozma-Dusk-Mane|85/100 par|[from]move: U-turn
|move|p1a: Sasuknatus|Sludge Wave|p2a: Necrozma
|-immune|p2a: Necrozma
|
|upkeep
|turn|179
|
|t:|1657459003
|switch|p1a: Olivier|Yveltal|75/100 par
|-damage|p1a: Olivier|50/100 par|[from] Stealth Rock
|-ability|p1a: Olivier|Dark Aura
|cant|p2a: Necrozma|par
|
|upkeep
|turn|180
|
|t:|1657459016
|switch|p2a: Eternatus|Eternatus|72/100
|-ability|p2a: Eternatus|Pressure
|move|p1a: Olivier|Knock Off|p2a: Eternatus
|-damage|p2a: Eternatus|45/100
|
|upkeep
|turn|181
|
|t:|1657459023
|move|p2a: Eternatus|Recover|p2a: Eternatus
|-heal|p2a: Eternatus|95/100
|move|p1a: Olivier|Roost|p1a: Olivier
|-heal|p1a: Olivier|100/100 par
|-singleturn|p1a: Olivier|move: Roost
|
|upkeep
|turn|182
|
|t:|1657459036
|move|p2a: Eternatus|Toxic||[still]
|-fail|p2a: Eternatus
|cant|p1a: Olivier|par
|
|upkeep
|turn|183
|
|t:|1657459040
|move|p2a: Eternatus|Flamethrower|p1a: Olivier
|-damage|p1a: Olivier|85/100 par
|move|p1a: Olivier|Defog|p2a: Eternatus
|-unboost|p2a: Eternatus|evasion|1
|-sideend|p1: Bizarro_Mask|Stealth Rock|[from] move: Defog|[of] p1a: Olivier
|
|upkeep
|turn|184
|
|t:|1657459055
|switch|p1a: Solgaleo Shiny|Necrozma-Dusk-Mane|96/100
|move|p2a: Eternatus|Flamethrower|p1a: Solgaleo Shiny
|-supereffective|p1a: Solgaleo Shiny
|-damage|p1a: Solgaleo Shiny|67/100
|
|-heal|p1a: Solgaleo Shiny|73/100|[from] item: Leftovers
|upkeep
|turn|185
|
|t:|1657459062
|switch|p2a: Tangrowth|Tangrowth, M|100/100 par
|move|p1a: Solgaleo Shiny|Sunsteel Strike|p2a: Tangrowth
|-damage|p2a: Tangrowth|73/100 par
|
|-heal|p1a: Solgaleo Shiny|79/100|[from] item: Leftovers
|upkeep
|turn|186
|
|t:|1657459071
|switch|p1a: Sasuknatus|Eternatus|75/100 par
|-ability|p1a: Sasuknatus|Pressure
|switch|p2a: Necrozma|Necrozma-Dusk-Mane|85/100 par
|
|upkeep
|turn|187
|
|t:|1657459079
|move|p1a: Sasuknatus|Toxic||[still]
|-fail|p1a: Sasuknatus
|move|p2a: Necrozma|Stealth Rock|p1a: Sasuknatus
|-sidestart|p1: Bizarro_Mask|move: Stealth Rock
|
|upkeep
|turn|188
|
|t:|1657459087
|switch|p1a: Olivier|Yveltal|85/100 par
|-damage|p1a: Olivier|60/100 par|[from] Stealth Rock
|-ability|p1a: Olivier|Dark Aura
|move|p2a: Necrozma|Thunder Wave|p1a: Olivier
|-fail|p1a: Olivier|par
|
|upkeep
|turn|189
|
|t:|1657459095
|switch|p2a: Eternatus|Eternatus|95/100
|-ability|p2a: Eternatus|Pressure
|move|p1a: Olivier|Defog|p2a: Eternatus
|-unboost|p2a: Eternatus|evasion|1
|-sideend|p1: Bizarro_Mask|Stealth Rock|[from] move: Defog|[of] p1a: Olivier
|
|upkeep
|turn|190
|
|t:|1657459105
|move|p2a: Eternatus|Flamethrower|p1a: Olivier
|-damage|p1a: Olivier|45/100 par
|move|p1a: Olivier|Roost|p1a: Olivier
|-heal|p1a: Olivier|95/100 par
|-singleturn|p1a: Olivier|move: Roost
|
|upkeep
|turn|191
|
|t:|1657459117
|switch|p1a: Sasuknatus|Eternatus|75/100 par
|-ability|p1a: Sasuknatus|Pressure
|move|p2a: Eternatus|Toxic||[still]
|-fail|p2a: Eternatus
|
|upkeep
|turn|192
|
|t:|1657459125
|move|p2a: Eternatus|Dynamax Cannon|p1a: Sasuknatus
|-supereffective|p1a: Sasuknatus
|-damage|p1a: Sasuknatus|23/100 par
|cant|p1a: Sasuknatus|par
|
|upkeep
|turn|193
|
|t:|1657459131
|switch|p1a: Olivier|Yveltal|95/100 par
|-ability|p1a: Olivier|Dark Aura
|move|p2a: Eternatus|Dynamax Cannon|p1a: Olivier
|-damage|p1a: Olivier|67/100 par
|
|upkeep
|turn|194
|
|t:|1657459140
|move|p2a: Eternatus|Flamethrower|p1a: Olivier
|-damage|p1a: Olivier|50/100 par
|move|p1a: Olivier|Roost|p1a: Olivier
|-heal|p1a: Olivier|99/100 par
|-singleturn|p1a: Olivier|move: Roost
|
|upkeep
|turn|195
|
|t:|1657459147
|move|p2a: Eternatus|Toxic||[still]
|-fail|p2a: Eternatus
|move|p1a: Olivier|Knock Off|p2a: Eternatus
|-damage|p2a: Eternatus|66/100
|
|upkeep
|turn|196
|
|t:|1657459155
|switch|p1a: Solgaleo Shiny|Necrozma-Dusk-Mane|79/100
|move|p2a: Eternatus|Recover|p2a: Eternatus
|-heal|p2a: Eternatus|100/100
|
|-heal|p1a: Solgaleo Shiny|85/100|[from] item: Leftovers
|upkeep
|turn|197
|
|t:|1657459161
|switch|p2a: Tangrowth|Tangrowth, M|100/100 par
|move|p1a: Solgaleo Shiny|Thunder Wave|p2a: Tangrowth
|-fail|p2a: Tangrowth|par
|
|-heal|p1a: Solgaleo Shiny|91/100|[from] item: Leftovers
|upkeep
|turn|198
|
|t:|1657459166
|switch|p1a: Olivier|Yveltal|99/100 par
|-ability|p1a: Olivier|Dark Aura
|switch|p2a: Necrozma|Necrozma-Dusk-Mane|85/100 par
|
|upkeep
|turn|199
|
|t:|1657459176
|move|p1a: Olivier|Knock Off|p2a: Necrozma
|-supereffective|p2a: Necrozma
|-damage|p2a: Necrozma|46/100 par
|move|p2a: Necrozma|Stealth Rock|p1a: Olivier
|-sidestart|p1: Bizarro_Mask|move: Stealth Rock
|
|upkeep
|turn|200
|
|t:|1657459186
|move|p1a: Olivier|Defog|p2a: Necrozma
|-unboost|p2a: Necrozma|evasion|1
|-sideend|p1: Bizarro_Mask|Stealth Rock|[from] move: Defog|[of] p1a: Olivier
|move|p2a: Necrozma|Morning Sun|p2a: Necrozma
|-heal|p2a: Necrozma|96/100 par
|
|upkeep
|turn|201
|
|t:|1657459194
|switch|p1a: Sasuknatus|Eternatus|23/100 par
|-ability|p1a: Sasuknatus|Pressure
|switch|p2a: Kyogre|Kyogre|33/100
|-weather|RainDance|[from] ability: Drizzle|[of] p2a: Kyogre
|
|-weather|RainDance|[upkeep]
|upkeep
|turn|202
|
|t:|1657459198
|move|p2a: Kyogre|Ice Beam|p1a: Sasuknatus
|-supereffective|p1a: Sasuknatus
|-damage|p1a: Sasuknatus|0 fnt
|faint|p1a: Sasuknatus
|
|-weather|RainDance|[upkeep]
|upkeep
|
|t:|1657459200
|switch|p1a: Solgaleo Shiny|Necrozma-Dusk-Mane|91/100
|turn|203
|
|t:|1657459209
|switch|p2a: Yveltal|Yveltal|69/100 brn
|-ability|p2a: Yveltal|Dark Aura
|move|p1a: Solgaleo Shiny|Thunder Wave||[still]
|-fail|p1a: Solgaleo Shiny
|
|-weather|RainDance|[upkeep]
|-heal|p1a: Solgaleo Shiny|97/100|[from] item: Leftovers
|-damage|p2a: Yveltal|63/100 brn|[from] brn
|upkeep
|turn|204
|
|t:|1657459215
|move|p2a: Yveltal|Knock Off|p1a: Solgaleo Shiny
|-supereffective|p1a: Solgaleo Shiny
|-damage|p1a: Solgaleo Shiny|66/100
|-enditem|p1a: Solgaleo Shiny|Leftovers|[from] move: Knock Off|[of] p2a: Yveltal
|move|p1a: Solgaleo Shiny|Knock Off|p2a: Yveltal
|-resisted|p2a: Yveltal
|-damage|p2a: Yveltal|50/100 brn
|
|-weather|RainDance|[upkeep]
|-damage|p2a: Yveltal|44/100 brn|[from] brn
|upkeep
|turn|205
|
|t:|1657459225
|move|p2a: Yveltal|Roost|p2a: Yveltal
|-heal|p2a: Yveltal|94/100 brn
|-singleturn|p2a: Yveltal|move: Roost
|move|p1a: Solgaleo Shiny|Knock Off|p2a: Yveltal
|-resisted|p2a: Yveltal
|-damage|p2a: Yveltal|81/100 brn
|
|-weather|none
|-damage|p2a: Yveltal|74/100 brn|[from] brn
|upkeep
|turn|206
|
|t:|1657459232
|switch|p2a: Tangrowth|Tangrowth, M|100/100 par
|switch|p1a: Olivier|Yveltal|99/100 par
|-ability|p1a: Olivier|Dark Aura
|
|upkeep
|turn|207
|
|t:|1657459237
|switch|p1a: Solgaleo Shiny|Necrozma-Dusk-Mane|66/100
|switch|p2a: Kyogre|Kyogre|33/100
|-weather|RainDance|[from] ability: Drizzle|[of] p2a: Kyogre
|
|-weather|RainDance|[upkeep]
|upkeep
|turn|208
|
|t:|1657459246
|switch|p2a: Eternatus|Eternatus|100/100
|-ability|p2a: Eternatus|Pressure
|move|p1a: Solgaleo Shiny|Knock Off|p2a: Eternatus
|-damage|p2a: Eternatus|83/100
|
|-weather|RainDance|[upkeep]
|upkeep
|turn|209
|
|t:|1657459256
|switch|p1a: Olivier|Yveltal|99/100 par
|-ability|p1a: Olivier|Dark Aura
|move|p2a: Eternatus|Flamethrower|p1a: Olivier
|-damage|p1a: Olivier|92/100 par
|
|-weather|RainDance|[upkeep]
|upkeep
|turn|210
|
|t:|1657459264
|switch|p2a: Kyogre|Kyogre|33/100
|move|p1a: Olivier|Roost|p1a: Olivier
|-heal|p1a: Olivier|100/100 par
|-singleturn|p1a: Olivier|move: Roost
|
|-weather|RainDance|[upkeep]
|upkeep
|turn|211
|
|t:|1657459268
|switch|p1a: Solgaleo Shiny|Necrozma-Dusk-Mane|66/100
|move|p2a: Kyogre|Origin Pulse|p1a: Solgaleo Shiny
|-damage|p1a: Solgaleo Shiny|5/100
|
|-weather|none
|upkeep
|turn|212
|
|t:|1657459276
|move|p2a: Kyogre|Origin Pulse|p1a: Solgaleo Shiny
|-damage|p1a: Solgaleo Shiny|0 fnt
|faint|p1a: Solgaleo Shiny
|
|upkeep
|c|☆Bizarro_Mask|Gg
|
|t:|1657459284
|switch|p1a: Olivier|Yveltal|100/100 par
|-ability|p1a: Olivier|Dark Aura
|turn|213
|
|t:|1657459289
|switch|p2a: Eternatus|Eternatus|83/100
|-ability|p2a: Eternatus|Pressure
|move|p1a: Olivier|Roost||[still]
|-fail|p1a: Olivier|heal
|
|upkeep
|turn|214
|
|t:|1657459295
|move|p2a: Eternatus|Toxic||[still]
|-fail|p2a: Eternatus
|move|p1a: Olivier|Roost||[still]
|-fail|p1a: Olivier|heal
|
|upkeep
|turn|215
|
|t:|1657459298
|move|p2a: Eternatus|Toxic||[still]
|-fail|p2a: Eternatus
|cant|p1a: Olivier|par
|
|upkeep
|turn|216
|
|t:|1657459301
|move|p2a: Eternatus|Toxic||[still]
|-fail|p2a: Eternatus
|move|p1a: Olivier|Roost||[still]
|-fail|p1a: Olivier|heal
|
|upkeep
|turn|217
|
|t:|1657459304
|move|p2a: Eternatus|Toxic||[still]
|-fail|p2a: Eternatus
|move|p1a: Olivier|Roost||[still]
|-fail|p1a: Olivier|heal
|
|upkeep
|turn|218
|
|t:|1657459307
|move|p2a: Eternatus|Toxic||[still]
|-fail|p2a: Eternatus
|move|p1a: Olivier|Roost||[still]
|-fail|p1a: Olivier|heal
|
|upkeep
|turn|219
|
|t:|1657459310
|move|p2a: Eternatus|Toxic||[still]
|-fail|p2a: Eternatus
|move|p1a: Olivier|Roost||[still]
|-fail|p1a: Olivier|heal
|
|upkeep
|turn|220
|
|t:|1657459314
|move|p2a: Eternatus|Recover|p2a: Eternatus
|-heal|p2a: Eternatus|100/100
|cant|p1a: Olivier|par
|
|upkeep
|turn|221
|
|t:|1657459318
|move|p2a: Eternatus|Flamethrower|p1a: Olivier
|-damage|p1a: Olivier|85/100 par
|-activate|p1a: Olivier|move: Struggle
|move|p1a: Olivier|Struggle|p2a: Eternatus
|-damage|p2a: Eternatus|88/100
|-damage|p1a: Olivier|60/100 par|[from] recoil
|
|upkeep
|turn|222
|
|t:|1657459324
|move|p2a: Eternatus|Flamethrower|p1a: Olivier
|-damage|p1a: Olivier|44/100 par
|-activate|p1a: Olivier|move: Struggle
|move|p1a: Olivier|Struggle|p2a: Eternatus
|-crit|p2a: Eternatus
|-damage|p2a: Eternatus|71/100
|-damage|p1a: Olivier|19/100 par|[from] recoil
|
|upkeep
|turn|223
|
|t:|1657459329
|move|p2a: Eternatus|Flamethrower|p1a: Olivier
|-damage|p1a: Olivier|4/100 par
|-activate|p1a: Olivier|move: Struggle
|move|p1a: Olivier|Struggle|p2a: Eternatus
|-damage|p2a: Eternatus|61/100
|-damage|p1a: Olivier|0 fnt|[from] recoil
|faint|p1a: Olivier
|
|win|TogeBirlHQ
|raw|Bizarro_Mask's rating: 1314 &rarr; <strong>1301</strong><br />(-13 for losing)
|raw|TogeBirlHQ's rating: 1441 &rarr; <strong>1454</strong><br />(+13 for winning)
|c|☆TogeBirlHQ|Gg wp
|c|☆Bizarro_Mask|Gg
|l|☆TogeBirlHQ
