|j|☆Luna's Bann3d N0w
|j|☆Rell27
|t:|1607626874
|player|p1|Luna's Bann3d N0w|youngcouple-gen4dp|1568
|player|p2|Rell27|170|1693
|teamsize|p1|6
|teamsize|p2|6
|gametype|singles
|gen|8
|tier|[Gen 8] Ubers
|rated|
|clearpoke
|poke|p1|Yveltal|
|poke|p1|Necrozma-Dusk-Mane|
|poke|p1|Eternatus|
|poke|p1|Kyurem-White|
|poke|p1|Zacian-Crowned|
|poke|p1|Zygarde|
|poke|p2|Zacian-Crowned|
|poke|p2|Eternatus|
|poke|p2|Necrozma-Dusk-Mane|
|poke|p2|Calyrex-Shadow|
|poke|p2|Yveltal|
|poke|p2|Groudon|
|rule|Sleep Clause Mod: Limit one foe put to sleep
|rule|Species Clause: Limit one of each Pokémon
|rule|OHKO Clause: OHKO moves are banned
|rule|Evasion Moves Clause: Evasion moves are banned
|rule|Endless Battle Clause: Forcing endless battles is banned
|rule|HP Percentage Mod: HP is shown in percentages
|rule|Dynamax Clause: You cannot dynamax
|teampreview
|
|t:|1607626901
|start
|switch|p1a: Yveltal|Yveltal|100/100
|switch|p2a: Yveltal|Yveltal|100/100
|-ability|p1a: Yveltal|Dark Aura
|-ability|p2a: Yveltal|Dark Aura
|turn|1
|
|t:|1607626906
|switch|p2a: Zacian|Zacian-Crowned|100/100
|-ability|p2a: Zacian|Intrepid Sword|boost
|-boost|p2a: Zacian|atk|1
|move|p1a: Yveltal|U-turn|p2a: Zacian
|-resisted|p2a: Zacian
|-damage|p2a: Zacian|97/100
|
|t:|1607626909
|switch|p1a: Necrozma|Necrozma-Dusk-Mane|100/100|[from]move: U-turn
|
|upkeep
|turn|2
|
|t:|1607626912
|switch|p2a: Groudon|Groudon|100/100
|-weather|SunnyDay|[from] ability: Drought|[of] p2a: Groudon
|move|p1a: Necrozma|Stealth Rock|p2a: Groudon
|-sidestart|p2: Rell27|move: Stealth Rock
|
|-weather|SunnyDay|[upkeep]
|upkeep
|turn|3
|
|t:|1607626914
|switch|p1a: Zygarde|Zygarde|100/100
|move|p2a: Groudon|Swords Dance|p2a: Groudon
|-boost|p2a: Groudon|atk|2
|
|-weather|SunnyDay|[upkeep]
|upkeep
|turn|4
|
|t:|1607626919
|move|p2a: Groudon|Precipice Blades|p1a: Zygarde
|-damage|p1a: Zygarde|25/100
|move|p1a: Zygarde|Haze|p1a: Zygarde
|-clearallboost
|
|-weather|SunnyDay|[upkeep]
|-heal|p1a: Zygarde|31/100|[from] item: Leftovers
|-activate|p1a: Zygarde|ability: Power Construct
|detailschange|p1a: Zygarde|Zygarde-Complete
|-heal|p1a: Zygarde|54/100|[silent]
|upkeep
|turn|5
|
|t:|1607626922
|move|p2a: Groudon|Precipice Blades|p1a: Zygarde
|-damage|p1a: Zygarde|33/100
|move|p1a: Zygarde|Glare|p2a: Groudon
|-status|p2a: Groudon|par
|
|-weather|SunnyDay|[upkeep]
|-heal|p1a: Zygarde|39/100|[from] item: Leftovers
|upkeep
|turn|6
|
|t:|1607626932
|move|p1a: Zygarde|Thousand Arrows|p2a: Groudon
|-damage|p2a: Groudon|81/100 par
|move|p2a: Groudon|Precipice Blades|p1a: Zygarde
|-damage|p1a: Zygarde|14/100
|
|-weather|none
|-heal|p1a: Zygarde|20/100|[from] item: Leftovers
|-heal|p2a: Groudon|87/100 par|[from] item: Leftovers
|upkeep
|turn|7
|
|t:|1607626941
|move|p1a: Zygarde|Thousand Arrows|p2a: Groudon
|-damage|p2a: Groudon|69/100 par
|cant|p2a: Groudon|par
|
|-heal|p1a: Zygarde|27/100|[from] item: Leftovers
|-heal|p2a: Groudon|76/100 par|[from] item: Leftovers
|upkeep
|turn|8
|
|t:|1607626943
|move|p1a: Zygarde|Thousand Arrows|p2a: Groudon
|-damage|p2a: Groudon|56/100 par
|move|p2a: Groudon|Precipice Blades|p1a: Zygarde|[miss]
|-miss|p2a: Groudon|p1a: Zygarde
|
|-heal|p1a: Zygarde|33/100|[from] item: Leftovers
|-heal|p2a: Groudon|62/100 par|[from] item: Leftovers
|upkeep
|turn|9
|
|t:|1607626945
|move|p1a: Zygarde|Thousand Arrows|p2a: Groudon
|-damage|p2a: Groudon|45/100 par
|move|p2a: Groudon|Precipice Blades|p1a: Zygarde|[miss]
|-miss|p2a: Groudon|p1a: Zygarde
|
|-heal|p1a: Zygarde|39/100|[from] item: Leftovers
|-heal|p2a: Groudon|51/100 par|[from] item: Leftovers
|upkeep
|turn|10
|
|t:|1607626947
|move|p1a: Zygarde|Thousand Arrows|p2a: Groudon
|-damage|p2a: Groudon|30/100 par
|cant|p2a: Groudon|par
|
|-heal|p1a: Zygarde|45/100|[from] item: Leftovers
|-heal|p2a: Groudon|36/100 par|[from] item: Leftovers
|upkeep
|turn|11
|
|t:|1607626949
|move|p1a: Zygarde|Thousand Arrows|p2a: Groudon
|-damage|p2a: Groudon|18/100 par
|cant|p2a: Groudon|par
|
|-heal|p1a: Zygarde|51/100|[from] item: Leftovers
|-heal|p2a: Groudon|24/100 par|[from] item: Leftovers
|upkeep
|turn|12
|
|t:|1607626952
|move|p1a: Zygarde|Thousand Arrows|p2a: Groudon
|-damage|p2a: Groudon|4/100 par
|move|p2a: Groudon|Precipice Blades|p1a: Zygarde
|-damage|p1a: Zygarde|28/100
|
|-heal|p1a: Zygarde|34/100|[from] item: Leftovers
|-heal|p2a: Groudon|10/100 par|[from] item: Leftovers
|upkeep
|turn|13
|inactive|Battle timer is ON: inactive players will automatically lose when time's up. (requested by Luna's Bann3d N0w)
|
|t:|1607626954
|move|p1a: Zygarde|Thousand Arrows|p2a: Groudon
|-damage|p2a: Groudon|0 fnt
|faint|p2a: Groudon
|
|-heal|p1a: Zygarde|40/100|[from] item: Leftovers
|upkeep
|
|t:|1607626957
|switch|p2a: Eternatus|Eternatus|100/100
|-damage|p2a: Eternatus|88/100|[from] Stealth Rock
|-ability|p2a: Eternatus|Pressure
|turn|14
|
|t:|1607626965
|move|p2a: Eternatus|Flamethrower|p1a: Zygarde
|-resisted|p1a: Zygarde
|-damage|p1a: Zygarde|28/100
|-damage|p2a: Eternatus|78/100|[from] item: Life Orb
|move|p1a: Zygarde|Glare|p2a: Eternatus
|-status|p2a: Eternatus|par
|
|-heal|p1a: Zygarde|35/100|[from] item: Leftovers
|upkeep
|turn|15
|
|t:|1607626967
|move|p1a: Zygarde|Thousand Arrows|p2a: Eternatus
|-supereffective|p2a: Eternatus
|-damage|p2a: Eternatus|24/100 par
|move|p2a: Eternatus|Dynamax Cannon|p1a: Zygarde
|-supereffective|p1a: Zygarde
|-damage|p1a: Zygarde|0 fnt
|-damage|p2a: Eternatus|14/100 par|[from] item: Life Orb
|faint|p1a: Zygarde
|
|upkeep
|
|t:|1607626971
|switch|p1a: Kyurem|Kyurem-White|100/100
|-ability|p1a: Kyurem|Turboblaze
|turn|16
|
|t:|1607626975
|move|p1a: Kyurem|Ancient Power|p2a: Eternatus
|-damage|p2a: Eternatus|0 fnt
|-boost|p1a: Kyurem|atk|1
|-boost|p1a: Kyurem|def|1
|-boost|p1a: Kyurem|spa|1
|-boost|p1a: Kyurem|spd|1
|-boost|p1a: Kyurem|spe|1
|faint|p2a: Eternatus
|
|upkeep
|
|t:|1607626982
|switch|p2a: Necrozma|Necrozma-Dusk-Mane|100/100
|-damage|p2a: Necrozma|94/100|[from] Stealth Rock
|turn|17
|
|t:|1607626987
|move|p1a: Kyurem|Fusion Flare|p2a: Necrozma
|-supereffective|p2a: Necrozma
|-damage|p2a: Necrozma|21/100
|-enditem|p2a: Necrozma|Weakness Policy
|-boost|p2a: Necrozma|atk|2|[from] item: Weakness Policy
|-boost|p2a: Necrozma|spa|2|[from] item: Weakness Policy
|move|p2a: Necrozma|Trick Room|p2a: Necrozma
|-fieldstart|move: Trick Room|[of] p2a: Necrozma
|
|upkeep
|turn|18
|
|t:|1607626994
|move|p2a: Necrozma|Sunsteel Strike|p1a: Kyurem
|-supereffective|p1a: Kyurem
|-damage|p1a: Kyurem|0 fnt
|faint|p1a: Kyurem
|
|upkeep
|j| Hugh Miki
|
|t:|1607627000
|switch|p1a: Necrozma|Necrozma-Dusk-Mane|100/100
|turn|19
|
|t:|1607627004
|switch|p1a: Yveltal|Yveltal|100/100
|-ability|p1a: Yveltal|Dark Aura
|move|p2a: Necrozma|Earthquake|p1a: Yveltal
|-immune|p1a: Yveltal
|
|upkeep
|turn|20
|
|t:|1607627010
|switch|p1a: Eternatus|Eternatus|100/100
|-ability|p1a: Eternatus|Pressure
|move|p2a: Necrozma|Morning Sun|p2a: Necrozma
|-heal|p2a: Necrozma|71/100
|
|upkeep
|turn|21
|
|t:|1607627014
|move|p2a: Necrozma|Sunsteel Strike|p1a: Eternatus
|-damage|p1a: Eternatus|19/100
|move|p1a: Eternatus|Mystical Fire|p2a: Necrozma
|-supereffective|p2a: Necrozma
|-damage|p2a: Necrozma|40/100
|-unboost|p2a: Necrozma|spa|1
|
|-fieldend|move: Trick Room
|upkeep
|turn|22
|
|t:|1607627023
|move|p1a: Eternatus|Mystical Fire|p2a: Necrozma
|-supereffective|p2a: Necrozma
|-damage|p2a: Necrozma|12/100
|-unboost|p2a: Necrozma|spa|1
|move|p2a: Necrozma|Trick Room|p2a: Necrozma
|-fieldstart|move: Trick Room|[of] p2a: Necrozma
|
|upkeep
|turn|23
|
|t:|1607627026
|move|p2a: Necrozma|Morning Sun|p2a: Necrozma
|-heal|p2a: Necrozma|62/100
|move|p1a: Eternatus|Mystical Fire|p2a: Necrozma
|-supereffective|p2a: Necrozma
|-damage|p2a: Necrozma|32/100
|-unboost|p2a: Necrozma|spa|1
|
|upkeep
|turn|24
|
|t:|1607627028
|move|p2a: Necrozma|Morning Sun|p2a: Necrozma
|-heal|p2a: Necrozma|82/100
|move|p1a: Eternatus|Mystical Fire|p2a: Necrozma
|-supereffective|p2a: Necrozma
|-damage|p2a: Necrozma|53/100
|-unboost|p2a: Necrozma|spa|1
|
|upkeep
|turn|25
|
|t:|1607627035
|move|p2a: Necrozma|Sunsteel Strike|p1a: Eternatus
|-damage|p1a: Eternatus|0 fnt
|faint|p1a: Eternatus
|
|upkeep
|
|t:|1607627038
|switch|p1a: Necrozma|Necrozma-Dusk-Mane|100/100
|turn|26
|
|t:|1607627044
|switch|p1a: Yveltal|Yveltal|100/100
|-ability|p1a: Yveltal|Dark Aura
|move|p2a: Necrozma|Sunsteel Strike|p1a: Yveltal
|-damage|p1a: Yveltal|8/100
|
|-fieldend|move: Trick Room
|upkeep
|turn|27
|
|t:|1607627051
|move|p1a: Yveltal|Foul Play|p2a: Necrozma
|-supereffective|p2a: Necrozma
|-damage|p2a: Necrozma|0 fnt
|faint|p2a: Necrozma
|
|upkeep
|
|t:|1607627069
|switch|p2a: Zacian|Zacian-Crowned|97/100
|-damage|p2a: Zacian|90/100|[from] Stealth Rock
|-ability|p2a: Zacian|Intrepid Sword|boost
|-boost|p2a: Zacian|atk|1
|turn|28
|
|t:|1607627076
|switch|p1a: Necrozma|Necrozma-Dusk-Mane|100/100
|move|p2a: Zacian|Behemoth Blade|p1a: Necrozma
|-resisted|p1a: Necrozma
|-damage|p1a: Necrozma|71/100
|
|upkeep
|turn|29
|
|t:|1607627078
|switch|p2a: Yveltal|Yveltal|100/100
|-damage|p2a: Yveltal|76/100|[from] Stealth Rock
|-ability|p2a: Yveltal|Dark Aura
|move|p1a: Necrozma|Thunder Wave|p2a: Yveltal
|-status|p2a: Yveltal|par
|
|upkeep
|turn|30
|
|t:|1607627085
|switch|p1a: Yveltal|Yveltal|8/100
|-ability|p1a: Yveltal|Dark Aura
|move|p2a: Yveltal|Dark Pulse|p1a: Yveltal
|-resisted|p1a: Yveltal
|-damage|p1a: Yveltal|0 fnt
|-damage|p2a: Yveltal|66/100 par|[from] item: Life Orb
|faint|p1a: Yveltal
|
|upkeep
|
|t:|1607627087
|switch|p1a: Zacian|Zacian-Crowned|100/100
|-ability|p1a: Zacian|Intrepid Sword|boost
|-boost|p1a: Zacian|atk|1
|turn|31
|
|t:|1607627091
|cant|p2a: Yveltal|par
|move|p1a: Zacian|Play Rough|p2a: Yveltal
|-supereffective|p2a: Yveltal
|-damage|p2a: Yveltal|0 fnt
|faint|p2a: Yveltal
|
|upkeep
|
|t:|1607627093
|switch|p2a: Zacian|Zacian-Crowned|90/100
|-damage|p2a: Zacian|84/100|[from] Stealth Rock
|-ability|p2a: Zacian|Intrepid Sword|boost
|-boost|p2a: Zacian|atk|1
|turn|32
|
|t:|1607627096
|switch|p1a: Necrozma|Necrozma-Dusk-Mane|71/100
|move|p2a: Zacian|Behemoth Blade|p1a: Necrozma
|-resisted|p1a: Necrozma
|-damage|p1a: Necrozma|45/100
|
|upkeep
|turn|33
|
|t:|1607627101
|move|p2a: Zacian|Wild Charge|p1a: Necrozma
|-damage|p1a: Necrozma|13/100
|-damage|p2a: Zacian|75/100|[from] Recoil
|move|p1a: Necrozma|Thunder Wave|p2a: Zacian
|-status|p2a: Zacian|par
|
|upkeep
|turn|34
|
|t:|1607627110
|move|p1a: Necrozma|Sunsteel Strike|p2a: Zacian
|-damage|p2a: Zacian|30/100 par
|move|p2a: Zacian|Agility|p2a: Zacian
|-boost|p2a: Zacian|spe|2
|
|upkeep
|turn|35
|
|t:|1607627114
|move|p2a: Zacian|Wild Charge|p1a: Necrozma
|-damage|p1a: Necrozma|0 fnt
|-damage|p2a: Zacian|27/100 par|[from] Recoil
|faint|p1a: Necrozma
|
|upkeep
|
|t:|1607627115
|switch|p1a: Zacian|Zacian-Crowned|100/100
|-ability|p1a: Zacian|Intrepid Sword|boost
|-boost|p1a: Zacian|atk|1
|turn|36
|
|t:|1607627117
|cant|p2a: Zacian|par
|move|p1a: Zacian|Play Rough|p2a: Zacian
|-resisted|p2a: Zacian
|-damage|p2a: Zacian|0 fnt
|faint|p2a: Zacian
|
|upkeep
|
|t:|1607627121
|switch|p2a: Calyrex|Calyrex-Shadow|100/100
|-ability|p2a: Calyrex|As One
|-ability|p2a: Calyrex|Unnerve|p1: Luna's Bann3d N0w
|-damage|p2a: Calyrex|88/100|[from] Stealth Rock
|turn|37
|
|t:|1607627123
|move|p2a: Calyrex|Astral Barrage|p1a: Zacian
|-damage|p1a: Zacian|45/100
|move|p1a: Zacian|Assurance|p2a: Calyrex
|-supereffective|p2a: Calyrex
|-damage|p2a: Calyrex|0 fnt
|faint|p2a: Calyrex
|
|win|Luna's Bann3d N0w
|l|☆Rell27
