|raw|<div class="broadcast-blue"><strong>This battle is required to be public due to a player having a name starting with 'ULTBG7V'.</div>
|j|☆I Crit My Panties
|j|☆ULTBG7V PG
|t:|1621641170
|gametype|singles
|player|p1|I Crit My Panties|1|1579
|player|p2|ULTBG7V PG|gambler|1612
|teamsize|p1|6
|teamsize|p2|6
|gen|8
|tier|[Gen 8] Ubers
|rated|
|rule|Sleep Clause Mod: Limit one foe put to sleep
|rule|Species Clause: Limit one of each Pokémon
|rule|OHKO Clause: OHKO moves are banned
|rule|Evasion Moves Clause: Evasion moves are banned
|rule|Endless Battle Clause: Forcing endless battles is banned
|rule|HP Percentage Mod: HP is shown in percentages
|rule|Dynamax Clause: You cannot dynamax
|clearpoke
|poke|p1|Yveltal|
|poke|p1|Necrozma-Dusk-Mane|
|poke|p1|Eternatus|
|poke|p1|Xerneas-*|
|poke|p1|Ho-Oh|
|poke|p1|Calyrex-Shadow|
|poke|p2|Zekrom|
|poke|p2|Groudon|
|poke|p2|Eternatus|
|poke|p2|Yveltal|
|poke|p2|Necrozma-Dusk-Mane|
|poke|p2|Lunala|
|teampreview
|j| Tarah204
|
|t:|1621641212
|start
|switch|p1a: Yveltal|Yveltal|100/100
|switch|p2a: Groudon|Groudon|100/100
|-ability|p1a: Yveltal|Dark Aura
|-weather|SunnyDay|[from] ability: Drought|[of] p2a: Groudon
|turn|1
|j| Indercover
|
|t:|1621641220
|move|p1a: Yveltal|Knock Off|p2a: Groudon
|-damage|p2a: Groudon|72/100
|-enditem|p2a: Groudon|Leftovers|[from] move: Knock Off|[of] p1a: Yveltal
|move|p2a: Groudon|Toxic|p1a: Yveltal
|-status|p1a: Yveltal|tox
|
|-weather|SunnyDay|[upkeep]
|-damage|p1a: Yveltal|94/100 tox|[from] psn
|upkeep
|turn|2
|l| Tarah204
|
|t:|1621641228
|move|p1a: Yveltal|U-turn|p2a: Groudon
|-damage|p2a: Groudon|62/100
|
|t:|1621641231
|switch|p1a: Xerneas|Xerneas|100/100|[from]move: U-turn
|-ability|p1a: Xerneas|Fairy Aura
|move|p2a: Groudon|Stealth Rock|p1a: Xerneas
|-sidestart|p1: I Crit My Panties|move: Stealth Rock
|
|-weather|SunnyDay|[upkeep]
|upkeep
|turn|3
|
|t:|1621641235
|switch|p2a: Necrozma|Necrozma-Dusk-Mane|100/100
|move|p1a: Xerneas|Aromatherapy|p1a: Xerneas
|-activate|p1a: Xerneas|move: Aromatherapy
|-curestatus|p1: Yveltal|tox|[msg]
|
|-weather|SunnyDay|[upkeep]
|upkeep
|turn|4
|
|t:|1621641241
|switch|p1a: Ho-Oh|Ho-Oh|100/100
|switch|p2a: Zekrom|Zekrom|100/100
|-ability|p2a: Zekrom|Teravolt
|
|-weather|SunnyDay|[upkeep]
|upkeep
|turn|5
|
|t:|1621641245
|switch|p1a: Necrozma|Necrozma-Dusk-Mane|100/100
|-damage|p1a: Necrozma|94/100|[from] Stealth Rock
|move|p2a: Zekrom|Bolt Strike|p1a: Necrozma
|-damage|p1a: Necrozma|53/100
|-damage|p2a: Zekrom|84/100|[from] item: Rocky Helmet|[of] p1a: Necrozma
|
|-weather|none
|-heal|p2a: Zekrom|90/100|[from] item: Leftovers
|upkeep
|turn|6
|
|t:|1621641249
|move|p2a: Zekrom|Magnet Rise|p2a: Zekrom
|-start|p2a: Zekrom|Magnet Rise
|move|p1a: Necrozma|Morning Sun|p1a: Necrozma
|-heal|p1a: Necrozma|100/100
|
|-heal|p2a: Zekrom|96/100|[from] item: Leftovers
|upkeep
|turn|7
|j| ULTBG7V MUNCHER
|
|t:|1621641260
|switch|p1a: Eternatus|Eternatus|100/100
|-damage|p1a: Eternatus|88/100|[from] Stealth Rock
|-ability|p1a: Eternatus|Pressure
|move|p2a: Zekrom|Dragon Dance|p2a: Zekrom
|-boost|p2a: Zekrom|atk|1
|-boost|p2a: Zekrom|spe|1
|
|-heal|p2a: Zekrom|100/100|[from] item: Leftovers
|-heal|p1a: Eternatus|94/100|[from] item: Black Sludge
|upkeep
|turn|8
|
|t:|1621641263
|move|p2a: Zekrom|Dragon Claw|p1a: Eternatus
|-supereffective|p1a: Eternatus
|-damage|p1a: Eternatus|0 fnt
|faint|p1a: Eternatus
|
|upkeep
|
|t:|1621641266
|switch|p1a: Calyrex|Calyrex-Shadow|100/100
|-ability|p1a: Calyrex|As One
|-ability|p1a: Calyrex|Unnerve
|-damage|p1a: Calyrex|88/100|[from] Stealth Rock
|turn|9
|
|t:|1621641270
|move|p1a: Calyrex|Trick|p2a: Zekrom
|-activate|p1a: Calyrex|move: Trick|[of] p2a: Zekrom
|-item|p2a: Zekrom|Choice Scarf|[from] move: Trick
|-item|p1a: Calyrex|Leftovers|[from] move: Trick
|move|p2a: Zekrom|Bolt Strike|p1a: Calyrex
|-damage|p1a: Calyrex|0 fnt
|faint|p1a: Calyrex
|
|upkeep
|
|t:|1621641276
|switch|p1a: Necrozma|Necrozma-Dusk-Mane|100/100
|-damage|p1a: Necrozma|94/100|[from] Stealth Rock
|turn|10
|l| ULTBG7V MUNCHER
|
|t:|1621641279
|move|p2a: Zekrom|Bolt Strike|p1a: Necrozma
|-damage|p1a: Necrozma|31/100
|-damage|p2a: Zekrom|84/100|[from] item: Rocky Helmet|[of] p1a: Necrozma
|move|p1a: Necrozma|Stealth Rock|p2a: Zekrom
|-sidestart|p2: ULTBG7V PG|move: Stealth Rock
|
|-end|p2a: Zekrom|Magnet Rise
|upkeep
|turn|11
|-message|I Crit My Panties forfeited.
|
|win|ULTBG7V PG
|raw|I Crit My Panties's rating: 1579 &rarr; <strong>1561</strong><br />(-18 for losing)
|raw|ULTBG7V PG's rating: 1612 &rarr; <strong>1630</strong><br />(+18 for winning)
|l|☆I Crit My Panties
|j|+Catalystic
|l| Indercover
