|j|☆Uber Inc.
|j|☆LT Ubers
|player|p1|Uber Inc.|101|1604
|player|p2|LT Ubers|lance-gen1rb|1443
|teamsize|p1|6
|teamsize|p2|6
|gametype|singles
|gen|8
|tier|[Gen 8] Ubers
|rated|
|clearpoke
|poke|p1|Necrozma-Dusk-Mane|
|poke|p1|Lunala|
|poke|p1|Hatterene, F|
|poke|p1|Tyranitar, F|
|poke|p1|Reshiram|
|poke|p1|Zacian-Crowned|
|poke|p2|Necrozma-Dusk-Mane|
|poke|p2|Toxapex, M|
|poke|p2|Ditto|
|poke|p2|Corviknight, F|
|poke|p2|Umbreon, M|
|poke|p2|Eternatus|
|rule|Sleep Clause Mod: Limit one foe put to sleep
|rule|Species Clause: Limit one of each Pokémon
|rule|OHKO Clause: OHKO moves are banned
|rule|Evasion Moves Clause: Evasion moves are banned
|rule|Endless Battle Clause: Forcing endless battles is banned
|rule|HP Percentage Mod: HP is shown in percentages
|html|Ubers Dynamax Clause: Pokémon on the <a href="https://www.smogon.com/dex/ss/formats/uber/">Ubers Dynamax Banlist</a> cannot Dynamax.
|teampreview
|
|start
|switch|p1a: Lunala|Lunala|100/100
|switch|p2a: Necrozma|Necrozma-Dusk-Mane|100/100
|turn|1
|
|move|p2a: Necrozma|Knock Off|p1a: Lunala
|-supereffective|p1a: Lunala
|-damage|p1a: Lunala|45/100
|-enditem|p1a: Lunala|Heavy-Duty Boots|[from] move: Knock Off|[of] p2a: Necrozma
|move|p1a: Lunala|Trick Room|p1a: Lunala
|-fieldstart|move: Trick Room|[of] p1a: Lunala
|
|upkeep
|turn|2
|
|switch|p2a: Umbreon|Umbreon, M|100/100
|move|p1a: Lunala|Moongeist Beam|p2a: Umbreon
|-resisted|p2a: Umbreon
|-damage|p2a: Umbreon|84/100
|
|-heal|p2a: Umbreon|90/100|[from] item: Leftovers
|upkeep
|turn|3
|
|move|p2a: Umbreon|Wish|p2a: Umbreon
|move|p1a: Lunala|Moonblast|p2a: Umbreon
|-supereffective|p2a: Umbreon
|-damage|p2a: Umbreon|52/100
|
|-heal|p2a: Umbreon|59/100|[from] item: Leftovers
|upkeep
|turn|4
|
|move|p2a: Umbreon|Foul Play|p1a: Lunala
|-supereffective|p1a: Lunala
|-damage|p1a: Lunala|0 fnt
|faint|p1a: Lunala
|
|-heal|p2a: Umbreon|100/100|[from] move: Wish|[wisher] Umbreon
|upkeep
|
|switch|p1a: Tyranitar|Tyranitar, F|100/100
|-weather|Sandstorm|[from] ability: Sand Stream|[of] p1a: Tyranitar
|turn|5
|
|switch|p2a: Necrozma|Necrozma-Dusk-Mane|100/100
|move|p1a: Tyranitar|Stealth Rock|p2a: Necrozma
|-sidestart|p2: LT Ubers|move: Stealth Rock
|
|-weather|Sandstorm|[upkeep]
|-fieldend|move: Trick Room
|upkeep
|turn|6
|
|move|p2a: Necrozma|Knock Off|p1a: Tyranitar
|-resisted|p1a: Tyranitar
|-damage|p1a: Tyranitar|88/100
|-enditem|p1a: Tyranitar|Shed Shell|[from] move: Knock Off|[of] p2a: Necrozma
|move|p1a: Tyranitar|Thunder Wave|p2a: Necrozma
|-status|p2a: Necrozma|par
|
|-weather|Sandstorm|[upkeep]
|upkeep
|turn|7
|
|switch|p1a: Reshiram|Reshiram|100/100
|-ability|p1a: Reshiram|Turboblaze
|cant|p2a: Necrozma|par
|
|-weather|Sandstorm|[upkeep]
|-damage|p1a: Reshiram|94/100|[from] Sandstorm
|upkeep
|turn|8
|
|switch|p2a: Umbreon|Umbreon, M|100/100
|-damage|p2a: Umbreon|88/100|[from] Stealth Rock
|move|p1a: Reshiram|Draco Meteor|p2a: Umbreon
|-damage|p2a: Umbreon|47/100
|-unboost|p1a: Reshiram|spa|2
|
|-weather|Sandstorm|[upkeep]
|-damage|p1a: Reshiram|88/100|[from] Sandstorm
|-damage|p2a: Umbreon|41/100|[from] Sandstorm
|-heal|p2a: Umbreon|47/100|[from] item: Leftovers
|upkeep
|turn|9
|
|switch|p1a: Zacian|Zacian-Crowned|100/100
|-ability|p1a: Zacian|Intrepid Sword|boost
|-boost|p1a: Zacian|atk|1
|move|p2a: Umbreon|Wish|p2a: Umbreon
|
|-weather|none
|-heal|p2a: Umbreon|53/100|[from] item: Leftovers
|upkeep
|turn|10
|
|move|p2a: Umbreon|Protect|p2a: Umbreon
|-singleturn|p2a: Umbreon|Protect
|move|p1a: Zacian|Play Rough|p2a: Umbreon
|-activate|p2a: Umbreon|move: Protect
|
|-heal|p2a: Umbreon|100/100|[from] move: Wish|[wisher] Umbreon
|upkeep
|turn|11
|
|switch|p1a: Necrozma|Necrozma-Dusk-Mane|100/100
|switch|p2a: Toxapex|Toxapex, M|100/100
|-damage|p2a: Toxapex|88/100|[from] Stealth Rock
|
|upkeep
|turn|12
|
|move|p1a: Necrozma|Earthquake|p2a: Toxapex
|-supereffective|p2a: Toxapex
|-damage|p2a: Toxapex|45/100
|move|p2a: Toxapex|Knock Off|p1a: Necrozma
|-supereffective|p1a: Necrozma
|-damage|p1a: Necrozma|90/100
|-enditem|p1a: Necrozma|Leftovers|[from] move: Knock Off|[of] p2a: Toxapex
|
|upkeep
|turn|13
|
|switch|p2a: Corviknight|Corviknight, F|100/100
|-damage|p2a: Corviknight|88/100|[from] Stealth Rock
|-ability|p2a: Corviknight|Pressure
|move|p1a: Necrozma|Earthquake|p2a: Corviknight
|-immune|p2a: Corviknight
|
|-heal|p2a: Corviknight|94/100|[from] item: Leftovers
|upkeep
|turn|14
|
|move|p1a: Necrozma|Thunder Wave|p2a: Corviknight
|-status|p2a: Corviknight|par
|move|p2a: Corviknight|Defog|p1a: Necrozma
|-unboost|p1a: Necrozma|evasion|1
|-sideend|p2: LT Ubers|Stealth Rock|[from] move: Defog|[of] p2a: Corviknight
|
|-heal|p2a: Corviknight|99/100 par|[from] item: Leftovers
|upkeep
|turn|15
|
|switch|p1a: Reshiram|Reshiram|88/100
|-ability|p1a: Reshiram|Turboblaze
|move|p2a: Corviknight|U-turn|p1a: Reshiram
|-resisted|p1a: Reshiram
|-crit|p1a: Reshiram
|-damage|p1a: Reshiram|77/100
|
|switch|p2a: Eternatus|Eternatus|100/100|[from]move: U-turn
|-ability|p2a: Eternatus|Pressure
|
|upkeep
|turn|16
|
|switch|p2a: Necrozma|Necrozma-Dusk-Mane|100/100 par
|move|p1a: Reshiram|Draco Meteor|p2a: Necrozma
|-resisted|p2a: Necrozma
|-damage|p2a: Necrozma|72/100 par
|-unboost|p1a: Reshiram|spa|2
|
|-heal|p2a: Necrozma|78/100 par|[from] item: Leftovers
|upkeep
|turn|17
|
|switch|p1a: Zacian|Zacian-Crowned|100/100
|-ability|p1a: Zacian|Intrepid Sword|boost
|-boost|p1a: Zacian|atk|1
|move|p2a: Necrozma|Knock Off|p1a: Zacian
|-resisted|p1a: Zacian
|-damage|p1a: Zacian|90/100
|
|-heal|p2a: Necrozma|84/100 par|[from] item: Leftovers
|upkeep
|turn|18
|
|switch|p1a: Necrozma|Necrozma-Dusk-Mane|90/100
|move|p2a: Necrozma|Sunsteel Strike|p1a: Necrozma
|-resisted|p1a: Necrozma
|-damage|p1a: Necrozma|77/100
|
|-heal|p2a: Necrozma|90/100 par|[from] item: Leftovers
|upkeep
|turn|19
|
|move|p1a: Necrozma|Breaking Swipe|p2a: Necrozma
|-resisted|p2a: Necrozma
|-damage|p2a: Necrozma|85/100 par
|-unboost|p2a: Necrozma|atk|1
|move|p2a: Necrozma|Stealth Rock|p1a: Necrozma
|-sidestart|p1: Uber Inc.|move: Stealth Rock
|
|-heal|p2a: Necrozma|91/100 par|[from] item: Leftovers
|upkeep
|turn|20
|
|switch|p2a: Corviknight|Corviknight, F|99/100 par
|-ability|p2a: Corviknight|Pressure
|move|p1a: Necrozma|Thunder Wave|p2a: Corviknight
|-fail|p2a: Corviknight|par
|
|-heal|p2a: Corviknight|100/100 par|[from] item: Leftovers
|upkeep
|turn|21
|
|move|p1a: Necrozma|Earthquake|p2a: Corviknight
|-immune|p2a: Corviknight
|move|p2a: Corviknight|U-turn|p1a: Necrozma
|-damage|p1a: Necrozma|70/100
|
|switch|p2a: Toxapex|Toxapex, M|79/100|[from]move: U-turn
|
|upkeep
|turn|22
|
|switch|p2a: Corviknight|Corviknight, F|100/100 par
|-ability|p2a: Corviknight|Pressure
|move|p1a: Necrozma|Earthquake|p2a: Corviknight
|-immune|p2a: Corviknight
|
|upkeep
|turn|23
|
|move|p1a: Necrozma|Breaking Swipe|p2a: Corviknight
|-resisted|p2a: Corviknight
|-damage|p2a: Corviknight|94/100 par
|-unboost|p2a: Corviknight|atk|1
|move|p2a: Corviknight|U-turn|p1a: Necrozma
|-damage|p1a: Necrozma|65/100
|
|switch|p2a: Toxapex|Toxapex, M|100/100|[from]move: U-turn
|
|upkeep
|turn|24
|
|move|p1a: Necrozma|Thunder Wave|p2a: Toxapex
|-status|p2a: Toxapex|par
|move|p2a: Toxapex|Scald|p1a: Necrozma
|-damage|p1a: Necrozma|52/100
|
|upkeep
|turn|25
|
|switch|p1a: Tyranitar|Tyranitar, F|88/100
|-damage|p1a: Tyranitar|75/100|[from] Stealth Rock
|-weather|Sandstorm|[from] ability: Sand Stream|[of] p1a: Tyranitar
|move|p2a: Toxapex|Scald|p1a: Tyranitar
|-supereffective|p1a: Tyranitar
|-damage|p1a: Tyranitar|61/100
|
|-weather|Sandstorm|[upkeep]
|-damage|p2a: Toxapex|95/100 par|[from] Sandstorm
|upkeep
|turn|26
|
|switch|p2a: Umbreon|Umbreon, M|100/100
|move|p1a: Tyranitar|Stealth Rock|p2a: Umbreon
|-sidestart|p2: LT Ubers|move: Stealth Rock
|
|-weather|Sandstorm|[upkeep]
|-damage|p2a: Umbreon|94/100|[from] Sandstorm
|-heal|p2a: Umbreon|100/100|[from] item: Leftovers
|upkeep
|turn|27
|
|switch|p1a: Reshiram|Reshiram|77/100
|-damage|p1a: Reshiram|52/100|[from] Stealth Rock
|-ability|p1a: Reshiram|Turboblaze
|move|p2a: Umbreon|Heal Bell|p2a: Umbreon
|-activate|p2a: Umbreon|move: Heal Bell
|-curestatus|p2: Toxapex|par|[msg]
|-curestatus|p2: Corviknight|par|[msg]
|-curestatus|p2: Necrozma|par|[msg]
|
|-weather|Sandstorm|[upkeep]
|-damage|p1a: Reshiram|46/100|[from] Sandstorm
|-damage|p2a: Umbreon|94/100|[from] Sandstorm
|-heal|p2a: Umbreon|100/100|[from] item: Leftovers
|upkeep
|turn|28
|
|move|p2a: Umbreon|Protect|p2a: Umbreon
|-singleturn|p2a: Umbreon|Protect
|move|p1a: Reshiram|Blue Flare|p2a: Umbreon
|-activate|p2a: Umbreon|move: Protect
|
|-weather|Sandstorm|[upkeep]
|-damage|p1a: Reshiram|40/100|[from] Sandstorm
|-damage|p2a: Umbreon|94/100|[from] Sandstorm
|-heal|p2a: Umbreon|100/100|[from] item: Leftovers
|upkeep
|turn|29
|
|switch|p2a: Toxapex|Toxapex, M|100/100
|-damage|p2a: Toxapex|88/100|[from] Stealth Rock
|move|p1a: Reshiram|Blue Flare|p2a: Toxapex
|-resisted|p2a: Toxapex
|-damage|p2a: Toxapex|59/100
|
|-weather|none
|upkeep
|turn|30
|
|switch|p1a: Hatterene|Hatterene, F|100/100
|-damage|p1a: Hatterene|88/100|[from] Stealth Rock
|move|p2a: Toxapex|Knock Off|p1a: Hatterene
|-damage|p1a: Hatterene|72/100
|-enditem|p1a: Hatterene|Life Orb|[from] move: Knock Off|[of] p2a: Toxapex
|
|upkeep
|turn|31
|
|switch|p2a: Necrozma|Necrozma-Dusk-Mane|91/100
|-damage|p2a: Necrozma|85/100|[from] Stealth Rock
|move|p1a: Hatterene|Trick Room|p1a: Hatterene
|-fieldstart|move: Trick Room|[of] p1a: Hatterene
|
|-heal|p2a: Necrozma|91/100|[from] item: Leftovers
|upkeep
|turn|32
|
|-start|p1a: Hatterene|Dynamax
|-formechange|p1a: Hatterene|Hatterene-Gmax
|-heal|p1a: Hatterene|72/100|[silent]
|move|p1a: Hatterene|G-Max Smite|p2a: Necrozma
|-resisted|p2a: Necrozma
|-damage|p2a: Necrozma|60/100
|-start|p2a: Necrozma|confusion
|-activate|p2a: Necrozma|confusion
|-damage|p2a: Necrozma|53/100|[from] confusion
|
|-heal|p2a: Necrozma|59/100|[from] item: Leftovers
|upkeep
|turn|33
|
|move|p1a: Hatterene|Max Phantasm|p2a: Necrozma
|-supereffective|p2a: Necrozma
|-damage|p2a: Necrozma|0 fnt
|faint|p2a: Necrozma
|
|upkeep
|
|switch|p2a: Corviknight|Corviknight, F|94/100
|-damage|p2a: Corviknight|82/100|[from] Stealth Rock
|-ability|p2a: Corviknight|Pressure
|turn|34
|
|-start|p2a: Corviknight|Dynamax
|-heal|p2a: Corviknight|82/100|[silent]
|move|p2a: Corviknight|Max Guard|p2a: Corviknight
|-singleturn|p2a: Corviknight|Max Guard
|move|p1a: Hatterene|Max Mindstorm|p2a: Corviknight
|-activate|p2a: Corviknight|move: Max Guard
|
|-heal|p2a: Corviknight|85/100|[from] item: Leftovers
|-end|p1a: Hatterene|Dynamax
|-formechange|p1a: Hatterene|Hatterene
|-heal|p1a: Hatterene|72/100|[silent]
|upkeep
|turn|35
|
|switch|p1a: Necrozma|Necrozma-Dusk-Mane|52/100
|-damage|p1a: Necrozma|46/100|[from] Stealth Rock
|move|p2a: Corviknight|Max Airstream|p1a: Necrozma
|-resisted|p1a: Necrozma
|-damage|p1a: Necrozma|34/100
|-boost|p2a: Corviknight|spe|1
|
|-heal|p2a: Corviknight|88/100|[from] item: Leftovers
|-fieldend|move: Trick Room
|upkeep
|turn|36
|
|move|p2a: Corviknight|Max Flutterby|p1a: Necrozma
|-damage|p1a: Necrozma|21/100
|-unboost|p1a: Necrozma|spa|1
|move|p1a: Necrozma|Morning Sun|p1a: Necrozma
|-heal|p1a: Necrozma|71/100
|
|-heal|p2a: Corviknight|91/100|[from] item: Leftovers
|-end|p2a: Corviknight|Dynamax
|-heal|p2a: Corviknight|91/100|[silent]
|upkeep
|turn|37
|
|move|p2a: Corviknight|U-turn|p1a: Necrozma
|-damage|p1a: Necrozma|63/100
|
|switch|p2a: Umbreon|Umbreon, M|100/100|[from]move: U-turn
|-damage|p2a: Umbreon|88/100|[from] Stealth Rock
|move|p1a: Necrozma|Thunder Wave|p2a: Umbreon
|-status|p2a: Umbreon|par
|-activate|p2a: Umbreon|ability: Synchronize
|-status|p1a: Necrozma|par
|
|-heal|p2a: Umbreon|94/100 par|[from] item: Leftovers
|upkeep
|turn|38
|
|switch|p1a: Hatterene|Hatterene, F|72/100
|-damage|p1a: Hatterene|60/100|[from] Stealth Rock
|move|p2a: Umbreon|Heal Bell|p2a: Umbreon
|-activate|p2a: Umbreon|move: Heal Bell
|-curestatus|p2a: Umbreon|par|[msg]
|
|-heal|p2a: Umbreon|99/100|[from] item: Leftovers
|upkeep
|turn|39
|
|move|p2a: Umbreon|Foul Play|p1a: Hatterene
|-damage|p1a: Hatterene|31/100
|move|p1a: Hatterene|Trick Room|p1a: Hatterene
|-fieldstart|move: Trick Room|[of] p1a: Hatterene
|
|-heal|p2a: Umbreon|100/100|[from] item: Leftovers
|upkeep
|turn|40
|
|move|p2a: Umbreon|Protect|p2a: Umbreon
|-singleturn|p2a: Umbreon|Protect
|move|p1a: Hatterene|Psychic|p2a: Umbreon
|-activate|p2a: Umbreon|move: Protect
|
|upkeep
|turn|41
|
|move|p1a: Hatterene|Dazzling Gleam|p2a: Umbreon
|-supereffective|p2a: Umbreon
|-damage|p2a: Umbreon|47/100
|move|p2a: Umbreon|Foul Play|p1a: Hatterene
|-damage|p1a: Hatterene|3/100
|
|-heal|p2a: Umbreon|53/100|[from] item: Leftovers
|upkeep
|turn|42
|
|move|p2a: Umbreon|Protect|p2a: Umbreon
|-singleturn|p2a: Umbreon|Protect
|move|p1a: Hatterene|Dazzling Gleam|p2a: Umbreon
|-activate|p2a: Umbreon|move: Protect
|
|-heal|p2a: Umbreon|59/100|[from] item: Leftovers
|upkeep
|turn|43
|
|move|p1a: Hatterene|Psychic|p2a: Umbreon
|-immune|p2a: Umbreon
|move|p2a: Umbreon|Wish|p2a: Umbreon
|
|-heal|p2a: Umbreon|65/100|[from] item: Leftovers
|-fieldend|move: Trick Room
|upkeep
|turn|44
|
|move|p2a: Umbreon|Foul Play|p1a: Hatterene
|-damage|p1a: Hatterene|0 fnt
|faint|p1a: Hatterene
|
|-heal|p2a: Umbreon|100/100|[from] move: Wish|[wisher] Umbreon
|upkeep
|j| SSP Fc04
|
|switch|p1a: Zacian|Zacian-Crowned|90/100
|-damage|p1a: Zacian|84/100|[from] Stealth Rock
|-ability|p1a: Zacian|Intrepid Sword|boost
|-boost|p1a: Zacian|atk|1
|turn|45
|
|switch|p2a: Toxapex|Toxapex, M|92/100
|-damage|p2a: Toxapex|80/100|[from] Stealth Rock
|move|p1a: Zacian|Play Rough|p2a: Toxapex
|-resisted|p2a: Toxapex
|-damage|p2a: Toxapex|53/100
|
|upkeep
|turn|46
|
|switch|p2a: Corviknight|Corviknight, F|91/100
|-damage|p2a: Corviknight|79/100|[from] Stealth Rock
|-ability|p2a: Corviknight|Pressure
|move|p1a: Zacian|Swords Dance|p1a: Zacian
|-boost|p1a: Zacian|atk|2
|
|-heal|p2a: Corviknight|85/100|[from] item: Leftovers
|upkeep
|turn|47
|
|move|p1a: Zacian|Behemoth Blade|p2a: Corviknight
|-resisted|p2a: Corviknight
|-damage|p2a: Corviknight|31/100
|move|p2a: Corviknight|U-turn|p1a: Zacian
|-resisted|p1a: Zacian
|-damage|p1a: Zacian|80/100
|
|switch|p2a: Ditto|Ditto|100/100|[from]move: U-turn
|-damage|p2a: Ditto|88/100|[from] Stealth Rock
|-transform|p2a: Ditto|p1a: Zacian|[from] ability: Imposter
|-ability|p2a: Ditto|Intrepid Sword|boost
|-boost|p2a: Ditto|atk|1
|
|upkeep
|turn|48
|j| ILoveYahweh1
|
|move|p2a: Ditto|Behemoth Blade|p1a: Zacian
|-damage|p1a: Zacian|0 fnt
|faint|p1a: Zacian
|
|upkeep
|
|switch|p1a: Reshiram|Reshiram|40/100
|-damage|p1a: Reshiram|15/100|[from] Stealth Rock
|-ability|p1a: Reshiram|Turboblaze
|turn|49
|
|move|p2a: Ditto|Behemoth Blade|p1a: Reshiram
|-resisted|p1a: Reshiram
|-damage|p1a: Reshiram|0 fnt
|faint|p1a: Reshiram
|
|upkeep
|c|☆LT Ubers|gg
|
|switch|p1a: Necrozma|Necrozma-Dusk-Mane|63/100 par
|-damage|p1a: Necrozma|57/100 par|[from] Stealth Rock
|turn|50
|
|move|p2a: Ditto|Behemoth Blade|p1a: Necrozma
|-resisted|p1a: Necrozma
|-damage|p1a: Necrozma|3/100 par
|cant|p1a: Necrozma|par
|
|upkeep
|turn|51
|
|move|p2a: Ditto|Behemoth Blade|p1a: Necrozma
|-resisted|p1a: Necrozma
|-damage|p1a: Necrozma|0 fnt
|faint|p1a: Necrozma
|
|upkeep
|
|switch|p1a: Tyranitar|Tyranitar, F|61/100
|-damage|p1a: Tyranitar|48/100|[from] Stealth Rock
|-weather|Sandstorm|[from] ability: Sand Stream|[of] p1a: Tyranitar
|turn|52
|
|move|p2a: Ditto|Behemoth Blade|p1a: Tyranitar
|-supereffective|p1a: Tyranitar
|-damage|p1a: Tyranitar|0 fnt
|faint|p1a: Tyranitar
|
|win|LT Ubers
|l|☆Uber Inc.
|l| ILoveYahweh1
|l| SSP Fc04
||Ladder (probably) updated, but score could not be retrieved (Request timeout).
