|j|☆Rell27
|j|☆Jelkik-0r
|t:|1620805666
|gametype|singles
|player|p1|Rell27|1|1435
|player|p2|Jelkik-0r|blue|1453
|teamsize|p1|6
|teamsize|p2|6
|gen|8
|tier|[Gen 8] Ubers
|rated|
|rule|Sleep Clause Mod: Limit one foe put to sleep
|rule|Species Clause: Limit one of each Pokémon
|rule|OHKO Clause: OHKO moves are banned
|rule|Evasion Moves Clause: Evasion moves are banned
|rule|Endless Battle Clause: Forcing endless battles is banned
|rule|HP Percentage Mod: HP is shown in percentages
|rule|Dynamax Clause: You cannot dynamax
|clearpoke
|poke|p1|Necrozma-Dusk-Mane|
|poke|p1|Eternatus|
|poke|p1|Calyrex-Shadow|
|poke|p1|Yveltal|
|poke|p1|Xerneas-*|
|poke|p1|Ho-Oh|
|poke|p2|Blissey, F|
|poke|p2|Toxapex, F|
|poke|p2|Ferrothorn, M|
|poke|p2|Quagsire, M|
|poke|p2|Corviknight, M|
|poke|p2|Urshifu-*, M|
|teampreview
|inactive|Battle timer is ON: inactive players will automatically lose when time's up. (requested by Jelkik-0r)
|
|t:|1620805681
|start
|updatepoke|p1: Xerneas|Xerneas
|switch|p1a: Yveltal|Yveltal|100/100
|switch|p2a: Corviknight|Corviknight, M|100/100
|-ability|p1a: Yveltal|Dark Aura
|-ability|p2a: Corviknight|Pressure
|turn|1
|
|t:|1620805699
|switch|p1a: Ho-Oh|Ho-Oh|100/100
|move|p2a: Corviknight|Roost||[still]
|-fail|p2a: Corviknight|heal
|
|upkeep
|turn|2
|
|t:|1620805715
|switch|p2a: Quagsire|Quagsire, M|100/100
|move|p1a: Ho-Oh|Sacred Fire|p2a: Quagsire
|-resisted|p2a: Quagsire
|-damage|p2a: Quagsire|81/100
|
|upkeep
|turn|3
|
|t:|1620805726
|switch|p1a: Calyrex|Calyrex-Shadow|100/100
|-ability|p1a: Calyrex|As One
|-ability|p1a: Calyrex|Unnerve
|move|p2a: Quagsire|Toxic|p1a: Calyrex
|-status|p1a: Calyrex|tox
|
|-damage|p1a: Calyrex|94/100 tox|[from] psn
|upkeep
|turn|4
|
|t:|1620805745
|switch|p2a: Blissey|Blissey, F|100/100
|move|p1a: Calyrex|Leech Seed|p2a: Blissey|[miss]
|-miss|p1a: Calyrex|p2a: Blissey
|
|-damage|p1a: Calyrex|82/100 tox|[from] psn
|upkeep
|turn|5
|
|t:|1620805757
|switch|p1a: Xerneas|Xerneas|100/100
|-ability|p1a: Xerneas|Fairy Aura
|move|p2a: Blissey|Confide|p1a: Xerneas
|-unboost|p1a: Xerneas|spa|1
|
|upkeep
|turn|6
|
|t:|1620805766
|move|p1a: Xerneas|Aromatherapy|p1a: Xerneas
|-activate|p1a: Xerneas|move: Aromatherapy
|-curestatus|p1: Calyrex|tox|[msg]
|move|p2a: Blissey|Thunder Wave|p1a: Xerneas
|-status|p1a: Xerneas|par
|
|upkeep
|turn|7
|
|t:|1620805781
|switch|p2a: Ferrothorn|Ferrothorn, M|100/100
|switch|p1a: Yveltal|Yveltal|100/100
|-ability|p1a: Yveltal|Dark Aura
|
|upkeep
|turn|8
|
|t:|1620805790
|move|p1a: Yveltal|Knock Off|p2a: Ferrothorn
|-damage|p2a: Ferrothorn|31/100
|-damage|p1a: Yveltal|88/100|[from] ability: Iron Barbs|[of] p2a: Ferrothorn
|-enditem|p2a: Ferrothorn|Leftovers|[from] move: Knock Off|[of] p1a: Yveltal
|-damage|p1a: Yveltal|78/100|[from] item: Life Orb
|move|p2a: Ferrothorn|Leech Seed|p1a: Yveltal
|-start|p1a: Yveltal|move: Leech Seed
|
|-damage|p1a: Yveltal|66/100|[from] Leech Seed|[of] p2a: Ferrothorn
|-heal|p2a: Ferrothorn|45/100|[silent]
|upkeep
|turn|9
|inactive|Jelkik-0r has 120 seconds left.
|
|t:|1620805816
|switch|p1a: Eternatus|Eternatus|100/100
|-ability|p1a: Eternatus|Pressure
|switch|p2a: Toxapex|Toxapex, F|100/100
|
|upkeep
|turn|10
|inactive|Jelkik-0r has 120 seconds left.
|
|t:|1620805831
|switch|p1a: Necrozma|Necrozma-Dusk-Mane|100/100
|switch|p2a: Blissey|Blissey, F|100/100
|
|upkeep
|turn|11
|
|t:|1620805839
|move|p1a: Necrozma|Stealth Rock|p2a: Blissey
|-sidestart|p2: Jelkik-0r|move: Stealth Rock
|move|p2a: Blissey|Thunder Wave|p1a: Necrozma
|-status|p1a: Necrozma|par
|
|upkeep
|turn|12
|
|t:|1620805848
|switch|p2a: Corviknight|Corviknight, M|100/100
|-damage|p2a: Corviknight|88/100|[from] Stealth Rock
|-ability|p2a: Corviknight|Pressure
|move|p1a: Necrozma|Sunsteel Strike|p2a: Corviknight
|-resisted|p2a: Corviknight
|-damage|p2a: Corviknight|72/100
|-damage|p1a: Necrozma|84/100 par|[from] item: Rocky Helmet|[of] p2a: Corviknight
|
|upkeep
|turn|13
|
|t:|1620805859
|switch|p1a: Ho-Oh|Ho-Oh|100/100
|move|p2a: Corviknight|Defog|p1a: Ho-Oh
|-unboost|p1a: Ho-Oh|evasion|1
|-sideend|p2: Jelkik-0r|Stealth Rock|[from] move: Defog|[of] p2a: Corviknight
|
|upkeep
|turn|14
|
|t:|1620805872
|switch|p2a: Toxapex|Toxapex, F|100/100
|move|p1a: Ho-Oh|Brave Bird|p2a: Toxapex
|-damage|p2a: Toxapex|65/100
|-damage|p1a: Ho-Oh|84/100|[from] item: Rocky Helmet|[of] p2a: Toxapex
|-damage|p1a: Ho-Oh|75/100|[from] Recoil
|
|upkeep
|turn|15
|inactive|Jelkik-0r has 120 seconds left.
|
|t:|1620805908
|switch|p2a: Blissey|Blissey, F|100/100
|move|p1a: Ho-Oh|Thunder Wave|p2a: Blissey
|-status|p2a: Blissey|par
|
|upkeep
|turn|16
|
|t:|1620805921
|switch|p2a: Quagsire|Quagsire, M|81/100
|move|p1a: Ho-Oh|Brave Bird|p2a: Quagsire
|-damage|p2a: Quagsire|36/100
|-damage|p1a: Ho-Oh|59/100|[from] item: Rocky Helmet|[of] p2a: Quagsire
|-damage|p1a: Ho-Oh|44/100|[from] Recoil
|
|upkeep
|turn|17
|
|t:|1620805933
|move|p1a: Ho-Oh|Brave Bird|p2a: Quagsire
|-damage|p2a: Quagsire|0 fnt
|-damage|p1a: Ho-Oh|27/100|[from] item: Rocky Helmet|[of] p2a: Quagsire
|faint|p2a: Quagsire
|-damage|p1a: Ho-Oh|16/100|[from] Recoil
|
|upkeep
|
|t:|1620805941
|switch|p2a: Urshifu|Urshifu, M|100/100
|turn|18
|
|t:|1620805956
|switch|p1a: Xerneas|Xerneas|100/100 par
|-ability|p1a: Xerneas|Fairy Aura
|move|p2a: Urshifu|U-turn|p1a: Xerneas
|-resisted|p1a: Xerneas
|-damage|p1a: Xerneas|85/100 par
|
|t:|1620805976
|switch|p2a: Ferrothorn|Ferrothorn, M|45/100|[from]move: U-turn
|
|upkeep
|turn|19
|
|t:|1620805984
|move|p1a: Xerneas|Aromatherapy|p1a: Xerneas
|-activate|p1a: Xerneas|move: Aromatherapy
|-curestatus|p1a: Xerneas|par|[msg]
|-curestatus|p1: Necrozma|par|[msg]
|move|p2a: Ferrothorn|Leech Seed|p1a: Xerneas
|-start|p1a: Xerneas|move: Leech Seed
|
|-damage|p1a: Xerneas|73/100|[from] Leech Seed|[of] p2a: Ferrothorn
|-heal|p2a: Ferrothorn|60/100|[silent]
|upkeep
|turn|20
|
|t:|1620805997
|switch|p1a: Ho-Oh|Ho-Oh|49/100
|move|p2a: Ferrothorn|Gyro Ball|p1a: Ho-Oh
|-resisted|p1a: Ho-Oh
|-damage|p1a: Ho-Oh|27/100
|
|upkeep
|turn|21
|
|t:|1620806009
|switch|p2a: Toxapex|Toxapex, F|98/100
|move|p1a: Ho-Oh|Sacred Fire|p2a: Toxapex
|-resisted|p2a: Toxapex
|-damage|p2a: Toxapex|83/100
|-status|p2a: Toxapex|brn
|
|-damage|p2a: Toxapex|76/100 brn|[from] brn
|upkeep
|turn|22
|
|t:|1620806026
|switch|p1a: Necrozma|Necrozma-Dusk-Mane|84/100
|switch|p2a: Urshifu|Urshifu, M|100/100
|
|upkeep
|turn|23
|
|t:|1620806034
|switch|p1a: Xerneas|Xerneas|73/100
|-ability|p1a: Xerneas|Fairy Aura
|move|p2a: Urshifu|Wicked Blow|p1a: Xerneas
|-resisted|p1a: Xerneas
|-crit|p1a: Xerneas
|-damage|p1a: Xerneas|32/100
|
|upkeep
|turn|24
|
|t:|1620806043
|move|p2a: Urshifu|Wicked Blow|p1a: Xerneas
|-resisted|p1a: Xerneas
|-crit|p1a: Xerneas
|-damage|p1a: Xerneas|0 fnt
|faint|p1a: Xerneas
|
|upkeep
|
|t:|1620806058
|switch|p1a: Eternatus|Eternatus|100/100
|-ability|p1a: Eternatus|Pressure
|turn|25
|inactive|Jelkik-0r has 120 seconds left.
|
|t:|1620806064
|switch|p2a: Blissey|Blissey, F|100/100
|move|p1a: Eternatus|Dynamax Cannon|p2a: Blissey
|-crit|p2a: Blissey
|-damage|p2a: Blissey|64/100
|-damage|p1a: Eternatus|91/100|[from] item: Life Orb
|
|upkeep
|turn|26
|
|t:|1620806083
|switch|p1a: Necrozma|Necrozma-Dusk-Mane|84/100
|move|p2a: Blissey|Thunder Wave|p1a: Necrozma
|-status|p1a: Necrozma|par
|
|upkeep
|turn|27
|
|t:|1620806091
|move|p2a: Blissey|Soft-Boiled|p2a: Blissey
|-heal|p2a: Blissey|100/100
|move|p1a: Necrozma|Stealth Rock|p2a: Blissey
|-sidestart|p2: Jelkik-0r|move: Stealth Rock
|
|upkeep
|turn|28
|
|t:|1620806108
|switch|p1a: Calyrex|Calyrex-Shadow|82/100
|-ability|p1a: Calyrex|As One
|-ability|p1a: Calyrex|Unnerve
|move|p2a: Blissey|Thunder Wave|p1a: Calyrex
|-status|p1a: Calyrex|par
|
|upkeep
|turn|29
|inactive|Jelkik-0r has 120 seconds left.
|
|t:|1620806123
|move|p1a: Calyrex|Substitute|p1a: Calyrex
|-start|p1a: Calyrex|Substitute
|-damage|p1a: Calyrex|58/100 par
|move|p2a: Blissey|Confide|p1a: Calyrex
|-unboost|p1a: Calyrex|spa|1
|
|upkeep
|turn|30
|inactive|Jelkik-0r has 120 seconds left.
|
|t:|1620806135
|cant|p1a: Calyrex|par
|move|p2a: Blissey|Aromatherapy|p2a: Blissey
|-activate|p2a: Blissey|move: Aromatherapy
|-curestatus|p2: Toxapex|brn|[msg]
|
|upkeep
|turn|31
|
|t:|1620806142
|move|p1a: Calyrex|Leech Seed|p2a: Blissey
|-start|p2a: Blissey|move: Leech Seed
|move|p2a: Blissey|Confide|p1a: Calyrex
|-unboost|p1a: Calyrex|spa|1
|
|-damage|p2a: Blissey|88/100|[from] Leech Seed|[of] p1a: Calyrex
|-heal|p1a: Calyrex|80/100 par|[silent]
|upkeep
|turn|32
|inactive|Jelkik-0r has 120 seconds left.
|
|t:|1620806169
|switch|p1a: Ho-Oh|Ho-Oh|60/100
|switch|p2a: Urshifu|Urshifu, M|100/100
|-damage|p2a: Urshifu|94/100|[from] Stealth Rock
|
|upkeep
|turn|33
|
|t:|1620806179
|switch|p1a: Necrozma|Necrozma-Dusk-Mane|84/100 par
|move|p2a: Urshifu|Wicked Blow|p1a: Necrozma
|-supereffective|p1a: Necrozma
|-crit|p1a: Necrozma
|-damage|p1a: Necrozma|0 fnt
|-damage|p2a: Urshifu|78/100|[from] item: Rocky Helmet|[of] p1a: Necrozma
|faint|p1a: Necrozma
|
|upkeep
|
|t:|1620806182
|switch|p1a: Eternatus|Eternatus|91/100
|-ability|p1a: Eternatus|Pressure
|turn|34
|inactive|Jelkik-0r has 120 seconds left.
|
|t:|1620806193
|switch|p2a: Blissey|Blissey, F|88/100
|-damage|p2a: Blissey|76/100|[from] Stealth Rock
|move|p1a: Eternatus|Sludge Bomb|p2a: Blissey
|-damage|p2a: Blissey|53/100
|-status|p2a: Blissey|psn
|-damage|p1a: Eternatus|81/100|[from] item: Life Orb
|
|-damage|p2a: Blissey|41/100 psn|[from] psn
|upkeep
|turn|35
|inactive|Jelkik-0r has 120 seconds left.
|
|t:|1620806208
|switch|p1a: Yveltal|Yveltal|66/100
|-ability|p1a: Yveltal|Dark Aura
|move|p2a: Blissey|Soft-Boiled|p2a: Blissey
|-heal|p2a: Blissey|91/100 psn
|
|-damage|p2a: Blissey|78/100 psn|[from] psn
|upkeep
|turn|36
|inactive|Jelkik-0r has 120 seconds left.
|
|t:|1620806239
|-curestatus|p2a: Blissey|psn|[from] ability: Natural Cure
|switch|p2a: Ferrothorn|Ferrothorn, M|60/100
|-damage|p2a: Ferrothorn|54/100|[from] Stealth Rock
|move|p1a: Yveltal|Knock Off|p2a: Ferrothorn
|-damage|p2a: Ferrothorn|5/100
|-damage|p1a: Yveltal|53/100|[from] ability: Iron Barbs|[of] p2a: Ferrothorn
|-damage|p1a: Yveltal|44/100|[from] item: Life Orb
|
|upkeep
|turn|37
|
|t:|1620806254
|move|p1a: Yveltal|Roost|p1a: Yveltal
|-heal|p1a: Yveltal|94/100
|-singleturn|p1a: Yveltal|move: Roost
|move|p2a: Ferrothorn|Leech Seed|p1a: Yveltal
|-start|p1a: Yveltal|move: Leech Seed
|
|-damage|p1a: Yveltal|81/100|[from] Leech Seed|[of] p2a: Ferrothorn
|-heal|p2a: Ferrothorn|20/100|[silent]
|upkeep
|turn|38
|
|t:|1620806265
|move|p1a: Yveltal|Oblivion Wing|p2a: Ferrothorn
|-damage|p2a: Ferrothorn|0 fnt
|-heal|p1a: Yveltal|94/100|[from] drain|[of] p2a: Ferrothorn
|faint|p2a: Ferrothorn
|-damage|p1a: Yveltal|84/100|[from] item: Life Orb
|
|upkeep
|inactive|Jelkik-0r has 90 seconds left.
|
|t:|1620806278
|switch|p2a: Corviknight|Corviknight, M|72/100
|-damage|p2a: Corviknight|60/100|[from] Stealth Rock
|-ability|p2a: Corviknight|Pressure
|turn|39
|
|t:|1620806287
|switch|p1a: Calyrex|Calyrex-Shadow|80/100 par
|-ability|p1a: Calyrex|As One
|-ability|p1a: Calyrex|Unnerve
|move|p2a: Corviknight|Roost|p2a: Corviknight
|-heal|p2a: Corviknight|100/100
|-singleturn|p2a: Corviknight|move: Roost
|
|upkeep
|turn|40
|
|t:|1620806298
|move|p1a: Calyrex|Leech Seed|p2a: Corviknight
|-start|p2a: Corviknight|move: Leech Seed
|move|p2a: Corviknight|Defog|p1a: Calyrex
|-unboost|p1a: Calyrex|evasion|1
|-sideend|p2: Jelkik-0r|Stealth Rock|[from] move: Defog|[of] p2a: Corviknight
|
|-damage|p2a: Corviknight|88/100|[from] Leech Seed|[of] p1a: Calyrex
|-heal|p1a: Calyrex|94/100 par|[silent]
|upkeep
|turn|41
|
|t:|1620806308
|switch|p2a: Urshifu|Urshifu, M|78/100
|cant|p1a: Calyrex|par
|
|upkeep
|turn|42
|
|t:|1620806318
|move|p2a: Urshifu|Close Combat|p1a: Calyrex
|-immune|p1a: Calyrex
|move|p1a: Calyrex|Leech Seed|p2a: Urshifu
|-start|p2a: Urshifu|move: Leech Seed
|
|-damage|p2a: Urshifu|66/100|[from] Leech Seed|[of] p1a: Calyrex
|-heal|p1a: Calyrex|100/100 par|[silent]
|upkeep
|turn|43
|
|t:|1620806328
|switch|p2a: Blissey|Blissey, F|78/100
|move|p1a: Calyrex|Substitute|p1a: Calyrex
|-start|p1a: Calyrex|Substitute
|-damage|p1a: Calyrex|76/100 par
|
|upkeep
|turn|44
|
|t:|1620806336
|cant|p1a: Calyrex|par
|move|p2a: Blissey|Confide|p1a: Calyrex
|-unboost|p1a: Calyrex|spa|1
|
|upkeep
|turn|45
|
|t:|1620806346
|switch|p2a: Urshifu|Urshifu, M|66/100
|move|p1a: Calyrex|Leech Seed|p2a: Urshifu
|-start|p2a: Urshifu|move: Leech Seed
|
|-damage|p2a: Urshifu|53/100|[from] Leech Seed|[of] p1a: Calyrex
|-heal|p1a: Calyrex|87/100 par|[silent]
|upkeep
|turn|46
|
|t:|1620806362
|move|p2a: Urshifu|Wicked Blow|p1a: Calyrex
|-supereffective|p1a: Calyrex
|-crit|p1a: Calyrex
|-end|p1a: Calyrex|Substitute
|cant|p1a: Calyrex|par
|
|-damage|p2a: Urshifu|41/100|[from] Leech Seed|[of] p1a: Calyrex
|-heal|p1a: Calyrex|99/100 par|[silent]
|upkeep
|turn|47
|inactive|Rell27 has 120 seconds left.
|
|t:|1620806390
|switch|p1a: Eternatus|Eternatus|81/100
|-ability|p1a: Eternatus|Pressure
|move|p2a: Urshifu|Wicked Blow|p1a: Eternatus
|-crit|p1a: Eternatus
|-damage|p1a: Eternatus|0 fnt
|faint|p1a: Eternatus
|
|upkeep
|
|t:|1620806393
|switch|p1a: Yveltal|Yveltal|84/100
|-ability|p1a: Yveltal|Dark Aura
|turn|48
|inactive|Jelkik-0r has 120 seconds left.
|
|t:|1620806407
|switch|p2a: Corviknight|Corviknight, M|88/100
|-ability|p2a: Corviknight|Pressure
|move|p1a: Yveltal|Oblivion Wing|p2a: Corviknight
|-resisted|p2a: Corviknight
|-damage|p2a: Corviknight|64/100
|-heal|p1a: Yveltal|100/100|[from] drain|[of] p2a: Corviknight
|-damage|p1a: Yveltal|91/100|[from] item: Life Orb
|
|upkeep
|turn|49
|inactive|Jelkik-0r has 120 seconds left.
|
|t:|1620806422
|move|p1a: Yveltal|Knock Off|p2a: Corviknight
|-damage|p2a: Corviknight|7/100
|-damage|p1a: Yveltal|74/100|[from] item: Rocky Helmet|[of] p2a: Corviknight
|-enditem|p2a: Corviknight|Rocky Helmet|[from] move: Knock Off|[of] p1a: Yveltal
|-damage|p1a: Yveltal|64/100|[from] item: Life Orb
|move|p2a: Corviknight|Iron Defense|p2a: Corviknight
|-boost|p2a: Corviknight|def|2
|
|upkeep
|turn|50
|inactive|Jelkik-0r has 120 seconds left.
|
|t:|1620806436
|move|p1a: Yveltal|Oblivion Wing|p2a: Corviknight
|-resisted|p2a: Corviknight
|-damage|p2a: Corviknight|0 fnt
|-heal|p1a: Yveltal|69/100|[from] drain|[of] p2a: Corviknight
|faint|p2a: Corviknight
|-damage|p1a: Yveltal|59/100|[from] item: Life Orb
|
|upkeep
|
|t:|1620806456
|switch|p2a: Toxapex|Toxapex, F|100/100
|turn|51
|
|t:|1620806461
|switch|p1a: Calyrex|Calyrex-Shadow|99/100 par
|-ability|p1a: Calyrex|As One
|-ability|p1a: Calyrex|Unnerve
|move|p2a: Toxapex|Baneful Bunker||[still]
|-fail|p2a: Toxapex
|
|upkeep
|turn|52
|
|t:|1620806481
|switch|p2a: Urshifu|Urshifu, M|41/100
|move|p1a: Calyrex|Substitute|p1a: Calyrex
|-start|p1a: Calyrex|Substitute
|-damage|p1a: Calyrex|74/100 par
|
|upkeep
|turn|53
|
|t:|1620806495
|move|p2a: Urshifu|Wicked Blow|p1a: Calyrex
|-supereffective|p1a: Calyrex
|-crit|p1a: Calyrex
|-end|p1a: Calyrex|Substitute
|move|p1a: Calyrex|Astral Barrage|p2a: Urshifu
|-resisted|p2a: Urshifu
|-damage|p2a: Urshifu|0 fnt
|faint|p2a: Urshifu
|-ability|p1a: Calyrex|Grim Neigh|boost
|-boost|p1a: Calyrex|spa|1
|
|upkeep
|
|t:|1620806510
|switch|p2a: Blissey|Blissey, F|78/100
|turn|54
|
|t:|1620806515
|cant|p1a: Calyrex|par
|move|p2a: Blissey|Thunder Wave|p1a: Calyrex
|-fail|p1a: Calyrex|par
|
|upkeep
|turn|55
|
|t:|1620806522
|move|p1a: Calyrex|Psyshock|p2a: Blissey
|-damage|p2a: Blissey|4/100
|move|p2a: Blissey|Confide|p1a: Calyrex
|-unboost|p1a: Calyrex|spa|1
|
|upkeep
|turn|56
|inactive|Jelkik-0r has 120 seconds left.
|
|t:|1620806529
|move|p1a: Calyrex|Psyshock|p2a: Blissey
|-damage|p2a: Blissey|0 fnt
|faint|p2a: Blissey
|-ability|p1a: Calyrex|Grim Neigh|boost
|-boost|p1a: Calyrex|spa|1
|
|upkeep
|inactive|Jelkik-0r has 120 seconds left.
|-message|Jelkik-0r forfeited.
|
|win|Rell27
|raw|Rell27's rating: 1435 &rarr; <strong>1456</strong><br />(+21 for winning)
|raw|Jelkik-0r's rating: 1453 &rarr; <strong>1432</strong><br />(-21 for losing)
|l|☆Jelkik-0r
|l|☆Rell27
|j|☆Rell27
|player|p1|Rell27|1
