|j|☆AmazingMoTest
|j|☆HTezcat04
|player|p1|AmazingMoTest|dragontamer|1552
|player|p2|HTezcat04|plasmagrunt-gen5bw|1459
|teamsize|p1|6
|teamsize|p2|6
|gametype|singles
|gen|8
|tier|[Gen 8] Ubers
|rated|
|clearpoke
|poke|p1|Zamazenta-Crowned|
|poke|p1|Arcanine, M|
|poke|p1|Eternatus|
|poke|p1|Golurk|
|poke|p1|Corviknight, M|
|poke|p1|Hydreigon, F|
|poke|p2|Necrozma-Dusk-Mane|
|poke|p2|Marshadow|
|poke|p2|Zekrom|
|poke|p2|Ditto|
|poke|p2|Zacian-Crowned|
|poke|p2|Tyranitar, F|
|rule|Sleep Clause Mod: Limit one foe put to sleep
|rule|Species Clause: Limit one of each Pokémon
|rule|OHKO Clause: OHKO moves are banned
|rule|Evasion Moves Clause: Evasion moves are banned
|rule|Endless Battle Clause: Forcing endless battles is banned
|rule|HP Percentage Mod: HP is shown in percentages
|html|Ubers Dynamax Clause: Pokémon on the <a href="https://www.smogon.com/dex/ss/formats/uber/">Ubers Dynamax Banlist</a> cannot Dynamax.
|teampreview
|inactive|Battle timer is ON: inactive players will automatically lose when time's up. (requested by HTezcat04)
|c|☆AmazingMoTest|Hf im gonna lose my team sucks
|
|start
|switch|p1a: Golurk|Golurk|100/100
|switch|p2a: Illoilloillo|Zacian-Crowned|100/100
|-ability|p2a: Illoilloillo|Intrepid Sword|boost
|-boost|p2a: Illoilloillo|atk|1
|turn|1
|c|☆HTezcat04|Gl hf
|
|switch|p1a: Arcanine|Arcanine, M|100/100
|-ability|p1a: Arcanine|Intimidate|boost
|-unboost|p2a: Illoilloillo|atk|1
|move|p2a: Illoilloillo|Protect||[still]
|-fail|p2a: Illoilloillo
|
|upkeep
|turn|2
|
|switch|p2a: Er mehó|Zekrom|100/100
|-ability|p2a: Er mehó|Teravolt
|move|p1a: Arcanine|Teleport|p1a: Arcanine
|
|switch|p1a: Golurk|Golurk|100/100|[from]move: Teleport
|
|upkeep
|turn|3
|
|move|p2a: Er mehó|Substitute|p2a: Er mehó
|-start|p2a: Er mehó|Substitute
|-damage|p2a: Er mehó|76/100
|move|p1a: Golurk|Trick||[still]
|-fail|p1a: Golurk
|
|-heal|p2a: Er mehó|82/100|[from] item: Leftovers
|upkeep
|turn|4
|
|move|p2a: Er mehó|Dragon Claw|p1a: Golurk
|-damage|p1a: Golurk|50/100
|move|p1a: Golurk|Earthquake|p2a: Er mehó
|-supereffective|p2a: Er mehó
|-end|p2a: Er mehó|Substitute
|
|-heal|p2a: Er mehó|88/100|[from] item: Leftovers
|upkeep
|turn|5
|
|switch|p1a: Arcanine|Arcanine, M|100/100
|-ability|p1a: Arcanine|Intimidate|boost
|-unboost|p2a: Er mehó|atk|1
|move|p2a: Er mehó|Dragon Claw|p1a: Arcanine
|-damage|p1a: Arcanine|74/100
|
|-heal|p2a: Er mehó|94/100|[from] item: Leftovers
|upkeep
|turn|6
|
|switch|p2a: Manolo Pérez|Tyranitar, F|100/100
|-weather|Sandstorm|[from] ability: Sand Stream|[of] p2a: Manolo Pérez
|move|p1a: Arcanine|Will-O-Wisp|p2a: Manolo Pérez
|-status|p2a: Manolo Pérez|brn
|
|-weather|Sandstorm|[upkeep]
|-damage|p1a: Arcanine|68/100|[from] Sandstorm
|-damage|p2a: Manolo Pérez|94/100 brn|[from] brn
|upkeep
|turn|7
|
|switch|p1a: Golurk|Golurk|50/100
|move|p2a: Manolo Pérez|Stealth Rock|p1a: Golurk
|-sidestart|p1: AmazingMoTest|move: Stealth Rock
|
|-weather|Sandstorm|[upkeep]
|-damage|p2a: Manolo Pérez|88/100 brn|[from] brn
|upkeep
|turn|8
|
|move|p2a: Manolo Pérez|Toxic|p1a: Golurk
|-status|p1a: Golurk|tox
|move|p1a: Golurk|Stealth Rock|p2a: Manolo Pérez
|-sidestart|p2: HTezcat04|move: Stealth Rock
|
|-weather|Sandstorm|[upkeep]
|-damage|p2a: Manolo Pérez|82/100 brn|[from] brn
|-damage|p1a: Golurk|44/100 tox|[from] psn
|upkeep
|turn|9
|
|move|p2a: Manolo Pérez|Rest|p2a: Manolo Pérez
|-status|p2a: Manolo Pérez|slp|[from] move: Rest
|-heal|p2a: Manolo Pérez|100/100 slp|[silent]
|move|p1a: Golurk|Trick|p2a: Manolo Pérez
|-activate|p1a: Golurk|move: Trick|[of] p2a: Manolo Pérez
|-item|p2a: Manolo Pérez|Lagging Tail|[from] move: Trick
|-item|p1a: Golurk|Chople Berry|[from] move: Trick
|
|-weather|Sandstorm|[upkeep]
|-damage|p1a: Golurk|32/100 tox|[from] psn
|upkeep
|turn|10
|
|move|p1a: Golurk|Earthquake|p2a: Manolo Pérez
|-supereffective|p2a: Manolo Pérez
|-damage|p2a: Manolo Pérez|19/100 slp
|cant|p2a: Manolo Pérez|slp
|
|-weather|none
|-damage|p1a: Golurk|14/100 tox|[from] psn
|upkeep
|turn|11
|
|-start|p2a: Manolo Pérez|Dynamax
|-heal|p2a: Manolo Pérez|19/100 slp|[silent]
|move|p1a: Golurk|Shadow Punch|p2a: Manolo Pérez
|-resisted|p2a: Manolo Pérez
|-damage|p2a: Manolo Pérez|11/100 slp
|cant|p2a: Manolo Pérez|slp
|
|-damage|p1a: Golurk|0 fnt|[from] psn
|faint|p1a: Golurk
|upkeep
|
|switch|p1a: Zamazenta|Zamazenta-Crowned|100/100
|-damage|p1a: Zamazenta|97/100|[from] Stealth Rock
|-ability|p1a: Zamazenta|Dauntless Shield|boost
|-boost|p1a: Zamazenta|def|1
|turn|12
|
|move|p1a: Zamazenta|Behemoth Bash|p2a: Manolo Pérez
|-supereffective|p2a: Manolo Pérez
|-damage|p2a: Manolo Pérez|0 fnt
|faint|p2a: Manolo Pérez
|
|upkeep
|
|switch|p2a: Juan Ramírez|Necrozma-Dusk-Mane|100/100
|-damage|p2a: Juan Ramírez|94/100|[from] Stealth Rock
|turn|13
|
|move|p1a: Zamazenta|Howl|p1a: Zamazenta
|-boost|p1a: Zamazenta|atk|1
|move|p2a: Juan Ramírez|Dragon Dance|p2a: Juan Ramírez
|-boost|p2a: Juan Ramírez|atk|1
|-boost|p2a: Juan Ramírez|spe|1
|
|upkeep
|turn|14
|
|move|p1a: Zamazenta|Close Combat|p2a: Juan Ramírez
|-damage|p2a: Juan Ramírez|44/100
|-unboost|p1a: Zamazenta|def|1
|-unboost|p1a: Zamazenta|spd|1
|move|p2a: Juan Ramírez|Dragon Dance|p2a: Juan Ramírez
|-boost|p2a: Juan Ramírez|atk|1
|-boost|p2a: Juan Ramírez|spe|1
|
|upkeep
|turn|15
|
|move|p2a: Juan Ramírez|Moonlight|p2a: Juan Ramírez
|-heal|p2a: Juan Ramírez|94/100
|move|p1a: Zamazenta|Close Combat|p2a: Juan Ramírez
|-damage|p2a: Juan Ramírez|41/100
|-unboost|p1a: Zamazenta|def|1
|-unboost|p1a: Zamazenta|spd|1
|
|upkeep
|turn|16
|
|move|p2a: Juan Ramírez|Moonlight|p2a: Juan Ramírez
|-heal|p2a: Juan Ramírez|90/100
|move|p1a: Zamazenta|Howl|p1a: Zamazenta
|-boost|p1a: Zamazenta|atk|1
|
|upkeep
|turn|17
|
|move|p2a: Juan Ramírez|Earthquake|p1a: Zamazenta
|-supereffective|p1a: Zamazenta
|-damage|p1a: Zamazenta|0 fnt
|faint|p1a: Zamazenta
|
|upkeep
|
|switch|p1a: Arcanine|Arcanine, M|68/100
|-ability|p1a: Arcanine|Intimidate|boost
|-unboost|p2a: Juan Ramírez|atk|1
|turn|18
|
|move|p2a: Juan Ramírez|Earthquake|p1a: Arcanine
|-supereffective|p1a: Arcanine
|-damage|p1a: Arcanine|0 fnt
|faint|p1a: Arcanine
|
|upkeep
|
|switch|p1a: Corviknight|Corviknight, M|100/100
|-damage|p1a: Corviknight|88/100|[from] Stealth Rock
|-ability|p1a: Corviknight|Pressure
|turn|19
|
|move|p2a: Juan Ramírez|Dragon Dance|p2a: Juan Ramírez
|-boost|p2a: Juan Ramírez|atk|1
|-boost|p2a: Juan Ramírez|spe|1
|move|p1a: Corviknight|Iron Defense|p1a: Corviknight
|-boost|p1a: Corviknight|def|2
|
|upkeep
|turn|20
|
|move|p2a: Juan Ramírez|Dragon Dance|p2a: Juan Ramírez
|-boost|p2a: Juan Ramírez|atk|1
|-boost|p2a: Juan Ramírez|spe|1
|move|p1a: Corviknight|Iron Defense|p1a: Corviknight
|-boost|p1a: Corviknight|def|2
|
|upkeep
|turn|21
|
|move|p2a: Juan Ramírez|Dragon Dance|p2a: Juan Ramírez
|-boost|p2a: Juan Ramírez|atk|1
|-boost|p2a: Juan Ramírez|spe|1
|move|p1a: Corviknight|Iron Defense|p1a: Corviknight
|-boost|p1a: Corviknight|def|2
|
|upkeep
|turn|22
|
|-start|p1a: Corviknight|Dynamax
|-heal|p1a: Corviknight|88/100|[silent]
|move|p2a: Juan Ramírez|Sunsteel Strike|p1a: Corviknight
|-resisted|p1a: Corviknight
|-damage|p1a: Corviknight|82/100
|-damage|p2a: Juan Ramírez|74/100|[from] item: Rocky Helmet|[of] p1a: Corviknight
|move|p1a: Corviknight|Max Airstream|p2a: Juan Ramírez
|-resisted|p2a: Juan Ramírez
|-damage|p2a: Juan Ramírez|62/100
|-boost|p1a: Corviknight|spe|1
|
|upkeep
|turn|23
|
|move|p2a: Juan Ramírez|Dragon Dance|p2a: Juan Ramírez
|-boost|p2a: Juan Ramírez|atk|1
|-boost|p2a: Juan Ramírez|spe|1
|move|p1a: Corviknight|Max Airstream|p2a: Juan Ramírez
|-resisted|p2a: Juan Ramírez
|-damage|p2a: Juan Ramírez|50/100
|-boost|p1a: Corviknight|spe|1
|
|upkeep
|turn|24
|
|move|p2a: Juan Ramírez|Dragon Dance|p2a: Juan Ramírez
|-boost|p2a: Juan Ramírez|atk|1
|-boost|p2a: Juan Ramírez|spe|0
|move|p1a: Corviknight|Max Airstream|p2a: Juan Ramírez
|-resisted|p2a: Juan Ramírez
|-damage|p2a: Juan Ramírez|38/100
|-boost|p1a: Corviknight|spe|1
|
|-end|p1a: Corviknight|Dynamax
|-heal|p1a: Corviknight|82/100|[silent]
|upkeep
|turn|25
|
|move|p2a: Juan Ramírez|Moonlight|p2a: Juan Ramírez
|-heal|p2a: Juan Ramírez|88/100
|move|p1a: Corviknight|Body Press|p2a: Juan Ramírez
|-damage|p2a: Juan Ramírez|37/100
|
|upkeep
|turn|26
|
|move|p2a: Juan Ramírez|Moonlight|p2a: Juan Ramírez
|-heal|p2a: Juan Ramírez|86/100
|move|p1a: Corviknight|Body Press|p2a: Juan Ramírez
|-damage|p2a: Juan Ramírez|26/100
|
|upkeep
|turn|27
|
|move|p2a: Juan Ramírez|Moonlight|p2a: Juan Ramírez
|-heal|p2a: Juan Ramírez|76/100
|move|p1a: Corviknight|Body Press|p2a: Juan Ramírez
|-crit|p2a: Juan Ramírez
|-damage|p2a: Juan Ramírez|0 fnt
|faint|p2a: Juan Ramírez
|
|upkeep
|
|switch|p2a: Javier Sarda|Marshadow|100/100
|-damage|p2a: Javier Sarda|94/100|[from] Stealth Rock
|turn|28
|
|move|p1a: Corviknight|Brave Bird|p2a: Javier Sarda
|-supereffective|p2a: Javier Sarda
|-damage|p2a: Javier Sarda|0 fnt
|-damage|p1a: Corviknight|57/100|[from] Recoil
|faint|p2a: Javier Sarda
|
|upkeep
|
|switch|p2a: Antonio Sánchez|Ditto|100/100
|-damage|p2a: Antonio Sánchez|88/100|[from] Stealth Rock
|-transform|p2a: Antonio Sánchez|p1a: Corviknight|[from] ability: Imposter
|-ability|p2a: Antonio Sánchez|Pressure
|turn|29
|
|move|p2a: Antonio Sánchez|Body Press|p1a: Corviknight
|-damage|p1a: Corviknight|41/100
|-damage|p2a: Antonio Sánchez|71/100|[from] item: Rocky Helmet|[of] p1a: Corviknight
|move|p1a: Corviknight|Roost|p1a: Corviknight
|-heal|p1a: Corviknight|91/100
|-singleturn|p1a: Corviknight|move: Roost
|
|upkeep
|turn|30
|
|move|p2a: Antonio Sánchez|Body Press|p1a: Corviknight
|-damage|p1a: Corviknight|75/100
|-damage|p2a: Antonio Sánchez|55/100|[from] item: Rocky Helmet|[of] p1a: Corviknight
|move|p1a: Corviknight|Body Press|p2a: Antonio Sánchez
|-damage|p2a: Antonio Sánchez|35/100
|
|upkeep
|turn|31
|
|move|p2a: Antonio Sánchez|Body Press|p1a: Corviknight
|-damage|p1a: Corviknight|58/100
|-damage|p2a: Antonio Sánchez|18/100|[from] item: Rocky Helmet|[of] p1a: Corviknight
|move|p1a: Corviknight|Roost|p1a: Corviknight
|-heal|p1a: Corviknight|100/100
|-singleturn|p1a: Corviknight|move: Roost
|
|upkeep
|turn|32
|
|-activate|p2a: Antonio Sánchez|move: Struggle
|move|p2a: Antonio Sánchez|Struggle|p1a: Corviknight
|-damage|p1a: Corviknight|99/100
|-damage|p2a: Antonio Sánchez|2/100|[from] item: Rocky Helmet|[of] p1a: Corviknight
|-damage|p2a: Antonio Sánchez|0 fnt|[from] recoil
|faint|p2a: Antonio Sánchez
|move|p1a: Corviknight|Roost|p1a: Corviknight
|-heal|p1a: Corviknight|100/100
|-singleturn|p1a: Corviknight|move: Roost
|
|upkeep
|-message|HTezcat04 forfeited.
|
|win|AmazingMoTest
|l|☆HTezcat04
