|raw|<div class="broadcast-blue"><strong>This battle is required to be public due to a player having a name starting with 'ult9ns'.</div>
|j|☆bald ben
|j|☆ULT9NS Cursed
|t:|1653829338
|gametype|singles
|player|p1|bald ben|ninjaboy|1573
|player|p2|ULT9NS Cursed|lucas|1630
|teamsize|p1|6
|teamsize|p2|6
|gen|8
|tier|[Gen 8] Ubers
|rated|
|rule|Sleep Clause Mod: Limit one foe put to sleep
|rule|Species Clause: Limit one of each Pokémon
|rule|OHKO Clause: OHKO moves are banned
|rule|Evasion Moves Clause: Evasion moves are banned
|rule|Endless Battle Clause: Forcing endless battles is banned
|rule|HP Percentage Mod: HP is shown in percentages
|rule|Dynamax Clause: You cannot dynamax
|clearpoke
|poke|p1|Slurpuff, F|
|poke|p1|Yveltal|
|poke|p1|Calyrex-Shadow|
|poke|p1|Necrozma-Dusk-Mane|
|poke|p1|Landorus, M|
|poke|p1|Eternatus|
|poke|p2|Shuckle, M|
|poke|p2|Weavile, F|
|poke|p2|Yveltal|
|poke|p2|Calyrex-Shadow|
|poke|p2|Necrozma-Dusk-Mane|
|poke|p2|Groudon|
|teampreview
|inactive|Battle timer is ON: inactive players will automatically lose when time's up. (requested by ULT9NS Cursed)
|inactive|bald ben also wants the timer to be on.
|
|t:|1653829345
|start
|switch|p1a: Necrozma|Necrozma-Dusk-Mane|100/100
|switch|p2a: Yveltal|Yveltal|100/100
|-ability|p2a: Yveltal|Dark Aura
|turn|1
|
|t:|1653829348
|switch|p1a: Slurpuff|Slurpuff, F|100/100
|move|p2a: Yveltal|Dark Pulse|p1a: Slurpuff
|-resisted|p1a: Slurpuff
|-damage|p1a: Slurpuff|37/100
|-damage|p2a: Yveltal|91/100|[from] item: Life Orb
|
|upkeep
|turn|2
|
|t:|1653829353
|switch|p1a: Eternatus|Eternatus|100/100
|-ability|p1a: Eternatus|Pressure
|move|p2a: Yveltal|Oblivion Wing|p1a: Eternatus
|-damage|p1a: Eternatus|58/100
|-heal|p2a: Yveltal|100/100|[from] drain|[of] p1a: Eternatus
|-damage|p2a: Yveltal|91/100|[from] item: Life Orb
|
|upkeep
|turn|3
|
|t:|1653829360
|switch|p2a: Shuckle|Shuckle, M|100/100
|move|p1a: Eternatus|Meteor Beam||[still]
|-prepare|p1a: Eternatus|Meteor Beam
|-boost|p1a: Eternatus|spa|1
|-enditem|p1a: Eternatus|Power Herb
|-anim|p1a: Eternatus|Meteor Beam|p2a: Shuckle
|-supereffective|p2a: Shuckle
|-damage|p2a: Shuckle|1/100
|-enditem|p2a: Shuckle|Red Card|[of] p1a: Eternatus
|drag|p1a: Necrozma|Necrozma-Dusk-Mane|100/100
|
|upkeep
|turn|4
|
|t:|1653829365
|move|p1a: Necrozma|Sunsteel Strike|p2a: Shuckle
|-supereffective|p2a: Shuckle
|-damage|p2a: Shuckle|0 fnt
|faint|p2a: Shuckle
|-damage|p1a: Necrozma|91/100|[from] item: Life Orb
|
|upkeep
|
|t:|1653829372
|switch|p2a: Yveltal|Yveltal|91/100
|-ability|p2a: Yveltal|Dark Aura
|turn|5
|
|t:|1653829374
|move|p2a: Yveltal|Dark Pulse|p1a: Necrozma
|-supereffective|p1a: Necrozma
|-damage|p1a: Necrozma|0 fnt
|faint|p1a: Necrozma
|-damage|p2a: Yveltal|81/100|[from] item: Life Orb
|
|upkeep
|
|t:|1653829381
|switch|p1a: Landorus|Landorus, M|100/100
|turn|6
|
|t:|1653829405
|switch|p2a: Weavile|Weavile, F|100/100
|-ability|p2a: Weavile|Pressure
|move|p1a: Landorus|Stealth Rock|p2a: Weavile
|-sidestart|p2: ULT9NS Cursed|move: Stealth Rock
|
|upkeep
|turn|7
|j| Raiden Mei
|
|t:|1653829415
|move|p2a: Weavile|Triple Axel|p1a: Landorus|[miss]
|-miss|p2a: Weavile|p1a: Landorus
|move|p1a: Landorus|Earth Power|p2a: Weavile
|-enditem|p2a: Weavile|Focus Sash
|-damage|p2a: Weavile|1/100
|
|upkeep
|turn|8
|j| skimmythegod
|
|t:|1653829418
|switch|p1a: Slurpuff|Slurpuff, F|37/100
|move|p2a: Weavile|Triple Axel|p1a: Slurpuff
|-damage|p1a: Slurpuff|17/100
|-damage|p1a: Slurpuff|0 fnt
|faint|p1a: Slurpuff
|-hitcount|p1: Slurpuff|2
|
|upkeep
|
|t:|1653829420
|switch|p1a: Eternatus|Eternatus|58/100
|-ability|p1a: Eternatus|Pressure
|turn|9
|
|t:|1653829423
|move|p2a: Weavile|Ice Shard|p1a: Eternatus
|-supereffective|p1a: Eternatus
|-damage|p1a: Eternatus|19/100
|move|p1a: Eternatus|Flamethrower|p2a: Weavile
|-supereffective|p2a: Weavile
|-damage|p2a: Weavile|0 fnt
|faint|p2a: Weavile
|
|upkeep
|
|t:|1653829431
|switch|p2a: Necrozma|Necrozma-Dusk-Mane|100/100
|-damage|p2a: Necrozma|94/100|[from] Stealth Rock
|turn|10
|
|t:|1653829434
|move|p1a: Eternatus|Flamethrower|p2a: Necrozma
|-supereffective|p2a: Necrozma
|-damage|p2a: Necrozma|38/100
|move|p2a: Necrozma|Sunsteel Strike|p1a: Eternatus
|-crit|p1a: Eternatus
|-damage|p1a: Eternatus|0 fnt
|faint|p1a: Eternatus
|-damage|p2a: Necrozma|29/100|[from] item: Life Orb
|
|upkeep
|
|t:|1653829436
|switch|p1a: Landorus|Landorus, M|100/100
|turn|11
|j| Lasen
|
|t:|1653829439
|move|p1a: Landorus|Earth Power|p2a: Necrozma
|-supereffective|p2a: Necrozma
|-damage|p2a: Necrozma|0 fnt
|faint|p2a: Necrozma
|
|upkeep
|
|t:|1653829442
|switch|p2a: Calyrex|Calyrex-Shadow|100/100
|-ability|p2a: Calyrex|As One
|-ability|p2a: Calyrex|Unnerve
|-damage|p2a: Calyrex|88/100|[from] Stealth Rock
|turn|12
|
|t:|1653829445
|switch|p1a: Yveltal|Yveltal|100/100
|-ability|p1a: Yveltal|Dark Aura
|move|p2a: Calyrex|Astral Barrage|p1a: Yveltal
|-resisted|p1a: Yveltal
|-damage|p1a: Yveltal|68/100
|
|upkeep
|turn|13
|j| cr85yeax
|
|t:|1653829448
|switch|p2a: Yveltal|Yveltal|81/100
|-damage|p2a: Yveltal|56/100|[from] Stealth Rock
|-ability|p2a: Yveltal|Dark Aura
|move|p1a: Yveltal|Sucker Punch||[still]
|-fail|p1a: Yveltal
|
|upkeep
|turn|14
|
|t:|1653829454
|move|p2a: Yveltal|Oblivion Wing|p1a: Yveltal
|-damage|p1a: Yveltal|22/100
|-heal|p2a: Yveltal|90/100|[from] drain|[of] p1a: Yveltal
|-damage|p2a: Yveltal|81/100|[from] item: Life Orb
|move|p1a: Yveltal|Knock Off|p2a: Yveltal
|-resisted|p2a: Yveltal
|-damage|p2a: Yveltal|49/100
|-enditem|p2a: Yveltal|Life Orb|[from] move: Knock Off|[of] p1a: Yveltal
|
|upkeep
|turn|15
|j|+AM
|
|t:|1653829458
|switch|p1a: Landorus|Landorus, M|100/100
|move|p2a: Yveltal|Oblivion Wing|p1a: Landorus
|-damage|p1a: Landorus|48/100
|-heal|p2a: Yveltal|81/100|[from] drain|[of] p1a: Landorus
|
|upkeep
|turn|16
|
|t:|1653829460
|move|p2a: Yveltal|Sucker Punch|p1a: Landorus
|-damage|p1a: Landorus|0 fnt
|faint|p1a: Landorus
|
|upkeep
|c|☆bald ben|ggg
|-message|bald ben forfeited.
|
|win|ULT9NS Cursed
|raw|bald ben's rating: 1573 &rarr; <strong>1557</strong><br />(-16 for losing)
|raw|ULT9NS Cursed's rating: 1637 &rarr; <strong>1653</strong><br />(+16 for winning)
|l|☆bald ben
|c|☆ULT9NS Cursed|gg bro
|l| skimmythegod
|l|☆ULT9NS Cursed
|l| cr85yeax
|l|+AM
