|j|☆killer whale squa
|j|☆albertoca
|player|p1|killer whale squa|216|1462
|player|p2|albertoca|steven|1386
|teamsize|p1|6
|teamsize|p2|6
|gametype|singles
|gen|8
|tier|[Gen 8] Ubers
|rated|
|clearpoke
|poke|p1|Zacian-Crowned|
|poke|p1|Mewtwo|
|poke|p1|Necrozma-Dusk-Mane|
|poke|p1|Tyranitar, M|
|poke|p1|Corviknight, F|
|poke|p1|Marshadow|
|poke|p2|Ferrothorn, M|
|poke|p2|Corviknight, M|
|poke|p2|Aegislash, M|
|poke|p2|Excadrill, M|
|poke|p2|Bronzong|
|poke|p2|Copperajah, M|
|rule|Sleep Clause Mod: Limit one foe put to sleep
|rule|Species Clause: Limit one of each Pokémon
|rule|OHKO Clause: OHKO moves are banned
|rule|Evasion Moves Clause: Evasion moves are banned
|rule|Endless Battle Clause: Forcing endless battles is banned
|rule|HP Percentage Mod: HP is shown in percentages
|teampreview
|
|start
|switch|p1a: Corviknight|Corviknight, F|100/100
|switch|p2a: Ferrothorn|Ferrothorn, M|100/100
|-ability|p1a: Corviknight|Pressure
|turn|1
|
|move|p1a: Corviknight|Body Press|p2a: Ferrothorn
|-supereffective|p2a: Ferrothorn
|-damage|p2a: Ferrothorn|70/100
|-damage|p1a: Corviknight|88/100|[from] ability: Iron Barbs|[of] p2a: Ferrothorn
|-damage|p1a: Corviknight|71/100|[from] item: Rocky Helmet|[of] p2a: Ferrothorn
|move|p2a: Ferrothorn|Leech Seed|p1a: Corviknight
|-start|p1a: Corviknight|move: Leech Seed
|
|-damage|p1a: Corviknight|59/100|[from] Leech Seed|[of] p2a: Ferrothorn
|-heal|p2a: Ferrothorn|84/100|[silent]
|upkeep
|turn|2
|
|move|p1a: Corviknight|Roost|p1a: Corviknight
|-heal|p1a: Corviknight|100/100
|-singleturn|p1a: Corviknight|move: Roost
|move|p2a: Ferrothorn|Spikes|p1a: Corviknight
|-sidestart|p1: killer whale squa|Spikes
|
|-damage|p1a: Corviknight|88/100|[from] Leech Seed|[of] p2a: Ferrothorn
|-heal|p2a: Ferrothorn|98/100|[silent]
|upkeep
|turn|3
|
|move|p1a: Corviknight|Defog|p2a: Ferrothorn
|-unboost|p2a: Ferrothorn|evasion|1
|-sideend|p1: killer whale squa|Spikes|[from] move: Defog|[of] p1a: Corviknight
|move|p2a: Ferrothorn|Knock Off|p1a: Corviknight
|-damage|p1a: Corviknight|76/100
|-enditem|p1a: Corviknight|Shed Shell|[from] move: Knock Off|[of] p2a: Ferrothorn
|
|-damage|p1a: Corviknight|63/100|[from] Leech Seed|[of] p2a: Ferrothorn
|-heal|p2a: Ferrothorn|100/100|[silent]
|upkeep
|turn|4
|
|switch|p1a: Mewtwo|Mewtwo|100/100
|-ability|p1a: Mewtwo|Pressure
|move|p2a: Ferrothorn|Spikes|p1a: Mewtwo
|-sidestart|p1: killer whale squa|Spikes
|
|upkeep
|turn|5
|
|move|p1a: Mewtwo|Nasty Plot|p1a: Mewtwo
|-boost|p1a: Mewtwo|spa|2
|move|p2a: Ferrothorn|Knock Off|p1a: Mewtwo
|-supereffective|p1a: Mewtwo
|-damage|p1a: Mewtwo|57/100
|-enditem|p1a: Mewtwo|Life Orb|[from] move: Knock Off|[of] p2a: Ferrothorn
|
|upkeep
|turn|6
|
|move|p2a: Ferrothorn|Protect|p2a: Ferrothorn
|-singleturn|p2a: Ferrothorn|Protect
|move|p1a: Mewtwo|Fire Blast|p2a: Ferrothorn
|-activate|p2a: Ferrothorn|move: Protect
|
|upkeep
|turn|7
|
|move|p1a: Mewtwo|Fire Blast|p2a: Ferrothorn
|-supereffective|p2a: Ferrothorn
|-damage|p2a: Ferrothorn|0 fnt
|faint|p2a: Ferrothorn
|
|upkeep
|
|switch|p2a: Excadrill|Excadrill, M|100/100
|-ability|p2a: Excadrill|Mold Breaker
|turn|8
|
|-start|p1a: Mewtwo|Dynamax
|-heal|p1a: Mewtwo|57/100|[silent]
|move|p2a: Excadrill|Earthquake|p1a: Mewtwo
|-damage|p1a: Mewtwo|27/100
|move|p1a: Mewtwo|Max Mindstorm|p2a: Excadrill
|-resisted|p2a: Excadrill
|-damage|p2a: Excadrill|4/100
|-fieldstart|move: Psychic Terrain
|
|upkeep
|turn|9
|inactive|Battle timer is ON: inactive players will automatically lose when time's up. (requested by albertoca)
|
|-end|p1a: Mewtwo|Dynamax
|-heal|p1a: Mewtwo|27/100|[silent]
|switch|p1a: Corviknight|Corviknight, F|63/100
|-ability|p1a: Corviknight|Pressure
|move|p2a: Excadrill|Earthquake|p1a: Corviknight
|-immune|p1a: Corviknight
|
|upkeep
|turn|10
|
|switch|p2a: Corviknight|Corviknight, M|100/100
|-ability|p2a: Corviknight|Pressure
|move|p1a: Corviknight|Roost|p1a: Corviknight
|-heal|p1a: Corviknight|100/100
|-singleturn|p1a: Corviknight|move: Roost
|
|upkeep
|turn|11
|
|switch|p1a: Tyranitar|Tyranitar, M|100/100
|-damage|p1a: Tyranitar|88/100|[from] Spikes
|-weather|Sandstorm|[from] ability: Sand Stream|[of] p1a: Tyranitar
|move|p2a: Corviknight|Iron Defense|p2a: Corviknight
|-boost|p2a: Corviknight|def|2
|
|-weather|Sandstorm|[upkeep]
|upkeep
|turn|12
|
|move|p2a: Corviknight|Body Press|p1a: Tyranitar
|-supereffective|p1a: Tyranitar
|-enditem|p1a: Tyranitar|Chople Berry|[eat]
|-enditem|p1a: Tyranitar|Chople Berry|[weaken]
|-damage|p1a: Tyranitar|31/100
|move|p1a: Tyranitar|Thunder Wave|p2a: Corviknight
|-status|p2a: Corviknight|par
|
|-weather|Sandstorm|[upkeep]
|-fieldend|move: Psychic Terrain
|upkeep
|turn|13
|
|switch|p1a: Zacian|Zacian-Crowned|100/100
|-damage|p1a: Zacian|88/100|[from] Spikes
|-ability|p1a: Zacian|Intrepid Sword|boost
|-boost|p1a: Zacian|atk|1
|move|p2a: Corviknight|Body Press|p1a: Zacian
|-damage|p1a: Zacian|52/100
|
|-weather|Sandstorm|[upkeep]
|upkeep
|turn|14
|
|move|p1a: Zacian|Fire Fang|p2a: Corviknight
|-supereffective|p2a: Corviknight
|-damage|p2a: Corviknight|64/100 par
|move|p2a: Corviknight|Body Press|p1a: Zacian
|-damage|p1a: Zacian|19/100
|
|-weather|Sandstorm|[upkeep]
|-heal|p2a: Corviknight|71/100 par|[from] item: Leftovers
|upkeep
|turn|15
|
|move|p1a: Zacian|Fire Fang|p2a: Corviknight
|-supereffective|p2a: Corviknight
|-damage|p2a: Corviknight|39/100 par
|move|p2a: Corviknight|Body Press|p1a: Zacian
|-damage|p1a: Zacian|0 fnt
|faint|p1a: Zacian
|
|-weather|none
|-heal|p2a: Corviknight|45/100 par|[from] item: Leftovers
|upkeep
|
|switch|p1a: Mewtwo|Mewtwo|27/100
|-damage|p1a: Mewtwo|15/100|[from] Spikes
|-ability|p1a: Mewtwo|Pressure
|turn|16
|
|move|p1a: Mewtwo|Fire Blast|p2a: Corviknight|[miss]
|-miss|p1a: Mewtwo|p2a: Corviknight
|move|p2a: Corviknight|Body Press|p1a: Mewtwo
|-resisted|p1a: Mewtwo
|-damage|p1a: Mewtwo|0 fnt
|faint|p1a: Mewtwo
|
|-heal|p2a: Corviknight|52/100 par|[from] item: Leftovers
|upkeep
|
|switch|p1a: Marshadow|Marshadow|100/100
|-damage|p1a: Marshadow|88/100|[from] Spikes
|turn|17
|inactive|albertoca has 120 seconds left.
|
|switch|p2a: Excadrill|Excadrill, M|4/100
|-ability|p2a: Excadrill|Mold Breaker
|move|p1a: Marshadow|Spectral Thief|p2a: Excadrill
|-damage|p2a: Excadrill|0 fnt
|faint|p2a: Excadrill
|
|upkeep
|
|switch|p2a: Aegislash|Aegislash, M, shiny|100/100
|turn|18
|inactive|albertoca has 120 seconds left.
|
|switch|p1a: Corviknight|Corviknight, F|100/100
|-ability|p1a: Corviknight|Pressure
|-formechange|p2a: Aegislash|Aegislash-Blade||[from] ability: Stance Change
|move|p2a: Aegislash|Shadow Sneak|p1a: Corviknight
|-damage|p1a: Corviknight|83/100
|-damage|p2a: Aegislash|91/100|[from] item: Life Orb
|
|upkeep
|turn|19
|inactive|albertoca has 120 seconds left.
|
|switch|p2a: Bronzong|Bronzong|100/100
|move|p1a: Corviknight|Iron Defense|p1a: Corviknight
|-boost|p1a: Corviknight|def|2
|
|upkeep
|turn|20
|
|switch|p1a: Necrozma|Necrozma-Dusk-Mane|100/100
|-damage|p1a: Necrozma|88/100|[from] Spikes
|move|p2a: Bronzong|Trick Room|p2a: Bronzong
|-fieldstart|move: Trick Room|[of] p2a: Bronzong
|
|-heal|p1a: Necrozma|94/100|[from] item: Leftovers
|upkeep
|turn|21
|inactive|albertoca has 120 seconds left.
|
|switch|p2a: Copperajah|Copperajah, M|100/100
|move|p1a: Necrozma|Dragon Dance|p1a: Necrozma
|-boost|p1a: Necrozma|atk|1
|-boost|p1a: Necrozma|spe|1
|
|-heal|p1a: Necrozma|100/100|[from] item: Leftovers
|upkeep
|turn|22
|
|-start|p2a: Copperajah|Dynamax
|-formechange|p2a: Copperajah|Copperajah-Gmax
|-heal|p2a: Copperajah|100/100|[silent]
|move|p2a: Copperajah|Max Flare|p1a: Necrozma
|-supereffective|p1a: Necrozma
|-damage|p1a: Necrozma|56/100
|-weather|SunnyDay
|move|p1a: Necrozma|Earthquake|p2a: Copperajah
|-supereffective|p2a: Copperajah
|-crit|p2a: Copperajah
|-damage|p2a: Copperajah|16/100
|
|-weather|SunnyDay|[upkeep]
|-heal|p1a: Necrozma|63/100|[from] item: Leftovers
|upkeep
|turn|23
|
|move|p2a: Copperajah|Max Flare|p1a: Necrozma
|-supereffective|p1a: Necrozma
|-damage|p1a: Necrozma|3/100
|move|p1a: Necrozma|Morning Sun|p1a: Necrozma
|-heal|p1a: Necrozma|69/100
|
|-weather|SunnyDay|[upkeep]
|-heal|p1a: Necrozma|75/100|[from] item: Leftovers
|upkeep
|turn|24
|-message|albertoca forfeited.
|
|win|killer whale squa
|l|☆albertoca
|raw|killer whale squa's rating: 1462 &rarr; <strong>1476</strong><br />(+14 for winning)
|raw|albertoca's rating: 1364 &rarr; <strong>1350</strong><br />(-14 for losing)
|l|☆killer whale squa
|j|☆killer whale squa
|player|p1|killer whale squa|216
