|j|☆Colsifer
|j|☆Kage UwU
|t:|1651433546
|gametype|singles
|player|p1|Colsifer|psychicf-gen4|1150
|player|p2|Kage UwU|101|1220
|teamsize|p1|6
|teamsize|p2|6
|gen|8
|tier|[Gen 8] Ubers
|rated|
|rule|Sleep Clause Mod: Limit one foe put to sleep
|rule|Species Clause: Limit one of each Pokémon
|rule|OHKO Clause: OHKO moves are banned
|rule|Evasion Moves Clause: Evasion moves are banned
|rule|Endless Battle Clause: Forcing endless battles is banned
|rule|HP Percentage Mod: HP is shown in percentages
|rule|Dynamax Clause: You cannot dynamax
|clearpoke
|poke|p1|Mewtwo|
|poke|p1|Yveltal|
|poke|p1|Cinderace, M|
|poke|p1|Gastrodon-East, M|
|poke|p1|Scizor, M|
|poke|p1|Cloyster, F|
|poke|p2|Yveltal|
|poke|p2|Dracovish|
|poke|p2|Blissey, F|
|poke|p2|Darmanitan-Galar, M|
|poke|p2|Ho-Oh|
|poke|p2|Landorus-Therian, M|
|teampreview
|inactive|Battle timer is ON: inactive players will automatically lose when time's up. (requested by Kage UwU)
|
|t:|1651433554
|start
|switch|p1a: AX|Scizor, M|100/100
|switch|p2a: ʕ°w°ʔ|Darmanitan-Galar, M|100/100
|turn|1
|
|t:|1651433561
|move|p1a: AX|Bullet Punch|p2a: ʕ°w°ʔ
|-supereffective|p2a: ʕ°w°ʔ
|-damage|p2a: ʕ°w°ʔ|0 fnt
|faint|p2a: ʕ°w°ʔ
|
|upkeep
|
|t:|1651433566
|switch|p2a: (っ´ω`ｃ)|Ho-Oh|100/100
|turn|2
|
|t:|1651433573
|switch|p1a: Slime Wall|Gastrodon-East, M|100/100
|move|p2a: (っ´ω`ｃ)|Sacred Fire|p1a: Slime Wall
|-resisted|p1a: Slime Wall
|-crit|p1a: Slime Wall
|-damage|p1a: Slime Wall|64/100
|
|-heal|p1a: Slime Wall|70/100|[from] item: Leftovers
|upkeep
|turn|3
|c|☆Colsifer|Uwu team lol
|
|t:|1651433586
|switch|p2a: ☜╮(´ิ∀´ิ☜╮)|Blissey, F|100/100
|move|p1a: Slime Wall|Toxic|p2a: ☜╮(´ิ∀´ิ☜╮)|[miss]
|-miss|p1a: Slime Wall|p2a: ☜╮(´ิ∀´ิ☜╮)
|
|-heal|p1a: Slime Wall|76/100|[from] item: Leftovers
|upkeep
|turn|4
|
|t:|1651433596
|move|p2a: ☜╮(´ิ∀´ิ☜╮)|Grass Knot|p1a: Slime Wall
|-supereffective|p1a: Slime Wall
|-damage|p1a: Slime Wall|45/100
|move|p1a: Slime Wall|Earth Power|p2a: ☜╮(´ิ∀´ิ☜╮)
|-damage|p2a: ☜╮(´ิ∀´ิ☜╮)|90/100
|-unboost|p2a: ☜╮(´ิ∀´ิ☜╮)|spd|1
|
|-heal|p1a: Slime Wall|51/100|[from] item: Leftovers
|upkeep
|turn|5
|
|t:|1651433607
|switch|p2a: (･∀･)|Landorus-Therian, M|100/100
|-ability|p2a: (･∀･)|Intimidate|boost
|-unboost|p1a: Slime Wall|atk|1
|move|p1a: Slime Wall|Recover|p1a: Slime Wall
|-heal|p1a: Slime Wall|100/100
|
|upkeep
|turn|6
|
|t:|1651433616
|move|p2a: (･∀･)|Stealth Rock|p1a: Slime Wall
|-sidestart|p1: Colsifer|move: Stealth Rock
|move|p1a: Slime Wall|Acid Armor|p1a: Slime Wall
|-boost|p1a: Slime Wall|def|2
|
|upkeep
|turn|7
|
|t:|1651433622
|move|p2a: (･∀･)|Toxic|p1a: Slime Wall
|-status|p1a: Slime Wall|tox
|move|p1a: Slime Wall|Toxic|p2a: (･∀･)
|-status|p2a: (･∀･)|tox
|
|-damage|p2a: (･∀･)|95/100 tox|[from] psn
|-damage|p1a: Slime Wall|94/100 tox|[from] psn
|upkeep
|turn|8
|c|☆Colsifer|Lol
|
|t:|1651433633
|switch|p2a: ☜╮(´ิ∀´ิ☜╮)|Blissey, F|90/100
|switch|p1a: Yveltal|Yveltal|100/100
|-ability|p1a: Yveltal|Dark Aura
|
|upkeep
|turn|9
|
|t:|1651433642
|move|p1a: Yveltal|Defog|p2a: ☜╮(´ิ∀´ิ☜╮)
|-unboost|p2a: ☜╮(´ิ∀´ิ☜╮)|evasion|1
|-sideend|p1: Colsifer|Stealth Rock|[from] move: Defog|[of] p1a: Yveltal
|move|p2a: ☜╮(´ิ∀´ิ☜╮)|Aromatherapy|p2a: ☜╮(´ิ∀´ิ☜╮)
|-activate|p2a: ☜╮(´ิ∀´ิ☜╮)|move: Aromatherapy
|-curestatus|p2: (･∀･)|tox|[msg]
|
|upkeep
|turn|10
|
|t:|1651433656
|switch|p2a: (っ´ω`ｃ)|Ho-Oh|100/100
|move|p1a: Yveltal|Taunt|p2a: (っ´ω`ｃ)
|-start|p2a: (っ´ω`ｃ)|move: Taunt
|
|upkeep
|turn|11
|
|t:|1651433665
|move|p1a: Yveltal|Dark Pulse|p2a: (っ´ω`ｃ)
|-damage|p2a: (っ´ω`ｃ)|71/100
|cant|p2a: (っ´ω`ｃ)|flinch
|
|upkeep
|turn|12
|
|t:|1651433684
|switch|p2a: し( '∀' )J|Yveltal|100/100
|-ability|p2a: し( '∀' )J|Dark Aura
|move|p1a: Yveltal|Oblivion Wing|p2a: し( '∀' )J
|-damage|p2a: し( '∀' )J|71/100
|
|upkeep
|turn|13
|
|t:|1651433695
|move|p2a: し( '∀' )J|U-turn|p1a: Yveltal
|-damage|p1a: Yveltal|82/100
|
|t:|1651433699
|switch|p2a: (￣▽￣;)|Dracovish|100/100|[from]move: U-turn
|move|p1a: Yveltal|Taunt|p2a: (￣▽￣;)
|-start|p2a: (￣▽￣;)|move: Taunt
|
|upkeep
|turn|14
|
|t:|1651433718
|switch|p2a: ☜╮(´ิ∀´ิ☜╮)|Blissey, F|90/100
|switch|p1a: Slime Wall|Gastrodon-East, M|94/100 tox
|
|-heal|p1a: Slime Wall|100/100 tox|[from] item: Leftovers
|-damage|p1a: Slime Wall|94/100 tox|[from] psn
|upkeep
|turn|15
|
|t:|1651433730
|move|p1a: Slime Wall|Earth Power|p2a: ☜╮(´ิ∀´ิ☜╮)
|-damage|p2a: ☜╮(´ิ∀´ิ☜╮)|78/100
|move|p2a: ☜╮(´ิ∀´ิ☜╮)|Teleport|p2a: ☜╮(´ิ∀´ิ☜╮)
|
|t:|1651433750
|switch|p2a: (￣▽￣;)|Dracovish|100/100|[from]move: Teleport
|
|-heal|p1a: Slime Wall|100/100 tox|[from] item: Leftovers
|-damage|p1a: Slime Wall|88/100 tox|[from] psn
|upkeep
|turn|16
|
|t:|1651433759
|move|p2a: (￣▽￣;)|Psychic Fangs|p1a: Slime Wall
|-damage|p1a: Slime Wall|53/100 tox
|move|p1a: Slime Wall|Acid Armor|p1a: Slime Wall
|-boost|p1a: Slime Wall|def|2
|
|-heal|p1a: Slime Wall|60/100 tox|[from] item: Leftovers
|-damage|p1a: Slime Wall|41/100 tox|[from] psn
|upkeep
|turn|17
|
|t:|1651433767
|move|p2a: (￣▽￣;)|Psychic Fangs|p1a: Slime Wall
|-damage|p1a: Slime Wall|24/100 tox
|move|p1a: Slime Wall|Recover|p1a: Slime Wall
|-heal|p1a: Slime Wall|74/100 tox
|
|-heal|p1a: Slime Wall|80/100 tox|[from] item: Leftovers
|-damage|p1a: Slime Wall|55/100 tox|[from] psn
|upkeep
|turn|18
|
|t:|1651433784
|move|p2a: (￣▽￣;)|Psychic Fangs|p1a: Slime Wall
|-damage|p1a: Slime Wall|37/100 tox
|move|p1a: Slime Wall|Toxic|p2a: (￣▽￣;)
|-status|p2a: (￣▽￣;)|tox
|
|-heal|p1a: Slime Wall|43/100 tox|[from] item: Leftovers
|-damage|p2a: (￣▽￣;)|94/100 tox|[from] psn
|-damage|p1a: Slime Wall|12/100 tox|[from] psn
|upkeep
|turn|19
|
|t:|1651433796
|move|p2a: (￣▽￣;)|Psychic Fangs|p1a: Slime Wall
|-damage|p1a: Slime Wall|0 fnt
|faint|p1a: Slime Wall
|
|-damage|p2a: (￣▽￣;)|82/100 tox|[from] psn
|upkeep
|
|t:|1651433809
|switch|p1a: Yveltal|Yveltal|82/100
|-ability|p1a: Yveltal|Dark Aura
|turn|20
|
|t:|1651433834
|switch|p2a: し( '∀' )J|Yveltal|71/100
|-ability|p2a: し( '∀' )J|Dark Aura
|move|p1a: Yveltal|Oblivion Wing|p2a: し( '∀' )J
|-damage|p2a: し( '∀' )J|41/100
|-heal|p1a: Yveltal|100/100|[from] drain|[of] p2a: し( '∀' )J
|
|upkeep
|turn|21
|
|t:|1651433854
|move|p1a: Yveltal|Oblivion Wing|p2a: し( '∀' )J
|-damage|p2a: し( '∀' )J|11/100
|move|p2a: し( '∀' )J|Roost|p2a: し( '∀' )J
|-heal|p2a: し( '∀' )J|61/100
|-singleturn|p2a: し( '∀' )J|move: Roost
|
|upkeep
|turn|22
|
|t:|1651433870
|switch|p1a: Cloyster|Cloyster, F|100/100
|move|p2a: し( '∀' )J|Roost|p2a: し( '∀' )J
|-heal|p2a: し( '∀' )J|100/100
|-singleturn|p2a: し( '∀' )J|move: Roost
|
|upkeep
|turn|23
|
|t:|1651433879
|move|p2a: し( '∀' )J|Foul Play|p1a: Cloyster
|-damage|p1a: Cloyster|62/100
|move|p1a: Cloyster|Shell Smash|p1a: Cloyster
|-unboost|p1a: Cloyster|def|1
|-unboost|p1a: Cloyster|spd|1
|-boost|p1a: Cloyster|atk|2
|-boost|p1a: Cloyster|spa|2
|-boost|p1a: Cloyster|spe|2
|
|upkeep
|turn|24
|
|t:|1651433888
|move|p2a: し( '∀' )J|Sucker Punch|p1a: Cloyster
|-damage|p1a: Cloyster|24/100
|-enditem|p1a: Cloyster|Aguav Berry|[eat]
|-heal|p1a: Cloyster|57/100|[from] item: Aguav Berry
|move|p1a: Cloyster|Icicle Spear|p2a: し( '∀' )J
|-supereffective|p2a: し( '∀' )J
|-damage|p2a: し( '∀' )J|59/100
|-supereffective|p2a: し( '∀' )J
|-damage|p2a: し( '∀' )J|16/100
|-supereffective|p2a: し( '∀' )J
|-damage|p2a: し( '∀' )J|0 fnt
|faint|p2a: し( '∀' )J
|-hitcount|p2: し( '∀' )J|3
|
|upkeep
|inactive|Kage UwU has 120 seconds left.
|
|t:|1651433924
|switch|p2a: (￣▽￣;)|Dracovish|82/100 tox
|turn|25
|
|t:|1651433929
|move|p2a: (￣▽￣;)|Fishious Rend|p1a: Cloyster
|-resisted|p1a: Cloyster
|-damage|p1a: Cloyster|5/100
|move|p1a: Cloyster|Icicle Spear|p2a: (￣▽￣;)
|-damage|p2a: (￣▽￣;)|55/100 tox
|-damage|p2a: (￣▽￣;)|30/100 tox
|-damage|p2a: (￣▽￣;)|6/100 tox
|-damage|p2a: (￣▽￣;)|0 fnt
|faint|p2a: (￣▽￣;)
|-hitcount|p2: (￣▽￣;)|4
|
|upkeep
|
|t:|1651433939
|switch|p2a: ☜╮(´ิ∀´ิ☜╮)|Blissey, F|78/100
|turn|26
|
|t:|1651433942
|move|p1a: Cloyster|Icicle Spear|p2a: ☜╮(´ิ∀´ิ☜╮)
|-damage|p2a: ☜╮(´ิ∀´ิ☜╮)|58/100
|-damage|p2a: ☜╮(´ิ∀´ิ☜╮)|37/100
|-damage|p2a: ☜╮(´ิ∀´ิ☜╮)|16/100
|-damage|p2a: ☜╮(´ิ∀´ิ☜╮)|0 fnt
|faint|p2a: ☜╮(´ิ∀´ิ☜╮)
|-hitcount|p2: ☜╮(´ิ∀´ิ☜╮)|4
|
|upkeep
|
|t:|1651433954
|switch|p2a: (っ´ω`ｃ)|Ho-Oh|100/100
|turn|27
|
|t:|1651433957
|move|p1a: Cloyster|Rock Blast|p2a: (っ´ω`ｃ)
|-supereffective|p2a: (っ´ω`ｃ)
|-damage|p2a: (っ´ω`ｃ)|61/100
|-supereffective|p2a: (っ´ω`ｃ)
|-damage|p2a: (っ´ω`ｃ)|18/100
|-supereffective|p2a: (っ´ω`ｃ)
|-damage|p2a: (っ´ω`ｃ)|0 fnt
|faint|p2a: (っ´ω`ｃ)
|-hitcount|p2: (っ´ω`ｃ)|3
|
|upkeep
|
|t:|1651433966
|switch|p2a: (･∀･)|Landorus-Therian, M|95/100
|-ability|p2a: (･∀･)|Intimidate|boost
|-unboost|p1a: Cloyster|atk|1
|turn|28
|c|☆Colsifer|Cloyster sweep?
|
|t:|1651433980
|move|p1a: Cloyster|Icicle Spear|p2a: (･∀･)
|-supereffective|p2a: (･∀･)
|-damage|p2a: (･∀･)|8/100
|-supereffective|p2a: (･∀･)
|-damage|p2a: (･∀･)|0 fnt
|faint|p2a: (･∀･)
|-hitcount|p2: (･∀･)|2
|
|win|Colsifer
|raw|Colsifer's rating: 1150 &rarr; <strong>1180</strong><br />(+30 for winning)
|raw|Kage UwU's rating: 1220 &rarr; <strong>1190</strong><br />(-30 for losing)
|c|☆Kage UwU|I'm a little stupid lol
|c|☆Kage UwU|I had landorus
|l|☆Kage UwU
||Ladder isn't responding, score probably updated but might not have (Request timeout).
