|j|☆Ryrissu
|j|☆Tsar Dedede
|t:|1667330825
|gametype|singles
|player|p1|Ryrissu|hilbert-wonderlauncher|1419
|player|p2|Tsar Dedede|li|1408
|teamsize|p1|6
|teamsize|p2|6
|gen|8
|tier|[Gen 8] Ubers
|rated|
|rule|Sleep Clause Mod: Limit one foe put to sleep
|rule|Species Clause: Limit one of each Pokémon
|rule|OHKO Clause: OHKO moves are banned
|rule|Evasion Items Clause: Evasion items are banned
|rule|Evasion Moves Clause: Evasion moves are banned
|rule|Endless Battle Clause: Forcing endless battles is banned
|rule|HP Percentage Mod: HP is shown in percentages
|rule|Dynamax Clause: You cannot dynamax
|clearpoke
|poke|p1|Kyogre|
|poke|p1|Palkia|
|poke|p1|Groudon|
|poke|p1|Zekrom|
|poke|p1|Yveltal|
|poke|p1|Necrozma-Dusk-Mane|
|poke|p2|Slurpuff, L97, F|
|poke|p2|Landorus, M|
|poke|p2|Eternatus|
|poke|p2|Calyrex-Shadow|
|poke|p2|Necrozma-Dusk-Mane|
|poke|p2|Yveltal|
|teampreview
|
|t:|1667330835
|start
|switch|p1a: Yveltal|Yveltal|100/100
|switch|p2a: Slurpuff|Slurpuff, L97, F|100/100
|-ability|p1a: Yveltal|Dark Aura
|turn|1
|
|t:|1667330854
|move|p2a: Slurpuff|Magic Coat|p2a: Slurpuff
|-singleturn|p2a: Slurpuff|move: Magic Coat
|move|p1a: Yveltal|Heat Wave|p2a: Slurpuff
|-damage|p2a: Slurpuff|48/100
|
|upkeep
|turn|2
|
|t:|1667330859
|move|p1a: Yveltal|Oblivion Wing|p2a: Slurpuff
|-damage|p2a: Slurpuff|0 fnt
|faint|p2a: Slurpuff
|
|upkeep
|
|t:|1667330862
|switch|p2a: Landorus|Landorus, M|100/100
|turn|3
|
|t:|1667330867
|move|p2a: Landorus|Stealth Rock|p1a: Yveltal
|-sidestart|p1: Ryrissu|move: Stealth Rock
|move|p1a: Yveltal|Oblivion Wing|p2a: Landorus
|-damage|p2a: Landorus|34/100
|
|upkeep
|turn|4
|
|t:|1667330875
|move|p1a: Yveltal|Sucker Punch|p2a: Landorus
|-damage|p2a: Landorus|0 fnt
|faint|p2a: Landorus
|
|upkeep
|
|t:|1667330879
|switch|p2a: Eternatus|Eternatus|100/100
|-ability|p2a: Eternatus|Pressure
|turn|5
|
|t:|1667330883
|switch|p1a: Necrozma|Necrozma-Dusk-Mane|100/100
|-damage|p1a: Necrozma|94/100|[from] Stealth Rock
|move|p2a: Eternatus|Meteor Beam||[still]
|-prepare|p2a: Eternatus|Meteor Beam
|-boost|p2a: Eternatus|spa|1
|-enditem|p2a: Eternatus|Power Herb
|-anim|p2a: Eternatus|Meteor Beam|p1a: Necrozma
|-resisted|p1a: Necrozma
|-damage|p1a: Necrozma|73/100
|
|-heal|p1a: Necrozma|79/100|[from] item: Leftovers
|upkeep
|turn|6
|
|t:|1667330887
|move|p2a: Eternatus|Flamethrower|p1a: Necrozma
|-supereffective|p1a: Necrozma
|-damage|p1a: Necrozma|31/100
|-status|p1a: Necrozma|brn
|move|p1a: Necrozma|Cosmic Power|p1a: Necrozma
|-boost|p1a: Necrozma|def|1
|-boost|p1a: Necrozma|spd|1
|
|-heal|p1a: Necrozma|37/100 brn|[from] item: Leftovers
|-damage|p1a: Necrozma|31/100 brn|[from] brn
|upkeep
|turn|7
|
|t:|1667330896
|move|p2a: Eternatus|Flamethrower|p1a: Necrozma
|-supereffective|p1a: Necrozma
|-damage|p1a: Necrozma|1/100 brn
|move|p1a: Necrozma|Morning Sun|p1a: Necrozma
|-heal|p1a: Necrozma|51/100 brn
|
|-heal|p1a: Necrozma|57/100 brn|[from] item: Leftovers
|-damage|p1a: Necrozma|51/100 brn|[from] brn
|upkeep
|turn|8
|
|t:|1667330906
|switch|p2a: Yveltal|Yveltal|100/100
|-ability|p2a: Yveltal|Dark Aura
|move|p1a: Necrozma|Morning Sun|p1a: Necrozma
|-heal|p1a: Necrozma|100/100 brn
|
|-damage|p1a: Necrozma|94/100 brn|[from] brn
|upkeep
|turn|9
|
|t:|1667330913
|move|p2a: Yveltal|Knock Off|p1a: Necrozma
|-supereffective|p1a: Necrozma
|-damage|p1a: Necrozma|54/100 brn
|-enditem|p1a: Necrozma|Leftovers|[from] move: Knock Off|[of] p2a: Yveltal
|move|p1a: Necrozma|Cosmic Power|p1a: Necrozma
|-boost|p1a: Necrozma|def|1
|-boost|p1a: Necrozma|spd|1
|
|-damage|p1a: Necrozma|48/100 brn|[from] brn
|upkeep
|turn|10
|
|t:|1667330922
|move|p2a: Yveltal|Knock Off|p1a: Necrozma
|-supereffective|p1a: Necrozma
|-damage|p1a: Necrozma|26/100 brn
|move|p1a: Necrozma|Morning Sun|p1a: Necrozma
|-heal|p1a: Necrozma|76/100 brn
|
|-damage|p1a: Necrozma|70/100 brn|[from] brn
|upkeep
|turn|11
|
|t:|1667330942
|switch|p2a: Necrozma|Necrozma-Dusk-Mane|100/100
|move|p1a: Necrozma|Cosmic Power|p1a: Necrozma
|-boost|p1a: Necrozma|def|1
|-boost|p1a: Necrozma|spd|1
|
|-damage|p1a: Necrozma|64/100 brn|[from] brn
|upkeep
|turn|12
|
|t:|1667330951
|switch|p1a: Kyogre|Kyogre|100/100
|-damage|p1a: Kyogre|88/100|[from] Stealth Rock
|-weather|RainDance|[from] ability: Drizzle|[of] p1a: Kyogre
|move|p2a: Necrozma|Dragon Dance|p2a: Necrozma
|-boost|p2a: Necrozma|atk|1
|-boost|p2a: Necrozma|spe|1
|
|-weather|RainDance|[upkeep]
|-heal|p1a: Kyogre|94/100|[from] item: Leftovers
|upkeep
|turn|13
|
|t:|1667330954
|move|p2a: Necrozma|Earthquake|p1a: Kyogre
|-damage|p1a: Kyogre|36/100
|move|p1a: Kyogre|Origin Pulse|p2a: Necrozma
|-damage|p2a: Necrozma|10/100
|
|-weather|RainDance|[upkeep]
|-heal|p1a: Kyogre|42/100|[from] item: Leftovers
|upkeep
|turn|14
|
|t:|1667330963
|move|p2a: Necrozma|Earthquake|p1a: Kyogre
|-damage|p1a: Kyogre|0 fnt
|faint|p1a: Kyogre
|
|-weather|RainDance|[upkeep]
|upkeep
|
|t:|1667330966
|switch|p1a: Palkia|Palkia|100/100
|-damage|p1a: Palkia|88/100|[from] Stealth Rock
|-ability|p1a: Palkia|Pressure
|turn|15
|
|t:|1667330972
|move|p2a: Necrozma|Sunsteel Strike|p1a: Palkia
|-resisted|p1a: Palkia
|-damage|p1a: Palkia|34/100
|move|p1a: Palkia|Spacial Rend|p2a: Necrozma
|-resisted|p2a: Necrozma
|-damage|p2a: Necrozma|0 fnt
|faint|p2a: Necrozma
|
|-weather|RainDance|[upkeep]
|upkeep
|
|t:|1667330982
|switch|p2a: Eternatus|Eternatus|100/100
|-ability|p2a: Eternatus|Pressure
|turn|16
|
|t:|1667330987
|switch|p1a: Necrozma|Necrozma-Dusk-Mane|64/100 brn
|-damage|p1a: Necrozma|58/100 brn|[from] Stealth Rock
|move|p2a: Eternatus|Dynamax Cannon|p1a: Necrozma
|-resisted|p1a: Necrozma
|-damage|p1a: Necrozma|43/100 brn
|
|-weather|none
|-damage|p1a: Necrozma|37/100 brn|[from] brn
|upkeep
|turn|17
|
|t:|1667330996
|move|p2a: Eternatus|Flamethrower|p1a: Necrozma
|-supereffective|p1a: Necrozma
|-damage|p1a: Necrozma|6/100 brn
|move|p1a: Necrozma|Morning Sun|p1a: Necrozma
|-heal|p1a: Necrozma|56/100 brn
|
|-damage|p1a: Necrozma|49/100 brn|[from] brn
|upkeep
|turn|18
|
|t:|1667331003
|move|p2a: Eternatus|Meteor Beam||[still]
|-prepare|p2a: Eternatus|Meteor Beam
|-boost|p2a: Eternatus|spa|1
|move|p1a: Necrozma|Morning Sun|p1a: Necrozma
|-heal|p1a: Necrozma|99/100 brn
|
|-damage|p1a: Necrozma|93/100 brn|[from] brn
|upkeep
|turn|19
|
|t:|1667331006
|move|p2a: Eternatus|Meteor Beam|p1a: Necrozma|[from]lockedmove|[miss]
|-miss|p2a: Eternatus|p1a: Necrozma
|move|p1a: Necrozma|Cosmic Power|p1a: Necrozma
|-boost|p1a: Necrozma|def|1
|-boost|p1a: Necrozma|spd|1
|
|-damage|p1a: Necrozma|87/100 brn|[from] brn
|upkeep
|turn|20
|
|t:|1667331011
|move|p2a: Eternatus|Flamethrower|p1a: Necrozma
|-supereffective|p1a: Necrozma
|-damage|p1a: Necrozma|59/100 brn
|move|p1a: Necrozma|Cosmic Power|p1a: Necrozma
|-boost|p1a: Necrozma|def|1
|-boost|p1a: Necrozma|spd|1
|
|-damage|p1a: Necrozma|53/100 brn|[from] brn
|upkeep
|turn|21
|
|t:|1667331018
|move|p2a: Eternatus|Flamethrower|p1a: Necrozma
|-supereffective|p1a: Necrozma
|-damage|p1a: Necrozma|28/100 brn
|move|p1a: Necrozma|Morning Sun|p1a: Necrozma
|-heal|p1a: Necrozma|78/100 brn
|
|-damage|p1a: Necrozma|72/100 brn|[from] brn
|upkeep
|turn|22
|
|t:|1667331028
|move|p2a: Eternatus|Flamethrower|p1a: Necrozma
|-supereffective|p1a: Necrozma
|-damage|p1a: Necrozma|51/100 brn
|move|p1a: Necrozma|Cosmic Power|p1a: Necrozma
|-boost|p1a: Necrozma|def|1
|-boost|p1a: Necrozma|spd|1
|
|-damage|p1a: Necrozma|45/100 brn|[from] brn
|upkeep
|turn|23
|
|t:|1667331034
|move|p2a: Eternatus|Flamethrower|p1a: Necrozma
|-supereffective|p1a: Necrozma
|-damage|p1a: Necrozma|27/100 brn
|move|p1a: Necrozma|Morning Sun|p1a: Necrozma
|-heal|p1a: Necrozma|77/100 brn
|
|-damage|p1a: Necrozma|71/100 brn|[from] brn
|upkeep
|turn|24
|
|t:|1667331041
|move|p2a: Eternatus|Flamethrower|p1a: Necrozma
|-supereffective|p1a: Necrozma
|-damage|p1a: Necrozma|54/100 brn
|move|p1a: Necrozma|Cosmic Power|p1a: Necrozma
|-boost|p1a: Necrozma|def|1
|-boost|p1a: Necrozma|spd|1
|
|-damage|p1a: Necrozma|48/100 brn|[from] brn
|upkeep
|turn|25
|
|t:|1667331046
|move|p2a: Eternatus|Flamethrower|p1a: Necrozma
|-supereffective|p1a: Necrozma
|-damage|p1a: Necrozma|32/100 brn
|move|p1a: Necrozma|Morning Sun|p1a: Necrozma
|-heal|p1a: Necrozma|82/100 brn
|
|-damage|p1a: Necrozma|76/100 brn|[from] brn
|upkeep
|turn|26
|
|t:|1667331050
|move|p2a: Eternatus|Flamethrower|p1a: Necrozma
|-supereffective|p1a: Necrozma
|-damage|p1a: Necrozma|63/100 brn
|move|p1a: Necrozma|Cosmic Power|p1a: Necrozma
|-boost|p1a: Necrozma|def|1
|-boost|p1a: Necrozma|spd|1
|
|-damage|p1a: Necrozma|57/100 brn|[from] brn
|upkeep
|turn|27
|
|t:|1667331059
|move|p2a: Eternatus|Flamethrower|p1a: Necrozma
|-supereffective|p1a: Necrozma
|-damage|p1a: Necrozma|42/100 brn
|move|p1a: Necrozma|Swords Dance|p1a: Necrozma
|-boost|p1a: Necrozma|atk|2
|
|-damage|p1a: Necrozma|36/100 brn|[from] brn
|upkeep
|turn|28
|
|t:|1667331068
|move|p2a: Eternatus|Flamethrower|p1a: Necrozma
|-supereffective|p1a: Necrozma
|-damage|p1a: Necrozma|22/100 brn
|move|p1a: Necrozma|Swords Dance|p1a: Necrozma
|-boost|p1a: Necrozma|atk|2
|
|-damage|p1a: Necrozma|16/100 brn|[from] brn
|upkeep
|turn|29
|
|t:|1667331074
|move|p2a: Eternatus|Flamethrower|p1a: Necrozma
|-supereffective|p1a: Necrozma
|-damage|p1a: Necrozma|2/100 brn
|move|p1a: Necrozma|Sunsteel Strike|p2a: Eternatus
|-damage|p2a: Eternatus|38/100
|
|-damage|p1a: Necrozma|0 fnt|[from] brn
|faint|p1a: Necrozma
|upkeep
|
|t:|1667331083
|switch|p1a: Groudon|Groudon|100/100
|-weather|SunnyDay|[from] ability: Drought|[of] p1a: Groudon
|turn|30
|
|t:|1667331088
|move|p2a: Eternatus|Dynamax Cannon|p1a: Groudon
|-damage|p1a: Groudon|20/100
|move|p1a: Groudon|Rock Polish|p1a: Groudon
|-boost|p1a: Groudon|spe|2
|
|-weather|SunnyDay|[upkeep]
|upkeep
|turn|31
|
|t:|1667331096
|move|p1a: Groudon|Stone Edge|p2a: Eternatus
|-damage|p2a: Eternatus|1/100
|move|p2a: Eternatus|Dynamax Cannon|p1a: Groudon
|-damage|p1a: Groudon|0 fnt
|faint|p1a: Groudon
|
|-weather|SunnyDay|[upkeep]
|upkeep
|
|t:|1667331101
|switch|p1a: Yveltal|Yveltal|100/100
|-damage|p1a: Yveltal|76/100|[from] Stealth Rock
|-ability|p1a: Yveltal|Dark Aura
|turn|32
|
|t:|1667331111
|switch|p2a: Yveltal|Yveltal|100/100
|-ability|p2a: Yveltal|Dark Aura
|move|p1a: Yveltal|Sucker Punch||[still]
|-fail|p1a: Yveltal
|
|-weather|SunnyDay|[upkeep]
|upkeep
|turn|33
|
|t:|1667331113
|move|p2a: Yveltal|Toxic|p1a: Yveltal
|-status|p1a: Yveltal|tox
|move|p1a: Yveltal|Oblivion Wing|p2a: Yveltal
|-damage|p2a: Yveltal|73/100
|-heal|p1a: Yveltal|96/100 tox|[from] drain|[of] p2a: Yveltal
|
|-weather|SunnyDay|[upkeep]
|-damage|p1a: Yveltal|90/100 tox|[from] psn
|upkeep
|turn|34
|
|t:|1667331120
|switch|p1a: Palkia|Palkia|34/100
|-damage|p1a: Palkia|22/100|[from] Stealth Rock
|-ability|p1a: Palkia|Pressure
|move|p2a: Yveltal|Knock Off|p1a: Palkia
|-damage|p1a: Palkia|0 fnt
|-enditem|p1a: Palkia|Lustrous Orb|[from] move: Knock Off|[of] p2a: Yveltal
|faint|p1a: Palkia
|
|-weather|none
|upkeep
|
|t:|1667331122
|switch|p1a: Zekrom|Zekrom|100/100
|-ability|p1a: Zekrom|Teravolt
|turn|35
|
|t:|1667331124
|move|p2a: Yveltal|Knock Off|p1a: Zekrom
|-damage|p1a: Zekrom|58/100
|-enditem|p1a: Zekrom|Heavy-Duty Boots|[from] move: Knock Off|[of] p2a: Yveltal
|move|p1a: Zekrom|Dragon Dance|p1a: Zekrom
|-boost|p1a: Zekrom|atk|1
|-boost|p1a: Zekrom|spe|1
|
|upkeep
|turn|36
|
|t:|1667331131
|move|p1a: Zekrom|Bolt Strike|p2a: Yveltal|[miss]
|-miss|p1a: Zekrom|p2a: Yveltal
|move|p2a: Yveltal|Toxic|p1a: Zekrom
|-status|p1a: Zekrom|tox
|
|-damage|p1a: Zekrom|52/100 tox|[from] psn
|upkeep
|turn|37
|
|t:|1667331133
|move|p1a: Zekrom|Bolt Strike|p2a: Yveltal
|-supereffective|p2a: Yveltal
|-damage|p2a: Yveltal|0 fnt
|faint|p2a: Yveltal
|
|-damage|p1a: Zekrom|40/100 tox|[from] psn
|upkeep
|
|t:|1667331138
|switch|p2a: Eternatus|Eternatus|1/100
|-ability|p2a: Eternatus|Pressure
|turn|38
|
|t:|1667331143
|move|p2a: Eternatus|Dynamax Cannon|p1a: Zekrom
|-supereffective|p1a: Zekrom
|-damage|p1a: Zekrom|0 fnt
|faint|p1a: Zekrom
|
|upkeep
|
|t:|1667331146
|switch|p1a: Yveltal|Yveltal|90/100 tox
|-damage|p1a: Yveltal|65/100 tox|[from] Stealth Rock
|-ability|p1a: Yveltal|Dark Aura
|turn|39
|
|t:|1667331152
|move|p2a: Eternatus|Dynamax Cannon|p1a: Yveltal
|-damage|p1a: Yveltal|16/100 tox
|move|p1a: Yveltal|Oblivion Wing|p2a: Eternatus
|-damage|p2a: Eternatus|0 fnt
|-heal|p1a: Yveltal|17/100 tox|[from] drain|[of] p2a: Eternatus
|faint|p2a: Eternatus
|
|-damage|p1a: Yveltal|10/100 tox|[from] psn
|upkeep
|
|t:|1667331157
|switch|p2a: Calyrex|Calyrex-Shadow|100/100
|-ability|p2a: Calyrex|As One
|-ability|p2a: Calyrex|Unnerve
|turn|40
|c|☆Tsar Dedede|gg
|
|t:|1667331165
|move|p1a: Yveltal|Sucker Punch|p2a: Calyrex
|-supereffective|p2a: Calyrex
|-enditem|p2a: Calyrex|Focus Sash
|-damage|p2a: Calyrex|1/100
|move|p2a: Calyrex|Draining Kiss|p1a: Yveltal
|-supereffective|p1a: Yveltal
|-damage|p1a: Yveltal|0 fnt
|-heal|p2a: Calyrex|10/100|[from] drain|[of] p1a: Yveltal
|faint|p1a: Yveltal
|
|win|Tsar Dedede
|raw|Ryrissu's rating: 1419 &rarr; <strong>1398</strong><br />(-21 for losing)
|raw|Tsar Dedede's rating: 1408 &rarr; <strong>1429</strong><br />(+21 for winning)
|l|☆Ryrissu
