|html|<div class="broadcast-blue"><strong>[Gen 8] Ubers is currently suspecting Zacian! For information on how to participate check out the <a href="https://www.smogon.com/forums/threads/np-ss-ubers-stage-7-heroes-zacian-hero-suspect-test.3685323/">suspect thread</a>.</strong></div>
|j|☆Rhmsitb
|j|☆Ballfire
|t:|1623064281
|gametype|singles
|player|p1|Rhmsitb|red-gen1rb|
|player|p2|Ballfire|265|
|teamsize|p1|6
|teamsize|p2|6
|gen|8
|tier|[Gen 8] Ubers
|rated|Tournament battle
|rule|Sleep Clause Mod: Limit one foe put to sleep
|rule|Species Clause: Limit one of each Pokémon
|rule|OHKO Clause: OHKO moves are banned
|rule|Evasion Moves Clause: Evasion moves are banned
|rule|Endless Battle Clause: Forcing endless battles is banned
|rule|HP Percentage Mod: HP is shown in percentages
|rule|Dynamax Clause: You cannot dynamax
|clearpoke
|poke|p1|Calyrex-Ice|
|poke|p1|Necrozma-Dusk-Mane|
|poke|p1|Ditto|
|poke|p1|Marshadow|
|poke|p1|Accelgor, F|
|poke|p1|Xerneas-*|
|poke|p2|Yveltal|
|poke|p2|Eternatus|
|poke|p2|Necrozma-Dusk-Mane|
|poke|p2|Kyogre|
|poke|p2|Ho-Oh|
|poke|p2|Ditto|
|teampreview
|j| Mega Zygarde-100%
|j|#dream
|c|☆Ballfire|gl bhai
|c|☆Rhmsitb|u2u2
|c| Mega Zygarde-100%|😚
|j|+Spyro Chris
|
|t:|1623064354
|start
|switch|p1a: Accelgor|Accelgor, F|100/100
|switch|p2a: Necrozma|Necrozma-Dusk-Mane|100/100
|turn|1
|j| A Bread Sandwich
|
|t:|1623064363
|move|p1a: Accelgor|Spikes|p2a: Necrozma
|-sidestart|p2: Ballfire|Spikes
|move|p2a: Necrozma|Stealth Rock|p1a: Accelgor
|-sidestart|p1: Rhmsitb|move: Stealth Rock
|
|upkeep
|turn|2
|
|t:|1623064368
|move|p1a: Accelgor|Encore|p2a: Necrozma
|-start|p2a: Necrozma|Encore
|move|p2a: Necrozma|Stealth Rock||[still]
|-fail|p2a: Necrozma
|
|upkeep
|turn|3
|
|t:|1623064373
|switch|p2a: Ho-Oh|Ho-Oh|100/100
|move|p1a: Accelgor|Spikes|p2a: Ho-Oh
|-sidestart|p2: Ballfire|Spikes
|
|upkeep
|turn|4
|
|t:|1623064378
|move|p1a: Accelgor|Toxic|p2a: Ho-Oh
|-status|p2a: Ho-Oh|tox
|move|p2a: Ho-Oh|Sacred Fire|p1a: Accelgor
|-supereffective|p1a: Accelgor
|-enditem|p1a: Accelgor|Focus Sash
|-damage|p1a: Accelgor|1/100
|
|-damage|p2a: Ho-Oh|94/100 tox|[from] psn
|upkeep
|turn|5
|
|t:|1623064392
|move|p1a: Accelgor|Encore|p2a: Ho-Oh
|-start|p2a: Ho-Oh|Encore
|move|p2a: Ho-Oh|Sacred Fire|p1a: Accelgor
|-supereffective|p1a: Accelgor
|-damage|p1a: Accelgor|0 fnt
|faint|p1a: Accelgor
|
|-damage|p2a: Ho-Oh|82/100 tox|[from] psn
|upkeep
|l| A Bread Sandwich
|
|t:|1623064406
|switch|p1a: Xerneas|Xerneas|100/100
|-damage|p1a: Xerneas|88/100|[from] Stealth Rock
|-ability|p1a: Xerneas|Fairy Aura
|turn|6
|
|t:|1623064414
|switch|p2a: Necrozma|Necrozma-Dusk-Mane|100/100
|-damage|p2a: Necrozma|84/100|[from] Spikes
|move|p1a: Xerneas|Geomancy||[still]
|-prepare|p1a: Xerneas|Geomancy
|-enditem|p1a: Xerneas|Power Herb
|-anim|p1a: Xerneas|Geomancy|p1a: Xerneas
|-boost|p1a: Xerneas|spa|2
|-boost|p1a: Xerneas|spd|2
|-boost|p1a: Xerneas|spe|2
|
|upkeep
|turn|7
|
|t:|1623064419
|move|p1a: Xerneas|Moonblast|p2a: Necrozma
|-resisted|p2a: Necrozma
|-damage|p2a: Necrozma|23/100
|-unboost|p2a: Necrozma|spa|1
|move|p2a: Necrozma|Sunsteel Strike|p1a: Xerneas
|-supereffective|p1a: Xerneas
|-damage|p1a: Xerneas|9/100
|
|upkeep
|turn|8
|
|t:|1623064425
|move|p1a: Xerneas|Moonblast|p2a: Necrozma
|-resisted|p2a: Necrozma
|-damage|p2a: Necrozma|0 fnt
|faint|p2a: Necrozma
|
|upkeep
|
|t:|1623064433
|switch|p2a: Ditto|Ditto, shiny|100/100
|-damage|p2a: Ditto|84/100|[from] Spikes
|-transform|p2a: Ditto|p1a: Xerneas|[from] ability: Imposter
|-ability|p2a: Ditto|Fairy Aura
|turn|9
|
|t:|1623064439
|move|p2a: Ditto|Moonblast|p1a: Xerneas
|-damage|p1a: Xerneas|0 fnt
|faint|p1a: Xerneas
|
|upkeep
|
|t:|1623064443
|switch|p1a: Necrozma|Necrozma-Dusk-Mane|100/100
|-damage|p1a: Necrozma|95/100|[from] Stealth Rock
|turn|10
|
|t:|1623064451
|switch|p2a: Ho-Oh|Ho-Oh|100/100 tox
|move|p1a: Necrozma|Sunsteel Strike|p2a: Ho-Oh
|-resisted|p2a: Ho-Oh
|-damage|p2a: Ho-Oh|69/100 tox
|-damage|p1a: Necrozma|85/100|[from] item: Life Orb
|
|-damage|p2a: Ho-Oh|63/100 tox|[from] psn
|upkeep
|turn|11
|
|t:|1623064464
|move|p1a: Necrozma|Stone Edge|p2a: Ho-Oh
|-supereffective|p2a: Ho-Oh
|-damage|p2a: Ho-Oh|0 fnt
|faint|p2a: Ho-Oh
|-damage|p1a: Necrozma|75/100|[from] item: Life Orb
|
|upkeep
|
|t:|1623064501
|switch|p2a: Yveltal|Yveltal|100/100
|-ability|p2a: Yveltal|Dark Aura
|turn|12
|
|t:|1623064506
|move|p2a: Yveltal|Foul Play|p1a: Necrozma
|-supereffective|p1a: Necrozma
|-damage|p1a: Necrozma|0 fnt
|faint|p1a: Necrozma
|
|upkeep
|
|t:|1623064516
|switch|p1a: Marshadow|Marshadow|100/100
|-damage|p1a: Marshadow|94/100|[from] Stealth Rock
|turn|13
|j| PG(^^)JMX
|
|t:|1623064524
|move|p2a: Yveltal|Foul Play|p1a: Marshadow
|-damage|p1a: Marshadow|7/100
|move|p1a: Marshadow|Close Combat|p2a: Yveltal
|-damage|p2a: Yveltal|36/100
|-unboost|p1a: Marshadow|def|1
|-unboost|p1a: Marshadow|spd|1
|-damage|p1a: Marshadow|0 fnt|[from] item: Life Orb
|faint|p1a: Marshadow
|
|upkeep
|
|t:|1623064540
|switch|p1a: Ditto|Ditto|100/100
|-damage|p1a: Ditto|88/100|[from] Stealth Rock
|-transform|p1a: Ditto|p2a: Yveltal|[from] ability: Imposter
|-ability|p1a: Ditto|Dark Aura
|turn|14
|
|t:|1623064546
|switch|p2a: Eternatus|Eternatus|100/100
|-ability|p2a: Eternatus|Pressure
|move|p1a: Ditto|Foul Play|p2a: Eternatus
|-damage|p2a: Eternatus|69/100
|
|upkeep
|turn|15
|
|t:|1623064553
|move|p1a: Ditto|Foul Play|p2a: Eternatus
|-damage|p2a: Eternatus|38/100
|move|p2a: Eternatus|Dynamax Cannon|p1a: Ditto
|-damage|p1a: Ditto|35/100
|
|upkeep
|turn|16
|
|t:|1623064559
|move|p1a: Ditto|Foul Play|p2a: Eternatus
|-damage|p2a: Eternatus|7/100
|move|p2a: Eternatus|Recover|p2a: Eternatus
|-heal|p2a: Eternatus|57/100
|
|upkeep
|turn|17
|
|t:|1623064568
|-activate|p1a: Ditto|move: Struggle
|move|p1a: Ditto|Struggle|p2a: Eternatus
|-damage|p2a: Eternatus|45/100
|-damage|p1a: Ditto|10/100|[from] recoil
|move|p2a: Eternatus|Recover|p2a: Eternatus
|-heal|p2a: Eternatus|95/100
|
|upkeep
|turn|18
|
|t:|1623064577
|switch|p2a: Kyogre|Kyogre|100/100
|-damage|p2a: Kyogre|84/100|[from] Spikes
|-weather|RainDance|[from] ability: Drizzle|[of] p2a: Kyogre
|-activate|p1a: Ditto|move: Struggle
|move|p1a: Ditto|Struggle|p2a: Kyogre
|-damage|p2a: Kyogre|75/100
|-damage|p1a: Ditto|0 fnt|[from] recoil
|faint|p1a: Ditto
|
|-weather|RainDance|[upkeep]
|-heal|p2a: Kyogre|81/100|[from] item: Leftovers
|upkeep
|
|t:|1623064582
|switch|p1a: Calyrex|Calyrex-Ice|100/100
|-ability|p1a: Calyrex|As One
|-ability|p1a: Calyrex|Unnerve
|turn|19
|c|☆Rhmsitb|gg
|c|☆Ballfire|gg
|
|t:|1623064592
|move|p2a: Kyogre|Scald|p1a: Calyrex
|-damage|p1a: Calyrex|59/100
|-status|p1a: Calyrex|brn
|move|p1a: Calyrex|Trick Room|p1a: Calyrex
|-fieldstart|move: Trick Room|[of] p1a: Calyrex
|
|-weather|RainDance|[upkeep]
|-heal|p2a: Kyogre|88/100|[from] item: Leftovers
|-damage|p1a: Calyrex|53/100 brn|[from] brn
|upkeep
|turn|20
|c|☆Ballfire|oh rip
|
|t:|1623064599
|move|p1a: Calyrex|Glacial Lance|p2a: Kyogre
|-resisted|p2a: Kyogre
|-damage|p2a: Kyogre|72/100
|move|p2a: Kyogre|Scald|p1a: Calyrex
|-damage|p1a: Calyrex|11/100 brn
|
|-weather|RainDance|[upkeep]
|-heal|p2a: Kyogre|78/100|[from] item: Leftovers
|-damage|p1a: Calyrex|5/100 brn|[from] brn
|upkeep
|turn|21
|
|t:|1623064605
|move|p1a: Calyrex|Glacial Lance|p2a: Kyogre
|-resisted|p2a: Kyogre
|-damage|p2a: Kyogre|63/100
|move|p2a: Kyogre|Scald|p1a: Calyrex
|-damage|p1a: Calyrex|0 fnt
|faint|p1a: Calyrex
|
|win|Ballfire
|n|☆Rhmsitb|rhmsitb
|n|☆Ballfire|ballfire
|n| Mega Zygarde-100%|megazygarde100
|n|+dream|dream
|n|+Spyro Chris|spyrochris
|n| PG(^^)JMX|pgjmx
