|j|☆4125al41
|j|☆tontash
|t:|1628790288
|gametype|singles
|player|p1|4125al41|266|
|player|p2|tontash|biker|
|teamsize|p1|6
|teamsize|p2|6
|gen|8
|tier|[Gen 8] Ubers
|rated|Tournament battle
|rule|Sleep Clause Mod: Limit one foe put to sleep
|rule|Species Clause: Limit one of each Pokémon
|rule|OHKO Clause: OHKO moves are banned
|rule|Evasion Moves Clause: Evasion moves are banned
|rule|Endless Battle Clause: Forcing endless battles is banned
|rule|HP Percentage Mod: HP is shown in percentages
|rule|Dynamax Clause: You cannot dynamax
|clearpoke
|poke|p1|Marshadow|
|poke|p1|Eternatus|
|poke|p1|Calyrex-Shadow|
|poke|p1|Ho-Oh|
|poke|p1|Groudon|
|poke|p1|Xerneas-*|
|poke|p2|Calyrex-Shadow|
|poke|p2|Yveltal|
|poke|p2|Shuckle, M|
|poke|p2|Necrozma-Dusk-Mane|
|poke|p2|Kyogre|
|poke|p2|Marshadow|
|teampreview
|inactive|Battle timer is ON: inactive players will automatically lose when time's up. (requested by tontash)
|c|☆tontash|glhf
|
|t:|1628790299
|start
|switch|p1a: Calyrex|Calyrex-Shadow|100/100
|switch|p2a: Necrozma|Necrozma-Dusk-Mane|100/100
|-ability|p1a: Calyrex|As One
|-ability|p1a: Calyrex|Unnerve
|turn|1
|
|t:|1628790303
|switch|p2a: Shuckle|Shuckle, M|100/100
|move|p1a: Calyrex|Trick|p2a: Shuckle
|-activate|p1a: Calyrex|move: Trick|[of] p2a: Shuckle
|-item|p2a: Shuckle|Choice Specs|[from] move: Trick
|-item|p1a: Calyrex|Red Card|[from] move: Trick
|
|upkeep
|turn|2
|
|t:|1628790307
|move|p1a: Calyrex|Astral Barrage|p2a: Shuckle
|-damage|p2a: Shuckle|61/100
|move|p2a: Shuckle|Sticky Web|p1a: Calyrex
|-sidestart|p1: 4125al41|move: Sticky Web
|
|upkeep
|turn|3
|
|t:|1628790311
|switch|p1a: Xerneas|Xerneas|100/100
|-activate|p1a: Xerneas|move: Sticky Web
|-unboost|p1a: Xerneas|spe|1
|-ability|p1a: Xerneas|Fairy Aura
|switch|p2a: Yveltal|Yveltal|100/100
|-ability|p2a: Yveltal|Dark Aura
|
|upkeep
|turn|4
|
|t:|1628790314
|switch|p1a: Ho-Oh|Ho-Oh|100/100
|switch|p2a: Necrozma|Necrozma-Dusk-Mane|100/100
|
|upkeep
|turn|5
|
|t:|1628790318
|switch|p1a: Groudon|Groudon|100/100
|-activate|p1a: Groudon|move: Sticky Web
|-unboost|p1a: Groudon|spe|1
|-weather|SunnyDay|[from] ability: Drought|[of] p1a: Groudon
|move|p2a: Necrozma|Trick Room|p2a: Necrozma
|-fieldstart|move: Trick Room|[of] p2a: Necrozma
|
|-weather|SunnyDay|[upkeep]
|upkeep
|turn|6
|
|t:|1628790321
|switch|p2a: Yveltal|Yveltal|100/100
|-ability|p2a: Yveltal|Dark Aura
|move|p1a: Groudon|Precipice Blades|p2a: Yveltal
|-immune|p2a: Yveltal
|
|-weather|SunnyDay|[upkeep]
|upkeep
|turn|7
|
|t:|1628790323
|move|p1a: Groudon|Thunder Wave|p2a: Yveltal
|-status|p2a: Yveltal|par
|move|p2a: Yveltal|Knock Off|p1a: Groudon
|-damage|p1a: Groudon|60/100
|-enditem|p1a: Groudon|Leftovers|[from] move: Knock Off|[of] p2a: Yveltal
|-damage|p2a: Yveltal|91/100 par|[from] item: Life Orb
|
|-weather|SunnyDay|[upkeep]
|upkeep
|turn|8
|
|t:|1628790325
|move|p2a: Yveltal|Foul Play|p1a: Groudon
|-damage|p1a: Groudon|19/100
|-damage|p2a: Yveltal|81/100 par|[from] item: Life Orb
|move|p1a: Groudon|Stealth Rock|p2a: Yveltal
|-sidestart|p2: tontash|move: Stealth Rock
|
|-weather|SunnyDay|[upkeep]
|upkeep
|turn|9
|
|t:|1628790329
|switch|p1a: Ho-Oh|Ho-Oh|100/100
|move|p2a: Yveltal|Toxic|p1a: Ho-Oh
|-status|p1a: Ho-Oh|tox
|
|-weather|none
|-damage|p1a: Ho-Oh|94/100 tox|[from] psn
|-fieldend|move: Trick Room
|upkeep
|turn|10
|
|t:|1628790333
|move|p1a: Ho-Oh|Sacred Fire|p2a: Yveltal
|-damage|p2a: Yveltal|48/100 par
|move|p2a: Yveltal|Knock Off|p1a: Ho-Oh
|-damage|p1a: Ho-Oh|42/100 tox
|-enditem|p1a: Ho-Oh|Heavy-Duty Boots|[from] move: Knock Off|[of] p2a: Yveltal
|-damage|p2a: Yveltal|38/100 par|[from] item: Life Orb
|
|-damage|p1a: Ho-Oh|30/100 tox|[from] psn
|upkeep
|turn|11
|
|t:|1628790340
|switch|p1a: Xerneas|Xerneas|100/100
|-activate|p1a: Xerneas|move: Sticky Web
|-unboost|p1a: Xerneas|spe|1
|-ability|p1a: Xerneas|Fairy Aura
|move|p2a: Yveltal|Roost|p2a: Yveltal
|-heal|p2a: Yveltal|88/100 par
|-singleturn|p2a: Yveltal|move: Roost
|
|upkeep
|turn|12
|j| megansmells
|
|t:|1628790358
|switch|p2a: Necrozma|Necrozma-Dusk-Mane|100/100
|-damage|p2a: Necrozma|94/100|[from] Stealth Rock
|move|p1a: Xerneas|Play Rough|p2a: Necrozma
|-resisted|p2a: Necrozma
|-damage|p2a: Necrozma|72/100
|
|upkeep
|turn|13
|
|t:|1628790364
|switch|p1a: Groudon|Groudon|19/100
|-activate|p1a: Groudon|move: Sticky Web
|-unboost|p1a: Groudon|spe|1
|-weather|SunnyDay|[from] ability: Drought|[of] p1a: Groudon
|move|p2a: Necrozma|Sunsteel Strike|p1a: Groudon
|-crit|p1a: Groudon
|-damage|p1a: Groudon|0 fnt
|faint|p1a: Groudon
|
|-weather|SunnyDay|[upkeep]
|upkeep
|
|t:|1628790367
|switch|p1a: Ho-Oh|Ho-Oh|64/100 tox
|turn|14
|j| justlivelife
|
|t:|1628790370
|switch|p2a: Yveltal|Yveltal|88/100 par
|-damage|p2a: Yveltal|63/100 par|[from] Stealth Rock
|-ability|p2a: Yveltal|Dark Aura
|move|p1a: Ho-Oh|Sacred Fire|p2a: Yveltal
|-damage|p2a: Yveltal|8/100 par
|
|-weather|SunnyDay|[upkeep]
|-damage|p1a: Ho-Oh|57/100 tox|[from] psn
|upkeep
|turn|15
|
|t:|1628790380
|move|p1a: Ho-Oh|Defog|p2a: Yveltal
|-unboost|p2a: Yveltal|evasion|1
|-sideend|p2: tontash|Stealth Rock|[from] move: Defog|[of] p1a: Ho-Oh
|-sideend|p1: 4125al41|Sticky Web|[from] move: Defog|[of] p1a: Ho-Oh
|move|p2a: Yveltal|Foul Play|p1a: Ho-Oh
|-damage|p1a: Ho-Oh|1/100 tox
|-damage|p2a: Yveltal|0 fnt|[from] item: Life Orb
|faint|p2a: Yveltal
|
|-weather|SunnyDay|[upkeep]
|-damage|p1a: Ho-Oh|0 fnt|[from] psn
|faint|p1a: Ho-Oh
|upkeep
|
|t:|1628790390
|switch|p2a: Shuckle|Shuckle, M|61/100
|switch|p1a: Eternatus|Eternatus|100/100
|-ability|p1a: Eternatus|Pressure
|turn|16
|
|t:|1628790393
|move|p1a: Eternatus|Meteor Beam||[still]
|-prepare|p1a: Eternatus|Meteor Beam
|-boost|p1a: Eternatus|spa|1
|-enditem|p1a: Eternatus|Power Herb
|-anim|p1a: Eternatus|Meteor Beam|p2a: Shuckle
|-supereffective|p2a: Shuckle
|-damage|p2a: Shuckle|0 fnt
|faint|p2a: Shuckle
|
|-weather|SunnyDay|[upkeep]
|upkeep
|
|t:|1628790408
|switch|p2a: Kyogre|Kyogre|100/100
|-weather|RainDance|[from] ability: Drizzle|[of] p2a: Kyogre
|turn|17
|
|t:|1628790411
|move|p2a: Kyogre|Ice Beam|p1a: Eternatus
|-supereffective|p1a: Eternatus
|-damage|p1a: Eternatus|40/100
|move|p1a: Eternatus|Dynamax Cannon|p2a: Kyogre
|-damage|p2a: Kyogre|32/100
|
|-weather|RainDance|[upkeep]
|upkeep
|turn|18
|
|t:|1628790416
|switch|p1a: Calyrex|Calyrex-Shadow|100/100
|-ability|p1a: Calyrex|As One
|-ability|p1a: Calyrex|Unnerve
|move|p2a: Kyogre|Ice Beam|p1a: Calyrex
|-damage|p1a: Calyrex|65/100
|-enditem|p1a: Calyrex|Red Card|[of] p2a: Kyogre
|drag|p2a: Marshadow|Marshadow|100/100
|
|-weather|RainDance|[upkeep]
|upkeep
|turn|19
|
|t:|1628790421
|switch|p1a: Xerneas|Xerneas|100/100
|-ability|p1a: Xerneas|Fairy Aura
|move|p2a: Marshadow|Shadow Sneak|p1a: Xerneas
|-damage|p1a: Xerneas|70/100
|
|-weather|RainDance|[upkeep]
|upkeep
|turn|20
|
|t:|1628790424
|move|p1a: Xerneas|Play Rough|p2a: Marshadow
|-supereffective|p2a: Marshadow
|-enditem|p2a: Marshadow|Focus Sash
|-damage|p2a: Marshadow|1/100
|move|p2a: Marshadow|Spectral Thief|p1a: Xerneas
|-damage|p1a: Xerneas|30/100
|
|-weather|RainDance|[upkeep]
|upkeep
|turn|21
|
|t:|1628790431
|move|p2a: Marshadow|Shadow Sneak|p1a: Xerneas
|-damage|p1a: Xerneas|3/100
|move|p1a: Xerneas|Play Rough|p2a: Marshadow
|-supereffective|p2a: Marshadow
|-damage|p2a: Marshadow|0 fnt
|faint|p2a: Marshadow
|
|-weather|none
|upkeep
|
|t:|1628790436
|switch|p2a: Necrozma|Necrozma-Dusk-Mane|72/100
|turn|22
|
|t:|1628790450
|switch|p1a: Eternatus|Eternatus|40/100
|-ability|p1a: Eternatus|Pressure
|move|p2a: Necrozma|Trick Room|p2a: Necrozma
|-fieldstart|move: Trick Room|[of] p2a: Necrozma
|
|upkeep
|turn|23
|
|t:|1628790455
|move|p2a: Necrozma|Sunsteel Strike|p1a: Eternatus
|-damage|p1a: Eternatus|0 fnt
|faint|p1a: Eternatus
|
|upkeep
|
|t:|1628790457
|switch|p1a: tensa-zangetsu|Marshadow|100/100
|turn|24
|
|t:|1628790465
|move|p2a: Necrozma|Sunsteel Strike|p1a: tensa-zangetsu
|-damage|p1a: tensa-zangetsu|15/100
|move|p1a: tensa-zangetsu|Spectral Thief|p2a: Necrozma
|-supereffective|p2a: Necrozma
|-damage|p2a: Necrozma|26/100
|-enditem|p2a: Necrozma|Weakness Policy
|-boost|p2a: Necrozma|atk|2|[from] item: Weakness Policy
|-boost|p2a: Necrozma|spa|2|[from] item: Weakness Policy
|
|upkeep
|turn|25
|
|t:|1628790470
|move|p1a: tensa-zangetsu|Shadow Sneak|p2a: Necrozma
|-supereffective|p2a: Necrozma
|-damage|p2a: Necrozma|0 fnt
|faint|p2a: Necrozma
|
|upkeep
|
|t:|1628790481
|switch|p2a: Calyrex|Calyrex-Shadow|100/100
|-ability|p2a: Calyrex|As One
|-ability|p2a: Calyrex|Unnerve
|turn|26
|
|t:|1628790489
|switch|p1a: Calyrex|Calyrex-Shadow|65/100
|-ability|p1a: Calyrex|As One
|-ability|p1a: Calyrex|Unnerve
|move|p2a: Calyrex|Draining Kiss|p1a: Calyrex
|-damage|p1a: Calyrex|44/100
|
|-fieldend|move: Trick Room
|upkeep
|turn|27
|
|t:|1628790492
|move|p1a: Calyrex|Astral Barrage|p2a: Calyrex
|-supereffective|p2a: Calyrex
|-enditem|p2a: Calyrex|Focus Sash
|-damage|p2a: Calyrex|1/100
|move|p2a: Calyrex|Astral Barrage|p1a: Calyrex
|-supereffective|p1a: Calyrex
|-damage|p1a: Calyrex|0 fnt
|faint|p1a: Calyrex
|-ability|p2a: Calyrex|Grim Neigh|boost
|-boost|p2a: Calyrex|spa|1
|
|upkeep
|
|t:|1628790501
|switch|p1a: Xerneas|Xerneas|3/100
|-ability|p1a: Xerneas|Fairy Aura
|turn|28
|
|t:|1628790506
|move|p1a: Xerneas|Night Slash|p2a: Calyrex
|-supereffective|p2a: Calyrex
|-damage|p2a: Calyrex|0 fnt
|faint|p2a: Calyrex
|
|upkeep
|
|t:|1628790508
|switch|p2a: Kyogre|Kyogre|32/100
|-weather|RainDance|[from] ability: Drizzle|[of] p2a: Kyogre
|turn|29
|
|t:|1628790512
|move|p2a: Kyogre|Ice Beam|p1a: Xerneas
|-crit|p1a: Xerneas
|-damage|p1a: Xerneas|0 fnt
|faint|p1a: Xerneas
|
|-weather|RainDance|[upkeep]
|upkeep
|
|t:|1628790514
|switch|p1a: tensa-zangetsu|Marshadow|15/100
|turn|30
|
|t:|1628790516
|move|p1a: tensa-zangetsu|Shadow Sneak|p2a: Kyogre
|-damage|p2a: Kyogre|0 fnt
|faint|p2a: Kyogre
|
|win|4125al41
|n|☆4125al41|4125al41
|n|☆tontash|tontash
|n| megansmells|megansmells
|n| justlivelife|justlivelife
