|raw|<div class="broadcast-blue"><strong>This battle is required to be public due to a player having a name starting with 'ult4pdr'.</div>
|j|☆ULT4PDR Murder
|j|☆LeBarBURR2
|t:|1654016094
|gametype|singles
|player|p1|ULT4PDR Murder|rocketgrunt|1405
|player|p2|LeBarBURR2|ruinmaniac-gen3|1389
|teamsize|p1|6
|teamsize|p2|6
|gen|8
|tier|[Gen 8] Ubers
|rated|
|rule|Sleep Clause Mod: Limit one foe put to sleep
|rule|Species Clause: Limit one of each Pokémon
|rule|OHKO Clause: OHKO moves are banned
|rule|Evasion Moves Clause: Evasion moves are banned
|rule|Endless Battle Clause: Forcing endless battles is banned
|rule|HP Percentage Mod: HP is shown in percentages
|rule|Dynamax Clause: You cannot dynamax
|clearpoke
|poke|p1|Necrozma-Dusk-Mane|
|poke|p1|Yveltal|
|poke|p1|Eternatus|
|poke|p1|Ho-Oh|
|poke|p1|Xerneas-*|
|poke|p1|Giratina-Origin|
|poke|p2|Umbreon, M|
|poke|p2|Xerneas-*|
|poke|p2|Necrozma-Dusk-Mane|
|poke|p2|Zygarde|
|poke|p2|Dracovish|
|poke|p2|Darmanitan-Galar, F|
|teampreview
|inactive|Battle timer is ON: inactive players will automatically lose when time's up. (requested by LeBarBURR2)
|
|t:|1654016115
|start
|switch|p1a: Ho-Oh|Ho-Oh|100/100
|switch|p2a: Darmanitan|Darmanitan-Galar, F|100/100
|turn|1
|
|t:|1654016139
|switch|p1a: Necrozma|Necrozma-Dusk-Mane|100/100
|move|p2a: Darmanitan|Rock Slide|p1a: Necrozma|[miss]
|-miss|p2a: Darmanitan|p1a: Necrozma
|
|upkeep
|turn|2
|
|t:|1654016153
|switch|p2a: Zygarde|Zygarde|100/100
|move|p1a: Necrozma|Stealth Rock|p2a: Zygarde
|-sidestart|p2: LeBarBURR2|move: Stealth Rock
|
|upkeep
|turn|3
|
|t:|1654016159
|switch|p1a: Xerneas|Xerneas|100/100
|-ability|p1a: Xerneas|Fairy Aura
|move|p2a: Zygarde|Glare|p1a: Xerneas
|-status|p1a: Xerneas|par
|
|upkeep
|turn|4
|
|t:|1654016165
|switch|p2a: Necrozma|Necrozma-Dusk-Mane|100/100
|-damage|p2a: Necrozma|94/100|[from] Stealth Rock
|move|p1a: Xerneas|Moonblast|p2a: Necrozma
|-resisted|p2a: Necrozma
|-damage|p2a: Necrozma|79/100
|
|-heal|p2a: Necrozma|85/100|[from] item: Leftovers
|upkeep
|turn|5
|
|t:|1654016172
|switch|p1a: Giratina|Giratina-Origin|100/100
|move|p2a: Necrozma|Stealth Rock|p1a: Giratina
|-sidestart|p1: ULT4PDR Murder|move: Stealth Rock
|
|-heal|p2a: Necrozma|91/100|[from] item: Leftovers
|upkeep
|turn|6
|
|t:|1654016180
|switch|p2a: Umbreon|Umbreon, M, shiny|100/100
|-damage|p2a: Umbreon|88/100|[from] Stealth Rock
|move|p1a: Giratina|Thunder Wave|p2a: Umbreon
|-status|p2a: Umbreon|par
|-activate|p2a: Umbreon|ability: Synchronize
|-status|p1a: Giratina|par
|
|-heal|p2a: Umbreon|94/100 par|[from] item: Leftovers
|upkeep
|turn|7
|
|t:|1654016186
|switch|p1a: Xerneas|Xerneas|100/100 par
|-damage|p1a: Xerneas|88/100 par|[from] Stealth Rock
|-ability|p1a: Xerneas|Fairy Aura
|move|p2a: Umbreon|Foul Play|p1a: Xerneas
|-resisted|p1a: Xerneas
|-damage|p1a: Xerneas|76/100 par
|
|-heal|p2a: Umbreon|99/100 par|[from] item: Leftovers
|upkeep
|turn|8
|
|t:|1654016193
|switch|p2a: Necrozma|Necrozma-Dusk-Mane|91/100
|-damage|p2a: Necrozma|85/100|[from] Stealth Rock
|move|p1a: Xerneas|Aromatherapy|p1a: Xerneas
|-activate|p1a: Xerneas|move: Aromatherapy
|-curestatus|p1a: Xerneas|par|[msg]
|-curestatus|p1: Giratina|par|[msg]
|
|-heal|p2a: Necrozma|91/100|[from] item: Leftovers
|upkeep
|turn|9
|
|t:|1654016203
|switch|p1a: Giratina|Giratina-Origin|100/100
|-damage|p1a: Giratina|88/100|[from] Stealth Rock
|move|p2a: Necrozma|Thunder Wave|p1a: Giratina
|-status|p1a: Giratina|par
|
|-heal|p2a: Necrozma|97/100|[from] item: Leftovers
|upkeep
|turn|10
|
|t:|1654016213
|move|p2a: Necrozma|Iron Head|p1a: Giratina
|-damage|p1a: Giratina|65/100 par
|cant|p1a: Giratina|par
|
|-heal|p2a: Necrozma|100/100|[from] item: Leftovers
|upkeep
|turn|11
|
|t:|1654016219
|move|p2a: Necrozma|Iron Head|p1a: Giratina
|-crit|p1a: Giratina
|-damage|p1a: Giratina|24/100 par
|cant|p1a: Giratina|par
|
|upkeep
|turn|12
|
|t:|1654016228
|move|p2a: Necrozma|Iron Head|p1a: Giratina
|-damage|p1a: Giratina|0 fnt
|faint|p1a: Giratina
|
|upkeep
|
|t:|1654016231
|switch|p1a: Eternatus|Eternatus|100/100
|-ability|p1a: Eternatus|Pressure
|turn|13
|inactive|LeBarBURR2 has 120 seconds left.
|
|t:|1654016273
|move|p1a: Eternatus|Cosmic Power|p1a: Eternatus
|-boost|p1a: Eternatus|def|1
|-boost|p1a: Eternatus|spd|1
|move|p2a: Necrozma|Thunder Wave|p1a: Eternatus
|-status|p1a: Eternatus|par
|
|upkeep
|turn|14
|
|t:|1654016288
|switch|p2a: Darmanitan|Darmanitan-Galar, F|100/100
|-damage|p2a: Darmanitan|76/100|[from] Stealth Rock
|move|p1a: Eternatus|Cosmic Power|p1a: Eternatus
|-boost|p1a: Eternatus|def|1
|-boost|p1a: Eternatus|spd|1
|
|upkeep
|turn|15
|
|t:|1654016297
|switch|p1a: Necrozma|Necrozma-Dusk-Mane|100/100
|-damage|p1a: Necrozma|94/100|[from] Stealth Rock
|move|p2a: Darmanitan|Icicle Crash|p1a: Necrozma
|-resisted|p1a: Necrozma
|-damage|p1a: Necrozma|53/100
|
|-heal|p1a: Necrozma|59/100|[from] item: Leftovers
|upkeep
|turn|16
|
|t:|1654016304
|switch|p2a: Zygarde|Zygarde|100/100
|-damage|p2a: Zygarde|94/100|[from] Stealth Rock
|move|p1a: Necrozma|Morning Sun|p1a: Necrozma
|-heal|p1a: Necrozma|100/100
|
|-heal|p2a: Zygarde|100/100|[from] item: Leftovers
|upkeep
|turn|17
|
|t:|1654016311
|switch|p1a: Xerneas|Xerneas|76/100
|-damage|p1a: Xerneas|63/100|[from] Stealth Rock
|-ability|p1a: Xerneas|Fairy Aura
|move|p2a: Zygarde|Thousand Arrows|p1a: Xerneas
|-damage|p1a: Xerneas|44/100
|
|upkeep
|turn|18
|
|t:|1654016316
|switch|p2a: Necrozma|Necrozma-Dusk-Mane|100/100
|-damage|p2a: Necrozma|94/100|[from] Stealth Rock
|move|p1a: Xerneas|Rest|p1a: Xerneas
|-status|p1a: Xerneas|slp|[from] move: Rest
|-heal|p1a: Xerneas|100/100 slp|[silent]
|
|-heal|p2a: Necrozma|100/100|[from] item: Leftovers
|upkeep
|turn|19
|inactive|LeBarBURR2 has 120 seconds left.
|
|t:|1654016357
|switch|p1a: Eternatus|Eternatus|100/100 par
|-ability|p1a: Eternatus|Pressure
|move|p2a: Necrozma|Stealth Rock||[still]
|-fail|p2a: Necrozma
|
|upkeep
|turn|20
|
|t:|1654016365
|cant|p1a: Eternatus|par
|move|p2a: Necrozma|Iron Head|p1a: Eternatus
|-damage|p1a: Eternatus|71/100 par
|
|upkeep
|turn|21
|
|t:|1654016370
|move|p1a: Eternatus|Cosmic Power|p1a: Eternatus
|-boost|p1a: Eternatus|def|1
|-boost|p1a: Eternatus|spd|1
|move|p2a: Necrozma|Iron Head|p1a: Eternatus
|-damage|p1a: Eternatus|50/100 par
|
|upkeep
|turn|22
|
|t:|1654016374
|switch|p2a: Xerneas|Xerneas|100/100
|-ability|p2a: Xerneas|Fairy Aura
|move|p1a: Eternatus|Recover|p1a: Eternatus
|-heal|p1a: Eternatus|99/100 par
|
|upkeep
|turn|23
|
|t:|1654016382
|move|p2a: Xerneas|Defog|p1a: Eternatus
|-unboost|p1a: Eternatus|evasion|1
|-sideend|p1: ULT4PDR Murder|Stealth Rock|[from] move: Defog|[of] p2a: Xerneas
|-sideend|p2: LeBarBURR2|Stealth Rock|[from] move: Defog|[of] p2a: Xerneas
|move|p1a: Eternatus|Cosmic Power|p1a: Eternatus
|-boost|p1a: Eternatus|def|1
|-boost|p1a: Eternatus|spd|1
|
|upkeep
|turn|24
|
|t:|1654016387
|switch|p2a: Zygarde|Zygarde|100/100
|move|p1a: Eternatus|Dragon Pulse|p2a: Zygarde
|-supereffective|p2a: Zygarde
|-damage|p2a: Zygarde|31/100
|
|-heal|p2a: Zygarde|38/100|[from] item: Leftovers
|-activate|p2a: Zygarde|ability: Power Construct
|detailschange|p2a: Zygarde|Zygarde-Complete
|-heal|p2a: Zygarde|59/100|[silent]
|upkeep
|turn|25
|
|t:|1654016396
|switch|p2a: Xerneas|Xerneas|100/100
|-ability|p2a: Xerneas|Fairy Aura
|cant|p1a: Eternatus|par
|
|upkeep
|turn|26
|
|t:|1654016413
|move|p2a: Xerneas|Moonblast|p1a: Eternatus
|-damage|p1a: Eternatus|81/100 par
|-unboost|p1a: Eternatus|spa|1
|cant|p1a: Eternatus|par
|
|upkeep
|turn|27
|
|t:|1654016420
|move|p2a: Xerneas|Thunder Wave|p1a: Eternatus
|-fail|p1a: Eternatus|par
|move|p1a: Eternatus|Recover|p1a: Eternatus
|-heal|p1a: Eternatus|100/100 par
|
|upkeep
|turn|28
|
|t:|1654016426
|switch|p1a: Ho-Oh|Ho-Oh|100/100
|move|p2a: Xerneas|Thunder Wave|p1a: Ho-Oh
|-status|p1a: Ho-Oh|par
|
|upkeep
|turn|29
|
|t:|1654016436
|switch|p2a: Zygarde|Zygarde-Complete|59/100
|move|p1a: Ho-Oh|Brave Bird|p2a: Zygarde
|-damage|p2a: Zygarde|25/100
|-damage|p1a: Ho-Oh|80/100 par|[from] Recoil
|
|-heal|p2a: Zygarde|31/100|[from] item: Leftovers
|upkeep
|turn|30
|
|t:|1654016448
|switch|p1a: Xerneas|Xerneas|100/100 slp
|-ability|p1a: Xerneas|Fairy Aura
|move|p2a: Zygarde|Rest|p2a: Zygarde
|-status|p2a: Zygarde|slp|[from] move: Rest
|-heal|p2a: Zygarde|100/100 slp|[silent]
|
|upkeep
|turn|31
|
|t:|1654016454
|switch|p2a: Necrozma|Necrozma-Dusk-Mane|100/100
|cant|p1a: Xerneas|slp
|move|p1a: Xerneas|Sleep Talk|p1a: Xerneas
|move|p1a: Xerneas|Aromatherapy|p1a: Xerneas|[from]move: Sleep Talk
|-activate|p1a: Xerneas|move: Aromatherapy
|-curestatus|p1a: Xerneas|slp|[msg]
|-curestatus|p1: Eternatus|par|[msg]
|-curestatus|p1: Ho-Oh|par|[msg]
|
|upkeep
|turn|32
|
|t:|1654016464
|switch|p1a: Eternatus|Eternatus|100/100
|-ability|p1a: Eternatus|Pressure
|move|p2a: Necrozma|Stealth Rock|p1a: Eternatus
|-sidestart|p1: ULT4PDR Murder|move: Stealth Rock
|
|upkeep
|turn|33
|
|t:|1654016470
|switch|p1a: Necrozma|Necrozma-Dusk-Mane|100/100
|-damage|p1a: Necrozma|94/100|[from] Stealth Rock
|move|p2a: Necrozma|Thunder Wave|p1a: Necrozma
|-status|p1a: Necrozma|par
|
|-heal|p1a: Necrozma|100/100 par|[from] item: Leftovers
|upkeep
|turn|34
|
|t:|1654016475
|switch|p2a: Dracovish|Dracovish|100/100
|move|p1a: Necrozma|Stealth Rock|p2a: Dracovish
|-sidestart|p2: LeBarBURR2|move: Stealth Rock
|
|upkeep
|turn|35
|
|t:|1654016486
|switch|p1a: Ho-Oh|Ho-Oh|100/100
|-damage|p1a: Ho-Oh|51/100|[from] Stealth Rock
|move|p2a: Dracovish|Fishious Rend|p1a: Ho-Oh
|-supereffective|p1a: Ho-Oh
|-damage|p1a: Ho-Oh|0 fnt
|faint|p1a: Ho-Oh
|
|upkeep
|
|t:|1654016488
|switch|p1a: Eternatus|Eternatus|100/100
|-ability|p1a: Eternatus|Pressure
|turn|36
|
|t:|1654016491
|switch|p2a: Necrozma|Necrozma-Dusk-Mane|100/100
|-damage|p2a: Necrozma|94/100|[from] Stealth Rock
|move|p1a: Eternatus|Cosmic Power|p1a: Eternatus
|-boost|p1a: Eternatus|def|1
|-boost|p1a: Eternatus|spd|1
|
|-heal|p2a: Necrozma|100/100|[from] item: Leftovers
|upkeep
|turn|37
|
|t:|1654016494
|move|p1a: Eternatus|Cosmic Power|p1a: Eternatus
|-boost|p1a: Eternatus|def|1
|-boost|p1a: Eternatus|spd|1
|move|p2a: Necrozma|Thunder Wave|p1a: Eternatus
|-status|p1a: Eternatus|par
|
|upkeep
|turn|38
|
|t:|1654016499
|switch|p2a: Umbreon|Umbreon, M, shiny|99/100 par
|-damage|p2a: Umbreon|88/100 par|[from] Stealth Rock
|move|p1a: Eternatus|Cosmic Power|p1a: Eternatus
|-boost|p1a: Eternatus|def|1
|-boost|p1a: Eternatus|spd|1
|
|-heal|p2a: Umbreon|94/100 par|[from] item: Leftovers
|upkeep
|turn|39
|
|t:|1654016502
|move|p1a: Eternatus|Cosmic Power|p1a: Eternatus
|-boost|p1a: Eternatus|def|1
|-boost|p1a: Eternatus|spd|1
|move|p2a: Umbreon|Heal Bell|p2a: Umbreon
|-activate|p2a: Umbreon|move: Heal Bell
|-curestatus|p2a: Umbreon|par|[msg]
|-curestatus|p2: Zygarde|slp|[msg]
|
|-heal|p2a: Umbreon|99/100|[from] item: Leftovers
|upkeep
|turn|40
|
|t:|1654016507
|switch|p2a: Xerneas|Xerneas|100/100
|-ability|p2a: Xerneas|Fairy Aura
|move|p1a: Eternatus|Meteor Beam||[still]
|-prepare|p1a: Eternatus|Meteor Beam
|-boost|p1a: Eternatus|spa|1
|
|upkeep
|turn|41
|
|t:|1654016511
|switch|p2a: Necrozma|Necrozma-Dusk-Mane|100/100
|-damage|p2a: Necrozma|94/100|[from] Stealth Rock
|cant|p1a: Eternatus|par
|
|-heal|p2a: Necrozma|100/100|[from] item: Leftovers
|upkeep
|turn|42
|
|t:|1654016518
|switch|p2a: Xerneas|Xerneas|100/100
|-ability|p2a: Xerneas|Fairy Aura
|cant|p1a: Eternatus|par
|
|upkeep
|turn|43
|
|t:|1654016533
|move|p2a: Xerneas|Defog|p1a: Eternatus
|-unboost|p1a: Eternatus|evasion|1
|-sideend|p1: ULT4PDR Murder|Stealth Rock|[from] move: Defog|[of] p2a: Xerneas
|-sideend|p2: LeBarBURR2|Stealth Rock|[from] move: Defog|[of] p2a: Xerneas
|move|p1a: Eternatus|Cosmic Power|p1a: Eternatus
|-boost|p1a: Eternatus|def|1
|-boost|p1a: Eternatus|spd|1
|
|upkeep
|turn|44
|
|t:|1654016538
|switch|p2a: Necrozma|Necrozma-Dusk-Mane|100/100
|move|p1a: Eternatus|Dragon Pulse|p2a: Necrozma
|-resisted|p2a: Necrozma
|-damage|p2a: Necrozma|82/100
|
|-heal|p2a: Necrozma|88/100|[from] item: Leftovers
|upkeep
|turn|45
|
|t:|1654016542
|move|p2a: Necrozma|Stealth Rock|p1a: Eternatus
|-sidestart|p1: ULT4PDR Murder|move: Stealth Rock
|cant|p1a: Eternatus|par
|
|-heal|p2a: Necrozma|94/100|[from] item: Leftovers
|upkeep
|turn|46
|
|t:|1654016546
|switch|p2a: Zygarde|Zygarde-Complete|100/100
|cant|p1a: Eternatus|par
|
|upkeep
|turn|47
|
|t:|1654016550
|switch|p2a: Xerneas|Xerneas|100/100
|-ability|p2a: Xerneas|Fairy Aura
|move|p1a: Eternatus|Meteor Beam||[still]
|-prepare|p1a: Eternatus|Meteor Beam
|-boost|p1a: Eternatus|spa|1
|
|upkeep
|turn|48
|
|t:|1654016558
|switch|p2a: Necrozma|Necrozma-Dusk-Mane|94/100
|cant|p1a: Eternatus|par
|
|-heal|p2a: Necrozma|99/100|[from] item: Leftovers
|upkeep
|turn|49
|
|t:|1654016563
|switch|p2a: Xerneas|Xerneas|100/100
|-ability|p2a: Xerneas|Fairy Aura
|move|p1a: Eternatus|Meteor Beam||[still]
|-prepare|p1a: Eternatus|Meteor Beam
|-boost|p1a: Eternatus|spa|1
|
|upkeep
|turn|50
|
|t:|1654016566
|switch|p2a: Necrozma|Necrozma-Dusk-Mane|99/100
|move|p1a: Eternatus|Meteor Beam|p2a: Necrozma|[from]lockedmove
|-resisted|p2a: Necrozma
|-damage|p2a: Necrozma|71/100
|
|-heal|p2a: Necrozma|77/100|[from] item: Leftovers
|upkeep
|turn|51
|
|t:|1654016570
|switch|p2a: Xerneas|Xerneas|100/100
|-ability|p2a: Xerneas|Fairy Aura
|move|p1a: Eternatus|Dragon Pulse|p2a: Xerneas
|-immune|p2a: Xerneas
|
|upkeep
|turn|52
|
|t:|1654016574
|move|p2a: Xerneas|Thunder Wave|p1a: Eternatus
|-fail|p1a: Eternatus|par
|move|p1a: Eternatus|Dragon Pulse|p2a: Xerneas
|-immune|p2a: Xerneas
|
|upkeep
|turn|53
|
|t:|1654016596
|move|p2a: Xerneas|Thunder Wave|p1a: Eternatus
|-fail|p1a: Eternatus|par
|move|p1a: Eternatus|Meteor Beam||[still]
|-prepare|p1a: Eternatus|Meteor Beam
|-boost|p1a: Eternatus|spa|1
|
|upkeep
|turn|54
|
|t:|1654016603
|switch|p2a: Necrozma|Necrozma-Dusk-Mane|77/100
|move|p1a: Eternatus|Meteor Beam|p2a: Necrozma|[from]lockedmove
|-resisted|p2a: Necrozma
|-damage|p2a: Necrozma|43/100
|
|-heal|p2a: Necrozma|49/100|[from] item: Leftovers
|upkeep
|turn|55
|
|t:|1654016610
|move|p1a: Eternatus|Meteor Beam||[still]
|-prepare|p1a: Eternatus|Meteor Beam
|-boost|p1a: Eternatus|spa|1
|move|p2a: Necrozma|Morning Sun|p2a: Necrozma
|-heal|p2a: Necrozma|99/100
|
|-heal|p2a: Necrozma|100/100|[from] item: Leftovers
|upkeep
|turn|56
|
|t:|1654016635
|move|p2a: Necrozma|Thunder Wave|p1a: Eternatus
|-fail|p1a: Eternatus|par
|move|p1a: Eternatus|Meteor Beam|p2a: Necrozma|[from]lockedmove
|-resisted|p2a: Necrozma
|-damage|p2a: Necrozma|65/100
|
|-heal|p2a: Necrozma|71/100|[from] item: Leftovers
|upkeep
|turn|57
|
|t:|1654016643
|switch|p2a: Xerneas|Xerneas|100/100
|-ability|p2a: Xerneas|Fairy Aura
|move|p1a: Eternatus|Dragon Pulse|p2a: Xerneas
|-immune|p2a: Xerneas
|
|upkeep
|turn|58
|
|t:|1654016647
|switch|p2a: Necrozma|Necrozma-Dusk-Mane|71/100
|move|p1a: Eternatus|Meteor Beam||[still]
|-prepare|p1a: Eternatus|Meteor Beam
|-boost|p1a: Eternatus|spa|1
|
|-heal|p2a: Necrozma|77/100|[from] item: Leftovers
|upkeep
|turn|59
|
|t:|1654016651
|move|p2a: Necrozma|Morning Sun|p2a: Necrozma
|-heal|p2a: Necrozma|100/100
|move|p1a: Eternatus|Meteor Beam|p2a: Necrozma|[from]lockedmove
|-resisted|p2a: Necrozma
|-damage|p2a: Necrozma|57/100
|
|-heal|p2a: Necrozma|63/100|[from] item: Leftovers
|upkeep
|turn|60
|
|t:|1654016657
|switch|p2a: Xerneas|Xerneas|100/100
|-ability|p2a: Xerneas|Fairy Aura
|move|p1a: Eternatus|Meteor Beam||[still]
|-prepare|p1a: Eternatus|Meteor Beam
|-boost|p1a: Eternatus|spa|0
|
|upkeep
|turn|61
|
|t:|1654016666
|switch|p2a: Umbreon|Umbreon, M, shiny|99/100
|move|p1a: Eternatus|Meteor Beam|p2a: Umbreon|[from]lockedmove
|-damage|p2a: Umbreon|21/100
|
|-heal|p2a: Umbreon|27/100|[from] item: Leftovers
|upkeep
|turn|62
|
|t:|1654016675
|switch|p2a: Xerneas|Xerneas|100/100
|-ability|p2a: Xerneas|Fairy Aura
|move|p1a: Eternatus|Dragon Pulse|p2a: Xerneas
|-immune|p2a: Xerneas
|
|upkeep
|turn|63
|inactive|LeBarBURR2 has 120 seconds left.
|
|t:|1654016710
|switch|p2a: Necrozma|Necrozma-Dusk-Mane|63/100
|move|p1a: Eternatus|Meteor Beam||[still]
|-prepare|p1a: Eternatus|Meteor Beam
|-boost|p1a: Eternatus|spa|0
|
|-heal|p2a: Necrozma|69/100|[from] item: Leftovers
|upkeep
|turn|64
|
|t:|1654016715
|move|p1a: Eternatus|Meteor Beam|p2a: Necrozma|[from]lockedmove|[miss]
|-miss|p1a: Eternatus|p2a: Necrozma
|move|p2a: Necrozma|Morning Sun|p2a: Necrozma
|-heal|p2a: Necrozma|100/100
|
|upkeep
|turn|65
|
|t:|1654016719
|switch|p2a: Xerneas|Xerneas|100/100
|-ability|p2a: Xerneas|Fairy Aura
|cant|p1a: Eternatus|par
|
|upkeep
|turn|66
|
|t:|1654016723
|move|p2a: Xerneas|Moonblast|p1a: Eternatus
|-damage|p1a: Eternatus|90/100 par
|move|p1a: Eternatus|Cosmic Power|p1a: Eternatus
|-boost|p1a: Eternatus|def|1
|-boost|p1a: Eternatus|spd|1
|
|upkeep
|turn|67
|
|t:|1654016734
|move|p2a: Xerneas|Moonblast|p1a: Eternatus
|-damage|p1a: Eternatus|81/100 par
|move|p1a: Eternatus|Meteor Beam||[still]
|-prepare|p1a: Eternatus|Meteor Beam
|-boost|p1a: Eternatus|spa|0
|
|upkeep
|turn|68
|
|t:|1654016741
|switch|p2a: Necrozma|Necrozma-Dusk-Mane|100/100
|cant|p1a: Eternatus|par
|
|upkeep
|turn|69
|
|t:|1654016747
|switch|p2a: Xerneas|Xerneas|100/100
|-ability|p2a: Xerneas|Fairy Aura
|cant|p1a: Eternatus|par
|
|upkeep
|turn|70
|
|t:|1654016754
|move|p2a: Xerneas|Thunder Wave|p1a: Eternatus
|-fail|p1a: Eternatus|par
|move|p1a: Eternatus|Meteor Beam||[still]
|-prepare|p1a: Eternatus|Meteor Beam
|-boost|p1a: Eternatus|spa|0
|
|upkeep
|turn|71
|
|t:|1654016759
|switch|p2a: Necrozma|Necrozma-Dusk-Mane|100/100
|move|p1a: Eternatus|Meteor Beam|p2a: Necrozma|[from]lockedmove
|-resisted|p2a: Necrozma
|-damage|p2a: Necrozma|60/100
|
|-heal|p2a: Necrozma|66/100|[from] item: Leftovers
|upkeep
|turn|72
|
|t:|1654016767
|move|p2a: Necrozma|Morning Sun|p2a: Necrozma
|-heal|p2a: Necrozma|100/100
|cant|p1a: Eternatus|par
|
|upkeep
|turn|73
|
|t:|1654016773
|move|p2a: Necrozma|Iron Head|p1a: Eternatus
|-damage|p1a: Eternatus|74/100 par
|move|p1a: Eternatus|Cosmic Power|p1a: Eternatus
|-boost|p1a: Eternatus|def|0
|-boost|p1a: Eternatus|spd|0
|
|upkeep
|turn|74
|
|t:|1654016779
|switch|p2a: Xerneas|Xerneas|100/100
|-ability|p2a: Xerneas|Fairy Aura
|move|p1a: Eternatus|Cosmic Power|p1a: Eternatus
|-boost|p1a: Eternatus|def|0
|-boost|p1a: Eternatus|spd|0
|
|upkeep
|turn|75
|
|t:|1654016783
|move|p2a: Xerneas|Thunder Wave|p1a: Eternatus
|-fail|p1a: Eternatus|par
|move|p1a: Eternatus|Cosmic Power|p1a: Eternatus
|-boost|p1a: Eternatus|def|0
|-boost|p1a: Eternatus|spd|0
|
|upkeep
|turn|76
|
|t:|1654016790
|move|p2a: Xerneas|Thunder Wave|p1a: Eternatus
|-fail|p1a: Eternatus|par
|cant|p1a: Eternatus|par
|
|upkeep
|turn|77
|
|t:|1654016795
|move|p2a: Xerneas|Moonblast|p1a: Eternatus
|-damage|p1a: Eternatus|64/100 par
|cant|p1a: Eternatus|par
|
|upkeep
|turn|78
|
|t:|1654016803
|move|p2a: Xerneas|Moonblast|p1a: Eternatus
|-damage|p1a: Eternatus|53/100 par
|-unboost|p1a: Eternatus|spa|1
|move|p1a: Eternatus|Recover|p1a: Eternatus
|-heal|p1a: Eternatus|100/100 par
|
|upkeep
|turn|79
|
|t:|1654016811
|move|p2a: Xerneas|Moonblast|p1a: Eternatus
|-damage|p1a: Eternatus|90/100 par
|move|p1a: Eternatus|Meteor Beam||[still]
|-prepare|p1a: Eternatus|Meteor Beam
|-boost|p1a: Eternatus|spa|1
|
|upkeep
|turn|80
|
|t:|1654016815
|switch|p2a: Necrozma|Necrozma-Dusk-Mane|100/100
|move|p1a: Eternatus|Meteor Beam|p2a: Necrozma|[from]lockedmove
|-resisted|p2a: Necrozma
|-damage|p2a: Necrozma|60/100
|
|-heal|p2a: Necrozma|66/100|[from] item: Leftovers
|upkeep
|turn|81
|
|t:|1654016821
|switch|p2a: Xerneas|Xerneas|100/100
|-ability|p2a: Xerneas|Fairy Aura
|move|p1a: Eternatus|Meteor Beam||[still]
|-prepare|p1a: Eternatus|Meteor Beam
|-boost|p1a: Eternatus|spa|0
|
|upkeep
|turn|82
|
|t:|1654016826
|switch|p2a: Umbreon|Umbreon, M, shiny|27/100
|move|p1a: Eternatus|Meteor Beam|p2a: Umbreon|[from]lockedmove
|-damage|p2a: Umbreon|0 fnt
|faint|p2a: Umbreon
|
|upkeep
|
|t:|1654016828
|switch|p2a: Necrozma|Necrozma-Dusk-Mane|66/100
|turn|83
|
|t:|1654016837
|move|p2a: Necrozma|Morning Sun|p2a: Necrozma
|-heal|p2a: Necrozma|100/100
|move|p1a: Eternatus|Dragon Pulse|p2a: Necrozma
|-resisted|p2a: Necrozma
|-damage|p2a: Necrozma|58/100
|
|-heal|p2a: Necrozma|64/100|[from] item: Leftovers
|upkeep
|turn|84
|
|t:|1654016843
|switch|p2a: Xerneas|Xerneas|100/100
|-ability|p2a: Xerneas|Fairy Aura
|move|p1a: Eternatus|Meteor Beam||[still]
|-prepare|p1a: Eternatus|Meteor Beam
|-boost|p1a: Eternatus|spa|0
|
|upkeep
|turn|85
|
|t:|1654016847
|switch|p2a: Zygarde|Zygarde-Complete|100/100
|move|p1a: Eternatus|Meteor Beam|p2a: Zygarde|[from]lockedmove|[miss]
|-miss|p1a: Eternatus|p2a: Zygarde
|
|upkeep
|turn|86
|
|t:|1654016852
|switch|p2a: Xerneas|Xerneas|100/100
|-ability|p2a: Xerneas|Fairy Aura
|move|p1a: Eternatus|Dragon Pulse|p2a: Xerneas
|-immune|p2a: Xerneas
|
|upkeep
|turn|87
|
|t:|1654016856
|switch|p2a: Necrozma|Necrozma-Dusk-Mane|64/100
|move|p1a: Eternatus|Dragon Pulse|p2a: Necrozma
|-resisted|p2a: Necrozma
|-damage|p2a: Necrozma|19/100
|
|-heal|p2a: Necrozma|25/100|[from] item: Leftovers
|upkeep
|turn|88
|
|t:|1654016866
|move|p1a: Eternatus|Dragon Pulse|p2a: Necrozma
|-resisted|p2a: Necrozma
|-damage|p2a: Necrozma|0 fnt
|faint|p2a: Necrozma
|
|upkeep
|
|t:|1654016877
|switch|p2a: Zygarde|Zygarde-Complete|100/100
|turn|89
|
|t:|1654016886
|switch|p2a: Xerneas|Xerneas|100/100
|-ability|p2a: Xerneas|Fairy Aura
|move|p1a: Eternatus|Meteor Beam||[still]
|-prepare|p1a: Eternatus|Meteor Beam
|-boost|p1a: Eternatus|spa|0
|
|upkeep
|turn|90
|
|t:|1654016890
|switch|p2a: Zygarde|Zygarde-Complete|100/100
|move|p1a: Eternatus|Meteor Beam|p2a: Zygarde|[from]lockedmove
|-resisted|p2a: Zygarde
|-damage|p2a: Zygarde|60/100
|
|-heal|p2a: Zygarde|66/100|[from] item: Leftovers
|upkeep
|turn|91
|
|t:|1654016897
|switch|p2a: Xerneas|Xerneas|100/100
|-ability|p2a: Xerneas|Fairy Aura
|move|p1a: Eternatus|Dragon Pulse|p2a: Xerneas
|-immune|p2a: Xerneas
|
|upkeep
|turn|92
|
|t:|1654016906
|move|p2a: Xerneas|Thunder Wave|p1a: Eternatus
|-fail|p1a: Eternatus|par
|cant|p1a: Eternatus|par
|
|upkeep
|turn|93
|
|t:|1654016913
|move|p2a: Xerneas|Thunder Wave|p1a: Eternatus
|-fail|p1a: Eternatus|par
|cant|p1a: Eternatus|par
|
|upkeep
|turn|94
|
|t:|1654016917
|move|p2a: Xerneas|Thunder Wave|p1a: Eternatus
|-fail|p1a: Eternatus|par
|cant|p1a: Eternatus|par
|
|upkeep
|turn|95
|
|t:|1654016928
|move|p2a: Xerneas|Rest|p2a: Xerneas
|-fail|p2a: Xerneas|heal
|move|p1a: Eternatus|Cosmic Power|p1a: Eternatus
|-boost|p1a: Eternatus|def|0
|-boost|p1a: Eternatus|spd|0
|
|upkeep
|turn|96
|
|t:|1654016936
|move|p2a: Xerneas|Rest|p2a: Xerneas
|-fail|p2a: Xerneas|heal
|cant|p1a: Eternatus|par
|
|upkeep
|turn|97
|
|t:|1654016942
|move|p2a: Xerneas|Rest|p2a: Xerneas
|-fail|p2a: Xerneas|heal
|move|p1a: Eternatus|Meteor Beam||[still]
|-prepare|p1a: Eternatus|Meteor Beam
|-boost|p1a: Eternatus|spa|0
|
|upkeep
|turn|98
|
|t:|1654016946
|switch|p2a: Zygarde|Zygarde-Complete|66/100
|move|p1a: Eternatus|Meteor Beam|p2a: Zygarde|[from]lockedmove
|-resisted|p2a: Zygarde
|-damage|p2a: Zygarde|22/100
|
|-heal|p2a: Zygarde|28/100|[from] item: Leftovers
|upkeep
|turn|99
|
|t:|1654016953
|move|p2a: Zygarde|Rest|p2a: Zygarde
|-status|p2a: Zygarde|slp|[from] move: Rest
|-heal|p2a: Zygarde|100/100 slp|[silent]
|move|p1a: Eternatus|Dragon Pulse|p2a: Zygarde
|-supereffective|p2a: Zygarde
|-damage|p2a: Zygarde|0 fnt
|faint|p2a: Zygarde
|
|upkeep
|
|t:|1654016957
|switch|p2a: Xerneas|Xerneas|100/100
|-ability|p2a: Xerneas|Fairy Aura
|turn|100
|
|t:|1654016962
|move|p2a: Xerneas|Thunder Wave|p1a: Eternatus
|-fail|p1a: Eternatus|par
|move|p1a: Eternatus|Dragon Pulse|p2a: Xerneas
|-immune|p2a: Xerneas
|
|upkeep
|turn|101
|
|t:|1654016967
|move|p2a: Xerneas|Thunder Wave|p1a: Eternatus
|-fail|p1a: Eternatus|par
|cant|p1a: Eternatus|par
|
|upkeep
|turn|102
|
|t:|1654016979
|move|p2a: Xerneas|Moonblast|p1a: Eternatus
|-damage|p1a: Eternatus|79/100 par
|-unboost|p1a: Eternatus|spa|1
|move|p1a: Eternatus|Meteor Beam||[still]
|-prepare|p1a: Eternatus|Meteor Beam
|-boost|p1a: Eternatus|spa|1
|
|upkeep
|turn|103
|
|t:|1654016984
|switch|p2a: Dracovish|Dracovish|100/100
|move|p1a: Eternatus|Meteor Beam|p2a: Dracovish|[from]lockedmove
|-damage|p2a: Dracovish|0 fnt
|faint|p2a: Dracovish
|
|upkeep
|
|t:|1654016988
|switch|p2a: Darmanitan|Darmanitan-Galar, F|76/100
|turn|104
|
|t:|1654016992
|switch|p2a: Xerneas|Xerneas|100/100
|-ability|p2a: Xerneas|Fairy Aura
|cant|p1a: Eternatus|par
|
|upkeep
|turn|105
|
|t:|1654016998
|move|p2a: Xerneas|Rest|p2a: Xerneas
|-fail|p2a: Xerneas|heal
|cant|p1a: Eternatus|par
|
|upkeep
|turn|106
|
|t:|1654017015
|move|p2a: Xerneas|Rest|p2a: Xerneas
|-fail|p2a: Xerneas|heal
|cant|p1a: Eternatus|par
|
|upkeep
|turn|107
|
|t:|1654017021
|move|p2a: Xerneas|Rest|p2a: Xerneas
|-fail|p2a: Xerneas|heal
|cant|p1a: Eternatus|par
|
|upkeep
|turn|108
|
|t:|1654017026
|switch|p2a: Darmanitan|Darmanitan-Galar, F|76/100
|cant|p1a: Eternatus|par
|
|upkeep
|turn|109
|
|t:|1654017031
|switch|p2a: Xerneas|Xerneas|100/100
|-ability|p2a: Xerneas|Fairy Aura
|move|p1a: Eternatus|Cosmic Power|p1a: Eternatus
|-boost|p1a: Eternatus|def|0
|-boost|p1a: Eternatus|spd|0
|
|upkeep
|turn|110
|
|t:|1654017036
|switch|p2a: Darmanitan|Darmanitan-Galar, F|76/100
|move|p1a: Eternatus|Cosmic Power|p1a: Eternatus
|-boost|p1a: Eternatus|def|0
|-boost|p1a: Eternatus|spd|0
|
|upkeep
|turn|111
|
|t:|1654017041
|switch|p2a: Xerneas|Xerneas|100/100
|-ability|p2a: Xerneas|Fairy Aura
|move|p1a: Eternatus|Cosmic Power|p1a: Eternatus
|-boost|p1a: Eternatus|def|0
|-boost|p1a: Eternatus|spd|0
|
|upkeep
|turn|112
|
|t:|1654017044
|move|p2a: Xerneas|Rest|p2a: Xerneas
|-fail|p2a: Xerneas|heal
|move|p1a: Eternatus|Cosmic Power|p1a: Eternatus
|-boost|p1a: Eternatus|def|0
|-boost|p1a: Eternatus|spd|0
|
|upkeep
|turn|113
|
|t:|1654017049
|move|p2a: Xerneas|Defog|p1a: Eternatus
|-unboost|p1a: Eternatus|evasion|1
|-sideend|p1: ULT4PDR Murder|Stealth Rock|[from] move: Defog|[of] p2a: Xerneas
|move|p1a: Eternatus|Dragon Pulse|p2a: Xerneas
|-immune|p2a: Xerneas
|
|upkeep
|turn|114
|
|t:|1654017061
|move|p2a: Xerneas|Defog|p1a: Eternatus
|-unboost|p1a: Eternatus|evasion|1
|move|p1a: Eternatus|Dragon Pulse|p2a: Xerneas
|-immune|p2a: Xerneas
|
|upkeep
|turn|115
|
|t:|1654017064
|move|p2a: Xerneas|Defog|p1a: Eternatus
|-unboost|p1a: Eternatus|evasion|1
|cant|p1a: Eternatus|par
|
|upkeep
|turn|116
|
|t:|1654017070
|move|p2a: Xerneas|Defog|p1a: Eternatus
|-unboost|p1a: Eternatus|evasion|1
|cant|p1a: Eternatus|par
|
|upkeep
|turn|117
|
|t:|1654017075
|switch|p1a: Necrozma|Necrozma-Dusk-Mane|100/100 par
|move|p2a: Xerneas|Defog|p1a: Necrozma
|-unboost|p1a: Necrozma|evasion|1
|
|upkeep
|turn|118
|
|t:|1654017082
|switch|p2a: Darmanitan|Darmanitan-Galar, F|76/100
|move|p1a: Necrozma|Iron Head|p2a: Darmanitan
|-supereffective|p2a: Darmanitan
|-damage|p2a: Darmanitan|0 fnt
|faint|p2a: Darmanitan
|
|upkeep
|-message|LeBarBURR2 forfeited.
|
|win|ULT4PDR Murder
|raw|ULT4PDR Murder's rating: 1405 &rarr; <strong>1425</strong><br />(+20 for winning)
|raw|LeBarBURR2's rating: 1409 &rarr; <strong>1389</strong><br />(-20 for losing)
|l|☆LeBarBURR2
|c|☆ULT4PDR Murder|GG
||Ladder isn't responding, score probably updated but might not have (Request timeout).
