|j|☆Pika Sup
|j|☆Sir Grandmaster
|inactive|Battle timer is ON: inactive players will automatically lose when time's up.
|t:|1669339045
|gametype|singles
|player|p1|Pika Sup|elaine|
|player|p2|Sir Grandmaster|ghetsis|
|teamsize|p1|6
|teamsize|p2|6
|gen|8
|tier|[Gen 8] Ubers
|rated|Tournament battle
|rule|Sleep Clause Mod: Limit one foe put to sleep
|rule|Species Clause: Limit one of each Pokémon
|rule|OHKO Clause: OHKO moves are banned
|rule|Evasion Items Clause: Evasion items are banned
|rule|Evasion Moves Clause: Evasion moves are banned
|rule|Endless Battle Clause: Forcing endless battles is banned
|rule|HP Percentage Mod: HP is shown in percentages
|rule|Dynamax Clause: You cannot dynamax
|clearpoke
|poke|p1|Rayquaza|
|poke|p1|Landorus, M|
|poke|p1|Yveltal|
|poke|p1|Thundurus-Therian, M|
|poke|p1|Lugia|
|poke|p1|Zapdos|
|poke|p2|Ho-Oh|
|poke|p2|Landorus-Therian, M|
|poke|p2|Rayquaza|
|poke|p2|Lugia|
|poke|p2|Yveltal|
|poke|p2|Zapdos|
|teampreview
|j|*Lady Monita ☽
|inactive|Pika Sup also wants the timer to be on.
|j| RUMYMOME
|j| NoTollsNoRolls
|j|%StreetBoom
|inactive|Pika Sup has 120 seconds left.
|
|t:|1669339077
|start
|switch|p1a: Landorus|Landorus, M|100/100
|switch|p2a: Landorus|Landorus-Therian, M|100/100
|-ability|p2a: Landorus|Intimidate|boost
|-unboost|p1a: Landorus|atk|1
|turn|1
|
|t:|1669339081
|move|p2a: Landorus|Stone Edge|p1a: Landorus
|-damage|p1a: Landorus|51/100
|move|p1a: Landorus|Stealth Rock|p2a: Landorus
|-sidestart|p2: Sir Grandmaster|move: Stealth Rock
|
|upkeep
|turn|2
|
|t:|1669339087
|move|p2a: Landorus|Stone Edge|p1a: Landorus|[miss]
|-miss|p2a: Landorus|p1a: Landorus
|move|p1a: Landorus|Knock Off|p2a: Landorus
|-damage|p2a: Landorus|75/100
|-enditem|p2a: Landorus|Choice Scarf|[from] move: Knock Off|[of] p1a: Landorus
|
|upkeep
|turn|3
|
|t:|1669339092
|move|p1a: Landorus|Rock Slide|p2a: Landorus
|-damage|p2a: Landorus|50/100
|move|p2a: Landorus|Stealth Rock|p1a: Landorus
|-sidestart|p1: Pika Sup|move: Stealth Rock
|
|upkeep
|turn|4
|
|t:|1669339095
|move|p1a: Landorus|Explosion|p2a: Landorus
|-damage|p2a: Landorus|0 fnt
|faint|p1a: Landorus
|faint|p2a: Landorus
|
|upkeep
|j| MustardNischal
|l| MustardNischal
|
|t:|1669339108
|switch|p1a: Yveltal|Yveltal|100/100
|switch|p2a: Yveltal|Yveltal|100/100
|-ability|p1a: Yveltal|Dark Aura
|-ability|p2a: Yveltal|Dark Aura
|turn|5
|
|t:|1669339120
|move|p1a: Yveltal|Hone Claws|p1a: Yveltal
|-boost|p1a: Yveltal|atk|1
|-boost|p1a: Yveltal|accuracy|1
|move|p2a: Yveltal|Rock Slide|p1a: Yveltal
|-supereffective|p1a: Yveltal
|-damage|p1a: Yveltal|52/100
|
|upkeep
|turn|6
|
|t:|1669339135
|move|p1a: Yveltal|Knock Off|p2a: Yveltal
|-resisted|p2a: Yveltal
|-damage|p2a: Yveltal|60/100
|-enditem|p2a: Yveltal|Heavy-Duty Boots|[from] move: Knock Off|[of] p1a: Yveltal
|move|p2a: Yveltal|Rock Slide|p1a: Yveltal
|-supereffective|p1a: Yveltal
|-damage|p1a: Yveltal|3/100
|
|upkeep
|turn|7
|
|t:|1669339144
|move|p1a: Yveltal|Roost|p1a: Yveltal
|-heal|p1a: Yveltal|53/100
|-singleturn|p1a: Yveltal|move: Roost
|move|p2a: Yveltal|Knock Off|p1a: Yveltal
|-resisted|p1a: Yveltal
|-damage|p1a: Yveltal|20/100
|-enditem|p1a: Yveltal|Heavy-Duty Boots|[from] move: Knock Off|[of] p2a: Yveltal
|
|upkeep
|turn|8
|
|t:|1669339148
|move|p1a: Yveltal|Roost|p1a: Yveltal
|-heal|p1a: Yveltal|70/100
|-singleturn|p1a: Yveltal|move: Roost
|move|p2a: Yveltal|Rock Slide|p1a: Yveltal|[miss]
|-miss|p2a: Yveltal|p1a: Yveltal
|
|upkeep
|turn|9
|
|t:|1669339158
|move|p1a: Yveltal|Hone Claws|p1a: Yveltal
|-boost|p1a: Yveltal|atk|1
|-boost|p1a: Yveltal|accuracy|1
|move|p2a: Yveltal|Roost|p2a: Yveltal
|-heal|p2a: Yveltal|100/100
|-singleturn|p2a: Yveltal|move: Roost
|
|upkeep
|turn|10
|
|t:|1669339163
|move|p1a: Yveltal|Roost|p1a: Yveltal
|-heal|p1a: Yveltal|100/100
|-singleturn|p1a: Yveltal|move: Roost
|move|p2a: Yveltal|Rock Slide|p1a: Yveltal
|-damage|p1a: Yveltal|76/100
|
|upkeep
|turn|11
|
|t:|1669339168
|move|p1a: Yveltal|Hone Claws|p1a: Yveltal
|-boost|p1a: Yveltal|atk|1
|-boost|p1a: Yveltal|accuracy|1
|move|p2a: Yveltal|Rock Slide|p1a: Yveltal
|-supereffective|p1a: Yveltal
|-damage|p1a: Yveltal|25/100
|
|upkeep
|turn|12
|
|t:|1669339171
|move|p1a: Yveltal|Roost|p1a: Yveltal
|-heal|p1a: Yveltal|75/100
|-singleturn|p1a: Yveltal|move: Roost
|move|p2a: Yveltal|Rock Slide|p1a: Yveltal
|-damage|p1a: Yveltal|51/100
|
|upkeep
|turn|13
|
|t:|1669339177
|move|p1a: Yveltal|Roost|p1a: Yveltal
|-heal|p1a: Yveltal|100/100
|-singleturn|p1a: Yveltal|move: Roost
|move|p2a: Yveltal|Defog|p1a: Yveltal
|-unboost|p1a: Yveltal|evasion|1
|-sideend|p1: Pika Sup|Stealth Rock|[from] move: Defog|[of] p2a: Yveltal
|-sideend|p2: Sir Grandmaster|Stealth Rock|[from] move: Defog|[of] p2a: Yveltal
|
|upkeep
|turn|14
|
|t:|1669339181
|move|p1a: Yveltal|Knock Off|p2a: Yveltal
|-resisted|p2a: Yveltal
|-damage|p2a: Yveltal|55/100
|move|p2a: Yveltal|Rock Slide|p1a: Yveltal
|-supereffective|p1a: Yveltal
|-crit|p1a: Yveltal
|-damage|p1a: Yveltal|21/100
|
|upkeep
|turn|15
|
|t:|1669339192
|switch|p2a: Rayquaza|Rayquaza|100/100
|-ability|p2a: Rayquaza|Air Lock
|move|p1a: Yveltal|Roost|p1a: Yveltal
|-heal|p1a: Yveltal|71/100
|-singleturn|p1a: Yveltal|move: Roost
|
|upkeep
|turn|16
|
|t:|1669339201
|move|p1a: Yveltal|Sucker Punch|p2a: Rayquaza
|-enditem|p2a: Rayquaza|Focus Sash
|-damage|p2a: Rayquaza|1/100
|move|p2a: Rayquaza|Dragon Ascent|p1a: Yveltal
|-damage|p1a: Yveltal|5/100
|-unboost|p2a: Rayquaza|def|1
|-unboost|p2a: Rayquaza|spd|1
|
|upkeep
|turn|17
|
|t:|1669339207
|move|p2a: Rayquaza|Extreme Speed|p1a: Yveltal
|-damage|p1a: Yveltal|0 fnt
|faint|p1a: Yveltal
|
|upkeep
|
|t:|1669339213
|switch|p1a: Lugia|Lugia|100/100
|turn|18
|
|t:|1669339228
|move|p2a: Rayquaza|Extreme Speed|p1a: Lugia
|-damage|p1a: Lugia|90/100
|move|p1a: Lugia|Ice Beam|p2a: Rayquaza
|-supereffective|p2a: Rayquaza
|-damage|p2a: Rayquaza|0 fnt
|faint|p2a: Rayquaza
|
|upkeep
|
|t:|1669339232
|switch|p2a: Lugia|Lugia|100/100
|turn|19
|
|t:|1669339240
|switch|p1a: Zapdos|Zapdos|100/100
|move|p2a: Lugia|Substitute|p2a: Lugia
|-start|p2a: Lugia|Substitute
|-damage|p2a: Lugia|76/100
|
|-heal|p2a: Lugia|82/100|[from] item: Leftovers
|upkeep
|turn|20
|
|t:|1669339243
|move|p1a: Zapdos|Volt Switch|p2a: Lugia
|-supereffective|p2a: Lugia
|-end|p2a: Lugia|Substitute
|
|t:|1669339247
|switch|p1a: Rayquaza|Rayquaza|100/100|[from] Volt Switch
|-ability|p1a: Rayquaza|Air Lock
|move|p2a: Lugia|Toxic|p1a: Rayquaza|[miss]
|-miss|p2a: Lugia|p1a: Rayquaza
|
|-heal|p2a: Lugia|88/100|[from] item: Leftovers
|upkeep
|turn|21
|
|t:|1669339256
|move|p2a: Lugia|Toxic|p1a: Rayquaza|[miss]
|-miss|p2a: Lugia|p1a: Rayquaza
|move|p1a: Rayquaza|Stone Edge|p2a: Lugia
|-supereffective|p2a: Lugia
|-damage|p2a: Lugia|14/100
|
|-heal|p2a: Lugia|20/100|[from] item: Leftovers
|upkeep
|turn|22
|c|☆Pika Sup|Mb
|
|t:|1669339270
|switch|p1a: Zapdos|Zapdos|100/100
|move|p2a: Lugia|Toxic|p1a: Zapdos
|-status|p1a: Zapdos|tox
|
|-heal|p2a: Lugia|27/100|[from] item: Leftovers
|-damage|p1a: Zapdos|94/100 tox|[from] psn
|upkeep
|turn|23
|
|t:|1669339276
|move|p1a: Zapdos|Volt Switch|p2a: Lugia
|-supereffective|p2a: Lugia
|-damage|p2a: Lugia|0 fnt
|faint|p2a: Lugia
|
|t:|1669339280
|switch|p1a: Thundurus|Thundurus-Therian, M|100/100|[from] Volt Switch
|
|upkeep
|
|t:|1669339286
|switch|p2a: Ho-Oh|Ho-Oh|100/100
|turn|24
|j| TGK 2.O
|c| TGK 2.O|Omg soup vs grand
|inactive|Pika Sup has 120 seconds left.
|l|%StreetBoom
|inactive|Pika Sup has 90 seconds left.
|
|t:|1669339347
|switch|p1a: Zapdos|Zapdos|94/100 tox
|move|p2a: Ho-Oh|Sacred Fire|p1a: Zapdos
|-damage|p1a: Zapdos|44/100 tox
|
|-damage|p1a: Zapdos|38/100 tox|[from] psn
|upkeep
|turn|25
|
|t:|1669339356
|move|p1a: Zapdos|Thunderbolt|p2a: Ho-Oh
|-supereffective|p2a: Ho-Oh
|-damage|p2a: Ho-Oh|58/100
|move|p2a: Ho-Oh|Sacred Fire|p1a: Zapdos
|-damage|p1a: Zapdos|0 fnt
|faint|p1a: Zapdos
|
|upkeep
|
|t:|1669339361
|switch|p1a: Rayquaza|Rayquaza|100/100
|-ability|p1a: Rayquaza|Air Lock
|turn|26
|
|t:|1669339369
|move|p1a: Rayquaza|Dragon Ascent|p2a: Ho-Oh
|-damage|p2a: Ho-Oh|0 fnt
|-unboost|p1a: Rayquaza|def|1
|-unboost|p1a: Rayquaza|spd|1
|faint|p2a: Ho-Oh
|
|upkeep
|
|t:|1669339373
|switch|p2a: Zapdos|Zapdos|100/100
|turn|27
|l| TGK 2.O
|
|t:|1669339379
|switch|p1a: Thundurus|Thundurus-Therian, M|100/100
|move|p2a: Zapdos|Toxic|p1a: Thundurus
|-status|p1a: Thundurus|tox
|
|-damage|p1a: Thundurus|94/100 tox|[from] psn
|upkeep
|turn|28
|
|t:|1669339387
|move|p1a: Thundurus|Nasty Plot|p1a: Thundurus
|-boost|p1a: Thundurus|spa|2
|move|p2a: Zapdos|Roost||[still]
|-fail|p2a: Zapdos|heal
|
|-damage|p1a: Thundurus|82/100 tox|[from] psn
|upkeep
|turn|29
|inactive|Pika Sup has 120 seconds left.
|
|t:|1669339409
|move|p1a: Thundurus|Thunderbolt|p2a: Zapdos
|-crit|p2a: Zapdos
|-damage|p2a: Zapdos|0 fnt
|faint|p2a: Zapdos
|
|-damage|p1a: Thundurus|64/100 tox|[from] psn
|upkeep
|j| TGK 2.O
|
|t:|1669339412
|switch|p2a: Yveltal|Yveltal|55/100
|-ability|p2a: Yveltal|Dark Aura
|turn|30
|
|t:|1669339414
|move|p1a: Thundurus|Thunderbolt|p2a: Yveltal
|-supereffective|p2a: Yveltal
|-damage|p2a: Yveltal|0 fnt
|faint|p2a: Yveltal
|
|win|Pika Sup
|n|☆Pika Sup|pikasup
|n|☆Sir Grandmaster|sirgrandmaster
|n|*Lady Monita ☽|ladymonita
|n| RUMYMOME|rumymome
|n| NoTollsNoRolls|notollsnorolls
|n| TGK 2.O|tgk2o
