|j|☆Dun 26
|j|☆Gastalies
|t:|1661550038
|gametype|singles
|player|p1|Dun 26|skyla|1620
|player|p2|Gastalies|cynthia-gen4|1434
|teamsize|p1|6
|teamsize|p2|6
|gen|8
|tier|[Gen 8] Ubers
|rated|
|rule|Sleep Clause Mod: Limit one foe put to sleep
|rule|Species Clause: Limit one of each Pokémon
|rule|OHKO Clause: OHKO moves are banned
|rule|Evasion Items Clause: Evasion items are banned
|rule|Evasion Moves Clause: Evasion moves are banned
|rule|Endless Battle Clause: Forcing endless battles is banned
|rule|HP Percentage Mod: HP is shown in percentages
|rule|Dynamax Clause: You cannot dynamax
|clearpoke
|poke|p1|Shuckle, F|
|poke|p1|Yveltal|
|poke|p1|Zekrom|
|poke|p1|Necrozma-Dusk-Mane|
|poke|p1|Ho-Oh|
|poke|p1|Marshadow|
|poke|p2|Aerodactyl, F|
|poke|p2|Kyurem-Black|
|poke|p2|Xerneas-*|
|poke|p2|Eternatus|
|poke|p2|Necrozma-Dusk-Mane|
|poke|p2|Yveltal|
|teampreview
|inactive|Battle timer is ON: inactive players will automatically lose when time's up. (requested by Gastalies)
|inactive|Gastalies has 120 seconds left.
|
|t:|1661550070
|start
|switch|p1a: Mini-torti|Shuckle, F|100/100
|switch|p2a: Aerodactyl|Aerodactyl, F|100/100
|-ability|p2a: Aerodactyl|Unnerve
|turn|1
|
|t:|1661550076
|move|p2a: Aerodactyl|Taunt|p1a: Mini-torti
|-start|p1a: Mini-torti|move: Taunt
|-enditem|p1a: Mini-torti|Mental Herb
|-end|p1a: Mini-torti|move: Taunt
|move|p1a: Mini-torti|Toxic|p2a: Aerodactyl
|-status|p2a: Aerodactyl|tox
|
|-damage|p2a: Aerodactyl|95/100 tox|[from] psn
|upkeep
|turn|2
|
|t:|1661550095
|switch|p1a: NTR|Yveltal|100/100
|-ability|p1a: NTR|Dark Aura
|move|p2a: Aerodactyl|Taunt|p1a: NTR
|-start|p1a: NTR|move: Taunt
|
|-damage|p2a: Aerodactyl|83/100 tox|[from] psn
|upkeep
|turn|3
|
|t:|1661550101
|move|p2a: Aerodactyl|Stealth Rock|p1a: NTR
|-sidestart|p1: Dun 26|move: Stealth Rock
|move|p1a: NTR|Knock Off|p2a: Aerodactyl
|-damage|p2a: Aerodactyl|0 fnt
|-enditem|p2a: Aerodactyl|Focus Sash|[from] move: Knock Off|[of] p1a: NTR
|faint|p2a: Aerodactyl
|
|upkeep
|
|t:|1661550120
|switch|p2a: Necrozma|Necrozma-Dusk-Mane|100/100
|turn|4
|
|t:|1661550121
|move|p2a: Necrozma|Autotomize|p2a: Necrozma
|-boost|p2a: Necrozma|spe|2
|-start|p2a: Necrozma|Autotomize
|move|p1a: NTR|Knock Off|p2a: Necrozma
|-supereffective|p2a: Necrozma
|-damage|p2a: Necrozma|0 fnt
|-enditem|p2a: Necrozma|Weakness Policy|[from] move: Knock Off|[of] p1a: NTR
|faint|p2a: Necrozma
|
|-end|p1a: NTR|move: Taunt
|upkeep
|
|t:|1661550128
|switch|p2a: Kyurem|Kyurem-Black|100/100
|-ability|p2a: Kyurem|Teravolt
|turn|5
|c|☆Dun 26|Lol
|
|t:|1661550131
|move|p2a: Kyurem|Icicle Spear|p1a: NTR
|-supereffective|p1a: NTR
|-damage|p1a: NTR|71/100
|-supereffective|p1a: NTR
|-damage|p1a: NTR|42/100
|-supereffective|p1a: NTR
|-damage|p1a: NTR|13/100
|-hitcount|p1a: NTR|3
|move|p1a: NTR|Knock Off|p2a: Kyurem
|-damage|p2a: Kyurem|0 fnt
|-enditem|p2a: Kyurem|TR43|[from] move: Knock Off|[of] p1a: NTR
|faint|p2a: Kyurem
|
|upkeep
|
|t:|1661550143
|switch|p2a: Xerneas|Xerneas|100/100
|-ability|p2a: Xerneas|Fairy Aura
|turn|6
|
|t:|1661550146
|move|p2a: Xerneas|Geomancy||[still]
|-prepare|p2a: Xerneas|Geomancy
|-enditem|p2a: Xerneas|Power Herb
|-anim|p2a: Xerneas|Geomancy|p2a: Xerneas
|-boost|p2a: Xerneas|spa|2
|-boost|p2a: Xerneas|spd|2
|-boost|p2a: Xerneas|spe|2
|move|p1a: NTR|Knock Off|p2a: Xerneas
|-resisted|p2a: Xerneas
|-damage|p2a: Xerneas|75/100
|
|upkeep
|turn|7
|
|t:|1661550151
|switch|p1a: BOOUM :)|Ho-Oh|100/100
|-damage|p1a: BOOUM :)|50/100|[from] Stealth Rock
|move|p2a: Xerneas|Moonblast|p1a: BOOUM :)
|-resisted|p1a: BOOUM :)
|-damage|p1a: BOOUM :)|0 fnt
|faint|p1a: BOOUM :)
|
|upkeep
|
|t:|1661550154
|switch|p1a: ;)|Necrozma-Dusk-Mane|100/100
|-damage|p1a: ;)|94/100|[from] Stealth Rock
|turn|8
|
|t:|1661550156
|move|p2a: Xerneas|Thunder|p1a: ;)|[miss]
|-miss|p2a: Xerneas|p1a: ;)
|move|p1a: ;)|Sunsteel Strike|p2a: Xerneas
|-supereffective|p2a: Xerneas
|-damage|p2a: Xerneas|0 fnt
|faint|p2a: Xerneas
|
|upkeep
|
|t:|1661550157
|switch|p2a: Yveltal|Yveltal|100/100
|-ability|p2a: Yveltal|Dark Aura
|turn|9
|
|t:|1661550160
|move|p2a: Yveltal|Dark Pulse|p1a: ;)
|-supereffective|p1a: ;)
|-damage|p1a: ;)|5/100
|-damage|p2a: Yveltal|91/100|[from] item: Life Orb
|move|p1a: ;)|Sunsteel Strike|p2a: Yveltal
|-damage|p2a: Yveltal|0 fnt
|faint|p2a: Yveltal
|
|upkeep
|-message|Gastalies forfeited.
|
|win|Dun 26
|raw|Dun 26's rating: 1620 &rarr; <strong>1631</strong><br />(+11 for winning)
|raw|Gastalies's rating: 1461 &rarr; <strong>1450</strong><br />(-11 for losing)
|l|☆Gastalies
