|html|<div class="broadcast-blue"><strong>[Gen 8] Ubers is currently suspecting Calyrex-Shadow! For information on how to participate check out the <a href="https://www.smogon.com/forums/threads/np-ss-ubers-stage-8-ridin-dirty-calyrex-shadow-suspect-test.3704200/">suspect thread</a>.</strong></div>
|j|☆PokeDuels
|j|☆ubcs despondent
|t:|1657595868
|gametype|singles
|player|p1|PokeDuels|170|1416
|player|p2|ubcs despondent|mars|1411
|teamsize|p1|6
|teamsize|p2|6
|gen|8
|tier|[Gen 8] Ubers
|rated|
|rule|Sleep Clause Mod: Limit one foe put to sleep
|rule|Species Clause: Limit one of each Pokémon
|rule|OHKO Clause: OHKO moves are banned
|rule|Evasion Moves Clause: Evasion moves are banned
|rule|Endless Battle Clause: Forcing endless battles is banned
|rule|HP Percentage Mod: HP is shown in percentages
|rule|Dynamax Clause: You cannot dynamax
|clearpoke
|poke|p1|Dialga|
|poke|p1|Tyranitar, M|
|poke|p1|Ho-Oh|
|poke|p1|Zygarde|
|poke|p1|Blissey, F|
|poke|p1|Eternatus|
|poke|p2|Aerodactyl, F|
|poke|p2|Rayquaza|
|poke|p2|Calyrex-Shadow|
|poke|p2|Yveltal|
|poke|p2|Weavile, F|
|poke|p2|Pheromosa|
|teampreview
|j| UBCS Scandium
|j| ubcs harambe
|
|t:|1657595887
|start
|switch|p1a: Eternatus|Eternatus|100/100
|switch|p2a: Aerodactyl|Aerodactyl, F|100/100
|-ability|p2a: Aerodactyl|Unnerve
|-ability|p1a: Eternatus|Pressure
|turn|1
|
|t:|1657595896
|move|p1a: Eternatus|Toxic Spikes|p2a: Aerodactyl
|-sidestart|p2: ubcs despondent|move: Toxic Spikes
|move|p2a: Aerodactyl|Stealth Rock|p1a: Eternatus
|-sidestart|p1: PokeDuels|move: Stealth Rock
|
|upkeep
|turn|2
|
|t:|1657595911
|switch|p1a: Zygarde|Zygarde|100/100
|-damage|p1a: Zygarde|94/100|[from] Stealth Rock
|move|p2a: Aerodactyl|Taunt|p1a: Zygarde
|-start|p1a: Zygarde|move: Taunt
|
|-heal|p1a: Zygarde|100/100|[from] item: Leftovers
|upkeep
|turn|3
|
|t:|1657595919
|move|p2a: Aerodactyl|Double-Edge|p1a: Zygarde
|-damage|p1a: Zygarde|78/100
|-damage|p2a: Aerodactyl|90/100|[from] Recoil
|move|p1a: Zygarde|Thousand Arrows|p2a: Aerodactyl
|-damage|p2a: Aerodactyl|19/100
|-start|p2a: Aerodactyl|Smack Down
|
|-heal|p1a: Zygarde|84/100|[from] item: Leftovers
|upkeep
|turn|4
|
|t:|1657595924
|move|p2a: Aerodactyl|Tailwind|p2a: Aerodactyl
|-sidestart|p2: ubcs despondent|move: Tailwind
|move|p1a: Zygarde|Thousand Arrows|p2a: Aerodactyl
|-supereffective|p2a: Aerodactyl
|-damage|p2a: Aerodactyl|0 fnt
|faint|p2a: Aerodactyl
|
|-heal|p1a: Zygarde|90/100|[from] item: Leftovers
|-end|p1a: Zygarde|move: Taunt
|upkeep
|
|t:|1657595931
|switch|p2a: Weavile|Weavile, F|100/100
|-status|p2a: Weavile|psn
|-ability|p2a: Weavile|Pressure
|turn|5
|
|t:|1657595939
|move|p2a: Weavile|Triple Axel|p1a: Zygarde
|-supereffective|p1a: Zygarde
|-damage|p1a: Zygarde|64/100
|-hitcount|p1a: Zygarde|1
|move|p1a: Zygarde|Thousand Arrows|p2a: Weavile
|-damage|p2a: Weavile|51/100 psn
|
|-heal|p1a: Zygarde|70/100|[from] item: Leftovers
|-damage|p2a: Weavile|39/100 psn|[from] psn
|upkeep
|turn|6
|
|t:|1657595945
|switch|p1a: Ho-Oh|Ho-Oh|100/100
|move|p2a: Weavile|Triple Axel|p1a: Ho-Oh
|-damage|p1a: Ho-Oh|92/100
|-crit|p1a: Ho-Oh
|-damage|p1a: Ho-Oh|70/100
|-damage|p1a: Ho-Oh|46/100
|-hitcount|p1a: Ho-Oh|3
|
|-damage|p2a: Weavile|26/100 psn|[from] psn
|upkeep
|turn|7
|
|t:|1657595954
|switch|p1a: Tyranitar|Tyranitar, M|100/100
|-damage|p1a: Tyranitar|88/100|[from] Stealth Rock
|-weather|Sandstorm|[from] ability: Sand Stream|[of] p1a: Tyranitar
|move|p2a: Weavile|Knock Off|p1a: Tyranitar
|-resisted|p1a: Tyranitar
|-damage|p1a: Tyranitar|66/100
|-enditem|p1a: Tyranitar|Chople Berry|[from] move: Knock Off|[of] p2a: Weavile
|
|-weather|Sandstorm|[upkeep]
|-damage|p2a: Weavile|20/100 psn|[from] Sandstorm
|-damage|p2a: Weavile|8/100 psn|[from] psn
|-sideend|p2: ubcs despondent|move: Tailwind
|upkeep
|turn|8
|
|t:|1657595959
|switch|p1a: Ho-Oh|Ho-Oh|79/100
|move|p2a: Weavile|Triple Axel|p1a: Ho-Oh
|-damage|p1a: Ho-Oh|71/100
|-hitcount|p1a: Ho-Oh|1
|
|-weather|Sandstorm|[upkeep]
|-damage|p2a: Weavile|2/100 psn|[from] Sandstorm
|-damage|p1a: Ho-Oh|65/100|[from] Sandstorm
|-damage|p2a: Weavile|0 fnt|[from] psn
|faint|p2a: Weavile
|upkeep
|
|t:|1657595968
|switch|p2a: Yveltal|Yveltal|100/100
|-ability|p2a: Yveltal|Dark Aura
|turn|9
|
|t:|1657595980
|move|p2a: Yveltal|Knock Off|p1a: Ho-Oh
|-damage|p1a: Ho-Oh|0 fnt
|-enditem|p1a: Ho-Oh|Heavy-Duty Boots|[from] move: Knock Off|[of] p2a: Yveltal
|faint|p1a: Ho-Oh
|-damage|p2a: Yveltal|91/100|[from] item: Life Orb
|
|-weather|Sandstorm|[upkeep]
|-damage|p2a: Yveltal|84/100|[from] Sandstorm
|upkeep
|
|t:|1657595989
|switch|p1a: Eternatus|Eternatus|100/100
|-damage|p1a: Eternatus|88/100|[from] Stealth Rock
|-ability|p1a: Eternatus|Pressure
|turn|10
|
|t:|1657595996
|move|p1a: Eternatus|Draco Meteor|p2a: Yveltal|[miss]
|-miss|p1a: Eternatus|p2a: Yveltal
|move|p2a: Yveltal|Knock Off|p1a: Eternatus
|-damage|p1a: Eternatus|41/100
|-enditem|p1a: Eternatus|Choice Scarf|[from] move: Knock Off|[of] p2a: Yveltal
|-damage|p2a: Yveltal|75/100|[from] item: Life Orb
|
|-weather|Sandstorm|[upkeep]
|-damage|p1a: Eternatus|35/100|[from] Sandstorm
|-damage|p2a: Yveltal|68/100|[from] Sandstorm
|upkeep
|turn|11
|
|t:|1657596004
|move|p2a: Yveltal|Sucker Punch||[still]
|-fail|p2a: Yveltal
|move|p1a: Eternatus|Recover|p1a: Eternatus
|-heal|p1a: Eternatus|85/100
|
|-weather|none
|upkeep
|turn|12
|
|t:|1657596014
|move|p1a: Eternatus|Draco Meteor|p2a: Yveltal
|-damage|p2a: Yveltal|17/100
|-unboost|p1a: Eternatus|spa|2
|move|p2a: Yveltal|Oblivion Wing|p1a: Eternatus
|-damage|p1a: Eternatus|50/100
|-heal|p2a: Yveltal|47/100|[from] drain|[of] p1a: Eternatus
|-damage|p2a: Yveltal|37/100|[from] item: Life Orb
|
|upkeep
|turn|13
|
|t:|1657596020
|move|p1a: Eternatus|Recover|p1a: Eternatus
|-heal|p1a: Eternatus|99/100
|move|p2a: Yveltal|Oblivion Wing|p1a: Eternatus
|-damage|p1a: Eternatus|66/100
|-heal|p2a: Yveltal|67/100|[from] drain|[of] p1a: Eternatus
|-damage|p2a: Yveltal|57/100|[from] item: Life Orb
|
|upkeep
|turn|14
|
|t:|1657596025
|switch|p2a: Pheromosa|Pheromosa|100/100
|-status|p2a: Pheromosa|psn
|move|p1a: Eternatus|Recover|p1a: Eternatus
|-heal|p1a: Eternatus|100/100
|
|-damage|p2a: Pheromosa|88/100 psn|[from] psn
|upkeep
|turn|15
|
|t:|1657596031
|move|p2a: Pheromosa|Triple Axel|p1a: Eternatus|[miss]
|-miss|p2a: Pheromosa|p1a: Eternatus
|move|p1a: Eternatus|Draco Meteor|p2a: Pheromosa
|-damage|p2a: Pheromosa|2/100 psn
|-unboost|p1a: Eternatus|spa|2
|
|-damage|p2a: Pheromosa|0 fnt|[from] psn
|faint|p2a: Pheromosa
|upkeep
|
|t:|1657596040
|switch|p2a: Rayquaza|Rayquaza|100/100
|-ability|p2a: Rayquaza|Air Lock
|turn|16
|
|t:|1657596047
|move|p2a: Rayquaza|Dragon Dance|p2a: Rayquaza
|-boost|p2a: Rayquaza|atk|1
|-boost|p2a: Rayquaza|spe|1
|move|p1a: Eternatus|Dragon Tail|p2a: Rayquaza
|-supereffective|p2a: Rayquaza
|-damage|p2a: Rayquaza|71/100
|drag|p2a: Yveltal|Yveltal|57/100
|-ability|p2a: Yveltal|Dark Aura
|
|upkeep
|turn|17
|
|t:|1657596073
|switch|p1a: Zygarde|Zygarde|70/100
|-damage|p1a: Zygarde|64/100|[from] Stealth Rock
|switch|p2a: Calyrex|Calyrex-Shadow|100/100
|-ability|p2a: Calyrex|As One
|-ability|p2a: Calyrex|Unnerve
|-status|p2a: Calyrex|psn
|
|-heal|p1a: Zygarde|70/100|[from] item: Leftovers
|-damage|p2a: Calyrex|88/100 psn|[from] psn
|upkeep
|turn|18
|
|t:|1657596083
|move|p2a: Calyrex|Nasty Plot|p2a: Calyrex
|-boost|p2a: Calyrex|spa|2
|move|p1a: Zygarde|Thousand Arrows|p2a: Calyrex
|-damage|p2a: Calyrex|47/100 psn
|
|-heal|p1a: Zygarde|76/100|[from] item: Leftovers
|-damage|p2a: Calyrex|35/100 psn|[from] psn
|upkeep
|turn|19
|
|t:|1657596093
|switch|p1a: Dialga|Dialga|100/100
|-damage|p1a: Dialga|94/100|[from] Stealth Rock
|-ability|p1a: Dialga|Pressure
|move|p2a: Calyrex|Draining Kiss|p1a: Dialga
|-damage|p1a: Dialga|60/100
|-heal|p2a: Calyrex|66/100 psn|[from] drain|[of] p1a: Dialga
|
|-heal|p1a: Dialga|66/100|[from] item: Leftovers
|-damage|p2a: Calyrex|54/100 psn|[from] psn
|upkeep
|turn|20
|
|t:|1657596113
|switch|p1a: Blissey|Blissey, F|100/100
|-damage|p1a: Blissey|88/100|[from] Stealth Rock
|move|p2a: Calyrex|Astral Barrage|p1a: Blissey
|-immune|p1a: Blissey
|
|-damage|p2a: Calyrex|41/100 psn|[from] psn
|upkeep
|turn|21
|
|t:|1657596122
|switch|p1a: Tyranitar|Tyranitar, M|66/100
|-damage|p1a: Tyranitar|54/100|[from] Stealth Rock
|-weather|Sandstorm|[from] ability: Sand Stream|[of] p1a: Tyranitar
|move|p2a: Calyrex|Psyshock|p1a: Tyranitar
|-immune|p1a: Tyranitar
|
|-weather|Sandstorm|[upkeep]
|-damage|p2a: Calyrex|35/100 psn|[from] Sandstorm
|-damage|p2a: Calyrex|23/100 psn|[from] psn
|upkeep
|turn|22
|
|t:|1657596124
|move|p2a: Calyrex|Draining Kiss|p1a: Tyranitar
|-supereffective|p1a: Tyranitar
|-damage|p1a: Tyranitar|6/100
|-heal|p2a: Calyrex|59/100 psn|[from] drain|[of] p1a: Tyranitar
|move|p1a: Tyranitar|Crunch|p2a: Calyrex
|-supereffective|p2a: Calyrex
|-damage|p2a: Calyrex|0 fnt
|faint|p2a: Calyrex
|
|-weather|Sandstorm|[upkeep]
|upkeep
|
|t:|1657596127
|switch|p2a: Yveltal|Yveltal|57/100
|-ability|p2a: Yveltal|Dark Aura
|turn|23
|
|t:|1657596138
|move|p2a: Yveltal|Oblivion Wing|p1a: Tyranitar
|-resisted|p1a: Tyranitar
|-damage|p1a: Tyranitar|0 fnt
|-heal|p2a: Yveltal|61/100|[from] drain|[of] p1a: Tyranitar
|faint|p1a: Tyranitar
|-damage|p2a: Yveltal|51/100|[from] item: Life Orb
|
|-weather|Sandstorm|[upkeep]
|-damage|p2a: Yveltal|45/100|[from] Sandstorm
|upkeep
|
|t:|1657596143
|switch|p1a: Eternatus|Eternatus|100/100
|-damage|p1a: Eternatus|88/100|[from] Stealth Rock
|-ability|p1a: Eternatus|Pressure
|turn|24
|
|t:|1657596146
|move|p1a: Eternatus|Draco Meteor|p2a: Yveltal
|-damage|p2a: Yveltal|0 fnt
|-unboost|p1a: Eternatus|spa|2
|faint|p2a: Yveltal
|
|-weather|Sandstorm|[upkeep]
|-damage|p1a: Eternatus|82/100|[from] Sandstorm
|upkeep
|
|t:|1657596149
|switch|p2a: Rayquaza|Rayquaza|71/100
|-ability|p2a: Rayquaza|Air Lock
|turn|25
|
|t:|1657596151
|move|p1a: Eternatus|Draco Meteor|p2a: Rayquaza
|-supereffective|p2a: Rayquaza
|-damage|p2a: Rayquaza|3/100
|-unboost|p1a: Eternatus|spa|2
|move|p2a: Rayquaza|Dragon Dance|p2a: Rayquaza
|-boost|p2a: Rayquaza|atk|1
|-boost|p2a: Rayquaza|spe|1
|
|-weather|none
|upkeep
|turn|26
|
|t:|1657596155
|move|p2a: Rayquaza|Dragon Ascent|p1a: Eternatus
|-damage|p1a: Eternatus|16/100
|-unboost|p2a: Rayquaza|def|1
|-unboost|p2a: Rayquaza|spd|1
|move|p1a: Eternatus|Draco Meteor|p2a: Rayquaza
|-supereffective|p2a: Rayquaza
|-damage|p2a: Rayquaza|0 fnt
|-unboost|p1a: Eternatus|spa|2
|faint|p2a: Rayquaza
|
|win|PokeDuels
|raw|PokeDuels's rating: 1416 &rarr; <strong>1436</strong><br />(+20 for winning)
|raw|ubcs despondent's rating: 1411 &rarr; <strong>1391</strong><br />(-20 for losing)
|l| UBCS Scandium
|l| ubcs harambe
|l|☆ubcs despondent
||Ladder isn't responding, score probably updated but might not have (Request timeout).
