|j|☆Heavenly demon 00
|j|☆8142e
|t:|1641217790
|gametype|singles
|player|p1|Heavenly demon 00|ryuki|
|player|p2|8142e|aromalady|
|teamsize|p1|6
|teamsize|p2|6
|gen|8
|tier|[Gen 8] Ubers
|rated|Tournament battle
|rule|Sleep Clause Mod: Limit one foe put to sleep
|rule|Species Clause: Limit one of each Pokémon
|rule|OHKO Clause: OHKO moves are banned
|rule|Evasion Moves Clause: Evasion moves are banned
|rule|Endless Battle Clause: Forcing endless battles is banned
|rule|HP Percentage Mod: HP is shown in percentages
|rule|Dynamax Clause: You cannot dynamax
|clearpoke
|poke|p1|Xerneas-*|
|poke|p1|Calyrex-Shadow|
|poke|p1|Mimikyu, M|
|poke|p1|Zekrom|
|poke|p1|Eternatus|
|poke|p1|Genesect-Douse|
|poke|p2|Yveltal|
|poke|p2|Necrozma-Dusk-Mane|
|poke|p2|Xerneas-*|
|poke|p2|Giratina|
|poke|p2|Ho-Oh|
|poke|p2|Blissey, F|
|teampreview
|j| RoomTheTrick
|inactive|Battle timer is ON: inactive players will automatically lose when time's up. (requested by Heavenly demon 00)
|c|☆Heavenly demon 00|well looks like im gonna loose
|
|t:|1641217811
|start
|switch|p1a: Eternatus|Eternatus|100/100
|switch|p2a: Xerneas|Xerneas|100/100
|-ability|p1a: Eternatus|Pressure
|-ability|p2a: Xerneas|Fairy Aura
|-item|p2a: Xerneas|Air Balloon
|turn|1
|c| RoomTheTrick|NOOO
|
|t:|1641217820
|switch|p2a: Blissey|Blissey, F|100/100
|move|p1a: Eternatus|Sludge Bomb|p2a: Blissey
|-damage|p2a: Blissey|86/100
|
|upkeep
|turn|2
|
|t:|1641217826
|move|p1a: Eternatus|Toxic Spikes|p2a: Blissey
|-sidestart|p2: 8142e|move: Toxic Spikes
|move|p2a: Blissey|Stealth Rock|p1a: Eternatus
|-sidestart|p1: Heavenly demon 00|move: Stealth Rock
|
|upkeep
|turn|3
|inactive|Heavenly demon 00 has 120 seconds left.
|
|t:|1641217876
|switch|p2a: Ho-Oh|Ho-Oh|100/100
|move|p1a: Eternatus|Dynamax Cannon|p2a: Ho-Oh
|-damage|p2a: Ho-Oh|54/100
|
|upkeep
|turn|4
|
|t:|1641217885
|move|p1a: Eternatus|Dynamax Cannon|p2a: Ho-Oh
|-damage|p2a: Ho-Oh|9/100
|move|p2a: Ho-Oh|Earthquake|p1a: Eternatus
|-supereffective|p1a: Eternatus
|-damage|p1a: Eternatus|2/100
|
|upkeep
|turn|5
|
|t:|1641217895
|switch|p2a: Blissey|Blissey, F|86/100
|-status|p2a: Blissey|psn
|move|p1a: Eternatus|Sludge Bomb|p2a: Blissey
|-damage|p2a: Blissey|71/100 psn
|
|-damage|p2a: Blissey|58/100 psn|[from] psn
|upkeep
|turn|6
|inactive|Heavenly demon 00 has 120 seconds left.
|
|t:|1641217902
|move|p1a: Eternatus|Dynamax Cannon|p2a: Blissey
|-damage|p2a: Blissey|38/100 psn
|move|p2a: Blissey|Soft-Boiled|p2a: Blissey
|-heal|p2a: Blissey|88/100 psn
|
|-damage|p2a: Blissey|76/100 psn|[from] psn
|upkeep
|turn|7
|
|t:|1641217909
|move|p1a: Eternatus|Dynamax Cannon|p2a: Blissey
|-damage|p2a: Blissey|56/100 psn
|move|p2a: Blissey|Confide|p1a: Eternatus
|-unboost|p1a: Eternatus|spa|1
|
|-damage|p2a: Blissey|44/100 psn|[from] psn
|upkeep
|turn|8
|
|t:|1641217916
|move|p1a: Eternatus|Dynamax Cannon|p2a: Blissey
|-crit|p2a: Blissey
|-damage|p2a: Blissey|12/100 psn
|move|p2a: Blissey|Soft-Boiled|p2a: Blissey
|-heal|p2a: Blissey|62/100 psn
|
|-damage|p2a: Blissey|49/100 psn|[from] psn
|upkeep
|turn|9
|
|t:|1641217923
|move|p1a: Eternatus|Dynamax Cannon|p2a: Blissey
|-damage|p2a: Blissey|36/100 psn
|move|p2a: Blissey|Soft-Boiled|p2a: Blissey
|-heal|p2a: Blissey|86/100 psn
|
|-damage|p2a: Blissey|73/100 psn|[from] psn
|upkeep
|turn|10
|
|t:|1641217929
|-curestatus|p2a: Blissey|psn|[from] ability: Natural Cure
|switch|p2a: Necrozma|Necrozma-Dusk-Mane|100/100
|move|p1a: Eternatus|Dynamax Cannon|p2a: Necrozma
|-resisted|p2a: Necrozma
|-damage|p2a: Necrozma|81/100
|
|-heal|p2a: Necrozma|87/100|[from] item: Leftovers
|upkeep
|turn|11
|
|t:|1641217937
|move|p1a: Eternatus|Flamethrower|p2a: Necrozma
|-supereffective|p2a: Necrozma
|-damage|p2a: Necrozma|58/100
|move|p2a: Necrozma|Earthquake|p1a: Eternatus
|-supereffective|p1a: Eternatus
|-damage|p1a: Eternatus|0 fnt
|faint|p1a: Eternatus
|
|-heal|p2a: Necrozma|64/100|[from] item: Leftovers
|upkeep
|
|t:|1641217945
|switch|p1a: Zekrom|Zekrom, shiny|100/100
|-damage|p1a: Zekrom|88/100|[from] Stealth Rock
|-ability|p1a: Zekrom|Teravolt
|turn|12
|
|t:|1641217951
|switch|p2a: Xerneas|Xerneas|100/100
|-ability|p2a: Xerneas|Fairy Aura
|-item|p2a: Xerneas|Air Balloon
|move|p1a: Zekrom|Dragon Dance|p1a: Zekrom
|-boost|p1a: Zekrom|atk|1
|-boost|p1a: Zekrom|spe|1
|
|upkeep
|turn|13
|
|t:|1641217958
|move|p1a: Zekrom|Bolt Strike|p2a: Xerneas
|-crit|p2a: Xerneas
|-damage|p2a: Xerneas|0 fnt
|-enditem|p2a: Xerneas|Air Balloon
|faint|p2a: Xerneas
|
|upkeep
|c|☆8142e|noooo
|
|t:|1641217964
|switch|p2a: Giratina|Giratina|100/100
|-status|p2a: Giratina|psn
|-ability|p2a: Giratina|Pressure
|turn|14
|c| RoomTheTrick|LMFAOOOOOOO
|c|☆8142e|not cool
|
|t:|1641217978
|move|p1a: Zekrom|Dragon Claw|p2a: Giratina
|-supereffective|p2a: Giratina
|-damage|p2a: Giratina|33/100 psn
|move|p2a: Giratina|Will-O-Wisp|p1a: Zekrom
|-status|p1a: Zekrom|brn
|
|-heal|p2a: Giratina|39/100 psn|[from] item: Leftovers
|-damage|p2a: Giratina|26/100 psn|[from] psn
|-damage|p1a: Zekrom|82/100 brn|[from] brn
|upkeep
|turn|15
|c| RoomTheTrick|LMFAOOOOOOO
|
|t:|1641217988
|move|p1a: Zekrom|Dragon Claw|p2a: Giratina
|-supereffective|p2a: Giratina
|-damage|p2a: Giratina|0 fnt
|faint|p2a: Giratina
|
|-damage|p1a: Zekrom|76/100 brn|[from] brn
|upkeep
|
|t:|1641217989
|switch|p2a: Necrozma|Necrozma-Dusk-Mane|64/100
|turn|16
|
|t:|1641217996
|move|p1a: Zekrom|Dragon Dance|p1a: Zekrom
|-boost|p1a: Zekrom|atk|1
|-boost|p1a: Zekrom|spe|1
|move|p2a: Necrozma|Morning Sun|p2a: Necrozma
|-heal|p2a: Necrozma|100/100
|
|-damage|p1a: Zekrom|70/100 brn|[from] brn
|upkeep
|turn|17
|c|☆Heavenly demon 00|trick mind telling me wy u find this funny
|
|t:|1641218009
|move|p1a: Zekrom|Bolt Strike|p2a: Necrozma|[miss]
|-miss|p1a: Zekrom|p2a: Necrozma
|move|p2a: Necrozma|Earthquake|p1a: Zekrom
|-supereffective|p1a: Zekrom
|-damage|p1a: Zekrom|14/100 brn
|
|-damage|p1a: Zekrom|8/100 brn|[from] brn
|upkeep
|turn|18
|j| Raph369
|
|t:|1641218016
|move|p1a: Zekrom|Bolt Strike|p2a: Necrozma
|-damage|p2a: Necrozma|46/100
|move|p2a: Necrozma|Earthquake|p1a: Zekrom
|-supereffective|p1a: Zekrom
|-damage|p1a: Zekrom|0 fnt
|faint|p1a: Zekrom
|
|-heal|p2a: Necrozma|52/100|[from] item: Leftovers
|upkeep
|c| RoomTheTrick|it is
|c| RoomTheTrick|LOL
|c| Raph369|go 8truc la chienne
|
|t:|1641218023
|switch|p1a: Genesect|Genesect-Douse, shiny|100/100
|-damage|p1a: Genesect|88/100|[from] Stealth Rock
|-ability|p1a: Genesect|Download|boost
|-boost|p1a: Genesect|spa|1
|turn|19
|c| RoomTheTrick|entertaining
|c|☆8142e|bro he haxxe me
|c| RoomTheTrick|e spors
|c| RoomTheTrick|e sports
|
|t:|1641218044
|move|p1a: Genesect|Shift Gear|p1a: Genesect
|-boost|p1a: Genesect|spe|2
|-boost|p1a: Genesect|atk|1
|move|p2a: Necrozma|Morning Sun|p2a: Necrozma
|-heal|p2a: Necrozma|100/100
|
|upkeep
|turn|20
|c| RoomTheTrick|YO
|c| RoomTheTrick|????
|c| Raph369|8truc you can't lose this
|c| RoomTheTrick|yes u cant lose to douse genesect
|c| RoomTheTrick|fr
|inactive|8142e has 120 seconds left.
|c|☆Heavenly demon 00|this guy is tough
|c| RoomTheTrick|bro come on
|c|☆8142e|i lost bcause he haxxed my xern
|c| RoomTheTrick|LOL
|
|t:|1641218084
|move|p1a: Genesect|Blaze Kick|p2a: Necrozma
|-supereffective|p2a: Necrozma
|-damage|p2a: Necrozma|58/100
|-status|p2a: Necrozma|brn
|move|p2a: Necrozma|Swords Dance|p2a: Necrozma
|-boost|p2a: Necrozma|atk|2
|
|-heal|p2a: Necrozma|64/100 brn|[from] item: Leftovers
|-damage|p2a: Necrozma|58/100 brn|[from] brn
|upkeep
|turn|21
|c|☆8142e|see
|c| RoomTheTrick|LOL
|inactive|8142e has 120 seconds left.
|c| RoomTheTrick|lollllllll
|c| RoomTheTrick|LOOOOOOL
|c| Raph369|haha
|c|☆8142e|hes immortal
|
|t:|1641218095
|move|p1a: Genesect|Shift Gear|p1a: Genesect
|-boost|p1a: Genesect|spe|2
|-boost|p1a: Genesect|atk|1
|move|p2a: Necrozma|Morning Sun|p2a: Necrozma
|-heal|p2a: Necrozma|100/100 brn
|
|-damage|p2a: Necrozma|94/100 brn|[from] brn
|upkeep
|turn|22
|c|☆Heavenly demon 00|too late for that
|inactive|8142e has 120 seconds left.
|
|t:|1641218102
|move|p1a: Genesect|Blaze Kick|p2a: Necrozma
|-supereffective|p2a: Necrozma
|-damage|p2a: Necrozma|46/100 brn
|move|p2a: Necrozma|Earthquake|p1a: Genesect
|-damage|p1a: Genesect|46/100
|
|-heal|p2a: Necrozma|52/100 brn|[from] item: Leftovers
|-damage|p2a: Necrozma|46/100 brn|[from] brn
|upkeep
|turn|23
|
|t:|1641218111
|move|p1a: Genesect|Blaze Kick|p2a: Necrozma
|-supereffective|p2a: Necrozma
|-damage|p2a: Necrozma|0 fnt
|faint|p2a: Necrozma
|
|upkeep
|
|t:|1641218113
|switch|p2a: Yveltal|Yveltal|100/100
|-ability|p2a: Yveltal|Dark Aura
|turn|24
|
|t:|1641218119
|move|p1a: Genesect|Bug Bite|p2a: Yveltal
|-damage|p2a: Yveltal|49/100
|move|p2a: Yveltal|Foul Play|p1a: Genesect
|-damage|p1a: Genesect|0 fnt
|faint|p1a: Genesect
|
|upkeep
|
|t:|1641218125
|switch|p1a: Xerneas|Xerneas|100/100
|-damage|p1a: Xerneas|88/100|[from] Stealth Rock
|-ability|p1a: Xerneas|Fairy Aura
|turn|25
|
|t:|1641218130
|move|p2a: Yveltal|Defog|p1a: Xerneas
|-unboost|p1a: Xerneas|evasion|1
|-sideend|p1: Heavenly demon 00|Stealth Rock|[from] move: Defog|[of] p2a: Yveltal
|-sideend|p2: 8142e|Toxic Spikes|[from] move: Defog|[of] p2a: Yveltal
|move|p1a: Xerneas|Geomancy||[still]
|-prepare|p1a: Xerneas|Geomancy
|-enditem|p1a: Xerneas|Power Herb
|-anim|p1a: Xerneas|Geomancy|p1a: Xerneas
|-boost|p1a: Xerneas|spa|2
|-boost|p1a: Xerneas|spd|2
|-boost|p1a: Xerneas|spe|2
|
|upkeep
|turn|26
|c| RoomTheTrick|yoooooooo
|
|t:|1641218138
|switch|p2a: Ho-Oh|Ho-Oh|42/100
|move|p1a: Xerneas|Moonblast|p2a: Ho-Oh
|-resisted|p2a: Ho-Oh
|-crit|p2a: Ho-Oh
|-damage|p2a: Ho-Oh|0 fnt
|faint|p2a: Ho-Oh
|
|upkeep
|
|t:|1641218140
|switch|p2a: Blissey|Blissey, F|73/100
|turn|27
|c|☆Heavenly demon 00|this is over
|
|t:|1641218148
|move|p1a: Xerneas|Moonblast|p2a: Blissey
|-crit|p2a: Blissey
|-damage|p2a: Blissey|10/100
|move|p2a: Blissey|Soft-Boiled|p2a: Blissey
|-heal|p2a: Blissey|60/100
|
|upkeep
|turn|28
|c| RoomTheTrick|LOL
|c| Raph369|hahahaha
|
|t:|1641218153
|move|p1a: Xerneas|Moonblast|p2a: Blissey
|-damage|p2a: Blissey|18/100
|move|p2a: Blissey|Soft-Boiled|p2a: Blissey
|-heal|p2a: Blissey|68/100
|
|upkeep
|turn|29
|c| Raph369|demon too good
|
|t:|1641218160
|move|p1a: Xerneas|Moonblast|p2a: Blissey
|-damage|p2a: Blissey|25/100
|move|p2a: Blissey|Soft-Boiled|p2a: Blissey
|-heal|p2a: Blissey|75/100
|
|upkeep
|turn|30
|
|t:|1641218165
|move|p1a: Xerneas|Moonblast|p2a: Blissey
|-damage|p2a: Blissey|36/100
|move|p2a: Blissey|Soft-Boiled|p2a: Blissey
|-heal|p2a: Blissey|86/100
|
|upkeep
|turn|31
|
|t:|1641218170
|move|p1a: Xerneas|Geomancy||[still]
|-prepare|p1a: Xerneas|Geomancy
|move|p2a: Blissey|Confide|p1a: Xerneas
|-unboost|p1a: Xerneas|spa|1
|
|upkeep
|turn|32
|
|t:|1641218175
|move|p1a: Xerneas|Geomancy|p1a: Xerneas|[from]lockedmove
|-boost|p1a: Xerneas|spa|2
|-boost|p1a: Xerneas|spd|2
|-boost|p1a: Xerneas|spe|2
|move|p2a: Blissey|Confide|p1a: Xerneas
|-unboost|p1a: Xerneas|spa|1
|
|upkeep
|turn|33
|c| RoomTheTrick|epic gamer
|
|t:|1641218181
|move|p1a: Xerneas|Moonblast|p2a: Blissey
|-damage|p2a: Blissey|43/100
|move|p2a: Blissey|Confide|p1a: Xerneas
|-unboost|p1a: Xerneas|spa|1
|
|upkeep
|turn|34
|
|t:|1641218186
|move|p1a: Xerneas|Moonblast|p2a: Blissey
|-damage|p2a: Blissey|12/100
|move|p2a: Blissey|Soft-Boiled|p2a: Blissey
|-heal|p2a: Blissey|62/100
|
|upkeep
|turn|35
|
|t:|1641218192
|move|p1a: Xerneas|Moonblast|p2a: Blissey
|-damage|p2a: Blissey|31/100
|move|p2a: Blissey|Soft-Boiled|p2a: Blissey
|-heal|p2a: Blissey|81/100
|
|upkeep
|turn|36
|c| RoomTheTrick|CRIT
|
|t:|1641218198
|move|p1a: Xerneas|Geomancy||[still]
|-prepare|p1a: Xerneas|Geomancy
|move|p2a: Blissey|Seismic Toss|p1a: Xerneas
|-damage|p1a: Xerneas|66/100
|
|upkeep
|turn|37
|
|t:|1641218203
|move|p1a: Xerneas|Geomancy|p1a: Xerneas|[from]lockedmove
|-boost|p1a: Xerneas|spa|2
|-boost|p1a: Xerneas|spd|2
|-boost|p1a: Xerneas|spe|2
|move|p2a: Blissey|Confide|p1a: Xerneas
|-unboost|p1a: Xerneas|spa|1
|
|upkeep
|turn|38
|
|t:|1641218209
|move|p1a: Xerneas|Moonblast|p2a: Blissey
|-damage|p2a: Blissey|37/100
|move|p2a: Blissey|Confide|p1a: Xerneas
|-unboost|p1a: Xerneas|spa|1
|
|upkeep
|turn|39
|
|t:|1641218216
|move|p1a: Xerneas|Moonblast|p2a: Blissey
|-damage|p2a: Blissey|5/100
|move|p2a: Blissey|Soft-Boiled|p2a: Blissey
|-heal|p2a: Blissey|55/100
|
|upkeep
|turn|40
|
|t:|1641218221
|move|p1a: Xerneas|Geomancy||[still]
|-prepare|p1a: Xerneas|Geomancy
|move|p2a: Blissey|Soft-Boiled|p2a: Blissey
|-heal|p2a: Blissey|100/100
|
|upkeep
|turn|41
|
|t:|1641218225
|move|p1a: Xerneas|Geomancy|p1a: Xerneas|[from]lockedmove
|-boost|p1a: Xerneas|spa|2
|-boost|p1a: Xerneas|spd|0
|-boost|p1a: Xerneas|spe|0
|move|p2a: Blissey|Confide|p1a: Xerneas
|-unboost|p1a: Xerneas|spa|1
|
|upkeep
|turn|42
|
|t:|1641218231
|move|p1a: Xerneas|Moonblast|p2a: Blissey
|-damage|p2a: Blissey|61/100
|move|p2a: Blissey|Seismic Toss|p1a: Xerneas
|-damage|p1a: Xerneas|44/100
|
|upkeep
|turn|43
|c|☆Heavenly demon 00|bissy is such an annoying mon
|
|t:|1641218243
|move|p1a: Xerneas|Moonblast|p2a: Blissey
|-damage|p2a: Blissey|23/100
|move|p2a: Blissey|Soft-Boiled|p2a: Blissey
|-heal|p2a: Blissey|73/100
|
|upkeep
|turn|44
|
|t:|1641218252
|move|p1a: Xerneas|Moonblast|p2a: Blissey
|-damage|p2a: Blissey|30/100
|-unboost|p2a: Blissey|spa|1
|move|p2a: Blissey|Soft-Boiled|p2a: Blissey
|-heal|p2a: Blissey|80/100
|
|upkeep
|turn|45
|c| Raph369|yes 8truc is a chienne
|
|t:|1641218258
|move|p1a: Xerneas|Moonblast|p2a: Blissey
|-damage|p2a: Blissey|42/100
|-unboost|p2a: Blissey|spa|1
|move|p2a: Blissey|Confide|p1a: Xerneas
|-unboost|p1a: Xerneas|spa|1
|
|upkeep
|turn|46
|c| RoomTheTrick|CRITT
|
|t:|1641218265
|move|p1a: Xerneas|Moonblast|p2a: Blissey
|-damage|p2a: Blissey|10/100
|move|p2a: Blissey|Soft-Boiled|p2a: Blissey
|-heal|p2a: Blissey|60/100
|
|upkeep
|turn|47
|
|t:|1641218273
|move|p1a: Xerneas|Moonblast|p2a: Blissey
|-damage|p2a: Blissey|28/100
|-unboost|p2a: Blissey|spa|1
|move|p2a: Blissey|Soft-Boiled|p2a: Blissey
|-heal|p2a: Blissey|78/100
|
|upkeep
|turn|48
|
|t:|1641218279
|move|p1a: Xerneas|Geomancy||[still]
|-prepare|p1a: Xerneas|Geomancy
|move|p2a: Blissey|Seismic Toss|p1a: Xerneas
|-damage|p1a: Xerneas|22/100
|
|upkeep
|turn|49
|c| RoomTheTrick|come on
|c| RoomTheTrick|noooooooo
|c| RoomTheTrick|NOOOOOOO
|
|t:|1641218284
|move|p1a: Xerneas|Geomancy|p1a: Xerneas|[from]lockedmove
|-boost|p1a: Xerneas|spa|2
|-boost|p1a: Xerneas|spd|0
|-boost|p1a: Xerneas|spe|0
|move|p2a: Blissey|Seismic Toss|p1a: Xerneas
|-damage|p1a: Xerneas|0 fnt
|faint|p1a: Xerneas
|
|upkeep
|
|t:|1641218292
|switch|p1a: Calyrex|Calyrex-Shadow|100/100
|-ability|p1a: Calyrex|As One
|-ability|p1a: Calyrex|Unnerve
|turn|50
|
|t:|1641218297
|switch|p2a: Yveltal|Yveltal|49/100
|-ability|p2a: Yveltal|Dark Aura
|move|p1a: Calyrex|Nasty Plot|p1a: Calyrex
|-boost|p1a: Calyrex|spa|2
|
|upkeep
|turn|51
|c|☆8142e|gg
|
|t:|1641218303
|move|p1a: Calyrex|Pollen Puff|p2a: Yveltal
|-damage|p2a: Yveltal|0 fnt
|faint|p2a: Yveltal
|-ability|p1a: Calyrex|Grim Neigh|boost
|-boost|p1a: Calyrex|spa|1
|
|upkeep
|c| Raph369|lol
|c| RoomTheTrick|LOL
|-message|8142e forfeited.
|
|win|Heavenly demon 00
|n|☆Heavenly demon 00|heavenlydemon00
|n|☆8142e|8142e
|n| RoomTheTrick|roomthetrick
|n| Raph369|raph369
|c| RoomTheTrick|LMDR
|c| RoomTheTrick|DRMDFTGFPGKDHP
|c|☆Heavenly demon 00|gg
|l|☆Heavenly demon 00
|l|☆8142e
|l| Raph369
|l| RoomTheTrick
|j| Aniketjain2
