|j|☆ray712
|j|☆TheIronManOfUbers
|player|p1|ray712|ethan|1465
|player|p2|TheIronManOfUbers|veteran|1613
|teamsize|p1|6
|teamsize|p2|6
|gametype|singles
|gen|8
|tier|[Gen 8] Ubers
|rated|
|rule|Sleep Clause Mod: Limit one foe put to sleep
|rule|Species Clause: Limit one of each Pokémon
|rule|OHKO Clause: OHKO moves are banned
|rule|Evasion Moves Clause: Evasion moves are banned
|rule|Endless Battle Clause: Forcing endless battles is banned
|rule|HP Percentage Mod: HP is shown in percentages
|clearpoke
|poke|p1|Mew|
|poke|p1|Zacian-Crowned|
|poke|p1|Eternatus|
|poke|p1|Ditto|
|poke|p1|Gyarados, M|
|poke|p1|Zamazenta|
|poke|p2|Shuckle, M|
|poke|p2|Sableye, F|
|poke|p2|Zacian-Crowned|
|poke|p2|Eternatus|
|poke|p2|Dracovish|
|poke|p2|Gyarados, M|
|teampreview
|
|start
|switch|p1a: Mew|Mew|100/100
|switch|p2a: Shuckle|Shuckle, M|100/100
|turn|1
|
|move|p1a: Mew|Spikes|p2a: Shuckle
|-sidestart|p2: TheIronManOfUbers|Spikes
|move|p2a: Shuckle|Sticky Web|p1a: Mew
|-sidestart|p1: ray712|move: Sticky Web
|
|upkeep
|turn|2
|
|move|p1a: Mew|Spikes|p2a: Shuckle
|-sidestart|p2: TheIronManOfUbers|Spikes
|move|p2a: Shuckle|Stealth Rock|p1a: Mew
|-sidestart|p1: ray712|move: Stealth Rock
|
|upkeep
|turn|3
|
|move|p1a: Mew|Spikes|p2a: Shuckle
|-sidestart|p2: TheIronManOfUbers|Spikes
|move|p2a: Shuckle|Encore|p1a: Mew
|-start|p1a: Mew|Encore
|
|upkeep
|turn|4
|
|switch|p1a: Zacian|Zacian-Crowned|100/100
|-damage|p1a: Zacian|94/100|[from] Stealth Rock
|-activate|p1a: Zacian|move: Sticky Web
|-unboost|p1a: Zacian|spe|1
|-ability|p1a: Zacian|Intrepid Sword|boost
|-boost|p1a: Zacian|atk|1
|move|p2a: Shuckle|Final Gambit|p1a: Zacian
|-damage|p1a: Zacian|20/100
|faint|p2a: Shuckle
|
|upkeep
|
|switch|p2a: Gyarados|Gyarados, M|100/100
|turn|5
|
|-start|p2a: Gyarados|Dynamax
|-heal|p2a: Gyarados|100/100|[silent]
|move|p1a: Zacian|Play Rough|p2a: Gyarados
|-damage|p2a: Gyarados|42/100
|-unboost|p2a: Gyarados|atk|1
|move|p2a: Gyarados|Max Airstream|p1a: Zacian
|-resisted|p1a: Zacian
|-damage|p1a: Zacian|0 fnt
|-boost|p2a: Gyarados|spe|1
|faint|p1a: Zacian
|-ability|p2a: Gyarados|Moxie|boost
|-boost|p2a: Gyarados|atk|1
|
|-heal|p2a: Gyarados|45/100|[from] item: Leftovers
|upkeep
|
|switch|p1a: Zamazenta|Zamazenta|100/100
|-activate|p1a: Zamazenta|move: Sticky Web
|-unboost|p1a: Zamazenta|spe|1
|-damage|p1a: Zamazenta|94/100|[from] Stealth Rock
|-ability|p1a: Zamazenta|Dauntless Shield|boost
|-boost|p1a: Zamazenta|def|1
|turn|6
|
|move|p2a: Gyarados|Max Geyser|p1a: Zamazenta
|-damage|p1a: Zamazenta|52/100
|-weather|RainDance
|move|p1a: Zamazenta|Wild Charge|p2a: Gyarados
|-supereffective|p2a: Gyarados
|-damage|p2a: Gyarados|0 fnt
|-damage|p1a: Zamazenta|29/100|[from] Recoil
|faint|p2a: Gyarados
|
|-weather|RainDance|[upkeep]
|upkeep
|
|switch|p2a: Eternatus|Eternatus|100/100
|-damage|p2a: Eternatus|76/100|[from] Spikes
|-ability|p2a: Eternatus|Pressure
|turn|7
|
|switch|p1a: Mew|Mew|100/100
|-damage|p1a: Mew|88/100|[from] Stealth Rock
|-activate|p1a: Mew|move: Sticky Web
|-unboost|p1a: Mew|spe|1
|move|p2a: Eternatus|Dynamax Cannon|p1a: Mew
|-damage|p1a: Mew|1/100
|-damage|p2a: Eternatus|66/100|[from] item: Life Orb
|
|-weather|RainDance|[upkeep]
|upkeep
|turn|8
|
|move|p2a: Eternatus|Recover|p2a: Eternatus
|-heal|p2a: Eternatus|100/100
|move|p1a: Mew|Taunt|p2a: Eternatus
|-start|p2a: Eternatus|move: Taunt
|
|-weather|RainDance|[upkeep]
|upkeep
|turn|9
|
|move|p2a: Eternatus|Dynamax Cannon|p1a: Mew
|-damage|p1a: Mew|0 fnt
|-damage|p2a: Eternatus|91/100|[from] item: Life Orb
|faint|p1a: Mew
|
|-weather|RainDance|[upkeep]
|upkeep
|
|switch|p1a: Ditto|Ditto|100/100
|-damage|p1a: Ditto|88/100|[from] Stealth Rock
|-activate|p1a: Ditto|move: Sticky Web
|-unboost|p1a: Ditto|spe|1
|-transform|p1a: Ditto|p2a: Eternatus|[from] ability: Imposter
|-ability|p1a: Ditto|Pressure
|turn|10
|
|switch|p2a: Zacian|Zacian-Crowned|100/100
|-damage|p2a: Zacian|76/100|[from] Spikes
|-ability|p2a: Zacian|Intrepid Sword|boost
|-boost|p2a: Zacian|atk|1
|move|p1a: Ditto|Dynamax Cannon|p2a: Zacian
|-immune|p2a: Zacian
|
|-weather|none
|upkeep
|turn|11
|
|switch|p1a: Zamazenta|Zamazenta|29/100
|-activate|p1a: Zamazenta|move: Sticky Web
|-unboost|p1a: Zamazenta|spe|1
|-damage|p1a: Zamazenta|23/100|[from] Stealth Rock
|-ability|p1a: Zamazenta|Dauntless Shield|boost
|-boost|p1a: Zamazenta|def|1
|move|p2a: Zacian|Psychic Fangs|p1a: Zamazenta
|-supereffective|p1a: Zamazenta
|-damage|p1a: Zamazenta|0 fnt
|faint|p1a: Zamazenta
|
|upkeep
|
|switch|p1a: Ditto|Ditto|88/100
|-damage|p1a: Ditto|76/100|[from] Stealth Rock
|-activate|p1a: Ditto|move: Sticky Web
|-unboost|p1a: Ditto|spe|1
|-transform|p1a: Ditto|p2a: Zacian|[from] ability: Imposter
|-ability|p1a: Ditto|Intrepid Sword|boost
|-boost|p1a: Ditto|atk|1
|turn|12
|
|move|p2a: Zacian|Protect|p2a: Zacian
|-singleturn|p2a: Zacian|Protect
|move|p1a: Ditto|Behemoth Blade|p2a: Zacian
|-activate|p2a: Zacian|move: Protect
|
|upkeep
|turn|13
|
|move|p2a: Zacian|Protect||[still]
|-fail|p2a: Zacian
|move|p1a: Ditto|Behemoth Blade|p2a: Zacian
|-damage|p2a: Zacian|0 fnt
|faint|p2a: Zacian
|
|upkeep
|
|switch|p2a: Sableye|Sableye, F|100/100
|-damage|p2a: Sableye|76/100|[from] Spikes
|turn|14
|
|switch|p1a: Eternatus|Eternatus|100/100
|-activate|p1a: Eternatus|move: Sticky Web
|-unboost|p1a: Eternatus|spe|1
|-damage|p1a: Eternatus|88/100|[from] Stealth Rock
|-ability|p1a: Eternatus|Pressure
|move|p2a: Sableye|Will-O-Wisp|p1a: Eternatus
|-status|p1a: Eternatus|brn
|
|-heal|p2a: Sableye|82/100|[from] item: Leftovers
|-damage|p1a: Eternatus|82/100 brn|[from] brn
|upkeep
|turn|15
|
|move|p1a: Eternatus|Substitute|p1a: Eternatus
|-start|p1a: Eternatus|Substitute
|-damage|p1a: Eternatus|57/100 brn
|move|p2a: Sableye|Knock Off|p1a: Eternatus
|-activate|p1a: Eternatus|move: Substitute|[damage]
|
|-heal|p2a: Sableye|88/100|[from] item: Leftovers
|-damage|p1a: Eternatus|51/100 brn|[from] brn
|upkeep
|turn|16
|
|move|p1a: Eternatus|Dynamax Cannon|p2a: Sableye
|-damage|p2a: Sableye|0 fnt
|-damage|p1a: Eternatus|41/100 brn|[from] item: Life Orb
|faint|p2a: Sableye
|
|-damage|p1a: Eternatus|35/100 brn|[from] brn
|upkeep
|
|switch|p2a: Eternatus|Eternatus|91/100
|-damage|p2a: Eternatus|66/100|[from] Spikes
|-ability|p2a: Eternatus|Pressure
|turn|17
|
|move|p2a: Eternatus|Dynamax Cannon|p1a: Eternatus
|-supereffective|p1a: Eternatus
|-end|p1a: Eternatus|Substitute
|-damage|p2a: Eternatus|56/100|[from] item: Life Orb
|move|p1a: Eternatus|Dynamax Cannon|p2a: Eternatus
|-supereffective|p2a: Eternatus
|-damage|p2a: Eternatus|0 fnt
|-damage|p1a: Eternatus|25/100 brn|[from] item: Life Orb
|faint|p2a: Eternatus
|
|-damage|p1a: Eternatus|19/100 brn|[from] brn
|upkeep
|
|switch|p2a: Dracovish|Dracovish|100/100
|-damage|p2a: Dracovish|76/100|[from] Spikes
|turn|18
|
|move|p1a: Eternatus|Dynamax Cannon|p2a: Dracovish
|-supereffective|p2a: Dracovish
|-damage|p2a: Dracovish|0 fnt
|-damage|p1a: Eternatus|9/100 brn|[from] item: Life Orb
|faint|p2a: Dracovish
|
|win|ray712
|raw|ray712's rating: 1465 &rarr; <strong>1493</strong><br />(+28 for winning)
|raw|TheIronManOfUbers's rating: 1613 &rarr; <strong>1585</strong><br />(-28 for losing)
|l|☆TheIronManOfUbers
