|html|<div class="broadcast-blue"><strong>[Gen 8] Ubers is currently suspecting Calyrex-Shadow! For information on how to participate check out the <a href="https://www.smogon.com/forums/threads/np-ss-ubers-stage-8-ridin-dirty-calyrex-shadow-suspect-test.3704200/">suspect thread</a>.</strong></div>
|j|☆Nael222
|j|☆Inder
|t:|1657305110
|gametype|singles
|player|p1|Nael222|rosa|
|player|p2|Inder|youngster|
|teamsize|p1|6
|teamsize|p2|6
|gen|8
|tier|[Gen 8] Ubers
|rule|Sleep Clause Mod: Limit one foe put to sleep
|rule|Species Clause: Limit one of each Pokémon
|rule|OHKO Clause: OHKO moves are banned
|rule|Evasion Moves Clause: Evasion moves are banned
|rule|Endless Battle Clause: Forcing endless battles is banned
|rule|HP Percentage Mod: HP is shown in percentages
|rule|Dynamax Clause: You cannot dynamax
|clearpoke
|poke|p1|Groudon|
|poke|p1|Calyrex-Shadow|
|poke|p1|Eternatus|
|poke|p1|Necrozma-Dusk-Mane|
|poke|p1|Marshadow|
|poke|p1|Yveltal|
|poke|p2|Calyrex-Shadow|
|poke|p2|Landorus-Therian, M|
|poke|p2|Necrozma-Dusk-Mane|
|poke|p2|Yveltal|
|poke|p2|Eternatus|
|poke|p2|Rayquaza|
|teampreview
|inactive|Battle timer is ON: inactive players will automatically lose when time's up. (requested by Inder)
|c|☆Nael222|Hf
|c|☆Inder|hf
|c|☆Inder|/log Inder made this room public.
|inactive|Nael222 has 270 seconds left.
|inactive|Inder has 270 seconds left.
|c|☆Inder|Tu peux publicroom ?
|c|☆Inder|Nael222
|c|☆Nael222|Deja public
|inactive|Inder has 240 seconds left.
|c|☆Inder|https://play.pokemonshowdown.com/battle-gen8ubers-1613117166-2symtxd7ombjynpw2cde78liq12irgqpw
|c|☆Inder|nope
|inactive|Inder has 210 seconds left.
|c|☆Inder|publicroom please
|c|☆Nael222|https://play.pokemonshowdown.com/battle-gen8ubers-1613117166
|l|☆Inder
|inactive|Inder disconnected and has 300 seconds to reconnect!
|player|p2|
|c|☆Nael222|Tu le fais expres
|j|☆Inder
|inactive|Inder reconnected and has 205 seconds left.
|player|p2|Inder|youngster
|j| TDR
|inactive|Inder has 180 seconds left.
|
|t:|1657305241
|start
|switch|p1a: Yveltal|Yveltal|100/100
|switch|p2a: Calyrex|Calyrex-Shadow|100/100
|-ability|p2a: Calyrex|As One
|-ability|p2a: Calyrex|Unnerve
|-ability|p1a: Yveltal|Dark Aura
|turn|1
|
|t:|1657305247
|switch|p2a: Eternatus|Eternatus|100/100
|-ability|p2a: Eternatus|Pressure
|move|p1a: Yveltal|U-turn|p2a: Eternatus
|-resisted|p2a: Eternatus
|-damage|p2a: Eternatus|92/100
|j| Coolcodename
|c|☆Nael222|Hf
|c|☆Inder|hf
|
|t:|1657305265
|switch|p1a: Necrozma|Necrozma-Dusk-Mane|100/100|[from]move: U-turn
|
|upkeep
|turn|2
|j| HEY!man?2(69)4
|
|t:|1657305271
|switch|p2a: Landorus|Landorus-Therian, M|100/100
|-ability|p2a: Landorus|Intimidate|boost
|-unboost|p1a: Necrozma|atk|1
|switch|p1a: Marshadow|Marshadow|100/100
|
|upkeep
|turn|3
|c| HEY!man?2(69)4|which one is my team
|
|t:|1657305286
|move|p1a: Marshadow|Ice Punch|p2a: Landorus
|-supereffective|p2a: Landorus
|-crit|p2a: Landorus
|-damage|p2a: Landorus|0 fnt
|faint|p2a: Landorus
|-damage|p1a: Marshadow|91/100|[from] item: Life Orb
|
|upkeep
|c| HEY!man?2(69)4|hax
|
|t:|1657305295
|switch|p2a: Eternatus|Eternatus|92/100
|-ability|p2a: Eternatus|Pressure
|turn|4
|
|t:|1657305298
|switch|p1a: Necrozma|Necrozma-Dusk-Mane|100/100
|switch|p2a: Calyrex|Calyrex-Shadow|100/100
|-ability|p2a: Calyrex|As One
|-ability|p2a: Calyrex|Unnerve
|
|upkeep
|turn|5
|j| MiNi Charizard X
|inactive|Inder has 270 seconds left.
|
|t:|1657305309
|switch|p1a: Yveltal|Yveltal|100/100
|-ability|p1a: Yveltal|Dark Aura
|move|p2a: Calyrex|Trick|p1a: Yveltal
|-activate|p2a: Calyrex|move: Trick|[of] p1a: Yveltal
|-item|p1a: Yveltal|Choice Specs|[from] move: Trick
|-item|p2a: Calyrex|Heavy-Duty Boots|[from] move: Trick
|
|upkeep
|turn|6
|
|t:|1657305318
|switch|p2a: Yveltal|Yveltal|100/100
|-ability|p2a: Yveltal|Dark Aura
|move|p1a: Yveltal|U-turn|p2a: Yveltal
|-damage|p2a: Yveltal|83/100
|
|t:|1657305332
|switch|p1a: Groudon|Groudon|100/100|[from]move: U-turn
|-weather|SunnyDay|[from] ability: Drought|[of] p1a: Groudon
|
|-weather|SunnyDay|[upkeep]
|upkeep
|turn|7
|
|t:|1657305337
|move|p2a: Yveltal|Knock Off|p1a: Groudon
|-damage|p1a: Groudon|65/100
|-enditem|p1a: Groudon|Choice Band|[from] move: Knock Off|[of] p2a: Yveltal
|move|p1a: Groudon|Heat Crash|p2a: Yveltal
|-damage|p2a: Yveltal|33/100
|
|-weather|SunnyDay|[upkeep]
|upkeep
|turn|8
|
|t:|1657305345
|move|p2a: Yveltal|Roost|p2a: Yveltal
|-heal|p2a: Yveltal|83/100
|-singleturn|p2a: Yveltal|move: Roost
|move|p1a: Groudon|Heat Crash|p2a: Yveltal
|-damage|p2a: Yveltal|29/100
|
|-weather|SunnyDay|[upkeep]
|upkeep
|turn|9
|
|t:|1657305351
|move|p2a: Yveltal|U-turn|p1a: Groudon
|-damage|p1a: Groudon|51/100
|
|t:|1657305352
|switch|p2a: Rayquaza|Rayquaza|100/100|[from]move: U-turn
|-ability|p2a: Rayquaza|Air Lock
|move|p1a: Groudon|Heat Crash|p2a: Rayquaza
|-resisted|p2a: Rayquaza
|-damage|p2a: Rayquaza|79/100
|
|-weather|SunnyDay|[upkeep]
|upkeep
|turn|10
|
|t:|1657305368
|switch|p1a: Eternatus|Eternatus|100/100
|-ability|p1a: Eternatus|Pressure
|move|p2a: Rayquaza|Dragon Ascent|p1a: Eternatus
|-damage|p1a: Eternatus|29/100
|-unboost|p2a: Rayquaza|def|1
|-unboost|p2a: Rayquaza|spd|1
|-damage|p2a: Rayquaza|69/100|[from] item: Life Orb
|
|-weather|none
|-heal|p1a: Eternatus|35/100|[from] item: Black Sludge
|upkeep
|turn|11
|
|t:|1657305382
|switch|p1a: Calyrex|Calyrex-Shadow|100/100
|-ability|p1a: Calyrex|As One
|-ability|p1a: Calyrex|Unnerve
|switch|p2a: Necrozma|Necrozma-Dusk-Mane|100/100
|
|upkeep
|turn|12
|
|t:|1657305404
|move|p1a: Calyrex|Astral Barrage|p2a: Necrozma
|-supereffective|p2a: Necrozma
|-damage|p2a: Necrozma|36/100
|move|p2a: Necrozma|Knock Off|p1a: Calyrex
|-supereffective|p1a: Calyrex
|-damage|p1a: Calyrex|0 fnt
|-enditem|p1a: Calyrex|Ring Target|[from] move: Knock Off|[of] p2a: Necrozma
|faint|p1a: Calyrex
|
|-heal|p2a: Necrozma|42/100|[from] item: Leftovers
|upkeep
|
|t:|1657305408
|switch|p1a: Marshadow|Marshadow|91/100
|turn|13
|c|☆Inder|Ring target
|
|t:|1657305428
|switch|p2a: Eternatus|Eternatus|92/100
|-ability|p2a: Eternatus|Pressure
|move|p1a: Marshadow|Spectral Thief|p2a: Eternatus
|-damage|p2a: Eternatus|43/100
|-damage|p1a: Marshadow|81/100|[from] item: Life Orb
|
|upkeep
|turn|14
|
|t:|1657305433
|move|p1a: Marshadow|Spectral Thief|p2a: Eternatus
|-damage|p2a: Eternatus|0 fnt
|faint|p2a: Eternatus
|-damage|p1a: Marshadow|71/100|[from] item: Life Orb
|
|upkeep
|
|t:|1657305451
|switch|p2a: Rayquaza|Rayquaza|69/100
|-ability|p2a: Rayquaza|Air Lock
|turn|15
|inactive|Nael222 has 270 seconds left.
|
|t:|1657305484
|switch|p2a: Necrozma|Necrozma-Dusk-Mane|42/100
|move|p1a: Marshadow|Ice Punch|p2a: Necrozma
|-resisted|p2a: Necrozma
|-damage|p2a: Necrozma|30/100
|-damage|p1a: Marshadow|61/100|[from] item: Life Orb
|
|-heal|p2a: Necrozma|36/100|[from] item: Leftovers
|upkeep
|turn|16
|
|t:|1657305491
|switch|p2a: Rayquaza|Rayquaza|69/100
|-ability|p2a: Rayquaza|Air Lock
|move|p1a: Marshadow|Spectral Thief|p2a: Rayquaza
|-damage|p2a: Rayquaza|0 fnt
|faint|p2a: Rayquaza
|-damage|p1a: Marshadow|51/100|[from] item: Life Orb
|
|upkeep
|
|t:|1657305494
|switch|p2a: Yveltal|Yveltal|29/100
|-ability|p2a: Yveltal|Dark Aura
|turn|17
|
|t:|1657305500
|move|p1a: Marshadow|Close Combat|p2a: Yveltal
|-damage|p2a: Yveltal|0 fnt
|-unboost|p1a: Marshadow|def|1
|-unboost|p1a: Marshadow|spd|1
|faint|p2a: Yveltal
|-damage|p1a: Marshadow|41/100|[from] item: Life Orb
|
|upkeep
|
|t:|1657305502
|switch|p2a: Calyrex|Calyrex-Shadow|100/100
|-ability|p2a: Calyrex|As One
|-ability|p2a: Calyrex|Unnerve
|turn|18
|c|☆Nael222|Gg
|
|t:|1657305508
|move|p1a: Marshadow|Shadow Sneak|p2a: Calyrex
|-supereffective|p2a: Calyrex
|-damage|p2a: Calyrex|0 fnt
|faint|p2a: Calyrex
|-damage|p1a: Marshadow|31/100|[from] item: Life Orb
|
|upkeep
|c|☆Inder|sorry team
|c|☆Inder|gg
|l| Coolcodename
|-message|Inder forfeited.
|
|win|Nael222
