|j|☆HTezcat04
|j|☆DevinLovesDezzy
|player|p1|HTezcat04|plasmagrunt-gen5bw|1484
|player|p2|DevinLovesDezzy|eusine|1503
|teamsize|p1|6
|teamsize|p2|6
|gametype|singles
|gen|8
|tier|[Gen 8] Ubers
|rated|
|clearpoke
|poke|p1|Necrozma-Dusk-Mane|
|poke|p1|Marshadow|
|poke|p1|Zekrom|
|poke|p1|Ditto|
|poke|p1|Zacian-Crowned|
|poke|p1|Tyranitar, F|
|poke|p2|Pelipper, M|
|poke|p2|Drednaw, M|
|poke|p2|Jirachi|
|poke|p2|Dracovish|
|poke|p2|Necrozma-Dusk-Mane|
|poke|p2|Crawdaunt, F|
|rule|Sleep Clause Mod: Limit one foe put to sleep
|rule|Species Clause: Limit one of each Pokémon
|rule|OHKO Clause: OHKO moves are banned
|rule|Evasion Moves Clause: Evasion moves are banned
|rule|Endless Battle Clause: Forcing endless battles is banned
|rule|HP Percentage Mod: HP is shown in percentages
|html|Ubers Dynamax Clause: Pokémon on the <a href="https://www.smogon.com/dex/ss/formats/uber/">Ubers Dynamax Banlist</a> cannot Dynamax.
|teampreview
|inactive|Battle timer is ON: inactive players will automatically lose when time's up. (requested by HTezcat04)
|
|start
|switch|p1a: Illoilloillo|Zacian-Crowned|100/100
|switch|p2a: Birdie|Pelipper, M|100/100
|-ability|p1a: Illoilloillo|Intrepid Sword|boost
|-boost|p1a: Illoilloillo|atk|1
|-weather|RainDance|[from] ability: Drizzle|[of] p2a: Birdie
|turn|1
|
|move|p1a: Illoilloillo|Wild Charge|p2a: Birdie
|-supereffective|p2a: Birdie
|-damage|p2a: Birdie|0 fnt
|-damage|p1a: Illoilloillo|76/100|[from] Recoil
|faint|p2a: Birdie
|
|-weather|RainDance|[upkeep]
|upkeep
|
|switch|p2a: ninja Turtle|Drednaw, M|100/100
|turn|2
|
|switch|p1a: Manolo Pérez|Tyranitar, F|100/100
|-weather|Sandstorm|[from] ability: Sand Stream|[of] p1a: Manolo Pérez
|-start|p2a: ninja Turtle|Dynamax
|-formechange|p2a: ninja Turtle|Drednaw-Gmax
|-heal|p2a: ninja Turtle|100/100|[silent]
|move|p2a: ninja Turtle|G-Max Stonesurge|p1a: Manolo Pérez
|-supereffective|p1a: Manolo Pérez
|-damage|p1a: Manolo Pérez|0 fnt
|-sidestart|p1: HTezcat04|move: Stealth Rock
|-damage|p2a: ninja Turtle|96/100|[from] item: Life Orb
|faint|p1a: Manolo Pérez
|
|-weather|Sandstorm|[upkeep]
|upkeep
|
|switch|p1a: Er mehó|Zekrom|100/100
|-damage|p1a: Er mehó|88/100|[from] Stealth Rock
|-ability|p1a: Er mehó|Teravolt
|turn|3
|
|move|p1a: Er mehó|Bolt Strike|p2a: ninja Turtle
|-supereffective|p2a: ninja Turtle
|-damage|p2a: ninja Turtle|3/100
|move|p2a: ninja Turtle|Max Quake|p1a: Er mehó
|-supereffective|p1a: Er mehó
|-damage|p1a: Er mehó|0 fnt
|-boost|p2a: ninja Turtle|spd|1
|-damage|p2a: ninja Turtle|0 fnt|[from] item: Life Orb
|faint|p1a: Er mehó
|faint|p2a: ninja Turtle
|
|-weather|Sandstorm|[upkeep]
|upkeep
|j| anto004
|inactive|HTezcat04 has 120 seconds left.
|l| anto004
|j| anto004
|
|switch|p1a: Illoilloillo|Zacian-Crowned|76/100
|switch|p2a: KILL ME|Necrozma-Dusk-Mane|100/100
|-damage|p1a: Illoilloillo|70/100|[from] Stealth Rock
|-ability|p1a: Illoilloillo|Intrepid Sword|boost
|-boost|p1a: Illoilloillo|atk|1
|turn|4
|
|switch|p1a: Juan Ramírez|Necrozma-Dusk-Mane|100/100
|-damage|p1a: Juan Ramírez|94/100|[from] Stealth Rock
|move|p2a: KILL ME|Trick Room|p2a: KILL ME
|-fieldstart|move: Trick Room|[of] p2a: KILL ME
|
|-weather|Sandstorm|[upkeep]
|upkeep
|turn|5
|inactive|HTezcat04 has 120 seconds left.
|
|move|p2a: KILL ME|Swords Dance|p2a: KILL ME
|-boost|p2a: KILL ME|atk|2
|move|p1a: Juan Ramírez|Earthquake|p2a: KILL ME
|-supereffective|p2a: KILL ME
|-damage|p2a: KILL ME|64/100
|-enditem|p2a: KILL ME|Weakness Policy
|-boost|p2a: KILL ME|atk|2|[from] item: Weakness Policy
|-boost|p2a: KILL ME|spa|2|[from] item: Weakness Policy
|
|-weather|Sandstorm|[upkeep]
|upkeep
|turn|6
|l| anto004
|
|move|p2a: KILL ME|Earthquake|p1a: Juan Ramírez
|-supereffective|p1a: Juan Ramírez
|-damage|p1a: Juan Ramírez|0 fnt
|faint|p1a: Juan Ramírez
|
|-weather|none
|upkeep
|inactive|HTezcat04 has 120 seconds left.
|
|switch|p1a: Illoilloillo|Zacian-Crowned|70/100
|-damage|p1a: Illoilloillo|64/100|[from] Stealth Rock
|-ability|p1a: Illoilloillo|Intrepid Sword|boost
|-boost|p1a: Illoilloillo|atk|1
|turn|7
|
|move|p1a: Illoilloillo|Protect|p1a: Illoilloillo
|-singleturn|p1a: Illoilloillo|Protect
|move|p2a: KILL ME|Earthquake|p1a: Illoilloillo
|-activate|p1a: Illoilloillo|move: Protect
|
|upkeep
|turn|8
|inactive|HTezcat04 has 120 seconds left.
|
|switch|p2a: Lobster!|Crawdaunt, F|100/100
|move|p1a: Illoilloillo|Wild Charge|p2a: Lobster!
|-supereffective|p2a: Lobster!
|-damage|p2a: Lobster!|0 fnt
|-damage|p1a: Illoilloillo|38/100|[from] Recoil
|faint|p2a: Lobster!
|
|-fieldend|move: Trick Room
|upkeep
|j| anto004
|
|switch|p2a: Wishmaker|Jirachi|100/100
|turn|9
|
|move|p1a: Illoilloillo|Close Combat|p2a: Wishmaker
|-damage|p2a: Wishmaker|46/100
|-unboost|p1a: Illoilloillo|def|1
|-unboost|p1a: Illoilloillo|spd|1
|-enditem|p2a: Wishmaker|Sitrus Berry|[eat]
|-heal|p2a: Wishmaker|71/100|[from] item: Sitrus Berry
|move|p2a: Wishmaker|Healing Wish|p2a: Wishmaker
|faint|p2a: Wishmaker
|
|upkeep
|
|switch|p2a: KILL ME|Necrozma-Dusk-Mane|64/100
|-heal|p2a: KILL ME|100/100|[from] move: Healing Wish
|turn|10
|
|move|p1a: Illoilloillo|Close Combat|p2a: KILL ME
|-damage|p2a: KILL ME|39/100
|-unboost|p1a: Illoilloillo|def|1
|-unboost|p1a: Illoilloillo|spd|1
|move|p2a: KILL ME|Trick Room|p2a: KILL ME
|-fieldstart|move: Trick Room|[of] p2a: KILL ME
|
|upkeep
|turn|11
|
|move|p1a: Illoilloillo|Protect|p1a: Illoilloillo
|-singleturn|p1a: Illoilloillo|Protect
|move|p2a: KILL ME|Earthquake|p1a: Illoilloillo
|-activate|p1a: Illoilloillo|move: Protect
|
|upkeep
|turn|12
|
|move|p2a: KILL ME|Earthquake|p1a: Illoilloillo
|-supereffective|p1a: Illoilloillo
|-damage|p1a: Illoilloillo|0 fnt
|faint|p1a: Illoilloillo
|
|upkeep
|
|switch|p1a: Antonio Sánchez|Ditto|100/100
|-damage|p1a: Antonio Sánchez|88/100|[from] Stealth Rock
|-transform|p1a: Antonio Sánchez|p2a: KILL ME|[from] ability: Imposter
|turn|13
|
|move|p2a: KILL ME|Earthquake|p1a: Antonio Sánchez
|-supereffective|p1a: Antonio Sánchez
|-damage|p1a: Antonio Sánchez|31/100
|move|p1a: Antonio Sánchez|Earthquake|p2a: KILL ME
|-supereffective|p2a: KILL ME
|-damage|p2a: KILL ME|0 fnt
|faint|p2a: KILL ME
|
|upkeep
|
|switch|p2a: Mr. Fish|Dracovish|100/100
|turn|14
|
|move|p2a: Mr. Fish|Fishious Rend|p1a: Antonio Sánchez
|-damage|p1a: Antonio Sánchez|0 fnt
|faint|p1a: Antonio Sánchez
|
|-fieldend|move: Trick Room
|upkeep
|
|switch|p1a: Javier Sarda|Marshadow|100/100
|-damage|p1a: Javier Sarda|94/100|[from] Stealth Rock
|turn|15
|c|☆DevinLovesDezzy|GG
|
|move|p1a: Javier Sarda|Close Combat|p2a: Mr. Fish
|-damage|p2a: Mr. Fish|33/100
|-unboost|p1a: Javier Sarda|def|1
|-unboost|p1a: Javier Sarda|spd|1
|-damage|p1a: Javier Sarda|84/100|[from] item: Life Orb
|move|p2a: Mr. Fish|Fishious Rend|p1a: Javier Sarda
|-damage|p1a: Javier Sarda|0 fnt
|faint|p1a: Javier Sarda
|
|win|DevinLovesDezzy
|l|☆HTezcat04
