|j|☆Chunkomucho
|j|☆Sitonaii
|t:|1598234227
|player|p1|Chunkomucho|erika|1546
|player|p2|Sitonaii|cynthia-gen4|1548
|teamsize|p1|6
|teamsize|p2|6
|gametype|singles
|gen|8
|tier|[Gen 8] Ubers
|rated|
|clearpoke
|poke|p1|Pelipper, M|
|poke|p1|Drednaw, F|
|poke|p1|Tangrowth, M|
|poke|p1|Zacian-Crowned|
|poke|p1|Magearna|
|poke|p1|Kingdra, M|
|poke|p2|Cloyster, M|
|poke|p2|Darmanitan-Galar, M|
|poke|p2|Lunala|
|poke|p2|Ditto|
|poke|p2|Zacian-Crowned|
|poke|p2|Necrozma-Dusk-Mane|
|rule|Sleep Clause Mod: Limit one foe put to sleep
|rule|Species Clause: Limit one of each Pokémon
|rule|OHKO Clause: OHKO moves are banned
|rule|Evasion Moves Clause: Evasion moves are banned
|rule|Endless Battle Clause: Forcing endless battles is banned
|rule|HP Percentage Mod: HP is shown in percentages
|html|Ubers Dynamax Clause: Pokémon on the <a href="https://www.smogon.com/dex/ss/formats/uber/">Ubers Dynamax Banlist</a> cannot Dynamax.
|teampreview
|
|t:|1598234260
|start
|switch|p1a: Zacian|Zacian-Crowned|100/100
|switch|p2a: Cloyster|Cloyster, M|100/100
|-ability|p1a: Zacian|Intrepid Sword|boost
|-boost|p1a: Zacian|atk|1
|turn|1
|
|t:|1598234274
|move|p1a: Zacian|Behemoth Blade|p2a: Cloyster
|-damage|p2a: Cloyster|15/100
|move|p2a: Cloyster|Shell Smash|p2a: Cloyster
|-unboost|p2a: Cloyster|def|1
|-unboost|p2a: Cloyster|spd|1
|-boost|p2a: Cloyster|atk|2
|-boost|p2a: Cloyster|spa|2
|-boost|p2a: Cloyster|spe|2
|
|upkeep
|turn|2
|
|t:|1598234314
|-start|p2a: Cloyster|Dynamax
|-heal|p2a: Cloyster|15/100|[silent]
|move|p2a: Cloyster|Max Geyser|p1a: Zacian
|-damage|p1a: Zacian|6/100
|-weather|RainDance
|move|p1a: Zacian|Behemoth Blade|p2a: Cloyster
|-damage|p2a: Cloyster|0 fnt
|faint|p2a: Cloyster
|
|-weather|RainDance|[upkeep]
|upkeep
|
|t:|1598234322
|switch|p2a: Ditto|Ditto|100/100
|-transform|p2a: Ditto|p1a: Zacian|[from] ability: Imposter
|-ability|p2a: Ditto|Intrepid Sword|boost
|-boost|p2a: Ditto|atk|1
|turn|3
|
|t:|1598234339
|move|p2a: Ditto|Close Combat|p1a: Zacian
|-damage|p1a: Zacian|0 fnt
|-unboost|p2a: Ditto|def|1
|-unboost|p2a: Ditto|spd|1
|faint|p1a: Zacian
|
|-weather|RainDance|[upkeep]
|upkeep
|
|t:|1598234342
|switch|p1a: Tangrowth|Tangrowth, M, shiny|100/100
|turn|4
|
|t:|1598234354
|switch|p2a: Darmanitan|Darmanitan-Galar, M|100/100
|move|p1a: Tangrowth|Knock Off|p2a: Darmanitan
|-damage|p2a: Darmanitan|67/100
|-enditem|p2a: Darmanitan|Choice Scarf|[from] move: Knock Off|[of] p1a: Tangrowth
|
|-weather|RainDance|[upkeep]
|upkeep
|turn|5
|
|t:|1598234362
|switch|p1a: Saionji|Magearna|100/100
|move|p2a: Darmanitan|Icicle Crash|p1a: Saionji
|-resisted|p1a: Saionji
|-damage|p1a: Saionji|73/100
|
|-weather|RainDance|[upkeep]
|-heal|p1a: Saionji|79/100|[from] item: Leftovers
|upkeep
|turn|6
|
|t:|1598234383
|move|p2a: Darmanitan|Icicle Crash|p1a: Saionji
|-resisted|p1a: Saionji
|-damage|p1a: Saionji|52/100
|move|p1a: Saionji|Volt Switch|p2a: Darmanitan
|-damage|p2a: Darmanitan|37/100
|
|t:|1598234398
|switch|p1a: Drednaw|Drednaw, F|100/100|[from]move: Volt Switch
|
|-weather|none
|upkeep
|turn|7
|
|t:|1598234416
|move|p2a: Darmanitan|Icicle Crash|p1a: Drednaw
|-resisted|p1a: Drednaw
|-damage|p1a: Drednaw|63/100
|move|p1a: Drednaw|Liquidation|p2a: Darmanitan
|-damage|p2a: Darmanitan|0 fnt
|-damage|p1a: Drednaw|53/100|[from] item: Life Orb
|faint|p2a: Darmanitan
|
|upkeep
|
|t:|1598234422
|switch|p2a: Zacian|Zacian-Crowned|100/100
|-ability|p2a: Zacian|Intrepid Sword|boost
|-boost|p2a: Zacian|atk|1
|turn|8
|
|t:|1598234429
|switch|p1a: Tangrowth|Tangrowth, M, shiny|100/100
|move|p2a: Zacian|Wild Charge|p1a: Tangrowth
|-resisted|p1a: Tangrowth
|-damage|p1a: Tangrowth|86/100
|-damage|p2a: Zacian|84/100|[from] item: Rocky Helmet|[of] p1a: Tangrowth
|-damage|p2a: Zacian|79/100|[from] Recoil
|
|upkeep
|turn|9
|
|t:|1598234437
|move|p2a: Zacian|Behemoth Blade|p1a: Tangrowth
|-damage|p1a: Tangrowth|36/100
|-damage|p2a: Zacian|63/100|[from] item: Rocky Helmet|[of] p1a: Tangrowth
|move|p1a: Tangrowth|Stun Spore|p2a: Zacian
|-status|p2a: Zacian|par
|
|upkeep
|turn|10
|
|t:|1598234447
|cant|p2a: Zacian|par
|move|p1a: Tangrowth|Leech Seed|p2a: Zacian
|-start|p2a: Zacian|move: Leech Seed
|
|-damage|p2a: Zacian|50/100 par|[from] Leech Seed|[of] p1a: Tangrowth
|-heal|p1a: Tangrowth|46/100|[silent]
|upkeep
|turn|11
|
|t:|1598234453
|move|p2a: Zacian|Behemoth Blade|p1a: Tangrowth
|-damage|p1a: Tangrowth|0 fnt
|-damage|p2a: Zacian|34/100 par|[from] item: Rocky Helmet|[of] p1a: Tangrowth
|faint|p1a: Tangrowth
|
|upkeep
|
|t:|1598234466
|switch|p1a: Pelipper|Pelipper, M|100/100
|-weather|RainDance|[from] ability: Drizzle|[of] p1a: Pelipper
|turn|12
|
|t:|1598234469
|move|p2a: Zacian|Wild Charge|p1a: Pelipper
|-supereffective|p1a: Pelipper
|-damage|p1a: Pelipper|0 fnt
|-damage|p2a: Zacian|9/100 par|[from] Recoil
|faint|p1a: Pelipper
|
|-weather|RainDance|[upkeep]
|upkeep
|
|t:|1598234483
|switch|p1a: Drednaw|Drednaw, F|53/100
|turn|13
|
|t:|1598234488
|-start|p1a: Drednaw|Dynamax
|-formechange|p1a: Drednaw|Drednaw-Gmax
|-heal|p1a: Drednaw|53/100|[silent]
|move|p1a: Drednaw|G-Max Stonesurge|p2a: Zacian
|-damage|p2a: Zacian|0 fnt
|-sidestart|p2: Sitonaii|move: Stealth Rock
|-damage|p1a: Drednaw|48/100|[from] item: Life Orb
|faint|p2a: Zacian
|
|-weather|RainDance|[upkeep]
|upkeep
|
|t:|1598234496
|switch|p2a: Ditto|Ditto|100/100
|-damage|p2a: Ditto|88/100|[from] Stealth Rock
|-transform|p2a: Ditto|p1a: Drednaw|[from] ability: Imposter
|turn|14
|
|t:|1598234502
|move|p2a: Ditto|Superpower|p1a: Drednaw
|-supereffective|p1a: Drednaw
|-damage|p1a: Drednaw|0 fnt
|-unboost|p2a: Ditto|atk|1
|-unboost|p2a: Ditto|def|1
|faint|p1a: Drednaw
|
|-weather|RainDance|[upkeep]
|upkeep
|
|t:|1598234508
|switch|p1a: Kingdra|Kingdra, M, shiny|100/100
|turn|15
|
|t:|1598234513
|switch|p2a: Lunala|Lunala|100/100
|move|p1a: Kingdra|Surf|p2a: Lunala
|-damage|p2a: Lunala|65/100
|
|-weather|RainDance|[upkeep]
|upkeep
|turn|16
|
|t:|1598234518
|move|p1a: Kingdra|Surf|p2a: Lunala
|-damage|p2a: Lunala|0 fnt
|faint|p2a: Lunala
|
|-weather|RainDance|[upkeep]
|upkeep
|
|t:|1598234523
|switch|p2a: Ditto|Ditto|88/100
|-damage|p2a: Ditto|76/100|[from] Stealth Rock
|-transform|p2a: Ditto|p1a: Kingdra|[from] ability: Imposter
|turn|17
|
|t:|1598234526
|switch|p1a: Saionji|Magearna|52/100
|move|p2a: Ditto|Draco Meteor|p1a: Saionji
|-immune|p1a: Saionji
|
|-weather|RainDance|[upkeep]
|-heal|p1a: Saionji|58/100|[from] item: Leftovers
|upkeep
|turn|18
|
|t:|1598234532
|switch|p2a: Necrozma|Necrozma-Dusk-Mane|100/100
|-damage|p2a: Necrozma|94/100|[from] Stealth Rock
|move|p1a: Saionji|Volt Switch|p2a: Necrozma
|-damage|p2a: Necrozma|80/100
|
|t:|1598234536
|switch|p1a: Kingdra|Kingdra, M, shiny|100/100|[from]move: Volt Switch
|
|-weather|RainDance|[upkeep]
|upkeep
|turn|19
|inactive|Battle timer is ON: inactive players will automatically lose when time's up. (requested by Sitonaii)
|
|t:|1598234614
|move|p1a: Kingdra|Hydro Pump|p2a: Necrozma
|-damage|p2a: Necrozma|0 fnt
|faint|p2a: Necrozma
|
|-weather|none
|upkeep
|
|t:|1598234618
|switch|p2a: Ditto|Ditto|76/100
|-damage|p2a: Ditto|63/100|[from] Stealth Rock
|-transform|p2a: Ditto|p1a: Kingdra|[from] ability: Imposter
|turn|20
|
|t:|1598234621
|switch|p1a: Saionji|Magearna|58/100
|move|p2a: Ditto|Hydro Pump|p1a: Saionji
|-damage|p1a: Saionji|25/100
|
|-heal|p1a: Saionji|31/100|[from] item: Leftovers
|upkeep
|turn|21
|
|t:|1598234626
|move|p2a: Ditto|Hydro Pump|p1a: Saionji
|-damage|p1a: Saionji|1/100
|move|p1a: Saionji|Pain Split|p2a: Ditto
|-sethp|p2a: Ditto|32/100|[from] move: Pain Split|[silent]
|-sethp|p1a: Saionji|27/100|[from] move: Pain Split
|
|-heal|p1a: Saionji|33/100|[from] item: Leftovers
|upkeep
|turn|22
|
|t:|1598234640
|move|p2a: Ditto|Hydro Pump|p1a: Saionji
|-damage|p1a: Saionji|3/100
|move|p1a: Saionji|Pain Split|p2a: Ditto
|-sethp|p2a: Ditto|18/100|[from] move: Pain Split|[silent]
|-sethp|p1a: Saionji|15/100|[from] move: Pain Split
|
|-heal|p1a: Saionji|21/100|[from] item: Leftovers
|upkeep
|turn|23
|
|t:|1598234643
|move|p2a: Ditto|Hydro Pump|p1a: Saionji
|-crit|p1a: Saionji
|-damage|p1a: Saionji|0 fnt
|faint|p1a: Saionji
|
|upkeep
|
|t:|1598234647
|switch|p1a: Kingdra|Kingdra, M, shiny|100/100
|turn|24
|
|t:|1598234653
|move|p2a: Ditto|Hydro Pump|p1a: Kingdra
|-resisted|p1a: Kingdra
|-damage|p1a: Kingdra|84/100
|move|p1a: Kingdra|Draco Meteor|p2a: Ditto
|-supereffective|p2a: Ditto
|-damage|p2a: Ditto|0 fnt
|-unboost|p1a: Kingdra|spa|2
|faint|p2a: Ditto
|
|win|Chunkomucho
|c|☆Chunkomucho|gg
|l|☆Sitonaii
|raw|Chunkomucho's rating: 1546 &rarr; <strong>1565</strong><br />(+19 for winning)
|raw|Sitonaii's rating: 1528 &rarr; <strong>1509</strong><br />(-19 for losing)
