|j|☆ubersohneubers
|j|☆Istroke
|player|p1|ubersohneubers|cheryl|1435
|player|p2|Istroke|worker|1137
|teamsize|p1|6
|teamsize|p2|6
|gametype|singles
|gen|8
|tier|[Gen 8] Ubers
|rated|
|rule|Sleep Clause Mod: Limit one foe put to sleep
|rule|Species Clause: Limit one of each Pokémon
|rule|OHKO Clause: OHKO moves are banned
|rule|Moody Clause: Moody is banned
|rule|Evasion Moves Clause: Evasion moves are banned
|rule|Endless Battle Clause: Forcing endless battles is banned
|rule|HP Percentage Mod: HP is shown in percentages
|clearpoke
|poke|p1|Umbreon, M|item
|poke|p1|Quagsire, F|item
|poke|p1|Corviknight, M|item
|poke|p1|Ditto|item
|poke|p1|Zacian-Crowned|item
|poke|p1|Gothitelle, F|item
|poke|p2|Clefable, M|item
|poke|p2|Mew|item
|poke|p2|Perrserker, M|item
|poke|p2|Zamazenta-Crowned|item
|poke|p2|Pyukumuku, F|item
|poke|p2|Crawdaunt, F|item
|teampreview
|j|‽fotown
|j| Potoo Lord
|
|start
|switch|p1a: Zacian|Zacian-Crowned|100/100
|switch|p2a: Désolé|Clefable, M|100/100
|-ability|p1a: Zacian|Intrepid Sword|boost
|-boost|p1a: Zacian|atk|1
|turn|1
|inactive|Battle timer is ON: inactive players will automatically lose when time's up. (requested by ubersohneubers)
|
|switch|p2a: dsl papi grenier|Perrserker, M|100/100
|move|p1a: Zacian|Behemoth Blade|p2a: dsl papi grenier
|-resisted|p2a: dsl papi grenier
|-damage|p2a: dsl papi grenier|55/100
|
|-heal|p2a: dsl papi grenier|61/100|[from] item: Leftovers
|upkeep
|turn|2
|
|move|p1a: Zacian|Close Combat|p2a: dsl papi grenier
|-supereffective|p2a: dsl papi grenier
|-damage|p2a: dsl papi grenier|0 fnt
|-unboost|p1a: Zacian|def|1
|-unboost|p1a: Zacian|spd|1
|faint|p2a: dsl papi grenier
|
|upkeep
|l| Potoo Lord
|
|switch|p2a: Mes excuses|Pyukumuku, F|100/100
|turn|3
|
|switch|p1a: Gothitelle|Gothitelle, F|100/100
|move|p2a: Mes excuses|Curse|p2a: Mes excuses
|-unboost|p2a: Mes excuses|spe|1
|-boost|p2a: Mes excuses|atk|1
|-boost|p2a: Mes excuses|def|1
|
|upkeep
|turn|4
|
|move|p1a: Gothitelle|Taunt|p2a: Mes excuses
|-start|p2a: Mes excuses|move: Taunt
|cant|p2a: Mes excuses|move: Taunt|Taunt
|
|upkeep
|turn|5
|
|move|p1a: Gothitelle|Cosmic Power|p1a: Gothitelle
|-boost|p1a: Gothitelle|def|1
|-boost|p1a: Gothitelle|spd|1
|-activate|p2a: Mes excuses|move: Struggle
|move|p2a: Mes excuses|Struggle|p1a: Gothitelle
|-damage|p1a: Gothitelle|96/100
|-damage|p2a: Mes excuses|75/100|[from] recoil
|
|-heal|p1a: Gothitelle|100/100|[from] item: Leftovers
|-heal|p2a: Mes excuses|81/100|[from] item: Leftovers
|upkeep
|turn|6
|-message|Istroke forfeited.
|
|win|ubersohneubers
|l|☆Istroke
|l|☆ubersohneubers
