|j|☆H1dden P0wer
|j|☆Schlagetto
|player|p1|H1dden P0wer|lucas|1775
|player|p2|Schlagetto|2|1772
|teamsize|p1|6
|teamsize|p2|6
|gametype|singles
|gen|8
|tier|[Gen 8] Ubers
|rated|
|clearpoke
|poke|p1|Zacian-Crowned|
|poke|p1|Ditto|
|poke|p1|Necrozma-Dusk-Mane|
|poke|p1|Zekrom|
|poke|p1|Ferrothorn, F|
|poke|p1|Lunala|
|poke|p2|Zekrom|
|poke|p2|Quagsire, M|
|poke|p2|Gothitelle, M|
|poke|p2|Tyranitar, F|
|poke|p2|Zacian-Crowned|
|poke|p2|Lunala|
|rule|Sleep Clause Mod: Limit one foe put to sleep
|rule|Species Clause: Limit one of each Pokémon
|rule|OHKO Clause: OHKO moves are banned
|rule|Evasion Moves Clause: Evasion moves are banned
|rule|Endless Battle Clause: Forcing endless battles is banned
|rule|HP Percentage Mod: HP is shown in percentages
|teampreview
|
|start
|switch|p1a: Ditto|Ditto|100/100
|switch|p2a: Lunala|Lunala|100/100
|-transform|p1a: Ditto|p2a: Lunala|[from] ability: Imposter
|turn|1
|
|move|p2a: Lunala|Moongeist Beam|p1a: Ditto
|-supereffective|p1a: Ditto
|-damage|p1a: Ditto|0 fnt
|faint|p1a: Ditto
|
|upkeep
|
|switch|p1a: Zacian|Zacian-Crowned|100/100
|-ability|p1a: Zacian|Intrepid Sword|boost
|-boost|p1a: Zacian|atk|1
|turn|2
|
|move|p2a: Lunala|Moongeist Beam|p1a: Zacian
|-damage|p1a: Zacian|40/100
|move|p1a: Zacian|Crunch|p2a: Lunala
|-supereffective|p2a: Lunala
|-damage|p2a: Lunala|12/100
|
|upkeep
|turn|3
|
|move|p2a: Lunala|Moongeist Beam|p1a: Zacian
|-damage|p1a: Zacian|0 fnt
|faint|p1a: Zacian
|
|upkeep
|
|switch|p1a: Ferrothorn|Ferrothorn, F|100/100
|turn|4
|
|switch|p2a: Gothitelle|Gothitelle, M|100/100
|move|p1a: Ferrothorn|Gyro Ball|p2a: Gothitelle
|-damage|p2a: Gothitelle|61/100
|
|upkeep
|turn|5
|
|move|p2a: Gothitelle|Trick|p1a: Ferrothorn
|-activate|p2a: Gothitelle|move: Trick|[of] p1a: Ferrothorn
|-item|p1a: Ferrothorn|Choice Scarf|[from] move: Trick
|-item|p2a: Gothitelle|Leftovers|[from] move: Trick
|move|p1a: Ferrothorn|Gyro Ball|p2a: Gothitelle
|-damage|p2a: Gothitelle|43/100
|
|-heal|p2a: Gothitelle|49/100|[from] item: Leftovers
|upkeep
|turn|6
|
|-start|p1a: Ferrothorn|Dynamax
|-heal|p1a: Ferrothorn|100/100|[silent]
|move|p2a: Gothitelle|Cosmic Power|p2a: Gothitelle
|-boost|p2a: Gothitelle|def|1
|-boost|p2a: Gothitelle|spd|1
|move|p1a: Ferrothorn|Max Steelspike|p2a: Gothitelle
|-damage|p2a: Gothitelle|29/100
|-boost|p1a: Ferrothorn|def|1
|
|-heal|p2a: Gothitelle|35/100|[from] item: Leftovers
|upkeep
|turn|7
|j| 0zorcNecropHADES
|
|move|p2a: Gothitelle|Cosmic Power|p2a: Gothitelle
|-boost|p2a: Gothitelle|def|1
|-boost|p2a: Gothitelle|spd|1
|move|p1a: Ferrothorn|Max Steelspike|p2a: Gothitelle
|-damage|p2a: Gothitelle|19/100
|-boost|p1a: Ferrothorn|def|1
|
|-heal|p2a: Gothitelle|25/100|[from] item: Leftovers
|upkeep
|turn|8
|
|move|p2a: Gothitelle|Rest|p2a: Gothitelle
|-status|p2a: Gothitelle|slp|[from] move: Rest
|-heal|p2a: Gothitelle|100/100 slp|[silent]
|move|p1a: Ferrothorn|Max Steelspike|p2a: Gothitelle
|-damage|p2a: Gothitelle|86/100 slp
|-boost|p1a: Ferrothorn|def|1
|
|-heal|p2a: Gothitelle|92/100 slp|[from] item: Leftovers
|-end|p1a: Ferrothorn|Dynamax
|-heal|p1a: Ferrothorn|100/100|[silent]
|upkeep
|turn|9
|
|cant|p2a: Gothitelle|slp
|move|p1a: Ferrothorn|Gyro Ball|p2a: Gothitelle
|-damage|p2a: Gothitelle|83/100 slp
|
|-heal|p2a: Gothitelle|89/100 slp|[from] item: Leftovers
|upkeep
|turn|10
|
|cant|p2a: Gothitelle|slp
|move|p1a: Ferrothorn|Gyro Ball|p2a: Gothitelle
|-damage|p2a: Gothitelle|81/100 slp
|
|-heal|p2a: Gothitelle|87/100 slp|[from] item: Leftovers
|upkeep
|turn|11
|
|-curestatus|p2a: Gothitelle|slp|[msg]
|move|p2a: Gothitelle|Cosmic Power|p2a: Gothitelle
|-boost|p2a: Gothitelle|def|1
|-boost|p2a: Gothitelle|spd|1
|move|p1a: Ferrothorn|Gyro Ball|p2a: Gothitelle
|-damage|p2a: Gothitelle|80/100
|
|-heal|p2a: Gothitelle|86/100|[from] item: Leftovers
|upkeep
|turn|12
|
|move|p2a: Gothitelle|Cosmic Power|p2a: Gothitelle
|-boost|p2a: Gothitelle|def|1
|-boost|p2a: Gothitelle|spd|1
|-activate|p1a: Ferrothorn|move: Struggle
|move|p1a: Ferrothorn|Struggle|p2a: Gothitelle
|-damage|p2a: Gothitelle|84/100
|-damage|p1a: Ferrothorn|75/100|[from] recoil
|
|-heal|p2a: Gothitelle|90/100|[from] item: Leftovers
|upkeep
|turn|13
|
|move|p2a: Gothitelle|Cosmic Power|p2a: Gothitelle
|-boost|p2a: Gothitelle|def|1
|-boost|p2a: Gothitelle|spd|1
|-activate|p1a: Ferrothorn|move: Struggle
|move|p1a: Ferrothorn|Struggle|p2a: Gothitelle
|-damage|p2a: Gothitelle|87/100
|-damage|p1a: Ferrothorn|50/100|[from] recoil
|
|-heal|p2a: Gothitelle|94/100|[from] item: Leftovers
|upkeep
|turn|14
|c| 0zorcNecropHADES|crit
|
|move|p2a: Gothitelle|Cosmic Power|p2a: Gothitelle
|-boost|p2a: Gothitelle|def|1
|-boost|p2a: Gothitelle|spd|1
|-activate|p1a: Ferrothorn|move: Struggle
|move|p1a: Ferrothorn|Struggle|p2a: Gothitelle
|-damage|p2a: Gothitelle|91/100
|-damage|p1a: Ferrothorn|25/100|[from] recoil
|
|-heal|p2a: Gothitelle|97/100|[from] item: Leftovers
|upkeep
|turn|15
|
|move|p2a: Gothitelle|Stored Power|p1a: Ferrothorn
|-resisted|p1a: Ferrothorn
|-damage|p1a: Ferrothorn|0 fnt
|faint|p1a: Ferrothorn
|
|-heal|p2a: Gothitelle|100/100|[from] item: Leftovers
|upkeep
|
|switch|p1a: Necrozma|Necrozma-Dusk-Mane|100/100
|turn|16
|
|move|p1a: Necrozma|Knock Off|p2a: Gothitelle
|-supereffective|p2a: Gothitelle
|-damage|p2a: Gothitelle|88/100
|-enditem|p2a: Gothitelle|Leftovers|[from] move: Knock Off|[of] p1a: Necrozma
|move|p2a: Gothitelle|Stored Power|p1a: Necrozma
|-resisted|p1a: Necrozma
|-damage|p1a: Necrozma|84/100
|
|-heal|p1a: Necrozma|90/100|[from] item: Leftovers
|upkeep
|turn|17
|
|move|p1a: Necrozma|Stealth Rock|p2a: Gothitelle
|-sidestart|p2: Schlagetto|move: Stealth Rock
|move|p2a: Gothitelle|Trick|p1a: Necrozma
|-activate|p2a: Gothitelle|move: Trick|[of] p1a: Necrozma
|-enditem|p1a: Necrozma|Leftovers|[silent]|[from] move: Trick
|-item|p2a: Gothitelle|Leftovers|[from] move: Trick
|
|-heal|p2a: Gothitelle|94/100|[from] item: Leftovers
|upkeep
|turn|18
|
|move|p1a: Necrozma|Knock Off|p2a: Gothitelle
|-supereffective|p2a: Gothitelle
|-damage|p2a: Gothitelle|81/100
|-enditem|p2a: Gothitelle|Leftovers|[from] move: Knock Off|[of] p1a: Necrozma
|move|p2a: Gothitelle|Cosmic Power|p2a: Gothitelle
|-boost|p2a: Gothitelle|def|0
|-boost|p2a: Gothitelle|spd|0
|
|upkeep
|turn|19
|
|move|p1a: Necrozma|Knock Off|p2a: Gothitelle
|-supereffective|p2a: Gothitelle
|-damage|p2a: Gothitelle|71/100
|move|p2a: Gothitelle|Stored Power|p1a: Necrozma
|-resisted|p1a: Necrozma
|-damage|p1a: Necrozma|73/100
|
|upkeep
|turn|20
|
|move|p1a: Necrozma|Knock Off|p2a: Gothitelle
|-supereffective|p2a: Gothitelle
|-damage|p2a: Gothitelle|62/100
|move|p2a: Gothitelle|Stored Power|p1a: Necrozma
|-resisted|p1a: Necrozma
|-damage|p1a: Necrozma|56/100
|
|upkeep
|turn|21
|
|switch|p2a: Tyranitar|Tyranitar, F|100/100
|-damage|p2a: Tyranitar|88/100|[from] Stealth Rock
|-weather|Sandstorm|[from] ability: Sand Stream|[of] p2a: Tyranitar
|move|p1a: Necrozma|Knock Off|p2a: Tyranitar
|-resisted|p2a: Tyranitar
|-damage|p2a: Tyranitar|75/100
|-enditem|p2a: Tyranitar|Leftovers|[from] move: Knock Off|[of] p1a: Necrozma
|
|-weather|Sandstorm|[upkeep]
|upkeep
|turn|22
|
|move|p1a: Necrozma|Earthquake|p2a: Tyranitar
|-supereffective|p2a: Tyranitar
|-damage|p2a: Tyranitar|20/100
|move|p2a: Tyranitar|Stealth Rock|p1a: Necrozma
|-sidestart|p1: H1dden P0wer|move: Stealth Rock
|
|-weather|Sandstorm|[upkeep]
|upkeep
|turn|23
|
|move|p1a: Necrozma|Earthquake|p2a: Tyranitar
|-supereffective|p2a: Tyranitar
|-damage|p2a: Tyranitar|0 fnt
|faint|p2a: Tyranitar
|
|-weather|Sandstorm|[upkeep]
|upkeep
|
|switch|p2a: Zekrom|Zekrom|100/100
|-damage|p2a: Zekrom|88/100|[from] Stealth Rock
|-ability|p2a: Zekrom|Teravolt
|turn|24
|
|move|p2a: Zekrom|Bolt Strike|p1a: Necrozma|[miss]
|-miss|p2a: Zekrom|p1a: Necrozma
|move|p1a: Necrozma|Earthquake|p2a: Zekrom
|-supereffective|p2a: Zekrom
|-damage|p2a: Zekrom|30/100
|
|-weather|Sandstorm|[upkeep]
|-damage|p2a: Zekrom|23/100|[from] Sandstorm
|upkeep
|turn|25
|c| 0zorcNecropHADES|sry
|
|move|p2a: Zekrom|Bolt Strike|p1a: Necrozma|[miss]
|-miss|p2a: Zekrom|p1a: Necrozma
|move|p1a: Necrozma|Earthquake|p2a: Zekrom
|-supereffective|p2a: Zekrom
|-damage|p2a: Zekrom|0 fnt
|faint|p2a: Zekrom
|
|-weather|none
|upkeep
|c| 0zorcNecropHADES|...
|c|☆H1dden P0wer|...
|
|switch|p2a: Quagsire|Quagsire, M|100/100
|-damage|p2a: Quagsire|94/100|[from] Stealth Rock
|turn|26
|
|move|p1a: Necrozma|Knock Off|p2a: Quagsire
|-damage|p2a: Quagsire|71/100
|-enditem|p2a: Quagsire|Leftovers|[from] move: Knock Off|[of] p1a: Necrozma
|move|p2a: Quagsire|Earthquake|p1a: Necrozma
|-supereffective|p1a: Necrozma
|-damage|p1a: Necrozma|33/100
|
|upkeep
|turn|27
|
|move|p1a: Necrozma|Morning Sun|p1a: Necrozma
|-heal|p1a: Necrozma|83/100
|move|p2a: Quagsire|Recover|p2a: Quagsire
|-heal|p2a: Quagsire|100/100
|
|upkeep
|turn|28
|
|move|p1a: Necrozma|Earthquake|p2a: Quagsire
|-damage|p2a: Quagsire|79/100
|move|p2a: Quagsire|Scald|p1a: Necrozma
|-damage|p1a: Necrozma|67/100
|
|upkeep
|turn|29
|
|switch|p1a: Lunala|Lunala|100/100
|move|p2a: Quagsire|Scald|p1a: Lunala
|-damage|p1a: Lunala|95/100
|
|upkeep
|turn|30
|
|switch|p2a: Gothitelle|Gothitelle, M|62/100
|-damage|p2a: Gothitelle|49/100|[from] Stealth Rock
|move|p1a: Lunala|Hex|p2a: Gothitelle
|-supereffective|p2a: Gothitelle
|-damage|p2a: Gothitelle|0 fnt
|faint|p2a: Gothitelle
|
|upkeep
|
|switch|p2a: Zacian|Zacian-Crowned|100/100
|-damage|p2a: Zacian|94/100|[from] Stealth Rock
|-ability|p2a: Zacian|Intrepid Sword|boost
|-boost|p2a: Zacian|atk|1
|turn|31
|
|switch|p1a: Zekrom|Zekrom|100/100
|-damage|p1a: Zekrom|88/100|[from] Stealth Rock
|-ability|p1a: Zekrom|Teravolt
|move|p2a: Zacian|Substitute|p2a: Zacian
|-start|p2a: Zacian|Substitute
|-damage|p2a: Zacian|69/100
|
|-heal|p1a: Zekrom|94/100|[from] item: Leftovers
|upkeep
|turn|32
|
|move|p2a: Zacian|Play Rough|p1a: Zekrom|[miss]
|-miss|p2a: Zacian|p1a: Zekrom
|move|p1a: Zekrom|Dragon Dance|p1a: Zekrom
|-boost|p1a: Zekrom|atk|1
|-boost|p1a: Zekrom|spe|1
|
|-heal|p1a: Zekrom|100/100|[from] item: Leftovers
|upkeep
|turn|33
|
|move|p1a: Zekrom|Bolt Strike|p2a: Zacian
|-end|p2a: Zacian|Substitute
|move|p2a: Zacian|Play Rough|p1a: Zekrom
|-supereffective|p1a: Zekrom
|-damage|p1a: Zekrom|0 fnt
|faint|p1a: Zekrom
|
|upkeep
|c| 0zorcNecropHADES|bro
|
|switch|p1a: Necrozma|Necrozma-Dusk-Mane|67/100
|-damage|p1a: Necrozma|61/100|[from] Stealth Rock
|turn|34
|
|switch|p2a: Quagsire|Quagsire, M|79/100
|-damage|p2a: Quagsire|73/100|[from] Stealth Rock
|move|p1a: Necrozma|Morning Sun|p1a: Necrozma
|-heal|p1a: Necrozma|100/100
|
|upkeep
|turn|35
|
|switch|p1a: Lunala|Lunala|95/100
|move|p2a: Quagsire|Earthquake|p1a: Lunala
|-damage|p1a: Lunala|70/100
|
|upkeep
|turn|36
|
|switch|p2a: Lunala|Lunala|12/100
|-damage|p2a: Lunala|0 fnt|[from] Stealth Rock
|faint|p2a: Lunala
|move|p1a: Lunala|Hex|p2: Lunala|[notarget]
|-fail|p1a: Lunala
|
|upkeep
|
|switch|p2a: Zacian|Zacian-Crowned|69/100
|-damage|p2a: Zacian|63/100|[from] Stealth Rock
|-ability|p2a: Zacian|Intrepid Sword|boost
|-boost|p2a: Zacian|atk|1
|turn|37
|
|switch|p1a: Necrozma|Necrozma-Dusk-Mane|100/100
|-damage|p1a: Necrozma|94/100|[from] Stealth Rock
|move|p2a: Zacian|Fire Fang|p1a: Necrozma
|-supereffective|p1a: Necrozma
|-damage|p1a: Necrozma|61/100
|-status|p1a: Necrozma|brn
|
|-damage|p1a: Necrozma|55/100 brn|[from] brn
|upkeep
|turn|38
|
|move|p2a: Zacian|Fire Fang|p1a: Necrozma
|-supereffective|p1a: Necrozma
|-crit|p1a: Necrozma
|-damage|p1a: Necrozma|0 fnt
|faint|p1a: Necrozma
|
|upkeep
|
|switch|p1a: Lunala|Lunala|70/100
|turn|39
|
|move|p2a: Zacian|Play Rough|p1a: Lunala
|-damage|p1a: Lunala|0 fnt
|faint|p1a: Lunala
|
|win|Schlagetto
|raw|H1dden P0wer's rating: 1775 &rarr; <strong>1755</strong><br />(-20 for losing)
|raw|Schlagetto's rating: 1772 &rarr; <strong>1793</strong><br />(+21 for winning)
|l|☆H1dden P0wer
