|j|☆ok sir
|j|☆ox04
|t:|1664291916
|gametype|singles
|player|p1|ok sir|youngster-gen4dp|1469
|player|p2|ox04|red-gen7|1661
|teamsize|p1|6
|teamsize|p2|6
|gen|8
|tier|[Gen 8] Ubers
|rated|
|rule|Sleep Clause Mod: Limit one foe put to sleep
|rule|Species Clause: Limit one of each Pokémon
|rule|OHKO Clause: OHKO moves are banned
|rule|Evasion Items Clause: Evasion items are banned
|rule|Evasion Moves Clause: Evasion moves are banned
|rule|Endless Battle Clause: Forcing endless battles is banned
|rule|HP Percentage Mod: HP is shown in percentages
|rule|Dynamax Clause: You cannot dynamax
|clearpoke
|poke|p1|Yveltal|
|poke|p1|Eternatus|
|poke|p1|Calyrex-Shadow|
|poke|p1|Rayquaza|
|poke|p1|Mew|
|poke|p1|Kyogre|
|poke|p2|Marshadow|
|poke|p2|Yveltal|
|poke|p2|Reshiram|
|poke|p2|Necrozma-Dusk-Mane|
|poke|p2|Groudon|
|poke|p2|Emolga, M|
|teampreview
|inactive|Battle timer is ON: inactive players will automatically lose when time's up. (requested by ox04)
|
|t:|1664291927
|start
|switch|p1a: Eternatus|Eternatus|100/100
|switch|p2a: Marshadow|Marshadow|100/100
|-ability|p1a: Eternatus|Pressure
|turn|1
|
|t:|1664291934
|switch|p1a: Mew|Mew|100/100
|switch|p2a: Groudon|Groudon|100/100
|-weather|SunnyDay|[from] ability: Drought|[of] p2a: Groudon
|
|-weather|SunnyDay|[upkeep]
|upkeep
|turn|2
|
|t:|1664291942
|switch|p2a: Marshadow|Marshadow|100/100
|move|p1a: Mew|Stealth Rock|p2a: Marshadow
|-sidestart|p2: ox04|move: Stealth Rock
|
|-weather|SunnyDay|[upkeep]
|upkeep
|turn|3
|
|t:|1664291945
|move|p2a: Marshadow|Spectral Thief|p1a: Mew
|-supereffective|p1a: Mew
|-damage|p1a: Mew|8/100
|-damage|p2a: Marshadow|91/100|[from] item: Life Orb
|move|p1a: Mew|Thunder Wave|p2a: Marshadow
|-status|p2a: Marshadow|par
|
|-weather|SunnyDay|[upkeep]
|upkeep
|turn|4
|
|t:|1664291955
|cant|p2a: Marshadow|par
|move|p1a: Mew|Spikes|p2a: Marshadow
|-sidestart|p2: ox04|Spikes
|
|-weather|SunnyDay|[upkeep]
|upkeep
|turn|5
|
|t:|1664291957
|move|p2a: Marshadow|Shadow Sneak|p1a: Mew
|-supereffective|p1a: Mew
|-damage|p1a: Mew|0 fnt
|faint|p1a: Mew
|-damage|p2a: Marshadow|81/100 par|[from] item: Life Orb
|
|-weather|none
|upkeep
|
|t:|1664291962
|switch|p1a: Kyogre|Kyogre|100/100
|-weather|RainDance|[from] ability: Drizzle|[of] p1a: Kyogre
|turn|6
|
|t:|1664291965
|move|p2a: Marshadow|Shadow Sneak|p1a: Kyogre
|-damage|p1a: Kyogre|58/100
|-damage|p2a: Marshadow|71/100 par|[from] item: Life Orb
|move|p1a: Kyogre|Water Spout|p2a: Marshadow
|-damage|p2a: Marshadow|0 fnt
|faint|p2a: Marshadow
|
|-weather|RainDance|[upkeep]
|upkeep
|
|t:|1664291968
|switch|p2a: Emolga|Emolga, M|100/100
|-damage|p2a: Emolga|76/100|[from] Stealth Rock
|turn|7
|
|t:|1664291971
|move|p2a: Emolga|Volt Switch|p1a: Kyogre
|-supereffective|p1a: Kyogre
|-damage|p1a: Kyogre|15/100
|
|t:|1664291974
|switch|p2a: Groudon|Groudon|100/100|[from]move: Volt Switch
|-damage|p2a: Groudon|94/100|[from] Stealth Rock
|-damage|p2a: Groudon|82/100|[from] Spikes
|-weather|SunnyDay|[from] ability: Drought|[of] p2a: Groudon
|move|p1a: Kyogre|Water Spout|p2a: Groudon
|-supereffective|p2a: Groudon
|-damage|p2a: Groudon|73/100
|
|-weather|SunnyDay|[upkeep]
|-heal|p2a: Groudon|79/100|[from] item: Leftovers
|upkeep
|turn|8
|
|t:|1664291980
|switch|p1a: Rayquaza|Rayquaza|100/100
|-ability|p1a: Rayquaza|Air Lock
|move|p2a: Groudon|Thunder Wave|p1a: Rayquaza
|-status|p1a: Rayquaza|par
|
|-weather|SunnyDay|[upkeep]
|-heal|p2a: Groudon|85/100|[from] item: Leftovers
|upkeep
|turn|9
|
|t:|1664291984
|switch|p2a: Reshiram|Reshiram|100/100
|-damage|p2a: Reshiram|76/100|[from] Stealth Rock
|-damage|p2a: Reshiram|63/100|[from] Spikes
|-ability|p2a: Reshiram|Turboblaze
|move|p1a: Rayquaza|Scale Shot|p2a: Reshiram
|-supereffective|p2a: Reshiram
|-damage|p2a: Reshiram|22/100
|-supereffective|p2a: Reshiram
|-damage|p2a: Reshiram|0 fnt
|faint|p2a: Reshiram
|-hitcount|p2: Reshiram|2
|-unboost|p1a: Rayquaza|def|1
|-boost|p1a: Rayquaza|spe|1
|-damage|p1a: Rayquaza|91/100 par|[from] item: Life Orb
|
|-weather|SunnyDay|[upkeep]
|upkeep
|
|t:|1664291991
|switch|p2a: Yveltal|Yveltal, shiny|100/100
|-damage|p2a: Yveltal|76/100|[from] Stealth Rock
|-ability|p2a: Yveltal|Dark Aura
|turn|10
|
|t:|1664291995
|move|p2a: Yveltal|Oblivion Wing|p1a: Rayquaza
|-damage|p1a: Rayquaza|35/100 par
|-heal|p2a: Yveltal|100/100|[from] drain|[of] p1a: Rayquaza
|-damage|p2a: Yveltal|91/100|[from] item: Life Orb
|cant|p1a: Rayquaza|par
|
|-weather|SunnyDay|[upkeep]
|upkeep
|turn|11
|
|t:|1664292001
|move|p2a: Yveltal|Oblivion Wing|p1a: Rayquaza
|-damage|p1a: Rayquaza|0 fnt
|-heal|p2a: Yveltal|100/100|[from] drain|[of] p1a: Rayquaza
|faint|p1a: Rayquaza
|-damage|p2a: Yveltal|91/100|[from] item: Life Orb
|
|-weather|none
|upkeep
|
|t:|1664292005
|switch|p1a: Eternatus|Eternatus|100/100
|-ability|p1a: Eternatus|Pressure
|turn|12
|
|t:|1664292012
|switch|p2a: Necrozma|Necrozma-Dusk-Mane|100/100
|-damage|p2a: Necrozma|94/100|[from] Stealth Rock
|-damage|p2a: Necrozma|82/100|[from] Spikes
|move|p1a: Eternatus|Meteor Beam||[still]
|-prepare|p1a: Eternatus|Meteor Beam
|-boost|p1a: Eternatus|spa|1
|-enditem|p1a: Eternatus|Power Herb
|-anim|p1a: Eternatus|Meteor Beam|p2a: Necrozma
|-resisted|p2a: Necrozma
|-damage|p2a: Necrozma|53/100
|
|-heal|p2a: Necrozma|59/100|[from] item: Leftovers
|upkeep
|turn|13
|
|t:|1664292016
|move|p1a: Eternatus|Flamethrower|p2a: Necrozma
|-supereffective|p2a: Necrozma
|-damage|p2a: Necrozma|0 fnt
|faint|p2a: Necrozma
|
|upkeep
|
|t:|1664292023
|switch|p2a: Groudon|Groudon|85/100
|-damage|p2a: Groudon|79/100|[from] Stealth Rock
|-damage|p2a: Groudon|67/100|[from] Spikes
|-weather|SunnyDay|[from] ability: Drought|[of] p2a: Groudon
|turn|14
|
|t:|1664292027
|move|p1a: Eternatus|Dynamax Cannon|p2a: Groudon
|-crit|p2a: Groudon
|-damage|p2a: Groudon|0 fnt
|faint|p2a: Groudon
|
|-weather|SunnyDay|[upkeep]
|upkeep
|
|t:|1664292031
|switch|p2a: Emolga|Emolga, M|76/100
|-damage|p2a: Emolga|51/100|[from] Stealth Rock
|turn|15
|
|t:|1664292035
|move|p2a: Emolga|Nuzzle|p1a: Eternatus
|-resisted|p1a: Eternatus
|-damage|p1a: Eternatus|98/100
|-status|p1a: Eternatus|par
|move|p1a: Eternatus|Dynamax Cannon|p2a: Emolga
|-damage|p2a: Emolga|0 fnt
|faint|p2a: Emolga
|
|-weather|SunnyDay|[upkeep]
|upkeep
|
|t:|1664292037
|switch|p2a: Yveltal|Yveltal, shiny|91/100
|-damage|p2a: Yveltal|66/100|[from] Stealth Rock
|-ability|p2a: Yveltal|Dark Aura
|turn|16
|
|t:|1664292040
|move|p2a: Yveltal|Dark Pulse|p1a: Eternatus
|-damage|p1a: Eternatus|33/100 par
|-damage|p2a: Yveltal|56/100|[from] item: Life Orb
|move|p1a: Eternatus|Dynamax Cannon|p2a: Yveltal
|-damage|p2a: Yveltal|0 fnt
|faint|p2a: Yveltal
|
|win|ok sir
|raw|ok sir's rating: 1469 &rarr; <strong>1499</strong><br />(+30 for winning)
|raw|ox04's rating: 1661 &rarr; <strong>1631</strong><br />(-30 for losing)
|c|☆ox04|gg
|c|☆ok sir|gg
|c|☆ox04|Stupid xrit
|c|☆ox04|Crit*
|l|☆ox04
||Ladder isn't responding, score probably updated but might not have (Request timeout).
