|j|☆Somoke
|j|☆Ryriss
|t:|1643889211
|gametype|singles
|player|p1|Somoke|gambler|1487
|player|p2|Ryriss|hilbert|1498
|teamsize|p1|6
|teamsize|p2|6
|gen|8
|tier|[Gen 8] Ubers
|rated|
|rule|Sleep Clause Mod: Limit one foe put to sleep
|rule|Species Clause: Limit one of each Pokémon
|rule|OHKO Clause: OHKO moves are banned
|rule|Evasion Moves Clause: Evasion moves are banned
|rule|Endless Battle Clause: Forcing endless battles is banned
|rule|HP Percentage Mod: HP is shown in percentages
|rule|Dynamax Clause: You cannot dynamax
|clearpoke
|poke|p1|Calyrex-Shadow|
|poke|p1|Kyurem-Black|
|poke|p1|Eternatus|
|poke|p1|Kyogre|
|poke|p1|Slurpuff, F|
|poke|p1|Darmanitan-Galar, F|
|poke|p2|Giratina-Origin|
|poke|p2|Groudon|
|poke|p2|Genesect|
|poke|p2|Kyurem-Black|
|poke|p2|Lugia|
|poke|p2|Yveltal|
|teampreview
|
|t:|1643889220
|start
|switch|p1a: Slurpuff|Slurpuff, F, shiny|100/100
|switch|p2a: Lugia|Lugia|100/100
|-ability|p2a: Lugia|Pressure
|turn|1
|
|t:|1643889227
|move|p2a: Lugia|Safeguard|p2a: Lugia
|-sidestart|p2: Ryriss|Safeguard
|move|p1a: Slurpuff|Sticky Web|p2a: Lugia
|-sidestart|p2: Ryriss|move: Sticky Web
|
|upkeep
|turn|2
|
|t:|1643889232
|move|p2a: Lugia|Light Screen|p2a: Lugia
|-sidestart|p2: Ryriss|move: Light Screen
|move|p1a: Slurpuff|Toxic|p2a: Lugia
|-activate|p2a: Lugia|move: Safeguard
|
|upkeep
|turn|3
|
|t:|1643889246
|move|p2a: Lugia|Reflect|p2a: Lugia
|-sidestart|p2: Ryriss|Reflect
|move|p1a: Slurpuff|Yawn|p2a: Lugia
|-activate|p2a: Lugia|move: Safeguard
|
|upkeep
|turn|4
|
|t:|1643889251
|move|p2a: Lugia|Thunder Wave|p1a: Slurpuff
|-status|p1a: Slurpuff|par
|move|p1a: Slurpuff|Yawn|p2a: Lugia
|-activate|p2a: Lugia|move: Safeguard
|
|upkeep
|turn|5
|
|t:|1643889257
|switch|p2a: Genesect|Genesect, shiny|100/100
|-ability|p2a: Genesect|Download|boost
|-boost|p2a: Genesect|spa|1
|move|p1a: Slurpuff|Toxic|p2a: Genesect
|-immune|p2a: Genesect
|
|-sideend|p2: Ryriss|Safeguard
|upkeep
|turn|6
|
|t:|1643889266
|move|p2a: Genesect|Iron Head|p1a: Slurpuff
|-supereffective|p1a: Slurpuff
|-damage|p1a: Slurpuff|37/100 par
|move|p1a: Slurpuff|Yawn|p2a: Genesect
|-start|p2a: Genesect|move: Yawn|[of] p1a: Slurpuff
|
|upkeep
|turn|7
|
|t:|1643889273
|switch|p2a: Lugia|Lugia|100/100
|-ability|p2a: Lugia|Pressure
|cant|p1a: Slurpuff|par
|
|upkeep
|turn|8
|
|t:|1643889280
|move|p2a: Lugia|Safeguard|p2a: Lugia
|-sidestart|p2: Ryriss|Safeguard
|move|p1a: Slurpuff|Endeavor|p2a: Lugia
|-damage|p2a: Lugia|27/100
|
|upkeep
|turn|9
|
|t:|1643889288
|switch|p2a: Genesect|Genesect, shiny|100/100
|-ability|p2a: Genesect|Download|boost
|-boost|p2a: Genesect|spa|1
|move|p1a: Slurpuff|Toxic|p2a: Genesect
|-immune|p2a: Genesect
|
|-sideend|p2: Ryriss|move: Light Screen
|upkeep
|turn|10
|
|t:|1643889297
|move|p2a: Genesect|Iron Head|p1a: Slurpuff
|-supereffective|p1a: Slurpuff
|-damage|p1a: Slurpuff|0 fnt
|faint|p1a: Slurpuff
|
|-sideend|p2: Ryriss|Reflect
|upkeep
|
|t:|1643889323
|switch|p1a: Eternatus|Eternatus|100/100
|-ability|p1a: Eternatus|Pressure
|turn|11
|
|t:|1643889332
|switch|p2a: Lugia|Lugia|27/100
|-ability|p2a: Lugia|Pressure
|move|p1a: Eternatus|Mystical Fire|p2a: Lugia
|-damage|p2a: Lugia|10/100
|-unboost|p2a: Lugia|spa|1
|
|upkeep
|turn|12
|
|t:|1643889343
|move|p1a: Eternatus|Mystical Fire|p2a: Lugia
|-crit|p2a: Lugia
|-damage|p2a: Lugia|0 fnt
|faint|p2a: Lugia
|
|-sideend|p2: Ryriss|Safeguard
|upkeep
|
|t:|1643889350
|switch|p2a: Groudon|Groudon|100/100
|-weather|SunnyDay|[from] ability: Drought|[of] p2a: Groudon
|turn|13
|
|t:|1643889364
|switch|p1a: Kyogre|Kyogre|100/100
|-weather|RainDance|[from] ability: Drizzle|[of] p1a: Kyogre
|move|p2a: Groudon|Earthquake|p1a: Kyogre
|-damage|p1a: Kyogre|35/100
|
|-weather|RainDance|[upkeep]
|upkeep
|turn|14
|
|t:|1643889373
|switch|p2a: Giratina|Giratina-Origin|100/100
|move|p1a: Kyogre|Origin Pulse|p2a: Giratina
|-resisted|p2a: Giratina
|-damage|p2a: Giratina|75/100
|
|-weather|RainDance|[upkeep]
|upkeep
|turn|15
|
|t:|1643889402
|switch|p1a: Eternatus|Eternatus|100/100
|-ability|p1a: Eternatus|Pressure
|move|p2a: Giratina|Poltergeist|p1a: Eternatus
|-activate|p1a: Eternatus|move: Poltergeist|Power Herb
|-damage|p1a: Eternatus|51/100
|
|-weather|RainDance|[upkeep]
|upkeep
|turn|16
|j| VenusaursKingodom
|
|t:|1643889412
|move|p1a: Eternatus|Dynamax Cannon|p2a: Giratina
|-supereffective|p2a: Giratina
|-damage|p2a: Giratina|2/100
|move|p2a: Giratina|Draco Meteor|p1a: Eternatus
|-supereffective|p1a: Eternatus
|-damage|p1a: Eternatus|0 fnt
|-unboost|p2a: Giratina|spa|2
|faint|p1a: Eternatus
|
|-weather|RainDance|[upkeep]
|upkeep
|
|t:|1643889431
|switch|p1a: Kyurem|Kyurem-Black|100/100
|-ability|p1a: Kyurem|Teravolt
|turn|17
|
|t:|1643889435
|switch|p2a: Genesect|Genesect, shiny|100/100
|-ability|p2a: Genesect|Download|boost
|-boost|p2a: Genesect|spa|1
|move|p1a: Kyurem|Icicle Spear|p2a: Genesect
|-resisted|p2a: Genesect
|-damage|p2a: Genesect|90/100
|-resisted|p2a: Genesect
|-damage|p2a: Genesect|81/100
|-hitcount|p2a: Genesect|2
|
|-weather|none
|upkeep
|turn|18
|
|t:|1643889446
|move|p2a: Genesect|Iron Head|p1a: Kyurem
|-supereffective|p1a: Kyurem
|-damage|p1a: Kyurem|39/100
|cant|p1a: Kyurem|flinch
|
|upkeep
|turn|19
|inactive|Battle timer is ON: inactive players will automatically lose when time's up. (requested by Ryriss)
|
|t:|1643889475
|move|p2a: Genesect|Iron Head|p1a: Kyurem
|-supereffective|p1a: Kyurem
|-damage|p1a: Kyurem|0 fnt
|faint|p1a: Kyurem
|
|upkeep
|
|t:|1643889477
|switch|p1a: Calyrex|Calyrex-Shadow|100/100
|-ability|p1a: Calyrex|As One
|-ability|p1a: Calyrex|Unnerve
|turn|20
|
|t:|1643889484
|switch|p2a: Yveltal|Yveltal|100/100
|-ability|p2a: Yveltal|Dark Aura
|move|p1a: Calyrex|Astral Barrage|p2a: Yveltal
|-resisted|p2a: Yveltal
|-damage|p2a: Yveltal|68/100
|
|upkeep
|turn|21
|
|t:|1643889500
|switch|p1a: Kyogre|Kyogre|35/100
|-weather|RainDance|[from] ability: Drizzle|[of] p1a: Kyogre
|move|p2a: Yveltal|Dark Pulse|p1a: Kyogre
|-damage|p1a: Kyogre|0 fnt
|faint|p1a: Kyogre
|
|-weather|RainDance|[upkeep]
|upkeep
|
|t:|1643889503
|switch|p1a: Darmanitan|Darmanitan-Galar, F|100/100
|turn|22
|
|t:|1643889514
|switch|p2a: Genesect|Genesect, shiny|81/100
|-ability|p2a: Genesect|Download|boost
|-boost|p2a: Genesect|spa|1
|move|p1a: Darmanitan|Icicle Crash|p2a: Genesect
|-resisted|p2a: Genesect
|-damage|p2a: Genesect|37/100
|
|-weather|RainDance|[upkeep]
|upkeep
|turn|23
|
|t:|1643889523
|move|p2a: Genesect|Extreme Speed|p1a: Darmanitan
|-damage|p1a: Darmanitan|69/100
|move|p1a: Darmanitan|Icicle Crash|p2a: Genesect
|-resisted|p2a: Genesect
|-damage|p2a: Genesect|0 fnt
|faint|p2a: Genesect
|
|-weather|RainDance|[upkeep]
|upkeep
|
|t:|1643889532
|switch|p2a: Kyurem|Kyurem-Black|100/100
|-ability|p2a: Kyurem|Teravolt
|turn|24
|
|t:|1643889537
|move|p2a: Kyurem|Dragon Dance|p2a: Kyurem
|-boost|p2a: Kyurem|atk|1
|-boost|p2a: Kyurem|spe|1
|move|p1a: Darmanitan|Icicle Crash|p2a: Kyurem
|-damage|p2a: Kyurem|31/100
|
|-weather|RainDance|[upkeep]
|upkeep
|turn|25
|
|t:|1643889545
|move|p2a: Kyurem|Dragon Claw|p1a: Darmanitan
|-damage|p1a: Darmanitan|0 fnt
|faint|p1a: Darmanitan
|
|-weather|none
|upkeep
|
|t:|1643889548
|switch|p1a: Calyrex|Calyrex-Shadow|100/100
|-ability|p1a: Calyrex|As One
|-ability|p1a: Calyrex|Unnerve
|turn|26
|
|t:|1643889574
|move|p2a: Kyurem|Icicle Spear|p1a: Calyrex
|-damage|p1a: Calyrex|70/100
|-damage|p1a: Calyrex|42/100
|-damage|p1a: Calyrex|12/100
|-hitcount|p1a: Calyrex|3
|move|p1a: Calyrex|Nasty Plot|p1a: Calyrex
|-boost|p1a: Calyrex|spa|2
|
|upkeep
|turn|27
|
|t:|1643889585
|move|p2a: Kyurem|Dragon Claw|p1a: Calyrex
|-damage|p1a: Calyrex|0 fnt
|faint|p1a: Calyrex
|
|win|Ryriss
|raw|Somoke's rating: 1487 &rarr; <strong>1468</strong><br />(-19 for losing)
|raw|Ryriss's rating: 1498 &rarr; <strong>1517</strong><br />(+19 for winning)
|l| VenusaursKingodom
|l|☆Ryriss
