|j|☆pokemon4evers
|j|☆Malkobaran
|t:|1617443239
|gametype|singles
|player|p1|pokemon4evers|lucas|1401
|player|p2|Malkobaran|265|1505
|teamsize|p1|6
|teamsize|p2|6
|gen|8
|tier|[Gen 8] Ubers
|rated|
|clearpoke
|poke|p1|Dialga|
|poke|p1|Porygon2|
|poke|p1|Eternatus|
|poke|p1|Necrozma-Dusk-Mane|
|poke|p1|Yveltal|
|poke|p1|Zygarde|
|poke|p2|Calyrex-Shadow|
|poke|p2|Eternatus|
|poke|p2|Ho-Oh|
|poke|p2|Necrozma-Dusk-Mane|
|poke|p2|Yveltal|
|poke|p2|Regieleki|
|rule|Sleep Clause Mod: Limit one foe put to sleep
|rule|Species Clause: Limit one of each Pokémon
|rule|OHKO Clause: OHKO moves are banned
|rule|Evasion Moves Clause: Evasion moves are banned
|rule|Endless Battle Clause: Forcing endless battles is banned
|rule|HP Percentage Mod: HP is shown in percentages
|rule|Dynamax Clause: You cannot dynamax
|teampreview
|inactive|Battle timer is ON: inactive players will automatically lose when time's up. (requested by Malkobaran)
|
|t:|1617443262
|start
|switch|p1a: Zygarde|Zygarde|100/100
|switch|p2a: Yveltal|Yveltal|100/100
|-ability|p2a: Yveltal|Dark Aura
|turn|1
|
|t:|1617443270
|switch|p1a: Eternatus|Eternatus|100/100
|-ability|p1a: Eternatus|Pressure
|move|p2a: Yveltal|Knock Off|p1a: Eternatus
|-crit|p1a: Eternatus
|-damage|p1a: Eternatus|17/100
|-enditem|p1a: Eternatus|Black Sludge|[from] move: Knock Off|[of] p2a: Yveltal
|
|upkeep
|turn|2
|
|t:|1617443281
|move|p1a: Eternatus|Recover|p1a: Eternatus
|-heal|p1a: Eternatus|67/100
|move|p2a: Yveltal|Knock Off|p1a: Eternatus
|-damage|p1a: Eternatus|30/100
|
|upkeep
|turn|3
|
|t:|1617443286
|switch|p2a: Calyrex|Calyrex-Shadow|100/100
|-ability|p2a: Calyrex|As One
|-ability|p2a: Calyrex|Unnerve
|move|p1a: Eternatus|Recover|p1a: Eternatus
|-heal|p1a: Eternatus|80/100
|
|upkeep
|turn|4
|
|t:|1617443298
|move|p2a: Calyrex|Will-O-Wisp|p1a: Eternatus
|-status|p1a: Eternatus|brn
|move|p1a: Eternatus|Mystical Fire|p2a: Calyrex
|-damage|p2a: Calyrex|77/100
|-unboost|p2a: Calyrex|spa|1
|
|-damage|p1a: Eternatus|74/100 brn|[from] brn
|upkeep
|turn|5
|
|t:|1617443308
|switch|p2a: Yveltal|Yveltal|100/100
|-ability|p2a: Yveltal|Dark Aura
|move|p1a: Eternatus|Mystical Fire|p2a: Yveltal
|-damage|p2a: Yveltal|84/100
|-unboost|p2a: Yveltal|spa|1
|
|-damage|p1a: Eternatus|68/100 brn|[from] brn
|upkeep
|turn|6
|
|t:|1617443317
|move|p1a: Eternatus|Toxic|p2a: Yveltal
|-status|p2a: Yveltal|tox
|move|p2a: Yveltal|Roost|p2a: Yveltal
|-heal|p2a: Yveltal|100/100 tox
|-singleturn|p2a: Yveltal|move: Roost
|
|-damage|p1a: Eternatus|61/100 brn|[from] brn
|-damage|p2a: Yveltal|94/100 tox|[from] psn
|upkeep
|turn|7
|
|t:|1617443322
|switch|p2a: Necrozma|Necrozma-Dusk-Mane|100/100
|move|p1a: Eternatus|Recover|p1a: Eternatus
|-heal|p1a: Eternatus|100/100 brn
|
|-damage|p1a: Eternatus|94/100 brn|[from] brn
|upkeep
|turn|8
|
|t:|1617443334
|switch|p1a: Zygarde|Zygarde|100/100
|move|p2a: Necrozma|Stealth Rock|p1a: Zygarde
|-sidestart|p1: pokemon4evers|move: Stealth Rock
|
|upkeep
|turn|9
|
|t:|1617443339
|move|p1a: Zygarde|Substitute|p1a: Zygarde
|-start|p1a: Zygarde|Substitute
|-damage|p1a: Zygarde|76/100
|move|p2a: Necrozma|Toxic||[still]
|-fail|p2a: Necrozma
|
|-heal|p1a: Zygarde|82/100|[from] item: Leftovers
|upkeep
|turn|10
|
|t:|1617443349
|move|p1a: Zygarde|Coil|p1a: Zygarde
|-boost|p1a: Zygarde|atk|1
|-boost|p1a: Zygarde|def|1
|-boost|p1a: Zygarde|accuracy|1
|move|p2a: Necrozma|Sunsteel Strike|p1a: Zygarde
|-crit|p1a: Zygarde
|-end|p1a: Zygarde|Substitute
|
|-heal|p1a: Zygarde|88/100|[from] item: Leftovers
|upkeep
|turn|11
|
|t:|1617443356
|switch|p2a: Calyrex|Calyrex-Shadow|77/100
|-ability|p2a: Calyrex|As One
|-ability|p2a: Calyrex|Unnerve
|move|p1a: Zygarde|Substitute|p1a: Zygarde
|-start|p1a: Zygarde|Substitute
|-damage|p1a: Zygarde|63/100
|
|-heal|p1a: Zygarde|69/100|[from] item: Leftovers
|upkeep
|turn|12
|
|t:|1617443359
|move|p2a: Calyrex|Astral Barrage|p1a: Zygarde
|-end|p1a: Zygarde|Substitute
|move|p1a: Zygarde|Dragon Dance|p1a: Zygarde
|-boost|p1a: Zygarde|atk|1
|-boost|p1a: Zygarde|spe|1
|
|-heal|p1a: Zygarde|75/100|[from] item: Leftovers
|upkeep
|turn|13
|
|t:|1617443368
|switch|p1a: Porygon2|Porygon2|100/100
|-damage|p1a: Porygon2|88/100|[from] Stealth Rock
|move|p2a: Calyrex|Astral Barrage|p1a: Porygon2
|-immune|p1a: Porygon2
|
|upkeep
|turn|14
|
|t:|1617443374
|switch|p2a: Eternatus|Eternatus|100/100
|-ability|p2a: Eternatus|Pressure
|move|p1a: Porygon2|Foul Play|p2a: Eternatus
|-damage|p2a: Eternatus|87/100
|
|-heal|p2a: Eternatus|93/100|[from] item: Black Sludge
|upkeep
|turn|15
|
|t:|1617443385
|switch|p2a: Calyrex|Calyrex-Shadow|77/100
|-ability|p2a: Calyrex|As One
|-ability|p2a: Calyrex|Unnerve
|move|p1a: Porygon2|Ice Beam|p2a: Calyrex
|-damage|p2a: Calyrex|51/100
|
|upkeep
|turn|16
|
|t:|1617443391
|move|p2a: Calyrex|Aromatherapy|p2a: Calyrex
|-activate|p2a: Calyrex|move: Aromatherapy
|-curestatus|p2: Yveltal|tox|[msg]
|move|p1a: Porygon2|Foul Play|p2a: Calyrex
|-supereffective|p2a: Calyrex
|-damage|p2a: Calyrex|0 fnt
|faint|p2a: Calyrex
|
|upkeep
|
|t:|1617443395
|switch|p2a: Ho-Oh|Ho-Oh|100/100
|turn|17
|
|t:|1617443403
|move|p2a: Ho-Oh|Toxic|p1a: Porygon2
|-status|p1a: Porygon2|tox
|move|p1a: Porygon2|Teleport|p1a: Porygon2
|
|t:|1617443406
|switch|p1a: Dialga|Dialga|100/100|[from]move: Teleport
|-damage|p1a: Dialga|94/100|[from] Stealth Rock
|-ability|p1a: Dialga|Pressure
|
|upkeep
|turn|18
|
|t:|1617443411
|move|p1a: Dialga|Power Gem|p2a: Ho-Oh
|-supereffective|p2a: Ho-Oh
|-damage|p2a: Ho-Oh|19/100
|move|p2a: Ho-Oh|Sacred Fire|p1a: Dialga
|-damage|p1a: Dialga|55/100
|
|upkeep
|turn|19
|
|t:|1617443417
|switch|p2a: Necrozma|Necrozma-Dusk-Mane|100/100
|move|p1a: Dialga|Power Gem|p2a: Necrozma
|-resisted|p2a: Necrozma
|-damage|p2a: Necrozma|81/100
|
|-heal|p2a: Necrozma|87/100|[from] item: Leftovers
|upkeep
|turn|20
|
|t:|1617443429
|switch|p1a: Eternatus|Eternatus|94/100 brn
|-damage|p1a: Eternatus|82/100 brn|[from] Stealth Rock
|-ability|p1a: Eternatus|Pressure
|move|p2a: Necrozma|Sunsteel Strike|p1a: Eternatus
|-damage|p1a: Eternatus|43/100 brn
|
|-heal|p2a: Necrozma|93/100|[from] item: Leftovers
|-damage|p1a: Eternatus|37/100 brn|[from] brn
|upkeep
|turn|21
|
|t:|1617443437
|switch|p2a: Eternatus|Eternatus|93/100
|-ability|p2a: Eternatus|Pressure
|move|p1a: Eternatus|Recover|p1a: Eternatus
|-heal|p1a: Eternatus|87/100 brn
|
|-heal|p2a: Eternatus|99/100|[from] item: Black Sludge
|-damage|p1a: Eternatus|81/100 brn|[from] brn
|upkeep
|turn|22
|
|t:|1617443449
|switch|p1a: Necrozma|Necrozma-Dusk-Mane|100/100
|-damage|p1a: Necrozma|94/100|[from] Stealth Rock
|move|p2a: Eternatus|Dynamax Cannon|p1a: Necrozma
|-resisted|p1a: Necrozma
|-damage|p1a: Necrozma|80/100
|
|-heal|p2a: Eternatus|100/100|[from] item: Black Sludge
|-heal|p1a: Necrozma|86/100|[from] item: Leftovers
|upkeep
|turn|23
|
|t:|1617443453
|move|p2a: Eternatus|Flamethrower|p1a: Necrozma
|-supereffective|p1a: Necrozma
|-damage|p1a: Necrozma|63/100
|move|p1a: Necrozma|Thunder Wave|p2a: Eternatus
|-status|p2a: Eternatus|par
|
|-heal|p1a: Necrozma|69/100|[from] item: Leftovers
|upkeep
|turn|24
|
|t:|1617443457
|move|p2a: Eternatus|Flamethrower|p1a: Necrozma
|-supereffective|p1a: Necrozma
|-damage|p1a: Necrozma|42/100
|move|p1a: Necrozma|Stealth Rock|p2a: Eternatus
|-sidestart|p2: Malkobaran|move: Stealth Rock
|
|-heal|p1a: Necrozma|48/100|[from] item: Leftovers
|upkeep
|turn|25
|
|t:|1617443465
|switch|p2a: Regieleki|Regieleki|100/100
|-damage|p2a: Regieleki|88/100|[from] Stealth Rock
|move|p1a: Necrozma|Morning Sun|p1a: Necrozma
|-heal|p1a: Necrozma|98/100
|
|-heal|p1a: Necrozma|100/100|[from] item: Leftovers
|upkeep
|turn|26
|
|t:|1617443472
|switch|p1a: Zygarde|Zygarde|75/100
|-damage|p1a: Zygarde|69/100|[from] Stealth Rock
|move|p2a: Regieleki|Rapid Spin|p1a: Zygarde
|-damage|p1a: Zygarde|62/100
|-boost|p2a: Regieleki|spe|1
|-sideend|p2: Malkobaran|Stealth Rock|[from] move: Rapid Spin|[of] p2a: Regieleki
|
|-heal|p1a: Zygarde|68/100|[from] item: Leftovers
|upkeep
|turn|27
|
|t:|1617443480
|switch|p2a: Yveltal|Yveltal|94/100
|-ability|p2a: Yveltal|Dark Aura
|switch|p1a: Necrozma|Necrozma-Dusk-Mane|100/100
|-damage|p1a: Necrozma|94/100|[from] Stealth Rock
|
|-heal|p1a: Necrozma|100/100|[from] item: Leftovers
|upkeep
|turn|28
|
|t:|1617443483
|move|p2a: Yveltal|Knock Off|p1a: Necrozma
|-supereffective|p1a: Necrozma
|-damage|p1a: Necrozma|24/100
|-enditem|p1a: Necrozma|Leftovers|[from] move: Knock Off|[of] p2a: Yveltal
|move|p1a: Necrozma|Thunder Wave|p2a: Yveltal
|-status|p2a: Yveltal|par
|
|upkeep
|turn|29
|
|t:|1617443489
|move|p1a: Necrozma|Morning Sun|p1a: Necrozma
|-heal|p1a: Necrozma|74/100
|move|p2a: Yveltal|Knock Off|p1a: Necrozma
|-supereffective|p1a: Necrozma
|-crit|p1a: Necrozma
|-damage|p1a: Necrozma|0 fnt
|faint|p1a: Necrozma
|
|upkeep
|
|t:|1617443503
|switch|p1a: Dialga|Dialga|55/100
|-damage|p1a: Dialga|48/100|[from] Stealth Rock
|-ability|p1a: Dialga|Pressure
|turn|30
|
|t:|1617443513
|switch|p2a: Necrozma|Necrozma-Dusk-Mane|93/100
|move|p1a: Dialga|Thunder|p2a: Necrozma
|-damage|p2a: Necrozma|39/100
|
|-heal|p2a: Necrozma|45/100|[from] item: Leftovers
|upkeep
|turn|31
|
|t:|1617443518
|switch|p2a: Eternatus|Eternatus|100/100 par
|-ability|p2a: Eternatus|Pressure
|move|p1a: Dialga|Thunder|p2a: Eternatus|[miss]
|-miss|p1a: Dialga|p2a: Eternatus
|
|upkeep
|turn|32
|
|t:|1617443528
|switch|p1a: Porygon2|Porygon2|88/100 tox
|-damage|p1a: Porygon2|76/100 tox|[from] Stealth Rock
|switch|p2a: Necrozma|Necrozma-Dusk-Mane|45/100
|
|-heal|p2a: Necrozma|52/100|[from] item: Leftovers
|-damage|p1a: Porygon2|70/100 tox|[from] psn
|upkeep
|turn|33
|
|t:|1617443540
|move|p2a: Necrozma|Morning Sun|p2a: Necrozma
|-heal|p2a: Necrozma|100/100
|move|p1a: Porygon2|Foul Play|p2a: Necrozma
|-supereffective|p2a: Necrozma
|-damage|p2a: Necrozma|66/100
|
|-heal|p2a: Necrozma|72/100|[from] item: Leftovers
|-damage|p1a: Porygon2|57/100 tox|[from] psn
|upkeep
|turn|34
|
|t:|1617443546
|move|p2a: Necrozma|Sunsteel Strike|p1a: Porygon2
|-damage|p1a: Porygon2|35/100 tox
|move|p1a: Porygon2|Recover|p1a: Porygon2
|-heal|p1a: Porygon2|85/100 tox
|
|-heal|p2a: Necrozma|78/100|[from] item: Leftovers
|-damage|p1a: Porygon2|66/100 tox|[from] psn
|upkeep
|turn|35
|
|t:|1617443556
|move|p2a: Necrozma|Sunsteel Strike|p1a: Porygon2
|-damage|p1a: Porygon2|43/100 tox
|move|p1a: Porygon2|Ice Beam|p2a: Necrozma
|-resisted|p2a: Necrozma
|-damage|p2a: Necrozma|68/100
|
|-heal|p2a: Necrozma|74/100|[from] item: Leftovers
|-damage|p1a: Porygon2|18/100 tox|[from] psn
|upkeep
|turn|36
|
|t:|1617443559
|move|p2a: Necrozma|Morning Sun|p2a: Necrozma
|-heal|p2a: Necrozma|100/100
|move|p1a: Porygon2|Recover|p1a: Porygon2
|-heal|p1a: Porygon2|69/100 tox
|
|-damage|p1a: Porygon2|38/100 tox|[from] psn
|upkeep
|turn|37
|
|t:|1617443566
|switch|p2a: Ho-Oh|Ho-Oh|52/100
|switch|p1a: Zygarde|Zygarde|68/100
|-damage|p1a: Zygarde|62/100|[from] Stealth Rock
|
|-heal|p1a: Zygarde|68/100|[from] item: Leftovers
|upkeep
|turn|38
|
|t:|1617443571
|move|p1a: Zygarde|Substitute|p1a: Zygarde
|-start|p1a: Zygarde|Substitute
|-damage|p1a: Zygarde|43/100
|move|p2a: Ho-Oh|Brave Bird|p1a: Zygarde
|-end|p1a: Zygarde|Substitute
|-damage|p2a: Ho-Oh|45/100|[from] Recoil|[of] p1a: Zygarde
|
|-heal|p1a: Zygarde|49/100|[from] item: Leftovers
|-activate|p1a: Zygarde|ability: Power Construct
|detailschange|p1a: Zygarde|Zygarde-Complete
|-heal|p1a: Zygarde|68/100|[silent]
|upkeep
|turn|39
|
|t:|1617443580
|move|p1a: Zygarde|Substitute|p1a: Zygarde
|-start|p1a: Zygarde|Substitute
|-damage|p1a: Zygarde|43/100
|move|p2a: Ho-Oh|Toxic|p1a: Zygarde|[miss]
|-miss|p2a: Ho-Oh|p1a: Zygarde
|
|-heal|p1a: Zygarde|50/100|[from] item: Leftovers
|upkeep
|turn|40
|
|t:|1617443586
|move|p1a: Zygarde|Coil|p1a: Zygarde
|-boost|p1a: Zygarde|atk|1
|-boost|p1a: Zygarde|def|1
|-boost|p1a: Zygarde|accuracy|1
|move|p2a: Ho-Oh|Brave Bird|p1a: Zygarde
|-activate|p1a: Zygarde|move: Substitute|[damage]
|-damage|p2a: Ho-Oh|38/100|[from] Recoil|[of] p1a: Zygarde
|
|-heal|p1a: Zygarde|56/100|[from] item: Leftovers
|upkeep
|turn|41
|
|t:|1617443593
|move|p1a: Zygarde|Coil|p1a: Zygarde
|-boost|p1a: Zygarde|atk|1
|-boost|p1a: Zygarde|def|1
|-boost|p1a: Zygarde|accuracy|1
|move|p2a: Ho-Oh|Brave Bird|p1a: Zygarde
|-end|p1a: Zygarde|Substitute
|-damage|p2a: Ho-Oh|33/100|[from] Recoil|[of] p1a: Zygarde
|
|-heal|p1a: Zygarde|62/100|[from] item: Leftovers
|upkeep
|turn|42
|
|t:|1617443601
|switch|p2a: Eternatus|Eternatus|100/100 par
|-ability|p2a: Eternatus|Pressure
|move|p1a: Zygarde|Substitute|p1a: Zygarde
|-start|p1a: Zygarde|Substitute
|-damage|p1a: Zygarde|37/100
|
|-heal|p1a: Zygarde|43/100|[from] item: Leftovers
|upkeep
|turn|43
|
|t:|1617443605
|move|p1a: Zygarde|Dragon Dance|p1a: Zygarde
|-boost|p1a: Zygarde|atk|1
|-boost|p1a: Zygarde|spe|1
|move|p2a: Eternatus|Dynamax Cannon|p1a: Zygarde
|-supereffective|p1a: Zygarde
|-end|p1a: Zygarde|Substitute
|
|-heal|p1a: Zygarde|50/100|[from] item: Leftovers
|upkeep
|turn|44
|
|t:|1617443618
|move|p1a: Zygarde|Thousand Arrows|p2a: Eternatus
|-supereffective|p2a: Eternatus
|-damage|p2a: Eternatus|0 fnt
|faint|p2a: Eternatus
|
|-heal|p1a: Zygarde|56/100|[from] item: Leftovers
|upkeep
|-message|Malkobaran forfeited.
|
|win|pokemon4evers
|raw|pokemon4evers's rating: 1401 &rarr; <strong>1427</strong><br />(+26 for winning)
|raw|Malkobaran's rating: 1505 &rarr; <strong>1479</strong><br />(-26 for losing)
|l|☆Malkobaran
