|j|☆Zerotti
|j|☆La Grasa Vive
|t:|1666492911
|gametype|singles
|player|p1|Zerotti|rr-houndoommega|
|player|p2|La Grasa Vive|rr-enamorus|
|teamsize|p1|6
|teamsize|p2|6
|gen|8
|tier|[Gen 8] Ubers
|rule|Sleep Clause Mod: Limit one foe put to sleep
|rule|Species Clause: Limit one of each Pokémon
|rule|OHKO Clause: OHKO moves are banned
|rule|Evasion Moves Clause: Evasion moves are banned
|rule|Endless Battle Clause: Forcing endless battles is banned
|rule|HP Percentage Mod: HP is shown in percentages
|rule|Dynamax Clause: You cannot dynamax
|rule|Mega Rayquaza Clause: You cannot mega evolve Rayquaza
|clearpoke
|poke|p1|Spectrier|
|poke|p1|Accelgor, F|
|poke|p1|Archeops, M|
|poke|p1|Weavile, F|
|poke|p1|Blaziken, F|
|poke|p1|Sharpedo, F|
|poke|p2|Manectric, F|
|poke|p2|Weezing-Galar, M|
|poke|p2|Excadrill, M|
|poke|p2|Leavanny, F|
|poke|p2|Houndoom, M|
|poke|p2|Unfezant, F|
|teampreview
|j| Ice master viking
|
|t:|1666492934
|start
|switch|p1a: Accelgor|Accelgor, F|100/100
|switch|p2a: Leavanny|Leavanny, F|100/100
|turn|1
|
|t:|1666492946
|switch|p2a: Weezing|Weezing-Galar, M|100/100
|move|p1a: Accelgor|Spikes|p2a: Weezing
|-sidestart|p2: La Grasa Vive|Spikes
|
|upkeep
|turn|2
|
|t:|1666492952
|move|p1a: Accelgor|Yawn|p2a: Weezing
|-start|p2a: Weezing|move: Yawn|[of] p1a: Accelgor
|move|p2a: Weezing|Sludge Bomb|p1a: Accelgor
|-damage|p1a: Accelgor|59/100
|
|upkeep
|turn|3
|
|t:|1666492960
|switch|p2a: Excadrill|Excadrill, M|100/100
|-damage|p2a: Excadrill|88/100|[from] Spikes
|-ability|p2a: Excadrill|Mold Breaker
|move|p1a: Accelgor|Yawn|p2a: Excadrill
|-start|p2a: Excadrill|move: Yawn|[of] p1a: Accelgor
|
|upkeep
|turn|4
|
|t:|1666492969
|switch|p1a: Spectrier|Spectrier|100/100
|switch|p2a: Weezing|Weezing-Galar, M|100/100
|
|upkeep
|turn|5
|
|t:|1666492977
|switch|p1a: Accelgor|Accelgor, F|59/100
|move|p2a: Weezing|Defog|p1a: Accelgor
|-unboost|p1a: Accelgor|evasion|1
|-sideend|p2: La Grasa Vive|Spikes|[from] move: Defog|[of] p2a: Weezing
|
|upkeep
|turn|6
|
|t:|1666492983
|switch|p2a: Unfezant|Unfezant, F|100/100
|move|p1a: Accelgor|Spikes|p2a: Unfezant
|-sidestart|p2: La Grasa Vive|Spikes
|
|upkeep
|turn|7
|
|t:|1666492988
|move|p2a: Unfezant|U-turn|p1a: Accelgor
|-damage|p1a: Accelgor|15/100
|
|t:|1666492993
|switch|p2a: Excadrill|Excadrill, M|88/100|[from]move: U-turn
|-damage|p2a: Excadrill|76/100|[from] Spikes
|-ability|p2a: Excadrill|Mold Breaker
|move|p1a: Accelgor|Yawn|p2a: Excadrill
|-start|p2a: Excadrill|move: Yawn|[of] p1a: Accelgor
|
|upkeep
|turn|8
|l| Ice master viking
|
|t:|1666492999
|switch|p1a: Spectrier|Spectrier|100/100
|switch|p2a: Weezing|Weezing-Galar, M|100/100
|
|upkeep
|turn|9
|
|t:|1666493008
|switch|p1a: Accelgor|Accelgor, F|15/100
|move|p2a: Weezing|Defog|p1a: Accelgor
|-unboost|p1a: Accelgor|evasion|1
|-sideend|p2: La Grasa Vive|Spikes|[from] move: Defog|[of] p2a: Weezing
|
|upkeep
|turn|10
|
|t:|1666493012
|switch|p2a: Unfezant|Unfezant, F|100/100
|move|p1a: Accelgor|Spikes|p2a: Unfezant
|-sidestart|p2: La Grasa Vive|Spikes
|
|upkeep
|turn|11
|
|t:|1666493019
|switch|p1a: Spectrier|Spectrier|100/100
|move|p2a: Unfezant|U-turn|p1a: Spectrier
|-resisted|p1a: Spectrier
|-damage|p1a: Spectrier|84/100
|
|t:|1666493026
|switch|p2a: Manectric|Manectric, F|100/100|[from]move: U-turn
|-damage|p2a: Manectric|88/100|[from] Spikes
|-ability|p2a: Manectric|Intimidate|boost
|-unboost|p1a: Spectrier|atk|1
|
|-heal|p1a: Spectrier|91/100|[from] item: Leftovers
|upkeep
|turn|12
|j| Ice master viking
|
|t:|1666493041
|switch|p1a: Accelgor|Accelgor, F|15/100
|detailschange|p2a: Manectric|Manectric-Mega, F
|-mega|p2a: Manectric|Manectric|Manectite
|-ability|p2a: Manectric|Intimidate|boost
|-unboost|p1a: Accelgor|atk|1
|move|p2a: Manectric|Volt Switch|p1a: Accelgor
|-damage|p1a: Accelgor|0 fnt
|faint|p1a: Accelgor
|
|t:|1666493052
|switch|p2a: Weezing|Weezing-Galar, M|100/100|[from]move: Volt Switch
|
|upkeep
|
|t:|1666493055
|switch|p1a: Archeops|Archeops, M|100/100
|turn|13
|
|t:|1666493058
|move|p1a: Archeops|Taunt|p2a: Weezing
|-start|p2a: Weezing|move: Taunt
|cant|p2a: Weezing|move: Taunt|Defog
|
|upkeep
|turn|14
|
|t:|1666493083
|move|p1a: Archeops|Stealth Rock|p2a: Weezing
|-sidestart|p2: La Grasa Vive|move: Stealth Rock
|move|p2a: Weezing|Strange Steam|p1a: Archeops
|-damage|p1a: Archeops|51/100
|
|upkeep
|turn|15
|
|t:|1666493093
|move|p1a: Archeops|Endeavor|p2a: Weezing
|-damage|p2a: Weezing|45/100
|-damage|p1a: Archeops|35/100|[from] item: Rocky Helmet|[of] p2a: Weezing
|move|p2a: Weezing|Strange Steam|p1a: Archeops
|-damage|p1a: Archeops|0 fnt
|faint|p1a: Archeops
|
|-end|p2a: Weezing|move: Taunt
|upkeep
|
|t:|1666493104
|switch|p1a: Spectrier|Spectrier|91/100
|turn|16
|l| Ice master viking
|j| Ice master viking
|
|t:|1666493111
|switch|p2a: Houndoom|Houndoom, M|100/100
|-damage|p2a: Houndoom|75/100|[from] Stealth Rock
|-damage|p2a: Houndoom|63/100|[from] Spikes
|move|p1a: Spectrier|Protect||[still]
|-fail|p1a: Spectrier
|
|-heal|p1a: Spectrier|97/100|[from] item: Leftovers
|upkeep
|turn|17
|
|t:|1666493136
|switch|p1a: Sharpedo|Sharpedo, F|100/100
|move|p2a: Houndoom|Dark Pulse|p1a: Sharpedo
|-resisted|p1a: Sharpedo
|-damage|p1a: Sharpedo|33/100
|
|upkeep
|turn|18
|
|t:|1666493141
|move|p1a: Sharpedo|Protect|p1a: Sharpedo
|-singleturn|p1a: Sharpedo|Protect
|move|p2a: Houndoom|Dark Pulse|p1a: Sharpedo
|-activate|p1a: Sharpedo|move: Protect
|
|-ability|p1a: Sharpedo|Speed Boost|boost
|-boost|p1a: Sharpedo|spe|1
|upkeep
|turn|19
|
|t:|1666493143
|move|p1a: Sharpedo|Hydro Pump|p2a: Houndoom
|-supereffective|p2a: Houndoom
|-damage|p2a: Houndoom|0 fnt
|faint|p2a: Houndoom
|-damage|p1a: Sharpedo|24/100|[from] item: Life Orb
|
|-ability|p1a: Sharpedo|Speed Boost|boost
|-boost|p1a: Sharpedo|spe|1
|upkeep
|
|t:|1666493155
|switch|p2a: Manectric|Manectric-Mega, F|88/100
|-damage|p2a: Manectric|76/100|[from] Stealth Rock
|-damage|p2a: Manectric|63/100|[from] Spikes
|-ability|p2a: Manectric|Intimidate|boost
|-unboost|p1a: Sharpedo|atk|1
|turn|20
|
|t:|1666493165
|switch|p2a: Excadrill|Excadrill, M|76/100
|-damage|p2a: Excadrill|63/100|[from] Spikes
|-damage|p2a: Excadrill|60/100|[from] Stealth Rock
|-ability|p2a: Excadrill|Mold Breaker
|move|p1a: Sharpedo|Destiny Bond|p1a: Sharpedo
|-singlemove|p1a: Sharpedo|Destiny Bond
|
|-ability|p1a: Sharpedo|Speed Boost|boost
|-boost|p1a: Sharpedo|spe|1
|upkeep
|turn|21
|
|t:|1666493176
|move|p1a: Sharpedo|Hydro Pump|p2a: Excadrill
|-supereffective|p2a: Excadrill
|-damage|p2a: Excadrill|0 fnt
|faint|p2a: Excadrill
|-damage|p1a: Sharpedo|14/100|[from] item: Life Orb
|
|-ability|p1a: Sharpedo|Speed Boost|boost
|-boost|p1a: Sharpedo|spe|1
|upkeep
|j| mudkipfann333
|
|t:|1666493188
|switch|p2a: Leavanny|Leavanny, F|100/100
|-damage|p2a: Leavanny|88/100|[from] Spikes
|-damage|p2a: Leavanny|63/100|[from] Stealth Rock
|turn|22
|c| mudkipfann333|zerotti mata a la grasa please
|
|t:|1666493284
|move|p1a: Sharpedo|Dark Pulse|p2a: Leavanny
|-damage|p2a: Leavanny|0 fnt
|faint|p2a: Leavanny
|-damage|p1a: Sharpedo|4/100|[from] item: Life Orb
|
|-ability|p1a: Sharpedo|Speed Boost|boost
|-boost|p1a: Sharpedo|spe|1
|upkeep
|
|t:|1666493288
|switch|p2a: Weezing|Weezing-Galar, M|45/100
|-damage|p2a: Weezing|32/100|[from] Stealth Rock
|turn|23
|
|t:|1666493295
|move|p1a: Sharpedo|Hydro Pump|p2a: Weezing
|-damage|p2a: Weezing|0 fnt
|faint|p2a: Weezing
|-damage|p1a: Sharpedo|0 fnt|[from] item: Life Orb
|faint|p1a: Sharpedo
|
|upkeep
|
|t:|1666493323
|switch|p1a: Blaziken|Blaziken, F|100/100
|switch|p2a: Unfezant|Unfezant, F|100/100
|-damage|p2a: Unfezant|76/100|[from] Stealth Rock
|-item|p1a: Blaziken|Air Balloon
|turn|24
|
|t:|1666493334
|move|p2a: Unfezant|Drill Peck|p1a: Blaziken
|-supereffective|p1a: Blaziken
|-crit|p1a: Blaziken
|-damage|p1a: Blaziken|0 fnt
|-enditem|p1a: Blaziken|Air Balloon
|faint|p1a: Blaziken
|
|upkeep
|
|t:|1666493339
|switch|p1a: Weavile|Weavile, F|100/100
|-ability|p1a: Weavile|Pressure
|turn|25
|
|t:|1666493346
|move|p2a: Unfezant|Drill Peck|p1a: Weavile
|-damage|p1a: Weavile|31/100
|move|p1a: Weavile|Swords Dance|p1a: Weavile
|-boost|p1a: Weavile|atk|2
|
|upkeep
|turn|26
|
|t:|1666493350
|move|p1a: Weavile|Ice Shard|p2a: Unfezant
|-supereffective|p2a: Unfezant
|-damage|p2a: Unfezant|0 fnt
|faint|p2a: Unfezant
|
|upkeep
|
|t:|1666493352
|switch|p2a: Manectric|Manectric-Mega, F|63/100
|-damage|p2a: Manectric|51/100|[from] Spikes
|-damage|p2a: Manectric|38/100|[from] Stealth Rock
|-ability|p2a: Manectric|Intimidate|boost
|-unboost|p1a: Weavile|atk|1
|turn|27
|
|t:|1666493356
|move|p1a: Weavile|Ice Shard|p2a: Manectric
|-damage|p2a: Manectric|0 fnt
|faint|p2a: Manectric
|
|win|Zerotti
|l|☆La Grasa Vive
|c|☆Zerotti|Buena batalla
|l| mudkipfann333
