|j|☆Scaelux Ultima
|j|☆TheCounterTeamer
|t:|1663080456
|gametype|singles
|player|p1|Scaelux Ultima|rr-greninja|
|player|p2|TheCounterTeamer|thecounterteamer.png|
|teamsize|p1|6
|teamsize|p2|6
|gen|8
|tier|[Gen 8] Ubers
|rule|Sleep Clause Mod: Limit one foe put to sleep
|rule|Species Clause: Limit one of each Pokémon
|rule|OHKO Clause: OHKO moves are banned
|rule|Evasion Moves Clause: Evasion moves are banned
|rule|Endless Battle Clause: Forcing endless battles is banned
|rule|HP Percentage Mod: HP is shown in percentages
|rule|Dynamax Clause: You cannot dynamax
|rule|Mega Rayquaza Clause: You cannot mega evolve Rayquaza
|clearpoke
|poke|p1|Corsola-Galar, F|
|poke|p1|Marshadow|
|poke|p1|Melmetal|
|poke|p1|Salamence, F|
|poke|p1|Grimmsnarl, M|
|poke|p1|Smeargle, M|
|poke|p2|Zamazenta-*|
|poke|p2|Enamorus, F|
|poke|p2|Drednaw, F|
|poke|p2|Yveltal|
|poke|p2|Groudon|
|poke|p2|Ditto|
|teampreview
|c|☆TheCounterTeamer|Glhf
|inactive|Battle timer is ON: inactive players will automatically lose when time's up. (requested by TheCounterTeamer)
|
|t:|1663080475
|start
|switch|p1a: Grimmsnarl|Grimmsnarl, M|100/100
|switch|p2a: Enamorus|Enamorus, F|100/100
|turn|1
|
|t:|1663080482
|switch|p2a: Groudon|Groudon|100/100
|detailschange|p2a: Groudon|Groudon-Primal
|-primal|p2a: Groudon
|-weather|DesolateLand|[from] ability: Desolate Land|[of] p2a: Groudon
|move|p1a: Grimmsnarl|Light Screen|p1a: Grimmsnarl
|-sidestart|p1: Scaelux Ultima|move: Light Screen
|
|-weather|DesolateLand|[upkeep]
|upkeep
|turn|2
|
|t:|1663080486
|move|p1a: Grimmsnarl|Reflect|p1a: Grimmsnarl
|-sidestart|p1: Scaelux Ultima|Reflect
|move|p2a: Groudon|Rock Polish|p2a: Groudon
|-boost|p2a: Groudon|spe|2
|
|-weather|DesolateLand|[upkeep]
|upkeep
|turn|3
|
|t:|1663080493
|switch|p1a: Corsola|Corsola-Galar, F|100/100
|move|p2a: Groudon|Swords Dance|p2a: Groudon
|-boost|p2a: Groudon|atk|2
|
|-weather|DesolateLand|[upkeep]
|upkeep
|turn|4
|
|t:|1663080499
|move|p2a: Groudon|Swords Dance|p2a: Groudon
|-boost|p2a: Groudon|atk|2
|move|p1a: Corsola|Strength Sap|p2a: Groudon
|-unboost|p2a: Groudon|atk|1
|
|-weather|DesolateLand|[upkeep]
|upkeep
|turn|5
|
|t:|1663080503
|move|p2a: Groudon|Swords Dance|p2a: Groudon
|-boost|p2a: Groudon|atk|2
|move|p1a: Corsola|Curse|p2a: Groudon
|-start|p2a: Groudon|Curse|[of] p1a: Corsola
|-damage|p1a: Corsola|50/100
|
|-weather|DesolateLand|[upkeep]
|-damage|p2a: Groudon|76/100|[from] Curse
|upkeep
|turn|6
|
|t:|1663080507
|move|p2a: Groudon|Heat Crash|p1a: Corsola
|-damage|p1a: Corsola|0 fnt
|faint|p1a: Corsola
|
|-weather|DesolateLand|[upkeep]
|-damage|p2a: Groudon|51/100|[from] Curse
|upkeep
|
|t:|1663080513
|switch|p1a: Marshadow|Marshadow|100/100
|turn|7
|
|t:|1663080519
|-weather|none
|switch|p2a: Zamazenta|Zamazenta-Crowned|100/100
|-ability|p2a: Zamazenta|Dauntless Shield|boost
|-boost|p2a: Zamazenta|def|1
|move|p1a: Marshadow|Spectral Thief||[still]
|-clearpositiveboost|p2a: Zamazenta|p1a: Marshadow|move: Spectral Thief
|-boost|p1a: Marshadow|def|1
|-anim|p1a: Marshadow|Spectral Thief|p2a: Zamazenta
|-damage|p2a: Zamazenta|63/100
|
|upkeep
|turn|8
|
|t:|1663080529
|move|p2a: Zamazenta|Behemoth Bash|p1a: Marshadow
|-damage|p1a: Marshadow|77/100
|move|p1a: Marshadow|Drain Punch|p2a: Zamazenta
|-supereffective|p2a: Zamazenta
|-damage|p2a: Zamazenta|9/100
|-heal|p1a: Marshadow|100/100|[from] drain|[of] p2a: Zamazenta
|
|-sideend|p1: Scaelux Ultima|move: Light Screen
|upkeep
|turn|9
|
|t:|1663080536
|move|p2a: Zamazenta|Behemoth Bash|p1a: Marshadow
|-damage|p1a: Marshadow|80/100
|move|p1a: Marshadow|Drain Punch|p2a: Zamazenta
|-supereffective|p2a: Zamazenta
|-damage|p2a: Zamazenta|0 fnt
|-heal|p1a: Marshadow|84/100|[from] drain|[of] p2a: Zamazenta
|faint|p2a: Zamazenta
|
|-sideend|p1: Scaelux Ultima|Reflect
|upkeep
|
|t:|1663080543
|switch|p2a: Ditto|Ditto|100/100
|-transform|p2a: Ditto|p1a: Marshadow|[from] ability: Imposter
|turn|10
|
|t:|1663080550
|move|p2a: Ditto|Spectral Thief||[still]
|-clearpositiveboost|p1a: Marshadow|p2a: Ditto|move: Spectral Thief
|-boost|p2a: Ditto|def|1
|-anim|p2a: Ditto|Spectral Thief|p1a: Marshadow
|-supereffective|p1a: Marshadow
|-crit|p1a: Marshadow
|-damage|p1a: Marshadow|0 fnt
|faint|p1a: Marshadow
|
|upkeep
|
|t:|1663080560
|switch|p1a: Grimmsnarl|Grimmsnarl, M|100/100
|turn|11
|
|t:|1663080565
|switch|p2a: Groudon|Groudon-Primal|51/100
|-weather|DesolateLand|[from] ability: Desolate Land|[of] p2a: Groudon
|move|p1a: Grimmsnarl|Thunder Wave|p2a: Groudon
|-immune|p2a: Groudon
|
|-weather|DesolateLand|[upkeep]
|upkeep
|turn|12
|
|t:|1663080570
|move|p1a: Grimmsnarl|Reflect|p1a: Grimmsnarl
|-sidestart|p1: Scaelux Ultima|Reflect
|move|p2a: Groudon|Rock Polish|p2a: Groudon
|-boost|p2a: Groudon|spe|2
|
|-weather|DesolateLand|[upkeep]
|upkeep
|turn|13
|
|t:|1663080574
|switch|p1a: Smeargle|Smeargle, M|100/100
|move|p2a: Groudon|Swords Dance|p2a: Groudon
|-boost|p2a: Groudon|atk|2
|
|-weather|DesolateLand|[upkeep]
|upkeep
|turn|14
|
|t:|1663080577
|move|p2a: Groudon|Heat Crash|p1a: Smeargle
|-damage|p1a: Smeargle|0 fnt
|faint|p1a: Smeargle
|
|-weather|DesolateLand|[upkeep]
|upkeep
|
|t:|1663080581
|switch|p1a: Salamence|Salamence, F|100/100
|-ability|p1a: Salamence|Intimidate|boost
|-unboost|p2a: Groudon|atk|1
|turn|15
|
|t:|1663080586
|detailschange|p1a: Salamence|Salamence-Mega, F
|-mega|p1a: Salamence|Salamence|Salamencite
|move|p2a: Groudon|Heat Crash|p1a: Salamence
|-resisted|p1a: Salamence
|-damage|p1a: Salamence|60/100
|move|p1a: Salamence|Dragon Dance|p1a: Salamence
|-boost|p1a: Salamence|atk|1
|-boost|p1a: Salamence|spe|1
|
|-weather|DesolateLand|[upkeep]
|upkeep
|turn|16
|
|t:|1663080601
|move|p2a: Groudon|Heat Crash|p1a: Salamence
|-resisted|p1a: Salamence
|-damage|p1a: Salamence|20/100
|move|p1a: Salamence|Return|p2a: Groudon
|-damage|p2a: Groudon|0 fnt
|faint|p2a: Groudon
|-weather|none
|
|upkeep
|
|t:|1663080612
|switch|p2a: Ditto|Ditto|100/100
|-transform|p2a: Ditto|p1a: Salamence|[from] ability: Imposter
|turn|17
|
|t:|1663080619
|switch|p1a: Melmetal|Melmetal|100/100
|move|p2a: Ditto|Return|p1a: Melmetal
|-resisted|p1a: Melmetal
|-damage|p1a: Melmetal|86/100
|
|-heal|p1a: Melmetal|92/100|[from] item: Leftovers
|upkeep
|turn|18
|
|t:|1663080634
|switch|p2a: Yveltal|Yveltal|100/100
|-ability|p2a: Yveltal|Dark Aura
|move|p1a: Melmetal|Ice Punch|p2a: Yveltal
|-supereffective|p2a: Yveltal
|-damage|p2a: Yveltal|42/100
|
|-heal|p1a: Melmetal|99/100|[from] item: Leftovers
|upkeep
|turn|19
|
|t:|1663080642
|move|p2a: Yveltal|Dark Hole|p1a: Melmetal
|-damage|p1a: Melmetal|44/100
|move|p1a: Melmetal|Ice Punch|p2a: Yveltal
|-supereffective|p2a: Yveltal
|-damage|p2a: Yveltal|0 fnt
|faint|p2a: Yveltal
|
|-heal|p1a: Melmetal|50/100|[from] item: Leftovers
|-sideend|p1: Scaelux Ultima|Reflect
|upkeep
|
|t:|1663080647
|switch|p2a: Drednaw|Drednaw, F|100/100
|turn|20
|
|t:|1663080658
|detailschange|p2a: Drednaw|Drednaw-Mega, F
|-mega|p2a: Drednaw|Drednaw|Drednawite
|move|p2a: Drednaw|Jaw Lock|p1a: Melmetal
|-supereffective|p1a: Melmetal
|-damage|p1a: Melmetal|0 fnt
|faint|p1a: Melmetal
|
|upkeep
|
|t:|1663080663
|switch|p1a: Grimmsnarl|Grimmsnarl, M|100/100
|turn|21
|
|t:|1663080668
|move|p1a: Grimmsnarl|Thunder Wave|p2a: Drednaw
|-status|p2a: Drednaw|par
|move|p2a: Drednaw|Aqua Fang|p1a: Grimmsnarl
|-damage|p1a: Grimmsnarl|4/100
|
|upkeep
|turn|22
|
|t:|1663080673
|move|p1a: Grimmsnarl|Reflect|p1a: Grimmsnarl
|-sidestart|p1: Scaelux Ultima|Reflect
|move|p2a: Drednaw|Aqua Fang|p1a: Grimmsnarl
|-damage|p1a: Grimmsnarl|0 fnt
|faint|p1a: Grimmsnarl
|
|upkeep
|
|t:|1663080676
|switch|p1a: Salamence|Salamence-Mega, F|20/100
|turn|23
|c|☆TheCounterTeamer|Gg
|
|t:|1663080683
|move|p1a: Salamence|Roost|p1a: Salamence
|-heal|p1a: Salamence|70/100
|-singleturn|p1a: Salamence|move: Roost
|move|p2a: Drednaw|Aqua Fang|p1a: Salamence
|-resisted|p1a: Salamence
|-damage|p1a: Salamence|53/100
|
|upkeep
|turn|24
|
|t:|1663080688
|move|p1a: Salamence|Roost|p1a: Salamence
|-heal|p1a: Salamence|100/100
|-singleturn|p1a: Salamence|move: Roost
|move|p2a: Drednaw|Crunch|p1a: Salamence
|-damage|p1a: Salamence|78/100
|
|upkeep
|turn|25
|
|t:|1663080694
|move|p1a: Salamence|Dragon Dance|p1a: Salamence
|-boost|p1a: Salamence|atk|1
|-boost|p1a: Salamence|spe|1
|move|p2a: Drednaw|Crunch|p1a: Salamence
|-damage|p1a: Salamence|56/100
|
|upkeep
|turn|26
|j| HarryBW247
|
|t:|1663080700
|move|p1a: Salamence|Return|p2a: Drednaw
|-supereffective|p2a: Drednaw
|-damage|p2a: Drednaw|0 fnt
|faint|p2a: Drednaw
|
|upkeep
|
|t:|1663080704
|switch|p2a: Ditto|Ditto|100/100
|-transform|p2a: Ditto|p1a: Salamence|[from] ability: Imposter
|turn|27
|
|t:|1663080707
|move|p2a: Ditto|Return|p1a: Salamence
|-damage|p1a: Salamence|9/100
|move|p1a: Salamence|Return|p2a: Ditto
|-damage|p2a: Ditto|0 fnt
|faint|p2a: Ditto
|
|upkeep
|
|t:|1663080713
|switch|p2a: Enamorus|Enamorus, F|100/100
|turn|28
|
|t:|1663080716
|move|p1a: Salamence|Return|p2a: Enamorus
|-damage|p2a: Enamorus|0 fnt
|faint|p2a: Enamorus
|
|win|Scaelux Ultima
|c|☆Scaelux Ultima|gg
|c|☆TheCounterTeamer|I 
|c|☆TheCounterTeamer|misclick3d
|c|☆TheCounterTeamer|fck
|c|☆TheCounterTeamer|Gg
|c|☆Scaelux Ultima|that was a really good fight
|l| HarryBW247
