|j|☆Jahsjdiwkskkx
|j|☆Sasha2808
|t:|1667484928
|gametype|singles
|player|p1|Jahsjdiwkskkx|101|1000
|player|p2|Sasha2808|rr-miraidon|1166
|teamsize|p1|6
|teamsize|p2|6
|gen|8
|tier|[Gen 8] Ubers
|rated|
|rule|Sleep Clause Mod: Limit one foe put to sleep
|rule|Species Clause: Limit one of each Pokémon
|rule|OHKO Clause: OHKO moves are banned
|rule|Evasion Moves Clause: Evasion moves are banned
|rule|Endless Battle Clause: Forcing endless battles is banned
|rule|HP Percentage Mod: HP is shown in percentages
|rule|Dynamax Clause: You cannot dynamax
|rule|Mega Rayquaza Clause: You cannot mega evolve Rayquaza
|clearpoke
|poke|p1|Lilligant-Hisui, F|
|poke|p1|Zoroark-Hisui, M|
|poke|p1|Arcanine-Hisui, F|
|poke|p1|Enamorus, F|
|poke|p1|Typhlosion-Hisui, F|
|poke|p1|Ditto|
|poke|p2|Deoxys-Speed|
|poke|p2|Enamorus, F|
|poke|p2|Drednaw, M|
|poke|p2|Groudon|
|poke|p2|Arceus-*|
|poke|p2|Calyrex-Shadow|
|teampreview
|inactive|Battle timer is ON: inactive players will automatically lose when time's up. (requested by Sasha2808)
|
|t:|1667484944
|start
|switch|p1a: Enamorus|Enamorus, F|100/100
|switch|p2a: Deoxys|Deoxys-Speed|100/100
|-ability|p2a: Deoxys|Pressure
|turn|1
|
|t:|1667484958
|move|p2a: Deoxys|Light Screen|p2a: Deoxys
|-sidestart|p2: Sasha2808|move: Light Screen
|move|p1a: Enamorus|Hammer Arm|p2a: Deoxys
|-resisted|p2a: Deoxys
|-damage|p2a: Deoxys|84/100
|-boost|p1a: Enamorus|spe|1
|
|upkeep
|turn|2
|
|t:|1667484964
|move|p1a: Enamorus|Fleur Cannon|p2a: Deoxys
|-damage|p2a: Deoxys|42/100
|-boost|p1a: Enamorus|spa|2
|move|p2a: Deoxys|Stealth Rock|p1a: Enamorus
|-sidestart|p1: Jahsjdiwkskkx|move: Stealth Rock
|
|upkeep
|turn|3
|
|t:|1667484989
|move|p1a: Enamorus|Defog|p2a: Deoxys
|-unboost|p2a: Deoxys|evasion|1
|-sideend|p2: Sasha2808|move: Light Screen
|-sideend|p1: Jahsjdiwkskkx|Stealth Rock|[from] move: Defog|[of] p1a: Enamorus
|move|p2a: Deoxys|Reflect|p2a: Deoxys
|-sidestart|p2: Sasha2808|Reflect
|
|upkeep
|turn|4
|
|t:|1667484995
|move|p1a: Enamorus|Earth Power|p2a: Deoxys
|-damage|p2a: Deoxys|0 fnt
|faint|p2a: Deoxys
|
|upkeep
|
|t:|1667485010
|switch|p2a: Arceus|Arceus|100/100
|turn|5
|
|t:|1667485014
|move|p2a: Arceus|Extreme Speed|p1a: Enamorus
|-damage|p1a: Enamorus|5/100
|-damage|p2a: Arceus|91/100|[from] item: Life Orb
|move|p1a: Enamorus|Fleur Cannon|p2a: Arceus
|-damage|p2a: Arceus|0 fnt
|-boost|p1a: Enamorus|spa|2
|faint|p2a: Arceus
|
|upkeep
|
|t:|1667485018
|switch|p2a: Calyrex|Calyrex-Shadow|100/100
|-ability|p2a: Calyrex|As One
|-ability|p2a: Calyrex|Unnerve
|turn|6
|
|t:|1667485022
|move|p1a: Enamorus|Fleur Cannon|p2a: Calyrex
|-enditem|p2a: Calyrex|Focus Sash
|-damage|p2a: Calyrex|1/100
|-boost|p1a: Enamorus|spa|2
|move|p2a: Calyrex|Astral Barrage|p1a: Enamorus
|-damage|p1a: Enamorus|0 fnt
|faint|p1a: Enamorus
|-ability|p2a: Calyrex|Grim Neigh|boost
|-boost|p2a: Calyrex|spa|1
|
|upkeep
|
|t:|1667485038
|switch|p1a: Arcanine|Arcanine-Hisui, F|100/100
|turn|7
|inactive|Sasha2808 has 120 seconds left.
|inactive|Sasha2808 has 90 seconds left.
|
|t:|1667485109
|move|p1a: Arcanine|Accelerock|p2a: Calyrex
|-damage|p2a: Calyrex|0 fnt
|faint|p2a: Calyrex
|
|upkeep
|
|t:|1667485112
|switch|p2a: Drednaw|Drednaw, M|100/100
|turn|8
|
|t:|1667485117
|switch|p1a: Lilligant|Lilligant-Hisui, F, shiny|100/100
|detailschange|p2a: Drednaw|Drednaw-Mega, M
|-mega|p2a: Drednaw|Drednaw|Drednawite
|move|p2a: Drednaw|Shell Smash|p2a: Drednaw
|-unboost|p2a: Drednaw|def|1
|-unboost|p2a: Drednaw|spd|1
|-boost|p2a: Drednaw|atk|2
|-boost|p2a: Drednaw|spa|2
|-boost|p2a: Drednaw|spe|2
|
|upkeep
|turn|9
|
|t:|1667485129
|move|p2a: Drednaw|Jaw Lock|p1a: Lilligant
|-immune|p1a: Lilligant
|move|p1a: Lilligant|Bitter Malice|p2a: Drednaw
|-damage|p2a: Drednaw|0 fnt
|faint|p2a: Drednaw
|
|upkeep
|c|☆Sasha2808|wat
|c|☆Sasha2808|!dt jaw lock
|raw|<ul class="utilichart"><li class="result"><span class="col movenamecol"><a href="https://dex.radicalred.net/moves/jawlock">Jaw Lock</a></span> <span class="col typecol"><img src="//play.radicalred.net/sprites/types/Fighting.png" alt="Fighting" width="32" height="14"><img src="//play.radicalred.net/sprites/categories/Physical.png" alt="Physical" width="32" height="14"></span> <span class="col labelcol"><em>Power</em><br>90</span> <span class="col widelabelcol"><em>Accuracy</em><br>100%</span> <span class="col pplabelcol"><em>PP</em><br>16</span> <span class="col movedesccol">Prevents the target from switching out.</span> </li><li style="clear:both"></li></ul>
|raw|<font size="1"><font color="#686868">Priority:</font> 0&nbsp;|&ThickSpace;<font color="#686868">Gen:</font> 8&nbsp;|&ThickSpace;&#10003; Contact&nbsp;|&ThickSpace;&#10003; Bite&nbsp;|&ThickSpace;<font color="#686868">Z-Power:</font> 175&nbsp;|&ThickSpace;<font color="#686868">Dynamax Power:</font> 90&nbsp;|&ThickSpace;<font color="#686868">Target:</font> One Adjacent Pokémon</font>

|inactive|Sasha2808 has 90 seconds left.
|
|t:|1667485147
|switch|p2a: Enamorus|Enamorus, F|100/100
|turn|10
|
|t:|1667485150
|move|p1a: Lilligant|Bitter Malice|p2a: Enamorus
|-damage|p2a: Enamorus|9/100
|move|p2a: Enamorus|Fleur Cannon|p1a: Lilligant
|-damage|p1a: Lilligant|0 fnt
|-boost|p2a: Enamorus|spa|2
|replace|p1a: Zoroark|Zoroark-Hisui, M
|-end|p1a: Zoroark|Illusion
|faint|p1a: Zoroark
|
|-sideend|p2: Sasha2808|Reflect
|upkeep
|
|t:|1667485159
|switch|p1a: Ditto|Ditto|100/100
|-transform|p1a: Ditto|p2a: Enamorus|[from] ability: Imposter
|turn|11
|
|t:|1667485178
|move|p1a: Ditto|Fleur Cannon|p2a: Enamorus
|-damage|p2a: Enamorus|0 fnt
|-boost|p1a: Ditto|spa|2
|faint|p2a: Enamorus
|
|upkeep
|
|t:|1667485183
|switch|p2a: Groudon|Groudon|100/100
|detailschange|p2a: Groudon|Groudon-Primal
|-primal|p2a: Groudon
|-weather|DesolateLand|[from] ability: Desolate Land|[of] p2a: Groudon
|turn|12
|
|t:|1667485195
|move|p1a: Ditto|Fleur Cannon|p2a: Groudon
|-resisted|p2a: Groudon
|-crit|p2a: Groudon
|-damage|p2a: Groudon|0 fnt
|-boost|p1a: Ditto|spa|2
|faint|p2a: Groudon
|-weather|none
|
|win|Jahsjdiwkskkx
|raw|Jahsjdiwkskkx's rating: 1000 &rarr; <strong>1065</strong><br />(+65 for winning)
|raw|Sasha2808's rating: 1166 &rarr; <strong>1135</strong><br />(-31 for losing)
|l|☆Jahsjdiwkskkx
