|j|☆Kasu3
|j|☆hinatoise
|t:|1662894739
|gametype|singles
|player|p1|Kasu3|170|
|player|p2|hinatoise|rr-mew|
|teamsize|p1|6
|teamsize|p2|6
|gen|8
|tier|[Gen 8] Ubers
|rule|Sleep Clause Mod: Limit one foe put to sleep
|rule|Species Clause: Limit one of each Pokémon
|rule|OHKO Clause: OHKO moves are banned
|rule|Evasion Moves Clause: Evasion moves are banned
|rule|Endless Battle Clause: Forcing endless battles is banned
|rule|HP Percentage Mod: HP is shown in percentages
|rule|Dynamax Clause: You cannot dynamax
|rule|Mega Rayquaza Clause: You cannot mega evolve Rayquaza
|clearpoke
|poke|p1|Krookodile, F|
|poke|p1|Jynx, F|
|poke|p1|Bastiodon, F|
|poke|p1|Rotom-Fan|
|poke|p1|Porygon2|
|poke|p1|Sneasler, F|
|poke|p2|Enamorus, F|
|poke|p2|Mew|
|poke|p2|Lapras, F|
|poke|p2|Swellow, M|
|poke|p2|Regieleki|
|poke|p2|Decidueye-Hisui, F|
|teampreview
|c|☆Kasu3|GL HF
|c|☆hinatoise|hf
|
|t:|1662894814
|start
|switch|p1a: Seija|Krookodile, F|100/100
|switch|p2a: Gasper|Decidueye-Hisui, F|100/100
|-ability|p1a: Seija|Intimidate|boost
|-unboost|p2a: Gasper|atk|1
|turn|1
|
|t:|1662894823
|switch|p1a: Fan Fan|Rotom-Fan|100/100
|move|p2a: Gasper|U-turn|p1a: Fan Fan
|-resisted|p1a: Fan Fan
|-damage|p1a: Fan Fan|82/100
|
|t:|1662894839
|switch|p2a: Akeno|Regieleki|100/100|[from]move: U-turn
|
|upkeep
|turn|2
|
|t:|1662894861
|switch|p1a: Sumireko|Porygon2, shiny|100/100
|move|p2a: Akeno|Toxic|p1a: Sumireko
|-status|p1a: Sumireko|tox
|
|-damage|p1a: Sumireko|94/100 tox|[from] psn
|upkeep
|turn|3
|
|t:|1662894872
|move|p2a: Akeno|Volt Switch|p1a: Sumireko
|-damage|p1a: Sumireko|69/100 tox
|
|t:|1662894876
|switch|p2a: Issey|Lapras, F, shiny|100/100|[from]move: Volt Switch
|move|p1a: Sumireko|Teleport|p1a: Sumireko
|
|t:|1662894882
|switch|p1a: Yukari|Jynx, F|100/100|[from]move: Teleport
|
|upkeep
|turn|4
|
|t:|1662894890
|detailschange|p2a: Issey|Lapras-Mega, F, shiny
|-mega|p2a: Issey|Lapras|Laprasite
|move|p2a: Issey|Protect|p2a: Issey
|-singleturn|p2a: Issey|Protect
|move|p1a: Yukari|Freeze-Dry|p2a: Issey
|-activate|p2a: Issey|move: Protect
|
|upkeep
|turn|5
|
|t:|1662894947
|switch|p2a: Rias|Mew, shiny|100/100
|move|p1a: Yukari|Freeze-Dry|p2a: Rias
|-damage|p2a: Rias|74/100
|-status|p2a: Rias|frz
|
|-damage|p2a: Rias|68/100 frz|[from] frz
|upkeep
|turn|6
|
|t:|1662894961
|switch|p1a: Sumireko|Porygon2, shiny|69/100 tox
|move|p2a: Rias|Will-O-Wisp||[still]
|-fail|p2a: Rias
|
|-damage|p1a: Sumireko|63/100 tox|[from] psn
|-damage|p2a: Rias|62/100 frz|[from] frz
|upkeep
|turn|7
|
|t:|1662894970
|move|p2a: Rias|Roost|p2a: Rias
|-heal|p2a: Rias|100/100 frz
|-singleturn|p2a: Rias|move: Roost
|move|p1a: Sumireko|Recover|p1a: Sumireko
|-heal|p1a: Sumireko|100/100 tox
|
|-damage|p1a: Sumireko|88/100 tox|[from] psn
|-damage|p2a: Rias|94/100 frz|[from] frz
|upkeep
|turn|8
|
|t:|1662894978
|move|p2a: Rias|Stealth Rock|p1a: Sumireko
|-sidestart|p1: Kasu3|move: Stealth Rock
|move|p1a: Sumireko|Teleport|p1a: Sumireko
|
|t:|1662894981
|switch|p1a: Fan Fan|Rotom-Fan|82/100|[from]move: Teleport
|
|-damage|p2a: Rias|88/100 frz|[from] frz
|upkeep
|turn|9
|
|t:|1662894995
|switch|p2a: Akeno|Regieleki|100/100
|move|p1a: Fan Fan|Defog|p2a: Akeno
|-unboost|p2a: Akeno|evasion|1
|-sideend|p1: Kasu3|Stealth Rock|[from] move: Defog|[of] p1a: Fan Fan
|
|upkeep
|turn|10
|
|t:|1662895019
|switch|p1a: Sumireko|Porygon2, shiny|88/100 tox
|move|p2a: Akeno|Hidden Power|p1a: Sumireko
|-damage|p1a: Sumireko|80/100 tox
|
|-damage|p1a: Sumireko|73/100 tox|[from] psn
|upkeep
|turn|11
|
|t:|1662895028
|move|p2a: Akeno|Volt Switch|p1a: Sumireko
|-damage|p1a: Sumireko|48/100 tox
|
|t:|1662895031
|switch|p2a: Gasper|Decidueye-Hisui, F|100/100|[from]move: Volt Switch
|move|p1a: Sumireko|Teleport|p1a: Sumireko
|
|t:|1662895044
|switch|p1a: Yukari|Jynx, F|100/100|[from]move: Teleport
|
|upkeep
|turn|12
|
|t:|1662895049
|move|p1a: Yukari|Psycho Boost|p2a: Gasper
|-supereffective|p2a: Gasper
|-damage|p2a: Gasper|0 fnt
|-unboost|p1a: Yukari|spa|2
|faint|p2a: Gasper
|
|upkeep
|
|t:|1662895054
|switch|p2a: Xenovia|Swellow, M|100/100
|turn|13
|
|t:|1662895058
|switch|p1a: Yoshika|Bastiodon, F, shiny|100/100
|-ability|p1a: Yoshika|Dauntless Shield|boost
|-boost|p1a: Yoshika|def|1
|move|p2a: Xenovia|Boomburst|p1a: Yoshika
|-resisted|p1a: Yoshika
|-damage|p1a: Yoshika|88/100
|
|-heal|p1a: Yoshika|94/100|[from] item: Leftovers
|upkeep
|turn|14
|
|t:|1662895067
|switch|p2a: Issey|Lapras-Mega, F, shiny|100/100
|move|p1a: Yoshika|Stealth Rock|p2a: Issey
|-sidestart|p2: hinatoise|move: Stealth Rock
|
|-heal|p1a: Yoshika|99/100|[from] item: Leftovers
|upkeep
|turn|15
|
|t:|1662895078
|move|p2a: Issey|Toxic|p1a: Yoshika|[miss]
|-miss|p2a: Issey|p1a: Yoshika
|move|p1a: Yoshika|Metal Burst||[still]
|-fail|p1a: Yoshika
|
|-heal|p1a: Yoshika|100/100|[from] item: Leftovers
|upkeep
|turn|16
|
|t:|1662895093
|move|p2a: Issey|Toxic|p1a: Yoshika
|-immune|p1a: Yoshika
|move|p1a: Yoshika|Body Press|p2a: Issey
|-crit|p2a: Issey
|-damage|p2a: Issey|45/100
|
|upkeep
|turn|17
|
|t:|1662895103
|move|p2a: Issey|Wish|p2a: Issey
|move|p1a: Yoshika|Metal Burst||[still]
|-fail|p1a: Yoshika
|
|upkeep
|turn|18
|
|t:|1662895107
|move|p2a: Issey|Protect|p2a: Issey
|-singleturn|p2a: Issey|Protect
|move|p1a: Yoshika|Body Press|p2a: Issey
|-activate|p2a: Issey|move: Protect
|
|-heal|p2a: Issey|95/100|[from] move: Wish|[wisher] Issey
|upkeep
|turn|19
|
|t:|1662895114
|move|p2a: Issey|Wish|p2a: Issey
|move|p1a: Yoshika|Toxic|p2a: Issey
|-status|p2a: Issey|tox
|
|-damage|p2a: Issey|89/100 tox|[from] psn
|upkeep
|turn|20
|
|t:|1662895120
|move|p2a: Issey|Boomburst|p1a: Yoshika
|-supereffective|p1a: Yoshika
|-damage|p1a: Yoshika|26/100
|move|p1a: Yoshika|Body Press|p2a: Issey
|-damage|p2a: Issey|52/100 tox
|
|-heal|p2a: Issey|100/100 tox|[from] move: Wish|[wisher] Issey
|-heal|p1a: Yoshika|33/100|[from] item: Leftovers
|-damage|p2a: Issey|88/100 tox|[from] psn
|upkeep
|turn|21
|
|t:|1662895134
|switch|p1a: Sumireko|Porygon2, shiny|48/100 tox
|move|p2a: Issey|Toxic|p1a: Sumireko|[miss]
|-miss|p2a: Issey|p1a: Sumireko
|
|-damage|p2a: Issey|70/100 tox|[from] psn
|-damage|p1a: Sumireko|42/100 tox|[from] psn
|upkeep
|turn|22
|
|t:|1662895144
|move|p2a: Issey|Boomburst|p1a: Sumireko
|-damage|p1a: Sumireko|14/100 tox
|move|p1a: Sumireko|Recover|p1a: Sumireko
|-heal|p1a: Sumireko|64/100 tox
|
|-damage|p2a: Issey|46/100 tox|[from] psn
|-damage|p1a: Sumireko|51/100 tox|[from] psn
|upkeep
|turn|23
|
|t:|1662895155
|switch|p2a: Rias|Mew, shiny|88/100 frz
|-damage|p2a: Rias|76/100 frz|[from] Stealth Rock
|move|p1a: Sumireko|Teleport|p1a: Sumireko
|
|t:|1662895160
|switch|p1a: Seija|Krookodile, F|100/100|[from]move: Teleport
|-ability|p1a: Seija|Intimidate|boost
|-unboost|p2a: Rias|atk|1
|
|-damage|p2a: Rias|69/100 frz|[from] frz
|upkeep
|turn|24
|
|t:|1662895175
|switch|p1a: Sumireko|Porygon2, shiny|51/100 tox
|move|p2a: Rias|Will-O-Wisp||[still]
|-fail|p2a: Rias
|
|-damage|p1a: Sumireko|45/100 tox|[from] psn
|-damage|p2a: Rias|63/100 frz|[from] frz
|upkeep
|turn|25
|
|t:|1662895185
|move|p2a: Rias|Roost|p2a: Rias
|-heal|p2a: Rias|100/100 frz
|-singleturn|p2a: Rias|move: Roost
|move|p1a: Sumireko|Recover|p1a: Sumireko
|-heal|p1a: Sumireko|95/100 tox
|
|-damage|p1a: Sumireko|83/100 tox|[from] psn
|-damage|p2a: Rias|94/100 frz|[from] frz
|upkeep
|turn|26
|
|t:|1662895195
|move|p2a: Rias|Stealth Rock|p1a: Sumireko
|-sidestart|p1: Kasu3|move: Stealth Rock
|move|p1a: Sumireko|Teleport|p1a: Sumireko
|
|t:|1662895207
|switch|p1a: Fan Fan|Rotom-Fan|82/100|[from]move: Teleport
|
|-damage|p2a: Rias|88/100 frz|[from] frz
|upkeep
|turn|27
|
|t:|1662895229
|switch|p2a: Akeno|Regieleki|100/100
|-damage|p2a: Akeno|88/100|[from] Stealth Rock
|move|p1a: Fan Fan|Air Slash|p2a: Akeno
|-resisted|p2a: Akeno
|-damage|p2a: Akeno|55/100
|
|upkeep
|turn|28
|
|t:|1662895240
|move|p2a: Akeno|Volt Switch|p1a: Fan Fan
|-ability|p1a: Fan Fan|Motor Drive|boost
|-boost|p1a: Fan Fan|spe|1
|move|p1a: Fan Fan|Discharge|p2a: Akeno
|-resisted|p2a: Akeno
|-damage|p2a: Akeno|18/100
|
|upkeep
|turn|29
|
|t:|1662895247
|move|p2a: Akeno|Hidden Power|p1a: Fan Fan
|-supereffective|p1a: Fan Fan
|-damage|p1a: Fan Fan|36/100
|move|p1a: Fan Fan|Discharge|p2a: Akeno
|-resisted|p2a: Akeno
|-damage|p2a: Akeno|0 fnt
|faint|p2a: Akeno
|
|upkeep
|
|t:|1662895249
|switch|p2a: Ravel|Enamorus, F|100/100
|-damage|p2a: Ravel|76/100|[from] Stealth Rock
|turn|30
|
|t:|1662895257
|move|p1a: Fan Fan|Discharge|p2a: Ravel
|-supereffective|p2a: Ravel
|-damage|p2a: Ravel|0 fnt
|faint|p2a: Ravel
|
|upkeep
|
|t:|1662895273
|switch|p2a: Rias|Mew, shiny|88/100 frz
|-damage|p2a: Rias|76/100 frz|[from] Stealth Rock
|turn|31
|
|t:|1662895278
|move|p1a: Fan Fan|Discharge|p2a: Rias
|-damage|p2a: Rias|43/100 frz
|move|p2a: Rias|Psychic|p1a: Fan Fan
|-damage|p1a: Fan Fan|16/100
|
|-damage|p2a: Rias|37/100 frz|[from] frz
|upkeep
|turn|32
|
|t:|1662895285
|move|p1a: Fan Fan|Discharge|p2a: Rias
|-damage|p2a: Rias|5/100 frz
|move|p2a: Rias|Roost|p2a: Rias
|-heal|p2a: Rias|55/100 frz
|-singleturn|p2a: Rias|move: Roost
|
|-damage|p2a: Rias|49/100 frz|[from] frz
|upkeep
|turn|33
|
|t:|1662895292
|move|p1a: Fan Fan|Air Slash|p2a: Rias
|-damage|p2a: Rias|18/100 frz
|cant|p2a: Rias|flinch
|
|-damage|p2a: Rias|12/100 frz|[from] frz
|upkeep
|turn|34
|c|☆hinatoise|wow
|
|t:|1662895303
|move|p1a: Fan Fan|Discharge|p2a: Rias
|-damage|p2a: Rias|0 fnt
|faint|p2a: Rias
|
|upkeep
|
|t:|1662895305
|switch|p2a: Xenovia|Swellow, M|100/100
|-damage|p2a: Xenovia|76/100|[from] Stealth Rock
|turn|35
|
|t:|1662895310
|move|p2a: Xenovia|Quick Attack|p1a: Fan Fan
|-resisted|p1a: Fan Fan
|-damage|p1a: Fan Fan|8/100
|move|p1a: Fan Fan|Discharge|p2a: Xenovia
|-supereffective|p2a: Xenovia
|-damage|p2a: Xenovia|0 fnt
|faint|p2a: Xenovia
|
|upkeep
|
|t:|1662895313
|switch|p2a: Issey|Lapras-Mega, F, shiny|46/100 tox
|-damage|p2a: Issey|34/100 tox|[from] Stealth Rock
|turn|36
|
|t:|1662895321
|move|p1a: Fan Fan|Discharge|p2a: Issey
|-damage|p2a: Issey|15/100 tox
|move|p2a: Issey|Boomburst|p1a: Fan Fan
|-damage|p1a: Fan Fan|0 fnt
|faint|p1a: Fan Fan
|
|-damage|p2a: Issey|9/100 tox|[from] psn
|upkeep
|
|t:|1662895332
|switch|p1a: Seiga|Sneasler, F|100/100
|-damage|p1a: Seiga|95/100|[from] Stealth Rock
|turn|37
|c|☆hinatoise|hab motor drive leider vergessen und dann kam pech dazu
|
|t:|1662895344
|move|p1a: Seiga|Poison Jab|p2a: Issey
|-damage|p2a: Issey|0 fnt
|faint|p2a: Issey
|-damage|p1a: Seiga|85/100|[from] item: Life Orb
|
|win|Kasu3
|c|☆Kasu3|GG
|c|☆Kasu3|Ja passiert
|c|☆hinatoise|gg auch wenn es unlucky war 
