|j|☆Bug Master DZ
|j|☆TheCounterTeamer
|t:|1666456740
|gametype|singles
|player|p1|Bug Master DZ|rr-beedrillmega|
|player|p2|TheCounterTeamer|thecounterteamer.png|
|teamsize|p1|6
|teamsize|p2|6
|gen|8
|tier|[Gen 8] Ubers
|rule|Sleep Clause Mod: Limit one foe put to sleep
|rule|Species Clause: Limit one of each Pokémon
|rule|OHKO Clause: OHKO moves are banned
|rule|Evasion Moves Clause: Evasion moves are banned
|rule|Endless Battle Clause: Forcing endless battles is banned
|rule|HP Percentage Mod: HP is shown in percentages
|rule|Dynamax Clause: You cannot dynamax
|rule|Mega Rayquaza Clause: You cannot mega evolve Rayquaza
|clearpoke
|poke|p1|Necrozma-Dusk-Mane|
|poke|p1|Darmanitan-Galar, M|
|poke|p1|Enamorus, F|
|poke|p1|Yveltal|
|poke|p1|Calyrex-Shadow|
|poke|p1|Sableye, M|
|poke|p2|Enamorus, F|
|poke|p2|Calyrex-Shadow|
|poke|p2|Yveltal|
|poke|p2|Delphox, M|
|poke|p2|Groudon|
|poke|p2|Necrozma-Dusk-Mane|
|teampreview
|inactive|Battle timer is ON: inactive players will automatically lose when time's up. (requested by Bug Master DZ)
|c|☆TheCounterTeamer|glhf
|j| Orbuznik
|c| Orbuznik|I'm on ur side 
|j| Charchar67
|c| Orbuznik|that's all u need
|inactive|Bug Master DZ has 270 seconds left.
|inactive|TheCounterTeamer has 270 seconds left.
|c|☆Bug Master DZ|someone post this to the discord
|c| Orbuznik|I can
|inactiveoff|Battle timer is now OFF.
|j| Poland1.0
|j| airslashesfolante
|l| Poland1.0
|c|☆Bug Master DZ|alr gl hf
|
|t:|1666456840
|start
|switch|p1a: Yveltal|Yveltal|100/100
|switch|p2a: Sun Lion|Necrozma-Dusk-Mane|100/100
|-ability|p1a: Yveltal|Dark Aura
|turn|1
|j| Razorgliscor472
|c|☆TheCounterTeamer|I 200% lose u2
|
|t:|1666456851
|switch|p2a: Medusa|Enamorus, F|100/100
|move|p1a: Yveltal|Dark Hole|p2a: Medusa
|-resisted|p2a: Medusa
|-damage|p2a: Medusa|52/100
|-status|p2a: Medusa|slp|[from] move: Dark Hole
|
|upkeep
|turn|2
|
|t:|1666456856
|cant|p2a: Medusa|slp
|move|p1a: Yveltal|Dark Hole|p2a: Medusa
|-resisted|p2a: Medusa
|-damage|p2a: Medusa|6/100 slp
|
|upkeep
|turn|3
|c| Orbuznik|good
|c|☆TheCounterTeamer|great start
|
|t:|1666456861
|cant|p2a: Medusa|slp
|move|p1a: Yveltal|Oblivion Wing|p2a: Medusa
|-damage|p2a: Medusa|0 fnt
|faint|p2a: Medusa
|
|upkeep
|c| airslashesfolante|its 2-0 for infestation currently right? 
|
|t:|1666456869
|switch|p2a: Behemoth|Groudon|100/100
|detailschange|p2a: Behemoth|Groudon-Primal
|-primal|p2a: Behemoth
|-weather|DesolateLand|[from] ability: Desolate Land|[of] p2a: Behemoth
|turn|4
|c| Orbuznik|dz is just more skilled
|c|☆Bug Master DZ|ye
|
|t:|1666456875
|move|p1a: Yveltal|Dark Hole|p2a: Behemoth
|-damage|p2a: Behemoth|40/100
|-status|p2a: Behemoth|slp|[from] move: Dark Hole
|cant|p2a: Behemoth|slp
|
|-weather|DesolateLand|[upkeep]
|upkeep
|turn|5
|c|☆Bug Master DZ|nap time
|c|☆TheCounterTeamer|why
|c| Razorgliscor472|Wait dz bouta ice the tour
|c| Razorgliscor472|Damn
|
|t:|1666456884
|-weather|none
|switch|p2a: Horse Girl’s Enemy|Yveltal|100/100
|-ability|p2a: Horse Girl’s Enemy|Dark Aura
|move|p1a: Yveltal|Dark Hole|p2a: Horse Girl’s Enemy
|-resisted|p2a: Horse Girl’s Enemy
|-damage|p2a: Horse Girl’s Enemy|82/100
|
|upkeep
|turn|6
|j| iisacar
|
|t:|1666456890
|switch|p1a: Sableye|Sableye, M|100/100
|move|p2a: Horse Girl’s Enemy|Dark Hole|p1a: Sableye
|-damage|p1a: Sableye|43/100
|
|upkeep
|turn|7
|c| airslashesfolante|**BALANCED**
|c| Orbuznik|does yveltal get u turn
|
|t:|1666456894
|move|p1a: Sableye|Toxic|p2a: Horse Girl’s Enemy
|-hint|Since gen 7, Dark is immune to Prankster moves.
|-immune|p2a: Horse Girl’s Enemy
|move|p2a: Horse Girl’s Enemy|Dark Hole|p1a: Sableye
|-damage|p1a: Sableye|0 fnt
|faint|p1a: Sableye
|
|upkeep
|j| Primal Ace
|c| Orbuznik|lmao
|c| Razorgliscor472|Yes orb
|c|☆TheCounterTeamer|LLLLLLLL
|c|☆Bug Master DZ|i keep forgetting that
|
|t:|1666456907
|switch|p1a: 1 HP my ass|Enamorus, F|100/100
|turn|8
|l| Razorgliscor472
|
|t:|1666456919
|switch|p2a: Sun Lion|Necrozma-Dusk-Mane|100/100
|move|p1a: 1 HP my ass|Fleur Cannon|p2a: Sun Lion
|-resisted|p2a: Sun Lion
|-damage|p2a: Sun Lion|71/100
|-boost|p1a: 1 HP my ass|spa|2
|
|upkeep
|turn|9
|c|☆Bug Master DZ|The name, if you know you know
|j| Coronet077
|
|t:|1666456933
|move|p1a: 1 HP my ass|Earth Power|p2a: Sun Lion
|-enditem|p1a: 1 HP my ass|Ground Gem|[from] gem
|-supereffective|p2a: Sun Lion
|-damage|p2a: Sun Lion|0 fnt
|faint|p2a: Sun Lion
|
|upkeep
|j|@rraykzu
|
|t:|1666456938
|switch|p2a: Horse Girl|Calyrex-Shadow|100/100
|-ability|p2a: Horse Girl|As One
|-ability|p2a: Horse Girl|Unnerve
|turn|10
|c|☆Bug Master DZ|ok good
|c|@rraykzu|uh oh
|c| airslashesfolante|the technique 
|c|☆TheCounterTeamer|wow now I lose
|c| Orbuznik|ubers is so balanced
|c| Primal Ace|oh this is
|c| Primal Ace|rrc
|
|t:|1666456955
|switch|p1a: Yveltal|Yveltal|100/100
|-ability|p1a: Yveltal|Dark Aura
|-zpower|p2a: Horse Girl
|move|p2a: Horse Girl|Never-Ending Nightmare|p1a: Yveltal|[zeffect]
|-resisted|p1a: Yveltal
|-damage|p1a: Yveltal|46/100
|
|upkeep
|turn|11
|c| Orbuznik|indeed
|c| Primal Ace|cmon tct
|c| Orbuznik|zamn
|c| Orbuznik|54%
|c|☆Bug Master DZ|ow
|
|t:|1666456968
|switch|p2a: Horse Girl’s Enemy|Yveltal|82/100
|-ability|p2a: Horse Girl’s Enemy|Dark Aura
|move|p1a: Yveltal|Dark Hole|p2a: Horse Girl’s Enemy
|-resisted|p2a: Horse Girl’s Enemy
|-damage|p2a: Horse Girl’s Enemy|63/100
|
|upkeep
|turn|12
|
|t:|1666456973
|move|p1a: Yveltal|Oblivion Wing|p2a: Horse Girl’s Enemy
|-damage|p2a: Horse Girl’s Enemy|42/100
|-heal|p1a: Yveltal|65/100|[from] drain|[of] p2a: Horse Girl’s Enemy
|move|p2a: Horse Girl’s Enemy|U-turn|p1a: Yveltal
|-damage|p1a: Yveltal|46/100
|
|t:|1666456976
|switch|p2a: Fantastic Fox|Delphox, M|100/100|[from]move: U-turn
|
|upkeep
|turn|13
|
|t:|1666456984
|move|p2a: Fantastic Fox|Mind Blown|p1a: Yveltal
|-damage|p1a: Yveltal|0 fnt
|faint|p1a: Yveltal
|
|upkeep
|
|t:|1666456988
|switch|p1a: Calyrex|Calyrex-Shadow|100/100
|-ability|p1a: Calyrex|As One
|-ability|p1a: Calyrex|Unnerve
|turn|14
|c|☆TheCounterTeamer|0% I win this but we try
|
|t:|1666456994
|move|p1a: Calyrex|Astral Barrage|p2a: Fantastic Fox
|-supereffective|p2a: Fantastic Fox
|-damage|p2a: Fantastic Fox|0 fnt
|faint|p2a: Fantastic Fox
|-ability|p1a: Calyrex|Grim Neigh|boost
|-boost|p1a: Calyrex|spa|1
|
|upkeep
|j| Razorgliscor472
|
|t:|1666456996
|switch|p2a: Horse Girl’s Enemy|Yveltal|42/100
|-ability|p2a: Horse Girl’s Enemy|Dark Aura
|turn|15
|
|t:|1666456998
|move|p1a: Calyrex|Astral Barrage|p2a: Horse Girl’s Enemy
|-resisted|p2a: Horse Girl’s Enemy
|-damage|p2a: Horse Girl’s Enemy|11/100
|move|p2a: Horse Girl’s Enemy|Roost|p2a: Horse Girl’s Enemy
|-heal|p2a: Horse Girl’s Enemy|61/100
|-singleturn|p2a: Horse Girl’s Enemy|move: Roost
|
|upkeep
|turn|16
|
|t:|1666457012
|switch|p1a: Necrozma|Necrozma-Dusk-Mane|100/100
|move|p2a: Horse Girl’s Enemy|Dark Hole|p1a: Necrozma
|-supereffective|p1a: Necrozma
|-crit|p1a: Necrozma
|-damage|p1a: Necrozma|0 fnt
|faint|p1a: Necrozma
|
|upkeep
|
|t:|1666457015
|switch|p1a: 1 HP my ass|Enamorus, F|100/100
|turn|17
|
|t:|1666457019
|switch|p2a: Behemoth|Groudon-Primal|40/100 slp
|-weather|DesolateLand|[from] ability: Desolate Land|[of] p2a: Behemoth
|move|p1a: 1 HP my ass|Fleur Cannon|p2a: Behemoth
|-resisted|p2a: Behemoth
|-damage|p2a: Behemoth|11/100 slp
|-boost|p1a: 1 HP my ass|spa|2
|
|-weather|DesolateLand|[upkeep]
|upkeep
|turn|18
|
|t:|1666457023
|move|p1a: 1 HP my ass|Substitute|p1a: 1 HP my ass
|-start|p1a: 1 HP my ass|Substitute
|-damage|p1a: 1 HP my ass|76/100
|cant|p2a: Behemoth|slp
|
|-weather|DesolateLand|[upkeep]
|upkeep
|turn|19
|
|t:|1666457026
|move|p1a: 1 HP my ass|Fleur Cannon|p2a: Behemoth
|-resisted|p2a: Behemoth
|-damage|p2a: Behemoth|0 fnt
|-boost|p1a: 1 HP my ass|spa|2
|faint|p2a: Behemoth
|-weather|none
|
|upkeep
|
|t:|1666457031
|switch|p2a: Horse Girl|Calyrex-Shadow|100/100
|-ability|p2a: Horse Girl|As One
|-ability|p2a: Horse Girl|Unnerve
|turn|20
|c| Orbuznik|5head
|c| Razorgliscor472|Game
|c| Orbuznik|gg
|c| Razorgliscor472|Welp thats 3-0
|c|☆Bug Master DZ|rip
|c|☆Bug Master DZ|gg
|c|☆TheCounterTeamer|stupid sleep
|c|☆Bug Master DZ|unless...?
|c| Primal Ace|darn
|j| I Eat Golf Tees
|c| Orbuznik|no unlesses
|c|☆Bug Master DZ|Reveal Boomburst Calarex
|c| Razorgliscor472|So its probably gonna be gengars/michael vs infestation
|c| Orbuznik|even if sash gdarm kills
|
|t:|1666457070
|switch|p2a: Horse Girl’s Enemy|Yveltal|61/100
|-ability|p2a: Horse Girl’s Enemy|Dark Aura
|move|p1a: 1 HP my ass|Fleur Cannon|p2a: Horse Girl’s Enemy
|-supereffective|p2a: Horse Girl’s Enemy
|-damage|p2a: Horse Girl’s Enemy|0 fnt
|-boost|p1a: 1 HP my ass|spa|2
|faint|p2a: Horse Girl’s Enemy
|
|upkeep
|
|t:|1666457073
|switch|p2a: Horse Girl|Calyrex-Shadow|100/100
|-ability|p2a: Horse Girl|As One
|-ability|p2a: Horse Girl|Unnerve
|turn|21
|
|t:|1666457075
|move|p2a: Horse Girl|Substitute|p2a: Horse Girl
|-start|p2a: Horse Girl|Substitute
|-damage|p2a: Horse Girl|76/100
|move|p1a: 1 HP my ass|Fleur Cannon|p2a: Horse Girl
|-end|p2a: Horse Girl|Substitute
|
|upkeep
|turn|22
|c| Coronet077|Caly-S gets Boomburst
|
|t:|1666457080
|move|p2a: Horse Girl|Substitute|p2a: Horse Girl
|-start|p2a: Horse Girl|Substitute
|-damage|p2a: Horse Girl|51/100
|move|p1a: 1 HP my ass|Draining Kiss|p2a: Horse Girl
|-end|p2a: Horse Girl|Substitute
|-heal|p1a: 1 HP my ass|98/100|[from] drain|[of] p2a: Horse Girl
|
|upkeep
|turn|23
|c| airslashesfolante|unless calyrex hacks a soul robery 
|
|t:|1666457086
|move|p2a: Horse Girl|Astral Barrage|p1a: 1 HP my ass
|-end|p1a: 1 HP my ass|Substitute
|move|p1a: 1 HP my ass|Draining Kiss|p2a: Horse Girl
|-damage|p2a: Horse Girl|0 fnt
|-heal|p1a: 1 HP my ass|100/100|[from] drain|[of] p2a: Horse Girl
|faint|p2a: Horse Girl
|
|win|Bug Master DZ
|c| Orbuznik|it does?
|l|@rraykzu
|c|☆TheCounterTeamer|I hate dark hole man
|c|☆Bug Master DZ|gg
|c| Primal Ace|bruh
|c|☆TheCounterTeamer|gg
