|inactive|Battle timer is ON: inactive players will automatically lose when time's up.
|t:|1666555794
|gametype|singles
|player|p1|Exiline|#scl2islanders|
|player|p2|Kate|#scl2dynamos|
|teamsize|p1|6
|teamsize|p2|6
|gen|8
|tier|[Gen 8] Ubers
|rule|Sleep Clause Mod: Limit one foe put to sleep
|rule|Species Clause: Limit one of each Pokémon
|rule|OHKO Clause: OHKO moves are banned
|rule|Evasion Items Clause: Evasion items are banned
|rule|Evasion Moves Clause: Evasion moves are banned
|rule|Endless Battle Clause: Forcing endless battles is banned
|rule|HP Percentage Mod: HP is shown in percentages
|rule|Dynamax Clause: You cannot dynamax
|clearpoke
|poke|p1|Shuckle, F|
|poke|p1|Calyrex-Shadow|
|poke|p1|Necrozma-Dusk-Mane|
|poke|p1|Xerneas-*|
|poke|p1|Eternatus|
|poke|p1|Yveltal|
|poke|p2|Yveltal|
|poke|p2|Necrozma-Dusk-Mane|
|poke|p2|Eternatus|
|poke|p2|Kyogre|
|poke|p2|Weavile, M|
|poke|p2|Ferrothorn, F|
|teampreview
|c|+Enzonana|KATE
|raw|<div class="broadcast-red"><strong>Moderated chat was set to ☆!</strong><br />Only users of rank ☆ and higher can talk.</div>
|c|☆Exiline|h_f
|inactive|Kate has 270 seconds left.
|c|☆Kate|Hf
|
|t:|1666555833
|start
|switch|p1a: Shuckle|Shuckle, F|100/100
|switch|p2a: Kyogre|Kyogre|100/100
|-weather|RainDance|[from] ability: Drizzle|[of] p2a: Kyogre
|turn|1
|
|t:|1666555861
|move|p2a: Kyogre|Thunder|p1a: Shuckle
|-damage|p1a: Shuckle|68/100
|-enditem|p1a: Shuckle|Red Card|[of] p2a: Kyogre
|drag|p2a: Weavile|Weavile, M|100/100
|-ability|p2a: Weavile|Pressure
|move|p1a: Shuckle|Sticky Web|p2a: Weavile
|-sidestart|p2: Kate|move: Sticky Web
|
|-weather|RainDance|[upkeep]
|upkeep
|turn|2
|inactive|Kate has 270 seconds left.
|inactive|Kate has 240 seconds left.
|
|t:|1666555915
|switch|p2a: Kyogre|Kyogre|100/100
|-activate|p2a: Kyogre|move: Sticky Web
|-unboost|p2a: Kyogre|spe|1
|move|p1a: Shuckle|Encore||[still]
|-fail|p1a: Shuckle
|
|-weather|RainDance|[upkeep]
|upkeep
|turn|3
|
|t:|1666555920
|move|p2a: Kyogre|Origin Pulse|p1a: Shuckle
|-supereffective|p1a: Shuckle
|-damage|p1a: Shuckle|0 fnt
|faint|p1a: Shuckle
|
|-weather|RainDance|[upkeep]
|upkeep
|inactive|Exiline has 270 seconds left.
|
|t:|1666555948
|switch|p1a: Calyrex|Calyrex-Shadow|100/100
|-ability|p1a: Calyrex|As One
|-ability|p1a: Calyrex|Unnerve
|turn|4
|
|t:|1666555959
|move|p1a: Calyrex|Astral Barrage|p2a: Kyogre
|-damage|p2a: Kyogre|41/100
|move|p2a: Kyogre|Origin Pulse|p1a: Calyrex
|-damage|p1a: Calyrex|0 fnt
|faint|p1a: Calyrex
|
|-weather|RainDance|[upkeep]
|upkeep
|inactive|Exiline has 240 seconds left.
|
|t:|1666556007
|switch|p1a: Yveltal|Yveltal|100/100
|-ability|p1a: Yveltal|Dark Aura
|turn|5
|
|t:|1666556015
|move|p1a: Yveltal|Dark Pulse|p2a: Kyogre
|-damage|p2a: Kyogre|0 fnt
|faint|p2a: Kyogre
|
|-weather|none
|upkeep
|
|t:|1666556028
|switch|p2a: Yveltal|Yveltal|100/100
|-ability|p2a: Yveltal|Dark Aura
|turn|6
|
|t:|1666556031
|move|p1a: Yveltal|Taunt|p2a: Yveltal
|-start|p2a: Yveltal|move: Taunt
|move|p2a: Yveltal|Foul Play|p1a: Yveltal
|-resisted|p1a: Yveltal
|-damage|p1a: Yveltal|75/100
|
|upkeep
|turn|7
|
|t:|1666556035
|move|p1a: Yveltal|Oblivion Wing|p2a: Yveltal
|-damage|p2a: Yveltal|73/100
|-heal|p1a: Yveltal|98/100|[from] drain|[of] p2a: Yveltal
|move|p2a: Yveltal|Body Slam|p1a: Yveltal
|-damage|p1a: Yveltal|73/100
|
|upkeep
|turn|8
|
|t:|1666556039
|move|p1a: Yveltal|Oblivion Wing|p2a: Yveltal
|-damage|p2a: Yveltal|48/100
|-heal|p1a: Yveltal|95/100|[from] drain|[of] p2a: Yveltal
|move|p2a: Yveltal|Body Slam|p1a: Yveltal
|-damage|p1a: Yveltal|69/100
|
|-end|p2a: Yveltal|move: Taunt
|upkeep
|turn|9
|
|t:|1666556041
|move|p1a: Yveltal|Taunt|p2a: Yveltal
|-start|p2a: Yveltal|move: Taunt
|move|p2a: Yveltal|Body Slam|p1a: Yveltal
|-damage|p1a: Yveltal|43/100
|
|upkeep
|turn|10
|
|t:|1666556044
|move|p1a: Yveltal|Oblivion Wing|p2a: Yveltal
|-damage|p2a: Yveltal|25/100
|-heal|p1a: Yveltal|64/100|[from] drain|[of] p2a: Yveltal
|move|p2a: Yveltal|Body Slam|p1a: Yveltal
|-damage|p1a: Yveltal|37/100
|
|upkeep
|turn|11
|
|t:|1666556048
|move|p1a: Yveltal|Oblivion Wing|p2a: Yveltal
|-damage|p2a: Yveltal|0 fnt
|-heal|p1a: Yveltal|59/100|[from] drain|[of] p2a: Yveltal
|faint|p2a: Yveltal
|
|upkeep
|
|t:|1666556050
|switch|p2a: Weavile|Weavile, M|100/100
|-ability|p2a: Weavile|Pressure
|turn|12
|
|t:|1666556055
|move|p2a: Weavile|Triple Axel|p1a: Yveltal|[miss]
|-miss|p2a: Weavile|p1a: Yveltal
|move|p1a: Yveltal|Oblivion Wing|p2a: Weavile
|-damage|p2a: Weavile|38/100
|-heal|p1a: Yveltal|92/100|[from] drain|[of] p2a: Weavile
|
|upkeep
|turn|13
|inactive|Exiline has 270 seconds left.
|inactive|Kate has 270 seconds left.
|
|t:|1666556128
|move|p1a: Yveltal|Sucker Punch|p2a: Weavile
|-resisted|p2a: Weavile
|-damage|p2a: Weavile|0 fnt
|faint|p2a: Weavile
|
|upkeep
|
|t:|1666556137
|switch|p2a: Eternatus|Eternatus|100/100
|-activate|p2a: Eternatus|move: Sticky Web
|-unboost|p2a: Eternatus|spe|1
|-ability|p2a: Eternatus|Pressure
|turn|14
|
|t:|1666556147
|move|p1a: Yveltal|Dark Pulse|p2a: Eternatus
|-damage|p2a: Eternatus|54/100
|cant|p2a: Eternatus|flinch
|
|upkeep
|turn|15
|
|t:|1666556159
|switch|p1a: Necrozma|Necrozma-Dusk-Mane|100/100
|move|p2a: Eternatus|Dragon Tail|p1a: Necrozma
|-resisted|p1a: Necrozma
|-damage|p1a: Necrozma|94/100
|drag|p1a: Yveltal|Yveltal|92/100
|-ability|p1a: Yveltal|Dark Aura
|
|upkeep
|turn|16
|inactive|Exiline has 270 seconds left.
|
|t:|1666556167
|move|p1a: Yveltal|Dark Pulse|p2a: Eternatus
|-damage|p2a: Eternatus|8/100
|cant|p2a: Eternatus|flinch
|
|upkeep
|turn|17
|inactive|Kate has 270 seconds left.
|c|☆Kate|Lol
|
|t:|1666556181
|move|p1a: Yveltal|Oblivion Wing|p2a: Eternatus
|-damage|p2a: Eternatus|0 fnt
|-heal|p1a: Yveltal|98/100|[from] drain|[of] p2a: Eternatus
|faint|p2a: Eternatus
|
|upkeep
|-message|Kate forfeited.
|
|win|Exiline
|c|☆Exiline|g_g
