|inactive|Battle timer is ON: inactive players will automatically lose when time's up.
|t:|1663419199
|gametype|singles
|player|p1|DNNP|lucas|
|player|p2|noobiste|170|
|teamsize|p1|6
|teamsize|p2|6
|gen|8
|tier|[Gen 8] Ubers
|rule|Sleep Clause Mod: Limit one foe put to sleep
|rule|Species Clause: Limit one of each Pokémon
|rule|OHKO Clause: OHKO moves are banned
|rule|Evasion Items Clause: Evasion items are banned
|rule|Evasion Moves Clause: Evasion moves are banned
|rule|Endless Battle Clause: Forcing endless battles is banned
|rule|HP Percentage Mod: HP is shown in percentages
|rule|Dynamax Clause: You cannot dynamax
|clearpoke
|poke|p1|Cloyster, M|
|poke|p1|Yveltal|
|poke|p1|Genesect|
|poke|p1|Excadrill, M|
|poke|p1|Rayquaza|
|poke|p1|Marshadow|
|poke|p2|Rayquaza|
|poke|p2|Aerodactyl, M|
|poke|p2|Whimsicott, M|
|poke|p2|Kyurem-Black|
|poke|p2|Marshadow|
|poke|p2|Dracovish|
|teampreview
|inactive|DNNP also wants the timer to be on.
|c|☆DNNP|hf
|c|☆noobiste|hf
|
|t:|1663419222
|start
|switch|p1a: Excadrill|Excadrill, M|100/100
|switch|p2a: A12|Marshadow|100/100
|-ability|p1a: Excadrill|Mold Breaker
|turn|1
|
|t:|1663419238
|move|p2a: A12|Close Combat|p1a: Excadrill
|-supereffective|p1a: Excadrill
|-enditem|p1a: Excadrill|Focus Sash
|-damage|p1a: Excadrill|1/100
|-unboost|p2a: A12|def|1
|-unboost|p2a: A12|spd|1
|-damage|p2a: A12|91/100|[from] item: Life Orb
|move|p1a: Excadrill|Stealth Rock|p2a: A12
|-sidestart|p2: noobiste|move: Stealth Rock
|
|upkeep
|turn|2
|
|t:|1663419246
|move|p2a: A12|Spectral Thief|p1a: Excadrill
|-damage|p1a: Excadrill|0 fnt
|faint|p1a: Excadrill
|-damage|p2a: A12|81/100|[from] item: Life Orb
|
|upkeep
|
|t:|1663419261
|switch|p1a: Genesect|Genesect, shiny|100/100
|-ability|p1a: Genesect|Download|boost
|-boost|p1a: Genesect|atk|1
|turn|3
|
|t:|1663419275
|move|p2a: A12|Close Combat|p1a: Genesect
|-damage|p1a: Genesect|3/100
|-unboost|p2a: A12|def|1
|-unboost|p2a: A12|spd|1
|-damage|p2a: A12|71/100|[from] item: Life Orb
|move|p1a: Genesect|Iron Head|p2a: A12
|-damage|p2a: A12|0 fnt
|faint|p2a: A12
|-damage|p1a: Genesect|0 fnt|[from] item: Life Orb
|faint|p1a: Genesect
|
|upkeep
|inactive|DNNP has 270 seconds left.
|
|t:|1663419304
|switch|p2a: B10|Aerodactyl, M|100/100
|switch|p1a: Cloyster|Cloyster, M|100/100
|-ability|p2a: B10|Unnerve
|-damage|p2a: B10|76/100|[from] Stealth Rock
|turn|4
|inactive|DNNP has 270 seconds left.
|
|t:|1663419319
|move|p2a: B10|Tailwind|p2a: B10
|-sidestart|p2: noobiste|move: Tailwind
|move|p1a: Cloyster|Icicle Spear|p2a: B10
|-supereffective|p2a: B10
|-damage|p2a: B10|44/100
|-supereffective|p2a: B10
|-crit|p2a: B10
|-damage|p2a: B10|0 fnt
|faint|p2a: B10
|-hitcount|p2: B10|2
|
|upkeep
|inactive|noobiste has 270 seconds left.
|inactive|noobiste has 240 seconds left.
|
|t:|1663419366
|switch|p2a: C-3|Kyurem-Black|100/100
|-damage|p2a: C-3|76/100|[from] Stealth Rock
|-ability|p2a: C-3|Teravolt
|turn|5
|
|t:|1663419369
|move|p2a: C-3|Fusion Bolt|p1a: Cloyster
|-supereffective|p1a: Cloyster
|-damage|p1a: Cloyster|18/100
|move|p1a: Cloyster|Icicle Spear|p2a: C-3
|-damage|p2a: C-3|66/100
|-damage|p2a: C-3|58/100
|-damage|p2a: C-3|48/100
|-hitcount|p2a: C-3|3
|
|upkeep
|turn|6
|c|☆noobiste|not skill link ?
|inactive|noobiste has 240 seconds left.
|c|☆DNNP|yeah...
|c|☆DNNP|oops
|
|t:|1663419405
|move|p1a: Cloyster|Ice Shard|p2a: C-3
|-damage|p2a: C-3|34/100
|move|p2a: C-3|Fusion Bolt|p1a: Cloyster
|-supereffective|p1a: Cloyster
|-damage|p1a: Cloyster|0 fnt
|faint|p1a: Cloyster
|
|upkeep
|
|t:|1663419417
|switch|p1a: Marshadow|Marshadow|100/100
|turn|7
|
|t:|1663419426
|move|p2a: C-3|Icicle Spear|p1a: Marshadow
|-damage|p1a: Marshadow|76/100
|-damage|p1a: Marshadow|53/100
|-damage|p1a: Marshadow|30/100
|-damage|p1a: Marshadow|6/100
|-damage|p1a: Marshadow|0 fnt
|faint|p1a: Marshadow
|-hitcount|p1: Marshadow|5
|
|-sideend|p2: noobiste|move: Tailwind
|upkeep
|
|t:|1663419433
|switch|p1a: Rayquaza|Rayquaza|100/100
|-ability|p1a: Rayquaza|Air Lock
|turn|8
|
|t:|1663419443
|move|p1a: Rayquaza|Scale Shot|p2a: C-3|[miss]
|-miss|p1a: Rayquaza|p2a: C-3
|move|p2a: C-3|Icicle Spear|p1a: Rayquaza
|-supereffective|p1a: Rayquaza
|-damage|p1a: Rayquaza|28/100
|-supereffective|p1a: Rayquaza
|-damage|p1a: Rayquaza|0 fnt
|faint|p1a: Rayquaza
|-hitcount|p1: Rayquaza|2
|
|upkeep
|
|t:|1663419444
|switch|p1a: Yveltal|Yveltal|100/100
|-ability|p1a: Yveltal|Dark Aura
|turn|9
|
|t:|1663419453
|move|p1a: Yveltal|Knock Off|p2a: C-3
|-damage|p2a: C-3|0 fnt
|-enditem|p2a: C-3|Haban Berry|[from] move: Knock Off|[of] p1a: Yveltal
|faint|p2a: C-3
|-damage|p1a: Yveltal|91/100|[from] item: Life Orb
|
|upkeep
|
|t:|1663419470
|switch|p2a: 1|Whimsicott, M|100/100
|-damage|p2a: 1|88/100|[from] Stealth Rock
|turn|10
|
|t:|1663419480
|move|p2a: 1|Tailwind|p2a: 1
|-sidestart|p2: noobiste|move: Tailwind
|move|p1a: Yveltal|Oblivion Wing|p2a: 1
|-supereffective|p2a: 1
|-damage|p2a: 1|0 fnt
|-heal|p1a: Yveltal|100/100|[from] drain|[of] p2a: 1
|faint|p2a: 1
|-damage|p1a: Yveltal|91/100|[from] item: Life Orb
|
|upkeep
|
|t:|1663419489
|switch|p2a: 10|Dracovish|100/100
|-damage|p2a: 10|88/100|[from] Stealth Rock
|turn|11
|
|t:|1663419496
|move|p1a: Yveltal|Sucker Punch|p2a: 10
|-damage|p2a: 10|25/100
|-damage|p1a: Yveltal|81/100|[from] item: Life Orb
|move|p2a: 10|Fishious Rend|p1a: Yveltal
|-damage|p1a: Yveltal|0 fnt
|faint|p1a: Yveltal
|
|win|noobiste
|c|☆DNNP|gg
|c|☆noobiste|ggg
