|inactive|Battle timer is ON: inactive players will automatically lose when time's up.
|t:|1653807941
|gametype|singles
|player|p1|King Billu|rood|
|player|p2|baconeatinassassin|iris-gen5bw2|
|teamsize|p1|6
|teamsize|p2|6
|gen|8
|tier|[Gen 8] Ubers
|rule|Sleep Clause Mod: Limit one foe put to sleep
|rule|Species Clause: Limit one of each Pokémon
|rule|OHKO Clause: OHKO moves are banned
|rule|Evasion Moves Clause: Evasion moves are banned
|rule|Endless Battle Clause: Forcing endless battles is banned
|rule|HP Percentage Mod: HP is shown in percentages
|rule|Dynamax Clause: You cannot dynamax
|clearpoke
|poke|p1|Yveltal|
|poke|p1|Marshadow|
|poke|p1|Groudon|
|poke|p1|Eternatus|
|poke|p1|Necrozma-Dusk-Mane|
|poke|p1|Darmanitan-Galar, F|
|poke|p2|Landorus-Therian, M|
|poke|p2|Necrozma-Dusk-Mane|
|poke|p2|Ho-Oh|
|poke|p2|Kyogre|
|poke|p2|Yveltal|
|poke|p2|Eternatus|
|teampreview
|c|☆baconeatinassassin|hf
|c|☆King Billu|u2
|inactive|King Billu has 270 seconds left.
|inactive|baconeatinassassin has 270 seconds left.
|inactive|King Billu has 240 seconds left.
|inactive|baconeatinassassin has 240 seconds left.
|
|t:|1653808015
|start
|switch|p1a: Darmanitan|Darmanitan-Galar, F|100/100
|switch|p2a: Yveltal|Yveltal|100/100
|-ability|p2a: Yveltal|Dark Aura
|turn|1
|
|t:|1653808037
|move|p2a: Yveltal|Foul Play|p1a: Darmanitan
|-damage|p1a: Darmanitan|0 fnt
|faint|p1a: Darmanitan
|
|upkeep
|inactive|King Billu has 270 seconds left.
|
|t:|1653808057
|switch|p1a: Eternatus|Eternatus|100/100
|-ability|p1a: Eternatus|Pressure
|turn|2
|inactive|King Billu has 270 seconds left.
|
|t:|1653808083
|switch|p2a: Necrozma|Necrozma-Dusk-Mane|100/100
|switch|p1a: Groudon|Groudon|100/100
|-weather|SunnyDay|[from] ability: Drought|[of] p1a: Groudon
|
|-weather|SunnyDay|[upkeep]
|upkeep
|turn|3
|
|t:|1653808092
|switch|p2a: Landorus|Landorus-Therian, M|100/100
|-ability|p2a: Landorus|Intimidate|boost
|-unboost|p1a: Groudon|atk|1
|move|p1a: Groudon|Stealth Rock|p2a: Landorus
|-sidestart|p2: baconeatinassassin|move: Stealth Rock
|
|-weather|SunnyDay|[upkeep]
|upkeep
|turn|4
|inactive|King Billu has 240 seconds left.
|inactive|baconeatinassassin has 270 seconds left.
|
|t:|1653808139
|switch|p1a: Yveltal|Yveltal|100/100
|-ability|p1a: Yveltal|Dark Aura
|move|p2a: Landorus|Toxic|p1a: Yveltal
|-status|p1a: Yveltal|tox
|
|-weather|SunnyDay|[upkeep]
|-damage|p1a: Yveltal|94/100 tox|[from] psn
|upkeep
|turn|5
|inactive|baconeatinassassin has 240 seconds left.
|inactive|baconeatinassassin has 210 seconds left.
|
|t:|1653808209
|move|p1a: Yveltal|Knock Off|p2a: Landorus
|-damage|p2a: Landorus|63/100
|-enditem|p2a: Landorus|Leftovers|[from] move: Knock Off|[of] p1a: Yveltal
|move|p2a: Landorus|U-turn|p1a: Yveltal
|-damage|p1a: Yveltal|74/100 tox
|
|t:|1653808227
|switch|p2a: Eternatus|Eternatus|100/100|[from]move: U-turn
|-damage|p2a: Eternatus|88/100|[from] Stealth Rock
|-ability|p2a: Eternatus|Pressure
|
|-weather|SunnyDay|[upkeep]
|-damage|p1a: Yveltal|62/100 tox|[from] psn
|upkeep
|turn|6
|inactive|King Billu has 240 seconds left.
|
|t:|1653808256
|switch|p1a: Groudon|Groudon|100/100
|move|p2a: Eternatus|Dragon Pulse|p1a: Groudon
|-damage|p1a: Groudon|66/100
|
|-weather|none
|-heal|p1a: Groudon|72/100|[from] item: Leftovers
|upkeep
|turn|7
|inactive|baconeatinassassin has 180 seconds left.
|
|t:|1653808277
|switch|p2a: Landorus|Landorus-Therian, M|63/100
|-damage|p2a: Landorus|51/100|[from] Stealth Rock
|-ability|p2a: Landorus|Intimidate|boost
|-unboost|p1a: Groudon|atk|1
|move|p1a: Groudon|Swords Dance|p1a: Groudon
|-boost|p1a: Groudon|atk|2
|
|-heal|p1a: Groudon|78/100|[from] item: Leftovers
|upkeep
|turn|8
|inactive|baconeatinassassin has 180 seconds left.
|inactive|baconeatinassassin has 150 seconds left.
|
|t:|1653808317
|move|p1a: Groudon|Stone Edge|p2a: Landorus
|-crit|p2a: Landorus
|-damage|p2a: Landorus|0 fnt
|faint|p2a: Landorus
|
|-heal|p1a: Groudon|85/100|[from] item: Leftovers
|upkeep
|
|t:|1653808320
|switch|p2a: Kyogre|Kyogre|100/100
|-damage|p2a: Kyogre|88/100|[from] Stealth Rock
|-weather|RainDance|[from] ability: Drizzle|[of] p2a: Kyogre
|turn|9
|inactive|King Billu has 240 seconds left.
|
|t:|1653808328
|switch|p1a: Eternatus|Eternatus|100/100
|-ability|p1a: Eternatus|Pressure
|move|p2a: Kyogre|Ice Beam|p1a: Eternatus
|-supereffective|p1a: Eternatus
|-damage|p1a: Eternatus|33/100
|
|-weather|RainDance|[upkeep]
|upkeep
|turn|10
|inactive|King Billu has 240 seconds left.
|inactive|baconeatinassassin has 150 seconds left.
|
|t:|1653808354
|switch|p1a: Necrozma|Necrozma-Dusk-Mane|100/100
|switch|p2a: Necrozma|Necrozma-Dusk-Mane|100/100
|-damage|p2a: Necrozma|94/100|[from] Stealth Rock
|
|-weather|RainDance|[upkeep]
|-heal|p2a: Necrozma|100/100|[from] item: Leftovers
|upkeep
|turn|11
|inactive|King Billu has 240 seconds left.
|
|t:|1653808365
|switch|p1a: Groudon|Groudon|85/100
|-weather|SunnyDay|[from] ability: Drought|[of] p1a: Groudon
|switch|p2a: Ho-Oh|Ho-Oh, shiny|100/100
|
|-weather|SunnyDay|[upkeep]
|-heal|p1a: Groudon|91/100|[from] item: Leftovers
|upkeep
|turn|12
|inactive|King Billu has 240 seconds left.
|inactive|baconeatinassassin has 150 seconds left.
|inactive|baconeatinassassin has 120 seconds left.
|inactive|King Billu has 210 seconds left.
|inactive|baconeatinassassin has 90 seconds left.
|inactive|baconeatinassassin has 60 seconds left.
|
|t:|1653808472
|switch|p2a: Necrozma|Necrozma-Dusk-Mane|100/100
|-damage|p2a: Necrozma|94/100|[from] Stealth Rock
|move|p1a: Groudon|Stone Edge|p2a: Necrozma
|-resisted|p2a: Necrozma
|-damage|p2a: Necrozma|83/100
|
|-weather|SunnyDay|[upkeep]
|-heal|p1a: Groudon|97/100|[from] item: Leftovers
|-heal|p2a: Necrozma|89/100|[from] item: Leftovers
|upkeep
|turn|13
|
|t:|1653808479
|move|p1a: Groudon|Precipice Blades|p2a: Necrozma
|-supereffective|p2a: Necrozma
|-damage|p2a: Necrozma|17/100
|move|p2a: Necrozma|Knock Off|p1a: Groudon
|-damage|p1a: Groudon|77/100
|-enditem|p1a: Groudon|Leftovers|[from] move: Knock Off|[of] p2a: Necrozma
|
|-weather|SunnyDay|[upkeep]
|-heal|p2a: Necrozma|23/100|[from] item: Leftovers
|upkeep
|turn|14
|
|t:|1653808491
|move|p1a: Groudon|Precipice Blades|p2a: Necrozma
|-supereffective|p2a: Necrozma
|-damage|p2a: Necrozma|0 fnt
|faint|p2a: Necrozma
|
|-weather|SunnyDay|[upkeep]
|upkeep
|
|t:|1653808493
|switch|p2a: Kyogre|Kyogre|88/100
|-damage|p2a: Kyogre|76/100|[from] Stealth Rock
|-weather|RainDance|[from] ability: Drizzle|[of] p2a: Kyogre
|turn|15
|inactive|King Billu has 210 seconds left.
|inactive|baconeatinassassin has 60 seconds left.
|inactive|King Billu has 180 seconds left.
|inactive|King Billu has 150 seconds left.
|inactive|King Billu has 120 seconds left.
|inactive|King Billu has 90 seconds left.
|
|t:|1653808644
|switch|p1a: Eternatus|Eternatus|33/100
|-ability|p1a: Eternatus|Pressure
|move|p2a: Kyogre|Origin Pulse|p1a: Eternatus
|-resisted|p1a: Eternatus
|-crit|p1a: Eternatus
|-damage|p1a: Eternatus|0 fnt
|faint|p1a: Eternatus
|
|-weather|RainDance|[upkeep]
|upkeep
|inactive|King Billu has 60 seconds left.
|
|t:|1653808680
|switch|p1a: Marshadow|Marshadow|100/100
|turn|16
|inactive|King Billu has 60 seconds left.
|inactive|baconeatinassassin has 30 seconds left.
|inactive|baconeatinassassin has 20 seconds left.
|inactive|baconeatinassassin has 15 seconds left.
|
|t:|1653808716
|switch|p1a: Groudon|Groudon|77/100
|-weather|SunnyDay|[from] ability: Drought|[of] p1a: Groudon
|switch|p2a: Ho-Oh|Ho-Oh, shiny|100/100
|
|-weather|SunnyDay|[upkeep]
|upkeep
|turn|17
|inactive|baconeatinassassin has 25 seconds left this turn.
|inactive|baconeatinassassin has 20 seconds left.
|inactive|King Billu has 60 seconds left.
|
|t:|1653808733
|switch|p2a: Kyogre|Kyogre|76/100
|-damage|p2a: Kyogre|64/100|[from] Stealth Rock
|-weather|RainDance|[from] ability: Drizzle|[of] p2a: Kyogre
|move|p1a: Groudon|Stone Edge|p2a: Kyogre
|-damage|p2a: Kyogre|25/100
|
|-weather|RainDance|[upkeep]
|upkeep
|turn|18
|inactive|baconeatinassassin has 30 seconds left this turn.
|inactive|King Billu has 60 seconds left.
|
|t:|1653808752
|switch|p1a: Yveltal|Yveltal|62/100 tox
|-ability|p1a: Yveltal|Dark Aura
|move|p2a: Kyogre|Origin Pulse|p1a: Yveltal
|-damage|p1a: Yveltal|0 fnt
|faint|p1a: Yveltal
|
|-weather|RainDance|[upkeep]
|upkeep
|
|t:|1653808765
|switch|p1a: Marshadow|Marshadow|100/100
|turn|19
|inactive|baconeatinassassin has 30 seconds left.
|inactive|baconeatinassassin has 20 seconds left.
|
|t:|1653808794
|move|p1a: Marshadow|Spectral Thief|p2a: Kyogre
|-damage|p2a: Kyogre|0 fnt
|faint|p2a: Kyogre
|-damage|p1a: Marshadow|91/100|[from] item: Life Orb
|
|-weather|RainDance|[upkeep]
|upkeep
|inactive|baconeatinassassin has 25 seconds left this turn.
|inactive|baconeatinassassin has 20 seconds left.
|
|t:|1653808801
|switch|p2a: Ho-Oh|Ho-Oh, shiny|100/100
|turn|20
|inactive|baconeatinassassin has 30 seconds left this turn.
|inactive|King Billu has 60 seconds left.
|inactive|King Billu has 30 seconds left.
|
|t:|1653808842
|move|p1a: Marshadow|Bulk Up|p1a: Marshadow
|-boost|p1a: Marshadow|atk|1
|-boost|p1a: Marshadow|def|1
|move|p2a: Ho-Oh|Brave Bird|p1a: Marshadow
|-supereffective|p1a: Marshadow
|-damage|p1a: Marshadow|8/100
|-damage|p2a: Ho-Oh|80/100|[from] Recoil
|
|-weather|RainDance|[upkeep]
|upkeep
|turn|21
|inactive|King Billu has 30 seconds left.
|inactive|baconeatinassassin has 30 seconds left.
|inactive|baconeatinassassin has 20 seconds left.
|
|t:|1653808857
|move|p1a: Marshadow|Spectral Thief|p2a: Ho-Oh
|-damage|p2a: Ho-Oh|6/100
|-damage|p1a: Marshadow|0 fnt|[from] item: Life Orb
|faint|p1a: Marshadow
|move|p2a: Ho-Oh|Sacred Fire|p1: Marshadow|[notarget]
|-fail|p2a: Ho-Oh
|
|-weather|none
|upkeep
|inactive|baconeatinassassin has 25 seconds left this turn.
|inactive|King Billu has 30 seconds left.
|inactive|King Billu has 20 seconds left.
|inactive|King Billu has 15 seconds left.
|inactive|King Billu has 10 seconds left.
|
|t:|1653808884
|switch|p1a: Necrozma|Necrozma-Dusk-Mane|100/100
|turn|22
|inactive|King Billu has 20 seconds left this turn.
|c|+BasedWhat? ♪|timer
|
|t:|1653808888
|move|p1a: Necrozma|Dragon Dance|p1a: Necrozma
|-boost|p1a: Necrozma|atk|1
|-boost|p1a: Necrozma|spe|1
|move|p2a: Ho-Oh|Sacred Fire|p1a: Necrozma
|-supereffective|p1a: Necrozma
|-damage|p1a: Necrozma|54/100
|-status|p1a: Necrozma|brn
|
|-damage|p1a: Necrozma|48/100 brn|[from] brn
|upkeep
|turn|23
|inactive|King Billu has 30 seconds left this turn.
|
|t:|1653808898
|switch|p2a: Yveltal|Yveltal|100/100
|-damage|p2a: Yveltal|76/100|[from] Stealth Rock
|-ability|p2a: Yveltal|Dark Aura
|move|p1a: Necrozma|Moonlight|p1a: Necrozma
|-heal|p1a: Necrozma|98/100 brn
|
|-damage|p1a: Necrozma|92/100 brn|[from] brn
|upkeep
|turn|24
|inactive|King Billu has 30 seconds left.
|inactive|King Billu has 20 seconds left.
|inactive|King Billu has 15 seconds left.
|inactive|King Billu has 10 seconds left.
|
|t:|1653808925
|move|p2a: Yveltal|Foul Play|p1a: Necrozma
|-supereffective|p1a: Necrozma
|-enditem|p1a: Necrozma|Colbur Berry|[eat]
|-enditem|p1a: Necrozma|Colbur Berry|[weaken]
|-damage|p1a: Necrozma|40/100 brn
|move|p1a: Necrozma|Sunsteel Strike|p2a: Yveltal
|-damage|p2a: Yveltal|41/100
|
|-damage|p1a: Necrozma|34/100 brn|[from] brn
|upkeep
|turn|25
|inactive|King Billu has 20 seconds left this turn.
|inactive|King Billu has 15 seconds left.
|inactive|King Billu has 10 seconds left.
|
|t:|1653808937
|move|p2a: Yveltal|Foul Play|p1a: Necrozma
|-supereffective|p1a: Necrozma
|-damage|p1a: Necrozma|0 fnt
|faint|p1a: Necrozma
|
|upkeep
|inactive|King Billu has 15 seconds left this turn.
|
|t:|1653808938
|switch|p1a: Groudon|Groudon|77/100
|-weather|SunnyDay|[from] ability: Drought|[of] p1a: Groudon
|turn|26
|inactive|King Billu has 25 seconds left this turn.
|inactive|King Billu has 20 seconds left.
|
|t:|1653808944
|move|p2a: Yveltal|Foul Play|p1a: Groudon
|-damage|p1a: Groudon|37/100
|move|p1a: Groudon|Stone Edge|p2a: Yveltal
|-supereffective|p2a: Yveltal
|-damage|p2a: Yveltal|0 fnt
|faint|p2a: Yveltal
|
|-weather|SunnyDay|[upkeep]
|upkeep
|inactive|King Billu has 25 seconds left this turn.
|inactive|baconeatinassassin has 60 seconds left.
|inactive|baconeatinassassin has 30 seconds left.
|inactive|baconeatinassassin has 20 seconds left.
|inactive|baconeatinassassin has 15 seconds left.
|
|t:|1653809011
|switch|p2a: Eternatus|Eternatus|88/100
|-damage|p2a: Eternatus|76/100|[from] Stealth Rock
|-ability|p2a: Eternatus|Pressure
|turn|27
|inactive|baconeatinassassin has 25 seconds left this turn.
|inactive|baconeatinassassin has 20 seconds left.
|inactive|baconeatinassassin has 15 seconds left.
|inactive|baconeatinassassin has 10 seconds left.
|
|t:|1653809026
|move|p2a: Eternatus|Cosmic Power|p2a: Eternatus
|-boost|p2a: Eternatus|def|1
|-boost|p2a: Eternatus|spd|1
|move|p1a: Groudon|Precipice Blades|p2a: Eternatus
|-supereffective|p2a: Eternatus
|-damage|p2a: Eternatus|11/100
|
|-weather|SunnyDay|[upkeep]
|upkeep
|turn|28
|inactive|baconeatinassassin has 20 seconds left this turn.
|inactive|baconeatinassassin has 15 seconds left.
|inactive|baconeatinassassin has 10 seconds left.
|
|t:|1653809038
|move|p2a: Eternatus|Dragon Pulse|p1a: Groudon
|-damage|p1a: Groudon|0 fnt
|faint|p1a: Groudon
|
|win|baconeatinassassin
|inactive|baconeatinassassin has 15 seconds left this turn.
|c|☆King Billu|gg
|c|☆baconeatinassassin|gg
