|inactive|Battle timer is ON: inactive players will automatically lose when time's up.
|t:|1665913341
|gametype|singles
|player|p1|Aberforth|#aberforth|
|player|p2|Malekith|#scl2machines|
|teamsize|p1|6
|teamsize|p2|6
|gen|8
|tier|[Gen 8] Ubers
|rule|Sleep Clause Mod: Limit one foe put to sleep
|rule|Species Clause: Limit one of each Pokémon
|rule|OHKO Clause: OHKO moves are banned
|rule|Evasion Items Clause: Evasion items are banned
|rule|Evasion Moves Clause: Evasion moves are banned
|rule|Endless Battle Clause: Forcing endless battles is banned
|rule|HP Percentage Mod: HP is shown in percentages
|rule|Dynamax Clause: You cannot dynamax
|clearpoke
|poke|p1|Marshadow|
|poke|p1|Yveltal|
|poke|p1|Eternatus|
|poke|p1|Necrozma-Dusk-Mane|
|poke|p1|Calyrex-Shadow|
|poke|p1|Landorus-Therian, M|
|poke|p2|Kyogre|
|poke|p2|Xerneas-*|
|poke|p2|Porygon2|
|poke|p2|Hatterene, F|
|poke|p2|Dracovish|
|poke|p2|Calyrex-Ice|
|teampreview
|c|☆Malekith|hf
|c|☆Aberforth|u2
|inactive|Aberforth has 270 seconds left.
|inactive|Malekith has 270 seconds left.
|
|t:|1665913389
|start
|switch|p1a: Calyrex|Calyrex-Shadow|100/100
|switch|p2a: Hatterene|Hatterene, F, shiny|100/100
|-ability|p1a: Calyrex|As One
|-ability|p1a: Calyrex|Unnerve
|turn|1
|
|t:|1665913398
|move|p1a: Calyrex|Trick|p2a: Hatterene
|-activate|p1a: Calyrex|move: Trick|[of] p2a: Hatterene
|-item|p2a: Hatterene|Choice Specs|[from] move: Trick
|-item|p1a: Calyrex|Focus Sash|[from] move: Trick
|move|p2a: Hatterene|Trick Room|p2a: Hatterene
|-fieldstart|move: Trick Room|[of] p2a: Hatterene
|
|upkeep
|turn|2
|inactive|Malekith has 270 seconds left.
|
|t:|1665913437
|switch|p2a: Porygon2|Porygon2|100/100
|switch|p1a: Marshadow|Marshadow|100/100
|-ability|p2a: Porygon2|Technician|[from] ability: Trace|[of] p1a: Marshadow
|
|upkeep
|turn|3
|inactive|Malekith has 270 seconds left.
|
|t:|1665913452
|switch|p2a: Hatterene|Hatterene, F, shiny|100/100
|move|p1a: Marshadow|Low Kick|p2a: Hatterene
|-resisted|p2a: Hatterene
|-damage|p2a: Hatterene|97/100
|-damage|p1a: Marshadow|91/100|[from] item: Life Orb
|
|upkeep
|turn|4
|
|t:|1665913462
|switch|p1a: Eternatus|Eternatus|100/100
|-ability|p1a: Eternatus|Pressure
|move|p2a: Hatterene|Healing Wish|p2a: Hatterene
|faint|p2a: Hatterene
|
|upkeep
|
|t:|1665913468
|switch|p2a: Calyrex|Calyrex-Ice|100/100
|-ability|p2a: Calyrex|As One
|-ability|p2a: Calyrex|Unnerve
|turn|5
|
|t:|1665913477
|switch|p1a: Calyrex|Calyrex-Shadow|100/100
|-ability|p1a: Calyrex|As One
|-ability|p1a: Calyrex|Unnerve
|move|p2a: Calyrex|Swords Dance|p2a: Calyrex
|-boost|p2a: Calyrex|atk|2
|
|-fieldend|move: Trick Room
|upkeep
|turn|6
|
|t:|1665913495
|switch|p2a: Porygon2|Porygon2|100/100
|move|p1a: Calyrex|Astral Barrage|p2a: Porygon2
|-immune|p2a: Porygon2
|
|upkeep
|turn|7
|
|t:|1665913500
|switch|p1a: Necrozma|Necrozma-Dusk-Mane|100/100
|-ability|p2a: Porygon2|Prism Armor|[from] ability: Trace|[of] p1a: Necrozma
|move|p2a: Porygon2|Trick Room|p2a: Porygon2
|-fieldstart|move: Trick Room|[of] p2a: Porygon2
|
|upkeep
|turn|8
|
|t:|1665913506
|switch|p2a: Kyogre|Kyogre|100/100
|-weather|RainDance|[from] ability: Drizzle|[of] p2a: Kyogre
|move|p1a: Necrozma|Stealth Rock|p2a: Kyogre
|-sidestart|p2: Malekith|move: Stealth Rock
|
|-weather|RainDance|[upkeep]
|upkeep
|turn|9
|
|t:|1665913530
|switch|p1a: Landorus|Landorus-Therian, M|100/100
|-ability|p1a: Landorus|Intimidate|boost
|-unboost|p2a: Kyogre|atk|1
|move|p2a: Kyogre|Water Spout|p1a: Landorus
|-supereffective|p1a: Landorus
|-damage|p1a: Landorus|0 fnt
|faint|p1a: Landorus
|
|-weather|RainDance|[upkeep]
|upkeep
|
|t:|1665913532
|switch|p1a: Eternatus|Eternatus|100/100
|-ability|p1a: Eternatus|Pressure
|turn|10
|
|t:|1665913535
|move|p2a: Kyogre|Water Spout|p1a: Eternatus
|-resisted|p1a: Eternatus
|-damage|p1a: Eternatus|34/100
|move|p1a: Eternatus|Recover|p1a: Eternatus
|-heal|p1a: Eternatus|84/100
|
|-weather|RainDance|[upkeep]
|upkeep
|turn|11
|
|t:|1665913551
|move|p2a: Kyogre|Water Spout|p1a: Eternatus
|-resisted|p1a: Eternatus
|-damage|p1a: Eternatus|7/100
|move|p1a: Eternatus|Dragon Tail|p2a: Kyogre
|-damage|p2a: Kyogre|85/100
|drag|p2a: Dracovish|Dracovish, shiny|100/100
|-damage|p2a: Dracovish|88/100|[from] Stealth Rock
|
|-weather|RainDance|[upkeep]
|-fieldend|move: Trick Room
|upkeep
|turn|12
|
|t:|1665913581
|switch|p2a: Porygon2|Porygon2|100/100
|-damage|p2a: Porygon2|88/100|[from] Stealth Rock
|-ability|p2a: Porygon2|Pressure|[from] ability: Trace|[of] p1a: Eternatus
|-ability|p2a: Porygon2|Pressure
|move|p1a: Eternatus|Recover|p1a: Eternatus
|-heal|p1a: Eternatus|57/100
|
|-weather|none
|upkeep
|turn|13
|
|t:|1665913589
|move|p2a: Porygon2|Ice Beam|p1a: Eternatus
|-supereffective|p1a: Eternatus
|-damage|p1a: Eternatus|26/100
|move|p1a: Eternatus|Dragon Tail|p2a: Porygon2
|-damage|p2a: Porygon2|81/100
|drag|p2a: Kyogre|Kyogre|85/100
|-heal|p2a: Kyogre|100/100|[from] move: Healing Wish
|-damage|p2a: Kyogre|88/100|[from] Stealth Rock
|-weather|RainDance|[from] ability: Drizzle|[of] p2a: Kyogre
|
|-weather|RainDance|[upkeep]
|upkeep
|turn|14
|
|t:|1665913599
|switch|p1a: Yveltal|Yveltal|100/100
|-ability|p1a: Yveltal|Dark Aura
|move|p2a: Kyogre|Origin Pulse|p1a: Yveltal
|-damage|p1a: Yveltal|0 fnt
|faint|p1a: Yveltal
|
|-weather|RainDance|[upkeep]
|upkeep
|
|t:|1665913608
|switch|p1a: Eternatus|Eternatus|26/100
|-ability|p1a: Eternatus|Pressure
|turn|15
|
|t:|1665913620
|move|p1a: Eternatus|Recover|p1a: Eternatus
|-heal|p1a: Eternatus|76/100
|move|p2a: Kyogre|Origin Pulse|p1a: Eternatus
|-resisted|p1a: Eternatus
|-damage|p1a: Eternatus|25/100
|
|-weather|RainDance|[upkeep]
|upkeep
|turn|16
|
|t:|1665913637
|switch|p2a: Porygon2|Porygon2|81/100
|-damage|p2a: Porygon2|68/100|[from] Stealth Rock
|-ability|p2a: Porygon2|Pressure|[from] ability: Trace|[of] p1a: Eternatus
|-ability|p2a: Porygon2|Pressure
|move|p1a: Eternatus|Recover|p1a: Eternatus
|-heal|p1a: Eternatus|75/100
|
|-weather|RainDance|[upkeep]
|upkeep
|turn|17
|
|t:|1665913640
|move|p2a: Porygon2|Recover|p2a: Porygon2
|-heal|p2a: Porygon2|100/100
|move|p1a: Eternatus|Dragon Tail|p2a: Porygon2
|-damage|p2a: Porygon2|92/100
|drag|p2a: Dracovish|Dracovish, shiny|88/100
|-damage|p2a: Dracovish|76/100|[from] Stealth Rock
|
|-weather|none
|upkeep
|turn|18
|
|t:|1665913659
|switch|p2a: Porygon2|Porygon2|92/100
|-damage|p2a: Porygon2|80/100|[from] Stealth Rock
|-ability|p2a: Porygon2|Pressure|[from] ability: Trace|[of] p1a: Eternatus
|-ability|p2a: Porygon2|Pressure
|move|p1a: Eternatus|Draco Meteor|p2a: Porygon2
|-damage|p2a: Porygon2|41/100
|-unboost|p1a: Eternatus|spa|2
|
|upkeep
|turn|19
|
|t:|1665913670
|switch|p1a: Marshadow|Marshadow|91/100
|move|p2a: Porygon2|Recover|p2a: Porygon2
|-heal|p2a: Porygon2|91/100
|
|upkeep
|turn|20
|inactive|Malekith has 270 seconds left.
|inactive|Malekith has 240 seconds left.
|inactive|Malekith has 210 seconds left.
|inactive|Malekith has 180 seconds left.
|
|t:|1665913799
|move|p1a: Marshadow|Low Kick|p2a: Porygon2
|-supereffective|p2a: Porygon2
|-damage|p2a: Porygon2|39/100
|-damage|p1a: Marshadow|81/100|[from] item: Life Orb
|move|p2a: Porygon2|Trick Room|p2a: Porygon2
|-fieldstart|move: Trick Room|[of] p2a: Porygon2
|
|upkeep
|turn|21
|inactive|Malekith has 180 seconds left.
|inactive|Malekith has 150 seconds left.
|inactive|Malekith has 120 seconds left.
|inactive|Malekith has 90 seconds left.
|inactive|Aberforth has 270 seconds left.
|inactive|Malekith has 60 seconds left.
|inactive|Malekith has 30 seconds left.
|inactive|Malekith has 20 seconds left.
|
|t:|1665913969
|switch|p2a: Kyogre|Kyogre|88/100
|-damage|p2a: Kyogre|76/100|[from] Stealth Rock
|-weather|RainDance|[from] ability: Drizzle|[of] p2a: Kyogre
|move|p1a: Marshadow|Low Kick|p2a: Kyogre
|-damage|p2a: Kyogre|0 fnt
|faint|p2a: Kyogre
|-damage|p1a: Marshadow|71/100|[from] item: Life Orb
|
|-weather|RainDance|[upkeep]
|upkeep
|inactive|Malekith has 25 seconds left this turn.
|inactive|Malekith has 20 seconds left.
|inactive|Malekith has 15 seconds left.
|
|t:|1665913979
|switch|p2a: Calyrex|Calyrex-Ice|100/100
|-ability|p2a: Calyrex|As One
|-ability|p2a: Calyrex|Unnerve
|turn|22
|inactive|Malekith has 25 seconds left this turn.
|inactive|Malekith has 20 seconds left.
|inactive|Malekith has 15 seconds left.
|
|t:|1665913991
|switch|p1a: Necrozma|Necrozma-Dusk-Mane|100/100
|move|p2a: Calyrex|Glacial Lance|p1a: Necrozma
|-resisted|p1a: Necrozma
|-damage|p1a: Necrozma|67/100
|
|-weather|RainDance|[upkeep]
|-heal|p1a: Necrozma|73/100|[from] item: Leftovers
|upkeep
|turn|23
|inactive|Malekith has 25 seconds left this turn.
|inactive|Malekith has 20 seconds left.
|inactive|Malekith has 15 seconds left.
|inactive|Malekith has 10 seconds left.
|inactive|Malekith has 5 seconds left.
|
|t:|1665914013
|move|p2a: Calyrex|High Horsepower|p1a: Necrozma
|-supereffective|p1a: Necrozma
|-damage|p1a: Necrozma|24/100
|move|p1a: Necrozma|Moonlight|p1a: Necrozma
|-heal|p1a: Necrozma|48/100
|
|-weather|RainDance|[upkeep]
|-heal|p1a: Necrozma|55/100|[from] item: Leftovers
|upkeep
|turn|24
|inactive|Malekith has 15 seconds left this turn.
|inactive|Malekith has 10 seconds left.
|inactive|Malekith has 5 seconds left.
|
|t:|1665914027
|move|p2a: Calyrex|Glacial Lance|p1a: Necrozma
|-resisted|p1a: Necrozma
|-damage|p1a: Necrozma|22/100
|move|p1a: Necrozma|Sunsteel Strike|p2a: Calyrex
|-supereffective|p2a: Calyrex
|-damage|p2a: Calyrex|44/100
|
|-weather|RainDance|[upkeep]
|-heal|p1a: Necrozma|28/100|[from] item: Leftovers
|-fieldend|move: Trick Room
|upkeep
|turn|25
|inactive|Malekith has 15 seconds left this turn.
|inactive|Malekith has 10 seconds left.
|
|t:|1665914033
|move|p1a: Necrozma|Sunsteel Strike|p2a: Calyrex
|-supereffective|p2a: Calyrex
|-damage|p2a: Calyrex|0 fnt
|faint|p2a: Calyrex
|
|-weather|none
|-heal|p1a: Necrozma|34/100|[from] item: Leftovers
|upkeep
|inactive|Malekith has 15 seconds left this turn.
|inactive|Malekith has 10 seconds left.
|inactive|Malekith has 5 seconds left.
|
|t:|1665914044
|switch|p2a: Xerneas|Xerneas|100/100
|-damage|p2a: Xerneas|88/100|[from] Stealth Rock
|-ability|p2a: Xerneas|Fairy Aura
|turn|26
|inactive|Malekith has 15 seconds left this turn.
|
|t:|1665914047
|move|p2a: Xerneas|Geomancy||[still]
|-prepare|p2a: Xerneas|Geomancy
|-enditem|p2a: Xerneas|Power Herb
|-anim|p2a: Xerneas|Geomancy|p2a: Xerneas
|-boost|p2a: Xerneas|spa|2
|-boost|p2a: Xerneas|spd|2
|-boost|p2a: Xerneas|spe|2
|move|p1a: Necrozma|Sunsteel Strike|p2a: Xerneas
|-supereffective|p2a: Xerneas
|-damage|p2a: Xerneas|7/100
|
|-heal|p1a: Necrozma|40/100|[from] item: Leftovers
|upkeep
|turn|27
|inactive|Malekith has 25 seconds left this turn.
|
|t:|1665914050
|move|p2a: Xerneas|Moonblast|p1a: Necrozma
|-resisted|p1a: Necrozma
|-damage|p1a: Necrozma|0 fnt
|faint|p1a: Necrozma
|
|upkeep
|inactive|Malekith has 30 seconds left this turn.
|
|t:|1665914053
|switch|p1a: Marshadow|Marshadow|71/100
|turn|28
|inactive|Malekith has 30 seconds left.
|
|t:|1665914065
|move|p1a: Marshadow|Shadow Sneak|p2a: Xerneas
|-damage|p2a: Xerneas|0 fnt
|faint|p2a: Xerneas
|-damage|p1a: Marshadow|61/100|[from] item: Life Orb
|
|upkeep
|
|t:|1665914068
|switch|p2a: Dracovish|Dracovish, shiny|76/100
|-damage|p2a: Dracovish|64/100|[from] Stealth Rock
|turn|29
|c|☆Malekith|gg
|
|t:|1665914077
|move|p1a: Marshadow|Low Kick|p2a: Dracovish
|-damage|p2a: Dracovish|0 fnt
|faint|p2a: Dracovish
|-damage|p1a: Marshadow|51/100|[from] item: Life Orb
|
|upkeep
|
|t:|1665914080
|switch|p2a: Porygon2|Porygon2|39/100
|-damage|p2a: Porygon2|27/100|[from] Stealth Rock
|-ability|p2a: Porygon2|Technician|[from] ability: Trace|[of] p1a: Marshadow
|turn|30
|c|☆Aberforth|gg
|
|t:|1665914082
|move|p1a: Marshadow|Low Kick|p2a: Porygon2
|-supereffective|p2a: Porygon2
|-damage|p2a: Porygon2|0 fnt
|faint|p2a: Porygon2
|-damage|p1a: Marshadow|41/100|[from] item: Life Orb
|
|win|Aberforth
