|inactive|Battle timer is ON: inactive players will automatically lose when time's up.
|t:|1670119787
|gametype|singles
|player|p1|Aberforth|#aberforth|
|player|p2|pop smoke|#tjayxmas|
|teamsize|p1|6
|teamsize|p2|6
|gen|8
|tier|[Gen 8] Ubers
|rule|Sleep Clause Mod: Limit one foe put to sleep
|rule|Species Clause: Limit one of each Pokémon
|rule|OHKO Clause: OHKO moves are banned
|rule|Evasion Items Clause: Evasion items are banned
|rule|Evasion Moves Clause: Evasion moves are banned
|rule|Endless Battle Clause: Forcing endless battles is banned
|rule|HP Percentage Mod: HP is shown in percentages
|rule|Dynamax Clause: You cannot dynamax
|clearpoke
|poke|p1|Pheromosa|
|poke|p1|Landorus-Therian, M|
|poke|p1|Kyogre|
|poke|p1|Eternatus|
|poke|p1|Yveltal|
|poke|p1|Necrozma-Dusk-Mane|
|poke|p2|Groudon|
|poke|p2|Ho-Oh|
|poke|p2|Eternatus|
|poke|p2|Yveltal|
|poke|p2|Necrozma-Dusk-Mane|
|poke|p2|Zekrom|
|teampreview
|inactive|pop smoke also wants the timer to be on.
|c|☆Aberforth|hf
|c|☆pop smoke|hf
|inactive|pop smoke has 270 seconds left.
|inactive|pop smoke has 240 seconds left.
|inactive|pop smoke has 210 seconds left.
|
|t:|1670119892
|start
|switch|p1a: Kyogre|Kyogre|100/100
|switch|p2a: Eternatus|Eternatus|100/100
|-ability|p2a: Eternatus|Pressure
|-item|p2a: Eternatus|Air Balloon
|-weather|RainDance|[from] ability: Drizzle|[of] p1a: Kyogre
|turn|1
|c|+Waves|aber if you 6-0 i'll paypal you $20
|inactive|pop smoke has 240 seconds left.
|
|t:|1670119923
|switch|p1a: Necrozma|Necrozma-Dusk-Mane|100/100
|move|p2a: Eternatus|Toxic|p1a: Necrozma
|-immune|p1a: Necrozma
|
|-weather|RainDance|[upkeep]
|upkeep
|turn|2
|inactive|pop smoke has 240 seconds left.
|inactive|pop smoke has 210 seconds left.
|
|t:|1670119969
|switch|p2a: Yveltal|Yveltal|100/100
|-ability|p2a: Yveltal|Dark Aura
|switch|p1a: Eternatus|Eternatus|100/100
|-ability|p1a: Eternatus|Pressure
|
|-weather|RainDance|[upkeep]
|upkeep
|turn|3
|inactive|pop smoke has 210 seconds left.
|
|t:|1670120003
|move|p1a: Eternatus|Sludge Bomb|p2a: Yveltal
|-damage|p2a: Yveltal|71/100
|move|p2a: Yveltal|Knock Off|p1a: Eternatus
|-damage|p1a: Eternatus|60/100
|-enditem|p1a: Eternatus|Eject Pack|[from] move: Knock Off|[of] p2a: Yveltal
|
|-weather|RainDance|[upkeep]
|upkeep
|turn|4
|
|t:|1670120011
|switch|p2a: Necrozma|Necrozma-Dusk-Mane|100/100
|move|p1a: Eternatus|Sludge Bomb|p2a: Necrozma
|-immune|p2a: Necrozma
|
|-weather|RainDance|[upkeep]
|upkeep
|turn|5
|
|t:|1670120015
|switch|p1a: Landorus|Landorus-Therian, M|100/100
|-ability|p1a: Landorus|Intimidate|boost
|-unboost|p2a: Necrozma|atk|1
|move|p2a: Necrozma|Knock Off|p1a: Landorus
|-damage|p1a: Landorus|85/100
|-enditem|p1a: Landorus|Leftovers|[from] move: Knock Off|[of] p2a: Necrozma
|
|-weather|none
|upkeep
|turn|6
|
|t:|1670120043
|switch|p2a: Yveltal|Yveltal|71/100
|-ability|p2a: Yveltal|Dark Aura
|move|p1a: Landorus|Earthquake|p2a: Yveltal
|-immune|p2a: Yveltal
|
|upkeep
|turn|7
|
|t:|1670120051
|switch|p1a: Eternatus|Eternatus|60/100
|-ability|p1a: Eternatus|Pressure
|move|p2a: Yveltal|Foul Play|p1a: Eternatus
|-damage|p1a: Eternatus|39/100
|
|upkeep
|turn|8
|
|t:|1670120066
|switch|p2a: Groudon|Groudon|100/100
|-weather|SunnyDay|[from] ability: Drought|[of] p2a: Groudon
|move|p1a: Eternatus|Recover|p1a: Eternatus
|-heal|p1a: Eternatus|89/100
|
|-weather|SunnyDay|[upkeep]
|upkeep
|turn|9
|
|t:|1670120080
|switch|p1a: Landorus|Landorus-Therian, M|85/100
|-ability|p1a: Landorus|Intimidate|boost
|-unboost|p2a: Groudon|atk|1
|move|p2a: Groudon|Toxic|p1a: Landorus
|-status|p1a: Landorus|tox
|
|-weather|SunnyDay|[upkeep]
|-damage|p1a: Landorus|79/100 tox|[from] psn
|upkeep
|turn|10
|
|t:|1670120084
|move|p2a: Groudon|Stealth Rock|p1a: Landorus
|-sidestart|p1: Aberforth|move: Stealth Rock
|move|p1a: Landorus|U-turn|p2a: Groudon
|-damage|p2a: Groudon|89/100
|
|t:|1670120087
|switch|p1a: Yveltal|Yveltal|100/100|[from] U-turn
|-ability|p1a: Yveltal|Dark Aura
|
|-weather|SunnyDay|[upkeep]
|-heal|p2a: Groudon|95/100|[from] item: Leftovers
|upkeep
|turn|11
|
|t:|1670120090
|move|p1a: Yveltal|Knock Off|p2a: Groudon
|-damage|p2a: Groudon|64/100
|-enditem|p2a: Groudon|Leftovers|[from] move: Knock Off|[of] p1a: Yveltal
|move|p2a: Groudon|Toxic|p1a: Yveltal
|-status|p1a: Yveltal|tox
|
|-weather|SunnyDay|[upkeep]
|-damage|p1a: Yveltal|94/100 tox|[from] psn
|upkeep
|turn|12
|
|t:|1670120094
|switch|p1a: Landorus|Landorus-Therian, M|79/100 tox
|-damage|p1a: Landorus|67/100 tox|[from] Stealth Rock
|-ability|p1a: Landorus|Intimidate|boost
|-unboost|p2a: Groudon|atk|1
|move|p2a: Groudon|Stone Edge|p1a: Landorus
|-damage|p1a: Landorus|56/100 tox
|
|-weather|none
|-damage|p1a: Landorus|50/100 tox|[from] psn
|upkeep
|turn|13
|inactive|pop smoke has 240 seconds left.
|
|t:|1670120100
|switch|p2a: Yveltal|Yveltal|71/100
|-ability|p2a: Yveltal|Dark Aura
|move|p1a: Landorus|Defog|p2a: Yveltal
|-unboost|p2a: Yveltal|evasion|1
|-sideend|p1: Aberforth|Stealth Rock|[from] move: Defog|[of] p1a: Landorus
|
|-damage|p1a: Landorus|38/100 tox|[from] psn
|upkeep
|turn|14
|
|t:|1670120106
|switch|p2a: Groudon|Groudon|64/100
|-weather|SunnyDay|[from] ability: Drought|[of] p2a: Groudon
|move|p1a: Landorus|U-turn|p2a: Groudon
|-damage|p2a: Groudon|53/100
|
|t:|1670120108
|switch|p1a: Kyogre|Kyogre|100/100|[from] U-turn
|-weather|RainDance|[from] ability: Drizzle|[of] p1a: Kyogre
|
|-weather|RainDance|[upkeep]
|upkeep
|turn|15
|inactive|pop smoke has 240 seconds left.
|
|t:|1670120141
|switch|p2a: Eternatus|Eternatus|100/100
|-ability|p2a: Eternatus|Pressure
|-item|p2a: Eternatus|Air Balloon
|move|p1a: Kyogre|Water Spout|p2a: Eternatus
|-resisted|p2a: Eternatus
|-damage|p2a: Eternatus|35/100
|-enditem|p2a: Eternatus|Air Balloon
|
|-weather|RainDance|[upkeep]
|upkeep
|turn|16
|inactive|pop smoke has 240 seconds left.
|inactive|pop smoke has 210 seconds left.
|
|t:|1670120194
|switch|p1a: Necrozma|Necrozma-Dusk-Mane|100/100
|move|p2a: Eternatus|Draco Meteor|p1a: Necrozma|[miss]
|-miss|p2a: Eternatus|p1a: Necrozma
|
|-weather|RainDance|[upkeep]
|upkeep
|turn|17
|
|t:|1670120203
|move|p2a: Eternatus|Recover|p2a: Eternatus
|-heal|p2a: Eternatus|85/100
|move|p1a: Necrozma|Stealth Rock|p2a: Eternatus
|-sidestart|p2: pop smoke|move: Stealth Rock
|
|-weather|RainDance|[upkeep]
|upkeep
|turn|18
|
|t:|1670120207
|switch|p2a: Groudon|Groudon|53/100
|-damage|p2a: Groudon|47/100|[from] Stealth Rock
|-weather|SunnyDay|[from] ability: Drought|[of] p2a: Groudon
|switch|p1a: Pheromosa|Pheromosa|100/100
|
|-weather|SunnyDay|[upkeep]
|upkeep
|turn|19
|inactive|pop smoke has 210 seconds left.
|
|t:|1670120228
|switch|p2a: Ho-Oh|Ho-Oh, shiny|100/100
|move|p1a: Pheromosa|Triple Axel|p2a: Ho-Oh
|-damage|p2a: Ho-Oh|93/100
|-hitcount|p2a: Ho-Oh|1
|
|-weather|SunnyDay|[upkeep]
|upkeep
|turn|20
|
|t:|1670120246
|switch|p1a: Landorus|Landorus-Therian, M|38/100 tox
|-ability|p1a: Landorus|Intimidate|boost
|-unboost|p2a: Ho-Oh|atk|1
|move|p2a: Ho-Oh|Brave Bird|p1a: Landorus
|-damage|p1a: Landorus|15/100 tox
|-damage|p2a: Ho-Oh|86/100|[from] Recoil
|
|-weather|SunnyDay|[upkeep]
|-damage|p1a: Landorus|9/100 tox|[from] psn
|upkeep
|turn|21
|
|t:|1670120249
|move|p2a: Ho-Oh|Brave Bird|p1a: Landorus
|-damage|p1a: Landorus|0 fnt
|faint|p1a: Landorus
|-damage|p2a: Ho-Oh|83/100|[from] Recoil
|
|-weather|SunnyDay|[upkeep]
|upkeep
|
|t:|1670120251
|switch|p1a: Kyogre|Kyogre|100/100
|-weather|RainDance|[from] ability: Drizzle|[of] p1a: Kyogre
|turn|22
|
|t:|1670120262
|switch|p2a: Eternatus|Eternatus|85/100
|-damage|p2a: Eternatus|73/100|[from] Stealth Rock
|-ability|p2a: Eternatus|Pressure
|move|p1a: Kyogre|Water Spout|p2a: Eternatus
|-resisted|p2a: Eternatus
|-damage|p2a: Eternatus|16/100
|
|-weather|RainDance|[upkeep]
|upkeep
|turn|23
|
|t:|1670120271
|move|p2a: Eternatus|Recover|p2a: Eternatus
|-heal|p2a: Eternatus|66/100
|move|p1a: Kyogre|Thunder Wave|p2a: Eternatus
|-status|p2a: Eternatus|par
|
|-weather|RainDance|[upkeep]
|upkeep
|turn|24
|
|t:|1670120275
|move|p1a: Kyogre|Ice Beam|p2a: Eternatus
|-supereffective|p2a: Eternatus
|-damage|p2a: Eternatus|7/100 par
|move|p2a: Eternatus|Toxic|p1a: Kyogre
|-status|p1a: Kyogre|tox
|
|-weather|RainDance|[upkeep]
|-damage|p1a: Kyogre|94/100 tox|[from] psn
|upkeep
|turn|25
|
|t:|1670120280
|move|p1a: Kyogre|Water Spout|p2a: Eternatus
|-resisted|p2a: Eternatus
|-damage|p2a: Eternatus|0 fnt
|faint|p2a: Eternatus
|
|-weather|RainDance|[upkeep]
|-damage|p1a: Kyogre|82/100 tox|[from] psn
|upkeep
|
|t:|1670120282
|switch|p2a: Zekrom|Zekrom|100/100
|-damage|p2a: Zekrom|88/100|[from] Stealth Rock
|-ability|p2a: Zekrom|Teravolt
|turn|26
|
|t:|1670120287
|move|p2a: Zekrom|Bolt Strike|p1a: Kyogre
|-supereffective|p1a: Kyogre
|-damage|p1a: Kyogre|0 fnt
|faint|p1a: Kyogre
|-damage|p2a: Zekrom|78/100|[from] item: Life Orb
|
|-weather|none
|upkeep
|
|t:|1670120289
|switch|p1a: Pheromosa|Pheromosa|100/100
|turn|27
|
|t:|1670120305
|switch|p2a: Ho-Oh|Ho-Oh, shiny|100/100
|move|p1a: Pheromosa|U-turn|p2a: Ho-Oh
|-resisted|p2a: Ho-Oh
|-damage|p2a: Ho-Oh|91/100
|
|t:|1670120308
|switch|p1a: Yveltal|Yveltal|94/100 tox|[from] U-turn
|-ability|p1a: Yveltal|Dark Aura
|
|-damage|p1a: Yveltal|88/100 tox|[from] psn
|upkeep
|turn|28
|
|t:|1670120318
|switch|p2a: Yveltal|Yveltal|71/100
|-ability|p2a: Yveltal|Dark Aura
|move|p1a: Yveltal|Knock Off|p2a: Yveltal
|-resisted|p2a: Yveltal
|-damage|p2a: Yveltal|44/100
|-enditem|p2a: Yveltal|Heavy-Duty Boots|[from] move: Knock Off|[of] p1a: Yveltal
|
|-damage|p1a: Yveltal|76/100 tox|[from] psn
|upkeep
|turn|29
|
|t:|1670120328
|move|p2a: Yveltal|Defog|p1a: Yveltal
|-unboost|p1a: Yveltal|evasion|1
|-sideend|p2: pop smoke|Stealth Rock|[from] move: Defog|[of] p2a: Yveltal
|move|p1a: Yveltal|Taunt|p2a: Yveltal
|-start|p2a: Yveltal|move: Taunt
|
|-damage|p1a: Yveltal|57/100 tox|[from] psn
|upkeep
|turn|30
|
|t:|1670120331
|switch|p1a: Eternatus|Eternatus|89/100
|-ability|p1a: Eternatus|Pressure
|move|p2a: Yveltal|Knock Off|p1a: Eternatus
|-damage|p1a: Eternatus|58/100
|
|upkeep
|turn|31
|
|t:|1670120345
|move|p1a: Eternatus|Recover|p1a: Eternatus
|-heal|p1a: Eternatus|100/100
|move|p2a: Yveltal|Knock Off|p1a: Eternatus
|-damage|p1a: Eternatus|73/100
|
|upkeep
|turn|32
|
|t:|1670120351
|switch|p2a: Necrozma|Necrozma-Dusk-Mane|100/100
|move|p1a: Eternatus|Sludge Bomb|p2a: Necrozma
|-immune|p2a: Necrozma
|
|upkeep
|turn|33
|
|t:|1670120358
|switch|p1a: Necrozma|Necrozma-Dusk-Mane|100/100
|move|p2a: Necrozma|Dragon Dance|p2a: Necrozma
|-boost|p2a: Necrozma|atk|1
|-boost|p2a: Necrozma|spe|1
|
|upkeep
|turn|34
|
|t:|1670120360
|switch|p2a: Groudon|Groudon|47/100
|-weather|SunnyDay|[from] ability: Drought|[of] p2a: Groudon
|move|p1a: Necrozma|Thunder Wave|p2a: Groudon
|-immune|p2a: Groudon
|
|-weather|SunnyDay|[upkeep]
|upkeep
|turn|35
|
|t:|1670120363
|move|p2a: Groudon|Stealth Rock|p1a: Necrozma
|-sidestart|p1: Aberforth|move: Stealth Rock
|move|p1a: Necrozma|Stealth Rock|p2a: Groudon
|-sidestart|p2: pop smoke|move: Stealth Rock
|
|-weather|SunnyDay|[upkeep]
|upkeep
|turn|36
|
|t:|1670120367
|move|p2a: Groudon|Precipice Blades|p1a: Necrozma
|-supereffective|p1a: Necrozma
|-damage|p1a: Necrozma|41/100
|move|p1a: Necrozma|Iron Head|p2a: Groudon
|-damage|p2a: Groudon|27/100
|
|-weather|SunnyDay|[upkeep]
|-heal|p1a: Necrozma|47/100|[from] item: Leftovers
|upkeep
|turn|37
|
|t:|1670120372
|move|p2a: Groudon|Precipice Blades|p1a: Necrozma
|-supereffective|p1a: Necrozma
|-damage|p1a: Necrozma|0 fnt
|faint|p1a: Necrozma
|
|-weather|SunnyDay|[upkeep]
|upkeep
|
|t:|1670120374
|switch|p1a: Pheromosa|Pheromosa|100/100
|-damage|p1a: Pheromosa|88/100|[from] Stealth Rock
|turn|38
|
|t:|1670120383
|move|p1a: Pheromosa|Foul Play|p2a: Groudon
|-damage|p2a: Groudon|3/100
|move|p2a: Groudon|Stone Edge|p1a: Pheromosa
|-damage|p1a: Pheromosa|10/100
|
|-weather|none
|upkeep
|turn|39
|c|☆pop smoke|i see
|
|t:|1670120394
|move|p1a: Pheromosa|Foul Play|p2a: Groudon
|-damage|p2a: Groudon|0 fnt
|faint|p2a: Groudon
|-ability|p1a: Pheromosa|Beast Boost|boost
|-boost|p1a: Pheromosa|spe|1
|
|upkeep
|
|t:|1670120395
|switch|p2a: Ho-Oh|Ho-Oh, shiny|100/100
|turn|40
|
|t:|1670120398
|switch|p1a: Eternatus|Eternatus|73/100
|-damage|p1a: Eternatus|60/100|[from] Stealth Rock
|-ability|p1a: Eternatus|Pressure
|move|p2a: Ho-Oh|Brave Bird|p1a: Eternatus
|-damage|p1a: Eternatus|22/100
|-damage|p2a: Ho-Oh|86/100|[from] Recoil
|
|upkeep
|turn|41
|
|t:|1670120400
|move|p1a: Eternatus|Recover|p1a: Eternatus
|-heal|p1a: Eternatus|72/100
|move|p2a: Ho-Oh|Thunder Wave|p1a: Eternatus
|-status|p1a: Eternatus|par
|
|upkeep
|turn|42
|
|t:|1670120407
|switch|p2a: Necrozma|Necrozma-Dusk-Mane|100/100
|-damage|p2a: Necrozma|94/100|[from] Stealth Rock
|switch|p1a: Yveltal|Yveltal|57/100 tox
|-ability|p1a: Yveltal|Dark Aura
|
|-heal|p2a: Necrozma|100/100|[from] item: Leftovers
|-damage|p1a: Yveltal|51/100 tox|[from] psn
|upkeep
|turn|43
|
|t:|1670120422
|move|p1a: Yveltal|Knock Off|p2a: Necrozma
|-supereffective|p2a: Necrozma
|-damage|p2a: Necrozma|42/100
|-enditem|p2a: Necrozma|Leftovers|[from] move: Knock Off|[of] p1a: Yveltal
|move|p2a: Necrozma|Dragon Dance|p2a: Necrozma
|-boost|p2a: Necrozma|atk|1
|-boost|p2a: Necrozma|spe|1
|
|-damage|p1a: Yveltal|38/100 tox|[from] psn
|upkeep
|turn|44
|
|t:|1670120438
|move|p1a: Yveltal|Sucker Punch||[still]
|-fail|p1a: Yveltal
|move|p2a: Necrozma|Moonlight|p2a: Necrozma
|-heal|p2a: Necrozma|92/100
|
|-damage|p1a: Yveltal|19/100 tox|[from] psn
|upkeep
|turn|45
|c|☆Aberforth|ggs
|c|☆Aberforth|gl in the rest
|c|☆pop smoke|ggs
|-message|Aberforth forfeited.
|
|win|pop smoke
