|inactive|Battle timer is ON: inactive players will automatically lose when time's up.
|t:|1663518017
|gametype|singles
|player|p1|Luna's Bann3d Now|#ruplixsleekslushrushers|
|player|p2|8142e|101|
|teamsize|p1|6
|teamsize|p2|6
|gen|8
|tier|[Gen 8] Ubers
|rule|Sleep Clause Mod: Limit one foe put to sleep
|rule|Species Clause: Limit one of each Pokémon
|rule|OHKO Clause: OHKO moves are banned
|rule|Evasion Items Clause: Evasion items are banned
|rule|Evasion Moves Clause: Evasion moves are banned
|rule|Endless Battle Clause: Forcing endless battles is banned
|rule|HP Percentage Mod: HP is shown in percentages
|rule|Dynamax Clause: You cannot dynamax
|clearpoke
|poke|p1|Yveltal|
|poke|p1|Eternatus|
|poke|p1|Necrozma-Dusk-Mane|
|poke|p1|Groudon|
|poke|p1|Marshadow|
|poke|p1|Ferrothorn, F|
|poke|p2|Zygarde|
|poke|p2|Groudon|
|poke|p2|Yveltal|
|poke|p2|Necrozma-Dusk-Mane|
|poke|p2|Eternatus|
|poke|p2|Ferrothorn, F|
|teampreview
|c|☆8142e|gl
|c|☆8142e|hf
|inactive|8142e has 270 seconds left.
|c|+Rhmsitb|ty
|inactive|8142e has 240 seconds left.
|c|☆8142e|:)
|c|☆Luna's Bann3d Now|hf
|inactive|8142e has 210 seconds left.
|
|t:|1663518111
|start
|switch|p1a: Ferrothorn|Ferrothorn, F|100/100
|switch|p2a: Groudon|Groudon|100/100
|-weather|SunnyDay|[from] ability: Drought|[of] p2a: Groudon
|turn|1
|inactive|8142e has 270 seconds left.
|
|t:|1663518122
|switch|p1a: Yveltal|Yveltal|100/100
|-ability|p1a: Yveltal|Dark Aura
|move|p2a: Groudon|Swords Dance|p2a: Groudon
|-boost|p2a: Groudon|atk|2
|
|-weather|SunnyDay|[upkeep]
|upkeep
|turn|2
|inactive|8142e has 270 seconds left.
|c|☆8142e|do you have foul play?
|
|t:|1663518144
|switch|p2a: Yveltal|Yveltal|100/100
|-ability|p2a: Yveltal|Dark Aura
|move|p1a: Yveltal|Foul Play|p2a: Yveltal
|-resisted|p2a: Yveltal
|-damage|p2a: Yveltal|74/100
|
|-weather|SunnyDay|[upkeep]
|upkeep
|turn|3
|c|☆Luna's Bann3d Now|do you want to find this answer out the hard way?
|c|+ILoveMashing❤|rip
|c|☆8142e|i did
|
|t:|1663518159
|move|p2a: Yveltal|Knock Off|p1a: Yveltal
|-resisted|p1a: Yveltal
|-damage|p1a: Yveltal|76/100
|-enditem|p1a: Yveltal|Heavy-Duty Boots|[from] move: Knock Off|[of] p2a: Yveltal
|move|p1a: Yveltal|U-turn|p2a: Yveltal
|-damage|p2a: Yveltal|54/100
|
|t:|1663518165
|switch|p1a: Eternatus|Eternatus|100/100|[from]move: U-turn
|-ability|p1a: Eternatus|Pressure
|
|-weather|SunnyDay|[upkeep]
|upkeep
|turn|4
|inactive|8142e has 270 seconds left.
|
|t:|1663518173
|switch|p2a: Necrozma|Necrozma-Dusk-Mane|100/100
|move|p1a: Eternatus|Sludge Bomb|p2a: Necrozma
|-immune|p2a: Necrozma
|
|-weather|SunnyDay|[upkeep]
|upkeep
|turn|5
|c|+Hrishioo7|What's this for
|inactive|8142e has 270 seconds left.
|c|☆Luna's Bann3d Now|seasonal
|c|+Hrishioo7|Go lbn
|c|☆8142e|traitor
|
|t:|1663518196
|switch|p1a: Ferrothorn|Ferrothorn, F|100/100
|move|p2a: Necrozma|Stealth Rock|p1a: Ferrothorn
|-sidestart|p1: Luna's Bann3d Now|move: Stealth Rock
|
|-weather|none
|upkeep
|turn|6
|
|t:|1663518208
|switch|p2a: Ferrothorn|Ferrothorn, F|100/100
|move|p1a: Ferrothorn|Leech Seed|p2a: Ferrothorn
|-immune|p2a: Ferrothorn
|
|upkeep
|turn|7
|inactive|8142e has 270 seconds left.
|
|t:|1663518216
|move|p1a: Ferrothorn|Spikes|p2a: Ferrothorn
|-sidestart|p2: 8142e|Spikes
|move|p2a: Ferrothorn|Knock Off|p1a: Ferrothorn
|-damage|p1a: Ferrothorn|86/100
|-damage|p2a: Ferrothorn|88/100|[from] ability: Iron Barbs|[of] p1a: Ferrothorn
|-enditem|p1a: Ferrothorn|Leftovers|[from] move: Knock Off|[of] p2a: Ferrothorn
|
|-heal|p2a: Ferrothorn|94/100|[from] item: Leftovers
|upkeep
|turn|8
|
|t:|1663518222
|switch|p1a: Eternatus|Eternatus|100/100
|-damage|p1a: Eternatus|88/100|[from] Stealth Rock
|-ability|p1a: Eternatus|Pressure
|move|p2a: Ferrothorn|Spikes|p1a: Eternatus
|-sidestart|p1: Luna's Bann3d Now|Spikes
|
|-heal|p2a: Ferrothorn|100/100|[from] item: Leftovers
|upkeep
|turn|9
|
|t:|1663518225
|switch|p2a: Necrozma|Necrozma-Dusk-Mane|100/100
|-damage|p2a: Necrozma|88/100|[from] Spikes
|move|p1a: Eternatus|Flamethrower|p2a: Necrozma
|-supereffective|p2a: Necrozma
|-damage|p2a: Necrozma|63/100
|
|-heal|p2a: Necrozma|69/100|[from] item: Leftovers
|upkeep
|turn|10
|
|t:|1663518233
|switch|p1a: Groudon|Groudon|100/100
|-damage|p1a: Groudon|94/100|[from] Stealth Rock
|-damage|p1a: Groudon|82/100|[from] Spikes
|-weather|SunnyDay|[from] ability: Drought|[of] p1a: Groudon
|move|p2a: Necrozma|Morning Sun|p2a: Necrozma
|-heal|p2a: Necrozma|100/100
|
|-weather|SunnyDay|[upkeep]
|-heal|p1a: Groudon|88/100|[from] item: Leftovers
|upkeep
|turn|11
|
|t:|1663518261
|switch|p2a: Groudon|Groudon|100/100
|-damage|p2a: Groudon|88/100|[from] Spikes
|move|p1a: Groudon|Bulk Up|p1a: Groudon
|-boost|p1a: Groudon|atk|1
|-boost|p1a: Groudon|def|1
|
|-weather|SunnyDay|[upkeep]
|-heal|p2a: Groudon|94/100|[from] item: Leftovers
|-heal|p1a: Groudon|94/100|[from] item: Leftovers
|upkeep
|turn|12
|inactive|8142e has 270 seconds left.
|
|t:|1663518277
|move|p2a: Groudon|Precipice Blades|p1a: Groudon
|-damage|p1a: Groudon|62/100
|move|p1a: Groudon|Precipice Blades|p2a: Groudon
|-damage|p2a: Groudon|21/100
|
|-weather|SunnyDay|[upkeep]
|-heal|p2a: Groudon|27/100|[from] item: Leftovers
|-heal|p1a: Groudon|68/100|[from] item: Leftovers
|upkeep
|turn|13
|inactive|8142e has 270 seconds left.
|c|☆8142e|y is ur so strong and mine soo weak
|c|☆8142e|lol
|c|+ILoveMashing❤|bc it has
|c|+ILoveMashing❤|+1 defense
|c|+ILoveMashing❤|8truc
|c|☆8142e|ahh
|
|t:|1663518309
|switch|p2a: Eternatus|Eternatus|100/100
|-ability|p2a: Eternatus|Pressure
|-item|p2a: Eternatus|Air Balloon
|move|p1a: Groudon|Precipice Blades|p2a: Eternatus
|-immune|p2a: Eternatus
|
|-weather|SunnyDay|[upkeep]
|-heal|p1a: Groudon|74/100|[from] item: Leftovers
|upkeep
|turn|14
|c|+Hrishioo7|8truc ur so bad
|
|t:|1663518324
|move|p2a: Eternatus|Draco Meteor|p1a: Groudon
|-damage|p1a: Groudon|19/100
|-unboost|p2a: Eternatus|spa|2
|move|p1a: Groudon|Stone Edge|p2a: Eternatus
|-damage|p2a: Eternatus|51/100
|-enditem|p2a: Eternatus|Air Balloon
|
|-weather|none
|-heal|p1a: Groudon|25/100|[from] item: Leftovers
|upkeep
|turn|15
|
|t:|1663518336
|move|p2a: Eternatus|Draco Meteor|p1a: Groudon
|-damage|p1a: Groudon|0 fnt
|-unboost|p2a: Eternatus|spa|2
|faint|p1a: Groudon
|
|upkeep
|
|t:|1663518338
|switch|p1a: Yveltal|Yveltal|76/100
|-damage|p1a: Yveltal|51/100|[from] Stealth Rock
|-ability|p1a: Yveltal|Dark Aura
|turn|16
|
|t:|1663518346
|move|p2a: Eternatus|Recover|p2a: Eternatus
|-heal|p2a: Eternatus|100/100
|move|p1a: Yveltal|Defog|p2a: Eternatus
|-unboost|p2a: Eternatus|evasion|1
|-sideend|p2: 8142e|Spikes|[from] move: Defog|[of] p1a: Yveltal
|-sideend|p1: Luna's Bann3d Now|Spikes|[from] move: Defog|[of] p1a: Yveltal
|-sideend|p1: Luna's Bann3d Now|Stealth Rock|[from] move: Defog|[of] p1a: Yveltal
|
|upkeep
|turn|17
|
|t:|1663518359
|move|p2a: Eternatus|Toxic|p1a: Yveltal
|-status|p1a: Yveltal|tox
|move|p1a: Yveltal|U-turn|p2a: Eternatus
|-resisted|p2a: Eternatus
|-damage|p2a: Eternatus|92/100
|
|t:|1663518361
|switch|p1a: Necrozma|Necrozma-Dusk-Mane|100/100|[from]move: U-turn
|
|upkeep
|turn|18
|c|☆8142e|i let my important guys get chipped :(
|inactive|8142e has 270 seconds left.
|c|☆8142e|m soo bad
|
|t:|1663518386
|switch|p2a: Zygarde|Zygarde|100/100
|move|p1a: Necrozma|Stealth Rock|p2a: Zygarde
|-sidestart|p2: 8142e|move: Stealth Rock
|
|upkeep
|turn|19
|
|t:|1663518399
|switch|p1a: Marshadow|Marshadow|100/100
|move|p2a: Zygarde|Coil|p2a: Zygarde
|-boost|p2a: Zygarde|atk|1
|-boost|p2a: Zygarde|def|1
|-boost|p2a: Zygarde|accuracy|1
|
|upkeep
|turn|20
|inactive|8142e has 270 seconds left.
|
|t:|1663518444
|switch|p2a: Ferrothorn|Ferrothorn, F|100/100
|-damage|p2a: Ferrothorn|94/100|[from] Stealth Rock
|move|p1a: Marshadow|Spectral Thief|p2a: Ferrothorn
|-damage|p2a: Ferrothorn|61/100
|-damage|p1a: Marshadow|88/100|[from] ability: Iron Barbs|[of] p2a: Ferrothorn
|
|-heal|p2a: Ferrothorn|67/100|[from] item: Leftovers
|upkeep
|turn|21
|inactive|8142e has 240 seconds left.
|inactive|8142e has 210 seconds left.
|
|t:|1663518496
|switch|p1a: Eternatus|Eternatus|88/100
|-ability|p1a: Eternatus|Pressure
|switch|p2a: Eternatus|Eternatus|92/100
|-damage|p2a: Eternatus|80/100|[from] Stealth Rock
|-ability|p2a: Eternatus|Pressure
|
|upkeep
|turn|22
|inactive|8142e has 210 seconds left.
|
|t:|1663518508
|switch|p1a: Necrozma|Necrozma-Dusk-Mane|100/100
|switch|p2a: Necrozma|Necrozma-Dusk-Mane|100/100
|-damage|p2a: Necrozma|94/100|[from] Stealth Rock
|
|-heal|p2a: Necrozma|100/100|[from] item: Leftovers
|upkeep
|turn|23
|inactive|8142e has 210 seconds left.
|
|t:|1663518520
|switch|p2a: Zygarde|Zygarde|100/100
|-damage|p2a: Zygarde|94/100|[from] Stealth Rock
|switch|p1a: Ferrothorn|Ferrothorn, F|86/100
|
|-heal|p2a: Zygarde|100/100|[from] item: Leftovers
|upkeep
|turn|24
|
|t:|1663518530
|move|p2a: Zygarde|Thousand Waves|p1a: Ferrothorn
|-damage|p1a: Ferrothorn|60/100
|-activate|p1a: Ferrothorn|trapped
|move|p1a: Ferrothorn|Leech Seed|p2a: Zygarde
|-start|p2a: Zygarde|move: Leech Seed
|
|-damage|p2a: Zygarde|88/100|[from] Leech Seed|[of] p1a: Ferrothorn
|-heal|p1a: Ferrothorn|74/100|[silent]
|upkeep
|turn|25
|
|t:|1663518535
|move|p2a: Zygarde|Coil|p2a: Zygarde
|-boost|p2a: Zygarde|atk|1
|-boost|p2a: Zygarde|def|1
|-boost|p2a: Zygarde|accuracy|1
|move|p1a: Ferrothorn|Spikes|p2a: Zygarde
|-sidestart|p2: 8142e|Spikes
|
|-heal|p2a: Zygarde|94/100|[from] item: Leftovers
|-damage|p2a: Zygarde|82/100|[from] Leech Seed|[of] p1a: Ferrothorn
|-heal|p1a: Ferrothorn|87/100|[silent]
|upkeep
|turn|26
|
|t:|1663518538
|move|p2a: Zygarde|Coil|p2a: Zygarde
|-boost|p2a: Zygarde|atk|1
|-boost|p2a: Zygarde|def|1
|-boost|p2a: Zygarde|accuracy|1
|move|p1a: Ferrothorn|Spikes|p2a: Zygarde
|-sidestart|p2: 8142e|Spikes
|
|-heal|p2a: Zygarde|88/100|[from] item: Leftovers
|-damage|p2a: Zygarde|75/100|[from] Leech Seed|[of] p1a: Ferrothorn
|-heal|p1a: Ferrothorn|99/100|[silent]
|upkeep
|turn|27
|
|t:|1663518541
|move|p2a: Zygarde|Coil|p2a: Zygarde
|-boost|p2a: Zygarde|atk|1
|-boost|p2a: Zygarde|def|1
|-boost|p2a: Zygarde|accuracy|1
|move|p1a: Ferrothorn|Spikes|p2a: Zygarde
|-sidestart|p2: 8142e|Spikes
|
|-heal|p2a: Zygarde|81/100|[from] item: Leftovers
|-damage|p2a: Zygarde|69/100|[from] Leech Seed|[of] p1a: Ferrothorn
|-heal|p1a: Ferrothorn|100/100|[silent]
|upkeep
|turn|28
|c|+ILoveMashing❤|insane
|
|t:|1663518544
|move|p2a: Zygarde|Coil|p2a: Zygarde
|-boost|p2a: Zygarde|atk|1
|-boost|p2a: Zygarde|def|1
|-boost|p2a: Zygarde|accuracy|1
|move|p1a: Ferrothorn|Bullet Seed|p2a: Zygarde
|-damage|p2a: Zygarde|67/100
|-damage|p2a: Zygarde|64/100
|-hitcount|p2a: Zygarde|2
|
|-heal|p2a: Zygarde|70/100|[from] item: Leftovers
|-damage|p2a: Zygarde|58/100|[from] Leech Seed|[of] p1a: Ferrothorn
|upkeep
|turn|29
|
|t:|1663518546
|move|p2a: Zygarde|Coil|p2a: Zygarde
|-boost|p2a: Zygarde|atk|1
|-boost|p2a: Zygarde|def|1
|-boost|p2a: Zygarde|accuracy|1
|move|p1a: Ferrothorn|Bullet Seed|p2a: Zygarde
|-damage|p2a: Zygarde|56/100
|-damage|p2a: Zygarde|54/100
|-damage|p2a: Zygarde|52/100
|-hitcount|p2a: Zygarde|3
|
|-heal|p2a: Zygarde|58/100|[from] item: Leftovers
|-damage|p2a: Zygarde|45/100|[from] Leech Seed|[of] p1a: Ferrothorn
|-activate|p2a: Zygarde|ability: Power Construct
|detailschange|p2a: Zygarde|Zygarde-Complete
|-heal|p2a: Zygarde|65/100|[silent]
|upkeep
|turn|30
|
|t:|1663518549
|move|p2a: Zygarde|Coil|p2a: Zygarde
|-boost|p2a: Zygarde|atk|1
|-boost|p2a: Zygarde|def|1
|-boost|p2a: Zygarde|accuracy|1
|move|p1a: Ferrothorn|Bullet Seed|p2a: Zygarde
|-damage|p2a: Zygarde|64/100
|-damage|p2a: Zygarde|63/100
|-hitcount|p2a: Zygarde|2
|
|-heal|p2a: Zygarde|70/100|[from] item: Leftovers
|-damage|p2a: Zygarde|57/100|[from] Leech Seed|[of] p1a: Ferrothorn
|upkeep
|turn|31
|
|t:|1663518561
|move|p2a: Zygarde|Scale Shot|p1a: Ferrothorn
|-resisted|p1a: Ferrothorn
|-damage|p1a: Ferrothorn|86/100
|-resisted|p1a: Ferrothorn
|-damage|p1a: Ferrothorn|70/100
|-resisted|p1a: Ferrothorn
|-damage|p1a: Ferrothorn|55/100
|-resisted|p1a: Ferrothorn
|-damage|p1a: Ferrothorn|41/100
|-hitcount|p1a: Ferrothorn|4
|-unboost|p2a: Zygarde|def|1
|-boost|p2a: Zygarde|spe|1
|move|p1a: Ferrothorn|Bullet Seed|p2a: Zygarde
|-damage|p2a: Zygarde|56/100
|-damage|p2a: Zygarde|55/100
|-hitcount|p2a: Zygarde|2
|
|-heal|p2a: Zygarde|61/100|[from] item: Leftovers
|-damage|p2a: Zygarde|49/100|[from] Leech Seed|[of] p1a: Ferrothorn
|-heal|p1a: Ferrothorn|62/100|[silent]
|upkeep
|turn|32
|inactive|8142e disconnected and has 300 seconds to reconnect!
|player|p2|
|inactive|8142e has 270 seconds to reconnect!
|inactive|8142e reconnected and has 280 seconds left.
|player|p2|8142e|101
|inactive|8142e has 270 seconds left.
|
|t:|1663518612
|move|p2a: Zygarde|Coil|p2a: Zygarde
|-boost|p2a: Zygarde|atk|0
|-boost|p2a: Zygarde|def|1
|-boost|p2a: Zygarde|accuracy|0
|move|p1a: Ferrothorn|Bullet Seed|p2a: Zygarde
|-damage|p2a: Zygarde|48/100
|-damage|p2a: Zygarde|47/100
|-damage|p2a: Zygarde|46/100
|-hitcount|p2a: Zygarde|3
|
|-heal|p2a: Zygarde|52/100|[from] item: Leftovers
|-damage|p2a: Zygarde|39/100|[from] Leech Seed|[of] p1a: Ferrothorn
|-heal|p1a: Ferrothorn|83/100|[silent]
|upkeep
|turn|33
|
|t:|1663518616
|move|p2a: Zygarde|Rest|p2a: Zygarde
|-status|p2a: Zygarde|slp|[from] move: Rest
|-heal|p2a: Zygarde|100/100 slp|[silent]
|move|p1a: Ferrothorn|Bullet Seed|p2a: Zygarde
|-damage|p2a: Zygarde|99/100 slp
|-damage|p2a: Zygarde|98/100 slp
|-damage|p2a: Zygarde|97/100 slp
|-damage|p2a: Zygarde|96/100 slp
|-hitcount|p2a: Zygarde|4
|
|-heal|p2a: Zygarde|100/100 slp|[from] item: Leftovers
|-damage|p2a: Zygarde|88/100 slp|[from] Leech Seed|[of] p1a: Ferrothorn
|-heal|p1a: Ferrothorn|100/100|[silent]
|upkeep
|turn|34
|
|t:|1663518620
|cant|p2a: Zygarde|slp
|move|p1a: Ferrothorn|Bullet Seed|p2a: Zygarde
|-damage|p2a: Zygarde|87/100 slp
|-damage|p2a: Zygarde|86/100 slp
|-damage|p2a: Zygarde|85/100 slp
|-hitcount|p2a: Zygarde|3
|
|-heal|p2a: Zygarde|91/100 slp|[from] item: Leftovers
|-damage|p2a: Zygarde|79/100 slp|[from] Leech Seed|[of] p1a: Ferrothorn
|upkeep
|turn|35
|
|t:|1663518627
|cant|p2a: Zygarde|slp
|move|p1a: Ferrothorn|Bullet Seed|p2a: Zygarde
|-damage|p2a: Zygarde|78/100 slp
|-damage|p2a: Zygarde|77/100 slp
|-hitcount|p2a: Zygarde|2
|
|-heal|p2a: Zygarde|83/100 slp|[from] item: Leftovers
|-damage|p2a: Zygarde|70/100 slp|[from] Leech Seed|[of] p1a: Ferrothorn
|upkeep
|turn|36
|c|☆8142e|s/o hrishioo goat for this team
|
|t:|1663518651
|-curestatus|p2a: Zygarde|slp|[msg]
|move|p2a: Zygarde|Scale Shot|p1a: Ferrothorn
|-resisted|p1a: Ferrothorn
|-damage|p1a: Ferrothorn|86/100
|-resisted|p1a: Ferrothorn
|-damage|p1a: Ferrothorn|70/100
|-resisted|p1a: Ferrothorn
|-damage|p1a: Ferrothorn|53/100
|-hitcount|p1a: Ferrothorn|3
|-unboost|p2a: Zygarde|def|1
|-boost|p2a: Zygarde|spe|1
|move|p1a: Ferrothorn|Bullet Seed|p2a: Zygarde
|-damage|p2a: Zygarde|69/100
|-damage|p2a: Zygarde|68/100
|-damage|p2a: Zygarde|67/100
|-hitcount|p2a: Zygarde|3
|
|-heal|p2a: Zygarde|73/100|[from] item: Leftovers
|-damage|p2a: Zygarde|61/100|[from] Leech Seed|[of] p1a: Ferrothorn
|-heal|p1a: Ferrothorn|74/100|[silent]
|upkeep
|turn|37
|
|t:|1663518656
|move|p2a: Zygarde|Coil|p2a: Zygarde
|-boost|p2a: Zygarde|atk|0
|-boost|p2a: Zygarde|def|1
|-boost|p2a: Zygarde|accuracy|0
|move|p1a: Ferrothorn|Bullet Seed|p2a: Zygarde
|-damage|p2a: Zygarde|60/100
|-damage|p2a: Zygarde|59/100
|-damage|p2a: Zygarde|57/100
|-hitcount|p2a: Zygarde|3
|
|-heal|p2a: Zygarde|64/100|[from] item: Leftovers
|-damage|p2a: Zygarde|51/100|[from] Leech Seed|[of] p1a: Ferrothorn
|-heal|p1a: Ferrothorn|95/100|[silent]
|upkeep
|turn|38
|
|t:|1663518674
|move|p2a: Zygarde|Thousand Waves|p1a: Ferrothorn
|-damage|p1a: Ferrothorn|0 fnt
|faint|p1a: Ferrothorn
|
|-heal|p2a: Zygarde|57/100|[from] item: Leftovers
|upkeep
|
|t:|1663518687
|switch|p1a: Eternatus|Eternatus|88/100
|-ability|p1a: Eternatus|Pressure
|turn|39
|
|t:|1663518694
|move|p2a: Zygarde|Thousand Waves|p1a: Eternatus
|-supereffective|p1a: Eternatus
|-damage|p1a: Eternatus|0 fnt
|faint|p1a: Eternatus
|
|-heal|p2a: Zygarde|64/100|[from] item: Leftovers
|upkeep
|
|t:|1663518695
|switch|p1a: Yveltal|Yveltal|51/100 tox
|-ability|p1a: Yveltal|Dark Aura
|turn|40
|
|t:|1663518700
|move|p2a: Zygarde|Scale Shot|p1a: Yveltal
|-damage|p1a: Yveltal|10/100 tox
|-damage|p1a: Yveltal|0 fnt
|faint|p1a: Yveltal
|-hitcount|p1: Yveltal|2
|-unboost|p2a: Zygarde|def|1
|-boost|p2a: Zygarde|spe|1
|
|-heal|p2a: Zygarde|70/100|[from] item: Leftovers
|upkeep
|-message|Luna's Bann3d Now forfeited.
|
|win|8142e
