|inactive|Battle timer is ON: inactive players will automatically lose when time's up.
|t:|1667419360
|gametype|singles
|player|p1|Inder|lucas|
|player|p2|RichardMillePlain|1|
|teamsize|p1|6
|teamsize|p2|6
|gen|8
|tier|[Gen 8] Ubers
|rule|Sleep Clause Mod: Limit one foe put to sleep
|rule|Species Clause: Limit one of each Pokémon
|rule|OHKO Clause: OHKO moves are banned
|rule|Evasion Items Clause: Evasion items are banned
|rule|Evasion Moves Clause: Evasion moves are banned
|rule|Endless Battle Clause: Forcing endless battles is banned
|rule|HP Percentage Mod: HP is shown in percentages
|rule|Dynamax Clause: You cannot dynamax
|clearpoke
|poke|p1|Marshadow|
|poke|p1|Ho-Oh|
|poke|p1|Necrozma-Dusk-Mane|
|poke|p1|Yveltal|
|poke|p1|Eternatus|
|poke|p1|Ferrothorn, F|
|poke|p2|Eternatus|
|poke|p2|Magnezone|
|poke|p2|Xerneas-*|
|poke|p2|Necrozma-Dusk-Mane|
|poke|p2|Yveltal|
|poke|p2|Kyurem-Black|
|teampreview
|inactive|Inder also wants the timer to be on.
|c|☆Inder|hf
|c|☆RichardMillePlain|hf
|
|t:|1667419371
|start
|switch|p1a: Ho-Oh|Ho-Oh|100/100
|switch|p2a: Eternatus|Eternatus|100/100
|-ability|p2a: Eternatus|Pressure
|turn|1
|
|t:|1667419377
|switch|p2a: Magnezone|Magnezone|100/100
|-item|p2a: Magnezone|Air Balloon
|switch|p1a: Necrozma|Necrozma-Dusk-Mane|100/100
|
|upkeep
|turn|2
|
|t:|1667419380
|move|p2a: Magnezone|Iron Defense|p2a: Magnezone
|-boost|p2a: Magnezone|def|2
|move|p1a: Necrozma|Stealth Rock|p2a: Magnezone
|-sidestart|p2: RichardMillePlain|move: Stealth Rock
|
|upkeep
|turn|3
|
|t:|1667419382
|move|p2a: Magnezone|Iron Defense|p2a: Magnezone
|-boost|p2a: Magnezone|def|2
|move|p1a: Necrozma|Iron Head|p2a: Magnezone
|-resisted|p2a: Magnezone
|-damage|p2a: Magnezone|98/100
|-enditem|p2a: Magnezone|Air Balloon
|
|upkeep
|turn|4
|
|t:|1667419384
|move|p2a: Magnezone|Magnet Rise|p2a: Magnezone
|-start|p2a: Magnezone|Magnet Rise
|move|p1a: Necrozma|Iron Head|p2a: Magnezone
|-resisted|p2a: Magnezone
|-damage|p2a: Magnezone|94/100
|
|upkeep
|turn|5
|
|t:|1667419386
|move|p2a: Magnezone|Iron Defense|p2a: Magnezone
|-boost|p2a: Magnezone|def|2
|move|p1a: Necrozma|Iron Head|p2a: Magnezone
|-resisted|p2a: Magnezone
|-damage|p2a: Magnezone|92/100
|
|upkeep
|turn|6
|
|t:|1667419387
|move|p2a: Magnezone|Body Press|p1a: Necrozma
|-damage|p1a: Necrozma|30/100
|move|p1a: Necrozma|Iron Head|p2a: Magnezone
|-resisted|p2a: Magnezone
|-damage|p2a: Magnezone|90/100
|
|-heal|p1a: Necrozma|36/100|[from] item: Leftovers
|upkeep
|turn|7
|
|t:|1667419390
|move|p2a: Magnezone|Body Press|p1a: Necrozma
|-damage|p1a: Necrozma|0 fnt
|faint|p1a: Necrozma
|
|upkeep
|
|t:|1667419393
|switch|p1a: Ho-Oh|Ho-Oh|100/100
|turn|8
|
|t:|1667419395
|move|p1a: Ho-Oh|Flare Blitz|p2a: Magnezone
|-supereffective|p2a: Magnezone
|-damage|p2a: Magnezone|45/100
|-damage|p1a: Ho-Oh|89/100|[from] Recoil
|move|p2a: Magnezone|Discharge|p1a: Ho-Oh
|-supereffective|p1a: Ho-Oh
|-damage|p1a: Ho-Oh|39/100
|
|-end|p2a: Magnezone|Magnet Rise
|upkeep
|turn|9
|
|t:|1667419400
|switch|p1a: Eternatus|Eternatus|100/100
|-ability|p1a: Eternatus|Pressure
|move|p2a: Magnezone|Discharge|p1a: Eternatus
|-resisted|p1a: Eternatus
|-damage|p1a: Eternatus|89/100
|-status|p1a: Eternatus|par
|
|upkeep
|turn|10
|
|t:|1667419402
|switch|p2a: Necrozma|Necrozma-Dusk-Mane|100/100
|-damage|p2a: Necrozma|94/100|[from] Stealth Rock
|move|p1a: Eternatus|Mystical Fire|p2a: Necrozma
|-supereffective|p2a: Necrozma
|-damage|p2a: Necrozma|73/100
|-unboost|p2a: Necrozma|spa|1
|
|-heal|p2a: Necrozma|79/100|[from] item: Leftovers
|upkeep
|turn|11
|
|t:|1667419407
|switch|p1a: Ho-Oh|Ho-Oh|72/100
|move|p2a: Necrozma|Stealth Rock|p1a: Ho-Oh
|-sidestart|p1: Inder|move: Stealth Rock
|
|-heal|p2a: Necrozma|85/100|[from] item: Leftovers
|upkeep
|turn|12
|
|t:|1667419409
|switch|p2a: Magnezone|Magnezone|45/100
|-damage|p2a: Magnezone|39/100|[from] Stealth Rock
|move|p1a: Ho-Oh|Flare Blitz|p2a: Magnezone
|-supereffective|p2a: Magnezone
|-damage|p2a: Magnezone|0 fnt
|faint|p2a: Magnezone
|-damage|p1a: Ho-Oh|62/100|[from] Recoil
|
|upkeep
|
|t:|1667419411
|switch|p2a: Eternatus|Eternatus|100/100
|-damage|p2a: Eternatus|88/100|[from] Stealth Rock
|-ability|p2a: Eternatus|Pressure
|turn|13
|
|t:|1667419420
|switch|p1a: Ferrothorn|Ferrothorn, F|100/100
|-damage|p1a: Ferrothorn|95/100|[from] Stealth Rock
|move|p2a: Eternatus|Meteor Beam||[still]
|-prepare|p2a: Eternatus|Meteor Beam
|-boost|p2a: Eternatus|spa|1
|-enditem|p2a: Eternatus|Power Herb
|-anim|p2a: Eternatus|Meteor Beam|p1a: Ferrothorn
|-resisted|p1a: Ferrothorn
|-damage|p1a: Ferrothorn|73/100
|
|-heal|p1a: Ferrothorn|79/100|[from] item: Leftovers
|upkeep
|turn|14
|
|t:|1667419422
|switch|p1a: Eternatus|Eternatus|89/100 par
|-damage|p1a: Eternatus|76/100 par|[from] Stealth Rock
|-ability|p1a: Eternatus|Pressure
|move|p2a: Eternatus|Flamethrower|p1a: Eternatus
|-resisted|p1a: Eternatus
|-damage|p1a: Eternatus|60/100 par
|
|upkeep
|turn|15
|
|t:|1667419424
|move|p2a: Eternatus|Dynamax Cannon|p1a: Eternatus
|-supereffective|p1a: Eternatus
|-damage|p1a: Eternatus|0 fnt
|faint|p1a: Eternatus
|
|upkeep
|
|t:|1667419425
|switch|p1a: Marshadow|Marshadow|100/100
|-damage|p1a: Marshadow|94/100|[from] Stealth Rock
|turn|16
|
|t:|1667419427
|move|p2a: Eternatus|Dynamax Cannon|p1a: Marshadow
|-damage|p1a: Marshadow|2/100
|move|p1a: Marshadow|Spectral Thief||[still]
|-clearpositiveboost|p2a: Eternatus|p1a: Marshadow|move: Spectral Thief
|-boost|p1a: Marshadow|spa|1
|-anim|p1a: Marshadow|Spectral Thief|p2a: Eternatus
|-damage|p2a: Eternatus|33/100
|
|upkeep
|turn|17
|
|t:|1667419431
|move|p1a: Marshadow|Shadow Sneak|p2a: Eternatus
|-damage|p2a: Eternatus|0 fnt
|faint|p2a: Eternatus
|
|upkeep
|
|t:|1667419433
|switch|p2a: Yveltal|Yveltal|100/100
|-ability|p2a: Yveltal|Dark Aura
|turn|18
|
|t:|1667419436
|switch|p1a: Yveltal|Yveltal|100/100
|-ability|p1a: Yveltal|Dark Aura
|move|p2a: Yveltal|Knock Off|p1a: Yveltal
|-resisted|p1a: Yveltal
|-damage|p1a: Yveltal|78/100
|-enditem|p1a: Yveltal|Heavy-Duty Boots|[from] move: Knock Off|[of] p2a: Yveltal
|
|upkeep
|turn|19
|
|t:|1667419441
|switch|p2a: Necrozma|Necrozma-Dusk-Mane|85/100
|-damage|p2a: Necrozma|79/100|[from] Stealth Rock
|move|p1a: Yveltal|Defog|p2a: Necrozma
|-unboost|p2a: Necrozma|evasion|1
|-sideend|p2: RichardMillePlain|Stealth Rock|[from] move: Defog|[of] p1a: Yveltal
|-sideend|p1: Inder|Stealth Rock|[from] move: Defog|[of] p1a: Yveltal
|
|-heal|p2a: Necrozma|85/100|[from] item: Leftovers
|upkeep
|turn|20
|
|t:|1667419444
|move|p1a: Yveltal|Knock Off|p2a: Necrozma
|-supereffective|p2a: Necrozma
|-damage|p2a: Necrozma|24/100
|-enditem|p2a: Necrozma|Leftovers|[from] move: Knock Off|[of] p1a: Yveltal
|move|p2a: Necrozma|Thunder Wave|p1a: Yveltal
|-status|p1a: Yveltal|par
|
|upkeep
|turn|21
|
|t:|1667419447
|switch|p1a: Ho-Oh|Ho-Oh|95/100
|move|p2a: Necrozma|Stealth Rock|p1a: Ho-Oh
|-sidestart|p1: Inder|move: Stealth Rock
|
|upkeep
|turn|22
|
|t:|1667419453
|move|p1a: Ho-Oh|Sacred Fire|p2a: Necrozma
|-supereffective|p2a: Necrozma
|-damage|p2a: Necrozma|0 fnt
|faint|p2a: Necrozma
|
|upkeep
|
|t:|1667419455
|switch|p2a: Yveltal|Yveltal|100/100
|-ability|p2a: Yveltal|Dark Aura
|turn|23
|
|t:|1667419459
|move|p2a: Yveltal|Knock Off|p1a: Ho-Oh
|-damage|p1a: Ho-Oh|38/100
|-enditem|p1a: Ho-Oh|Choice Band|[from] move: Knock Off|[of] p2a: Yveltal
|move|p1a: Ho-Oh|Sacred Fire|p2a: Yveltal
|-damage|p2a: Yveltal|53/100
|-status|p2a: Yveltal|brn
|
|-damage|p2a: Yveltal|47/100 brn|[from] brn
|upkeep
|turn|24
|
|t:|1667419468
|switch|p2a: Kyurem|Kyurem-Black|100/100
|-ability|p2a: Kyurem|Teravolt
|move|p1a: Ho-Oh|Sacred Fire|p2a: Kyurem
|-damage|p2a: Kyurem|50/100
|
|upkeep
|turn|25
|c|☆Inder|ggs
|-message|Inder forfeited.
|
|win|RichardMillePlain
|c|☆RichardMillePlain|ggs
