|inactive|Battle timer is ON: inactive players will automatically lose when time's up.
|t:|1667578681
|gametype|singles
|player|p1|Inder|lucas|
|player|p2|RichardMillePlain|266|
|teamsize|p1|6
|teamsize|p2|6
|gen|8
|tier|[Gen 8] Ubers
|rule|Sleep Clause Mod: Limit one foe put to sleep
|rule|Species Clause: Limit one of each Pokémon
|rule|OHKO Clause: OHKO moves are banned
|rule|Evasion Items Clause: Evasion items are banned
|rule|Evasion Moves Clause: Evasion moves are banned
|rule|Endless Battle Clause: Forcing endless battles is banned
|rule|HP Percentage Mod: HP is shown in percentages
|rule|Dynamax Clause: You cannot dynamax
|clearpoke
|poke|p1|Necrozma-Dusk-Mane|
|poke|p1|Calyrex-Shadow|
|poke|p1|Eternatus|
|poke|p1|Groudon|
|poke|p1|Yveltal|
|poke|p1|Zekrom|
|poke|p2|Palkia|
|poke|p2|Necrozma-Dusk-Mane|
|poke|p2|Kyogre|
|poke|p2|Landorus-Therian, M|
|poke|p2|Eternatus|
|poke|p2|Yveltal|
|teampreview
|inactive|Inder also wants the timer to be on.
|c|☆Inder|hf
|c|☆RichardMillePlain|hf
|
|t:|1667578692
|start
|switch|p1a: Zekrom|Zekrom|100/100
|switch|p2a: Palkia|Palkia|100/100
|-ability|p2a: Palkia|Pressure
|-ability|p1a: Zekrom|Teravolt
|turn|1
|
|t:|1667578697
|switch|p1a: Groudon|Groudon|100/100
|-weather|SunnyDay|[from] ability: Drought|[of] p1a: Groudon
|move|p2a: Palkia|Substitute|p2a: Palkia
|-start|p2a: Palkia|Substitute
|-damage|p2a: Palkia|76/100
|
|-weather|SunnyDay|[upkeep]
|-heal|p2a: Palkia|82/100|[from] item: Leftovers
|upkeep
|turn|2
|
|t:|1667578702
|move|p2a: Palkia|Bulk Up|p2a: Palkia
|-boost|p2a: Palkia|atk|1
|-boost|p2a: Palkia|def|1
|move|p1a: Groudon|Earthquake|p2a: Palkia
|-end|p2a: Palkia|Substitute
|
|-weather|SunnyDay|[upkeep]
|-heal|p2a: Palkia|88/100|[from] item: Leftovers
|upkeep
|turn|3
|
|t:|1667578706
|move|p2a: Palkia|Substitute|p2a: Palkia
|-start|p2a: Palkia|Substitute
|-damage|p2a: Palkia|63/100
|move|p1a: Groudon|Toxic||[still]
|-fail|p1a: Groudon
|
|-weather|SunnyDay|[upkeep]
|-heal|p2a: Palkia|69/100|[from] item: Leftovers
|upkeep
|turn|4
|
|t:|1667578726
|move|p2a: Palkia|Bulk Up|p2a: Palkia
|-boost|p2a: Palkia|atk|1
|-boost|p2a: Palkia|def|1
|move|p1a: Groudon|Earthquake|p2a: Palkia
|-activate|p2a: Palkia|move: Substitute|[damage]
|
|-weather|SunnyDay|[upkeep]
|-heal|p2a: Palkia|75/100|[from] item: Leftovers
|upkeep
|turn|5
|
|t:|1667578733
|move|p2a: Palkia|Bulk Up|p2a: Palkia
|-boost|p2a: Palkia|atk|1
|-boost|p2a: Palkia|def|1
|move|p1a: Groudon|Stealth Rock|p2a: Palkia
|-sidestart|p2: RichardMillePlain|move: Stealth Rock
|
|-weather|none
|-heal|p2a: Palkia|81/100|[from] item: Leftovers
|upkeep
|turn|6
|
|t:|1667578742
|switch|p1a: Eternatus|Eternatus|100/100
|-ability|p1a: Eternatus|Pressure
|move|p2a: Palkia|Liquidation|p1a: Eternatus
|-resisted|p1a: Eternatus
|-damage|p1a: Eternatus|65/100
|
|-heal|p1a: Eternatus|71/100|[from] item: Black Sludge
|-heal|p2a: Palkia|87/100|[from] item: Leftovers
|upkeep
|turn|7
|
|t:|1667578747
|move|p1a: Eternatus|Draco Meteor|p2a: Palkia
|-supereffective|p2a: Palkia
|-end|p2a: Palkia|Substitute
|-unboost|p1a: Eternatus|spa|2
|move|p2a: Palkia|Scale Shot|p1a: Eternatus
|-supereffective|p1a: Eternatus
|-damage|p1a: Eternatus|28/100
|-supereffective|p1a: Eternatus
|-damage|p1a: Eternatus|0 fnt
|faint|p1a: Eternatus
|-hitcount|p1: Eternatus|2
|-unboost|p2a: Palkia|def|1
|-boost|p2a: Palkia|spe|1
|
|-heal|p2a: Palkia|93/100|[from] item: Leftovers
|upkeep
|
|t:|1667578755
|switch|p1a: Calyrex|Calyrex-Shadow|100/100
|-ability|p1a: Calyrex|As One
|-ability|p1a: Calyrex|Unnerve
|turn|8
|
|t:|1667578758
|move|p2a: Palkia|Liquidation|p1a: Calyrex
|-damage|p1a: Calyrex|0 fnt
|faint|p1a: Calyrex
|
|-heal|p2a: Palkia|99/100|[from] item: Leftovers
|upkeep
|c|☆Inder|gg
|c|☆Inder|terrible
|c|☆RichardMillePlain|gg
|-message|Inder forfeited.
|
|win|RichardMillePlain
