|inactive|Battle timer is ON: inactive players will automatically lose when time's up.
|t:|1622987933
|gametype|singles
|player|p1|Maxomega|zinnia|
|player|p2|Rhmsitb|red-gen1rb|
|teamsize|p1|6
|teamsize|p2|6
|gen|8
|tier|[Gen 8] Ubers
|rule|Sleep Clause Mod: Limit one foe put to sleep
|rule|Species Clause: Limit one of each Pokémon
|rule|OHKO Clause: OHKO moves are banned
|rule|Evasion Moves Clause: Evasion moves are banned
|rule|Endless Battle Clause: Forcing endless battles is banned
|rule|HP Percentage Mod: HP is shown in percentages
|rule|Dynamax Clause: You cannot dynamax
|clearpoke
|poke|p1|Yveltal|
|poke|p1|Skarmory, F|
|poke|p1|Necrozma-Dusk-Mane|
|poke|p1|Groudon|
|poke|p1|Eternatus|
|poke|p1|Calyrex-Shadow|
|poke|p2|Rayquaza|
|poke|p2|Ho-Oh|
|poke|p2|Eternatus|
|poke|p2|Xerneas-*|
|poke|p2|Necrozma-Dusk-Mane|
|poke|p2|Yveltal|
|teampreview
|inactive|Maxomega also wants the timer to be on.
|c|☆Rhmsitb|glhf
|c|+steel skitty|upl premiere leage?
|c|☆Maxomega|you too
|inactive|Maxomega has 270 seconds left.
|inactive|Rhmsitb has 270 seconds left.
|c|☆Maxomega|yeah steel
|c|+Mega Zygarde-100%|Gooooo bhai
|c|+Manaphy-- smog|are you guys perhaps
|c|+Mega Zygarde-100%|LETS WIN
|inactive|Maxomega has 240 seconds left.
|inactive|Rhmsitb has 240 seconds left.
|inactive|Maxomega has 210 seconds left.
|
|t:|1622988042
|start
|switch|p1a: Placard à soleil|Necrozma-Dusk-Mane|100/100
|switch|p2a: Xerneas|Xerneas|100/100
|-ability|p2a: Xerneas|Fairy Aura
|turn|1
|c|+Staxi|tg fdp steelskitty
|inactive|Maxomega has 240 seconds left.
|inactive|Rhmsitb has 270 seconds left.
|
|t:|1622988081
|switch|p2a: Necrozma|Necrozma-Dusk-Mane|100/100
|switch|p1a: Placard à matière|Eternatus|100/100
|-ability|p1a: Placard à matière|Pressure
|
|upkeep
|turn|2
|inactive|Rhmsitb has 270 seconds left.
|
|t:|1622988092
|move|p1a: Placard à matière|Flamethrower|p2a: Necrozma
|-supereffective|p2a: Necrozma
|-damage|p2a: Necrozma|64/100
|move|p2a: Necrozma|Stealth Rock|p1a: Placard à matière
|-sidestart|p1: Maxomega|move: Stealth Rock
|
|-heal|p2a: Necrozma|70/100|[from] item: Leftovers
|upkeep
|turn|3
|inactive|Rhmsitb has 270 seconds left.
|
|t:|1622988124
|move|p1a: Placard à matière|Flamethrower|p2a: Necrozma
|-supereffective|p2a: Necrozma
|-damage|p2a: Necrozma|33/100
|move|p2a: Necrozma|Earthquake|p1a: Placard à matière
|-supereffective|p1a: Placard à matière
|-damage|p1a: Placard à matière|54/100
|
|-heal|p2a: Necrozma|39/100|[from] item: Leftovers
|upkeep
|turn|4
|inactive|Maxomega has 240 seconds left.
|inactive|Rhmsitb has 240 seconds left.
|
|t:|1622988150
|move|p1a: Placard à matière|Flamethrower|p2a: Necrozma
|-supereffective|p2a: Necrozma
|-damage|p2a: Necrozma|4/100
|move|p2a: Necrozma|Morning Sun|p2a: Necrozma
|-heal|p2a: Necrozma|54/100
|
|-heal|p2a: Necrozma|60/100|[from] item: Leftovers
|upkeep
|turn|5
|c|+Mega Zygarde-100%|nooo...
|c|+Mega Zygarde-100%|Wait
|c|+Mega Zygarde-100%|YESS
|
|t:|1622988160
|move|p1a: Placard à matière|Recover|p1a: Placard à matière
|-heal|p1a: Placard à matière|100/100
|move|p2a: Necrozma|Morning Sun|p2a: Necrozma
|-heal|p2a: Necrozma|100/100
|
|upkeep
|turn|6
|
|t:|1622988168
|switch|p2a: Ho-Oh|Ho-Oh|100/100
|move|p1a: Placard à matière|Toxic|p2a: Ho-Oh
|-status|p2a: Ho-Oh|tox
|
|-damage|p2a: Ho-Oh|94/100 tox|[from] psn
|upkeep
|turn|7
|inactive|Maxomega has 240 seconds left.
|
|t:|1622988190
|move|p1a: Placard à matière|Flamethrower|p2a: Ho-Oh
|-resisted|p2a: Ho-Oh
|-damage|p2a: Ho-Oh|87/100 tox
|move|p2a: Ho-Oh|Sacred Fire|p1a: Placard à matière
|-resisted|p1a: Placard à matière
|-damage|p1a: Placard à matière|85/100
|-status|p1a: Placard à matière|brn
|
|-damage|p2a: Ho-Oh|75/100 tox|[from] psn
|-damage|p1a: Placard à matière|79/100 brn|[from] brn
|upkeep
|turn|8
|
|t:|1622988202
|move|p1a: Placard à matière|Flamethrower|p2a: Ho-Oh
|-resisted|p2a: Ho-Oh
|-damage|p2a: Ho-Oh|68/100 tox
|move|p2a: Ho-Oh|Sacred Fire|p1a: Placard à matière
|-resisted|p1a: Placard à matière
|-damage|p1a: Placard à matière|62/100 brn
|
|-damage|p2a: Ho-Oh|50/100 tox|[from] psn
|-damage|p1a: Placard à matière|56/100 brn|[from] brn
|upkeep
|turn|9
|
|t:|1622988211
|switch|p2a: Xerneas|Xerneas|100/100
|-ability|p2a: Xerneas|Fairy Aura
|move|p1a: Placard à matière|Recover|p1a: Placard à matière
|-heal|p1a: Placard à matière|100/100 brn
|
|-damage|p1a: Placard à matière|94/100 brn|[from] brn
|upkeep
|turn|10
|inactive|Maxomega has 240 seconds left.
|inactive|Rhmsitb has 270 seconds left.
|
|t:|1622988224
|switch|p2a: Ho-Oh|Ho-Oh|83/100 tox
|move|p1a: Placard à matière|Toxic|p2a: Ho-Oh
|-fail|p2a: Ho-Oh|tox
|
|-damage|p2a: Ho-Oh|77/100 tox|[from] psn
|-damage|p1a: Placard à matière|88/100 brn|[from] brn
|upkeep
|turn|11
|inactive|Rhmsitb has 270 seconds left.
|inactive|Maxomega has 240 seconds left.
|
|t:|1622988240
|switch|p2a: Xerneas|Xerneas|100/100
|-ability|p2a: Xerneas|Fairy Aura
|move|p1a: Placard à matière|Flamethrower|p2a: Xerneas
|-damage|p2a: Xerneas|80/100
|-status|p2a: Xerneas|brn
|
|-heal|p2a: Xerneas|86/100 brn|[from] item: Leftovers
|-damage|p1a: Placard à matière|82/100 brn|[from] brn
|-damage|p2a: Xerneas|80/100 brn|[from] brn
|upkeep
|turn|12
|inactive|Maxomega has 240 seconds left.
|inactive|Rhmsitb has 270 seconds left.
|
|t:|1622988258
|switch|p1a: Placard à métal|Skarmory, F|100/100
|-damage|p1a: Placard à métal|88/100|[from] Stealth Rock
|move|p2a: Xerneas|Aromatherapy|p2a: Xerneas
|-activate|p2a: Xerneas|move: Aromatherapy
|-curestatus|p2a: Xerneas|brn|[msg]
|-curestatus|p2: Ho-Oh|tox|[msg]
|
|-heal|p2a: Xerneas|86/100|[from] item: Leftovers
|upkeep
|turn|13
|inactive|Rhmsitb has 270 seconds left.
|
|t:|1622988269
|switch|p2a: Eternatus|Eternatus|100/100
|-ability|p2a: Eternatus|Pressure
|move|p1a: Placard à métal|Spikes|p2a: Eternatus
|-sidestart|p2: Rhmsitb|Spikes
|
|upkeep
|turn|14
|inactive|Maxomega has 240 seconds left.
|inactive|Rhmsitb has 270 seconds left.
|
|t:|1622988286
|switch|p1a: Placard à soleil|Necrozma-Dusk-Mane|100/100
|-damage|p1a: Placard à soleil|94/100|[from] Stealth Rock
|move|p2a: Eternatus|Mystical Fire|p1a: Placard à soleil
|-supereffective|p1a: Placard à soleil
|-damage|p1a: Placard à soleil|65/100
|-unboost|p1a: Placard à soleil|spa|1
|
|upkeep
|turn|15
|inactive|Rhmsitb has 270 seconds left.
|
|t:|1622988314
|switch|p2a: Necrozma|Necrozma-Dusk-Mane|100/100
|-damage|p2a: Necrozma|88/100|[from] Spikes
|move|p1a: Placard à soleil|Moonlight|p1a: Placard à soleil
|-heal|p1a: Placard à soleil|100/100
|
|-heal|p2a: Necrozma|94/100|[from] item: Leftovers
|upkeep
|turn|16
|
|t:|1622988329
|switch|p1a: Placard à métal|Skarmory, F|88/100
|-damage|p1a: Placard à métal|76/100|[from] Stealth Rock
|move|p2a: Necrozma|Stealth Rock||[still]
|-fail|p2a: Necrozma
|
|-heal|p2a: Necrozma|99/100|[from] item: Leftovers
|upkeep
|turn|17
|
|t:|1622988335
|switch|p2a: Ho-Oh|Ho-Oh|100/100
|move|p1a: Placard à métal|Roost|p1a: Placard à métal
|-heal|p1a: Placard à métal|100/100
|-singleturn|p1a: Placard à métal|move: Roost
|
|upkeep
|turn|18
|
|t:|1622988347
|switch|p1a: Placard à matière|Eternatus|82/100 brn
|-ability|p1a: Placard à matière|Pressure
|move|p2a: Ho-Oh|Defog|p1a: Placard à matière
|-unboost|p1a: Placard à matière|evasion|1
|-sideend|p1: Maxomega|Stealth Rock|[from] move: Defog|[of] p2a: Ho-Oh
|-sideend|p2: Rhmsitb|Spikes|[from] move: Defog|[of] p2a: Ho-Oh
|
|-damage|p1a: Placard à matière|76/100 brn|[from] brn
|upkeep
|turn|19
|
|t:|1622988360
|switch|p2a: Xerneas|Xerneas|86/100
|-ability|p2a: Xerneas|Fairy Aura
|move|p1a: Placard à matière|Flamethrower|p2a: Xerneas
|-damage|p2a: Xerneas|66/100
|
|-heal|p2a: Xerneas|72/100|[from] item: Leftovers
|-damage|p1a: Placard à matière|70/100 brn|[from] brn
|upkeep
|turn|20
|
|t:|1622988368
|switch|p2a: Necrozma|Necrozma-Dusk-Mane|99/100
|move|p1a: Placard à matière|Toxic|p2a: Necrozma
|-immune|p2a: Necrozma
|
|-heal|p2a: Necrozma|100/100|[from] item: Leftovers
|-damage|p1a: Placard à matière|64/100 brn|[from] brn
|upkeep
|turn|21
|
|t:|1622988372
|move|p1a: Placard à matière|Recover|p1a: Placard à matière
|-heal|p1a: Placard à matière|100/100 brn
|move|p2a: Necrozma|Stealth Rock|p1a: Placard à matière
|-sidestart|p1: Maxomega|move: Stealth Rock
|
|-damage|p1a: Placard à matière|94/100 brn|[from] brn
|upkeep
|turn|22
|
|t:|1622988378
|move|p1a: Placard à matière|Flamethrower|p2a: Necrozma
|-supereffective|p2a: Necrozma
|-damage|p2a: Necrozma|64/100
|move|p2a: Necrozma|Earthquake|p1a: Placard à matière
|-supereffective|p1a: Placard à matière
|-crit|p1a: Placard à matière
|-damage|p1a: Placard à matière|12/100 brn
|
|-heal|p2a: Necrozma|70/100|[from] item: Leftovers
|-damage|p1a: Placard à matière|6/100 brn|[from] brn
|upkeep
|turn|23
|inactive|Maxomega has 270 seconds left.
|
|t:|1622988412
|switch|p1a: Placard à terre|Groudon|100/100
|-damage|p1a: Placard à terre|94/100|[from] Stealth Rock
|-weather|SunnyDay|[from] ability: Drought|[of] p1a: Placard à terre
|move|p2a: Necrozma|Earthquake|p1a: Placard à terre
|-damage|p1a: Placard à terre|76/100
|
|-weather|SunnyDay|[upkeep]
|-heal|p1a: Placard à terre|82/100|[from] item: Leftovers
|-heal|p2a: Necrozma|76/100|[from] item: Leftovers
|upkeep
|turn|24
|
|t:|1622988422
|switch|p2a: Xerneas|Xerneas|72/100
|-ability|p2a: Xerneas|Fairy Aura
|move|p1a: Placard à terre|Stealth Rock|p2a: Xerneas
|-sidestart|p2: Rhmsitb|move: Stealth Rock
|
|-weather|SunnyDay|[upkeep]
|-heal|p2a: Xerneas|78/100|[from] item: Leftovers
|-heal|p1a: Placard à terre|88/100|[from] item: Leftovers
|upkeep
|turn|25
|
|t:|1622988430
|switch|p1a: Placard à métal|Skarmory, F|100/100
|-damage|p1a: Placard à métal|88/100|[from] Stealth Rock
|move|p2a: Xerneas|Moonblast|p1a: Placard à métal
|-resisted|p1a: Placard à métal
|-crit|p1a: Placard à métal
|-damage|p1a: Placard à métal|31/100
|
|-weather|SunnyDay|[upkeep]
|-heal|p2a: Xerneas|84/100|[from] item: Leftovers
|upkeep
|turn|26
|c|☆Maxomega|,
|
|t:|1622988443
|switch|p1a: Placard à soleil|Necrozma-Dusk-Mane|100/100
|-damage|p1a: Placard à soleil|94/100|[from] Stealth Rock
|move|p2a: Xerneas|Moonblast|p1a: Placard à soleil
|-resisted|p1a: Placard à soleil
|-damage|p1a: Placard à soleil|72/100
|
|-weather|SunnyDay|[upkeep]
|-heal|p2a: Xerneas|91/100|[from] item: Leftovers
|upkeep
|turn|27
|
|t:|1622988453
|switch|p2a: Necrozma|Necrozma-Dusk-Mane|76/100
|-damage|p2a: Necrozma|70/100|[from] Stealth Rock
|switch|p1a: Placard à terre|Groudon|88/100
|-damage|p1a: Placard à terre|82/100|[from] Stealth Rock
|
|-weather|none
|-heal|p1a: Placard à terre|88/100|[from] item: Leftovers
|-heal|p2a: Necrozma|76/100|[from] item: Leftovers
|upkeep
|turn|28
|inactive|Rhmsitb has 270 seconds left.
|
|t:|1622988504
|switch|p2a: Xerneas|Xerneas|91/100
|-damage|p2a: Xerneas|78/100|[from] Stealth Rock
|-ability|p2a: Xerneas|Fairy Aura
|move|p1a: Placard à terre|Swords Dance|p1a: Placard à terre
|-boost|p1a: Placard à terre|atk|2
|
|-heal|p2a: Xerneas|84/100|[from] item: Leftovers
|-heal|p1a: Placard à terre|95/100|[from] item: Leftovers
|upkeep
|turn|29
|inactive|Maxomega has 270 seconds left.
|
|t:|1622988518
|move|p2a: Xerneas|Moonblast|p1a: Placard à terre
|-damage|p1a: Placard à terre|40/100
|move|p1a: Placard à terre|Precipice Blades|p2a: Xerneas
|-damage|p2a: Xerneas|10/100
|
|-heal|p2a: Xerneas|16/100|[from] item: Leftovers
|-heal|p1a: Placard à terre|46/100|[from] item: Leftovers
|upkeep
|turn|30
|inactive|Maxomega has 270 seconds left.
|
|t:|1622988532
|switch|p1a: Placard à cheval|Calyrex-Shadow|100/100
|-ability|p1a: Placard à cheval|As One
|-ability|p1a: Placard à cheval|Unnerve
|-damage|p1a: Placard à cheval|88/100|[from] Stealth Rock
|move|p2a: Xerneas|Moonblast|p1a: Placard à cheval
|-damage|p1a: Placard à cheval|36/100
|
|-heal|p2a: Xerneas|22/100|[from] item: Leftovers
|upkeep
|turn|31
|inactive|Maxomega has 270 seconds left.
|
|t:|1622988543
|switch|p2a: Ho-Oh|Ho-Oh|100/100
|move|p1a: Placard à cheval|Trick|p2a: Ho-Oh
|-activate|p1a: Placard à cheval|move: Trick|[of] p2a: Ho-Oh
|-item|p2a: Ho-Oh|Choice Specs|[from] move: Trick
|-item|p1a: Placard à cheval|Heavy-Duty Boots|[from] move: Trick
|
|upkeep
|turn|32
|inactive|Maxomega has 270 seconds left.
|
|t:|1622988555
|switch|p2a: Yveltal|Yveltal|100/100
|-ability|p2a: Yveltal|Dark Aura
|move|p1a: Placard à cheval|Aromatherapy|p1a: Placard à cheval
|-activate|p1a: Placard à cheval|move: Aromatherapy
|-curestatus|p1: Placard à matière|brn|[msg]
|
|upkeep
|turn|33
|inactive|Rhmsitb has 270 seconds left.
|inactive|Maxomega has 270 seconds left.
|
|t:|1622988576
|switch|p1a: Placard à dark|Yveltal|100/100
|-ability|p1a: Placard à dark|Dark Aura
|move|p2a: Yveltal|U-turn|p1a: Placard à dark
|-damage|p1a: Placard à dark|85/100
|
|t:|1622988581
|switch|p2a: Xerneas|Xerneas|22/100|[from]move: U-turn
|-damage|p2a: Xerneas|9/100|[from] Stealth Rock
|-ability|p2a: Xerneas|Fairy Aura
|
|-heal|p2a: Xerneas|16/100|[from] item: Leftovers
|upkeep
|turn|34
|inactive|Maxomega has 270 seconds left.
|inactive|Rhmsitb has 270 seconds left.
|c|+Indercover|Maxo tu degoutes
|c|+Indercover|tu joues moonlight
|c|+Indercover|sur ndm
|c|+benbe|oui
|c|+steel skitty|tg inder
|
|t:|1622988611
|move|p1a: Placard à dark|Knock Off|p2a: Xerneas
|-resisted|p2a: Xerneas
|-damage|p2a: Xerneas|0 fnt
|-enditem|p2a: Xerneas|Leftovers|[from] move: Knock Off|[of] p1a: Placard à dark
|faint|p2a: Xerneas
|
|upkeep
|c|+Indercover|LOL
|inactive|Rhmsitb has 270 seconds left.
|c|☆Maxomega|merci steel
|c|+Staxi|mdr
|
|t:|1622988623
|switch|p2a: Eternatus|Eternatus|100/100
|-damage|p2a: Eternatus|88/100|[from] Stealth Rock
|-ability|p2a: Eternatus|Pressure
|turn|35
|c|+Indercover|Fck u
|inactive|Rhmsitb has 270 seconds left.
|
|t:|1622988629
|switch|p1a: Placard à soleil|Necrozma-Dusk-Mane|72/100
|-damage|p1a: Placard à soleil|66/100|[from] Stealth Rock
|move|p2a: Eternatus|Toxic|p1a: Placard à soleil
|-immune|p1a: Placard à soleil
|
|-heal|p2a: Eternatus|94/100|[from] item: Black Sludge
|upkeep
|turn|36
|c|+Lasen|pdt ss
|inactive|Rhmsitb has 270 seconds left.
|c|☆Maxomega|moonlight > morning
|c|☆Maxomega|Indercover
|c|+Paradise Seeker|. 
|c|+Mega Zygarde-100%|.
|inactive|Rhmsitb has 240 seconds left.
|c|+Mega Zygarde-100%|Can i speak in hindi too
|c|+Lasen|no
|c|+steel skitty|no.
|c|☆Rhmsitb|ye
|c|+Mega Zygarde-100%|So why french
|c|+Mega Zygarde-100%|LOL
|c|+steel skitty|mdr
|c|+steel skitty|ok le monde
|inactive|Rhmsitb has 210 seconds left.
|c|+Mega Zygarde-100%|bonjour
|
|t:|1622988701
|switch|p2a: Yveltal|Yveltal|100/100
|-ability|p2a: Yveltal|Dark Aura
|move|p1a: Placard à soleil|Moonlight|p1a: Placard à soleil
|-heal|p1a: Placard à soleil|100/100
|
|upkeep
|turn|37
|
|t:|1622988711
|switch|p1a: Placard à dark|Yveltal|85/100
|-ability|p1a: Placard à dark|Dark Aura
|move|p2a: Yveltal|Knock Off|p1a: Placard à dark
|-resisted|p1a: Placard à dark
|-damage|p1a: Placard à dark|61/100
|-enditem|p1a: Placard à dark|Heavy-Duty Boots|[from] move: Knock Off|[of] p2a: Yveltal
|
|upkeep
|turn|38
|c|+Indercover|Maxomega Said moonlight > morning sun
|
|t:|1622988717
|move|p1a: Placard à dark|Knock Off|p2a: Yveltal
|-resisted|p2a: Yveltal
|-damage|p2a: Yveltal|75/100
|-enditem|p2a: Yveltal|Heavy-Duty Boots|[from] move: Knock Off|[of] p1a: Placard à dark
|move|p2a: Yveltal|U-turn|p1a: Placard à dark
|-damage|p1a: Placard à dark|45/100
|c|+Indercover|But Maxomega is in 0-3
|
|t:|1622988725
|switch|p2a: Eternatus|Eternatus|94/100|[from]move: U-turn
|-damage|p2a: Eternatus|82/100|[from] Stealth Rock
|-ability|p2a: Eternatus|Pressure
|
|-heal|p2a: Eternatus|88/100|[from] item: Black Sludge
|upkeep
|turn|39
|c|☆Maxomega|pk j'suis en 0-2
|c|+Indercover|Morning sun for the win.
|c|☆Maxomega|t'as vu mes games ??
|
|t:|1622988739
|switch|p1a: Placard à soleil|Necrozma-Dusk-Mane|100/100
|-damage|p1a: Placard à soleil|94/100|[from] Stealth Rock
|move|p2a: Eternatus|Toxic|p1a: Placard à soleil
|-immune|p1a: Placard à soleil
|
|-heal|p2a: Eternatus|94/100|[from] item: Black Sludge
|upkeep
|turn|40
|c|+Indercover|J’ai vu 
|c|+Indercover|mais t’es curse
|c|+steel skitty|inder goes 1-0 and talks shit
|c|+Staxi|salut steel skitty ça va?
|c|+steel skitty|u h8 2 see it...
|c|+Indercover|Steelskitty in 1-2
|c|+Lasen|tg sparks
|c|+Indercover|and 1 steal
|inactive|Rhmsitb has 210 seconds left.
|c|+Indercover|...
|c|+Staxi|she sucks
|c|+steel skitty|la verge
|c|+Indercover|I agree
|c|+Staxi|...
|c|+Indercover|LOL
|c|+Mega Zygarde-100%|BHAI YE PARESAN KRRE
|inactive|Maxomega has 270 seconds left.
|c|+Indercover|Jai hind mz
|c|+a rabbit|iry i hope you redacted redacted on reje's redacted
|c|+Indercover|reste digne
|c|+Mega Zygarde-100%|Jai hind bhai
|
|t:|1622988797
|move|p2a: Eternatus|Mystical Fire|p1a: Placard à soleil
|-supereffective|p1a: Placard à soleil
|-damage|p1a: Placard à soleil|63/100
|-unboost|p1a: Placard à soleil|spa|1
|move|p1a: Placard à soleil|Thunder Wave|p2a: Eternatus
|-status|p2a: Eternatus|par
|
|-heal|p2a: Eternatus|100/100 par|[from] item: Black Sludge
|upkeep
|turn|41
|c|+Lasen|where is SW
|c|+benbe|Jai hind
|c|+Lasen|rabbit is being himself again
|
|t:|1622988812
|move|p1a: Placard à soleil|Moonlight|p1a: Placard à soleil
|-heal|p1a: Placard à soleil|100/100
|move|p2a: Eternatus|Mystical Fire|p1a: Placard à soleil
|-supereffective|p1a: Placard à soleil
|-damage|p1a: Placard à soleil|69/100
|-unboost|p1a: Placard à soleil|spa|1
|
|upkeep
|turn|42
|c|+Manaphy-- smog|HAMOOD HABIBI
|c|+InkPupil|lol
|c|+a rabbit|here's another phrase that should get me banned
|c|+a rabbit|jai hind
|
|t:|1622988821
|move|p1a: Placard à soleil|Earthquake|p2a: Eternatus
|-supereffective|p2a: Eternatus
|-damage|p2a: Eternatus|49/100 par
|move|p2a: Eternatus|Toxic|p1a: Placard à soleil
|-immune|p1a: Placard à soleil
|
|-heal|p2a: Eternatus|55/100 par|[from] item: Black Sludge
|upkeep
|turn|43
|c|+Indercover|LOL MANAPHY
|inactive|Rhmsitb has 180 seconds left.
|c|+Staxi|wallahi manaphy
|inactive|Rhmsitb has 150 seconds left.
|
|t:|1622988879
|switch|p1a: Placard à dark|Yveltal|45/100
|-damage|p1a: Placard à dark|20/100|[from] Stealth Rock
|-ability|p1a: Placard à dark|Dark Aura
|move|p2a: Eternatus|Recover|p2a: Eternatus
|-heal|p2a: Eternatus|100/100 par
|
|upkeep
|turn|44
|inactive|Rhmsitb has 150 seconds left.
|
|t:|1622988886
|move|p1a: Placard à dark|Taunt|p2a: Eternatus
|-start|p2a: Eternatus|move: Taunt
|cant|p2a: Eternatus|move: Taunt|Toxic
|
|upkeep
|turn|45
|c|+Indercover|Mdrrrrr
|inactive|Rhmsitb has 150 seconds left.
|c|+Indercover|O la d
|c|+benbe|Mdrrrrr
|c|+benbe|O la d
|c|+Staxi|tg benbe
|c|+Indercover|😭😭
|c|+Manaphy-- smog|india
|c|+benbe|tlqkf
|c|+Manaphy-- smog|incredible india.....
|inactive|Rhmsitb has 120 seconds left.
|c|+Indercover|Stfu staxi benbe is goat wtf...
|c|+Staxi|tki
|c|+Indercover|Toi tki
|c|+BasedWhat?|any essay typers in here
|c|+Staxi|steel skitty
|c|+Indercover|🪞
|inactive|Rhmsitb has 90 seconds left.
|c|+Mega Zygarde-100%|bro what tg
|c|☆Maxomega|I type essay
|c|+Mega Zygarde-100%|And toi
|c|☆Maxomega|in french
|c|+Staxi|tg gareeb
|c|+a rabbit|that doesn't count
|c|+a rabbit|french isn't a language
|c|+steel skitty|tki tki
|c|+Mega Zygarde-100%|taki raki rumba
|c|+Manaphy-- smog|Ghazwa-e-Hind
|
|t:|1622988981
|switch|p2a: Ho-Oh|Ho-Oh|100/100
|-damage|p2a: Ho-Oh|51/100|[from] Stealth Rock
|move|p1a: Placard à dark|Roost|p1a: Placard à dark
|-heal|p1a: Placard à dark|70/100
|-singleturn|p1a: Placard à dark|move: Roost
|
|upkeep
|turn|46
|c|+Manaphy-- smog|inshallah
|c|☆Maxomega|tg means "t'es grand" --> you're tall
|c|+steel skitty|what is up my indian compatriot mega zygarde 100%
|c|+Staxi|a rabbit le gros naze
|inactive|Maxomega has 270 seconds left.
|c|+Mega Zygarde-100%|Something something "Indian steel skitty"
|inactive|Maxomega has 240 seconds left.
|c|+steel skitty|thats me
|c|+a rabbit|staxi ton penis est petit
|c|+a rabbit|l2p
|c|+Staxi|ta mère disait pas ça
|c|+mc56556|:O
|inactive|Maxomega has 210 seconds left.
|
|t:|1622989072
|switch|p1a: Placard à cheval|Calyrex-Shadow|36/100
|-ability|p1a: Placard à cheval|As One
|-ability|p1a: Placard à cheval|Unnerve
|move|p2a: Ho-Oh|Sacred Fire|p1a: Placard à cheval
|-damage|p1a: Placard à cheval|0 fnt
|faint|p1a: Placard à cheval
|
|upkeep
|
|t:|1622989075
|switch|p1a: Placard à matière|Eternatus|6/100
|-ability|p1a: Placard à matière|Pressure
|turn|47
|c|+Indercover|Mdrrrrr staxi
|c|+Indercover|wallah t un gamin
|inactive|Rhmsitb has 60 seconds left.
|c|☆Maxomega|t'es grand inder
|c|+Manaphy-- smog|https://www.whiskybase.com/whiskies/whisky/35931/nikka-black
|
|t:|1622989114
|switch|p2a: Necrozma|Necrozma-Dusk-Mane|76/100
|-damage|p2a: Necrozma|70/100|[from] Stealth Rock
|move|p1a: Placard à matière|Recover|p1a: Placard à matière
|-heal|p1a: Placard à matière|56/100
|
|-heal|p2a: Necrozma|76/100|[from] item: Leftovers
|upkeep
|turn|48
|c|+Indercover|Ftg bouffon focus
|
|t:|1622989120
|move|p1a: Placard à matière|Recover|p1a: Placard à matière
|-heal|p1a: Placard à matière|100/100
|move|p2a: Necrozma|Earthquake|p1a: Placard à matière
|-supereffective|p1a: Placard à matière
|-damage|p1a: Placard à matière|46/100
|
|-heal|p2a: Necrozma|82/100|[from] item: Leftovers
|upkeep
|turn|49
|
|t:|1622989125
|move|p1a: Placard à matière|Recover|p1a: Placard à matière
|-heal|p1a: Placard à matière|96/100
|move|p2a: Necrozma|Earthquake|p1a: Placard à matière
|-supereffective|p1a: Placard à matière
|-damage|p1a: Placard à matière|43/100
|
|-heal|p2a: Necrozma|88/100|[from] item: Leftovers
|upkeep
|turn|50
|c|+Staxi|c lui il rend fou à dire n'imp inder
|
|t:|1622989130
|move|p1a: Placard à matière|Recover|p1a: Placard à matière
|-heal|p1a: Placard à matière|93/100
|move|p2a: Necrozma|Earthquake|p1a: Placard à matière
|-supereffective|p1a: Placard à matière
|-damage|p1a: Placard à matière|40/100
|
|-heal|p2a: Necrozma|94/100|[from] item: Leftovers
|upkeep
|turn|51
|c|+McSim|mdrrrrr
|
|t:|1622989135
|move|p1a: Placard à matière|Recover|p1a: Placard à matière
|-heal|p1a: Placard à matière|90/100
|move|p2a: Necrozma|Earthquake|p1a: Placard à matière
|-supereffective|p1a: Placard à matière
|-damage|p1a: Placard à matière|41/100
|
|-heal|p2a: Necrozma|99/100|[from] item: Leftovers
|upkeep
|turn|52
|
|t:|1622989139
|move|p1a: Placard à matière|Recover|p1a: Placard à matière
|-heal|p1a: Placard à matière|91/100
|move|p2a: Necrozma|Earthquake|p1a: Placard à matière
|-supereffective|p1a: Placard à matière
|-crit|p1a: Placard à matière
|-damage|p1a: Placard à matière|12/100
|
|-heal|p2a: Necrozma|100/100|[from] item: Leftovers
|upkeep
|turn|53
|c|☆Maxomega|mais
|c|+McSim|lessgo
|c|+benbe|any double crittetrs
|inactive|Rhmsitb has 90 seconds left.
|c|+Lasen|no
|c|☆Maxomega|this is
|c|☆Maxomega|the 3rd one
|
|t:|1622989168
|switch|p2a: Ho-Oh|Ho-Oh|84/100
|-damage|p2a: Ho-Oh|34/100|[from] Stealth Rock
|move|p1a: Placard à matière|Recover|p1a: Placard à matière
|-heal|p1a: Placard à matière|62/100
|
|upkeep
|turn|54
|c|+Manaphy-- smog|is that jeff?
|c|+Indercover|Maxo ca va ?
|c|+InkPupil|lol
|c|+InkPupil|wtf
|c|+Indercover|O
|c|+a rabbit|why would u not
|c|+a rabbit|go for the crit again
|
|t:|1622989183
|switch|p1a: Placard à terre|Groudon|46/100
|-damage|p1a: Placard à terre|40/100|[from] Stealth Rock
|-weather|SunnyDay|[from] ability: Drought|[of] p1a: Placard à terre
|move|p2a: Ho-Oh|Defog|p1a: Placard à terre
|-unboost|p1a: Placard à terre|evasion|1
|-sideend|p1: Maxomega|Stealth Rock|[from] move: Defog|[of] p2a: Ho-Oh
|-sideend|p2: Rhmsitb|Stealth Rock|[from] move: Defog|[of] p2a: Ho-Oh
|
|-weather|SunnyDay|[upkeep]
|-heal|p1a: Placard à terre|46/100|[from] item: Leftovers
|upkeep
|turn|55
|c|+a rabbit|when it is ur wincon
|c|+a rabbit|LOL
|c|+Indercover|Spéculation 
|c|+Indercover|:sus:
|c|+a rabbit|the turn is over
|
|t:|1622989196
|switch|p2a: Rayquaza|Rayquaza|100/100
|-ability|p2a: Rayquaza|Air Lock
|move|p1a: Placard à terre|Stealth Rock|p2a: Rayquaza
|-sidestart|p2: Rhmsitb|move: Stealth Rock
|
|-weather|SunnyDay|[upkeep]
|-heal|p1a: Placard à terre|52/100|[from] item: Leftovers
|upkeep
|turn|56
|c|+a rabbit|it's not speculation
|c|+Manaphy-- smog|ITS RAY
|c|+a rabbit|it's commentary
|c|+Manaphy-- smog|ITS RAYYYYYYYYYYY
|c|+Mega Zygarde-100%|hi its me
|inactive|Maxomega has 270 seconds left.
|c|+Indercover|a rabbit tu es grand
|inactive|Rhmsitb has 60 seconds left.
|c|+Indercover|😼
|c|+shuwri|starfoullah
|c|+Staxi|a rabbit tg 
|
|t:|1622989252
|switch|p1a: Placard à métal|Skarmory, F|31/100
|move|p2a: Rayquaza|Draco Meteor|p1a: Placard à métal
|-resisted|p1a: Placard à métal
|-damage|p1a: Placard à métal|0 fnt
|-unboost|p2a: Rayquaza|spa|2
|faint|p1a: Placard à métal
|
|-weather|SunnyDay|[upkeep]
|upkeep
|c|+Mega Zygarde-100%|Are you guys even watching game lol
|c|+Manaphy-- smog|perhaps
|
|t:|1622989265
|switch|p1a: Placard à terre|Groudon|52/100
|turn|57
|c|+Staxi|no
|c|+steel skitty|perhaps
|inactive|Rhmsitb has 30 seconds left.
|inactive|Rhmsitb has 20 seconds left.
|inactive|Rhmsitb has 15 seconds left.
|inactive|Rhmsitb has 10 seconds left.
|
|t:|1622989306
|switch|p2a: Necrozma|Necrozma-Dusk-Mane|100/100
|-damage|p2a: Necrozma|94/100|[from] Stealth Rock
|move|p1a: Placard à terre|Stone Edge|p2a: Necrozma
|-resisted|p2a: Necrozma
|-damage|p2a: Necrozma|85/100
|
|-weather|SunnyDay|[upkeep]
|-heal|p1a: Placard à terre|58/100|[from] item: Leftovers
|-heal|p2a: Necrozma|91/100|[from] item: Leftovers
|upkeep
|turn|58
|inactive|Rhmsitb has 20 seconds left this turn.
|c|+Manaphy-- smog|TIMER
|c|+Indercover|Perhaps
|c|+Manaphy-- smog|TIMER
|inactive|Rhmsitb has 15 seconds left.
|
|t:|1622989322
|switch|p2a: Rayquaza|Rayquaza|100/100
|-damage|p2a: Rayquaza|76/100|[from] Stealth Rock
|-ability|p2a: Rayquaza|Air Lock
|move|p1a: Placard à terre|Precipice Blades|p2a: Rayquaza
|-immune|p2a: Rayquaza
|
|-weather|none
|-heal|p1a: Placard à terre|64/100|[from] item: Leftovers
|upkeep
|turn|59
|inactive|Rhmsitb has 25 seconds left this turn.
|inactive|Rhmsitb has 20 seconds left.
|c|+McSim|damn
|inactive|Rhmsitb has 15 seconds left.
|inactive|Maxomega has 240 seconds left.
|c|+Manaphy-- smog|free lefties moment
|
|t:|1622989338
|move|p2a: Rayquaza|Dragon Ascent|p1a: Placard à terre
|-damage|p1a: Placard à terre|10/100
|-unboost|p2a: Rayquaza|def|1
|-unboost|p2a: Rayquaza|spd|1
|move|p1a: Placard à terre|Stone Edge|p2a: Rayquaza
|-supereffective|p2a: Rayquaza
|-damage|p2a: Rayquaza|0 fnt
|faint|p2a: Rayquaza
|
|-heal|p1a: Placard à terre|16/100|[from] item: Leftovers
|upkeep
|inactive|Rhmsitb has 20 seconds left this turn.
|inactive|Rhmsitb has 15 seconds left.
|
|t:|1622989347
|switch|p2a: Yveltal|Yveltal|75/100
|-damage|p2a: Yveltal|50/100|[from] Stealth Rock
|-ability|p2a: Yveltal|Dark Aura
|turn|60
|inactive|Rhmsitb has 25 seconds left this turn.
|c|+Indercover|ALORS SHUWRI
|c|+Indercover|JTAVAIS DIS QUOI
|c|+shuwri|efr
|c|+shuwri|feur
|c|+Indercover|.
|c|+Mega Zygarde-100%|Shuwri mdr 
|
|t:|1622989361
|move|p2a: Yveltal|Knock Off|p1a: Placard à terre
|-damage|p1a: Placard à terre|0 fnt
|-enditem|p1a: Placard à terre|Leftovers|[from] move: Knock Off|[of] p2a: Yveltal
|faint|p1a: Placard à terre
|
|upkeep
|inactive|Rhmsitb has 30 seconds left this turn.
|
|t:|1622989368
|switch|p1a: Placard à dark|Yveltal|70/100
|-ability|p1a: Placard à dark|Dark Aura
|turn|61
|
|t:|1622989374
|move|p2a: Yveltal|U-turn|p1a: Placard à dark
|-damage|p1a: Placard à dark|52/100
|inactive|Rhmsitb has 30 seconds left.
|
|t:|1622989384
|switch|p2a: Necrozma|Necrozma-Dusk-Mane|91/100|[from]move: U-turn
|-damage|p2a: Necrozma|85/100|[from] Stealth Rock
|move|p1a: Placard à dark|Taunt|p2a: Necrozma
|-start|p2a: Necrozma|move: Taunt
|
|-heal|p2a: Necrozma|91/100|[from] item: Leftovers
|upkeep
|turn|62
|
|t:|1622989404
|move|p1a: Placard à dark|Roost|p1a: Placard à dark
|-heal|p1a: Placard à dark|100/100
|-singleturn|p1a: Placard à dark|move: Roost
|move|p2a: Necrozma|Sunsteel Strike|p1a: Placard à dark
|-damage|p1a: Placard à dark|56/100
|
|-heal|p2a: Necrozma|97/100|[from] item: Leftovers
|upkeep
|turn|63
|c|+Indercover|Maxo qui va enfin
|c|+Indercover|win un match ??
|
|t:|1622989419
|switch|p1a: Placard à soleil|Necrozma-Dusk-Mane|69/100
|move|p2a: Necrozma|Sunsteel Strike|p1a: Placard à soleil
|-resisted|p1a: Placard à soleil
|-damage|p1a: Placard à soleil|55/100
|-damage|p2a: Necrozma|80/100|[from] item: Rocky Helmet|[of] p1a: Placard à soleil
|
|-heal|p2a: Necrozma|86/100|[from] item: Leftovers
|-end|p2a: Necrozma|move: Taunt
|upkeep
|turn|64
|
|t:|1622989427
|move|p1a: Placard à soleil|Moonlight|p1a: Placard à soleil
|-heal|p1a: Placard à soleil|100/100
|move|p2a: Necrozma|Stealth Rock|p1a: Placard à soleil
|-sidestart|p1: Maxomega|move: Stealth Rock
|
|-heal|p2a: Necrozma|92/100|[from] item: Leftovers
|upkeep
|turn|65
|
|t:|1622989437
|switch|p1a: Placard à matière|Eternatus|62/100
|-ability|p1a: Placard à matière|Pressure
|switch|p2a: Ho-Oh|Ho-Oh|67/100
|-damage|p2a: Ho-Oh|17/100|[from] Stealth Rock
|
|upkeep
|turn|66
|inactive|Maxomega has 270 seconds left.
|inactive|Rhmsitb has 60 seconds left.
|inactive|Rhmsitb disconnected and has 300 seconds to reconnect!
|player|p2|
|inactive|Maxomega no longer wants the timer on, but the timer is staying on because staff still does.
|c|+Manaphy-- smog|act moment
|c|☆Maxomega|forgot this thing
|c|+BasedWhat?|free timer moment
|inactive|Rhmsitb has 270 seconds to reconnect!
|inactive|Rhmsitb reconnected and has 40 seconds left.
|player|p2|Rhmsitb|red-gen1rb
|
|t:|1622989507
|move|p2a: Ho-Oh|Thunder Wave|p1a: Placard à matière
|-status|p1a: Placard à matière|par
|move|p1a: Placard à matière|Dragon Tail|p2a: Ho-Oh
|-damage|p2a: Ho-Oh|6/100
|drag|p2a: Yveltal|Yveltal|50/100
|-damage|p2a: Yveltal|25/100|[from] Stealth Rock
|-ability|p2a: Yveltal|Dark Aura
|
|upkeep
|turn|67
|c|☆Rhmsitb|test
|c|+ChillShadow|icles
|
|t:|1622989517
|move|p2a: Yveltal|Roost|p2a: Yveltal
|-heal|p2a: Yveltal|75/100
|-singleturn|p2a: Yveltal|move: Roost
|move|p1a: Placard à matière|Toxic|p2a: Yveltal
|-status|p2a: Yveltal|tox
|
|-damage|p2a: Yveltal|69/100 tox|[from] psn
|upkeep
|turn|68
|
|t:|1622989523
|move|p2a: Yveltal|Knock Off|p1a: Placard à matière
|-damage|p1a: Placard à matière|22/100 par
|-enditem|p1a: Placard à matière|Heavy-Duty Boots|[from] move: Knock Off|[of] p2a: Yveltal
|cant|p1a: Placard à matière|par
|
|-damage|p2a: Yveltal|56/100 tox|[from] psn
|upkeep
|turn|69
|
|t:|1622989528
|move|p2a: Yveltal|Knock Off|p1a: Placard à matière
|-crit|p1a: Placard à matière
|-damage|p1a: Placard à matière|0 fnt
|faint|p1a: Placard à matière
|
|-damage|p2a: Yveltal|38/100 tox|[from] psn
|upkeep
|c|+Indercover|Maxo
|c|+Mega Zygarde-100%|cs mdrrrr
|c|+Indercover|arrete
|c|+Indercover|de tradewin
|c|+Indercover|c grave la
|c|+benbe|AHHHHHHHHHHHH 
|inactive|Maxomega has 270 seconds left.
|c|+BasedWhat?|da vinki moment
|
|t:|1622989540
|switch|p1a: Placard à dark|Yveltal|56/100
|-damage|p1a: Placard à dark|31/100|[from] Stealth Rock
|-ability|p1a: Placard à dark|Dark Aura
|turn|70
|c|+benbe|da vinki
|inactive|Rhmsitb has 60 seconds left.
|c|☆Maxomega|j'trade pas win
|
|t:|1622989576
|move|p2a: Yveltal|U-turn|p1a: Placard à dark
|-damage|p1a: Placard à dark|14/100
|c|☆Maxomega|je secure
|c|☆Maxomega|mais tg
|c|+Indercover|MDR
|
|t:|1622989584
|switch|p2a: Eternatus|Eternatus|100/100 par|[from]move: U-turn
|-damage|p2a: Eternatus|88/100 par|[from] Stealth Rock
|-ability|p2a: Eternatus|Pressure
|move|p1a: Placard à dark|Roost|p1a: Placard à dark
|-heal|p1a: Placard à dark|64/100
|-singleturn|p1a: Placard à dark|move: Roost
|
|-heal|p2a: Eternatus|94/100 par|[from] item: Black Sludge
|upkeep
|turn|71
|c|+Indercover|COMMent ca
|c|+Indercover|tu secured
|
|t:|1622989592
|move|p1a: Placard à dark|Taunt|p2a: Eternatus
|-start|p2a: Eternatus|move: Taunt
|move|p2a: Eternatus|Dynamax Cannon|p1a: Placard à dark
|-damage|p1a: Placard à dark|27/100
|
|-heal|p2a: Eternatus|100/100 par|[from] item: Black Sludge
|upkeep
|turn|72
|
|t:|1622989596
|move|p1a: Placard à dark|Roost|p1a: Placard à dark
|-heal|p1a: Placard à dark|77/100
|-singleturn|p1a: Placard à dark|move: Roost
|move|p2a: Eternatus|Dynamax Cannon|p1a: Placard à dark
|-damage|p1a: Placard à dark|44/100
|
|upkeep
|turn|73
|c|+Indercover|Wallah ton redacted se fait crit jrigole
|
|t:|1622989604
|move|p1a: Placard à dark|Roost|p1a: Placard à dark
|-heal|p1a: Placard à dark|94/100
|-singleturn|p1a: Placard à dark|move: Roost
|move|p2a: Eternatus|Dynamax Cannon|p1a: Placard à dark
|-damage|p1a: Placard à dark|61/100
|
|-end|p2a: Eternatus|move: Taunt
|upkeep
|turn|74
|c|+ChillShadow|secure ces noisettes
|
|t:|1622989608
|move|p1a: Placard à dark|Taunt|p2a: Eternatus
|-start|p2a: Eternatus|move: Taunt
|move|p2a: Eternatus|Dynamax Cannon|p1a: Placard à dark
|-damage|p1a: Placard à dark|27/100
|
|upkeep
|turn|75
|c|+ChillShadow|lol!
|
|t:|1622989612
|move|p1a: Placard à dark|Roost|p1a: Placard à dark
|-heal|p1a: Placard à dark|77/100
|-singleturn|p1a: Placard à dark|move: Roost
|move|p2a: Eternatus|Dynamax Cannon|p1a: Placard à dark
|-damage|p1a: Placard à dark|40/100
|
|upkeep
|turn|76
|
|t:|1622989615
|move|p1a: Placard à dark|Roost|p1a: Placard à dark
|-heal|p1a: Placard à dark|90/100
|-singleturn|p1a: Placard à dark|move: Roost
|move|p2a: Eternatus|Dynamax Cannon|p1a: Placard à dark
|-damage|p1a: Placard à dark|55/100
|
|-end|p2a: Eternatus|move: Taunt
|upkeep
|turn|77
|
|t:|1622989619
|move|p1a: Placard à dark|Taunt|p2a: Eternatus
|-start|p2a: Eternatus|move: Taunt
|move|p2a: Eternatus|Dynamax Cannon|p1a: Placard à dark
|-crit|p1a: Placard à dark
|-damage|p1a: Placard à dark|0 fnt
|faint|p1a: Placard à dark
|
|upkeep
|c|+Indercover|😭
|c|+Manaphy-- smog|jeff?
|c|+benbe|KOIBAQLHEWFGVO8[0IFRQENOIP
|c|+benbe|MBV[RWPKEW
|c|+benbe|]BRV
|c|☆Maxomega|azgornizhjkobr^faezrkfegdwnsrkoaz$fê
|c|+benbe|OK
|c|+shuwri|chavais
|c|+a rabbit|..
|c|+steel skitty|LJFAOOAOAOAOAOAOAOA
|c|☆Maxomega|PTN
|c|+benbe|YUP
|c|+BasedWhat?|da vinki moment v2
|c|☆Maxomega|DE MERDe
|c|+Manaphy-- smog|TOP 5
|c|☆Maxomega|j'en ai marre
|c|+Manaphy-- smog|NAME JEFF MOMENTS
|
|t:|1622989634
|switch|p1a: Placard à soleil|Necrozma-Dusk-Mane|100/100
|-damage|p1a: Placard à soleil|94/100|[from] Stealth Rock
|turn|78
|c|+Mega Zygarde-100%|Nice
|c|+benbe|OKKKKKKKKKKKKKKKKKKKKKKKKKKKKKKKKKKKKKKKKKK
|c|+Mega Zygarde-100%|Gz bhai
|c|+Indercover|Voila
|c|+BasedWhat?|why the impostor gets crit
|c|+Indercover|t’as trade win
|
|t:|1622989643
|move|p1a: Placard à soleil|Earthquake|p2a: Eternatus
|-supereffective|p2a: Eternatus
|-damage|p2a: Eternatus|52/100 par
|move|p2a: Eternatus|Mystical Fire|p1a: Placard à soleil
|-supereffective|p1a: Placard à soleil
|-damage|p1a: Placard à soleil|68/100
|-unboost|p1a: Placard à soleil|spa|1
|
|-heal|p2a: Eternatus|58/100 par|[from] item: Black Sludge
|upkeep
|turn|79
|c|+Indercover|putain de merde
|c|+Staxi|tg inder
|c|+Indercover|MAXO
|c|+Staxi|rofl
|c|☆Maxomega|tg inder
|c|☆Maxomega|vraiment
|c|+BasedWhat?|LASEN STOP MALDING IN CALL
|c|+Indercover|Mais c reel
|
|t:|1622989655
|switch|p2a: Ho-Oh|Ho-Oh|39/100
|-damage|p2a: Ho-Oh|0 fnt|[from] Stealth Rock
|faint|p2a: Ho-Oh
|move|p1a: Placard à soleil|Earthquake|p2: Ho-Oh|[notarget]
|-fail|p1a: Placard à soleil
|
|upkeep
|c|+Indercover|j’ai Jms vu ça
|c|☆Maxomega|j'me fais haxx
|
|t:|1622989668
|switch|p2a: Eternatus|Eternatus|58/100 par
|-damage|p2a: Eternatus|46/100 par|[from] Stealth Rock
|-ability|p2a: Eternatus|Pressure
|turn|80
|c|+Mega Zygarde-100%|You guys on call and still typing
|
|t:|1622989673
|move|p1a: Placard à soleil|Earthquake|p2a: Eternatus
|-supereffective|p2a: Eternatus
|-damage|p2a: Eternatus|0 fnt
|faint|p2a: Eternatus
|
|upkeep
|c|+Indercover|Mais pq tu prends le risque
|c|+Indercover|frere
|c|+Mega Zygarde-100%|Big brain 👁️👄👁️
|
|t:|1622989678
|switch|p2a: Necrozma|Necrozma-Dusk-Mane|92/100
|-damage|p2a: Necrozma|86/100|[from] Stealth Rock
|turn|81
|c|+ChillShadow|ta jamais vu un crit? o_o
|
|t:|1622989683
|move|p1a: Placard à soleil|Thunder Wave|p2a: Necrozma
|-status|p2a: Necrozma|par
|move|p2a: Necrozma|Earthquake|p1a: Placard à soleil
|-supereffective|p1a: Placard à soleil
|-damage|p1a: Placard à soleil|42/100
|
|-heal|p2a: Necrozma|92/100 par|[from] item: Leftovers
|upkeep
|turn|82
|inactive|Rhmsitb has 120 seconds left.
|c|+Indercover|T mature toi
|c|+Staxi|tg cs
|
|t:|1622989693
|move|p1a: Placard à soleil|Moonlight|p1a: Placard à soleil
|-heal|p1a: Placard à soleil|92/100
|move|p2a: Necrozma|Sunsteel Strike|p1a: Placard à soleil
|-resisted|p1a: Placard à soleil
|-damage|p1a: Placard à soleil|79/100
|-damage|p2a: Necrozma|76/100 par|[from] item: Rocky Helmet|[of] p1a: Placard à soleil
|
|-heal|p2a: Necrozma|82/100 par|[from] item: Leftovers
|upkeep
|turn|83
|inactive|Rhmsitb has 120 seconds left.
|
|t:|1622989703
|move|p1a: Placard à soleil|Earthquake|p2a: Necrozma
|-supereffective|p2a: Necrozma
|-damage|p2a: Necrozma|54/100 par
|move|p2a: Necrozma|Stealth Rock||[still]
|-fail|p2a: Necrozma
|
|-heal|p2a: Necrozma|60/100 par|[from] item: Leftovers
|upkeep
|turn|84
|inactive|Rhmsitb has 120 seconds left.
|
|t:|1622989708
|move|p1a: Placard à soleil|Earthquake|p2a: Necrozma
|-supereffective|p2a: Necrozma
|-damage|p2a: Necrozma|35/100 par
|move|p2a: Necrozma|Morning Sun|p2a: Necrozma
|-heal|p2a: Necrozma|85/100 par
|
|-heal|p2a: Necrozma|91/100 par|[from] item: Leftovers
|upkeep
|turn|85
|c|+Manaphy-- smog|welp
|
|t:|1622989714
|move|p1a: Placard à soleil|Earthquake|p2a: Necrozma
|-supereffective|p2a: Necrozma
|-damage|p2a: Necrozma|64/100 par
|move|p2a: Necrozma|Stealth Rock||[still]
|-fail|p2a: Necrozma
|
|-heal|p2a: Necrozma|70/100 par|[from] item: Leftovers
|upkeep
|turn|86
|c|+shuwri|la pire game que jai vu apres les autres game que jai vu
|c|+McSim|mdrrrr
|
|t:|1622989722
|move|p1a: Placard à soleil|Earthquake|p2a: Necrozma
|-supereffective|p2a: Necrozma
|-damage|p2a: Necrozma|41/100 par
|cant|p2a: Necrozma|par
|
|-heal|p2a: Necrozma|47/100 par|[from] item: Leftovers
|upkeep
|turn|87
|
|t:|1622989727
|move|p1a: Placard à soleil|Earthquake|p2a: Necrozma
|-supereffective|p2a: Necrozma
|-crit|p2a: Necrozma
|-damage|p2a: Necrozma|8/100 par
|move|p2a: Necrozma|Morning Sun|p2a: Necrozma
|-heal|p2a: Necrozma|58/100 par
|
|-heal|p2a: Necrozma|64/100 par|[from] item: Leftovers
|upkeep
|turn|88
|c|+McSim|un beau moment d'e-sport
|
|t:|1622989733
|move|p1a: Placard à soleil|Earthquake|p2a: Necrozma
|-supereffective|p2a: Necrozma
|-damage|p2a: Necrozma|38/100 par
|move|p2a: Necrozma|Morning Sun|p2a: Necrozma
|-heal|p2a: Necrozma|88/100 par
|
|-heal|p2a: Necrozma|94/100 par|[from] item: Leftovers
|upkeep
|turn|89
|c|☆Maxomega|MAIS
|c|+benbe|best game ! 
|
|t:|1622989742
|move|p1a: Placard à soleil|Earthquake|p2a: Necrozma
|-supereffective|p2a: Necrozma
|-damage|p2a: Necrozma|66/100 par
|cant|p2a: Necrozma|par
|
|-heal|p2a: Necrozma|72/100 par|[from] item: Leftovers
|upkeep
|turn|90
|c|+Mega Zygarde-100%|Shuwri asked?
|inactive|Rhmsitb has 150 seconds left.
|c|+Mega Zygarde-100%|😜
|
|t:|1622989751
|move|p1a: Placard à soleil|Earthquake|p2a: Necrozma
|-supereffective|p2a: Necrozma
|-damage|p2a: Necrozma|43/100 par
|move|p2a: Necrozma|Morning Sun|p2a: Necrozma
|-heal|p2a: Necrozma|93/100 par
|
|-heal|p2a: Necrozma|99/100 par|[from] item: Leftovers
|upkeep
|turn|91
|
|t:|1622989757
|move|p1a: Placard à soleil|Earthquake|p2a: Necrozma
|-supereffective|p2a: Necrozma
|-damage|p2a: Necrozma|71/100 par
|move|p2a: Necrozma|Stealth Rock||[still]
|-fail|p2a: Necrozma
|
|-heal|p2a: Necrozma|77/100 par|[from] item: Leftovers
|upkeep
|turn|92
|
|t:|1622989766
|move|p1a: Placard à soleil|Sunsteel Strike|p2a: Necrozma
|-resisted|p2a: Necrozma
|-damage|p2a: Necrozma|63/100 par
|move|p2a: Necrozma|Stealth Rock||[still]
|-fail|p2a: Necrozma
|
|-heal|p2a: Necrozma|69/100 par|[from] item: Leftovers
|upkeep
|turn|93
|
|t:|1622989771
|move|p1a: Placard à soleil|Sunsteel Strike|p2a: Necrozma
|-resisted|p2a: Necrozma
|-crit|p2a: Necrozma
|-damage|p2a: Necrozma|48/100 par
|move|p2a: Necrozma|Stealth Rock||[still]
|-fail|p2a: Necrozma
|
|-heal|p2a: Necrozma|54/100 par|[from] item: Leftovers
|upkeep
|turn|94
|c|+Manaphy-- smog|2
|
|t:|1622989778
|move|p1a: Placard à soleil|Sunsteel Strike|p2a: Necrozma
|-resisted|p2a: Necrozma
|-damage|p2a: Necrozma|41/100 par
|move|p2a: Necrozma|Morning Sun|p2a: Necrozma
|-heal|p2a: Necrozma|91/100 par
|
|-heal|p2a: Necrozma|97/100 par|[from] item: Leftovers
|upkeep
|turn|95
|c|+BasedWhat?|0
|c|+Manaphy-- smog|rip
|inactive|Rhmsitb has 180 seconds left.
|c|☆Maxomega|j'pense que je me suis jamais fait
|c|☆Maxomega|autant steal
|c|☆Maxomega|de ma vi
|
|t:|1622989789
|move|p1a: Placard à soleil|Sunsteel Strike|p2a: Necrozma
|-resisted|p2a: Necrozma
|-damage|p2a: Necrozma|83/100 par
|cant|p2a: Necrozma|par
|
|-heal|p2a: Necrozma|89/100 par|[from] item: Leftovers
|upkeep
|turn|96
|c|+Indercover|Yh
|
|t:|1622989793
|move|p1a: Placard à soleil|Sunsteel Strike|p2a: Necrozma
|-resisted|p2a: Necrozma
|-damage|p2a: Necrozma|75/100 par
|move|p2a: Necrozma|Stealth Rock||[still]
|-fail|p2a: Necrozma
|
|-heal|p2a: Necrozma|81/100 par|[from] item: Leftovers
|upkeep
|turn|97
|c|+Indercover|best game
|c|+ChillShadow|j'ai j'ai
|c|+shuwri|prout
|c|+Indercover|( tu l’as cherché)
|c|☆Maxomega|tg
|
|t:|1622989804
|move|p1a: Placard à soleil|Sunsteel Strike|p2a: Necrozma
|-resisted|p2a: Necrozma
|-damage|p2a: Necrozma|68/100 par
|move|p2a: Necrozma|Stealth Rock||[still]
|-fail|p2a: Necrozma
|
|-heal|p2a: Necrozma|74/100 par|[from] item: Leftovers
|upkeep
|turn|98
|c|☆Maxomega|vraiment
|c|+McSim|qfdsfdsdfs
|c|☆Maxomega|je me fais steal
|c|☆Maxomega|et tu me dis
|c|☆Maxomega|"tu l'as cherché"
|
|t:|1622989817
|move|p1a: Placard à soleil|Sunsteel Strike|p2a: Necrozma
|-resisted|p2a: Necrozma
|-crit|p2a: Necrozma
|-damage|p2a: Necrozma|54/100 par
|move|p2a: Necrozma|Stealth Rock||[still]
|-fail|p2a: Necrozma
|
|-heal|p2a: Necrozma|60/100 par|[from] item: Leftovers
|upkeep
|turn|99
|c|+a rabbit|NO
|c|+a rabbit|WHAT ARE YOU DOING
|
|t:|1622989826
|move|p1a: Placard à soleil|Thunder Wave|p2a: Necrozma
|-fail|p2a: Necrozma|par
|move|p2a: Necrozma|Stealth Rock||[still]
|-fail|p2a: Necrozma
|
|-heal|p2a: Necrozma|66/100 par|[from] item: Leftovers
|upkeep
|turn|100
|c|+benbe|????????????
|c|+benbe|??????????????????????????
|c|+BasedWhat?|??????????????????????
|inactive|Rhmsitb has 210 seconds left.
|c|+benbe|ban rabbit
|c|+Cam|get shot rabbit
|c|+benbe|?
|c|+benbe|i think
|c|+steel skitty|??????????????????????????????????????????????????????
|c|+Highlord|LOL
|c|+BasedWhat?|its wabbit season
|c|+benbe|?
|c|+Manaphy-- smog|LMFAO
|
|t:|1622989851
|move|p1a: Placard à soleil|Thunder Wave|p2a: Necrozma
|-fail|p2a: Necrozma|par
|move|p2a: Necrozma|Stealth Rock||[still]
|-fail|p2a: Necrozma
|
|-heal|p2a: Necrozma|72/100 par|[from] item: Leftovers
|upkeep
|turn|101
|
|t:|1622989856
|move|p1a: Placard à soleil|Thunder Wave|p2a: Necrozma|[miss]
|-miss|p1a: Placard à soleil|p2a: Necrozma
|move|p2a: Necrozma|Stealth Rock||[still]
|-fail|p2a: Necrozma
|
|-heal|p2a: Necrozma|78/100 par|[from] item: Leftovers
|upkeep
|turn|102
|
|t:|1622989860
|move|p1a: Placard à soleil|Thunder Wave|p2a: Necrozma
|-fail|p2a: Necrozma|par
|move|p2a: Necrozma|Stealth Rock||[still]
|-fail|p2a: Necrozma
|
|-heal|p2a: Necrozma|84/100 par|[from] item: Leftovers
|upkeep
|turn|103
|c|+BasedWhat?|td's looking at the game in post:
|c|☆Rhmsitb|where are my paras
|
|t:|1622989872
|move|p1a: Placard à soleil|Thunder Wave|p2a: Necrozma
|-fail|p2a: Necrozma|par
|move|p2a: Necrozma|Stealth Rock||[still]
|-fail|p2a: Necrozma
|
|-heal|p2a: Necrozma|90/100 par|[from] item: Leftovers
|upkeep
|turn|104
|c|☆Maxomega|rhm
|c|☆Maxomega|sorry 
|c|☆Maxomega|but
|c|☆Maxomega|can you
|c|☆Maxomega|not speak
|c|+McSim|dfsds
|
|t:|1622989882
|move|p1a: Placard à soleil|Thunder Wave|p2a: Necrozma|[miss]
|-miss|p1a: Placard à soleil|p2a: Necrozma
|cant|p2a: Necrozma|par
|
|-heal|p2a: Necrozma|96/100 par|[from] item: Leftovers
|upkeep
|turn|105
|c|+Manaphy-- smog|LOL
|c|+BasedWhat?|TRUE
|c|+Manaphy-- smog|PERHAPS
|c|☆Rhmsitb|im not speaking
|c|+mc56556|You can use /modchat player. 
|c|☆Rhmsitb|im typing
|c|+Cam|hes a player
|c|+Mega Zygarde-100%|LOL bhai
|
|t:|1622989900
|move|p1a: Placard à soleil|Thunder Wave|p2a: Necrozma
|-fail|p2a: Necrozma|par
|move|p2a: Necrozma|Stealth Rock||[still]
|-fail|p2a: Necrozma
|
|-heal|p2a: Necrozma|100/100 par|[from] item: Leftovers
|upkeep
|turn|106
|c|+ChillShadow|he's just asking for justice, since full paralysis is hax
|c|+Cam|Jai Hind :sunglasses:
|c|+BasedWhat?|dont modchat this is too funny
|
|t:|1622989911
|move|p1a: Placard à soleil|Thunder Wave|p2a: Necrozma
|-fail|p2a: Necrozma|par
|cant|p2a: Necrozma|par
|
|upkeep
|turn|107
|c|+Mega Zygarde-100%|jyda uchalra ye kyuki 5-6 french player h yha
|
|t:|1622989916
|move|p1a: Placard à soleil|Thunder Wave|p2a: Necrozma
|-fail|p2a: Necrozma|par
|cant|p2a: Necrozma|par
|
|upkeep
|turn|108
|
|t:|1622989921
|move|p1a: Placard à soleil|Thunder Wave|p2a: Necrozma
|-fail|p2a: Necrozma|par
|move|p2a: Necrozma|Stealth Rock||[still]
|-fail|p2a: Necrozma
|
|upkeep
|turn|109
|c|+Staxi|can you not speak ChillShadow please
|
|t:|1622989925
|move|p1a: Placard à soleil|Thunder Wave|p2a: Necrozma
|-fail|p2a: Necrozma|par
|cant|p2a: Necrozma|par
|
|upkeep
|turn|110
|
|t:|1622989929
|move|p1a: Placard à soleil|Thunder Wave|p2a: Necrozma
|-fail|p2a: Necrozma|par
|move|p2a: Necrozma|Stealth Rock||[still]
|-fail|p2a: Necrozma
|
|upkeep
|turn|111
|c|+Holymolycrabby|Chalklo chalo
|
|t:|1622989933
|move|p1a: Placard à soleil|Thunder Wave|p2a: Necrozma
|-fail|p2a: Necrozma|par
|move|p2a: Necrozma|Stealth Rock||[still]
|-fail|p2a: Necrozma
|
|upkeep
|turn|112
|c|+ChillShadow|no staxi
|c|+Staxi|:pain:
|
|t:|1622989938
|move|p1a: Placard à soleil|Thunder Wave|p2a: Necrozma
|-fail|p2a: Necrozma|par
|move|p2a: Necrozma|Stealth Rock||[still]
|-fail|p2a: Necrozma
|
|upkeep
|turn|113
|
|t:|1622989942
|switch|p2a: Yveltal|Yveltal|38/100 tox
|-damage|p2a: Yveltal|13/100 tox|[from] Stealth Rock
|-ability|p2a: Yveltal|Dark Aura
|move|p1a: Placard à soleil|Thunder Wave|p2a: Yveltal|[miss]
|-miss|p1a: Placard à soleil|p2a: Yveltal
|
|-damage|p2a: Yveltal|7/100 tox|[from] psn
|upkeep
|turn|114
|c|+Fc04|can you not speak staxi please
|
|t:|1622989946
|move|p2a: Yveltal|Roost|p2a: Yveltal
|-heal|p2a: Yveltal|57/100 tox
|-singleturn|p2a: Yveltal|move: Roost
|move|p1a: Placard à soleil|Sunsteel Strike|p2a: Yveltal
|-damage|p2a: Yveltal|9/100 tox
|
|-damage|p2a: Yveltal|0 fnt|[from] psn
|faint|p2a: Yveltal
|upkeep
|c|+Staxi|tg 
|c|+Manaphy-- smog|OOOH
|c|+Manaphy-- smog|DAMN
|
|t:|1622989962
|switch|p2a: Necrozma|Necrozma-Dusk-Mane|100/100 par
|-damage|p2a: Necrozma|94/100 par|[from] Stealth Rock
|turn|115
|c|+Highlord|LOL
|
|t:|1622989968
|move|p1a: Placard à soleil|Thunder Wave|p2a: Necrozma
|-fail|p2a: Necrozma|par
|move|p2a: Necrozma|Stealth Rock||[still]
|-fail|p2a: Necrozma
|
|-heal|p2a: Necrozma|100/100 par|[from] item: Leftovers
|upkeep
|turn|116
|c|+Paradise Seeker|gen8 is so boring
|c|+BasedWhat?|go staxi
|
|t:|1622989972
|move|p1a: Placard à soleil|Thunder Wave|p2a: Necrozma
|-fail|p2a: Necrozma|par
|move|p2a: Necrozma|Stealth Rock||[still]
|-fail|p2a: Necrozma
|
|upkeep
|turn|117
|c|+Highlord|a rabbit is the goat
|c|+benbe|PARA
|c|+benbe|PLEASE 
|
|t:|1622989977
|move|p1a: Placard à soleil|Thunder Wave|p2a: Necrozma
|-fail|p2a: Necrozma|par
|cant|p2a: Necrozma|par
|
|upkeep
|turn|118
|c|+ChillShadow|1
|
|t:|1622989982
|move|p1a: Placard à soleil|Thunder Wave|p2a: Necrozma
|-fail|p2a: Necrozma|par
|cant|p2a: Necrozma|par
|
|upkeep
|turn|119
|c|+ChillShadow|2
|
|t:|1622989988
|move|p1a: Placard à soleil|Thunder Wave|p2a: Necrozma
|-fail|p2a: Necrozma|par
|cant|p2a: Necrozma|par
|
|upkeep
|turn|120
|c|☆Maxomega|j'vais
|c|+ChillShadow|3
|c|☆Maxomega|câbler
|c|+a rabbit|amazing
|
|t:|1622989994
|move|p1a: Placard à soleil|Thunder Wave|p2a: Necrozma
|-fail|p2a: Necrozma|par
|move|p2a: Necrozma|Stealth Rock||[still]
|-fail|p2a: Necrozma
|
|upkeep
|turn|121
|c|+Arnav_73|lmao
|
|t:|1622990001
|move|p1a: Placard à soleil|Thunder Wave|p2a: Necrozma
|-fail|p2a: Necrozma|par
|cant|p2a: Necrozma|par
|
|upkeep
|turn|122
|c|+ChillShadow|1
|c|+benbe|CXMONOONONXMMMMMMMMMMMMMMMMMMMMMMMM
|c|+McSim|LOOOL
|
|t:|1622990006
|move|p1a: Placard à soleil|Thunder Wave|p2a: Necrozma
|-fail|p2a: Necrozma|par
|move|p2a: Necrozma|Stealth Rock||[still]
|-fail|p2a: Necrozma
|
|upkeep
|turn|123
|
|t:|1622990012
|move|p1a: Placard à soleil|Thunder Wave|p2a: Necrozma
|-fail|p2a: Necrozma|par
|move|p2a: Necrozma|Stealth Rock||[still]
|-fail|p2a: Necrozma
|
|upkeep
|turn|124
|c|+Holymolycrabby|Paradise Seeker: gen8 is so boring
|c|+Holymolycrabby|Noted
|
|t:|1622990019
|move|p1a: Placard à soleil|Thunder Wave|p2a: Necrozma
|-fail|p2a: Necrozma|par
|move|p2a: Necrozma|Sunsteel Strike|p1a: Placard à soleil
|-resisted|p1a: Placard à soleil
|-damage|p1a: Placard à soleil|65/100
|-damage|p2a: Necrozma|84/100 par|[from] item: Rocky Helmet|[of] p1a: Placard à soleil
|
|-heal|p2a: Necrozma|90/100 par|[from] item: Leftovers
|upkeep
|turn|125
|c|+Mega Zygarde-100%|Man to krra Nikal phli fursat m nikal bolne ka
|c|+Indercover|Mdrrrr
|c|+Mega Zygarde-100%|LOL
|
|t:|1622990028
|move|p1a: Placard à soleil|Thunder Wave|p2a: Necrozma
|-fail|p2a: Necrozma|par
|cant|p2a: Necrozma|par
|
|-heal|p2a: Necrozma|96/100 par|[from] item: Leftovers
|upkeep
|turn|126
|c|+Indercover|ouais nan
|
|t:|1622990034
|move|p1a: Placard à soleil|Thunder Wave|p2a: Necrozma
|-fail|p2a: Necrozma|par
|move|p2a: Necrozma|Sunsteel Strike|p1a: Placard à soleil
|-resisted|p1a: Placard à soleil
|-damage|p1a: Placard à soleil|50/100
|-damage|p2a: Necrozma|79/100 par|[from] item: Rocky Helmet|[of] p1a: Placard à soleil
|
|-heal|p2a: Necrozma|85/100 par|[from] item: Leftovers
|upkeep
|turn|127
|c|+Indercover|vraiment
|c|+Indercover|une des pires games ss
|
|t:|1622990045
|move|p1a: Placard à soleil|Thunder Wave|p2a: Necrozma|[miss]
|-miss|p1a: Placard à soleil|p2a: Necrozma
|move|p2a: Necrozma|Stealth Rock||[still]
|-fail|p2a: Necrozma
|
|-heal|p2a: Necrozma|91/100 par|[from] item: Leftovers
|upkeep
|turn|128
|c|+shuwri|et y'en a eu bcp
|c|+Indercover|de l’histoire du ss 
|c|+McSim|oh je suis mort
|
|t:|1622990050
|move|p1a: Placard à soleil|Thunder Wave|p2a: Necrozma
|-fail|p2a: Necrozma|par
|move|p2a: Necrozma|Stealth Rock||[still]
|-fail|p2a: Necrozma
|
|-heal|p2a: Necrozma|97/100 par|[from] item: Leftovers
|upkeep
|turn|129
|
|t:|1622990056
|move|p1a: Placard à soleil|Moonlight|p1a: Placard à soleil
|-heal|p1a: Placard à soleil|100/100
|move|p2a: Necrozma|Stealth Rock||[still]
|-fail|p2a: Necrozma
|
|-heal|p2a: Necrozma|100/100 par|[from] item: Leftovers
|upkeep
|turn|130
|
|t:|1622990067
|move|p1a: Placard à soleil|Moonlight||[still]
|-fail|p1a: Placard à soleil
|move|p2a: Necrozma|Sunsteel Strike|p1a: Placard à soleil
|-resisted|p1a: Placard à soleil
|-damage|p1a: Placard à soleil|87/100
|-damage|p2a: Necrozma|84/100 par|[from] item: Rocky Helmet|[of] p1a: Placard à soleil
|
|-heal|p2a: Necrozma|90/100 par|[from] item: Leftovers
|upkeep
|turn|131
|
|t:|1622990073
|move|p1a: Placard à soleil|Moonlight|p1a: Placard à soleil
|-heal|p1a: Placard à soleil|100/100
|move|p2a: Necrozma|Sunsteel Strike|p1a: Placard à soleil
|-resisted|p1a: Placard à soleil
|-damage|p1a: Placard à soleil|87/100
|-damage|p2a: Necrozma|73/100 par|[from] item: Rocky Helmet|[of] p1a: Placard à soleil
|
|-heal|p2a: Necrozma|79/100 par|[from] item: Leftovers
|upkeep
|turn|132
|
|t:|1622990080
|-activate|p1a: Placard à soleil|move: Struggle
|move|p1a: Placard à soleil|Struggle|p2a: Necrozma
|-damage|p2a: Necrozma|70/100 par
|-damage|p1a: Placard à soleil|62/100|[from] recoil
|move|p2a: Necrozma|Sunsteel Strike|p1a: Placard à soleil
|-resisted|p1a: Placard à soleil
|-crit|p1a: Placard à soleil
|-damage|p1a: Placard à soleil|41/100
|-damage|p2a: Necrozma|54/100 par|[from] item: Rocky Helmet|[of] p1a: Placard à soleil
|
|-heal|p2a: Necrozma|60/100 par|[from] item: Leftovers
|upkeep
|turn|133
|
|t:|1622990085
|-activate|p1a: Placard à soleil|move: Struggle
|move|p1a: Placard à soleil|Struggle|p2a: Necrozma
|-damage|p2a: Necrozma|51/100 par
|-damage|p1a: Placard à soleil|16/100|[from] recoil
|move|p2a: Necrozma|Morning Sun|p2a: Necrozma
|-heal|p2a: Necrozma|100/100 par
|
|upkeep
|turn|134
|c|+Fc04|You ever just lose 14 times but win
|
|t:|1622990089
|-activate|p1a: Placard à soleil|move: Struggle
|move|p1a: Placard à soleil|Struggle|p2a: Necrozma
|-damage|p2a: Necrozma|92/100 par
|-damage|p1a: Placard à soleil|0 fnt|[from] recoil
|faint|p1a: Placard à soleil
|
|win|Rhmsitb
|c|+Manaphy-- smog|ebin game
|c|☆Maxomega|"sorry team"
|c|+BasedWhat?|ss is a tier
|c|+Fc04|this was also a game
|c|+benbe|"sorry team"
|c|☆Rhmsitb|gg
|c|+shuwri|salam les khey
|c|+Paradise Seeker|sorry ss ubers
|c|+Mega Zygarde-100%|GG
