|inactive|Battle timer is ON: inactive players will automatically lose when time's up.
|t:|1663725994
|gametype|singles
|player|p1|skoma|#ompl2021spindawheels|
|player|p2|Aberforth|#aberforth|
|teamsize|p1|6
|teamsize|p2|6
|gen|8
|tier|[Gen 8] Ubers
|rule|Sleep Clause Mod: Limit one foe put to sleep
|rule|Species Clause: Limit one of each Pokémon
|rule|OHKO Clause: OHKO moves are banned
|rule|Evasion Items Clause: Evasion items are banned
|rule|Evasion Moves Clause: Evasion moves are banned
|rule|Endless Battle Clause: Forcing endless battles is banned
|rule|HP Percentage Mod: HP is shown in percentages
|rule|Dynamax Clause: You cannot dynamax
|clearpoke
|poke|p1|Eternatus|
|poke|p1|Yveltal|
|poke|p1|Zygarde|
|poke|p1|Ditto|
|poke|p1|Necrozma-Dusk-Mane|
|poke|p1|Kyogre|
|poke|p2|Yveltal|
|poke|p2|Eternatus|
|poke|p2|Necrozma-Dusk-Mane|
|poke|p2|Groudon|
|poke|p2|Lunala|
|poke|p2|Kyogre|
|teampreview
|c|☆skoma|hf
|c|☆Aberforth|u2
|inactive|Aberforth has 270 seconds left.
|
|t:|1663726034
|start
|switch|p1a: Ditto|Ditto|100/100
|switch|p2a: Lunala|Lunala|100/100
|-transform|p1a: Ditto|p2a: Lunala|[from] ability: Imposter
|turn|1
|
|t:|1663726053
|switch|p1a: Necrozma|Necrozma-Dusk-Mane|100/100
|move|p2a: Lunala|Ice Beam|p1a: Necrozma
|-resisted|p1a: Necrozma
|-damage|p1a: Necrozma|90/100
|
|-heal|p1a: Necrozma|96/100|[from] item: Leftovers
|upkeep
|turn|2
|inactive|Aberforth has 270 seconds left.
|inactive|Aberforth has 240 seconds left.
|inactive|Aberforth has 210 seconds left.
|inactive|Aberforth has 180 seconds left.
|
|t:|1663726202
|switch|p2a: Groudon|Groudon|100/100
|-weather|SunnyDay|[from] ability: Drought|[of] p2a: Groudon
|move|p1a: Necrozma|Stealth Rock|p2a: Groudon
|-sidestart|p2: Aberforth|move: Stealth Rock
|
|-weather|SunnyDay|[upkeep]
|-heal|p1a: Necrozma|100/100|[from] item: Leftovers
|upkeep
|turn|3
|
|t:|1663726206
|switch|p1a: Kyogre|Kyogre|100/100
|-weather|RainDance|[from] ability: Drizzle|[of] p1a: Kyogre
|move|p2a: Groudon|Swords Dance|p2a: Groudon
|-boost|p2a: Groudon|atk|2
|
|-weather|RainDance|[upkeep]
|upkeep
|turn|4
|
|t:|1663726210
|move|p1a: Kyogre|Ice Beam|p2a: Groudon
|-supereffective|p2a: Groudon
|-damage|p2a: Groudon|0 fnt
|faint|p2a: Groudon
|
|-weather|RainDance|[upkeep]
|upkeep
|c|☆Aberforth|damn
|c|☆Aberforth|!showset 4
|c|+Aberforth|/raw <div class="infobox">Groudon @ Leftovers  <br />Ability: Drought  <br />EVs: 4 HP &#x2f; 252 Atk &#x2f; 252 Spe  <br />Adamant Nature  <br />- Swords Dance  <br />- Precipice Blades  <br />- Stone Edge  <br />- Heat Crash  <br /><br /></div>
|inactive|Aberforth has 150 seconds left.
|inactive|Aberforth disconnected and has 300 seconds to reconnect!
|player|p2|
|c|☆skoma|rip
|inactive|Aberforth reconnected and has 125 seconds left.
|player|p2|Aberforth|#aberforth
|inactive|Aberforth has 120 seconds left.
|
|t:|1663726303
|switch|p2a: Kyogre|Kyogre|100/100
|-damage|p2a: Kyogre|88/100|[from] Stealth Rock
|turn|5
|
|t:|1663726316
|switch|p1a: Eternatus|Eternatus|100/100
|-ability|p1a: Eternatus|Pressure
|move|p2a: Kyogre|Ice Beam|p1a: Eternatus
|-supereffective|p1a: Eternatus
|-damage|p1a: Eternatus|34/100
|
|-weather|RainDance|[upkeep]
|-heal|p1a: Eternatus|41/100|[from] item: Black Sludge
|upkeep
|turn|6
|
|t:|1663726323
|switch|p1a: Ditto|Ditto|100/100
|-transform|p1a: Ditto|p2a: Kyogre|[from] ability: Imposter
|move|p2a: Kyogre|Ice Beam|p1a: Ditto
|-resisted|p1a: Ditto
|-damage|p1a: Ditto|82/100
|
|-weather|RainDance|[upkeep]
|upkeep
|turn|7
|
|t:|1663726329
|move|p1a: Ditto|Thunder|p2a: Kyogre
|-supereffective|p2a: Kyogre
|-damage|p2a: Kyogre|15/100
|move|p2a: Kyogre|Thunder|p1a: Ditto
|-supereffective|p1a: Ditto
|-damage|p1a: Ditto|0 fnt
|faint|p1a: Ditto
|
|-weather|none
|upkeep
|c|☆skoma|idk my
|c|☆skoma|calcs
|
|t:|1663726336
|switch|p1a: Eternatus|Eternatus|41/100
|-ability|p1a: Eternatus|Pressure
|turn|8
|
|t:|1663726339
|switch|p2a: Necrozma|Necrozma-Dusk-Mane|100/100
|-damage|p2a: Necrozma|94/100|[from] Stealth Rock
|move|p1a: Eternatus|Dragon Pulse|p2a: Necrozma
|-resisted|p2a: Necrozma
|-damage|p2a: Necrozma|82/100
|
|-heal|p1a: Eternatus|47/100|[from] item: Black Sludge
|-heal|p2a: Necrozma|88/100|[from] item: Leftovers
|upkeep
|turn|9
|
|t:|1663726347
|switch|p1a: Necrozma|Necrozma-Dusk-Mane|100/100
|move|p2a: Necrozma|Stealth Rock|p1a: Necrozma
|-sidestart|p1: skoma|move: Stealth Rock
|
|-heal|p2a: Necrozma|94/100|[from] item: Leftovers
|upkeep
|turn|10
|
|t:|1663726353
|switch|p2a: Yveltal|Yveltal|100/100
|-ability|p2a: Yveltal|Dark Aura
|move|p1a: Necrozma|Thunder Wave|p2a: Yveltal
|-status|p2a: Yveltal|par
|
|upkeep
|turn|11
|
|t:|1663726373
|switch|p1a: Yveltal|Yveltal|100/100
|-ability|p1a: Yveltal|Dark Aura
|move|p2a: Yveltal|Foul Play|p1a: Yveltal
|-resisted|p1a: Yveltal
|-damage|p1a: Yveltal|76/100
|
|upkeep
|turn|12
|
|t:|1663726390
|switch|p2a: Eternatus|Eternatus|100/100
|-ability|p2a: Eternatus|Pressure
|move|p1a: Yveltal|Knock Off|p2a: Eternatus
|-damage|p2a: Eternatus|61/100
|-enditem|p2a: Eternatus|Heavy-Duty Boots|[from] move: Knock Off|[of] p1a: Yveltal
|
|upkeep
|turn|13
|inactive|Aberforth has 150 seconds left.
|
|t:|1663726426
|switch|p1a: Kyogre|Kyogre|100/100
|-damage|p1a: Kyogre|88/100|[from] Stealth Rock
|-weather|RainDance|[from] ability: Drizzle|[of] p1a: Kyogre
|move|p2a: Eternatus|Flamethrower|p1a: Kyogre
|-resisted|p1a: Kyogre
|-damage|p1a: Kyogre|83/100
|
|-weather|RainDance|[upkeep]
|upkeep
|turn|14
|
|t:|1663726434
|switch|p2a: Kyogre|Kyogre|15/100
|-damage|p2a: Kyogre|3/100|[from] Stealth Rock
|move|p1a: Kyogre|Ice Beam|p2a: Kyogre
|-resisted|p2a: Kyogre
|-damage|p2a: Kyogre|0 fnt
|faint|p2a: Kyogre
|
|-weather|RainDance|[upkeep]
|upkeep
|
|t:|1663726440
|switch|p2a: Lunala|Lunala|100/100
|turn|15
|
|t:|1663726443
|switch|p1a: Necrozma|Necrozma-Dusk-Mane|100/100
|-damage|p1a: Necrozma|94/100|[from] Stealth Rock
|move|p2a: Lunala|Thunder Wave|p1a: Necrozma
|-status|p1a: Necrozma|par
|
|-weather|RainDance|[upkeep]
|-heal|p1a: Necrozma|100/100 par|[from] item: Leftovers
|upkeep
|turn|16
|
|t:|1663726446
|move|p2a: Lunala|Hex|p1a: Necrozma
|-supereffective|p1a: Necrozma
|-damage|p1a: Necrozma|34/100 par
|move|p1a: Necrozma|Sunsteel Strike|p2a: Lunala
|-damage|p2a: Lunala|81/100
|
|-weather|RainDance|[upkeep]
|-heal|p1a: Necrozma|40/100 par|[from] item: Leftovers
|upkeep
|turn|17
|c|☆skoma|did
|c|☆skoma|i didnt see
|c|☆skoma|hex
|
|t:|1663726462
|switch|p1a: Kyogre|Kyogre|83/100
|-damage|p1a: Kyogre|71/100|[from] Stealth Rock
|move|p2a: Lunala|Roost|p2a: Lunala
|-heal|p2a: Lunala|100/100
|-singleturn|p2a: Lunala|move: Roost
|
|-weather|none
|upkeep
|turn|18
|
|t:|1663726475
|move|p2a: Lunala|Thunder Wave|p1a: Kyogre
|-status|p1a: Kyogre|par
|move|p1a: Kyogre|Thunder Wave|p2a: Lunala
|-status|p2a: Lunala|par
|
|upkeep
|turn|19
|
|t:|1663726483
|switch|p1a: Eternatus|Eternatus|47/100
|-damage|p1a: Eternatus|34/100|[from] Stealth Rock
|-ability|p1a: Eternatus|Pressure
|move|p2a: Lunala|Thunder Wave|p1a: Eternatus
|-status|p1a: Eternatus|par
|
|-heal|p1a: Eternatus|41/100 par|[from] item: Black Sludge
|upkeep
|turn|20
|
|t:|1663726490
|switch|p1a: Yveltal|Yveltal|76/100
|-ability|p1a: Yveltal|Dark Aura
|move|p2a: Lunala|Hex|p1a: Yveltal
|-resisted|p1a: Yveltal
|-damage|p1a: Yveltal|64/100
|
|upkeep
|turn|21
|
|t:|1663726492
|move|p1a: Yveltal|Knock Off|p2a: Lunala
|-supereffective|p2a: Lunala
|-damage|p2a: Lunala|6/100 par
|-enditem|p2a: Lunala|Heavy-Duty Boots|[from] move: Knock Off|[of] p1a: Yveltal
|move|p2a: Lunala|Thunder Wave|p1a: Yveltal|[miss]
|-miss|p2a: Lunala|p1a: Yveltal
|
|upkeep
|turn|22
|c|☆skoma|twave again
|
|t:|1663726507
|move|p1a: Yveltal|Roost|p1a: Yveltal
|-heal|p1a: Yveltal|100/100
|-singleturn|p1a: Yveltal|move: Roost
|move|p2a: Lunala|Thunder Wave|p1a: Yveltal|[miss]
|-miss|p2a: Lunala|p1a: Yveltal
|
|upkeep
|turn|23
|
|t:|1663726510
|move|p1a: Yveltal|Roost||[still]
|-fail|p1a: Yveltal|heal
|move|p2a: Lunala|Thunder Wave|p1a: Yveltal
|-status|p1a: Yveltal|par
|
|upkeep
|turn|24
|inactive|Aberforth has 210 seconds left.
|
|t:|1663726532
|switch|p1a: Necrozma|Necrozma-Dusk-Mane|40/100 par
|-damage|p1a: Necrozma|34/100 par|[from] Stealth Rock
|move|p2a: Lunala|Ice Beam|p1a: Necrozma
|-resisted|p1a: Necrozma
|-damage|p1a: Necrozma|23/100 par
|
|-heal|p1a: Necrozma|29/100 par|[from] item: Leftovers
|upkeep
|turn|25
|
|t:|1663726536
|move|p2a: Lunala|Roost|p2a: Lunala
|-heal|p2a: Lunala|56/100 par
|-singleturn|p2a: Lunala|move: Roost
|cant|p1a: Necrozma|par
|
|-heal|p1a: Necrozma|35/100 par|[from] item: Leftovers
|upkeep
|turn|26
|c|☆skoma|er
|c|☆skoma|im not thinking
|
|t:|1663726543
|move|p2a: Lunala|Roost|p2a: Lunala
|-heal|p2a: Lunala|100/100 par
|-singleturn|p2a: Lunala|move: Roost
|move|p1a: Necrozma|Morning Sun|p1a: Necrozma
|-heal|p1a: Necrozma|85/100 par
|
|-heal|p1a: Necrozma|91/100 par|[from] item: Leftovers
|upkeep
|turn|27
|
|t:|1663726553
|switch|p1a: Yveltal|Yveltal|100/100 par
|-ability|p1a: Yveltal|Dark Aura
|move|p2a: Lunala|Hex|p1a: Yveltal
|-resisted|p1a: Yveltal
|-damage|p1a: Yveltal|79/100 par
|
|upkeep
|turn|28
|
|t:|1663726555
|move|p1a: Yveltal|Knock Off|p2a: Lunala
|-supereffective|p2a: Lunala
|-damage|p2a: Lunala|38/100 par
|move|p2a: Lunala|Ice Beam|p1a: Yveltal
|-supereffective|p1a: Yveltal
|-damage|p1a: Yveltal|38/100 par
|
|upkeep
|turn|29
|
|t:|1663726558
|move|p1a: Yveltal|Knock Off|p2a: Lunala
|-supereffective|p2a: Lunala
|-damage|p2a: Lunala|0 fnt
|faint|p2a: Lunala
|
|upkeep
|
|t:|1663726561
|switch|p2a: Necrozma|Necrozma-Dusk-Mane|94/100
|-damage|p2a: Necrozma|88/100|[from] Stealth Rock
|turn|30
|
|t:|1663726564
|move|p2a: Necrozma|Sunsteel Strike|p1a: Yveltal
|-damage|p1a: Yveltal|0 fnt
|faint|p1a: Yveltal
|
|-heal|p2a: Necrozma|94/100|[from] item: Leftovers
|upkeep
|c|+airfare|Not the sharpest Tool in the shed
|
|t:|1663726565
|switch|p1a: Zygarde|Zygarde|100/100
|-damage|p1a: Zygarde|94/100|[from] Stealth Rock
|turn|31
|
|t:|1663726569
|switch|p2a: Eternatus|Eternatus|61/100
|-damage|p2a: Eternatus|49/100|[from] Stealth Rock
|-ability|p2a: Eternatus|Pressure
|move|p1a: Zygarde|Substitute|p1a: Zygarde
|-start|p1a: Zygarde|Substitute
|-damage|p1a: Zygarde|69/100
|
|-heal|p1a: Zygarde|76/100|[from] item: Leftovers
|upkeep
|turn|32
|
|t:|1663726575
|move|p2a: Eternatus|Recover|p2a: Eternatus
|-heal|p2a: Eternatus|99/100
|move|p1a: Zygarde|Dragon Dance|p1a: Zygarde
|-boost|p1a: Zygarde|atk|1
|-boost|p1a: Zygarde|spe|1
|
|-heal|p1a: Zygarde|82/100|[from] item: Leftovers
|upkeep
|turn|33
|inactive|Aberforth has 270 seconds left.
|c|☆skoma|airfare u gave average players hope across smogon bro
|c|☆skoma|keep it up
|
|t:|1663726615
|move|p1a: Zygarde|Dragon Dance|p1a: Zygarde
|-boost|p1a: Zygarde|atk|1
|-boost|p1a: Zygarde|spe|1
|move|p2a: Eternatus|Sludge Bomb|p1a: Zygarde
|-resisted|p1a: Zygarde
|-activate|p1a: Zygarde|move: Substitute|[damage]
|
|-heal|p1a: Zygarde|88/100|[from] item: Leftovers
|upkeep
|turn|34
|c|☆Aberforth|gg
|-message|Aberforth forfeited.
|
|win|skoma
