|inactive|Battle timer is ON: inactive players will automatically lose when time's up.
|t:|1670076367
|gametype|singles
|player|p1|Inder|lucas|
|player|p2|entrocefalo|medium|
|teamsize|p1|6
|teamsize|p2|6
|gen|8
|tier|[Gen 8] Ubers
|rule|Sleep Clause Mod: Limit one foe put to sleep
|rule|Species Clause: Limit one of each Pokémon
|rule|OHKO Clause: OHKO moves are banned
|rule|Evasion Items Clause: Evasion items are banned
|rule|Evasion Moves Clause: Evasion moves are banned
|rule|Endless Battle Clause: Forcing endless battles is banned
|rule|HP Percentage Mod: HP is shown in percentages
|rule|Dynamax Clause: You cannot dynamax
|clearpoke
|poke|p1|Landorus-Therian, M|
|poke|p1|Yveltal|
|poke|p1|Calyrex-Shadow|
|poke|p1|Zekrom|
|poke|p1|Eternatus|
|poke|p1|Necrozma-Dusk-Mane|
|poke|p2|Zekrom|
|poke|p2|Landorus-Therian, M|
|poke|p2|Obstagoon, M|
|poke|p2|Slurpuff, F|
|poke|p2|Necrozma-Dusk-Mane|
|poke|p2|Yveltal|
|teampreview
|inactive|Inder also wants the timer to be on.
|c|☆entrocefalo|hf!
|c|☆Inder|u2
|inactive|Inder has 270 seconds left.
|inactive|entrocefalo has 270 seconds left.
|c|+Lasen|SPL?
|c|+Hoennseptile|gl both
|c|+RichardMillePlain|Woohoo
|inactive|Inder has 240 seconds left.
|inactive|entrocefalo has 240 seconds left.
|c|+ChaFouu|lgi le Cover
|c|☆Inder|le cover
|c|+RichardMillePlain|La couverture
|inactive|entrocefalo has 210 seconds left.
|inactive|Inder has 210 seconds left.
|c|+ChaFouu|(c'est quel tour ?)
|c|☆Inder|circuit r1
|inactive|entrocefalo has 180 seconds left.
|
|t:|1670076501
|start
|switch|p1a: Necrozma|Necrozma-Dusk-Mane|100/100
|switch|p2a: Slurpuff|Slurpuff, F|100/100
|turn|1
|inactive|entrocefalo has 240 seconds left.
|inactive|Inder has 240 seconds left.
|
|t:|1670076516
|move|p2a: Slurpuff|Sticky Web|p1a: Necrozma
|-sidestart|p1: Inder|move: Sticky Web
|move|p1a: Necrozma|Stealth Rock|p2a: Slurpuff
|-sidestart|p2: entrocefalo|move: Stealth Rock
|
|upkeep
|turn|2
|inactive|Inder has 240 seconds left.
|inactive|entrocefalo has 240 seconds left.
|
|t:|1670076534
|move|p2a: Slurpuff|Yawn|p1a: Necrozma
|-start|p1a: Necrozma|move: Yawn|[of] p2a: Slurpuff
|move|p1a: Necrozma|Iron Head|p2a: Slurpuff
|-supereffective|p2a: Slurpuff
|-crit|p2a: Slurpuff
|-enditem|p2a: Slurpuff|Focus Sash
|-damage|p2a: Slurpuff|1/100
|
|upkeep
|turn|3
|inactive|Inder has 240 seconds left.
|
|t:|1670076542
|switch|p1a: Yveltal|Yveltal|100/100
|-ability|p1a: Yveltal|Dark Aura
|move|p2a: Slurpuff|Yawn|p1a: Yveltal
|-start|p1a: Yveltal|move: Yawn|[of] p2a: Slurpuff
|
|upkeep
|turn|4
|inactive|Inder has 240 seconds left.
|inactive|entrocefalo has 240 seconds left.
|inactive|Inder has 210 seconds left.
|
|t:|1670076585
|switch|p1a: Eternatus|Eternatus|100/100
|-activate|p1a: Eternatus|move: Sticky Web
|-unboost|p1a: Eternatus|spe|1
|-ability|p1a: Eternatus|Pressure
|move|p2a: Slurpuff|Misty Explosion|p1a: Eternatus
|-damage|p1a: Eternatus|76/100
|faint|p2a: Slurpuff
|
|upkeep
|inactive|entrocefalo has 210 seconds left.
|inactive|entrocefalo has 180 seconds left.
|c|%Eledyr|Go Inder
|inactive|entrocefalo has 150 seconds left.
|inactive|entrocefalo has 120 seconds left.
|
|t:|1670076707
|switch|p2a: Necrozma|Necrozma-Dusk-Mane|100/100
|-damage|p2a: Necrozma|94/100|[from] Stealth Rock
|turn|5
|inactive|Inder has 210 seconds left.
|inactive|entrocefalo has 90 seconds left.
|inactive|entrocefalo has 60 seconds left.
|
|t:|1670076759
|switch|p1a: Necrozma|Necrozma-Dusk-Mane|100/100
|-activate|p1a: Necrozma|move: Sticky Web
|-unboost|p1a: Necrozma|spe|1
|move|p2a: Necrozma|Dragon Dance|p2a: Necrozma
|-boost|p2a: Necrozma|atk|1
|-boost|p2a: Necrozma|spe|1
|
|upkeep
|turn|6
|inactive|entrocefalo has 60 seconds left.
|
|t:|1670076773
|switch|p2a: Zekrom|Zekrom|100/100
|-damage|p2a: Zekrom|88/100|[from] Stealth Rock
|-ability|p2a: Zekrom|Teravolt
|move|p1a: Necrozma|Thunder Wave|p2a: Zekrom
|-immune|p2a: Zekrom
|
|upkeep
|turn|7
|inactive|entrocefalo has 60 seconds left.
|inactive|Inder has 180 seconds left.
|
|t:|1670076798
|switch|p1a: Landorus|Landorus-Therian, M|100/100
|-ability|p1a: Landorus|Intimidate|boost
|-unboost|p2a: Zekrom|atk|1
|move|p2a: Zekrom|Dragon Dance|p2a: Zekrom
|-boost|p2a: Zekrom|atk|1
|-boost|p2a: Zekrom|spe|1
|
|upkeep
|turn|8
|
|t:|1670076802
|move|p2a: Zekrom|Magnet Rise|p2a: Zekrom
|-start|p2a: Zekrom|Magnet Rise
|move|p1a: Landorus|Toxic|p2a: Zekrom|[miss]
|-miss|p1a: Landorus|p2a: Zekrom
|
|upkeep
|turn|9
|
|t:|1670076808
|move|p2a: Zekrom|Dragon Dance|p2a: Zekrom
|-boost|p2a: Zekrom|atk|1
|-boost|p2a: Zekrom|spe|1
|move|p1a: Landorus|Toxic|p2a: Zekrom
|-status|p2a: Zekrom|tox
|-enditem|p2a: Zekrom|Lum Berry|[eat]
|-curestatus|p2a: Zekrom|tox|[msg]
|
|upkeep
|turn|10
|
|t:|1670076820
|move|p2a: Zekrom|Dragon Claw|p1a: Landorus
|-damage|p1a: Landorus|53/100
|move|p1a: Landorus|Toxic|p2a: Zekrom
|-status|p2a: Zekrom|tox
|
|-heal|p1a: Landorus|59/100|[from] item: Leftovers
|-damage|p2a: Zekrom|82/100 tox|[from] psn
|upkeep
|turn|11
|
|t:|1670076826
|switch|p1a: Necrozma|Necrozma-Dusk-Mane|100/100
|-activate|p1a: Necrozma|move: Sticky Web
|-unboost|p1a: Necrozma|spe|1
|move|p2a: Zekrom|Dragon Dance|p2a: Zekrom
|-boost|p2a: Zekrom|atk|1
|-boost|p2a: Zekrom|spe|1
|
|-damage|p2a: Zekrom|70/100 tox|[from] psn
|upkeep
|turn|12
|inactive|Inder has 210 seconds left.
|
|t:|1670076832
|move|p2a: Zekrom|Bolt Strike|p1a: Necrozma
|-damage|p1a: Necrozma|2/100
|move|p1a: Necrozma|Iron Head|p2a: Zekrom
|-resisted|p2a: Zekrom
|-damage|p2a: Zekrom|51/100 tox
|
|-heal|p1a: Necrozma|8/100|[from] item: Leftovers
|-damage|p2a: Zekrom|32/100 tox|[from] psn
|-end|p2a: Zekrom|Magnet Rise
|upkeep
|turn|13
|inactive|Inder has 210 seconds left.
|
|t:|1670076846
|move|p2a: Zekrom|Dragon Claw|p1a: Necrozma
|-resisted|p1a: Necrozma
|-crit|p1a: Necrozma
|-damage|p1a: Necrozma|0 fnt
|faint|p1a: Necrozma
|
|-damage|p2a: Zekrom|8/100 tox|[from] psn
|upkeep
|inactive|Inder has 210 seconds left.
|
|t:|1670076852
|switch|p1a: Yveltal|Yveltal|100/100
|-ability|p1a: Yveltal|Dark Aura
|turn|14
|
|t:|1670076860
|switch|p2a: Obstagoon|Obstagoon, M|100/100
|-damage|p2a: Obstagoon|88/100|[from] Stealth Rock
|move|p1a: Yveltal|Sucker Punch||[still]
|-fail|p1a: Yveltal
|
|-status|p2a: Obstagoon|brn|[from] item: Flame Orb
|upkeep
|turn|15
|
|t:|1670076874
|move|p2a: Obstagoon|Ice Punch|p1a: Yveltal
|-supereffective|p1a: Yveltal
|-damage|p1a: Yveltal|44/100
|move|p1a: Yveltal|U-turn|p2a: Obstagoon
|-supereffective|p2a: Obstagoon
|-damage|p2a: Obstagoon|42/100 brn
|inactive|Inder has 210 seconds left.
|inactive|Inder has 180 seconds left.
|inactive|Inder has 150 seconds left.
|
|t:|1670076982
|switch|p1a: Eternatus|Eternatus|76/100|[from] U-turn
|-activate|p1a: Eternatus|move: Sticky Web
|-unboost|p1a: Eternatus|spe|1
|-ability|p1a: Eternatus|Pressure
|
|-damage|p2a: Obstagoon|36/100 brn|[from] brn
|upkeep
|turn|16
|inactive|Inder has 120 seconds left.
|inactive|entrocefalo has 90 seconds left.
|
|t:|1670077016
|move|p2a: Obstagoon|Facade|p1a: Eternatus
|-damage|p1a: Eternatus|0 fnt
|-damage|p2a: Obstagoon|20/100 brn|[from] item: Rocky Helmet|[of] p1a: Eternatus
|faint|p1a: Eternatus
|
|-damage|p2a: Obstagoon|14/100 brn|[from] brn
|upkeep
|inactive|Inder has 90 seconds left.
|
|t:|1670077038
|switch|p1a: Yveltal|Yveltal|44/100
|-ability|p1a: Yveltal|Dark Aura
|turn|17
|inactive|entrocefalo has 90 seconds left.
|
|t:|1670077052
|switch|p2a: Zekrom|Zekrom|8/100 tox
|-damage|p2a: Zekrom|0 fnt|[from] Stealth Rock
|faint|p2a: Zekrom
|move|p1a: Yveltal|Sucker Punch|p2: Zekrom|[notarget]
|-fail|p1a: Yveltal
|
|upkeep
|inactive|entrocefalo has 90 seconds left.
|inactive|entrocefalo has 60 seconds left.
|
|t:|1670077108
|switch|p2a: Landorus|Landorus-Therian, M|100/100
|-damage|p2a: Landorus|88/100|[from] Stealth Rock
|-ability|p2a: Landorus|Intimidate|boost
|-unboost|p1a: Yveltal|atk|1
|turn|18
|
|t:|1670077115
|switch|p1a: Landorus|Landorus-Therian, M|59/100
|-ability|p1a: Landorus|Intimidate|boost
|-unboost|p2a: Landorus|atk|1
|move|p2a: Landorus|Stone Edge|p1a: Landorus
|-crit|p1a: Landorus
|-damage|p1a: Landorus|21/100
|
|-heal|p1a: Landorus|27/100|[from] item: Leftovers
|upkeep
|turn|19
|inactive|entrocefalo has 30 seconds left.
|
|t:|1670077146
|move|p2a: Landorus|Stone Edge|p1a: Landorus
|-damage|p1a: Landorus|8/100
|move|p1a: Landorus|Defog|p2a: Landorus
|-unboost|p2a: Landorus|evasion|1
|-sideend|p2: entrocefalo|Stealth Rock|[from] move: Defog|[of] p1a: Landorus
|-sideend|p1: Inder|Sticky Web|[from] move: Defog|[of] p1a: Landorus
|
|-heal|p1a: Landorus|14/100|[from] item: Leftovers
|upkeep
|turn|20
|inactive|entrocefalo has 30 seconds left.
|
|t:|1670077152
|move|p2a: Landorus|Stone Edge|p1a: Landorus
|-damage|p1a: Landorus|0 fnt
|faint|p1a: Landorus
|
|upkeep
|
|t:|1670077160
|switch|p1a: Calyrex|Calyrex-Shadow|100/100
|-ability|p1a: Calyrex|As One
|-ability|p1a: Calyrex|Unnerve
|turn|21
|inactive|Inder has 120 seconds left.
|
|t:|1670077174
|switch|p1a: Yveltal|Yveltal|44/100
|-ability|p1a: Yveltal|Dark Aura
|switch|p2a: Obstagoon|Obstagoon, M|14/100 brn
|
|-damage|p2a: Obstagoon|8/100 brn|[from] brn
|upkeep
|turn|22
|
|t:|1670077184
|move|p1a: Yveltal|Sucker Punch|p2a: Obstagoon
|-resisted|p2a: Obstagoon
|-damage|p2a: Obstagoon|0 fnt
|faint|p2a: Obstagoon
|
|upkeep
|
|t:|1670077189
|switch|p2a: Landorus|Landorus-Therian, M|88/100
|-ability|p2a: Landorus|Intimidate|boost
|-unboost|p1a: Yveltal|atk|1
|turn|23
|
|t:|1670077194
|move|p2a: Landorus|Stone Edge|p1a: Yveltal
|-supereffective|p1a: Yveltal
|-crit|p1a: Yveltal
|-damage|p1a: Yveltal|0 fnt
|faint|p1a: Yveltal
|
|upkeep
|
|t:|1670077198
|switch|p1a: Calyrex|Calyrex-Shadow|100/100
|-ability|p1a: Calyrex|As One
|-ability|p1a: Calyrex|Unnerve
|turn|24
|inactive|entrocefalo has 60 seconds left.
|
|t:|1670077217
|switch|p2a: Necrozma|Necrozma-Dusk-Mane|94/100
|move|p1a: Calyrex|Astral Barrage|p2a: Necrozma
|-supereffective|p2a: Necrozma
|-damage|p2a: Necrozma|0 fnt
|faint|p2a: Necrozma
|-ability|p1a: Calyrex|Grim Neigh|boost
|-boost|p1a: Calyrex|spa|1
|
|upkeep
|
|t:|1670077220
|switch|p2a: Yveltal|Yveltal|100/100
|-ability|p2a: Yveltal|Dark Aura
|turn|25
|
|t:|1670077228
|move|p1a: Calyrex|Astral Barrage|p2a: Yveltal
|-resisted|p2a: Yveltal
|-damage|p2a: Yveltal|35/100
|move|p2a: Yveltal|Knock Off|p1a: Calyrex
|-supereffective|p1a: Calyrex
|-damage|p1a: Calyrex|0 fnt
|-enditem|p1a: Calyrex|Choice Specs|[from] move: Knock Off|[of] p2a: Yveltal
|faint|p1a: Calyrex
|
|upkeep
|
|t:|1670077231
|switch|p1a: Zekrom|Zekrom|100/100
|-ability|p1a: Zekrom|Teravolt
|turn|26
|
|t:|1670077244
|move|p2a: Yveltal|Knock Off|p1a: Zekrom
|-damage|p1a: Zekrom|39/100
|-enditem|p1a: Zekrom|Life Orb|[from] move: Knock Off|[of] p2a: Yveltal
|move|p1a: Zekrom|Scale Shot|p2a: Yveltal
|-damage|p2a: Yveltal|21/100
|-damage|p2a: Yveltal|7/100
|-damage|p2a: Yveltal|0 fnt
|faint|p2a: Yveltal
|-hitcount|p2: Yveltal|3
|-unboost|p1a: Zekrom|def|1
|-boost|p1a: Zekrom|spe|1
|
|upkeep
|
|t:|1670077250
|switch|p2a: Landorus|Landorus-Therian, M|88/100
|-ability|p2a: Landorus|Intimidate|boost
|-unboost|p1a: Zekrom|atk|1
|turn|27
|
|t:|1670077253
|move|p1a: Zekrom|Draco Meteor|p2a: Landorus
|-damage|p2a: Landorus|24/100
|-unboost|p1a: Zekrom|spa|2
|move|p2a: Landorus|Earthquake|p1a: Zekrom
|-supereffective|p1a: Zekrom
|-damage|p1a: Zekrom|0 fnt
|faint|p1a: Zekrom
|
|win|entrocefalo
|c|☆Inder|gg
|c|☆entrocefalo|gg
