|inactive|Battle timer is ON: inactive players will automatically lose when time's up.
|t:|1664150867
|gametype|singles
|player|p1|pop smoke|#uplxdurians|
|player|p2|Aberforth|#aberforth|
|teamsize|p1|6
|teamsize|p2|6
|gen|8
|tier|[Gen 8] Ubers
|rule|Sleep Clause Mod: Limit one foe put to sleep
|rule|Species Clause: Limit one of each Pokémon
|rule|OHKO Clause: OHKO moves are banned
|rule|Evasion Items Clause: Evasion items are banned
|rule|Evasion Moves Clause: Evasion moves are banned
|rule|Endless Battle Clause: Forcing endless battles is banned
|rule|HP Percentage Mod: HP is shown in percentages
|rule|Dynamax Clause: You cannot dynamax
|clearpoke
|poke|p1|Groudon|
|poke|p1|Ho-Oh|
|poke|p1|Eternatus|
|poke|p1|Yveltal|
|poke|p1|Necrozma-Dusk-Mane|
|poke|p1|Zekrom|
|poke|p2|Marshadow|
|poke|p2|Zygarde|
|poke|p2|Necrozma-Dusk-Mane|
|poke|p2|Eternatus|
|poke|p2|Yveltal|
|poke|p2|Groudon|
|teampreview
|inactive|pop smoke also wants the timer to be on.
|c|☆Aberforth|hf
|c|☆pop smoke|hf
|c|+frania ♕|TJ
|c|+hariyana grande|go!!
|inactive|pop smoke has 270 seconds left.
|inactive|Aberforth has 270 seconds left.
|inactive|Aberforth has 240 seconds left.
|
|t:|1664150928
|start
|switch|p1a: Yveltal|Yveltal|100/100
|switch|p2a: Eternatus|Eternatus|100/100
|-ability|p2a: Eternatus|Pressure
|-ability|p1a: Yveltal|Dark Aura
|turn|1
|
|t:|1664150937
|switch|p1a: Necrozma|Necrozma-Dusk-Mane|100/100
|move|p2a: Eternatus|Flamethrower|p1a: Necrozma
|-supereffective|p1a: Necrozma
|-damage|p1a: Necrozma|73/100
|
|-heal|p1a: Necrozma|79/100|[from] item: Leftovers
|upkeep
|turn|2
|c|+bb skarm|POP SMOKE
|
|t:|1664150961
|switch|p2a: Zygarde|Zygarde|100/100
|move|p1a: Necrozma|Knock Off|p2a: Zygarde
|-damage|p2a: Zygarde|82/100
|-enditem|p2a: Zygarde|Leftovers|[from] move: Knock Off|[of] p1a: Necrozma
|
|-heal|p1a: Necrozma|85/100|[from] item: Leftovers
|upkeep
|turn|3
|c|+jonfilch|go pop smoke
|inactive|pop smoke has 270 seconds left.
|
|t:|1664150993
|switch|p1a: Zekrom|Zekrom|100/100
|-ability|p1a: Zekrom|Teravolt
|move|p2a: Zygarde|Thousand Arrows|p1a: Zekrom
|-supereffective|p1a: Zekrom
|-damage|p1a: Zekrom|49/100
|
|upkeep
|turn|4
|c|%Eledyr|Gl both
|inactive|pop smoke has 270 seconds left.
|c|+FREEZAI!!!!|gl aberforth
|inactive|Aberforth has 270 seconds left.
|
|t:|1664151018
|switch|p2a: Necrozma|Necrozma-Dusk-Mane|100/100
|move|p1a: Zekrom|Roost|p1a: Zekrom
|-heal|p1a: Zekrom|99/100
|-singleturn|p1a: Zekrom|move: Roost
|
|upkeep
|turn|5
|inactive|pop smoke has 270 seconds left.
|
|t:|1664151041
|switch|p1a: Groudon|Groudon|100/100
|-weather|SunnyDay|[from] ability: Drought|[of] p1a: Groudon
|switch|p2a: Groudon|Groudon|100/100
|
|-weather|SunnyDay|[upkeep]
|upkeep
|turn|6
|
|t:|1664151045
|switch|p2a: Zygarde|Zygarde|82/100
|move|p1a: Groudon|Toxic|p2a: Zygarde
|-status|p2a: Zygarde|tox
|
|-weather|SunnyDay|[upkeep]
|-damage|p2a: Zygarde|76/100 tox|[from] psn
|upkeep
|turn|7
|inactive|pop smoke has 270 seconds left.
|
|t:|1664151062
|move|p2a: Zygarde|Glare|p1a: Groudon
|-status|p1a: Groudon|par
|move|p1a: Groudon|Stealth Rock|p2a: Zygarde
|-sidestart|p2: Aberforth|move: Stealth Rock
|
|-weather|SunnyDay|[upkeep]
|-damage|p2a: Zygarde|63/100 tox|[from] psn
|upkeep
|turn|8
|inactive|pop smoke has 270 seconds left.
|
|t:|1664151068
|switch|p2a: Yveltal|Yveltal|100/100
|-ability|p2a: Yveltal|Dark Aura
|switch|p1a: Zekrom|Zekrom|99/100
|-ability|p1a: Zekrom|Teravolt
|
|-weather|SunnyDay|[upkeep]
|upkeep
|turn|9
|inactive|Aberforth has 270 seconds left.
|
|t:|1664151094
|move|p1a: Zekrom|Draco Meteor|p2a: Yveltal
|-damage|p2a: Yveltal|57/100
|-unboost|p1a: Zekrom|spa|2
|-damage|p1a: Zekrom|89/100|[from] item: Life Orb
|move|p2a: Yveltal|Knock Off|p1a: Zekrom
|-damage|p1a: Zekrom|37/100
|-enditem|p1a: Zekrom|Life Orb|[from] move: Knock Off|[of] p2a: Yveltal
|
|-weather|none
|upkeep
|turn|10
|
|t:|1664151098
|switch|p2a: Groudon|Groudon|100/100
|-damage|p2a: Groudon|94/100|[from] Stealth Rock
|-weather|SunnyDay|[from] ability: Drought|[of] p2a: Groudon
|move|p1a: Zekrom|Roost|p1a: Zekrom
|-heal|p1a: Zekrom|87/100
|-singleturn|p1a: Zekrom|move: Roost
|
|-weather|SunnyDay|[upkeep]
|-heal|p2a: Groudon|100/100|[from] item: Leftovers
|upkeep
|turn|11
|
|t:|1664151106
|switch|p1a: Eternatus|Eternatus|100/100
|-ability|p1a: Eternatus|Pressure
|-item|p1a: Eternatus|Air Balloon
|move|p2a: Groudon|Swords Dance|p2a: Groudon
|-boost|p2a: Groudon|atk|2
|
|-weather|SunnyDay|[upkeep]
|upkeep
|turn|12
|
|t:|1664151118
|switch|p2a: Necrozma|Necrozma-Dusk-Mane|100/100
|-damage|p2a: Necrozma|94/100|[from] Stealth Rock
|move|p1a: Eternatus|Toxic|p2a: Necrozma
|-immune|p2a: Necrozma
|
|-weather|SunnyDay|[upkeep]
|-heal|p2a: Necrozma|100/100|[from] item: Leftovers
|upkeep
|turn|13
|
|t:|1664151127
|switch|p1a: Zekrom|Zekrom|87/100
|-ability|p1a: Zekrom|Teravolt
|move|p2a: Necrozma|Stealth Rock|p1a: Zekrom
|-sidestart|p1: pop smoke|move: Stealth Rock
|
|-weather|SunnyDay|[upkeep]
|upkeep
|turn|14
|
|t:|1664151149
|switch|p1a: Yveltal|Yveltal|100/100
|-ability|p1a: Yveltal|Dark Aura
|move|p2a: Necrozma|Moonlight|p2a: Necrozma
|-fail|p2a: Necrozma|heal
|
|-weather|none
|upkeep
|turn|15
|
|t:|1664151156
|move|p1a: Yveltal|Knock Off|p2a: Necrozma
|-supereffective|p2a: Necrozma
|-damage|p2a: Necrozma|37/100
|-enditem|p2a: Necrozma|Leftovers|[from] move: Knock Off|[of] p1a: Yveltal
|move|p2a: Necrozma|Thunder Wave|p1a: Yveltal
|-status|p1a: Yveltal|par
|
|upkeep
|turn|16
|
|t:|1664151161
|move|p2a: Necrozma|Moonlight|p2a: Necrozma
|-heal|p2a: Necrozma|87/100
|move|p1a: Yveltal|Foul Play|p2a: Necrozma
|-supereffective|p2a: Necrozma
|-damage|p2a: Necrozma|20/100
|
|upkeep
|turn|17
|
|t:|1664151169
|move|p2a: Necrozma|Moonlight|p2a: Necrozma
|-heal|p2a: Necrozma|70/100
|move|p1a: Yveltal|Foul Play|p2a: Necrozma
|-supereffective|p2a: Necrozma
|-damage|p2a: Necrozma|7/100
|
|upkeep
|turn|18
|
|t:|1664151175
|move|p2a: Necrozma|Moonlight|p2a: Necrozma
|-heal|p2a: Necrozma|57/100
|move|p1a: Yveltal|Foul Play|p2a: Necrozma
|-supereffective|p2a: Necrozma
|-damage|p2a: Necrozma|0 fnt
|faint|p2a: Necrozma
|
|upkeep
|
|t:|1664151181
|switch|p2a: Zygarde|Zygarde|63/100 tox
|-damage|p2a: Zygarde|57/100 tox|[from] Stealth Rock
|turn|19
|
|t:|1664151202
|switch|p1a: Zekrom|Zekrom|87/100
|-damage|p1a: Zekrom|75/100|[from] Stealth Rock
|-ability|p1a: Zekrom|Teravolt
|move|p2a: Zygarde|Thousand Arrows|p1a: Zekrom
|-supereffective|p1a: Zekrom
|-damage|p1a: Zekrom|15/100
|
|-damage|p2a: Zygarde|51/100 tox|[from] psn
|upkeep
|turn|20
|inactive|Aberforth has 270 seconds left.
|inactive|pop smoke has 270 seconds left.
|inactive|Aberforth has 240 seconds left.
|
|t:|1664151256
|switch|p2a: Eternatus|Eternatus|100/100
|-damage|p2a: Eternatus|88/100|[from] Stealth Rock
|-ability|p2a: Eternatus|Pressure
|move|p1a: Zekrom|Draco Meteor|p2a: Eternatus
|-supereffective|p2a: Eternatus
|-damage|p2a: Eternatus|8/100
|-unboost|p1a: Zekrom|spa|2
|
|upkeep
|turn|21
|inactive|Aberforth has 240 seconds left.
|
|t:|1664151283
|switch|p1a: Necrozma|Necrozma-Dusk-Mane|85/100
|-damage|p1a: Necrozma|79/100|[from] Stealth Rock
|move|p2a: Eternatus|Flamethrower|p1a: Necrozma
|-supereffective|p1a: Necrozma
|-damage|p1a: Necrozma|52/100
|
|-heal|p1a: Necrozma|58/100|[from] item: Leftovers
|upkeep
|turn|22
|inactive|pop smoke has 240 seconds left.
|
|t:|1664151314
|move|p2a: Eternatus|Recover|p2a: Eternatus
|-heal|p2a: Eternatus|58/100
|move|p1a: Necrozma|Sunsteel Strike|p2a: Eternatus
|-damage|p2a: Eternatus|23/100
|
|-heal|p1a: Necrozma|64/100|[from] item: Leftovers
|upkeep
|turn|23
|inactive|Aberforth has 240 seconds left.
|
|t:|1664151322
|move|p2a: Eternatus|Recover|p2a: Eternatus
|-heal|p2a: Eternatus|73/100
|move|p1a: Necrozma|Dragon Dance|p1a: Necrozma
|-boost|p1a: Necrozma|atk|1
|-boost|p1a: Necrozma|spe|1
|
|-heal|p1a: Necrozma|70/100|[from] item: Leftovers
|upkeep
|turn|24
|inactive|pop smoke has 240 seconds left.
|
|t:|1664151340
|move|p1a: Necrozma|Sunsteel Strike|p2a: Eternatus
|-damage|p2a: Eternatus|20/100
|move|p2a: Eternatus|Dragon Tail|p1a: Necrozma
|-resisted|p1a: Necrozma
|-damage|p1a: Necrozma|65/100
|drag|p1a: Zekrom|Zekrom|15/100
|-damage|p1a: Zekrom|3/100|[from] Stealth Rock
|-ability|p1a: Zekrom|Teravolt
|
|upkeep
|turn|25
|
|t:|1664151351
|switch|p1a: Necrozma|Necrozma-Dusk-Mane|65/100
|-damage|p1a: Necrozma|59/100|[from] Stealth Rock
|move|p2a: Eternatus|Flamethrower|p1a: Necrozma
|-supereffective|p1a: Necrozma
|-damage|p1a: Necrozma|28/100
|
|-heal|p1a: Necrozma|34/100|[from] item: Leftovers
|upkeep
|turn|26
|
|t:|1664151354
|move|p2a: Eternatus|Recover|p2a: Eternatus
|-heal|p2a: Eternatus|70/100
|move|p1a: Necrozma|Moonlight|p1a: Necrozma
|-heal|p1a: Necrozma|84/100
|
|-heal|p1a: Necrozma|90/100|[from] item: Leftovers
|upkeep
|turn|27
|
|t:|1664151357
|move|p2a: Eternatus|Flamethrower|p1a: Necrozma
|-supereffective|p1a: Necrozma
|-damage|p1a: Necrozma|63/100
|move|p1a: Necrozma|Knock Off|p2a: Eternatus
|-damage|p2a: Eternatus|47/100
|-enditem|p2a: Eternatus|Shuca Berry|[from] move: Knock Off|[of] p1a: Necrozma
|
|-heal|p1a: Necrozma|69/100|[from] item: Leftovers
|upkeep
|turn|28
|inactive|pop smoke has 240 seconds left.
|
|t:|1664151378
|move|p2a: Eternatus|Recover|p2a: Eternatus
|-heal|p2a: Eternatus|97/100
|move|p1a: Necrozma|Moonlight|p1a: Necrozma
|-heal|p1a: Necrozma|100/100
|
|upkeep
|turn|29
|
|t:|1664151384
|switch|p1a: Ho-Oh|Ho-Oh, shiny|100/100
|move|p2a: Eternatus|Dragon Tail|p1a: Ho-Oh
|-damage|p1a: Ho-Oh|89/100
|drag|p1a: Yveltal|Yveltal|100/100 par
|-ability|p1a: Yveltal|Dark Aura
|
|upkeep
|turn|30
|inactive|pop smoke has 240 seconds left.
|
|t:|1664151408
|move|p1a: Yveltal|Foul Play|p2a: Eternatus
|-damage|p2a: Eternatus|74/100
|move|p2a: Eternatus|Dragon Tail|p1a: Yveltal|[miss]
|-miss|p2a: Eternatus|p1a: Yveltal
|
|upkeep
|turn|31
|
|t:|1664151412
|cant|p1a: Yveltal|par
|move|p2a: Eternatus|Dragon Tail|p1a: Yveltal
|-damage|p1a: Yveltal|87/100 par
|drag|p1a: Zekrom|Zekrom|3/100
|-damage|p1a: Zekrom|0 fnt|[from] Stealth Rock
|faint|p1a: Zekrom
|
|upkeep
|inactive|pop smoke has 240 seconds left.
|inactive|pop smoke has 210 seconds left.
|
|t:|1664151478
|switch|p1a: Eternatus|Eternatus|100/100
|-damage|p1a: Eternatus|88/100|[from] Stealth Rock
|-ability|p1a: Eternatus|Pressure
|-item|p1a: Eternatus|Air Balloon
|turn|32
|
|t:|1664151497
|move|p1a: Eternatus|Draco Meteor|p2a: Eternatus
|-supereffective|p2a: Eternatus
|-damage|p2a: Eternatus|0 fnt
|-unboost|p1a: Eternatus|spa|2
|faint|p2a: Eternatus
|
|upkeep
|c|☆Aberforth|thats fast
|inactive|Aberforth has 270 seconds left.
|raw|<div class="broadcast-red"><strong>Moderated chat was set to ☆!</strong><br />Only users of rank ☆ and higher can talk.</div>
|
|t:|1664151543
|switch|p2a: Yveltal|Yveltal|57/100
|-ability|p2a: Yveltal|Dark Aura
|turn|33
|
|t:|1664151553
|switch|p1a: Groudon|Groudon|100/100 par
|-damage|p1a: Groudon|94/100 par|[from] Stealth Rock
|-weather|SunnyDay|[from] ability: Drought|[of] p1a: Groudon
|switch|p2a: Zygarde|Zygarde|51/100 tox
|-damage|p2a: Zygarde|45/100 tox|[from] Stealth Rock
|
|-weather|SunnyDay|[upkeep]
|-heal|p1a: Groudon|100/100 par|[from] item: Leftovers
|-damage|p2a: Zygarde|39/100 tox|[from] psn
|-activate|p2a: Zygarde|ability: Power Construct
|detailschange|p2a: Zygarde|Zygarde-Complete
|-heal|p2a: Zygarde|60/100 tox|[silent]
|upkeep
|turn|34
|inactive|pop smoke has 180 seconds left.
|inactive|Aberforth has 240 seconds left.
|
|t:|1664151591
|move|p2a: Zygarde|Glare|p1a: Groudon
|-fail|p1a: Groudon|par
|move|p1a: Groudon|Precipice Blades|p2a: Zygarde
|-damage|p2a: Zygarde|38/100 tox
|
|-weather|SunnyDay|[upkeep]
|-damage|p2a: Zygarde|26/100 tox|[from] psn
|upkeep
|turn|35
|inactive|pop smoke has 180 seconds left.
|
|t:|1664151603
|switch|p1a: Eternatus|Eternatus|88/100
|-damage|p1a: Eternatus|76/100|[from] Stealth Rock
|-ability|p1a: Eternatus|Pressure
|-item|p1a: Eternatus|Air Balloon
|move|p2a: Zygarde|Rest|p2a: Zygarde
|-status|p2a: Zygarde|slp|[from] move: Rest
|-heal|p2a: Zygarde|100/100 slp|[silent]
|
|-weather|SunnyDay|[upkeep]
|upkeep
|turn|36
|
|t:|1664151611
|switch|p2a: Yveltal|Yveltal|57/100
|-ability|p2a: Yveltal|Dark Aura
|move|p1a: Eternatus|Draco Meteor|p2a: Yveltal
|-damage|p2a: Yveltal|16/100
|-unboost|p1a: Eternatus|spa|2
|
|-weather|SunnyDay|[upkeep]
|upkeep
|turn|37
|
|t:|1664151614
|switch|p2a: Zygarde|Zygarde-Complete|100/100 slp
|-damage|p2a: Zygarde|94/100 slp|[from] Stealth Rock
|move|p1a: Eternatus|Draco Meteor|p2a: Zygarde
|-supereffective|p2a: Zygarde
|-damage|p2a: Zygarde|58/100 slp
|-unboost|p1a: Eternatus|spa|2
|
|-weather|none
|upkeep
|turn|38
|
|t:|1664151619
|cant|p2a: Zygarde|slp
|move|p1a: Eternatus|Dragon Tail|p2a: Zygarde
|-supereffective|p2a: Zygarde
|-damage|p2a: Zygarde|46/100 slp
|drag|p2a: Marshadow|Marshadow|100/100
|-damage|p2a: Marshadow|94/100|[from] Stealth Rock
|
|upkeep
|turn|39
|
|t:|1664151637
|switch|p1a: Ho-Oh|Ho-Oh, shiny|100/100
|move|p2a: Marshadow|Spectral Thief|p1a: Ho-Oh
|-crit|p1a: Ho-Oh
|-damage|p1a: Ho-Oh|38/100
|-damage|p2a: Marshadow|84/100|[from] item: Life Orb
|
|upkeep
|turn|40
|inactive|pop smoke has 180 seconds left.
|
|t:|1664151678
|switch|p1a: Yveltal|Yveltal|87/100 par
|-ability|p1a: Yveltal|Dark Aura
|move|p2a: Marshadow|Spectral Thief|p1a: Yveltal
|-resisted|p1a: Yveltal
|-damage|p1a: Yveltal|62/100 par
|-damage|p2a: Marshadow|74/100|[from] item: Life Orb
|
|upkeep
|turn|41
|inactive|Aberforth has 270 seconds left.
|inactive|pop smoke has 150 seconds left.
|
|t:|1664151732
|move|p2a: Marshadow|Bulk Up|p2a: Marshadow
|-boost|p2a: Marshadow|atk|1
|-boost|p2a: Marshadow|def|1
|move|p1a: Yveltal|Foul Play|p2a: Marshadow
|-damage|p2a: Marshadow|0 fnt
|faint|p2a: Marshadow
|
|upkeep
|
|t:|1664151738
|switch|p2a: Yveltal|Yveltal|16/100
|-ability|p2a: Yveltal|Dark Aura
|turn|42
|
|t:|1664151756
|move|p2a: Yveltal|Roost|p2a: Yveltal
|-heal|p2a: Yveltal|67/100
|-singleturn|p2a: Yveltal|move: Roost
|move|p1a: Yveltal|Knock Off|p2a: Yveltal
|-resisted|p2a: Yveltal
|-damage|p2a: Yveltal|41/100
|-enditem|p2a: Yveltal|Heavy-Duty Boots|[from] move: Knock Off|[of] p1a: Yveltal
|
|upkeep
|turn|43
|
|t:|1664151762
|move|p2a: Yveltal|Roost|p2a: Yveltal
|-heal|p2a: Yveltal|92/100
|-singleturn|p2a: Yveltal|move: Roost
|cant|p1a: Yveltal|par
|
|upkeep
|turn|44
|
|t:|1664151765
|move|p2a: Yveltal|Knock Off|p1a: Yveltal
|-resisted|p1a: Yveltal
|-damage|p1a: Yveltal|37/100 par
|-enditem|p1a: Yveltal|Heavy-Duty Boots|[from] move: Knock Off|[of] p2a: Yveltal
|move|p1a: Yveltal|Foul Play|p2a: Yveltal
|-resisted|p2a: Yveltal
|-damage|p2a: Yveltal|67/100
|
|upkeep
|turn|45
|
|t:|1664151769
|move|p2a: Yveltal|Roost|p2a: Yveltal
|-heal|p2a: Yveltal|100/100
|-singleturn|p2a: Yveltal|move: Roost
|move|p1a: Yveltal|Roost|p1a: Yveltal
|-heal|p1a: Yveltal|87/100 par
|-singleturn|p1a: Yveltal|move: Roost
|
|upkeep
|turn|46
|
|t:|1664151780
|move|p2a: Yveltal|Foul Play|p1a: Yveltal
|-resisted|p1a: Yveltal
|-damage|p1a: Yveltal|62/100 par
|move|p1a: Yveltal|Defog|p2a: Yveltal
|-unboost|p2a: Yveltal|evasion|1
|-sideend|p2: Aberforth|Stealth Rock|[from] move: Defog|[of] p1a: Yveltal
|-sideend|p1: pop smoke|Stealth Rock|[from] move: Defog|[of] p1a: Yveltal
|
|upkeep
|turn|47
|
|t:|1664151784
|move|p2a: Yveltal|Knock Off|p1a: Yveltal
|-resisted|p1a: Yveltal
|-damage|p1a: Yveltal|47/100 par
|move|p1a: Yveltal|Roost|p1a: Yveltal
|-heal|p1a: Yveltal|97/100 par
|-singleturn|p1a: Yveltal|move: Roost
|
|upkeep
|turn|48
|
|t:|1664151787
|move|p2a: Yveltal|Knock Off|p1a: Yveltal
|-resisted|p1a: Yveltal
|-damage|p1a: Yveltal|81/100 par
|move|p1a: Yveltal|Foul Play|p2a: Yveltal
|-resisted|p2a: Yveltal
|-damage|p2a: Yveltal|78/100
|
|upkeep
|turn|49
|
|t:|1664151789
|switch|p2a: Zygarde|Zygarde-Complete|46/100 slp
|move|p1a: Yveltal|Foul Play|p2a: Zygarde
|-damage|p2a: Zygarde|31/100 slp
|
|upkeep
|turn|50
|
|t:|1664151795
|switch|p1a: Eternatus|Eternatus|76/100
|-ability|p1a: Eternatus|Pressure
|-item|p1a: Eternatus|Air Balloon
|cant|p2a: Zygarde|slp
|
|upkeep
|turn|51
|
|t:|1664151802
|switch|p2a: Yveltal|Yveltal|78/100
|-ability|p2a: Yveltal|Dark Aura
|move|p1a: Eternatus|Toxic|p2a: Yveltal
|-status|p2a: Yveltal|tox
|
|-damage|p2a: Yveltal|72/100 tox|[from] psn
|upkeep
|turn|52
|inactive|pop smoke has 180 seconds left.
|inactive|pop smoke has 150 seconds left.
|
|t:|1664151869
|switch|p2a: Zygarde|Zygarde-Complete|31/100 slp
|move|p1a: Eternatus|Recover|p1a: Eternatus
|-heal|p1a: Eternatus|100/100
|
|upkeep
|turn|53
|inactive|pop smoke has 150 seconds left.
|
|t:|1664151885
|switch|p2a: Yveltal|Yveltal|72/100 tox
|-ability|p2a: Yveltal|Dark Aura
|move|p1a: Eternatus|Draco Meteor|p2a: Yveltal
|-damage|p2a: Yveltal|37/100 tox
|-unboost|p1a: Eternatus|spa|2
|
|-damage|p2a: Yveltal|31/100 tox|[from] psn
|upkeep
|turn|54
|inactive|pop smoke has 120 seconds left.
|
|t:|1664151923
|move|p2a: Yveltal|Roost|p2a: Yveltal
|-heal|p2a: Yveltal|81/100 tox
|-singleturn|p2a: Yveltal|move: Roost
|move|p1a: Eternatus|Dragon Tail|p2a: Yveltal
|-damage|p2a: Yveltal|68/100 tox
|drag|p2a: Zygarde|Zygarde-Complete|31/100 slp
|
|upkeep
|turn|55
|inactive|pop smoke has 120 seconds left.
|inactive|Aberforth has 270 seconds left.
|inactive|pop smoke has 90 seconds left.
|
|t:|1664151965
|move|p1a: Eternatus|Draco Meteor|p2a: Zygarde
|-supereffective|p2a: Zygarde
|-damage|p2a: Zygarde|0 fnt
|-unboost|p1a: Eternatus|spa|2
|faint|p2a: Zygarde
|
|upkeep
|
|t:|1664151983
|switch|p2a: Yveltal|Yveltal|68/100 tox
|-ability|p2a: Yveltal|Dark Aura
|turn|56
|
|t:|1664151987
|switch|p1a: Ho-Oh|Ho-Oh, shiny|71/100
|move|p2a: Yveltal|Knock Off|p1a: Ho-Oh
|-damage|p1a: Ho-Oh|34/100
|-enditem|p1a: Ho-Oh|Heavy-Duty Boots|[from] move: Knock Off|[of] p2a: Yveltal
|
|-damage|p2a: Yveltal|62/100 tox|[from] psn
|upkeep
|turn|57
|
|t:|1664151991
|switch|p1a: Yveltal|Yveltal|81/100 par
|-ability|p1a: Yveltal|Dark Aura
|move|p2a: Yveltal|Foul Play|p1a: Yveltal
|-resisted|p1a: Yveltal
|-damage|p1a: Yveltal|56/100 par
|
|-damage|p2a: Yveltal|50/100 tox|[from] psn
|upkeep
|turn|58
|
|t:|1664151997
|switch|p2a: Groudon|Groudon|100/100
|-weather|SunnyDay|[from] ability: Drought|[of] p2a: Groudon
|move|p1a: Yveltal|Roost|p1a: Yveltal
|-heal|p1a: Yveltal|100/100 par
|-singleturn|p1a: Yveltal|move: Roost
|
|-weather|SunnyDay|[upkeep]
|upkeep
|turn|59
|
|t:|1664152014
|switch|p1a: Eternatus|Eternatus|100/100
|-ability|p1a: Eternatus|Pressure
|-item|p1a: Eternatus|Air Balloon
|move|p2a: Groudon|Stone Edge|p1a: Eternatus|[miss]
|-miss|p2a: Groudon|p1a: Eternatus
|
|-weather|SunnyDay|[upkeep]
|upkeep
|turn|60
|
|t:|1664152026
|switch|p2a: Yveltal|Yveltal|50/100 tox
|-ability|p2a: Yveltal|Dark Aura
|move|p1a: Eternatus|Toxic|p2a: Yveltal
|-fail|p2a: Yveltal|tox
|
|-weather|SunnyDay|[upkeep]
|-damage|p2a: Yveltal|44/100 tox|[from] psn
|upkeep
|turn|61
|inactive|pop smoke has 120 seconds left.
|
|t:|1664152063
|move|p2a: Yveltal|Foul Play|p1a: Eternatus
|-damage|p1a: Eternatus|74/100
|-enditem|p1a: Eternatus|Air Balloon
|move|p1a: Eternatus|Dragon Tail|p2a: Yveltal|[miss]
|-miss|p1a: Eternatus|p2a: Yveltal
|
|-weather|SunnyDay|[upkeep]
|-damage|p2a: Yveltal|32/100 tox|[from] psn
|upkeep
|turn|62
|
|t:|1664152073
|move|p1a: Eternatus|Draco Meteor|p2a: Yveltal
|-damage|p2a: Yveltal|0 fnt
|-unboost|p1a: Eternatus|spa|2
|faint|p2a: Yveltal
|
|-weather|none
|upkeep
|
|t:|1664152075
|switch|p2a: Groudon|Groudon|100/100
|-weather|SunnyDay|[from] ability: Drought|[of] p2a: Groudon
|turn|63
|
|t:|1664152077
|move|p1a: Eternatus|Toxic|p2a: Groudon
|-status|p2a: Groudon|tox
|move|p2a: Groudon|Rock Polish|p2a: Groudon
|-boost|p2a: Groudon|spe|2
|
|-weather|SunnyDay|[upkeep]
|-damage|p2a: Groudon|94/100 tox|[from] psn
|upkeep
|turn|64
|
|t:|1664152087
|move|p2a: Groudon|Swords Dance|p2a: Groudon
|-boost|p2a: Groudon|atk|2
|move|p1a: Eternatus|Draco Meteor|p2a: Groudon
|-damage|p2a: Groudon|64/100 tox
|-unboost|p1a: Eternatus|spa|2
|
|-weather|SunnyDay|[upkeep]
|-heal|p2a: Groudon|70/100 tox|[from] item: Leftovers
|-damage|p2a: Groudon|57/100 tox|[from] psn
|upkeep
|turn|65
|
|t:|1664152097
|switch|p1a: Yveltal|Yveltal|100/100 par
|-ability|p1a: Yveltal|Dark Aura
|move|p2a: Groudon|Stone Edge|p1a: Yveltal
|-supereffective|p1a: Yveltal
|-damage|p1a: Yveltal|0 fnt
|faint|p1a: Yveltal
|
|-weather|SunnyDay|[upkeep]
|-heal|p2a: Groudon|64/100 tox|[from] item: Leftovers
|-damage|p2a: Groudon|45/100 tox|[from] psn
|upkeep
|
|t:|1664152102
|switch|p1a: Groudon|Groudon|100/100 par
|turn|66
|
|t:|1664152107
|switch|p1a: Ho-Oh|Ho-Oh, shiny|67/100
|move|p2a: Groudon|Precipice Blades|p1a: Ho-Oh
|-immune|p1a: Ho-Oh
|
|-weather|SunnyDay|[upkeep]
|-heal|p2a: Groudon|51/100 tox|[from] item: Leftovers
|-damage|p2a: Groudon|26/100 tox|[from] psn
|upkeep
|turn|67
|
|t:|1664152110
|move|p2a: Groudon|Stone Edge|p1a: Ho-Oh
|-supereffective|p1a: Ho-Oh
|-damage|p1a: Ho-Oh|0 fnt
|faint|p1a: Ho-Oh
|
|-weather|none
|-heal|p2a: Groudon|33/100 tox|[from] item: Leftovers
|-damage|p2a: Groudon|2/100 tox|[from] psn
|upkeep
|c|☆pop smoke|gg
|
|t:|1664152116
|switch|p1a: Necrozma|Necrozma-Dusk-Mane|100/100
|turn|68
|c|☆Aberforth|gg
|
|t:|1664152121
|move|p2a: Groudon|Precipice Blades|p1a: Necrozma
|-supereffective|p1a: Necrozma
|-damage|p1a: Necrozma|0 fnt
|faint|p1a: Necrozma
|
|-heal|p2a: Groudon|8/100 tox|[from] item: Leftovers
|-damage|p2a: Groudon|0 fnt|[from] psn
|faint|p2a: Groudon
|
|win|pop smoke
|upkeep
