|inactive|Battle timer is ON: inactive players will automatically lose when time's up.
|t:|1662886772
|gametype|singles
|player|p1|Exiline|#scl2islanders|
|player|p2|Aberforth|#aberforth|
|teamsize|p1|6
|teamsize|p2|6
|gen|8
|tier|[Gen 8] Ubers
|rule|Sleep Clause Mod: Limit one foe put to sleep
|rule|Species Clause: Limit one of each Pokémon
|rule|OHKO Clause: OHKO moves are banned
|rule|Evasion Items Clause: Evasion items are banned
|rule|Evasion Moves Clause: Evasion moves are banned
|rule|Endless Battle Clause: Forcing endless battles is banned
|rule|HP Percentage Mod: HP is shown in percentages
|rule|Dynamax Clause: You cannot dynamax
|clearpoke
|poke|p1|Groudon|
|poke|p1|Necrozma-Dusk-Mane|
|poke|p1|Calyrex-Shadow|
|poke|p1|Eternatus|
|poke|p1|Yveltal|
|poke|p1|Kyogre|
|poke|p2|Xerneas-*|
|poke|p2|Calyrex-Shadow|
|poke|p2|Necrozma-Dusk-Mane|
|poke|p2|Yveltal|
|poke|p2|Groudon|
|poke|p2|Eternatus|
|teampreview
|c|☆Aberforth|hf
|c|☆Exiline|h_f
|inactive|Exiline has 270 seconds left.
|inactive|Aberforth has 270 seconds left.
|inactive|Aberforth has 240 seconds left.
|
|t:|1662886841
|start
|switch|p1a: Kyogre|Kyogre|100/100
|switch|p2a: Yveltal|Yveltal|100/100
|-ability|p2a: Yveltal|Dark Aura
|-weather|RainDance|[from] ability: Drizzle|[of] p1a: Kyogre
|turn|1
|inactive|Aberforth has 270 seconds left.
|
|t:|1662886885
|switch|p1a: Eternatus|Eternatus|100/100
|-ability|p1a: Eternatus|Pressure
|move|p2a: Yveltal|Knock Off|p1a: Eternatus
|-damage|p1a: Eternatus|61/100
|-enditem|p1a: Eternatus|Shuca Berry|[from] move: Knock Off|[of] p2a: Yveltal
|
|-weather|RainDance|[upkeep]
|upkeep
|turn|2
|
|t:|1662886893
|switch|p2a: Groudon|Groudon|100/100
|-weather|SunnyDay|[from] ability: Drought|[of] p2a: Groudon
|move|p1a: Eternatus|Recover|p1a: Eternatus
|-heal|p1a: Eternatus|100/100
|
|-weather|SunnyDay|[upkeep]
|upkeep
|turn|3
|inactive|Aberforth has 270 seconds left.
|
|t:|1662886924
|switch|p1a: Kyogre|Kyogre|100/100
|-weather|RainDance|[from] ability: Drizzle|[of] p1a: Kyogre
|move|p2a: Groudon|Stone Edge|p1a: Kyogre
|-damage|p1a: Kyogre|78/100
|
|-weather|RainDance|[upkeep]
|-heal|p1a: Kyogre|84/100|[from] item: Leftovers
|upkeep
|turn|4
|inactive|Aberforth has 240 seconds left.
|inactive|Exiline has 270 seconds left.
|
|t:|1662886964
|switch|p2a: Eternatus|Eternatus|100/100
|-ability|p2a: Eternatus|Pressure
|-item|p2a: Eternatus|Air Balloon
|move|p1a: Kyogre|Scald|p2a: Eternatus
|-resisted|p2a: Eternatus
|-damage|p2a: Eternatus|82/100
|-enditem|p2a: Eternatus|Air Balloon
|
|-weather|RainDance|[upkeep]
|-heal|p1a: Kyogre|90/100|[from] item: Leftovers
|upkeep
|turn|5
|
|t:|1662886980
|switch|p2a: Groudon|Groudon|100/100
|-weather|SunnyDay|[from] ability: Drought|[of] p2a: Groudon
|switch|p1a: Necrozma|Necrozma-Dusk-Mane|100/100
|
|-weather|SunnyDay|[upkeep]
|upkeep
|turn|6
|
|t:|1662886997
|move|p2a: Groudon|Swords Dance|p2a: Groudon
|-boost|p2a: Groudon|atk|2
|move|p1a: Necrozma|Stealth Rock|p2a: Groudon
|-sidestart|p2: Aberforth|move: Stealth Rock
|
|-weather|SunnyDay|[upkeep]
|upkeep
|turn|7
|
|t:|1662887022
|switch|p1a: Groudon|Groudon|100/100
|move|p2a: Groudon|Precipice Blades|p1a: Groudon|[miss]
|-miss|p2a: Groudon|p1a: Groudon
|
|-weather|SunnyDay|[upkeep]
|upkeep
|turn|8
|
|t:|1662887027
|move|p1a: Groudon|Precipice Blades|p2a: Groudon
|-damage|p2a: Groudon|61/100
|move|p2a: Groudon|Precipice Blades|p1a: Groudon
|-damage|p1a: Groudon|28/100
|
|-weather|SunnyDay|[upkeep]
|-heal|p1a: Groudon|34/100|[from] item: Leftovers
|-heal|p2a: Groudon|67/100|[from] item: Leftovers
|upkeep
|turn|9
|
|t:|1662887042
|move|p1a: Groudon|Precipice Blades|p2a: Groudon
|-damage|p2a: Groudon|29/100
|move|p2a: Groudon|Precipice Blades|p1a: Groudon
|-damage|p1a: Groudon|0 fnt
|faint|p1a: Groudon
|
|-weather|none
|-heal|p2a: Groudon|35/100|[from] item: Leftovers
|upkeep
|
|t:|1662887054
|switch|p1a: Calyrex|Calyrex-Shadow|100/100
|-ability|p1a: Calyrex|As One
|-ability|p1a: Calyrex|Unnerve
|turn|10
|
|t:|1662887072
|switch|p2a: Yveltal|Yveltal|100/100
|-ability|p2a: Yveltal|Dark Aura
|move|p1a: Calyrex|Substitute|p1a: Calyrex
|-start|p1a: Calyrex|Substitute
|-damage|p1a: Calyrex|76/100
|
|-heal|p1a: Calyrex|82/100|[from] item: Leftovers
|upkeep
|turn|11
|
|t:|1662887076
|move|p1a: Calyrex|Leech Seed|p2a: Yveltal
|-start|p2a: Yveltal|move: Leech Seed
|move|p2a: Yveltal|Knock Off|p1a: Calyrex
|-supereffective|p1a: Calyrex
|-end|p1a: Calyrex|Substitute
|
|-heal|p1a: Calyrex|88/100|[from] item: Leftovers
|-damage|p2a: Yveltal|88/100|[from] Leech Seed|[of] p1a: Calyrex
|-heal|p1a: Calyrex|100/100|[silent]
|upkeep
|turn|12
|inactive|Aberforth has 240 seconds left.
|
|t:|1662887087
|move|p1a: Calyrex|Substitute|p1a: Calyrex
|-start|p1a: Calyrex|Substitute
|-damage|p1a: Calyrex|76/100
|move|p2a: Yveltal|Knock Off|p1a: Calyrex
|-supereffective|p1a: Calyrex
|-end|p1a: Calyrex|Substitute
|
|-heal|p1a: Calyrex|82/100|[from] item: Leftovers
|-damage|p2a: Yveltal|76/100|[from] Leech Seed|[of] p1a: Calyrex
|-heal|p1a: Calyrex|97/100|[silent]
|upkeep
|turn|13
|inactive|Aberforth has 240 seconds left.
|
|t:|1662887111
|switch|p2a: Eternatus|Eternatus|82/100
|-damage|p2a: Eternatus|69/100|[from] Stealth Rock
|-ability|p2a: Eternatus|Pressure
|move|p1a: Calyrex|Substitute|p1a: Calyrex
|-start|p1a: Calyrex|Substitute
|-damage|p1a: Calyrex|72/100
|
|-heal|p1a: Calyrex|78/100|[from] item: Leftovers
|upkeep
|turn|14
|
|t:|1662887118
|move|p1a: Calyrex|Nasty Plot|p1a: Calyrex
|-boost|p1a: Calyrex|spa|2
|move|p2a: Eternatus|Dynamax Cannon|p1a: Calyrex
|-end|p1a: Calyrex|Substitute
|
|-heal|p1a: Calyrex|84/100|[from] item: Leftovers
|upkeep
|turn|15
|
|t:|1662887121
|move|p1a: Calyrex|Astral Barrage|p2a: Eternatus
|-damage|p2a: Eternatus|0 fnt
|faint|p2a: Eternatus
|-ability|p1a: Calyrex|Grim Neigh|boost
|-boost|p1a: Calyrex|spa|1
|
|-heal|p1a: Calyrex|90/100|[from] item: Leftovers
|upkeep
|
|t:|1662887123
|switch|p2a: Yveltal|Yveltal|76/100
|-ability|p2a: Yveltal|Dark Aura
|turn|16
|
|t:|1662887128
|switch|p1a: Eternatus|Eternatus|100/100
|-ability|p1a: Eternatus|Pressure
|move|p2a: Yveltal|Knock Off|p1a: Eternatus
|-damage|p1a: Eternatus|73/100
|
|upkeep
|turn|17
|
|t:|1662887135
|switch|p1a: Kyogre|Kyogre|90/100
|-weather|RainDance|[from] ability: Drizzle|[of] p1a: Kyogre
|switch|p2a: Necrozma|Necrozma-Dusk-Mane|100/100
|-damage|p2a: Necrozma|94/100|[from] Stealth Rock
|
|-weather|RainDance|[upkeep]
|-heal|p1a: Kyogre|97/100|[from] item: Leftovers
|-heal|p2a: Necrozma|100/100|[from] item: Leftovers
|upkeep
|turn|18
|
|t:|1662887142
|move|p1a: Kyogre|Calm Mind|p1a: Kyogre
|-boost|p1a: Kyogre|spa|1
|-boost|p1a: Kyogre|spd|1
|move|p2a: Necrozma|Thunder Wave|p1a: Kyogre
|-status|p1a: Kyogre|par
|
|-weather|RainDance|[upkeep]
|-heal|p1a: Kyogre|100/100 par|[from] item: Leftovers
|upkeep
|turn|19
|
|t:|1662887144
|move|p2a: Necrozma|Stealth Rock|p1a: Kyogre
|-sidestart|p1: Exiline|move: Stealth Rock
|move|p1a: Kyogre|Scald|p2a: Necrozma
|-damage|p2a: Necrozma|48/100
|
|-weather|RainDance|[upkeep]
|-heal|p2a: Necrozma|54/100|[from] item: Leftovers
|upkeep
|turn|20
|
|t:|1662887150
|move|p2a: Necrozma|Moonlight|p2a: Necrozma
|-heal|p2a: Necrozma|79/100
|move|p1a: Kyogre|Scald|p2a: Necrozma
|-damage|p2a: Necrozma|24/100
|-status|p2a: Necrozma|brn
|
|-weather|RainDance|[upkeep]
|-heal|p2a: Necrozma|30/100 brn|[from] item: Leftovers
|-damage|p2a: Necrozma|24/100 brn|[from] brn
|upkeep
|turn|21
|
|t:|1662887154
|move|p2a: Necrozma|Moonlight|p2a: Necrozma
|-heal|p2a: Necrozma|48/100 brn
|move|p1a: Kyogre|Scald|p2a: Necrozma
|-damage|p2a: Necrozma|0 fnt
|faint|p2a: Necrozma
|
|-weather|none
|upkeep
|inactive|Aberforth has 270 seconds left.
|
|t:|1662887206
|switch|p2a: Groudon|Groudon|35/100
|-damage|p2a: Groudon|29/100|[from] Stealth Rock
|-weather|SunnyDay|[from] ability: Drought|[of] p2a: Groudon
|turn|22
|
|t:|1662887209
|move|p2a: Groudon|Precipice Blades|p1a: Kyogre
|-damage|p1a: Kyogre|63/100 par
|move|p1a: Kyogre|Ice Beam|p2a: Groudon
|-supereffective|p2a: Groudon
|-damage|p2a: Groudon|0 fnt
|faint|p2a: Groudon
|
|-weather|SunnyDay|[upkeep]
|-heal|p1a: Kyogre|69/100 par|[from] item: Leftovers
|upkeep
|
|t:|1662887212
|switch|p2a: Calyrex|Calyrex-Shadow|100/100
|-ability|p2a: Calyrex|As One
|-ability|p2a: Calyrex|Unnerve
|-damage|p2a: Calyrex|88/100|[from] Stealth Rock
|turn|23
|
|t:|1662887216
|switch|p1a: Yveltal|Yveltal|100/100
|-ability|p1a: Yveltal|Dark Aura
|move|p2a: Calyrex|Substitute|p2a: Calyrex
|-start|p2a: Calyrex|Substitute
|-damage|p2a: Calyrex|63/100
|
|-weather|SunnyDay|[upkeep]
|-heal|p2a: Calyrex|69/100|[from] item: Leftovers
|upkeep
|turn|24
|
|t:|1662887218
|move|p2a: Calyrex|Leech Seed|p1a: Yveltal
|-start|p1a: Yveltal|move: Leech Seed
|move|p1a: Yveltal|Knock Off|p2a: Calyrex
|-supereffective|p2a: Calyrex
|-end|p2a: Calyrex|Substitute
|
|-weather|SunnyDay|[upkeep]
|-heal|p2a: Calyrex|76/100|[from] item: Leftovers
|-damage|p1a: Yveltal|88/100|[from] Leech Seed|[of] p2a: Calyrex
|-heal|p2a: Calyrex|92/100|[silent]
|upkeep
|turn|25
|
|t:|1662887243
|move|p2a: Calyrex|Substitute|p2a: Calyrex
|-start|p2a: Calyrex|Substitute
|-damage|p2a: Calyrex|67/100
|move|p1a: Yveltal|Knock Off|p2a: Calyrex
|-supereffective|p2a: Calyrex
|-end|p2a: Calyrex|Substitute
|
|-weather|SunnyDay|[upkeep]
|-heal|p2a: Calyrex|73/100|[from] item: Leftovers
|-damage|p1a: Yveltal|76/100|[from] Leech Seed|[of] p2a: Calyrex
|-heal|p2a: Calyrex|90/100|[silent]
|upkeep
|turn|26
|inactive|Exiline has 270 seconds left.
|
|t:|1662887264
|switch|p1a: Eternatus|Eternatus|73/100
|-damage|p1a: Eternatus|61/100|[from] Stealth Rock
|-ability|p1a: Eternatus|Pressure
|move|p2a: Calyrex|Substitute|p2a: Calyrex
|-start|p2a: Calyrex|Substitute
|-damage|p2a: Calyrex|65/100
|
|-weather|none
|-heal|p2a: Calyrex|71/100|[from] item: Leftovers
|upkeep
|turn|27
|
|t:|1662887271
|move|p2a: Calyrex|Leech Seed|p1a: Eternatus|[miss]
|-miss|p2a: Calyrex|p1a: Eternatus
|move|p1a: Eternatus|Draco Meteor|p2a: Calyrex
|-end|p2a: Calyrex|Substitute
|-unboost|p1a: Eternatus|spa|2
|
|-heal|p2a: Calyrex|77/100|[from] item: Leftovers
|upkeep
|turn|28
|
|t:|1662887278
|switch|p1a: Yveltal|Yveltal|76/100
|-ability|p1a: Yveltal|Dark Aura
|move|p2a: Calyrex|Substitute|p2a: Calyrex
|-start|p2a: Calyrex|Substitute
|-damage|p2a: Calyrex|52/100
|
|-heal|p2a: Calyrex|58/100|[from] item: Leftovers
|upkeep
|turn|29
|
|t:|1662887281
|move|p2a: Calyrex|Leech Seed|p1a: Yveltal
|-start|p1a: Yveltal|move: Leech Seed
|move|p1a: Yveltal|Knock Off|p2a: Calyrex
|-supereffective|p2a: Calyrex
|-end|p2a: Calyrex|Substitute
|
|-heal|p2a: Calyrex|64/100|[from] item: Leftovers
|-damage|p1a: Yveltal|64/100|[from] Leech Seed|[of] p2a: Calyrex
|-heal|p2a: Calyrex|81/100|[silent]
|upkeep
|turn|30
|
|t:|1662887285
|move|p2a: Calyrex|Substitute|p2a: Calyrex
|-start|p2a: Calyrex|Substitute
|-damage|p2a: Calyrex|56/100
|move|p1a: Yveltal|Roost|p1a: Yveltal
|-heal|p1a: Yveltal|100/100
|-singleturn|p1a: Yveltal|move: Roost
|
|-heal|p2a: Calyrex|62/100|[from] item: Leftovers
|-damage|p1a: Yveltal|88/100|[from] Leech Seed|[of] p2a: Calyrex
|-heal|p2a: Calyrex|79/100|[silent]
|upkeep
|turn|31
|
|t:|1662887288
|move|p2a: Calyrex|Nasty Plot|p2a: Calyrex
|-boost|p2a: Calyrex|spa|2
|move|p1a: Yveltal|Knock Off|p2a: Calyrex
|-supereffective|p2a: Calyrex
|-end|p2a: Calyrex|Substitute
|
|-heal|p2a: Calyrex|85/100|[from] item: Leftovers
|-damage|p1a: Yveltal|76/100|[from] Leech Seed|[of] p2a: Calyrex
|-heal|p2a: Calyrex|100/100|[silent]
|upkeep
|turn|32
|
|t:|1662887293
|move|p2a: Calyrex|Substitute|p2a: Calyrex
|-start|p2a: Calyrex|Substitute
|-damage|p2a: Calyrex|76/100
|move|p1a: Yveltal|Knock Off|p2a: Calyrex
|-supereffective|p2a: Calyrex
|-end|p2a: Calyrex|Substitute
|
|-heal|p2a: Calyrex|82/100|[from] item: Leftovers
|-damage|p1a: Yveltal|64/100|[from] Leech Seed|[of] p2a: Calyrex
|-heal|p2a: Calyrex|98/100|[silent]
|upkeep
|turn|33
|
|t:|1662887298
|move|p2a: Calyrex|Substitute|p2a: Calyrex
|-start|p2a: Calyrex|Substitute
|-damage|p2a: Calyrex|73/100
|move|p1a: Yveltal|Knock Off|p2a: Calyrex
|-supereffective|p2a: Calyrex
|-end|p2a: Calyrex|Substitute
|
|-heal|p2a: Calyrex|79/100|[from] item: Leftovers
|-damage|p1a: Yveltal|51/100|[from] Leech Seed|[of] p2a: Calyrex
|-heal|p2a: Calyrex|96/100|[silent]
|upkeep
|turn|34
|
|t:|1662887300
|move|p2a: Calyrex|Substitute|p2a: Calyrex
|-start|p2a: Calyrex|Substitute
|-damage|p2a: Calyrex|71/100
|move|p1a: Yveltal|Roost|p1a: Yveltal
|-heal|p1a: Yveltal|100/100
|-singleturn|p1a: Yveltal|move: Roost
|
|-heal|p2a: Calyrex|77/100|[from] item: Leftovers
|-damage|p1a: Yveltal|88/100|[from] Leech Seed|[of] p2a: Calyrex
|-heal|p2a: Calyrex|93/100|[silent]
|upkeep
|turn|35
|
|t:|1662887304
|move|p2a: Calyrex|Astral Barrage|p1a: Yveltal
|-resisted|p1a: Yveltal
|-damage|p1a: Yveltal|51/100
|move|p1a: Yveltal|Knock Off|p2a: Calyrex
|-supereffective|p2a: Calyrex
|-end|p2a: Calyrex|Substitute
|
|-heal|p2a: Calyrex|99/100|[from] item: Leftovers
|-damage|p1a: Yveltal|38/100|[from] Leech Seed|[of] p2a: Calyrex
|-heal|p2a: Calyrex|100/100|[silent]
|upkeep
|turn|36
|
|t:|1662887310
|move|p2a: Calyrex|Substitute|p2a: Calyrex
|-start|p2a: Calyrex|Substitute
|-damage|p2a: Calyrex|76/100
|move|p1a: Yveltal|Roost|p1a: Yveltal
|-heal|p1a: Yveltal|88/100
|-singleturn|p1a: Yveltal|move: Roost
|
|-heal|p2a: Calyrex|82/100|[from] item: Leftovers
|-damage|p1a: Yveltal|76/100|[from] Leech Seed|[of] p2a: Calyrex
|-heal|p2a: Calyrex|98/100|[silent]
|upkeep
|turn|37
|
|t:|1662887315
|move|p2a: Calyrex|Nasty Plot|p2a: Calyrex
|-boost|p2a: Calyrex|spa|2
|move|p1a: Yveltal|Roost|p1a: Yveltal
|-heal|p1a: Yveltal|100/100
|-singleturn|p1a: Yveltal|move: Roost
|
|-heal|p2a: Calyrex|100/100|[from] item: Leftovers
|-damage|p1a: Yveltal|88/100|[from] Leech Seed|[of] p2a: Calyrex
|upkeep
|turn|38
|
|t:|1662887327
|move|p2a: Calyrex|Astral Barrage|p1a: Yveltal
|-resisted|p1a: Yveltal
|-damage|p1a: Yveltal|32/100
|move|p1a: Yveltal|Knock Off|p2a: Calyrex
|-supereffective|p2a: Calyrex
|-end|p2a: Calyrex|Substitute
|
|-damage|p1a: Yveltal|20/100|[from] Leech Seed|[of] p2a: Calyrex
|upkeep
|turn|39
|
|t:|1662887332
|move|p2a: Calyrex|Substitute|p2a: Calyrex
|-start|p2a: Calyrex|Substitute
|-damage|p2a: Calyrex|76/100
|move|p1a: Yveltal|Knock Off|p2a: Calyrex
|-supereffective|p2a: Calyrex
|-end|p2a: Calyrex|Substitute
|
|-heal|p2a: Calyrex|82/100|[from] item: Leftovers
|-damage|p1a: Yveltal|8/100|[from] Leech Seed|[of] p2a: Calyrex
|-heal|p2a: Calyrex|98/100|[silent]
|upkeep
|turn|40
|
|t:|1662887337
|move|p2a: Calyrex|Substitute|p2a: Calyrex
|-start|p2a: Calyrex|Substitute
|-damage|p2a: Calyrex|73/100
|move|p1a: Yveltal|Knock Off|p2a: Calyrex
|-supereffective|p2a: Calyrex
|-end|p2a: Calyrex|Substitute
|
|-heal|p2a: Calyrex|79/100|[from] item: Leftovers
|-damage|p1a: Yveltal|0 fnt|[from] Leech Seed|[of] p2a: Calyrex
|-heal|p2a: Calyrex|89/100|[silent]
|faint|p1a: Yveltal
|upkeep
|
|t:|1662887341
|switch|p1a: Calyrex|Calyrex-Shadow|90/100
|-ability|p1a: Calyrex|As One
|-ability|p1a: Calyrex|Unnerve
|-damage|p1a: Calyrex|78/100|[from] Stealth Rock
|turn|41
|
|t:|1662887344
|move|p1a: Calyrex|Astral Barrage|p2a: Calyrex
|-supereffective|p2a: Calyrex
|-damage|p2a: Calyrex|0 fnt
|faint|p2a: Calyrex
|-ability|p1a: Calyrex|Grim Neigh|boost
|-boost|p1a: Calyrex|spa|1
|
|-heal|p1a: Calyrex|84/100|[from] item: Leftovers
|upkeep
|
|t:|1662887346
|switch|p2a: Yveltal|Yveltal|76/100
|-ability|p2a: Yveltal|Dark Aura
|turn|42
|
|t:|1662887351
|switch|p1a: Eternatus|Eternatus|61/100
|-damage|p1a: Eternatus|48/100|[from] Stealth Rock
|-ability|p1a: Eternatus|Pressure
|move|p2a: Yveltal|Knock Off|p1a: Eternatus
|-damage|p1a: Eternatus|22/100
|
|upkeep
|turn|43
|
|t:|1662887353
|switch|p2a: Xerneas|Xerneas|100/100
|-damage|p2a: Xerneas|88/100|[from] Stealth Rock
|-ability|p2a: Xerneas|Fairy Aura
|move|p1a: Eternatus|Recover|p1a: Eternatus
|-heal|p1a: Eternatus|72/100
|
|-heal|p2a: Xerneas|94/100|[from] item: Leftovers
|upkeep
|turn|44
|
|t:|1662887358
|switch|p1a: Necrozma|Necrozma-Dusk-Mane|100/100
|-damage|p1a: Necrozma|94/100|[from] Stealth Rock
|switch|p2a: Yveltal|Yveltal|76/100
|-ability|p2a: Yveltal|Dark Aura
|
|-heal|p1a: Necrozma|100/100|[from] item: Leftovers
|upkeep
|turn|45
|
|t:|1662887363
|switch|p1a: Eternatus|Eternatus|72/100
|-damage|p1a: Eternatus|60/100|[from] Stealth Rock
|-ability|p1a: Eternatus|Pressure
|move|p2a: Yveltal|Knock Off|p1a: Eternatus
|-damage|p1a: Eternatus|32/100
|
|upkeep
|turn|46
|
|t:|1662887366
|switch|p2a: Xerneas|Xerneas|94/100
|-damage|p2a: Xerneas|82/100|[from] Stealth Rock
|-ability|p2a: Xerneas|Fairy Aura
|move|p1a: Eternatus|Recover|p1a: Eternatus
|-heal|p1a: Eternatus|82/100
|
|-heal|p2a: Xerneas|88/100|[from] item: Leftovers
|upkeep
|turn|47
|
|t:|1662887369
|switch|p1a: Necrozma|Necrozma-Dusk-Mane|100/100
|-damage|p1a: Necrozma|94/100|[from] Stealth Rock
|switch|p2a: Yveltal|Yveltal|76/100
|-ability|p2a: Yveltal|Dark Aura
|
|-heal|p1a: Necrozma|100/100|[from] item: Leftovers
|upkeep
|turn|48
|
|t:|1662887372
|switch|p1a: Eternatus|Eternatus|82/100
|-damage|p1a: Eternatus|70/100|[from] Stealth Rock
|-ability|p1a: Eternatus|Pressure
|move|p2a: Yveltal|Knock Off|p1a: Eternatus
|-damage|p1a: Eternatus|44/100
|
|upkeep
|turn|49
|
|t:|1662887376
|switch|p2a: Xerneas|Xerneas|88/100
|-damage|p2a: Xerneas|75/100|[from] Stealth Rock
|-ability|p2a: Xerneas|Fairy Aura
|move|p1a: Eternatus|Recover|p1a: Eternatus
|-heal|p1a: Eternatus|94/100
|
|-heal|p2a: Xerneas|81/100|[from] item: Leftovers
|upkeep
|turn|50
|
|t:|1662887378
|switch|p1a: Necrozma|Necrozma-Dusk-Mane|100/100
|-damage|p1a: Necrozma|94/100|[from] Stealth Rock
|move|p2a: Xerneas|Moonblast|p1a: Necrozma
|-resisted|p1a: Necrozma
|-damage|p1a: Necrozma|78/100
|
|-heal|p2a: Xerneas|88/100|[from] item: Leftovers
|-heal|p1a: Necrozma|84/100|[from] item: Leftovers
|upkeep
|turn|51
|
|t:|1662887383
|switch|p2a: Yveltal|Yveltal|76/100
|-ability|p2a: Yveltal|Dark Aura
|move|p1a: Necrozma|Thunder Wave|p2a: Yveltal|[miss]
|-miss|p1a: Necrozma|p2a: Yveltal
|
|-heal|p1a: Necrozma|90/100|[from] item: Leftovers
|upkeep
|turn|52
|
|t:|1662887388
|switch|p1a: Eternatus|Eternatus|94/100
|-damage|p1a: Eternatus|81/100|[from] Stealth Rock
|-ability|p1a: Eternatus|Pressure
|move|p2a: Yveltal|Knock Off|p1a: Eternatus
|-damage|p1a: Eternatus|56/100
|
|upkeep
|turn|53
|
|t:|1662887392
|switch|p2a: Xerneas|Xerneas|88/100
|-damage|p2a: Xerneas|75/100|[from] Stealth Rock
|-ability|p2a: Xerneas|Fairy Aura
|move|p1a: Eternatus|Recover|p1a: Eternatus
|-heal|p1a: Eternatus|100/100
|
|-heal|p2a: Xerneas|81/100|[from] item: Leftovers
|upkeep
|turn|54
|
|t:|1662887395
|switch|p1a: Necrozma|Necrozma-Dusk-Mane|90/100
|-damage|p1a: Necrozma|84/100|[from] Stealth Rock
|switch|p2a: Yveltal|Yveltal|76/100
|-ability|p2a: Yveltal|Dark Aura
|
|-heal|p1a: Necrozma|90/100|[from] item: Leftovers
|upkeep
|turn|55
|
|t:|1662887400
|switch|p2a: Xerneas|Xerneas|81/100
|-damage|p2a: Xerneas|69/100|[from] Stealth Rock
|-ability|p2a: Xerneas|Fairy Aura
|switch|p1a: Eternatus|Eternatus|100/100
|-damage|p1a: Eternatus|88/100|[from] Stealth Rock
|-ability|p1a: Eternatus|Pressure
|
|-heal|p2a: Xerneas|75/100|[from] item: Leftovers
|upkeep
|turn|56
|
|t:|1662887404
|switch|p1a: Necrozma|Necrozma-Dusk-Mane|90/100
|-damage|p1a: Necrozma|84/100|[from] Stealth Rock
|switch|p2a: Yveltal|Yveltal|76/100
|-ability|p2a: Yveltal|Dark Aura
|
|-heal|p1a: Necrozma|90/100|[from] item: Leftovers
|upkeep
|turn|57
|
|t:|1662887409
|switch|p2a: Xerneas|Xerneas|75/100
|-damage|p2a: Xerneas|62/100|[from] Stealth Rock
|-ability|p2a: Xerneas|Fairy Aura
|switch|p1a: Eternatus|Eternatus|88/100
|-damage|p1a: Eternatus|76/100|[from] Stealth Rock
|-ability|p1a: Eternatus|Pressure
|
|-heal|p2a: Xerneas|68/100|[from] item: Leftovers
|upkeep
|turn|58
|
|t:|1662887416
|switch|p2a: Yveltal|Yveltal|76/100
|-ability|p2a: Yveltal|Dark Aura
|move|p1a: Eternatus|Toxic|p2a: Yveltal
|-status|p2a: Yveltal|tox
|
|-damage|p2a: Yveltal|70/100 tox|[from] psn
|upkeep
|turn|59
|
|t:|1662887426
|switch|p2a: Xerneas|Xerneas|68/100
|-damage|p2a: Xerneas|56/100|[from] Stealth Rock
|-ability|p2a: Xerneas|Fairy Aura
|move|p1a: Eternatus|Mystical Fire|p2a: Xerneas
|-damage|p2a: Xerneas|38/100
|-unboost|p2a: Xerneas|spa|1
|
|-heal|p2a: Xerneas|44/100|[from] item: Leftovers
|upkeep
|turn|60
|
|t:|1662887431
|switch|p1a: Calyrex|Calyrex-Shadow|84/100
|-ability|p1a: Calyrex|As One
|-ability|p1a: Calyrex|Unnerve
|-damage|p1a: Calyrex|72/100|[from] Stealth Rock
|move|p2a: Xerneas|Moonblast|p1a: Calyrex
|-damage|p1a: Calyrex|34/100
|
|-heal|p1a: Calyrex|40/100|[from] item: Leftovers
|-heal|p2a: Xerneas|50/100|[from] item: Leftovers
|upkeep
|turn|61
|
|t:|1662887437
|move|p1a: Calyrex|Leech Seed|p2a: Xerneas
|-start|p2a: Xerneas|move: Leech Seed
|move|p2a: Xerneas|Moonblast|p1a: Calyrex
|-damage|p1a: Calyrex|3/100
|
|-heal|p1a: Calyrex|9/100|[from] item: Leftovers
|-heal|p2a: Xerneas|57/100|[from] item: Leftovers
|-damage|p2a: Xerneas|44/100|[from] Leech Seed|[of] p1a: Calyrex
|-heal|p1a: Calyrex|25/100|[silent]
|upkeep
|turn|62
|
|t:|1662887441
|switch|p2a: Yveltal|Yveltal|70/100 tox
|-ability|p2a: Yveltal|Dark Aura
|move|p1a: Calyrex|Astral Barrage|p2a: Yveltal
|-resisted|p2a: Yveltal
|-damage|p2a: Yveltal|48/100 tox
|
|-heal|p1a: Calyrex|32/100|[from] item: Leftovers
|-damage|p2a: Yveltal|42/100 tox|[from] psn
|upkeep
|turn|63
|
|t:|1662887447
|move|p1a: Calyrex|Substitute|p1a: Calyrex
|-start|p1a: Calyrex|Substitute
|-damage|p1a: Calyrex|7/100
|move|p2a: Yveltal|Knock Off|p1a: Calyrex
|-supereffective|p1a: Calyrex
|-end|p1a: Calyrex|Substitute
|
|-heal|p1a: Calyrex|13/100|[from] item: Leftovers
|-damage|p2a: Yveltal|30/100 tox|[from] psn
|upkeep
|turn|64
|
|t:|1662887451
|move|p1a: Calyrex|Astral Barrage|p2a: Yveltal
|-resisted|p2a: Yveltal
|-damage|p2a: Yveltal|9/100 tox
|move|p2a: Yveltal|Knock Off|p1a: Calyrex
|-supereffective|p1a: Calyrex
|-damage|p1a: Calyrex|0 fnt
|-enditem|p1a: Calyrex|Leftovers|[from] move: Knock Off|[of] p2a: Yveltal
|faint|p1a: Calyrex
|
|-damage|p2a: Yveltal|0 fnt|[from] psn
|faint|p2a: Yveltal
|upkeep
|
|t:|1662887454
|switch|p1a: Necrozma|Necrozma-Dusk-Mane|90/100
|switch|p2a: Xerneas|Xerneas|44/100
|-damage|p2a: Xerneas|32/100|[from] Stealth Rock
|-ability|p2a: Xerneas|Fairy Aura
|-damage|p1a: Necrozma|84/100|[from] Stealth Rock
|turn|65
|
|t:|1662887457
|move|p2a: Xerneas|Rest|p2a: Xerneas
|-status|p2a: Xerneas|slp|[from] move: Rest
|-heal|p2a: Xerneas|100/100 slp|[silent]
|move|p1a: Necrozma|Iron Head|p2a: Xerneas
|-supereffective|p2a: Xerneas
|-damage|p2a: Xerneas|54/100 slp
|
|-heal|p2a: Xerneas|60/100 slp|[from] item: Leftovers
|-heal|p1a: Necrozma|90/100|[from] item: Leftovers
|upkeep
|turn|66
|
|t:|1662887459
|cant|p2a: Xerneas|slp
|move|p2a: Xerneas|Sleep Talk|p2a: Xerneas
|move|p2a: Xerneas|Aromatherapy|p2a: Xerneas|[from]move: Sleep Talk
|-activate|p2a: Xerneas|move: Aromatherapy
|-curestatus|p2a: Xerneas|slp|[msg]
|move|p1a: Necrozma|Iron Head|p2a: Xerneas
|-supereffective|p2a: Xerneas
|-damage|p2a: Xerneas|13/100
|
|-heal|p2a: Xerneas|19/100|[from] item: Leftovers
|-heal|p1a: Necrozma|96/100|[from] item: Leftovers
|upkeep
|turn|67
|
|t:|1662887463
|move|p2a: Xerneas|Rest|p2a: Xerneas
|-status|p2a: Xerneas|slp|[from] move: Rest
|-heal|p2a: Xerneas|100/100 slp|[silent]
|move|p1a: Necrozma|Iron Head|p2a: Xerneas
|-supereffective|p2a: Xerneas
|-damage|p2a: Xerneas|54/100 slp
|
|-heal|p2a: Xerneas|60/100 slp|[from] item: Leftovers
|-heal|p1a: Necrozma|100/100|[from] item: Leftovers
|upkeep
|turn|68
|
|t:|1662887467
|cant|p2a: Xerneas|slp
|move|p2a: Xerneas|Sleep Talk|p2a: Xerneas
|move|p2a: Xerneas|Aromatherapy|p2a: Xerneas|[from]move: Sleep Talk
|-activate|p2a: Xerneas|move: Aromatherapy
|-curestatus|p2a: Xerneas|slp|[msg]
|move|p1a: Necrozma|Iron Head|p2a: Xerneas
|-supereffective|p2a: Xerneas
|-damage|p2a: Xerneas|17/100
|
|-heal|p2a: Xerneas|23/100|[from] item: Leftovers
|upkeep
|turn|69
|
|t:|1662887471
|move|p2a: Xerneas|Rest|p2a: Xerneas
|-status|p2a: Xerneas|slp|[from] move: Rest
|-heal|p2a: Xerneas|100/100 slp|[silent]
|move|p1a: Necrozma|Iron Head|p2a: Xerneas
|-supereffective|p2a: Xerneas
|-damage|p2a: Xerneas|56/100 slp
|
|-heal|p2a: Xerneas|62/100 slp|[from] item: Leftovers
|upkeep
|turn|70
|
|t:|1662887473
|cant|p2a: Xerneas|slp
|move|p2a: Xerneas|Sleep Talk|p2a: Xerneas
|move|p2a: Xerneas|Rest||[from]move: Sleep Talk|[still]
|-fail|p2a: Xerneas
|move|p1a: Necrozma|Iron Head|p2a: Xerneas
|-supereffective|p2a: Xerneas
|-damage|p2a: Xerneas|17/100 slp
|
|-heal|p2a: Xerneas|23/100 slp|[from] item: Leftovers
|upkeep
|turn|71
|
|t:|1662887477
|cant|p2a: Xerneas|slp
|move|p2a: Xerneas|Sleep Talk|p2a: Xerneas
|move|p2a: Xerneas|Moonblast|p1a: Necrozma|[from]move: Sleep Talk
|-resisted|p1a: Necrozma
|-damage|p1a: Necrozma|83/100
|move|p1a: Necrozma|Iron Head|p2a: Xerneas
|-supereffective|p2a: Xerneas
|-damage|p2a: Xerneas|0 fnt
|faint|p2a: Xerneas
|
|win|Exiline
|c|☆Aberforth|gg
|c|☆Exiline|g_g
