|inactive|Battle timer is ON: inactive players will automatically lose when time's up.
|t:|1665866819
|gametype|singles
|player|p1|Alkione|#puplviiimoomoomilkers|
|player|p2|Ainzcrad|winona-gen6|
|teamsize|p1|6
|teamsize|p2|6
|gen|8
|tier|[Gen 8] Ubers
|rule|Sleep Clause Mod: Limit one foe put to sleep
|rule|Species Clause: Limit one of each Pokémon
|rule|OHKO Clause: OHKO moves are banned
|rule|Evasion Items Clause: Evasion items are banned
|rule|Evasion Moves Clause: Evasion moves are banned
|rule|Endless Battle Clause: Forcing endless battles is banned
|rule|HP Percentage Mod: HP is shown in percentages
|rule|Dynamax Clause: You cannot dynamax
|clearpoke
|poke|p1|Eternatus|
|poke|p1|Groudon|
|poke|p1|Calyrex-Shadow|
|poke|p1|Yveltal|
|poke|p1|Kyogre|
|poke|p1|Necrozma-Dusk-Mane|
|poke|p2|Kyogre|
|poke|p2|Ho-Oh|
|poke|p2|Yveltal|
|poke|p2|Eternatus|
|poke|p2|Landorus-Therian, M|
|poke|p2|Necrozma-Dusk-Mane|
|teampreview
|c|☆Ainzcrad|hf
|c|☆Alkione|hf
|inactive|Alkione has 270 seconds left.
|inactive|Alkione has 240 seconds left.
|
|t:|1665866884
|start
|switch|p1a: Kyogre|Kyogre|100/100
|switch|p2a: Kyogre|Kyogre|100/100
|-weather|RainDance|[from] ability: Drizzle|[of] p2a: Kyogre
|turn|1
|
|t:|1665866904
|switch|p2a: Eternatus|Eternatus|100/100
|-ability|p2a: Eternatus|Pressure
|switch|p1a: Eternatus|Eternatus|100/100
|-ability|p1a: Eternatus|Pressure
|
|-weather|RainDance|[upkeep]
|upkeep
|turn|2
|
|t:|1665866914
|switch|p2a: Necrozma|Necrozma-Dusk-Mane|100/100
|switch|p1a: Necrozma|Necrozma-Dusk-Mane|100/100
|
|-weather|RainDance|[upkeep]
|upkeep
|turn|3
|
|t:|1665866919
|switch|p2a: Kyogre|Kyogre|100/100
|switch|p1a: Groudon|Groudon|100/100
|-weather|SunnyDay|[from] ability: Drought|[of] p1a: Groudon
|
|-weather|SunnyDay|[upkeep]
|upkeep
|turn|4
|
|t:|1665866924
|switch|p1a: Eternatus|Eternatus|100/100
|-ability|p1a: Eternatus|Pressure
|move|p2a: Kyogre|Water Spout|p1a: Eternatus
|-resisted|p1a: Eternatus
|-damage|p1a: Eternatus|76/100
|
|-weather|SunnyDay|[upkeep]
|upkeep
|turn|5
|
|t:|1665866930
|switch|p1a: Groudon|Groudon|100/100
|switch|p2a: Ho-Oh|Ho-Oh|100/100
|
|-weather|SunnyDay|[upkeep]
|upkeep
|turn|6
|
|t:|1665866934
|move|p1a: Groudon|Stealth Rock|p2a: Ho-Oh
|-sidestart|p2: Ainzcrad|move: Stealth Rock
|move|p2a: Ho-Oh|Sacred Fire|p1a: Groudon
|-damage|p1a: Groudon|58/100
|-status|p1a: Groudon|brn
|
|-weather|SunnyDay|[upkeep]
|-heal|p1a: Groudon|64/100 brn|[from] item: Leftovers
|-damage|p1a: Groudon|58/100 brn|[from] brn
|upkeep
|turn|7
|
|t:|1665866938
|switch|p2a: Landorus|Landorus-Therian, M|100/100
|-damage|p2a: Landorus|88/100|[from] Stealth Rock
|-ability|p2a: Landorus|Intimidate|boost
|-unboost|p1a: Groudon|atk|1
|move|p1a: Groudon|Toxic|p2a: Landorus
|-status|p2a: Landorus|tox
|
|-weather|none
|-heal|p1a: Groudon|64/100 brn|[from] item: Leftovers
|-heal|p2a: Landorus|94/100 tox|[from] item: Leftovers
|-damage|p2a: Landorus|88/100 tox|[from] psn
|-damage|p1a: Groudon|58/100 brn|[from] brn
|upkeep
|turn|8
|
|t:|1665866944
|switch|p1a: Kyogre|Kyogre|100/100
|-weather|RainDance|[from] ability: Drizzle|[of] p1a: Kyogre
|move|p2a: Landorus|Stealth Rock|p1a: Kyogre
|-sidestart|p1: Alkione|move: Stealth Rock
|
|-weather|RainDance|[upkeep]
|-heal|p2a: Landorus|94/100 tox|[from] item: Leftovers
|-damage|p2a: Landorus|82/100 tox|[from] psn
|upkeep
|turn|9
|
|t:|1665866948
|switch|p2a: Eternatus|Eternatus|100/100
|-damage|p2a: Eternatus|88/100|[from] Stealth Rock
|-ability|p2a: Eternatus|Pressure
|move|p1a: Kyogre|Scald|p2a: Eternatus
|-resisted|p2a: Eternatus
|-damage|p2a: Eternatus|71/100
|-status|p2a: Eternatus|brn
|
|-weather|RainDance|[upkeep]
|-heal|p2a: Eternatus|77/100 brn|[from] item: Black Sludge
|-damage|p2a: Eternatus|71/100 brn|[from] brn
|upkeep
|turn|10
|
|t:|1665866955
|move|p2a: Eternatus|Sludge Bomb|p1a: Kyogre
|-damage|p1a: Kyogre|75/100
|move|p1a: Kyogre|Calm Mind|p1a: Kyogre
|-boost|p1a: Kyogre|spa|1
|-boost|p1a: Kyogre|spd|1
|
|-weather|RainDance|[upkeep]
|-heal|p2a: Eternatus|77/100 brn|[from] item: Black Sludge
|-heal|p1a: Kyogre|81/100|[from] item: Leftovers
|-damage|p2a: Eternatus|71/100 brn|[from] brn
|upkeep
|turn|11
|
|t:|1665866959
|move|p2a: Eternatus|Sludge Bomb|p1a: Kyogre
|-crit|p1a: Kyogre
|-damage|p1a: Kyogre|41/100
|move|p1a: Kyogre|Ice Beam|p2a: Eternatus
|-supereffective|p2a: Eternatus
|-damage|p2a: Eternatus|18/100 brn
|
|-weather|RainDance|[upkeep]
|-heal|p2a: Eternatus|25/100 brn|[from] item: Black Sludge
|-heal|p1a: Kyogre|47/100|[from] item: Leftovers
|-damage|p2a: Eternatus|18/100 brn|[from] brn
|upkeep
|turn|12
|
|t:|1665866968
|move|p2a: Eternatus|Sludge Bomb|p1a: Kyogre
|-damage|p1a: Kyogre|30/100
|move|p1a: Kyogre|Ice Beam|p2a: Eternatus
|-supereffective|p2a: Eternatus
|-damage|p2a: Eternatus|0 fnt
|faint|p2a: Eternatus
|
|-weather|none
|-heal|p1a: Kyogre|36/100|[from] item: Leftovers
|upkeep
|
|t:|1665866975
|switch|p2a: Kyogre|Kyogre|100/100
|-damage|p2a: Kyogre|88/100|[from] Stealth Rock
|-weather|RainDance|[from] ability: Drizzle|[of] p2a: Kyogre
|turn|13
|
|t:|1665866981
|move|p2a: Kyogre|Water Spout|p1a: Kyogre
|-resisted|p1a: Kyogre
|-damage|p1a: Kyogre|1/100
|move|p1a: Kyogre|Rest|p1a: Kyogre
|-status|p1a: Kyogre|slp|[from] move: Rest
|-heal|p1a: Kyogre|100/100 slp|[silent]
|
|-weather|RainDance|[upkeep]
|upkeep
|turn|14
|
|t:|1665867001
|move|p2a: Kyogre|Water Spout|p1a: Kyogre
|-resisted|p1a: Kyogre
|-damage|p1a: Kyogre|63/100 slp
|cant|p1a: Kyogre|slp
|
|-weather|RainDance|[upkeep]
|-heal|p1a: Kyogre|69/100 slp|[from] item: Leftovers
|upkeep
|turn|15
|
|t:|1665867004
|move|p2a: Kyogre|Water Spout|p1a: Kyogre
|-resisted|p1a: Kyogre
|-damage|p1a: Kyogre|34/100 slp
|cant|p1a: Kyogre|slp
|
|-weather|RainDance|[upkeep]
|-heal|p1a: Kyogre|40/100 slp|[from] item: Leftovers
|upkeep
|turn|16
|
|t:|1665867009
|switch|p2a: Ho-Oh|Ho-Oh|100/100
|-curestatus|p1a: Kyogre|slp|[msg]
|move|p1a: Kyogre|Rest|p1a: Kyogre
|-status|p1a: Kyogre|slp|[from] move: Rest
|-heal|p1a: Kyogre|100/100 slp|[silent]
|
|-weather|RainDance|[upkeep]
|upkeep
|turn|17
|
|t:|1665867023
|switch|p1a: Groudon|Groudon|58/100 brn
|-damage|p1a: Groudon|52/100 brn|[from] Stealth Rock
|-weather|SunnyDay|[from] ability: Drought|[of] p1a: Groudon
|move|p2a: Ho-Oh|Brave Bird|p1a: Groudon
|-damage|p1a: Groudon|22/100 brn
|-damage|p2a: Ho-Oh|91/100|[from] Recoil
|
|-weather|SunnyDay|[upkeep]
|-heal|p1a: Groudon|28/100 brn|[from] item: Leftovers
|-damage|p1a: Groudon|22/100 brn|[from] brn
|upkeep
|turn|18
|
|t:|1665867032
|switch|p2a: Landorus|Landorus-Therian, M|82/100 tox
|-damage|p2a: Landorus|70/100 tox|[from] Stealth Rock
|-ability|p2a: Landorus|Intimidate|boost
|-unboost|p1a: Groudon|atk|1
|move|p1a: Groudon|Stone Edge|p2a: Landorus
|-damage|p2a: Landorus|62/100 tox
|
|-weather|SunnyDay|[upkeep]
|-heal|p1a: Groudon|28/100 brn|[from] item: Leftovers
|-heal|p2a: Landorus|68/100 tox|[from] item: Leftovers
|-damage|p2a: Landorus|62/100 tox|[from] psn
|-damage|p1a: Groudon|22/100 brn|[from] brn
|upkeep
|turn|19
|inactive|Alkione has 270 seconds left.
|
|t:|1665867066
|switch|p1a: Eternatus|Eternatus|76/100
|-damage|p1a: Eternatus|64/100|[from] Stealth Rock
|-ability|p1a: Eternatus|Pressure
|move|p2a: Landorus|U-turn|p1a: Eternatus
|-resisted|p1a: Eternatus
|-damage|p1a: Eternatus|55/100
|
|t:|1665867071
|switch|p2a: Ho-Oh|Ho-Oh|100/100|[from]move: U-turn
|
|-weather|SunnyDay|[upkeep]
|upkeep
|turn|20
|
|t:|1665867078
|move|p1a: Eternatus|Recover|p1a: Eternatus
|-heal|p1a: Eternatus|100/100
|move|p2a: Ho-Oh|Earthquake|p1a: Eternatus
|-supereffective|p1a: Eternatus
|-enditem|p1a: Eternatus|Shuca Berry|[eat]
|-enditem|p1a: Eternatus|Shuca Berry|[weaken]
|-damage|p1a: Eternatus|75/100
|
|-weather|SunnyDay|[upkeep]
|upkeep
|turn|21
|
|t:|1665867084
|move|p1a: Eternatus|Toxic|p2a: Ho-Oh
|-status|p2a: Ho-Oh|tox
|move|p2a: Ho-Oh|Thunder Wave|p1a: Eternatus|[miss]
|-miss|p2a: Ho-Oh|p1a: Eternatus
|
|-weather|none
|-damage|p2a: Ho-Oh|94/100 tox|[from] psn
|upkeep
|turn|22
|
|t:|1665867095
|switch|p1a: Groudon|Groudon|22/100 brn
|-damage|p1a: Groudon|16/100 brn|[from] Stealth Rock
|-weather|SunnyDay|[from] ability: Drought|[of] p1a: Groudon
|move|p2a: Ho-Oh|Earthquake|p1a: Groudon
|-damage|p1a: Groudon|0 fnt
|faint|p1a: Groudon
|
|-weather|SunnyDay|[upkeep]
|-damage|p2a: Ho-Oh|82/100 tox|[from] psn
|upkeep
|
|t:|1665867107
|switch|p1a: Yveltal|Yveltal|100/100
|-ability|p1a: Yveltal|Dark Aura
|turn|23
|
|t:|1665867112
|move|p1a: Yveltal|U-turn|p2a: Ho-Oh
|-resisted|p2a: Ho-Oh
|-damage|p2a: Ho-Oh|78/100 tox
|
|t:|1665867114
|switch|p1a: Kyogre|Kyogre|100/100 slp|[from]move: U-turn
|-damage|p1a: Kyogre|88/100 slp|[from] Stealth Rock
|-weather|RainDance|[from] ability: Drizzle|[of] p1a: Kyogre
|move|p2a: Ho-Oh|Sacred Fire|p1a: Kyogre
|-resisted|p1a: Kyogre
|-damage|p1a: Kyogre|78/100 slp
|
|-weather|RainDance|[upkeep]
|-heal|p1a: Kyogre|85/100 slp|[from] item: Leftovers
|-damage|p2a: Ho-Oh|59/100 tox|[from] psn
|upkeep
|turn|24
|
|t:|1665867118
|switch|p2a: Kyogre|Kyogre|88/100
|-damage|p2a: Kyogre|76/100|[from] Stealth Rock
|cant|p1a: Kyogre|slp
|
|-weather|RainDance|[upkeep]
|-heal|p1a: Kyogre|91/100 slp|[from] item: Leftovers
|upkeep
|turn|25
|
|t:|1665867132
|switch|p1a: Eternatus|Eternatus|75/100
|-damage|p1a: Eternatus|63/100|[from] Stealth Rock
|-ability|p1a: Eternatus|Pressure
|move|p2a: Kyogre|Thunder|p1a: Eternatus
|-resisted|p1a: Eternatus
|-damage|p1a: Eternatus|39/100
|
|-weather|RainDance|[upkeep]
|upkeep
|turn|26
|
|t:|1665867137
|move|p1a: Eternatus|Recover|p1a: Eternatus
|-heal|p1a: Eternatus|89/100
|move|p2a: Kyogre|Thunder|p1a: Eternatus
|-resisted|p1a: Eternatus
|-damage|p1a: Eternatus|69/100
|
|-weather|RainDance|[upkeep]
|upkeep
|turn|27
|
|t:|1665867149
|switch|p2a: Ho-Oh|Ho-Oh|92/100 tox
|move|p1a: Eternatus|Dynamax Cannon|p2a: Ho-Oh
|-damage|p2a: Ho-Oh|67/100 tox
|
|-weather|none
|-damage|p2a: Ho-Oh|61/100 tox|[from] psn
|upkeep
|turn|28
|
|t:|1665867156
|switch|p1a: Kyogre|Kyogre|91/100 slp
|-damage|p1a: Kyogre|78/100 slp|[from] Stealth Rock
|-weather|RainDance|[from] ability: Drizzle|[of] p1a: Kyogre
|move|p2a: Ho-Oh|Earthquake|p1a: Kyogre
|-damage|p1a: Kyogre|52/100 slp
|
|-weather|RainDance|[upkeep]
|-heal|p1a: Kyogre|59/100 slp|[from] item: Leftovers
|-damage|p2a: Ho-Oh|48/100 tox|[from] psn
|upkeep
|turn|29
|
|t:|1665867163
|switch|p2a: Kyogre|Kyogre|76/100
|-damage|p2a: Kyogre|64/100|[from] Stealth Rock
|cant|p1a: Kyogre|slp
|
|-weather|RainDance|[upkeep]
|-heal|p1a: Kyogre|65/100 slp|[from] item: Leftovers
|upkeep
|turn|30
|
|t:|1665867173
|switch|p1a: Eternatus|Eternatus|69/100
|-damage|p1a: Eternatus|56/100|[from] Stealth Rock
|-ability|p1a: Eternatus|Pressure
|move|p2a: Kyogre|Ice Beam|p1a: Eternatus
|-supereffective|p1a: Eternatus
|-damage|p1a: Eternatus|0 fnt
|faint|p1a: Eternatus
|
|-weather|RainDance|[upkeep]
|upkeep
|
|t:|1665867176
|switch|p1a: Necrozma|Necrozma-Dusk-Mane|100/100
|-damage|p1a: Necrozma|94/100|[from] Stealth Rock
|turn|31
|
|t:|1665867181
|switch|p2a: Ho-Oh|Ho-Oh|81/100 tox
|move|p1a: Necrozma|Knock Off|p2a: Ho-Oh
|-damage|p2a: Ho-Oh|54/100 tox
|-enditem|p2a: Ho-Oh|Heavy-Duty Boots|[from] move: Knock Off|[of] p1a: Necrozma
|
|-weather|RainDance|[upkeep]
|-heal|p1a: Necrozma|100/100|[from] item: Leftovers
|-damage|p2a: Ho-Oh|47/100 tox|[from] psn
|upkeep
|turn|32
|
|t:|1665867196
|move|p2a: Ho-Oh|Brave Bird|p1a: Necrozma
|-resisted|p1a: Necrozma
|-damage|p1a: Necrozma|76/100
|-damage|p2a: Ho-Oh|40/100 tox|[from] Recoil
|move|p1a: Necrozma|Dragon Dance|p1a: Necrozma
|-boost|p1a: Necrozma|atk|1
|-boost|p1a: Necrozma|spe|1
|
|-weather|none
|-heal|p1a: Necrozma|82/100|[from] item: Leftovers
|-damage|p2a: Ho-Oh|27/100 tox|[from] psn
|upkeep
|turn|33
|
|t:|1665867206
|move|p1a: Necrozma|Knock Off|p2a: Ho-Oh
|-damage|p2a: Ho-Oh|0 fnt
|faint|p2a: Ho-Oh
|
|-heal|p1a: Necrozma|88/100|[from] item: Leftovers
|upkeep
|
|t:|1665867208
|switch|p2a: Landorus|Landorus-Therian, M|62/100 tox
|-damage|p2a: Landorus|50/100 tox|[from] Stealth Rock
|-ability|p2a: Landorus|Intimidate|boost
|-unboost|p1a: Necrozma|atk|1
|turn|34
|inactive|Alkione has 270 seconds left.
|
|t:|1665867246
|move|p1a: Necrozma|Dragon Dance|p1a: Necrozma
|-boost|p1a: Necrozma|atk|1
|-boost|p1a: Necrozma|spe|1
|move|p2a: Landorus|U-turn|p1a: Necrozma
|-damage|p1a: Necrozma|72/100
|
|t:|1665867251
|switch|p2a: Yveltal|Yveltal|100/100|[from]move: U-turn
|-ability|p2a: Yveltal|Dark Aura
|
|-heal|p1a: Necrozma|78/100|[from] item: Leftovers
|upkeep
|turn|35
|inactive|Alkione has 270 seconds left.
|inactive|Alkione has 240 seconds left.
|
|t:|1665867297
|move|p1a: Necrozma|Sunsteel Strike|p2a: Yveltal
|-damage|p2a: Yveltal|40/100
|move|p2a: Yveltal|Foul Play|p1a: Necrozma
|-supereffective|p1a: Necrozma
|-damage|p1a: Necrozma|0 fnt
|faint|p1a: Necrozma
|
|upkeep
|
|t:|1665867301
|switch|p1a: Kyogre|Kyogre|65/100 slp
|-damage|p1a: Kyogre|52/100 slp|[from] Stealth Rock
|-weather|RainDance|[from] ability: Drizzle|[of] p1a: Kyogre
|turn|36
|
|t:|1665867308
|move|p2a: Yveltal|Roost|p2a: Yveltal
|-heal|p2a: Yveltal|90/100
|-singleturn|p2a: Yveltal|move: Roost
|-curestatus|p1a: Kyogre|slp|[msg]
|move|p1a: Kyogre|Scald|p2a: Yveltal
|-damage|p2a: Yveltal|47/100
|
|-weather|RainDance|[upkeep]
|-heal|p1a: Kyogre|59/100|[from] item: Leftovers
|upkeep
|turn|37
|
|t:|1665867313
|switch|p2a: Landorus|Landorus-Therian, M|50/100 tox
|-damage|p2a: Landorus|37/100 tox|[from] Stealth Rock
|-ability|p2a: Landorus|Intimidate|boost
|-unboost|p1a: Kyogre|atk|1
|move|p1a: Kyogre|Scald|p2a: Landorus
|-supereffective|p2a: Landorus
|-damage|p2a: Landorus|0 fnt
|faint|p2a: Landorus
|
|-weather|RainDance|[upkeep]
|-heal|p1a: Kyogre|65/100|[from] item: Leftovers
|upkeep
|
|t:|1665867317
|switch|p2a: Kyogre|Kyogre|64/100
|-damage|p2a: Kyogre|51/100|[from] Stealth Rock
|turn|38
|inactive|Alkione has 240 seconds left.
|inactive|Alkione has 210 seconds left.
|
|t:|1665867375
|switch|p1a: Yveltal|Yveltal|100/100
|-ability|p1a: Yveltal|Dark Aura
|move|p2a: Kyogre|Thunder|p1a: Yveltal
|-supereffective|p1a: Yveltal
|-damage|p1a: Yveltal|6/100
|-status|p1a: Yveltal|par
|
|-weather|RainDance|[upkeep]
|upkeep
|turn|39
|inactive|Alkione has 210 seconds left.
|
|t:|1665867397
|move|p2a: Kyogre|Thunder|p1a: Yveltal
|-supereffective|p1a: Yveltal
|-damage|p1a: Yveltal|0 fnt
|faint|p1a: Yveltal
|
|-weather|RainDance|[upkeep]
|upkeep
|
|t:|1665867399
|switch|p1a: Calyrex|Calyrex-Shadow|100/100
|-ability|p1a: Calyrex|As One
|-ability|p1a: Calyrex|Unnerve
|-damage|p1a: Calyrex|88/100|[from] Stealth Rock
|turn|40
|
|t:|1665867404
|switch|p2a: Yveltal|Yveltal|47/100
|-ability|p2a: Yveltal|Dark Aura
|move|p1a: Calyrex|Astral Barrage|p2a: Yveltal
|-resisted|p2a: Yveltal
|-damage|p2a: Yveltal|21/100
|
|-weather|none
|upkeep
|turn|41
|
|t:|1665867411
|move|p2a: Yveltal|Sucker Punch|p1a: Calyrex
|-supereffective|p1a: Calyrex
|-damage|p1a: Calyrex|0 fnt
|faint|p1a: Calyrex
|
|upkeep
|c|☆Alkione|gg
|
|t:|1665867414
|switch|p1a: Kyogre|Kyogre|65/100
|-damage|p1a: Kyogre|52/100|[from] Stealth Rock
|-weather|RainDance|[from] ability: Drizzle|[of] p1a: Kyogre
|turn|42
|
|t:|1665867416
|switch|p2a: Kyogre|Kyogre|51/100
|-damage|p2a: Kyogre|39/100|[from] Stealth Rock
|move|p1a: Kyogre|Scald|p2a: Kyogre
|-resisted|p2a: Kyogre
|-damage|p2a: Kyogre|17/100
|
|-weather|RainDance|[upkeep]
|-heal|p1a: Kyogre|59/100|[from] item: Leftovers
|upkeep
|turn|43
|
|t:|1665867419
|move|p2a: Kyogre|Thunder|p1a: Kyogre
|-supereffective|p1a: Kyogre
|-damage|p1a: Kyogre|0 fnt
|faint|p1a: Kyogre
|
|win|Ainzcrad
|c|☆Ainzcrad|gg
