|inactive|Battle timer is ON: inactive players will automatically lose when time's up.
|t:|1656619105
|gametype|singles
|player|p1|SiTuM.|hilbert|
|player|p2|King Billu|rood|
|teamsize|p1|6
|teamsize|p2|6
|gen|8
|tier|[Gen 8] Ubers
|rule|Sleep Clause Mod: Limit one foe put to sleep
|rule|Species Clause: Limit one of each Pokémon
|rule|OHKO Clause: OHKO moves are banned
|rule|Evasion Moves Clause: Evasion moves are banned
|rule|Endless Battle Clause: Forcing endless battles is banned
|rule|HP Percentage Mod: HP is shown in percentages
|rule|Dynamax Clause: You cannot dynamax
|clearpoke
|poke|p1|Groudon|
|poke|p1|Landorus-Therian, M|
|poke|p1|Kyurem-White|
|poke|p1|Xerneas-*|
|poke|p1|Yveltal|
|poke|p1|Gastrodon, M|
|poke|p2|Aerodactyl, M|
|poke|p2|Yveltal|
|poke|p2|Weavile, M|
|poke|p2|Zekrom|
|poke|p2|Necrozma-Dusk-Mane|
|poke|p2|Calyrex-Shadow|
|teampreview
|c|☆King Billu|hf
|c|☆SiTuM.|wow
|c|☆SiTuM.|them
|c|☆SiTuM.|have fun
|inactive|SiTuM. has 270 seconds left.
|inactive|SiTuM. has 240 seconds left.
|c|+Lasen|I could bring situm's team
|c|+Lasen|in xy ubers
|c|+Lasen|and win
|c|+Lasen|what an amazing ensemble of 6
|inactive|SiTuM. has 210 seconds left.
|c|+BasedWhat? ♪|pov one team is out of playoffs
|c|+Inder|kb9
|inactive|SiTuM. has 180 seconds left.
|c|+shieldpoke|average situm team wym?
|
|t:|1656619231
|start
|switch|p1a: Landorus|Landorus-Therian, M|100/100
|switch|p2a: Aerodactyl|Aerodactyl, M|100/100
|-ability|p2a: Aerodactyl|Pressure
|-ability|p1a: Landorus|Intimidate|boost
|-unboost|p2a: Aerodactyl|atk|1
|turn|1
|
|t:|1656619241
|move|p2a: Aerodactyl|Taunt|p1a: Landorus
|-start|p1a: Landorus|move: Taunt
|move|p1a: Landorus|U-turn|p2a: Aerodactyl
|-resisted|p2a: Aerodactyl
|-damage|p2a: Aerodactyl|83/100
|
|t:|1656619243
|switch|p1a: Xerneas|Xerneas|100/100|[from]move: U-turn
|-ability|p1a: Xerneas|Fairy Aura
|
|upkeep
|turn|2
|
|t:|1656619249
|switch|p2a: Necrozma|Necrozma-Dusk-Mane|100/100
|move|p1a: Xerneas|Moonblast|p2a: Necrozma
|-resisted|p2a: Necrozma
|-damage|p2a: Necrozma|72/100
|
|upkeep
|turn|3
|inactive|King Billu has 270 seconds left.
|
|t:|1656619285
|switch|p1a: Landorus|Landorus-Therian, M|100/100
|-ability|p1a: Landorus|Intimidate|boost
|-unboost|p2a: Necrozma|atk|1
|move|p2a: Necrozma|Sunsteel Strike|p1a: Landorus
|-damage|p1a: Landorus|72/100
|
|-heal|p1a: Landorus|78/100|[from] item: Leftovers
|upkeep
|turn|4
|inactive|King Billu has 270 seconds left.
|
|t:|1656619303
|switch|p2a: Aerodactyl|Aerodactyl, M|83/100
|-ability|p2a: Aerodactyl|Pressure
|move|p1a: Landorus|U-turn|p2a: Aerodactyl
|-resisted|p2a: Aerodactyl
|-damage|p2a: Aerodactyl|66/100
|
|t:|1656619308
|switch|p1a: Xerneas|Xerneas|100/100|[from]move: U-turn
|-ability|p1a: Xerneas|Fairy Aura
|
|upkeep
|turn|5
|inactive|King Billu has 270 seconds left.
|
|t:|1656619317
|switch|p2a: Necrozma|Necrozma-Dusk-Mane|72/100
|move|p1a: Xerneas|Moonblast|p2a: Necrozma
|-resisted|p2a: Necrozma
|-damage|p2a: Necrozma|41/100
|
|upkeep
|turn|6
|inactive|King Billu has 270 seconds left.
|c|+Lasen|situm which channel is yours
|c|+Lasen|I cant find out team
|
|t:|1656619338
|switch|p1a: Landorus|Landorus-Therian, M|78/100
|-ability|p1a: Landorus|Intimidate|boost
|-unboost|p2a: Necrozma|atk|1
|move|p2a: Necrozma|Sunsteel Strike|p1a: Landorus
|-damage|p1a: Landorus|49/100
|
|-heal|p1a: Landorus|55/100|[from] item: Leftovers
|upkeep
|turn|7
|c|☆SiTuM.|i didnt post the team
|c|☆SiTuM.|i built it like
|c|☆SiTuM.|an hour ago
|c|+Lasen|perfect
|
|t:|1656619359
|switch|p2a: Aerodactyl|Aerodactyl, M|66/100
|-ability|p2a: Aerodactyl|Pressure
|move|p1a: Landorus|U-turn|p2a: Aerodactyl
|-resisted|p2a: Aerodactyl
|-damage|p2a: Aerodactyl|48/100
|
|t:|1656619361
|switch|p1a: Xerneas|Xerneas|100/100|[from]move: U-turn
|-ability|p1a: Xerneas|Fairy Aura
|
|upkeep
|turn|8
|inactive|King Billu has 270 seconds left.
|
|t:|1656619375
|move|p1a: Xerneas|Moonblast|p2a: Aerodactyl
|-damage|p2a: Aerodactyl|0 fnt
|faint|p2a: Aerodactyl
|
|upkeep
|
|t:|1656619380
|switch|p2a: Necrozma|Necrozma-Dusk-Mane|41/100
|turn|9
|inactive|King Billu has 270 seconds left.
|
|t:|1656619397
|switch|p1a: Groudon|Groudon|100/100
|-weather|SunnyDay|[from] ability: Drought|[of] p1a: Groudon
|move|p2a: Necrozma|Sunsteel Strike|p1a: Groudon
|-damage|p1a: Groudon|72/100
|
|-weather|SunnyDay|[upkeep]
|-heal|p1a: Groudon|78/100|[from] item: Leftovers
|upkeep
|turn|10
|
|t:|1656619421
|switch|p2a: Yveltal|Yveltal|100/100
|-ability|p2a: Yveltal|Dark Aura
|move|p1a: Groudon|Stealth Rock|p2a: Yveltal
|-sidestart|p2: King Billu|move: Stealth Rock
|
|-weather|SunnyDay|[upkeep]
|-heal|p1a: Groudon|84/100|[from] item: Leftovers
|upkeep
|turn|11
|
|t:|1656619438
|move|p2a: Yveltal|Knock Off|p1a: Groudon
|-damage|p1a: Groudon|44/100
|-enditem|p1a: Groudon|Leftovers|[from] move: Knock Off|[of] p2a: Yveltal
|-damage|p2a: Yveltal|91/100|[from] item: Life Orb
|move|p1a: Groudon|Stone Edge|p2a: Yveltal
|-supereffective|p2a: Yveltal
|-damage|p2a: Yveltal|33/100
|
|-weather|SunnyDay|[upkeep]
|upkeep
|turn|12
|
|t:|1656619457
|switch|p2a: Calyrex|Calyrex-Shadow|100/100
|-ability|p2a: Calyrex|As One
|-ability|p2a: Calyrex|Unnerve
|-damage|p2a: Calyrex|88/100|[from] Stealth Rock
|move|p1a: Groudon|Stone Edge|p2a: Calyrex
|-damage|p2a: Calyrex|47/100
|
|-weather|SunnyDay|[upkeep]
|upkeep
|turn|13
|inactive|King Billu has 240 seconds left.
|
|t:|1656619504
|switch|p1a: Yveltal|Yveltal|100/100
|-ability|p1a: Yveltal|Dark Aura
|move|p2a: Calyrex|Astral Barrage|p1a: Yveltal
|-resisted|p1a: Yveltal
|-damage|p1a: Yveltal|73/100
|
|-weather|none
|upkeep
|turn|14
|
|t:|1656619516
|switch|p2a: Yveltal|Yveltal|33/100
|-damage|p2a: Yveltal|8/100|[from] Stealth Rock
|-ability|p2a: Yveltal|Dark Aura
|move|p1a: Yveltal|Knock Off|p2a: Yveltal
|-resisted|p2a: Yveltal
|-damage|p2a: Yveltal|0 fnt
|-enditem|p2a: Yveltal|Life Orb|[from] move: Knock Off|[of] p1a: Yveltal
|faint|p2a: Yveltal
|
|upkeep
|inactive|King Billu has 210 seconds left.
|
|t:|1656619541
|switch|p2a: Weavile|Weavile, M|100/100
|-damage|p2a: Weavile|76/100|[from] Stealth Rock
|-ability|p2a: Weavile|Pressure
|turn|15
|
|t:|1656619555
|switch|p1a: Groudon|Groudon|44/100
|-weather|SunnyDay|[from] ability: Drought|[of] p1a: Groudon
|move|p2a: Weavile|Swords Dance|p2a: Weavile
|-boost|p2a: Weavile|atk|2
|
|-weather|SunnyDay|[upkeep]
|upkeep
|turn|16
|
|t:|1656619562
|move|p2a: Weavile|Triple Axel|p1a: Groudon
|-supereffective|p1a: Groudon
|-damage|p1a: Groudon|25/100
|-supereffective|p1a: Groudon
|-damage|p1a: Groudon|0 fnt
|faint|p1a: Groudon
|-hitcount|p1: Groudon|2
|
|-weather|SunnyDay|[upkeep]
|upkeep
|
|t:|1656619564
|switch|p1a: Xerneas|Xerneas|100/100
|-ability|p1a: Xerneas|Fairy Aura
|turn|17
|inactive|King Billu has 210 seconds left.
|inactive|King Billu has 180 seconds left.
|inactive|King Billu has 150 seconds left.
|inactive|King Billu has 120 seconds left.
|
|t:|1656619675
|move|p2a: Weavile|Ice Shard|p1a: Xerneas
|-damage|p1a: Xerneas|62/100
|move|p1a: Xerneas|Moonblast|p2a: Weavile
|-supereffective|p2a: Weavile
|-damage|p2a: Weavile|0 fnt
|faint|p2a: Weavile
|
|-weather|SunnyDay|[upkeep]
|upkeep
|inactive|King Billu has 90 seconds left.
|inactive|King Billu has 60 seconds left.
|
|t:|1656619730
|switch|p2a: Calyrex|Calyrex-Shadow|47/100
|-ability|p2a: Calyrex|As One
|-ability|p2a: Calyrex|Unnerve
|-damage|p2a: Calyrex|34/100|[from] Stealth Rock
|turn|18
|inactive|SiTuM. has 270 seconds left.
|
|t:|1656619764
|switch|p1a: Yveltal|Yveltal|73/100
|-ability|p1a: Yveltal|Dark Aura
|move|p2a: Calyrex|Astral Barrage|p1a: Yveltal
|-resisted|p1a: Yveltal
|-damage|p1a: Yveltal|49/100
|
|-weather|SunnyDay|[upkeep]
|upkeep
|turn|19
|inactive|King Billu has 60 seconds left.
|
|t:|1656619786
|switch|p2a: Necrozma|Necrozma-Dusk-Mane|41/100
|-damage|p2a: Necrozma|35/100|[from] Stealth Rock
|move|p1a: Yveltal|Roost|p1a: Yveltal
|-heal|p1a: Yveltal|99/100
|-singleturn|p1a: Yveltal|move: Roost
|
|-weather|none
|upkeep
|turn|20
|inactive|King Billu has 60 seconds left.
|
|t:|1656619796
|move|p1a: Yveltal|U-turn|p2a: Necrozma
|-damage|p2a: Necrozma|20/100
|
|t:|1656619799
|switch|p1a: Landorus|Landorus-Therian, M|55/100|[from]move: U-turn
|-ability|p1a: Landorus|Intimidate|boost
|-unboost|p2a: Necrozma|atk|1
|move|p2a: Necrozma|Dragon Dance|p2a: Necrozma
|-boost|p2a: Necrozma|atk|1
|-boost|p2a: Necrozma|spe|1
|
|-heal|p1a: Landorus|61/100|[from] item: Leftovers
|upkeep
|turn|21
|inactive|King Billu has 60 seconds left.
|
|t:|1656619810
|move|p2a: Necrozma|Sunsteel Strike|p1a: Landorus
|-damage|p1a: Landorus|17/100
|move|p1a: Landorus|U-turn|p2a: Necrozma
|-damage|p2a: Necrozma|0 fnt
|faint|p2a: Necrozma
|
|t:|1656619821
|switch|p1a: Kyurem|Kyurem-White|100/100|[from]move: U-turn
|-ability|p1a: Kyurem|Turboblaze
|
|upkeep
|c|☆SiTuM.|gg
|inactive|King Billu has 60 seconds left.
|
|t:|1656619832
|switch|p2a: Calyrex|Calyrex-Shadow|34/100
|-ability|p2a: Calyrex|As One
|-ability|p2a: Calyrex|Unnerve
|-damage|p2a: Calyrex|22/100|[from] Stealth Rock
|turn|22
|c|+Lasen|he wanted kyurem to get the two kills
|c|☆King Billu|gg
|c|+Lasen|amazing
|
|t:|1656619839
|move|p2a: Calyrex|Astral Barrage|p1a: Kyurem
|-crit|p1a: Kyurem
|-damage|p1a: Kyurem|10/100
|move|p1a: Kyurem|Draco Meteor|p2a: Calyrex
|-damage|p2a: Calyrex|0 fnt
|-unboost|p1a: Kyurem|spa|2
|faint|p2a: Calyrex
|-damage|p1a: Kyurem|0 fnt|[from] item: Life Orb
|faint|p1a: Kyurem
|
|upkeep
|c|+BasedWhat? ♪|thank god
|c|+Fc ❤|never lucky
|c|☆SiTuM.|NOOOOOOOOOO
|c|+Lasen|NOOOOOOOOOOOO
|
|t:|1656619848
|switch|p2a: Zekrom|Zekrom|100/100
|switch|p1a: Xerneas|Xerneas|62/100
|-ability|p1a: Xerneas|Fairy Aura
|-damage|p2a: Zekrom|88/100|[from] Stealth Rock
|-ability|p2a: Zekrom|Teravolt
|turn|23
|c|+fatfighter2|haxed
|
|t:|1656619862
|move|p1a: Xerneas|Moonblast|p2a: Zekrom
|-supereffective|p2a: Zekrom
|-damage|p2a: Zekrom|0 fnt
|faint|p2a: Zekrom
|
|win|SiTuM.
|c|+BasedWhat? ♪|average big slugga hax fest
|player|p2|King Billu|rood
