|inactive|Battle timer is ON: inactive players will automatically lose when time's up.
|t:|1636875725
|gametype|singles
|player|p1|Stone Cold|#stonecold|
|player|p2|Stallion|bruno|
|teamsize|p1|6
|teamsize|p2|6
|gen|8
|tier|[Gen 8] Ubers
|rule|Sleep Clause Mod: Limit one foe put to sleep
|rule|Species Clause: Limit one of each Pokémon
|rule|OHKO Clause: OHKO moves are banned
|rule|Evasion Moves Clause: Evasion moves are banned
|rule|Endless Battle Clause: Forcing endless battles is banned
|rule|HP Percentage Mod: HP is shown in percentages
|rule|Dynamax Clause: You cannot dynamax
|clearpoke
|poke|p1|Xerneas-*|
|poke|p1|Magnezone|
|poke|p1|Necrozma-Dusk-Mane|
|poke|p1|Yveltal|
|poke|p1|Eternatus|
|poke|p1|Darmanitan-Galar, M|
|poke|p2|Aerodactyl, F|
|poke|p2|Marshadow|
|poke|p2|Necrozma-Dusk-Mane|
|poke|p2|Yveltal|
|poke|p2|Xerneas-*|
|poke|p2|Eternatus|
|teampreview
|c|☆Stallion|None of the sprites showed up for me for ages
|c|☆Stallion|stupid lag
|c|☆Stallion|gl my friend
|inactive|Stallion has 270 seconds left.
|c|☆Stone Cold|U2 buddy
|
|t:|1636875759
|start
|switch|p1a: Darmanitan|Darmanitan-Galar, M|100/100
|switch|p2a: Aerodactyl|Aerodactyl, F|100/100
|-ability|p2a: Aerodactyl|Pressure
|turn|1
|
|t:|1636875767
|move|p1a: Darmanitan|Icicle Crash|p2a: Aerodactyl
|-supereffective|p2a: Aerodactyl
|-enditem|p2a: Aerodactyl|Focus Sash
|-damage|p2a: Aerodactyl|1/100
|move|p2a: Aerodactyl|Rock Tomb|p1a: Darmanitan
|-supereffective|p1a: Darmanitan
|-damage|p1a: Darmanitan|13/100
|-unboost|p1a: Darmanitan|spe|1
|
|upkeep
|turn|2
|
|t:|1636875775
|move|p2a: Aerodactyl|Rock Tomb|p1a: Darmanitan|[miss]
|-miss|p2a: Aerodactyl|p1a: Darmanitan
|move|p1a: Darmanitan|Icicle Crash|p2a: Aerodactyl
|-supereffective|p2a: Aerodactyl
|-damage|p2a: Aerodactyl|0 fnt
|faint|p2a: Aerodactyl
|
|upkeep
|c|☆Stallion|great start
|c|☆Stallion|lol
|
|t:|1636875800
|switch|p2a: Marshadow|Marshadow|100/100
|turn|3
|
|t:|1636875810
|switch|p1a: Eternatus|Eternatus|100/100
|-ability|p1a: Eternatus|Pressure
|move|p2a: Marshadow|Spectral Thief|p1a: Eternatus
|-damage|p1a: Eternatus|59/100
|-damage|p2a: Marshadow|91/100|[from] item: Life Orb
|
|-heal|p1a: Eternatus|65/100|[from] item: Black Sludge
|upkeep
|turn|4
|
|t:|1636875820
|switch|p2a: Necrozma|Necrozma-Dusk-Mane|100/100
|move|p1a: Eternatus|Recover|p1a: Eternatus
|-heal|p1a: Eternatus|100/100
|
|upkeep
|turn|5
|
|t:|1636875825
|switch|p1a: Magnezone|Magnezone|100/100
|-item|p1a: Magnezone|Air Balloon
|move|p2a: Necrozma|Dragon Dance|p2a: Necrozma
|-boost|p2a: Necrozma|atk|1
|-boost|p2a: Necrozma|spe|1
|
|upkeep
|turn|6
|
|t:|1636875835
|move|p2a: Necrozma|Stone Edge|p1a: Magnezone|[miss]
|-miss|p2a: Necrozma|p1a: Magnezone
|move|p1a: Magnezone|Magnet Rise|p1a: Magnezone
|-start|p1a: Magnezone|Magnet Rise
|
|upkeep
|turn|7
|
|t:|1636875839
|move|p2a: Necrozma|Stone Edge|p1a: Magnezone
|-resisted|p1a: Magnezone
|-crit|p1a: Magnezone
|-damage|p1a: Magnezone|57/100
|-enditem|p1a: Magnezone|Air Balloon
|move|p1a: Magnezone|Iron Defense|p1a: Magnezone
|-boost|p1a: Magnezone|def|2
|
|upkeep
|turn|8
|
|t:|1636875849
|move|p2a: Necrozma|Dragon Dance|p2a: Necrozma
|-boost|p2a: Necrozma|atk|1
|-boost|p2a: Necrozma|spe|1
|move|p1a: Magnezone|Body Press|p2a: Necrozma
|-damage|p2a: Necrozma|59/100
|
|upkeep
|turn|9
|
|t:|1636875859
|move|p2a: Necrozma|Stone Edge|p1a: Magnezone|[miss]
|-miss|p2a: Necrozma|p1a: Magnezone
|move|p1a: Magnezone|Body Press|p2a: Necrozma
|-damage|p2a: Necrozma|14/100
|
|upkeep
|turn|10
|
|t:|1636875861
|move|p2a: Necrozma|Stone Edge|p1a: Magnezone|[miss]
|-miss|p2a: Necrozma|p1a: Magnezone
|move|p1a: Magnezone|Body Press|p2a: Necrozma
|-damage|p2a: Necrozma|0 fnt
|faint|p2a: Necrozma
|
|-end|p1a: Magnezone|Magnet Rise
|upkeep
|c|☆Stallion|jesus christ
|c|☆Stone Cold|Sorry :(
|c|☆Stallion|how are you gonna do an old friend like this?
|inactive|Stallion has 270 seconds left.
|
|t:|1636875907
|switch|p2a: Eternatus|Eternatus|100/100
|-ability|p2a: Eternatus|Pressure
|turn|11
|
|t:|1636875927
|move|p2a: Eternatus|Substitute|p2a: Eternatus
|-start|p2a: Eternatus|Substitute
|-damage|p2a: Eternatus|76/100
|move|p1a: Magnezone|Thunder Wave||[still]
|-fail|p1a: Magnezone
|
|upkeep
|turn|12
|
|t:|1636875933
|move|p2a: Eternatus|Flamethrower|p1a: Magnezone
|-supereffective|p1a: Magnezone
|-crit|p1a: Magnezone
|-damage|p1a: Magnezone|0 fnt
|faint|p1a: Magnezone
|
|upkeep
|
|t:|1636875952
|switch|p1a: Darmanitan|Darmanitan-Galar, M|13/100
|turn|13
|
|t:|1636875960
|move|p1a: Darmanitan|Icicle Crash|p2a: Eternatus
|-supereffective|p2a: Eternatus
|-end|p2a: Eternatus|Substitute
|move|p2a: Eternatus|Flamethrower|p1a: Darmanitan
|-supereffective|p1a: Darmanitan
|-damage|p1a: Darmanitan|0 fnt
|faint|p1a: Darmanitan
|
|upkeep
|
|t:|1636875968
|switch|p1a: Xerneas|Xerneas|100/100
|-ability|p1a: Xerneas|Fairy Aura
|turn|14
|
|t:|1636875977
|move|p2a: Eternatus|Meteor Beam||[still]
|-prepare|p2a: Eternatus|Meteor Beam
|-boost|p2a: Eternatus|spa|1
|-enditem|p2a: Eternatus|Power Herb
|-anim|p2a: Eternatus|Meteor Beam|p1a: Xerneas
|-damage|p1a: Xerneas|44/100
|move|p1a: Xerneas|Geomancy||[still]
|-prepare|p1a: Xerneas|Geomancy
|-enditem|p1a: Xerneas|Power Herb
|-anim|p1a: Xerneas|Geomancy|p1a: Xerneas
|-boost|p1a: Xerneas|spa|2
|-boost|p1a: Xerneas|spd|2
|-boost|p1a: Xerneas|spe|2
|
|upkeep
|turn|15
|
|t:|1636875984
|move|p1a: Xerneas|Moonblast|p2a: Eternatus
|-damage|p2a: Eternatus|0 fnt
|faint|p2a: Eternatus
|
|upkeep
|inactive|Stallion has 270 seconds left.
|
|t:|1636876022
|switch|p2a: Yveltal|Yveltal|100/100
|-ability|p2a: Yveltal|Dark Aura
|turn|16
|
|t:|1636876024
|move|p2a: Yveltal|Sucker Punch|p1a: Xerneas
|-resisted|p1a: Xerneas
|-damage|p1a: Xerneas|18/100
|-damage|p2a: Yveltal|91/100|[from] item: Life Orb
|move|p1a: Xerneas|Moonblast|p2a: Yveltal
|-supereffective|p2a: Yveltal
|-damage|p2a: Yveltal|0 fnt
|faint|p2a: Yveltal
|
|upkeep
|inactive|Stallion has 270 seconds left.
|
|t:|1636876031
|switch|p2a: Marshadow|Marshadow|91/100
|turn|17
|
|t:|1636876034
|move|p2a: Marshadow|Shadow Sneak|p1a: Xerneas
|-damage|p1a: Xerneas|0 fnt
|faint|p1a: Xerneas
|-damage|p2a: Marshadow|81/100|[from] item: Life Orb
|
|upkeep
|inactive|Stone Cold has 270 seconds left.
|
|t:|1636876068
|switch|p1a: Eternatus|Eternatus|100/100
|-ability|p1a: Eternatus|Pressure
|turn|18
|
|t:|1636876088
|switch|p2a: Xerneas|Xerneas|100/100
|-ability|p2a: Xerneas|Fairy Aura
|move|p1a: Eternatus|Meteor Beam||[still]
|-prepare|p1a: Eternatus|Meteor Beam
|-boost|p1a: Eternatus|spa|1
|
|upkeep
|turn|19
|
|t:|1636876097
|move|p1a: Eternatus|Meteor Beam|p2a: Xerneas|[from]lockedmove
|-damage|p2a: Xerneas|55/100
|move|p2a: Xerneas|Geomancy||[still]
|-prepare|p2a: Xerneas|Geomancy
|-enditem|p2a: Xerneas|Power Herb
|-anim|p2a: Xerneas|Geomancy|p2a: Xerneas
|-boost|p2a: Xerneas|spa|2
|-boost|p2a: Xerneas|spd|2
|-boost|p2a: Xerneas|spe|2
|
|upkeep
|turn|20
|
|t:|1636876103
|move|p2a: Xerneas|Moonblast|p1a: Eternatus
|-damage|p1a: Eternatus|0 fnt
|faint|p1a: Eternatus
|
|upkeep
|
|t:|1636876106
|switch|p1a: Necrozma|Necrozma-Dusk-Mane|100/100
|turn|21
|
|t:|1636876112
|move|p2a: Xerneas|Thunder|p1a: Necrozma
|-damage|p1a: Necrozma|47/100
|move|p1a: Necrozma|Sunsteel Strike|p2a: Xerneas
|-supereffective|p2a: Xerneas
|-damage|p2a: Xerneas|0 fnt
|faint|p2a: Xerneas
|
|-heal|p1a: Necrozma|53/100|[from] item: Leftovers
|upkeep
|
|t:|1636876117
|switch|p2a: Marshadow|Marshadow|81/100
|turn|22
|
|t:|1636876128
|move|p2a: Marshadow|Bulk Up|p2a: Marshadow
|-boost|p2a: Marshadow|atk|1
|-boost|p2a: Marshadow|def|1
|move|p1a: Necrozma|Sunsteel Strike|p2a: Marshadow
|-damage|p2a: Marshadow|34/100
|
|-heal|p1a: Necrozma|59/100|[from] item: Leftovers
|upkeep
|turn|23
|
|t:|1636876133
|move|p2a: Marshadow|Spectral Thief|p1a: Necrozma
|-supereffective|p1a: Necrozma
|-damage|p1a: Necrozma|0 fnt
|faint|p1a: Necrozma
|-damage|p2a: Marshadow|24/100|[from] item: Life Orb
|
|upkeep
|
|t:|1636876138
|switch|p1a: Yveltal|Yveltal|100/100
|-ability|p1a: Yveltal|Dark Aura
|turn|24
|
|t:|1636876145
|move|p1a: Yveltal|Sucker Punch|p2a: Marshadow
|-damage|p2a: Marshadow|0 fnt
|faint|p2a: Marshadow
|
|win|Stone Cold
|c|☆Stallion|Man
|c|☆Stone Cold|sorry for the hax man 
|c|☆Stallion|That's legit the single most frustrating game I've played
|c|☆Stallion|in years
|c|☆Stallion|gg i guess
|c|☆Stone Cold|gg :(
