|inactive|Battle timer is ON: inactive players will automatically lose when time's up.
|t:|1665338682
|gametype|singles
|player|p1|Exiline|#scl2islanders|
|player|p2|Fc ❤|#lcplxiskittycommittee|
|teamsize|p1|6
|teamsize|p2|6
|gen|8
|tier|[Gen 8] Ubers
|rule|Sleep Clause Mod: Limit one foe put to sleep
|rule|Species Clause: Limit one of each Pokémon
|rule|OHKO Clause: OHKO moves are banned
|rule|Evasion Items Clause: Evasion items are banned
|rule|Evasion Moves Clause: Evasion moves are banned
|rule|Endless Battle Clause: Forcing endless battles is banned
|rule|HP Percentage Mod: HP is shown in percentages
|rule|Dynamax Clause: You cannot dynamax
|clearpoke
|poke|p1|Lunala|
|poke|p1|Groudon|
|poke|p1|Yveltal|
|poke|p1|Eternatus|
|poke|p1|Necrozma-Dusk-Mane|
|poke|p1|Urshifu-*, M|
|poke|p2|Yveltal|
|poke|p2|Kyogre|
|poke|p2|Necrozma-Dusk-Mane|
|poke|p2|Eternatus|
|poke|p2|Landorus-Therian, M|
|poke|p2|Ho-Oh|
|teampreview
|raw|<div class="broadcast-red"><strong>Moderated chat was set to ☆!</strong><br />Only users of rank ☆ and higher can talk.</div>
|c|☆Exiline|h_f
|c|☆Fc ❤|hf
|inactive|Exiline has 270 seconds left.
|inactive|Fc ❤ has 270 seconds left.
|
|t:|1665338728
|start
|switch|p1a: Yveltal|Yveltal|100/100
|switch|p2a: Landorus|Landorus-Therian, M|100/100
|-ability|p1a: Yveltal|Dark Aura
|-ability|p2a: Landorus|Intimidate|boost
|-unboost|p1a: Yveltal|atk|1
|turn|1
|
|t:|1665338734
|move|p1a: Yveltal|Taunt|p2a: Landorus
|-start|p2a: Landorus|move: Taunt
|cant|p2a: Landorus|move: Taunt|Toxic
|
|upkeep
|turn|2
|
|t:|1665338739
|switch|p2a: Eternatus|Eternatus|100/100
|-ability|p2a: Eternatus|Pressure
|move|p1a: Yveltal|Knock Off|p2a: Eternatus
|-damage|p2a: Eternatus|69/100
|-enditem|p2a: Eternatus|Haban Berry|[from] move: Knock Off|[of] p1a: Yveltal
|
|upkeep
|turn|3
|
|t:|1665338747
|switch|p1a: Necrozma|Necrozma-Dusk-Mane|100/100
|move|p2a: Eternatus|Recover|p2a: Eternatus
|-heal|p2a: Eternatus|100/100
|
|upkeep
|turn|4
|
|t:|1665338759
|switch|p2a: Landorus|Landorus-Therian, M|100/100
|-ability|p2a: Landorus|Intimidate|boost
|-unboost|p1a: Necrozma|atk|1
|move|p1a: Necrozma|Dragon Dance|p1a: Necrozma
|-boost|p1a: Necrozma|atk|1
|-boost|p1a: Necrozma|spe|1
|
|upkeep
|turn|5
|
|t:|1665338765
|switch|p1a: Yveltal|Yveltal|100/100
|-ability|p1a: Yveltal|Dark Aura
|move|p2a: Landorus|Earthquake|p1a: Yveltal
|-immune|p1a: Yveltal
|
|upkeep
|turn|6
|
|t:|1665338770
|move|p1a: Yveltal|Knock Off|p2a: Landorus
|-damage|p2a: Landorus|65/100
|-enditem|p2a: Landorus|Leftovers|[from] move: Knock Off|[of] p1a: Yveltal
|move|p2a: Landorus|U-turn|p1a: Yveltal
|-damage|p1a: Yveltal|83/100
|
|t:|1665338772
|switch|p2a: Ho-Oh|Ho-Oh|100/100|[from]move: U-turn
|
|upkeep
|turn|7
|
|t:|1665338776
|switch|p1a: Eternatus|Eternatus|100/100
|-ability|p1a: Eternatus|Pressure
|move|p2a: Ho-Oh|Brave Bird|p1a: Eternatus
|-damage|p1a: Eternatus|50/100
|-damage|p2a: Ho-Oh|81/100|[from] Recoil
|
|-heal|p1a: Eternatus|56/100|[from] item: Black Sludge
|upkeep
|turn|8
|
|t:|1665338805
|switch|p2a: Necrozma|Necrozma-Dusk-Mane|100/100
|move|p1a: Eternatus|Toxic|p2a: Necrozma
|-immune|p2a: Necrozma
|
|-heal|p1a: Eternatus|62/100|[from] item: Black Sludge
|upkeep
|turn|9
|
|t:|1665338809
|switch|p1a: Groudon|Groudon|100/100
|-weather|SunnyDay|[from] ability: Drought|[of] p1a: Groudon
|move|p2a: Necrozma|Knock Off|p1a: Groudon
|-damage|p1a: Groudon|79/100
|-enditem|p1a: Groudon|Leftovers|[from] move: Knock Off|[of] p2a: Necrozma
|
|-weather|SunnyDay|[upkeep]
|upkeep
|turn|10
|
|t:|1665338813
|switch|p2a: Landorus|Landorus-Therian, M|65/100
|-ability|p2a: Landorus|Intimidate|boost
|-unboost|p1a: Groudon|atk|1
|move|p1a: Groudon|Stealth Rock|p2a: Landorus
|-sidestart|p2: Fc ❤|move: Stealth Rock
|
|-weather|SunnyDay|[upkeep]
|upkeep
|turn|11
|
|t:|1665338821
|move|p1a: Groudon|Swords Dance|p1a: Groudon
|-boost|p1a: Groudon|atk|2
|move|p2a: Landorus|Stealth Rock|p1a: Groudon
|-sidestart|p1: Exiline|move: Stealth Rock
|
|-weather|SunnyDay|[upkeep]
|upkeep
|turn|12
|
|t:|1665338825
|move|p1a: Groudon|Stone Edge|p2a: Landorus
|-damage|p2a: Landorus|19/100
|move|p2a: Landorus|U-turn|p1a: Groudon
|-damage|p1a: Groudon|66/100
|
|t:|1665338834
|switch|p2a: Kyogre|Kyogre|100/100|[from]move: U-turn
|-damage|p2a: Kyogre|88/100|[from] Stealth Rock
|-weather|RainDance|[from] ability: Drizzle|[of] p2a: Kyogre
|
|-weather|RainDance|[upkeep]
|-heal|p2a: Kyogre|94/100|[from] item: Leftovers
|upkeep
|turn|13
|
|t:|1665338840
|switch|p1a: Eternatus|Eternatus|62/100
|-damage|p1a: Eternatus|50/100|[from] Stealth Rock
|-ability|p1a: Eternatus|Pressure
|move|p2a: Kyogre|Surf|p1a: Eternatus
|-resisted|p1a: Eternatus
|-damage|p1a: Eternatus|25/100
|
|-weather|RainDance|[upkeep]
|-heal|p1a: Eternatus|32/100|[from] item: Black Sludge
|-heal|p2a: Kyogre|100/100|[from] item: Leftovers
|upkeep
|turn|14
|
|t:|1665338844
|switch|p2a: Necrozma|Necrozma-Dusk-Mane|100/100
|-damage|p2a: Necrozma|94/100|[from] Stealth Rock
|move|p1a: Eternatus|Recover|p1a: Eternatus
|-heal|p1a: Eternatus|82/100
|
|-weather|RainDance|[upkeep]
|-heal|p1a: Eternatus|88/100|[from] item: Black Sludge
|-heal|p2a: Necrozma|100/100|[from] item: Leftovers
|upkeep
|turn|15
|
|t:|1665338851
|switch|p1a: Groudon|Groudon|66/100
|-damage|p1a: Groudon|60/100|[from] Stealth Rock
|-weather|SunnyDay|[from] ability: Drought|[of] p1a: Groudon
|move|p2a: Necrozma|Dragon Dance|p2a: Necrozma
|-boost|p2a: Necrozma|atk|1
|-boost|p2a: Necrozma|spe|1
|
|-weather|SunnyDay|[upkeep]
|upkeep
|turn|16
|
|t:|1665338855
|move|p2a: Necrozma|Sunsteel Strike|p1a: Groudon
|-damage|p1a: Groudon|7/100
|move|p1a: Groudon|Precipice Blades|p2a: Necrozma
|-supereffective|p2a: Necrozma
|-damage|p2a: Necrozma|23/100
|
|-weather|SunnyDay|[upkeep]
|-heal|p2a: Necrozma|29/100|[from] item: Leftovers
|upkeep
|turn|17
|
|t:|1665338860
|move|p2a: Necrozma|Knock Off|p1a: Groudon
|-damage|p1a: Groudon|0 fnt
|faint|p1a: Groudon
|
|-weather|SunnyDay|[upkeep]
|-heal|p2a: Necrozma|35/100|[from] item: Leftovers
|upkeep
|inactive|Exiline has 270 seconds left.
|inactive|Exiline has 240 seconds left.
|
|t:|1665338945
|switch|p1a: Lunala|Lunala|100/100
|turn|18
|
|t:|1665338957
|move|p2a: Necrozma|Knock Off|p1a: Lunala
|-supereffective|p1a: Lunala
|-damage|p1a: Lunala|25/100
|-enditem|p1a: Lunala|Heavy-Duty Boots|[from] move: Knock Off|[of] p2a: Necrozma
|move|p1a: Lunala|Thunder Wave|p2a: Necrozma
|-status|p2a: Necrozma|par
|
|-weather|SunnyDay|[upkeep]
|-heal|p2a: Necrozma|41/100 par|[from] item: Leftovers
|upkeep
|turn|19
|
|t:|1665338962
|switch|p2a: Eternatus|Eternatus|100/100
|-damage|p2a: Eternatus|88/100|[from] Stealth Rock
|-ability|p2a: Eternatus|Pressure
|move|p1a: Lunala|Hex|p2a: Eternatus
|-damage|p2a: Eternatus|70/100
|
|-weather|none
|upkeep
|turn|20
|inactive|Exiline has 240 seconds left.
|
|t:|1665338973
|switch|p1a: Necrozma|Necrozma-Dusk-Mane|100/100
|-damage|p1a: Necrozma|94/100|[from] Stealth Rock
|move|p2a: Eternatus|Flamethrower|p1a: Necrozma
|-supereffective|p1a: Necrozma
|-damage|p1a: Necrozma|66/100
|
|upkeep
|turn|21
|
|t:|1665338979
|switch|p2a: Ho-Oh|Ho-Oh|100/100
|move|p1a: Necrozma|Morning Sun|p1a: Necrozma
|-heal|p1a: Necrozma|100/100
|
|upkeep
|turn|22
|
|t:|1665338988
|switch|p1a: Eternatus|Eternatus|88/100
|-damage|p1a: Eternatus|75/100|[from] Stealth Rock
|-ability|p1a: Eternatus|Pressure
|move|p2a: Ho-Oh|Defog|p1a: Eternatus
|-unboost|p1a: Eternatus|evasion|1
|-sideend|p1: Exiline|Stealth Rock|[from] move: Defog|[of] p2a: Ho-Oh
|-sideend|p2: Fc ❤|Stealth Rock|[from] move: Defog|[of] p2a: Ho-Oh
|
|-heal|p1a: Eternatus|82/100|[from] item: Black Sludge
|upkeep
|turn|23
|
|t:|1665338996
|move|p1a: Eternatus|Draco Meteor|p2a: Ho-Oh
|-damage|p2a: Ho-Oh|68/100
|-unboost|p1a: Eternatus|spa|2
|move|p2a: Ho-Oh|Brave Bird|p1a: Eternatus
|-damage|p1a: Eternatus|34/100
|-damage|p2a: Ho-Oh|50/100|[from] Recoil
|
|-heal|p1a: Eternatus|41/100|[from] item: Black Sludge
|upkeep
|turn|24
|
|t:|1665339001
|move|p1a: Eternatus|Recover|p1a: Eternatus
|-heal|p1a: Eternatus|91/100
|move|p2a: Ho-Oh|Brave Bird|p1a: Eternatus
|-damage|p1a: Eternatus|40/100
|-damage|p2a: Ho-Oh|31/100|[from] Recoil
|
|-heal|p1a: Eternatus|46/100|[from] item: Black Sludge
|upkeep
|turn|25
|
|t:|1665339004
|switch|p2a: Necrozma|Necrozma-Dusk-Mane|41/100 par
|move|p1a: Eternatus|Recover|p1a: Eternatus
|-heal|p1a: Eternatus|96/100
|
|-heal|p1a: Eternatus|100/100|[from] item: Black Sludge
|-heal|p2a: Necrozma|47/100 par|[from] item: Leftovers
|upkeep
|turn|26
|
|t:|1665339012
|switch|p1a: Lunala|Lunala|25/100
|switch|p2a: Eternatus|Eternatus|70/100
|-ability|p2a: Eternatus|Pressure
|
|upkeep
|turn|27
|
|t:|1665339016
|switch|p1a: Necrozma|Necrozma-Dusk-Mane|100/100
|move|p2a: Eternatus|Dynamax Cannon|p1a: Necrozma
|-resisted|p1a: Necrozma
|-damage|p1a: Necrozma|84/100
|
|upkeep
|turn|28
|
|t:|1665339020
|switch|p2a: Ho-Oh|Ho-Oh|64/100
|move|p1a: Necrozma|Dragon Dance|p1a: Necrozma
|-boost|p1a: Necrozma|atk|1
|-boost|p1a: Necrozma|spe|1
|
|upkeep
|turn|29
|
|t:|1665339028
|switch|p2a: Landorus|Landorus-Therian, M|19/100
|-ability|p2a: Landorus|Intimidate|boost
|-unboost|p1a: Necrozma|atk|1
|move|p1a: Necrozma|Stone Edge|p2a: Landorus
|-damage|p2a: Landorus|0 fnt
|faint|p2a: Landorus
|
|upkeep
|
|t:|1665339031
|switch|p2a: Kyogre|Kyogre|100/100
|-weather|RainDance|[from] ability: Drizzle|[of] p2a: Kyogre
|turn|30
|
|t:|1665339034
|switch|p1a: Eternatus|Eternatus|100/100
|-ability|p1a: Eternatus|Pressure
|move|p2a: Kyogre|Thunder Wave|p1a: Eternatus|[miss]
|-miss|p2a: Kyogre|p1a: Eternatus
|
|-weather|RainDance|[upkeep]
|upkeep
|turn|31
|
|t:|1665339039
|switch|p1a: Lunala|Lunala|25/100
|move|p2a: Kyogre|Thunder Wave|p1a: Lunala
|-status|p1a: Lunala|par
|
|-weather|RainDance|[upkeep]
|upkeep
|turn|32
|
|t:|1665339043
|switch|p1a: Eternatus|Eternatus|100/100
|-ability|p1a: Eternatus|Pressure
|move|p2a: Kyogre|Substitute|p2a: Kyogre
|-start|p2a: Kyogre|Substitute
|-damage|p2a: Kyogre|75/100
|
|-weather|RainDance|[upkeep]
|-heal|p2a: Kyogre|82/100|[from] item: Leftovers
|upkeep
|turn|33
|
|t:|1665339048
|switch|p1a: Yveltal|Yveltal|83/100
|-ability|p1a: Yveltal|Dark Aura
|move|p2a: Kyogre|Thunder Wave|p1a: Yveltal
|-status|p1a: Yveltal|par
|
|-weather|RainDance|[upkeep]
|-heal|p2a: Kyogre|88/100|[from] item: Leftovers
|upkeep
|turn|34
|
|t:|1665339050
|move|p2a: Kyogre|Surf|p1a: Yveltal
|-damage|p1a: Yveltal|37/100 par
|move|p1a: Yveltal|Knock Off|p2a: Kyogre
|-end|p2a: Kyogre|Substitute
|
|-weather|none
|-heal|p2a: Kyogre|94/100|[from] item: Leftovers
|upkeep
|turn|35
|
|t:|1665339056
|move|p2a: Kyogre|Substitute|p2a: Kyogre
|-start|p2a: Kyogre|Substitute
|-damage|p2a: Kyogre|69/100
|move|p1a: Yveltal|Roost|p1a: Yveltal
|-heal|p1a: Yveltal|87/100 par
|-singleturn|p1a: Yveltal|move: Roost
|
|-heal|p2a: Kyogre|75/100|[from] item: Leftovers
|upkeep
|turn|36
|
|t:|1665339058
|move|p2a: Kyogre|Calm Mind|p2a: Kyogre
|-boost|p2a: Kyogre|spa|1
|-boost|p2a: Kyogre|spd|1
|move|p1a: Yveltal|Knock Off|p2a: Kyogre
|-end|p2a: Kyogre|Substitute
|
|-heal|p2a: Kyogre|81/100|[from] item: Leftovers
|upkeep
|turn|37
|
|t:|1665339064
|switch|p2a: Eternatus|Eternatus|70/100
|-ability|p2a: Eternatus|Pressure
|move|p1a: Yveltal|Knock Off|p2a: Eternatus
|-crit|p2a: Eternatus
|-damage|p2a: Eternatus|26/100
|
|upkeep
|turn|38
|
|t:|1665339070
|switch|p1a: Necrozma|Necrozma-Dusk-Mane|84/100
|move|p2a: Eternatus|Recover|p2a: Eternatus
|-heal|p2a: Eternatus|76/100
|
|upkeep
|turn|39
|
|t:|1665339079
|switch|p2a: Kyogre|Kyogre|81/100
|-weather|RainDance|[from] ability: Drizzle|[of] p2a: Kyogre
|switch|p1a: Urshifu|Urshifu, M|100/100
|
|-weather|RainDance|[upkeep]
|-heal|p2a: Kyogre|88/100|[from] item: Leftovers
|upkeep
|turn|40
|
|t:|1665339088
|switch|p2a: Necrozma|Necrozma-Dusk-Mane|47/100 par
|move|p1a: Urshifu|Wicked Blow|p2a: Necrozma
|-supereffective|p2a: Necrozma
|-crit|p2a: Necrozma
|-damage|p2a: Necrozma|0 fnt
|faint|p2a: Necrozma
|
|-weather|RainDance|[upkeep]
|upkeep
|
|t:|1665339091
|switch|p2a: Ho-Oh|Ho-Oh|97/100
|turn|41
|
|t:|1665339094
|switch|p1a: Eternatus|Eternatus|100/100
|-ability|p1a: Eternatus|Pressure
|move|p2a: Ho-Oh|Brave Bird|p1a: Eternatus
|-damage|p1a: Eternatus|55/100
|-damage|p2a: Ho-Oh|80/100|[from] Recoil
|
|-weather|RainDance|[upkeep]
|-heal|p1a: Eternatus|61/100|[from] item: Black Sludge
|upkeep
|turn|42
|
|t:|1665339100
|switch|p2a: Kyogre|Kyogre|88/100
|move|p1a: Eternatus|Recover|p1a: Eternatus
|-heal|p1a: Eternatus|100/100
|
|-weather|RainDance|[upkeep]
|-heal|p2a: Kyogre|94/100|[from] item: Leftovers
|upkeep
|turn|43
|
|t:|1665339103
|move|p1a: Eternatus|Toxic|p2a: Kyogre
|-status|p2a: Kyogre|tox
|move|p2a: Kyogre|Thunder Wave|p1a: Eternatus
|-status|p1a: Eternatus|par
|
|-weather|none
|-heal|p2a: Kyogre|99/100 tox|[from] item: Leftovers
|-damage|p2a: Kyogre|94/100 tox|[from] psn
|upkeep
|turn|44
|
|t:|1665339109
|switch|p2a: Ho-Oh|Ho-Oh|100/100
|switch|p1a: Yveltal|Yveltal|87/100 par
|-ability|p1a: Yveltal|Dark Aura
|
|upkeep
|turn|45
|
|t:|1665339115
|switch|p2a: Eternatus|Eternatus|76/100
|-ability|p2a: Eternatus|Pressure
|move|p1a: Yveltal|Roost|p1a: Yveltal
|-heal|p1a: Yveltal|100/100 par
|-singleturn|p1a: Yveltal|move: Roost
|
|upkeep
|turn|46
|
|t:|1665339118
|move|p2a: Eternatus|Flamethrower|p1a: Yveltal
|-damage|p1a: Yveltal|84/100 par
|move|p1a: Yveltal|Knock Off|p2a: Eternatus
|-damage|p2a: Eternatus|45/100
|
|upkeep
|turn|47
|
|t:|1665339125
|switch|p1a: Necrozma|Necrozma-Dusk-Mane|84/100
|move|p2a: Eternatus|Recover|p2a: Eternatus
|-heal|p2a: Eternatus|95/100
|
|upkeep
|turn|48
|
|t:|1665339130
|move|p2a: Eternatus|Flamethrower|p1a: Necrozma
|-supereffective|p1a: Necrozma
|-damage|p1a: Necrozma|54/100
|move|p1a: Necrozma|Dragon Dance|p1a: Necrozma
|-boost|p1a: Necrozma|atk|1
|-boost|p1a: Necrozma|spe|1
|
|upkeep
|turn|49
|
|t:|1665339133
|switch|p2a: Kyogre|Kyogre|94/100 tox
|-weather|RainDance|[from] ability: Drizzle|[of] p2a: Kyogre
|move|p1a: Necrozma|Morning Sun|p1a: Necrozma
|-heal|p1a: Necrozma|79/100
|
|-weather|RainDance|[upkeep]
|-heal|p2a: Kyogre|99/100 tox|[from] item: Leftovers
|-damage|p2a: Kyogre|94/100 tox|[from] psn
|upkeep
|turn|50
|
|t:|1665339137
|switch|p1a: Eternatus|Eternatus|100/100 par
|-ability|p1a: Eternatus|Pressure
|move|p2a: Kyogre|Surf|p1a: Eternatus
|-resisted|p1a: Eternatus
|-damage|p1a: Eternatus|78/100 par
|
|-weather|RainDance|[upkeep]
|-heal|p2a: Kyogre|99/100 tox|[from] item: Leftovers
|-heal|p1a: Eternatus|85/100 par|[from] item: Black Sludge
|-damage|p2a: Kyogre|88/100 tox|[from] psn
|upkeep
|turn|51
|
|t:|1665339141
|switch|p2a: Ho-Oh|Ho-Oh|100/100
|move|p1a: Eternatus|Toxic|p2a: Ho-Oh
|-status|p2a: Ho-Oh|tox
|
|-weather|RainDance|[upkeep]
|-heal|p1a: Eternatus|91/100 par|[from] item: Black Sludge
|-damage|p2a: Ho-Oh|94/100 tox|[from] psn
|upkeep
|turn|52
|
|t:|1665339144
|move|p2a: Ho-Oh|Brave Bird|p1a: Eternatus
|-damage|p1a: Eternatus|46/100 par
|-damage|p2a: Ho-Oh|77/100 tox|[from] Recoil
|move|p1a: Eternatus|Recover|p1a: Eternatus
|-heal|p1a: Eternatus|96/100 par
|
|-weather|RainDance|[upkeep]
|-heal|p1a: Eternatus|100/100 par|[from] item: Black Sludge
|-damage|p2a: Ho-Oh|65/100 tox|[from] psn
|upkeep
|turn|53
|
|t:|1665339150
|switch|p2a: Eternatus|Eternatus|95/100
|-ability|p2a: Eternatus|Pressure
|move|p1a: Eternatus|Draco Meteor|p2a: Eternatus|[miss]
|-miss|p1a: Eternatus|p2a: Eternatus
|
|-weather|none
|upkeep
|turn|54
|
|t:|1665339157
|switch|p1a: Yveltal|Yveltal|84/100 par
|-ability|p1a: Yveltal|Dark Aura
|move|p2a: Eternatus|Dynamax Cannon|p1a: Yveltal
|-damage|p1a: Yveltal|57/100 par
|
|upkeep
|turn|55
|
|t:|1665339165
|switch|p2a: Yveltal|Yveltal|100/100
|-ability|p2a: Yveltal|Dark Aura
|move|p1a: Yveltal|Roost|p1a: Yveltal
|-heal|p1a: Yveltal|100/100 par
|-singleturn|p1a: Yveltal|move: Roost
|
|upkeep
|turn|56
|
|t:|1665339168
|move|p2a: Yveltal|Hone Claws|p2a: Yveltal
|-boost|p2a: Yveltal|atk|1
|-boost|p2a: Yveltal|accuracy|1
|cant|p1a: Yveltal|par
|
|upkeep
|turn|57
|
|t:|1665339174
|move|p2a: Yveltal|Hone Claws|p2a: Yveltal
|-boost|p2a: Yveltal|atk|1
|-boost|p2a: Yveltal|accuracy|1
|cant|p1a: Yveltal|par
|
|upkeep
|turn|58
|
|t:|1665339182
|switch|p1a: Lunala|Lunala|25/100 par
|move|p2a: Yveltal|Hone Claws|p2a: Yveltal
|-boost|p2a: Yveltal|atk|1
|-boost|p2a: Yveltal|accuracy|1
|
|upkeep
|turn|59
|
|t:|1665339184
|move|p2a: Yveltal|Knock Off|p1a: Lunala
|-supereffective|p1a: Lunala
|-damage|p1a: Lunala|0 fnt
|faint|p1a: Lunala
|
|upkeep
|
|t:|1665339186
|switch|p1a: Yveltal|Yveltal|100/100 par
|-ability|p1a: Yveltal|Dark Aura
|turn|60
|c|☆Exiline|s
|c|☆Exiline|fuck
|
|t:|1665339193
|move|p2a: Yveltal|Knock Off|p1a: Yveltal
|-resisted|p1a: Yveltal
|-damage|p1a: Yveltal|33/100 par
|-enditem|p1a: Yveltal|Heavy-Duty Boots|[from] move: Knock Off|[of] p2a: Yveltal
|move|p1a: Yveltal|Taunt|p2a: Yveltal
|-start|p2a: Yveltal|move: Taunt
|
|upkeep
|turn|61
|
|t:|1665339196
|move|p2a: Yveltal|Knock Off|p1a: Yveltal
|-resisted|p1a: Yveltal
|-damage|p1a: Yveltal|0 fnt
|faint|p1a: Yveltal
|
|upkeep
|
|t:|1665339198
|switch|p1a: Urshifu|Urshifu, M|100/100
|turn|62
|
|t:|1665339204
|move|p2a: Yveltal|Dual Wingbeat|p1a: Urshifu
|-supereffective|p1a: Urshifu
|-damage|p1a: Urshifu|2/100
|-supereffective|p1a: Urshifu
|-damage|p1a: Urshifu|0 fnt
|faint|p1a: Urshifu
|-hitcount|p1: Urshifu|2
|
|upkeep
|
|t:|1665339208
|switch|p1a: Eternatus|Eternatus|100/100 par
|-ability|p1a: Eternatus|Pressure
|turn|63
|
|t:|1665339216
|move|p2a: Yveltal|Knock Off|p1a: Eternatus
|-damage|p1a: Eternatus|0 fnt
|-enditem|p1a: Eternatus|Black Sludge|[from] move: Knock Off|[of] p2a: Yveltal
|faint|p1a: Eternatus
|
|-end|p2a: Yveltal|move: Taunt
|upkeep
|
|t:|1665339219
|switch|p1a: Necrozma|Necrozma-Dusk-Mane|79/100
|turn|64
|
|t:|1665339221
|move|p2a: Yveltal|Knock Off|p1a: Necrozma
|-supereffective|p1a: Necrozma
|-enditem|p1a: Necrozma|Colbur Berry|[eat]
|-enditem|p1a: Necrozma|Colbur Berry|[weaken]
|-damage|p1a: Necrozma|0 fnt
|faint|p1a: Necrozma
|
|win|Fc ❤
|c|☆Fc ❤|gg
