|inactive|Battle timer is ON: inactive players will automatically lose when time's up.
|t:|1668310086
|gametype|singles
|player|p1|SiTuM.|buck|
|player|p2|Aberforth|#aberforth|
|teamsize|p1|6
|teamsize|p2|6
|gen|8
|tier|[Gen 8] Ubers
|rule|Sleep Clause Mod: Limit one foe put to sleep
|rule|Species Clause: Limit one of each Pokémon
|rule|OHKO Clause: OHKO moves are banned
|rule|Evasion Items Clause: Evasion items are banned
|rule|Evasion Moves Clause: Evasion moves are banned
|rule|Endless Battle Clause: Forcing endless battles is banned
|rule|HP Percentage Mod: HP is shown in percentages
|rule|Dynamax Clause: You cannot dynamax
|clearpoke
|poke|p1|Groudon|
|poke|p1|Venusaur, F|
|poke|p1|Shiftry, F|
|poke|p1|Entei|
|poke|p1|Xatu, M|
|poke|p1|Blissey, F|
|poke|p2|Eternatus|
|poke|p2|Calyrex-Ice|
|poke|p2|Lunala|
|poke|p2|Blissey, F|
|poke|p2|Yveltal|
|poke|p2|Necrozma-Dusk-Mane|
|teampreview
|inactive|SiTuM. also wants the timer to be on.
|c|☆Aberforth|hf
|c|☆SiTuM.|have fun
|
|t:|1668310113
|start
|switch|p1a: Groudon|Groudon|100/100
|switch|p2a: Calyrex|Calyrex-Ice|100/100
|-ability|p2a: Calyrex|As One
|-ability|p2a: Calyrex|Unnerve
|-weather|SunnyDay|[from] ability: Drought|[of] p1a: Groudon
|turn|1
|
|t:|1668310121
|switch|p1a: Entei|Entei|100/100
|-ability|p1a: Entei|Pressure
|move|p2a: Calyrex|Trick Room|p2a: Calyrex
|-fieldstart|move: Trick Room|[of] p2a: Calyrex
|
|-weather|SunnyDay|[upkeep]
|upkeep
|turn|2
|
|t:|1668310127
|move|p2a: Calyrex|High Horsepower|p1a: Entei
|-supereffective|p1a: Entei
|-damage|p1a: Entei|1/100
|move|p1a: Entei|Sacred Fire|p2a: Calyrex
|-supereffective|p2a: Calyrex
|-damage|p2a: Calyrex|0 fnt
|faint|p2a: Calyrex
|
|-weather|SunnyDay|[upkeep]
|upkeep
|c|☆SiTuM.|easy
|
|t:|1668310138
|switch|p2a: Necrozma|Necrozma-Dusk-Mane|100/100
|turn|3
|
|t:|1668310141
|switch|p1a: Xatu|Xatu, M|100/100
|move|p2a: Necrozma|Knock Off|p1a: Xatu
|-supereffective|p1a: Xatu
|-damage|p1a: Xatu|24/100
|-damage|p2a: Necrozma|84/100|[from] item: Rocky Helmet|[of] p1a: Xatu
|-enditem|p1a: Xatu|Rocky Helmet|[from] move: Knock Off|[of] p2a: Necrozma
|
|-weather|SunnyDay|[upkeep]
|upkeep
|turn|4
|
|t:|1668310147
|switch|p1a: Groudon|Groudon|100/100
|move|p2a: Necrozma|Knock Off|p1a: Groudon
|-damage|p1a: Groudon|80/100
|-enditem|p1a: Groudon|Heat Rock|[from] move: Knock Off|[of] p2a: Necrozma
|
|-weather|SunnyDay|[upkeep]
|upkeep
|turn|5
|
|t:|1668310152
|move|p2a: Necrozma|Sunsteel Strike|p1a: Groudon
|-damage|p1a: Groudon|49/100
|move|p1a: Groudon|Stealth Rock|p2a: Necrozma
|-sidestart|p2: Aberforth|move: Stealth Rock
|
|-weather|SunnyDay|[upkeep]
|-fieldend|move: Trick Room
|upkeep
|turn|6
|
|t:|1668310155
|move|p1a: Groudon|Precipice Blades|p2a: Necrozma|[miss]
|-miss|p1a: Groudon|p2a: Necrozma
|move|p2a: Necrozma|Trick Room|p2a: Necrozma
|-fieldstart|move: Trick Room|[of] p2a: Necrozma
|
|-weather|SunnyDay|[upkeep]
|upkeep
|turn|7
|
|t:|1668310161
|move|p2a: Necrozma|Swords Dance|p2a: Necrozma
|-boost|p2a: Necrozma|atk|2
|move|p1a: Groudon|Rest|p1a: Groudon
|-status|p1a: Groudon|slp|[from] move: Rest
|-heal|p1a: Groudon|100/100 slp|[silent]
|
|-weather|SunnyDay|[upkeep]
|upkeep
|turn|8
|
|t:|1668310169
|cant|p1a: Groudon|slp
|move|p2a: Necrozma|Trick Room|p2a: Necrozma
|-fieldend|move: Trick Room
|
|-weather|none
|upkeep
|turn|9
|
|t:|1668310174
|cant|p1a: Groudon|slp
|move|p2a: Necrozma|Trick Room|p2a: Necrozma
|-fieldstart|move: Trick Room|[of] p2a: Necrozma
|
|upkeep
|turn|10
|
|t:|1668310177
|move|p2a: Necrozma|Sunsteel Strike|p1a: Groudon
|-damage|p1a: Groudon|37/100 slp
|-curestatus|p1a: Groudon|slp|[msg]
|move|p1a: Groudon|Precipice Blades|p2a: Necrozma|[miss]
|-miss|p1a: Groudon|p2a: Necrozma
|
|upkeep
|turn|11
|c|☆SiTuM.|STOP MISSING
|c|☆Aberforth|I HAVE A POLICY
|c|☆SiTuM.|I HAVE A SASH SHIFTRY
|c|☆Aberforth|YOU COUNTERTEAMER
|c|☆SiTuM.|indeed
|inactive|SiTuM. has 270 seconds left.
|
|t:|1668310210
|switch|p1a: Entei|Entei|1/100
|-ability|p1a: Entei|Pressure
|move|p2a: Necrozma|Sunsteel Strike|p1a: Entei
|-resisted|p1a: Entei
|-damage|p1a: Entei|0 fnt
|faint|p1a: Entei
|
|upkeep
|
|t:|1668310214
|switch|p1a: Xatu|Xatu, M|24/100
|turn|12
|c|☆Aberforth|pay no attention to regieleki zekrom into rain btw
|
|t:|1668310222
|move|p2a: Necrozma|Knock Off|p1a: Xatu
|-supereffective|p1a: Xatu
|-damage|p1a: Xatu|0 fnt
|faint|p1a: Xatu
|
|upkeep
|
|t:|1668310224
|switch|p1a: Groudon|Groudon|37/100
|-weather|SunnyDay|[from] ability: Drought|[of] p1a: Groudon
|turn|13
|
|t:|1668310228
|move|p2a: Necrozma|Sunsteel Strike|p1a: Groudon
|-damage|p1a: Groudon|0 fnt
|faint|p1a: Groudon
|
|-weather|SunnyDay|[upkeep]
|-fieldend|move: Trick Room
|upkeep
|
|t:|1668310229
|switch|p1a: Shiftry|Shiftry, F|100/100
|turn|14
|
|t:|1668310232
|move|p1a: Shiftry|Growth|p1a: Shiftry
|-boost|p1a: Shiftry|atk|2
|-boost|p1a: Shiftry|spa|2
|move|p2a: Necrozma|Sunsteel Strike|p1a: Shiftry
|-enditem|p1a: Shiftry|Focus Sash
|-damage|p1a: Shiftry|1/100
|
|-weather|SunnyDay|[upkeep]
|upkeep
|turn|15
|
|t:|1668310235
|move|p1a: Shiftry|Knock Off|p2a: Necrozma
|-supereffective|p2a: Necrozma
|-damage|p2a: Necrozma|0 fnt
|-enditem|p2a: Necrozma|Weakness Policy|[from] move: Knock Off|[of] p1a: Shiftry
|faint|p2a: Necrozma
|
|-weather|SunnyDay|[upkeep]
|upkeep
|
|t:|1668310238
|switch|p2a: Yveltal|Yveltal|100/100
|-ability|p2a: Yveltal|Dark Aura
|turn|16
|
|t:|1668310240
|move|p2a: Yveltal|Sucker Punch|p1a: Shiftry
|-resisted|p1a: Shiftry
|-damage|p1a: Shiftry|0 fnt
|faint|p1a: Shiftry
|
|-weather|SunnyDay|[upkeep]
|upkeep
|
|t:|1668310242
|switch|p1a: Venusaur|Venusaur, F|100/100
|turn|17
|
|t:|1668310245
|move|p2a: Yveltal|Sucker Punch||[still]
|-fail|p2a: Yveltal
|move|p1a: Venusaur|Growth|p1a: Venusaur
|-boost|p1a: Venusaur|atk|2
|-boost|p1a: Venusaur|spa|2
|
|-weather|none
|upkeep
|turn|18
|c|☆SiTuM.|never lucky
|
|t:|1668310252
|move|p2a: Yveltal|Foul Play|p1a: Venusaur
|-damage|p1a: Venusaur|32/100
|move|p1a: Venusaur|Weather Ball|p2a: Yveltal
|-damage|p2a: Yveltal|73/100
|-damage|p1a: Venusaur|22/100|[from] item: Life Orb
|
|upkeep
|turn|19
|-message|SiTuM. forfeited.
|
|win|Aberforth
