|inactive|Battle timer is ON: inactive players will automatically lose when time's up.
|t:|1665852017
|gametype|singles
|player|p1|zf|backpacker|
|player|p2|Exiline|#splxiiicryonicles|
|teamsize|p1|6
|teamsize|p2|6
|gen|8
|tier|[Gen 8] Ubers
|rule|Sleep Clause Mod: Limit one foe put to sleep
|rule|Species Clause: Limit one of each Pokémon
|rule|OHKO Clause: OHKO moves are banned
|rule|Evasion Items Clause: Evasion items are banned
|rule|Evasion Moves Clause: Evasion moves are banned
|rule|Endless Battle Clause: Forcing endless battles is banned
|rule|HP Percentage Mod: HP is shown in percentages
|rule|Dynamax Clause: You cannot dynamax
|clearpoke
|poke|p1|Magnezone|
|poke|p1|Necrozma-Dusk-Mane|
|poke|p1|Xerneas-*|
|poke|p1|Darmanitan-Galar, M|
|poke|p1|Yveltal|
|poke|p1|Eternatus|
|poke|p2|Shuckle, M|
|poke|p2|Weavile, F|
|poke|p2|Yveltal|
|poke|p2|Necrozma-Dusk-Mane|
|poke|p2|Xerneas-*|
|poke|p2|Zekrom|
|teampreview
|c|☆zf|my first SS game xD
|inactive|zf has 270 seconds left.
|
|t:|1665852050
|start
|switch|p1a: Eternatus|Eternatus|100/100
|switch|p2a: Shuckle|Shuckle, M|100/100
|-ability|p1a: Eternatus|Pressure
|turn|1
|
|t:|1665852057
|move|p1a: Eternatus|Meteor Beam||[still]
|-prepare|p1a: Eternatus|Meteor Beam
|-boost|p1a: Eternatus|spa|1
|-enditem|p1a: Eternatus|Power Herb
|-anim|p1a: Eternatus|Meteor Beam|p2a: Shuckle
|-supereffective|p2a: Shuckle
|-damage|p2a: Shuckle|5/100
|-enditem|p2a: Shuckle|Red Card|[of] p1a: Eternatus
|drag|p1a: Necrozma|Necrozma-Dusk-Mane|100/100
|move|p2a: Shuckle|Sticky Web|p1a: Necrozma
|-sidestart|p1: zf|move: Sticky Web
|
|upkeep
|turn|2
|c|☆zf|wtf...
|
|t:|1665852073
|move|p1a: Necrozma|Stealth Rock|p2a: Shuckle
|-sidestart|p2: Exiline|move: Stealth Rock
|move|p2a: Shuckle|Final Gambit|p1a: Necrozma
|-damage|p1a: Necrozma|97/100
|faint|p2a: Shuckle
|
|-heal|p1a: Necrozma|100/100|[from] item: Leftovers
|upkeep
|
|t:|1665852082
|switch|p2a: Zekrom|Zekrom|100/100
|-damage|p2a: Zekrom|88/100|[from] Stealth Rock
|-ability|p2a: Zekrom|Teravolt
|turn|3
|
|t:|1665852098
|switch|p1a: Darmanitan|Darmanitan-Galar, M|100/100
|-activate|p1a: Darmanitan|move: Sticky Web
|-unboost|p1a: Darmanitan|spe|1
|move|p2a: Zekrom|Bolt Strike|p1a: Darmanitan|[miss]
|-miss|p2a: Zekrom|p1a: Darmanitan
|
|upkeep
|turn|4
|c|☆zf|gottem
|
|t:|1665852107
|move|p1a: Darmanitan|Icicle Crash|p2a: Zekrom
|-supereffective|p2a: Zekrom
|-damage|p2a: Zekrom|0 fnt
|faint|p2a: Zekrom
|
|upkeep
|
|t:|1665852110
|switch|p2a: Necrozma|Necrozma-Dusk-Mane|100/100
|-damage|p2a: Necrozma|95/100|[from] Stealth Rock
|turn|5
|
|t:|1665852113
|switch|p1a: Magnezone|Magnezone|100/100
|-item|p1a: Magnezone|Air Balloon
|move|p2a: Necrozma|Dragon Dance|p2a: Necrozma
|-boost|p2a: Necrozma|atk|1
|-boost|p2a: Necrozma|spe|1
|
|upkeep
|turn|6
|
|t:|1665852118
|move|p2a: Necrozma|Sunsteel Strike|p1a: Magnezone
|-resisted|p1a: Magnezone
|-damage|p1a: Magnezone|74/100
|-enditem|p1a: Magnezone|Air Balloon
|-damage|p2a: Necrozma|85/100|[from] item: Life Orb
|move|p1a: Magnezone|Magnet Rise|p1a: Magnezone
|-start|p1a: Magnezone|Magnet Rise
|
|upkeep
|turn|7
|
|t:|1665852127
|move|p2a: Necrozma|Stone Edge|p1a: Magnezone
|-resisted|p1a: Magnezone
|-damage|p1a: Magnezone|38/100
|-damage|p2a: Necrozma|75/100|[from] item: Life Orb
|move|p1a: Magnezone|Discharge|p2a: Necrozma
|-damage|p2a: Necrozma|42/100
|
|upkeep
|turn|8
|
|t:|1665852134
|move|p2a: Necrozma|Stone Edge|p1a: Magnezone
|-resisted|p1a: Magnezone
|-damage|p1a: Magnezone|0 fnt
|faint|p1a: Magnezone
|-damage|p2a: Necrozma|32/100|[from] item: Life Orb
|
|upkeep
|c|☆zf|wtf...
|
|t:|1665852145
|switch|p1a: Necrozma|Necrozma-Dusk-Mane|100/100
|-activate|p1a: Necrozma|move: Sticky Web
|-unboost|p1a: Necrozma|spe|1
|turn|9
|
|t:|1665852147
|move|p2a: Necrozma|Earthquake|p1a: Necrozma
|-supereffective|p1a: Necrozma
|-damage|p1a: Necrozma|6/100
|-damage|p2a: Necrozma|22/100|[from] item: Life Orb
|move|p1a: Necrozma|Sunsteel Strike|p2a: Necrozma
|-resisted|p2a: Necrozma
|-damage|p2a: Necrozma|0 fnt
|faint|p2a: Necrozma
|
|-heal|p1a: Necrozma|12/100|[from] item: Leftovers
|upkeep
|
|t:|1665852156
|switch|p2a: Yveltal|Yveltal|100/100
|-damage|p2a: Yveltal|76/100|[from] Stealth Rock
|-ability|p2a: Yveltal|Dark Aura
|turn|10
|
|t:|1665852159
|move|p2a: Yveltal|Oblivion Wing|p1a: Necrozma
|-resisted|p1a: Necrozma
|-damage|p1a: Necrozma|0 fnt
|-heal|p2a: Yveltal|84/100|[from] drain|[of] p1a: Necrozma
|faint|p1a: Necrozma
|-damage|p2a: Yveltal|74/100|[from] item: Life Orb
|
|upkeep
|
|t:|1665852173
|switch|p1a: Xerneas|Xerneas|100/100
|-activate|p1a: Xerneas|move: Sticky Web
|-unboost|p1a: Xerneas|spe|1
|-ability|p1a: Xerneas|Fairy Aura
|turn|11
|
|t:|1665852175
|move|p2a: Yveltal|Taunt|p1a: Xerneas
|-start|p1a: Xerneas|move: Taunt
|cant|p1a: Xerneas|move: Taunt|Geomancy
|
|upkeep
|turn|12
|
|t:|1665852180
|switch|p1a: Eternatus|Eternatus|100/100
|-activate|p1a: Eternatus|move: Sticky Web
|-unboost|p1a: Eternatus|spe|1
|-ability|p1a: Eternatus|Pressure
|move|p2a: Yveltal|Oblivion Wing|p1a: Eternatus
|-damage|p1a: Eternatus|55/100
|-heal|p2a: Yveltal|100/100|[from] drain|[of] p1a: Eternatus
|-damage|p2a: Yveltal|91/100|[from] item: Life Orb
|
|upkeep
|turn|13
|
|t:|1665852185
|move|p2a: Yveltal|Dark Pulse|p1a: Eternatus
|-damage|p1a: Eternatus|0 fnt
|faint|p1a: Eternatus
|-damage|p2a: Yveltal|81/100|[from] item: Life Orb
|
|upkeep
|
|t:|1665852192
|switch|p1a: Xerneas|Xerneas|100/100
|-activate|p1a: Xerneas|move: Sticky Web
|-unboost|p1a: Xerneas|spe|1
|-ability|p1a: Xerneas|Fairy Aura
|turn|14
|
|t:|1665852194
|move|p2a: Yveltal|Taunt|p1a: Xerneas
|-start|p1a: Xerneas|move: Taunt
|move|p1a: Xerneas|Moonblast|p2a: Yveltal
|-supereffective|p2a: Yveltal
|-damage|p2a: Yveltal|0 fnt
|faint|p2a: Yveltal
|
|upkeep
|
|t:|1665852196
|switch|p2a: Xerneas|Xerneas|100/100
|-damage|p2a: Xerneas|88/100|[from] Stealth Rock
|-ability|p2a: Xerneas|Fairy Aura
|turn|15
|
|t:|1665852200
|move|p2a: Xerneas|Geomancy||[still]
|-prepare|p2a: Xerneas|Geomancy
|-enditem|p2a: Xerneas|Power Herb
|-anim|p2a: Xerneas|Geomancy|p2a: Xerneas
|-boost|p2a: Xerneas|spa|2
|-boost|p2a: Xerneas|spd|2
|-boost|p2a: Xerneas|spe|2
|move|p1a: Xerneas|Thunder|p2a: Xerneas
|-damage|p2a: Xerneas|70/100
|-status|p2a: Xerneas|par
|
|upkeep
|turn|16
|c|☆zf|heh...
|
|t:|1665852213
|switch|p1a: Yveltal|Yveltal|100/100
|-ability|p1a: Yveltal|Dark Aura
|move|p2a: Xerneas|Moonblast|p1a: Yveltal
|-supereffective|p1a: Yveltal
|-damage|p1a: Yveltal|0 fnt
|faint|p1a: Yveltal
|
|upkeep
|
|t:|1665852218
|switch|p1a: Darmanitan|Darmanitan-Galar, M|100/100
|-activate|p1a: Darmanitan|move: Sticky Web
|-unboost|p1a: Darmanitan|spe|1
|turn|17
|
|t:|1665852223
|move|p1a: Darmanitan|Icicle Crash|p2a: Xerneas
|-damage|p2a: Xerneas|16/100 par
|move|p2a: Xerneas|Moonblast|p1a: Darmanitan
|-damage|p1a: Darmanitan|0 fnt
|faint|p1a: Darmanitan
|
|upkeep
|
|t:|1665852227
|switch|p1a: Xerneas|Xerneas|100/100
|-activate|p1a: Xerneas|move: Sticky Web
|-unboost|p1a: Xerneas|spe|1
|-ability|p1a: Xerneas|Fairy Aura
|turn|18
|
|t:|1665852231
|move|p2a: Xerneas|Moonblast|p1a: Xerneas
|-damage|p1a: Xerneas|0 fnt
|faint|p1a: Xerneas
|
|win|Exiline
|c|☆zf|gg!
|c|☆Exiline|g_g
