|inactive|Battle timer is ON: inactive players will automatically lose when time's up.
|t:|1667308667
|gametype|singles
|player|p1|ox04|red-gen7|
|player|p2|Inder|lucas|
|teamsize|p1|6
|teamsize|p2|6
|gen|8
|tier|[Gen 8] Ubers
|rule|Sleep Clause Mod: Limit one foe put to sleep
|rule|Species Clause: Limit one of each Pokémon
|rule|OHKO Clause: OHKO moves are banned
|rule|Evasion Items Clause: Evasion items are banned
|rule|Evasion Moves Clause: Evasion moves are banned
|rule|Endless Battle Clause: Forcing endless battles is banned
|rule|HP Percentage Mod: HP is shown in percentages
|rule|Dynamax Clause: You cannot dynamax
|clearpoke
|poke|p1|Landorus-Therian, M|
|poke|p1|Yveltal|
|poke|p1|Kyogre|
|poke|p1|Eternatus|
|poke|p1|Necrozma-Dusk-Mane|
|poke|p1|Genesect|
|poke|p2|Ho-Oh|
|poke|p2|Necrozma-Dusk-Mane|
|poke|p2|Yveltal|
|poke|p2|Eternatus|
|poke|p2|Xerneas-*|
|poke|p2|Marshadow|
|teampreview
|inactive|Inder also wants the timer to be on.
|c|☆Inder|hf
|c|☆ox04|glhf
|c|+Phxo'|le ptit inder
|inactive|Inder has 270 seconds left.
|
|t:|1667308723
|start
|switch|p1a: Kyogre|Kyogre|100/100
|switch|p2a: FOG WIE KOMMEN|Ho-Oh|100/100
|-weather|RainDance|[from] ability: Drizzle|[of] p1a: Kyogre
|turn|1
|c|%Eledyr|I N D E R
|
|t:|1667308729
|switch|p2a: LERU WIE KOMMEN|Eternatus|100/100
|-ability|p2a: LERU WIE KOMMEN|Pressure
|move|p1a: Kyogre|Water Spout|p2a: LERU WIE KOMMEN
|-resisted|p2a: LERU WIE KOMMEN
|-damage|p2a: LERU WIE KOMMEN|39/100
|
|-weather|RainDance|[upkeep]
|-heal|p2a: LERU WIE KOMMEN|45/100|[from] item: Black Sludge
|upkeep
|turn|2
|c|+VyoletRayn|THE COVER
|c|+Fogbound Lake|WIE KOMMEN
|
|t:|1667308743
|move|p2a: LERU WIE KOMMEN|Recover|p2a: LERU WIE KOMMEN
|-heal|p2a: LERU WIE KOMMEN|95/100
|move|p1a: Kyogre|Thunder Wave|p2a: LERU WIE KOMMEN
|-status|p2a: LERU WIE KOMMEN|par
|
|-weather|RainDance|[upkeep]
|-heal|p2a: LERU WIE KOMMEN|100/100 par|[from] item: Black Sludge
|upkeep
|turn|3
|
|t:|1667308761
|switch|p1a: Necrozma|Necrozma-Dusk-Mane|100/100
|move|p2a: LERU WIE KOMMEN|Dynamax Cannon|p1a: Necrozma
|-resisted|p1a: Necrozma
|-crit|p1a: Necrozma
|-damage|p1a: Necrozma|79/100
|
|-weather|RainDance|[upkeep]
|-heal|p1a: Necrozma|85/100|[from] item: Leftovers
|upkeep
|turn|4
|
|t:|1667308779
|switch|p1a: Kyogre|Kyogre|100/100
|switch|p2a: QWILY WIE KOMMEN|Yveltal|100/100
|-ability|p2a: QWILY WIE KOMMEN|Dark Aura
|
|-weather|RainDance|[upkeep]
|upkeep
|turn|5
|
|t:|1667308784
|switch|p1a: Eternatus|Eternatus|100/100
|-ability|p1a: Eternatus|Pressure
|move|p2a: QWILY WIE KOMMEN|Foul Play|p1a: Eternatus
|-damage|p1a: Eternatus|79/100
|
|-weather|none
|upkeep
|turn|6
|
|t:|1667308790
|switch|p2a: POHJIS WIE KOMMEN|Xerneas|100/100
|-ability|p2a: POHJIS WIE KOMMEN|Fairy Aura
|move|p1a: Eternatus|Toxic|p2a: POHJIS WIE KOMMEN
|-status|p2a: POHJIS WIE KOMMEN|tox
|
|-damage|p2a: POHJIS WIE KOMMEN|94/100 tox|[from] psn
|upkeep
|turn|7
|
|t:|1667308796
|switch|p1a: Genesect|Genesect, shiny|100/100
|-ability|p1a: Genesect|Download|boost
|-boost|p1a: Genesect|spa|1
|move|p2a: POHJIS WIE KOMMEN|Aromatherapy|p2a: POHJIS WIE KOMMEN
|-activate|p2a: POHJIS WIE KOMMEN|move: Aromatherapy
|-curestatus|p2a: POHJIS WIE KOMMEN|tox|[msg]
|-curestatus|p2: LERU WIE KOMMEN|par|[msg]
|
|upkeep
|turn|8
|inactive|Inder has 270 seconds left.
|
|t:|1667308850
|move|p1a: Genesect|U-turn|p2a: POHJIS WIE KOMMEN
|-resisted|p2a: POHJIS WIE KOMMEN
|-damage|p2a: POHJIS WIE KOMMEN|79/100
|-damage|p1a: Genesect|84/100|[from] item: Rocky Helmet|[of] p2a: POHJIS WIE KOMMEN
|
|t:|1667308853
|switch|p1a: Necrozma|Necrozma-Dusk-Mane|85/100|[from]move: U-turn
|move|p2a: POHJIS WIE KOMMEN|Moonblast|p1a: Necrozma
|-resisted|p1a: Necrozma
|-damage|p1a: Necrozma|68/100
|
|-heal|p1a: Necrozma|74/100|[from] item: Leftovers
|upkeep
|turn|9
|
|t:|1667308858
|switch|p2a: FOG WIE KOMMEN|Ho-Oh|100/100
|switch|p1a: Kyogre|Kyogre|100/100
|-weather|RainDance|[from] ability: Drizzle|[of] p1a: Kyogre
|
|-weather|RainDance|[upkeep]
|upkeep
|turn|10
|
|t:|1667308874
|switch|p2a: LERU WIE KOMMEN|Eternatus|100/100
|-ability|p2a: LERU WIE KOMMEN|Pressure
|move|p1a: Kyogre|Thunder Wave|p2a: LERU WIE KOMMEN|[miss]
|-miss|p1a: Kyogre|p2a: LERU WIE KOMMEN
|
|-weather|RainDance|[upkeep]
|upkeep
|turn|11
|
|t:|1667308882
|switch|p1a: Necrozma|Necrozma-Dusk-Mane|74/100
|move|p2a: LERU WIE KOMMEN|Dynamax Cannon|p1a: Necrozma
|-resisted|p1a: Necrozma
|-damage|p1a: Necrozma|59/100
|
|-weather|RainDance|[upkeep]
|-heal|p1a: Necrozma|65/100|[from] item: Leftovers
|upkeep
|turn|12
|
|t:|1667308886
|switch|p2a: FOG WIE KOMMEN|Ho-Oh|100/100
|switch|p1a: Landorus|Landorus-Therian, M|100/100
|-ability|p1a: Landorus|Intimidate|boost
|-unboost|p2a: FOG WIE KOMMEN|atk|1
|
|-weather|RainDance|[upkeep]
|upkeep
|turn|13
|c|+Luna's Bann3d Now|I thought ox brought standard for a sec and was shocked
|
|t:|1667308894
|switch|p2a: MITANA WIE KOMMEN|Necrozma-Dusk-Mane|100/100
|move|p1a: Landorus|Stealth Rock|p2a: MITANA WIE KOMMEN
|-sidestart|p2: Inder|move: Stealth Rock
|
|-weather|none
|upkeep
|turn|14
|c|+Luna's Bann3d Now|Then i looked at slot 6
|
|t:|1667308899
|move|p1a: Landorus|Earthquake|p2a: MITANA WIE KOMMEN
|-supereffective|p2a: MITANA WIE KOMMEN
|-damage|p2a: MITANA WIE KOMMEN|49/100
|move|p2a: MITANA WIE KOMMEN|Knock Off|p1a: Landorus
|-damage|p1a: Landorus|78/100
|-enditem|p1a: Landorus|Leftovers|[from] move: Knock Off|[of] p2a: MITANA WIE KOMMEN
|
|-heal|p2a: MITANA WIE KOMMEN|55/100|[from] item: Leftovers
|upkeep
|turn|15
|
|t:|1667308911
|switch|p2a: QWILY WIE KOMMEN|Yveltal|100/100
|-ability|p2a: QWILY WIE KOMMEN|Dark Aura
|move|p1a: Landorus|U-turn|p2a: QWILY WIE KOMMEN
|-damage|p2a: QWILY WIE KOMMEN|83/100
|
|t:|1667308918
|switch|p1a: Kyogre|Kyogre|100/100|[from]move: U-turn
|-weather|RainDance|[from] ability: Drizzle|[of] p1a: Kyogre
|
|-weather|RainDance|[upkeep]
|upkeep
|turn|16
|
|t:|1667308922
|move|p2a: QWILY WIE KOMMEN|Foul Play|p1a: Kyogre
|-damage|p1a: Kyogre|65/100
|move|p1a: Kyogre|Water Spout|p2a: QWILY WIE KOMMEN
|-damage|p2a: QWILY WIE KOMMEN|4/100
|
|-weather|RainDance|[upkeep]
|upkeep
|turn|17
|c|+Fogbound Lake|idk what you mean slot 6 is p standard
|
|t:|1667308936
|move|p2a: QWILY WIE KOMMEN|Defog|p1a: Kyogre
|-unboost|p1a: Kyogre|evasion|1
|-sideend|p2: Inder|Stealth Rock|[from] move: Defog|[of] p2a: QWILY WIE KOMMEN
|move|p1a: Kyogre|Water Spout|p2a: QWILY WIE KOMMEN
|-damage|p2a: QWILY WIE KOMMEN|0 fnt
|faint|p2a: QWILY WIE KOMMEN
|
|-weather|RainDance|[upkeep]
|upkeep
|
|t:|1667308939
|switch|p2a: Ox ich kam|Marshadow|100/100
|turn|18
|
|t:|1667308945
|switch|p1a: Landorus|Landorus-Therian, M|78/100
|-ability|p1a: Landorus|Intimidate|boost
|-unboost|p2a: Ox ich kam|atk|1
|move|p2a: Ox ich kam|Spectral Thief|p1a: Landorus
|-damage|p1a: Landorus|45/100
|
|-weather|RainDance|[upkeep]
|upkeep
|turn|19
|
|t:|1667308950
|move|p2a: Ox ich kam|Spectral Thief|p1a: Landorus
|-damage|p1a: Landorus|10/100
|move|p1a: Landorus|Stealth Rock|p2a: Ox ich kam
|-sidestart|p2: Inder|move: Stealth Rock
|
|-weather|none
|upkeep
|turn|20
|
|t:|1667308953
|switch|p1a: Yveltal|Yveltal|100/100
|-ability|p1a: Yveltal|Dark Aura
|move|p2a: Ox ich kam|Spectral Thief|p1a: Yveltal
|-resisted|p1a: Yveltal
|-damage|p1a: Yveltal|84/100
|
|upkeep
|turn|21
|
|t:|1667308960
|switch|p2a: POHJIS WIE KOMMEN|Xerneas|79/100
|-damage|p2a: POHJIS WIE KOMMEN|67/100|[from] Stealth Rock
|-ability|p2a: POHJIS WIE KOMMEN|Fairy Aura
|move|p1a: Yveltal|Foul Play|p2a: POHJIS WIE KOMMEN
|-resisted|p2a: POHJIS WIE KOMMEN
|-damage|p2a: POHJIS WIE KOMMEN|53/100
|-damage|p1a: Yveltal|67/100|[from] item: Rocky Helmet|[of] p2a: POHJIS WIE KOMMEN
|
|upkeep
|turn|22
|
|t:|1667308964
|switch|p1a: Necrozma|Necrozma-Dusk-Mane|65/100
|switch|p2a: Ox ich kam|Marshadow|100/100
|-damage|p2a: Ox ich kam|94/100|[from] Stealth Rock
|
|-heal|p1a: Necrozma|71/100|[from] item: Leftovers
|upkeep
|turn|23
|
|t:|1667308970
|switch|p1a: Landorus|Landorus-Therian, M|10/100
|-ability|p1a: Landorus|Intimidate|boost
|-unboost|p2a: Ox ich kam|atk|1
|move|p2a: Ox ich kam|Spectral Thief|p1a: Landorus
|-damage|p1a: Landorus|0 fnt
|faint|p1a: Landorus
|
|upkeep
|
|t:|1667308975
|switch|p1a: Yveltal|Yveltal|67/100
|-ability|p1a: Yveltal|Dark Aura
|turn|24
|
|t:|1667308984
|switch|p1a: Kyogre|Kyogre|65/100
|-weather|RainDance|[from] ability: Drizzle|[of] p1a: Kyogre
|move|p2a: Ox ich kam|Spectral Thief|p1a: Kyogre
|-damage|p1a: Kyogre|16/100
|
|-weather|RainDance|[upkeep]
|upkeep
|turn|25
|
|t:|1667308993
|switch|p1a: Eternatus|Eternatus|79/100
|-ability|p1a: Eternatus|Pressure
|move|p2a: Ox ich kam|Spectral Thief|p1a: Eternatus
|-damage|p1a: Eternatus|45/100
|
|-weather|RainDance|[upkeep]
|upkeep
|turn|26
|
|t:|1667309007
|switch|p2a: MITANA WIE KOMMEN|Necrozma-Dusk-Mane|55/100
|-damage|p2a: MITANA WIE KOMMEN|49/100|[from] Stealth Rock
|move|p1a: Eternatus|Recover|p1a: Eternatus
|-heal|p1a: Eternatus|95/100
|
|-weather|RainDance|[upkeep]
|-heal|p2a: MITANA WIE KOMMEN|55/100|[from] item: Leftovers
|upkeep
|turn|27
|
|t:|1667309018
|switch|p1a: Yveltal|Yveltal|67/100
|-ability|p1a: Yveltal|Dark Aura
|move|p2a: MITANA WIE KOMMEN|Stealth Rock|p1a: Yveltal
|-sidestart|p1: ox04|move: Stealth Rock
|
|-weather|RainDance|[upkeep]
|-heal|p2a: MITANA WIE KOMMEN|61/100|[from] item: Leftovers
|upkeep
|turn|28
|
|t:|1667309029
|switch|p2a: LERU WIE KOMMEN|Eternatus|100/100
|-damage|p2a: LERU WIE KOMMEN|88/100|[from] Stealth Rock
|-ability|p2a: LERU WIE KOMMEN|Pressure
|move|p1a: Yveltal|Foul Play|p2a: LERU WIE KOMMEN
|-damage|p2a: LERU WIE KOMMEN|67/100
|
|-weather|none
|-heal|p2a: LERU WIE KOMMEN|73/100|[from] item: Black Sludge
|upkeep
|turn|29
|
|t:|1667309034
|switch|p2a: FOG WIE KOMMEN|Ho-Oh|100/100
|-damage|p2a: FOG WIE KOMMEN|51/100|[from] Stealth Rock
|switch|p1a: Necrozma|Necrozma-Dusk-Mane|71/100
|-damage|p1a: Necrozma|65/100|[from] Stealth Rock
|
|-heal|p1a: Necrozma|71/100|[from] item: Leftovers
|upkeep
|turn|30
|
|t:|1667309041
|switch|p1a: Kyogre|Kyogre|16/100
|-damage|p1a: Kyogre|3/100|[from] Stealth Rock
|-weather|RainDance|[from] ability: Drizzle|[of] p1a: Kyogre
|move|p2a: FOG WIE KOMMEN|Sacred Fire|p1a: Kyogre
|-resisted|p1a: Kyogre
|-damage|p1a: Kyogre|0 fnt
|faint|p1a: Kyogre
|-damage|p2a: FOG WIE KOMMEN|41/100|[from] item: Life Orb
|
|-weather|RainDance|[upkeep]
|upkeep
|
|t:|1667309045
|switch|p1a: Yveltal|Yveltal|67/100
|-ability|p1a: Yveltal|Dark Aura
|turn|31
|
|t:|1667309049
|switch|p2a: POHJIS WIE KOMMEN|Xerneas|53/100
|-damage|p2a: POHJIS WIE KOMMEN|41/100|[from] Stealth Rock
|-ability|p2a: POHJIS WIE KOMMEN|Fairy Aura
|move|p1a: Yveltal|Foul Play|p2a: POHJIS WIE KOMMEN
|-resisted|p2a: POHJIS WIE KOMMEN
|-damage|p2a: POHJIS WIE KOMMEN|28/100
|-damage|p1a: Yveltal|51/100|[from] item: Rocky Helmet|[of] p2a: POHJIS WIE KOMMEN
|
|-weather|RainDance|[upkeep]
|upkeep
|turn|32
|
|t:|1667309053
|switch|p1a: Necrozma|Necrozma-Dusk-Mane|71/100
|-damage|p1a: Necrozma|65/100|[from] Stealth Rock
|move|p2a: POHJIS WIE KOMMEN|Rest|p2a: POHJIS WIE KOMMEN
|-status|p2a: POHJIS WIE KOMMEN|slp|[from] move: Rest
|-heal|p2a: POHJIS WIE KOMMEN|100/100 slp|[silent]
|
|-weather|RainDance|[upkeep]
|-heal|p1a: Necrozma|71/100|[from] item: Leftovers
|upkeep
|turn|33
|
|t:|1667309062
|switch|p2a: MITANA WIE KOMMEN|Necrozma-Dusk-Mane|61/100
|-damage|p2a: MITANA WIE KOMMEN|55/100|[from] Stealth Rock
|move|p1a: Necrozma|Dragon Dance|p1a: Necrozma
|-boost|p1a: Necrozma|atk|1
|-boost|p1a: Necrozma|spe|1
|
|-weather|RainDance|[upkeep]
|-heal|p1a: Necrozma|77/100|[from] item: Leftovers
|-heal|p2a: MITANA WIE KOMMEN|61/100|[from] item: Leftovers
|upkeep
|turn|34
|
|t:|1667309067
|move|p1a: Necrozma|Earthquake|p2a: MITANA WIE KOMMEN
|-supereffective|p2a: MITANA WIE KOMMEN
|-damage|p2a: MITANA WIE KOMMEN|11/100
|move|p2a: MITANA WIE KOMMEN|Knock Off|p1a: Necrozma
|-supereffective|p1a: Necrozma
|-damage|p1a: Necrozma|42/100
|-enditem|p1a: Necrozma|Leftovers|[from] move: Knock Off|[of] p2a: MITANA WIE KOMMEN
|
|-weather|none
|-heal|p2a: MITANA WIE KOMMEN|17/100|[from] item: Leftovers
|upkeep
|turn|35
|
|t:|1667309072
|switch|p2a: Ox ich kam|Marshadow|94/100
|-damage|p2a: Ox ich kam|88/100|[from] Stealth Rock
|move|p1a: Necrozma|Morning Sun|p1a: Necrozma
|-heal|p1a: Necrozma|92/100
|
|upkeep
|turn|36
|
|t:|1667309076
|switch|p1a: Eternatus|Eternatus|95/100
|-ability|p1a: Eternatus|Pressure
|move|p2a: Ox ich kam|Spectral Thief|p1a: Eternatus
|-damage|p1a: Eternatus|48/100
|
|upkeep
|turn|37
|
|t:|1667309079
|move|p2a: Ox ich kam|Spectral Thief|p1a: Eternatus
|-damage|p1a: Eternatus|0 fnt
|faint|p1a: Eternatus
|
|upkeep
|
|t:|1667309081
|switch|p1a: Yveltal|Yveltal|51/100
|-ability|p1a: Yveltal|Dark Aura
|turn|38
|
|t:|1667309101
|switch|p2a: POHJIS WIE KOMMEN|Xerneas|100/100 slp
|-damage|p2a: POHJIS WIE KOMMEN|88/100 slp|[from] Stealth Rock
|-ability|p2a: POHJIS WIE KOMMEN|Fairy Aura
|move|p1a: Yveltal|Roost|p1a: Yveltal
|-heal|p1a: Yveltal|100/100
|-singleturn|p1a: Yveltal|move: Roost
|
|upkeep
|turn|39
|
|t:|1667309107
|switch|p1a: Necrozma|Necrozma-Dusk-Mane|92/100
|-damage|p1a: Necrozma|86/100|[from] Stealth Rock
|switch|p2a: FOG WIE KOMMEN|Ho-Oh|74/100
|-damage|p2a: FOG WIE KOMMEN|24/100|[from] Stealth Rock
|
|upkeep
|turn|40
|
|t:|1667309112
|switch|p1a: Genesect|Genesect, shiny|84/100
|-damage|p1a: Genesect|72/100|[from] Stealth Rock
|-ability|p1a: Genesect|Download|boost
|-boost|p1a: Genesect|atk|1
|move|p2a: FOG WIE KOMMEN|Sacred Fire|p1a: Genesect
|-supereffective|p1a: Genesect
|-crit|p1a: Genesect
|-damage|p1a: Genesect|0 fnt
|faint|p1a: Genesect
|-damage|p2a: FOG WIE KOMMEN|14/100|[from] item: Life Orb
|
|upkeep
|
|t:|1667309114
|switch|p1a: Yveltal|Yveltal|100/100
|-ability|p1a: Yveltal|Dark Aura
|turn|41
|inactive|Inder has 270 seconds left.
|
|t:|1667309150
|switch|p2a: LERU WIE KOMMEN|Eternatus|73/100
|-damage|p2a: LERU WIE KOMMEN|60/100|[from] Stealth Rock
|-ability|p2a: LERU WIE KOMMEN|Pressure
|move|p1a: Yveltal|Foul Play|p2a: LERU WIE KOMMEN
|-damage|p2a: LERU WIE KOMMEN|40/100
|
|-heal|p2a: LERU WIE KOMMEN|46/100|[from] item: Black Sludge
|upkeep
|turn|42
|
|t:|1667309157
|switch|p1a: Necrozma|Necrozma-Dusk-Mane|86/100
|-damage|p1a: Necrozma|80/100|[from] Stealth Rock
|move|p2a: LERU WIE KOMMEN|Mystical Fire|p1a: Necrozma
|-supereffective|p1a: Necrozma
|-damage|p1a: Necrozma|58/100
|-unboost|p1a: Necrozma|spa|1
|
|-heal|p2a: LERU WIE KOMMEN|53/100|[from] item: Black Sludge
|upkeep
|turn|43
|
|t:|1667309167
|switch|p2a: FOG WIE KOMMEN|Ho-Oh|48/100
|-damage|p2a: FOG WIE KOMMEN|0 fnt|[from] Stealth Rock
|faint|p2a: FOG WIE KOMMEN
|move|p1a: Necrozma|Morning Sun|p1a: Necrozma
|-heal|p1a: Necrozma|100/100
|
|upkeep
|
|t:|1667309171
|switch|p2a: Ox ich kam|Marshadow|88/100
|-damage|p2a: Ox ich kam|82/100|[from] Stealth Rock
|turn|44
|
|t:|1667309175
|switch|p1a: Yveltal|Yveltal|100/100
|-ability|p1a: Yveltal|Dark Aura
|move|p2a: Ox ich kam|Low Kick|p1a: Yveltal
|-damage|p1a: Yveltal|23/100
|
|upkeep
|turn|45
|
|t:|1667309177
|move|p2a: Ox ich kam|Low Kick|p1a: Yveltal
|-crit|p1a: Yveltal
|-damage|p1a: Yveltal|0 fnt
|faint|p1a: Yveltal
|
|upkeep
|
|t:|1667309179
|switch|p1a: Necrozma|Necrozma-Dusk-Mane|100/100
|-damage|p1a: Necrozma|94/100|[from] Stealth Rock
|turn|46
|
|t:|1667309197
|move|p2a: Ox ich kam|Low Kick|p1a: Necrozma
|-damage|p1a: Necrozma|31/100
|move|p1a: Necrozma|Sunsteel Strike|p2a: Ox ich kam
|-damage|p2a: Ox ich kam|15/100
|
|upkeep
|turn|47
|c|☆ox04|gg
|
|t:|1667309202
|move|p2a: Ox ich kam|Low Kick|p1a: Necrozma
|-damage|p1a: Necrozma|0 fnt
|faint|p1a: Necrozma
|
|win|Inder
|c|☆Inder|gg
|c|☆Inder|EUROPE WIE KOMMEN
|player|p1|ox04|red-gen7
|player|p1|
