|inactive|Battle timer is ON: inactive players will automatically lose when time's up.
|t:|1664735188
|gametype|singles
|player|p1|Exiline|#scl2islanders|
|player|p2|Tony|#scl2platoon|
|teamsize|p1|6
|teamsize|p2|6
|gen|8
|tier|[Gen 8] Ubers
|rule|Sleep Clause Mod: Limit one foe put to sleep
|rule|Species Clause: Limit one of each Pokémon
|rule|OHKO Clause: OHKO moves are banned
|rule|Evasion Items Clause: Evasion items are banned
|rule|Evasion Moves Clause: Evasion moves are banned
|rule|Endless Battle Clause: Forcing endless battles is banned
|rule|HP Percentage Mod: HP is shown in percentages
|rule|Dynamax Clause: You cannot dynamax
|clearpoke
|poke|p1|Landorus-Therian, M|
|poke|p1|Rayquaza|
|poke|p1|Eternatus|
|poke|p1|Yveltal|
|poke|p1|Necrozma-Dusk-Mane|
|poke|p1|Groudon|
|poke|p2|Necrozma-Dusk-Mane|
|poke|p2|Weezing-Galar, M|
|poke|p2|Yveltal|
|poke|p2|Kyurem-Black|
|poke|p2|Xerneas-*|
|poke|p2|Weavile, F|
|teampreview
|inactive|Tony also wants the timer to be on.
|c|☆Tony|hf
|raw|<div class="broadcast-red"><strong>Moderated chat was set to ☆!</strong><br />Only users of rank ☆ and higher can talk.</div>
|inactive|Tony has 270 seconds left.
|c|☆Exiline|h_f
|inactive|Tony has 240 seconds left.
|inactive|Tony has 210 seconds left.
|inactive|Tony has 180 seconds left.
|inactive|Tony has 150 seconds left.
|
|t:|1664735365
|start
|switch|p1a: Eternatus|Eternatus|100/100
|switch|p2a: Weavile|Weavile, F|100/100
|-ability|p2a: Weavile|Pressure
|-ability|p1a: Eternatus|Pressure
|turn|1
|inactive|Tony has 180 seconds left.
|
|t:|1664735388
|move|p2a: Weavile|Triple Axel|p1a: Eternatus
|-supereffective|p1a: Eternatus
|-damage|p1a: Eternatus|84/100
|-damage|p2a: Weavile|84/100|[from] item: Rocky Helmet|[of] p1a: Eternatus
|-supereffective|p1a: Eternatus
|-damage|p1a: Eternatus|52/100
|-damage|p2a: Weavile|68/100|[from] item: Rocky Helmet|[of] p1a: Eternatus
|-supereffective|p1a: Eternatus
|-damage|p1a: Eternatus|7/100
|-damage|p2a: Weavile|51/100|[from] item: Rocky Helmet|[of] p1a: Eternatus
|-hitcount|p1a: Eternatus|3
|move|p1a: Eternatus|Dynamax Cannon|p2a: Weavile
|-damage|p2a: Weavile|0 fnt
|faint|p2a: Weavile
|
|upkeep
|
|t:|1664735415
|switch|p2a: Necrozma|Necrozma-Dusk-Mane|100/100
|turn|2
|
|t:|1664735427
|switch|p1a: Landorus|Landorus-Therian, M|100/100
|-ability|p1a: Landorus|Intimidate|boost
|-unboost|p2a: Necrozma|atk|1
|move|p2a: Necrozma|Dragon Dance|p2a: Necrozma
|-boost|p2a: Necrozma|atk|1
|-boost|p2a: Necrozma|spe|1
|
|upkeep
|turn|3
|
|t:|1664735434
|move|p2a: Necrozma|Sunsteel Strike|p1a: Landorus
|-damage|p1a: Landorus|61/100
|move|p1a: Landorus|U-turn|p2a: Necrozma
|-damage|p2a: Necrozma|83/100
|
|t:|1664735439
|switch|p1a: Rayquaza|Rayquaza|100/100|[from]move: U-turn
|-ability|p1a: Rayquaza|Air Lock
|
|upkeep
|turn|4
|inactive|Exiline has 270 seconds left.
|inactive|Tony has 150 seconds left.
|inactive|Tony has 120 seconds left.
|
|t:|1664735518
|switch|p1a: Landorus|Landorus-Therian, M|61/100
|-ability|p1a: Landorus|Intimidate|boost
|-unboost|p2a: Necrozma|atk|1
|move|p2a: Necrozma|Sunsteel Strike|p1a: Landorus
|-damage|p1a: Landorus|34/100
|
|-heal|p1a: Landorus|40/100|[from] item: Leftovers
|upkeep
|turn|5
|
|t:|1664735534
|move|p2a: Necrozma|Dragon Dance|p2a: Necrozma
|-boost|p2a: Necrozma|atk|1
|-boost|p2a: Necrozma|spe|1
|move|p1a: Landorus|Stealth Rock|p2a: Necrozma
|-sidestart|p2: Tony|move: Stealth Rock
|
|-heal|p1a: Landorus|46/100|[from] item: Leftovers
|upkeep
|turn|6
|
|t:|1664735541
|move|p2a: Necrozma|Dragon Dance|p2a: Necrozma
|-boost|p2a: Necrozma|atk|1
|-boost|p2a: Necrozma|spe|1
|move|p1a: Landorus|U-turn|p2a: Necrozma
|-damage|p2a: Necrozma|66/100
|inactive|Exiline has 270 seconds left.
|
|t:|1664735561
|switch|p1a: Groudon|Groudon|100/100|[from]move: U-turn
|-weather|SunnyDay|[from] ability: Drought|[of] p1a: Groudon
|
|-weather|SunnyDay|[upkeep]
|upkeep
|turn|7
|
|t:|1664735572
|move|p2a: Necrozma|Sunsteel Strike|p1a: Groudon
|-damage|p1a: Groudon|37/100
|move|p1a: Groudon|Precipice Blades|p2a: Necrozma
|-supereffective|p2a: Necrozma
|-damage|p2a: Necrozma|0 fnt
|faint|p2a: Necrozma
|
|-weather|SunnyDay|[upkeep]
|upkeep
|
|t:|1664735582
|switch|p2a: Xerneas|Xerneas|100/100
|-damage|p2a: Xerneas|88/100|[from] Stealth Rock
|-ability|p2a: Xerneas|Fairy Aura
|turn|8
|
|t:|1664735588
|move|p2a: Xerneas|Defog|p1a: Groudon
|-unboost|p1a: Groudon|evasion|1
|-sideend|p2: Tony|Stealth Rock|[from] move: Defog|[of] p2a: Xerneas
|move|p1a: Groudon|Precipice Blades|p2a: Xerneas
|-damage|p2a: Xerneas|25/100
|
|-weather|SunnyDay|[upkeep]
|upkeep
|turn|9
|
|t:|1664735594
|move|p2a: Xerneas|Moonblast|p1a: Groudon
|-damage|p1a: Groudon|0 fnt
|faint|p1a: Groudon
|
|-weather|SunnyDay|[upkeep]
|upkeep
|
|t:|1664735603
|switch|p1a: Necrozma|Necrozma-Dusk-Mane|100/100
|turn|10
|inactive|Tony has 120 seconds left.
|
|t:|1664735627
|move|p2a: Xerneas|Geomancy||[still]
|-prepare|p2a: Xerneas|Geomancy
|-enditem|p2a: Xerneas|Power Herb
|-anim|p2a: Xerneas|Geomancy|p2a: Xerneas
|-boost|p2a: Xerneas|spa|2
|-boost|p2a: Xerneas|spd|2
|-boost|p2a: Xerneas|spe|2
|move|p1a: Necrozma|Sunsteel Strike|p2a: Xerneas
|-supereffective|p2a: Xerneas
|-damage|p2a: Xerneas|0 fnt
|faint|p2a: Xerneas
|
|-weather|none
|upkeep
|
|t:|1664735629
|switch|p2a: Yveltal|Yveltal|100/100
|-ability|p2a: Yveltal|Dark Aura
|turn|11
|inactive|Tony has 120 seconds left.
|
|t:|1664735640
|switch|p1a: Yveltal|Yveltal|100/100
|-ability|p1a: Yveltal|Dark Aura
|move|p2a: Yveltal|Knock Off|p1a: Yveltal
|-resisted|p1a: Yveltal
|-damage|p1a: Yveltal|75/100
|-enditem|p1a: Yveltal|Heavy-Duty Boots|[from] move: Knock Off|[of] p2a: Yveltal
|
|upkeep
|turn|12
|
|t:|1664735644
|switch|p2a: Weezing|Weezing-Galar, M|100/100
|-fieldstart|move: Misty Terrain|[from] ability: Misty Surge|[of] p2a: Weezing
|move|p1a: Yveltal|Knock Off|p2a: Weezing
|-resisted|p2a: Weezing
|-damage|p2a: Weezing|76/100
|-enditem|p2a: Weezing|Terrain Extender|[from] move: Knock Off|[of] p1a: Yveltal
|
|upkeep
|turn|13
|
|t:|1664735653
|move|p1a: Yveltal|Taunt|p2a: Weezing
|-start|p2a: Weezing|move: Taunt
|cant|p2a: Weezing|move: Taunt|Memento
|
|upkeep
|turn|14
|
|t:|1664735670
|switch|p1a: Landorus|Landorus-Therian, M|46/100
|-ability|p1a: Landorus|Intimidate|boost
|-unboost|p2a: Weezing|atk|1
|switch|p2a: Yveltal|Yveltal|100/100
|-ability|p2a: Yveltal|Dark Aura
|-enditem|p2a: Yveltal|Misty Seed
|-boost|p2a: Yveltal|spd|1|[from] item: Misty Seed
|
|-heal|p1a: Landorus|52/100|[from] item: Leftovers
|upkeep
|turn|15
|
|t:|1664735675
|move|p2a: Yveltal|Hone Claws|p2a: Yveltal
|-boost|p2a: Yveltal|atk|1
|-boost|p2a: Yveltal|accuracy|1
|move|p1a: Landorus|Toxic|p2a: Yveltal
|-status|p2a: Yveltal|tox
|
|-heal|p1a: Landorus|58/100|[from] item: Leftovers
|-damage|p2a: Yveltal|94/100 tox|[from] psn
|upkeep
|turn|16
|
|t:|1664735680
|switch|p1a: Yveltal|Yveltal|75/100
|-ability|p1a: Yveltal|Dark Aura
|move|p2a: Yveltal|Knock Off|p1a: Yveltal
|-resisted|p1a: Yveltal
|-damage|p1a: Yveltal|48/100
|
|-damage|p2a: Yveltal|82/100 tox|[from] psn
|upkeep
|turn|17
|
|t:|1664735687
|switch|p1a: Landorus|Landorus-Therian, M|58/100
|-ability|p1a: Landorus|Intimidate|boost
|-unboost|p2a: Yveltal|atk|1
|move|p2a: Yveltal|Acrobatics|p1a: Landorus
|-damage|p1a: Landorus|19/100
|
|-heal|p1a: Landorus|25/100|[from] item: Leftovers
|-damage|p2a: Yveltal|64/100 tox|[from] psn
|upkeep
|turn|18
|
|t:|1664735695
|switch|p1a: Yveltal|Yveltal|48/100
|-ability|p1a: Yveltal|Dark Aura
|move|p2a: Yveltal|Acrobatics|p1a: Yveltal
|-damage|p1a: Yveltal|6/100
|
|-damage|p2a: Yveltal|39/100 tox|[from] psn
|upkeep
|turn|19
|
|t:|1664735706
|move|p2a: Yveltal|Hone Claws|p2a: Yveltal
|-boost|p2a: Yveltal|atk|1
|-boost|p2a: Yveltal|accuracy|1
|move|p1a: Yveltal|Roost|p1a: Yveltal
|-heal|p1a: Yveltal|56/100
|-singleturn|p1a: Yveltal|move: Roost
|
|-damage|p2a: Yveltal|9/100 tox|[from] psn
|-fieldend|Misty Terrain
|upkeep
|turn|20
|
|t:|1664735728
|switch|p2a: Weezing|Weezing-Galar, M|76/100
|-fieldstart|move: Misty Terrain|[from] ability: Misty Surge|[of] p2a: Weezing
|switch|p1a: Eternatus|Eternatus|7/100
|-ability|p1a: Eternatus|Pressure
|
|upkeep
|turn|21
|
|t:|1664735740
|move|p1a: Eternatus|Recover|p1a: Eternatus
|-heal|p1a: Eternatus|57/100
|move|p2a: Weezing|Memento|p1a: Eternatus
|-unboost|p1a: Eternatus|atk|2
|-unboost|p1a: Eternatus|spa|2
|faint|p2a: Weezing
|
|upkeep
|
|t:|1664735743
|switch|p2a: Kyurem|Kyurem-Black|100/100
|-ability|p2a: Kyurem|Teravolt
|turn|22
|
|t:|1664735747
|move|p1a: Eternatus|Dynamax Cannon|p2a: Kyurem
|-supereffective|p2a: Kyurem
|-damage|p2a: Kyurem|81/100
|-enditem|p2a: Kyurem|Weakness Policy
|-boost|p2a: Kyurem|atk|2|[from] item: Weakness Policy
|-boost|p2a: Kyurem|spa|2|[from] item: Weakness Policy
|move|p2a: Kyurem|Dragon Dance|p2a: Kyurem
|-boost|p2a: Kyurem|atk|1
|-boost|p2a: Kyurem|spe|1
|
|upkeep
|turn|23
|c|☆Exiline|oops
|
|t:|1664735757
|switch|p1a: Landorus|Landorus-Therian, M|25/100
|-ability|p1a: Landorus|Intimidate|boost
|-unboost|p2a: Kyurem|atk|1
|move|p2a: Kyurem|Icicle Spear|p1a: Landorus
|-supereffective|p1a: Landorus
|-damage|p1a: Landorus|0 fnt
|faint|p1a: Landorus
|-hitcount|p1: Landorus|1
|
|upkeep
|
|t:|1664735765
|switch|p1a: Necrozma|Necrozma-Dusk-Mane|100/100
|turn|24
|inactive|Tony has 180 seconds left.
|inactive|Tony has 150 seconds left.
|
|t:|1664735824
|move|p2a: Kyurem|Fusion Bolt|p1a: Necrozma
|-damage|p1a: Necrozma|43/100
|move|p1a: Necrozma|Sunsteel Strike|p2a: Kyurem
|-supereffective|p2a: Kyurem
|-damage|p2a: Kyurem|8/100
|
|-heal|p1a: Necrozma|49/100|[from] item: Leftovers
|-fieldend|Misty Terrain
|upkeep
|turn|25
|
|t:|1664735829
|move|p2a: Kyurem|Fusion Bolt|p1a: Necrozma
|-damage|p1a: Necrozma|0 fnt
|faint|p1a: Necrozma
|
|upkeep
|
|t:|1664735832
|switch|p1a: Rayquaza|Rayquaza|100/100
|-ability|p1a: Rayquaza|Air Lock
|turn|26
|c|☆Exiline|g_g
|
|t:|1664735836
|move|p1a: Rayquaza|Extreme Speed|p2a: Kyurem
|-damage|p2a: Kyurem|0 fnt
|faint|p2a: Kyurem
|
|upkeep
|
|t:|1664735838
|switch|p2a: Yveltal|Yveltal|9/100 tox
|-ability|p2a: Yveltal|Dark Aura
|turn|27
|c|☆Tony|gg
|
|t:|1664735844
|move|p1a: Rayquaza|Extreme Speed|p2a: Yveltal
|-damage|p2a: Yveltal|0 fnt
|faint|p2a: Yveltal
|
|win|Exiline
