|inactive|Battle timer is ON: inactive players will automatically lose when time's up.
|t:|1653693697
|gametype|singles
|player|p1|Stallion|#wcop2021oceania|
|player|p2|Bushtush|#bushtush|
|teamsize|p1|6
|teamsize|p2|6
|gen|8
|tier|[Gen 8] Ubers
|rule|Sleep Clause Mod: Limit one foe put to sleep
|rule|Species Clause: Limit one of each Pokémon
|rule|OHKO Clause: OHKO moves are banned
|rule|Evasion Moves Clause: Evasion moves are banned
|rule|Endless Battle Clause: Forcing endless battles is banned
|rule|HP Percentage Mod: HP is shown in percentages
|rule|Dynamax Clause: You cannot dynamax
|clearpoke
|poke|p1|Yveltal|
|poke|p1|Groudon|
|poke|p1|Eternatus|
|poke|p1|Zygarde|
|poke|p1|Necrozma-Dusk-Mane|
|poke|p1|Pheromosa|
|poke|p2|Eternatus|
|poke|p2|Kyogre|
|poke|p2|Marshadow|
|poke|p2|Ferrothorn, F|
|poke|p2|Yveltal|
|poke|p2|Necrozma-Dusk-Mane|
|teampreview
|c|☆Stallion|glhf
|inactive|Stallion has 270 seconds left.
|inactive|Bushtush has 270 seconds left.
|inactive|Bushtush has 240 seconds left.
|inactive|Bushtush has 210 seconds left.
|
|t:|1653693797
|start
|switch|p1a: Pheromosa|Pheromosa|100/100
|switch|p2a: Eternatus|Eternatus|100/100
|-ability|p2a: Eternatus|Pressure
|turn|1
|
|t:|1653693824
|move|p1a: Pheromosa|U-turn|p2a: Eternatus
|-resisted|p2a: Eternatus
|-damage|p2a: Eternatus|83/100
|inactive|Stallion has 270 seconds left.
|
|t:|1653693846
|switch|p1a: Necrozma|Necrozma-Dusk-Mane|100/100|[from]move: U-turn
|move|p2a: Eternatus|Toxic|p1a: Necrozma
|-immune|p1a: Necrozma
|
|upkeep
|turn|2
|
|t:|1653693853
|switch|p2a: Ferrothorn|Ferrothorn, F|100/100
|move|p1a: Necrozma|Knock Off|p2a: Ferrothorn
|-damage|p2a: Ferrothorn|76/100
|-damage|p1a: Necrozma|88/100|[from] ability: Iron Barbs|[of] p2a: Ferrothorn
|-enditem|p2a: Ferrothorn|Leftovers|[from] move: Knock Off|[of] p1a: Necrozma
|
|-heal|p1a: Necrozma|94/100|[from] item: Leftovers
|upkeep
|turn|3
|
|t:|1653693862
|switch|p1a: Yveltal|Yveltal|100/100
|-ability|p1a: Yveltal|Dark Aura
|move|p2a: Ferrothorn|Spikes|p1a: Yveltal
|-sidestart|p1: Stallion|Spikes
|
|upkeep
|turn|4
|inactive|Bushtush has 240 seconds left.
|
|t:|1653693897
|switch|p2a: Eternatus|Eternatus|83/100
|-ability|p2a: Eternatus|Pressure
|move|p1a: Yveltal|Taunt|p2a: Eternatus
|-start|p2a: Eternatus|move: Taunt
|
|upkeep
|turn|5
|inactive|Bushtush has 240 seconds left.
|
|t:|1653693921
|move|p2a: Eternatus|Draco Meteor|p1a: Yveltal|[miss]
|-miss|p2a: Eternatus|p1a: Yveltal
|move|p1a: Yveltal|Defog|p2a: Eternatus
|-unboost|p2a: Eternatus|evasion|1
|-sideend|p1: Stallion|Spikes|[from] move: Defog|[of] p1a: Yveltal
|
|upkeep
|turn|6
|
|t:|1653693937
|switch|p1a: Necrozma|Necrozma-Dusk-Mane|94/100
|move|p2a: Eternatus|Draco Meteor|p1a: Necrozma
|-resisted|p1a: Necrozma
|-damage|p1a: Necrozma|73/100
|-unboost|p2a: Eternatus|spa|2
|
|-heal|p1a: Necrozma|79/100|[from] item: Leftovers
|-end|p2a: Eternatus|move: Taunt
|upkeep
|turn|7
|
|t:|1653693946
|switch|p2a: Ferrothorn|Ferrothorn, F|76/100
|switch|p1a: Pheromosa|Pheromosa|100/100
|
|upkeep
|turn|8
|inactive|Bushtush has 210 seconds left.
|
|t:|1653693977
|switch|p2a: Eternatus|Eternatus|83/100
|-ability|p2a: Eternatus|Pressure
|move|p1a: Pheromosa|U-turn|p2a: Eternatus
|-resisted|p2a: Eternatus
|-damage|p2a: Eternatus|64/100
|inactive|Stallion has 270 seconds left.
|inactive|Stallion has 240 seconds left.
|inactive|Stallion has 210 seconds left.
|
|t:|1653694070
|switch|p1a: Eternatus|Eternatus|100/100|[from]move: U-turn
|-ability|p1a: Eternatus|Pressure
|
|upkeep
|turn|9
|inactive|Stallion has 210 seconds left.
|
|t:|1653694081
|switch|p2a: Necrozma|Necrozma-Dusk-Mane|100/100
|move|p1a: Eternatus|Dynamax Cannon|p2a: Necrozma
|-resisted|p2a: Necrozma
|-damage|p2a: Necrozma|86/100
|
|-heal|p2a: Necrozma|92/100|[from] item: Leftovers
|upkeep
|turn|10
|inactive|Stallion has 210 seconds left.
|
|t:|1653694100
|switch|p1a: Zygarde|Zygarde|100/100
|move|p2a: Necrozma|Stealth Rock|p1a: Zygarde
|-sidestart|p1: Stallion|move: Stealth Rock
|
|-heal|p2a: Necrozma|98/100|[from] item: Leftovers
|upkeep
|turn|11
|
|t:|1653694105
|switch|p2a: Kyogre|Kyogre|100/100
|-weather|RainDance|[from] ability: Drizzle|[of] p2a: Kyogre
|move|p1a: Zygarde|Dragon Dance|p1a: Zygarde
|-boost|p1a: Zygarde|atk|1
|-boost|p1a: Zygarde|spe|1
|
|-weather|RainDance|[upkeep]
|upkeep
|turn|12
|inactive|Stallion has 210 seconds left.
|inactive|Stallion has 180 seconds left.
|
|t:|1653694153
|move|p1a: Zygarde|Outrage|p2a: Kyogre
|-crit|p2a: Kyogre
|-damage|p2a: Kyogre|0 fnt
|faint|p2a: Kyogre
|-damage|p1a: Zygarde|91/100|[from] item: Life Orb
|
|-weather|RainDance|[upkeep]
|upkeep
|c|☆Bushtush|.
|c|☆Stallion|sorry
|inactive|Bushtush has 210 seconds left.
|inactive|Bushtush has 180 seconds left.
|
|t:|1653694218
|switch|p2a: Ferrothorn|Ferrothorn, F|76/100
|turn|13
|
|t:|1653694224
|move|p1a: Zygarde|Outrage|p2a: Ferrothorn|[from]lockedmove
|-resisted|p2a: Ferrothorn
|-damage|p2a: Ferrothorn|31/100
|-damage|p1a: Zygarde|78/100|[from] ability: Iron Barbs|[of] p2a: Ferrothorn
|-damage|p1a: Zygarde|69/100|[from] item: Life Orb
|-start|p1a: Zygarde|confusion|[fatigue]
|move|p2a: Ferrothorn|Leech Seed|p1a: Zygarde
|-start|p1a: Zygarde|move: Leech Seed
|
|-weather|RainDance|[upkeep]
|-damage|p1a: Zygarde|56/100|[from] Leech Seed|[of] p2a: Ferrothorn
|-heal|p2a: Ferrothorn|44/100|[silent]
|upkeep
|turn|14
|
|t:|1653694244
|-activate|p1a: Zygarde|confusion
|-damage|p1a: Zygarde|41/100|[from] confusion
|move|p2a: Ferrothorn|Knock Off|p1a: Zygarde
|-damage|p1a: Zygarde|23/100
|-enditem|p1a: Zygarde|Life Orb|[from] move: Knock Off|[of] p2a: Ferrothorn
|
|-weather|RainDance|[upkeep]
|-damage|p1a: Zygarde|11/100|[from] Leech Seed|[of] p2a: Ferrothorn
|-heal|p2a: Ferrothorn|56/100|[silent]
|-activate|p1a: Zygarde|ability: Power Construct
|detailschange|p1a: Zygarde|Zygarde-Complete
|-heal|p1a: Zygarde|44/100|[silent]
|upkeep
|turn|15
|inactive|Bushtush has 150 seconds left.
|inactive|Bushtush has 120 seconds left.
|
|t:|1653694290
|-end|p1a: Zygarde|confusion
|move|p1a: Zygarde|Thousand Arrows|p2a: Ferrothorn
|-damage|p2a: Ferrothorn|4/100
|move|p2a: Ferrothorn|Curse|p2a: Ferrothorn
|-unboost|p2a: Ferrothorn|spe|1
|-boost|p2a: Ferrothorn|atk|1
|-boost|p2a: Ferrothorn|def|1
|
|-weather|none
|-damage|p1a: Zygarde|32/100|[from] Leech Seed|[of] p2a: Ferrothorn
|-heal|p2a: Ferrothorn|24/100|[silent]
|upkeep
|turn|16
|inactive|Bushtush has 120 seconds left.
|
|t:|1653694316
|switch|p2a: Yveltal|Yveltal|100/100
|-ability|p2a: Yveltal|Dark Aura
|move|p1a: Zygarde|Thousand Arrows|p2a: Yveltal
|-damage|p2a: Yveltal|51/100
|-start|p2a: Yveltal|Smack Down
|
|-damage|p1a: Zygarde|20/100|[from] Leech Seed|[of] p2a: Yveltal
|-heal|p2a: Yveltal|68/100|[silent]
|upkeep
|turn|17
|inactive|Stallion has 210 seconds left.
|
|t:|1653694341
|move|p2a: Yveltal|Sucker Punch|p1a: Zygarde
|-damage|p1a: Zygarde|0 fnt
|faint|p1a: Zygarde
|
|upkeep
|
|t:|1653694356
|switch|p1a: Yveltal|Yveltal|100/100
|-ability|p1a: Yveltal|Dark Aura
|turn|18
|
|t:|1653694368
|move|p1a: Yveltal|Defog|p2a: Yveltal
|-unboost|p2a: Yveltal|evasion|1
|-sideend|p1: Stallion|Stealth Rock|[from] move: Defog|[of] p1a: Yveltal
|move|p2a: Yveltal|Taunt|p1a: Yveltal
|-start|p1a: Yveltal|move: Taunt
|
|upkeep
|turn|19
|
|t:|1653694382
|switch|p1a: Eternatus|Eternatus|100/100
|-ability|p1a: Eternatus|Pressure
|move|p2a: Yveltal|Roost|p2a: Yveltal
|-heal|p2a: Yveltal|100/100
|-singleturn|p2a: Yveltal|move: Roost
|
|upkeep
|turn|20
|inactive|Bushtush disconnected and has 300 seconds to reconnect!
|player|p2|
|inactive|Bushtush has 270 seconds to reconnect!
|inactive|Bushtush reconnected and has 100 seconds left.
|player|p2|Bushtush|#bushtush
|c|☆Stallion|Oh good
|inactive|Bushtush has 90 seconds left.
|c|☆Stallion|I'm glad you didn't dc :)
|
|t:|1653694462
|switch|p1a: Yveltal|Yveltal|100/100
|-ability|p1a: Yveltal|Dark Aura
|switch|p2a: Necrozma|Necrozma-Dusk-Mane|98/100
|
|-heal|p2a: Necrozma|100/100|[from] item: Leftovers
|upkeep
|turn|21
|
|t:|1653694471
|switch|p2a: Yveltal|Yveltal|100/100
|-ability|p2a: Yveltal|Dark Aura
|move|p1a: Yveltal|Taunt|p2a: Yveltal
|-start|p2a: Yveltal|move: Taunt
|
|upkeep
|turn|22
|inactive|Stallion has 210 seconds left.
|inactive|Bushtush has 90 seconds left.
|
|t:|1653694479
|move|p1a: Yveltal|Knock Off|p2a: Yveltal
|-resisted|p2a: Yveltal
|-crit|p2a: Yveltal
|-damage|p2a: Yveltal|66/100
|-enditem|p2a: Yveltal|Heavy-Duty Boots|[from] move: Knock Off|[of] p1a: Yveltal
|move|p2a: Yveltal|Foul Play|p1a: Yveltal
|-resisted|p1a: Yveltal
|-damage|p1a: Yveltal|75/100
|
|upkeep
|turn|23
|
|t:|1653694486
|move|p2a: Yveltal|Foul Play|p1a: Yveltal
|-resisted|p1a: Yveltal
|-damage|p1a: Yveltal|49/100
|move|p1a: Yveltal|Knock Off|p2a: Yveltal
|-resisted|p2a: Yveltal
|-damage|p2a: Yveltal|49/100
|
|-end|p2a: Yveltal|move: Taunt
|upkeep
|turn|24
|
|t:|1653694495
|move|p2a: Yveltal|Taunt|p1a: Yveltal
|-start|p1a: Yveltal|move: Taunt
|cant|p1a: Yveltal|move: Taunt|Roost
|
|upkeep
|turn|25
|
|t:|1653694500
|switch|p1a: Eternatus|Eternatus|100/100
|-ability|p1a: Eternatus|Pressure
|move|p2a: Yveltal|Roost|p2a: Yveltal
|-heal|p2a: Yveltal|99/100
|-singleturn|p2a: Yveltal|move: Roost
|
|upkeep
|turn|26
|
|t:|1653694507
|move|p2a: Yveltal|Foul Play|p1a: Eternatus
|-damage|p1a: Eternatus|74/100
|move|p1a: Eternatus|Dragon Tail|p2a: Yveltal
|-damage|p2a: Yveltal|87/100
|drag|p2a: Necrozma|Necrozma-Dusk-Mane|100/100
|
|upkeep
|turn|27
|inactive|Bushtush has 120 seconds left.
|
|t:|1653694521
|switch|p1a: Groudon|Groudon|100/100
|-weather|SunnyDay|[from] ability: Drought|[of] p1a: Groudon
|move|p2a: Necrozma|Thunder Wave|p1a: Groudon
|-immune|p1a: Groudon
|
|-weather|SunnyDay|[upkeep]
|upkeep
|turn|28
|inactive|Bushtush has 120 seconds left.
|
|t:|1653694543
|move|p1a: Groudon|Stealth Rock|p2a: Necrozma
|-sidestart|p2: Bushtush|move: Stealth Rock
|move|p2a: Necrozma|Stealth Rock|p1a: Groudon
|-sidestart|p1: Stallion|move: Stealth Rock
|
|-weather|SunnyDay|[upkeep]
|upkeep
|turn|29
|inactive|Stallion has 270 seconds left.
|
|t:|1653694560
|move|p1a: Groudon|Toxic|p2a: Necrozma|[miss]
|-miss|p1a: Groudon|p2a: Necrozma
|move|p2a: Necrozma|Iron Head|p1a: Groudon
|-damage|p1a: Groudon|81/100
|
|-weather|SunnyDay|[upkeep]
|-heal|p1a: Groudon|87/100|[from] item: Leftovers
|upkeep
|turn|30
|
|t:|1653694579
|move|p1a: Groudon|Toxic|p2a: Necrozma
|-immune|p2a: Necrozma
|move|p2a: Necrozma|Iron Head|p1a: Groudon
|-damage|p1a: Groudon|67/100
|
|-weather|SunnyDay|[upkeep]
|-heal|p1a: Groudon|73/100|[from] item: Leftovers
|upkeep
|turn|31
|
|t:|1653694583
|switch|p2a: Yveltal|Yveltal|87/100
|-damage|p2a: Yveltal|62/100|[from] Stealth Rock
|-ability|p2a: Yveltal|Dark Aura
|move|p1a: Groudon|Precipice Blades|p2a: Yveltal
|-immune|p2a: Yveltal
|
|-weather|none
|-heal|p1a: Groudon|79/100|[from] item: Leftovers
|upkeep
|turn|32
|
|t:|1653694591
|switch|p1a: Eternatus|Eternatus|74/100
|-ability|p1a: Eternatus|Pressure
|move|p2a: Yveltal|Foul Play|p1a: Eternatus
|-damage|p1a: Eternatus|47/100
|
|upkeep
|turn|33
|inactive|Bushtush has 120 seconds left.
|
|t:|1653694622
|move|p1a: Eternatus|Recover|p1a: Eternatus
|-heal|p1a: Eternatus|97/100
|move|p2a: Yveltal|Roost|p2a: Yveltal
|-heal|p2a: Yveltal|100/100
|-singleturn|p2a: Yveltal|move: Roost
|
|upkeep
|turn|34
|inactive|Bushtush has 90 seconds left.
|
|t:|1653694643
|switch|p2a: Necrozma|Necrozma-Dusk-Mane|100/100
|-damage|p2a: Necrozma|94/100|[from] Stealth Rock
|move|p1a: Eternatus|Sludge Bomb|p2a: Necrozma
|-immune|p2a: Necrozma
|
|-heal|p2a: Necrozma|100/100|[from] item: Leftovers
|upkeep
|turn|35
|inactive|Bushtush has 90 seconds left.
|
|t:|1653694653
|switch|p1a: Groudon|Groudon|79/100
|-damage|p1a: Groudon|73/100|[from] Stealth Rock
|-weather|SunnyDay|[from] ability: Drought|[of] p1a: Groudon
|move|p2a: Necrozma|Iron Head|p1a: Groudon
|-damage|p1a: Groudon|53/100
|
|-weather|SunnyDay|[upkeep]
|-heal|p1a: Groudon|59/100|[from] item: Leftovers
|upkeep
|turn|36
|inactive|Bushtush has 90 seconds left.
|
|t:|1653694661
|switch|p2a: Yveltal|Yveltal|100/100
|-damage|p2a: Yveltal|76/100|[from] Stealth Rock
|-ability|p2a: Yveltal|Dark Aura
|move|p1a: Groudon|Precipice Blades|p2a: Yveltal
|-immune|p2a: Yveltal
|
|-weather|SunnyDay|[upkeep]
|-heal|p1a: Groudon|66/100|[from] item: Leftovers
|upkeep
|turn|37
|inactive|Bushtush has 90 seconds left.
|
|t:|1653694674
|switch|p1a: Yveltal|Yveltal|49/100
|-ability|p1a: Yveltal|Dark Aura
|move|p2a: Yveltal|Foul Play|p1a: Yveltal
|-resisted|p1a: Yveltal
|-damage|p1a: Yveltal|26/100
|
|-weather|SunnyDay|[upkeep]
|upkeep
|turn|38
|
|t:|1653694680
|move|p1a: Yveltal|Taunt|p2a: Yveltal
|-start|p2a: Yveltal|move: Taunt
|cant|p2a: Yveltal|move: Taunt|Taunt
|
|-weather|SunnyDay|[upkeep]
|upkeep
|turn|39
|inactive|Bushtush has 90 seconds left.
|inactive|Bushtush has 60 seconds left.
|
|t:|1653694756
|move|p1a: Yveltal|Roost|p1a: Yveltal
|-heal|p1a: Yveltal|76/100
|-singleturn|p1a: Yveltal|move: Roost
|move|p2a: Yveltal|Foul Play|p1a: Yveltal
|-resisted|p1a: Yveltal
|-damage|p1a: Yveltal|54/100
|
|-weather|none
|upkeep
|turn|40
|
|t:|1653694776
|move|p2a: Yveltal|Foul Play|p1a: Yveltal
|-resisted|p1a: Yveltal
|-damage|p1a: Yveltal|28/100
|move|p1a: Yveltal|Knock Off|p2a: Yveltal
|-resisted|p2a: Yveltal
|-damage|p2a: Yveltal|60/100
|
|-end|p2a: Yveltal|move: Taunt
|upkeep
|turn|41
|
|t:|1653694784
|move|p2a: Yveltal|Taunt|p1a: Yveltal
|-start|p1a: Yveltal|move: Taunt
|cant|p1a: Yveltal|move: Taunt|Taunt
|
|upkeep
|turn|42
|
|t:|1653694797
|switch|p1a: Eternatus|Eternatus|97/100
|-ability|p1a: Eternatus|Pressure
|move|p2a: Yveltal|Roost|p2a: Yveltal
|-heal|p2a: Yveltal|100/100
|-singleturn|p2a: Yveltal|move: Roost
|
|upkeep
|turn|43
|inactive|Bushtush has 60 seconds left.
|
|t:|1653694803
|switch|p1a: Yveltal|Yveltal|28/100
|-ability|p1a: Yveltal|Dark Aura
|move|p2a: Yveltal|Foul Play|p1a: Yveltal
|-resisted|p1a: Yveltal
|-damage|p1a: Yveltal|6/100
|
|upkeep
|turn|44
|
|t:|1653694812
|move|p1a: Yveltal|Taunt|p2a: Yveltal
|-start|p2a: Yveltal|move: Taunt
|move|p2a: Yveltal|Foul Play|p1a: Yveltal
|-resisted|p1a: Yveltal
|-damage|p1a: Yveltal|0 fnt
|faint|p1a: Yveltal
|
|upkeep
|
|t:|1653694814
|switch|p1a: Pheromosa|Pheromosa|100/100
|-damage|p1a: Pheromosa|88/100|[from] Stealth Rock
|turn|45
|inactive|Bushtush has 60 seconds left.
|
|t:|1653694844
|switch|p2a: Ferrothorn|Ferrothorn, F|24/100
|-damage|p2a: Ferrothorn|18/100|[from] Stealth Rock
|move|p1a: Pheromosa|Triple Axel|p2a: Ferrothorn
|-damage|p2a: Ferrothorn|9/100
|-damage|p1a: Pheromosa|76/100|[from] ability: Iron Barbs|[of] p2a: Ferrothorn
|-damage|p2a: Ferrothorn|0 fnt
|-damage|p1a: Pheromosa|63/100|[from] ability: Iron Barbs|[of] p2a: Ferrothorn
|faint|p2a: Ferrothorn
|-ability|p1a: Pheromosa|Beast Boost|boost
|-boost|p1a: Pheromosa|spe|1
|-hitcount|p2: Ferrothorn|2
|
|upkeep
|
|t:|1653694855
|switch|p2a: Necrozma|Necrozma-Dusk-Mane|100/100
|-damage|p2a: Necrozma|94/100|[from] Stealth Rock
|turn|46
|
|t:|1653694867
|switch|p1a: Eternatus|Eternatus|97/100
|-ability|p1a: Eternatus|Pressure
|move|p2a: Necrozma|Iron Head|p1a: Eternatus
|-damage|p1a: Eternatus|66/100
|
|-heal|p2a: Necrozma|100/100|[from] item: Leftovers
|upkeep
|turn|47
|
|t:|1653694873
|switch|p1a: Groudon|Groudon|66/100
|-damage|p1a: Groudon|59/100|[from] Stealth Rock
|-weather|SunnyDay|[from] ability: Drought|[of] p1a: Groudon
|move|p2a: Necrozma|Thunder Wave|p1a: Groudon
|-immune|p1a: Groudon
|
|-weather|SunnyDay|[upkeep]
|-heal|p1a: Groudon|66/100|[from] item: Leftovers
|upkeep
|turn|48
|
|t:|1653694877
|move|p1a: Groudon|Precipice Blades|p2a: Necrozma
|-supereffective|p2a: Necrozma
|-damage|p2a: Necrozma|33/100
|move|p2a: Necrozma|Iron Head|p1a: Groudon
|-damage|p1a: Groudon|45/100
|
|-weather|SunnyDay|[upkeep]
|-heal|p1a: Groudon|51/100|[from] item: Leftovers
|-heal|p2a: Necrozma|39/100|[from] item: Leftovers
|upkeep
|turn|49
|inactive|Bushtush has 60 seconds left.
|inactive|Bushtush has 30 seconds left.
|
|t:|1653694923
|switch|p2a: Yveltal|Yveltal|100/100
|-damage|p2a: Yveltal|76/100|[from] Stealth Rock
|-ability|p2a: Yveltal|Dark Aura
|move|p1a: Groudon|Precipice Blades|p2a: Yveltal
|-immune|p2a: Yveltal
|
|-weather|SunnyDay|[upkeep]
|-heal|p1a: Groudon|58/100|[from] item: Leftovers
|upkeep
|turn|50
|inactive|Bushtush has 30 seconds left.
|
|t:|1653694931
|switch|p1a: Eternatus|Eternatus|66/100
|-ability|p1a: Eternatus|Pressure
|move|p2a: Yveltal|Taunt|p1a: Eternatus
|-start|p1a: Eternatus|move: Taunt
|
|-weather|SunnyDay|[upkeep]
|upkeep
|turn|51
|inactive|Bushtush has 30 seconds left.
|
|t:|1653694942
|move|p2a: Yveltal|Foul Play|p1a: Eternatus
|-damage|p1a: Eternatus|39/100
|move|p1a: Eternatus|Dragon Tail|p2a: Yveltal
|-damage|p2a: Yveltal|62/100
|drag|p2a: Necrozma|Necrozma-Dusk-Mane|39/100
|-damage|p2a: Necrozma|33/100|[from] Stealth Rock
|
|-weather|none
|-heal|p2a: Necrozma|39/100|[from] item: Leftovers
|upkeep
|turn|52
|inactive|Bushtush has 30 seconds left.
|inactive|Bushtush has 20 seconds left.
|
|t:|1653694963
|switch|p1a: Groudon|Groudon|58/100
|-damage|p1a: Groudon|51/100|[from] Stealth Rock
|-weather|SunnyDay|[from] ability: Drought|[of] p1a: Groudon
|move|p2a: Necrozma|Iron Head|p1a: Groudon
|-damage|p1a: Groudon|31/100
|
|-weather|SunnyDay|[upkeep]
|-heal|p1a: Groudon|37/100|[from] item: Leftovers
|-heal|p2a: Necrozma|45/100|[from] item: Leftovers
|upkeep
|turn|53
|inactive|Bushtush has 30 seconds left this turn.
|
|t:|1653694972
|move|p1a: Groudon|Stone Edge|p2a: Necrozma|[miss]
|-miss|p1a: Groudon|p2a: Necrozma
|move|p2a: Necrozma|Iron Head|p1a: Groudon
|-damage|p1a: Groudon|18/100
|
|-weather|SunnyDay|[upkeep]
|-heal|p1a: Groudon|24/100|[from] item: Leftovers
|-heal|p2a: Necrozma|51/100|[from] item: Leftovers
|upkeep
|turn|54
|inactive|Bushtush has 30 seconds left.
|inactive|Bushtush has 20 seconds left.
|
|t:|1653694989
|move|p1a: Groudon|Stone Edge|p2a: Necrozma
|-resisted|p2a: Necrozma
|-damage|p2a: Necrozma|38/100
|move|p2a: Necrozma|Iron Head|p1a: Groudon
|-damage|p1a: Groudon|4/100
|
|-weather|SunnyDay|[upkeep]
|-heal|p1a: Groudon|10/100|[from] item: Leftovers
|-heal|p2a: Necrozma|44/100|[from] item: Leftovers
|upkeep
|turn|55
|inactive|Bushtush has 30 seconds left this turn.
|inactive|Bushtush has 20 seconds left.
|
|t:|1653695001
|switch|p2a: Yveltal|Yveltal|62/100
|-damage|p2a: Yveltal|37/100|[from] Stealth Rock
|-ability|p2a: Yveltal|Dark Aura
|move|p1a: Groudon|Stone Edge|p2a: Yveltal|[miss]
|-miss|p1a: Groudon|p2a: Yveltal
|
|-weather|SunnyDay|[upkeep]
|-heal|p1a: Groudon|17/100|[from] item: Leftovers
|upkeep
|turn|56
|inactive|Bushtush has 30 seconds left this turn.
|c|☆Stallion|FUCK
|c|☆Stallion|god damnit
|inactive|Bushtush has 20 seconds left.
|inactive|Bushtush has 15 seconds left.
|inactive|Bushtush has 10 seconds left.
|
|t:|1653695021
|move|p2a: Yveltal|Taunt|p1a: Groudon
|-start|p1a: Groudon|move: Taunt
|cant|p1a: Groudon|move: Taunt|Toxic
|
|-weather|none
|-heal|p1a: Groudon|23/100|[from] item: Leftovers
|upkeep
|turn|57
|inactive|Bushtush has 20 seconds left this turn.
|inactive|Bushtush has 15 seconds left.
|inactive|Bushtush has 10 seconds left.
|
|t:|1653695033
|switch|p1a: Pheromosa|Pheromosa|63/100
|-damage|p1a: Pheromosa|51/100|[from] Stealth Rock
|move|p2a: Yveltal|Roost|p2a: Yveltal
|-heal|p2a: Yveltal|87/100
|-singleturn|p2a: Yveltal|move: Roost
|
|upkeep
|turn|58
|inactive|Bushtush has 20 seconds left this turn.
|inactive|Bushtush has 15 seconds left.
|
|t:|1653695044
|move|p2a: Yveltal|Sucker Punch|p1a: Pheromosa
|-resisted|p1a: Pheromosa
|-damage|p1a: Pheromosa|0 fnt
|faint|p1a: Pheromosa
|
|upkeep
|inactive|Bushtush has 20 seconds left this turn.
|c|☆Stallion|And the roll too >.<
|c|☆Stallion|Ah well
|c|☆Stallion|I got lucky earlier
|c|☆Stallion|Happens
|inactive|Stallion has 270 seconds left.
|
|t:|1653695072
|switch|p1a: Eternatus|Eternatus|39/100
|-ability|p1a: Eternatus|Pressure
|turn|59
|inactive|Bushtush has 30 seconds left this turn.
|c|☆Stallion|You outplayed the fuck out of me on like every 50/50 lol
|inactive|Stallion has 270 seconds left.
|
|t:|1653695088
|move|p1a: Eternatus|Recover|p1a: Eternatus
|-heal|p1a: Eternatus|89/100
|move|p2a: Yveltal|Taunt|p1a: Eternatus
|-start|p1a: Eternatus|move: Taunt
|
|upkeep
|turn|60
|c|☆Bushtush|happens brither ye weird game
|c|☆Bushtush|brother
|inactive|Stallion has 270 seconds left.
|
|t:|1653695101
|move|p1a: Eternatus|Sludge Bomb|p2a: Yveltal
|-damage|p2a: Yveltal|56/100
|move|p2a: Yveltal|Foul Play|p1a: Eternatus
|-damage|p1a: Eternatus|64/100
|
|upkeep
|turn|61
|inactive|Stallion has 270 seconds left.
|
|t:|1653695110
|switch|p2a: Necrozma|Necrozma-Dusk-Mane|44/100
|-damage|p2a: Necrozma|38/100|[from] Stealth Rock
|move|p1a: Eternatus|Dragon Tail|p2a: Necrozma
|-resisted|p2a: Necrozma
|-damage|p2a: Necrozma|32/100
|drag|p2a: Yveltal|Yveltal|56/100
|-damage|p2a: Yveltal|31/100|[from] Stealth Rock
|-ability|p2a: Yveltal|Dark Aura
|
|upkeep
|turn|62
|inactive|Bushtush has 30 seconds left.
|
|t:|1653695137
|move|p2a: Yveltal|Sucker Punch|p1a: Eternatus
|-damage|p1a: Eternatus|32/100
|move|p1a: Eternatus|Dynamax Cannon|p2a: Yveltal
|-damage|p2a: Yveltal|0 fnt
|faint|p2a: Yveltal
|
|-end|p1a: Eternatus|move: Taunt
|upkeep
|inactive|Bushtush has 30 seconds left this turn.
|inactive|Bushtush has 20 seconds left.
|inactive|Bushtush has 15 seconds left.
|inactive|Bushtush has 10 seconds left.
|
|t:|1653695158
|switch|p2a: Marshadow|Marshadow|100/100
|-damage|p2a: Marshadow|94/100|[from] Stealth Rock
|turn|63
|inactive|Bushtush has 20 seconds left this turn.
|inactive|Stallion has 270 seconds left.
|
|t:|1653695181
|move|p1a: Eternatus|Recover|p1a: Eternatus
|-heal|p1a: Eternatus|82/100
|move|p2a: Marshadow|Spectral Thief|p1a: Eternatus
|-damage|p1a: Eternatus|44/100
|
|upkeep
|turn|64
|inactive|Bushtush has 30 seconds left this turn.
|inactive|Stallion has 270 seconds left.
|inactive|Bushtush has 20 seconds left.
|
|t:|1653695199
|move|p1a: Eternatus|Recover|p1a: Eternatus
|-heal|p1a: Eternatus|94/100
|move|p2a: Marshadow|Spectral Thief|p1a: Eternatus
|-damage|p1a: Eternatus|50/100
|
|upkeep
|turn|65
|inactive|Bushtush has 30 seconds left this turn.
|inactive|Stallion has 270 seconds left.
|
|t:|1653695204
|switch|p2a: Necrozma|Necrozma-Dusk-Mane|32/100
|-damage|p2a: Necrozma|26/100|[from] Stealth Rock
|move|p1a: Eternatus|Recover|p1a: Eternatus
|-heal|p1a: Eternatus|100/100
|
|-heal|p2a: Necrozma|32/100|[from] item: Leftovers
|upkeep
|turn|66
|inactive|Stallion has 270 seconds left.
|
|t:|1653695215
|switch|p1a: Groudon|Groudon|23/100
|-damage|p1a: Groudon|17/100|[from] Stealth Rock
|-weather|SunnyDay|[from] ability: Drought|[of] p1a: Groudon
|move|p2a: Necrozma|Iron Head|p1a: Groudon
|-damage|p1a: Groudon|0 fnt
|faint|p1a: Groudon
|
|-weather|SunnyDay|[upkeep]
|-heal|p2a: Necrozma|38/100|[from] item: Leftovers
|upkeep
|inactive|Stallion has 270 seconds left.
|
|t:|1653695229
|switch|p1a: Necrozma|Necrozma-Dusk-Mane|79/100
|-damage|p1a: Necrozma|73/100|[from] Stealth Rock
|turn|67
|inactive|Stallion has 270 seconds left.
|inactive|Bushtush has 30 seconds left.
|
|t:|1653695256
|move|p1a: Necrozma|Knock Off|p2a: Necrozma
|-supereffective|p2a: Necrozma
|-damage|p2a: Necrozma|3/100
|-enditem|p2a: Necrozma|Leftovers|[from] move: Knock Off|[of] p1a: Necrozma
|move|p2a: Necrozma|Morning Sun|p2a: Necrozma
|-heal|p2a: Necrozma|70/100
|
|-weather|SunnyDay|[upkeep]
|-heal|p1a: Necrozma|79/100|[from] item: Leftovers
|upkeep
|turn|68
|
|t:|1653695260
|move|p1a: Necrozma|Dragon Dance|p1a: Necrozma
|-boost|p1a: Necrozma|atk|1
|-boost|p1a: Necrozma|spe|1
|move|p2a: Necrozma|Thunder Wave|p1a: Necrozma
|-status|p1a: Necrozma|par
|
|-weather|SunnyDay|[upkeep]
|-heal|p1a: Necrozma|85/100 par|[from] item: Leftovers
|upkeep
|turn|69
|
|t:|1653695272
|switch|p2a: Eternatus|Eternatus|64/100
|-ability|p2a: Eternatus|Pressure
|move|p1a: Necrozma|Knock Off|p2a: Eternatus
|-damage|p2a: Eternatus|34/100
|-enditem|p2a: Eternatus|Heavy-Duty Boots|[from] move: Knock Off|[of] p1a: Necrozma
|
|-weather|SunnyDay|[upkeep]
|-heal|p1a: Necrozma|91/100 par|[from] item: Leftovers
|upkeep
|turn|70
|
|t:|1653695281
|move|p2a: Eternatus|Recover|p2a: Eternatus
|-heal|p2a: Eternatus|84/100
|cant|p1a: Necrozma|par
|
|-weather|none
|-heal|p1a: Necrozma|97/100 par|[from] item: Leftovers
|upkeep
|turn|71
|
|t:|1653695285
|move|p1a: Necrozma|Dragon Dance|p1a: Necrozma
|-boost|p1a: Necrozma|atk|1
|-boost|p1a: Necrozma|spe|1
|move|p2a: Eternatus|Dragon Tail|p1a: Necrozma
|-resisted|p1a: Necrozma
|-damage|p1a: Necrozma|91/100 par
|drag|p1a: Eternatus|Eternatus|100/100
|-ability|p1a: Eternatus|Pressure
|
|upkeep
|turn|72
|
|t:|1653695301
|move|p1a: Eternatus|Dynamax Cannon|p2a: Eternatus
|-supereffective|p2a: Eternatus
|-damage|p2a: Eternatus|11/100
|move|p2a: Eternatus|Draco Meteor|p1a: Eternatus
|-supereffective|p1a: Eternatus
|-damage|p1a: Eternatus|6/100
|-unboost|p2a: Eternatus|spa|2
|
|upkeep
|turn|73
|
|t:|1653695313
|move|p1a: Eternatus|Recover|p1a: Eternatus
|-heal|p1a: Eternatus|56/100
|move|p2a: Eternatus|Dragon Tail|p1a: Eternatus
|-supereffective|p1a: Eternatus
|-damage|p1a: Eternatus|33/100
|drag|p1a: Necrozma|Necrozma-Dusk-Mane|91/100 par
|-damage|p1a: Necrozma|85/100 par|[from] Stealth Rock
|
|-heal|p1a: Necrozma|91/100 par|[from] item: Leftovers
|upkeep
|turn|74
|inactive|Bushtush has 30 seconds left.
|inactive|Bushtush has 20 seconds left.
|inactive|Bushtush has 15 seconds left.
|inactive|Bushtush has 10 seconds left.
|
|t:|1653695359
|move|p2a: Eternatus|Recover|p2a: Eternatus
|-heal|p2a: Eternatus|61/100
|move|p1a: Necrozma|Dragon Dance|p1a: Necrozma
|-boost|p1a: Necrozma|atk|1
|-boost|p1a: Necrozma|spe|1
|
|-heal|p1a: Necrozma|97/100 par|[from] item: Leftovers
|upkeep
|turn|75
|inactive|Bushtush has 20 seconds left this turn.
|
|t:|1653695363
|move|p1a: Necrozma|Sunsteel Strike|p2a: Eternatus
|-damage|p2a: Eternatus|13/100
|move|p2a: Eternatus|Dragon Tail|p1a: Necrozma
|-resisted|p1a: Necrozma
|-damage|p1a: Necrozma|91/100 par
|drag|p1a: Eternatus|Eternatus|33/100
|-ability|p1a: Eternatus|Pressure
|
|upkeep
|turn|76
|inactive|Bushtush has 30 seconds left this turn.
|
|t:|1653695373
|move|p1a: Eternatus|Dynamax Cannon|p2a: Eternatus
|-supereffective|p2a: Eternatus
|-damage|p2a: Eternatus|0 fnt
|faint|p2a: Eternatus
|
|upkeep
|inactive|Bushtush has 30 seconds left this turn.
|
|t:|1653695378
|switch|p2a: Necrozma|Necrozma-Dusk-Mane|70/100
|-damage|p2a: Necrozma|64/100|[from] Stealth Rock
|turn|77
|inactive|Bushtush has 30 seconds left.
|
|t:|1653695391
|switch|p1a: Necrozma|Necrozma-Dusk-Mane|91/100 par
|-damage|p1a: Necrozma|85/100 par|[from] Stealth Rock
|move|p2a: Necrozma|Thunder Wave|p1a: Necrozma
|-fail|p1a: Necrozma|par
|
|-heal|p1a: Necrozma|91/100 par|[from] item: Leftovers
|upkeep
|turn|78
|inactive|Bushtush has 30 seconds left.
|inactive|Bushtush has 20 seconds left.
|
|t:|1653695407
|switch|p1a: Eternatus|Eternatus|33/100
|-ability|p1a: Eternatus|Pressure
|move|p2a: Necrozma|Iron Head|p1a: Eternatus
|-damage|p1a: Eternatus|2/100
|
|upkeep
|turn|79
|inactive|Bushtush has 30 seconds left this turn.
|
|t:|1653695414
|move|p1a: Eternatus|Recover|p1a: Eternatus
|-heal|p1a: Eternatus|52/100
|move|p2a: Necrozma|Thunder Wave|p1a: Eternatus
|-status|p1a: Eternatus|par
|
|upkeep
|turn|80
|
|t:|1653695419
|move|p2a: Necrozma|Iron Head|p1a: Eternatus
|-damage|p1a: Eternatus|24/100 par
|cant|p1a: Eternatus|par
|
|upkeep
|turn|81
|c|☆Stallion|gg
|c|☆Bushtush|gg
|
|t:|1653695431
|move|p2a: Necrozma|Iron Head|p1a: Eternatus
|-damage|p1a: Eternatus|0 fnt
|faint|p1a: Eternatus
|
|upkeep
|c|☆Stallion|weird game
|
|t:|1653695435
|switch|p1a: Necrozma|Necrozma-Dusk-Mane|91/100 par
|-damage|p1a: Necrozma|85/100 par|[from] Stealth Rock
|turn|82
|c|☆Bushtush|ye
|c|☆Stallion|no idea who wins with neutral luck cause there was a lot lmao
|c|☆Stallion|gl in rest
|
|t:|1653695452
|switch|p2a: Marshadow|Marshadow|94/100
|-damage|p2a: Marshadow|88/100|[from] Stealth Rock
|move|p1a: Necrozma|Dragon Dance|p1a: Necrozma
|-boost|p1a: Necrozma|atk|1
|-boost|p1a: Necrozma|spe|1
|
|-heal|p1a: Necrozma|91/100 par|[from] item: Leftovers
|upkeep
|turn|83
|
|t:|1653695457
|move|p2a: Marshadow|Spectral Thief||[still]
|-clearpositiveboost|p1a: Necrozma|p2a: Marshadow|move: Spectral Thief
|-boost|p2a: Marshadow|atk|1
|-boost|p2a: Marshadow|spe|1
|-anim|p2a: Marshadow|Spectral Thief|p1a: Necrozma
|-supereffective|p1a: Necrozma
|-damage|p1a: Necrozma|12/100 par
|cant|p1a: Necrozma|par
|
|-heal|p1a: Necrozma|18/100 par|[from] item: Leftovers
|upkeep
|turn|84
|
|t:|1653695467
|move|p2a: Marshadow|Spectral Thief|p1a: Necrozma
|-supereffective|p1a: Necrozma
|-damage|p1a: Necrozma|0 fnt
|faint|p1a: Necrozma
|
|win|Bushtush
