|inactive|Battle timer is ON: inactive players will automatically lose when time's up.
|t:|1651863742
|gametype|singles
|player|p1|pkmn cypher 2013|lyra|
|player|p2|Reegychodon_64|birdkeeper|
|teamsize|p1|6
|teamsize|p2|6
|gen|8
|tier|[Gen 8] Ubers
|rule|Sleep Clause Mod: Limit one foe put to sleep
|rule|Species Clause: Limit one of each Pokémon
|rule|OHKO Clause: OHKO moves are banned
|rule|Evasion Moves Clause: Evasion moves are banned
|rule|Endless Battle Clause: Forcing endless battles is banned
|rule|HP Percentage Mod: HP is shown in percentages
|rule|Dynamax Clause: You cannot dynamax
|clearpoke
|poke|p1|Clefable, M|
|poke|p1|Groudon|
|poke|p1|Eternatus|
|poke|p1|Necrozma-Dusk-Mane|
|poke|p1|Yveltal|
|poke|p1|Calyrex-Shadow|
|poke|p2|Weavile, F|
|poke|p2|Zekrom|
|poke|p2|Groudon|
|poke|p2|Eternatus|
|poke|p2|Yveltal|
|poke|p2|Solgaleo|
|teampreview
|c|☆Reegychodon_64|hf
|c|☆pkmn cypher 2013|hf
|inactive|pkmn cypher 2013 has 270 seconds left.
|inactive|Reegychodon_64 has 270 seconds left.
|
|t:|1651863789
|start
|switch|p1a: Clefable|Clefable, M|100/100
|switch|p2a: Groudon|Groudon|100/100
|-weather|SunnyDay|[from] ability: Drought|[of] p2a: Groudon
|turn|1
|
|t:|1651863811
|switch|p1a: Yveltal|Yveltal|100/100
|-ability|p1a: Yveltal|Dark Aura
|move|p2a: Groudon|Stealth Rock|p1a: Yveltal
|-sidestart|p1: pkmn cypher 2013|move: Stealth Rock
|
|-weather|SunnyDay|[upkeep]
|upkeep
|turn|2
|
|t:|1651863823
|switch|p2a: Zekrom|Zekrom|100/100
|-ability|p2a: Zekrom|Teravolt
|move|p1a: Yveltal|Knock Off|p2a: Zekrom
|-damage|p2a: Zekrom|53/100
|-enditem|p2a: Zekrom|Life Orb|[from] move: Knock Off|[of] p1a: Yveltal
|
|-weather|SunnyDay|[upkeep]
|upkeep
|turn|3
|
|t:|1651863830
|switch|p1a: Clefable|Clefable, M|100/100
|move|p2a: Zekrom|Roost|p2a: Zekrom
|-heal|p2a: Zekrom|100/100
|-singleturn|p2a: Zekrom|move: Roost
|
|-weather|SunnyDay|[upkeep]
|upkeep
|turn|4
|
|t:|1651863840
|move|p2a: Zekrom|Bolt Strike|p1a: Clefable|[miss]
|-miss|p2a: Zekrom|p1a: Clefable
|move|p1a: Clefable|Stealth Rock|p2a: Zekrom
|-sidestart|p2: Reegychodon_64|move: Stealth Rock
|
|-weather|SunnyDay|[upkeep]
|upkeep
|turn|5
|
|t:|1651863851
|switch|p2a: Solgaleo|Solgaleo|100/100
|-damage|p2a: Solgaleo|94/100|[from] Stealth Rock
|switch|p1a: Groudon|Groudon|100/100
|-damage|p1a: Groudon|94/100|[from] Stealth Rock
|
|-weather|none
|-heal|p1a: Groudon|100/100|[from] item: Leftovers
|upkeep
|turn|6
|
|t:|1651863858
|switch|p2a: Groudon|Groudon|100/100
|-damage|p2a: Groudon|94/100|[from] Stealth Rock
|-weather|SunnyDay|[from] ability: Drought|[of] p2a: Groudon
|move|p1a: Groudon|Heat Crash|p2a: Groudon
|-damage|p2a: Groudon|83/100
|
|-weather|SunnyDay|[upkeep]
|-heal|p2a: Groudon|89/100|[from] item: Leftovers
|upkeep
|turn|7
|
|t:|1651863862
|move|p1a: Groudon|Swords Dance|p1a: Groudon
|-boost|p1a: Groudon|atk|2
|move|p2a: Groudon|Toxic|p1a: Groudon
|-status|p1a: Groudon|tox
|
|-weather|SunnyDay|[upkeep]
|-heal|p2a: Groudon|95/100|[from] item: Leftovers
|-damage|p1a: Groudon|94/100 tox|[from] psn
|upkeep
|turn|8
|
|t:|1651863871
|move|p1a: Groudon|Precipice Blades|p2a: Groudon
|-damage|p2a: Groudon|29/100
|move|p2a: Groudon|Precipice Blades|p1a: Groudon
|-damage|p1a: Groudon|48/100 tox
|
|-weather|SunnyDay|[upkeep]
|-heal|p1a: Groudon|54/100 tox|[from] item: Leftovers
|-heal|p2a: Groudon|35/100|[from] item: Leftovers
|-damage|p1a: Groudon|42/100 tox|[from] psn
|upkeep
|turn|9
|
|t:|1651863881
|move|p1a: Groudon|Precipice Blades|p2a: Groudon
|-damage|p2a: Groudon|0 fnt
|faint|p2a: Groudon
|
|-weather|SunnyDay|[upkeep]
|-heal|p1a: Groudon|48/100 tox|[from] item: Leftovers
|-damage|p1a: Groudon|30/100 tox|[from] psn
|upkeep
|
|t:|1651863895
|switch|p2a: Weavile|Weavile, F|100/100
|-damage|p2a: Weavile|76/100|[from] Stealth Rock
|-ability|p2a: Weavile|Pressure
|turn|10
|
|t:|1651863900
|switch|p1a: Clefable|Clefable, M|100/100
|move|p2a: Weavile|Knock Off|p1a: Clefable
|-resisted|p1a: Clefable
|-damage|p1a: Clefable|81/100
|-damage|p2a: Weavile|59/100|[from] item: Rocky Helmet|[of] p1a: Clefable
|-enditem|p1a: Clefable|Rocky Helmet|[from] move: Knock Off|[of] p2a: Weavile
|
|-weather|none
|upkeep
|turn|11
|
|t:|1651863920
|switch|p2a: Eternatus|Eternatus|100/100
|-damage|p2a: Eternatus|88/100|[from] Stealth Rock
|-ability|p2a: Eternatus|Pressure
|move|p1a: Clefable|Soft-Boiled|p1a: Clefable
|-heal|p1a: Clefable|100/100
|
|upkeep
|turn|12
|
|t:|1651863927
|switch|p2a: Yveltal|Yveltal|100/100
|-ability|p2a: Yveltal|Dark Aura
|switch|p1a: Necrozma|Necrozma-Dusk-Mane|100/100
|-damage|p1a: Necrozma|94/100|[from] Stealth Rock
|
|upkeep
|turn|13
|
|t:|1651863930
|switch|p1a: Clefable|Clefable, M|100/100
|move|p2a: Yveltal|U-turn|p1a: Clefable
|-resisted|p1a: Clefable
|-damage|p1a: Clefable|93/100
|
|t:|1651863936
|switch|p2a: Solgaleo|Solgaleo|94/100|[from]move: U-turn
|-damage|p2a: Solgaleo|88/100|[from] Stealth Rock
|
|upkeep
|turn|14
|
|t:|1651863956
|switch|p1a: Yveltal|Yveltal|100/100
|-ability|p1a: Yveltal|Dark Aura
|move|p2a: Solgaleo|Knock Off|p1a: Yveltal
|-resisted|p1a: Yveltal
|-damage|p1a: Yveltal|80/100
|-enditem|p1a: Yveltal|Heavy-Duty Boots|[from] move: Knock Off|[of] p2a: Solgaleo
|
|upkeep
|turn|15
|
|t:|1651863964
|switch|p2a: Yveltal|Yveltal|100/100
|-ability|p2a: Yveltal|Dark Aura
|move|p1a: Yveltal|Knock Off|p2a: Yveltal
|-resisted|p2a: Yveltal
|-damage|p2a: Yveltal|79/100
|-enditem|p2a: Yveltal|Heavy-Duty Boots|[from] move: Knock Off|[of] p1a: Yveltal
|
|upkeep
|turn|16
|
|t:|1651863972
|switch|p1a: Clefable|Clefable, M|93/100
|move|p2a: Yveltal|U-turn|p1a: Clefable
|-resisted|p1a: Clefable
|-damage|p1a: Clefable|85/100
|
|t:|1651863977
|switch|p2a: Solgaleo|Solgaleo|88/100|[from]move: U-turn
|-damage|p2a: Solgaleo|82/100|[from] Stealth Rock
|
|upkeep
|turn|17
|
|t:|1651863981
|move|p2a: Solgaleo|Sunsteel Strike|p1a: Clefable
|-supereffective|p1a: Clefable
|-crit|p1a: Clefable
|-damage|p1a: Clefable|0 fnt
|faint|p1a: Clefable
|
|upkeep
|inactive|pkmn cypher 2013 has 270 seconds left.
|
|t:|1651864015
|switch|p1a: Groudon|Groudon|30/100 tox
|-damage|p1a: Groudon|24/100 tox|[from] Stealth Rock
|-weather|SunnyDay|[from] ability: Drought|[of] p1a: Groudon
|turn|18
|
|t:|1651864020
|move|p2a: Solgaleo|Sunsteel Strike|p1a: Groudon
|-damage|p1a: Groudon|0 fnt
|faint|p1a: Groudon
|
|-weather|SunnyDay|[upkeep]
|upkeep
|inactive|pkmn cypher 2013 has 270 seconds left.
|
|t:|1651864036
|switch|p1a: Calyrex|Calyrex-Shadow|100/100
|-ability|p1a: Calyrex|As One
|-ability|p1a: Calyrex|Unnerve
|-damage|p1a: Calyrex|88/100|[from] Stealth Rock
|turn|19
|inactive|Reegychodon_64 has 270 seconds left.
|
|t:|1651864068
|switch|p2a: Eternatus|Eternatus|88/100
|-damage|p2a: Eternatus|76/100|[from] Stealth Rock
|-ability|p2a: Eternatus|Pressure
|move|p1a: Calyrex|Astral Barrage|p2a: Eternatus
|-damage|p2a: Eternatus|29/100
|
|-weather|SunnyDay|[upkeep]
|upkeep
|turn|20
|c|+Inder|hard click 
|inactive|Reegychodon_64 has 270 seconds left.
|
|t:|1651864080
|move|p1a: Calyrex|Astral Barrage|p2a: Eternatus
|-damage|p2a: Eternatus|0 fnt
|faint|p2a: Eternatus
|-ability|p1a: Calyrex|Grim Neigh|boost
|-boost|p1a: Calyrex|spa|1
|
|-weather|SunnyDay|[upkeep]
|upkeep
|
|t:|1651864082
|switch|p2a: Yveltal|Yveltal|79/100
|-damage|p2a: Yveltal|54/100|[from] Stealth Rock
|-ability|p2a: Yveltal|Dark Aura
|turn|21
|
|t:|1651864097
|switch|p1a: Eternatus|Eternatus|100/100
|-damage|p1a: Eternatus|88/100|[from] Stealth Rock
|-ability|p1a: Eternatus|Pressure
|move|p2a: Yveltal|Roost|p2a: Yveltal
|-heal|p2a: Yveltal|100/100
|-singleturn|p2a: Yveltal|move: Roost
|
|-weather|SunnyDay|[upkeep]
|-heal|p1a: Eternatus|94/100|[from] item: Black Sludge
|upkeep
|turn|22
|inactive|pkmn cypher 2013 has 270 seconds left.
|
|t:|1651864129
|move|p1a: Eternatus|Cosmic Power|p1a: Eternatus
|-boost|p1a: Eternatus|def|1
|-boost|p1a: Eternatus|spd|1
|move|p2a: Yveltal|U-turn|p1a: Eternatus
|-resisted|p1a: Eternatus
|-damage|p1a: Eternatus|89/100
|inactive|Reegychodon_64 has 270 seconds left.
|
|t:|1651864170
|switch|p2a: Zekrom|Zekrom|100/100|[from]move: U-turn
|-damage|p2a: Zekrom|88/100|[from] Stealth Rock
|-ability|p2a: Zekrom|Teravolt
|
|-weather|none
|-heal|p1a: Eternatus|96/100|[from] item: Black Sludge
|upkeep
|turn|23
|inactive|pkmn cypher 2013 has 270 seconds left.
|
|t:|1651864197
|move|p1a: Eternatus|Dragon Pulse|p2a: Zekrom
|-supereffective|p2a: Zekrom
|-damage|p2a: Zekrom|5/100
|move|p2a: Zekrom|Draco Meteor|p1a: Eternatus
|-supereffective|p1a: Eternatus
|-damage|p1a: Eternatus|33/100
|-unboost|p2a: Zekrom|spa|2
|
|-heal|p1a: Eternatus|39/100|[from] item: Black Sludge
|upkeep
|turn|24
|inactive|Reegychodon_64 has 270 seconds left.
|
|t:|1651864204
|move|p1a: Eternatus|Recover|p1a: Eternatus
|-heal|p1a: Eternatus|89/100
|move|p2a: Zekrom|Bolt Strike|p1a: Eternatus
|-resisted|p1a: Eternatus
|-damage|p1a: Eternatus|73/100
|
|-heal|p1a: Eternatus|79/100|[from] item: Black Sludge
|upkeep
|turn|25
|inactive|pkmn cypher 2013 has 270 seconds left.
|
|t:|1651864214
|move|p1a: Eternatus|Dragon Pulse|p2a: Zekrom
|-supereffective|p2a: Zekrom
|-damage|p2a: Zekrom|0 fnt
|faint|p2a: Zekrom
|
|-heal|p1a: Eternatus|85/100|[from] item: Black Sludge
|upkeep
|
|t:|1651864216
|switch|p2a: Weavile|Weavile, F|59/100
|-damage|p2a: Weavile|34/100|[from] Stealth Rock
|-ability|p2a: Weavile|Pressure
|turn|26
|
|t:|1651864224
|move|p1a: Eternatus|Dragon Pulse|p2a: Weavile
|-damage|p2a: Weavile|0 fnt
|faint|p2a: Weavile
|
|-heal|p1a: Eternatus|91/100|[from] item: Black Sludge
|upkeep
|
|t:|1651864233
|switch|p2a: Solgaleo|Solgaleo|82/100
|-damage|p2a: Solgaleo|76/100|[from] Stealth Rock
|turn|27
|
|t:|1651864236
|move|p2a: Solgaleo|Earthquake|p1a: Eternatus
|-supereffective|p1a: Eternatus
|-damage|p1a: Eternatus|56/100
|move|p1a: Eternatus|Cosmic Power|p1a: Eternatus
|-boost|p1a: Eternatus|def|1
|-boost|p1a: Eternatus|spd|1
|
|-heal|p1a: Eternatus|62/100|[from] item: Black Sludge
|upkeep
|turn|28
|c|☆pkmn cypher 2013|kek
|
|t:|1651864241
|move|p2a: Solgaleo|Earthquake|p1a: Eternatus
|-supereffective|p1a: Eternatus
|-damage|p1a: Eternatus|34/100
|move|p1a: Eternatus|Recover|p1a: Eternatus
|-heal|p1a: Eternatus|84/100
|
|-heal|p1a: Eternatus|90/100|[from] item: Black Sludge
|upkeep
|turn|29
|
|t:|1651864244
|move|p2a: Solgaleo|Earthquake|p1a: Eternatus
|-supereffective|p1a: Eternatus
|-damage|p1a: Eternatus|64/100
|move|p1a: Eternatus|Recover|p1a: Eternatus
|-heal|p1a: Eternatus|100/100
|
|upkeep
|turn|30
|
|t:|1651864269
|move|p2a: Solgaleo|Earthquake|p1a: Eternatus
|-supereffective|p1a: Eternatus
|-damage|p1a: Eternatus|72/100
|move|p1a: Eternatus|Recover|p1a: Eternatus
|-heal|p1a: Eternatus|100/100
|
|upkeep
|turn|31
|
|t:|1651864271
|move|p2a: Solgaleo|Earthquake|p1a: Eternatus
|-supereffective|p1a: Eternatus
|-damage|p1a: Eternatus|74/100
|move|p1a: Eternatus|Recover|p1a: Eternatus
|-heal|p1a: Eternatus|100/100
|
|upkeep
|turn|32
|
|t:|1651864274
|move|p2a: Solgaleo|Earthquake|p1a: Eternatus
|-supereffective|p1a: Eternatus
|-damage|p1a: Eternatus|71/100
|move|p1a: Eternatus|Recover|p1a: Eternatus
|-heal|p1a: Eternatus|100/100
|
|upkeep
|turn|33
|
|t:|1651864277
|move|p2a: Solgaleo|Earthquake|p1a: Eternatus
|-supereffective|p1a: Eternatus
|-damage|p1a: Eternatus|73/100
|move|p1a: Eternatus|Recover|p1a: Eternatus
|-heal|p1a: Eternatus|100/100
|
|upkeep
|turn|34
|
|t:|1651864281
|move|p2a: Solgaleo|Earthquake|p1a: Eternatus
|-supereffective|p1a: Eternatus
|-damage|p1a: Eternatus|71/100
|move|p1a: Eternatus|Cosmic Power|p1a: Eternatus
|-boost|p1a: Eternatus|def|1
|-boost|p1a: Eternatus|spd|1
|
|-heal|p1a: Eternatus|77/100|[from] item: Black Sludge
|upkeep
|turn|35
|c|☆Reegychodon_64|gg
|c|☆pkmn cypher 2013|gg
|-message|Reegychodon_64 forfeited.
|
|win|pkmn cypher 2013
