|inactive|Battle timer is ON: inactive players will automatically lose when time's up.
|t:|1667422879
|gametype|singles
|player|p1|Exiline|#scl2islanders|
|player|p2|SiTuM.|harlequin|
|teamsize|p1|6
|teamsize|p2|6
|gen|8
|tier|[Gen 8] Ubers
|rule|Sleep Clause Mod: Limit one foe put to sleep
|rule|Species Clause: Limit one of each Pokémon
|rule|OHKO Clause: OHKO moves are banned
|rule|Evasion Items Clause: Evasion items are banned
|rule|Evasion Moves Clause: Evasion moves are banned
|rule|Endless Battle Clause: Forcing endless battles is banned
|rule|HP Percentage Mod: HP is shown in percentages
|rule|Dynamax Clause: You cannot dynamax
|clearpoke
|poke|p1|Groudon|
|poke|p1|Necrozma-Dusk-Mane|
|poke|p1|Calyrex-Shadow|
|poke|p1|Eternatus|
|poke|p1|Yveltal|
|poke|p1|Kyogre|
|poke|p2|Groudon|
|poke|p2|Yveltal|
|poke|p2|Marshadow|
|poke|p2|Ho-Oh|
|poke|p2|Eternatus|
|poke|p2|Necrozma-Dusk-Mane|
|teampreview
|inactive|SiTuM. also wants the timer to be on.
|c|☆SiTuM.|have fun
|
|t:|1667422893
|start
|switch|p1a: Kyogre|Kyogre|100/100
|switch|p2a: Groudon|Groudon|100/100
|-weather|RainDance|[from] ability: Drizzle|[of] p1a: Kyogre
|-weather|SunnyDay|[from] ability: Drought|[of] p2a: Groudon
|turn|1
|
|t:|1667422899
|switch|p2a: Eternatus|Eternatus|100/100
|-ability|p2a: Eternatus|Pressure
|-item|p2a: Eternatus|Air Balloon
|move|p1a: Kyogre|Scald|p2a: Eternatus
|-resisted|p2a: Eternatus
|-damage|p2a: Eternatus|95/100
|-status|p2a: Eternatus|brn
|-enditem|p2a: Eternatus|Air Balloon
|
|-weather|SunnyDay|[upkeep]
|-damage|p2a: Eternatus|89/100 brn|[from] brn
|upkeep
|turn|2
|
|t:|1667422910
|move|p2a: Eternatus|Sludge Bomb|p1a: Kyogre
|-damage|p1a: Kyogre|74/100
|move|p1a: Kyogre|Calm Mind|p1a: Kyogre
|-boost|p1a: Kyogre|spa|1
|-boost|p1a: Kyogre|spd|1
|
|-weather|SunnyDay|[upkeep]
|-heal|p1a: Kyogre|80/100|[from] item: Leftovers
|-damage|p2a: Eternatus|83/100 brn|[from] brn
|upkeep
|turn|3
|
|t:|1667422914
|move|p1a: Kyogre|Ice Beam|p2a: Eternatus
|-supereffective|p2a: Eternatus
|-damage|p2a: Eternatus|27/100 brn
|move|p2a: Eternatus|Dragon Tail|p1a: Kyogre|[miss]
|-miss|p2a: Eternatus|p1a: Kyogre
|
|-weather|SunnyDay|[upkeep]
|-heal|p1a: Kyogre|86/100|[from] item: Leftovers
|-damage|p2a: Eternatus|21/100 brn|[from] brn
|upkeep
|turn|4
|
|t:|1667422918
|switch|p2a: Ho-Oh|Ho-Oh|100/100
|move|p1a: Kyogre|Ice Beam|p2a: Ho-Oh
|-crit|p2a: Ho-Oh
|-damage|p2a: Ho-Oh|66/100
|
|-weather|SunnyDay|[upkeep]
|-heal|p1a: Kyogre|92/100|[from] item: Leftovers
|upkeep
|turn|5
|
|t:|1667422925
|move|p1a: Kyogre|Scald|p2a: Ho-Oh
|-supereffective|p2a: Ho-Oh
|-damage|p2a: Ho-Oh|35/100
|move|p2a: Ho-Oh|Thunder Wave|p1a: Kyogre
|-status|p1a: Kyogre|par
|
|-weather|none
|-heal|p1a: Kyogre|98/100 par|[from] item: Leftovers
|upkeep
|turn|6
|
|t:|1667422934
|switch|p2a: Groudon|Groudon|100/100
|-weather|SunnyDay|[from] ability: Drought|[of] p2a: Groudon
|move|p1a: Kyogre|Scald|p2a: Groudon
|-supereffective|p2a: Groudon
|-damage|p2a: Groudon|50/100
|
|-weather|SunnyDay|[upkeep]
|-heal|p2a: Groudon|56/100|[from] item: Leftovers
|-heal|p1a: Kyogre|100/100 par|[from] item: Leftovers
|upkeep
|turn|7
|
|t:|1667422938
|move|p2a: Groudon|Precipice Blades|p1a: Kyogre
|-damage|p1a: Kyogre|63/100 par
|move|p1a: Kyogre|Ice Beam|p2a: Groudon
|-supereffective|p2a: Groudon
|-crit|p2a: Groudon
|-damage|p2a: Groudon|0 fnt
|faint|p2a: Groudon
|
|-weather|SunnyDay|[upkeep]
|-heal|p1a: Kyogre|69/100 par|[from] item: Leftovers
|upkeep
|
|t:|1667422948
|switch|p2a: Yveltal|Yveltal|100/100
|-ability|p2a: Yveltal|Dark Aura
|turn|8
|
|t:|1667422955
|switch|p1a: Yveltal|Yveltal|100/100
|-ability|p1a: Yveltal|Dark Aura
|move|p2a: Yveltal|Knock Off|p1a: Yveltal
|-resisted|p1a: Yveltal
|-damage|p1a: Yveltal|82/100
|-enditem|p1a: Yveltal|Heavy-Duty Boots|[from] move: Knock Off|[of] p2a: Yveltal
|
|-weather|SunnyDay|[upkeep]
|upkeep
|turn|9
|
|t:|1667422959
|move|p2a: Yveltal|Foul Play|p1a: Yveltal
|-resisted|p1a: Yveltal
|-damage|p1a: Yveltal|61/100
|move|p1a: Yveltal|Knock Off|p2a: Yveltal
|-resisted|p2a: Yveltal
|-damage|p2a: Yveltal|75/100
|-enditem|p2a: Yveltal|Heavy-Duty Boots|[from] move: Knock Off|[of] p1a: Yveltal
|
|-weather|SunnyDay|[upkeep]
|upkeep
|turn|10
|
|t:|1667422963
|move|p2a: Yveltal|Foul Play|p1a: Yveltal
|-resisted|p1a: Yveltal
|-damage|p1a: Yveltal|42/100
|move|p1a: Yveltal|Roost|p1a: Yveltal
|-heal|p1a: Yveltal|92/100
|-singleturn|p1a: Yveltal|move: Roost
|
|-weather|none
|upkeep
|turn|11
|
|t:|1667422966
|move|p2a: Yveltal|Foul Play|p1a: Yveltal
|-resisted|p1a: Yveltal
|-damage|p1a: Yveltal|71/100
|move|p1a: Yveltal|Knock Off|p2a: Yveltal
|-resisted|p2a: Yveltal
|-damage|p2a: Yveltal|60/100
|
|upkeep
|turn|12
|
|t:|1667422969
|move|p2a: Yveltal|Roost|p2a: Yveltal
|-heal|p2a: Yveltal|100/100
|-singleturn|p2a: Yveltal|move: Roost
|move|p1a: Yveltal|Knock Off|p2a: Yveltal
|-resisted|p2a: Yveltal
|-damage|p2a: Yveltal|83/100
|
|upkeep
|turn|13
|
|t:|1667422972
|move|p2a: Yveltal|Foul Play|p1a: Yveltal
|-resisted|p1a: Yveltal
|-damage|p1a: Yveltal|49/100
|move|p1a: Yveltal|Knock Off|p2a: Yveltal
|-resisted|p2a: Yveltal
|-damage|p2a: Yveltal|65/100
|
|upkeep
|turn|14
|
|t:|1667422975
|switch|p2a: Eternatus|Eternatus|21/100 brn
|-ability|p2a: Eternatus|Pressure
|move|p1a: Yveltal|Roost|p1a: Yveltal
|-heal|p1a: Yveltal|99/100
|-singleturn|p1a: Yveltal|move: Roost
|
|-damage|p2a: Eternatus|15/100 brn|[from] brn
|upkeep
|turn|15
|
|t:|1667422981
|switch|p1a: Necrozma|Necrozma-Dusk-Mane|100/100
|move|p2a: Eternatus|Recover|p2a: Eternatus
|-heal|p2a: Eternatus|65/100 brn
|
|-damage|p2a: Eternatus|59/100 brn|[from] brn
|upkeep
|turn|16
|
|t:|1667422983
|switch|p2a: Ho-Oh|Ho-Oh|68/100
|move|p1a: Necrozma|Stealth Rock|p2a: Ho-Oh
|-sidestart|p2: SiTuM.|move: Stealth Rock
|
|upkeep
|turn|17
|
|t:|1667422986
|move|p2a: Ho-Oh|Defog|p1a: Necrozma
|-unboost|p1a: Necrozma|evasion|1
|-sideend|p2: SiTuM.|Stealth Rock|[from] move: Defog|[of] p2a: Ho-Oh
|move|p1a: Necrozma|Thunder Wave|p2a: Ho-Oh
|-status|p2a: Ho-Oh|par
|
|upkeep
|turn|18
|
|t:|1667422992
|switch|p1a: Kyogre|Kyogre|69/100 par
|-weather|RainDance|[from] ability: Drizzle|[of] p1a: Kyogre
|move|p2a: Ho-Oh|Brave Bird|p1a: Kyogre
|-damage|p1a: Kyogre|33/100 par
|-damage|p2a: Ho-Oh|56/100 par|[from] Recoil
|
|-weather|RainDance|[upkeep]
|-heal|p1a: Kyogre|39/100 par|[from] item: Leftovers
|upkeep
|turn|19
|
|t:|1667422995
|switch|p2a: Eternatus|Eternatus|59/100 brn
|-ability|p2a: Eternatus|Pressure
|move|p1a: Kyogre|Rest|p1a: Kyogre
|-status|p1a: Kyogre|slp|[from] move: Rest
|-heal|p1a: Kyogre|100/100 slp|[silent]
|
|-weather|RainDance|[upkeep]
|-damage|p2a: Eternatus|52/100 brn|[from] brn
|upkeep
|turn|20
|
|t:|1667423001
|move|p2a: Eternatus|Recover|p2a: Eternatus
|-heal|p2a: Eternatus|100/100 brn
|cant|p1a: Kyogre|slp
|
|-weather|RainDance|[upkeep]
|-damage|p2a: Eternatus|94/100 brn|[from] brn
|upkeep
|turn|21
|
|t:|1667423005
|switch|p1a: Necrozma|Necrozma-Dusk-Mane|100/100
|move|p2a: Eternatus|Dragon Tail|p1a: Necrozma
|-resisted|p1a: Necrozma
|-damage|p1a: Necrozma|97/100
|drag|p1a: Calyrex|Calyrex-Shadow|100/100
|-ability|p1a: Calyrex|As One
|-ability|p1a: Calyrex|Unnerve
|
|-weather|RainDance|[upkeep]
|-damage|p2a: Eternatus|88/100 brn|[from] brn
|upkeep
|turn|22
|
|t:|1667423011
|switch|p2a: Yveltal|Yveltal|65/100
|-ability|p2a: Yveltal|Dark Aura
|move|p1a: Calyrex|Substitute|p1a: Calyrex
|-start|p1a: Calyrex|Substitute
|-damage|p1a: Calyrex|76/100
|
|-weather|none
|-heal|p1a: Calyrex|82/100|[from] item: Leftovers
|upkeep
|turn|23
|
|t:|1667423015
|move|p1a: Calyrex|Leech Seed|p2a: Yveltal
|-start|p2a: Yveltal|move: Leech Seed
|move|p2a: Yveltal|Knock Off|p1a: Calyrex
|-supereffective|p1a: Calyrex
|-end|p1a: Calyrex|Substitute
|
|-heal|p1a: Calyrex|88/100|[from] item: Leftovers
|-damage|p2a: Yveltal|53/100|[from] Leech Seed|[of] p1a: Calyrex
|-heal|p1a: Calyrex|100/100|[silent]
|upkeep
|turn|24
|
|t:|1667423024
|switch|p2a: Ho-Oh|Ho-Oh|90/100 par
|move|p1a: Calyrex|Substitute|p1a: Calyrex
|-start|p1a: Calyrex|Substitute
|-damage|p1a: Calyrex|76/100
|
|-heal|p1a: Calyrex|82/100|[from] item: Leftovers
|upkeep
|turn|25
|
|t:|1667423026
|move|p1a: Calyrex|Nasty Plot|p1a: Calyrex
|-boost|p1a: Calyrex|spa|2
|move|p2a: Ho-Oh|Brave Bird|p1a: Calyrex
|-end|p1a: Calyrex|Substitute
|-damage|p2a: Ho-Oh|83/100 par|[from] Recoil|[of] p1a: Calyrex
|
|-heal|p1a: Calyrex|88/100|[from] item: Leftovers
|upkeep
|turn|26
|
|t:|1667423031
|move|p1a: Calyrex|Substitute|p1a: Calyrex
|-start|p1a: Calyrex|Substitute
|-damage|p1a: Calyrex|63/100
|move|p2a: Ho-Oh|Brave Bird|p1a: Calyrex
|-end|p1a: Calyrex|Substitute
|-damage|p2a: Ho-Oh|76/100 par|[from] Recoil|[of] p1a: Calyrex
|
|-heal|p1a: Calyrex|69/100|[from] item: Leftovers
|upkeep
|turn|27
|
|t:|1667423033
|move|p1a: Calyrex|Astral Barrage|p2a: Ho-Oh
|-damage|p2a: Ho-Oh|0 fnt
|faint|p2a: Ho-Oh
|-ability|p1a: Calyrex|Grim Neigh|boost
|-boost|p1a: Calyrex|spa|1
|
|-heal|p1a: Calyrex|75/100|[from] item: Leftovers
|upkeep
|
|t:|1667423035
|switch|p2a: Marshadow|Marshadow|100/100
|turn|28
|
|t:|1667423044
|switch|p1a: Groudon|Groudon|100/100
|-weather|SunnyDay|[from] ability: Drought|[of] p1a: Groudon
|move|p2a: Marshadow|Spectral Thief|p1a: Groudon
|-damage|p1a: Groudon|58/100
|-damage|p2a: Marshadow|91/100|[from] item: Life Orb
|
|-weather|SunnyDay|[upkeep]
|-heal|p1a: Groudon|64/100|[from] item: Leftovers
|upkeep
|turn|29
|
|t:|1667423047
|move|p2a: Marshadow|Low Kick|p1a: Groudon
|-damage|p1a: Groudon|6/100
|-damage|p2a: Marshadow|81/100|[from] item: Life Orb
|move|p1a: Groudon|Heat Crash|p2a: Marshadow
|-damage|p2a: Marshadow|0 fnt
|faint|p2a: Marshadow
|
|-weather|SunnyDay|[upkeep]
|-heal|p1a: Groudon|12/100|[from] item: Leftovers
|upkeep
|-message|SiTuM. forfeited.
|
|win|Exiline
|c|☆Exiline|g_g
