|inactive|Battle timer is ON: inactive players will automatically lose when time's up.
|t:|1662307731
|gametype|singles
|player|p1|Luna's Bann3d Now|#ruplixsleekslushrushers|
|player|p2|Royal1604|#agplivlionsden|
|teamsize|p1|6
|teamsize|p2|6
|gen|8
|tier|[Gen 8] Ubers
|rule|Sleep Clause Mod: Limit one foe put to sleep
|rule|Species Clause: Limit one of each Pokémon
|rule|OHKO Clause: OHKO moves are banned
|rule|Evasion Items Clause: Evasion items are banned
|rule|Evasion Moves Clause: Evasion moves are banned
|rule|Endless Battle Clause: Forcing endless battles is banned
|rule|HP Percentage Mod: HP is shown in percentages
|rule|Dynamax Clause: You cannot dynamax
|clearpoke
|poke|p1|Yveltal|
|poke|p1|Eternatus|
|poke|p1|Necrozma-Dusk-Mane|
|poke|p1|Zekrom|
|poke|p1|Solgaleo|
|poke|p1|Landorus-Therian, M|
|poke|p2|Hatterene, F|
|poke|p2|Porygon2|
|poke|p2|Necrozma-Dusk-Mane|
|poke|p2|Calyrex-Ice|
|poke|p2|Kyogre|
|poke|p2|Dracovish|
|teampreview
|c|☆Royal1604|Hf bro
|c|☆Luna's Bann3d Now|you cant say hf and then bring this shit
|
|t:|1662307753
|start
|switch|p1a: Yveltal|Yveltal|100/100
|switch|p2a: Hatterene|Hatterene, F|100/100
|-ability|p1a: Yveltal|Dark Aura
|turn|1
|
|t:|1662307757
|move|p1a: Yveltal|Knock Off|p2a: Hatterene
|-damage|p2a: Hatterene|32/100
|-enditem|p2a: Hatterene|Focus Sash|[from] move: Knock Off|[of] p1a: Yveltal
|move|p2a: Hatterene|Trick Room|p2a: Hatterene
|-fieldstart|move: Trick Room|[of] p2a: Hatterene
|
|upkeep
|turn|2
|
|t:|1662307761
|move|p1a: Yveltal|Sucker Punch||[still]
|-fail|p1a: Yveltal
|move|p2a: Hatterene|Healing Wish|p2a: Hatterene
|faint|p2a: Hatterene
|
|upkeep
|
|t:|1662307779
|switch|p2a: Kyogre|Kyogre|100/100
|-weather|RainDance|[from] ability: Drizzle|[of] p2a: Kyogre
|turn|3
|
|t:|1662307784
|move|p1a: Yveltal|Sucker Punch|p2a: Kyogre
|-damage|p2a: Kyogre|66/100
|move|p2a: Kyogre|Water Spout|p1a: Yveltal
|-damage|p1a: Yveltal|4/100
|
|-weather|RainDance|[upkeep]
|upkeep
|turn|4
|
|t:|1662307788
|switch|p1a: Eternatus|Eternatus|100/100
|-ability|p1a: Eternatus|Pressure
|move|p2a: Kyogre|Water Spout|p1a: Eternatus
|-resisted|p1a: Eternatus
|-damage|p1a: Eternatus|52/100
|
|-weather|RainDance|[upkeep]
|upkeep
|turn|5
|
|t:|1662307791
|switch|p2a: Calyrex|Calyrex-Ice|100/100
|-ability|p2a: Calyrex|As One
|-ability|p2a: Calyrex|Unnerve
|move|p1a: Eternatus|Recover|p1a: Eternatus
|-heal|p1a: Eternatus|100/100
|
|-weather|RainDance|[upkeep]
|-fieldend|move: Trick Room
|upkeep
|turn|6
|
|t:|1662307794
|switch|p1a: Necrozma|Necrozma-Dusk-Mane|100/100
|move|p2a: Calyrex|Trick Room|p2a: Calyrex
|-fieldstart|move: Trick Room|[of] p2a: Calyrex
|
|-weather|RainDance|[upkeep]
|upkeep
|turn|7
|
|t:|1662307797
|switch|p2a: Kyogre|Kyogre|66/100
|-heal|p2a: Kyogre|100/100|[from] move: Healing Wish
|move|p1a: Necrozma|Stealth Rock|p2a: Kyogre
|-sidestart|p2: Royal1604|move: Stealth Rock
|
|-weather|none
|upkeep
|turn|8
|
|t:|1662307816
|switch|p1a: Landorus|Landorus-Therian, M|100/100
|-ability|p1a: Landorus|Intimidate|boost
|-unboost|p2a: Kyogre|atk|1
|move|p2a: Kyogre|Water Spout|p1a: Landorus
|-supereffective|p1a: Landorus
|-damage|p1a: Landorus|0 fnt
|faint|p1a: Landorus
|
|upkeep
|
|t:|1662307817
|switch|p1a: Eternatus|Eternatus|100/100
|-ability|p1a: Eternatus|Pressure
|turn|9
|
|t:|1662307833
|switch|p2a: Necrozma|Necrozma-Dusk-Mane|100/100
|-damage|p2a: Necrozma|94/100|[from] Stealth Rock
|move|p1a: Eternatus|Dynamax Cannon|p2a: Necrozma
|-resisted|p2a: Necrozma
|-damage|p2a: Necrozma|77/100
|
|upkeep
|turn|10
|
|t:|1662307843
|switch|p1a: Zekrom|Zekrom|100/100
|-ability|p1a: Zekrom|Teravolt
|move|p2a: Necrozma|Sunsteel Strike|p1a: Zekrom
|-resisted|p1a: Zekrom
|-damage|p1a: Zekrom|70/100
|
|-fieldend|move: Trick Room
|upkeep
|turn|11
|
|t:|1662307846
|move|p1a: Zekrom|Bolt Strike|p2a: Necrozma
|-damage|p2a: Necrozma|13/100
|-damage|p1a: Zekrom|60/100|[from] item: Life Orb
|move|p2a: Necrozma|Trick Room|p2a: Necrozma
|-fieldstart|move: Trick Room|[of] p2a: Necrozma
|
|upkeep
|turn|12
|
|t:|1662307856
|move|p2a: Necrozma|Earthquake|p1a: Zekrom
|-supereffective|p1a: Zekrom
|-damage|p1a: Zekrom|0 fnt
|faint|p1a: Zekrom
|
|upkeep
|
|t:|1662307859
|switch|p1a: Yveltal|Yveltal|4/100
|-ability|p1a: Yveltal|Dark Aura
|turn|13
|
|t:|1662307883
|move|p1a: Yveltal|Sucker Punch|p2a: Necrozma
|-supereffective|p2a: Necrozma
|-damage|p2a: Necrozma|0 fnt
|faint|p2a: Necrozma
|
|upkeep
|inactive|Royal1604 has 270 seconds left.
|
|t:|1662307922
|switch|p2a: Porygon2|Porygon2|100/100
|-damage|p2a: Porygon2|88/100|[from] Stealth Rock
|turn|14
|
|t:|1662307928
|switch|p1a: Necrozma|Necrozma-Dusk-Mane|100/100
|move|p2a: Porygon2|Foul Play|p1a: Necrozma
|-supereffective|p1a: Necrozma
|-damage|p1a: Necrozma|59/100
|
|upkeep
|turn|15
|
|t:|1662307936
|move|p2a: Porygon2|Foul Play|p1a: Necrozma
|-supereffective|p1a: Necrozma
|-damage|p1a: Necrozma|24/100
|move|p1a: Necrozma|Thunder Wave|p2a: Porygon2
|-status|p2a: Porygon2|par
|
|-fieldend|move: Trick Room
|upkeep
|turn|16
|
|t:|1662307940
|move|p1a: Necrozma|Morning Sun|p1a: Necrozma
|-heal|p1a: Necrozma|74/100
|move|p2a: Porygon2|Trick Room|p2a: Porygon2
|-fieldstart|move: Trick Room|[of] p2a: Porygon2
|
|upkeep
|turn|17
|
|t:|1662307943
|move|p1a: Necrozma|Morning Sun|p1a: Necrozma
|-heal|p1a: Necrozma|100/100
|cant|p2a: Porygon2|par
|
|upkeep
|turn|18
|
|t:|1662307949
|switch|p2a: Kyogre|Kyogre|100/100
|-damage|p2a: Kyogre|88/100|[from] Stealth Rock
|-weather|RainDance|[from] ability: Drizzle|[of] p2a: Kyogre
|move|p1a: Necrozma|Iron Head|p2a: Kyogre
|-resisted|p2a: Kyogre
|-damage|p2a: Kyogre|69/100
|
|-weather|RainDance|[upkeep]
|upkeep
|turn|19
|
|t:|1662307963
|move|p2a: Kyogre|Origin Pulse|p1a: Necrozma
|-damage|p1a: Necrozma|39/100
|move|p1a: Necrozma|Iron Head|p2a: Kyogre
|-resisted|p2a: Kyogre
|-damage|p2a: Kyogre|51/100
|
|-weather|RainDance|[upkeep]
|upkeep
|turn|20
|
|t:|1662307966
|switch|p1a: Eternatus|Eternatus|100/100
|-ability|p1a: Eternatus|Pressure
|move|p2a: Kyogre|Origin Pulse|p1a: Eternatus|[miss]
|-miss|p2a: Kyogre|p1a: Eternatus
|
|-weather|RainDance|[upkeep]
|-fieldend|move: Trick Room
|upkeep
|turn|21
|
|t:|1662307973
|switch|p2a: Porygon2|Porygon2|88/100 par
|-damage|p2a: Porygon2|76/100 par|[from] Stealth Rock
|move|p1a: Eternatus|Dynamax Cannon|p2a: Porygon2
|-damage|p2a: Porygon2|45/100 par
|
|-weather|RainDance|[upkeep]
|upkeep
|turn|22
|
|t:|1662307978
|move|p1a: Eternatus|Dynamax Cannon|p2a: Porygon2
|-damage|p2a: Porygon2|16/100 par
|move|p2a: Porygon2|Trick Room|p2a: Porygon2
|-fieldstart|move: Trick Room|[of] p2a: Porygon2
|
|-weather|none
|upkeep
|turn|23
|
|t:|1662307983
|move|p2a: Porygon2|Recover|p2a: Porygon2
|-heal|p2a: Porygon2|66/100 par
|move|p1a: Eternatus|Dynamax Cannon|p2a: Porygon2
|-damage|p2a: Porygon2|33/100 par
|
|upkeep
|turn|24
|
|t:|1662307985
|move|p2a: Porygon2|Recover|p2a: Porygon2
|-heal|p2a: Porygon2|83/100 par
|move|p1a: Eternatus|Sludge Bomb|p2a: Porygon2
|-crit|p2a: Porygon2
|-damage|p2a: Porygon2|40/100 par
|
|upkeep
|turn|25
|
|t:|1662307992
|move|p2a: Porygon2|Recover|p2a: Porygon2
|-heal|p2a: Porygon2|90/100 par
|move|p1a: Eternatus|Dynamax Cannon|p2a: Porygon2
|-damage|p2a: Porygon2|59/100 par
|
|upkeep
|turn|26
|
|t:|1662307995
|move|p2a: Porygon2|Recover|p2a: Porygon2
|-heal|p2a: Porygon2|100/100 par
|move|p1a: Eternatus|Dynamax Cannon|p2a: Porygon2
|-damage|p2a: Porygon2|72/100 par
|
|-fieldend|move: Trick Room
|upkeep
|turn|27
|
|t:|1662307998
|move|p1a: Eternatus|Sludge Bomb|p2a: Porygon2
|-damage|p2a: Porygon2|44/100 par
|move|p2a: Porygon2|Trick Room|p2a: Porygon2
|-fieldstart|move: Trick Room|[of] p2a: Porygon2
|
|upkeep
|turn|28
|
|t:|1662308003
|move|p2a: Porygon2|Recover|p2a: Porygon2
|-heal|p2a: Porygon2|94/100 par
|move|p1a: Eternatus|Sludge Bomb|p2a: Porygon2
|-damage|p2a: Porygon2|68/100 par
|
|upkeep
|turn|29
|
|t:|1662308008
|move|p2a: Porygon2|Recover|p2a: Porygon2
|-heal|p2a: Porygon2|100/100 par
|move|p1a: Eternatus|Sludge Bomb|p2a: Porygon2
|-damage|p2a: Porygon2|71/100 par
|
|upkeep
|turn|30
|
|t:|1662308012
|switch|p2a: Kyogre|Kyogre|51/100
|-damage|p2a: Kyogre|39/100|[from] Stealth Rock
|-weather|RainDance|[from] ability: Drizzle|[of] p2a: Kyogre
|move|p1a: Eternatus|Sludge Bomb|p2a: Kyogre
|-damage|p2a: Kyogre|11/100
|
|-weather|RainDance|[upkeep]
|upkeep
|turn|31
|
|t:|1662308017
|switch|p1a: Necrozma|Necrozma-Dusk-Mane|39/100
|move|p2a: Kyogre|Ice Beam|p1a: Necrozma
|-resisted|p1a: Necrozma
|-damage|p1a: Necrozma|21/100
|
|-weather|RainDance|[upkeep]
|-fieldend|move: Trick Room
|upkeep
|turn|32
|
|t:|1662308025
|switch|p2a: Dracovish|Dracovish|100/100
|-damage|p2a: Dracovish|88/100|[from] Stealth Rock
|move|p1a: Necrozma|Morning Sun|p1a: Necrozma
|-heal|p1a: Necrozma|71/100
|
|-weather|RainDance|[upkeep]
|upkeep
|turn|33
|
|t:|1662308029
|move|p1a: Necrozma|Iron Head|p2a: Dracovish
|-resisted|p2a: Dracovish
|-damage|p2a: Dracovish|71/100
|move|p2a: Dracovish|Fishious Rend|p1a: Necrozma
|-damage|p1a: Necrozma|14/100
|
|-weather|RainDance|[upkeep]
|upkeep
|turn|34
|
|t:|1662308033
|move|p1a: Necrozma|Iron Head|p2a: Dracovish
|-resisted|p2a: Dracovish
|-damage|p2a: Dracovish|53/100
|cant|p2a: Dracovish|flinch
|
|-weather|none
|upkeep
|turn|35
|
|t:|1662308036
|move|p1a: Necrozma|Iron Head|p2a: Dracovish
|-resisted|p2a: Dracovish
|-damage|p2a: Dracovish|35/100
|move|p2a: Dracovish|Fishious Rend|p1a: Necrozma
|-damage|p1a: Necrozma|0 fnt
|faint|p1a: Necrozma
|
|upkeep
|
|t:|1662308039
|switch|p1a: Yveltal|Yveltal|4/100
|-ability|p1a: Yveltal|Dark Aura
|turn|36
|
|t:|1662308048
|switch|p2a: Kyogre|Kyogre|11/100
|-damage|p2a: Kyogre|0 fnt|[from] Stealth Rock
|faint|p2a: Kyogre
|move|p1a: Yveltal|Knock Off|p2: Kyogre|[notarget]
|-fail|p1a: Yveltal
|
|upkeep
|
|t:|1662308055
|switch|p2a: Porygon2|Porygon2|71/100 par
|-damage|p2a: Porygon2|58/100 par|[from] Stealth Rock
|turn|37
|
|t:|1662308057
|move|p1a: Yveltal|Roost|p1a: Yveltal
|-heal|p1a: Yveltal|54/100
|-singleturn|p1a: Yveltal|move: Roost
|move|p2a: Porygon2|Trick Room|p2a: Porygon2
|-fieldstart|move: Trick Room|[of] p2a: Porygon2
|
|upkeep
|turn|38
|inactive|Luna's Bann3d Now has 270 seconds left.
|
|t:|1662308093
|switch|p2a: Dracovish|Dracovish|35/100
|-damage|p2a: Dracovish|22/100|[from] Stealth Rock
|move|p1a: Yveltal|Roost|p1a: Yveltal
|-heal|p1a: Yveltal|100/100
|-singleturn|p1a: Yveltal|move: Roost
|
|upkeep
|turn|39
|
|t:|1662308096
|move|p1a: Yveltal|Sucker Punch|p2a: Dracovish
|-damage|p2a: Dracovish|0 fnt
|faint|p2a: Dracovish
|
|upkeep
|
|t:|1662308098
|switch|p2a: Calyrex|Calyrex-Ice|100/100
|-ability|p2a: Calyrex|As One
|-ability|p2a: Calyrex|Unnerve
|turn|40
|
|t:|1662308107
|switch|p1a: Eternatus|Eternatus|100/100
|-ability|p1a: Eternatus|Pressure
|move|p2a: Calyrex|Glacial Lance|p1a: Eternatus
|-supereffective|p1a: Eternatus
|-damage|p1a: Eternatus|0 fnt
|faint|p1a: Eternatus
|-ability|p2a: Calyrex|Chilling Neigh|boost
|-boost|p2a: Calyrex|atk|1
|
|upkeep
|
|t:|1662308111
|switch|p1a: Solgaleo|Solgaleo|100/100
|turn|41
|
|t:|1662308149
|move|p2a: Calyrex|High Horsepower|p1a: Solgaleo
|-supereffective|p1a: Solgaleo
|-damage|p1a: Solgaleo|6/100
|move|p1a: Solgaleo|Sunsteel Strike|p2a: Calyrex
|-supereffective|p2a: Calyrex
|-damage|p2a: Calyrex|23/100
|-damage|p1a: Solgaleo|0 fnt|[from] item: Life Orb
|faint|p1a: Solgaleo
|
|-fieldend|move: Trick Room
|upkeep
|
|t:|1662308152
|switch|p1a: Yveltal|Yveltal|100/100
|-ability|p1a: Yveltal|Dark Aura
|turn|42
|
|t:|1662308157
|switch|p2a: Porygon2|Porygon2|58/100 par
|-damage|p2a: Porygon2|46/100 par|[from] Stealth Rock
|move|p1a: Yveltal|Knock Off|p2a: Porygon2
|-damage|p2a: Porygon2|19/100 par
|-enditem|p2a: Porygon2|Eviolite|[from] move: Knock Off|[of] p1a: Yveltal
|
|upkeep
|turn|43
|
|t:|1662308165
|move|p1a: Yveltal|Knock Off|p2a: Porygon2
|-damage|p2a: Porygon2|0 fnt
|faint|p2a: Porygon2
|
|upkeep
|c|☆Luna's Bann3d Now|gg
|c|☆Royal1604|Gg
|inactive|Royal1604 has 270 seconds left.
|
|t:|1662308192
|switch|p2a: Calyrex|Calyrex-Ice|23/100
|-ability|p2a: Calyrex|As One
|-ability|p2a: Calyrex|Unnerve
|turn|44
|
|t:|1662308198
|move|p1a: Yveltal|Knock Off|p2a: Calyrex
|-supereffective|p2a: Calyrex
|-damage|p2a: Calyrex|0 fnt
|-enditem|p2a: Calyrex|Heavy-Duty Boots|[from] move: Knock Off|[of] p1a: Yveltal
|faint|p2a: Calyrex
|
|win|Luna's Bann3d Now
