|inactive|Battle timer is ON: inactive players will automatically lose when time's up.
|t:|1667786252
|gametype|singles
|player|p1|Kate|#scl2dynamos|
|player|p2|edgar|#scl2machines|
|teamsize|p1|6
|teamsize|p2|6
|gen|8
|tier|[Gen 8] Ubers
|rule|Sleep Clause Mod: Limit one foe put to sleep
|rule|Species Clause: Limit one of each Pokémon
|rule|OHKO Clause: OHKO moves are banned
|rule|Evasion Items Clause: Evasion items are banned
|rule|Evasion Moves Clause: Evasion moves are banned
|rule|Endless Battle Clause: Forcing endless battles is banned
|rule|HP Percentage Mod: HP is shown in percentages
|rule|Dynamax Clause: You cannot dynamax
|clearpoke
|poke|p1|Ferrothorn, F|
|poke|p1|Eternatus|
|poke|p1|Yveltal|
|poke|p1|Necrozma-Dusk-Mane|
|poke|p1|Groudon|
|poke|p1|Calyrex-Shadow|
|poke|p2|Aerodactyl, M|
|poke|p2|Polteageist|
|poke|p2|Necrozma-Dusk-Mane|
|poke|p2|Calyrex-Shadow|
|poke|p2|Eternatus|
|poke|p2|Yveltal|
|teampreview
|raw|<div class="broadcast-red"><strong>Moderated chat was set to ☆!</strong><br />Only users of rank ☆ and higher can talk.</div>
|c|☆edgar|hf
|inactive|Kate has 270 seconds left.
|c|☆Kate|Hf
|inactive|Kate has 240 seconds left.
|
|t:|1667786319
|start
|switch|p1a: Ferrothorn|Ferrothorn, F|100/100
|switch|p2a: Canela|Aerodactyl, M|100/100
|-ability|p2a: Canela|Pressure
|turn|1
|
|t:|1667786325
|move|p2a: Canela|Taunt|p1a: Ferrothorn
|-start|p1a: Ferrothorn|move: Taunt
|move|p1a: Ferrothorn|Knock Off|p2a: Canela
|-damage|p2a: Canela|64/100
|-enditem|p2a: Canela|Focus Sash|[from] move: Knock Off|[of] p1a: Ferrothorn
|
|upkeep
|turn|2
|
|t:|1667786332
|move|p2a: Canela|Tailwind|p2a: Canela
|-sidestart|p2: edgar|move: Tailwind
|move|p1a: Ferrothorn|Gyro Ball|p2a: Canela
|-supereffective|p2a: Canela
|-damage|p2a: Canela|0 fnt
|faint|p2a: Canela
|
|upkeep
|inactive|edgar has 270 seconds left.
|inactive|edgar has 240 seconds left.
|
|t:|1667786417
|switch|p2a: ☕|Polteageist|100/100
|turn|3
|
|t:|1667786420
|move|p2a: ☕|Shell Smash|p2a: ☕
|-unboost|p2a: ☕|def|1
|-unboost|p2a: ☕|spd|1
|-boost|p2a: ☕|atk|2
|-boost|p2a: ☕|spa|2
|-boost|p2a: ☕|spe|2
|move|p1a: Ferrothorn|Knock Off|p2a: ☕
|-supereffective|p2a: ☕
|-enditem|p2a: ☕|Focus Sash
|-damage|p2a: ☕|1/100
|
|-end|p1a: Ferrothorn|move: Taunt
|upkeep
|turn|4
|
|t:|1667786431
|move|p2a: ☕|Shadow Ball|p1a: Ferrothorn
|-damage|p1a: Ferrothorn|46/100
|move|p1a: Ferrothorn|Gyro Ball|p2a: ☕
|-damage|p2a: ☕|0 fnt
|faint|p2a: ☕
|
|-heal|p1a: Ferrothorn|52/100|[from] item: Leftovers
|upkeep
|
|t:|1667786437
|switch|p2a: Manzanilla|Eternatus|100/100
|-ability|p2a: Manzanilla|Pressure
|turn|5
|
|t:|1667786443
|switch|p1a: Necrozma|Necrozma-Dusk-Mane|100/100
|move|p2a: Manzanilla|Flamethrower|p1a: Necrozma
|-supereffective|p1a: Necrozma
|-crit|p1a: Necrozma
|-damage|p1a: Necrozma|46/100
|
|-sideend|p2: edgar|move: Tailwind
|upkeep
|turn|6
|inactive|edgar has 240 seconds left.
|
|t:|1667786449
|move|p2a: Manzanilla|Meteor Beam||[still]
|-prepare|p2a: Manzanilla|Meteor Beam
|-boost|p2a: Manzanilla|spa|1
|-enditem|p2a: Manzanilla|Power Herb
|-anim|p2a: Manzanilla|Meteor Beam|p1a: Necrozma
|-resisted|p1a: Necrozma
|-damage|p1a: Necrozma|20/100
|move|p1a: Necrozma|Moonlight|p1a: Necrozma
|-heal|p1a: Necrozma|70/100
|
|upkeep
|turn|7
|
|t:|1667786453
|move|p2a: Manzanilla|Flamethrower|p1a: Necrozma
|-supereffective|p1a: Necrozma
|-damage|p1a: Necrozma|14/100
|move|p1a: Necrozma|Photon Geyser|p2a: Manzanilla
|-supereffective|p2a: Manzanilla
|-damage|p2a: Manzanilla|4/100
|
|upkeep
|turn|8
|
|t:|1667786465
|move|p2a: Manzanilla|Dynamax Cannon|p1a: Necrozma
|-resisted|p1a: Necrozma
|-damage|p1a: Necrozma|0 fnt
|faint|p1a: Necrozma
|
|upkeep
|
|t:|1667786467
|switch|p1a: Calyrex|Calyrex-Shadow|100/100
|-ability|p1a: Calyrex|As One
|-ability|p1a: Calyrex|Unnerve
|turn|9
|
|t:|1667786475
|move|p1a: Calyrex|Astral Barrage|p2a: Manzanilla
|-damage|p2a: Manzanilla|0 fnt
|faint|p2a: Manzanilla
|-ability|p1a: Calyrex|Grim Neigh|boost
|-boost|p1a: Calyrex|spa|1
|
|upkeep
|
|t:|1667786477
|switch|p2a: Rojo|Yveltal|100/100
|-ability|p2a: Rojo|Dark Aura
|turn|10
|
|t:|1667786482
|switch|p1a: Eternatus|Eternatus|100/100
|-ability|p1a: Eternatus|Pressure
|move|p2a: Rojo|Dark Pulse|p1a: Eternatus
|-damage|p1a: Eternatus|45/100
|-damage|p2a: Rojo|91/100|[from] item: Life Orb
|
|upkeep
|turn|11
|
|t:|1667786491
|move|p1a: Eternatus|Recover|p1a: Eternatus
|-heal|p1a: Eternatus|95/100
|move|p2a: Rojo|Taunt|p1a: Eternatus
|-start|p1a: Eternatus|move: Taunt
|
|upkeep
|turn|12
|
|t:|1667786498
|move|p1a: Eternatus|Draco Meteor|p2a: Rojo
|-damage|p2a: Rojo|38/100
|-unboost|p1a: Eternatus|spa|2
|-enditem|p1a: Eternatus|Eject Pack
|
|t:|1667786501
|switch|p1a: Ferrothorn|Ferrothorn, F|52/100
|move|p2a: Rojo|Oblivion Wing|p1a: Ferrothorn
|-damage|p1a: Ferrothorn|21/100
|-heal|p2a: Rojo|59/100|[from] drain|[of] p1a: Ferrothorn
|-damage|p2a: Rojo|49/100|[from] item: Life Orb
|
|-heal|p1a: Ferrothorn|27/100|[from] item: Leftovers
|upkeep
|turn|13
|
|t:|1667786512
|move|p2a: Rojo|Oblivion Wing|p1a: Ferrothorn
|-damage|p1a: Ferrothorn|0 fnt
|-heal|p2a: Rojo|67/100|[from] drain|[of] p1a: Ferrothorn
|faint|p1a: Ferrothorn
|-damage|p2a: Rojo|57/100|[from] item: Life Orb
|
|upkeep
|
|t:|1667786513
|switch|p1a: Eternatus|Eternatus|95/100
|-ability|p1a: Eternatus|Pressure
|turn|14
|inactive|edgar has 270 seconds left.
|
|t:|1667786553
|switch|p2a: Verde|Necrozma-Dusk-Mane|100/100
|move|p1a: Eternatus|Flamethrower|p2a: Verde
|-supereffective|p2a: Verde
|-damage|p2a: Verde|57/100
|
|upkeep
|turn|15
|inactive|edgar has 270 seconds left.
|
|t:|1667786560
|switch|p1a: Groudon|Groudon|100/100
|-weather|SunnyDay|[from] ability: Drought|[of] p1a: Groudon
|move|p2a: Verde|Sunsteel Strike|p1a: Groudon
|-damage|p1a: Groudon|73/100
|
|-weather|SunnyDay|[upkeep]
|-heal|p1a: Groudon|79/100|[from] item: Leftovers
|upkeep
|turn|16
|inactive|edgar has 270 seconds left.
|
|t:|1667786582
|switch|p2a: Jazmín|Calyrex-Shadow|100/100
|-ability|p2a: Jazmín|As One
|-ability|p2a: Jazmín|Unnerve
|move|p1a: Groudon|Stealth Rock|p2a: Jazmín
|-sidestart|p2: edgar|move: Stealth Rock
|
|-weather|SunnyDay|[upkeep]
|-heal|p1a: Groudon|85/100|[from] item: Leftovers
|upkeep
|turn|17
|
|t:|1667786592
|switch|p1a: Yveltal|Yveltal|100/100
|-ability|p1a: Yveltal|Dark Aura
|move|p2a: Jazmín|Nasty Plot|p2a: Jazmín
|-boost|p2a: Jazmín|spa|2
|
|-weather|SunnyDay|[upkeep]
|upkeep
|turn|18
|inactive|edgar has 270 seconds left.
|inactive|edgar has 240 seconds left.
|
|t:|1667786633
|move|p2a: Jazmín|Draining Kiss|p1a: Yveltal
|-supereffective|p1a: Yveltal
|-damage|p1a: Yveltal|55/100
|move|p1a: Yveltal|Knock Off|p2a: Jazmín
|-supereffective|p2a: Jazmín
|-enditem|p2a: Jazmín|Focus Sash
|-damage|p2a: Jazmín|1/100
|
|-weather|SunnyDay|[upkeep]
|upkeep
|turn|19
|inactive|edgar has 240 seconds left.
|
|t:|1667786640
|move|p1a: Yveltal|Sucker Punch|p2a: Jazmín
|-supereffective|p2a: Jazmín
|-damage|p2a: Jazmín|0 fnt
|faint|p2a: Jazmín
|
|-weather|none
|upkeep
|
|t:|1667786644
|switch|p2a: Rojo|Yveltal|57/100
|-damage|p2a: Rojo|32/100|[from] Stealth Rock
|-ability|p2a: Rojo|Dark Aura
|turn|20
|
|t:|1667786653
|move|p2a: Rojo|Oblivion Wing|p1a: Yveltal
|-damage|p1a: Yveltal|24/100
|-heal|p2a: Rojo|59/100|[from] drain|[of] p1a: Yveltal
|-damage|p2a: Rojo|49/100|[from] item: Life Orb
|move|p1a: Yveltal|Knock Off|p2a: Rojo
|-resisted|p2a: Rojo
|-damage|p2a: Rojo|23/100
|-enditem|p2a: Rojo|Life Orb|[from] move: Knock Off|[of] p1a: Yveltal
|
|upkeep
|turn|21
|
|t:|1667786663
|switch|p1a: Eternatus|Eternatus|95/100
|-ability|p1a: Eternatus|Pressure
|move|p2a: Rojo|Oblivion Wing|p1a: Eternatus
|-crit|p1a: Eternatus
|-damage|p1a: Eternatus|50/100
|-heal|p2a: Rojo|64/100|[from] drain|[of] p1a: Eternatus
|
|upkeep
|turn|22
|
|t:|1667786674
|move|p1a: Eternatus|Recover|p1a: Eternatus
|-heal|p1a: Eternatus|100/100
|move|p2a: Rojo|Oblivion Wing|p1a: Eternatus
|-damage|p1a: Eternatus|68/100
|-heal|p2a: Rojo|94/100|[from] drain|[of] p1a: Eternatus
|
|upkeep
|turn|23
|
|t:|1667786681
|move|p1a: Eternatus|Sludge Bomb|p2a: Rojo
|-damage|p2a: Rojo|56/100
|move|p2a: Rojo|Taunt|p1a: Eternatus
|-start|p1a: Eternatus|move: Taunt
|
|upkeep
|turn|24
|
|t:|1667786699
|move|p1a: Eternatus|Draco Meteor|p2a: Rojo
|-damage|p2a: Rojo|5/100
|-unboost|p1a: Eternatus|spa|2
|move|p2a: Rojo|Oblivion Wing|p1a: Eternatus
|-damage|p1a: Eternatus|37/100
|-heal|p2a: Rojo|33/100|[from] drain|[of] p1a: Eternatus
|
|upkeep
|turn|25
|inactive|edgar has 270 seconds left.
|
|t:|1667786715
|switch|p1a: Yveltal|Yveltal|24/100
|-ability|p1a: Yveltal|Dark Aura
|move|p2a: Rojo|Oblivion Wing|p1a: Yveltal
|-damage|p1a: Yveltal|1/100
|-heal|p2a: Rojo|53/100|[from] drain|[of] p1a: Yveltal
|
|upkeep
|turn|26
|
|t:|1667786726
|move|p2a: Rojo|Sucker Punch|p1a: Yveltal
|-resisted|p1a: Yveltal
|-damage|p1a: Yveltal|0 fnt
|faint|p1a: Yveltal
|
|upkeep
|
|t:|1667786730
|switch|p1a: Eternatus|Eternatus|37/100
|-ability|p1a: Eternatus|Pressure
|turn|27
|inactive|edgar has 270 seconds left.
|
|t:|1667786736
|switch|p2a: Verde|Necrozma-Dusk-Mane|57/100
|-damage|p2a: Verde|51/100|[from] Stealth Rock
|move|p1a: Eternatus|Recover|p1a: Eternatus
|-heal|p1a: Eternatus|87/100
|
|upkeep
|turn|28
|inactive|edgar has 270 seconds left.
|
|t:|1667786747
|switch|p1a: Calyrex|Calyrex-Shadow|100/100
|-ability|p1a: Calyrex|As One
|-ability|p1a: Calyrex|Unnerve
|switch|p2a: Rojo|Yveltal|53/100
|-damage|p2a: Rojo|28/100|[from] Stealth Rock
|-ability|p2a: Rojo|Dark Aura
|
|upkeep
|turn|29
|
|t:|1667786755
|switch|p1a: Eternatus|Eternatus|87/100
|-ability|p1a: Eternatus|Pressure
|move|p2a: Rojo|Oblivion Wing|p1a: Eternatus
|-damage|p1a: Eternatus|56/100
|-heal|p2a: Rojo|57/100|[from] drain|[of] p1a: Eternatus
|
|upkeep
|turn|30
|
|t:|1667786765
|move|p1a: Eternatus|Recover|p1a: Eternatus
|-heal|p1a: Eternatus|100/100
|move|p2a: Rojo|Oblivion Wing|p1a: Eternatus
|-damage|p1a: Eternatus|71/100
|-heal|p2a: Rojo|84/100|[from] drain|[of] p1a: Eternatus
|
|upkeep
|turn|31
|inactive|edgar has 270 seconds left.
|
|t:|1667786782
|move|p1a: Eternatus|Sludge Bomb|p2a: Rojo
|-damage|p2a: Rojo|46/100
|move|p2a: Rojo|Oblivion Wing|p1a: Eternatus
|-damage|p1a: Eternatus|41/100
|-heal|p2a: Rojo|75/100|[from] drain|[of] p1a: Eternatus
|
|upkeep
|turn|32
|
|t:|1667786791
|move|p1a: Eternatus|Recover|p1a: Eternatus
|-heal|p1a: Eternatus|91/100
|move|p2a: Rojo|Dark Pulse|p1a: Eternatus
|-damage|p1a: Eternatus|50/100
|
|upkeep
|turn|33
|
|t:|1667786799
|move|p1a: Eternatus|Recover|p1a: Eternatus
|-heal|p1a: Eternatus|99/100
|move|p2a: Rojo|Taunt|p1a: Eternatus
|-start|p1a: Eternatus|move: Taunt
|
|upkeep
|turn|34
|
|t:|1667786804
|move|p1a: Eternatus|Sludge Bomb|p2a: Rojo
|-damage|p2a: Rojo|34/100
|move|p2a: Rojo|Dark Pulse|p1a: Eternatus
|-damage|p1a: Eternatus|56/100
|
|upkeep
|turn|35
|
|t:|1667786820
|move|p2a: Rojo|Sucker Punch|p1a: Eternatus
|-damage|p1a: Eternatus|26/100
|move|p1a: Eternatus|Sludge Bomb|p2a: Rojo
|-damage|p2a: Rojo|0 fnt
|faint|p2a: Rojo
|
|upkeep
|
|t:|1667786824
|switch|p2a: Verde|Necrozma-Dusk-Mane|51/100
|-damage|p2a: Verde|45/100|[from] Stealth Rock
|turn|36
|
|t:|1667786829
|switch|p1a: Calyrex|Calyrex-Shadow|100/100
|-ability|p1a: Calyrex|As One
|-ability|p1a: Calyrex|Unnerve
|move|p2a: Verde|Sunsteel Strike|p1a: Calyrex
|-damage|p1a: Calyrex|23/100
|
|upkeep
|turn|37
|c|☆Kate|Gg
|c|☆edgar|gg
|
|t:|1667786847
|move|p1a: Calyrex|Astral Barrage|p2a: Verde
|-supereffective|p2a: Verde
|-damage|p2a: Verde|0 fnt
|faint|p2a: Verde
|
|win|Kate
