|inactive|Battle timer is ON: inactive players will automatically lose when time's up.
|t:|1670124082
|gametype|singles
|player|p1|Skarph♫|lucas-gen4pt|
|player|p2|Kate|#kate|
|teamsize|p1|6
|teamsize|p2|6
|gen|8
|tier|[Gen 8] Ubers
|rule|Sleep Clause Mod: Limit one foe put to sleep
|rule|Species Clause: Limit one of each Pokémon
|rule|OHKO Clause: OHKO moves are banned
|rule|Evasion Items Clause: Evasion items are banned
|rule|Evasion Moves Clause: Evasion moves are banned
|rule|Endless Battle Clause: Forcing endless battles is banned
|rule|HP Percentage Mod: HP is shown in percentages
|rule|Dynamax Clause: You cannot dynamax
|clearpoke
|poke|p1|Yveltal|
|poke|p1|Necrozma-Dusk-Mane|
|poke|p1|Ferrothorn, M|
|poke|p1|Eternatus|
|poke|p1|Kyogre|
|poke|p1|Calyrex-Shadow|
|poke|p2|Groudon|
|poke|p2|Xerneas-*|
|poke|p2|Yveltal|
|poke|p2|Necrozma-Dusk-Mane|
|poke|p2|Eternatus|
|poke|p2|Ho-Oh|
|teampreview
|c|☆Skarph♫|hf
|c|☆Kate|Hf
|inactive|Skarph♫ has 270 seconds left.
|inactive|Kate has 270 seconds left.
|
|t:|1670124121
|start
|switch|p1a: Yveltal|Yveltal|100/100
|switch|p2a: Eternatus|Eternatus|100/100
|-ability|p2a: Eternatus|Pressure
|-item|p2a: Eternatus|Air Balloon
|-ability|p1a: Yveltal|Dark Aura
|turn|1
|inactive|Skarph♫ has 270 seconds left.
|
|t:|1670124157
|move|p2a: Eternatus|Toxic|p1a: Yveltal
|-status|p1a: Yveltal|tox
|move|p1a: Yveltal|U-turn|p2a: Eternatus
|-resisted|p2a: Eternatus
|-damage|p2a: Eternatus|93/100
|-enditem|p2a: Eternatus|Air Balloon
|
|t:|1670124159
|switch|p1a: Necrozma|Necrozma-Dusk-Mane|100/100|[from] U-turn
|
|upkeep
|turn|2
|
|t:|1670124162
|switch|p2a: Groudon|Groudon|100/100
|-weather|SunnyDay|[from] ability: Drought|[of] p2a: Groudon
|switch|p1a: Kyogre|Kyogre|100/100
|-weather|RainDance|[from] ability: Drizzle|[of] p1a: Kyogre
|
|-weather|RainDance|[upkeep]
|upkeep
|turn|3
|
|t:|1670124171
|switch|p2a: Eternatus|Eternatus|93/100
|-ability|p2a: Eternatus|Pressure
|move|p1a: Kyogre|Water Spout|p2a: Eternatus
|-resisted|p2a: Eternatus
|-damage|p2a: Eternatus|24/100
|
|-weather|RainDance|[upkeep]
|upkeep
|turn|4
|
|t:|1670124187
|switch|p1a: Necrozma|Necrozma-Dusk-Mane|100/100
|move|p2a: Eternatus|Recover|p2a: Eternatus
|-heal|p2a: Eternatus|74/100
|
|-weather|RainDance|[upkeep]
|upkeep
|turn|5
|
|t:|1670124199
|switch|p2a: Groudon|Groudon|100/100
|-weather|SunnyDay|[from] ability: Drought|[of] p2a: Groudon
|move|p1a: Necrozma|Stealth Rock|p2a: Groudon
|-sidestart|p2: Kate|move: Stealth Rock
|
|-weather|SunnyDay|[upkeep]
|upkeep
|turn|6
|inactive|Skarph♫ has 270 seconds left.
|
|t:|1670124250
|switch|p1a: Yveltal|Yveltal|100/100 tox
|-ability|p1a: Yveltal|Dark Aura
|move|p2a: Groudon|Precipice Blades|p1a: Yveltal
|-immune|p1a: Yveltal
|
|-weather|SunnyDay|[upkeep]
|-damage|p1a: Yveltal|94/100 tox|[from] psn
|upkeep
|turn|7
|
|t:|1670124260
|move|p1a: Yveltal|Knock Off|p2a: Groudon
|-damage|p2a: Groudon|69/100
|-damage|p1a: Yveltal|78/100 tox|[from] item: Rocky Helmet|[of] p2a: Groudon
|-enditem|p2a: Groudon|Rocky Helmet|[from] move: Knock Off|[of] p1a: Yveltal
|move|p2a: Groudon|Stealth Rock|p1a: Yveltal
|-sidestart|p1: Skarph♫|move: Stealth Rock
|
|-weather|SunnyDay|[upkeep]
|-damage|p1a: Yveltal|66/100 tox|[from] psn
|upkeep
|turn|8
|
|t:|1670124267
|move|p1a: Yveltal|U-turn|p2a: Groudon
|-damage|p2a: Groudon|58/100
|
|t:|1670124269
|switch|p1a: Ferrothorn|Ferrothorn, M|100/100|[from] U-turn
|-damage|p1a: Ferrothorn|94/100|[from] Stealth Rock
|move|p2a: Groudon|Stone Edge|p1a: Ferrothorn
|-resisted|p1a: Ferrothorn
|-damage|p1a: Ferrothorn|83/100
|
|-weather|SunnyDay|[upkeep]
|-heal|p1a: Ferrothorn|90/100|[from] item: Leftovers
|upkeep
|turn|9
|inactive|Skarph♫ has 270 seconds left.
|
|t:|1670124283
|move|p2a: Groudon|Precipice Blades|p1a: Ferrothorn|[miss]
|-miss|p2a: Groudon|p1a: Ferrothorn
|move|p1a: Ferrothorn|Spikes|p2a: Groudon
|-sidestart|p2: Kate|Spikes
|
|-weather|none
|-heal|p1a: Ferrothorn|96/100|[from] item: Leftovers
|upkeep
|turn|10
|
|t:|1670124298
|move|p2a: Groudon|Precipice Blades|p1a: Ferrothorn|[miss]
|-miss|p2a: Groudon|p1a: Ferrothorn
|move|p1a: Ferrothorn|Leech Seed|p2a: Groudon
|-start|p2a: Groudon|move: Leech Seed
|
|-heal|p1a: Ferrothorn|100/100|[from] item: Leftovers
|-damage|p2a: Groudon|46/100|[from] Leech Seed|[of] p1a: Ferrothorn
|upkeep
|turn|11
|inactive|Skarph♫ has 270 seconds left.
|inactive|Kate has 270 seconds left.
|
|t:|1670124342
|switch|p1a: Yveltal|Yveltal|66/100 tox
|-ability|p1a: Yveltal|Dark Aura
|move|p2a: Groudon|Precipice Blades|p1a: Yveltal
|-immune|p1a: Yveltal
|
|-damage|p2a: Groudon|33/100|[from] Leech Seed|[of] p1a: Yveltal
|-heal|p1a: Yveltal|77/100 tox|[silent]
|-damage|p1a: Yveltal|70/100 tox|[from] psn
|upkeep
|turn|12
|
|t:|1670124356
|switch|p2a: Yveltal|Yveltal|100/100
|-ability|p2a: Yveltal|Dark Aura
|move|p1a: Yveltal|U-turn|p2a: Yveltal
|-damage|p2a: Yveltal|86/100
|
|t:|1670124362
|switch|p1a: Eternatus|Eternatus|100/100|[from] U-turn
|-damage|p1a: Eternatus|88/100|[from] Stealth Rock
|-ability|p1a: Eternatus|Pressure
|
|upkeep
|turn|13
|inactive|Kate has 270 seconds left.
|
|t:|1670124367
|switch|p2a: Xerneas|Xerneas|100/100
|-damage|p2a: Xerneas|88/100|[from] Stealth Rock
|-damage|p2a: Xerneas|76/100|[from] Spikes
|-ability|p2a: Xerneas|Fairy Aura
|move|p1a: Eternatus|Toxic|p2a: Xerneas
|-status|p2a: Xerneas|tox
|
|-damage|p2a: Xerneas|69/100 tox|[from] psn
|upkeep
|turn|14
|inactive|Skarph♫ has 240 seconds left.
|
|t:|1670124401
|switch|p1a: Calyrex|Calyrex-Shadow|100/100
|-ability|p1a: Calyrex|As One
|-ability|p1a: Calyrex|Unnerve
|-damage|p1a: Calyrex|88/100|[from] Stealth Rock
|move|p2a: Xerneas|Thunder Wave|p1a: Calyrex
|-status|p1a: Calyrex|par
|
|-damage|p2a: Xerneas|57/100 tox|[from] psn
|upkeep
|turn|15
|inactive|Skarph♫ has 240 seconds left.
|
|t:|1670124413
|switch|p2a: Yveltal|Yveltal|86/100
|-ability|p2a: Yveltal|Dark Aura
|move|p1a: Calyrex|Aromatherapy|p1a: Calyrex
|-activate|p1a: Calyrex|move: Aromatherapy
|-curestatus|p1a: Calyrex|par|[msg]
|-curestatus|p1: Yveltal|tox|[msg]
|
|upkeep
|turn|16
|inactive|Skarph♫ has 240 seconds left.
|
|t:|1670124445
|switch|p1a: Eternatus|Eternatus|88/100
|-damage|p1a: Eternatus|76/100|[from] Stealth Rock
|-ability|p1a: Eternatus|Pressure
|move|p2a: Yveltal|Knock Off|p1a: Eternatus
|-damage|p1a: Eternatus|36/100
|-enditem|p1a: Eternatus|Eject Pack|[from] move: Knock Off|[of] p2a: Yveltal
|
|upkeep
|turn|17
|
|t:|1670124464
|move|p1a: Eternatus|Recover|p1a: Eternatus
|-heal|p1a: Eternatus|86/100
|move|p2a: Yveltal|Defog|p1a: Eternatus
|-unboost|p1a: Eternatus|evasion|1
|-sideend|p1: Skarph♫|Stealth Rock|[from] move: Defog|[of] p2a: Yveltal
|-sideend|p2: Kate|Spikes|[from] move: Defog|[of] p2a: Yveltal
|-sideend|p2: Kate|Stealth Rock|[from] move: Defog|[of] p2a: Yveltal
|
|upkeep
|turn|18
|inactive|Kate has 270 seconds left.
|inactive|Skarph♫ has 210 seconds left.
|
|t:|1670124496
|switch|p1a: Yveltal|Yveltal|70/100
|-ability|p1a: Yveltal|Dark Aura
|switch|p2a: Necrozma|Necrozma-Dusk-Mane|100/100
|
|upkeep
|turn|19
|inactive|Skarph♫ has 210 seconds left.
|inactive|Kate has 270 seconds left.
|
|t:|1670124507
|move|p1a: Yveltal|U-turn|p2a: Necrozma
|-damage|p2a: Necrozma|87/100
|inactive|Skarph♫ has 210 seconds left.
|
|t:|1670124513
|switch|p1a: Ferrothorn|Ferrothorn, M|100/100|[from] U-turn
|move|p2a: Necrozma|Stone Edge|p1a: Ferrothorn
|-resisted|p1a: Ferrothorn
|-crit|p1a: Ferrothorn
|-damage|p1a: Ferrothorn|85/100
|
|-heal|p1a: Ferrothorn|91/100|[from] item: Leftovers
|upkeep
|turn|20
|
|t:|1670124520
|switch|p2a: Ho-Oh|Ho-Oh|100/100
|switch|p1a: Kyogre|Kyogre|100/100
|-weather|RainDance|[from] ability: Drizzle|[of] p1a: Kyogre
|
|-weather|RainDance|[upkeep]
|upkeep
|turn|21
|
|t:|1670124527
|switch|p2a: Eternatus|Eternatus|74/100
|-ability|p2a: Eternatus|Pressure
|move|p1a: Kyogre|Water Spout|p2a: Eternatus
|-resisted|p2a: Eternatus
|-damage|p2a: Eternatus|3/100
|
|-weather|RainDance|[upkeep]
|upkeep
|turn|22
|inactive|Skarph♫ has 210 seconds left.
|
|t:|1670124550
|move|p2a: Eternatus|Dynamax Cannon|p1a: Kyogre
|-damage|p1a: Kyogre|63/100
|move|p1a: Kyogre|Water Spout|p2a: Eternatus
|-resisted|p2a: Eternatus
|-damage|p2a: Eternatus|0 fnt
|faint|p2a: Eternatus
|
|-weather|RainDance|[upkeep]
|upkeep
|
|t:|1670124553
|switch|p2a: Yveltal|Yveltal|86/100
|-ability|p2a: Yveltal|Dark Aura
|turn|23
|inactive|Skarph♫ has 210 seconds left.
|
|t:|1670124575
|switch|p1a: Yveltal|Yveltal|70/100
|-ability|p1a: Yveltal|Dark Aura
|move|p2a: Yveltal|Knock Off|p1a: Yveltal
|-resisted|p1a: Yveltal
|-damage|p1a: Yveltal|47/100
|-enditem|p1a: Yveltal|Heavy-Duty Boots|[from] move: Knock Off|[of] p2a: Yveltal
|
|-weather|RainDance|[upkeep]
|upkeep
|turn|24
|inactive|Skarph♫ has 210 seconds left.
|inactive|Kate has 270 seconds left.
|
|t:|1670124619
|switch|p2a: Groudon|Groudon|33/100
|-weather|SunnyDay|[from] ability: Drought|[of] p2a: Groudon
|move|p1a: Yveltal|Roost|p1a: Yveltal
|-heal|p1a: Yveltal|97/100
|-singleturn|p1a: Yveltal|move: Roost
|
|-weather|SunnyDay|[upkeep]
|upkeep
|turn|25
|inactive|Skarph♫ has 210 seconds left.
|
|t:|1670124634
|move|p1a: Yveltal|Knock Off|p2a: Groudon
|-damage|p2a: Groudon|13/100
|move|p2a: Groudon|Stealth Rock|p1a: Yveltal
|-sidestart|p1: Skarph♫|move: Stealth Rock
|
|-weather|SunnyDay|[upkeep]
|upkeep
|turn|26
|inactive|Skarph♫ has 210 seconds left.
|
|t:|1670124649
|move|p1a: Yveltal|Knock Off|p2a: Groudon
|-damage|p2a: Groudon|0 fnt
|faint|p2a: Groudon
|
|-weather|SunnyDay|[upkeep]
|upkeep
|
|t:|1670124653
|switch|p2a: Xerneas|Xerneas|57/100 tox
|-ability|p2a: Xerneas|Fairy Aura
|turn|27
|inactive|Skarph♫ has 210 seconds left.
|inactive|Kate has 270 seconds left.
|inactive|Skarph♫ has 180 seconds left.
|
|t:|1670124688
|switch|p2a: Ho-Oh|Ho-Oh|100/100
|switch|p1a: Necrozma|Necrozma-Dusk-Mane|100/100
|-damage|p1a: Necrozma|94/100|[from] Stealth Rock
|
|-weather|SunnyDay|[upkeep]
|-heal|p1a: Necrozma|100/100|[from] item: Leftovers
|upkeep
|turn|28
|inactive|Skarph♫ has 180 seconds left.
|
|t:|1670124726
|move|p2a: Ho-Oh|Substitute|p2a: Ho-Oh
|-start|p2a: Ho-Oh|Substitute
|-damage|p2a: Ho-Oh|76/100
|move|p1a: Necrozma|Moonlight|p1a: Necrozma
|-fail|p1a: Necrozma|heal
|
|-weather|none
|upkeep
|turn|29
|inactive|Skarph♫ has 150 seconds left.
|
|t:|1670124744
|switch|p1a: Eternatus|Eternatus|86/100
|-damage|p1a: Eternatus|74/100|[from] Stealth Rock
|-ability|p1a: Eternatus|Pressure
|move|p2a: Ho-Oh|Curse|p2a: Ho-Oh
|-unboost|p2a: Ho-Oh|spe|1
|-boost|p2a: Ho-Oh|atk|1
|-boost|p2a: Ho-Oh|def|1
|
|upkeep
|turn|30
|inactive|Skarph♫ has 150 seconds left.
|
|t:|1670124763
|switch|p1a: Yveltal|Yveltal|97/100
|-damage|p1a: Yveltal|73/100|[from] Stealth Rock
|-ability|p1a: Yveltal|Dark Aura
|move|p2a: Ho-Oh|Substitute|p2a: Ho-Oh
|-fail|p2a: Ho-Oh|move: Substitute
|
|upkeep
|turn|31
|inactive|Skarph♫ has 150 seconds left.
|
|t:|1670124792
|move|p1a: Yveltal|Knock Off|p2a: Ho-Oh
|-end|p2a: Ho-Oh|Substitute
|move|p2a: Ho-Oh|Brave Bird|p1a: Yveltal
|-damage|p1a: Yveltal|7/100
|-damage|p2a: Ho-Oh|52/100|[from] Recoil
|
|upkeep
|turn|32
|inactive|Skarph♫ has 150 seconds left.
|inactive|Kate has 270 seconds left.
|
|t:|1670124817
|switch|p2a: Xerneas|Xerneas|57/100 tox
|-ability|p2a: Xerneas|Fairy Aura
|move|p1a: Yveltal|Defog|p2a: Xerneas
|-unboost|p2a: Xerneas|evasion|1
|-sideend|p1: Skarph♫|Stealth Rock|[from] move: Defog|[of] p1a: Yveltal
|
|-damage|p2a: Xerneas|51/100 tox|[from] psn
|upkeep
|turn|33
|inactive|Skarph♫ has 150 seconds left.
|inactive|Kate has 270 seconds left.
|
|t:|1670124826
|switch|p1a: Calyrex|Calyrex-Shadow|88/100
|-ability|p1a: Calyrex|As One
|-ability|p1a: Calyrex|Unnerve
|move|p2a: Xerneas|Moonblast|p1a: Calyrex
|-damage|p1a: Calyrex|27/100
|-unboost|p1a: Calyrex|spa|1
|
|-damage|p2a: Xerneas|39/100 tox|[from] psn
|upkeep
|turn|34
|inactive|Skarph♫ has 150 seconds left.
|
|t:|1670124839
|switch|p1a: Eternatus|Eternatus|74/100
|-ability|p1a: Eternatus|Pressure
|switch|p2a: Yveltal|Yveltal|86/100
|-ability|p2a: Yveltal|Dark Aura
|
|upkeep
|turn|35
|inactive|Skarph♫ has 150 seconds left.
|inactive|Kate has 270 seconds left.
|inactive|Kate has 240 seconds left.
|
|t:|1670124887
|switch|p2a: Necrozma|Necrozma-Dusk-Mane|87/100
|move|p1a: Eternatus|Toxic|p2a: Necrozma
|-immune|p2a: Necrozma
|
|upkeep
|turn|36
|inactive|Kate has 240 seconds left.
|
|t:|1670124897
|move|p1a: Eternatus|Flamethrower|p2a: Necrozma
|-supereffective|p2a: Necrozma
|-damage|p2a: Necrozma|60/100
|move|p2a: Necrozma|Dragon Dance|p2a: Necrozma
|-boost|p2a: Necrozma|atk|1
|-boost|p2a: Necrozma|spe|1
|
|upkeep
|turn|37
|
|t:|1670124910
|switch|p1a: Ferrothorn|Ferrothorn, M|91/100
|move|p2a: Necrozma|Moonlight|p2a: Necrozma
|-heal|p2a: Necrozma|100/100
|
|-heal|p1a: Ferrothorn|97/100|[from] item: Leftovers
|upkeep
|turn|38
|
|t:|1670124922
|switch|p2a: Yveltal|Yveltal|86/100
|-ability|p2a: Yveltal|Dark Aura
|move|p1a: Ferrothorn|Leech Seed|p2a: Yveltal
|-start|p2a: Yveltal|move: Leech Seed
|
|-heal|p1a: Ferrothorn|100/100|[from] item: Leftovers
|-damage|p2a: Yveltal|73/100|[from] Leech Seed|[of] p1a: Ferrothorn
|upkeep
|turn|39
|
|t:|1670124940
|move|p2a: Yveltal|Knock Off|p1a: Ferrothorn
|-damage|p1a: Ferrothorn|70/100
|-damage|p2a: Yveltal|61/100|[from] ability: Iron Barbs|[of] p1a: Ferrothorn
|-enditem|p1a: Ferrothorn|Leftovers|[from] move: Knock Off|[of] p2a: Yveltal
|move|p1a: Ferrothorn|Spikes|p2a: Yveltal
|-sidestart|p2: Kate|Spikes
|
|-damage|p2a: Yveltal|49/100|[from] Leech Seed|[of] p1a: Ferrothorn
|-heal|p1a: Ferrothorn|85/100|[silent]
|upkeep
|turn|40
|inactive|Skarph♫ has 120 seconds left.
|
|t:|1670124965
|move|p2a: Yveltal|Roost|p2a: Yveltal
|-heal|p2a: Yveltal|99/100
|-singleturn|p2a: Yveltal|move: Roost
|move|p1a: Ferrothorn|Body Press|p2a: Yveltal
|-supereffective|p2a: Yveltal
|-damage|p2a: Yveltal|49/100
|
|-damage|p2a: Yveltal|36/100|[from] Leech Seed|[of] p1a: Ferrothorn
|-heal|p1a: Ferrothorn|100/100|[silent]
|upkeep
|turn|41
|inactive|Skarph♫ has 120 seconds left.
|
|t:|1670124977
|switch|p1a: Yveltal|Yveltal|7/100
|-ability|p1a: Yveltal|Dark Aura
|move|p2a: Yveltal|Roost|p2a: Yveltal
|-heal|p2a: Yveltal|86/100
|-singleturn|p2a: Yveltal|move: Roost
|
|-damage|p2a: Yveltal|74/100|[from] Leech Seed|[of] p1a: Yveltal
|-heal|p1a: Yveltal|19/100|[silent]
|upkeep
|turn|42
|inactive|Skarph♫ has 120 seconds left.
|
|t:|1670124996
|move|p2a: Yveltal|Foul Play|p1a: Yveltal
|-resisted|p1a: Yveltal
|-damage|p1a: Yveltal|0 fnt
|faint|p1a: Yveltal
|
|upkeep
|
|t:|1670125006
|switch|p1a: Eternatus|Eternatus|74/100
|-ability|p1a: Eternatus|Pressure
|turn|43
|
|t:|1670125018
|move|p1a: Eternatus|Flamethrower|p2a: Yveltal
|-damage|p2a: Yveltal|57/100
|move|p2a: Yveltal|Knock Off|p1a: Eternatus
|-damage|p1a: Eternatus|45/100
|
|-damage|p2a: Yveltal|44/100|[from] Leech Seed|[of] p1a: Eternatus
|-heal|p1a: Eternatus|57/100|[silent]
|upkeep
|turn|44
|inactive|Kate has 270 seconds left.
|inactive|Kate has 240 seconds left.
|inactive|Kate has 210 seconds left.
|
|t:|1670125106
|move|p1a: Eternatus|Toxic|p2a: Yveltal
|-status|p2a: Yveltal|tox
|move|p2a: Yveltal|Roost|p2a: Yveltal
|-heal|p2a: Yveltal|95/100 tox
|-singleturn|p2a: Yveltal|move: Roost
|
|-damage|p2a: Yveltal|82/100 tox|[from] Leech Seed|[of] p1a: Eternatus
|-heal|p1a: Eternatus|68/100|[silent]
|-damage|p2a: Yveltal|76/100 tox|[from] psn
|upkeep
|turn|45
|inactive|Skarph♫ has 120 seconds left.
|
|t:|1670125116
|switch|p2a: Necrozma|Necrozma-Dusk-Mane|100/100
|-damage|p2a: Necrozma|88/100|[from] Spikes
|move|p1a: Eternatus|Flamethrower|p2a: Necrozma
|-supereffective|p2a: Necrozma
|-damage|p2a: Necrozma|62/100
|
|upkeep
|turn|46
|inactive|Skarph♫ has 120 seconds left.
|inactive|Skarph♫ has 90 seconds left.
|
|t:|1670125153
|switch|p1a: Kyogre|Kyogre|63/100
|-weather|RainDance|[from] ability: Drizzle|[of] p1a: Kyogre
|move|p2a: Necrozma|Sunsteel Strike|p1a: Kyogre
|-resisted|p1a: Kyogre
|-damage|p1a: Kyogre|35/100
|
|-weather|RainDance|[upkeep]
|upkeep
|turn|47
|
|t:|1670125168
|move|p1a: Kyogre|Origin Pulse|p2a: Necrozma|[miss]
|-miss|p1a: Kyogre|p2a: Necrozma
|move|p2a: Necrozma|Stone Edge|p1a: Kyogre
|-damage|p1a: Kyogre|0 fnt
|faint|p1a: Kyogre
|
|-weather|RainDance|[upkeep]
|upkeep
|
|t:|1670125172
|switch|p1a: Calyrex|Calyrex-Shadow|27/100
|-ability|p1a: Calyrex|As One
|-ability|p1a: Calyrex|Unnerve
|turn|48
|
|t:|1670125180
|switch|p2a: Yveltal|Yveltal|76/100 tox
|-ability|p2a: Yveltal|Dark Aura
|move|p1a: Calyrex|Astral Barrage|p2a: Yveltal
|-resisted|p2a: Yveltal
|-damage|p2a: Yveltal|52/100 tox
|
|-weather|RainDance|[upkeep]
|-damage|p2a: Yveltal|46/100 tox|[from] psn
|upkeep
|turn|49
|
|t:|1670125187
|move|p1a: Calyrex|Astral Barrage|p2a: Yveltal
|-resisted|p2a: Yveltal
|-damage|p2a: Yveltal|24/100 tox
|move|p2a: Yveltal|Roost|p2a: Yveltal
|-heal|p2a: Yveltal|75/100 tox
|-singleturn|p2a: Yveltal|move: Roost
|
|-weather|RainDance|[upkeep]
|-damage|p2a: Yveltal|62/100 tox|[from] psn
|upkeep
|turn|50
|inactive|Skarph♫ has 120 seconds left.
|inactive|Kate has 180 seconds left.
|inactive|Skarph♫ has 90 seconds left.
|
|t:|1670125235
|switch|p1a: Eternatus|Eternatus|68/100
|-ability|p1a: Eternatus|Pressure
|switch|p2a: Necrozma|Necrozma-Dusk-Mane|62/100
|-damage|p2a: Necrozma|50/100|[from] Spikes
|
|-weather|none
|upkeep
|turn|51
|
|t:|1670125243
|switch|p1a: Necrozma|Necrozma-Dusk-Mane|100/100
|move|p2a: Necrozma|Moonlight|p2a: Necrozma
|-heal|p2a: Necrozma|99/100
|
|upkeep
|turn|52
|inactive|Skarph♫ has 90 seconds left.
|inactive|Kate has 180 seconds left.
|
|t:|1670125281
|switch|p2a: Xerneas|Xerneas|39/100 tox
|-damage|p2a: Xerneas|26/100 tox|[from] Spikes
|-ability|p2a: Xerneas|Fairy Aura
|move|p1a: Necrozma|Stealth Rock|p2a: Xerneas
|-sidestart|p2: Kate|move: Stealth Rock
|
|-damage|p2a: Xerneas|20/100 tox|[from] psn
|upkeep
|turn|53
|
|t:|1670125303
|move|p2a: Xerneas|Defog|p1a: Necrozma
|-unboost|p1a: Necrozma|evasion|1
|-sideend|p2: Kate|Spikes|[from] move: Defog|[of] p2a: Xerneas
|-sideend|p2: Kate|Stealth Rock|[from] move: Defog|[of] p2a: Xerneas
|move|p1a: Necrozma|Stealth Rock|p2a: Xerneas
|-sidestart|p2: Kate|move: Stealth Rock
|
|-damage|p2a: Xerneas|8/100 tox|[from] psn
|upkeep
|turn|54
|inactive|Skarph♫ has 60 seconds left.
|
|t:|1670125319
|move|p2a: Xerneas|Defog|p1a: Necrozma
|-unboost|p1a: Necrozma|evasion|1
|-sideend|p2: Kate|Stealth Rock|[from] move: Defog|[of] p2a: Xerneas
|move|p1a: Necrozma|Stealth Rock|p2a: Xerneas
|-sidestart|p2: Kate|move: Stealth Rock
|
|-damage|p2a: Xerneas|0 fnt|[from] psn
|faint|p2a: Xerneas
|upkeep
|
|t:|1670125322
|switch|p2a: Ho-Oh|Ho-Oh|85/100
|turn|55
|
|t:|1670125326
|move|p2a: Ho-Oh|Substitute|p2a: Ho-Oh
|-start|p2a: Ho-Oh|Substitute
|-damage|p2a: Ho-Oh|60/100
|move|p1a: Necrozma|Sunsteel Strike|p2a: Ho-Oh
|-resisted|p2a: Ho-Oh
|-activate|p2a: Ho-Oh|move: Substitute|[damage]
|
|upkeep
|turn|56
|
|t:|1670125341
|move|p2a: Ho-Oh|Roost|p2a: Ho-Oh
|-heal|p2a: Ho-Oh|100/100
|-singleturn|p2a: Ho-Oh|move: Roost
|move|p1a: Necrozma|Sunsteel Strike|p2a: Ho-Oh
|-resisted|p2a: Ho-Oh
|-end|p2a: Ho-Oh|Substitute
|
|upkeep
|turn|57
|
|t:|1670125357
|switch|p1a: Eternatus|Eternatus|68/100
|-ability|p1a: Eternatus|Pressure
|move|p2a: Ho-Oh|Substitute|p2a: Ho-Oh
|-start|p2a: Ho-Oh|Substitute
|-damage|p2a: Ho-Oh|76/100
|
|upkeep
|turn|58
|
|t:|1670125360
|move|p1a: Eternatus|Draco Meteor|p2a: Ho-Oh
|-end|p2a: Ho-Oh|Substitute
|-unboost|p1a: Eternatus|spa|2
|move|p2a: Ho-Oh|Substitute|p2a: Ho-Oh
|-start|p2a: Ho-Oh|Substitute
|-damage|p2a: Ho-Oh|51/100
|
|upkeep
|turn|59
|
|t:|1670125367
|switch|p1a: Ferrothorn|Ferrothorn, M|100/100
|move|p2a: Ho-Oh|Roost|p2a: Ho-Oh
|-heal|p2a: Ho-Oh|100/100
|-singleturn|p2a: Ho-Oh|move: Roost
|
|upkeep
|turn|60
|
|t:|1670125370
|move|p2a: Ho-Oh|Curse|p2a: Ho-Oh
|-unboost|p2a: Ho-Oh|spe|1
|-boost|p2a: Ho-Oh|atk|1
|-boost|p2a: Ho-Oh|def|1
|move|p1a: Ferrothorn|Iron Defense|p1a: Ferrothorn
|-boost|p1a: Ferrothorn|def|2
|
|upkeep
|turn|61
|
|t:|1670125371
|move|p2a: Ho-Oh|Curse|p2a: Ho-Oh
|-unboost|p2a: Ho-Oh|spe|1
|-boost|p2a: Ho-Oh|atk|1
|-boost|p2a: Ho-Oh|def|1
|move|p1a: Ferrothorn|Iron Defense|p1a: Ferrothorn
|-boost|p1a: Ferrothorn|def|2
|
|upkeep
|turn|62
|inactive|Kate has 240 seconds left.
|inactive|Skarph♫ has 90 seconds left.
|inactive|Skarph♫ has 60 seconds left.
|
|t:|1670125436
|move|p2a: Ho-Oh|Curse|p2a: Ho-Oh
|-unboost|p2a: Ho-Oh|spe|1
|-boost|p2a: Ho-Oh|atk|1
|-boost|p2a: Ho-Oh|def|1
|move|p1a: Ferrothorn|Iron Defense|p1a: Ferrothorn
|-boost|p1a: Ferrothorn|def|2
|
|upkeep
|turn|63
|inactive|Kate has 240 seconds left.
|
|t:|1670125469
|move|p2a: Ho-Oh|Curse|p2a: Ho-Oh
|-unboost|p2a: Ho-Oh|spe|1
|-boost|p2a: Ho-Oh|atk|1
|-boost|p2a: Ho-Oh|def|1
|move|p1a: Ferrothorn|Body Press|p2a: Ho-Oh
|-resisted|p2a: Ho-Oh
|-activate|p2a: Ho-Oh|move: Substitute|[damage]
|
|upkeep
|turn|64
|
|t:|1670125476
|move|p1a: Ferrothorn|Body Press|p2a: Ho-Oh
|-resisted|p2a: Ho-Oh
|-end|p2a: Ho-Oh|Substitute
|move|p2a: Ho-Oh|Substitute|p2a: Ho-Oh
|-start|p2a: Ho-Oh|Substitute
|-damage|p2a: Ho-Oh|76/100
|
|upkeep
|turn|65
|
|t:|1670125483
|move|p1a: Ferrothorn|Body Press|p2a: Ho-Oh
|-resisted|p2a: Ho-Oh
|-activate|p2a: Ho-Oh|move: Substitute|[damage]
|move|p2a: Ho-Oh|Roost|p2a: Ho-Oh
|-heal|p2a: Ho-Oh|100/100
|-singleturn|p2a: Ho-Oh|move: Roost
|
|upkeep
|turn|66
|
|t:|1670125494
|move|p1a: Ferrothorn|Leech Seed||[still]
|-fail|p1a: Ferrothorn
|move|p2a: Ho-Oh|Substitute|p2a: Ho-Oh
|-fail|p2a: Ho-Oh|move: Substitute
|
|upkeep
|turn|67
|
|t:|1670125501
|move|p1a: Ferrothorn|Body Press|p2a: Ho-Oh
|-resisted|p2a: Ho-Oh
|-end|p2a: Ho-Oh|Substitute
|move|p2a: Ho-Oh|Substitute|p2a: Ho-Oh
|-start|p2a: Ho-Oh|Substitute
|-damage|p2a: Ho-Oh|76/100
|
|upkeep
|turn|68
|
|t:|1670125507
|move|p1a: Ferrothorn|Body Press|p2a: Ho-Oh
|-resisted|p2a: Ho-Oh
|-activate|p2a: Ho-Oh|move: Substitute|[damage]
|move|p2a: Ho-Oh|Curse|p2a: Ho-Oh
|-unboost|p2a: Ho-Oh|spe|1
|-boost|p2a: Ho-Oh|atk|1
|-boost|p2a: Ho-Oh|def|1
|
|upkeep
|turn|69
|
|t:|1670125512
|move|p1a: Ferrothorn|Leech Seed||[still]
|-fail|p1a: Ferrothorn
|move|p2a: Ho-Oh|Substitute|p2a: Ho-Oh
|-fail|p2a: Ho-Oh|move: Substitute
|
|upkeep
|turn|70
|inactive|Kate has 270 seconds left.
|
|t:|1670125519
|move|p1a: Ferrothorn|Leech Seed||[still]
|-fail|p1a: Ferrothorn
|move|p2a: Ho-Oh|Substitute|p2a: Ho-Oh
|-fail|p2a: Ho-Oh|move: Substitute
|
|upkeep
|turn|71
|inactive|Kate has 270 seconds left.
|inactive|Skarph♫ has 90 seconds left.
|inactive|Kate has 240 seconds left.
|
|t:|1670125588
|move|p1a: Ferrothorn|Spikes|p2a: Ho-Oh
|-sidestart|p2: Kate|Spikes
|move|p2a: Ho-Oh|Substitute|p2a: Ho-Oh
|-fail|p2a: Ho-Oh|move: Substitute
|
|upkeep
|turn|72
|
|t:|1670125598
|move|p1a: Ferrothorn|Spikes|p2a: Ho-Oh
|-sidestart|p2: Kate|Spikes
|move|p2a: Ho-Oh|Roost|p2a: Ho-Oh
|-heal|p2a: Ho-Oh|100/100
|-singleturn|p2a: Ho-Oh|move: Roost
|
|upkeep
|turn|73
|inactive|Kate has 210 seconds left.
|
|t:|1670125632
|move|p1a: Ferrothorn|Body Press|p2a: Ho-Oh
|-resisted|p2a: Ho-Oh
|-end|p2a: Ho-Oh|Substitute
|move|p2a: Ho-Oh|Substitute|p2a: Ho-Oh
|-start|p2a: Ho-Oh|Substitute
|-damage|p2a: Ho-Oh|76/100
|
|upkeep
|turn|74
|
|t:|1670125637
|move|p1a: Ferrothorn|Body Press|p2a: Ho-Oh
|-resisted|p2a: Ho-Oh
|-activate|p2a: Ho-Oh|move: Substitute|[damage]
|move|p2a: Ho-Oh|Curse|p2a: Ho-Oh
|-unboost|p2a: Ho-Oh|spe|1
|-boost|p2a: Ho-Oh|atk|1
|-boost|p2a: Ho-Oh|def|1
|
|upkeep
|turn|75
|inactive|Kate has 210 seconds left.
|
|t:|1670125664
|move|p1a: Ferrothorn|Body Press|p2a: Ho-Oh
|-resisted|p2a: Ho-Oh
|-end|p2a: Ho-Oh|Substitute
|move|p2a: Ho-Oh|Roost|p2a: Ho-Oh
|-heal|p2a: Ho-Oh|100/100
|-singleturn|p2a: Ho-Oh|move: Roost
|
|upkeep
|turn|76
|
|t:|1670125672
|move|p1a: Ferrothorn|Leech Seed|p2a: Ho-Oh|[miss]
|-miss|p1a: Ferrothorn|p2a: Ho-Oh
|move|p2a: Ho-Oh|Substitute|p2a: Ho-Oh
|-start|p2a: Ho-Oh|Substitute
|-damage|p2a: Ho-Oh|76/100
|
|upkeep
|turn|77
|
|t:|1670125679
|move|p1a: Ferrothorn|Body Press|p2a: Ho-Oh
|-resisted|p2a: Ho-Oh
|-activate|p2a: Ho-Oh|move: Substitute|[damage]
|move|p2a: Ho-Oh|Brave Bird|p1a: Ferrothorn
|-damage|p1a: Ferrothorn|71/100
|-damage|p2a: Ho-Oh|63/100|[from] ability: Iron Barbs|[of] p1a: Ferrothorn
|-damage|p2a: Ho-Oh|55/100|[from] Recoil
|
|upkeep
|turn|78
|
|t:|1670125689
|move|p1a: Ferrothorn|Body Press|p2a: Ho-Oh
|-resisted|p2a: Ho-Oh
|-activate|p2a: Ho-Oh|move: Substitute|[damage]
|move|p2a: Ho-Oh|Roost|p2a: Ho-Oh
|-heal|p2a: Ho-Oh|100/100
|-singleturn|p2a: Ho-Oh|move: Roost
|
|upkeep
|turn|79
|inactive|Kate has 210 seconds left.
|
|t:|1670125696
|move|p1a: Ferrothorn|Spikes|p2a: Ho-Oh
|-sidestart|p2: Kate|Spikes
|move|p2a: Ho-Oh|Substitute|p2a: Ho-Oh
|-fail|p2a: Ho-Oh|move: Substitute
|
|upkeep
|turn|80
|inactive|Skarph♫ has 150 seconds left.
|
|t:|1670125705
|move|p1a: Ferrothorn|Iron Defense|p1a: Ferrothorn
|-boost|p1a: Ferrothorn|def|0
|move|p2a: Ho-Oh|Brave Bird|p1a: Ferrothorn
|-damage|p1a: Ferrothorn|40/100
|-damage|p2a: Ho-Oh|88/100|[from] ability: Iron Barbs|[of] p1a: Ferrothorn
|-damage|p2a: Ho-Oh|80/100|[from] Recoil
|
|upkeep
|turn|81
|inactive|Skarph♫ has 150 seconds left.
|inactive|Kate has 210 seconds left.
|
|t:|1670125731
|move|p1a: Ferrothorn|Body Press|p2a: Ho-Oh
|-resisted|p2a: Ho-Oh
|-end|p2a: Ho-Oh|Substitute
|move|p2a: Ho-Oh|Substitute|p2a: Ho-Oh
|-start|p2a: Ho-Oh|Substitute
|-damage|p2a: Ho-Oh|55/100
|
|upkeep
|turn|82
|
|t:|1670125737
|move|p1a: Ferrothorn|Body Press|p2a: Ho-Oh
|-resisted|p2a: Ho-Oh
|-activate|p2a: Ho-Oh|move: Substitute|[damage]
|move|p2a: Ho-Oh|Brave Bird|p1a: Ferrothorn
|-damage|p1a: Ferrothorn|12/100
|-damage|p2a: Ho-Oh|42/100|[from] ability: Iron Barbs|[of] p1a: Ferrothorn
|-damage|p2a: Ho-Oh|34/100|[from] Recoil
|
|upkeep
|turn|83
|inactive|Skarph♫ has 150 seconds left.
|inactive|Kate has 210 seconds left.
|inactive|Kate has 180 seconds left.
|inactive|Skarph♫ has 120 seconds left.
|
|t:|1670125805
|move|p1a: Ferrothorn|Body Press|p2a: Ho-Oh
|-resisted|p2a: Ho-Oh
|-end|p2a: Ho-Oh|Substitute
|move|p2a: Ho-Oh|Brave Bird|p1a: Ferrothorn
|-damage|p1a: Ferrothorn|0 fnt
|-damage|p2a: Ho-Oh|22/100|[from] ability: Iron Barbs|[of] p1a: Ferrothorn
|faint|p1a: Ferrothorn
|-damage|p2a: Ho-Oh|19/100|[from] Recoil
|
|upkeep
|inactive|Skarph♫ has 120 seconds left.
|
|t:|1670125812
|switch|p1a: Calyrex|Calyrex-Shadow|27/100
|-ability|p1a: Calyrex|As One
|-ability|p1a: Calyrex|Unnerve
|turn|84
|
|t:|1670125827
|switch|p2a: Yveltal|Yveltal|62/100 tox
|-ability|p2a: Yveltal|Dark Aura
|move|p1a: Calyrex|Astral Barrage|p2a: Yveltal
|-resisted|p2a: Yveltal
|-damage|p2a: Yveltal|42/100 tox
|
|-damage|p2a: Yveltal|36/100 tox|[from] psn
|upkeep
|turn|85
|inactive|Skarph♫ has 120 seconds left.
|
|t:|1670125855
|switch|p1a: Eternatus|Eternatus|68/100
|-ability|p1a: Eternatus|Pressure
|move|p2a: Yveltal|Roost|p2a: Yveltal
|-heal|p2a: Yveltal|86/100 tox
|-singleturn|p2a: Yveltal|move: Roost
|
|-damage|p2a: Yveltal|74/100 tox|[from] psn
|upkeep
|turn|86
|inactive|Skarph♫ has 120 seconds left.
|
|t:|1670125860
|move|p1a: Eternatus|Draco Meteor|p2a: Yveltal
|-damage|p2a: Yveltal|39/100 tox
|-unboost|p1a: Eternatus|spa|2
|move|p2a: Yveltal|Defog|p1a: Eternatus
|-unboost|p1a: Eternatus|evasion|1
|-sideend|p2: Kate|Spikes|[from] move: Defog|[of] p2a: Yveltal
|-sideend|p2: Kate|Stealth Rock|[from] move: Defog|[of] p2a: Yveltal
|
|-damage|p2a: Yveltal|21/100 tox|[from] psn
|upkeep
|turn|87
|inactive|Skarph♫ has 120 seconds left.
|
|t:|1670125885
|switch|p1a: Necrozma|Necrozma-Dusk-Mane|100/100
|move|p2a: Yveltal|Roost|p2a: Yveltal
|-heal|p2a: Yveltal|71/100 tox
|-singleturn|p2a: Yveltal|move: Roost
|
|-damage|p2a: Yveltal|46/100 tox|[from] psn
|upkeep
|turn|88
|inactive|Kate has 180 seconds left.
|
|t:|1670125914
|switch|p2a: Ho-Oh|Ho-Oh|52/100
|move|p1a: Necrozma|Thunder Wave|p2a: Ho-Oh|[miss]
|-miss|p1a: Necrozma|p2a: Ho-Oh
|
|upkeep
|turn|89
|inactive|Kate has 180 seconds left.
|
|t:|1670125928
|move|p2a: Ho-Oh|Roost|p2a: Ho-Oh
|-heal|p2a: Ho-Oh|100/100
|-singleturn|p2a: Ho-Oh|move: Roost
|move|p1a: Necrozma|Stealth Rock|p2a: Ho-Oh
|-sidestart|p2: Kate|move: Stealth Rock
|
|upkeep
|turn|90
|inactive|Kate has 180 seconds left.
|inactive|Skarph♫ has 90 seconds left.
|
|t:|1670125960
|switch|p1a: Eternatus|Eternatus|68/100
|-ability|p1a: Eternatus|Pressure
|move|p2a: Ho-Oh|Substitute|p2a: Ho-Oh
|-start|p2a: Ho-Oh|Substitute
|-damage|p2a: Ho-Oh|76/100
|
|upkeep
|turn|91
|
|t:|1670125969
|move|p1a: Eternatus|Draco Meteor|p2a: Ho-Oh
|-end|p2a: Ho-Oh|Substitute
|-unboost|p1a: Eternatus|spa|2
|move|p2a: Ho-Oh|Roost|p2a: Ho-Oh
|-heal|p2a: Ho-Oh|100/100
|-singleturn|p2a: Ho-Oh|move: Roost
|
|upkeep
|turn|92
|inactive|Skarph♫ has 90 seconds left.
|
|t:|1670125981
|switch|p1a: Necrozma|Necrozma-Dusk-Mane|100/100
|switch|p2a: Necrozma|Necrozma-Dusk-Mane|99/100
|-damage|p2a: Necrozma|94/100|[from] Stealth Rock
|
|upkeep
|turn|93
|inactive|Skarph♫ has 90 seconds left.
|
|t:|1670125986
|switch|p2a: Ho-Oh|Ho-Oh|100/100
|move|p1a: Necrozma|Thunder Wave|p2a: Ho-Oh|[miss]
|-miss|p1a: Necrozma|p2a: Ho-Oh
|
|upkeep
|turn|94
|
|t:|1670125994
|move|p2a: Ho-Oh|Brave Bird|p1a: Necrozma
|-resisted|p1a: Necrozma
|-damage|p1a: Necrozma|83/100
|-damage|p2a: Ho-Oh|95/100|[from] Recoil
|move|p1a: Necrozma|Sunsteel Strike|p2a: Ho-Oh
|-resisted|p2a: Ho-Oh
|-damage|p2a: Ho-Oh|76/100
|
|-heal|p1a: Necrozma|89/100|[from] item: Leftovers
|upkeep
|turn|95
|
|t:|1670125999
|switch|p1a: Eternatus|Eternatus|68/100
|-ability|p1a: Eternatus|Pressure
|move|p2a: Ho-Oh|Curse|p2a: Ho-Oh
|-unboost|p2a: Ho-Oh|spe|1
|-boost|p2a: Ho-Oh|atk|1
|-boost|p2a: Ho-Oh|def|1
|
|upkeep
|turn|96
|
|t:|1670126006
|switch|p2a: Necrozma|Necrozma-Dusk-Mane|94/100
|-damage|p2a: Necrozma|88/100|[from] Stealth Rock
|move|p1a: Eternatus|Toxic|p2a: Necrozma
|-immune|p2a: Necrozma
|
|upkeep
|turn|97
|
|t:|1670126013
|move|p1a: Eternatus|Flamethrower|p2a: Necrozma
|-supereffective|p2a: Necrozma
|-damage|p2a: Necrozma|61/100
|move|p2a: Necrozma|Dragon Dance|p2a: Necrozma
|-boost|p2a: Necrozma|atk|1
|-boost|p2a: Necrozma|spe|1
|
|upkeep
|turn|98
|
|t:|1670126027
|move|p1a: Eternatus|Flamethrower|p2a: Necrozma
|-supereffective|p2a: Necrozma
|-damage|p2a: Necrozma|32/100
|-status|p2a: Necrozma|brn
|move|p2a: Necrozma|Moonlight|p2a: Necrozma
|-heal|p2a: Necrozma|82/100 brn
|
|-damage|p2a: Necrozma|76/100 brn|[from] brn
|upkeep
|turn|99
|inactive|Skarph♫ has 90 seconds left.
|inactive|Skarph♫ has 60 seconds left.
|
|t:|1670126096
|switch|p2a: Ho-Oh|Ho-Oh|100/100
|move|p1a: Eternatus|Flamethrower|p2a: Ho-Oh
|-resisted|p2a: Ho-Oh
|-damage|p2a: Ho-Oh|93/100
|
|upkeep
|turn|100
|inactive|Skarph♫ has 60 seconds left.
|inactive|Kate has 210 seconds left.
|
|t:|1670126131
|switch|p2a: Necrozma|Necrozma-Dusk-Mane|76/100 brn
|-damage|p2a: Necrozma|70/100 brn|[from] Stealth Rock
|move|p1a: Eternatus|Flamethrower|p2a: Necrozma
|-supereffective|p2a: Necrozma
|-crit|p2a: Necrozma
|-damage|p2a: Necrozma|26/100 brn
|
|-damage|p2a: Necrozma|20/100 brn|[from] brn
|upkeep
|turn|101
|inactive|Kate has 180 seconds left.
|inactive|Kate has 150 seconds left.
|inactive|Kate has 120 seconds left.
|
|t:|1670126236
|switch|p2a: Ho-Oh|Ho-Oh|100/100
|move|p1a: Eternatus|Flamethrower|p2a: Ho-Oh
|-resisted|p2a: Ho-Oh
|-damage|p2a: Ho-Oh|93/100
|
|upkeep
|turn|102
|
|t:|1670126248
|move|p1a: Eternatus|Toxic|p2a: Ho-Oh
|-status|p2a: Ho-Oh|tox
|move|p2a: Ho-Oh|Curse|p2a: Ho-Oh
|-unboost|p2a: Ho-Oh|spe|1
|-boost|p2a: Ho-Oh|atk|1
|-boost|p2a: Ho-Oh|def|1
|
|-damage|p2a: Ho-Oh|87/100 tox|[from] psn
|upkeep
|turn|103
|
|t:|1670126262
|move|p1a: Eternatus|Recover|p1a: Eternatus
|-heal|p1a: Eternatus|100/100
|move|p2a: Ho-Oh|Curse|p2a: Ho-Oh
|-unboost|p2a: Ho-Oh|spe|1
|-boost|p2a: Ho-Oh|atk|1
|-boost|p2a: Ho-Oh|def|1
|
|-damage|p2a: Ho-Oh|75/100 tox|[from] psn
|upkeep
|turn|104
|inactive|Skarph♫ has 60 seconds left.
|inactive|Skarph♫ has 30 seconds left.
|inactive|Skarph♫ has 20 seconds left.
|
|t:|1670126320
|move|p1a: Eternatus|Flamethrower|p2a: Ho-Oh
|-resisted|p2a: Ho-Oh
|-damage|p2a: Ho-Oh|68/100 tox
|move|p2a: Ho-Oh|Brave Bird|p1a: Eternatus
|-damage|p1a: Eternatus|22/100
|-damage|p2a: Ho-Oh|38/100 tox|[from] Recoil
|
|-damage|p2a: Ho-Oh|20/100 tox|[from] psn
|upkeep
|turn|105
|inactive|Skarph♫ has 30 seconds left this turn.
|inactive|Kate has 120 seconds left.
|
|t:|1670126332
|move|p1a: Eternatus|Flamethrower|p2a: Ho-Oh
|-resisted|p2a: Ho-Oh
|-damage|p2a: Ho-Oh|13/100 tox
|move|p2a: Ho-Oh|Brave Bird|p1a: Eternatus
|-damage|p1a: Eternatus|0 fnt
|faint|p1a: Eternatus
|-damage|p2a: Ho-Oh|5/100 tox|[from] Recoil
|
|-damage|p2a: Ho-Oh|0 fnt|[from] psn
|faint|p2a: Ho-Oh
|upkeep
|inactive|Skarph♫ has 30 seconds left.
|inactive|Kate has 120 seconds left.
|inactive|Skarph♫ has 20 seconds left.
|
|t:|1670126354
|switch|p1a: Necrozma|Necrozma-Dusk-Mane|89/100
|switch|p2a: Necrozma|Necrozma-Dusk-Mane|20/100 brn
|-damage|p2a: Necrozma|14/100 brn|[from] Stealth Rock
|turn|106
|inactive|Skarph♫ has 30 seconds left this turn.
|
|t:|1670126359
|move|p2a: Necrozma|Sunsteel Strike|p1a: Necrozma
|-resisted|p1a: Necrozma
|-damage|p1a: Necrozma|80/100
|move|p1a: Necrozma|Sunsteel Strike|p2a: Necrozma
|-resisted|p2a: Necrozma
|-damage|p2a: Necrozma|0 fnt
|faint|p2a: Necrozma
|
|-heal|p1a: Necrozma|86/100|[from] item: Leftovers
|upkeep
|inactive|Skarph♫ has 30 seconds left this turn.
|
|t:|1670126362
|switch|p2a: Yveltal|Yveltal|46/100 tox
|-ability|p2a: Yveltal|Dark Aura
|turn|107
|
|t:|1670126366
|move|p2a: Yveltal|Foul Play|p1a: Necrozma
|-supereffective|p1a: Necrozma
|-damage|p1a: Necrozma|19/100
|move|p1a: Necrozma|Sunsteel Strike|p2a: Yveltal
|-damage|p2a: Yveltal|8/100 tox
|
|-heal|p1a: Necrozma|25/100|[from] item: Leftovers
|-damage|p2a: Yveltal|2/100 tox|[from] psn
|upkeep
|turn|108
|inactive|Kate has 120 seconds left.
|
|t:|1670126390
|move|p2a: Yveltal|Roost|p2a: Yveltal
|-heal|p2a: Yveltal|52/100 tox
|-singleturn|p2a: Yveltal|move: Roost
|move|p1a: Necrozma|Sunsteel Strike|p2a: Yveltal
|-damage|p2a: Yveltal|15/100 tox
|
|-heal|p1a: Necrozma|31/100|[from] item: Leftovers
|-damage|p2a: Yveltal|3/100 tox|[from] psn
|upkeep
|turn|109
|inactive|Kate has 120 seconds left.
|
|t:|1670126420
|move|p2a: Yveltal|Roost|p2a: Yveltal
|-heal|p2a: Yveltal|53/100 tox
|-singleturn|p2a: Yveltal|move: Roost
|move|p1a: Necrozma|Sunsteel Strike|p2a: Yveltal
|-damage|p2a: Yveltal|13/100 tox
|
|-heal|p1a: Necrozma|37/100|[from] item: Leftovers
|-damage|p2a: Yveltal|0 fnt|[from] psn
|faint|p2a: Yveltal
|
|win|Skarph♫
|upkeep
