|inactive|Battle timer is ON: inactive players will automatically lose when time's up.
|t:|1664132468
|gametype|singles
|player|p1|Exiline|#scl2islanders|
|player|p2|SiTuM.|guitarist-gen4|
|teamsize|p1|6
|teamsize|p2|6
|gen|8
|tier|[Gen 8] Ubers
|rule|Sleep Clause Mod: Limit one foe put to sleep
|rule|Species Clause: Limit one of each Pokémon
|rule|OHKO Clause: OHKO moves are banned
|rule|Evasion Items Clause: Evasion items are banned
|rule|Evasion Moves Clause: Evasion moves are banned
|rule|Endless Battle Clause: Forcing endless battles is banned
|rule|HP Percentage Mod: HP is shown in percentages
|rule|Dynamax Clause: You cannot dynamax
|clearpoke
|poke|p1|Hatterene, F|
|poke|p1|Dracovish|
|poke|p1|Melmetal|
|poke|p1|Porygon2|
|poke|p1|Magearna|
|poke|p1|Calyrex-Ice|
|poke|p2|Zygarde|
|poke|p2|Ferrothorn, F|
|poke|p2|Necrozma-Dusk-Mane|
|poke|p2|Eternatus|
|poke|p2|Yveltal|
|poke|p2|Calyrex-Shadow|
|teampreview
|inactive|SiTuM. also wants the timer to be on.
|c|+Lasen|LE CHOUINAY
|c|+Lennart LN!|I am for whoever loaded the horse
|inactive|Exiline has 270 seconds left.
|inactive|SiTuM. has 270 seconds left.
|c|+Lennart LN!|ice horse
|raw|<div class="broadcast-red"><strong>Moderated chat was set to ☆!</strong><br />Only users of rank ☆ and higher can talk.</div>
|c|☆SiTuM.|hfent
|c|☆Exiline|h_f
|inactive|SiTuM. has 240 seconds left.
|inactive|Exiline has 240 seconds left.
|inactive|SiTuM. has 210 seconds left.
|
|t:|1664132559
|start
|switch|p1a: Hatterene|Hatterene, F|100/100
|switch|p2a: Necrozma|Necrozma-Dusk-Mane|100/100
|turn|1
|
|t:|1664132561
|move|p2a: Necrozma|Iron Head|p1a: Hatterene
|-supereffective|p1a: Hatterene
|-damage|p1a: Hatterene|6/100
|cant|p1a: Hatterene|flinch
|
|upkeep
|turn|2
|
|t:|1664132568
|switch|p1a: Porygon2|Porygon2|100/100
|move|p2a: Necrozma|Iron Head|p1a: Porygon2
|-damage|p1a: Porygon2|82/100
|
|upkeep
|turn|3
|
|t:|1664132571
|switch|p1a: Hatterene|Hatterene, F|6/100
|move|p2a: Necrozma|Iron Head|p1a: Hatterene
|-supereffective|p1a: Hatterene
|-damage|p1a: Hatterene|0 fnt
|faint|p1a: Hatterene
|
|upkeep
|
|t:|1664132575
|switch|p1a: Porygon2|Porygon2|82/100
|turn|4
|
|t:|1664132579
|move|p2a: Necrozma|Stealth Rock|p1a: Porygon2
|-sidestart|p1: Exiline|move: Stealth Rock
|move|p1a: Porygon2|Trick Room|p1a: Porygon2
|-fieldstart|move: Trick Room|[of] p1a: Porygon2
|
|upkeep
|turn|5
|
|t:|1664132582
|move|p2a: Necrozma|Thunder Wave|p1a: Porygon2
|-status|p1a: Porygon2|par
|cant|p1a: Porygon2|par
|
|upkeep
|turn|6
|
|t:|1664132586
|move|p2a: Necrozma|Iron Head|p1a: Porygon2
|-damage|p1a: Porygon2|63/100 par
|cant|p1a: Porygon2|flinch
|
|upkeep
|turn|7
|
|t:|1664132589
|move|p1a: Porygon2|Recover|p1a: Porygon2
|-heal|p1a: Porygon2|100/100 par
|move|p2a: Necrozma|Iron Head|p1a: Porygon2
|-damage|p1a: Porygon2|81/100 par
|
|upkeep
|turn|8
|
|t:|1664132600
|move|p1a: Porygon2|Foul Play|p2a: Necrozma
|-supereffective|p2a: Necrozma
|-damage|p2a: Necrozma|65/100
|move|p2a: Necrozma|Iron Head|p1a: Porygon2
|-damage|p1a: Porygon2|62/100 par
|
|-heal|p2a: Necrozma|71/100|[from] item: Leftovers
|-fieldend|move: Trick Room
|upkeep
|turn|9
|
|t:|1664132603
|move|p2a: Necrozma|Iron Head|p1a: Porygon2
|-damage|p1a: Porygon2|42/100 par
|cant|p1a: Porygon2|par
|
|-heal|p2a: Necrozma|77/100|[from] item: Leftovers
|upkeep
|turn|10
|
|t:|1664132606
|move|p2a: Necrozma|Iron Head|p1a: Porygon2
|-damage|p1a: Porygon2|21/100 par
|move|p1a: Porygon2|Trick Room|p1a: Porygon2
|-fieldstart|move: Trick Room|[of] p1a: Porygon2
|
|-heal|p2a: Necrozma|83/100|[from] item: Leftovers
|upkeep
|turn|11
|
|t:|1664132612
|switch|p2a: Ferrothorn|Ferrothorn, F|100/100
|cant|p1a: Porygon2|par
|
|upkeep
|turn|12
|c|☆Exiline|xd
|
|t:|1664132619
|move|p1a: Porygon2|Recover|p1a: Porygon2
|-heal|p1a: Porygon2|71/100 par
|move|p2a: Ferrothorn|Spikes|p1a: Porygon2
|-sidestart|p1: Exiline|Spikes
|
|upkeep
|turn|13
|
|t:|1664132621
|move|p1a: Porygon2|Recover|p1a: Porygon2
|-heal|p1a: Porygon2|100/100 par
|move|p2a: Ferrothorn|Spikes|p1a: Porygon2
|-sidestart|p1: Exiline|Spikes
|
|upkeep
|turn|14
|
|t:|1664132629
|move|p1a: Porygon2|Recover||[still]
|-fail|p1a: Porygon2|heal
|move|p2a: Ferrothorn|Iron Defense|p2a: Ferrothorn
|-boost|p2a: Ferrothorn|def|2
|
|-fieldend|move: Trick Room
|upkeep
|turn|15
|
|t:|1664132632
|move|p2a: Ferrothorn|Body Press|p1a: Porygon2
|-supereffective|p1a: Porygon2
|-damage|p1a: Porygon2|46/100 par
|move|p1a: Porygon2|Trick Room|p1a: Porygon2
|-fieldstart|move: Trick Room|[of] p1a: Porygon2
|
|upkeep
|turn|16
|
|t:|1664132637
|move|p2a: Ferrothorn|Spikes|p1a: Porygon2
|-sidestart|p1: Exiline|Spikes
|move|p1a: Porygon2|Teleport|p1a: Porygon2
|
|t:|1664132646
|switch|p1a: Dracovish|Dracovish|100/100|[from]move: Teleport
|-damage|p1a: Dracovish|88/100|[from] Stealth Rock
|-damage|p1a: Dracovish|63/100|[from] Spikes
|
|upkeep
|turn|17
|
|t:|1664132649
|move|p2a: Ferrothorn|Body Press|p1a: Dracovish
|-damage|p1a: Dracovish|7/100
|move|p1a: Dracovish|Fishious Rend|p2a: Ferrothorn
|-resisted|p2a: Ferrothorn
|-damage|p2a: Ferrothorn|88/100
|-damage|p1a: Dracovish|0 fnt|[from] ability: Iron Barbs|[of] p2a: Ferrothorn
|faint|p1a: Dracovish
|
|-heal|p2a: Ferrothorn|94/100|[from] item: Leftovers
|upkeep
|c|☆SiTuM.|gg
|-message|Exiline forfeited.
|
|win|SiTuM.
|c|☆SiTuM.|le ptit que t'as hagar il reviendra un jour
|c|☆Exiline|boarf 
|player|p1|Exiline|#scl2islanders
|player|p1|
