|inactive|Battle timer is ON: inactive players will automatically lose when time's up.
|t:|1654677275
|gametype|singles
|player|p1|Trade|may|
|player|p2|pkmn cypher 2013|lyra|
|teamsize|p1|6
|teamsize|p2|6
|gen|8
|tier|[Gen 8] Ubers
|rule|Sleep Clause Mod: Limit one foe put to sleep
|rule|Species Clause: Limit one of each Pokémon
|rule|OHKO Clause: OHKO moves are banned
|rule|Evasion Moves Clause: Evasion moves are banned
|rule|Endless Battle Clause: Forcing endless battles is banned
|rule|HP Percentage Mod: HP is shown in percentages
|rule|Dynamax Clause: You cannot dynamax
|clearpoke
|poke|p1|Shuckle, F|
|poke|p1|Xerneas-*|
|poke|p1|Necrozma-Dusk-Mane|
|poke|p1|Yveltal|
|poke|p1|Eternatus|
|poke|p1|Marshadow|
|poke|p2|Marshadow|
|poke|p2|Eternatus|
|poke|p2|Yveltal|
|poke|p2|Necrozma-Dusk-Mane|
|poke|p2|Groudon|
|poke|p2|Calyrex-Shadow|
|teampreview
|
|t:|1654677290
|start
|switch|p1a: Shuckle|Shuckle, F|100/100
|switch|p2a: Necrozma|Necrozma-Dusk-Mane|100/100
|turn|1
|c|☆pkmn cypher 2013|hf
|c|☆Trade|hf
|
|t:|1654677298
|move|p2a: Necrozma|Iron Head|p1a: Shuckle
|-supereffective|p1a: Shuckle
|-damage|p1a: Shuckle|55/100
|cant|p1a: Shuckle|flinch
|
|upkeep
|turn|2
|
|t:|1654677303
|move|p2a: Necrozma|Iron Head|p1a: Shuckle
|-supereffective|p1a: Shuckle
|-damage|p1a: Shuckle|10/100
|move|p1a: Shuckle|Sticky Web|p2a: Necrozma
|-sidestart|p2: pkmn cypher 2013|move: Sticky Web
|
|upkeep
|turn|3
|
|t:|1654677309
|switch|p2a: Yveltal|Yveltal|100/100
|-ability|p2a: Yveltal|Dark Aura
|move|p1a: Shuckle|Encore||[still]
|-fail|p1a: Shuckle
|
|upkeep
|turn|4
|
|t:|1654677331
|move|p2a: Yveltal|Knock Off|p1a: Shuckle
|-damage|p1a: Shuckle|0 fnt
|-enditem|p1a: Shuckle|Mental Herb|[from] move: Knock Off|[of] p2a: Yveltal
|faint|p1a: Shuckle
|
|upkeep
|
|t:|1654677337
|switch|p1a: Eternatus|Eternatus|100/100
|-ability|p1a: Eternatus|Pressure
|turn|5
|inactive|pkmn cypher 2013 has 270 seconds left.
|
|t:|1654677368
|switch|p2a: Necrozma|Necrozma-Dusk-Mane|100/100
|-activate|p2a: Necrozma|move: Sticky Web
|-unboost|p2a: Necrozma|spe|1
|move|p1a: Eternatus|Meteor Beam||[still]
|-prepare|p1a: Eternatus|Meteor Beam
|-boost|p1a: Eternatus|spa|1
|-enditem|p1a: Eternatus|Power Herb
|-anim|p1a: Eternatus|Meteor Beam|p2a: Necrozma
|-resisted|p2a: Necrozma
|-damage|p2a: Necrozma|79/100
|
|-heal|p2a: Necrozma|85/100|[from] item: Leftovers
|upkeep
|turn|6
|inactive|pkmn cypher 2013 has 270 seconds left.
|
|t:|1654677376
|move|p1a: Eternatus|Flamethrower|p2a: Necrozma
|-supereffective|p2a: Necrozma
|-damage|p2a: Necrozma|38/100
|move|p2a: Necrozma|Thunder Wave|p1a: Eternatus
|-status|p1a: Eternatus|par
|
|-heal|p2a: Necrozma|44/100|[from] item: Leftovers
|upkeep
|turn|7
|
|t:|1654677381
|switch|p2a: Yveltal|Yveltal|100/100
|-ability|p2a: Yveltal|Dark Aura
|cant|p1a: Eternatus|par
|
|upkeep
|turn|8
|
|t:|1654677385
|move|p2a: Yveltal|Defog|p1a: Eternatus
|-unboost|p1a: Eternatus|evasion|1
|-sideend|p2: pkmn cypher 2013|Sticky Web|[from] move: Defog|[of] p2a: Yveltal
|move|p1a: Eternatus|Sludge Bomb|p2a: Yveltal
|-damage|p2a: Yveltal|36/100
|-status|p2a: Yveltal|psn
|
|-damage|p2a: Yveltal|24/100 psn|[from] psn
|upkeep
|turn|9
|
|t:|1654677396
|move|p2a: Yveltal|Knock Off|p1a: Eternatus
|-damage|p1a: Eternatus|71/100 par
|cant|p1a: Eternatus|par
|
|-damage|p2a: Yveltal|12/100 psn|[from] psn
|upkeep
|turn|10
|
|t:|1654677398
|move|p2a: Yveltal|Knock Off|p1a: Eternatus
|-damage|p1a: Eternatus|40/100 par
|cant|p1a: Eternatus|par
|
|-damage|p2a: Yveltal|0 fnt|[from] psn
|faint|p2a: Yveltal
|upkeep
|inactive|pkmn cypher 2013 has 270 seconds left.
|inactive|pkmn cypher 2013 has 240 seconds left.
|
|t:|1654677485
|switch|p2a: Marshadow|Marshadow|100/100
|turn|11
|
|t:|1654677489
|move|p2a: Marshadow|Ice Punch|p1a: Eternatus
|-supereffective|p1a: Eternatus
|-damage|p1a: Eternatus|0 fnt
|faint|p1a: Eternatus
|
|upkeep
|
|t:|1654677509
|switch|p1a: Marshadow|Marshadow|100/100
|turn|12
|
|t:|1654677535
|switch|p2a: Eternatus|Eternatus|100/100
|-ability|p2a: Eternatus|Pressure
|-item|p2a: Eternatus|Air Balloon
|move|p1a: Marshadow|Spectral Thief|p2a: Eternatus
|-damage|p2a: Eternatus|60/100
|-enditem|p2a: Eternatus|Air Balloon
|-damage|p1a: Marshadow|91/100|[from] item: Life Orb
|
|upkeep
|turn|13
|
|t:|1654677550
|move|p1a: Marshadow|Rock Tomb|p2a: Eternatus
|-damage|p2a: Eternatus|33/100
|-unboost|p2a: Eternatus|spe|1
|-damage|p1a: Marshadow|81/100|[from] item: Life Orb
|move|p2a: Eternatus|Recover|p2a: Eternatus
|-heal|p2a: Eternatus|83/100
|
|upkeep
|turn|14
|
|t:|1654677553
|switch|p1a: Necrozma|Necrozma-Dusk-Mane|100/100
|move|p2a: Eternatus|Recover|p2a: Eternatus
|-heal|p2a: Eternatus|100/100
|
|upkeep
|turn|15
|
|t:|1654677559
|switch|p2a: Groudon|Groudon|100/100
|-weather|SunnyDay|[from] ability: Drought|[of] p2a: Groudon
|move|p1a: Necrozma|Sunsteel Strike|p2a: Groudon
|-damage|p2a: Groudon|48/100
|-damage|p1a: Necrozma|91/100|[from] item: Life Orb
|
|-weather|SunnyDay|[upkeep]
|-heal|p2a: Groudon|54/100|[from] item: Leftovers
|upkeep
|turn|16
|inactive|pkmn cypher 2013 has 240 seconds left.
|
|t:|1654677568
|move|p1a: Necrozma|Sunsteel Strike|p2a: Groudon
|-damage|p2a: Groudon|6/100
|-damage|p1a: Necrozma|81/100|[from] item: Life Orb
|move|p2a: Groudon|Precipice Blades|p1a: Necrozma
|-supereffective|p1a: Necrozma
|-damage|p1a: Necrozma|0 fnt
|faint|p1a: Necrozma
|
|-weather|SunnyDay|[upkeep]
|-heal|p2a: Groudon|13/100|[from] item: Leftovers
|upkeep
|
|t:|1654677572
|switch|p1a: Yveltal|Yveltal|100/100
|-ability|p1a: Yveltal|Dark Aura
|turn|17
|
|t:|1654677577
|move|p1a: Yveltal|Knock Off|p2a: Groudon
|-damage|p2a: Groudon|0 fnt
|-enditem|p2a: Groudon|Leftovers|[from] move: Knock Off|[of] p1a: Yveltal
|faint|p2a: Groudon
|
|-weather|SunnyDay|[upkeep]
|upkeep
|inactive|pkmn cypher 2013 has 240 seconds left.
|inactive|pkmn cypher 2013 has 210 seconds left.
|
|t:|1654677642
|switch|p2a: Marshadow|Marshadow|100/100
|turn|18
|
|t:|1654677648
|switch|p1a: Marshadow|Marshadow|81/100
|move|p2a: Marshadow|Low Kick|p1a: Marshadow
|-immune|p1a: Marshadow
|
|-weather|SunnyDay|[upkeep]
|upkeep
|turn|19
|
|t:|1654677654
|switch|p2a: Eternatus|Eternatus|100/100
|-ability|p2a: Eternatus|Pressure
|move|p1a: Marshadow|Rock Tomb|p2a: Eternatus
|-damage|p2a: Eternatus|71/100
|-unboost|p2a: Eternatus|spe|1
|-damage|p1a: Marshadow|71/100|[from] item: Life Orb
|
|-weather|none
|upkeep
|turn|20
|
|t:|1654677664
|move|p1a: Marshadow|Spectral Thief|p2a: Eternatus
|-damage|p2a: Eternatus|27/100
|-damage|p1a: Marshadow|61/100|[from] item: Life Orb
|move|p2a: Eternatus|Recover|p2a: Eternatus
|-heal|p2a: Eternatus|77/100
|
|upkeep
|turn|21
|
|t:|1654677667
|move|p1a: Marshadow|Rock Tomb|p2a: Eternatus
|-damage|p2a: Eternatus|47/100
|-unboost|p2a: Eternatus|spe|1
|-damage|p1a: Marshadow|51/100|[from] item: Life Orb
|move|p2a: Eternatus|Recover|p2a: Eternatus
|-heal|p2a: Eternatus|97/100
|
|upkeep
|turn|22
|
|t:|1654677669
|move|p1a: Marshadow|Spectral Thief|p2a: Eternatus
|-damage|p2a: Eternatus|55/100
|-damage|p1a: Marshadow|41/100|[from] item: Life Orb
|move|p2a: Eternatus|Recover|p2a: Eternatus
|-heal|p2a: Eternatus|100/100
|
|upkeep
|turn|23
|
|t:|1654677672
|switch|p1a: Yveltal|Yveltal|100/100
|-ability|p1a: Yveltal|Dark Aura
|move|p2a: Eternatus|Recover||[still]
|-fail|p2a: Eternatus|heal
|
|upkeep
|turn|24
|
|t:|1654677676
|move|p1a: Yveltal|Hone Claws|p1a: Yveltal
|-boost|p1a: Yveltal|atk|1
|-boost|p1a: Yveltal|accuracy|1
|move|p2a: Eternatus|Sludge Bomb|p1a: Yveltal
|-damage|p1a: Yveltal|60/100
|
|upkeep
|turn|25
|inactive|pkmn cypher 2013 has 270 seconds left.
|
|t:|1654677692
|move|p1a: Yveltal|Knock Off|p2a: Eternatus
|-damage|p2a: Eternatus|37/100
|move|p2a: Eternatus|Dynamax Cannon|p1a: Yveltal
|-damage|p1a: Yveltal|10/100
|
|upkeep
|turn|26
|inactive|pkmn cypher 2013 has 270 seconds left.
|
|t:|1654677700
|switch|p2a: Calyrex|Calyrex-Shadow|100/100
|-ability|p2a: Calyrex|As One
|-ability|p2a: Calyrex|Unnerve
|move|p1a: Yveltal|Roost|p1a: Yveltal
|-heal|p1a: Yveltal|60/100
|-singleturn|p1a: Yveltal|move: Roost
|
|upkeep
|turn|27
|
|t:|1654677707
|move|p2a: Calyrex|Substitute|p2a: Calyrex
|-start|p2a: Calyrex|Substitute
|-damage|p2a: Calyrex|76/100
|move|p1a: Yveltal|Knock Off|p2a: Calyrex
|-supereffective|p2a: Calyrex
|-end|p2a: Calyrex|Substitute
|
|-heal|p2a: Calyrex|82/100|[from] item: Leftovers
|upkeep
|turn|28
|
|t:|1654677710
|move|p2a: Calyrex|Astral Barrage|p1a: Yveltal
|-resisted|p1a: Yveltal
|-crit|p1a: Yveltal
|-damage|p1a: Yveltal|12/100
|move|p1a: Yveltal|Knock Off|p2a: Calyrex
|-supereffective|p2a: Calyrex
|-damage|p2a: Calyrex|0 fnt
|-enditem|p2a: Calyrex|Leftovers|[from] move: Knock Off|[of] p1a: Yveltal
|faint|p2a: Calyrex
|
|upkeep
|
|t:|1654677717
|switch|p2a: Marshadow|Marshadow|100/100
|turn|29
|
|t:|1654677719
|move|p2a: Marshadow|Shadow Sneak|p1a: Yveltal
|-resisted|p1a: Yveltal
|-damage|p1a: Yveltal|0 fnt
|faint|p1a: Yveltal
|
|upkeep
|
|t:|1654677722
|switch|p1a: Xerneas|Xerneas|100/100
|-ability|p1a: Xerneas|Fairy Aura
|turn|30
|
|t:|1654677730
|switch|p2a: Necrozma|Necrozma-Dusk-Mane|44/100
|move|p1a: Xerneas|Geomancy||[still]
|-prepare|p1a: Xerneas|Geomancy
|-enditem|p1a: Xerneas|Power Herb
|-anim|p1a: Xerneas|Geomancy|p1a: Xerneas
|-boost|p1a: Xerneas|spa|2
|-boost|p1a: Xerneas|spd|2
|-boost|p1a: Xerneas|spe|2
|
|-heal|p2a: Necrozma|50/100|[from] item: Leftovers
|upkeep
|turn|31
|inactive|pkmn cypher 2013 has 270 seconds left.
|
|t:|1654677762
|move|p1a: Xerneas|Thunder|p2a: Necrozma
|-damage|p2a: Necrozma|0 fnt
|faint|p2a: Necrozma
|
|upkeep
|inactive|pkmn cypher 2013 has 270 seconds left.
|c|☆pkmn cypher 2013|dam
|c|☆pkmn cypher 2013|was a roll
|c|☆Trade|ye it was a roll but that was 
|c|☆pkmn cypher 2013|but favored
|c|☆Trade|so nerve wracking
|c|☆pkmn cypher 2013|bc miss
|c|☆pkmn cypher 2013|chance
|c|☆Trade|yeah
|inactive|pkmn cypher 2013 has 240 seconds left.
|c|☆pkmn cypher 2013|ggs
|c|☆Trade|ggs
|-message|pkmn cypher 2013 forfeited.
|
|win|Trade
