|inactive|Battle timer is ON: inactive players will automatically lose when time's up.
|t:|1667163701
|gametype|singles
|player|p1|Fc ❤|#lcplxiskittycommittee|
|player|p2|RichardMillePlain|266|
|teamsize|p1|6
|teamsize|p2|6
|gen|8
|tier|[Gen 8] Ubers
|rule|Sleep Clause Mod: Limit one foe put to sleep
|rule|Species Clause: Limit one of each Pokémon
|rule|OHKO Clause: OHKO moves are banned
|rule|Evasion Items Clause: Evasion items are banned
|rule|Evasion Moves Clause: Evasion moves are banned
|rule|Endless Battle Clause: Forcing endless battles is banned
|rule|HP Percentage Mod: HP is shown in percentages
|rule|Dynamax Clause: You cannot dynamax
|clearpoke
|poke|p1|Reshiram|
|poke|p1|Groudon|
|poke|p1|Yveltal|
|poke|p1|Necrozma-Dusk-Mane|
|poke|p1|Eternatus|
|poke|p1|Lunala|
|poke|p2|Shuckle, M|
|poke|p2|Calyrex-Shadow|
|poke|p2|Necrozma-Dusk-Mane|
|poke|p2|Yveltal|
|poke|p2|Weavile, F|
|poke|p2|Zekrom|
|teampreview
|c|☆RichardMillePlain|hf
|raw|<div class="broadcast-red"><strong>Moderated chat was set to ☆!</strong><br />Only users of rank ☆ and higher can talk.</div>
|c|☆Fc ❤|hf
|
|t:|1667163719
|start
|switch|p1a: Necrozma|Necrozma-Dusk-Mane|100/100
|switch|p2a: Shuckle|Shuckle, M|100/100
|turn|1
|
|t:|1667163722
|move|p1a: Necrozma|Sunsteel Strike|p2a: Shuckle
|-supereffective|p2a: Shuckle
|-damage|p2a: Shuckle|44/100
|move|p2a: Shuckle|Sticky Web|p1a: Necrozma
|-sidestart|p1: Fc ❤|move: Sticky Web
|
|upkeep
|turn|2
|
|t:|1667163726
|move|p1a: Necrozma|Sunsteel Strike|p2a: Shuckle
|-supereffective|p2a: Shuckle
|-damage|p2a: Shuckle|0 fnt
|faint|p2a: Shuckle
|
|upkeep
|
|t:|1667163727
|switch|p2a: Calyrex|Calyrex-Shadow|100/100
|-ability|p2a: Calyrex|As One
|-ability|p2a: Calyrex|Unnerve
|turn|3
|
|t:|1667163734
|move|p2a: Calyrex|Nasty Plot|p2a: Calyrex
|-boost|p2a: Calyrex|spa|2
|move|p1a: Necrozma|Knock Off|p2a: Calyrex
|-supereffective|p2a: Calyrex
|-enditem|p2a: Calyrex|Focus Sash
|-damage|p2a: Calyrex|1/100
|
|upkeep
|turn|4
|
|t:|1667163735
|switch|p1a: Yveltal|Yveltal|100/100
|-ability|p1a: Yveltal|Dark Aura
|move|p2a: Calyrex|Astral Barrage|p1a: Yveltal
|-resisted|p1a: Yveltal
|-damage|p1a: Yveltal|55/100
|
|upkeep
|turn|5
|
|t:|1667163737
|move|p1a: Yveltal|Sucker Punch||[still]
|-fail|p1a: Yveltal
|move|p2a: Calyrex|Encore|p1a: Yveltal
|-start|p1a: Yveltal|Encore
|
|upkeep
|turn|6
|
|t:|1667163743
|move|p1a: Yveltal|Sucker Punch||[still]
|-fail|p1a: Yveltal
|move|p2a: Calyrex|Nasty Plot|p2a: Calyrex
|-boost|p2a: Calyrex|spa|2
|
|upkeep
|turn|7
|
|t:|1667163744
|move|p1a: Yveltal|Sucker Punch||[still]
|-fail|p1a: Yveltal
|move|p2a: Calyrex|Nasty Plot|p2a: Calyrex
|-boost|p2a: Calyrex|spa|2
|
|upkeep
|turn|8
|
|t:|1667163747
|move|p1a: Yveltal|Sucker Punch||[still]
|-fail|p1a: Yveltal
|move|p2a: Calyrex|Nasty Plot|p2a: Calyrex
|-boost|p2a: Calyrex|spa|0
|
|-end|p1a: Yveltal|Encore
|upkeep
|turn|9
|
|t:|1667163754
|switch|p1a: Eternatus|Eternatus|100/100
|-activate|p1a: Eternatus|move: Sticky Web
|-unboost|p1a: Eternatus|spe|1
|-ability|p1a: Eternatus|Pressure
|move|p2a: Calyrex|Encore||[still]
|-fail|p2a: Calyrex
|
|upkeep
|turn|10
|
|t:|1667163758
|move|p2a: Calyrex|Astral Barrage|p1a: Eternatus
|-damage|p1a: Eternatus|0 fnt
|faint|p1a: Eternatus
|
|upkeep
|
|t:|1667163759
|switch|p1a: Yveltal|Yveltal|55/100
|-ability|p1a: Yveltal|Dark Aura
|turn|11
|
|t:|1667163764
|move|p1a: Yveltal|Sucker Punch||[still]
|-fail|p1a: Yveltal
|move|p2a: Calyrex|Encore|p1a: Yveltal
|-start|p1a: Yveltal|Encore
|
|upkeep
|turn|12
|
|t:|1667163767
|switch|p1a: Reshiram|Reshiram|100/100
|-activate|p1a: Reshiram|move: Sticky Web
|-unboost|p1a: Reshiram|spe|1
|-ability|p1a: Reshiram|Turboblaze
|move|p2a: Calyrex|Nasty Plot|p2a: Calyrex
|-boost|p2a: Calyrex|spa|0
|
|upkeep
|turn|13
|
|t:|1667163772
|move|p2a: Calyrex|Astral Barrage|p1a: Reshiram
|-damage|p1a: Reshiram|0 fnt
|faint|p1a: Reshiram
|
|upkeep
|
|t:|1667163773
|switch|p1a: Yveltal|Yveltal|55/100
|-ability|p1a: Yveltal|Dark Aura
|turn|14
|
|t:|1667163776
|move|p1a: Yveltal|Sucker Punch||[still]
|-fail|p1a: Yveltal
|move|p2a: Calyrex|Encore|p1a: Yveltal
|-start|p1a: Yveltal|Encore
|
|upkeep
|turn|15
|
|t:|1667163780
|switch|p1a: Groudon|Groudon|100/100
|-activate|p1a: Groudon|move: Sticky Web
|-unboost|p1a: Groudon|spe|1
|-weather|SunnyDay|[from] ability: Drought|[of] p1a: Groudon
|move|p2a: Calyrex|Nasty Plot|p2a: Calyrex
|-boost|p2a: Calyrex|spa|0
|
|-weather|SunnyDay|[upkeep]
|upkeep
|turn|16
|
|t:|1667163782
|move|p2a: Calyrex|Astral Barrage|p1a: Groudon
|-damage|p1a: Groudon|0 fnt
|faint|p1a: Groudon
|
|-weather|SunnyDay|[upkeep]
|upkeep
|
|t:|1667163783
|switch|p1a: Yveltal|Yveltal|55/100
|-ability|p1a: Yveltal|Dark Aura
|turn|17
|
|t:|1667163786
|move|p2a: Calyrex|Encore||[still]
|-fail|p2a: Calyrex
|move|p1a: Yveltal|Knock Off|p2a: Calyrex
|-supereffective|p2a: Calyrex
|-damage|p2a: Calyrex|0 fnt
|faint|p2a: Calyrex
|
|-weather|SunnyDay|[upkeep]
|upkeep
|
|t:|1667163788
|switch|p2a: Weavile|Weavile, F|100/100
|-ability|p2a: Weavile|Pressure
|turn|18
|
|t:|1667163793
|move|p2a: Weavile|Triple Axel|p1a: Yveltal
|-supereffective|p1a: Yveltal
|-damage|p1a: Yveltal|37/100
|-supereffective|p1a: Yveltal
|-damage|p1a: Yveltal|0 fnt
|faint|p1a: Yveltal
|-hitcount|p1: Yveltal|2
|
|-weather|SunnyDay|[upkeep]
|upkeep
|
|t:|1667163795
|switch|p1a: Lunala|Lunala|100/100
|-activate|p1a: Lunala|move: Sticky Web
|-unboost|p1a: Lunala|spe|1
|turn|19
|
|t:|1667163797
|move|p2a: Weavile|Knock Off|p1a: Lunala
|-supereffective|p1a: Lunala
|-crit|p1a: Lunala
|-damage|p1a: Lunala|0 fnt
|-enditem|p1a: Lunala|Choice Scarf|[from] move: Knock Off|[of] p2a: Weavile
|faint|p1a: Lunala
|
|-weather|none
|upkeep
|
|t:|1667163799
|switch|p1a: Necrozma|Necrozma-Dusk-Mane|100/100
|-activate|p1a: Necrozma|move: Sticky Web
|-unboost|p1a: Necrozma|spe|1
|turn|20
|
|t:|1667163801
|move|p2a: Weavile|Swords Dance|p2a: Weavile
|-boost|p2a: Weavile|atk|2
|move|p1a: Necrozma|Moonlight|p1a: Necrozma
|-fail|p1a: Necrozma|heal
|
|upkeep
|turn|21
|
|t:|1667163802
|move|p2a: Weavile|Knock Off|p1a: Necrozma
|-supereffective|p1a: Necrozma
|-damage|p1a: Necrozma|0 fnt
|-enditem|p1a: Necrozma|Leftovers|[from] move: Knock Off|[of] p2a: Weavile
|faint|p1a: Necrozma
|
|win|RichardMillePlain
|c|☆Fc ❤|gg
|c|☆RichardMillePlain|ggs
