|inactive|Battle timer is ON: inactive players will automatically lose when time's up.
|t:|1663518996
|gametype|singles
|player|p1|Luna's Bann3d Now|#ruplixsleekslushrushers|
|player|p2|8142e|101|
|teamsize|p1|6
|teamsize|p2|6
|gen|8
|tier|[Gen 8] Ubers
|rule|Sleep Clause Mod: Limit one foe put to sleep
|rule|Species Clause: Limit one of each Pokémon
|rule|OHKO Clause: OHKO moves are banned
|rule|Evasion Items Clause: Evasion items are banned
|rule|Evasion Moves Clause: Evasion moves are banned
|rule|Endless Battle Clause: Forcing endless battles is banned
|rule|HP Percentage Mod: HP is shown in percentages
|rule|Dynamax Clause: You cannot dynamax
|clearpoke
|poke|p1|Yveltal|
|poke|p1|Eternatus|
|poke|p1|Necrozma-Dusk-Mane|
|poke|p1|Rayquaza|
|poke|p1|Landorus-Therian, M|
|poke|p1|Clefable, M|
|poke|p2|Necrozma-Dusk-Mane|
|poke|p2|Zekrom|
|poke|p2|Groudon|
|poke|p2|Yveltal|
|poke|p2|Eternatus|
|poke|p2|Xerneas-*|
|teampreview
|c|☆8142e|hf
|c|☆Luna's Bann3d Now|u2
|inactive|Luna's Bann3d Now has 270 seconds left.
|inactive|8142e has 270 seconds left.
|c|☆8142e|clefable is better than xern right
|c|☆Luna's Bann3d Now|debatable 
|c|☆8142e|my friends bully me and say its not :(
|inactive|8142e has 240 seconds left.
|c|☆Luna's Bann3d Now|its hotly contested but its a side grade realistically
|c|+Hrishioo7|Anything is good if ur good
|c|+Hrishioo7|Not the case with u tho
|c|+pannuracotta|I, pannuracotta, wish **Luna's Bann3d Now** Good Luck in [Gen 8] ubers
|c|☆Luna's Bann3d Now|damn
|c|☆Luna's Bann3d Now|pannu
|c|☆Luna's Bann3d Now|shut
|c|☆Luna's Bann3d Now|up
|c|☆Luna's Bann3d Now|you
|inactive|8142e has 210 seconds left.
|c|☆Luna's Bann3d Now|jinxing
|c|☆Luna's Bann3d Now|mfer
|c|☆Luna's Bann3d Now|GTFO
|c|☆Luna's Bann3d Now|cheer for him
|c|+pannuracotta|my bad
|c|☆8142e|i like ppl cheering me :)
|c|☆Luna's Bann3d Now|say you cheer for him
|c|☆Luna's Bann3d Now|RIGHT NOW
|c|+pannuracotta|I, pannuracotta, wish **8142e** Good Luck in [Gen 8] ubers
|c|+Hrishioo7|U don't like me ;-;
|c|☆Luna's Bann3d Now|thank you kind
|inactive|8142e has 180 seconds left.
|c|☆8142e|ty
|c|☆8142e|now time to lose vs rayquaza damn
|inactive|8142e has 150 seconds left.
|
|t:|1663519149
|start
|switch|p1a: Landorus|Landorus-Therian, M|100/100
|switch|p2a: Groudon|Groudon|100/100
|-ability|p1a: Landorus|Intimidate|boost
|-unboost|p2a: Groudon|atk|1
|-weather|SunnyDay|[from] ability: Drought|[of] p2a: Groudon
|turn|1
|inactive|8142e has 210 seconds left.
|
|t:|1663519170
|move|p1a: Landorus|U-turn|p2a: Groudon
|-damage|p2a: Groudon|87/100
|
|t:|1663519173
|switch|p1a: Yveltal|Yveltal|100/100|[from]move: U-turn
|-ability|p1a: Yveltal|Dark Aura
|move|p2a: Groudon|Toxic|p1a: Yveltal
|-status|p1a: Yveltal|tox
|
|-weather|SunnyDay|[upkeep]
|-heal|p2a: Groudon|93/100|[from] item: Leftovers
|-damage|p1a: Yveltal|94/100 tox|[from] psn
|upkeep
|turn|2
|inactive|8142e has 210 seconds left.
|
|t:|1663519186
|switch|p2a: Eternatus|Eternatus|100/100
|-ability|p2a: Eternatus|Pressure
|move|p1a: Yveltal|Knock Off|p2a: Eternatus
|-damage|p2a: Eternatus|55/100
|-enditem|p2a: Eternatus|Heavy-Duty Boots|[from] move: Knock Off|[of] p1a: Yveltal
|
|-weather|SunnyDay|[upkeep]
|-damage|p1a: Yveltal|82/100 tox|[from] psn
|upkeep
|turn|3
|inactive|8142e has 210 seconds left.
|
|t:|1663519197
|switch|p1a: Necrozma|Necrozma-Dusk-Mane|100/100
|move|p2a: Eternatus|Recover|p2a: Eternatus
|-heal|p2a: Eternatus|100/100
|
|-weather|SunnyDay|[upkeep]
|upkeep
|turn|4
|inactive|8142e has 210 seconds left.
|
|t:|1663519204
|switch|p2a: Necrozma|Necrozma-Dusk-Mane|100/100
|move|p1a: Necrozma|Knock Off|p2a: Necrozma
|-supereffective|p2a: Necrozma
|-damage|p2a: Necrozma|67/100
|-enditem|p2a: Necrozma|Leftovers|[from] move: Knock Off|[of] p1a: Necrozma
|
|-weather|SunnyDay|[upkeep]
|upkeep
|turn|5
|
|t:|1663519213
|switch|p1a: Landorus|Landorus-Therian, M|100/100
|-ability|p1a: Landorus|Intimidate|boost
|-unboost|p2a: Necrozma|atk|1
|move|p2a: Necrozma|Knock Off|p1a: Landorus
|-damage|p1a: Landorus|76/100
|-enditem|p1a: Landorus|Choice Scarf|[from] move: Knock Off|[of] p2a: Necrozma
|
|-weather|none
|upkeep
|turn|6
|c|☆8142e|choice scarf
|c|+Hrishioo7|Interesting
|inactive|8142e has 210 seconds left.
|
|t:|1663519232
|switch|p2a: Groudon|Groudon|93/100
|-weather|SunnyDay|[from] ability: Drought|[of] p2a: Groudon
|move|p1a: Landorus|U-turn|p2a: Groudon
|-damage|p2a: Groudon|81/100
|c|☆8142e|cool item
|inactive|Luna's Bann3d Now has 270 seconds left.
|c|☆8142e|i need ground guy on like 70 hp
|c|☆8142e|then he live rayquaza hit
|c|+Hrishioo7|Just shut up and play
|c|☆Luna's Bann3d Now|LOL
|c|☆8142e|ok boos 
|inactive|Luna's Bann3d Now has 240 seconds left.
|c|☆8142e|boss*
|
|t:|1663519303
|switch|p1a: Yveltal|Yveltal|82/100 tox|[from]move: U-turn
|-ability|p1a: Yveltal|Dark Aura
|
|-weather|SunnyDay|[upkeep]
|-heal|p2a: Groudon|88/100|[from] item: Leftovers
|-damage|p1a: Yveltal|76/100 tox|[from] psn
|upkeep
|turn|7
|
|t:|1663519312
|switch|p1a: Necrozma|Necrozma-Dusk-Mane|100/100
|switch|p2a: Eternatus|Eternatus|100/100
|-ability|p2a: Eternatus|Pressure
|
|-weather|SunnyDay|[upkeep]
|upkeep
|turn|8
|
|t:|1663519323
|switch|p2a: Necrozma|Necrozma-Dusk-Mane|67/100
|switch|p1a: Rayquaza|Rayquaza|100/100
|-ability|p1a: Rayquaza|Air Lock
|
|-weather|SunnyDay|[upkeep]
|upkeep
|turn|9
|c|☆8142e|oh no
|
|t:|1663519339
|switch|p2a: Yveltal|Yveltal|100/100
|-ability|p2a: Yveltal|Dark Aura
|move|p1a: Rayquaza|V-create|p2a: Yveltal|[miss]
|-miss|p1a: Rayquaza|p2a: Yveltal
|
|-weather|SunnyDay|[upkeep]
|upkeep
|turn|10
|c|+Hrishioo7|L
|c|☆Luna's Bann3d Now|can yall stfu jesus
|c|☆Luna's Bann3d Now|this aint a smogon discord chat LOL
|inactive|8142e has 210 seconds left.
|c|☆8142e|bro he my friend
|c|+Hrishioo7|Mb
|c|☆8142e|dont be  rude to him
|c|☆Luna's Bann3d Now|i dont hate the guy lmao
|
|t:|1663519379
|switch|p1a: Clefable|Clefable, M|100/100
|move|p2a: Yveltal|Foul Play|p1a: Clefable
|-resisted|p1a: Clefable
|-damage|p1a: Clefable|91/100
|-damage|p2a: Yveltal|84/100|[from] item: Rocky Helmet|[of] p1a: Clefable
|
|-weather|none
|upkeep
|turn|11
|c|☆Luna's Bann3d Now|im just tryna not have whole convos goin on rn
|
|t:|1663519386
|switch|p2a: Necrozma|Necrozma-Dusk-Mane|67/100
|move|p1a: Clefable|Stealth Rock|p2a: Necrozma
|-sidestart|p2: 8142e|move: Stealth Rock
|
|upkeep
|turn|12
|inactive|8142e has 210 seconds left.
|c|☆8142e|oh i see
|
|t:|1663519396
|switch|p1a: Landorus|Landorus-Therian, M|76/100
|-ability|p1a: Landorus|Intimidate|boost
|-unboost|p2a: Necrozma|atk|1
|move|p2a: Necrozma|Toxic|p1a: Landorus|[miss]
|-miss|p2a: Necrozma|p1a: Landorus
|
|upkeep
|turn|13
|c|☆8142e|f
|inactive|8142e has 210 seconds left.
|
|t:|1663519408
|switch|p2a: Yveltal|Yveltal|84/100
|-ability|p2a: Yveltal|Dark Aura
|move|p1a: Landorus|Earthquake|p2a: Yveltal
|-immune|p2a: Yveltal
|
|upkeep
|turn|14
|inactive|Luna's Bann3d Now has 270 seconds left.
|inactive|8142e has 210 seconds left.
|
|t:|1663519418
|move|p1a: Landorus|Stone Edge|p2a: Yveltal
|-supereffective|p2a: Yveltal
|-damage|p2a: Yveltal|21/100
|move|p2a: Yveltal|Defog|p1a: Landorus
|-unboost|p1a: Landorus|evasion|1
|-sideend|p2: 8142e|Stealth Rock|[from] move: Defog|[of] p2a: Yveltal
|
|upkeep
|turn|15
|inactive|8142e has 210 seconds left.
|
|t:|1663519442
|switch|p2a: Groudon|Groudon|88/100
|-weather|SunnyDay|[from] ability: Drought|[of] p2a: Groudon
|move|p1a: Landorus|U-turn|p2a: Groudon
|-damage|p2a: Groudon|73/100
|
|t:|1663519449
|switch|p1a: Yveltal|Yveltal|76/100 tox|[from]move: U-turn
|-ability|p1a: Yveltal|Dark Aura
|
|-weather|SunnyDay|[upkeep]
|-heal|p2a: Groudon|80/100|[from] item: Leftovers
|-damage|p1a: Yveltal|70/100 tox|[from] psn
|upkeep
|turn|16
|inactive|8142e has 210 seconds left.
|
|t:|1663519454
|switch|p2a: Eternatus|Eternatus|100/100
|-ability|p2a: Eternatus|Pressure
|move|p1a: Yveltal|Knock Off|p2a: Eternatus
|-damage|p2a: Eternatus|69/100
|
|-weather|SunnyDay|[upkeep]
|-damage|p1a: Yveltal|58/100 tox|[from] psn
|upkeep
|turn|17
|inactive|8142e has 210 seconds left.
|
|t:|1663519469
|switch|p2a: Groudon|Groudon|80/100
|move|p1a: Yveltal|Roost|p1a: Yveltal
|-heal|p1a: Yveltal|100/100 tox
|-singleturn|p1a: Yveltal|move: Roost
|
|-weather|SunnyDay|[upkeep]
|-heal|p2a: Groudon|86/100|[from] item: Leftovers
|-damage|p1a: Yveltal|82/100 tox|[from] psn
|upkeep
|turn|18
|
|t:|1663519476
|switch|p2a: Eternatus|Eternatus|69/100
|-ability|p2a: Eternatus|Pressure
|move|p1a: Yveltal|Knock Off|p2a: Eternatus
|-damage|p2a: Eternatus|38/100
|
|-weather|SunnyDay|[upkeep]
|-damage|p1a: Yveltal|58/100 tox|[from] psn
|upkeep
|turn|19
|
|t:|1663519479
|switch|p1a: Clefable|Clefable, M|91/100
|move|p2a: Eternatus|Recover|p2a: Eternatus
|-heal|p2a: Eternatus|88/100
|
|-weather|none
|upkeep
|turn|20
|
|t:|1663519490
|switch|p2a: Necrozma|Necrozma-Dusk-Mane|67/100
|switch|p1a: Necrozma|Necrozma-Dusk-Mane|100/100
|
|upkeep
|turn|21
|
|t:|1663519499
|switch|p2a: Groudon|Groudon|86/100
|-weather|SunnyDay|[from] ability: Drought|[of] p2a: Groudon
|move|p1a: Necrozma|Dragon Dance|p1a: Necrozma
|-boost|p1a: Necrozma|atk|1
|-boost|p1a: Necrozma|spe|1
|
|-weather|SunnyDay|[upkeep]
|-heal|p2a: Groudon|92/100|[from] item: Leftovers
|upkeep
|turn|22
|
|t:|1663519504
|move|p1a: Necrozma|Knock Off|p2a: Groudon
|-damage|p2a: Groudon|67/100
|-enditem|p2a: Groudon|Leftovers|[from] move: Knock Off|[of] p1a: Necrozma
|move|p2a: Groudon|Stealth Rock|p1a: Necrozma
|-sidestart|p1: Luna's Bann3d Now|move: Stealth Rock
|
|-weather|SunnyDay|[upkeep]
|upkeep
|turn|23
|
|t:|1663519531
|switch|p1a: Yveltal|Yveltal|58/100 tox
|-ability|p1a: Yveltal|Dark Aura
|move|p2a: Groudon|Precipice Blades|p1a: Yveltal
|-immune|p1a: Yveltal
|
|-weather|SunnyDay|[upkeep]
|-damage|p1a: Yveltal|52/100 tox|[from] psn
|upkeep
|turn|24
|inactive|8142e disconnected and has 300 seconds to reconnect!
|player|p2|
|inactive|8142e has 270 seconds to reconnect!
|inactive|8142e reconnected and has 255 seconds left.
|player|p2|8142e|101
|
|t:|1663519598
|move|p1a: Yveltal|Snarl|p2a: Groudon
|-damage|p2a: Groudon|39/100
|-unboost|p2a: Groudon|spa|1
|move|p2a: Groudon|Stone Edge|p1a: Yveltal
|-supereffective|p1a: Yveltal
|-crit|p1a: Yveltal
|-damage|p1a: Yveltal|0 fnt
|faint|p1a: Yveltal
|
|-weather|SunnyDay|[upkeep]
|upkeep
|
|t:|1663519605
|switch|p1a: Rayquaza|Rayquaza|100/100
|-damage|p1a: Rayquaza|76/100|[from] Stealth Rock
|-ability|p1a: Rayquaza|Air Lock
|turn|25
|
|t:|1663519616
|switch|p2a: Yveltal|Yveltal|21/100
|-ability|p2a: Yveltal|Dark Aura
|move|p1a: Rayquaza|Dragon Ascent|p2a: Yveltal
|-damage|p2a: Yveltal|0 fnt
|-unboost|p1a: Rayquaza|def|1
|-unboost|p1a: Rayquaza|spd|1
|faint|p2a: Yveltal
|
|-weather|none
|upkeep
|inactive|8142e has 240 seconds left.
|
|t:|1663519638
|switch|p2a: Eternatus|Eternatus|88/100
|-ability|p2a: Eternatus|Pressure
|turn|26
|inactive|8142e has 240 seconds left.
|
|t:|1663519647
|switch|p2a: Groudon|Groudon|39/100
|-weather|SunnyDay|[from] ability: Drought|[of] p2a: Groudon
|switch|p1a: Clefable|Clefable, M|91/100
|
|-weather|SunnyDay|[upkeep]
|upkeep
|turn|27
|
|t:|1663519655
|switch|p1a: Landorus|Landorus-Therian, M|76/100
|-damage|p1a: Landorus|64/100|[from] Stealth Rock
|-ability|p1a: Landorus|Intimidate|boost
|-unboost|p2a: Groudon|atk|1
|move|p2a: Groudon|Precipice Blades|p1a: Landorus
|-immune|p1a: Landorus
|
|-weather|SunnyDay|[upkeep]
|upkeep
|turn|28
|
|t:|1663519665
|move|p1a: Landorus|Earthquake|p2a: Groudon
|-damage|p2a: Groudon|12/100
|move|p2a: Groudon|Toxic|p1a: Landorus
|-status|p1a: Landorus|tox
|
|-weather|SunnyDay|[upkeep]
|-damage|p1a: Landorus|58/100 tox|[from] psn
|upkeep
|turn|29
|
|t:|1663519669
|move|p1a: Landorus|Defog|p2a: Groudon
|-unboost|p2a: Groudon|evasion|1
|-sideend|p1: Luna's Bann3d Now|Stealth Rock|[from] move: Defog|[of] p1a: Landorus
|move|p2a: Groudon|Stone Edge|p1a: Landorus
|-damage|p1a: Landorus|33/100 tox
|
|-weather|SunnyDay|[upkeep]
|-damage|p1a: Landorus|21/100 tox|[from] psn
|upkeep
|turn|30
|inactive|8142e has 240 seconds left.
|inactive|8142e has 210 seconds left.
|inactive|8142e has 180 seconds left.
|
|t:|1663519768
|move|p1a: Landorus|Earthquake|p2a: Groudon
|-damage|p2a: Groudon|0 fnt
|faint|p2a: Groudon
|
|-weather|none
|-damage|p1a: Landorus|3/100 tox|[from] psn
|upkeep
|inactive|8142e has 150 seconds left.
|
|t:|1663519795
|switch|p2a: Xerneas|Xerneas|100/100
|-ability|p2a: Xerneas|Fairy Aura
|turn|31
|inactive|8142e has 150 seconds left.
|
|t:|1663519810
|move|p1a: Landorus|U-turn|p2a: Xerneas
|-resisted|p2a: Xerneas
|-damage|p2a: Xerneas|90/100
|
|t:|1663519813
|switch|p1a: Necrozma|Necrozma-Dusk-Mane|100/100|[from]move: U-turn
|move|p2a: Xerneas|Geomancy||[still]
|-prepare|p2a: Xerneas|Geomancy
|-enditem|p2a: Xerneas|Power Herb
|-anim|p2a: Xerneas|Geomancy|p2a: Xerneas
|-boost|p2a: Xerneas|spa|2
|-boost|p2a: Xerneas|spd|2
|-boost|p2a: Xerneas|spe|2
|
|upkeep
|turn|32
|
|t:|1663519818
|move|p2a: Xerneas|Thunder|p1a: Necrozma
|-damage|p1a: Necrozma|43/100
|move|p1a: Necrozma|Iron Head|p2a: Xerneas
|-supereffective|p2a: Xerneas
|-damage|p2a: Xerneas|25/100
|
|upkeep
|turn|33
|
|t:|1663519824
|move|p2a: Xerneas|Thunder|p1a: Necrozma|[miss]
|-miss|p2a: Xerneas|p1a: Necrozma
|move|p1a: Necrozma|Iron Head|p2a: Xerneas
|-supereffective|p2a: Xerneas
|-damage|p2a: Xerneas|0 fnt
|faint|p2a: Xerneas
|
|upkeep
|
|t:|1663519827
|switch|p2a: Zekrom|Zekrom|100/100
|-ability|p2a: Zekrom|Teravolt
|turn|34
|
|t:|1663519830
|switch|p1a: Landorus|Landorus-Therian, M|3/100 tox
|-ability|p1a: Landorus|Intimidate|boost
|-unboost|p2a: Zekrom|atk|1
|move|p2a: Zekrom|Dragon Dance|p2a: Zekrom
|-boost|p2a: Zekrom|atk|1
|-boost|p2a: Zekrom|spe|1
|
|-damage|p1a: Landorus|0 fnt|[from] psn
|faint|p1a: Landorus
|upkeep
|
|t:|1663519834
|switch|p1a: Clefable|Clefable, M|91/100
|turn|35
|
|t:|1663519838
|move|p2a: Zekrom|Bolt Strike|p1a: Clefable
|-damage|p1a: Clefable|32/100
|-damage|p2a: Zekrom|84/100|[from] item: Rocky Helmet|[of] p1a: Clefable
|move|p1a: Clefable|Moonblast|p2a: Zekrom
|-supereffective|p2a: Zekrom
|-damage|p2a: Zekrom|20/100
|
|-heal|p2a: Zekrom|26/100|[from] item: Leftovers
|upkeep
|turn|36
|
|t:|1663519841
|move|p2a: Zekrom|Bolt Strike|p1a: Clefable|[miss]
|-miss|p2a: Zekrom|p1a: Clefable
|move|p1a: Clefable|Moonblast|p2a: Zekrom
|-supereffective|p2a: Zekrom
|-crit|p2a: Zekrom
|-damage|p2a: Zekrom|0 fnt
|faint|p2a: Zekrom
|
|upkeep
|c|☆8142e|nooo
|
|t:|1663519850
|switch|p2a: Necrozma|Necrozma-Dusk-Mane|67/100
|turn|37
|c|+Rhmsitb|hoenns fav mon
|c|☆8142e|fuck
|
|t:|1663519863
|switch|p1a: Necrozma|Necrozma-Dusk-Mane|43/100
|move|p2a: Necrozma|Sunsteel Strike|p1a: Necrozma
|-resisted|p1a: Necrozma
|-damage|p1a: Necrozma|24/100
|
|upkeep
|turn|38
|c|+Hrishioo7|What a choke lmfao
|c|☆8142e|i miss thunder too bruh
|
|t:|1663519876
|move|p1a: Necrozma|Morning Sun|p1a: Necrozma
|-heal|p1a: Necrozma|74/100
|move|p2a: Necrozma|Knock Off|p1a: Necrozma
|-supereffective|p1a: Necrozma
|-crit|p1a: Necrozma
|-enditem|p1a: Necrozma|Colbur Berry|[eat]
|-enditem|p1a: Necrozma|Colbur Berry|[weaken]
|-damage|p1a: Necrozma|47/100
|
|upkeep
|turn|39
|c|+Hrishioo7|Biggest choke of the century
|
|t:|1663519879
|move|p1a: Necrozma|Morning Sun|p1a: Necrozma
|-heal|p1a: Necrozma|97/100
|move|p2a: Necrozma|Knock Off|p1a: Necrozma
|-supereffective|p1a: Necrozma
|-crit|p1a: Necrozma
|-damage|p1a: Necrozma|60/100
|
|upkeep
|turn|40
|c|☆8142e|no
|c|☆8142e|fuck
|c|☆8142e|you
|c|☆Luna's Bann3d Now|LOL
|c|☆Luna's Bann3d Now|tbf 
|c|☆8142e|i missed thunder too
|c|☆Luna's Bann3d Now|i had espeed on ray for both.
|c|+Hrishioo7|Ah true
|c|☆8142e|naj
|inactive|8142e has 210 seconds left.
|c|☆Luna's Bann3d Now|none of them were sweeping from their positions
|c|+Hrishioo7|Yeah u suck
|c|☆8142e|if you go ray
|c|☆8142e|espeed
|c|☆8142e|i win with natus
|c|☆8142e|end game
|c|☆Luna's Bann3d Now|not really
|inactive|8142e has 180 seconds left.
|c|☆Luna's Bann3d Now|whats the speed
|c|☆Luna's Bann3d Now|on your etern
|c|☆8142e|334
|c|☆Luna's Bann3d Now|yea its losing
|c|☆8142e|max spdef
|c|☆8142e|nop
|c|☆Luna's Bann3d Now|!showset 2
|c|+Luna's Bann3d Now|/raw <div class="infobox">Eternatus @ Power Herb  <br />Ability: Pressure  <br />EVs: 40 HP &#x2f; 80 SpA &#x2f; 172 SpD &#x2f; 216 Spe  <br />Timid Nature  <br />IVs: 0 Atk  <br />- Dragon Pulse  <br />- Meteor Beam  <br />- Cosmic Power  <br />- Recover  <br /><br /></div>
|c|☆Luna's Bann3d Now|its losing.
|c|☆8142e|ohh
|inactive|8142e has 150 seconds left.
|c|☆8142e|ok ig
|c|☆8142e|ggs
|-message|8142e forfeited.
|
|win|Luna's Bann3d Now
|c|☆Luna's Bann3d Now|ggs
