|inactive|Battle timer is ON: inactive players will automatically lose when time's up.
|t:|1663527942
|gametype|singles
|player|p1|Exiline|#scl2islanders|
|player|p2|edgar|#scl2machines|
|teamsize|p1|6
|teamsize|p2|6
|gen|8
|tier|[Gen 8] Ubers
|rule|Sleep Clause Mod: Limit one foe put to sleep
|rule|Species Clause: Limit one of each Pokémon
|rule|OHKO Clause: OHKO moves are banned
|rule|Evasion Items Clause: Evasion items are banned
|rule|Evasion Moves Clause: Evasion moves are banned
|rule|Endless Battle Clause: Forcing endless battles is banned
|rule|HP Percentage Mod: HP is shown in percentages
|rule|Dynamax Clause: You cannot dynamax
|clearpoke
|poke|p1|Clefable, M|
|poke|p1|Ferrothorn, M|
|poke|p1|Necrozma-Dusk-Mane|
|poke|p1|Yveltal|
|poke|p1|Eternatus|
|poke|p1|Zygarde|
|poke|p2|Weavile, F|
|poke|p2|Kyogre|
|poke|p2|Eternatus|
|poke|p2|Necrozma-Dusk-Mane|
|poke|p2|Yveltal|
|poke|p2|Landorus-Therian, M|
|teampreview
|c|☆Exiline|h_f 
|raw|<div class="broadcast-red"><strong>Moderated chat was set to ☆!</strong><br />Only users of rank ☆ and higher can talk.</div>
|c|☆edgar|u_2
|inactive|Exiline has 270 seconds left.
|inactive|edgar has 270 seconds left.
|inactive|Exiline has 240 seconds left.
|inactive|edgar has 240 seconds left.
|inactive|edgar has 210 seconds left.
|inactive|edgar has 180 seconds left.
|
|t:|1663528075
|start
|switch|p1a: Ferrothorn|Ferrothorn, M|100/100
|switch|p2a: Eternatus|Eternatus|100/100
|-ability|p2a: Eternatus|Pressure
|turn|1
|
|t:|1663528099
|switch|p2a: Yveltal|Yveltal|100/100
|-ability|p2a: Yveltal|Dark Aura
|switch|p1a: Necrozma|Necrozma-Dusk-Mane|100/100
|
|upkeep
|turn|2
|
|t:|1663528108
|switch|p1a: Yveltal|Yveltal|100/100
|-ability|p1a: Yveltal|Dark Aura
|move|p2a: Yveltal|Taunt|p1a: Yveltal
|-start|p1a: Yveltal|move: Taunt
|
|upkeep
|turn|3
|
|t:|1663528127
|switch|p1a: Clefable|Clefable, M|100/100
|move|p2a: Yveltal|Knock Off|p1a: Clefable
|-resisted|p1a: Clefable
|-damage|p1a: Clefable|80/100
|-enditem|p1a: Clefable|Leftovers|[from] move: Knock Off|[of] p2a: Yveltal
|
|upkeep
|turn|4
|
|t:|1663528136
|move|p2a: Yveltal|Taunt|p1a: Clefable
|-start|p1a: Clefable|move: Taunt
|cant|p1a: Clefable|move: Taunt|Stealth Rock
|
|upkeep
|turn|5
|
|t:|1663528151
|switch|p2a: Necrozma|Necrozma-Dusk-Mane|100/100
|move|p1a: Clefable|Moonblast|p2a: Necrozma
|-resisted|p2a: Necrozma
|-damage|p2a: Necrozma|91/100
|
|-heal|p2a: Necrozma|97/100|[from] item: Leftovers
|upkeep
|turn|6
|
|t:|1663528162
|switch|p1a: Ferrothorn|Ferrothorn, M|100/100
|move|p2a: Necrozma|Thunder Wave|p1a: Ferrothorn
|-status|p1a: Ferrothorn|par
|
|-heal|p2a: Necrozma|100/100|[from] item: Leftovers
|upkeep
|turn|7
|
|t:|1663528172
|switch|p2a: Yveltal|Yveltal|100/100
|-ability|p2a: Yveltal|Dark Aura
|move|p1a: Ferrothorn|Spikes|p2a: Yveltal
|-sidestart|p2: edgar|Spikes
|
|upkeep
|turn|8
|
|t:|1663528200
|switch|p1a: Clefable|Clefable, M|80/100
|move|p2a: Yveltal|Taunt|p1a: Clefable
|-start|p1a: Clefable|move: Taunt
|
|upkeep
|turn|9
|inactive|edgar has 210 seconds left.
|inactive|edgar has 180 seconds left.
|
|t:|1663528266
|switch|p2a: Necrozma|Necrozma-Dusk-Mane|100/100
|-damage|p2a: Necrozma|88/100|[from] Spikes
|move|p1a: Clefable|Moonblast|p2a: Necrozma
|-resisted|p2a: Necrozma
|-damage|p2a: Necrozma|78/100
|
|-heal|p2a: Necrozma|84/100|[from] item: Leftovers
|upkeep
|turn|10
|
|t:|1663528283
|switch|p1a: Zygarde|Zygarde|100/100
|move|p2a: Necrozma|Stealth Rock|p1a: Zygarde
|-sidestart|p1: Exiline|move: Stealth Rock
|
|-heal|p2a: Necrozma|90/100|[from] item: Leftovers
|upkeep
|turn|11
|inactive|edgar has 180 seconds left.
|
|t:|1663528292
|switch|p2a: Kyogre|Kyogre|100/100
|-damage|p2a: Kyogre|88/100|[from] Spikes
|-weather|RainDance|[from] ability: Drizzle|[of] p2a: Kyogre
|move|p1a: Zygarde|Dragon Dance|p1a: Zygarde
|-boost|p1a: Zygarde|atk|1
|-boost|p1a: Zygarde|spe|1
|
|-weather|RainDance|[upkeep]
|upkeep
|turn|12
|
|t:|1663528300
|switch|p1a: Ferrothorn|Ferrothorn, M|100/100 par
|-damage|p1a: Ferrothorn|94/100 par|[from] Stealth Rock
|move|p2a: Kyogre|Ice Beam|p1a: Ferrothorn
|-damage|p1a: Ferrothorn|72/100 par
|
|-weather|RainDance|[upkeep]
|-heal|p1a: Ferrothorn|78/100 par|[from] item: Leftovers
|upkeep
|turn|13
|inactive|edgar has 180 seconds left.
|
|t:|1663528320
|move|p2a: Kyogre|Origin Pulse|p1a: Ferrothorn
|-resisted|p1a: Ferrothorn
|-damage|p1a: Ferrothorn|47/100 par
|move|p1a: Ferrothorn|Knock Off|p2a: Kyogre
|-damage|p2a: Kyogre|72/100
|-enditem|p2a: Kyogre|Lum Berry|[from] move: Knock Off|[of] p1a: Ferrothorn
|
|-weather|RainDance|[upkeep]
|-heal|p1a: Ferrothorn|54/100 par|[from] item: Leftovers
|upkeep
|turn|14
|inactive|edgar has 180 seconds left.
|
|t:|1663528337
|move|p2a: Kyogre|Origin Pulse|p1a: Ferrothorn
|-resisted|p1a: Ferrothorn
|-damage|p1a: Ferrothorn|22/100 par
|move|p1a: Ferrothorn|Leech Seed|p2a: Kyogre|[miss]
|-miss|p1a: Ferrothorn|p2a: Kyogre
|
|-weather|RainDance|[upkeep]
|-heal|p1a: Ferrothorn|29/100 par|[from] item: Leftovers
|upkeep
|turn|15
|
|t:|1663528347
|move|p2a: Kyogre|Origin Pulse|p1a: Ferrothorn
|-resisted|p1a: Ferrothorn
|-damage|p1a: Ferrothorn|1/100 par
|cant|p1a: Ferrothorn|par
|
|-weather|none
|-heal|p1a: Ferrothorn|8/100 par|[from] item: Leftovers
|upkeep
|turn|16
|
|t:|1663528354
|switch|p1a: Yveltal|Yveltal|100/100
|-ability|p1a: Yveltal|Dark Aura
|move|p2a: Kyogre|Ice Beam|p1a: Yveltal
|-supereffective|p1a: Yveltal
|-damage|p1a: Yveltal|59/100
|
|upkeep
|turn|17
|inactive|edgar has 180 seconds left.
|inactive|Exiline has 270 seconds left.
|inactive|edgar has 150 seconds left.
|
|t:|1663528409
|switch|p2a: Landorus|Landorus-Therian, M|100/100
|-ability|p2a: Landorus|Intimidate|boost
|-unboost|p1a: Yveltal|atk|1
|move|p1a: Yveltal|Taunt|p2a: Landorus
|-start|p2a: Landorus|move: Taunt
|
|upkeep
|turn|18
|inactive|Exiline has 270 seconds left.
|inactive|Exiline has 240 seconds left.
|inactive|edgar has 120 seconds left.
|inactive|edgar has 90 seconds left.
|
|t:|1663528497
|switch|p1a: Zygarde|Zygarde|100/100
|-damage|p1a: Zygarde|94/100|[from] Stealth Rock
|move|p2a: Landorus|Stone Edge|p1a: Zygarde|[miss]
|-miss|p2a: Landorus|p1a: Zygarde
|
|upkeep
|turn|19
|
|t:|1663528506
|switch|p2a: Kyogre|Kyogre|72/100
|-damage|p2a: Kyogre|59/100|[from] Spikes
|-weather|RainDance|[from] ability: Drizzle|[of] p2a: Kyogre
|move|p1a: Zygarde|Dragon Tail|p2a: Kyogre
|-damage|p2a: Kyogre|37/100
|drag|p2a: Yveltal|Yveltal|100/100
|-ability|p2a: Yveltal|Dark Aura
|
|-weather|RainDance|[upkeep]
|upkeep
|turn|20
|
|t:|1663528515
|switch|p1a: Clefable|Clefable, M|80/100
|move|p2a: Yveltal|Taunt|p1a: Clefable
|-start|p1a: Clefable|move: Taunt
|
|-weather|RainDance|[upkeep]
|upkeep
|turn|21
|
|t:|1663528528
|switch|p2a: Necrozma|Necrozma-Dusk-Mane|90/100
|-damage|p2a: Necrozma|78/100|[from] Spikes
|move|p1a: Clefable|Moonblast|p2a: Necrozma
|-resisted|p2a: Necrozma
|-damage|p2a: Necrozma|70/100
|-unboost|p2a: Necrozma|spa|1
|
|-weather|RainDance|[upkeep]
|-heal|p2a: Necrozma|76/100|[from] item: Leftovers
|upkeep
|turn|22
|
|t:|1663528537
|move|p2a: Necrozma|Sunsteel Strike|p1a: Clefable
|-supereffective|p1a: Clefable
|-damage|p1a: Clefable|3/100
|move|p1a: Clefable|Moonblast|p2a: Necrozma
|-resisted|p2a: Necrozma
|-damage|p2a: Necrozma|66/100
|
|-weather|RainDance|[upkeep]
|-heal|p2a: Necrozma|72/100|[from] item: Leftovers
|-end|p1a: Clefable|move: Taunt
|upkeep
|turn|23
|
|t:|1663528545
|move|p2a: Necrozma|Sunsteel Strike|p1a: Clefable
|-supereffective|p1a: Clefable
|-damage|p1a: Clefable|0 fnt
|faint|p1a: Clefable
|
|-weather|none
|-heal|p2a: Necrozma|78/100|[from] item: Leftovers
|upkeep
|
|t:|1663528547
|switch|p1a: Zygarde|Zygarde|94/100
|-damage|p1a: Zygarde|88/100|[from] Stealth Rock
|turn|24
|inactive|edgar has 120 seconds left.
|
|t:|1663528562
|switch|p2a: Eternatus|Eternatus|100/100
|-damage|p2a: Eternatus|88/100|[from] Spikes
|-ability|p2a: Eternatus|Pressure
|move|p1a: Zygarde|Dragon Dance|p1a: Zygarde
|-boost|p1a: Zygarde|atk|1
|-boost|p1a: Zygarde|spe|1
|
|-heal|p2a: Eternatus|94/100|[from] item: Black Sludge
|upkeep
|turn|25
|inactive|Exiline has 270 seconds left.
|
|t:|1663528578
|move|p1a: Zygarde|Dragon Dance|p1a: Zygarde
|-boost|p1a: Zygarde|atk|1
|-boost|p1a: Zygarde|spe|1
|move|p2a: Eternatus|Dynamax Cannon|p1a: Zygarde
|-supereffective|p1a: Zygarde
|-damage|p1a: Zygarde|0 fnt
|faint|p1a: Zygarde
|
|-heal|p2a: Eternatus|99/100|[from] item: Black Sludge
|upkeep
|inactive|Exiline has 270 seconds left.
|c|☆Exiline|xd
|
|t:|1663528586
|switch|p1a: Necrozma|Necrozma-Dusk-Mane|100/100
|-damage|p1a: Necrozma|94/100|[from] Stealth Rock
|turn|26
|inactive|edgar has 120 seconds left.
|
|t:|1663528593
|switch|p2a: Yveltal|Yveltal|100/100
|-ability|p2a: Yveltal|Dark Aura
|move|p1a: Necrozma|Dragon Dance|p1a: Necrozma
|-boost|p1a: Necrozma|atk|1
|-boost|p1a: Necrozma|spe|1
|
|upkeep
|turn|27
|
|t:|1663528598
|move|p1a: Necrozma|Dragon Dance|p1a: Necrozma
|-boost|p1a: Necrozma|atk|1
|-boost|p1a: Necrozma|spe|1
|move|p2a: Yveltal|Knock Off|p1a: Necrozma
|-supereffective|p1a: Necrozma
|-enditem|p1a: Necrozma|Colbur Berry|[eat]
|-enditem|p1a: Necrozma|Colbur Berry|[weaken]
|-damage|p1a: Necrozma|67/100
|
|upkeep
|turn|28
|
|t:|1663528609
|switch|p2a: Landorus|Landorus-Therian, M|100/100
|-ability|p2a: Landorus|Intimidate|boost
|-unboost|p1a: Necrozma|atk|1
|move|p1a: Necrozma|Sunsteel Strike|p2a: Landorus
|-damage|p2a: Landorus|2/100
|
|upkeep
|turn|29
|
|t:|1663528616
|move|p2a: Landorus|Earthquake|p1a: Necrozma
|-supereffective|p1a: Necrozma
|-damage|p1a: Necrozma|12/100
|move|p1a: Necrozma|Sunsteel Strike|p2a: Landorus
|-damage|p2a: Landorus|0 fnt
|faint|p2a: Landorus
|
|upkeep
|
|t:|1663528622
|switch|p2a: Yveltal|Yveltal|100/100
|-ability|p2a: Yveltal|Dark Aura
|turn|30
|
|t:|1663528627
|move|p1a: Necrozma|Morning Sun|p1a: Necrozma
|-heal|p1a: Necrozma|62/100
|move|p2a: Yveltal|Knock Off|p1a: Necrozma
|-supereffective|p1a: Necrozma
|-damage|p1a: Necrozma|23/100
|
|upkeep
|turn|31
|
|t:|1663528634
|move|p1a: Necrozma|Morning Sun|p1a: Necrozma
|-heal|p1a: Necrozma|73/100
|move|p2a: Yveltal|Taunt|p1a: Necrozma
|-start|p1a: Necrozma|move: Taunt
|
|upkeep
|turn|32
|
|t:|1663528637
|move|p1a: Necrozma|Sunsteel Strike|p2a: Yveltal
|-damage|p2a: Yveltal|37/100
|move|p2a: Yveltal|Knock Off|p1a: Necrozma
|-supereffective|p1a: Necrozma
|-damage|p1a: Necrozma|34/100
|
|upkeep
|turn|33
|
|t:|1663528650
|move|p1a: Necrozma|Sunsteel Strike|p2a: Yveltal
|-damage|p2a: Yveltal|0 fnt
|faint|p2a: Yveltal
|
|upkeep
|
|t:|1663528656
|switch|p2a: Necrozma|Necrozma-Dusk-Mane|78/100
|-damage|p2a: Necrozma|66/100|[from] Spikes
|turn|34
|
|t:|1663528660
|move|p1a: Necrozma|Earthquake|p2a: Necrozma
|-supereffective|p2a: Necrozma
|-damage|p2a: Necrozma|16/100
|move|p2a: Necrozma|Thunder Wave|p1a: Necrozma
|-status|p1a: Necrozma|par
|
|-heal|p2a: Necrozma|22/100|[from] item: Leftovers
|-end|p1a: Necrozma|move: Taunt
|upkeep
|turn|35
|
|t:|1663528670
|switch|p2a: Kyogre|Kyogre|37/100
|-damage|p2a: Kyogre|24/100|[from] Spikes
|-weather|RainDance|[from] ability: Drizzle|[of] p2a: Kyogre
|move|p1a: Necrozma|Earthquake|p2a: Kyogre
|-damage|p2a: Kyogre|0 fnt
|faint|p2a: Kyogre
|
|-weather|RainDance|[upkeep]
|upkeep
|inactive|edgar has 150 seconds left.
|
|t:|1663528715
|switch|p2a: Weavile|Weavile, F|100/100
|-ability|p2a: Weavile|Pressure
|turn|36
|
|t:|1663528720
|move|p2a: Weavile|Knock Off|p1a: Necrozma
|-supereffective|p1a: Necrozma
|-damage|p1a: Necrozma|2/100 par
|cant|p1a: Necrozma|par
|
|-weather|RainDance|[upkeep]
|upkeep
|turn|37
|
|t:|1663528725
|move|p2a: Weavile|Knock Off|p1a: Necrozma
|-supereffective|p1a: Necrozma
|-damage|p1a: Necrozma|0 fnt
|faint|p1a: Necrozma
|
|-weather|RainDance|[upkeep]
|upkeep
|
|t:|1663528727
|switch|p1a: Eternatus|Eternatus|100/100
|-damage|p1a: Eternatus|88/100|[from] Stealth Rock
|-ability|p1a: Eternatus|Pressure
|turn|38
|inactive|edgar has 150 seconds left.
|
|t:|1663528742
|move|p1a: Eternatus|Meteor Beam||[still]
|-prepare|p1a: Eternatus|Meteor Beam
|-boost|p1a: Eternatus|spa|1
|-enditem|p1a: Eternatus|Power Herb
|-anim|p1a: Eternatus|Meteor Beam|p2a: Weavile
|-supereffective|p2a: Weavile
|-damage|p2a: Weavile|0 fnt
|faint|p2a: Weavile
|
|-weather|RainDance|[upkeep]
|upkeep
|inactive|edgar has 150 seconds left.
|
|t:|1663528748
|switch|p2a: Eternatus|Eternatus|99/100
|-damage|p2a: Eternatus|88/100|[from] Spikes
|-ability|p2a: Eternatus|Pressure
|turn|39
|
|t:|1663528756
|move|p1a: Eternatus|Dynamax Cannon|p2a: Eternatus
|-supereffective|p2a: Eternatus
|-damage|p2a: Eternatus|0 fnt
|faint|p2a: Eternatus
|
|-weather|none
|upkeep
|c|☆edgar|gg
|c|☆Exiline|g_g 
|
|t:|1663528761
|switch|p2a: Necrozma|Necrozma-Dusk-Mane|22/100
|-damage|p2a: Necrozma|9/100|[from] Spikes
|turn|40
|
|t:|1663528789
|move|p1a: Eternatus|Flamethrower|p2a: Necrozma
|-supereffective|p2a: Necrozma
|-damage|p2a: Necrozma|0 fnt
|faint|p2a: Necrozma
|
|win|Exiline
