|inactive|Battle timer is ON: inactive players will automatically lose when time's up.
|t:|1668891362
|gametype|singles
|player|p1|Kate|#kate|
|player|p2|Tony|#uplxdurians|
|teamsize|p1|6
|teamsize|p2|6
|gen|8
|tier|[Gen 8] Ubers
|rule|Sleep Clause Mod: Limit one foe put to sleep
|rule|Species Clause: Limit one of each Pokémon
|rule|OHKO Clause: OHKO moves are banned
|rule|Evasion Items Clause: Evasion items are banned
|rule|Evasion Moves Clause: Evasion moves are banned
|rule|Endless Battle Clause: Forcing endless battles is banned
|rule|HP Percentage Mod: HP is shown in percentages
|rule|Dynamax Clause: You cannot dynamax
|clearpoke
|poke|p1|Calyrex-Shadow|
|poke|p1|Groudon|
|poke|p1|Yveltal|
|poke|p1|Necrozma-Dusk-Mane|
|poke|p1|Eternatus|
|poke|p1|Urshifu-*, M|
|poke|p2|Kyogre|
|poke|p2|Ferrothorn, M|
|poke|p2|Eternatus|
|poke|p2|Yveltal|
|poke|p2|Necrozma-Dusk-Mane|
|poke|p2|Marshadow|
|teampreview
|inactive|Tony also wants the timer to be on.
|raw|<div class="broadcast-red"><strong>Moderated chat was set to ☆!</strong><br />Only users of rank ☆ and higher can talk.</div>
|c|☆Tony|hf
|c|☆Kate|Hf
|inactive|Kate has 270 seconds left.
|inactive|Tony has 270 seconds left.
|inactive|Tony has 240 seconds left.
|inactive|Tony has 210 seconds left.
|
|t:|1668891482
|start
|switch|p1a: Eternatus|Eternatus|100/100
|switch|p2a: Cobra Ky|Kyogre|100/100
|-ability|p1a: Eternatus|Pressure
|-weather|RainDance|[from] ability: Drizzle|[of] p2a: Cobra Ky
|turn|1
|inactive|Tony has 240 seconds left.
|
|t:|1668891499
|switch|p2a: Necrozark|Necrozma-Dusk-Mane|100/100
|move|p1a: Eternatus|Draco Meteor|p2a: Necrozark
|-resisted|p2a: Necrozark
|-damage|p2a: Necrozark|80/100
|-unboost|p1a: Eternatus|spa|2
|-enditem|p1a: Eternatus|Eject Pack
|
|t:|1668891502
|switch|p1a: Urshifu|Urshifu, M|100/100
|
|-weather|RainDance|[upkeep]
|-heal|p2a: Necrozark|86/100|[from] item: Leftovers
|upkeep
|turn|2
|inactive|Tony has 240 seconds left.
|
|t:|1668891525
|switch|p2a: Burn Natus|Eternatus|100/100
|-ability|p2a: Burn Natus|Pressure
|move|p1a: Urshifu|Wicked Blow|p2a: Burn Natus
|-crit|p2a: Burn Natus
|-damage|p2a: Burn Natus|28/100
|
|-weather|RainDance|[upkeep]
|upkeep
|turn|3
|inactive|Tony has 240 seconds left.
|inactive|Tony has 210 seconds left.
|inactive|Tony has 180 seconds left.
|inactive|Tony has 150 seconds left.
|
|t:|1668891620
|move|p2a: Burn Natus|Dynamax Cannon|p1a: Urshifu
|-damage|p1a: Urshifu|32/100
|move|p1a: Urshifu|Wicked Blow|p2a: Burn Natus
|-crit|p2a: Burn Natus
|-damage|p2a: Burn Natus|0 fnt
|faint|p2a: Burn Natus
|
|-weather|RainDance|[upkeep]
|upkeep
|inactive|Tony has 150 seconds left.
|
|t:|1668891632
|switch|p2a: Veronica Marsh|Marshadow|100/100
|turn|4
|inactive|Tony has 150 seconds left.
|
|t:|1668891655
|switch|p1a: Groudon|Groudon|100/100
|-weather|SunnyDay|[from] ability: Drought|[of] p1a: Groudon
|move|p2a: Veronica Marsh|Low Kick|p1a: Groudon
|-damage|p1a: Groudon|62/100
|-damage|p2a: Veronica Marsh|84/100|[from] item: Rocky Helmet|[of] p1a: Groudon
|
|-weather|SunnyDay|[upkeep]
|upkeep
|turn|5
|inactive|Tony has 120 seconds left.
|
|t:|1668891685
|switch|p2a: Cobra Ky|Kyogre|100/100
|-weather|RainDance|[from] ability: Drizzle|[of] p2a: Cobra Ky
|move|p1a: Groudon|Stealth Rock|p2a: Cobra Ky
|-sidestart|p2: Tony|move: Stealth Rock
|
|-weather|RainDance|[upkeep]
|upkeep
|turn|6
|
|t:|1668891697
|switch|p1a: Eternatus|Eternatus|100/100
|-ability|p1a: Eternatus|Pressure
|switch|p2a: Necrozark|Necrozma-Dusk-Mane|86/100
|-damage|p2a: Necrozark|80/100|[from] Stealth Rock
|
|-weather|RainDance|[upkeep]
|-heal|p2a: Necrozark|86/100|[from] item: Leftovers
|upkeep
|turn|7
|
|t:|1668891709
|switch|p1a: Groudon|Groudon|62/100
|-weather|SunnyDay|[from] ability: Drought|[of] p1a: Groudon
|move|p2a: Necrozark|Stealth Rock|p1a: Groudon
|-sidestart|p1: Kate|move: Stealth Rock
|
|-weather|SunnyDay|[upkeep]
|-heal|p2a: Necrozark|92/100|[from] item: Leftovers
|upkeep
|turn|8
|
|t:|1668891720
|switch|p2a: Cobra Ky|Kyogre|100/100
|-damage|p2a: Cobra Ky|88/100|[from] Stealth Rock
|-weather|RainDance|[from] ability: Drizzle|[of] p2a: Cobra Ky
|move|p1a: Groudon|Precipice Blades|p2a: Cobra Ky
|-damage|p2a: Cobra Ky|45/100
|
|-weather|RainDance|[upkeep]
|-heal|p2a: Cobra Ky|51/100|[from] item: Leftovers
|upkeep
|turn|9
|
|t:|1668891728
|switch|p1a: Eternatus|Eternatus|100/100
|-damage|p1a: Eternatus|88/100|[from] Stealth Rock
|-ability|p1a: Eternatus|Pressure
|move|p2a: Cobra Ky|Rest|p2a: Cobra Ky
|-status|p2a: Cobra Ky|slp|[from] move: Rest
|-heal|p2a: Cobra Ky|100/100 slp|[silent]
|
|-weather|RainDance|[upkeep]
|upkeep
|turn|10
|
|t:|1668891742
|move|p1a: Eternatus|Flamethrower|p2a: Cobra Ky
|-resisted|p2a: Cobra Ky
|-damage|p2a: Cobra Ky|96/100 slp
|cant|p2a: Cobra Ky|slp
|move|p2a: Cobra Ky|Sleep Talk|p2a: Cobra Ky
|move|p2a: Cobra Ky|Calm Mind|p2a: Cobra Ky|[from]move: Sleep Talk
|-boost|p2a: Cobra Ky|spa|1
|-boost|p2a: Cobra Ky|spd|1
|
|-weather|RainDance|[upkeep]
|-heal|p2a: Cobra Ky|100/100 slp|[from] item: Leftovers
|upkeep
|turn|11
|
|t:|1668891746
|move|p1a: Eternatus|Sludge Bomb|p2a: Cobra Ky
|-damage|p2a: Cobra Ky|82/100 slp
|cant|p2a: Cobra Ky|slp
|move|p2a: Cobra Ky|Sleep Talk|p2a: Cobra Ky
|move|p2a: Cobra Ky|Scald|p1a: Eternatus|[from]move: Sleep Talk
|-resisted|p1a: Eternatus
|-damage|p1a: Eternatus|55/100
|-status|p1a: Eternatus|brn
|
|-weather|RainDance|[upkeep]
|-heal|p2a: Cobra Ky|89/100 slp|[from] item: Leftovers
|-damage|p1a: Eternatus|49/100 brn|[from] brn
|upkeep
|turn|12
|
|t:|1668891751
|move|p1a: Eternatus|Recover|p1a: Eternatus
|-heal|p1a: Eternatus|99/100 brn
|-curestatus|p2a: Cobra Ky|slp|[msg]
|move|p2a: Cobra Ky|Calm Mind|p2a: Cobra Ky
|-boost|p2a: Cobra Ky|spa|1
|-boost|p2a: Cobra Ky|spd|1
|
|-weather|none
|-heal|p2a: Cobra Ky|95/100|[from] item: Leftovers
|-damage|p1a: Eternatus|92/100 brn|[from] brn
|upkeep
|turn|13
|
|t:|1668891754
|move|p1a: Eternatus|Sludge Bomb|p2a: Cobra Ky
|-damage|p2a: Cobra Ky|80/100
|move|p2a: Cobra Ky|Calm Mind|p2a: Cobra Ky
|-boost|p2a: Cobra Ky|spa|1
|-boost|p2a: Cobra Ky|spd|1
|
|-heal|p2a: Cobra Ky|87/100|[from] item: Leftovers
|-damage|p1a: Eternatus|86/100 brn|[from] brn
|upkeep
|turn|14
|inactive|Tony has 150 seconds left.
|
|t:|1668891798
|move|p1a: Eternatus|Sludge Bomb|p2a: Cobra Ky
|-damage|p2a: Cobra Ky|76/100
|move|p2a: Cobra Ky|Calm Mind|p2a: Cobra Ky
|-boost|p2a: Cobra Ky|spa|1
|-boost|p2a: Cobra Ky|spd|1
|
|-heal|p2a: Cobra Ky|82/100|[from] item: Leftovers
|-damage|p1a: Eternatus|80/100 brn|[from] brn
|upkeep
|turn|15
|
|t:|1668891801
|move|p1a: Eternatus|Sludge Bomb|p2a: Cobra Ky
|-damage|p2a: Cobra Ky|72/100
|move|p2a: Cobra Ky|Calm Mind|p2a: Cobra Ky
|-boost|p2a: Cobra Ky|spa|1
|-boost|p2a: Cobra Ky|spd|1
|
|-heal|p2a: Cobra Ky|79/100|[from] item: Leftovers
|-damage|p1a: Eternatus|74/100 brn|[from] brn
|upkeep
|turn|16
|
|t:|1668891808
|move|p1a: Eternatus|Sludge Bomb|p2a: Cobra Ky
|-damage|p2a: Cobra Ky|70/100
|-status|p2a: Cobra Ky|psn
|move|p2a: Cobra Ky|Calm Mind|p2a: Cobra Ky
|-boost|p2a: Cobra Ky|spa|1
|-boost|p2a: Cobra Ky|spd|1
|
|-heal|p2a: Cobra Ky|76/100 psn|[from] item: Leftovers
|-damage|p2a: Cobra Ky|64/100 psn|[from] psn
|-damage|p1a: Eternatus|68/100 brn|[from] brn
|upkeep
|turn|17
|
|t:|1668891813
|move|p1a: Eternatus|Recover|p1a: Eternatus
|-heal|p1a: Eternatus|100/100 brn
|move|p2a: Cobra Ky|Rest|p2a: Cobra Ky
|-status|p2a: Cobra Ky|slp|[from] move: Rest
|-heal|p2a: Cobra Ky|100/100 slp|[silent]
|
|-damage|p1a: Eternatus|94/100 brn|[from] brn
|upkeep
|turn|18
|
|t:|1668891817
|switch|p1a: Yveltal|Yveltal|100/100
|-ability|p1a: Yveltal|Dark Aura
|cant|p2a: Cobra Ky|slp
|move|p2a: Cobra Ky|Sleep Talk|p2a: Cobra Ky
|move|p2a: Cobra Ky|Calm Mind|p2a: Cobra Ky|[from]move: Sleep Talk
|-boost|p2a: Cobra Ky|spa|0
|-boost|p2a: Cobra Ky|spd|0
|
|upkeep
|turn|19
|
|t:|1668891832
|move|p1a: Yveltal|Knock Off|p2a: Cobra Ky
|-damage|p2a: Cobra Ky|65/100 slp
|-enditem|p2a: Cobra Ky|Leftovers|[from] move: Knock Off|[of] p1a: Yveltal
|cant|p2a: Cobra Ky|slp
|move|p2a: Cobra Ky|Sleep Talk|p2a: Cobra Ky
|move|p2a: Cobra Ky|Calm Mind|p2a: Cobra Ky|[from]move: Sleep Talk
|-boost|p2a: Cobra Ky|spa|0
|-boost|p2a: Cobra Ky|spd|0
|
|upkeep
|turn|20
|
|t:|1668891850
|switch|p1a: Necrozma|Necrozma-Dusk-Mane|100/100
|-damage|p1a: Necrozma|94/100|[from] Stealth Rock
|-curestatus|p2a: Cobra Ky|slp|[msg]
|move|p2a: Cobra Ky|Scald|p1a: Necrozma
|-damage|p1a: Necrozma|0 fnt
|faint|p1a: Necrozma
|
|upkeep
|
|t:|1668891851
|switch|p1a: Urshifu|Urshifu, M|32/100
|-damage|p1a: Urshifu|25/100|[from] Stealth Rock
|turn|21
|inactive|Tony has 150 seconds left.
|
|t:|1668891882
|switch|p2a: Farrow|Ferrothorn, M|100/100
|-damage|p2a: Farrow|94/100|[from] Stealth Rock
|move|p1a: Urshifu|Low Kick|p2a: Farrow
|-supereffective|p2a: Farrow
|-damage|p2a: Farrow|0 fnt
|-damage|p1a: Urshifu|13/100|[from] ability: Iron Barbs|[of] p2a: Farrow
|faint|p2a: Farrow
|
|upkeep
|inactive|Tony has 150 seconds left.
|
|t:|1668891889
|switch|p2a: Veronica Marsh|Marshadow|84/100
|-damage|p2a: Veronica Marsh|78/100|[from] Stealth Rock
|turn|22
|inactive|Tony has 150 seconds left.
|
|t:|1668891904
|switch|p1a: Eternatus|Eternatus|94/100 brn
|-damage|p1a: Eternatus|82/100 brn|[from] Stealth Rock
|-ability|p1a: Eternatus|Pressure
|move|p2a: Veronica Marsh|Bulk Up|p2a: Veronica Marsh
|-boost|p2a: Veronica Marsh|atk|1
|-boost|p2a: Veronica Marsh|def|1
|
|-damage|p1a: Eternatus|76/100 brn|[from] brn
|upkeep
|turn|23
|
|t:|1668891912
|move|p1a: Eternatus|Draco Meteor|p2a: Veronica Marsh
|-damage|p2a: Veronica Marsh|5/100
|-unboost|p1a: Eternatus|spa|2
|move|p2a: Veronica Marsh|Spectral Thief|p1a: Eternatus
|-damage|p1a: Eternatus|8/100 brn
|
|-damage|p1a: Eternatus|2/100 brn|[from] brn
|upkeep
|turn|24
|
|t:|1668891927
|switch|p1a: Groudon|Groudon|62/100
|-damage|p1a: Groudon|55/100|[from] Stealth Rock
|-weather|SunnyDay|[from] ability: Drought|[of] p1a: Groudon
|move|p2a: Veronica Marsh|Shadow Sneak|p1a: Groudon
|-damage|p1a: Groudon|20/100
|-damage|p2a: Veronica Marsh|0 fnt|[from] item: Rocky Helmet|[of] p1a: Groudon
|faint|p2a: Veronica Marsh
|
|-weather|SunnyDay|[upkeep]
|upkeep
|
|t:|1668891933
|switch|p2a: Killing Yve|Yveltal|100/100
|-ability|p2a: Killing Yve|Dark Aura
|turn|25
|
|t:|1668891939
|switch|p1a: Yveltal|Yveltal|100/100
|-ability|p1a: Yveltal|Dark Aura
|move|p2a: Killing Yve|Foul Play|p1a: Yveltal
|-resisted|p1a: Yveltal
|-damage|p1a: Yveltal|77/100
|
|-weather|SunnyDay|[upkeep]
|upkeep
|turn|26
|
|t:|1668891942
|move|p2a: Killing Yve|Taunt|p1a: Yveltal
|-start|p1a: Yveltal|move: Taunt
|move|p1a: Yveltal|Knock Off|p2a: Killing Yve
|-resisted|p2a: Killing Yve
|-damage|p2a: Killing Yve|78/100
|-enditem|p2a: Killing Yve|Heavy-Duty Boots|[from] move: Knock Off|[of] p1a: Yveltal
|
|-weather|SunnyDay|[upkeep]
|upkeep
|turn|27
|inactive|Tony has 180 seconds left.
|
|t:|1668891958
|move|p2a: Killing Yve|Foul Play|p1a: Yveltal
|-resisted|p1a: Yveltal
|-damage|p1a: Yveltal|57/100
|move|p1a: Yveltal|Foul Play|p2a: Killing Yve
|-resisted|p2a: Killing Yve
|-damage|p2a: Killing Yve|60/100
|
|-weather|SunnyDay|[upkeep]
|upkeep
|turn|28
|
|t:|1668891962
|move|p2a: Killing Yve|Roost|p2a: Killing Yve
|-heal|p2a: Killing Yve|100/100
|-singleturn|p2a: Killing Yve|move: Roost
|move|p1a: Yveltal|Foul Play|p2a: Killing Yve
|-resisted|p2a: Killing Yve
|-damage|p2a: Killing Yve|83/100
|
|-weather|none
|-end|p1a: Yveltal|move: Taunt
|upkeep
|turn|29
|inactive|Kate has 270 seconds left.
|inactive|Kate has 240 seconds left.
|inactive|Kate has 210 seconds left.
|inactive|Kate has 180 seconds left.
|
|t:|1668892098
|switch|p1a: Eternatus|Eternatus|2/100 brn
|-damage|p1a: Eternatus|0 fnt|[from] Stealth Rock
|faint|p1a: Eternatus
|move|p2a: Killing Yve|Taunt|p1: Eternatus|[notarget]
|-fail|p2a: Killing Yve
|
|upkeep
|
|t:|1668892100
|switch|p1a: Calyrex|Calyrex-Shadow|100/100
|-ability|p1a: Calyrex|As One
|-ability|p1a: Calyrex|Unnerve
|-damage|p1a: Calyrex|88/100|[from] Stealth Rock
|turn|30
|inactive|Tony has 180 seconds left.
|
|t:|1668892143
|move|p1a: Calyrex|Trick|p2a: Killing Yve
|-activate|p1a: Calyrex|move: Trick|[of] p2a: Killing Yve
|-item|p2a: Killing Yve|Choice Specs|[from] move: Trick
|-enditem|p1a: Calyrex|Choice Specs|[silent]|[from] move: Trick
|move|p2a: Killing Yve|Foul Play|p1a: Calyrex
|-supereffective|p1a: Calyrex
|-damage|p1a: Calyrex|0 fnt
|faint|p1a: Calyrex
|
|upkeep
|inactive|Kate has 180 seconds left.
|
|t:|1668892157
|switch|p1a: Yveltal|Yveltal|57/100
|-ability|p1a: Yveltal|Dark Aura
|turn|31
|inactive|Kate has 180 seconds left.
|inactive|Tony has 150 seconds left.
|
|t:|1668892200
|switch|p2a: Cobra Ky|Kyogre|65/100
|-damage|p2a: Cobra Ky|53/100|[from] Stealth Rock
|-weather|RainDance|[from] ability: Drizzle|[of] p2a: Cobra Ky
|move|p1a: Yveltal|Foul Play|p2a: Cobra Ky
|-damage|p2a: Cobra Ky|31/100
|
|-weather|RainDance|[upkeep]
|upkeep
|turn|32
|inactive|Kate has 180 seconds left.
|inactive|Tony has 120 seconds left.
|inactive|Tony has 90 seconds left.
|inactive|Tony has 60 seconds left.
|inactive|Tony has 30 seconds left.
|inactive|Tony has 20 seconds left.
|
|t:|1668892338
|switch|p1a: Groudon|Groudon|20/100
|-damage|p1a: Groudon|14/100|[from] Stealth Rock
|-weather|SunnyDay|[from] ability: Drought|[of] p1a: Groudon
|move|p2a: Cobra Ky|Scald|p1a: Groudon
|-supereffective|p1a: Groudon
|-damage|p1a: Groudon|0 fnt
|faint|p1a: Groudon
|
|-weather|SunnyDay|[upkeep]
|upkeep
|inactive|Tony has 25 seconds left this turn.
|
|t:|1668892341
|switch|p1a: Urshifu|Urshifu, M|13/100
|-damage|p1a: Urshifu|7/100|[from] Stealth Rock
|turn|33
|inactive|Tony has 30 seconds left.
|inactive|Tony has 20 seconds left.
|inactive|Tony has 15 seconds left.
|inactive|Tony has 10 seconds left.
|
|t:|1668892367
|move|p1a: Urshifu|Wicked Blow|p2a: Cobra Ky
|-crit|p2a: Cobra Ky
|-damage|p2a: Cobra Ky|0 fnt
|faint|p2a: Cobra Ky
|
|-weather|SunnyDay|[upkeep]
|upkeep
|inactive|Tony has 15 seconds left this turn.
|
|t:|1668892371
|switch|p2a: Killing Yve|Yveltal|83/100
|-damage|p2a: Killing Yve|58/100|[from] Stealth Rock
|-ability|p2a: Killing Yve|Dark Aura
|turn|34
|inactive|Tony has 25 seconds left this turn.
|
|t:|1668892376
|switch|p1a: Yveltal|Yveltal|57/100
|-ability|p1a: Yveltal|Dark Aura
|move|p2a: Killing Yve|Foul Play|p1a: Yveltal
|-resisted|p1a: Yveltal
|-crit|p1a: Yveltal
|-damage|p1a: Yveltal|24/100
|
|-weather|SunnyDay|[upkeep]
|upkeep
|turn|35
|inactive|Tony has 30 seconds left.
|inactive|Kate has 210 seconds left.
|
|t:|1668892392
|move|p2a: Killing Yve|Foul Play|p1a: Yveltal
|-resisted|p1a: Yveltal
|-damage|p1a: Yveltal|3/100
|move|p1a: Yveltal|Roost|p1a: Yveltal
|-heal|p1a: Yveltal|53/100
|-singleturn|p1a: Yveltal|move: Roost
|
|-weather|SunnyDay|[upkeep]
|upkeep
|turn|36
|inactive|Kate has 210 seconds left.
|inactive|Tony has 30 seconds left.
|
|t:|1668892405
|move|p2a: Killing Yve|Foul Play|p1a: Yveltal
|-resisted|p1a: Yveltal
|-damage|p1a: Yveltal|31/100
|move|p1a: Yveltal|Foul Play|p2a: Killing Yve
|-resisted|p2a: Killing Yve
|-damage|p2a: Killing Yve|42/100
|
|-weather|none
|upkeep
|turn|37
|inactive|Kate has 210 seconds left.
|
|t:|1668892411
|switch|p2a: Necrozark|Necrozma-Dusk-Mane|92/100
|-damage|p2a: Necrozark|86/100|[from] Stealth Rock
|move|p1a: Yveltal|Roost|p1a: Yveltal
|-heal|p1a: Yveltal|81/100
|-singleturn|p1a: Yveltal|move: Roost
|
|-heal|p2a: Necrozark|92/100|[from] item: Leftovers
|upkeep
|turn|38
|
|t:|1668892418
|move|p1a: Yveltal|Foul Play|p2a: Necrozark
|-supereffective|p2a: Necrozark
|-damage|p2a: Necrozark|27/100
|move|p2a: Necrozark|Thunder Wave|p1a: Yveltal
|-status|p1a: Yveltal|par
|
|-heal|p2a: Necrozark|33/100|[from] item: Leftovers
|upkeep
|turn|39
|
|t:|1668892428
|move|p2a: Necrozark|Moonlight|p2a: Necrozark
|-heal|p2a: Necrozark|83/100
|move|p1a: Yveltal|Foul Play|p2a: Necrozark
|-supereffective|p2a: Necrozark
|-damage|p2a: Necrozark|10/100
|
|-heal|p2a: Necrozark|16/100|[from] item: Leftovers
|upkeep
|turn|40
|
|t:|1668892435
|move|p2a: Necrozark|Moonlight|p2a: Necrozark
|-heal|p2a: Necrozark|66/100
|move|p1a: Yveltal|Foul Play|p2a: Necrozark
|-supereffective|p2a: Necrozark
|-damage|p2a: Necrozark|0 fnt
|faint|p2a: Necrozark
|
|upkeep
|
|t:|1668892437
|switch|p2a: Killing Yve|Yveltal|42/100
|-damage|p2a: Killing Yve|17/100|[from] Stealth Rock
|-ability|p2a: Killing Yve|Dark Aura
|turn|41
|
|t:|1668892441
|move|p2a: Killing Yve|Foul Play|p1a: Yveltal
|-resisted|p1a: Yveltal
|-damage|p1a: Yveltal|61/100 par
|cant|p1a: Yveltal|par
|
|upkeep
|turn|42
|
|t:|1668892446
|move|p2a: Killing Yve|Foul Play|p1a: Yveltal
|-resisted|p1a: Yveltal
|-damage|p1a: Yveltal|40/100 par
|move|p1a: Yveltal|Knock Off|p2a: Killing Yve
|-resisted|p2a: Killing Yve
|-damage|p2a: Killing Yve|0 fnt
|-enditem|p2a: Killing Yve|Choice Specs|[from] move: Knock Off|[of] p1a: Yveltal
|faint|p2a: Killing Yve
|
|win|Kate
|c|☆Kate|Gg
|c|☆Tony|gg
