|inactive|Battle timer is ON: inactive players will automatically lose when time's up.
|t:|1612294651
|player|p1|FearNeverDies|lyra|
|player|p2|Lacus Clyne|candice|
|teamsize|p1|6
|teamsize|p2|6
|gametype|singles
|gen|8
|tier|[Gen 8] Ubers
|clearpoke
|poke|p1|Kyogre|
|poke|p1|Eternatus|
|poke|p1|Calyrex-Shadow|
|poke|p1|Yveltal|
|poke|p1|Necrozma-Dusk-Mane|
|poke|p1|Ho-Oh|
|poke|p2|Kyogre|
|poke|p2|Calyrex-Shadow|
|poke|p2|Landorus, M|
|poke|p2|Necrozma-Dusk-Mane|
|poke|p2|Yveltal|
|poke|p2|Shuckle, M|
|rule|Sleep Clause Mod: Limit one foe put to sleep
|rule|Species Clause: Limit one of each Pokémon
|rule|OHKO Clause: OHKO moves are banned
|rule|Evasion Moves Clause: Evasion moves are banned
|rule|Endless Battle Clause: Forcing endless battles is banned
|rule|HP Percentage Mod: HP is shown in percentages
|rule|Dynamax Clause: You cannot dynamax
|teampreview
|
|t:|1612294666
|start
|switch|p1a: Calyrex|Calyrex-Shadow|100/100
|switch|p2a: Shuckle|Shuckle, M|100/100
|-ability|p1a: Calyrex|As One
|-ability|p1a: Calyrex|Unnerve|p2: Lacus Clyne
|turn|1
|
|t:|1612294670
|move|p1a: Calyrex|Astral Barrage|p2a: Shuckle
|-damage|p2a: Shuckle|35/100
|move|p2a: Shuckle|Sticky Web|p1a: Calyrex
|-sidestart|p1: FearNeverDies|move: Sticky Web
|
|upkeep
|turn|2
|
|t:|1612294672
|switch|p2a: Yveltal|Yveltal|100/100
|-ability|p2a: Yveltal|Dark Aura
|move|p1a: Calyrex|Astral Barrage|p2a: Yveltal
|-resisted|p2a: Yveltal
|-damage|p2a: Yveltal|56/100
|
|upkeep
|turn|3
|
|t:|1612294680
|switch|p1a: Ho-Oh|Ho-Oh|100/100
|move|p2a: Yveltal|Knock Off|p1a: Ho-Oh
|-damage|p1a: Ho-Oh|58/100
|-enditem|p1a: Ho-Oh|Heavy-Duty Boots|[from] move: Knock Off|[of] p2a: Yveltal
|
|upkeep
|turn|4
|
|t:|1612294683
|move|p2a: Yveltal|Taunt|p1a: Ho-Oh
|-start|p1a: Ho-Oh|move: Taunt
|cant|p1a: Ho-Oh|move: Taunt|Defog
|
|upkeep
|turn|5
|
|t:|1612294697
|switch|p2a: Landorus|Landorus, M|100/100
|move|p1a: Ho-Oh|Sacred Fire|p2a: Landorus
|-damage|p2a: Landorus|50/100
|-status|p2a: Landorus|brn
|
|-damage|p2a: Landorus|44/100 brn|[from] brn
|upkeep
|turn|6
|
|t:|1612294704
|switch|p1a: Yveltal|Yveltal|100/100
|-ability|p1a: Yveltal|Dark Aura
|move|p2a: Landorus|Stealth Rock|p1a: Yveltal
|-sidestart|p1: FearNeverDies|move: Stealth Rock
|
|-damage|p2a: Landorus|38/100 brn|[from] brn
|upkeep
|turn|7
|
|t:|1612294706
|move|p2a: Landorus|Explosion|p1a: Yveltal
|-damage|p1a: Yveltal|64/100
|faint|p2a: Landorus
|move|p1a: Yveltal|Knock Off|p2: Landorus|[notarget]
|-fail|p1a: Yveltal
|
|upkeep
|
|t:|1612294713
|switch|p2a: Kyogre|Kyogre|100/100
|-weather|RainDance|[from] ability: Drizzle|[of] p2a: Kyogre
|turn|8
|
|t:|1612294719
|move|p2a: Kyogre|Origin Pulse|p1a: Yveltal
|-damage|p1a: Yveltal|0 fnt
|faint|p1a: Yveltal
|
|-weather|RainDance|[upkeep]
|upkeep
|
|t:|1612294723
|switch|p1a: Eternatus|Eternatus|100/100
|-damage|p1a: Eternatus|88/100|[from] Stealth Rock
|-activate|p1a: Eternatus|move: Sticky Web
|-unboost|p1a: Eternatus|spe|1
|-ability|p1a: Eternatus|Pressure
|turn|9
|
|t:|1612294725
|move|p2a: Kyogre|Origin Pulse|p1a: Eternatus
|-resisted|p1a: Eternatus
|-damage|p1a: Eternatus|47/100
|move|p1a: Eternatus|Toxic|p2a: Kyogre
|-status|p2a: Kyogre|tox
|
|-weather|RainDance|[upkeep]
|-heal|p1a: Eternatus|54/100|[from] item: Black Sludge
|-damage|p2a: Kyogre|94/100 tox|[from] psn
|upkeep
|turn|10
|
|t:|1612294736
|switch|p2a: Shuckle|Shuckle, M|35/100
|move|p1a: Eternatus|Recover|p1a: Eternatus
|-heal|p1a: Eternatus|100/100
|
|-weather|RainDance|[upkeep]
|upkeep
|turn|11
|
|t:|1612294740
|switch|p1a: Ho-Oh|Ho-Oh|91/100
|-damage|p1a: Ho-Oh|41/100|[from] Stealth Rock
|move|p2a: Shuckle|Final Gambit|p1a: Ho-Oh
|-damage|p1a: Ho-Oh|21/100
|faint|p2a: Shuckle
|
|-weather|RainDance|[upkeep]
|upkeep
|
|t:|1612294744
|switch|p2a: Calyrex|Calyrex-Shadow|100/100
|-ability|p2a: Calyrex|As One
|-ability|p2a: Calyrex|Unnerve|p1: FearNeverDies
|turn|12
|
|t:|1612294754
|move|p2a: Calyrex|Astral Barrage|p1a: Ho-Oh
|-damage|p1a: Ho-Oh|0 fnt
|faint|p1a: Ho-Oh
|-ability|p2a: Calyrex|Grim Neigh|boost
|-boost|p2a: Calyrex|spa|1
|
|-weather|none
|upkeep
|
|t:|1612294757
|switch|p1a: Kyogre|Kyogre|100/100
|-damage|p1a: Kyogre|88/100|[from] Stealth Rock
|-activate|p1a: Kyogre|move: Sticky Web
|-unboost|p1a: Kyogre|spe|1
|-weather|RainDance|[from] ability: Drizzle|[of] p1a: Kyogre
|turn|13
|
|t:|1612294760
|move|p2a: Calyrex|Astral Barrage|p1a: Kyogre
|-damage|p1a: Kyogre|1/100
|move|p1a: Kyogre|Calm Mind|p1a: Kyogre
|-boost|p1a: Kyogre|spa|1
|-boost|p1a: Kyogre|spd|1
|
|-weather|RainDance|[upkeep]
|upkeep
|turn|14
|
|t:|1612294765
|move|p2a: Calyrex|Astral Barrage|p1a: Kyogre
|-damage|p1a: Kyogre|0 fnt
|faint|p1a: Kyogre
|-ability|p2a: Calyrex|Grim Neigh|boost
|-boost|p2a: Calyrex|spa|1
|
|-weather|RainDance|[upkeep]
|upkeep
|
|t:|1612294767
|switch|p1a: Calyrex|Calyrex-Shadow|100/100
|-ability|p1a: Calyrex|As One
|-ability|p1a: Calyrex|Unnerve|p2: Lacus Clyne
|-activate|p1a: Calyrex|move: Sticky Web
|-unboost|p1a: Calyrex|spe|1
|-damage|p1a: Calyrex|88/100|[from] Stealth Rock
|turn|15
|-message|FearNeverDies forfeited.
|
|win|Lacus Clyne
|c|☆Lacus Clyne|ggs
