|inactive|Battle timer is ON: inactive players will automatically lose when time's up.
|t:|1668717619
|gametype|singles
|player|p1|zf|backpacker|
|player|p2|Exiline|juggler|
|teamsize|p1|6
|teamsize|p2|6
|gen|8
|tier|[Gen 8] Ubers
|rule|Sleep Clause Mod: Limit one foe put to sleep
|rule|Species Clause: Limit one of each Pokémon
|rule|OHKO Clause: OHKO moves are banned
|rule|Evasion Items Clause: Evasion items are banned
|rule|Evasion Moves Clause: Evasion moves are banned
|rule|Endless Battle Clause: Forcing endless battles is banned
|rule|HP Percentage Mod: HP is shown in percentages
|rule|Dynamax Clause: You cannot dynamax
|clearpoke
|poke|p1|Eternatus|
|poke|p1|Yveltal|
|poke|p1|Ho-Oh|
|poke|p1|Necrozma-Dusk-Mane|
|poke|p1|Groudon|
|poke|p1|Lunala|
|poke|p2|Marshadow|
|poke|p2|Kyogre|
|poke|p2|Yveltal|
|poke|p2|Necrozma-Dusk-Mane|
|poke|p2|Eternatus|
|poke|p2|Landorus-Therian, M|
|teampreview
|c|☆Exiline|h_f
|c|☆zf|first game oat
|c|☆zf|take it easy champ
|c|☆zf|have the fun !
|
|t:|1668717644
|start
|switch|p1a: emotional shawty|Groudon|100/100
|switch|p2a: Kyogre|Kyogre|100/100
|-weather|RainDance|[from] ability: Drizzle|[of] p2a: Kyogre
|-weather|SunnyDay|[from] ability: Drought|[of] p1a: emotional shawty
|turn|1
|
|t:|1668717653
|switch|p1a: whore-oh|Ho-Oh|100/100
|move|p2a: Kyogre|Water Spout|p1a: whore-oh
|-supereffective|p1a: whore-oh
|-damage|p1a: whore-oh|0 fnt
|faint|p1a: whore-oh
|
|-weather|SunnyDay|[upkeep]
|upkeep
|
|t:|1668717660
|switch|p1a: ginseng strip 2002|Eternatus|100/100
|-ability|p1a: ginseng strip 2002|Pressure
|turn|2
|
|t:|1668717666
|switch|p2a: Eternatus|Eternatus|100/100
|-ability|p2a: Eternatus|Pressure
|move|p1a: ginseng strip 2002|Flamethrower|p2a: Eternatus
|-resisted|p2a: Eternatus
|-crit|p2a: Eternatus
|-damage|p2a: Eternatus|79/100
|
|-weather|SunnyDay|[upkeep]
|upkeep
|turn|3
|
|t:|1668717673
|switch|p2a: Necrozma|Necrozma-Dusk-Mane|100/100
|switch|p1a: necr-hoe-zma|Necrozma-Dusk-Mane|100/100
|
|-weather|SunnyDay|[upkeep]
|upkeep
|turn|4
|
|t:|1668717676
|switch|p2a: Landorus|Landorus-Therian, M|100/100
|-ability|p2a: Landorus|Intimidate|boost
|-unboost|p1a: necr-hoe-zma|atk|1
|move|p1a: necr-hoe-zma|Stealth Rock|p2a: Landorus
|-sidestart|p2: Exiline|move: Stealth Rock
|
|-weather|SunnyDay|[upkeep]
|upkeep
|turn|5
|
|t:|1668717682
|switch|p1a: zoey deschanel|Lunala|100/100
|move|p2a: Landorus|Defog|p1a: zoey deschanel
|-unboost|p1a: zoey deschanel|evasion|1
|-sideend|p2: Exiline|Stealth Rock|[from] move: Defog|[of] p2a: Landorus
|
|-weather|none
|upkeep
|turn|6
|
|t:|1668717689
|switch|p2a: Eternatus|Eternatus|79/100
|-ability|p2a: Eternatus|Pressure
|move|p1a: zoey deschanel|Ice Beam|p2a: Eternatus
|-supereffective|p2a: Eternatus
|-damage|p2a: Eternatus|47/100
|
|upkeep
|turn|7
|
|t:|1668717692
|move|p2a: Eternatus|Recover|p2a: Eternatus
|-heal|p2a: Eternatus|97/100
|move|p1a: zoey deschanel|Psyshock|p2a: Eternatus
|-supereffective|p2a: Eternatus
|-damage|p2a: Eternatus|42/100
|
|upkeep
|turn|8
|
|t:|1668717695
|switch|p2a: Yveltal|Yveltal|100/100
|-ability|p2a: Yveltal|Dark Aura
|move|p1a: zoey deschanel|Ice Beam|p2a: Yveltal
|-supereffective|p2a: Yveltal
|-damage|p2a: Yveltal|59/100
|
|upkeep
|turn|9
|
|t:|1668717703
|move|p2a: Yveltal|Roost|p2a: Yveltal
|-heal|p2a: Yveltal|100/100
|-singleturn|p2a: Yveltal|move: Roost
|move|p1a: zoey deschanel|Ice Beam|p2a: Yveltal
|-damage|p2a: Yveltal|81/100
|
|upkeep
|turn|10
|
|t:|1668717708
|switch|p2a: Necrozma|Necrozma-Dusk-Mane|100/100
|switch|p1a: ginseng strip 2002|Eternatus|100/100
|-ability|p1a: ginseng strip 2002|Pressure
|
|upkeep
|turn|11
|
|t:|1668717711
|switch|p1a: necr-hoe-zma|Necrozma-Dusk-Mane|100/100
|move|p2a: Necrozma|Knock Off|p1a: necr-hoe-zma
|-supereffective|p1a: necr-hoe-zma
|-damage|p1a: necr-hoe-zma|62/100
|-enditem|p1a: necr-hoe-zma|Leftovers|[from] move: Knock Off|[of] p2a: Necrozma
|
|upkeep
|turn|12
|
|t:|1668717716
|switch|p2a: Landorus|Landorus-Therian, M|100/100
|-ability|p2a: Landorus|Intimidate|boost
|-unboost|p1a: necr-hoe-zma|atk|1
|move|p1a: necr-hoe-zma|Stealth Rock|p2a: Landorus
|-sidestart|p2: Exiline|move: Stealth Rock
|
|upkeep
|turn|13
|
|t:|1668717722
|switch|p1a: zoey deschanel|Lunala|100/100
|move|p2a: Landorus|Defog|p1a: zoey deschanel
|-unboost|p1a: zoey deschanel|evasion|1
|-sideend|p2: Exiline|Stealth Rock|[from] move: Defog|[of] p2a: Landorus
|
|upkeep
|turn|14
|c|+steel's KITTY|i heard u like zoey deschanel zf
|
|t:|1668717731
|switch|p2a: Yveltal|Yveltal|81/100
|-ability|p2a: Yveltal|Dark Aura
|move|p1a: zoey deschanel|Psyshock|p2a: Yveltal
|-immune|p2a: Yveltal
|
|upkeep
|turn|15
|
|t:|1668717737
|switch|p1a: ginseng strip 2002|Eternatus|100/100
|-ability|p1a: ginseng strip 2002|Pressure
|move|p2a: Yveltal|U-turn|p1a: ginseng strip 2002
|-resisted|p1a: ginseng strip 2002
|-damage|p1a: ginseng strip 2002|93/100
|
|t:|1668717741
|switch|p2a: Necrozma|Necrozma-Dusk-Mane|100/100|[from]move: U-turn
|
|-heal|p1a: ginseng strip 2002|99/100|[from] item: Black Sludge
|upkeep
|turn|16
|
|t:|1668717752
|switch|p1a: emotional shawty|Groudon|100/100
|-weather|SunnyDay|[from] ability: Drought|[of] p1a: emotional shawty
|move|p2a: Necrozma|Knock Off|p1a: emotional shawty
|-damage|p1a: emotional shawty|86/100
|-enditem|p1a: emotional shawty|Leftovers|[from] move: Knock Off|[of] p2a: Necrozma
|
|-weather|SunnyDay|[upkeep]
|upkeep
|turn|17
|
|t:|1668717757
|switch|p2a: Landorus|Landorus-Therian, M|100/100
|-ability|p2a: Landorus|Intimidate|boost
|-unboost|p1a: emotional shawty|atk|1
|move|p1a: emotional shawty|Toxic|p2a: Landorus
|-status|p2a: Landorus|tox
|
|-weather|SunnyDay|[upkeep]
|-damage|p2a: Landorus|94/100 tox|[from] psn
|upkeep
|turn|18
|c|☆zf|noooo
|c|☆zf|not emotional shawty
|
|t:|1668717765
|move|p1a: emotional shawty|Protect|p1a: emotional shawty
|-singleturn|p1a: emotional shawty|Protect
|move|p2a: Landorus|Toxic|p1a: emotional shawty
|-activate|p1a: emotional shawty|move: Protect
|
|-weather|SunnyDay|[upkeep]
|-heal|p2a: Landorus|100/100 tox|[from] item: Leftovers
|-damage|p2a: Landorus|88/100 tox|[from] psn
|upkeep
|turn|19
|c|☆zf|heh...
|c|☆Exiline|hardswitch etern here 
|c|☆zf|i will
|
|t:|1668717785
|switch|p1a: arizonaicedteaboy|Yveltal|100/100
|-ability|p1a: arizonaicedteaboy|Dark Aura
|move|p2a: Landorus|Stealth Rock|p1a: arizonaicedteaboy
|-sidestart|p1: zf|move: Stealth Rock
|
|-weather|SunnyDay|[upkeep]
|-heal|p2a: Landorus|94/100 tox|[from] item: Leftovers
|-damage|p2a: Landorus|76/100 tox|[from] psn
|upkeep
|turn|20
|
|t:|1668717793
|switch|p2a: Yveltal|Yveltal|81/100
|-ability|p2a: Yveltal|Dark Aura
|move|p1a: arizonaicedteaboy|Defog|p2a: Yveltal
|-unboost|p2a: Yveltal|evasion|1
|-sideend|p1: zf|Stealth Rock|[from] move: Defog|[of] p1a: arizonaicedteaboy
|
|-weather|none
|upkeep
|turn|21
|c|+steel's KITTY|you lied
|
|t:|1668717796
|move|p2a: Yveltal|Toxic|p1a: arizonaicedteaboy
|-status|p1a: arizonaicedteaboy|tox
|move|p1a: arizonaicedteaboy|Toxic|p2a: Yveltal
|-status|p2a: Yveltal|tox
|
|-damage|p2a: Yveltal|75/100 tox|[from] psn
|-damage|p1a: arizonaicedteaboy|94/100 tox|[from] psn
|upkeep
|turn|22
|
|t:|1668717801
|switch|p2a: Eternatus|Eternatus|42/100
|-ability|p2a: Eternatus|Pressure
|switch|p1a: ginseng strip 2002|Eternatus|99/100
|-ability|p1a: ginseng strip 2002|Pressure
|
|-heal|p1a: ginseng strip 2002|100/100|[from] item: Black Sludge
|upkeep
|turn|23
|
|t:|1668717805
|switch|p2a: Necrozma|Necrozma-Dusk-Mane|100/100
|switch|p1a: necr-hoe-zma|Necrozma-Dusk-Mane|62/100
|
|upkeep
|turn|24
|
|t:|1668717809
|switch|p2a: Kyogre|Kyogre|100/100
|-weather|RainDance|[from] ability: Drizzle|[of] p2a: Kyogre
|move|p1a: necr-hoe-zma|Stealth Rock|p2a: Kyogre
|-sidestart|p2: Exiline|move: Stealth Rock
|
|-weather|RainDance|[upkeep]
|upkeep
|turn|25
|
|t:|1668717816
|switch|p1a: ginseng strip 2002|Eternatus|100/100
|-ability|p1a: ginseng strip 2002|Pressure
|move|p2a: Kyogre|Water Spout|p1a: ginseng strip 2002
|-resisted|p1a: ginseng strip 2002
|-damage|p1a: ginseng strip 2002|32/100
|
|-weather|RainDance|[upkeep]
|-heal|p1a: ginseng strip 2002|39/100|[from] item: Black Sludge
|upkeep
|turn|26
|
|t:|1668717825
|switch|p2a: Necrozma|Necrozma-Dusk-Mane|100/100
|-damage|p2a: Necrozma|94/100|[from] Stealth Rock
|move|p1a: ginseng strip 2002|Recover|p1a: ginseng strip 2002
|-heal|p1a: ginseng strip 2002|89/100
|
|-weather|RainDance|[upkeep]
|-heal|p1a: ginseng strip 2002|95/100|[from] item: Black Sludge
|-heal|p2a: Necrozma|100/100|[from] item: Leftovers
|upkeep
|turn|27
|
|t:|1668717834
|switch|p1a: emotional shawty|Groudon|86/100
|-weather|SunnyDay|[from] ability: Drought|[of] p1a: emotional shawty
|move|p2a: Necrozma|Dragon Dance|p2a: Necrozma
|-boost|p2a: Necrozma|atk|1
|-boost|p2a: Necrozma|spe|1
|
|-weather|SunnyDay|[upkeep]
|upkeep
|turn|28
|
|t:|1668717838
|move|p2a: Necrozma|Sunsteel Strike|p1a: emotional shawty
|-damage|p1a: emotional shawty|51/100
|move|p1a: emotional shawty|Precipice Blades|p2a: Necrozma
|-supereffective|p2a: Necrozma
|-damage|p2a: Necrozma|43/100
|
|-weather|SunnyDay|[upkeep]
|-heal|p2a: Necrozma|49/100|[from] item: Leftovers
|upkeep
|turn|29
|
|t:|1668717848
|move|p2a: Necrozma|Moonlight|p2a: Necrozma
|-heal|p2a: Necrozma|100/100
|move|p1a: emotional shawty|Swords Dance|p1a: emotional shawty
|-boost|p1a: emotional shawty|atk|2
|
|-weather|SunnyDay|[upkeep]
|upkeep
|turn|30
|
|t:|1668717857
|switch|p2a: Landorus|Landorus-Therian, M|76/100 tox
|-damage|p2a: Landorus|64/100 tox|[from] Stealth Rock
|-ability|p2a: Landorus|Intimidate|boost
|-unboost|p1a: emotional shawty|atk|1
|move|p1a: emotional shawty|Precipice Blades|p2a: Landorus
|-immune|p2a: Landorus
|
|-weather|SunnyDay|[upkeep]
|-heal|p2a: Landorus|70/100 tox|[from] item: Leftovers
|-damage|p2a: Landorus|64/100 tox|[from] psn
|upkeep
|turn|31
|
|t:|1668717871
|switch|p1a: arizonaicedteaboy|Yveltal|94/100 tox
|-ability|p1a: arizonaicedteaboy|Dark Aura
|move|p2a: Landorus|Earthquake|p1a: arizonaicedteaboy
|-immune|p1a: arizonaicedteaboy
|
|-weather|none
|-heal|p2a: Landorus|70/100 tox|[from] item: Leftovers
|-damage|p1a: arizonaicedteaboy|88/100 tox|[from] psn
|-damage|p2a: Landorus|58/100 tox|[from] psn
|upkeep
|turn|32
|
|t:|1668717879
|switch|p1a: zoey deschanel|Lunala|100/100
|move|p2a: Landorus|Defog|p1a: zoey deschanel
|-unboost|p1a: zoey deschanel|evasion|1
|-sideend|p2: Exiline|Stealth Rock|[from] move: Defog|[of] p2a: Landorus
|
|-heal|p2a: Landorus|64/100 tox|[from] item: Leftovers
|-damage|p2a: Landorus|46/100 tox|[from] psn
|upkeep
|turn|33
|
|t:|1668717884
|switch|p2a: Yveltal|Yveltal|75/100 tox
|-ability|p2a: Yveltal|Dark Aura
|move|p1a: zoey deschanel|Ice Beam|p2a: Yveltal
|-supereffective|p2a: Yveltal
|-damage|p2a: Yveltal|33/100 tox
|
|-damage|p2a: Yveltal|27/100 tox|[from] psn
|upkeep
|turn|34
|
|t:|1668717892
|switch|p1a: ginseng strip 2002|Eternatus|95/100
|-ability|p1a: ginseng strip 2002|Pressure
|move|p2a: Yveltal|U-turn|p1a: ginseng strip 2002
|-resisted|p1a: ginseng strip 2002
|-damage|p1a: ginseng strip 2002|88/100
|
|t:|1668717895
|switch|p2a: Necrozma|Necrozma-Dusk-Mane|100/100|[from]move: U-turn
|
|-heal|p1a: ginseng strip 2002|94/100|[from] item: Black Sludge
|upkeep
|turn|35
|
|t:|1668717903
|switch|p1a: arizonaicedteaboy|Yveltal|88/100 tox
|-ability|p1a: arizonaicedteaboy|Dark Aura
|move|p2a: Necrozma|Dragon Dance|p2a: Necrozma
|-boost|p2a: Necrozma|atk|1
|-boost|p2a: Necrozma|spe|1
|
|-damage|p1a: arizonaicedteaboy|82/100 tox|[from] psn
|upkeep
|turn|36
|
|t:|1668717906
|switch|p2a: Eternatus|Eternatus|42/100
|-ability|p2a: Eternatus|Pressure
|move|p1a: arizonaicedteaboy|Foul Play|p2a: Eternatus
|-damage|p2a: Eternatus|21/100
|-damage|p1a: arizonaicedteaboy|66/100 tox|[from] item: Rocky Helmet|[of] p2a: Eternatus
|
|-damage|p1a: arizonaicedteaboy|53/100 tox|[from] psn
|upkeep
|turn|37
|
|t:|1668717911
|move|p2a: Eternatus|Recover|p2a: Eternatus
|-heal|p2a: Eternatus|71/100
|move|p1a: arizonaicedteaboy|Roost|p1a: arizonaicedteaboy
|-heal|p1a: arizonaicedteaboy|100/100 tox
|-singleturn|p1a: arizonaicedteaboy|move: Roost
|
|-damage|p1a: arizonaicedteaboy|82/100 tox|[from] psn
|upkeep
|turn|38
|
|t:|1668717917
|switch|p1a: necr-hoe-zma|Necrozma-Dusk-Mane|62/100
|move|p2a: Eternatus|Flamethrower|p1a: necr-hoe-zma
|-supereffective|p1a: necr-hoe-zma
|-damage|p1a: necr-hoe-zma|35/100
|-status|p1a: necr-hoe-zma|brn
|
|-damage|p1a: necr-hoe-zma|29/100 brn|[from] brn
|upkeep
|turn|39
|
|t:|1668717925
|switch|p2a: Kyogre|Kyogre|100/100
|-weather|RainDance|[from] ability: Drizzle|[of] p2a: Kyogre
|move|p1a: necr-hoe-zma|Moonlight|p1a: necr-hoe-zma
|-heal|p1a: necr-hoe-zma|54/100 brn
|
|-weather|RainDance|[upkeep]
|-damage|p1a: necr-hoe-zma|48/100 brn|[from] brn
|upkeep
|turn|40
|c|☆zf|,
|
|t:|1668717930
|switch|p1a: ginseng strip 2002|Eternatus|94/100
|-ability|p1a: ginseng strip 2002|Pressure
|move|p2a: Kyogre|Water Spout|p1a: ginseng strip 2002
|-resisted|p1a: ginseng strip 2002
|-damage|p1a: ginseng strip 2002|24/100
|
|-weather|RainDance|[upkeep]
|-heal|p1a: ginseng strip 2002|30/100|[from] item: Black Sludge
|upkeep
|turn|41
|
|t:|1668717935
|switch|p2a: Necrozma|Necrozma-Dusk-Mane|100/100
|move|p1a: ginseng strip 2002|Recover|p1a: ginseng strip 2002
|-heal|p1a: ginseng strip 2002|80/100
|
|-weather|RainDance|[upkeep]
|-heal|p1a: ginseng strip 2002|86/100|[from] item: Black Sludge
|upkeep
|turn|42
|
|t:|1668717942
|switch|p1a: arizonaicedteaboy|Yveltal|82/100 tox
|-ability|p1a: arizonaicedteaboy|Dark Aura
|move|p2a: Necrozma|Dragon Dance|p2a: Necrozma
|-boost|p2a: Necrozma|atk|1
|-boost|p2a: Necrozma|spe|1
|
|-weather|RainDance|[upkeep]
|-damage|p1a: arizonaicedteaboy|76/100 tox|[from] psn
|upkeep
|turn|43
|
|t:|1668717949
|switch|p2a: Eternatus|Eternatus|71/100
|-ability|p2a: Eternatus|Pressure
|move|p1a: arizonaicedteaboy|Foul Play|p2a: Eternatus
|-damage|p2a: Eternatus|50/100
|-damage|p1a: arizonaicedteaboy|59/100 tox|[from] item: Rocky Helmet|[of] p2a: Eternatus
|
|-weather|none
|-damage|p1a: arizonaicedteaboy|47/100 tox|[from] psn
|upkeep
|turn|44
|
|t:|1668717953
|move|p2a: Eternatus|Draco Meteor|p1a: arizonaicedteaboy
|-damage|p1a: arizonaicedteaboy|0 fnt
|-unboost|p2a: Eternatus|spa|2
|faint|p1a: arizonaicedteaboy
|
|upkeep
|c|☆zf|!
|c|☆zf|he learn ?
|
|t:|1668717962
|switch|p1a: necr-hoe-zma|Necrozma-Dusk-Mane|48/100 brn
|turn|45
|
|t:|1668717966
|switch|p2a: Kyogre|Kyogre|100/100
|-weather|RainDance|[from] ability: Drizzle|[of] p2a: Kyogre
|move|p1a: necr-hoe-zma|Stealth Rock|p2a: Kyogre
|-sidestart|p2: Exiline|move: Stealth Rock
|
|-weather|RainDance|[upkeep]
|-damage|p1a: necr-hoe-zma|42/100 brn|[from] brn
|upkeep
|turn|46
|
|t:|1668717971
|move|p2a: Kyogre|Water Spout|p1a: necr-hoe-zma
|-damage|p1a: necr-hoe-zma|0 fnt
|faint|p1a: necr-hoe-zma
|
|-weather|RainDance|[upkeep]
|upkeep
|
|t:|1668717975
|switch|p1a: ginseng strip 2002|Eternatus|86/100
|-ability|p1a: ginseng strip 2002|Pressure
|turn|47
|
|t:|1668717978
|move|p2a: Kyogre|Water Spout|p1a: ginseng strip 2002
|-resisted|p1a: ginseng strip 2002
|-crit|p1a: ginseng strip 2002
|-damage|p1a: ginseng strip 2002|0 fnt
|faint|p1a: ginseng strip 2002
|
|-weather|RainDance|[upkeep]
|upkeep
|
|t:|1668717983
|switch|p1a: emotional shawty|Groudon|51/100
|-weather|SunnyDay|[from] ability: Drought|[of] p1a: emotional shawty
|turn|48
|c|☆Exiline|lol
|
|t:|1668717989
|switch|p2a: Landorus|Landorus-Therian, M|46/100 tox
|-damage|p2a: Landorus|34/100 tox|[from] Stealth Rock
|-ability|p2a: Landorus|Intimidate|boost
|-unboost|p1a: emotional shawty|atk|1
|switch|p1a: zoey deschanel|Lunala|100/100
|
|-weather|SunnyDay|[upkeep]
|-heal|p2a: Landorus|40/100 tox|[from] item: Leftovers
|-damage|p2a: Landorus|34/100 tox|[from] psn
|upkeep
|turn|49
|
|t:|1668717992
|move|p1a: zoey deschanel|Ice Beam|p2a: Landorus
|-supereffective|p2a: Landorus
|-damage|p2a: Landorus|0 fnt
|faint|p2a: Landorus
|
|-weather|SunnyDay|[upkeep]
|upkeep
|
|t:|1668718003
|switch|p2a: Yveltal|Yveltal|27/100 tox
|-damage|p2a: Yveltal|3/100 tox|[from] Stealth Rock
|-ability|p2a: Yveltal|Dark Aura
|turn|50
|
|t:|1668718008
|switch|p1a: emotional shawty|Groudon|51/100
|move|p2a: Yveltal|Foul Play|p1a: emotional shawty
|-damage|p1a: emotional shawty|21/100
|
|-weather|SunnyDay|[upkeep]
|-damage|p2a: Yveltal|0 fnt|[from] psn
|faint|p2a: Yveltal
|upkeep
|
|t:|1668718011
|switch|p2a: Marshadow|Marshadow|100/100
|-damage|p2a: Marshadow|95/100|[from] Stealth Rock
|turn|51
|
|t:|1668718015
|move|p1a: emotional shawty|Protect|p1a: emotional shawty
|-singleturn|p1a: emotional shawty|Protect
|move|p2a: Marshadow|Spectral Thief|p1a: emotional shawty
|-activate|p1a: emotional shawty|move: Protect
|
|-weather|SunnyDay|[upkeep]
|upkeep
|turn|52
|
|t:|1668718018
|move|p2a: Marshadow|Spectral Thief|p1a: emotional shawty
|-damage|p1a: emotional shawty|0 fnt
|faint|p1a: emotional shawty
|-damage|p2a: Marshadow|85/100|[from] item: Life Orb
|
|-weather|none
|upkeep
|
|t:|1668718022
|switch|p1a: zoey deschanel|Lunala|100/100
|turn|53
|
|t:|1668718024
|move|p2a: Marshadow|Spectral Thief|p1a: zoey deschanel
|-supereffective|p1a: zoey deschanel
|-damage|p1a: zoey deschanel|6/100
|-damage|p2a: Marshadow|75/100|[from] item: Life Orb
|move|p1a: zoey deschanel|Psyshock|p2a: Marshadow
|-supereffective|p2a: Marshadow
|-damage|p2a: Marshadow|0 fnt
|faint|p2a: Marshadow
|
|upkeep
|
|t:|1668718027
|switch|p2a: Eternatus|Eternatus|50/100
|-damage|p2a: Eternatus|37/100|[from] Stealth Rock
|-ability|p2a: Eternatus|Pressure
|turn|54
|c|☆Exiline|g_g
|
|t:|1668718035
|move|p2a: Eternatus|Flamethrower|p1a: zoey deschanel
|-damage|p1a: zoey deschanel|0 fnt
|faint|p1a: zoey deschanel
|
|win|Exiline
