|inactive|Battle timer is ON: inactive players will automatically lose when time's up.
|t:|1663725382
|gametype|singles
|player|p1|skoma|#ompl2021spindawheels|
|player|p2|Aberforth|#aberforth|
|teamsize|p1|6
|teamsize|p2|6
|gen|8
|tier|[Gen 8] Ubers
|rule|Sleep Clause Mod: Limit one foe put to sleep
|rule|Species Clause: Limit one of each Pokémon
|rule|OHKO Clause: OHKO moves are banned
|rule|Evasion Items Clause: Evasion items are banned
|rule|Evasion Moves Clause: Evasion moves are banned
|rule|Endless Battle Clause: Forcing endless battles is banned
|rule|HP Percentage Mod: HP is shown in percentages
|rule|Dynamax Clause: You cannot dynamax
|clearpoke
|poke|p1|Calyrex-Ice|
|poke|p1|Necrozma-Dusk-Mane|
|poke|p1|Weavile, F|
|poke|p1|Groudon|
|poke|p1|Marshadow|
|poke|p1|Yveltal|
|poke|p2|Slurpuff, M|
|poke|p2|Weavile, M|
|poke|p2|Zekrom|
|poke|p2|Yveltal|
|poke|p2|Calyrex-Shadow|
|poke|p2|Necrozma-Dusk-Mane|
|teampreview
|c|☆skoma|gg
|
|t:|1663725402
|start
|switch|p1a: Weavile|Weavile, F|100/100
|switch|p2a: Slurpuff|Slurpuff, M|100/100
|-ability|p1a: Weavile|Pressure
|turn|1
|c|+xavgb|gg
|inactive|Aberforth has 270 seconds left.
|c|☆skoma|u didnr accept my
|c|☆skoma|mnm chall
|inactive|Aberforth has 240 seconds left.
|inactive|Aberforth has 210 seconds left.
|inactive|Aberforth has 180 seconds left.
|
|t:|1663725533
|move|p1a: Weavile|Taunt|p2a: Slurpuff
|-start|p2a: Slurpuff|move: Taunt
|cant|p2a: Slurpuff|move: Taunt|Sticky Web
|
|upkeep
|turn|2
|inactive|skoma has 270 seconds left.
|
|t:|1663725566
|switch|p1a: Necrozma|Necrozma-Dusk-Mane|100/100
|move|p2a: Slurpuff|Misty Explosion|p1a: Necrozma
|-resisted|p1a: Necrozma
|-damage|p1a: Necrozma|89/100
|faint|p2a: Slurpuff
|
|-heal|p1a: Necrozma|95/100|[from] item: Leftovers
|upkeep
|inactive|Aberforth has 150 seconds left.
|
|t:|1663725590
|switch|p2a: Zekrom|Zekrom|100/100
|-ability|p2a: Zekrom|Teravolt
|turn|3
|inactive|skoma has 270 seconds left.
|
|t:|1663725611
|switch|p2a: Weavile|Weavile, M|100/100
|-ability|p2a: Weavile|Pressure
|switch|p1a: Groudon|Groudon|100/100
|-weather|SunnyDay|[from] ability: Drought|[of] p1a: Groudon
|
|-weather|SunnyDay|[upkeep]
|upkeep
|turn|4
|inactive|skoma has 270 seconds left.
|
|t:|1663725640
|move|p2a: Weavile|Swords Dance|p2a: Weavile
|-boost|p2a: Weavile|atk|2
|move|p1a: Groudon|Precipice Blades|p2a: Weavile
|-enditem|p2a: Weavile|Focus Sash
|-damage|p2a: Weavile|1/100
|
|-weather|SunnyDay|[upkeep]
|upkeep
|turn|5
|
|t:|1663725656
|switch|p1a: Necrozma|Necrozma-Dusk-Mane|95/100
|move|p2a: Weavile|Triple Axel|p1a: Necrozma
|-resisted|p1a: Necrozma
|-damage|p1a: Necrozma|88/100
|-resisted|p1a: Necrozma
|-damage|p1a: Necrozma|72/100
|-resisted|p1a: Necrozma
|-damage|p1a: Necrozma|48/100
|-hitcount|p1a: Necrozma|3
|
|-weather|SunnyDay|[upkeep]
|-heal|p1a: Necrozma|54/100|[from] item: Leftovers
|upkeep
|turn|6
|
|t:|1663725668
|move|p2a: Weavile|Knock Off|p1a: Necrozma
|-supereffective|p1a: Necrozma
|-damage|p1a: Necrozma|0 fnt
|-enditem|p1a: Necrozma|Leftovers|[from] move: Knock Off|[of] p2a: Weavile
|faint|p1a: Necrozma
|
|-weather|SunnyDay|[upkeep]
|upkeep
|
|t:|1663725670
|switch|p1a: Marshadow|Marshadow|100/100
|turn|7
|
|t:|1663725675
|move|p1a: Marshadow|Shadow Sneak|p2a: Weavile
|-resisted|p2a: Weavile
|-damage|p2a: Weavile|0 fnt
|faint|p2a: Weavile
|
|-weather|none
|upkeep
|
|t:|1663725679
|switch|p2a: Yveltal|Yveltal|100/100
|-ability|p2a: Yveltal|Dark Aura
|turn|8
|inactive|Aberforth has 180 seconds left.
|
|t:|1663725700
|switch|p1a: Weavile|Weavile, F|100/100
|-ability|p1a: Weavile|Pressure
|move|p2a: Yveltal|Knock Off|p1a: Weavile
|-resisted|p1a: Weavile
|-damage|p1a: Weavile|46/100
|-enditem|p1a: Weavile|Focus Sash|[from] move: Knock Off|[of] p2a: Yveltal
|
|upkeep
|turn|9
|
|t:|1663725709
|move|p1a: Weavile|Triple Axel|p2a: Yveltal
|-supereffective|p2a: Yveltal
|-damage|p2a: Yveltal|83/100
|-supereffective|p2a: Yveltal
|-damage|p2a: Yveltal|47/100
|-hitcount|p2a: Yveltal|2
|move|p2a: Yveltal|Acrobatics|p1a: Weavile
|-damage|p1a: Weavile|0 fnt
|faint|p1a: Weavile
|
|upkeep
|
|t:|1663725723
|switch|p1a: Marshadow|Marshadow|100/100
|turn|10
|inactive|Aberforth has 180 seconds left.
|
|t:|1663725758
|move|p1a: Marshadow|Close Combat|p2a: Yveltal
|-damage|p2a: Yveltal|0 fnt
|-unboost|p1a: Marshadow|def|1
|-unboost|p1a: Marshadow|spd|1
|faint|p2a: Yveltal
|
|upkeep
|
|t:|1663725762
|switch|p2a: Calyrex|Calyrex-Shadow|100/100
|-ability|p2a: Calyrex|As One
|-ability|p2a: Calyrex|Unnerve
|turn|11
|
|t:|1663725770
|switch|p2a: Zekrom|Zekrom|100/100
|-ability|p2a: Zekrom|Teravolt
|switch|p1a: Yveltal|Yveltal|100/100
|-ability|p1a: Yveltal|Dark Aura
|
|upkeep
|turn|12
|
|t:|1663725773
|switch|p1a: Groudon|Groudon|100/100
|-weather|SunnyDay|[from] ability: Drought|[of] p1a: Groudon
|move|p2a: Zekrom|Bolt Strike|p1a: Groudon
|-immune|p1a: Groudon
|
|-weather|SunnyDay|[upkeep]
|upkeep
|turn|13
|
|t:|1663725777
|move|p2a: Zekrom|Dragon Dance|p2a: Zekrom
|-boost|p2a: Zekrom|atk|1
|-boost|p2a: Zekrom|spe|1
|move|p1a: Groudon|Rock Polish|p1a: Groudon
|-boost|p1a: Groudon|spe|2
|
|-weather|SunnyDay|[upkeep]
|upkeep
|turn|14
|inactive|Aberforth has 180 seconds left.
|inactive|Aberforth has 150 seconds left.
|
|t:|1663725835
|move|p1a: Groudon|Precipice Blades|p2a: Zekrom
|-supereffective|p2a: Zekrom
|-damage|p2a: Zekrom|0 fnt
|faint|p2a: Zekrom
|
|-weather|SunnyDay|[upkeep]
|upkeep
|
|t:|1663725839
|switch|p2a: Calyrex|Calyrex-Shadow|100/100
|-ability|p2a: Calyrex|As One
|-ability|p2a: Calyrex|Unnerve
|turn|15
|inactive|skoma has 270 seconds left.
|inactive|skoma has 240 seconds left.
|c|☆skoma|soz back
|
|t:|1663725927
|move|p1a: Groudon|Precipice Blades|p2a: Calyrex
|-crit|p2a: Calyrex
|-enditem|p2a: Calyrex|Focus Sash
|-damage|p2a: Calyrex|1/100
|move|p2a: Calyrex|Astral Barrage|p1a: Groudon
|-damage|p1a: Groudon|31/100
|
|-weather|SunnyDay|[upkeep]
|-heal|p1a: Groudon|37/100|[from] item: Leftovers
|upkeep
|turn|16
|
|t:|1663725935
|move|p1a: Groudon|Swords Dance|p1a: Groudon
|-boost|p1a: Groudon|atk|2
|move|p2a: Calyrex|Astral Barrage|p1a: Groudon
|-damage|p1a: Groudon|0 fnt
|faint|p1a: Groudon
|-ability|p2a: Calyrex|Grim Neigh|boost
|-boost|p2a: Calyrex|spa|1
|
|-weather|none
|upkeep
|
|t:|1663725937
|switch|p1a: Yveltal|Yveltal|100/100
|-ability|p1a: Yveltal|Dark Aura
|turn|17
|
|t:|1663725941
|move|p2a: Calyrex|Draining Kiss|p1a: Yveltal
|-supereffective|p1a: Yveltal
|-damage|p1a: Yveltal|64/100
|-heal|p2a: Calyrex|37/100|[from] drain|[of] p1a: Yveltal
|move|p1a: Yveltal|Knock Off|p2a: Calyrex
|-supereffective|p2a: Calyrex
|-damage|p2a: Calyrex|0 fnt
|faint|p2a: Calyrex
|
|upkeep
|
|t:|1663725943
|switch|p2a: Necrozma|Necrozma-Dusk-Mane|100/100
|turn|18
|
|t:|1663725947
|move|p2a: Necrozma|Dragon Dance|p2a: Necrozma
|-boost|p2a: Necrozma|atk|1
|-boost|p2a: Necrozma|spe|1
|move|p1a: Yveltal|Knock Off|p2a: Necrozma
|-supereffective|p2a: Necrozma
|-damage|p2a: Necrozma|32/100
|-enditem|p2a: Necrozma|Life Orb|[from] move: Knock Off|[of] p1a: Yveltal
|
|upkeep
|turn|19
|inactive|Aberforth has 210 seconds left.
|c|☆Aberforth|gg
|c|☆skoma|ops iwas slower
|
|t:|1663725956
|move|p1a: Yveltal|Sucker Punch|p2a: Necrozma
|-supereffective|p2a: Necrozma
|-damage|p2a: Necrozma|0 fnt
|faint|p2a: Necrozma
|
|win|skoma
