|inactive|Battle timer is ON: inactive players will automatically lose when time's up.
|t:|1665598405
|gametype|singles
|player|p1|ox04|red-gen7|
|player|p2|starmaster|#bwpliicrustlepalace|
|teamsize|p1|6
|teamsize|p2|6
|gen|8
|tier|[Gen 8] Ubers
|rule|Sleep Clause Mod: Limit one foe put to sleep
|rule|Species Clause: Limit one of each Pokémon
|rule|OHKO Clause: OHKO moves are banned
|rule|Evasion Items Clause: Evasion items are banned
|rule|Evasion Moves Clause: Evasion moves are banned
|rule|Endless Battle Clause: Forcing endless battles is banned
|rule|HP Percentage Mod: HP is shown in percentages
|rule|Dynamax Clause: You cannot dynamax
|clearpoke
|poke|p1|Marshadow|
|poke|p1|Yveltal|
|poke|p1|Reshiram|
|poke|p1|Ho-Oh|
|poke|p1|Groudon|
|poke|p1|Palkia|
|poke|p2|Eternatus|
|poke|p2|Zygarde|
|poke|p2|Xerneas-*|
|poke|p2|Yveltal|
|poke|p2|Calyrex-Shadow|
|poke|p2|Necrozma-Dusk-Mane|
|teampreview
|c|☆starmaster|hf
|c|☆ox04|u2
|inactive|ox04 has 270 seconds left.
|inactive|starmaster has 270 seconds left.
|inactive|ox04 has 240 seconds left.
|inactive|starmaster has 240 seconds left.
|
|t:|1665598481
|start
|switch|p1a: Ho-Oh|Ho-Oh|100/100
|switch|p2a: Yveltal|Yveltal|100/100
|-ability|p2a: Yveltal|Dark Aura
|turn|1
|
|t:|1665598494
|move|p2a: Yveltal|Knock Off|p1a: Ho-Oh
|-damage|p1a: Ho-Oh|51/100
|-enditem|p1a: Ho-Oh|Heavy-Duty Boots|[from] move: Knock Off|[of] p2a: Yveltal
|move|p1a: Ho-Oh|Sacred Fire|p2a: Yveltal
|-damage|p2a: Yveltal|60/100
|-status|p2a: Yveltal|brn
|
|-damage|p2a: Yveltal|54/100 brn|[from] brn
|upkeep
|turn|2
|
|t:|1665598501
|switch|p1a: Groudon|Groudon|100/100
|-weather|SunnyDay|[from] ability: Drought|[of] p1a: Groudon
|move|p2a: Yveltal|Roost|p2a: Yveltal
|-heal|p2a: Yveltal|100/100 brn
|-singleturn|p2a: Yveltal|move: Roost
|
|-weather|SunnyDay|[upkeep]
|-damage|p2a: Yveltal|94/100 brn|[from] brn
|upkeep
|turn|3
|
|t:|1665598506
|move|p2a: Yveltal|Knock Off|p1a: Groudon
|-damage|p1a: Groudon|84/100
|-enditem|p1a: Groudon|Heat Rock|[from] move: Knock Off|[of] p2a: Yveltal
|move|p1a: Groudon|Stone Edge|p2a: Yveltal
|-supereffective|p2a: Yveltal
|-damage|p2a: Yveltal|31/100 brn
|
|-weather|SunnyDay|[upkeep]
|-damage|p2a: Yveltal|25/100 brn|[from] brn
|upkeep
|turn|4
|
|t:|1665598509
|switch|p1a: Reshiram|Reshiram|100/100
|-ability|p1a: Reshiram|Turboblaze
|move|p2a: Yveltal|Roost|p2a: Yveltal
|-heal|p2a: Yveltal|75/100 brn
|-singleturn|p2a: Yveltal|move: Roost
|
|-weather|SunnyDay|[upkeep]
|-damage|p2a: Yveltal|69/100 brn|[from] brn
|upkeep
|turn|5
|
|t:|1665598515
|switch|p2a: Eternatus|Eternatus|100/100
|-ability|p2a: Eternatus|Pressure
|move|p1a: Reshiram|Draco Meteor|p2a: Eternatus
|-supereffective|p2a: Eternatus
|-enditem|p2a: Eternatus|Haban Berry|[eat]
|-enditem|p2a: Eternatus|Haban Berry|[weaken]
|-damage|p2a: Eternatus|45/100
|-unboost|p1a: Reshiram|spa|2
|-damage|p1a: Reshiram|91/100|[from] item: Life Orb
|
|-weather|SunnyDay|[upkeep]
|upkeep
|turn|6
|c|☆ox04|that's a counter team yo
|
|t:|1665598528
|switch|p1a: Ho-Oh|Ho-Oh|84/100
|move|p2a: Eternatus|Recover|p2a: Eternatus
|-heal|p2a: Eternatus|95/100
|
|-weather|SunnyDay|[upkeep]
|upkeep
|turn|7
|
|t:|1665598534
|switch|p2a: Zygarde|Zygarde|100/100
|move|p1a: Ho-Oh|Sacred Fire|p2a: Zygarde
|-resisted|p2a: Zygarde
|-damage|p2a: Zygarde|70/100
|-status|p2a: Zygarde|brn
|
|-weather|SunnyDay|[upkeep]
|-heal|p2a: Zygarde|76/100 brn|[from] item: Leftovers
|-damage|p2a: Zygarde|70/100 brn|[from] brn
|upkeep
|turn|8
|
|t:|1665598539
|switch|p1a: Palkia|Palkia|100/100
|-ability|p1a: Palkia|Pressure
|move|p2a: Zygarde|Glare|p1a: Palkia
|-status|p1a: Palkia|par
|
|-weather|SunnyDay|[upkeep]
|-heal|p2a: Zygarde|76/100 brn|[from] item: Leftovers
|-damage|p2a: Zygarde|70/100 brn|[from] brn
|upkeep
|turn|9
|
|t:|1665598544
|switch|p2a: Necrozma|Necrozma-Dusk-Mane|100/100
|move|p1a: Palkia|Fire Blast|p2a: Necrozma
|-supereffective|p2a: Necrozma
|-damage|p2a: Necrozma|41/100
|
|-weather|none
|-heal|p2a: Necrozma|47/100|[from] item: Leftovers
|upkeep
|turn|10
|
|t:|1665598551
|switch|p1a: Reshiram|Reshiram|91/100
|-ability|p1a: Reshiram|Turboblaze
|move|p2a: Necrozma|Stealth Rock|p1a: Reshiram
|-sidestart|p1: ox04|move: Stealth Rock
|
|-heal|p2a: Necrozma|53/100|[from] item: Leftovers
|upkeep
|turn|11
|inactive|starmaster has 270 seconds left.
|
|t:|1665598598
|switch|p2a: Yveltal|Yveltal|69/100 brn
|-ability|p2a: Yveltal|Dark Aura
|move|p1a: Reshiram|Blue Flare|p2a: Yveltal
|-damage|p2a: Yveltal|15/100 brn
|-damage|p1a: Reshiram|81/100|[from] item: Life Orb
|
|-damage|p2a: Yveltal|8/100 brn|[from] brn
|upkeep
|turn|12
|
|t:|1665598608
|switch|p1a: Ho-Oh|Ho-Oh|100/100
|-damage|p1a: Ho-Oh|51/100|[from] Stealth Rock
|move|p2a: Yveltal|Sucker Punch||[still]
|-fail|p2a: Yveltal
|
|-damage|p2a: Yveltal|2/100 brn|[from] brn
|upkeep
|turn|13
|
|t:|1665598616
|move|p2a: Yveltal|Roost|p2a: Yveltal
|-heal|p2a: Yveltal|52/100 brn
|-singleturn|p2a: Yveltal|move: Roost
|move|p1a: Ho-Oh|Defog|p2a: Yveltal
|-unboost|p2a: Yveltal|evasion|1
|-sideend|p1: ox04|Stealth Rock|[from] move: Defog|[of] p1a: Ho-Oh
|
|-damage|p2a: Yveltal|46/100 brn|[from] brn
|upkeep
|turn|14
|inactive|starmaster has 270 seconds left.
|
|t:|1665598621
|move|p2a: Yveltal|Roost|p2a: Yveltal
|-heal|p2a: Yveltal|96/100 brn
|-singleturn|p2a: Yveltal|move: Roost
|move|p1a: Ho-Oh|Brave Bird|p2a: Yveltal
|-damage|p2a: Yveltal|46/100 brn
|-damage|p1a: Ho-Oh|32/100|[from] Recoil
|
|-damage|p2a: Yveltal|40/100 brn|[from] brn
|upkeep
|turn|15
|
|t:|1665598633
|switch|p1a: Groudon|Groudon|84/100
|-weather|SunnyDay|[from] ability: Drought|[of] p1a: Groudon
|move|p2a: Yveltal|Roost|p2a: Yveltal
|-heal|p2a: Yveltal|90/100 brn
|-singleturn|p2a: Yveltal|move: Roost
|
|-weather|SunnyDay|[upkeep]
|-damage|p2a: Yveltal|84/100 brn|[from] brn
|upkeep
|turn|16
|
|t:|1665598637
|switch|p2a: Xerneas|Xerneas|100/100
|-ability|p2a: Xerneas|Fairy Aura
|-item|p2a: Xerneas|Air Balloon
|switch|p1a: Reshiram|Reshiram|81/100
|-ability|p1a: Reshiram|Turboblaze
|
|-weather|SunnyDay|[upkeep]
|upkeep
|turn|17
|
|t:|1665598642
|switch|p2a: Eternatus|Eternatus|95/100
|-ability|p2a: Eternatus|Pressure
|move|p1a: Reshiram|Blue Flare|p2a: Eternatus
|-resisted|p2a: Eternatus
|-damage|p2a: Eternatus|52/100
|-status|p2a: Eternatus|brn
|-damage|p1a: Reshiram|71/100|[from] item: Life Orb
|
|-weather|SunnyDay|[upkeep]
|-damage|p2a: Eternatus|46/100 brn|[from] brn
|upkeep
|turn|18
|
|t:|1665598648
|switch|p1a: Ho-Oh|Ho-Oh|66/100
|move|p2a: Eternatus|Dynamax Cannon|p1a: Ho-Oh
|-damage|p1a: Ho-Oh|41/100
|
|-weather|SunnyDay|[upkeep]
|-damage|p2a: Eternatus|40/100 brn|[from] brn
|upkeep
|turn|19
|
|t:|1665598653
|move|p2a: Eternatus|Recover|p2a: Eternatus
|-heal|p2a: Eternatus|90/100 brn
|move|p1a: Ho-Oh|Brave Bird|p2a: Eternatus
|-damage|p2a: Eternatus|42/100 brn
|-damage|p1a: Ho-Oh|23/100|[from] Recoil
|
|-weather|none
|-damage|p2a: Eternatus|36/100 brn|[from] brn
|upkeep
|turn|20
|
|t:|1665598667
|switch|p1a: Groudon|Groudon|84/100
|-weather|SunnyDay|[from] ability: Drought|[of] p1a: Groudon
|move|p2a: Eternatus|Recover|p2a: Eternatus
|-heal|p2a: Eternatus|86/100 brn
|
|-weather|SunnyDay|[upkeep]
|-damage|p2a: Eternatus|80/100 brn|[from] brn
|upkeep
|turn|21
|
|t:|1665598681
|switch|p2a: Xerneas|Xerneas|100/100
|-ability|p2a: Xerneas|Fairy Aura
|-item|p2a: Xerneas|Air Balloon
|switch|p1a: Reshiram|Reshiram|71/100
|-ability|p1a: Reshiram|Turboblaze
|
|-weather|SunnyDay|[upkeep]
|upkeep
|turn|22
|
|t:|1665598684
|switch|p2a: Eternatus|Eternatus|80/100 brn
|-ability|p2a: Eternatus|Pressure
|move|p1a: Reshiram|Blue Flare|p2a: Eternatus
|-resisted|p2a: Eternatus
|-damage|p2a: Eternatus|33/100 brn
|-damage|p1a: Reshiram|61/100|[from] item: Life Orb
|
|-weather|SunnyDay|[upkeep]
|-damage|p2a: Eternatus|27/100 brn|[from] brn
|upkeep
|turn|23
|
|t:|1665598689
|switch|p1a: Groudon|Groudon|84/100
|move|p2a: Eternatus|Recover|p2a: Eternatus
|-heal|p2a: Eternatus|77/100 brn
|
|-weather|SunnyDay|[upkeep]
|-damage|p2a: Eternatus|71/100 brn|[from] brn
|upkeep
|turn|24
|
|t:|1665598697
|switch|p2a: Xerneas|Xerneas|100/100
|-ability|p2a: Xerneas|Fairy Aura
|-item|p2a: Xerneas|Air Balloon
|move|p1a: Groudon|Earthquake|p2a: Xerneas
|-immune|p2a: Xerneas
|
|-weather|none
|upkeep
|turn|25
|
|t:|1665598699
|switch|p1a: Ho-Oh|Ho-Oh|56/100
|move|p2a: Xerneas|Aromatherapy|p2a: Xerneas
|-activate|p2a: Xerneas|move: Aromatherapy
|-curestatus|p2: Eternatus|brn|[msg]
|-curestatus|p2: Yveltal|brn|[msg]
|-curestatus|p2: Zygarde|brn|[msg]
|
|upkeep
|turn|26
|
|t:|1665598709
|switch|p2a: Eternatus|Eternatus|71/100
|-ability|p2a: Eternatus|Pressure
|switch|p1a: Reshiram|Reshiram|61/100
|-ability|p1a: Reshiram|Turboblaze
|
|upkeep
|turn|27
|
|t:|1665598717
|switch|p2a: Necrozma|Necrozma-Dusk-Mane|53/100
|switch|p1a: Ho-Oh|Ho-Oh|90/100
|
|-heal|p2a: Necrozma|59/100|[from] item: Leftovers
|upkeep
|turn|28
|
|t:|1665598728
|switch|p2a: Eternatus|Eternatus|71/100
|-ability|p2a: Eternatus|Pressure
|move|p1a: Ho-Oh|Sacred Fire|p2a: Eternatus
|-resisted|p2a: Eternatus
|-damage|p2a: Eternatus|49/100
|
|upkeep
|turn|29
|
|t:|1665598732
|move|p2a: Eternatus|Recover|p2a: Eternatus
|-heal|p2a: Eternatus|99/100
|move|p1a: Ho-Oh|Thunder Wave|p2a: Eternatus
|-status|p2a: Eternatus|par
|
|upkeep
|turn|30
|
|t:|1665598738
|switch|p1a: Groudon|Groudon|84/100
|-weather|SunnyDay|[from] ability: Drought|[of] p1a: Groudon
|move|p2a: Eternatus|Dynamax Cannon|p1a: Groudon
|-damage|p1a: Groudon|45/100
|
|-weather|SunnyDay|[upkeep]
|upkeep
|turn|31
|
|t:|1665598742
|move|p1a: Groudon|Earthquake|p2a: Eternatus
|-supereffective|p2a: Eternatus
|-damage|p2a: Eternatus|17/100 par
|move|p2a: Eternatus|Dynamax Cannon|p1a: Groudon
|-damage|p1a: Groudon|6/100
|
|-weather|SunnyDay|[upkeep]
|upkeep
|turn|32
|
|t:|1665598747
|switch|p1a: Reshiram|Reshiram|61/100
|-ability|p1a: Reshiram|Turboblaze
|cant|p2a: Eternatus|par
|
|-weather|SunnyDay|[upkeep]
|upkeep
|turn|33
|c|☆starmaster|bruh
|c|☆ox04|sorry
|c|+fatfighter2|bruh
|c|☆ox04|that sucks I know
|c|%Eledyr|bruh
|c|+Monai|bruh
|c|☆ox04|a lot of hax I know
|c|+steel SKITTY!!!!|bruh
|c|+Spitfire arcanine|bruh
|
|t:|1665598769
|move|p1a: Reshiram|Rock Slide|p2a: Eternatus|[miss]
|-miss|p1a: Reshiram|p2a: Eternatus
|move|p2a: Eternatus|Dynamax Cannon|p1a: Reshiram
|-supereffective|p1a: Reshiram
|-damage|p1a: Reshiram|0 fnt
|faint|p1a: Reshiram
|
|-weather|SunnyDay|[upkeep]
|upkeep
|c|☆ox04|knew it
|c|+pop smoke|LOL
|c|☆ox04|fair
|c|+fatfighter2|bruh
|c|%Eledyr|lmao
|
|t:|1665598780
|switch|p1a: Yveltal|Yveltal|100/100
|-ability|p1a: Yveltal|Dark Aura
|turn|34
|
|t:|1665598802
|switch|p2a: Yveltal|Yveltal|84/100
|-ability|p2a: Yveltal|Dark Aura
|move|p1a: Yveltal|Oblivion Wing|p2a: Yveltal
|-damage|p2a: Yveltal|53/100
|-damage|p1a: Yveltal|91/100|[from] item: Life Orb
|
|-weather|none
|upkeep
|turn|35
|
|t:|1665598808
|switch|p2a: Xerneas|Xerneas|100/100
|-ability|p2a: Xerneas|Fairy Aura
|-item|p2a: Xerneas|Air Balloon
|move|p1a: Yveltal|Taunt|p2a: Xerneas
|-start|p2a: Xerneas|move: Taunt
|
|upkeep
|turn|36
|
|t:|1665598815
|switch|p1a: Ho-Oh|Ho-Oh|100/100
|move|p2a: Xerneas|Moonblast|p1a: Ho-Oh
|-resisted|p1a: Ho-Oh
|-damage|p1a: Ho-Oh|85/100
|-unboost|p1a: Ho-Oh|spa|1
|
|upkeep
|turn|37
|
|t:|1665598819
|switch|p2a: Zygarde|Zygarde|70/100
|move|p1a: Ho-Oh|Sacred Fire|p2a: Zygarde
|-resisted|p2a: Zygarde
|-damage|p2a: Zygarde|50/100
|
|-heal|p2a: Zygarde|56/100|[from] item: Leftovers
|upkeep
|turn|38
|
|t:|1665598821
|switch|p1a: Palkia|Palkia|100/100 par
|-ability|p1a: Palkia|Pressure
|move|p2a: Zygarde|Glare|p1a: Palkia
|-fail|p1a: Palkia|par
|
|-heal|p2a: Zygarde|62/100|[from] item: Leftovers
|upkeep
|turn|39
|
|t:|1665598824
|switch|p2a: Xerneas|Xerneas|100/100
|-ability|p2a: Xerneas|Fairy Aura
|-item|p2a: Xerneas|Air Balloon
|move|p1a: Palkia|Hydro Pump|p2a: Xerneas|[miss]
|-miss|p1a: Palkia|p2a: Xerneas
|
|upkeep
|turn|40
|
|t:|1665598828
|move|p1a: Palkia|Hydro Pump|p2a: Xerneas
|-damage|p2a: Xerneas|48/100
|-enditem|p2a: Xerneas|Air Balloon
|move|p2a: Xerneas|Aromatherapy|p2a: Xerneas
|-activate|p2a: Xerneas|move: Aromatherapy
|-curestatus|p2: Eternatus|par|[msg]
|
|upkeep
|turn|41
|inactive|starmaster has 270 seconds left.
|c|☆ox04|stay in
|
|t:|1665598875
|switch|p2a: Calyrex|Calyrex-Shadow|100/100
|-ability|p2a: Calyrex|As One
|-ability|p2a: Calyrex|Unnerve
|cant|p1a: Palkia|par
|
|upkeep
|turn|42
|c|+steel SKITTY!!!!|shoulda stayed in
|
|t:|1665598883
|switch|p1a: Yveltal|Yveltal|91/100
|-ability|p1a: Yveltal|Dark Aura
|move|p2a: Calyrex|Astral Barrage|p1a: Yveltal
|-resisted|p1a: Yveltal
|-damage|p1a: Yveltal|40/100
|
|upkeep
|turn|43
|c|☆ox04|lmao
|
|t:|1665598893
|switch|p2a: Yveltal|Yveltal|53/100
|-ability|p2a: Yveltal|Dark Aura
|move|p1a: Yveltal|Oblivion Wing|p2a: Yveltal
|-damage|p2a: Yveltal|22/100
|-heal|p1a: Yveltal|66/100|[from] drain|[of] p2a: Yveltal
|-damage|p1a: Yveltal|56/100|[from] item: Life Orb
|
|upkeep
|turn|44
|
|t:|1665598902
|move|p2a: Yveltal|Sucker Punch|p1a: Yveltal
|-resisted|p1a: Yveltal
|-damage|p1a: Yveltal|37/100
|move|p1a: Yveltal|Oblivion Wing|p2a: Yveltal
|-damage|p2a: Yveltal|0 fnt
|-heal|p1a: Yveltal|56/100|[from] drain|[of] p2a: Yveltal
|faint|p2a: Yveltal
|-damage|p1a: Yveltal|46/100|[from] item: Life Orb
|
|upkeep
|
|t:|1665598905
|switch|p2a: Eternatus|Eternatus|17/100
|-ability|p2a: Eternatus|Pressure
|turn|45
|
|t:|1665598915
|move|p2a: Eternatus|Recover|p2a: Eternatus
|-heal|p2a: Eternatus|67/100
|move|p1a: Yveltal|Oblivion Wing|p2a: Eternatus
|-crit|p2a: Eternatus
|-damage|p2a: Eternatus|17/100
|-heal|p1a: Yveltal|89/100|[from] drain|[of] p2a: Eternatus
|-damage|p1a: Yveltal|79/100|[from] item: Life Orb
|
|upkeep
|turn|46
|c|☆ox04|sorry
|
|t:|1665598919
|move|p2a: Eternatus|Recover|p2a: Eternatus
|-heal|p2a: Eternatus|68/100
|move|p1a: Yveltal|Taunt|p2a: Eternatus
|-start|p2a: Eternatus|move: Taunt
|
|upkeep
|turn|47
|
|t:|1665598942
|move|p1a: Yveltal|Oblivion Wing|p2a: Eternatus
|-damage|p2a: Eternatus|36/100
|-heal|p1a: Yveltal|100/100|[from] drain|[of] p2a: Eternatus
|-damage|p1a: Yveltal|91/100|[from] item: Life Orb
|move|p2a: Eternatus|Dragon Tail|p1a: Yveltal
|-damage|p1a: Yveltal|75/100
|drag|p1a: Marshadow|Marshadow|100/100
|
|upkeep
|turn|48
|
|t:|1665598952
|switch|p2a: Zygarde|Zygarde|62/100
|move|p1a: Marshadow|Bulk Up|p1a: Marshadow
|-boost|p1a: Marshadow|atk|1
|-boost|p1a: Marshadow|def|1
|
|-heal|p2a: Zygarde|68/100|[from] item: Leftovers
|upkeep
|turn|49
|
|t:|1665598954
|move|p1a: Marshadow|Low Kick|p2a: Zygarde
|-damage|p2a: Zygarde|0 fnt
|faint|p2a: Zygarde
|-damage|p1a: Marshadow|91/100|[from] item: Life Orb
|
|upkeep
|c|☆ox04|gg
|
|t:|1665598961
|switch|p2a: Xerneas|Xerneas|48/100
|-ability|p2a: Xerneas|Fairy Aura
|turn|50
|
|t:|1665598963
|move|p1a: Marshadow|Spectral Thief|p2a: Xerneas
|-damage|p2a: Xerneas|2/100
|-damage|p1a: Marshadow|81/100|[from] item: Life Orb
|move|p2a: Xerneas|Moonblast|p1a: Marshadow
|-supereffective|p1a: Marshadow
|-damage|p1a: Marshadow|0 fnt
|faint|p1a: Marshadow
|
|upkeep
|c|☆ox04|or not
|
|t:|1665598970
|switch|p1a: Yveltal|Yveltal|75/100
|-ability|p1a: Yveltal|Dark Aura
|turn|51
|
|t:|1665598976
|move|p1a: Yveltal|Oblivion Wing|p2a: Xerneas
|-damage|p2a: Xerneas|0 fnt
|-heal|p1a: Yveltal|76/100|[from] drain|[of] p2a: Xerneas
|faint|p2a: Xerneas
|-damage|p1a: Yveltal|66/100|[from] item: Life Orb
|
|upkeep
|
|t:|1665598982
|switch|p2a: Eternatus|Eternatus|36/100
|-ability|p2a: Eternatus|Pressure
|turn|52
|
|t:|1665599001
|switch|p1a: Ho-Oh|Ho-Oh|100/100
|move|p2a: Eternatus|Recover|p2a: Eternatus
|-heal|p2a: Eternatus|86/100
|
|upkeep
|turn|53
|
|t:|1665599010
|switch|p2a: Necrozma|Necrozma-Dusk-Mane|59/100
|move|p1a: Ho-Oh|Thunder Wave|p2a: Necrozma
|-status|p2a: Necrozma|par
|
|-heal|p2a: Necrozma|65/100 par|[from] item: Leftovers
|upkeep
|turn|54
|
|t:|1665599020
|switch|p1a: Groudon|Groudon|6/100
|-weather|SunnyDay|[from] ability: Drought|[of] p1a: Groudon
|move|p2a: Necrozma|Photon Geyser|p1a: Groudon
|-damage|p1a: Groudon|0 fnt
|faint|p1a: Groudon
|
|-weather|SunnyDay|[upkeep]
|-heal|p2a: Necrozma|71/100 par|[from] item: Leftovers
|upkeep
|
|t:|1665599023
|switch|p1a: Ho-Oh|Ho-Oh|100/100
|turn|55
|
|t:|1665599030
|switch|p2a: Eternatus|Eternatus|86/100
|-ability|p2a: Eternatus|Pressure
|move|p1a: Ho-Oh|Thunder Wave|p2a: Eternatus
|-status|p2a: Eternatus|par
|
|-weather|SunnyDay|[upkeep]
|upkeep
|turn|56
|c|☆ox04|like I don't know
|
|t:|1665599035
|move|p1a: Ho-Oh|Brave Bird|p2a: Eternatus
|-damage|p2a: Eternatus|40/100 par
|-damage|p1a: Ho-Oh|84/100|[from] Recoil
|move|p2a: Eternatus|Dynamax Cannon|p1a: Ho-Oh
|-damage|p1a: Ho-Oh|58/100
|
|-weather|SunnyDay|[upkeep]
|upkeep
|turn|57
|
|t:|1665599040
|move|p1a: Ho-Oh|Brave Bird|p2a: Eternatus
|-crit|p2a: Eternatus
|-damage|p2a: Eternatus|0 fnt
|faint|p2a: Eternatus
|-damage|p1a: Ho-Oh|43/100|[from] Recoil
|
|-weather|SunnyDay|[upkeep]
|upkeep
|
|t:|1665599046
|switch|p2a: Calyrex|Calyrex-Shadow|100/100
|-ability|p2a: Calyrex|As One
|-ability|p2a: Calyrex|Unnerve
|turn|58
|
|t:|1665599048
|switch|p1a: Palkia|Palkia|100/100 par
|-ability|p1a: Palkia|Pressure
|move|p2a: Calyrex|Astral Barrage|p1a: Palkia
|-damage|p1a: Palkia|0 fnt
|faint|p1a: Palkia
|-ability|p2a: Calyrex|Grim Neigh|boost
|-boost|p2a: Calyrex|spa|1
|
|-weather|none
|upkeep
|
|t:|1665599050
|switch|p1a: Yveltal|Yveltal|66/100
|-ability|p1a: Yveltal|Dark Aura
|turn|59
|
|t:|1665599052
|switch|p2a: Necrozma|Necrozma-Dusk-Mane|71/100 par
|move|p1a: Yveltal|Sucker Punch||[still]
|-fail|p1a: Yveltal
|
|-heal|p2a: Necrozma|77/100 par|[from] item: Leftovers
|upkeep
|turn|60
|
|t:|1665599056
|switch|p1a: Ho-Oh|Ho-Oh|76/100
|move|p2a: Necrozma|Sunsteel Strike|p1a: Ho-Oh
|-resisted|p1a: Ho-Oh
|-damage|p1a: Ho-Oh|52/100
|
|-heal|p2a: Necrozma|83/100 par|[from] item: Leftovers
|upkeep
|turn|61
|
|t:|1665599063
|switch|p2a: Calyrex|Calyrex-Shadow|100/100
|-ability|p2a: Calyrex|As One
|-ability|p2a: Calyrex|Unnerve
|move|p1a: Ho-Oh|Sacred Fire|p2a: Calyrex
|-damage|p2a: Calyrex|32/100
|-status|p2a: Calyrex|brn
|
|-damage|p2a: Calyrex|26/100 brn|[from] brn
|upkeep
|turn|62
|
|t:|1665599067
|switch|p1a: Yveltal|Yveltal|66/100
|-ability|p1a: Yveltal|Dark Aura
|move|p2a: Calyrex|Astral Barrage|p1a: Yveltal
|-resisted|p1a: Yveltal
|-damage|p1a: Yveltal|14/100
|
|-damage|p2a: Calyrex|20/100 brn|[from] brn
|upkeep
|turn|63
|
|t:|1665599071
|switch|p2a: Necrozma|Necrozma-Dusk-Mane|83/100 par
|move|p1a: Yveltal|Sucker Punch||[still]
|-fail|p1a: Yveltal
|
|-heal|p2a: Necrozma|89/100 par|[from] item: Leftovers
|upkeep
|turn|64
|
|t:|1665599089
|move|p1a: Yveltal|Dark Pulse|p2a: Necrozma
|-supereffective|p2a: Necrozma
|-damage|p2a: Necrozma|12/100 par
|-damage|p1a: Yveltal|4/100|[from] item: Life Orb
|move|p2a: Necrozma|Sunsteel Strike|p1a: Yveltal
|-damage|p1a: Yveltal|0 fnt
|faint|p1a: Yveltal
|
|-heal|p2a: Necrozma|18/100 par|[from] item: Leftovers
|upkeep
|
|t:|1665599091
|switch|p1a: Ho-Oh|Ho-Oh|86/100
|turn|65
|
|t:|1665599105
|move|p1a: Ho-Oh|Sacred Fire|p2a: Necrozma
|-supereffective|p2a: Necrozma
|-damage|p2a: Necrozma|0 fnt
|faint|p2a: Necrozma
|
|upkeep
|
|t:|1665599108
|switch|p2a: Calyrex|Calyrex-Shadow|20/100 brn
|-ability|p2a: Calyrex|As One
|-ability|p2a: Calyrex|Unnerve
|turn|66
|
|t:|1665599110
|move|p2a: Calyrex|Astral Barrage|p1a: Ho-Oh
|-damage|p1a: Ho-Oh|29/100
|move|p1a: Ho-Oh|Brave Bird|p2a: Calyrex
|-damage|p2a: Calyrex|0 fnt
|faint|p2a: Calyrex
|-damage|p1a: Ho-Oh|24/100|[from] Recoil
|
|win|ox04
|c|☆ox04|gg
|c|☆starmaster|gg
|player|p2|starmaster|#bwpliicrustlepalace
