|inactive|Battle timer is ON: inactive players will automatically lose when time's up.
|t:|1655330932
|gametype|singles
|player|p1|reje|#splxiiicryonicles|
|player|p2|Stallion|#wcop2021oceania|
|teamsize|p1|6
|teamsize|p2|6
|gen|8
|tier|[Gen 8] Ubers
|rule|Sleep Clause Mod: Limit one foe put to sleep
|rule|Species Clause: Limit one of each Pokémon
|rule|OHKO Clause: OHKO moves are banned
|rule|Evasion Moves Clause: Evasion moves are banned
|rule|Endless Battle Clause: Forcing endless battles is banned
|rule|HP Percentage Mod: HP is shown in percentages
|rule|Dynamax Clause: You cannot dynamax
|clearpoke
|poke|p1|Necrozma-Dusk-Mane|
|poke|p1|Xerneas-*|
|poke|p1|Yveltal|
|poke|p1|Groudon|
|poke|p1|Eternatus|
|poke|p1|Kyogre|
|poke|p2|Marshadow|
|poke|p2|Calyrex-Shadow|
|poke|p2|Necrozma-Dusk-Mane|
|poke|p2|Yveltal|
|poke|p2|Eternatus|
|poke|p2|Clefable, M|
|teampreview
|inactive|reje also wants the timer to be on.
|c|☆reje|hf
|c|☆Stallion|u2
|inactive|Stallion has 270 seconds left.
|inactive|Stallion has 240 seconds left.
|
|t:|1655330992
|start
|switch|p1a: Kyogre|Kyogre|100/100
|switch|p2a: Calyrex|Calyrex-Shadow|100/100
|-ability|p2a: Calyrex|As One
|-ability|p2a: Calyrex|Unnerve
|-weather|RainDance|[from] ability: Drizzle|[of] p1a: Kyogre
|turn|1
|
|t:|1655331005
|switch|p1a: Yveltal|Yveltal|100/100
|-ability|p1a: Yveltal|Dark Aura
|switch|p2a: Eternatus|Eternatus|100/100
|-ability|p2a: Eternatus|Pressure
|
|-weather|RainDance|[upkeep]
|upkeep
|turn|2
|
|t:|1655331011
|switch|p2a: Clefable|Clefable, M|100/100
|move|p1a: Yveltal|Knock Off|p2a: Clefable
|-resisted|p2a: Clefable
|-damage|p2a: Clefable|79/100
|-damage|p1a: Yveltal|84/100|[from] item: Rocky Helmet|[of] p2a: Clefable
|-enditem|p2a: Clefable|Rocky Helmet|[from] move: Knock Off|[of] p1a: Yveltal
|
|-weather|RainDance|[upkeep]
|upkeep
|turn|3
|
|t:|1655331017
|move|p1a: Yveltal|U-turn|p2a: Clefable
|-resisted|p2a: Clefable
|-damage|p2a: Clefable|72/100
|
|t:|1655331018
|switch|p1a: Necrozma|Necrozma-Dusk-Mane|100/100|[from]move: U-turn
|move|p2a: Clefable|Stealth Rock|p1a: Necrozma
|-sidestart|p1: reje|move: Stealth Rock
|
|-weather|RainDance|[upkeep]
|upkeep
|turn|4
|
|t:|1655331022
|switch|p2a: Necrozma|Necrozma-Dusk-Mane|100/100
|move|p1a: Necrozma|Thunder Wave|p2a: Necrozma
|-status|p2a: Necrozma|par
|
|-weather|RainDance|[upkeep]
|upkeep
|turn|5
|
|t:|1655331026
|move|p1a: Necrozma|Stealth Rock|p2a: Necrozma
|-sidestart|p2: Stallion|move: Stealth Rock
|cant|p2a: Necrozma|par
|
|-weather|none
|upkeep
|turn|6
|
|t:|1655331031
|switch|p1a: Groudon|Groudon|100/100
|-damage|p1a: Groudon|94/100|[from] Stealth Rock
|-weather|SunnyDay|[from] ability: Drought|[of] p1a: Groudon
|switch|p2a: Yveltal|Yveltal|100/100
|-ability|p2a: Yveltal|Dark Aura
|
|-weather|SunnyDay|[upkeep]
|-heal|p1a: Groudon|100/100|[from] item: Leftovers
|upkeep
|turn|7
|
|t:|1655331037
|switch|p1a: Xerneas|Xerneas|100/100
|-damage|p1a: Xerneas|88/100|[from] Stealth Rock
|-ability|p1a: Xerneas|Fairy Aura
|-item|p1a: Xerneas|Air Balloon
|move|p2a: Yveltal|Knock Off|p1a: Xerneas
|-resisted|p1a: Xerneas
|-damage|p1a: Xerneas|72/100
|-enditem|p1a: Xerneas|Air Balloon
|
|-weather|SunnyDay|[upkeep]
|upkeep
|turn|8
|
|t:|1655331041
|switch|p2a: Necrozma|Necrozma-Dusk-Mane|100/100 par
|-damage|p2a: Necrozma|94/100 par|[from] Stealth Rock
|switch|p1a: Groudon|Groudon|100/100
|-damage|p1a: Groudon|94/100|[from] Stealth Rock
|
|-weather|SunnyDay|[upkeep]
|-heal|p1a: Groudon|100/100|[from] item: Leftovers
|-heal|p2a: Necrozma|100/100 par|[from] item: Leftovers
|upkeep
|turn|9
|
|t:|1655331049
|switch|p2a: Yveltal|Yveltal|100/100
|-ability|p2a: Yveltal|Dark Aura
|move|p1a: Groudon|Heat Crash|p2a: Yveltal
|-damage|p2a: Yveltal|53/100
|
|-weather|SunnyDay|[upkeep]
|upkeep
|turn|10
|
|t:|1655331054
|move|p2a: Yveltal|Roost|p2a: Yveltal
|-heal|p2a: Yveltal|100/100
|-singleturn|p2a: Yveltal|move: Roost
|move|p1a: Groudon|Stone Edge|p2a: Yveltal
|-damage|p2a: Yveltal|70/100
|
|-weather|none
|upkeep
|turn|11
|
|t:|1655331062
|switch|p1a: Xerneas|Xerneas|72/100
|-damage|p1a: Xerneas|60/100|[from] Stealth Rock
|-ability|p1a: Xerneas|Fairy Aura
|move|p2a: Yveltal|Foul Play|p1a: Xerneas
|-resisted|p1a: Xerneas
|-damage|p1a: Xerneas|46/100
|
|upkeep
|turn|12
|
|t:|1655331069
|switch|p2a: Necrozma|Necrozma-Dusk-Mane|100/100 par
|-damage|p2a: Necrozma|94/100 par|[from] Stealth Rock
|move|p1a: Xerneas|Rest|p1a: Xerneas
|-status|p1a: Xerneas|slp|[from] move: Rest
|-heal|p1a: Xerneas|100/100 slp|[silent]
|
|-heal|p2a: Necrozma|100/100 par|[from] item: Leftovers
|upkeep
|turn|13
|
|t:|1655331072
|switch|p1a: Groudon|Groudon|100/100
|-damage|p1a: Groudon|94/100|[from] Stealth Rock
|-weather|SunnyDay|[from] ability: Drought|[of] p1a: Groudon
|switch|p2a: Calyrex|Calyrex-Shadow|100/100
|-ability|p2a: Calyrex|As One
|-ability|p2a: Calyrex|Unnerve
|-damage|p2a: Calyrex|88/100|[from] Stealth Rock
|
|-weather|SunnyDay|[upkeep]
|-heal|p1a: Groudon|100/100|[from] item: Leftovers
|upkeep
|turn|14
|
|t:|1655331077
|switch|p1a: Yveltal|Yveltal|84/100
|-ability|p1a: Yveltal|Dark Aura
|move|p2a: Calyrex|Astral Barrage|p1a: Yveltal
|-resisted|p1a: Yveltal
|-damage|p1a: Yveltal|43/100
|
|-weather|SunnyDay|[upkeep]
|upkeep
|turn|15
|inactive|Stallion has 270 seconds left.
|inactive|Stallion has 240 seconds left.
|inactive|Stallion has 210 seconds left.
|
|t:|1655331191
|switch|p2a: Clefable|Clefable, M|72/100
|move|p1a: Yveltal|Roost|p1a: Yveltal
|-heal|p1a: Yveltal|93/100
|-singleturn|p1a: Yveltal|move: Roost
|
|-weather|SunnyDay|[upkeep]
|upkeep
|turn|16
|
|t:|1655331204
|move|p1a: Yveltal|U-turn|p2a: Clefable
|-resisted|p2a: Clefable
|-damage|p2a: Clefable|64/100
|
|t:|1655331209
|switch|p1a: Groudon|Groudon|100/100|[from]move: U-turn
|-damage|p1a: Groudon|94/100|[from] Stealth Rock
|move|p2a: Clefable|Soft-Boiled|p2a: Clefable
|-heal|p2a: Clefable|100/100
|
|-weather|SunnyDay|[upkeep]
|-heal|p1a: Groudon|100/100|[from] item: Leftovers
|upkeep
|turn|17
|
|t:|1655331218
|move|p1a: Groudon|Heat Crash|p2a: Clefable
|-damage|p2a: Clefable|47/100
|move|p2a: Clefable|Moonblast|p1a: Groudon
|-damage|p1a: Groudon|70/100
|-unboost|p1a: Groudon|spa|1
|
|-weather|none
|-heal|p1a: Groudon|76/100|[from] item: Leftovers
|upkeep
|turn|18
|
|t:|1655331225
|switch|p2a: Yveltal|Yveltal|70/100
|-ability|p2a: Yveltal|Dark Aura
|move|p1a: Groudon|Stone Edge|p2a: Yveltal|[miss]
|-miss|p1a: Groudon|p2a: Yveltal
|
|-heal|p1a: Groudon|82/100|[from] item: Leftovers
|upkeep
|turn|19
|c|☆Stallion|sorry
|inactive|Stallion has 210 seconds left.
|
|t:|1655331240
|switch|p1a: Xerneas|Xerneas|100/100 slp
|-damage|p1a: Xerneas|88/100 slp|[from] Stealth Rock
|-ability|p1a: Xerneas|Fairy Aura
|move|p2a: Yveltal|Knock Off|p1a: Xerneas
|-resisted|p1a: Xerneas
|-damage|p1a: Xerneas|77/100 slp
|
|upkeep
|turn|20
|
|t:|1655331244
|switch|p2a: Necrozma|Necrozma-Dusk-Mane|100/100 par
|-damage|p2a: Necrozma|94/100 par|[from] Stealth Rock
|cant|p1a: Xerneas|slp
|move|p1a: Xerneas|Sleep Talk|p1a: Xerneas
|move|p1a: Xerneas|Rest||[from]move: Sleep Talk|[still]
|-fail|p1a: Xerneas
|
|-heal|p2a: Necrozma|100/100 par|[from] item: Leftovers
|upkeep
|turn|21
|
|t:|1655331251
|switch|p1a: Necrozma|Necrozma-Dusk-Mane|100/100
|-damage|p1a: Necrozma|94/100|[from] Stealth Rock
|switch|p2a: Calyrex|Calyrex-Shadow|88/100
|-ability|p2a: Calyrex|As One
|-ability|p2a: Calyrex|Unnerve
|-damage|p2a: Calyrex|76/100|[from] Stealth Rock
|
|-heal|p1a: Necrozma|100/100|[from] item: Leftovers
|upkeep
|turn|22
|
|t:|1655331256
|switch|p1a: Yveltal|Yveltal|93/100
|-ability|p1a: Yveltal|Dark Aura
|move|p2a: Calyrex|Astral Barrage|p1a: Yveltal
|-resisted|p1a: Yveltal
|-damage|p1a: Yveltal|51/100
|
|upkeep
|turn|23
|
|t:|1655331260
|switch|p2a: Clefable|Clefable, M|47/100
|move|p1a: Yveltal|Roost|p1a: Yveltal
|-heal|p1a: Yveltal|100/100
|-singleturn|p1a: Yveltal|move: Roost
|
|upkeep
|turn|24
|
|t:|1655331263
|move|p1a: Yveltal|U-turn|p2a: Clefable
|-resisted|p2a: Clefable
|-damage|p2a: Clefable|40/100
|
|t:|1655331264
|switch|p1a: Groudon|Groudon|82/100|[from]move: U-turn
|-damage|p1a: Groudon|76/100|[from] Stealth Rock
|-weather|SunnyDay|[from] ability: Drought|[of] p1a: Groudon
|move|p2a: Clefable|Soft-Boiled|p2a: Clefable
|-heal|p2a: Clefable|90/100
|
|-weather|SunnyDay|[upkeep]
|-heal|p1a: Groudon|82/100|[from] item: Leftovers
|upkeep
|turn|25
|
|t:|1655331282
|move|p1a: Groudon|Heat Crash|p2a: Clefable
|-damage|p2a: Clefable|30/100
|move|p2a: Clefable|Soft-Boiled|p2a: Clefable
|-heal|p2a: Clefable|80/100
|
|-weather|SunnyDay|[upkeep]
|-heal|p1a: Groudon|88/100|[from] item: Leftovers
|upkeep
|turn|26
|
|t:|1655331287
|switch|p2a: Yveltal|Yveltal|70/100
|-ability|p2a: Yveltal|Dark Aura
|move|p1a: Groudon|Heat Crash|p2a: Yveltal
|-damage|p2a: Yveltal|21/100
|
|-weather|SunnyDay|[upkeep]
|-heal|p1a: Groudon|94/100|[from] item: Leftovers
|upkeep
|turn|27
|
|t:|1655331292
|move|p2a: Yveltal|Roost|p2a: Yveltal
|-heal|p2a: Yveltal|71/100
|-singleturn|p2a: Yveltal|move: Roost
|move|p1a: Groudon|Heat Crash|p2a: Yveltal
|-damage|p2a: Yveltal|26/100
|
|-weather|SunnyDay|[upkeep]
|-heal|p1a: Groudon|100/100|[from] item: Leftovers
|upkeep
|turn|28
|
|t:|1655331304
|switch|p1a: Xerneas|Xerneas|77/100 slp
|-damage|p1a: Xerneas|64/100 slp|[from] Stealth Rock
|-ability|p1a: Xerneas|Fairy Aura
|move|p2a: Yveltal|Roost|p2a: Yveltal
|-heal|p2a: Yveltal|76/100
|-singleturn|p2a: Yveltal|move: Roost
|
|-weather|none
|upkeep
|turn|29
|
|t:|1655331308
|switch|p2a: Necrozma|Necrozma-Dusk-Mane|100/100 par
|-damage|p2a: Necrozma|94/100 par|[from] Stealth Rock
|cant|p1a: Xerneas|slp
|move|p1a: Xerneas|Sleep Talk|p1a: Xerneas
|move|p1a: Xerneas|Moonblast|p2a: Necrozma|[from]move: Sleep Talk
|-resisted|p2a: Necrozma
|-damage|p2a: Necrozma|78/100 par
|
|-heal|p2a: Necrozma|84/100 par|[from] item: Leftovers
|upkeep
|turn|30
|
|t:|1655331320
|switch|p1a: Groudon|Groudon|100/100
|-damage|p1a: Groudon|94/100|[from] Stealth Rock
|-weather|SunnyDay|[from] ability: Drought|[of] p1a: Groudon
|switch|p2a: Calyrex|Calyrex-Shadow|76/100
|-ability|p2a: Calyrex|As One
|-ability|p2a: Calyrex|Unnerve
|-damage|p2a: Calyrex|64/100|[from] Stealth Rock
|
|-weather|SunnyDay|[upkeep]
|-heal|p1a: Groudon|100/100|[from] item: Leftovers
|upkeep
|turn|31
|
|t:|1655331324
|switch|p1a: Yveltal|Yveltal|100/100
|-ability|p1a: Yveltal|Dark Aura
|move|p2a: Calyrex|Trick|p1a: Yveltal
|-activate|p2a: Calyrex|move: Trick|[of] p1a: Yveltal
|-item|p1a: Yveltal|Choice Specs|[from] move: Trick
|-item|p2a: Calyrex|Heavy-Duty Boots|[from] move: Trick
|
|-weather|SunnyDay|[upkeep]
|upkeep
|turn|32
|
|t:|1655331339
|switch|p2a: Eternatus|Eternatus|100/100
|-damage|p2a: Eternatus|88/100|[from] Stealth Rock
|-ability|p2a: Eternatus|Pressure
|move|p1a: Yveltal|Knock Off|p2a: Eternatus
|-damage|p2a: Eternatus|50/100
|-enditem|p2a: Eternatus|Haban Berry|[from] move: Knock Off|[of] p1a: Yveltal
|
|-weather|SunnyDay|[upkeep]
|upkeep
|turn|33
|
|t:|1655331344
|switch|p1a: Groudon|Groudon|100/100
|-damage|p1a: Groudon|94/100|[from] Stealth Rock
|move|p2a: Eternatus|Recover|p2a: Eternatus
|-heal|p2a: Eternatus|99/100
|
|-weather|SunnyDay|[upkeep]
|-heal|p1a: Groudon|100/100|[from] item: Leftovers
|upkeep
|turn|34
|
|t:|1655331349
|switch|p2a: Yveltal|Yveltal|76/100
|-ability|p2a: Yveltal|Dark Aura
|move|p1a: Groudon|Precipice Blades|p2a: Yveltal
|-immune|p2a: Yveltal
|
|-weather|none
|upkeep
|turn|35
|
|t:|1655331358
|switch|p2a: Eternatus|Eternatus|99/100
|-damage|p2a: Eternatus|88/100|[from] Stealth Rock
|-ability|p2a: Eternatus|Pressure
|switch|p1a: Xerneas|Xerneas|64/100 slp
|-damage|p1a: Xerneas|52/100 slp|[from] Stealth Rock
|-ability|p1a: Xerneas|Fairy Aura
|
|upkeep
|turn|36
|
|t:|1655331364
|switch|p1a: Necrozma|Necrozma-Dusk-Mane|100/100
|-damage|p1a: Necrozma|94/100|[from] Stealth Rock
|move|p2a: Eternatus|Sludge Bomb|p1a: Necrozma
|-immune|p1a: Necrozma
|
|-heal|p1a: Necrozma|100/100|[from] item: Leftovers
|upkeep
|turn|37
|
|t:|1655331370
|switch|p2a: Necrozma|Necrozma-Dusk-Mane|84/100 par
|-damage|p2a: Necrozma|78/100 par|[from] Stealth Rock
|move|p1a: Necrozma|Iron Head|p2a: Necrozma
|-resisted|p2a: Necrozma
|-damage|p2a: Necrozma|65/100 par
|
|-heal|p2a: Necrozma|71/100 par|[from] item: Leftovers
|upkeep
|turn|38
|
|t:|1655331374
|switch|p1a: Groudon|Groudon|100/100
|-damage|p1a: Groudon|94/100|[from] Stealth Rock
|-weather|SunnyDay|[from] ability: Drought|[of] p1a: Groudon
|switch|p2a: Yveltal|Yveltal|76/100
|-ability|p2a: Yveltal|Dark Aura
|
|-weather|SunnyDay|[upkeep]
|-heal|p1a: Groudon|100/100|[from] item: Leftovers
|upkeep
|turn|39
|inactive|Stallion has 270 seconds left.
|
|t:|1655331406
|switch|p1a: Xerneas|Xerneas|52/100 slp
|-damage|p1a: Xerneas|40/100 slp|[from] Stealth Rock
|-ability|p1a: Xerneas|Fairy Aura
|move|p2a: Yveltal|Knock Off|p1a: Xerneas
|-resisted|p1a: Xerneas
|-damage|p1a: Xerneas|29/100 slp
|
|-weather|SunnyDay|[upkeep]
|upkeep
|turn|40
|
|t:|1655331411
|switch|p2a: Calyrex|Calyrex-Shadow|64/100
|-ability|p2a: Calyrex|As One
|-ability|p2a: Calyrex|Unnerve
|-curestatus|p1a: Xerneas|slp|[msg]
|move|p1a: Xerneas|Rest|p1a: Xerneas
|-status|p1a: Xerneas|slp|[from] move: Rest
|-heal|p1a: Xerneas|100/100 slp|[silent]
|
|-weather|SunnyDay|[upkeep]
|upkeep
|turn|41
|
|t:|1655331420
|switch|p2a: Clefable|Clefable, M|80/100
|switch|p1a: Yveltal|Yveltal|100/100
|-damage|p1a: Yveltal|76/100|[from] Stealth Rock
|-ability|p1a: Yveltal|Dark Aura
|
|-weather|SunnyDay|[upkeep]
|upkeep
|turn|42
|
|t:|1655331429
|switch|p2a: Necrozma|Necrozma-Dusk-Mane|71/100 par
|-damage|p2a: Necrozma|65/100 par|[from] Stealth Rock
|move|p1a: Yveltal|U-turn|p2a: Necrozma
|-damage|p2a: Necrozma|51/100 par
|
|t:|1655331433
|switch|p1a: Groudon|Groudon|100/100|[from]move: U-turn
|-damage|p1a: Groudon|94/100|[from] Stealth Rock
|
|-weather|none
|-heal|p1a: Groudon|100/100|[from] item: Leftovers
|-heal|p2a: Necrozma|57/100 par|[from] item: Leftovers
|upkeep
|turn|43
|
|t:|1655331439
|switch|p2a: Yveltal|Yveltal|76/100
|-ability|p2a: Yveltal|Dark Aura
|move|p1a: Groudon|Stone Edge|p2a: Yveltal
|-supereffective|p2a: Yveltal
|-crit|p2a: Yveltal
|-damage|p2a: Yveltal|0 fnt
|faint|p2a: Yveltal
|
|upkeep
|inactive|Stallion has 270 seconds left.
|inactive|Stallion has 240 seconds left.
|
|t:|1655331505
|switch|p2a: Marshadow|Marshadow|100/100
|-damage|p2a: Marshadow|94/100|[from] Stealth Rock
|turn|44
|
|t:|1655331514
|move|p2a: Marshadow|Bulk Up|p2a: Marshadow
|-boost|p2a: Marshadow|atk|1
|-boost|p2a: Marshadow|def|1
|move|p1a: Groudon|Precipice Blades|p2a: Marshadow
|-damage|p2a: Marshadow|31/100
|
|upkeep
|turn|45
|
|t:|1655331525
|move|p2a: Marshadow|Low Kick|p1a: Groudon
|-damage|p1a: Groudon|23/100
|-damage|p2a: Marshadow|21/100|[from] item: Life Orb
|move|p1a: Groudon|Precipice Blades|p2a: Marshadow
|-damage|p2a: Marshadow|0 fnt
|faint|p2a: Marshadow
|
|-heal|p1a: Groudon|30/100|[from] item: Leftovers
|upkeep
|
|t:|1655331529
|switch|p2a: Calyrex|Calyrex-Shadow|64/100
|-ability|p2a: Calyrex|As One
|-ability|p2a: Calyrex|Unnerve
|turn|46
|
|t:|1655331557
|switch|p1a: Xerneas|Xerneas|100/100 slp
|-damage|p1a: Xerneas|88/100 slp|[from] Stealth Rock
|-ability|p1a: Xerneas|Fairy Aura
|move|p2a: Calyrex|Astral Barrage|p1a: Xerneas
|-damage|p1a: Xerneas|24/100 slp
|
|upkeep
|turn|47
|
|t:|1655331564
|move|p2a: Calyrex|Astral Barrage|p1a: Xerneas
|-damage|p1a: Xerneas|0 fnt
|faint|p1a: Xerneas
|-ability|p2a: Calyrex|Grim Neigh|boost
|-boost|p2a: Calyrex|spa|1
|
|upkeep
|
|t:|1655331568
|switch|p1a: Kyogre|Kyogre|100/100
|-damage|p1a: Kyogre|88/100|[from] Stealth Rock
|-weather|RainDance|[from] ability: Drizzle|[of] p1a: Kyogre
|turn|48
|inactive|Stallion has 270 seconds left.
|
|t:|1655331589
|switch|p2a: Eternatus|Eternatus|88/100
|-damage|p2a: Eternatus|75/100|[from] Stealth Rock
|-ability|p2a: Eternatus|Pressure
|move|p1a: Kyogre|Water Spout|p2a: Eternatus
|-resisted|p2a: Eternatus
|-damage|p2a: Eternatus|35/100
|
|-weather|RainDance|[upkeep]
|upkeep
|turn|49
|
|t:|1655331599
|move|p1a: Kyogre|Water Spout|p2a: Eternatus
|-resisted|p2a: Eternatus
|-damage|p2a: Eternatus|0 fnt
|faint|p2a: Eternatus
|
|-weather|RainDance|[upkeep]
|upkeep
|inactive|Stallion has 240 seconds left.
|
|t:|1655331647
|switch|p2a: Necrozma|Necrozma-Dusk-Mane|57/100 par
|-damage|p2a: Necrozma|51/100 par|[from] Stealth Rock
|turn|50
|c|☆Stallion|I misclicked
|c|☆Stallion|shit
|inactive|Stallion has 210 seconds left.
|inactive|Stallion has 180 seconds left.
|
|t:|1655331719
|move|p1a: Kyogre|Water Spout|p2a: Necrozma
|-damage|p2a: Necrozma|0 fnt
|faint|p2a: Necrozma
|
|-weather|RainDance|[upkeep]
|upkeep
|
|t:|1655331721
|switch|p2a: Calyrex|Calyrex-Shadow|64/100
|-ability|p2a: Calyrex|As One
|-ability|p2a: Calyrex|Unnerve
|turn|51
|inactive|Stallion has 180 seconds left.
|
|t:|1655331735
|move|p1a: Kyogre|Water Spout|p2a: Calyrex
|-damage|p2a: Calyrex|0 fnt
|faint|p2a: Calyrex
|
|-weather|RainDance|[upkeep]
|upkeep
|c|☆Stallion|oh didn't matter
|c|☆Stallion|why did my ability go first then?
|
|t:|1655331747
|switch|p2a: Clefable|Clefable, M|80/100
|turn|52
|
|t:|1655331753
|move|p1a: Kyogre|Water Spout|p2a: Clefable
|-damage|p2a: Clefable|0 fnt
|faint|p2a: Clefable
|
|win|reje
|c|☆reje|gg and gl 
|c|☆Stallion|gg
|c|☆Stallion|and thanks man
|c|☆Stallion|hope I feel well in time for it
|c|+Luna's Bann3d Now|tell pdt to accept an rfn
|player|p1|reje|#splxiiicryonicles
