|inactive|Battle timer is ON: inactive players will automatically lose when time's up.
|t:|1666515957
|gametype|singles
|player|p1|Tony|#scl2platoon|
|player|p2|Aberforth|#aberforth|
|teamsize|p1|6
|teamsize|p2|6
|gen|8
|tier|[Gen 8] Ubers
|rule|Sleep Clause Mod: Limit one foe put to sleep
|rule|Species Clause: Limit one of each Pokémon
|rule|OHKO Clause: OHKO moves are banned
|rule|Evasion Items Clause: Evasion items are banned
|rule|Evasion Moves Clause: Evasion moves are banned
|rule|Endless Battle Clause: Forcing endless battles is banned
|rule|HP Percentage Mod: HP is shown in percentages
|rule|Dynamax Clause: You cannot dynamax
|clearpoke
|poke|p1|Zekrom|
|poke|p1|Ho-Oh|
|poke|p1|Eternatus|
|poke|p1|Landorus-Therian, M|
|poke|p1|Yveltal|
|poke|p1|Necrozma-Dusk-Mane|
|poke|p2|Zekrom|
|poke|p2|Necrozma-Dusk-Mane|
|poke|p2|Eternatus|
|poke|p2|Yveltal|
|poke|p2|Landorus-Therian, M|
|poke|p2|Ho-Oh|
|teampreview
|inactive|Tony also wants the timer to be on.
|c|☆Aberforth|hf
|c|☆Tony|u2
|c|☆Tony|nice team
|c|☆Aberforth|same, i really like the aesthetic 
|inactive|Tony has 270 seconds left.
|inactive|Aberforth has 270 seconds left.
|inactive|Tony has 240 seconds left.
|inactive|Aberforth has 240 seconds left.
|
|t:|1666516041
|start
|switch|p1a: M-André ter Natus|Eternatus|100/100
|switch|p2a: Yveltal|Yveltal|100/100
|-ability|p1a: M-André ter Natus|Pressure
|-ability|p2a: Yveltal|Dark Aura
|turn|1
|raw|<div class="broadcast-red"><strong>Moderated chat was set to ☆!</strong><br />Only users of rank ☆ and higher can talk.</div>
|inactive|Tony has 270 seconds left.
|inactive|Tony has 240 seconds left.
|
|t:|1666516095
|switch|p2a: Ho-Oh|Ho-Oh|100/100
|move|p1a: M-André ter Natus|Draco Meteor|p2a: Ho-Oh|[miss]
|-miss|p1a: M-André ter Natus|p2a: Ho-Oh
|
|upkeep
|turn|2
|inactive|Tony has 240 seconds left.
|
|t:|1666516124
|move|p1a: M-André ter Natus|Draco Meteor|p2a: Ho-Oh
|-damage|p2a: Ho-Oh|63/100
|-unboost|p1a: M-André ter Natus|spa|2
|-enditem|p1a: M-André ter Natus|Eject Pack
|inactive|Tony has 210 seconds left.
|
|t:|1666516145
|switch|p1a: Marcos Ro-oh|Ho-Oh|100/100
|move|p2a: Ho-Oh|Brave Bird|p1a: Marcos Ro-oh
|-damage|p1a: Marcos Ro-oh|54/100
|-damage|p2a: Ho-Oh|47/100|[from] Recoil
|
|upkeep
|turn|3
|inactive|Tony has 210 seconds left.
|inactive|Aberforth has 270 seconds left.
|inactive|Tony has 180 seconds left.
|inactive|Tony has 150 seconds left.
|
|t:|1666516216
|switch|p2a: Eternatus|Eternatus|100/100
|-ability|p2a: Eternatus|Pressure
|switch|p1a: Tanguy Landombele|Landorus-Therian, M|100/100
|-ability|p1a: Tanguy Landombele|Intimidate|boost
|-unboost|p2a: Eternatus|atk|1
|
|upkeep
|turn|4
|inactive|Tony has 150 seconds left.
|
|t:|1666516230
|switch|p2a: Landorus|Landorus-Therian, M|100/100
|-ability|p2a: Landorus|Intimidate|boost
|-unboost|p1a: Tanguy Landombele|atk|1
|switch|p1a: Toni Crooz|Necrozma-Dusk-Mane|100/100
|
|upkeep
|turn|5
|inactive|Tony has 150 seconds left.
|
|t:|1666516254
|switch|p1a: Tanguy Landombele|Landorus-Therian, M|100/100
|-ability|p1a: Tanguy Landombele|Intimidate|boost
|-unboost|p2a: Landorus|atk|1
|move|p2a: Landorus|Stealth Rock|p1a: Tanguy Landombele
|-sidestart|p1: Tony|move: Stealth Rock
|
|upkeep
|turn|6
|
|t:|1666516260
|move|p2a: Landorus|Toxic|p1a: Tanguy Landombele
|-status|p1a: Tanguy Landombele|tox
|move|p1a: Tanguy Landombele|Toxic|p2a: Landorus
|-status|p2a: Landorus|tox
|
|-damage|p2a: Landorus|94/100 tox|[from] psn
|-damage|p1a: Tanguy Landombele|94/100 tox|[from] psn
|upkeep
|turn|7
|
|t:|1666516265
|move|p2a: Landorus|U-turn|p1a: Tanguy Landombele
|-resisted|p1a: Tanguy Landombele
|-damage|p1a: Tanguy Landombele|89/100 tox
|
|t:|1666516268
|switch|p2a: Eternatus|Eternatus|100/100|[from]move: U-turn
|-ability|p2a: Eternatus|Pressure
|move|p1a: Tanguy Landombele|Defog|p2a: Eternatus
|-unboost|p2a: Eternatus|evasion|1
|-sideend|p1: Tony|Stealth Rock|[from] move: Defog|[of] p1a: Tanguy Landombele
|
|-heal|p1a: Tanguy Landombele|95/100 tox|[from] item: Leftovers
|-damage|p1a: Tanguy Landombele|83/100 tox|[from] psn
|upkeep
|turn|8
|
|t:|1666516288
|switch|p2a: Ho-Oh|Ho-Oh|80/100
|switch|p1a: Toni Crooz|Necrozma-Dusk-Mane|100/100
|
|upkeep
|turn|9
|inactive|Tony has 150 seconds left.
|
|t:|1666516320
|switch|p1a: Marcos Ro-oh|Ho-Oh|87/100
|move|p2a: Ho-Oh|Sacred Fire|p1a: Marcos Ro-oh
|-resisted|p1a: Marcos Ro-oh
|-damage|p1a: Marcos Ro-oh|70/100
|
|upkeep
|turn|10
|inactive|Tony has 150 seconds left.
|
|t:|1666516341
|switch|p2a: Eternatus|Eternatus|100/100
|-ability|p2a: Eternatus|Pressure
|switch|p1a: Edin Džekro|Zekrom|100/100
|-ability|p1a: Edin Džekro|Teravolt
|
|upkeep
|turn|11
|inactive|Aberforth has 270 seconds left.
|
|t:|1666516362
|switch|p1a: Marcos Ro-oh|Ho-Oh|100/100
|move|p2a: Eternatus|Sludge Bomb|p1a: Marcos Ro-oh
|-damage|p1a: Marcos Ro-oh|77/100
|-status|p1a: Marcos Ro-oh|psn
|
|-damage|p1a: Marcos Ro-oh|65/100 psn|[from] psn
|upkeep
|turn|12
|inactive|Aberforth has 270 seconds left.
|inactive|Tony has 120 seconds left.
|inactive|Aberforth has 240 seconds left.
|
|t:|1666516423
|switch|p1a: Toni Crooz|Necrozma-Dusk-Mane|100/100
|move|p2a: Eternatus|Sludge Bomb|p1a: Toni Crooz
|-immune|p1a: Toni Crooz
|
|upkeep
|turn|13
|inactive|Tony has 120 seconds left.
|
|t:|1666516432
|switch|p2a: Landorus|Landorus-Therian, M|94/100 tox
|-ability|p2a: Landorus|Intimidate|boost
|-unboost|p1a: Toni Crooz|atk|1
|move|p1a: Toni Crooz|Stealth Rock|p2a: Landorus
|-sidestart|p2: Aberforth|move: Stealth Rock
|
|-heal|p2a: Landorus|100/100 tox|[from] item: Leftovers
|-damage|p2a: Landorus|94/100 tox|[from] psn
|upkeep
|turn|14
|inactive|Tony has 120 seconds left.
|
|t:|1666516443
|move|p2a: Landorus|Stealth Rock|p1a: Toni Crooz
|-sidestart|p1: Tony|move: Stealth Rock
|move|p1a: Toni Crooz|Sunsteel Strike|p2a: Landorus
|-damage|p2a: Landorus|70/100 tox
|
|-heal|p2a: Landorus|76/100 tox|[from] item: Leftovers
|-damage|p2a: Landorus|64/100 tox|[from] psn
|upkeep
|turn|15
|inactive|Tony has 120 seconds left.
|inactive|Aberforth disconnected and has 300 seconds to reconnect!
|player|p2|
|inactive|Tony has 90 seconds left.
|
|t:|1666516502
|move|p2a: Landorus|U-turn|p1a: Toni Crooz
|-damage|p1a: Toni Crooz|85/100
|inactive|Aberforth reconnected and has 260 seconds left.
|player|p2|Aberforth|#aberforth
|
|t:|1666516520
|switch|p2a: Zekrom|Zekrom|100/100|[from]move: U-turn
|-damage|p2a: Zekrom|88/100|[from] Stealth Rock
|-ability|p2a: Zekrom|Teravolt
|move|p1a: Toni Crooz|Photon Geyser|p2a: Zekrom
|-damage|p2a: Zekrom|56/100
|
|-heal|p1a: Toni Crooz|91/100|[from] item: Leftovers
|upkeep
|turn|16
|inactive|Aberforth has 240 seconds left.
|
|t:|1666516541
|switch|p1a: M-André ter Natus|Eternatus|100/100
|-damage|p1a: M-André ter Natus|88/100|[from] Stealth Rock
|-ability|p1a: M-André ter Natus|Pressure
|move|p2a: Zekrom|Roost|p2a: Zekrom
|-heal|p2a: Zekrom|100/100
|-singleturn|p2a: Zekrom|move: Roost
|
|upkeep
|turn|17
|inactive|Aberforth has 240 seconds left.
|
|t:|1666516553
|switch|p1a: Edin Džekro|Zekrom|100/100
|-damage|p1a: Edin Džekro|88/100|[from] Stealth Rock
|-ability|p1a: Edin Džekro|Teravolt
|switch|p2a: Necrozma|Necrozma-Dusk-Mane|100/100
|-damage|p2a: Necrozma|94/100|[from] Stealth Rock
|
|-heal|p2a: Necrozma|100/100|[from] item: Leftovers
|upkeep
|turn|18
|inactive|Aberforth has 240 seconds left.
|
|t:|1666516564
|move|p1a: Edin Džekro|Bolt Strike|p2a: Necrozma|[miss]
|-miss|p1a: Edin Džekro|p2a: Necrozma
|move|p2a: Necrozma|Knock Off|p1a: Edin Džekro
|-damage|p1a: Edin Džekro|61/100
|-enditem|p1a: Edin Džekro|Life Orb|[from] move: Knock Off|[of] p2a: Necrozma
|
|upkeep
|turn|19
|c|☆Aberforth|sorry
|inactive|Aberforth has 240 seconds left.
|
|t:|1666516587
|switch|p2a: Landorus|Landorus-Therian, M|64/100 tox
|-damage|p2a: Landorus|52/100 tox|[from] Stealth Rock
|-ability|p2a: Landorus|Intimidate|boost
|-unboost|p1a: Edin Džekro|atk|1
|move|p1a: Edin Džekro|Bolt Strike|p2a: Landorus
|-immune|p2a: Landorus
|
|-heal|p2a: Landorus|58/100 tox|[from] item: Leftovers
|-damage|p2a: Landorus|52/100 tox|[from] psn
|upkeep
|turn|20
|inactive|Tony has 60 seconds left.
|
|t:|1666516614
|switch|p2a: Necrozma|Necrozma-Dusk-Mane|100/100
|-damage|p2a: Necrozma|94/100|[from] Stealth Rock
|move|p1a: Edin Džekro|Roost|p1a: Edin Džekro
|-heal|p1a: Edin Džekro|100/100
|-singleturn|p1a: Edin Džekro|move: Roost
|
|-heal|p2a: Necrozma|100/100|[from] item: Leftovers
|upkeep
|turn|21
|inactive|Aberforth has 240 seconds left.
|inactive|Tony has 30 seconds left.
|
|t:|1666516645
|switch|p1a: Yve Mandanda|Yveltal|100/100
|-damage|p1a: Yve Mandanda|76/100|[from] Stealth Rock
|-ability|p1a: Yve Mandanda|Dark Aura
|move|p2a: Necrozma|Knock Off|p1a: Yve Mandanda
|-resisted|p1a: Yve Mandanda
|-damage|p1a: Yve Mandanda|58/100
|-enditem|p1a: Yve Mandanda|Choice Scarf|[from] move: Knock Off|[of] p2a: Necrozma
|
|upkeep
|turn|22
|
|t:|1666516651
|switch|p2a: Eternatus|Eternatus|100/100
|-ability|p2a: Eternatus|Pressure
|move|p1a: Yve Mandanda|Roost|p1a: Yve Mandanda
|-heal|p1a: Yve Mandanda|100/100
|-singleturn|p1a: Yve Mandanda|move: Roost
|
|upkeep
|turn|23
|inactive|Tony has 30 seconds left.
|
|t:|1666516668
|switch|p1a: Toni Crooz|Necrozma-Dusk-Mane|91/100
|-damage|p1a: Toni Crooz|85/100|[from] Stealth Rock
|move|p2a: Eternatus|Dragon Tail|p1a: Toni Crooz
|-resisted|p1a: Toni Crooz
|-damage|p1a: Toni Crooz|79/100
|drag|p1a: Yve Mandanda|Yveltal|100/100
|-damage|p1a: Yve Mandanda|76/100|[from] Stealth Rock
|-ability|p1a: Yve Mandanda|Dark Aura
|
|upkeep
|turn|24
|
|t:|1666516679
|switch|p1a: Toni Crooz|Necrozma-Dusk-Mane|79/100
|-damage|p1a: Toni Crooz|73/100|[from] Stealth Rock
|move|p2a: Eternatus|Flamethrower|p1a: Toni Crooz
|-supereffective|p1a: Toni Crooz
|-damage|p1a: Toni Crooz|46/100
|-status|p1a: Toni Crooz|brn
|
|-heal|p1a: Toni Crooz|52/100 brn|[from] item: Leftovers
|-damage|p1a: Toni Crooz|46/100 brn|[from] brn
|upkeep
|turn|25
|inactive|Tony has 30 seconds left.
|
|t:|1666516695
|switch|p2a: Yveltal|Yveltal|100/100
|-ability|p2a: Yveltal|Dark Aura
|move|p1a: Toni Crooz|Morning Sun|p1a: Toni Crooz
|-heal|p1a: Toni Crooz|96/100 brn
|
|-heal|p1a: Toni Crooz|100/100 brn|[from] item: Leftovers
|-damage|p1a: Toni Crooz|94/100 brn|[from] brn
|upkeep
|turn|26
|
|t:|1666516702
|switch|p1a: M-André ter Natus|Eternatus|88/100
|-damage|p1a: M-André ter Natus|76/100|[from] Stealth Rock
|-ability|p1a: M-André ter Natus|Pressure
|move|p2a: Yveltal|Taunt|p1a: M-André ter Natus
|-start|p1a: M-André ter Natus|move: Taunt
|
|upkeep
|turn|27
|
|t:|1666516711
|move|p1a: M-André ter Natus|Sludge Bomb|p2a: Yveltal
|-damage|p2a: Yveltal|71/100
|-status|p2a: Yveltal|psn
|move|p2a: Yveltal|Knock Off|p1a: M-André ter Natus
|-damage|p1a: M-André ter Natus|46/100
|
|-damage|p2a: Yveltal|58/100 psn|[from] psn
|upkeep
|turn|28
|inactive|Aberforth has 270 seconds left.
|inactive|Tony has 30 seconds left.
|
|t:|1666516732
|switch|p1a: Edin Džekro|Zekrom|100/100
|-damage|p1a: Edin Džekro|88/100|[from] Stealth Rock
|-ability|p1a: Edin Džekro|Teravolt
|switch|p2a: Necrozma|Necrozma-Dusk-Mane|100/100
|-damage|p2a: Necrozma|94/100|[from] Stealth Rock
|
|-heal|p2a: Necrozma|100/100|[from] item: Leftovers
|upkeep
|turn|29
|inactive|Aberforth has 270 seconds left.
|inactive|Tony has 30 seconds left.
|
|t:|1666516757
|move|p1a: Edin Džekro|Bolt Strike|p2a: Necrozma|[miss]
|-miss|p1a: Edin Džekro|p2a: Necrozma
|move|p2a: Necrozma|Dragon Dance|p2a: Necrozma
|-boost|p2a: Necrozma|atk|1
|-boost|p2a: Necrozma|spe|1
|
|upkeep
|turn|30
|inactive|Tony has 30 seconds left.
|
|t:|1666516763
|move|p2a: Necrozma|Knock Off|p1a: Edin Džekro
|-damage|p1a: Edin Džekro|61/100
|move|p1a: Edin Džekro|Bolt Strike|p2a: Necrozma
|-damage|p2a: Necrozma|50/100
|
|-heal|p2a: Necrozma|57/100|[from] item: Leftovers
|upkeep
|turn|31
|inactive|Aberforth has 270 seconds left.
|
|t:|1666516773
|move|p2a: Necrozma|Moonlight|p2a: Necrozma
|-heal|p2a: Necrozma|100/100
|move|p1a: Edin Džekro|Bolt Strike|p2a: Necrozma
|-damage|p2a: Necrozma|46/100
|
|-heal|p2a: Necrozma|52/100|[from] item: Leftovers
|upkeep
|turn|32
|inactive|Aberforth has 270 seconds left.
|
|t:|1666516780
|move|p2a: Necrozma|Moonlight|p2a: Necrozma
|-heal|p2a: Necrozma|100/100
|move|p1a: Edin Džekro|Bolt Strike|p2a: Necrozma
|-damage|p2a: Necrozma|50/100
|
|-heal|p2a: Necrozma|56/100|[from] item: Leftovers
|upkeep
|turn|33
|inactive|Tony has 30 seconds left.
|
|t:|1666516807
|switch|p1a: Tanguy Landombele|Landorus-Therian, M|83/100 tox
|-damage|p1a: Tanguy Landombele|71/100 tox|[from] Stealth Rock
|-ability|p1a: Tanguy Landombele|Intimidate|boost
|-unboost|p2a: Necrozma|atk|1
|move|p2a: Necrozma|Moonlight|p2a: Necrozma
|-heal|p2a: Necrozma|100/100
|
|-heal|p1a: Tanguy Landombele|77/100 tox|[from] item: Leftovers
|-damage|p1a: Tanguy Landombele|71/100 tox|[from] psn
|upkeep
|turn|34
|inactive|Tony has 30 seconds left.
|
|t:|1666516821
|move|p2a: Necrozma|Knock Off|p1a: Tanguy Landombele
|-damage|p1a: Tanguy Landombele|49/100 tox
|-enditem|p1a: Tanguy Landombele|Leftovers|[from] move: Knock Off|[of] p2a: Necrozma
|move|p1a: Tanguy Landombele|U-turn|p2a: Necrozma
|-damage|p2a: Necrozma|85/100
|inactive|Tony has 30 seconds left.
|
|t:|1666516827
|switch|p1a: Marcos Ro-oh|Ho-Oh|98/100 psn|[from]move: U-turn
|
|-heal|p2a: Necrozma|91/100|[from] item: Leftovers
|-damage|p1a: Marcos Ro-oh|86/100 psn|[from] psn
|upkeep
|turn|35
|inactive|Tony has 30 seconds left.
|
|t:|1666516844
|switch|p2a: Yveltal|Yveltal|58/100 psn
|-ability|p2a: Yveltal|Dark Aura
|move|p1a: Marcos Ro-oh|Thunder Wave||[still]
|-fail|p1a: Marcos Ro-oh
|
|-damage|p2a: Yveltal|46/100 psn|[from] psn
|-damage|p1a: Marcos Ro-oh|74/100 psn|[from] psn
|upkeep
|turn|36
|inactive|Tony has 30 seconds left.
|
|t:|1666516860
|switch|p2a: Ho-Oh|Ho-Oh|100/100
|switch|p1a: Yve Mandanda|Yveltal|76/100
|-damage|p1a: Yve Mandanda|51/100|[from] Stealth Rock
|-ability|p1a: Yve Mandanda|Dark Aura
|
|upkeep
|turn|37
|inactive|Tony has 30 seconds left.
|
|t:|1666516869
|move|p1a: Yve Mandanda|Knock Off|p2a: Ho-Oh
|-damage|p2a: Ho-Oh|49/100
|-enditem|p2a: Ho-Oh|Heavy-Duty Boots|[from] move: Knock Off|[of] p1a: Yve Mandanda
|move|p2a: Ho-Oh|Thunder Wave|p1a: Yve Mandanda
|-status|p1a: Yve Mandanda|par
|
|upkeep
|turn|38
|inactive|Tony has 30 seconds left.
|
|t:|1666516884
|switch|p1a: Marcos Ro-oh|Ho-Oh|100/100 psn
|move|p2a: Ho-Oh|Brave Bird|p1a: Marcos Ro-oh
|-damage|p1a: Marcos Ro-oh|58/100 psn
|-damage|p2a: Ho-Oh|35/100|[from] Recoil
|
|-damage|p1a: Marcos Ro-oh|46/100 psn|[from] psn
|upkeep
|turn|39
|
|t:|1666516890
|move|p2a: Ho-Oh|Brave Bird|p1a: Marcos Ro-oh
|-crit|p1a: Marcos Ro-oh
|-damage|p1a: Marcos Ro-oh|0 fnt
|faint|p1a: Marcos Ro-oh
|-damage|p2a: Ho-Oh|20/100|[from] Recoil
|
|upkeep
|inactive|Tony has 30 seconds left.
|
|t:|1666516905
|switch|p1a: Edin Džekro|Zekrom|61/100
|-damage|p1a: Edin Džekro|49/100|[from] Stealth Rock
|-ability|p1a: Edin Džekro|Teravolt
|turn|40
|
|t:|1666516912
|move|p1a: Edin Džekro|Scale Shot|p2a: Ho-Oh
|-damage|p2a: Ho-Oh|7/100
|-damage|p2a: Ho-Oh|0 fnt
|faint|p2a: Ho-Oh
|-hitcount|p2: Ho-Oh|2
|-unboost|p1a: Edin Džekro|def|1
|-boost|p1a: Edin Džekro|spe|1
|
|upkeep
|
|t:|1666516920
|switch|p2a: Landorus|Landorus-Therian, M|52/100 tox
|-damage|p2a: Landorus|40/100 tox|[from] Stealth Rock
|-ability|p2a: Landorus|Intimidate|boost
|-unboost|p1a: Edin Džekro|atk|1
|turn|41
|
|t:|1666516932
|move|p1a: Edin Džekro|Draco Meteor|p2a: Landorus
|-damage|p2a: Landorus|0 fnt
|-unboost|p1a: Edin Džekro|spa|2
|faint|p2a: Landorus
|
|upkeep
|
|t:|1666516935
|switch|p2a: Necrozma|Necrozma-Dusk-Mane|91/100
|-damage|p2a: Necrozma|85/100|[from] Stealth Rock
|turn|42
|
|t:|1666516968
|move|p1a: Edin Džekro|Roost|p1a: Edin Džekro
|-heal|p1a: Edin Džekro|99/100
|-singleturn|p1a: Edin Džekro|move: Roost
|move|p2a: Necrozma|Dragon Dance|p2a: Necrozma
|-boost|p2a: Necrozma|atk|1
|-boost|p2a: Necrozma|spe|1
|
|-heal|p2a: Necrozma|91/100|[from] item: Leftovers
|upkeep
|turn|43
|
|t:|1666516971
|switch|p1a: Tanguy Landombele|Landorus-Therian, M|49/100 tox
|-damage|p1a: Tanguy Landombele|37/100 tox|[from] Stealth Rock
|-ability|p1a: Tanguy Landombele|Intimidate|boost
|-unboost|p2a: Necrozma|atk|1
|move|p2a: Necrozma|Dragon Dance|p2a: Necrozma
|-boost|p2a: Necrozma|atk|1
|-boost|p2a: Necrozma|spe|1
|
|-heal|p2a: Necrozma|97/100|[from] item: Leftovers
|-damage|p1a: Tanguy Landombele|31/100 tox|[from] psn
|upkeep
|turn|44
|inactive|Tony has 60 seconds left.
|
|t:|1666516983
|switch|p1a: Edin Džekro|Zekrom|99/100
|-damage|p1a: Edin Džekro|87/100|[from] Stealth Rock
|-ability|p1a: Edin Džekro|Teravolt
|move|p2a: Necrozma|Sunsteel Strike|p1a: Edin Džekro
|-resisted|p1a: Edin Džekro
|-damage|p1a: Edin Džekro|57/100
|
|-heal|p2a: Necrozma|100/100|[from] item: Leftovers
|upkeep
|turn|45
|inactive|Tony has 60 seconds left.
|
|t:|1666516995
|move|p2a: Necrozma|Dragon Dance|p2a: Necrozma
|-boost|p2a: Necrozma|atk|1
|-boost|p2a: Necrozma|spe|1
|move|p1a: Edin Džekro|Roost|p1a: Edin Džekro
|-heal|p1a: Edin Džekro|100/100
|-singleturn|p1a: Edin Džekro|move: Roost
|
|upkeep
|turn|46
|
|t:|1666517001
|move|p2a: Necrozma|Dragon Dance|p2a: Necrozma
|-boost|p2a: Necrozma|atk|1
|-boost|p2a: Necrozma|spe|1
|move|p1a: Edin Džekro|Bolt Strike|p2a: Necrozma
|-damage|p2a: Necrozma|47/100
|
|-heal|p2a: Necrozma|53/100|[from] item: Leftovers
|upkeep
|turn|47
|
|t:|1666517006
|move|p2a: Necrozma|Moonlight|p2a: Necrozma
|-heal|p2a: Necrozma|100/100
|move|p1a: Edin Džekro|Bolt Strike|p2a: Necrozma|[miss]
|-miss|p1a: Edin Džekro|p2a: Necrozma
|
|upkeep
|turn|48
|c|☆Tony|gg
|c|☆Aberforth|sorry man
|c|☆Aberforth|this was an awful game
|
|t:|1666517026
|switch|p1a: Tanguy Landombele|Landorus-Therian, M|31/100 tox
|-damage|p1a: Tanguy Landombele|19/100 tox|[from] Stealth Rock
|-ability|p1a: Tanguy Landombele|Intimidate|boost
|-unboost|p2a: Necrozma|atk|1
|move|p2a: Necrozma|Knock Off|p1a: Tanguy Landombele
|-damage|p1a: Tanguy Landombele|0 fnt
|faint|p1a: Tanguy Landombele
|
|upkeep
|inactive|Tony has 60 seconds left.
|-message|Tony forfeited.
|
|win|Aberforth
