|inactive|Battle timer is ON: inactive players will automatically lose when time's up.
|t:|1654423588
|gametype|singles
|player|p1|Stallion|#wcop2021oceania|
|player|p2|stresh|#ompl2021spindawheels|
|teamsize|p1|6
|teamsize|p2|6
|gen|8
|tier|[Gen 8] Ubers
|rule|Sleep Clause Mod: Limit one foe put to sleep
|rule|Species Clause: Limit one of each Pokémon
|rule|OHKO Clause: OHKO moves are banned
|rule|Evasion Moves Clause: Evasion moves are banned
|rule|Endless Battle Clause: Forcing endless battles is banned
|rule|HP Percentage Mod: HP is shown in percentages
|rule|Dynamax Clause: You cannot dynamax
|clearpoke
|poke|p1|Calyrex-Shadow|
|poke|p1|Necrozma-Dusk-Mane|
|poke|p1|Yveltal|
|poke|p1|Eternatus|
|poke|p1|Groudon|
|poke|p1|Darmanitan-Galar, M|
|poke|p2|Groudon|
|poke|p2|Necrozma-Dusk-Mane|
|poke|p2|Eternatus|
|poke|p2|Calyrex-Shadow|
|poke|p2|Yveltal|
|poke|p2|Ho-Oh|
|teampreview
|c|☆stresh|hf
|inactive|Stallion has 270 seconds left.
|inactive|stresh has 270 seconds left.
|c|☆Stallion|u2 mate!
|inactive|stresh has 240 seconds left.
|
|t:|1654423678
|start
|switch|p1a: Darmanitan|Darmanitan-Galar, M|100/100
|switch|p2a: Calyrex|Calyrex-Shadow|100/100
|-ability|p2a: Calyrex|As One
|-ability|p2a: Calyrex|Unnerve
|turn|1
|
|t:|1654423687
|switch|p1a: Yveltal|Yveltal|100/100
|-ability|p1a: Yveltal|Dark Aura
|move|p2a: Calyrex|Astral Barrage|p1a: Yveltal
|-resisted|p1a: Yveltal
|-damage|p1a: Yveltal|54/100
|
|upkeep
|turn|2
|inactive|stresh has 270 seconds left.
|
|t:|1654423725
|switch|p2a: Ho-Oh|Ho-Oh|100/100
|move|p1a: Yveltal|Roost|p1a: Yveltal
|-heal|p1a: Yveltal|100/100
|-singleturn|p1a: Yveltal|move: Roost
|
|upkeep
|turn|3
|
|t:|1654423745
|switch|p1a: Eternatus|Eternatus|100/100
|-ability|p1a: Eternatus|Pressure
|move|p2a: Ho-Oh|Sacred Fire|p1a: Eternatus
|-resisted|p1a: Eternatus
|-damage|p1a: Eternatus|82/100
|
|upkeep
|turn|4
|
|t:|1654423762
|switch|p2a: Necrozma|Necrozma-Dusk-Mane|100/100
|move|p1a: Eternatus|Toxic|p2a: Necrozma
|-immune|p2a: Necrozma
|
|upkeep
|turn|5
|inactive|stresh has 240 seconds left.
|
|t:|1654423787
|switch|p1a: Groudon|Groudon|100/100
|-weather|SunnyDay|[from] ability: Drought|[of] p1a: Groudon
|switch|p2a: Calyrex|Calyrex-Shadow|100/100
|-ability|p2a: Calyrex|As One
|-ability|p2a: Calyrex|Unnerve
|
|-weather|SunnyDay|[upkeep]
|upkeep
|turn|6
|
|t:|1654423805
|switch|p1a: Yveltal|Yveltal|100/100
|-ability|p1a: Yveltal|Dark Aura
|move|p2a: Calyrex|Astral Barrage|p1a: Yveltal
|-resisted|p1a: Yveltal
|-damage|p1a: Yveltal|60/100
|
|-weather|SunnyDay|[upkeep]
|upkeep
|turn|7
|
|t:|1654423818
|switch|p2a: Ho-Oh|Ho-Oh|100/100
|move|p1a: Yveltal|Roost|p1a: Yveltal
|-heal|p1a: Yveltal|100/100
|-singleturn|p1a: Yveltal|move: Roost
|
|-weather|SunnyDay|[upkeep]
|upkeep
|turn|8
|
|t:|1654423832
|switch|p1a: Eternatus|Eternatus|82/100
|-ability|p1a: Eternatus|Pressure
|move|p2a: Ho-Oh|Brave Bird|p1a: Eternatus
|-crit|p1a: Eternatus
|-damage|p1a: Eternatus|17/100
|-damage|p2a: Ho-Oh|75/100|[from] Recoil
|
|-weather|SunnyDay|[upkeep]
|upkeep
|turn|9
|
|t:|1654423843
|move|p1a: Eternatus|Recover|p1a: Eternatus
|-heal|p1a: Eternatus|67/100
|move|p2a: Ho-Oh|Thunder Wave|p1a: Eternatus
|-status|p1a: Eternatus|par
|
|-weather|none
|upkeep
|turn|10
|
|t:|1654423850
|switch|p2a: Necrozma|Necrozma-Dusk-Mane|100/100
|move|p1a: Eternatus|Recover|p1a: Eternatus
|-heal|p1a: Eternatus|100/100 par
|
|upkeep
|turn|11
|
|t:|1654423860
|switch|p2a: Calyrex|Calyrex-Shadow|100/100
|-ability|p2a: Calyrex|As One
|-ability|p2a: Calyrex|Unnerve
|switch|p1a: Groudon|Groudon|100/100
|-weather|SunnyDay|[from] ability: Drought|[of] p1a: Groudon
|
|-weather|SunnyDay|[upkeep]
|upkeep
|turn|12
|
|t:|1654423868
|switch|p1a: Yveltal|Yveltal|100/100
|-ability|p1a: Yveltal|Dark Aura
|move|p2a: Calyrex|Astral Barrage|p1a: Yveltal
|-resisted|p1a: Yveltal
|-damage|p1a: Yveltal|56/100
|
|-weather|SunnyDay|[upkeep]
|upkeep
|turn|13
|
|t:|1654423872
|switch|p2a: Ho-Oh|Ho-Oh|100/100
|move|p1a: Yveltal|Roost|p1a: Yveltal
|-heal|p1a: Yveltal|100/100
|-singleturn|p1a: Yveltal|move: Roost
|
|-weather|SunnyDay|[upkeep]
|upkeep
|turn|14
|
|t:|1654423881
|switch|p1a: Eternatus|Eternatus|100/100 par
|-ability|p1a: Eternatus|Pressure
|move|p2a: Ho-Oh|Brave Bird|p1a: Eternatus
|-damage|p1a: Eternatus|60/100 par
|-damage|p2a: Ho-Oh|85/100|[from] Recoil
|
|-weather|SunnyDay|[upkeep]
|upkeep
|turn|15
|
|t:|1654423885
|move|p2a: Ho-Oh|Brave Bird|p1a: Eternatus
|-damage|p1a: Eternatus|22/100 par
|-damage|p2a: Ho-Oh|70/100|[from] Recoil
|move|p1a: Eternatus|Recover|p1a: Eternatus
|-heal|p1a: Eternatus|72/100 par
|
|-weather|none
|upkeep
|turn|16
|
|t:|1654423895
|switch|p1a: Groudon|Groudon|100/100
|-weather|SunnyDay|[from] ability: Drought|[of] p1a: Groudon
|move|p2a: Ho-Oh|Brave Bird|p1a: Groudon
|-damage|p1a: Groudon|71/100
|-damage|p2a: Ho-Oh|61/100|[from] Recoil
|
|-weather|SunnyDay|[upkeep]
|-heal|p1a: Groudon|77/100|[from] item: Leftovers
|upkeep
|turn|17
|inactive|stresh has 270 seconds left.
|inactive|stresh has 240 seconds left.
|inactive|stresh has 210 seconds left.
|
|t:|1654423995
|switch|p2a: Eternatus|Eternatus|100/100
|-ability|p2a: Eternatus|Pressure
|-item|p2a: Eternatus|Air Balloon
|move|p1a: Groudon|Stealth Rock|p2a: Eternatus
|-sidestart|p2: stresh|move: Stealth Rock
|
|-weather|SunnyDay|[upkeep]
|-heal|p1a: Groudon|83/100|[from] item: Leftovers
|upkeep
|turn|18
|
|t:|1654424016
|switch|p1a: Necrozma|Necrozma-Dusk-Mane|100/100
|move|p2a: Eternatus|Flamethrower|p1a: Necrozma
|-supereffective|p1a: Necrozma
|-damage|p1a: Necrozma|57/100
|
|-weather|SunnyDay|[upkeep]
|-heal|p1a: Necrozma|63/100|[from] item: Leftovers
|upkeep
|turn|19
|inactive|stresh has 210 seconds left.
|inactive|stresh has 180 seconds left.
|
|t:|1654424061
|switch|p2a: Yveltal|Yveltal|100/100
|-ability|p2a: Yveltal|Dark Aura
|move|p1a: Necrozma|Morning Sun|p1a: Necrozma
|-heal|p1a: Necrozma|100/100
|
|-weather|SunnyDay|[upkeep]
|upkeep
|turn|20
|inactive|stresh has 180 seconds left.
|
|t:|1654424092
|switch|p1a: Eternatus|Eternatus|72/100 par
|-ability|p1a: Eternatus|Pressure
|move|p2a: Yveltal|Knock Off|p1a: Eternatus
|-damage|p1a: Eternatus|33/100 par
|-enditem|p1a: Eternatus|Heavy-Duty Boots|[from] move: Knock Off|[of] p2a: Yveltal
|
|-weather|none
|upkeep
|turn|21
|
|t:|1654424109
|move|p2a: Yveltal|Defog|p1a: Eternatus
|-unboost|p1a: Eternatus|evasion|1
|-sideend|p2: stresh|Stealth Rock|[from] move: Defog|[of] p2a: Yveltal
|cant|p1a: Eternatus|par
|
|upkeep
|turn|22
|inactive|stresh has 150 seconds left.
|inactive|stresh has 120 seconds left.
|
|t:|1654424157
|switch|p2a: Groudon|Groudon|100/100
|-weather|SunnyDay|[from] ability: Drought|[of] p2a: Groudon
|move|p1a: Eternatus|Recover|p1a: Eternatus
|-heal|p1a: Eternatus|83/100 par
|
|-weather|SunnyDay|[upkeep]
|upkeep
|turn|23
|
|t:|1654424166
|switch|p1a: Calyrex|Calyrex-Shadow|100/100
|-ability|p1a: Calyrex|As One
|-ability|p1a: Calyrex|Unnerve
|move|p2a: Groudon|Precipice Blades|p1a: Calyrex|[miss]
|-miss|p2a: Groudon|p1a: Calyrex
|
|-weather|SunnyDay|[upkeep]
|upkeep
|turn|24
|
|t:|1654424178
|switch|p2a: Ho-Oh|Ho-Oh|94/100
|move|p1a: Calyrex|Trick|p2a: Ho-Oh
|-activate|p1a: Calyrex|move: Trick|[of] p2a: Ho-Oh
|-item|p2a: Ho-Oh|Choice Specs|[from] move: Trick
|-item|p1a: Calyrex|Heavy-Duty Boots|[from] move: Trick
|
|-weather|SunnyDay|[upkeep]
|upkeep
|turn|25
|inactive|stresh has 120 seconds left.
|
|t:|1654424202
|switch|p1a: Eternatus|Eternatus|83/100 par
|-ability|p1a: Eternatus|Pressure
|move|p2a: Ho-Oh|Sacred Fire|p1a: Eternatus
|-resisted|p1a: Eternatus
|-damage|p1a: Eternatus|58/100 par
|
|-weather|SunnyDay|[upkeep]
|upkeep
|turn|26
|inactive|stresh has 120 seconds left.
|
|t:|1654424215
|switch|p2a: Groudon|Groudon|100/100
|switch|p1a: Groudon|Groudon|83/100
|
|-weather|none
|-heal|p1a: Groudon|89/100|[from] item: Leftovers
|upkeep
|turn|27
|inactive|stresh has 120 seconds left.
|
|t:|1654424228
|move|p1a: Groudon|Toxic|p2a: Groudon
|-status|p2a: Groudon|tox
|move|p2a: Groudon|Toxic|p1a: Groudon
|-status|p1a: Groudon|tox
|
|-heal|p1a: Groudon|95/100 tox|[from] item: Leftovers
|-damage|p1a: Groudon|89/100 tox|[from] psn
|-damage|p2a: Groudon|94/100 tox|[from] psn
|upkeep
|turn|28
|inactive|stresh has 120 seconds left.
|
|t:|1654424254
|switch|p2a: Yveltal|Yveltal|100/100
|-ability|p2a: Yveltal|Dark Aura
|move|p1a: Groudon|Stealth Rock|p2a: Yveltal
|-sidestart|p2: stresh|move: Stealth Rock
|
|-heal|p1a: Groudon|95/100 tox|[from] item: Leftovers
|-damage|p1a: Groudon|83/100 tox|[from] psn
|upkeep
|turn|29
|inactive|stresh has 90 seconds left.
|
|t:|1654424276
|switch|p1a: Eternatus|Eternatus|58/100 par
|-ability|p1a: Eternatus|Pressure
|move|p2a: Yveltal|Defog|p1a: Eternatus
|-unboost|p1a: Eternatus|evasion|1
|-sideend|p2: stresh|Stealth Rock|[from] move: Defog|[of] p2a: Yveltal
|
|upkeep
|turn|30
|
|t:|1654424285
|switch|p2a: Calyrex|Calyrex-Shadow|100/100
|-ability|p2a: Calyrex|As One
|-ability|p2a: Calyrex|Unnerve
|move|p1a: Eternatus|Recover|p1a: Eternatus
|-heal|p1a: Eternatus|100/100 par
|
|upkeep
|turn|31
|inactive|stresh has 90 seconds left.
|
|t:|1654424309
|switch|p1a: Yveltal|Yveltal|100/100
|-ability|p1a: Yveltal|Dark Aura
|move|p2a: Calyrex|Aromatherapy|p2a: Calyrex
|-activate|p2a: Calyrex|move: Aromatherapy
|-curestatus|p2: Groudon|tox|[msg]
|
|upkeep
|turn|32
|inactive|stresh has 90 seconds left.
|
|t:|1654424338
|switch|p2a: Ho-Oh|Ho-Oh|100/100
|switch|p1a: Darmanitan|Darmanitan-Galar, M|100/100
|
|upkeep
|turn|33
|
|t:|1654424344
|switch|p2a: Necrozma|Necrozma-Dusk-Mane|100/100
|move|p1a: Darmanitan|U-turn|p2a: Necrozma
|-damage|p2a: Necrozma|73/100
|
|t:|1654424363
|switch|p1a: Yveltal|Yveltal|100/100|[from]move: U-turn
|-ability|p1a: Yveltal|Dark Aura
|
|upkeep
|turn|34
|inactive|stresh has 90 seconds left.
|
|t:|1654424371
|switch|p2a: Ho-Oh|Ho-Oh|100/100
|move|p1a: Yveltal|Foul Play|p2a: Ho-Oh
|-damage|p2a: Ho-Oh|58/100
|
|upkeep
|turn|35
|inactive|stresh has 90 seconds left.
|
|t:|1654424403
|switch|p1a: Eternatus|Eternatus|100/100 par
|-ability|p1a: Eternatus|Pressure
|move|p2a: Ho-Oh|Brave Bird|p1a: Eternatus
|-damage|p1a: Eternatus|59/100 par
|-damage|p2a: Ho-Oh|42/100|[from] Recoil
|
|upkeep
|turn|36
|inactive|stresh has 60 seconds left.
|
|t:|1654424436
|switch|p2a: Groudon|Groudon|94/100
|-weather|SunnyDay|[from] ability: Drought|[of] p2a: Groudon
|cant|p1a: Eternatus|par
|
|-weather|SunnyDay|[upkeep]
|-heal|p2a: Groudon|100/100|[from] item: Leftovers
|upkeep
|turn|37
|
|t:|1654424448
|switch|p1a: Groudon|Groudon|83/100 tox
|move|p2a: Groudon|Precipice Blades|p1a: Groudon
|-damage|p1a: Groudon|54/100 tox
|
|-weather|SunnyDay|[upkeep]
|-heal|p1a: Groudon|60/100 tox|[from] item: Leftovers
|-damage|p1a: Groudon|54/100 tox|[from] psn
|upkeep
|turn|38
|
|t:|1654424472
|move|p1a: Groudon|Stealth Rock|p2a: Groudon
|-sidestart|p2: stresh|move: Stealth Rock
|move|p2a: Groudon|Precipice Blades|p1a: Groudon
|-damage|p1a: Groudon|25/100 tox
|
|-weather|SunnyDay|[upkeep]
|-heal|p1a: Groudon|31/100 tox|[from] item: Leftovers
|-damage|p1a: Groudon|19/100 tox|[from] psn
|upkeep
|turn|39
|
|t:|1654424476
|move|p1a: Groudon|Precipice Blades|p2a: Groudon
|-damage|p2a: Groudon|74/100
|move|p2a: Groudon|Stealth Rock|p1a: Groudon
|-sidestart|p1: Stallion|move: Stealth Rock
|
|-weather|SunnyDay|[upkeep]
|-heal|p1a: Groudon|25/100 tox|[from] item: Leftovers
|-heal|p2a: Groudon|80/100|[from] item: Leftovers
|-damage|p1a: Groudon|6/100 tox|[from] psn
|upkeep
|turn|40
|
|t:|1654424500
|switch|p2a: Eternatus|Eternatus|100/100
|-damage|p2a: Eternatus|88/100|[from] Stealth Rock
|-ability|p2a: Eternatus|Pressure
|-item|p2a: Eternatus|Air Balloon
|move|p1a: Groudon|Toxic|p2a: Eternatus
|-immune|p2a: Eternatus
|
|-weather|none
|-heal|p1a: Groudon|13/100 tox|[from] item: Leftovers
|-damage|p1a: Groudon|0 fnt|[from] psn
|faint|p1a: Groudon
|upkeep
|
|t:|1654424505
|switch|p1a: Darmanitan|Darmanitan-Galar, M|100/100
|-damage|p1a: Darmanitan|76/100|[from] Stealth Rock
|turn|41
|inactive|stresh has 30 seconds left.
|inactive|stresh has 20 seconds left.
|
|t:|1654424542
|switch|p2a: Ho-Oh|Ho-Oh|75/100
|-damage|p2a: Ho-Oh|25/100|[from] Stealth Rock
|move|p1a: Darmanitan|U-turn|p2a: Ho-Oh
|-resisted|p2a: Ho-Oh
|-damage|p2a: Ho-Oh|18/100
|inactive|stresh has 25 seconds left this turn.
|inactive|Stallion has 270 seconds left.
|
|t:|1654424562
|switch|p1a: Yveltal|Yveltal|100/100|[from]move: U-turn
|-ability|p1a: Yveltal|Dark Aura
|
|upkeep
|turn|42
|inactive|stresh has 30 seconds left.
|inactive|stresh has 20 seconds left.
|
|t:|1654424580
|switch|p2a: Yveltal|Yveltal|100/100
|-ability|p2a: Yveltal|Dark Aura
|move|p1a: Yveltal|Foul Play|p2a: Yveltal
|-resisted|p2a: Yveltal
|-damage|p2a: Yveltal|77/100
|
|upkeep
|turn|43
|inactive|stresh has 30 seconds left this turn.
|
|t:|1654424587
|switch|p1a: Eternatus|Eternatus|59/100 par
|-damage|p1a: Eternatus|46/100 par|[from] Stealth Rock
|-ability|p1a: Eternatus|Pressure
|move|p2a: Yveltal|Knock Off|p1a: Eternatus
|-damage|p1a: Eternatus|18/100 par
|
|upkeep
|turn|44
|
|t:|1654424590
|move|p2a: Yveltal|Knock Off|p1a: Eternatus
|-damage|p1a: Eternatus|0 fnt
|faint|p1a: Eternatus
|
|upkeep
|
|t:|1654424593
|switch|p1a: Darmanitan|Darmanitan-Galar, M|76/100
|-damage|p1a: Darmanitan|51/100|[from] Stealth Rock
|turn|45
|
|t:|1654424601
|move|p2a: Yveltal|Sucker Punch|p1a: Darmanitan
|-damage|p1a: Darmanitan|0 fnt
|faint|p1a: Darmanitan
|
|upkeep
|c|☆Stallion|ouch
|c|☆stresh|phew
|
|t:|1654424624
|switch|p1a: Necrozma|Necrozma-Dusk-Mane|100/100
|-damage|p1a: Necrozma|94/100|[from] Stealth Rock
|turn|46
|
|t:|1654424643
|switch|p2a: Calyrex|Calyrex-Shadow|100/100
|-ability|p2a: Calyrex|As One
|-ability|p2a: Calyrex|Unnerve
|-damage|p2a: Calyrex|88/100|[from] Stealth Rock
|move|p1a: Necrozma|Dragon Dance|p1a: Necrozma
|-boost|p1a: Necrozma|atk|1
|-boost|p1a: Necrozma|spe|1
|
|-heal|p1a: Necrozma|100/100|[from] item: Leftovers
|upkeep
|turn|47
|
|t:|1654424654
|switch|p1a: Yveltal|Yveltal|100/100
|-ability|p1a: Yveltal|Dark Aura
|move|p2a: Calyrex|Astral Barrage|p1a: Yveltal
|-resisted|p1a: Yveltal
|-damage|p1a: Yveltal|57/100
|
|upkeep
|turn|48
|
|t:|1654424676
|switch|p2a: Yveltal|Yveltal|77/100
|-ability|p2a: Yveltal|Dark Aura
|move|p1a: Yveltal|Roost|p1a: Yveltal
|-heal|p1a: Yveltal|100/100
|-singleturn|p1a: Yveltal|move: Roost
|
|upkeep
|turn|49
|
|t:|1654424684
|switch|p1a: Necrozma|Necrozma-Dusk-Mane|100/100
|-damage|p1a: Necrozma|94/100|[from] Stealth Rock
|move|p2a: Yveltal|Defog|p1a: Necrozma
|-unboost|p1a: Necrozma|evasion|1
|-sideend|p1: Stallion|Stealth Rock|[from] move: Defog|[of] p2a: Yveltal
|-sideend|p2: stresh|Stealth Rock|[from] move: Defog|[of] p2a: Yveltal
|
|-heal|p1a: Necrozma|100/100|[from] item: Leftovers
|upkeep
|turn|50
|
|t:|1654424700
|switch|p2a: Calyrex|Calyrex-Shadow|88/100
|-ability|p2a: Calyrex|As One
|-ability|p2a: Calyrex|Unnerve
|move|p1a: Necrozma|Sunsteel Strike|p2a: Calyrex
|-damage|p2a: Calyrex|30/100
|
|upkeep
|turn|51
|
|t:|1654424713
|switch|p1a: Yveltal|Yveltal|100/100
|-ability|p1a: Yveltal|Dark Aura
|move|p2a: Calyrex|Trick|p1a: Yveltal
|-activate|p2a: Calyrex|move: Trick|[of] p1a: Yveltal
|-item|p1a: Yveltal|Choice Specs|[from] move: Trick
|-item|p2a: Calyrex|Heavy-Duty Boots|[from] move: Trick
|
|upkeep
|turn|52
|inactive|stresh has 30 seconds left.
|inactive|stresh has 20 seconds left.
|
|t:|1654424745
|switch|p2a: Groudon|Groudon|80/100
|-weather|SunnyDay|[from] ability: Drought|[of] p2a: Groudon
|move|p1a: Yveltal|Foul Play|p2a: Groudon
|-damage|p2a: Groudon|48/100
|
|-weather|SunnyDay|[upkeep]
|-heal|p2a: Groudon|54/100|[from] item: Leftovers
|upkeep
|turn|53
|inactive|stresh has 30 seconds left this turn.
|inactive|stresh has 20 seconds left.
|
|t:|1654424755
|switch|p2a: Yveltal|Yveltal|77/100
|-ability|p2a: Yveltal|Dark Aura
|move|p1a: Yveltal|Foul Play|p2a: Yveltal
|-resisted|p2a: Yveltal
|-damage|p2a: Yveltal|54/100
|
|-weather|SunnyDay|[upkeep]
|upkeep
|turn|54
|inactive|stresh has 30 seconds left this turn.
|
|t:|1654424758
|switch|p1a: Necrozma|Necrozma-Dusk-Mane|100/100
|move|p2a: Yveltal|Roost|p2a: Yveltal
|-heal|p2a: Yveltal|100/100
|-singleturn|p2a: Yveltal|move: Roost
|
|-weather|SunnyDay|[upkeep]
|upkeep
|turn|55
|
|t:|1654424767
|move|p2a: Yveltal|Knock Off|p1a: Necrozma
|-supereffective|p1a: Necrozma
|-damage|p1a: Necrozma|46/100
|-enditem|p1a: Necrozma|Leftovers|[from] move: Knock Off|[of] p2a: Yveltal
|move|p1a: Necrozma|Dragon Dance|p1a: Necrozma
|-boost|p1a: Necrozma|atk|1
|-boost|p1a: Necrozma|spe|1
|
|-weather|SunnyDay|[upkeep]
|upkeep
|turn|56
|inactive|stresh has 30 seconds left.
|
|t:|1654424784
|switch|p2a: Calyrex|Calyrex-Shadow|30/100
|-ability|p2a: Calyrex|As One
|-ability|p2a: Calyrex|Unnerve
|move|p1a: Necrozma|Morning Sun|p1a: Necrozma
|-heal|p1a: Necrozma|100/100
|
|-weather|none
|upkeep
|turn|57
|inactive|Stallion has 270 seconds left.
|
|t:|1654424831
|move|p2a: Calyrex|Astral Barrage|p1a: Necrozma
|-supereffective|p1a: Necrozma
|-damage|p1a: Necrozma|23/100
|move|p1a: Necrozma|Dragon Dance|p1a: Necrozma
|-boost|p1a: Necrozma|atk|1
|-boost|p1a: Necrozma|spe|1
|
|upkeep
|turn|58
|inactive|stresh has 30 seconds left.
|inactive|stresh has 20 seconds left.
|
|t:|1654424860
|move|p1a: Necrozma|Sunsteel Strike|p2a: Calyrex
|-damage|p2a: Calyrex|0 fnt
|faint|p2a: Calyrex
|
|upkeep
|inactive|stresh has 25 seconds left this turn.
|inactive|stresh has 20 seconds left.
|inactive|stresh has 15 seconds left.
|
|t:|1654424871
|switch|p2a: Ho-Oh|Ho-Oh|51/100
|turn|59
|inactive|stresh has 25 seconds left this turn.
|inactive|stresh has 20 seconds left.
|inactive|stresh has 15 seconds left.
|inactive|stresh has 10 seconds left.
|
|t:|1654424899
|switch|p2a: Necrozma|Necrozma-Dusk-Mane|73/100
|move|p1a: Necrozma|Sunsteel Strike|p2a: Necrozma
|-resisted|p2a: Necrozma
|-damage|p2a: Necrozma|36/100
|
|upkeep
|turn|60
|inactive|stresh has 20 seconds left this turn.
|inactive|stresh has 15 seconds left.
|inactive|stresh has 10 seconds left.
|inactive|Stallion has 240 seconds left.
|
|t:|1654424937
|move|p1a: Necrozma|Morning Sun|p1a: Necrozma
|-heal|p1a: Necrozma|73/100
|move|p2a: Necrozma|Dragon Dance|p2a: Necrozma
|-boost|p2a: Necrozma|atk|1
|-boost|p2a: Necrozma|spe|1
|
|upkeep
|turn|61
|inactive|stresh has 20 seconds left this turn.
|
|t:|1654424941
|move|p1a: Necrozma|Earthquake|p2a: Necrozma
|-supereffective|p2a: Necrozma
|-damage|p2a: Necrozma|0 fnt
|faint|p2a: Necrozma
|
|upkeep
|inactive|stresh has 25 seconds left this turn.
|
|t:|1654424944
|switch|p2a: Ho-Oh|Ho-Oh|84/100
|turn|62
|inactive|Stallion has 240 seconds left.
|inactive|Stallion has 210 seconds left.
|inactive|Stallion has 180 seconds left.
|inactive|Stallion has 150 seconds left.
|
|t:|1654425040
|move|p1a: Necrozma|Sunsteel Strike|p2a: Ho-Oh
|-resisted|p2a: Ho-Oh
|-damage|p2a: Ho-Oh|43/100
|move|p2a: Ho-Oh|Sacred Fire|p1a: Necrozma
|-supereffective|p1a: Necrozma
|-damage|p1a: Necrozma|26/100
|-status|p1a: Necrozma|brn
|
|-damage|p1a: Necrozma|20/100 brn|[from] brn
|upkeep
|turn|63
|c|☆Stallion|damn
|inactive|Stallion has 150 seconds left.
|c|☆stresh|rough
|c|☆Stallion|50/50 shot to win right there
|c|☆Stallion|I had to go for it though
|c|☆stresh|how much atk did u have
|c|☆stresh|cause this must be a roll
|c|☆Stallion|it's 0 attack but I think it's a roll
|c|☆stresh|ah
|
|t:|1654425077
|move|p1a: Necrozma|Sunsteel Strike|p2a: Ho-Oh
|-resisted|p2a: Ho-Oh
|-damage|p2a: Ho-Oh|25/100
|move|p2a: Ho-Oh|Sacred Fire|p1a: Necrozma
|-supereffective|p1a: Necrozma
|-damage|p1a: Necrozma|0 fnt
|faint|p1a: Necrozma
|
|upkeep
|c|☆stresh|not a roll with my spread
|
|t:|1654425085
|switch|p1a: Yveltal|Yveltal|100/100
|-ability|p1a: Yveltal|Dark Aura
|turn|64
|c|☆Stallion|ah
|
|t:|1654425096
|switch|p2a: Eternatus|Eternatus|88/100
|-ability|p2a: Eternatus|Pressure
|-item|p2a: Eternatus|Air Balloon
|move|p1a: Yveltal|Foul Play|p2a: Eternatus
|-damage|p2a: Eternatus|70/100
|-enditem|p2a: Eternatus|Air Balloon
|
|upkeep
|turn|65
|
|t:|1654425105
|switch|p1a: Calyrex|Calyrex-Shadow|100/100
|-ability|p1a: Calyrex|As One
|-ability|p1a: Calyrex|Unnerve
|move|p2a: Eternatus|Draco Meteor|p1a: Calyrex
|-damage|p1a: Calyrex|41/100
|-unboost|p2a: Eternatus|spa|2
|
|upkeep
|turn|66
|
|t:|1654425117
|switch|p1a: Yveltal|Yveltal|100/100
|-ability|p1a: Yveltal|Dark Aura
|switch|p2a: Yveltal|Yveltal|100/100
|-ability|p2a: Yveltal|Dark Aura
|
|upkeep
|turn|67
|
|t:|1654425122
|switch|p2a: Eternatus|Eternatus|70/100
|-ability|p2a: Eternatus|Pressure
|move|p1a: Yveltal|Foul Play|p2a: Eternatus
|-damage|p2a: Eternatus|52/100
|
|upkeep
|turn|68
|
|t:|1654425127
|move|p2a: Eternatus|Draco Meteor|p1a: Yveltal
|-damage|p1a: Yveltal|60/100
|-unboost|p2a: Eternatus|spa|2
|move|p1a: Yveltal|Foul Play|p2a: Eternatus
|-crit|p2a: Eternatus
|-damage|p2a: Eternatus|21/100
|
|upkeep
|turn|69
|
|t:|1654425132
|switch|p1a: Calyrex|Calyrex-Shadow|41/100
|-ability|p1a: Calyrex|As One
|-ability|p1a: Calyrex|Unnerve
|move|p2a: Eternatus|Recover|p2a: Eternatus
|-heal|p2a: Eternatus|71/100
|
|upkeep
|turn|70
|
|t:|1654425138
|switch|p1a: Yveltal|Yveltal|60/100
|-ability|p1a: Yveltal|Dark Aura
|switch|p2a: Yveltal|Yveltal|100/100
|-ability|p2a: Yveltal|Dark Aura
|
|upkeep
|turn|71
|
|t:|1654425141
|switch|p2a: Eternatus|Eternatus|71/100
|-ability|p2a: Eternatus|Pressure
|move|p1a: Yveltal|Roost|p1a: Yveltal
|-heal|p1a: Yveltal|100/100
|-singleturn|p1a: Yveltal|move: Roost
|
|upkeep
|turn|72
|
|t:|1654425150
|move|p2a: Eternatus|Sludge Bomb|p1a: Yveltal
|-damage|p1a: Yveltal|71/100
|move|p1a: Yveltal|Roost|p1a: Yveltal
|-heal|p1a: Yveltal|100/100
|-singleturn|p1a: Yveltal|move: Roost
|
|upkeep
|turn|73
|
|t:|1654425156
|switch|p1a: Calyrex|Calyrex-Shadow|41/100
|-ability|p1a: Calyrex|As One
|-ability|p1a: Calyrex|Unnerve
|move|p2a: Eternatus|Sludge Bomb|p1a: Calyrex
|-resisted|p1a: Calyrex
|-damage|p1a: Calyrex|21/100
|
|upkeep
|turn|74
|
|t:|1654425160
|switch|p2a: Yveltal|Yveltal|100/100
|-ability|p2a: Yveltal|Dark Aura
|move|p1a: Calyrex|Astral Barrage|p2a: Yveltal
|-resisted|p2a: Yveltal
|-damage|p2a: Yveltal|75/100
|
|upkeep
|turn|75
|
|t:|1654425165
|switch|p1a: Yveltal|Yveltal|100/100
|-ability|p1a: Yveltal|Dark Aura
|move|p2a: Yveltal|Roost|p2a: Yveltal
|-heal|p2a: Yveltal|100/100
|-singleturn|p2a: Yveltal|move: Roost
|
|upkeep
|turn|76
|
|t:|1654425171
|switch|p2a: Eternatus|Eternatus|71/100
|-ability|p2a: Eternatus|Pressure
|move|p1a: Yveltal|Foul Play|p2a: Eternatus
|-damage|p2a: Eternatus|51/100
|
|upkeep
|turn|77
|
|t:|1654425179
|move|p2a: Eternatus|Recover|p2a: Eternatus
|-heal|p2a: Eternatus|100/100
|move|p1a: Yveltal|Foul Play|p2a: Eternatus
|-damage|p2a: Eternatus|83/100
|
|upkeep
|turn|78
|c|☆Stallion|I won't prolong this any further
|c|☆stresh|gg
|c|☆Stallion|I should've run Knock over EQ lol
|c|☆Stallion|mightve been different then but I am mag paranoid
|c|☆Stallion|gg
|c|☆stresh|yea
|inactive|Stallion has 210 seconds left.
|-message|Stallion forfeited.
|
|win|stresh
