|inactive|Battle timer is ON: inactive players will automatically lose when time's up.
|t:|1653255723
|gametype|singles
|player|p1|King Billu|rood|
|player|p2|Luthier|#luthier|
|teamsize|p1|6
|teamsize|p2|6
|gen|8
|tier|[Gen 8] Ubers
|rule|Sleep Clause Mod: Limit one foe put to sleep
|rule|Species Clause: Limit one of each Pokémon
|rule|OHKO Clause: OHKO moves are banned
|rule|Evasion Moves Clause: Evasion moves are banned
|rule|Endless Battle Clause: Forcing endless battles is banned
|rule|HP Percentage Mod: HP is shown in percentages
|rule|Dynamax Clause: You cannot dynamax
|clearpoke
|poke|p1|Scolipede, M|
|poke|p1|Zamazenta-*|
|poke|p1|Yveltal|
|poke|p1|Xerneas-*|
|poke|p1|Eternatus|
|poke|p1|Calyrex-Shadow|
|poke|p2|Marshadow|
|poke|p2|Eternatus|
|poke|p2|Yveltal|
|poke|p2|Necrozma-Dusk-Mane|
|poke|p2|Groudon|
|poke|p2|Calyrex-Shadow|
|teampreview
|c|☆King Billu|hf
|inactive|King Billu has 270 seconds left.
|inactive|Luthier has 270 seconds left.
|
|t:|1653255774
|start
|switch|p1a: Scolipede|Scolipede, M|100/100
|switch|p2a: Yveltal|Yveltal, shiny|100/100
|-ability|p2a: Yveltal|Dark Aura
|turn|1
|
|t:|1653255780
|move|p1a: Scolipede|Spikes|p2a: Yveltal
|-sidestart|p2: Luthier|Spikes
|move|p2a: Yveltal|Taunt|p1a: Scolipede
|-start|p1a: Scolipede|move: Taunt
|
|-ability|p1a: Scolipede|Speed Boost|boost
|-boost|p1a: Scolipede|spe|1
|upkeep
|turn|2
|
|t:|1653255784
|move|p1a: Scolipede|Poison Jab|p2a: Yveltal
|-crit|p2a: Yveltal
|-damage|p2a: Yveltal|57/100
|move|p2a: Yveltal|Defog|p1a: Scolipede
|-unboost|p1a: Scolipede|evasion|1
|-sideend|p2: Luthier|Spikes|[from] move: Defog|[of] p2a: Yveltal
|
|-ability|p1a: Scolipede|Speed Boost|boost
|-boost|p1a: Scolipede|spe|1
|upkeep
|turn|3
|
|t:|1653255799
|move|p1a: Scolipede|Poison Jab|p2a: Yveltal
|-damage|p2a: Yveltal|30/100
|move|p2a: Yveltal|Roost|p2a: Yveltal
|-heal|p2a: Yveltal|80/100
|-singleturn|p2a: Yveltal|move: Roost
|
|-ability|p1a: Scolipede|Speed Boost|boost
|-boost|p1a: Scolipede|spe|1
|upkeep
|turn|4
|inactive|Luthier has 270 seconds left.
|
|t:|1653255829
|move|p1a: Scolipede|Poison Jab|p2a: Yveltal
|-damage|p2a: Yveltal|55/100
|move|p2a: Yveltal|Knock Off|p1a: Scolipede
|-damage|p1a: Scolipede|13/100
|-enditem|p1a: Scolipede|Focus Sash|[from] move: Knock Off|[of] p2a: Yveltal
|
|-end|p1a: Scolipede|move: Taunt
|-ability|p1a: Scolipede|Speed Boost|boost
|-boost|p1a: Scolipede|spe|1
|upkeep
|turn|5
|inactive|Luthier has 270 seconds left.
|
|t:|1653255848
|move|p1a: Scolipede|Spikes|p2a: Yveltal
|-sidestart|p2: Luthier|Spikes
|move|p2a: Yveltal|Knock Off|p1a: Scolipede
|-damage|p1a: Scolipede|0 fnt
|faint|p1a: Scolipede
|
|upkeep
|
|t:|1653255855
|switch|p1a: Eternatus|Eternatus|100/100
|-ability|p1a: Eternatus|Pressure
|turn|6
|
|t:|1653255867
|switch|p2a: Necrozma|Necrozma-Dusk-Mane, shiny|100/100
|-damage|p2a: Necrozma|88/100|[from] Spikes
|move|p1a: Eternatus|Meteor Beam||[still]
|-prepare|p1a: Eternatus|Meteor Beam
|-boost|p1a: Eternatus|spa|1
|-enditem|p1a: Eternatus|Power Herb
|-anim|p1a: Eternatus|Meteor Beam|p2a: Necrozma
|-resisted|p2a: Necrozma
|-damage|p2a: Necrozma|69/100
|
|-heal|p2a: Necrozma|75/100|[from] item: Leftovers
|upkeep
|turn|7
|inactive|Luthier has 270 seconds left.
|inactive|King Billu has 270 seconds left.
|inactive|King Billu has 240 seconds left.
|
|t:|1653255962
|move|p1a: Eternatus|Flamethrower|p2a: Necrozma
|-supereffective|p2a: Necrozma
|-damage|p2a: Necrozma|32/100
|move|p2a: Necrozma|Moonlight|p2a: Necrozma
|-heal|p2a: Necrozma|82/100
|
|-heal|p2a: Necrozma|88/100|[from] item: Leftovers
|upkeep
|turn|8
|
|t:|1653255973
|move|p1a: Eternatus|Flamethrower|p2a: Necrozma
|-supereffective|p2a: Necrozma
|-damage|p2a: Necrozma|45/100
|-status|p2a: Necrozma|brn
|move|p2a: Necrozma|Thunder Wave|p1a: Eternatus|[miss]
|-miss|p2a: Necrozma|p1a: Eternatus
|
|-heal|p2a: Necrozma|51/100 brn|[from] item: Leftovers
|-damage|p2a: Necrozma|45/100 brn|[from] brn
|upkeep
|turn|9
|c|☆King Billu|mb
|
|t:|1653255982
|move|p1a: Eternatus|Substitute|p1a: Eternatus
|-start|p1a: Eternatus|Substitute
|-damage|p1a: Eternatus|76/100
|move|p2a: Necrozma|Thunder Wave||[still]
|-fail|p2a: Necrozma
|
|-heal|p2a: Necrozma|51/100 brn|[from] item: Leftovers
|-damage|p2a: Necrozma|45/100 brn|[from] brn
|upkeep
|turn|10
|inactive|Luthier has 240 seconds left.
|
|t:|1653256023
|move|p1a: Eternatus|Flamethrower|p2a: Necrozma
|-supereffective|p2a: Necrozma
|-damage|p2a: Necrozma|0 fnt
|faint|p2a: Necrozma
|
|upkeep
|inactive|Luthier has 210 seconds left.
|
|t:|1653256057
|switch|p2a: Groudon|Groudon, shiny|100/100
|-damage|p2a: Groudon|88/100|[from] Spikes
|-weather|SunnyDay|[from] ability: Drought|[of] p2a: Groudon
|turn|11
|
|t:|1653256071
|move|p1a: Eternatus|Dynamax Cannon|p2a: Groudon
|-damage|p2a: Groudon|15/100
|move|p2a: Groudon|Precipice Blades|p1a: Eternatus
|-supereffective|p1a: Eternatus
|-end|p1a: Eternatus|Substitute
|
|-weather|SunnyDay|[upkeep]
|-heal|p2a: Groudon|22/100|[from] item: Leftovers
|upkeep
|turn|12
|
|t:|1653256080
|move|p1a: Eternatus|Dynamax Cannon|p2a: Groudon
|-damage|p2a: Groudon|0 fnt
|faint|p2a: Groudon
|
|-weather|SunnyDay|[upkeep]
|upkeep
|
|t:|1653256083
|switch|p2a: Calyrex|Calyrex-Shadow|100/100
|-ability|p2a: Calyrex|As One
|-ability|p2a: Calyrex|Unnerve
|-damage|p2a: Calyrex|88/100|[from] Spikes
|turn|13
|
|t:|1653256090
|switch|p1a: Yveltal|Yveltal|100/100
|-ability|p1a: Yveltal|Dark Aura
|move|p2a: Calyrex|Substitute|p2a: Calyrex
|-start|p2a: Calyrex|Substitute
|-damage|p2a: Calyrex|63/100
|
|-weather|SunnyDay|[upkeep]
|-heal|p2a: Calyrex|69/100|[from] item: Leftovers
|upkeep
|turn|14
|
|t:|1653256095
|move|p2a: Calyrex|Leech Seed|p1a: Yveltal
|-start|p1a: Yveltal|move: Leech Seed
|move|p1a: Yveltal|Taunt|p2a: Calyrex
|-start|p2a: Calyrex|move: Taunt
|
|-weather|SunnyDay|[upkeep]
|-heal|p2a: Calyrex|76/100|[from] item: Leftovers
|-damage|p1a: Yveltal|88/100|[from] Leech Seed|[of] p2a: Calyrex
|-heal|p2a: Calyrex|90/100|[silent]
|upkeep
|turn|15
|
|t:|1653256102
|move|p2a: Calyrex|Astral Barrage|p1a: Yveltal
|-resisted|p1a: Yveltal
|-damage|p1a: Yveltal|59/100
|move|p1a: Yveltal|Knock Off|p2a: Calyrex
|-supereffective|p2a: Calyrex
|-end|p2a: Calyrex|Substitute
|
|-weather|none
|-heal|p2a: Calyrex|96/100|[from] item: Leftovers
|-damage|p1a: Yveltal|46/100|[from] Leech Seed|[of] p2a: Calyrex
|-heal|p2a: Calyrex|100/100|[silent]
|upkeep
|turn|16
|
|t:|1653256117
|switch|p2a: Yveltal|Yveltal, shiny|55/100
|-ability|p2a: Yveltal|Dark Aura
|move|p1a: Yveltal|Roost|p1a: Yveltal
|-heal|p1a: Yveltal|96/100
|-singleturn|p1a: Yveltal|move: Roost
|
|-damage|p1a: Yveltal|84/100|[from] Leech Seed|[of] p2a: Yveltal
|-heal|p2a: Yveltal|66/100|[silent]
|upkeep
|turn|17
|
|t:|1653256132
|move|p1a: Yveltal|Knock Off|p2a: Yveltal
|-resisted|p2a: Yveltal
|-damage|p2a: Yveltal|39/100
|-enditem|p2a: Yveltal|Heavy-Duty Boots|[from] move: Knock Off|[of] p1a: Yveltal
|move|p2a: Yveltal|Defog|p1a: Yveltal
|-unboost|p1a: Yveltal|evasion|1
|-sideend|p2: Luthier|Spikes|[from] move: Defog|[of] p2a: Yveltal
|
|-damage|p1a: Yveltal|71/100|[from] Leech Seed|[of] p2a: Yveltal
|-heal|p2a: Yveltal|50/100|[silent]
|upkeep
|turn|18
|
|t:|1653256141
|switch|p1a: BIG BUNDA|Zamazenta-Crowned|100/100
|-ability|p1a: BIG BUNDA|Dauntless Shield|boost
|-boost|p1a: BIG BUNDA|def|1
|move|p2a: Yveltal|Knock Off|p1a: BIG BUNDA
|-resisted|p1a: BIG BUNDA
|-damage|p1a: BIG BUNDA|91/100
|
|upkeep
|turn|19
|
|t:|1653256159
|switch|p2a: Eternatus|Eternatus|100/100
|-ability|p2a: Eternatus|Pressure
|-item|p2a: Eternatus|Air Balloon
|move|p1a: BIG BUNDA|Behemoth Bash|p2a: Eternatus
|-damage|p2a: Eternatus|65/100
|-enditem|p2a: Eternatus|Air Balloon
|
|upkeep
|turn|20
|
|t:|1653256172
|move|p1a: BIG BUNDA|Howl|p1a: BIG BUNDA
|-boost|p1a: BIG BUNDA|atk|1
|move|p2a: Eternatus|Recover|p2a: Eternatus
|-heal|p2a: Eternatus|100/100
|
|upkeep
|turn|21
|
|t:|1653256180
|move|p1a: BIG BUNDA|Behemoth Bash|p2a: Eternatus
|-damage|p2a: Eternatus|46/100
|move|p2a: Eternatus|Flamethrower|p1a: BIG BUNDA
|-supereffective|p1a: BIG BUNDA
|-damage|p1a: BIG BUNDA|43/100
|
|upkeep
|turn|22
|
|t:|1653256190
|move|p1a: BIG BUNDA|Behemoth Bash|p2a: Eternatus
|-damage|p2a: Eternatus|0 fnt
|faint|p2a: Eternatus
|
|upkeep
|
|t:|1653256192
|switch|p2a: Calyrex|Calyrex-Shadow|100/100
|-ability|p2a: Calyrex|As One
|-ability|p2a: Calyrex|Unnerve
|turn|23
|
|t:|1653256201
|switch|p1a: Yveltal|Yveltal|71/100
|-ability|p1a: Yveltal|Dark Aura
|move|p2a: Calyrex|Substitute|p2a: Calyrex
|-start|p2a: Calyrex|Substitute
|-damage|p2a: Calyrex|76/100
|
|-heal|p2a: Calyrex|82/100|[from] item: Leftovers
|upkeep
|turn|24
|
|t:|1653256215
|move|p2a: Calyrex|Nasty Plot|p2a: Calyrex
|-boost|p2a: Calyrex|spa|2
|move|p1a: Yveltal|Taunt|p2a: Calyrex
|-start|p2a: Calyrex|move: Taunt
|
|-heal|p2a: Calyrex|88/100|[from] item: Leftovers
|upkeep
|turn|25
|
|t:|1653256220
|move|p2a: Calyrex|Astral Barrage|p1a: Yveltal
|-resisted|p1a: Yveltal
|-crit|p1a: Yveltal
|-damage|p1a: Yveltal|0 fnt
|faint|p1a: Yveltal
|-ability|p2a: Calyrex|Grim Neigh|boost
|-boost|p2a: Calyrex|spa|1
|
|-heal|p2a: Calyrex|94/100|[from] item: Leftovers
|upkeep
|c|+Stone Cold|Lame 
|inactive|King Billu has 270 seconds left.
|c|+i♥catgirls|LOL
|c|☆Luthier|whats lame? 
|c|+Stone Cold|Da creet
|inactive|King Billu has 240 seconds left.
|inactive|King Billu has 210 seconds left.
|inactive|King Billu has 180 seconds left.
|
|t:|1653256343
|switch|p1a: Calyrex|Calyrex-Shadow|100/100
|-ability|p1a: Calyrex|As One
|-ability|p1a: Calyrex|Unnerve
|turn|26
|
|t:|1653256345
|move|p1a: Calyrex|Astral Barrage|p2a: Calyrex
|-supereffective|p2a: Calyrex
|-end|p2a: Calyrex|Substitute
|move|p2a: Calyrex|Astral Barrage|p1a: Calyrex
|-supereffective|p1a: Calyrex
|-damage|p1a: Calyrex|0 fnt
|faint|p1a: Calyrex
|-ability|p2a: Calyrex|Grim Neigh|boost
|-boost|p2a: Calyrex|spa|1
|
|-heal|p2a: Calyrex|99/100|[from] item: Leftovers
|upkeep
|c|☆King Billu|gg
|c|☆Luthier|gg
|-message|King Billu forfeited.
|
|win|Luthier
