|inactive|Battle timer is ON: inactive players will automatically lose when time's up.
|t:|1667578790
|gametype|singles
|player|p1|Inder|lucas|
|player|p2|RichardMillePlain|266|
|teamsize|p1|6
|teamsize|p2|6
|gen|8
|tier|[Gen 8] Ubers
|rule|Sleep Clause Mod: Limit one foe put to sleep
|rule|Species Clause: Limit one of each Pokémon
|rule|OHKO Clause: OHKO moves are banned
|rule|Evasion Items Clause: Evasion items are banned
|rule|Evasion Moves Clause: Evasion moves are banned
|rule|Endless Battle Clause: Forcing endless battles is banned
|rule|HP Percentage Mod: HP is shown in percentages
|rule|Dynamax Clause: You cannot dynamax
|clearpoke
|poke|p1|Calyrex-Shadow|
|poke|p1|Groudon|
|poke|p1|Necrozma-Dusk-Mane|
|poke|p1|Yveltal|
|poke|p1|Eternatus|
|poke|p1|Clefable, F|
|poke|p2|Excadrill, F|
|poke|p2|Eternatus|
|poke|p2|Marshadow|
|poke|p2|Necrozma-Dusk-Mane|
|poke|p2|Xerneas-*|
|poke|p2|Yveltal|
|teampreview
|inactive|Inder also wants the timer to be on.
|c|☆RichardMillePlain|hf
|c|☆Inder|hf
|
|t:|1667578802
|start
|switch|p1a: Calyrex|Calyrex-Shadow|100/100
|switch|p2a: Excadrill|Excadrill, F|100/100
|-ability|p1a: Calyrex|As One
|-ability|p1a: Calyrex|Unnerve
|-ability|p2a: Excadrill|Mold Breaker
|turn|1
|
|t:|1667578806
|move|p1a: Calyrex|Astral Barrage|p2a: Excadrill
|-damage|p2a: Excadrill|1/100
|move|p2a: Excadrill|Stealth Rock|p1a: Calyrex
|-sidestart|p1: Inder|move: Stealth Rock
|
|upkeep
|turn|2
|
|t:|1667578810
|move|p1a: Calyrex|Astral Barrage|p2a: Excadrill
|-damage|p2a: Excadrill|0 fnt
|faint|p2a: Excadrill
|-ability|p1a: Calyrex|Grim Neigh|boost
|-boost|p1a: Calyrex|spa|1
|
|upkeep
|
|t:|1667578812
|switch|p2a: Yveltal|Yveltal|100/100
|-ability|p2a: Yveltal|Dark Aura
|turn|3
|c|☆Inder|mhhhhh
|c|☆Inder|phys ou spe
|c|☆Inder|allez je penche pour le phys
|c|☆RichardMillePlain|bandeau specs
|
|t:|1667578831
|switch|p1a: Clefable|Clefable, F|100/100
|move|p2a: Yveltal|Knock Off|p1a: Clefable
|-resisted|p1a: Clefable
|-crit|p1a: Clefable
|-damage|p1a: Clefable|69/100
|
|upkeep
|turn|4
|
|t:|1667578836
|move|p2a: Yveltal|Taunt|p1a: Clefable
|-start|p1a: Clefable|move: Taunt
|move|p1a: Clefable|Moonblast|p2a: Yveltal
|-supereffective|p2a: Yveltal
|-damage|p2a: Yveltal|50/100
|
|upkeep
|turn|5
|
|t:|1667578840
|switch|p2a: Necrozma|Necrozma-Dusk-Mane|100/100
|move|p1a: Clefable|Moonblast|p2a: Necrozma
|-resisted|p2a: Necrozma
|-damage|p2a: Necrozma|88/100
|
|upkeep
|turn|6
|
|t:|1667578845
|switch|p2a: Yveltal|Yveltal|50/100
|-ability|p2a: Yveltal|Dark Aura
|switch|p1a: Groudon|Groudon|100/100
|-damage|p1a: Groudon|94/100|[from] Stealth Rock
|-weather|SunnyDay|[from] ability: Drought|[of] p1a: Groudon
|
|-weather|SunnyDay|[upkeep]
|upkeep
|turn|7
|
|t:|1667578851
|move|p2a: Yveltal|Knock Off|p1a: Groudon
|-damage|p1a: Groudon|32/100
|-enditem|p1a: Groudon|Choice Band|[from] move: Knock Off|[of] p2a: Yveltal
|move|p1a: Groudon|Heat Crash|p2a: Yveltal
|-damage|p2a: Yveltal|0 fnt
|faint|p2a: Yveltal
|
|-weather|SunnyDay|[upkeep]
|upkeep
|
|t:|1667578854
|switch|p2a: Marshadow|Marshadow|100/100
|turn|8
|
|t:|1667578857
|move|p2a: Marshadow|Low Kick|p1a: Groudon
|-damage|p1a: Groudon|0 fnt
|faint|p1a: Groudon
|-damage|p2a: Marshadow|91/100|[from] item: Life Orb
|
|-weather|SunnyDay|[upkeep]
|upkeep
|
|t:|1667578859
|switch|p1a: Clefable|Clefable, F|69/100
|turn|9
|
|t:|1667578862
|switch|p2a: Necrozma|Necrozma-Dusk-Mane|88/100
|move|p1a: Clefable|Thunder Wave|p2a: Necrozma
|-status|p2a: Necrozma|par
|
|-weather|SunnyDay|[upkeep]
|upkeep
|turn|10
|
|t:|1667578866
|move|p1a: Clefable|Stealth Rock|p2a: Necrozma
|-sidestart|p2: RichardMillePlain|move: Stealth Rock
|move|p2a: Necrozma|Sunsteel Strike|p1a: Clefable
|-supereffective|p1a: Clefable
|-damage|p1a: Clefable|0 fnt
|faint|p1a: Clefable
|
|-weather|none
|upkeep
|
|t:|1667578869
|switch|p1a: Calyrex|Calyrex-Shadow|100/100
|-ability|p1a: Calyrex|As One
|-ability|p1a: Calyrex|Unnerve
|-damage|p1a: Calyrex|88/100|[from] Stealth Rock
|turn|11
|
|t:|1667578872
|move|p1a: Calyrex|Astral Barrage|p2a: Necrozma
|-supereffective|p2a: Necrozma
|-damage|p2a: Necrozma|0 fnt
|faint|p2a: Necrozma
|-ability|p1a: Calyrex|Grim Neigh|boost
|-boost|p1a: Calyrex|spa|1
|
|upkeep
|
|t:|1667578874
|switch|p2a: Marshadow|Marshadow|91/100
|-damage|p2a: Marshadow|84/100|[from] Stealth Rock
|turn|12
|
|t:|1667578879
|switch|p1a: Eternatus|Eternatus|100/100
|-damage|p1a: Eternatus|88/100|[from] Stealth Rock
|-ability|p1a: Eternatus|Pressure
|move|p2a: Marshadow|Ice Punch|p1a: Eternatus
|-supereffective|p1a: Eternatus
|-damage|p1a: Eternatus|28/100
|-damage|p2a: Marshadow|74/100|[from] item: Life Orb
|
|-heal|p1a: Eternatus|34/100|[from] item: Black Sludge
|upkeep
|turn|13
|
|t:|1667578883
|move|p1a: Eternatus|Dragon Pulse|p2a: Marshadow
|-damage|p2a: Marshadow|30/100
|move|p2a: Marshadow|Ice Punch|p1a: Eternatus
|-supereffective|p1a: Eternatus
|-damage|p1a: Eternatus|0 fnt
|faint|p1a: Eternatus
|-damage|p2a: Marshadow|20/100|[from] item: Life Orb
|
|upkeep
|
|t:|1667578886
|switch|p1a: Yveltal|Yveltal|100/100
|-ability|p1a: Yveltal|Dark Aura
|turn|14
|
|t:|1667578890
|move|p2a: Marshadow|Shadow Sneak|p1a: Yveltal
|-resisted|p1a: Yveltal
|-damage|p1a: Yveltal|81/100
|-damage|p2a: Marshadow|10/100|[from] item: Life Orb
|move|p1a: Yveltal|Foul Play|p2a: Marshadow
|-damage|p2a: Marshadow|0 fnt
|faint|p2a: Marshadow
|
|upkeep
|
|t:|1667578891
|switch|p2a: Xerneas|Xerneas|100/100
|-damage|p2a: Xerneas|88/100|[from] Stealth Rock
|-ability|p2a: Xerneas|Fairy Aura
|turn|15
|
|t:|1667578894
|switch|p1a: Necrozma|Necrozma-Dusk-Mane|100/100
|-damage|p1a: Necrozma|94/100|[from] Stealth Rock
|move|p2a: Xerneas|Geomancy||[still]
|-prepare|p2a: Xerneas|Geomancy
|-enditem|p2a: Xerneas|Power Herb
|-anim|p2a: Xerneas|Geomancy|p2a: Xerneas
|-boost|p2a: Xerneas|spa|2
|-boost|p2a: Xerneas|spd|2
|-boost|p2a: Xerneas|spe|2
|
|-heal|p1a: Necrozma|100/100|[from] item: Leftovers
|upkeep
|turn|16
|
|t:|1667578896
|move|p2a: Xerneas|Thunder|p1a: Necrozma
|-crit|p1a: Necrozma
|-damage|p1a: Necrozma|15/100
|-status|p1a: Necrozma|par
|move|p1a: Necrozma|Sunsteel Strike|p2a: Xerneas
|-supereffective|p2a: Xerneas
|-damage|p2a: Xerneas|11/100
|
|-heal|p1a: Necrozma|21/100 par|[from] item: Leftovers
|upkeep
|turn|17
|c|☆Inder|mdrrrrrrrr
|
|t:|1667578904
|move|p2a: Xerneas|Moonblast|p1a: Necrozma
|-resisted|p1a: Necrozma
|-crit|p1a: Necrozma
|-damage|p1a: Necrozma|0 fnt
|faint|p1a: Necrozma
|
|upkeep
|c|☆RichardMillePlain|tres bien jouer de ma part
|
|t:|1667578906
|switch|p1a: Yveltal|Yveltal|81/100
|-ability|p1a: Yveltal|Dark Aura
|turn|18
|
|t:|1667578910
|move|p1a: Yveltal|Sucker Punch|p2a: Xerneas
|-resisted|p2a: Xerneas
|-crit|p2a: Xerneas
|-damage|p2a: Xerneas|0 fnt
|faint|p2a: Xerneas
|
|upkeep
|
|t:|1667578911
|switch|p2a: Eternatus|Eternatus|100/100
|-damage|p2a: Eternatus|88/100|[from] Stealth Rock
|-ability|p2a: Eternatus|Pressure
|turn|19
|c|☆Inder|je crois
|c|☆Inder|que je suis ken
|
|t:|1667578922
|move|p1a: Yveltal|Sucker Punch|p2a: Eternatus
|-crit|p2a: Eternatus
|-damage|p2a: Eternatus|38/100
|move|p2a: Eternatus|Meteor Beam||[still]
|-prepare|p2a: Eternatus|Meteor Beam
|-boost|p2a: Eternatus|spa|1
|-enditem|p2a: Eternatus|Power Herb
|-anim|p2a: Eternatus|Meteor Beam|p1a: Yveltal
|-supereffective|p1a: Yveltal
|-damage|p1a: Yveltal|0 fnt
|faint|p1a: Yveltal
|
|upkeep
|c|☆Inder|ah nan
|c|☆RichardMillePlain|hein
|c|☆RichardMillePlain|ah merde
|c|☆Inder|t'as pas sub ?
|c|☆RichardMillePlain|si
|c|☆RichardMillePlain|mais sa a cancel
|c|☆Inder|oh le chokito
|
|t:|1667578938
|switch|p1a: Calyrex|Calyrex-Shadow|88/100
|-ability|p1a: Calyrex|As One
|-ability|p1a: Calyrex|Unnerve
|-damage|p1a: Calyrex|76/100|[from] Stealth Rock
|turn|20
|
|t:|1667578940
|move|p1a: Calyrex|Astral Barrage|p2a: Eternatus
|-crit|p2a: Eternatus
|-damage|p2a: Eternatus|0 fnt
|faint|p2a: Eternatus
|
|win|Inder
