|inactive|Battle timer is ON: inactive players will automatically lose when time's up.
|t:|1656165643
|gametype|singles
|player|p1|Eledyr|benga|
|player|p2|god mami pix|klara|
|teamsize|p1|6
|teamsize|p2|6
|gen|8
|tier|[Gen 8] Ubers
|rule|Sleep Clause Mod: Limit one foe put to sleep
|rule|Species Clause: Limit one of each Pokémon
|rule|OHKO Clause: OHKO moves are banned
|rule|Evasion Moves Clause: Evasion moves are banned
|rule|Endless Battle Clause: Forcing endless battles is banned
|rule|HP Percentage Mod: HP is shown in percentages
|rule|Dynamax Clause: You cannot dynamax
|clearpoke
|poke|p1|Slurpuff, M|
|poke|p1|Yveltal|
|poke|p1|Calyrex-Shadow|
|poke|p1|Weavile, F|
|poke|p1|Necrozma-Dusk-Mane|
|poke|p1|Kyogre|
|poke|p2|Kyogre|
|poke|p2|Zekrom|
|poke|p2|Eternatus|
|poke|p2|Yveltal|
|poke|p2|Necrozma-Dusk-Mane|
|poke|p2|Marshadow|
|teampreview
|inactive|god mami pix also wants the timer to be on.
|c|☆god mami pix|hf
|inactive|Eledyr has 270 seconds left.
|inactive|god mami pix has 270 seconds left.
|c|☆Eledyr|hf too !
|c|+Hoennseptile|go ele
|c|+Stallion|Elegod
|inactive|Eledyr has 240 seconds left.
|inactive|god mami pix has 240 seconds left.
|c|+Heika|gogogo eledyr
|inactive|Eledyr has 210 seconds left.
|inactive|god mami pix has 210 seconds left.
|c|+Perry|LETS GO FRANCE
|inactive|god mami pix has 180 seconds left.
|
|t:|1656165781
|start
|switch|p1a: Slurpuff|Slurpuff, M|100/100
|switch|p2a: Eternatus|Eternatus|100/100
|-ability|p2a: Eternatus|Pressure
|turn|1
|inactive|Eledyr has 240 seconds left.
|
|t:|1656165813
|move|p2a: Eternatus|Flamethrower|p1a: Slurpuff
|-damage|p1a: Slurpuff|33/100
|move|p1a: Slurpuff|Sticky Web|p2a: Eternatus
|-sidestart|p2: god mami pix|move: Sticky Web
|
|upkeep
|turn|2
|inactive|Eledyr has 240 seconds left.
|inactive|god mami pix has 240 seconds left.
|
|t:|1656165820
|move|p2a: Eternatus|Flamethrower|p1a: Slurpuff
|-crit|p1a: Slurpuff
|-damage|p1a: Slurpuff|0 fnt
|faint|p1a: Slurpuff
|
|upkeep
|inactive|Eledyr has 240 seconds left.
|c|+RuthlessDragon6|go eledyr
|
|t:|1656165852
|switch|p1a: Necrozma|Necrozma-Dusk-Mane|100/100
|turn|3
|inactive|Eledyr has 210 seconds left.
|inactive|god mami pix has 240 seconds left.
|inactive|Eledyr has 180 seconds left.
|inactive|god mami pix has 210 seconds left.
|inactive|god mami pix has 180 seconds left.
|inactive|god mami pix has 150 seconds left.
|
|t:|1656165964
|move|p2a: Eternatus|Flamethrower|p1a: Necrozma
|-supereffective|p1a: Necrozma
|-damage|p1a: Necrozma|60/100
|-enditem|p1a: Necrozma|Weakness Policy
|-boost|p1a: Necrozma|atk|2|[from] item: Weakness Policy
|-boost|p1a: Necrozma|spa|2|[from] item: Weakness Policy
|move|p1a: Necrozma|Dragon Dance|p1a: Necrozma
|-boost|p1a: Necrozma|atk|1
|-boost|p1a: Necrozma|spe|1
|
|upkeep
|turn|4
|inactive|god mami pix has 150 seconds left.
|
|t:|1656165992
|move|p2a: Eternatus|Flamethrower|p1a: Necrozma
|-supereffective|p1a: Necrozma
|-damage|p1a: Necrozma|17/100
|move|p1a: Necrozma|Sunsteel Strike|p2a: Eternatus
|-damage|p2a: Eternatus|0 fnt
|faint|p2a: Eternatus
|
|upkeep
|
|t:|1656165996
|switch|p2a: Marshadow|Marshadow|100/100
|-activate|p2a: Marshadow|move: Sticky Web
|-unboost|p2a: Marshadow|spe|1
|turn|5
|
|t:|1656166002
|move|p2a: Marshadow|Shadow Sneak|p1a: Necrozma
|-supereffective|p1a: Necrozma
|-damage|p1a: Necrozma|0 fnt
|faint|p1a: Necrozma
|
|upkeep
|inactive|Eledyr has 150 seconds left.
|
|t:|1656166037
|switch|p1a: Yveltal|Yveltal|100/100
|-ability|p1a: Yveltal|Dark Aura
|turn|6
|
|t:|1656166042
|switch|p2a: Yveltal|Yveltal|100/100
|-ability|p2a: Yveltal|Dark Aura
|move|p1a: Yveltal|Knock Off|p2a: Yveltal
|-resisted|p2a: Yveltal
|-damage|p2a: Yveltal|69/100
|-enditem|p2a: Yveltal|Heavy-Duty Boots|[from] move: Knock Off|[of] p1a: Yveltal
|
|upkeep
|turn|7
|
|t:|1656166045
|move|p2a: Yveltal|Defog|p1a: Yveltal
|-unboost|p1a: Yveltal|evasion|1
|-sideend|p2: god mami pix|Sticky Web|[from] move: Defog|[of] p2a: Yveltal
|move|p1a: Yveltal|Taunt|p2a: Yveltal
|-start|p2a: Yveltal|move: Taunt
|
|upkeep
|turn|8
|inactive|god mami pix has 180 seconds left.
|
|t:|1656166057
|move|p2a: Yveltal|Knock Off|p1a: Yveltal
|-resisted|p1a: Yveltal
|-damage|p1a: Yveltal|76/100
|-enditem|p1a: Yveltal|Black Glasses|[from] move: Knock Off|[of] p2a: Yveltal
|move|p1a: Yveltal|Knock Off|p2a: Yveltal
|-resisted|p2a: Yveltal
|-damage|p2a: Yveltal|51/100
|
|upkeep
|turn|9
|
|t:|1656166064
|move|p2a: Yveltal|Knock Off|p1a: Yveltal
|-resisted|p1a: Yveltal
|-damage|p1a: Yveltal|57/100
|move|p1a: Yveltal|Knock Off|p2a: Yveltal
|-resisted|p2a: Yveltal
|-damage|p2a: Yveltal|32/100
|
|upkeep
|turn|10
|
|t:|1656166069
|move|p1a: Yveltal|Roost|p1a: Yveltal
|-heal|p1a: Yveltal|100/100
|-singleturn|p1a: Yveltal|move: Roost
|move|p2a: Yveltal|Knock Off|p1a: Yveltal
|-resisted|p1a: Yveltal
|-damage|p1a: Yveltal|84/100
|
|-end|p2a: Yveltal|move: Taunt
|upkeep
|turn|11
|
|t:|1656166071
|move|p1a: Yveltal|Taunt|p2a: Yveltal
|-start|p2a: Yveltal|move: Taunt
|cant|p2a: Yveltal|move: Taunt|Roost
|
|upkeep
|turn|12
|inactive|god mami pix has 210 seconds left.
|
|t:|1656166089
|move|p2a: Yveltal|Knock Off|p1a: Yveltal
|-resisted|p1a: Yveltal
|-damage|p1a: Yveltal|69/100
|move|p1a: Yveltal|Knock Off|p2a: Yveltal
|-resisted|p2a: Yveltal
|-damage|p2a: Yveltal|15/100
|
|upkeep
|turn|13
|
|t:|1656166092
|move|p2a: Yveltal|Knock Off|p1a: Yveltal
|-resisted|p1a: Yveltal
|-damage|p1a: Yveltal|51/100
|move|p1a: Yveltal|Knock Off|p2a: Yveltal
|-resisted|p2a: Yveltal
|-damage|p2a: Yveltal|0 fnt
|faint|p2a: Yveltal
|
|upkeep
|inactive|god mami pix has 210 seconds left.
|inactive|god mami pix has 180 seconds left.
|inactive|god mami pix has 150 seconds left.
|inactive|god mami pix has 120 seconds left.
|inactive|god mami pix has 90 seconds left.
|inactive|god mami pix has 60 seconds left.
|
|t:|1656166272
|switch|p2a: Zekrom|Zekrom|100/100
|-ability|p2a: Zekrom|Teravolt
|turn|14
|inactive|Eledyr has 210 seconds left.
|inactive|god mami pix has 30 seconds left.
|inactive|god mami pix has 20 seconds left.
|
|t:|1656166303
|move|p1a: Yveltal|Knock Off|p2a: Zekrom
|-damage|p2a: Zekrom|45/100
|-enditem|p2a: Zekrom|Life Orb|[from] move: Knock Off|[of] p1a: Yveltal
|move|p2a: Zekrom|Bolt Strike|p1a: Yveltal
|-supereffective|p1a: Yveltal
|-damage|p1a: Yveltal|0 fnt
|faint|p1a: Yveltal
|
|upkeep
|inactive|god mami pix has 25 seconds left this turn.
|
|t:|1656166307
|switch|p1a: Calyrex|Calyrex-Shadow|100/100
|-ability|p1a: Calyrex|As One
|-ability|p1a: Calyrex|Unnerve
|turn|15
|inactive|god mami pix has 30 seconds left.
|
|t:|1656166321
|switch|p2a: Kyogre|Kyogre|100/100
|-weather|RainDance|[from] ability: Drizzle|[of] p2a: Kyogre
|move|p1a: Calyrex|Astral Barrage|p2a: Kyogre
|-damage|p2a: Kyogre|53/100
|
|-weather|RainDance|[upkeep]
|-heal|p2a: Kyogre|59/100|[from] item: Leftovers
|upkeep
|turn|16
|
|t:|1656166335
|switch|p1a: Kyogre|Kyogre|100/100
|move|p2a: Kyogre|Scald|p1a: Kyogre
|-resisted|p1a: Kyogre
|-damage|p1a: Kyogre|80/100
|
|-weather|RainDance|[upkeep]
|-heal|p2a: Kyogre|65/100|[from] item: Leftovers
|upkeep
|turn|17
|inactive|god mami pix has 30 seconds left.
|
|t:|1656166363
|move|p1a: Kyogre|Thunder|p2a: Kyogre
|-supereffective|p2a: Kyogre
|-damage|p2a: Kyogre|8/100
|move|p2a: Kyogre|Scald|p1a: Kyogre
|-resisted|p1a: Kyogre
|-damage|p1a: Kyogre|57/100
|
|-weather|RainDance|[upkeep]
|-heal|p2a: Kyogre|14/100|[from] item: Leftovers
|upkeep
|turn|18
|inactive|god mami pix has 30 seconds left.
|inactive|god mami pix has 20 seconds left.
|inactive|god mami pix has 15 seconds left.
|
|t:|1656166386
|move|p1a: Kyogre|Calm Mind|p1a: Kyogre
|-boost|p1a: Kyogre|spa|1
|-boost|p1a: Kyogre|spd|1
|move|p2a: Kyogre|Scald|p1a: Kyogre
|-resisted|p1a: Kyogre
|-damage|p1a: Kyogre|42/100
|
|-weather|RainDance|[upkeep]
|-heal|p2a: Kyogre|20/100|[from] item: Leftovers
|upkeep
|turn|19
|inactive|god mami pix has 25 seconds left this turn.
|inactive|god mami pix has 20 seconds left.
|inactive|god mami pix has 15 seconds left.
|inactive|god mami pix has 10 seconds left.
|
|t:|1656166401
|move|p1a: Kyogre|Calm Mind|p1a: Kyogre
|-boost|p1a: Kyogre|spa|1
|-boost|p1a: Kyogre|spd|1
|move|p2a: Kyogre|Scald|p1a: Kyogre
|-resisted|p1a: Kyogre
|-damage|p1a: Kyogre|31/100
|
|-weather|none
|-heal|p2a: Kyogre|26/100|[from] item: Leftovers
|upkeep
|turn|20
|inactive|god mami pix has 20 seconds left this turn.
|inactive|god mami pix has 15 seconds left.
|
|t:|1656166409
|move|p1a: Kyogre|Calm Mind|p1a: Kyogre
|-boost|p1a: Kyogre|spa|1
|-boost|p1a: Kyogre|spd|1
|move|p2a: Kyogre|Scald|p1a: Kyogre
|-resisted|p1a: Kyogre
|-damage|p1a: Kyogre|26/100
|
|-heal|p2a: Kyogre|33/100|[from] item: Leftovers
|upkeep
|turn|21
|inactive|god mami pix has 25 seconds left this turn.
|inactive|god mami pix has 20 seconds left.
|inactive|Eledyr has 240 seconds left.
|inactive|god mami pix has 15 seconds left.
|inactive|god mami pix has 10 seconds left.
|
|t:|1656166425
|move|p1a: Kyogre|Calm Mind|p1a: Kyogre
|-boost|p1a: Kyogre|spa|1
|-boost|p1a: Kyogre|spd|1
|move|p2a: Kyogre|Scald|p1a: Kyogre
|-resisted|p1a: Kyogre
|-damage|p1a: Kyogre|21/100
|-status|p1a: Kyogre|brn
|-enditem|p1a: Kyogre|Lum Berry|[eat]
|-curestatus|p1a: Kyogre|brn|[msg]
|
|-heal|p2a: Kyogre|39/100|[from] item: Leftovers
|upkeep
|turn|22
|inactive|god mami pix has 20 seconds left this turn.
|inactive|Eledyr has 240 seconds left.
|
|t:|1656166437
|move|p1a: Kyogre|Ice Beam|p2a: Kyogre
|-resisted|p2a: Kyogre
|-damage|p2a: Kyogre|6/100
|move|p2a: Kyogre|Scald|p1a: Kyogre
|-resisted|p1a: Kyogre
|-damage|p1a: Kyogre|16/100
|
|-heal|p2a: Kyogre|12/100|[from] item: Leftovers
|upkeep
|turn|23
|inactive|god mami pix has 30 seconds left this turn.
|inactive|Eledyr has 240 seconds left.
|
|t:|1656166443
|move|p1a: Kyogre|Calm Mind|p1a: Kyogre
|-boost|p1a: Kyogre|spa|1
|-boost|p1a: Kyogre|spd|1
|move|p2a: Kyogre|Scald|p1a: Kyogre
|-resisted|p1a: Kyogre
|-damage|p1a: Kyogre|12/100
|
|-heal|p2a: Kyogre|19/100|[from] item: Leftovers
|upkeep
|turn|24
|
|t:|1656166447
|move|p1a: Kyogre|Calm Mind|p1a: Kyogre
|-boost|p1a: Kyogre|spa|1
|-boost|p1a: Kyogre|spd|1
|move|p2a: Kyogre|Scald|p1a: Kyogre
|-resisted|p1a: Kyogre
|-damage|p1a: Kyogre|8/100
|
|-heal|p2a: Kyogre|25/100|[from] item: Leftovers
|upkeep
|turn|25
|
|t:|1656166453
|move|p1a: Kyogre|Calm Mind|p1a: Kyogre
|-boost|p1a: Kyogre|spa|0
|-boost|p1a: Kyogre|spd|0
|move|p2a: Kyogre|Scald|p1a: Kyogre
|-resisted|p1a: Kyogre
|-damage|p1a: Kyogre|5/100
|
|-heal|p2a: Kyogre|31/100|[from] item: Leftovers
|upkeep
|turn|26
|
|t:|1656166462
|move|p1a: Kyogre|Calm Mind|p1a: Kyogre
|-boost|p1a: Kyogre|spa|0
|-boost|p1a: Kyogre|spd|0
|move|p2a: Kyogre|Scald|p1a: Kyogre
|-resisted|p1a: Kyogre
|-damage|p1a: Kyogre|1/100
|-status|p1a: Kyogre|brn
|
|-heal|p2a: Kyogre|37/100|[from] item: Leftovers
|-damage|p1a: Kyogre|0 fnt|[from] brn
|faint|p1a: Kyogre
|upkeep
|
|t:|1656166464
|switch|p1a: Calyrex|Calyrex-Shadow|100/100
|-ability|p1a: Calyrex|As One
|-ability|p1a: Calyrex|Unnerve
|turn|27
|
|t:|1656166473
|move|p1a: Calyrex|Astral Barrage|p2a: Kyogre
|-damage|p2a: Kyogre|0 fnt
|faint|p2a: Kyogre
|-ability|p1a: Calyrex|Grim Neigh|boost
|-boost|p1a: Calyrex|spa|1
|
|upkeep
|
|t:|1656166475
|switch|p2a: Necrozma|Necrozma-Dusk-Mane|100/100
|turn|28
|
|t:|1656166489
|move|p1a: Calyrex|Astral Barrage|p2a: Necrozma
|-supereffective|p2a: Necrozma
|-damage|p2a: Necrozma|8/100
|move|p2a: Necrozma|Iron Head|p1a: Calyrex
|-damage|p1a: Calyrex|47/100
|
|-heal|p2a: Necrozma|14/100|[from] item: Leftovers
|upkeep
|turn|29
|
|t:|1656166501
|move|p1a: Calyrex|Astral Barrage|p2a: Necrozma
|-supereffective|p2a: Necrozma
|-damage|p2a: Necrozma|0 fnt
|faint|p2a: Necrozma
|-ability|p1a: Calyrex|Grim Neigh|boost
|-boost|p1a: Calyrex|spa|1
|
|upkeep
|
|t:|1656166504
|switch|p2a: Marshadow|Marshadow|100/100
|turn|30
|
|t:|1656166507
|move|p2a: Marshadow|Shadow Sneak|p1a: Calyrex
|-supereffective|p1a: Calyrex
|-damage|p1a: Calyrex|0 fnt
|faint|p1a: Calyrex
|
|upkeep
|
|t:|1656166511
|switch|p1a: Weavile|Weavile, F|100/100
|-ability|p1a: Weavile|Pressure
|turn|31
|
|t:|1656166517
|move|p1a: Weavile|Swords Dance|p1a: Weavile
|-boost|p1a: Weavile|atk|2
|move|p2a: Marshadow|Low Kick|p1a: Weavile
|-supereffective|p1a: Weavile
|-enditem|p1a: Weavile|Focus Sash
|-damage|p1a: Weavile|1/100
|
|upkeep
|turn|32
|
|t:|1656166521
|move|p2a: Marshadow|Shadow Sneak|p1a: Weavile
|-resisted|p1a: Weavile
|-damage|p1a: Weavile|0 fnt
|faint|p1a: Weavile
|
|win|god mami pix
|c|☆god mami pix|gg
|c|☆Eledyr|gg
