|inactive|Battle timer is ON: inactive players will automatically lose when time's up.
|t:|1667578421
|gametype|singles
|player|p1|Inder|lucas|
|player|p2|RichardMillePlain|266|
|teamsize|p1|6
|teamsize|p2|6
|gen|8
|tier|[Gen 8] Ubers
|rule|Sleep Clause Mod: Limit one foe put to sleep
|rule|Species Clause: Limit one of each Pokémon
|rule|OHKO Clause: OHKO moves are banned
|rule|Evasion Items Clause: Evasion items are banned
|rule|Evasion Moves Clause: Evasion moves are banned
|rule|Endless Battle Clause: Forcing endless battles is banned
|rule|HP Percentage Mod: HP is shown in percentages
|rule|Dynamax Clause: You cannot dynamax
|clearpoke
|poke|p1|Necrozma-Dusk-Mane|
|poke|p1|Landorus-Therian, M|
|poke|p1|Eternatus|
|poke|p1|Calyrex-Ice|
|poke|p1|Yveltal|
|poke|p1|Groudon|
|poke|p2|Calyrex-Shadow|
|poke|p2|Necrozma-Dusk-Mane|
|poke|p2|Kyogre|
|poke|p2|Groudon|
|poke|p2|Eternatus|
|poke|p2|Yveltal|
|teampreview
|inactive|Inder also wants the timer to be on.
|c|☆Inder|hf mec
|c|☆RichardMillePlain|hf
|
|t:|1667578436
|start
|switch|p1a: Yveltal|Yveltal|100/100
|switch|p2a: Groudon|Groudon|100/100
|-ability|p1a: Yveltal|Dark Aura
|-weather|SunnyDay|[from] ability: Drought|[of] p2a: Groudon
|turn|1
|
|t:|1667578439
|move|p1a: Yveltal|Knock Off|p2a: Groudon
|-damage|p2a: Groudon|62/100
|-enditem|p2a: Groudon|Leftovers|[from] move: Knock Off|[of] p1a: Yveltal
|move|p2a: Groudon|Rock Tomb|p1a: Yveltal
|-supereffective|p1a: Yveltal
|-crit|p1a: Yveltal
|-damage|p1a: Yveltal|30/100
|-unboost|p1a: Yveltal|spe|1
|
|-weather|SunnyDay|[upkeep]
|upkeep
|turn|2
|c|☆Inder|direct comme ça
|
|t:|1667578453
|switch|p1a: Groudon|Groudon|100/100
|move|p2a: Groudon|Swords Dance|p2a: Groudon
|-boost|p2a: Groudon|atk|2
|
|-weather|SunnyDay|[upkeep]
|upkeep
|turn|3
|
|t:|1667578458
|switch|p1a: Landorus|Landorus-Therian, M|100/100
|-ability|p1a: Landorus|Intimidate|boost
|-unboost|p2a: Groudon|atk|1
|move|p2a: Groudon|Precipice Blades|p1a: Landorus
|-immune|p1a: Landorus
|
|-weather|SunnyDay|[upkeep]
|upkeep
|turn|4
|
|t:|1667578461
|move|p1a: Landorus|U-turn|p2a: Groudon
|-damage|p2a: Groudon|44/100
|
|t:|1667578464
|switch|p1a: Groudon|Groudon|100/100|[from]move: U-turn
|move|p2a: Groudon|Heat Crash|p1a: Groudon
|-damage|p1a: Groudon|81/100
|
|-weather|SunnyDay|[upkeep]
|-heal|p1a: Groudon|87/100|[from] item: Leftovers
|upkeep
|turn|5
|
|t:|1667578473
|move|p2a: Groudon|Precipice Blades|p1a: Groudon|[miss]
|-miss|p2a: Groudon|p1a: Groudon
|move|p1a: Groudon|Toxic|p2a: Groudon
|-status|p2a: Groudon|tox
|
|-weather|none
|-heal|p1a: Groudon|93/100|[from] item: Leftovers
|-damage|p2a: Groudon|37/100 tox|[from] psn
|upkeep
|turn|6
|
|t:|1667578476
|switch|p2a: Calyrex|Calyrex-Shadow|100/100
|-ability|p2a: Calyrex|As One
|-ability|p2a: Calyrex|Unnerve
|move|p1a: Groudon|Protect||[still]
|-fail|p1a: Groudon
|
|-heal|p1a: Groudon|99/100|[from] item: Leftovers
|upkeep
|turn|7
|
|t:|1667578480
|switch|p2a: Kyogre|Kyogre|100/100
|-weather|RainDance|[from] ability: Drizzle|[of] p2a: Kyogre
|move|p1a: Groudon|Protect||[still]
|-fail|p1a: Groudon
|
|-weather|RainDance|[upkeep]
|-heal|p1a: Groudon|100/100|[from] item: Leftovers
|upkeep
|turn|8
|
|t:|1667578484
|switch|p1a: Eternatus|Eternatus|100/100
|-ability|p1a: Eternatus|Pressure
|move|p2a: Kyogre|Calm Mind|p2a: Kyogre
|-boost|p2a: Kyogre|spa|1
|-boost|p2a: Kyogre|spd|1
|
|-weather|RainDance|[upkeep]
|upkeep
|turn|9
|
|t:|1667578486
|move|p1a: Eternatus|Toxic|p2a: Kyogre
|-status|p2a: Kyogre|tox
|move|p2a: Kyogre|Ice Beam|p1a: Eternatus
|-supereffective|p1a: Eternatus
|-damage|p1a: Eternatus|41/100
|-enditem|p1a: Eternatus|Sitrus Berry|[eat]
|-heal|p1a: Eternatus|66/100|[from] item: Sitrus Berry
|
|-weather|RainDance|[upkeep]
|-damage|p2a: Kyogre|94/100 tox|[from] psn
|upkeep
|turn|10
|
|t:|1667578490
|move|p1a: Eternatus|Recover|p1a: Eternatus
|-heal|p1a: Eternatus|100/100
|move|p2a: Kyogre|Ice Beam|p1a: Eternatus
|-supereffective|p1a: Eternatus
|-damage|p1a: Eternatus|43/100
|
|-weather|RainDance|[upkeep]
|-heal|p2a: Kyogre|100/100 tox|[from] item: Leftovers
|-damage|p2a: Kyogre|88/100 tox|[from] psn
|upkeep
|turn|11
|
|t:|1667578493
|move|p1a: Eternatus|Recover|p1a: Eternatus
|-heal|p1a: Eternatus|93/100
|move|p2a: Kyogre|Calm Mind|p2a: Kyogre
|-boost|p2a: Kyogre|spa|1
|-boost|p2a: Kyogre|spd|1
|
|-weather|none
|-heal|p2a: Kyogre|94/100 tox|[from] item: Leftovers
|-damage|p2a: Kyogre|76/100 tox|[from] psn
|upkeep
|turn|12
|
|t:|1667578496
|switch|p1a: Necrozma|Necrozma-Dusk-Mane|100/100
|move|p2a: Kyogre|Rest|p2a: Kyogre
|-status|p2a: Kyogre|slp|[from] move: Rest
|-heal|p2a: Kyogre|100/100 slp|[silent]
|
|upkeep
|turn|13
|
|t:|1667578500
|move|p1a: Necrozma|Dragon Dance|p1a: Necrozma
|-boost|p1a: Necrozma|atk|1
|-boost|p1a: Necrozma|spe|1
|cant|p2a: Kyogre|slp
|
|upkeep
|turn|14
|
|t:|1667578502
|move|p1a: Necrozma|Dragon Dance|p1a: Necrozma
|-boost|p1a: Necrozma|atk|1
|-boost|p1a: Necrozma|spe|1
|cant|p2a: Kyogre|slp
|
|upkeep
|turn|15
|
|t:|1667578504
|move|p1a: Necrozma|Knock Off|p2a: Kyogre
|-damage|p2a: Kyogre|53/100 slp
|-enditem|p2a: Kyogre|Leftovers|[from] move: Knock Off|[of] p1a: Necrozma
|-curestatus|p2a: Kyogre|slp|[msg]
|move|p2a: Kyogre|Scald|p1a: Necrozma
|-damage|p1a: Necrozma|36/100
|-status|p1a: Necrozma|brn
|
|-heal|p1a: Necrozma|42/100 brn|[from] item: Leftovers
|-damage|p1a: Necrozma|36/100 brn|[from] brn
|upkeep
|turn|16
|
|t:|1667578516
|move|p1a: Necrozma|Sunsteel Strike|p2a: Kyogre
|-resisted|p2a: Kyogre
|-damage|p2a: Kyogre|32/100
|move|p2a: Kyogre|Scald|p1a: Necrozma
|-damage|p1a: Necrozma|0 fnt
|faint|p1a: Necrozma
|
|upkeep
|
|t:|1667578522
|switch|p1a: Landorus|Landorus-Therian, M|100/100
|-ability|p1a: Landorus|Intimidate|boost
|-unboost|p2a: Kyogre|atk|1
|turn|17
|
|t:|1667578527
|move|p1a: Landorus|U-turn|p2a: Kyogre
|-damage|p2a: Kyogre|14/100
|
|t:|1667578530
|switch|p1a: Calyrex|Calyrex-Ice|100/100|[from]move: U-turn
|-ability|p1a: Calyrex|As One
|-ability|p1a: Calyrex|Unnerve
|move|p2a: Kyogre|Scald|p1a: Calyrex
|-damage|p1a: Calyrex|37/100
|
|upkeep
|turn|18
|
|t:|1667578532
|move|p2a: Kyogre|Rest|p2a: Kyogre
|-status|p2a: Kyogre|slp|[from] move: Rest
|-heal|p2a: Kyogre|100/100 slp|[silent]
|move|p1a: Calyrex|Glacial Lance|p2a: Kyogre
|-resisted|p2a: Kyogre
|-damage|p2a: Kyogre|56/100 slp
|
|upkeep
|turn|19
|
|t:|1667578536
|switch|p2a: Necrozma|Necrozma-Dusk-Mane|100/100
|switch|p1a: Groudon|Groudon|100/100
|-weather|SunnyDay|[from] ability: Drought|[of] p1a: Groudon
|
|-weather|SunnyDay|[upkeep]
|upkeep
|turn|20
|
|t:|1667578540
|move|p1a: Groudon|Stealth Rock|p2a: Necrozma
|-sidestart|p2: RichardMillePlain|move: Stealth Rock
|move|p2a: Necrozma|Stealth Rock|p1a: Groudon
|-sidestart|p1: Inder|move: Stealth Rock
|
|-weather|SunnyDay|[upkeep]
|upkeep
|turn|21
|
|t:|1667578545
|switch|p2a: Yveltal|Yveltal|100/100
|-ability|p2a: Yveltal|Dark Aura
|move|p1a: Groudon|Toxic|p2a: Yveltal|[miss]
|-miss|p1a: Groudon|p2a: Yveltal
|
|-weather|SunnyDay|[upkeep]
|upkeep
|turn|22
|
|t:|1667578551
|switch|p1a: Eternatus|Eternatus|93/100
|-damage|p1a: Eternatus|81/100|[from] Stealth Rock
|-ability|p1a: Eternatus|Pressure
|move|p2a: Yveltal|Knock Off|p1a: Eternatus
|-damage|p1a: Eternatus|54/100
|
|-weather|SunnyDay|[upkeep]
|upkeep
|turn|23
|
|t:|1667578555
|switch|p2a: Calyrex|Calyrex-Shadow|100/100
|-ability|p2a: Calyrex|As One
|-ability|p2a: Calyrex|Unnerve
|-damage|p2a: Calyrex|88/100|[from] Stealth Rock
|move|p1a: Eternatus|Dynamax Cannon|p2a: Calyrex
|-damage|p2a: Calyrex|38/100
|
|-weather|none
|upkeep
|turn|24
|
|t:|1667578560
|move|p2a: Calyrex|Astral Barrage|p1a: Eternatus
|-damage|p1a: Eternatus|0 fnt
|faint|p1a: Eternatus
|-ability|p2a: Calyrex|Grim Neigh|boost
|-boost|p2a: Calyrex|spa|1
|
|upkeep
|
|t:|1667578563
|switch|p1a: Yveltal|Yveltal|30/100
|-ability|p1a: Yveltal|Dark Aura
|turn|25
|
|t:|1667578567
|move|p1a: Yveltal|Sucker Punch|p2a: Calyrex
|-supereffective|p2a: Calyrex
|-crit|p2a: Calyrex
|-damage|p2a: Calyrex|0 fnt
|faint|p2a: Calyrex
|
|upkeep
|
|t:|1667578570
|switch|p2a: Eternatus|Eternatus|100/100
|-ability|p2a: Eternatus|Pressure
|turn|26
|
|t:|1667578574
|move|p1a: Yveltal|Sucker Punch|p2a: Eternatus
|-damage|p2a: Eternatus|68/100
|move|p2a: Eternatus|Draco Meteor|p1a: Yveltal
|-damage|p1a: Yveltal|0 fnt
|-unboost|p2a: Eternatus|spa|2
|faint|p1a: Yveltal
|
|upkeep
|
|t:|1667578584
|switch|p1a: Groudon|Groudon|100/100
|-damage|p1a: Groudon|94/100|[from] Stealth Rock
|-weather|SunnyDay|[from] ability: Drought|[of] p1a: Groudon
|turn|27
|
|t:|1667578590
|switch|p2a: Necrozma|Necrozma-Dusk-Mane|100/100
|-damage|p2a: Necrozma|94/100|[from] Stealth Rock
|move|p1a: Groudon|Earthquake|p2a: Necrozma
|-supereffective|p2a: Necrozma
|-damage|p2a: Necrozma|39/100
|
|-weather|SunnyDay|[upkeep]
|-heal|p1a: Groudon|100/100|[from] item: Leftovers
|-heal|p2a: Necrozma|45/100|[from] item: Leftovers
|upkeep
|turn|28
|
|t:|1667578593
|switch|p2a: Yveltal|Yveltal|100/100
|-ability|p2a: Yveltal|Dark Aura
|move|p1a: Groudon|Earthquake|p2a: Yveltal
|-immune|p2a: Yveltal
|
|-weather|SunnyDay|[upkeep]
|upkeep
|turn|29
|
|t:|1667578596
|move|p2a: Yveltal|Knock Off|p1a: Groudon
|-damage|p1a: Groudon|71/100
|-enditem|p1a: Groudon|Leftovers|[from] move: Knock Off|[of] p2a: Yveltal
|move|p1a: Groudon|Toxic|p2a: Yveltal
|-status|p2a: Yveltal|tox
|
|-weather|SunnyDay|[upkeep]
|-damage|p2a: Yveltal|94/100 tox|[from] psn
|upkeep
|turn|30
|
|t:|1667578599
|move|p2a: Yveltal|Snarl|p1a: Groudon
|-damage|p1a: Groudon|46/100
|-unboost|p1a: Groudon|spa|1
|move|p1a: Groudon|Earthquake|p2a: Yveltal
|-immune|p2a: Yveltal
|
|-weather|SunnyDay|[upkeep]
|-damage|p2a: Yveltal|82/100 tox|[from] psn
|upkeep
|turn|31
|
|t:|1667578604
|move|p1a: Groudon|Protect|p1a: Groudon
|-singleturn|p1a: Groudon|Protect
|move|p2a: Yveltal|Snarl|p1a: Groudon
|-activate|p1a: Groudon|move: Protect
|
|-weather|none
|-damage|p2a: Yveltal|64/100 tox|[from] psn
|upkeep
|turn|32
|
|t:|1667578610
|move|p1a: Groudon|Protect||[still]
|-fail|p1a: Groudon
|move|p2a: Yveltal|Snarl|p1a: Groudon
|-damage|p1a: Groudon|20/100
|-unboost|p1a: Groudon|spa|1
|
|-damage|p2a: Yveltal|39/100 tox|[from] psn
|upkeep
|turn|33
|
|t:|1667578612
|move|p2a: Yveltal|Roost|p2a: Yveltal
|-heal|p2a: Yveltal|89/100 tox
|-singleturn|p2a: Yveltal|move: Roost
|move|p1a: Groudon|Earthquake|p2a: Yveltal
|-crit|p2a: Yveltal
|-damage|p2a: Yveltal|32/100 tox
|
|-damage|p2a: Yveltal|1/100 tox|[from] psn
|upkeep
|turn|34
|
|t:|1667578616
|move|p2a: Yveltal|Snarl|p1a: Groudon|[miss]
|-miss|p2a: Yveltal|p1a: Groudon
|move|p1a: Groudon|Earthquake|p2a: Yveltal
|-immune|p2a: Yveltal
|
|-damage|p2a: Yveltal|0 fnt|[from] psn
|faint|p2a: Yveltal
|upkeep
|
|t:|1667578619
|switch|p2a: Eternatus|Eternatus|68/100
|-ability|p2a: Eternatus|Pressure
|turn|35
|
|t:|1667578622
|move|p2a: Eternatus|Draco Meteor|p1a: Groudon
|-damage|p1a: Groudon|0 fnt
|-unboost|p2a: Eternatus|spa|2
|faint|p1a: Groudon
|
|upkeep
|
|t:|1667578626
|switch|p1a: Landorus|Landorus-Therian, M|100/100
|-damage|p1a: Landorus|88/100|[from] Stealth Rock
|-ability|p1a: Landorus|Intimidate|boost
|-unboost|p2a: Eternatus|atk|1
|turn|36
|
|t:|1667578630
|switch|p2a: Groudon|Groudon|37/100 tox
|-damage|p2a: Groudon|31/100 tox|[from] Stealth Rock
|-weather|SunnyDay|[from] ability: Drought|[of] p2a: Groudon
|move|p1a: Landorus|Earthquake|p2a: Groudon
|-damage|p2a: Groudon|0 fnt
|faint|p2a: Groudon
|
|-weather|SunnyDay|[upkeep]
|upkeep
|
|t:|1667578632
|switch|p2a: Kyogre|Kyogre|56/100 slp
|-damage|p2a: Kyogre|44/100 slp|[from] Stealth Rock
|-weather|RainDance|[from] ability: Drizzle|[of] p2a: Kyogre
|turn|37
|c|☆Inder|oh jvais frauder
|c|☆Inder|mdrrrrrr
|
|t:|1667578643
|move|p1a: Landorus|Earthquake|p2a: Kyogre
|-damage|p2a: Kyogre|6/100 slp
|cant|p2a: Kyogre|slp
|
|-weather|RainDance|[upkeep]
|upkeep
|turn|38
|
|t:|1667578646
|move|p1a: Landorus|Earthquake|p2a: Kyogre
|-damage|p2a: Kyogre|0 fnt
|faint|p2a: Kyogre
|
|-weather|RainDance|[upkeep]
|upkeep
|
|t:|1667578647
|switch|p2a: Eternatus|Eternatus|68/100
|-ability|p2a: Eternatus|Pressure
|turn|39
|
|t:|1667578653
|move|p1a: Landorus|Earthquake|p2a: Eternatus
|-supereffective|p2a: Eternatus
|-damage|p2a: Eternatus|0 fnt
|faint|p2a: Eternatus
|
|-weather|RainDance|[upkeep]
|upkeep
|c|☆RichardMillePlain|g
|c|☆RichardMillePlain|g
|
|t:|1667578658
|switch|p2a: Necrozma|Necrozma-Dusk-Mane|45/100
|-damage|p2a: Necrozma|39/100|[from] Stealth Rock
|turn|40
|c|☆Inder|gg
|
|t:|1667578660
|move|p1a: Landorus|Earthquake|p2a: Necrozma
|-supereffective|p2a: Necrozma
|-damage|p2a: Necrozma|0 fnt
|faint|p2a: Necrozma
|
|win|Inder
