|inactive|Battle timer is ON: inactive players will automatically lose when time's up.
|t:|1667423103
|gametype|singles
|player|p1|SiTuM.|harlequin|
|player|p2|Exiline|#scl2islanders|
|teamsize|p1|6
|teamsize|p2|6
|gen|8
|tier|[Gen 8] Ubers
|rule|Sleep Clause Mod: Limit one foe put to sleep
|rule|Species Clause: Limit one of each Pokémon
|rule|OHKO Clause: OHKO moves are banned
|rule|Evasion Items Clause: Evasion items are banned
|rule|Evasion Moves Clause: Evasion moves are banned
|rule|Endless Battle Clause: Forcing endless battles is banned
|rule|HP Percentage Mod: HP is shown in percentages
|rule|Dynamax Clause: You cannot dynamax
|clearpoke
|poke|p1|Toxapex, M|
|poke|p1|Ferrothorn, M|
|poke|p1|Blissey, F|
|poke|p1|Clefable, F|
|poke|p1|Yveltal|
|poke|p1|Zygarde|
|poke|p2|Pheromosa|
|poke|p2|Kyogre|
|poke|p2|Landorus-Therian, M|
|poke|p2|Necrozma-Dusk-Mane|
|poke|p2|Eternatus|
|poke|p2|Yveltal|
|teampreview
|inactive|SiTuM. also wants the timer to be on.
|c|☆SiTuM.|have fun
|c|☆Exiline|l'odeur
|c|☆SiTuM.|csc
|
|t:|1667423131
|start
|switch|p1a: Clefable|Clefable, F|100/100
|switch|p2a: Kyogre|Kyogre|100/100
|-weather|RainDance|[from] ability: Drizzle|[of] p2a: Kyogre
|turn|1
|
|t:|1667423136
|switch|p1a: Blissey|Blissey, F|100/100
|move|p2a: Kyogre|Water Spout|p1a: Blissey
|-damage|p1a: Blissey|63/100
|
|-weather|RainDance|[upkeep]
|upkeep
|turn|2
|
|t:|1667423140
|switch|p2a: Necrozma|Necrozma-Dusk-Mane|100/100
|move|p1a: Blissey|Soft-Boiled|p1a: Blissey
|-heal|p1a: Blissey|100/100
|
|-weather|RainDance|[upkeep]
|upkeep
|turn|3
|
|t:|1667423144
|switch|p1a: Ferrothorn|Ferrothorn, M|100/100
|move|p2a: Necrozma|Stealth Rock|p1a: Ferrothorn
|-sidestart|p1: SiTuM.|move: Stealth Rock
|
|-weather|RainDance|[upkeep]
|upkeep
|turn|4
|
|t:|1667423152
|move|p2a: Necrozma|Thunder Wave|p1a: Ferrothorn
|-status|p1a: Ferrothorn|par
|cant|p1a: Ferrothorn|par
|
|-weather|RainDance|[upkeep]
|upkeep
|turn|5
|
|t:|1667423156
|switch|p2a: :bilel:|Pheromosa|100/100
|move|p1a: Ferrothorn|Spikes|p2a: :bilel:
|-sidestart|p2: Exiline|Spikes
|
|-weather|none
|upkeep
|turn|6
|
|t:|1667423159
|switch|p1a: Toxapex|Toxapex, M|100/100
|-damage|p1a: Toxapex|88/100|[from] Stealth Rock
|move|p2a: :bilel:|U-turn|p1a: Toxapex
|-resisted|p1a: Toxapex
|-damage|p1a: Toxapex|70/100
|-damage|p2a: :bilel:|84/100|[from] item: Rocky Helmet|[of] p1a: Toxapex
|
|t:|1667423163
|switch|p2a: Landorus|Landorus-Therian, M|100/100|[from]move: U-turn
|-ability|p2a: Landorus|Intimidate|boost
|-unboost|p1a: Toxapex|atk|1
|
|upkeep
|turn|7
|
|t:|1667423168
|switch|p1a: Clefable|Clefable, F|100/100
|move|p2a: Landorus|Earthquake|p1a: Clefable
|-crit|p1a: Clefable
|-damage|p1a: Clefable|47/100
|
|upkeep
|turn|8
|
|t:|1667423171
|move|p2a: Landorus|Earthquake|p1a: Clefable
|-damage|p1a: Clefable|9/100
|move|p1a: Clefable|Soft-Boiled|p1a: Clefable
|-heal|p1a: Clefable|59/100
|
|upkeep
|turn|9
|
|t:|1667423174
|move|p2a: Landorus|Earthquake|p1a: Clefable
|-damage|p1a: Clefable|23/100
|move|p1a: Clefable|Soft-Boiled|p1a: Clefable
|-heal|p1a: Clefable|73/100
|
|upkeep
|turn|10
|
|t:|1667423176
|move|p2a: Landorus|Earthquake|p1a: Clefable
|-damage|p1a: Clefable|38/100
|move|p1a: Clefable|Soft-Boiled|p1a: Clefable
|-heal|p1a: Clefable|88/100
|
|upkeep
|turn|11
|
|t:|1667423178
|move|p2a: Landorus|Earthquake|p1a: Clefable
|-damage|p1a: Clefable|50/100
|move|p1a: Clefable|Soft-Boiled|p1a: Clefable
|-heal|p1a: Clefable|100/100
|
|upkeep
|turn|12
|
|t:|1667423181
|move|p2a: Landorus|Earthquake|p1a: Clefable
|-damage|p1a: Clefable|63/100
|move|p1a: Clefable|Stealth Rock|p2a: Landorus
|-sidestart|p2: Exiline|move: Stealth Rock
|
|upkeep
|turn|13
|
|t:|1667423185
|move|p2a: Landorus|Earthquake|p1a: Clefable
|-damage|p1a: Clefable|29/100
|move|p1a: Clefable|Soft-Boiled|p1a: Clefable
|-heal|p1a: Clefable|79/100
|
|upkeep
|turn|14
|
|t:|1667423187
|move|p2a: Landorus|Earthquake|p1a: Clefable
|-damage|p1a: Clefable|43/100
|move|p1a: Clefable|Soft-Boiled|p1a: Clefable
|-heal|p1a: Clefable|93/100
|
|upkeep
|turn|15
|
|t:|1667423191
|move|p2a: Landorus|Earthquake|p1a: Clefable
|-damage|p1a: Clefable|58/100
|move|p1a: Clefable|Trick|p2a: Landorus
|-activate|p1a: Clefable|move: Trick|[of] p2a: Landorus
|-item|p2a: Landorus|Sticky Barb|[from] move: Trick
|-item|p1a: Clefable|Leftovers|[from] move: Trick
|
|-heal|p1a: Clefable|64/100|[from] item: Leftovers
|-damage|p2a: Landorus|88/100|[from] item: Sticky Barb
|upkeep
|turn|16
|
|t:|1667423212
|move|p2a: Landorus|U-turn|p1a: Clefable
|-resisted|p1a: Clefable
|-damage|p1a: Clefable|56/100
|
|t:|1667423218
|switch|p2a: Yveltal|Yveltal|100/100|[from]move: U-turn
|-ability|p2a: Yveltal|Dark Aura
|move|p1a: Clefable|Soft-Boiled|p1a: Clefable
|-heal|p1a: Clefable|100/100
|
|upkeep
|turn|17
|
|t:|1667423225
|move|p2a: Yveltal|Knock Off|p1a: Clefable
|-resisted|p1a: Clefable
|-crit|p1a: Clefable
|-damage|p1a: Clefable|69/100
|-enditem|p1a: Clefable|Leftovers|[from] move: Knock Off|[of] p2a: Yveltal
|move|p1a: Clefable|Trick|p2a: Yveltal
|-activate|p1a: Clefable|move: Trick|[of] p2a: Yveltal
|-enditem|p2a: Yveltal|Heavy-Duty Boots|[silent]|[from] move: Trick
|-item|p1a: Clefable|Heavy-Duty Boots|[from] move: Trick
|
|upkeep
|turn|18
|
|t:|1667423229
|move|p2a: Yveltal|Taunt|p1a: Clefable
|-start|p1a: Clefable|move: Taunt
|cant|p1a: Clefable|move: Taunt|Soft-Boiled
|
|upkeep
|turn|19
|
|t:|1667423231
|move|p2a: Yveltal|Knock Off|p1a: Clefable
|-resisted|p1a: Clefable
|-damage|p1a: Clefable|47/100
|-enditem|p1a: Clefable|Heavy-Duty Boots|[from] move: Knock Off|[of] p2a: Yveltal
|move|p1a: Clefable|Moonblast|p2a: Yveltal
|-supereffective|p2a: Yveltal
|-damage|p2a: Yveltal|60/100
|
|upkeep
|turn|20
|
|t:|1667423236
|move|p2a: Yveltal|Roost|p2a: Yveltal
|-heal|p2a: Yveltal|100/100
|-singleturn|p2a: Yveltal|move: Roost
|move|p1a: Clefable|Moonblast|p2a: Yveltal
|-supereffective|p2a: Yveltal
|-damage|p2a: Yveltal|61/100
|
|-end|p1a: Clefable|move: Taunt
|upkeep
|turn|21
|
|t:|1667423238
|move|p2a: Yveltal|Taunt|p1a: Clefable
|-start|p1a: Clefable|move: Taunt
|move|p1a: Clefable|Moonblast|p2a: Yveltal
|-supereffective|p2a: Yveltal
|-damage|p2a: Yveltal|24/100
|
|upkeep
|turn|22
|
|t:|1667423240
|move|p2a: Yveltal|Roost|p2a: Yveltal
|-heal|p2a: Yveltal|74/100
|-singleturn|p2a: Yveltal|move: Roost
|move|p1a: Clefable|Moonblast|p2a: Yveltal
|-supereffective|p2a: Yveltal
|-damage|p2a: Yveltal|39/100
|
|upkeep
|turn|23
|
|t:|1667423242
|move|p2a: Yveltal|Roost|p2a: Yveltal
|-heal|p2a: Yveltal|89/100
|-singleturn|p2a: Yveltal|move: Roost
|move|p1a: Clefable|Moonblast|p2a: Yveltal
|-supereffective|p2a: Yveltal
|-damage|p2a: Yveltal|52/100
|
|-end|p1a: Clefable|move: Taunt
|upkeep
|turn|24
|
|t:|1667423246
|move|p2a: Yveltal|U-turn|p1a: Clefable
|-resisted|p1a: Clefable
|-damage|p1a: Clefable|40/100
|
|t:|1667423248
|switch|p2a: Necrozma|Necrozma-Dusk-Mane|100/100|[from]move: U-turn
|-damage|p2a: Necrozma|88/100|[from] Spikes
|-damage|p2a: Necrozma|82/100|[from] Stealth Rock
|move|p1a: Clefable|Moonblast|p2a: Necrozma
|-resisted|p2a: Necrozma
|-damage|p2a: Necrozma|73/100
|-unboost|p2a: Necrozma|spa|1
|
|-heal|p2a: Necrozma|79/100|[from] item: Leftovers
|upkeep
|turn|25
|
|t:|1667423268
|switch|p2a: Yveltal|Yveltal|52/100
|-damage|p2a: Yveltal|27/100|[from] Stealth Rock
|-ability|p2a: Yveltal|Dark Aura
|switch|p1a: Zygarde|Zygarde|100/100
|-damage|p1a: Zygarde|94/100|[from] Stealth Rock
|
|-heal|p1a: Zygarde|100/100|[from] item: Leftovers
|upkeep
|turn|26
|
|t:|1667423271
|move|p2a: Yveltal|Roost|p2a: Yveltal
|-heal|p2a: Yveltal|77/100
|-singleturn|p2a: Yveltal|move: Roost
|move|p1a: Zygarde|Glare|p2a: Yveltal
|-status|p2a: Yveltal|par
|
|upkeep
|turn|27
|
|t:|1667423275
|move|p1a: Zygarde|Thousand Arrows|p2a: Yveltal
|-damage|p2a: Yveltal|56/100 par
|-start|p2a: Yveltal|Smack Down
|cant|p2a: Yveltal|par
|
|upkeep
|turn|28
|
|t:|1667423278
|switch|p1a: Clefable|Clefable, F|40/100
|move|p2a: Yveltal|Roost|p2a: Yveltal
|-heal|p2a: Yveltal|100/100 par
|-singleturn|p2a: Yveltal|move: Roost
|
|upkeep
|turn|29
|
|t:|1667423282
|move|p1a: Clefable|Soft-Boiled|p1a: Clefable
|-heal|p1a: Clefable|90/100
|cant|p2a: Yveltal|par
|
|upkeep
|turn|30
|
|t:|1667423285
|move|p1a: Clefable|Moonblast|p2a: Yveltal
|-supereffective|p2a: Yveltal
|-damage|p2a: Yveltal|59/100 par
|move|p2a: Yveltal|U-turn|p1a: Clefable
|-resisted|p1a: Clefable
|-damage|p1a: Clefable|82/100
|
|t:|1667423287
|switch|p2a: Necrozma|Necrozma-Dusk-Mane|79/100|[from]move: U-turn
|-damage|p2a: Necrozma|67/100|[from] Spikes
|-damage|p2a: Necrozma|61/100|[from] Stealth Rock
|
|-heal|p2a: Necrozma|67/100|[from] item: Leftovers
|upkeep
|turn|31
|
|t:|1667423293
|switch|p1a: Zygarde|Zygarde|100/100
|-damage|p1a: Zygarde|94/100|[from] Stealth Rock
|move|p2a: Necrozma|Iron Head|p1a: Zygarde
|-crit|p1a: Zygarde
|-damage|p1a: Zygarde|64/100
|
|-heal|p1a: Zygarde|70/100|[from] item: Leftovers
|-heal|p2a: Necrozma|73/100|[from] item: Leftovers
|upkeep
|turn|32
|
|t:|1667423297
|switch|p2a: Landorus|Landorus-Therian, M|88/100
|-damage|p2a: Landorus|76/100|[from] Stealth Rock
|-ability|p2a: Landorus|Intimidate|boost
|-unboost|p1a: Zygarde|atk|1
|move|p1a: Zygarde|Thousand Arrows|p2a: Landorus
|-damage|p2a: Landorus|61/100
|-start|p2a: Landorus|Smack Down
|
|-heal|p1a: Zygarde|76/100|[from] item: Leftovers
|-damage|p2a: Landorus|49/100|[from] item: Sticky Barb
|upkeep
|turn|33
|
|t:|1667423301
|switch|p1a: Clefable|Clefable, F|82/100
|move|p2a: Landorus|Defog|p1a: Clefable
|-unboost|p1a: Clefable|evasion|1
|-sideend|p1: SiTuM.|Stealth Rock|[from] move: Defog|[of] p2a: Landorus
|-sideend|p2: Exiline|Spikes|[from] move: Defog|[of] p2a: Landorus
|-sideend|p2: Exiline|Stealth Rock|[from] move: Defog|[of] p2a: Landorus
|
|-damage|p2a: Landorus|36/100|[from] item: Sticky Barb
|upkeep
|turn|34
|
|t:|1667423303
|move|p2a: Landorus|U-turn|p1a: Clefable
|-resisted|p1a: Clefable
|-damage|p1a: Clefable|73/100
|
|t:|1667423305
|switch|p2a: Kyogre|Kyogre|100/100|[from]move: U-turn
|-weather|RainDance|[from] ability: Drizzle|[of] p2a: Kyogre
|move|p1a: Clefable|Stealth Rock|p2a: Kyogre
|-sidestart|p2: Exiline|move: Stealth Rock
|
|-weather|RainDance|[upkeep]
|upkeep
|turn|35
|
|t:|1667423308
|switch|p1a: Blissey|Blissey, F|100/100
|move|p2a: Kyogre|Water Spout|p1a: Blissey
|-damage|p1a: Blissey|63/100
|
|-weather|RainDance|[upkeep]
|upkeep
|turn|36
|
|t:|1667423309
|move|p2a: Kyogre|Water Spout|p1a: Blissey
|-damage|p1a: Blissey|25/100
|move|p1a: Blissey|Soft-Boiled|p1a: Blissey
|-heal|p1a: Blissey|75/100
|
|-weather|RainDance|[upkeep]
|upkeep
|turn|37
|
|t:|1667423313
|switch|p2a: Necrozma|Necrozma-Dusk-Mane|73/100
|-damage|p2a: Necrozma|67/100|[from] Stealth Rock
|move|p1a: Blissey|Soft-Boiled|p1a: Blissey
|-heal|p1a: Blissey|100/100
|
|-weather|RainDance|[upkeep]
|-heal|p2a: Necrozma|73/100|[from] item: Leftovers
|upkeep
|turn|38
|
|t:|1667423332
|switch|p1a: Zygarde|Zygarde|76/100
|move|p2a: Necrozma|Stealth Rock|p1a: Zygarde
|-sidestart|p1: SiTuM.|move: Stealth Rock
|
|-weather|none
|-heal|p1a: Zygarde|82/100|[from] item: Leftovers
|-heal|p2a: Necrozma|79/100|[from] item: Leftovers
|upkeep
|turn|39
|
|t:|1667423336
|switch|p2a: Eternatus|Eternatus|100/100
|-damage|p2a: Eternatus|88/100|[from] Stealth Rock
|-ability|p2a: Eternatus|Pressure
|move|p1a: Zygarde|Thousand Arrows|p2a: Eternatus
|-supereffective|p2a: Eternatus
|-damage|p2a: Eternatus|42/100
|
|-heal|p2a: Eternatus|48/100|[from] item: Black Sludge
|-heal|p1a: Zygarde|88/100|[from] item: Leftovers
|upkeep
|turn|40
|
|t:|1667423342
|switch|p1a: Toxapex|Toxapex, M|100/100
|-damage|p1a: Toxapex|88/100|[from] Stealth Rock
|move|p2a: Eternatus|Dynamax Cannon|p1a: Toxapex
|-damage|p1a: Toxapex|51/100
|
|-heal|p2a: Eternatus|55/100|[from] item: Black Sludge
|upkeep
|turn|41
|
|t:|1667423345
|move|p2a: Eternatus|Recover|p2a: Eternatus
|-heal|p2a: Eternatus|100/100
|move|p1a: Toxapex|Recover|p1a: Toxapex
|-heal|p1a: Toxapex|100/100
|
|upkeep
|turn|42
|
|t:|1667423351
|switch|p2a: Yveltal|Yveltal|59/100 par
|-damage|p2a: Yveltal|34/100 par|[from] Stealth Rock
|-ability|p2a: Yveltal|Dark Aura
|move|p1a: Toxapex|Knock Off|p2a: Yveltal
|-resisted|p2a: Yveltal
|-damage|p2a: Yveltal|30/100 par
|
|upkeep
|turn|43
|
|t:|1667423354
|switch|p1a: Clefable|Clefable, F|73/100
|move|p2a: Yveltal|Roost|p2a: Yveltal
|-heal|p2a: Yveltal|80/100 par
|-singleturn|p2a: Yveltal|move: Roost
|
|upkeep
|turn|44
|
|t:|1667423357
|move|p1a: Clefable|Moonblast|p2a: Yveltal
|-supereffective|p2a: Yveltal
|-damage|p2a: Yveltal|39/100 par
|-unboost|p2a: Yveltal|spa|1
|move|p2a: Yveltal|Roost|p2a: Yveltal
|-heal|p2a: Yveltal|89/100 par
|-singleturn|p2a: Yveltal|move: Roost
|
|upkeep
|turn|45
|
|t:|1667423362
|switch|p2a: Necrozma|Necrozma-Dusk-Mane|79/100
|-damage|p2a: Necrozma|73/100|[from] Stealth Rock
|move|p1a: Clefable|Soft-Boiled|p1a: Clefable
|-heal|p1a: Clefable|100/100
|
|-heal|p2a: Necrozma|79/100|[from] item: Leftovers
|upkeep
|turn|46
|
|t:|1667423374
|switch|p2a: Kyogre|Kyogre|100/100
|-damage|p2a: Kyogre|88/100|[from] Stealth Rock
|-weather|RainDance|[from] ability: Drizzle|[of] p2a: Kyogre
|switch|p1a: Zygarde|Zygarde|88/100
|-damage|p1a: Zygarde|82/100|[from] Stealth Rock
|
|-weather|RainDance|[upkeep]
|-heal|p1a: Zygarde|88/100|[from] item: Leftovers
|upkeep
|turn|47
|
|t:|1667423379
|switch|p1a: Blissey|Blissey, F|100/100
|-damage|p1a: Blissey|88/100|[from] Stealth Rock
|move|p2a: Kyogre|Water Spout|p1a: Blissey
|-damage|p1a: Blissey|54/100
|
|-weather|RainDance|[upkeep]
|upkeep
|turn|48
|
|t:|1667423382
|move|p2a: Kyogre|Water Spout|p1a: Blissey
|-damage|p1a: Blissey|19/100
|move|p1a: Blissey|Soft-Boiled|p1a: Blissey
|-heal|p1a: Blissey|69/100
|
|-weather|RainDance|[upkeep]
|upkeep
|turn|49
|c|☆Exiline|dommage 
|c|☆SiTuM.|g_g
|c|☆Exiline|t'as choppé un des seuls bon match up 
|c|☆Exiline|que t(aurais pu avoir avec cette team
|c|☆Exiline|après avoir dodge mbeam g1
|inactive|Exiline has 270 seconds left.
|-message|Exiline forfeited.
|
|win|SiTuM.
