|inactive|Battle timer is ON: inactive players will automatically lose when time's up.
|t:|1655689950
|gametype|singles
|player|p1|Fc ❤|#wcop2022canada|
|player|p2|Trade|may|
|teamsize|p1|6
|teamsize|p2|6
|gen|8
|tier|[Gen 8] Ubers
|rule|Sleep Clause Mod: Limit one foe put to sleep
|rule|Species Clause: Limit one of each Pokémon
|rule|OHKO Clause: OHKO moves are banned
|rule|Evasion Moves Clause: Evasion moves are banned
|rule|Endless Battle Clause: Forcing endless battles is banned
|rule|HP Percentage Mod: HP is shown in percentages
|rule|Dynamax Clause: You cannot dynamax
|clearpoke
|poke|p1|Magearna|
|poke|p1|Yveltal|
|poke|p1|Calyrex-Shadow|
|poke|p1|Blissey, F|
|poke|p1|Lunala|
|poke|p1|Groudon|
|poke|p2|Groudon|
|poke|p2|Tangrowth, M|
|poke|p2|Ho-Oh|
|poke|p2|Umbreon, M|
|poke|p2|Necrozma-Dusk-Mane|
|poke|p2|Tapu Koko|
|teampreview
|c|☆Fc ❤|hf
|c|☆Trade|hf
|inactive|Fc ❤ has 270 seconds left.
|
|t:|1655689984
|start
|switch|p1a: Yveltal|Yveltal|100/100
|switch|p2a: Groudon|Groudon|100/100
|-ability|p1a: Yveltal|Dark Aura
|-weather|SunnyDay|[from] ability: Drought|[of] p2a: Groudon
|turn|1
|
|t:|1655689990
|switch|p2a: Tapu Koko|Tapu Koko|100/100
|-fieldstart|move: Electric Terrain|[from] ability: Electric Surge|[of] p2a: Tapu Koko
|move|p1a: Yveltal|Knock Off|p2a: Tapu Koko
|-resisted|p2a: Tapu Koko
|-damage|p2a: Tapu Koko|55/100
|-enditem|p2a: Tapu Koko|Heavy-Duty Boots|[from] move: Knock Off|[of] p1a: Yveltal
|
|-weather|SunnyDay|[upkeep]
|upkeep
|turn|2
|
|t:|1655689994
|move|p2a: Tapu Koko|U-turn|p1a: Yveltal
|-damage|p1a: Yveltal|86/100
|
|t:|1655689997
|switch|p2a: Tangrowth|Tangrowth, M|100/100|[from]move: U-turn
|move|p1a: Yveltal|U-turn|p2a: Tangrowth
|-supereffective|p2a: Tangrowth
|-damage|p2a: Tangrowth|77/100
|-damage|p1a: Yveltal|70/100|[from] item: Rocky Helmet|[of] p2a: Tangrowth
|
|t:|1655690003
|switch|p1a: Lunala|Lunala|100/100|[from]move: U-turn
|
|-weather|SunnyDay|[upkeep]
|upkeep
|turn|3
|
|t:|1655690006
|switch|p2a: Umbreon|Umbreon, M|100/100
|move|p1a: Lunala|Meteor Beam||[still]
|-prepare|p1a: Lunala|Meteor Beam
|-boost|p1a: Lunala|spa|1
|-enditem|p1a: Lunala|Power Herb
|-anim|p1a: Lunala|Meteor Beam|p2a: Umbreon
|-damage|p2a: Umbreon|68/100
|
|-weather|SunnyDay|[upkeep]
|-heal|p2a: Umbreon|74/100|[from] item: Leftovers
|upkeep
|turn|4
|
|t:|1655690009
|move|p1a: Lunala|Ice Beam|p2a: Umbreon
|-damage|p2a: Umbreon|49/100
|move|p2a: Umbreon|Wish|p2a: Umbreon
|
|-weather|SunnyDay|[upkeep]
|-heal|p2a: Umbreon|55/100|[from] item: Leftovers
|upkeep
|turn|5
|
|t:|1655690012
|move|p1a: Lunala|Meteor Beam||[still]
|-prepare|p1a: Lunala|Meteor Beam
|-boost|p1a: Lunala|spa|1
|move|p2a: Umbreon|Foul Play|p1a: Lunala
|-supereffective|p1a: Lunala
|-damage|p1a: Lunala|47/100
|
|-weather|none
|-heal|p2a: Umbreon|100/100|[from] move: Wish|[wisher] Umbreon
|-fieldend|move: Electric Terrain
|upkeep
|turn|6
|
|t:|1655690016
|move|p2a: Umbreon|Protect|p2a: Umbreon
|-singleturn|p2a: Umbreon|Protect
|move|p1a: Lunala|Meteor Beam|p2a: Umbreon|[from]lockedmove
|-activate|p2a: Umbreon|move: Protect
|
|upkeep
|turn|7
|
|t:|1655690018
|move|p1a: Lunala|Ice Beam|p2a: Umbreon
|-damage|p2a: Umbreon|68/100
|-status|p2a: Umbreon|frz
|cant|p2a: Umbreon|frz
|
|-heal|p2a: Umbreon|74/100 frz|[from] item: Leftovers
|upkeep
|turn|8
|c|☆Fc ❤|oml
|
|t:|1655690022
|move|p1a: Lunala|Ice Beam|p2a: Umbreon
|-damage|p2a: Umbreon|38/100 frz
|cant|p2a: Umbreon|frz
|
|-heal|p2a: Umbreon|44/100 frz|[from] item: Leftovers
|upkeep
|turn|9
|c|☆Trade|oml
|c|+Hoennseptile|lmao
|
|t:|1655690032
|switch|p2a: Ho-Oh|Ho-Oh|100/100
|move|p1a: Lunala|Moongeist Beam|p2a: Ho-Oh
|-damage|p2a: Ho-Oh|34/100
|
|upkeep
|turn|10
|
|t:|1655690036
|switch|p2a: Umbreon|Umbreon, M|44/100 frz
|move|p1a: Lunala|Moongeist Beam|p2a: Umbreon
|-resisted|p2a: Umbreon
|-damage|p2a: Umbreon|14/100 frz
|
|-heal|p2a: Umbreon|20/100 frz|[from] item: Leftovers
|upkeep
|turn|11
|
|t:|1655690039
|move|p1a: Lunala|Ice Beam|p2a: Umbreon
|-damage|p2a: Umbreon|0 fnt
|faint|p2a: Umbreon
|
|upkeep
|
|t:|1655690043
|switch|p2a: Tapu Koko|Tapu Koko|55/100
|-fieldstart|move: Electric Terrain|[from] ability: Electric Surge|[of] p2a: Tapu Koko
|turn|12
|
|t:|1655690044
|move|p2a: Tapu Koko|Thunderbolt|p1a: Lunala
|-damage|p1a: Lunala|10/100
|move|p1a: Lunala|Roost|p1a: Lunala
|-heal|p1a: Lunala|60/100
|-singleturn|p1a: Lunala|move: Roost
|
|upkeep
|turn|13
|
|t:|1655690046
|move|p2a: Tapu Koko|Thunderbolt|p1a: Lunala
|-damage|p1a: Lunala|20/100
|move|p1a: Lunala|Roost|p1a: Lunala
|-heal|p1a: Lunala|71/100
|-singleturn|p1a: Lunala|move: Roost
|
|upkeep
|turn|14
|
|t:|1655690048
|move|p2a: Tapu Koko|Thunderbolt|p1a: Lunala
|-damage|p1a: Lunala|32/100
|move|p1a: Lunala|Roost|p1a: Lunala
|-heal|p1a: Lunala|82/100
|-singleturn|p1a: Lunala|move: Roost
|
|upkeep
|turn|15
|
|t:|1655690049
|move|p2a: Tapu Koko|Thunderbolt|p1a: Lunala
|-damage|p1a: Lunala|42/100
|move|p1a: Lunala|Moongeist Beam|p2a: Tapu Koko
|-crit|p2a: Tapu Koko
|-damage|p2a: Tapu Koko|0 fnt
|faint|p2a: Tapu Koko
|
|upkeep
|c|☆Trade|damn never lucky
|-message|Trade forfeited.
|
|win|Fc ❤
|c|☆Fc ❤|gg
