|inactive|Battle timer is ON: inactive players will automatically lose when time's up.
|t:|1613256336
|player|p1|FearNeverDies|lyra|
|player|p2|AtraX Madara|hilda|
|teamsize|p1|6
|teamsize|p2|6
|gametype|singles
|gen|8
|tier|[Gen 8] Ubers
|clearpoke
|poke|p1|Eternatus|
|poke|p1|Groudon|
|poke|p1|Necrozma-Dusk-Mane|
|poke|p1|Giratina-Origin|
|poke|p1|Ho-Oh|
|poke|p1|Yveltal|
|poke|p2|Shuckle, F|
|poke|p2|Regieleki|
|poke|p2|Kyogre|
|poke|p2|Yveltal|
|poke|p2|Calyrex-Shadow|
|poke|p2|Zacian|
|rule|Sleep Clause Mod: Limit one foe put to sleep
|rule|Species Clause: Limit one of each Pokémon
|rule|OHKO Clause: OHKO moves are banned
|rule|Evasion Moves Clause: Evasion moves are banned
|rule|Endless Battle Clause: Forcing endless battles is banned
|rule|HP Percentage Mod: HP is shown in percentages
|rule|Dynamax Clause: You cannot dynamax
|teampreview
|c|☆FearNeverDies|gl
|c|☆AtraX Madara|gl
|
|t:|1613256359
|start
|switch|p1a: Ho-Oh|Ho-Oh|100/100
|switch|p2a: Zacian|Zacian|100/100
|-ability|p2a: Zacian|Intrepid Sword|boost
|-boost|p2a: Zacian|atk|1
|turn|1
|
|t:|1613256389
|move|p2a: Zacian|Wild Charge|p1a: Ho-Oh
|-supereffective|p1a: Ho-Oh
|-damage|p1a: Ho-Oh|21/100
|-damage|p2a: Zacian|75/100|[from] Recoil
|-damage|p2a: Zacian|65/100|[from] item: Life Orb
|move|p1a: Ho-Oh|Thunder Wave|p2a: Zacian
|-status|p2a: Zacian|par
|
|upkeep
|turn|2
|
|t:|1613256396
|switch|p1a: Necrozma|Necrozma-Dusk-Mane|100/100
|cant|p2a: Zacian|par
|
|upkeep
|turn|3
|
|t:|1613256406
|switch|p2a: Yveltal|Yveltal|100/100
|-ability|p2a: Yveltal|Dark Aura
|move|p1a: Necrozma|Stealth Rock|p2a: Yveltal
|-sidestart|p2: AtraX Madara|move: Stealth Rock
|
|upkeep
|turn|4
|
|t:|1613256411
|move|p2a: Yveltal|Dark Pulse|p1a: Necrozma
|-supereffective|p1a: Necrozma
|-damage|p1a: Necrozma|9/100
|-damage|p2a: Yveltal|91/100|[from] item: Life Orb
|move|p1a: Necrozma|Sunsteel Strike|p2a: Yveltal
|-damage|p2a: Yveltal|38/100
|
|upkeep
|turn|5
|
|t:|1613256418
|move|p2a: Yveltal|Oblivion Wing|p1a: Necrozma
|-resisted|p1a: Necrozma
|-damage|p1a: Necrozma|0 fnt
|-heal|p2a: Yveltal|45/100|[from] drain|[of] p1a: Necrozma
|-damage|p2a: Yveltal|35/100|[from] item: Life Orb
|faint|p1a: Necrozma
|
|upkeep
|
|t:|1613256424
|switch|p1a: Eternatus|Eternatus|100/100
|-ability|p1a: Eternatus|Pressure
|turn|6
|
|t:|1613256433
|move|p1a: Eternatus|Toxic|p2a: Yveltal
|-status|p2a: Yveltal|tox
|move|p2a: Yveltal|Dark Pulse|p1a: Eternatus
|-damage|p1a: Eternatus|51/100
|-damage|p2a: Yveltal|25/100 tox|[from] item: Life Orb
|
|-heal|p1a: Eternatus|57/100|[from] item: Black Sludge
|-damage|p2a: Yveltal|19/100 tox|[from] psn
|upkeep
|turn|7
|
|t:|1613256437
|move|p1a: Eternatus|Recover|p1a: Eternatus
|-heal|p1a: Eternatus|100/100
|move|p2a: Yveltal|Oblivion Wing|p1a: Eternatus
|-damage|p1a: Eternatus|66/100
|-heal|p2a: Yveltal|50/100 tox|[from] drain|[of] p1a: Eternatus
|-damage|p2a: Yveltal|40/100 tox|[from] item: Life Orb
|
|-heal|p1a: Eternatus|73/100|[from] item: Black Sludge
|-damage|p2a: Yveltal|28/100 tox|[from] psn
|upkeep
|turn|8
|
|t:|1613256440
|move|p1a: Eternatus|Recover|p1a: Eternatus
|-heal|p1a: Eternatus|100/100
|move|p2a: Yveltal|Taunt|p1a: Eternatus
|-start|p1a: Eternatus|move: Taunt
|
|-damage|p2a: Yveltal|10/100 tox|[from] psn
|upkeep
|turn|9
|
|t:|1613256442
|move|p1a: Eternatus|Flamethrower|p2a: Yveltal
|-damage|p2a: Yveltal|0 fnt
|faint|p2a: Yveltal
|
|upkeep
|
|t:|1613256446
|switch|p2a: Shuckle|Shuckle, F|100/100
|-damage|p2a: Shuckle|76/100|[from] Stealth Rock
|turn|10
|
|t:|1613256455
|move|p1a: Eternatus|Flamethrower|p2a: Shuckle
|-damage|p2a: Shuckle|59/100
|-enditem|p2a: Shuckle|Red Card|[of] p1a: Eternatus
|drag|p1a: Ho-Oh|Ho-Oh|54/100
|move|p2a: Shuckle|Sticky Web|p1a: Ho-Oh
|-sidestart|p1: FearNeverDies|move: Sticky Web
|
|upkeep
|turn|11
|
|t:|1613256461
|move|p1a: Ho-Oh|Defog|p2a: Shuckle
|-unboost|p2a: Shuckle|evasion|1
|-sideend|p2: AtraX Madara|Stealth Rock|[from] move: Defog|[of] p1a: Ho-Oh
|-sideend|p1: FearNeverDies|Sticky Web|[from] move: Defog|[of] p1a: Ho-Oh
|move|p2a: Shuckle|Encore|p1a: Ho-Oh
|-start|p1a: Ho-Oh|Encore
|
|upkeep
|turn|12
|
|t:|1613256464
|switch|p2a: Kyogre|Kyogre|100/100
|-weather|RainDance|[from] ability: Drizzle|[of] p2a: Kyogre
|move|p1a: Ho-Oh|Defog|p2a: Kyogre
|-unboost|p2a: Kyogre|evasion|1
|
|-weather|RainDance|[upkeep]
|upkeep
|turn|13
|
|t:|1613256469
|switch|p1a: Giratina|Giratina-Origin|100/100
|move|p2a: Kyogre|Water Spout|p1a: Giratina
|-resisted|p1a: Giratina
|-damage|p1a: Giratina|37/100
|
|-weather|RainDance|[upkeep]
|upkeep
|turn|14
|
|t:|1613256474
|move|p2a: Kyogre|Water Spout|p1a: Giratina
|-resisted|p1a: Giratina
|-damage|p1a: Giratina|0 fnt
|faint|p1a: Giratina
|
|-weather|RainDance|[upkeep]
|upkeep
|
|t:|1613256475
|switch|p1a: Eternatus|Eternatus|100/100
|-ability|p1a: Eternatus|Pressure
|turn|15
|
|t:|1613256482
|switch|p2a: Regieleki|Regieleki|100/100
|move|p1a: Eternatus|Toxic|p2a: Regieleki
|-status|p2a: Regieleki|tox
|
|-weather|RainDance|[upkeep]
|-damage|p2a: Regieleki|95/100 tox|[from] psn
|upkeep
|turn|16
|
|t:|1613256499
|switch|p1a: Groudon|Groudon|100/100
|-weather|SunnyDay|[from] ability: Drought|[of] p1a: Groudon
|move|p2a: Regieleki|Explosion|p1a: Groudon
|-damage|p1a: Groudon|50/100
|faint|p2a: Regieleki
|
|-weather|SunnyDay|[upkeep]
|-heal|p1a: Groudon|57/100|[from] item: Leftovers
|upkeep
|
|t:|1613256505
|switch|p2a: Shuckle|Shuckle, F|59/100
|turn|17
|
|t:|1613256521
|switch|p1a: Ho-Oh|Ho-Oh|87/100
|move|p2a: Shuckle|Sticky Web|p1a: Ho-Oh
|-sidestart|p1: FearNeverDies|move: Sticky Web
|
|-weather|SunnyDay|[upkeep]
|upkeep
|turn|18
|
|t:|1613256523
|move|p1a: Ho-Oh|Defog|p2a: Shuckle
|-unboost|p2a: Shuckle|evasion|1
|-sideend|p1: FearNeverDies|Sticky Web|[from] move: Defog|[of] p1a: Ho-Oh
|move|p2a: Shuckle|Encore|p1a: Ho-Oh
|-start|p1a: Ho-Oh|Encore
|
|-weather|SunnyDay|[upkeep]
|upkeep
|turn|19
|
|t:|1613256525
|switch|p2a: Kyogre|Kyogre|100/100
|-weather|RainDance|[from] ability: Drizzle|[of] p2a: Kyogre
|move|p1a: Ho-Oh|Defog|p2a: Kyogre
|-unboost|p2a: Kyogre|evasion|1
|
|-weather|RainDance|[upkeep]
|upkeep
|turn|20
|
|t:|1613256529
|switch|p1a: Groudon|Groudon|57/100
|-weather|SunnyDay|[from] ability: Drought|[of] p1a: Groudon
|move|p2a: Kyogre|Water Spout|p1a: Groudon
|-supereffective|p1a: Groudon
|-damage|p1a: Groudon|0 fnt
|faint|p1a: Groudon
|
|-weather|SunnyDay|[upkeep]
|upkeep
|
|t:|1613256531
|switch|p1a: Eternatus|Eternatus|100/100
|-ability|p1a: Eternatus|Pressure
|turn|21
|
|t:|1613256536
|switch|p2a: Zacian|Zacian|65/100 par
|-ability|p2a: Zacian|Intrepid Sword|boost
|-boost|p2a: Zacian|atk|1
|move|p1a: Eternatus|Toxic||[still]
|-fail|p1a: Eternatus
|
|-weather|SunnyDay|[upkeep]
|upkeep
|turn|22
|
|t:|1613256544
|move|p1a: Eternatus|Flamethrower|p2a: Zacian
|-damage|p2a: Zacian|24/100 par
|move|p2a: Zacian|Play Rough|p1a: Eternatus
|-damage|p1a: Eternatus|33/100
|-damage|p2a: Zacian|14/100 par|[from] item: Life Orb
|
|-weather|SunnyDay|[upkeep]
|-heal|p1a: Eternatus|40/100|[from] item: Black Sludge
|upkeep
|turn|23
|
|t:|1613256549
|move|p1a: Eternatus|Recover|p1a: Eternatus
|-heal|p1a: Eternatus|90/100
|move|p2a: Zacian|Play Rough|p1a: Eternatus
|-damage|p1a: Eternatus|31/100
|-damage|p2a: Zacian|4/100 par|[from] item: Life Orb
|
|-weather|SunnyDay|[upkeep]
|-heal|p1a: Eternatus|37/100|[from] item: Black Sludge
|upkeep
|turn|24
|
|t:|1613256552
|move|p1a: Eternatus|Recover|p1a: Eternatus
|-heal|p1a: Eternatus|87/100
|move|p2a: Zacian|Play Rough|p1a: Eternatus
|-damage|p1a: Eternatus|19/100
|-damage|p2a: Zacian|0 fnt|[from] item: Life Orb
|faint|p2a: Zacian
|
|-weather|none
|-heal|p1a: Eternatus|25/100|[from] item: Black Sludge
|upkeep
|
|t:|1613256560
|switch|p2a: Calyrex|Calyrex-Shadow|100/100
|-ability|p2a: Calyrex|As One
|-ability|p2a: Calyrex|Unnerve|p1: FearNeverDies
|turn|25
|
|t:|1613256584
|switch|p1a: Yveltal|Yveltal|100/100
|-ability|p1a: Yveltal|Dark Aura
|move|p2a: Calyrex|Draining Kiss|p1a: Yveltal
|-supereffective|p1a: Yveltal
|-damage|p1a: Yveltal|72/100
|
|upkeep
|turn|26
|
|t:|1613256592
|switch|p2a: Shuckle|Shuckle, F|59/100
|move|p1a: Yveltal|Knock Off|p2a: Shuckle
|-damage|p2a: Shuckle|34/100
|
|upkeep
|turn|27
|
|t:|1613256601
|move|p1a: Yveltal|Taunt|p2a: Shuckle
|-start|p2a: Shuckle|move: Taunt
|move|p2a: Shuckle|Final Gambit|p1a: Yveltal
|-damage|p1a: Yveltal|52/100
|faint|p2a: Shuckle
|
|upkeep
|
|t:|1613256605
|switch|p2a: Kyogre|Kyogre|100/100
|-weather|RainDance|[from] ability: Drizzle|[of] p2a: Kyogre
|turn|28
|
|t:|1613256610
|switch|p1a: Ho-Oh|Ho-Oh|100/100
|move|p2a: Kyogre|Thunder|p1a: Ho-Oh
|-supereffective|p1a: Ho-Oh
|-damage|p1a: Ho-Oh|34/100
|-status|p1a: Ho-Oh|par
|
|-weather|RainDance|[upkeep]
|upkeep
|turn|29
|
|t:|1613256614
|move|p2a: Kyogre|Thunder|p1a: Ho-Oh
|-supereffective|p1a: Ho-Oh
|-damage|p1a: Ho-Oh|0 fnt
|faint|p1a: Ho-Oh
|
|-weather|RainDance|[upkeep]
|upkeep
|
|t:|1613256617
|switch|p1a: Eternatus|Eternatus|25/100
|-ability|p1a: Eternatus|Pressure
|turn|30
|
|t:|1613256618
|move|p1a: Eternatus|Recover|p1a: Eternatus
|-heal|p1a: Eternatus|75/100
|move|p2a: Kyogre|Thunder|p1a: Eternatus
|-resisted|p1a: Eternatus
|-damage|p1a: Eternatus|55/100
|-status|p1a: Eternatus|par
|
|-weather|RainDance|[upkeep]
|-heal|p1a: Eternatus|62/100 par|[from] item: Black Sludge
|upkeep
|turn|31
|
|t:|1613256620
|move|p2a: Kyogre|Thunder|p1a: Eternatus
|-resisted|p1a: Eternatus
|-damage|p1a: Eternatus|44/100 par
|move|p1a: Eternatus|Toxic|p2a: Kyogre
|-status|p2a: Kyogre|tox
|
|-weather|RainDance|[upkeep]
|-heal|p1a: Eternatus|50/100 par|[from] item: Black Sludge
|-damage|p2a: Kyogre|94/100 tox|[from] psn
|upkeep
|turn|32
|
|t:|1613256626
|switch|p2a: Calyrex|Calyrex-Shadow|100/100
|-ability|p2a: Calyrex|As One
|-ability|p2a: Calyrex|Unnerve|p1: FearNeverDies
|move|p1a: Eternatus|Recover|p1a: Eternatus
|-heal|p1a: Eternatus|99/100 par
|
|-weather|none
|-heal|p1a: Eternatus|100/100 par|[from] item: Black Sludge
|upkeep
|turn|33
|
|t:|1613256633
|switch|p1a: Yveltal|Yveltal|52/100
|-ability|p1a: Yveltal|Dark Aura
|move|p2a: Calyrex|Psyshock|p1a: Yveltal
|-immune|p1a: Yveltal
|
|upkeep
|turn|34
|
|t:|1613256637
|move|p2a: Calyrex|Astral Barrage|p1a: Yveltal
|-resisted|p1a: Yveltal
|-damage|p1a: Yveltal|26/100
|move|p1a: Yveltal|Roost|p1a: Yveltal
|-heal|p1a: Yveltal|76/100
|-singleturn|p1a: Yveltal|move: Roost
|
|upkeep
|turn|35
|
|t:|1613256640
|move|p2a: Calyrex|Astral Barrage|p1a: Yveltal
|-resisted|p1a: Yveltal
|-damage|p1a: Yveltal|52/100
|move|p1a: Yveltal|Knock Off|p2a: Calyrex
|-supereffective|p2a: Calyrex
|-enditem|p2a: Calyrex|Focus Sash
|-damage|p2a: Calyrex|1/100
|
|upkeep
|turn|36
|
|t:|1613256643
|move|p2a: Calyrex|Draining Kiss|p1a: Yveltal
|-supereffective|p1a: Yveltal
|-damage|p1a: Yveltal|22/100
|-heal|p2a: Calyrex|28/100|[from] drain|[of] p1a: Yveltal
|move|p1a: Yveltal|Roost|p1a: Yveltal
|-heal|p1a: Yveltal|72/100
|-singleturn|p1a: Yveltal|move: Roost
|
|upkeep
|turn|37
|
|t:|1613256655
|switch|p2a: Kyogre|Kyogre|94/100 tox
|-weather|RainDance|[from] ability: Drizzle|[of] p2a: Kyogre
|move|p1a: Yveltal|Knock Off|p2a: Kyogre
|-damage|p2a: Kyogre|32/100 tox
|-enditem|p2a: Kyogre|Choice Specs|[from] move: Knock Off|[of] p1a: Yveltal
|
|-weather|RainDance|[upkeep]
|-damage|p2a: Kyogre|26/100 tox|[from] psn
|upkeep
|turn|38
|c|+Fantos13|gg
|c|☆AtraX Madara|gg
|inactive|FearNeverDies has 270 seconds left.
|
|t:|1613256705
|move|p1a: Yveltal|Knock Off|p2a: Kyogre
|-damage|p2a: Kyogre|0 fnt
|faint|p2a: Kyogre
|
|-weather|RainDance|[upkeep]
|upkeep
|c|☆FearNeverDies|gg
|
|t:|1613256711
|switch|p2a: Calyrex|Calyrex-Shadow|28/100
|-ability|p2a: Calyrex|As One
|-ability|p2a: Calyrex|Unnerve|p1: FearNeverDies
|turn|39
|
|t:|1613256714
|move|p2a: Calyrex|Nasty Plot|p2a: Calyrex
|-boost|p2a: Calyrex|spa|2
|move|p1a: Yveltal|Knock Off|p2a: Calyrex
|-supereffective|p2a: Calyrex
|-damage|p2a: Calyrex|0 fnt
|faint|p2a: Calyrex
|
|win|FearNeverDies
