|inactive|Battle timer is ON: inactive players will automatically lose when time's up.
|t:|1667418145
|gametype|singles
|player|p1|RichardMillePlain|1|
|player|p2|Inder|lucas|
|teamsize|p1|6
|teamsize|p2|6
|gen|8
|tier|[Gen 8] Ubers
|rule|Sleep Clause Mod: Limit one foe put to sleep
|rule|Species Clause: Limit one of each Pokémon
|rule|OHKO Clause: OHKO moves are banned
|rule|Evasion Items Clause: Evasion items are banned
|rule|Evasion Moves Clause: Evasion moves are banned
|rule|Endless Battle Clause: Forcing endless battles is banned
|rule|HP Percentage Mod: HP is shown in percentages
|rule|Dynamax Clause: You cannot dynamax
|clearpoke
|poke|p1|Zekrom|
|poke|p1|Eternatus|
|poke|p1|Necrozma-Dusk-Mane|
|poke|p1|Yveltal|
|poke|p1|Ho-Oh|
|poke|p1|Groudon|
|poke|p2|Pheromosa|
|poke|p2|Landorus-Therian, M|
|poke|p2|Necrozma-Dusk-Mane|
|poke|p2|Yveltal|
|poke|p2|Eternatus|
|poke|p2|Kyogre|
|teampreview
|inactive|Inder also wants the timer to be on.
|c|☆Inder|hf poto
|c|☆RichardMillePlain|hf
|inactive|Inder has 270 seconds left.
|inactive|RichardMillePlain has 270 seconds left.
|inactive|Inder has 240 seconds left.
|c|+Royal1604|ssnl grande finale ?
|c|☆Inder|ofc
|c|☆RichardMillePlain|nn
|c|☆RichardMillePlain|ah si enft
|c|☆Inder|mdrrrr
|c|☆Inder|il est perdu
|inactive|Inder has 210 seconds left.
|c|☆Inder|tu me deconcentres pour choisir mon lead
|c|☆Inder|c malin
|
|t:|1667418245
|start
|switch|p1a: Groudon|Groudon|100/100
|switch|p2a: ASTROTHUNDER|Kyogre|100/100
|-weather|RainDance|[from] ability: Drizzle|[of] p2a: ASTROTHUNDER
|-weather|SunnyDay|[from] ability: Drought|[of] p1a: Groudon
|turn|1
|c|+steel......SKITTY|go INDER
|c|+Royal1604|encore un Fr
|c|+entrocefalo|Go richardd
|inactive|Inder has 270 seconds left.
|c|+Royal1604|qui va win un ssnl
|c|+SiTuM.|pheromosa
|c|+Royal1604|qui rejoindra Situm et moi
|
|t:|1667418258
|switch|p1a: Eternatus|Eternatus|100/100
|-ability|p1a: Eternatus|Pressure
|move|p2a: ASTROTHUNDER|Water Spout|p1a: Eternatus
|-resisted|p1a: Eternatus
|-damage|p1a: Eternatus|83/100
|
|-weather|SunnyDay|[upkeep]
|upkeep
|turn|2
|c|+SiTuM.|what does he even do
|c|+SiTuM.|what was he cooking
|inactive|Inder has 270 seconds left.
|
|t:|1667418275
|switch|p1a: Ho-Oh|Ho-Oh|100/100
|switch|p2a: STARGAZING|Eternatus|100/100
|-ability|p2a: STARGAZING|Pressure
|
|-weather|SunnyDay|[upkeep]
|upkeep
|turn|3
|
|t:|1667418285
|switch|p2a: ASTROTHUNDER|Kyogre|100/100
|-weather|RainDance|[from] ability: Drizzle|[of] p2a: ASTROTHUNDER
|move|p1a: Ho-Oh|Sacred Fire|p2a: ASTROTHUNDER
|-resisted|p2a: ASTROTHUNDER
|-damage|p2a: ASTROTHUNDER|87/100
|
|-weather|RainDance|[upkeep]
|upkeep
|turn|4
|c|+SiTuM.|tu te rends compte
|c|+SiTuM.|le glow down royal
|
|t:|1667418295
|switch|p1a: Eternatus|Eternatus|83/100
|-ability|p1a: Eternatus|Pressure
|move|p2a: ASTROTHUNDER|Water Spout|p1a: Eternatus
|-resisted|p1a: Eternatus
|-damage|p1a: Eternatus|38/100
|
|-weather|RainDance|[upkeep]
|upkeep
|turn|5
|c|+SiTuM.|passer de nous
|c|+SiTuM.|à "inder"
|
|t:|1667418299
|move|p1a: Eternatus|Recover|p1a: Eternatus
|-heal|p1a: Eternatus|88/100
|move|p2a: ASTROTHUNDER|Thunder Wave|p1a: Eternatus
|-status|p1a: Eternatus|par
|
|-weather|RainDance|[upkeep]
|upkeep
|turn|6
|c|+Royal1604|réel
|c|☆Inder|je vous carry en wcup bande d'encules
|c|☆Inder|et c'est comme ça
|inactive|Inder has 270 seconds left.
|c|☆Inder|qu'on me remercie
|c|☆Inder|ok.
|c|+SiTuM.|pk je vois ce set d'ogre une fois par jour
|c|+SiTuM.|depuis qu'il m'a démoli scl
|c|+Royal1604|le mec a battu un pelo qui lui a sorti genesect
|c|+Royal1604|gg à toi
|c|+SiTuM.|ça vous en a donné de l'inspiration
|c|☆Inder|j'ai juste copié le set de ox perso
|inactive|Inder has 240 seconds left.
|
|t:|1667418358
|switch|p2a: MIRAGE STALLEO|Necrozma-Dusk-Mane|100/100
|move|p1a: Eternatus|Toxic|p2a: MIRAGE STALLEO
|-immune|p2a: MIRAGE STALLEO
|
|-weather|RainDance|[upkeep]
|upkeep
|turn|7
|inactive|Inder has 240 seconds left.
|
|t:|1667418365
|switch|p1a: Groudon|Groudon|100/100
|-weather|SunnyDay|[from] ability: Drought|[of] p1a: Groudon
|move|p2a: MIRAGE STALLEO|Knock Off|p1a: Groudon
|-damage|p1a: Groudon|85/100
|-enditem|p1a: Groudon|Leftovers|[from] move: Knock Off|[of] p2a: MIRAGE STALLEO
|
|-weather|SunnyDay|[upkeep]
|upkeep
|turn|8
|c|+SiTuM.|ox the fox ? tsais lmec qu'a rien compris
|c|☆Inder|tseee you knock
|inactive|Inder has 240 seconds left.
|raw|<div class="broadcast-red"><strong>Moderated chat was set to ☆!</strong><br />Only users of rank ☆ and higher can talk.</div>
|c|☆Inder|NOOOO
|c|☆Inder|sparky why
|c|☆RichardMillePlain|oh
|c|☆RichardMillePlain|pk?
|inactive|Inder has 210 seconds left.
|c|☆Inder|why
|c|☆Inder|modjoin off
|c|☆Inder|plz
|c|☆RichardMillePlain|mais c pas moi mgl
|c|☆Inder|modchat**
|c|☆Inder|je sais frere
|c|☆Inder|j'ai lseum
|c|☆RichardMillePlain|ah mais c pas toi
|c|☆RichardMillePlain|oe nn oubli
|c|☆Inder|mdrrrrrr
|inactive|Inder has 180 seconds left.
|
|t:|1667418458
|switch|p2a: ASTROTHUNDER|Kyogre|87/100
|-weather|RainDance|[from] ability: Drizzle|[of] p2a: ASTROTHUNDER
|move|p1a: Groudon|Stealth Rock|p2a: ASTROTHUNDER
|-sidestart|p2: Inder|move: Stealth Rock
|
|-weather|RainDance|[upkeep]
|upkeep
|turn|9
|
|t:|1667418466
|switch|p1a: Zekrom|Zekrom|100/100
|-ability|p1a: Zekrom|Teravolt
|move|p2a: ASTROTHUNDER|Surf|p1a: Zekrom
|-resisted|p1a: Zekrom
|-damage|p1a: Zekrom|38/100
|
|-weather|RainDance|[upkeep]
|upkeep
|turn|10
|
|t:|1667418473
|switch|p2a: YOSEMITE|Landorus-Therian, M|100/100
|-damage|p2a: YOSEMITE|88/100|[from] Stealth Rock
|-ability|p2a: YOSEMITE|Intimidate|boost
|-unboost|p1a: Zekrom|atk|1
|move|p1a: Zekrom|Bolt Strike|p2a: YOSEMITE
|-immune|p2a: YOSEMITE
|
|-weather|RainDance|[upkeep]
|-heal|p2a: YOSEMITE|94/100|[from] item: Leftovers
|upkeep
|turn|11
|inactive|Inder has 180 seconds left.
|
|t:|1667418487
|switch|p1a: Ho-Oh|Ho-Oh|100/100
|move|p2a: YOSEMITE|Earthquake|p1a: Ho-Oh
|-immune|p1a: Ho-Oh
|
|-weather|RainDance|[upkeep]
|-heal|p2a: YOSEMITE|99/100|[from] item: Leftovers
|upkeep
|turn|12
|inactive|Inder has 180 seconds left.
|
|t:|1667418493
|move|p2a: YOSEMITE|Toxic|p1a: Ho-Oh
|-status|p1a: Ho-Oh|tox
|move|p1a: Ho-Oh|Brave Bird|p2a: YOSEMITE
|-damage|p2a: YOSEMITE|57/100
|-damage|p1a: Ho-Oh|87/100 tox|[from] Recoil
|
|-weather|none
|-heal|p2a: YOSEMITE|63/100|[from] item: Leftovers
|-damage|p1a: Ho-Oh|81/100 tox|[from] psn
|upkeep
|turn|13
|
|t:|1667418500
|move|p2a: YOSEMITE|Defog|p1a: Ho-Oh
|-unboost|p1a: Ho-Oh|evasion|1
|-sideend|p2: Inder|Stealth Rock|[from] move: Defog|[of] p2a: YOSEMITE
|move|p1a: Ho-Oh|Sacred Fire|p2a: YOSEMITE
|-damage|p2a: YOSEMITE|28/100
|-status|p2a: YOSEMITE|brn
|
|-heal|p2a: YOSEMITE|34/100 brn|[from] item: Leftovers
|-damage|p1a: Ho-Oh|69/100 tox|[from] psn
|-damage|p2a: YOSEMITE|28/100 brn|[from] brn
|upkeep
|turn|14
|
|t:|1667418506
|move|p2a: YOSEMITE|Earthquake|p1a: Ho-Oh
|-immune|p1a: Ho-Oh
|move|p1a: Ho-Oh|Brave Bird|p2a: YOSEMITE
|-damage|p2a: YOSEMITE|0 fnt
|faint|p2a: YOSEMITE
|-damage|p1a: Ho-Oh|61/100 tox|[from] Recoil
|
|-damage|p1a: Ho-Oh|43/100 tox|[from] psn
|upkeep
|
|t:|1667418512
|switch|p2a: ASTROTHUNDER|Kyogre|87/100
|-weather|RainDance|[from] ability: Drizzle|[of] p2a: ASTROTHUNDER
|turn|15
|
|t:|1667418520
|switch|p1a: Yveltal|Yveltal|100/100
|-ability|p1a: Yveltal|Dark Aura
|move|p2a: ASTROTHUNDER|Water Spout|p1a: Yveltal
|-damage|p1a: Yveltal|0 fnt
|faint|p1a: Yveltal
|
|-weather|RainDance|[upkeep]
|upkeep
|
|t:|1667418522
|switch|p1a: Zekrom|Zekrom|38/100
|-ability|p1a: Zekrom|Teravolt
|turn|16
|
|t:|1667418530
|move|p1a: Zekrom|Roost|p1a: Zekrom
|-heal|p1a: Zekrom|88/100
|-singleturn|p1a: Zekrom|move: Roost
|move|p2a: ASTROTHUNDER|Water Spout|p1a: Zekrom
|-resisted|p1a: Zekrom
|-damage|p1a: Zekrom|0 fnt
|faint|p1a: Zekrom
|
|-weather|RainDance|[upkeep]
|upkeep
|c|☆RichardMillePlain|wsh?
|
|t:|1667418540
|switch|p1a: Eternatus|Eternatus|88/100 par
|-ability|p1a: Eternatus|Pressure
|turn|17
|c|☆Inder|il est pas venu pour rire lui
|inactive|Inder has 210 seconds left.
|
|t:|1667418563
|switch|p2a: MIRAGE STALLEO|Necrozma-Dusk-Mane|100/100
|switch|p1a: Groudon|Groudon|85/100
|-weather|SunnyDay|[from] ability: Drought|[of] p1a: Groudon
|
|-weather|SunnyDay|[upkeep]
|upkeep
|turn|18
|
|t:|1667418566
|switch|p2a: ASTROTHUNDER|Kyogre|87/100
|-weather|RainDance|[from] ability: Drizzle|[of] p2a: ASTROTHUNDER
|move|p1a: Groudon|Stealth Rock|p2a: ASTROTHUNDER
|-sidestart|p2: Inder|move: Stealth Rock
|
|-weather|RainDance|[upkeep]
|upkeep
|turn|19
|
|t:|1667418569
|switch|p1a: Eternatus|Eternatus|88/100 par
|-ability|p1a: Eternatus|Pressure
|move|p2a: ASTROTHUNDER|Surf|p1a: Eternatus
|-resisted|p1a: Eternatus
|-damage|p1a: Eternatus|57/100 par
|
|-weather|RainDance|[upkeep]
|upkeep
|turn|20
|
|t:|1667418571
|move|p2a: ASTROTHUNDER|Surf|p1a: Eternatus
|-resisted|p1a: Eternatus
|-damage|p1a: Eternatus|26/100 par
|move|p1a: Eternatus|Recover|p1a: Eternatus
|-heal|p1a: Eternatus|76/100 par
|
|-weather|RainDance|[upkeep]
|upkeep
|turn|21
|
|t:|1667418577
|switch|p2a: MIRAGE STALLEO|Necrozma-Dusk-Mane|100/100
|-damage|p2a: MIRAGE STALLEO|94/100|[from] Stealth Rock
|move|p1a: Eternatus|Recover|p1a: Eternatus
|-heal|p1a: Eternatus|100/100 par
|
|-weather|RainDance|[upkeep]
|-heal|p2a: MIRAGE STALLEO|100/100|[from] item: Leftovers
|upkeep
|turn|22
|
|t:|1667418582
|switch|p1a: Groudon|Groudon|85/100
|-weather|SunnyDay|[from] ability: Drought|[of] p1a: Groudon
|move|p2a: MIRAGE STALLEO|Stealth Rock|p1a: Groudon
|-sidestart|p1: RichardMillePlain|move: Stealth Rock
|
|-weather|SunnyDay|[upkeep]
|upkeep
|turn|23
|inactive|Inder has 240 seconds left.
|
|t:|1667418605
|move|p1a: Groudon|Precipice Blades|p2a: MIRAGE STALLEO
|-supereffective|p2a: MIRAGE STALLEO
|-damage|p2a: MIRAGE STALLEO|38/100
|move|p2a: MIRAGE STALLEO|Sunsteel Strike|p1a: Groudon
|-damage|p1a: Groudon|58/100
|
|-weather|SunnyDay|[upkeep]
|-heal|p2a: MIRAGE STALLEO|44/100|[from] item: Leftovers
|upkeep
|turn|24
|inactive|Inder has 240 seconds left.
|
|t:|1667418631
|switch|p2a: NYC CRIMES|Yveltal|100/100
|-damage|p2a: NYC CRIMES|76/100|[from] Stealth Rock
|-ability|p2a: NYC CRIMES|Dark Aura
|move|p1a: Groudon|Precipice Blades|p2a: NYC CRIMES
|-immune|p2a: NYC CRIMES
|
|-weather|SunnyDay|[upkeep]
|upkeep
|turn|25
|
|t:|1667418635
|switch|p2a: ASTROTHUNDER|Kyogre|87/100
|-damage|p2a: ASTROTHUNDER|75/100|[from] Stealth Rock
|-weather|RainDance|[from] ability: Drizzle|[of] p2a: ASTROTHUNDER
|move|p1a: Groudon|Stone Edge|p2a: ASTROTHUNDER
|-damage|p2a: ASTROTHUNDER|37/100
|
|-weather|RainDance|[upkeep]
|upkeep
|turn|26
|
|t:|1667418638
|switch|p1a: Eternatus|Eternatus|100/100 par
|-ability|p1a: Eternatus|Pressure
|move|p2a: ASTROTHUNDER|Surf|p1a: Eternatus
|-resisted|p1a: Eternatus
|-damage|p1a: Eternatus|71/100 par
|
|-weather|RainDance|[upkeep]
|upkeep
|turn|27
|
|t:|1667418644
|move|p2a: ASTROTHUNDER|Surf|p1a: Eternatus
|-resisted|p1a: Eternatus
|-damage|p1a: Eternatus|42/100 par
|move|p1a: Eternatus|Recover|p1a: Eternatus
|-heal|p1a: Eternatus|92/100 par
|
|-weather|RainDance|[upkeep]
|upkeep
|turn|28
|
|t:|1667418646
|switch|p2a: MIRAGE STALLEO|Necrozma-Dusk-Mane|44/100
|-damage|p2a: MIRAGE STALLEO|38/100|[from] Stealth Rock
|move|p1a: Eternatus|Toxic|p2a: MIRAGE STALLEO
|-immune|p2a: MIRAGE STALLEO
|
|-weather|RainDance|[upkeep]
|-heal|p2a: MIRAGE STALLEO|44/100|[from] item: Leftovers
|upkeep
|turn|29
|
|t:|1667418650
|switch|p1a: Ho-Oh|Ho-Oh|76/100 tox
|move|p2a: MIRAGE STALLEO|Sunsteel Strike|p1a: Ho-Oh
|-resisted|p1a: Ho-Oh
|-damage|p1a: Ho-Oh|54/100 tox
|
|-weather|none
|-heal|p2a: MIRAGE STALLEO|50/100|[from] item: Leftovers
|-damage|p1a: Ho-Oh|48/100 tox|[from] psn
|upkeep
|turn|30
|inactive|Inder has 270 seconds left.
|
|t:|1667418657
|move|p1a: Ho-Oh|Thunder Wave|p2a: MIRAGE STALLEO
|-status|p2a: MIRAGE STALLEO|par
|move|p2a: MIRAGE STALLEO|Knock Off|p1a: Ho-Oh
|-damage|p1a: Ho-Oh|20/100 tox
|-enditem|p1a: Ho-Oh|Heavy-Duty Boots|[from] move: Knock Off|[of] p2a: MIRAGE STALLEO
|
|-heal|p2a: MIRAGE STALLEO|57/100 par|[from] item: Leftovers
|-damage|p1a: Ho-Oh|8/100 tox|[from] psn
|upkeep
|turn|31
|inactive|Inder has 270 seconds left.
|
|t:|1667418685
|switch|p2a: ASTROTHUNDER|Kyogre|37/100
|-damage|p2a: ASTROTHUNDER|24/100|[from] Stealth Rock
|-weather|RainDance|[from] ability: Drizzle|[of] p2a: ASTROTHUNDER
|move|p1a: Ho-Oh|Brave Bird|p2a: ASTROTHUNDER
|-damage|p2a: ASTROTHUNDER|0 fnt
|faint|p2a: ASTROTHUNDER
|-damage|p1a: Ho-Oh|2/100 tox|[from] Recoil
|
|-weather|RainDance|[upkeep]
|-damage|p1a: Ho-Oh|0 fnt|[from] psn
|faint|p1a: Ho-Oh
|upkeep
|
|t:|1667418691
|switch|p2a: SICKO MODE|Pheromosa|100/100
|switch|p1a: Groudon|Groudon|58/100
|-damage|p2a: SICKO MODE|88/100|[from] Stealth Rock
|-damage|p1a: Groudon|52/100|[from] Stealth Rock
|-weather|SunnyDay|[from] ability: Drought|[of] p1a: Groudon
|turn|32
|inactive|Inder has 240 seconds left.
|
|t:|1667418723
|switch|p1a: Eternatus|Eternatus|92/100 par
|-ability|p1a: Eternatus|Pressure
|move|p2a: SICKO MODE|U-turn|p1a: Eternatus
|-resisted|p1a: Eternatus
|-damage|p1a: Eternatus|71/100 par
|
|t:|1667418728
|switch|p2a: NYC CRIMES|Yveltal|76/100|[from]move: U-turn
|-damage|p2a: NYC CRIMES|51/100|[from] Stealth Rock
|-ability|p2a: NYC CRIMES|Dark Aura
|
|-weather|SunnyDay|[upkeep]
|upkeep
|turn|33
|
|t:|1667418731
|move|p2a: NYC CRIMES|Hone Claws|p2a: NYC CRIMES
|-boost|p2a: NYC CRIMES|atk|1
|-boost|p2a: NYC CRIMES|accuracy|1
|move|p1a: Eternatus|Toxic|p2a: NYC CRIMES
|-status|p2a: NYC CRIMES|tox
|
|-weather|SunnyDay|[upkeep]
|-damage|p2a: NYC CRIMES|45/100 tox|[from] psn
|upkeep
|turn|34
|
|t:|1667418733
|move|p2a: NYC CRIMES|Knock Off|p1a: Eternatus
|-damage|p1a: Eternatus|0 fnt
|-enditem|p1a: Eternatus|Heavy-Duty Boots|[from] move: Knock Off|[of] p2a: NYC CRIMES
|faint|p1a: Eternatus
|
|-weather|SunnyDay|[upkeep]
|-damage|p2a: NYC CRIMES|32/100 tox|[from] psn
|upkeep
|
|t:|1667418735
|switch|p1a: Groudon|Groudon|52/100
|-damage|p1a: Groudon|46/100|[from] Stealth Rock
|turn|35
|
|t:|1667418740
|move|p2a: NYC CRIMES|Sucker Punch|p1a: Groudon
|-damage|p1a: Groudon|2/100
|move|p1a: Groudon|Stone Edge|p2a: NYC CRIMES
|-supereffective|p2a: NYC CRIMES
|-damage|p2a: NYC CRIMES|0 fnt
|faint|p2a: NYC CRIMES
|
|-weather|SunnyDay|[upkeep]
|upkeep
|
|t:|1667418750
|switch|p2a: SICKO MODE|Pheromosa|88/100
|-damage|p2a: SICKO MODE|76/100|[from] Stealth Rock
|turn|36
|
|t:|1667418753
|move|p2a: SICKO MODE|Close Combat|p1a: Groudon
|-damage|p1a: Groudon|0 fnt
|-unboost|p2a: SICKO MODE|def|1
|-unboost|p2a: SICKO MODE|spd|1
|faint|p1a: Groudon
|-ability|p2a: SICKO MODE|Beast Boost|boost
|-boost|p2a: SICKO MODE|spe|1
|
|-weather|none
|upkeep
|
|t:|1667418754
|switch|p1a: Necrozma|Necrozma-Dusk-Mane|100/100
|-damage|p1a: Necrozma|94/100|[from] Stealth Rock
|turn|37
|
|t:|1667418756
|move|p2a: SICKO MODE|Close Combat|p1a: Necrozma
|-damage|p1a: Necrozma|27/100
|-unboost|p2a: SICKO MODE|def|1
|-unboost|p2a: SICKO MODE|spd|1
|move|p1a: Necrozma|Sunsteel Strike|p2a: SICKO MODE
|-damage|p2a: SICKO MODE|0 fnt
|faint|p2a: SICKO MODE
|
|-heal|p1a: Necrozma|33/100|[from] item: Leftovers
|upkeep
|
|t:|1667418758
|switch|p2a: STARGAZING|Eternatus|100/100
|-damage|p2a: STARGAZING|88/100|[from] Stealth Rock
|-ability|p2a: STARGAZING|Pressure
|turn|38
|
|t:|1667418760
|move|p2a: STARGAZING|Mystical Fire|p1a: Necrozma
|-supereffective|p1a: Necrozma
|-damage|p1a: Necrozma|10/100
|-unboost|p1a: Necrozma|spa|1
|move|p1a: Necrozma|Moonlight|p1a: Necrozma
|-heal|p1a: Necrozma|60/100
|
|-heal|p1a: Necrozma|66/100|[from] item: Leftovers
|upkeep
|turn|39
|
|t:|1667418762
|move|p2a: STARGAZING|Mystical Fire|p1a: Necrozma
|-supereffective|p1a: Necrozma
|-damage|p1a: Necrozma|45/100
|-unboost|p1a: Necrozma|spa|1
|move|p1a: Necrozma|Dragon Dance|p1a: Necrozma
|-boost|p1a: Necrozma|atk|1
|-boost|p1a: Necrozma|spe|1
|
|-heal|p1a: Necrozma|51/100|[from] item: Leftovers
|upkeep
|turn|40
|
|t:|1667418764
|move|p2a: STARGAZING|Mystical Fire|p1a: Necrozma
|-supereffective|p1a: Necrozma
|-damage|p1a: Necrozma|27/100
|-unboost|p1a: Necrozma|spa|1
|move|p1a: Necrozma|Moonlight|p1a: Necrozma
|-heal|p1a: Necrozma|77/100
|
|-heal|p1a: Necrozma|83/100|[from] item: Leftovers
|upkeep
|turn|41
|
|t:|1667418766
|move|p2a: STARGAZING|Mystical Fire|p1a: Necrozma
|-supereffective|p1a: Necrozma
|-damage|p1a: Necrozma|60/100
|-unboost|p1a: Necrozma|spa|1
|move|p1a: Necrozma|Dragon Dance|p1a: Necrozma
|-boost|p1a: Necrozma|atk|1
|-boost|p1a: Necrozma|spe|1
|
|-heal|p1a: Necrozma|66/100|[from] item: Leftovers
|upkeep
|turn|42
|c|☆Inder|ups
|c|☆Inder|gg
|-message|Inder forfeited.
|
|win|RichardMillePlain
|c|☆RichardMillePlain|gg
|player|p2|Inder|lucas
|player|p2|
