|inactive|Battle timer is ON: inactive players will automatically lose when time's up.
|t:|1665610399
|gametype|singles
|player|p1|Kate|#scl2dynamos|
|player|p2|ILoveMashing❤|waitress|
|teamsize|p1|6
|teamsize|p2|6
|gen|8
|tier|[Gen 8] Ubers
|rule|Sleep Clause Mod: Limit one foe put to sleep
|rule|Species Clause: Limit one of each Pokémon
|rule|OHKO Clause: OHKO moves are banned
|rule|Evasion Items Clause: Evasion items are banned
|rule|Evasion Moves Clause: Evasion moves are banned
|rule|Endless Battle Clause: Forcing endless battles is banned
|rule|HP Percentage Mod: HP is shown in percentages
|rule|Dynamax Clause: You cannot dynamax
|clearpoke
|poke|p1|Yveltal|
|poke|p1|Kyogre|
|poke|p1|Ferrothorn, F|
|poke|p1|Necrozma-Dusk-Mane|
|poke|p1|Marshadow|
|poke|p1|Eternatus|
|poke|p2|Necrozma-Dusk-Mane|
|poke|p2|Yveltal|
|poke|p2|Eternatus|
|poke|p2|Kyogre|
|poke|p2|Calyrex-Shadow|
|poke|p2|Zygarde|
|teampreview
|inactive|Kate has 270 seconds left.
|inactive|ILoveMashing❤ has 270 seconds left.
|
|t:|1665610459
|start
|switch|p1a: Yveltal|Yveltal|100/100
|switch|p2a: Yveltal|Yveltal|100/100
|-ability|p1a: Yveltal|Dark Aura
|-ability|p2a: Yveltal|Dark Aura
|turn|1
|
|t:|1665610464
|move|p2a: Yveltal|Knock Off|p1a: Yveltal
|-resisted|p1a: Yveltal
|-damage|p1a: Yveltal|76/100
|-enditem|p1a: Yveltal|Heavy-Duty Boots|[from] move: Knock Off|[of] p2a: Yveltal
|move|p1a: Yveltal|Knock Off|p2a: Yveltal
|-resisted|p2a: Yveltal
|-damage|p2a: Yveltal|74/100
|-enditem|p2a: Yveltal|Heavy-Duty Boots|[from] move: Knock Off|[of] p1a: Yveltal
|
|upkeep
|turn|2
|
|t:|1665610473
|move|p1a: Yveltal|Roost|p1a: Yveltal
|-heal|p1a: Yveltal|100/100
|-singleturn|p1a: Yveltal|move: Roost
|move|p2a: Yveltal|Knock Off|p1a: Yveltal
|-resisted|p1a: Yveltal
|-crit|p1a: Yveltal
|-damage|p1a: Yveltal|74/100
|
|upkeep
|turn|3
|
|t:|1665610479
|move|p1a: Yveltal|Knock Off|p2a: Yveltal
|-resisted|p2a: Yveltal
|-crit|p2a: Yveltal
|-damage|p2a: Yveltal|50/100
|move|p2a: Yveltal|Roost|p2a: Yveltal
|-heal|p2a: Yveltal|99/100
|-singleturn|p2a: Yveltal|move: Roost
|
|upkeep
|turn|4
|
|t:|1665610484
|move|p2a: Yveltal|Knock Off|p1a: Yveltal
|-resisted|p1a: Yveltal
|-damage|p1a: Yveltal|55/100
|move|p1a: Yveltal|Knock Off|p2a: Yveltal
|-resisted|p2a: Yveltal
|-damage|p2a: Yveltal|83/100
|
|upkeep
|turn|5
|
|t:|1665610488
|move|p1a: Yveltal|Roost|p1a: Yveltal
|-heal|p1a: Yveltal|100/100
|-singleturn|p1a: Yveltal|move: Roost
|move|p2a: Yveltal|Knock Off|p1a: Yveltal
|-resisted|p1a: Yveltal
|-damage|p1a: Yveltal|82/100
|
|upkeep
|turn|6
|
|t:|1665610493
|move|p1a: Yveltal|Knock Off|p2a: Yveltal
|-resisted|p2a: Yveltal
|-damage|p2a: Yveltal|66/100
|move|p2a: Yveltal|Knock Off|p1a: Yveltal
|-resisted|p1a: Yveltal
|-damage|p1a: Yveltal|66/100
|
|upkeep
|turn|7
|
|t:|1665610498
|move|p1a: Yveltal|Roost|p1a: Yveltal
|-heal|p1a: Yveltal|100/100
|-singleturn|p1a: Yveltal|move: Roost
|move|p2a: Yveltal|Knock Off|p1a: Yveltal
|-resisted|p1a: Yveltal
|-damage|p1a: Yveltal|83/100
|
|upkeep
|turn|8
|
|t:|1665610505
|move|p2a: Yveltal|Roost|p2a: Yveltal
|-heal|p2a: Yveltal|100/100
|-singleturn|p2a: Yveltal|move: Roost
|move|p1a: Yveltal|Hone Claws|p1a: Yveltal
|-boost|p1a: Yveltal|atk|1
|-boost|p1a: Yveltal|accuracy|1
|
|upkeep
|turn|9
|
|t:|1665610508
|move|p1a: Yveltal|Knock Off|p2a: Yveltal
|-resisted|p2a: Yveltal
|-damage|p2a: Yveltal|75/100
|move|p2a: Yveltal|Knock Off|p1a: Yveltal
|-resisted|p1a: Yveltal
|-damage|p1a: Yveltal|65/100
|
|upkeep
|turn|10
|
|t:|1665610522
|switch|p2a: Eternatus|Eternatus|100/100
|-ability|p2a: Eternatus|Pressure
|move|p1a: Yveltal|Roost|p1a: Yveltal
|-heal|p1a: Yveltal|100/100
|-singleturn|p1a: Yveltal|move: Roost
|
|upkeep
|turn|11
|
|t:|1665610527
|switch|p1a: Necrozma|Necrozma-Dusk-Mane|100/100
|move|p2a: Eternatus|Toxic|p1a: Necrozma
|-immune|p1a: Necrozma
|
|upkeep
|turn|12
|
|t:|1665610551
|switch|p2a: Zygarde|Zygarde|100/100
|move|p1a: Necrozma|Stealth Rock|p2a: Zygarde
|-sidestart|p2: ILoveMashing❤|move: Stealth Rock
|
|upkeep
|turn|13
|
|t:|1665610557
|switch|p1a: Kyogre|Kyogre|100/100
|-weather|RainDance|[from] ability: Drizzle|[of] p1a: Kyogre
|move|p2a: Zygarde|Substitute|p2a: Zygarde
|-start|p2a: Zygarde|Substitute
|-damage|p2a: Zygarde|76/100
|
|-weather|RainDance|[upkeep]
|-heal|p2a: Zygarde|82/100|[from] item: Leftovers
|upkeep
|turn|14
|
|t:|1665610561
|move|p1a: Kyogre|Scald|p2a: Zygarde
|-end|p2a: Zygarde|Substitute
|move|p2a: Zygarde|Dragon Tail|p1a: Kyogre|[miss]
|-miss|p2a: Zygarde|p1a: Kyogre
|
|-weather|RainDance|[upkeep]
|-heal|p2a: Zygarde|88/100|[from] item: Leftovers
|upkeep
|turn|15
|
|t:|1665610579
|switch|p2a: Eternatus|Eternatus|100/100
|-damage|p2a: Eternatus|88/100|[from] Stealth Rock
|-ability|p2a: Eternatus|Pressure
|move|p1a: Kyogre|Scald|p2a: Eternatus
|-resisted|p2a: Eternatus
|-crit|p2a: Eternatus
|-damage|p2a: Eternatus|62/100
|
|-weather|RainDance|[upkeep]
|upkeep
|turn|16
|
|t:|1665610585
|switch|p1a: Ferrothorn|Ferrothorn, F|100/100
|move|p2a: Eternatus|Recover|p2a: Eternatus
|-heal|p2a: Eternatus|100/100
|
|-weather|RainDance|[upkeep]
|upkeep
|turn|17
|
|t:|1665610595
|move|p2a: Eternatus|Flamethrower|p1a: Ferrothorn
|-supereffective|p1a: Ferrothorn
|-damage|p1a: Ferrothorn|66/100
|move|p1a: Ferrothorn|Knock Off|p2a: Eternatus
|-damage|p2a: Eternatus|85/100
|-enditem|p2a: Eternatus|Haban Berry|[from] move: Knock Off|[of] p1a: Ferrothorn
|
|-weather|none
|-heal|p1a: Ferrothorn|73/100|[from] item: Leftovers
|upkeep
|turn|18
|
|t:|1665610606
|switch|p1a: Necrozma|Necrozma-Dusk-Mane|100/100
|move|p2a: Eternatus|Flamethrower|p1a: Necrozma
|-supereffective|p1a: Necrozma
|-damage|p1a: Necrozma|71/100
|
|-heal|p1a: Necrozma|77/100|[from] item: Leftovers
|upkeep
|turn|19
|
|t:|1665610612
|switch|p2a: Zygarde|Zygarde|88/100
|-damage|p2a: Zygarde|82/100|[from] Stealth Rock
|switch|p1a: Kyogre|Kyogre|100/100
|-weather|RainDance|[from] ability: Drizzle|[of] p1a: Kyogre
|
|-weather|RainDance|[upkeep]
|-heal|p2a: Zygarde|88/100|[from] item: Leftovers
|upkeep
|turn|20
|
|t:|1665610618
|switch|p2a: Eternatus|Eternatus|85/100
|-damage|p2a: Eternatus|73/100|[from] Stealth Rock
|-ability|p2a: Eternatus|Pressure
|move|p1a: Kyogre|Scald|p2a: Eternatus
|-resisted|p2a: Eternatus
|-damage|p2a: Eternatus|53/100
|
|-weather|RainDance|[upkeep]
|upkeep
|turn|21
|
|t:|1665610627
|switch|p1a: Ferrothorn|Ferrothorn, F|73/100
|move|p2a: Eternatus|Recover|p2a: Eternatus
|-heal|p2a: Eternatus|100/100
|
|-weather|RainDance|[upkeep]
|-heal|p1a: Ferrothorn|79/100|[from] item: Leftovers
|upkeep
|turn|22
|
|t:|1665610634
|move|p2a: Eternatus|Flamethrower|p1a: Ferrothorn
|-supereffective|p1a: Ferrothorn
|-damage|p1a: Ferrothorn|44/100
|move|p1a: Ferrothorn|Leech Seed|p2a: Eternatus
|-start|p2a: Eternatus|move: Leech Seed
|
|-weather|RainDance|[upkeep]
|-heal|p1a: Ferrothorn|50/100|[from] item: Leftovers
|-damage|p2a: Eternatus|88/100|[from] Leech Seed|[of] p1a: Ferrothorn
|-heal|p1a: Ferrothorn|67/100|[silent]
|upkeep
|turn|23
|
|t:|1665610651
|switch|p2a: Necrozma|Necrozma-Dusk-Mane|100/100
|-damage|p2a: Necrozma|94/100|[from] Stealth Rock
|move|p1a: Ferrothorn|Spikes|p2a: Necrozma
|-sidestart|p2: ILoveMashing❤|Spikes
|
|-weather|none
|-heal|p2a: Necrozma|100/100|[from] item: Leftovers
|-heal|p1a: Ferrothorn|73/100|[from] item: Leftovers
|upkeep
|turn|24
|
|t:|1665610654
|move|p2a: Necrozma|Stealth Rock|p1a: Ferrothorn
|-sidestart|p1: Kate|move: Stealth Rock
|move|p1a: Ferrothorn|Knock Off|p2a: Necrozma
|-supereffective|p2a: Necrozma
|-damage|p2a: Necrozma|76/100
|-enditem|p2a: Necrozma|Leftovers|[from] move: Knock Off|[of] p1a: Ferrothorn
|
|-heal|p1a: Ferrothorn|79/100|[from] item: Leftovers
|upkeep
|turn|25
|
|t:|1665610670
|move|p2a: Necrozma|Thunder Wave|p1a: Ferrothorn
|-status|p1a: Ferrothorn|par
|move|p1a: Ferrothorn|Leech Seed|p2a: Necrozma
|-start|p2a: Necrozma|move: Leech Seed
|
|-heal|p1a: Ferrothorn|86/100 par|[from] item: Leftovers
|-damage|p2a: Necrozma|64/100|[from] Leech Seed|[of] p1a: Ferrothorn
|-heal|p1a: Ferrothorn|99/100 par|[silent]
|upkeep
|turn|26
|
|t:|1665610674
|move|p2a: Necrozma|Moonlight|p2a: Necrozma
|-heal|p2a: Necrozma|100/100
|move|p1a: Ferrothorn|Spikes|p2a: Necrozma
|-sidestart|p2: ILoveMashing❤|Spikes
|
|-heal|p1a: Ferrothorn|100/100 par|[from] item: Leftovers
|-damage|p2a: Necrozma|88/100|[from] Leech Seed|[of] p1a: Ferrothorn
|upkeep
|turn|27
|
|t:|1665610677
|switch|p2a: Eternatus|Eternatus|88/100
|-damage|p2a: Eternatus|76/100|[from] Stealth Rock
|-damage|p2a: Eternatus|59/100|[from] Spikes
|-ability|p2a: Eternatus|Pressure
|switch|p1a: Eternatus|Eternatus|100/100
|-damage|p1a: Eternatus|88/100|[from] Stealth Rock
|-ability|p1a: Eternatus|Pressure
|
|upkeep
|turn|28
|
|t:|1665610681
|switch|p2a: Necrozma|Necrozma-Dusk-Mane|88/100
|-damage|p2a: Necrozma|82/100|[from] Stealth Rock
|-damage|p2a: Necrozma|65/100|[from] Spikes
|move|p1a: Eternatus|Dynamax Cannon|p2a: Necrozma
|-resisted|p2a: Necrozma
|-damage|p2a: Necrozma|52/100
|
|upkeep
|turn|29
|
|t:|1665610694
|switch|p1a: Ferrothorn|Ferrothorn, F|100/100 par
|-damage|p1a: Ferrothorn|94/100 par|[from] Stealth Rock
|move|p2a: Necrozma|Moonlight|p2a: Necrozma
|-heal|p2a: Necrozma|100/100
|
|-heal|p1a: Ferrothorn|100/100 par|[from] item: Leftovers
|upkeep
|turn|30
|
|t:|1665610697
|switch|p2a: Eternatus|Eternatus|59/100
|-damage|p2a: Eternatus|47/100|[from] Stealth Rock
|-damage|p2a: Eternatus|30/100|[from] Spikes
|-ability|p2a: Eternatus|Pressure
|cant|p1a: Ferrothorn|par
|
|upkeep
|turn|31
|
|t:|1665610701
|move|p2a: Eternatus|Recover|p2a: Eternatus
|-heal|p2a: Eternatus|80/100
|move|p1a: Ferrothorn|Leech Seed|p2a: Eternatus
|-start|p2a: Eternatus|move: Leech Seed
|
|-damage|p2a: Eternatus|68/100|[from] Leech Seed|[of] p1a: Ferrothorn
|upkeep
|turn|32
|
|t:|1665610712
|move|p2a: Eternatus|Recover|p2a: Eternatus
|-heal|p2a: Eternatus|100/100
|move|p1a: Ferrothorn|Spikes|p2a: Eternatus
|-sidestart|p2: ILoveMashing❤|Spikes
|
|-damage|p2a: Eternatus|88/100|[from] Leech Seed|[of] p1a: Ferrothorn
|upkeep
|turn|33
|
|t:|1665610718
|switch|p1a: Kyogre|Kyogre|100/100
|-damage|p1a: Kyogre|88/100|[from] Stealth Rock
|-weather|RainDance|[from] ability: Drizzle|[of] p1a: Kyogre
|move|p2a: Eternatus|Flamethrower|p1a: Kyogre
|-resisted|p1a: Kyogre
|-damage|p1a: Kyogre|83/100
|
|-weather|RainDance|[upkeep]
|-heal|p1a: Kyogre|90/100|[from] item: Leftovers
|-damage|p2a: Eternatus|76/100|[from] Leech Seed|[of] p1a: Kyogre
|-heal|p1a: Kyogre|100/100|[silent]
|upkeep
|turn|34
|
|t:|1665610725
|move|p2a: Eternatus|Toxic|p1a: Kyogre
|-status|p1a: Kyogre|tox
|move|p1a: Kyogre|Scald|p2a: Eternatus
|-resisted|p2a: Eternatus
|-damage|p2a: Eternatus|59/100
|
|-weather|RainDance|[upkeep]
|-damage|p2a: Eternatus|46/100|[from] Leech Seed|[of] p1a: Kyogre
|-damage|p1a: Kyogre|94/100 tox|[from] psn
|upkeep
|turn|35
|
|t:|1665610729
|move|p2a: Eternatus|Recover|p2a: Eternatus
|-heal|p2a: Eternatus|97/100
|move|p1a: Kyogre|Scald|p2a: Eternatus
|-resisted|p2a: Eternatus
|-damage|p2a: Eternatus|78/100
|-status|p2a: Eternatus|brn
|
|-weather|RainDance|[upkeep]
|-heal|p1a: Kyogre|100/100 tox|[from] item: Leftovers
|-damage|p2a: Eternatus|66/100 brn|[from] Leech Seed|[of] p1a: Kyogre
|-damage|p1a: Kyogre|88/100 tox|[from] psn
|-damage|p2a: Eternatus|60/100 brn|[from] brn
|upkeep
|turn|36
|
|t:|1665610735
|move|p2a: Eternatus|Recover|p2a: Eternatus
|-heal|p2a: Eternatus|100/100 brn
|move|p1a: Kyogre|Roar|p2a: Eternatus
|drag|p2a: Kyogre|Kyogre|100/100
|-damage|p2a: Kyogre|88/100|[from] Stealth Rock
|-damage|p2a: Kyogre|63/100|[from] Spikes
|
|-weather|RainDance|[upkeep]
|-heal|p1a: Kyogre|94/100 tox|[from] item: Leftovers
|-damage|p1a: Kyogre|76/100 tox|[from] psn
|upkeep
|turn|37
|
|t:|1665610745
|switch|p1a: Ferrothorn|Ferrothorn, F|100/100 par
|-damage|p1a: Ferrothorn|94/100 par|[from] Stealth Rock
|move|p2a: Kyogre|Thunder|p1a: Ferrothorn
|-resisted|p1a: Ferrothorn
|-damage|p1a: Ferrothorn|71/100 par
|
|-weather|none
|-heal|p1a: Ferrothorn|77/100 par|[from] item: Leftovers
|upkeep
|turn|38
|inactive|ILoveMashing❤ has 270 seconds left.
|
|t:|1665610796
|switch|p2a: Yveltal|Yveltal|75/100
|-damage|p2a: Yveltal|50/100|[from] Stealth Rock
|-ability|p2a: Yveltal|Dark Aura
|move|p1a: Ferrothorn|Leech Seed|p2a: Yveltal
|-start|p2a: Yveltal|move: Leech Seed
|
|-heal|p1a: Ferrothorn|83/100 par|[from] item: Leftovers
|-damage|p2a: Yveltal|37/100|[from] Leech Seed|[of] p1a: Ferrothorn
|-heal|p1a: Ferrothorn|99/100 par|[silent]
|upkeep
|turn|39
|
|t:|1665610808
|move|p2a: Yveltal|Roost|p2a: Yveltal
|-heal|p2a: Yveltal|87/100
|-singleturn|p2a: Yveltal|move: Roost
|cant|p1a: Ferrothorn|par
|
|-heal|p1a: Ferrothorn|100/100 par|[from] item: Leftovers
|-damage|p2a: Yveltal|75/100|[from] Leech Seed|[of] p1a: Ferrothorn
|upkeep
|turn|40
|
|t:|1665610815
|move|p2a: Yveltal|Knock Off|p1a: Ferrothorn
|-damage|p1a: Ferrothorn|59/100 par
|-damage|p2a: Yveltal|62/100|[from] ability: Iron Barbs|[of] p1a: Ferrothorn
|-enditem|p1a: Ferrothorn|Leftovers|[from] move: Knock Off|[of] p2a: Yveltal
|move|p1a: Ferrothorn|Spikes||[still]
|-fail|p1a: Ferrothorn
|
|-damage|p2a: Yveltal|50/100|[from] Leech Seed|[of] p1a: Ferrothorn
|-heal|p1a: Ferrothorn|75/100 par|[silent]
|upkeep
|turn|41
|
|t:|1665610819
|move|p2a: Yveltal|Roost|p2a: Yveltal
|-heal|p2a: Yveltal|99/100
|-singleturn|p2a: Yveltal|move: Roost
|move|p1a: Ferrothorn|Spikes||[still]
|-fail|p1a: Ferrothorn
|
|-damage|p2a: Yveltal|87/100|[from] Leech Seed|[of] p1a: Ferrothorn
|-heal|p1a: Ferrothorn|91/100 par|[silent]
|upkeep
|turn|42
|inactive|ILoveMashing❤ has 270 seconds left.
|
|t:|1665610855
|move|p2a: Yveltal|Defog|p1a: Ferrothorn
|-unboost|p1a: Ferrothorn|evasion|1
|-sideend|p1: Kate|Stealth Rock|[from] move: Defog|[of] p2a: Yveltal
|-sideend|p2: ILoveMashing❤|Spikes|[from] move: Defog|[of] p2a: Yveltal
|-sideend|p2: ILoveMashing❤|Stealth Rock|[from] move: Defog|[of] p2a: Yveltal
|move|p1a: Ferrothorn|Knock Off|p2a: Yveltal
|-resisted|p2a: Yveltal
|-damage|p2a: Yveltal|80/100
|
|-damage|p2a: Yveltal|68/100|[from] Leech Seed|[of] p1a: Ferrothorn
|-heal|p1a: Ferrothorn|100/100 par|[silent]
|upkeep
|turn|43
|
|t:|1665610862
|switch|p2a: Necrozma|Necrozma-Dusk-Mane|100/100
|move|p1a: Ferrothorn|Knock Off|p2a: Necrozma
|-supereffective|p2a: Necrozma
|-damage|p2a: Necrozma|86/100
|
|upkeep
|turn|44
|
|t:|1665610865
|move|p2a: Necrozma|Stealth Rock|p1a: Ferrothorn
|-sidestart|p1: Kate|move: Stealth Rock
|cant|p1a: Ferrothorn|par
|
|upkeep
|turn|45
|
|t:|1665610872
|switch|p2a: Eternatus|Eternatus|100/100 brn
|-ability|p2a: Eternatus|Pressure
|move|p1a: Ferrothorn|Leech Seed|p2a: Eternatus
|-start|p2a: Eternatus|move: Leech Seed
|
|-damage|p2a: Eternatus|88/100 brn|[from] Leech Seed|[of] p1a: Ferrothorn
|-damage|p2a: Eternatus|82/100 brn|[from] brn
|upkeep
|turn|46
|
|t:|1665610888
|switch|p2a: Yveltal|Yveltal|68/100
|-ability|p2a: Yveltal|Dark Aura
|move|p1a: Ferrothorn|Spikes|p2a: Yveltal
|-sidestart|p2: ILoveMashing❤|Spikes
|
|upkeep
|turn|47
|
|t:|1665610898
|switch|p2a: Eternatus|Eternatus|82/100 brn
|-damage|p2a: Eternatus|69/100 brn|[from] Spikes
|-ability|p2a: Eternatus|Pressure
|move|p1a: Ferrothorn|Spikes|p2a: Eternatus
|-sidestart|p2: ILoveMashing❤|Spikes
|
|-damage|p2a: Eternatus|63/100 brn|[from] brn
|upkeep
|turn|48
|
|t:|1665610903
|switch|p1a: Necrozma|Necrozma-Dusk-Mane|77/100
|-damage|p1a: Necrozma|71/100|[from] Stealth Rock
|move|p2a: Eternatus|Flamethrower|p1a: Necrozma
|-supereffective|p1a: Necrozma
|-damage|p1a: Necrozma|43/100
|
|-heal|p1a: Necrozma|49/100|[from] item: Leftovers
|-damage|p2a: Eternatus|57/100 brn|[from] brn
|upkeep
|turn|49
|
|t:|1665610910
|move|p2a: Eternatus|Recover|p2a: Eternatus
|-heal|p2a: Eternatus|100/100 brn
|move|p1a: Necrozma|Moonlight|p1a: Necrozma
|-heal|p1a: Necrozma|99/100
|
|-heal|p1a: Necrozma|100/100|[from] item: Leftovers
|-damage|p2a: Eternatus|94/100 brn|[from] brn
|upkeep
|turn|50
|
|t:|1665610917
|move|p2a: Eternatus|Flamethrower|p1a: Necrozma
|-supereffective|p1a: Necrozma
|-damage|p1a: Necrozma|73/100
|-status|p1a: Necrozma|brn
|move|p1a: Necrozma|Stealth Rock|p2a: Eternatus
|-sidestart|p2: ILoveMashing❤|move: Stealth Rock
|
|-heal|p1a: Necrozma|79/100 brn|[from] item: Leftovers
|-damage|p2a: Eternatus|88/100 brn|[from] brn
|-damage|p1a: Necrozma|73/100 brn|[from] brn
|upkeep
|turn|51
|
|t:|1665610940
|switch|p2a: Calyrex|Calyrex-Shadow|100/100
|-ability|p2a: Calyrex|As One
|-ability|p2a: Calyrex|Unnerve
|-damage|p2a: Calyrex|84/100|[from] Spikes
|-damage|p2a: Calyrex|72/100|[from] Stealth Rock
|switch|p1a: Kyogre|Kyogre|76/100 tox
|-damage|p1a: Kyogre|63/100 tox|[from] Stealth Rock
|-weather|RainDance|[from] ability: Drizzle|[of] p1a: Kyogre
|
|-weather|RainDance|[upkeep]
|-heal|p1a: Kyogre|70/100 tox|[from] item: Leftovers
|-damage|p1a: Kyogre|63/100 tox|[from] psn
|upkeep
|turn|52
|
|t:|1665610948
|switch|p1a: Yveltal|Yveltal|100/100
|-damage|p1a: Yveltal|76/100|[from] Stealth Rock
|-ability|p1a: Yveltal|Dark Aura
|move|p2a: Calyrex|Astral Barrage|p1a: Yveltal
|-resisted|p1a: Yveltal
|-damage|p1a: Yveltal|24/100
|
|-weather|RainDance|[upkeep]
|upkeep
|turn|53
|inactive|ILoveMashing❤ has 270 seconds left.
|inactive|ILoveMashing❤ has 240 seconds left.
|
|t:|1665611016
|switch|p2a: Eternatus|Eternatus|88/100 brn
|-damage|p2a: Eternatus|72/100 brn|[from] Spikes
|-damage|p2a: Eternatus|59/100 brn|[from] Stealth Rock
|-ability|p2a: Eternatus|Pressure
|move|p1a: Yveltal|Roost|p1a: Yveltal
|-heal|p1a: Yveltal|74/100
|-singleturn|p1a: Yveltal|move: Roost
|
|-weather|RainDance|[upkeep]
|-damage|p2a: Eternatus|53/100 brn|[from] brn
|upkeep
|turn|54
|
|t:|1665611022
|move|p2a: Eternatus|Recover|p2a: Eternatus
|-heal|p2a: Eternatus|100/100 brn
|move|p1a: Yveltal|Roost|p1a: Yveltal
|-heal|p1a: Yveltal|100/100
|-singleturn|p1a: Yveltal|move: Roost
|
|-weather|RainDance|[upkeep]
|-damage|p2a: Eternatus|94/100 brn|[from] brn
|upkeep
|turn|55
|
|t:|1665611027
|switch|p1a: Necrozma|Necrozma-Dusk-Mane|73/100 brn
|-damage|p1a: Necrozma|67/100 brn|[from] Stealth Rock
|move|p2a: Eternatus|Dynamax Cannon|p1a: Necrozma
|-resisted|p1a: Necrozma
|-damage|p1a: Necrozma|53/100 brn
|
|-weather|none
|-heal|p1a: Necrozma|59/100 brn|[from] item: Leftovers
|-damage|p2a: Eternatus|88/100 brn|[from] brn
|-damage|p1a: Necrozma|53/100 brn|[from] brn
|upkeep
|turn|56
|
|t:|1665611035
|move|p2a: Eternatus|Flamethrower|p1a: Necrozma
|-supereffective|p1a: Necrozma
|-damage|p1a: Necrozma|23/100 brn
|move|p1a: Necrozma|Moonlight|p1a: Necrozma
|-heal|p1a: Necrozma|73/100 brn
|
|-heal|p1a: Necrozma|79/100 brn|[from] item: Leftovers
|-damage|p2a: Eternatus|82/100 brn|[from] brn
|-damage|p1a: Necrozma|73/100 brn|[from] brn
|upkeep
|turn|57
|
|t:|1665611039
|switch|p2a: Zygarde|Zygarde|88/100
|-damage|p2a: Zygarde|71/100|[from] Spikes
|-damage|p2a: Zygarde|65/100|[from] Stealth Rock
|move|p1a: Necrozma|Moonlight|p1a: Necrozma
|-heal|p1a: Necrozma|100/100 brn
|
|-heal|p2a: Zygarde|71/100|[from] item: Leftovers
|-damage|p1a: Necrozma|94/100 brn|[from] brn
|upkeep
|turn|58
|inactive|ILoveMashing❤ has 270 seconds left.
|
|t:|1665611052
|switch|p1a: Eternatus|Eternatus|88/100
|-damage|p1a: Eternatus|76/100|[from] Stealth Rock
|-ability|p1a: Eternatus|Pressure
|move|p2a: Zygarde|Substitute|p2a: Zygarde
|-start|p2a: Zygarde|Substitute
|-damage|p2a: Zygarde|46/100
|
|-heal|p2a: Zygarde|52/100|[from] item: Leftovers
|upkeep
|turn|59
|inactive|ILoveMashing❤ has 270 seconds left.
|
|t:|1665611069
|move|p1a: Eternatus|Dynamax Cannon|p2a: Zygarde
|-supereffective|p2a: Zygarde
|-end|p2a: Zygarde|Substitute
|move|p2a: Zygarde|Dragon Tail|p1a: Eternatus
|-supereffective|p1a: Eternatus
|-damage|p1a: Eternatus|42/100
|drag|p1a: Yveltal|Yveltal|100/100
|-damage|p1a: Yveltal|76/100|[from] Stealth Rock
|-ability|p1a: Yveltal|Dark Aura
|
|-heal|p2a: Zygarde|58/100|[from] item: Leftovers
|upkeep
|turn|60
|inactive|ILoveMashing❤ has 270 seconds left.
|
|t:|1665611088
|switch|p2a: Eternatus|Eternatus|82/100 brn
|-damage|p2a: Eternatus|65/100 brn|[from] Spikes
|-damage|p2a: Eternatus|53/100 brn|[from] Stealth Rock
|-ability|p2a: Eternatus|Pressure
|move|p1a: Yveltal|Knock Off|p2a: Eternatus
|-damage|p2a: Eternatus|20/100 brn
|
|-damage|p2a: Eternatus|14/100 brn|[from] brn
|upkeep
|turn|61
|
|t:|1665611101
|move|p2a: Eternatus|Recover|p2a: Eternatus
|-heal|p2a: Eternatus|64/100 brn
|move|p1a: Yveltal|Roost|p1a: Yveltal
|-heal|p1a: Yveltal|100/100
|-singleturn|p1a: Yveltal|move: Roost
|
|-damage|p2a: Eternatus|58/100 brn|[from] brn
|upkeep
|turn|62
|
|t:|1665611108
|switch|p1a: Necrozma|Necrozma-Dusk-Mane|94/100 brn
|-damage|p1a: Necrozma|88/100 brn|[from] Stealth Rock
|move|p2a: Eternatus|Recover|p2a: Eternatus
|-heal|p2a: Eternatus|100/100 brn
|
|-heal|p1a: Necrozma|94/100 brn|[from] item: Leftovers
|-damage|p2a: Eternatus|94/100 brn|[from] brn
|-damage|p1a: Necrozma|88/100 brn|[from] brn
|upkeep
|turn|63
|
|t:|1665611122
|switch|p1a: Kyogre|Kyogre|63/100 tox
|-damage|p1a: Kyogre|51/100 tox|[from] Stealth Rock
|-weather|RainDance|[from] ability: Drizzle|[of] p1a: Kyogre
|move|p2a: Eternatus|Flamethrower|p1a: Kyogre
|-resisted|p1a: Kyogre
|-damage|p1a: Kyogre|47/100 tox
|
|-weather|RainDance|[upkeep]
|-heal|p1a: Kyogre|53/100 tox|[from] item: Leftovers
|-damage|p1a: Kyogre|47/100 tox|[from] psn
|-damage|p2a: Eternatus|88/100 brn|[from] brn
|upkeep
|turn|64
|
|t:|1665611126
|move|p2a: Eternatus|Dynamax Cannon|p1a: Kyogre
|-damage|p1a: Kyogre|16/100 tox
|move|p1a: Kyogre|Rest|p1a: Kyogre
|-status|p1a: Kyogre|slp|[from] move: Rest
|-heal|p1a: Kyogre|100/100 slp|[silent]
|
|-weather|RainDance|[upkeep]
|-damage|p2a: Eternatus|82/100 brn|[from] brn
|upkeep
|turn|65
|
|t:|1665611146
|switch|p1a: Eternatus|Eternatus|42/100
|-damage|p1a: Eternatus|29/100|[from] Stealth Rock
|-ability|p1a: Eternatus|Pressure
|move|p2a: Eternatus|Dynamax Cannon|p1a: Eternatus
|-supereffective|p1a: Eternatus
|-damage|p1a: Eternatus|0 fnt
|faint|p1a: Eternatus
|
|-weather|RainDance|[upkeep]
|-damage|p2a: Eternatus|76/100 brn|[from] brn
|upkeep
|
|t:|1665611149
|switch|p1a: Ferrothorn|Ferrothorn, F|100/100 par
|-damage|p1a: Ferrothorn|94/100 par|[from] Stealth Rock
|turn|66
|inactive|ILoveMashing❤ has 270 seconds left.
|
|t:|1665611194
|move|p2a: Eternatus|Flamethrower|p1a: Ferrothorn
|-supereffective|p1a: Ferrothorn
|-damage|p1a: Ferrothorn|61/100 par
|move|p1a: Ferrothorn|Leech Seed|p2a: Eternatus
|-start|p2a: Eternatus|move: Leech Seed
|
|-weather|RainDance|[upkeep]
|-damage|p2a: Eternatus|63/100 brn|[from] Leech Seed|[of] p1a: Ferrothorn
|-heal|p1a: Ferrothorn|78/100 par|[silent]
|-damage|p2a: Eternatus|57/100 brn|[from] brn
|upkeep
|turn|67
|
|t:|1665611197
|move|p2a: Eternatus|Recover|p2a: Eternatus
|-heal|p2a: Eternatus|100/100 brn
|move|p1a: Ferrothorn|Spikes|p2a: Eternatus
|-sidestart|p2: ILoveMashing❤|Spikes
|
|-weather|none
|-damage|p2a: Eternatus|88/100 brn|[from] Leech Seed|[of] p1a: Ferrothorn
|-heal|p1a: Ferrothorn|95/100 par|[silent]
|-damage|p2a: Eternatus|82/100 brn|[from] brn
|upkeep
|turn|68
|
|t:|1665611207
|switch|p2a: Yveltal|Yveltal|68/100
|-damage|p2a: Yveltal|43/100|[from] Stealth Rock
|-ability|p2a: Yveltal|Dark Aura
|switch|p1a: Kyogre|Kyogre|100/100 slp
|-damage|p1a: Kyogre|88/100 slp|[from] Stealth Rock
|-weather|RainDance|[from] ability: Drizzle|[of] p1a: Kyogre
|
|-weather|RainDance|[upkeep]
|-heal|p1a: Kyogre|94/100 slp|[from] item: Leftovers
|upkeep
|turn|69
|
|t:|1665611215
|move|p2a: Yveltal|Roost|p2a: Yveltal
|-heal|p2a: Yveltal|93/100
|-singleturn|p2a: Yveltal|move: Roost
|cant|p1a: Kyogre|slp
|
|-weather|RainDance|[upkeep]
|-heal|p1a: Kyogre|100/100 slp|[from] item: Leftovers
|upkeep
|turn|70
|
|t:|1665611219
|move|p2a: Yveltal|Knock Off|p1a: Kyogre
|-damage|p1a: Kyogre|63/100 slp
|-enditem|p1a: Kyogre|Leftovers|[from] move: Knock Off|[of] p2a: Yveltal
|cant|p1a: Kyogre|slp
|
|-weather|RainDance|[upkeep]
|upkeep
|turn|71
|
|t:|1665611224
|move|p2a: Yveltal|Defog|p1a: Kyogre
|-unboost|p1a: Kyogre|evasion|1
|-sideend|p1: Kate|Stealth Rock|[from] move: Defog|[of] p2a: Yveltal
|-sideend|p2: ILoveMashing❤|Spikes|[from] move: Defog|[of] p2a: Yveltal
|-sideend|p2: ILoveMashing❤|Stealth Rock|[from] move: Defog|[of] p2a: Yveltal
|-curestatus|p1a: Kyogre|slp|[msg]
|move|p1a: Kyogre|Scald|p2a: Yveltal
|-damage|p2a: Yveltal|47/100
|
|-weather|RainDance|[upkeep]
|upkeep
|turn|72
|
|t:|1665611242
|move|p2a: Yveltal|Roost|p2a: Yveltal
|-heal|p2a: Yveltal|97/100
|-singleturn|p2a: Yveltal|move: Roost
|move|p1a: Kyogre|Scald|p2a: Yveltal
|-damage|p2a: Yveltal|49/100
|
|-weather|none
|upkeep
|turn|73
|
|t:|1665611260
|switch|p2a: Necrozma|Necrozma-Dusk-Mane|86/100
|move|p1a: Kyogre|Scald|p2a: Necrozma
|-damage|p2a: Necrozma|61/100
|-status|p2a: Necrozma|brn
|
|-damage|p2a: Necrozma|55/100 brn|[from] brn
|upkeep
|turn|74
|
|t:|1665611268
|move|p1a: Kyogre|Calm Mind|p1a: Kyogre
|-boost|p1a: Kyogre|spa|1
|-boost|p1a: Kyogre|spd|1
|move|p2a: Necrozma|Stealth Rock|p1a: Kyogre
|-sidestart|p1: Kate|move: Stealth Rock
|
|-damage|p2a: Necrozma|49/100 brn|[from] brn
|upkeep
|turn|75
|
|t:|1665611279
|switch|p2a: Eternatus|Eternatus|82/100 brn
|-ability|p2a: Eternatus|Pressure
|move|p1a: Kyogre|Calm Mind|p1a: Kyogre
|-boost|p1a: Kyogre|spa|1
|-boost|p1a: Kyogre|spd|1
|
|-damage|p2a: Eternatus|76/100 brn|[from] brn
|upkeep
|turn|76
|
|t:|1665611290
|move|p2a: Eternatus|Toxic|p1a: Kyogre
|-status|p1a: Kyogre|tox
|move|p1a: Kyogre|Calm Mind|p1a: Kyogre
|-boost|p1a: Kyogre|spa|1
|-boost|p1a: Kyogre|spd|1
|
|-damage|p1a: Kyogre|57/100 tox|[from] psn
|-damage|p2a: Eternatus|69/100 brn|[from] brn
|upkeep
|turn|77
|
|t:|1665611304
|move|p2a: Eternatus|Dynamax Cannon|p1a: Kyogre
|-damage|p1a: Kyogre|46/100 tox
|move|p1a: Kyogre|Scald|p2a: Eternatus
|-resisted|p2a: Eternatus
|-damage|p2a: Eternatus|40/100 brn
|
|-damage|p1a: Kyogre|33/100 tox|[from] psn
|-damage|p2a: Eternatus|33/100 brn|[from] brn
|upkeep
|turn|78
|
|t:|1665611308
|move|p2a: Eternatus|Recover|p2a: Eternatus
|-heal|p2a: Eternatus|84/100 brn
|move|p1a: Kyogre|Rest|p1a: Kyogre
|-status|p1a: Kyogre|slp|[from] move: Rest
|-heal|p1a: Kyogre|100/100 slp|[silent]
|
|-damage|p2a: Eternatus|77/100 brn|[from] brn
|upkeep
|turn|79
|
|t:|1665611321
|switch|p2a: Zygarde|Zygarde|58/100
|cant|p1a: Kyogre|slp
|
|-heal|p2a: Zygarde|64/100|[from] item: Leftovers
|upkeep
|turn|80
|
|t:|1665611325
|cant|p1a: Kyogre|slp
|move|p2a: Zygarde|Dragon Tail|p1a: Kyogre
|-damage|p1a: Kyogre|85/100 slp
|drag|p1a: Marshadow|Marshadow|100/100
|-damage|p1a: Marshadow|94/100|[from] Stealth Rock
|
|-heal|p2a: Zygarde|71/100|[from] item: Leftovers
|upkeep
|turn|81
|
|t:|1665611336
|switch|p2a: Necrozma|Necrozma-Dusk-Mane|49/100 brn
|move|p1a: Marshadow|Low Kick|p2a: Necrozma
|-damage|p2a: Necrozma|0 fnt
|faint|p2a: Necrozma
|-damage|p1a: Marshadow|84/100|[from] item: Life Orb
|
|upkeep
|
|t:|1665611346
|switch|p2a: Eternatus|Eternatus|77/100 brn
|-ability|p2a: Eternatus|Pressure
|turn|82
|
|t:|1665611356
|switch|p1a: Necrozma|Necrozma-Dusk-Mane|88/100 brn
|-damage|p1a: Necrozma|82/100 brn|[from] Stealth Rock
|move|p2a: Eternatus|Dynamax Cannon|p1a: Necrozma
|-resisted|p1a: Necrozma
|-damage|p1a: Necrozma|68/100 brn
|
|-heal|p1a: Necrozma|74/100 brn|[from] item: Leftovers
|-damage|p2a: Eternatus|71/100 brn|[from] brn
|-damage|p1a: Necrozma|68/100 brn|[from] brn
|upkeep
|turn|83
|
|t:|1665611371
|switch|p2a: Calyrex|Calyrex-Shadow|72/100
|-ability|p2a: Calyrex|As One
|-ability|p2a: Calyrex|Unnerve
|move|p1a: Necrozma|Stealth Rock|p2a: Calyrex
|-sidestart|p2: ILoveMashing❤|move: Stealth Rock
|
|-heal|p1a: Necrozma|74/100 brn|[from] item: Leftovers
|-damage|p1a: Necrozma|68/100 brn|[from] brn
|upkeep
|turn|84
|
|t:|1665611379
|move|p2a: Calyrex|Astral Barrage|p1a: Necrozma
|-supereffective|p1a: Necrozma
|-damage|p1a: Necrozma|0 fnt
|faint|p1a: Necrozma
|-ability|p2a: Calyrex|Grim Neigh|boost
|-boost|p2a: Calyrex|spa|1
|
|upkeep
|
|t:|1665611381
|switch|p1a: Marshadow|Marshadow|84/100
|-damage|p1a: Marshadow|78/100|[from] Stealth Rock
|turn|85
|
|t:|1665611405
|switch|p2a: Zygarde|Zygarde|71/100
|-damage|p2a: Zygarde|64/100|[from] Stealth Rock
|move|p1a: Marshadow|Shadow Sneak|p2a: Zygarde
|-damage|p2a: Zygarde|38/100
|-damage|p1a: Marshadow|68/100|[from] item: Life Orb
|
|-heal|p2a: Zygarde|44/100|[from] item: Leftovers
|-activate|p2a: Zygarde|ability: Power Construct
|detailschange|p2a: Zygarde|Zygarde-Complete
|-heal|p2a: Zygarde|65/100|[silent]
|upkeep
|turn|86
|inactive|ILoveMashing❤ has 270 seconds left.
|
|t:|1665611428
|switch|p1a: Yveltal|Yveltal|100/100
|-damage|p1a: Yveltal|76/100|[from] Stealth Rock
|-ability|p1a: Yveltal|Dark Aura
|move|p2a: Zygarde|Thousand Arrows|p1a: Yveltal
|-damage|p1a: Yveltal|42/100
|-start|p1a: Yveltal|Smack Down
|
|-heal|p2a: Zygarde|72/100|[from] item: Leftovers
|upkeep
|turn|87
|inactive|ILoveMashing❤ has 270 seconds left.
|inactive|ILoveMashing❤ has 240 seconds left.
|inactive|ILoveMashing❤ has 210 seconds left.
|
|t:|1665611519
|switch|p2a: Eternatus|Eternatus|71/100 brn
|-damage|p2a: Eternatus|59/100 brn|[from] Stealth Rock
|-ability|p2a: Eternatus|Pressure
|move|p1a: Yveltal|Roost|p1a: Yveltal
|-heal|p1a: Yveltal|93/100
|-singleturn|p1a: Yveltal|move: Roost
|
|-damage|p2a: Eternatus|52/100 brn|[from] brn
|upkeep
|turn|88
|
|t:|1665611531
|switch|p1a: Kyogre|Kyogre|85/100 slp
|-damage|p1a: Kyogre|72/100 slp|[from] Stealth Rock
|-weather|RainDance|[from] ability: Drizzle|[of] p1a: Kyogre
|move|p2a: Eternatus|Recover|p2a: Eternatus
|-heal|p2a: Eternatus|100/100 brn
|
|-weather|RainDance|[upkeep]
|-damage|p2a: Eternatus|94/100 brn|[from] brn
|upkeep
|turn|89
|
|t:|1665611539
|switch|p1a: Ferrothorn|Ferrothorn, F|95/100 par
|-damage|p1a: Ferrothorn|89/100 par|[from] Stealth Rock
|move|p2a: Eternatus|Dynamax Cannon|p1a: Ferrothorn
|-resisted|p1a: Ferrothorn
|-damage|p1a: Ferrothorn|75/100 par
|
|-weather|RainDance|[upkeep]
|-damage|p2a: Eternatus|88/100 brn|[from] brn
|upkeep
|turn|90
|inactive|ILoveMashing❤ has 210 seconds left.
|
|t:|1665611546
|switch|p2a: Yveltal|Yveltal|49/100
|-damage|p2a: Yveltal|24/100|[from] Stealth Rock
|-ability|p2a: Yveltal|Dark Aura
|move|p1a: Ferrothorn|Spikes|p2a: Yveltal
|-sidestart|p2: ILoveMashing❤|Spikes
|
|-weather|RainDance|[upkeep]
|upkeep
|turn|91
|
|t:|1665611553
|move|p2a: Yveltal|Knock Off|p1a: Ferrothorn
|-damage|p1a: Ferrothorn|45/100 par
|-damage|p2a: Yveltal|11/100|[from] ability: Iron Barbs|[of] p1a: Ferrothorn
|move|p1a: Ferrothorn|Leech Seed|p2a: Yveltal
|-start|p2a: Yveltal|move: Leech Seed
|
|-weather|RainDance|[upkeep]
|-damage|p2a: Yveltal|0 fnt|[from] Leech Seed|[of] p1a: Ferrothorn
|-heal|p1a: Ferrothorn|59/100 par|[silent]
|faint|p2a: Yveltal
|upkeep
|inactive|ILoveMashing❤ has 210 seconds left.
|
|t:|1665611568
|switch|p2a: Calyrex|Calyrex-Shadow|72/100
|-ability|p2a: Calyrex|As One
|-ability|p2a: Calyrex|Unnerve
|-damage|p2a: Calyrex|59/100|[from] Stealth Rock
|-damage|p2a: Calyrex|47/100|[from] Spikes
|turn|92
|
|t:|1665611580
|switch|p1a: Yveltal|Yveltal|93/100
|-damage|p1a: Yveltal|68/100|[from] Stealth Rock
|-ability|p1a: Yveltal|Dark Aura
|move|p2a: Calyrex|Astral Barrage|p1a: Yveltal
|-resisted|p1a: Yveltal
|-damage|p1a: Yveltal|20/100
|
|-weather|none
|upkeep
|turn|93
|
|t:|1665611589
|move|p1a: Yveltal|Sucker Punch|p2a: Calyrex
|-supereffective|p2a: Calyrex
|-damage|p2a: Calyrex|0 fnt
|faint|p2a: Calyrex
|
|upkeep
|
|t:|1665611597
|switch|p2a: Eternatus|Eternatus|88/100 brn
|-damage|p2a: Eternatus|76/100 brn|[from] Stealth Rock
|-damage|p2a: Eternatus|63/100 brn|[from] Spikes
|-ability|p2a: Eternatus|Pressure
|turn|94
|
|t:|1665611609
|move|p2a: Eternatus|Flamethrower|p1a: Yveltal
|-damage|p1a: Yveltal|0 fnt
|faint|p1a: Yveltal
|
|-damage|p2a: Eternatus|57/100 brn|[from] brn
|upkeep
|
|t:|1665611613
|switch|p1a: Kyogre|Kyogre|72/100 slp
|-damage|p1a: Kyogre|60/100 slp|[from] Stealth Rock
|-weather|RainDance|[from] ability: Drizzle|[of] p1a: Kyogre
|turn|95
|inactive|ILoveMashing❤ has 240 seconds left.
|
|t:|1665611624
|move|p2a: Eternatus|Recover|p2a: Eternatus
|-heal|p2a: Eternatus|100/100 brn
|-curestatus|p1a: Kyogre|slp|[msg]
|move|p1a: Kyogre|Calm Mind|p1a: Kyogre
|-boost|p1a: Kyogre|spa|1
|-boost|p1a: Kyogre|spd|1
|
|-weather|RainDance|[upkeep]
|-damage|p2a: Eternatus|94/100 brn|[from] brn
|upkeep
|turn|96
|
|t:|1665611629
|move|p2a: Eternatus|Toxic|p1a: Kyogre
|-status|p1a: Kyogre|tox
|move|p1a: Kyogre|Rest|p1a: Kyogre
|-status|p1a: Kyogre|slp|[from] move: Rest
|-heal|p1a: Kyogre|100/100 slp|[silent]
|
|-weather|RainDance|[upkeep]
|-damage|p2a: Eternatus|88/100 brn|[from] brn
|upkeep
|turn|97
|
|t:|1665611639
|switch|p2a: Kyogre|Kyogre|63/100
|-damage|p2a: Kyogre|51/100|[from] Stealth Rock
|-damage|p2a: Kyogre|39/100|[from] Spikes
|cant|p1a: Kyogre|slp
|
|-weather|RainDance|[upkeep]
|upkeep
|turn|98
|
|t:|1665611648
|switch|p1a: Ferrothorn|Ferrothorn, F|59/100 par
|-damage|p1a: Ferrothorn|53/100 par|[from] Stealth Rock
|move|p2a: Kyogre|Thunder|p1a: Ferrothorn
|-resisted|p1a: Ferrothorn
|-damage|p1a: Ferrothorn|29/100 par
|
|-weather|RainDance|[upkeep]
|upkeep
|turn|99
|
|t:|1665611666
|move|p2a: Kyogre|Thunder|p1a: Ferrothorn
|-resisted|p1a: Ferrothorn
|-damage|p1a: Ferrothorn|7/100 par
|move|p1a: Ferrothorn|Spikes|p2a: Kyogre
|-sidestart|p2: ILoveMashing❤|Spikes
|
|-weather|none
|upkeep
|turn|100
|
|t:|1665611671
|move|p2a: Kyogre|Thunder|p1a: Ferrothorn
|-resisted|p1a: Ferrothorn
|-damage|p1a: Ferrothorn|0 fnt
|faint|p1a: Ferrothorn
|
|upkeep
|
|t:|1665611672
|switch|p1a: Marshadow|Marshadow|68/100
|-damage|p1a: Marshadow|62/100|[from] Stealth Rock
|turn|101
|inactive|ILoveMashing❤ has 270 seconds left.
|
|t:|1665611687
|switch|p2a: Eternatus|Eternatus|88/100 brn
|-damage|p2a: Eternatus|76/100 brn|[from] Stealth Rock
|-damage|p2a: Eternatus|59/100 brn|[from] Spikes
|-ability|p2a: Eternatus|Pressure
|move|p1a: Marshadow|Spectral Thief|p2a: Eternatus
|-damage|p2a: Eternatus|12/100 brn
|-damage|p1a: Marshadow|52/100|[from] item: Life Orb
|
|-damage|p2a: Eternatus|6/100 brn|[from] brn
|upkeep
|turn|102
|
|t:|1665611690
|move|p1a: Marshadow|Shadow Sneak|p2a: Eternatus
|-damage|p2a: Eternatus|0 fnt
|faint|p2a: Eternatus
|-damage|p1a: Marshadow|42/100|[from] item: Life Orb
|
|upkeep
|
|t:|1665611692
|switch|p2a: Zygarde|Zygarde-Complete|72/100
|-damage|p2a: Zygarde|65/100|[from] Stealth Rock
|-damage|p2a: Zygarde|49/100|[from] Spikes
|turn|103
|
|t:|1665611699
|switch|p1a: Kyogre|Kyogre|100/100 slp
|-damage|p1a: Kyogre|88/100 slp|[from] Stealth Rock
|-weather|RainDance|[from] ability: Drizzle|[of] p1a: Kyogre
|move|p2a: Zygarde|Thousand Arrows|p1a: Kyogre
|-damage|p1a: Kyogre|65/100 slp
|
|-weather|RainDance|[upkeep]
|-heal|p2a: Zygarde|55/100|[from] item: Leftovers
|upkeep
|turn|104
|
|t:|1665611708
|cant|p1a: Kyogre|slp
|move|p2a: Zygarde|Dragon Tail|p1a: Kyogre
|-damage|p1a: Kyogre|48/100 slp
|drag|p1a: Marshadow|Marshadow|42/100
|-damage|p1a: Marshadow|36/100|[from] Stealth Rock
|
|-weather|RainDance|[upkeep]
|-heal|p2a: Zygarde|61/100|[from] item: Leftovers
|upkeep
|turn|105
|
|t:|1665611721
|move|p1a: Marshadow|Low Kick|p2a: Zygarde
|-damage|p2a: Zygarde|25/100
|-damage|p1a: Marshadow|26/100|[from] item: Life Orb
|move|p2a: Zygarde|Thousand Arrows|p1a: Marshadow
|-damage|p1a: Marshadow|0 fnt
|faint|p1a: Marshadow
|
|-weather|RainDance|[upkeep]
|-heal|p2a: Zygarde|31/100|[from] item: Leftovers
|upkeep
|
|t:|1665611722
|switch|p1a: Kyogre|Kyogre|48/100 slp
|-damage|p1a: Kyogre|35/100 slp|[from] Stealth Rock
|turn|106
|
|t:|1665611728
|move|p2a: Zygarde|Thousand Arrows|p1a: Kyogre
|-damage|p1a: Kyogre|12/100 slp
|-curestatus|p1a: Kyogre|slp|[msg]
|move|p1a: Kyogre|Rest|p1a: Kyogre
|-status|p1a: Kyogre|slp|[from] move: Rest
|-heal|p1a: Kyogre|100/100 slp|[silent]
|
|-weather|RainDance|[upkeep]
|-heal|p2a: Zygarde|37/100|[from] item: Leftovers
|upkeep
|turn|107
|
|t:|1665611739
|move|p2a: Zygarde|Dragon Dance|p2a: Zygarde
|-boost|p2a: Zygarde|atk|1
|-boost|p2a: Zygarde|spe|1
|cant|p1a: Kyogre|slp
|
|-weather|none
|-heal|p2a: Zygarde|43/100|[from] item: Leftovers
|upkeep
|turn|108
|
|t:|1665611743
|move|p2a: Zygarde|Thousand Arrows|p1a: Kyogre
|-damage|p1a: Kyogre|61/100 slp
|cant|p1a: Kyogre|slp
|
|-heal|p2a: Zygarde|50/100|[from] item: Leftovers
|upkeep
|turn|109
|
|t:|1665611749
|move|p2a: Zygarde|Thousand Arrows|p1a: Kyogre
|-damage|p1a: Kyogre|25/100 slp
|-curestatus|p1a: Kyogre|slp|[msg]
|move|p1a: Kyogre|Scald|p2a: Zygarde
|-damage|p2a: Zygarde|24/100
|
|-heal|p2a: Zygarde|30/100|[from] item: Leftovers
|upkeep
|turn|110
|
|t:|1665611752
|move|p2a: Zygarde|Thousand Arrows|p1a: Kyogre
|-damage|p1a: Kyogre|0 fnt
|faint|p1a: Kyogre
|
|win|ILoveMashing❤
