|inactive|Battle timer is ON: inactive players will automatically lose when time's up.
|t:|1612294447
|player|p1|Lacus Clyne|candice|
|player|p2|FearNeverDies|lyra|
|teamsize|p1|6
|teamsize|p2|6
|gametype|singles
|gen|8
|tier|[Gen 8] Ubers
|clearpoke
|poke|p1|Necrozma-Dusk-Mane|
|poke|p1|Yveltal|
|poke|p1|Gothitelle, F|
|poke|p1|Zygarde|
|poke|p1|Xerneas|
|poke|p1|Blissey, F|
|poke|p2|Yveltal|
|poke|p2|Eternatus|
|poke|p2|Groudon|
|poke|p2|Necrozma-Dusk-Mane|
|poke|p2|Calyrex-Shadow|
|poke|p2|Ho-Oh|
|rule|Sleep Clause Mod: Limit one foe put to sleep
|rule|Species Clause: Limit one of each Pokémon
|rule|OHKO Clause: OHKO moves are banned
|rule|Evasion Moves Clause: Evasion moves are banned
|rule|Endless Battle Clause: Forcing endless battles is banned
|rule|HP Percentage Mod: HP is shown in percentages
|rule|Dynamax Clause: You cannot dynamax
|teampreview
|c|☆FearNeverDies|gl
|c|☆Lacus Clyne|u2
|
|t:|1612294474
|start
|switch|p1a: Zygarde|Zygarde|100/100
|switch|p2a: Calyrex|Calyrex-Shadow|100/100
|-ability|p2a: Calyrex|As One
|-ability|p2a: Calyrex|Unnerve|p1: Lacus Clyne
|turn|1
|
|t:|1612294479
|switch|p1a: Yveltal|Yveltal|100/100
|-ability|p1a: Yveltal|Dark Aura
|move|p2a: Calyrex|Astral Barrage|p1a: Yveltal
|-resisted|p1a: Yveltal
|-damage|p1a: Yveltal|72/100
|
|upkeep
|turn|2
|
|t:|1612294481
|switch|p2a: Eternatus|Eternatus|100/100
|-ability|p2a: Eternatus|Pressure
|move|p1a: Yveltal|Knock Off|p2a: Eternatus
|-damage|p2a: Eternatus|63/100
|-enditem|p2a: Eternatus|Black Sludge|[from] move: Knock Off|[of] p1a: Yveltal
|
|upkeep
|turn|3
|
|t:|1612294488
|switch|p1a: Necrozma|Necrozma-Dusk-Mane|100/100
|move|p2a: Eternatus|Toxic|p1a: Necrozma
|-immune|p1a: Necrozma
|
|upkeep
|turn|4
|
|t:|1612294493
|switch|p2a: Groudon|Groudon|100/100
|-weather|SunnyDay|[from] ability: Drought|[of] p2a: Groudon
|move|p1a: Necrozma|Toxic|p2a: Groudon
|-status|p2a: Groudon|tox
|
|-weather|SunnyDay|[upkeep]
|-damage|p2a: Groudon|94/100 tox|[from] psn
|upkeep
|turn|5
|
|t:|1612294499
|move|p2a: Groudon|Toxic|p1a: Necrozma
|-immune|p1a: Necrozma
|move|p1a: Necrozma|Stealth Rock|p2a: Groudon
|-sidestart|p2: FearNeverDies|move: Stealth Rock
|
|-weather|SunnyDay|[upkeep]
|-heal|p2a: Groudon|100/100 tox|[from] item: Leftovers
|-damage|p2a: Groudon|88/100 tox|[from] psn
|upkeep
|turn|6
|
|t:|1612294507
|move|p2a: Groudon|Stealth Rock|p1a: Necrozma
|-sidestart|p1: Lacus Clyne|move: Stealth Rock
|move|p1a: Necrozma|Sunsteel Strike|p2a: Groudon
|-damage|p2a: Groudon|55/100 tox
|
|-weather|SunnyDay|[upkeep]
|-heal|p2a: Groudon|61/100 tox|[from] item: Leftovers
|-damage|p2a: Groudon|42/100 tox|[from] psn
|upkeep
|turn|7
|
|t:|1612294513
|move|p2a: Groudon|Precipice Blades|p1a: Necrozma|[miss]
|-miss|p2a: Groudon|p1a: Necrozma
|move|p1a: Necrozma|Morning Sun||[still]
|-fail|p1a: Necrozma
|
|-weather|SunnyDay|[upkeep]
|-heal|p2a: Groudon|49/100 tox|[from] item: Leftovers
|-damage|p2a: Groudon|24/100 tox|[from] psn
|upkeep
|turn|8
|
|t:|1612294516
|move|p2a: Groudon|Precipice Blades|p1a: Necrozma
|-supereffective|p1a: Necrozma
|-damage|p1a: Necrozma|41/100
|move|p1a: Necrozma|Morning Sun|p1a: Necrozma
|-heal|p1a: Necrozma|100/100
|
|-weather|none
|-heal|p2a: Groudon|30/100 tox|[from] item: Leftovers
|-damage|p2a: Groudon|0 fnt|[from] psn
|faint|p2a: Groudon
|upkeep
|
|t:|1612294523
|switch|p2a: Yveltal|Yveltal|100/100
|-ability|p2a: Yveltal|Dark Aura
|turn|9
|
|t:|1612294536
|switch|p1a: Xerneas|Xerneas|100/100
|-damage|p1a: Xerneas|88/100|[from] Stealth Rock
|-ability|p1a: Xerneas|Fairy Aura
|move|p2a: Yveltal|Knock Off|p1a: Xerneas
|-resisted|p1a: Xerneas
|-damage|p1a: Xerneas|74/100
|-enditem|p1a: Xerneas|Power Herb|[from] move: Knock Off|[of] p2a: Yveltal
|
|upkeep
|turn|10
|
|t:|1612294544
|switch|p2a: Ho-Oh|Ho-Oh|100/100
|move|p1a: Xerneas|Moonblast|p2a: Ho-Oh
|-resisted|p2a: Ho-Oh
|-damage|p2a: Ho-Oh|88/100
|
|upkeep
|turn|11
|
|t:|1612294547
|switch|p1a: Zygarde|Zygarde|100/100
|-damage|p1a: Zygarde|94/100|[from] Stealth Rock
|move|p2a: Ho-Oh|Sacred Fire|p1a: Zygarde
|-resisted|p1a: Zygarde
|-damage|p1a: Zygarde|80/100
|-status|p1a: Zygarde|brn
|
|-heal|p1a: Zygarde|86/100 brn|[from] item: Leftovers
|-damage|p1a: Zygarde|80/100 brn|[from] brn
|upkeep
|turn|12
|
|t:|1612294557
|switch|p2a: Necrozma|Necrozma-Dusk-Mane|100/100
|-damage|p2a: Necrozma|94/100|[from] Stealth Rock
|move|p1a: Zygarde|Coil|p1a: Zygarde
|-boost|p1a: Zygarde|atk|1
|-boost|p1a: Zygarde|def|1
|-boost|p1a: Zygarde|accuracy|1
|
|-heal|p1a: Zygarde|86/100 brn|[from] item: Leftovers
|-damage|p1a: Zygarde|80/100 brn|[from] brn
|upkeep
|turn|13
|
|t:|1612294560
|switch|p2a: Calyrex|Calyrex-Shadow|100/100
|-ability|p2a: Calyrex|As One
|-ability|p2a: Calyrex|Unnerve|p1: Lacus Clyne
|-damage|p2a: Calyrex|88/100|[from] Stealth Rock
|move|p1a: Zygarde|Thousand Waves|p2a: Calyrex
|-damage|p2a: Calyrex|47/100
|
|-heal|p1a: Zygarde|86/100 brn|[from] item: Leftovers
|-damage|p1a: Zygarde|80/100 brn|[from] brn
|upkeep
|turn|14
|
|t:|1612294566
|switch|p1a: Yveltal|Yveltal|72/100
|-ability|p1a: Yveltal|Dark Aura
|move|p2a: Calyrex|Astral Barrage|p1a: Yveltal
|-resisted|p1a: Yveltal
|-damage|p1a: Yveltal|39/100
|
|upkeep
|turn|15
|
|t:|1612294570
|move|p2a: Calyrex|Astral Barrage|p1a: Yveltal
|-resisted|p1a: Yveltal
|-damage|p1a: Yveltal|6/100
|move|p1a: Yveltal|Roost|p1a: Yveltal
|-heal|p1a: Yveltal|57/100
|-singleturn|p1a: Yveltal|move: Roost
|
|upkeep
|turn|16
|
|t:|1612294574
|switch|p2a: Eternatus|Eternatus|63/100
|-damage|p2a: Eternatus|51/100|[from] Stealth Rock
|-ability|p2a: Eternatus|Pressure
|move|p1a: Yveltal|Roost|p1a: Yveltal
|-heal|p1a: Yveltal|100/100
|-singleturn|p1a: Yveltal|move: Roost
|
|upkeep
|turn|17
|
|t:|1612294586
|switch|p1a: Blissey|Blissey, F|100/100
|-damage|p1a: Blissey|88/100|[from] Stealth Rock
|move|p2a: Eternatus|Recover|p2a: Eternatus
|-heal|p2a: Eternatus|100/100
|
|upkeep
|turn|18
|
|t:|1612294590
|switch|p2a: Yveltal|Yveltal|100/100
|-ability|p2a: Yveltal|Dark Aura
|move|p1a: Blissey|Teleport|p1a: Blissey
|
|t:|1612294604
|switch|p1a: Yveltal|Yveltal|100/100|[from]move: Teleport
|-ability|p1a: Yveltal|Dark Aura
|
|upkeep
|turn|19
|
|t:|1612294612
|move|p2a: Yveltal|Knock Off|p1a: Yveltal
|-resisted|p1a: Yveltal
|-damage|p1a: Yveltal|82/100
|-enditem|p1a: Yveltal|Heavy-Duty Boots|[from] move: Knock Off|[of] p2a: Yveltal
|move|p1a: Yveltal|Knock Off|p2a: Yveltal
|-resisted|p2a: Yveltal
|-damage|p2a: Yveltal|78/100
|-enditem|p2a: Yveltal|Heavy-Duty Boots|[from] move: Knock Off|[of] p1a: Yveltal
|
|upkeep
|turn|20
|
|t:|1612294615
|move|p2a: Yveltal|U-turn|p1a: Yveltal
|-damage|p1a: Yveltal|68/100
|
|t:|1612294618
|switch|p2a: Eternatus|Eternatus|100/100|[from]move: U-turn
|-damage|p2a: Eternatus|88/100|[from] Stealth Rock
|-ability|p2a: Eternatus|Pressure
|move|p1a: Yveltal|Knock Off|p2a: Eternatus
|-damage|p2a: Eternatus|60/100
|
|upkeep
|turn|21
|
|t:|1612294622
|switch|p1a: Gothitelle|Gothitelle, F|100/100
|-damage|p1a: Gothitelle|88/100|[from] Stealth Rock
|move|p2a: Eternatus|Toxic|p1a: Gothitelle
|-status|p1a: Gothitelle|tox
|
|-heal|p1a: Gothitelle|94/100 tox|[from] item: Leftovers
|-damage|p1a: Gothitelle|88/100 tox|[from] psn
|upkeep
|turn|22
|
|t:|1612294627
|move|p2a: Eternatus|Recover|p2a: Eternatus
|-heal|p2a: Eternatus|100/100
|move|p1a: Gothitelle|Cosmic Power|p1a: Gothitelle
|-boost|p1a: Gothitelle|def|1
|-boost|p1a: Gothitelle|spd|1
|
|-heal|p1a: Gothitelle|94/100 tox|[from] item: Leftovers
|-damage|p1a: Gothitelle|82/100 tox|[from] psn
|upkeep
|turn|23
|-message|FearNeverDies forfeited.
|
|win|Lacus Clyne
|c|☆Lacus Clyne|gg
