|inactive|Battle timer is ON: inactive players will automatically lose when time's up.
|t:|1635102328
|gametype|singles
|player|p1|FearNeverDies|lyra|
|player|p2|RaiZen1704|unknown|
|teamsize|p1|6
|teamsize|p2|6
|gen|8
|tier|[Gen 8] Ubers
|rule|Sleep Clause Mod: Limit one foe put to sleep
|rule|Species Clause: Limit one of each Pokémon
|rule|OHKO Clause: OHKO moves are banned
|rule|Evasion Moves Clause: Evasion moves are banned
|rule|Endless Battle Clause: Forcing endless battles is banned
|rule|HP Percentage Mod: HP is shown in percentages
|rule|Dynamax Clause: You cannot dynamax
|clearpoke
|poke|p1|Shuckle, F|
|poke|p1|Eternatus|
|poke|p1|Necrozma-Dusk-Mane|
|poke|p1|Calyrex-Shadow|
|poke|p1|Yveltal|
|poke|p1|Zekrom|
|poke|p2|Marshadow|
|poke|p2|Groudon|
|poke|p2|Necrozma-Dusk-Mane|
|poke|p2|Yveltal|
|poke|p2|Eternatus|
|poke|p2|Calyrex-Shadow|
|teampreview
|c|☆RaiZen1704|hf
|c|☆FearNeverDies|gl
|c|+AmyQuaris|Go Fear!
|inactive|RaiZen1704 has 270 seconds left.
|inactive|RaiZen1704 has 240 seconds left.
|c|+luisin|go team
|c|+ILoveMashing❤|go fear luv
|inactive|RaiZen1704 has 210 seconds left.
|inactive|RaiZen1704 has 180 seconds left.
|
|t:|1635102458
|start
|switch|p1a: Shuckle|Shuckle, F|100/100
|switch|p2a: Calyrex|Calyrex-Shadow|100/100
|-ability|p2a: Calyrex|As One
|-ability|p2a: Calyrex|Unnerve
|turn|1
|
|t:|1635102486
|move|p2a: Calyrex|Astral Barrage|p1a: Shuckle
|-damage|p1a: Shuckle|35/100
|move|p1a: Shuckle|Sticky Web|p2a: Calyrex
|-sidestart|p2: RaiZen1704|move: Sticky Web
|
|upkeep
|turn|2
|inactive|FearNeverDies has 270 seconds left.
|
|t:|1635102518
|move|p2a: Calyrex|Astral Barrage|p1a: Shuckle
|-damage|p1a: Shuckle|0 fnt
|faint|p1a: Shuckle
|-ability|p2a: Calyrex|Grim Neigh|boost
|-boost|p2a: Calyrex|spa|1
|
|upkeep
|
|t:|1635102519
|switch|p1a: Yveltal|Yveltal|100/100
|-ability|p1a: Yveltal|Dark Aura
|turn|3
|inactive|FearNeverDies has 240 seconds left.
|inactive|RaiZen1704 has 240 seconds left.
|
|t:|1635102576
|switch|p2a: Eternatus|Eternatus|100/100
|-ability|p2a: Eternatus|Pressure
|move|p1a: Yveltal|Knock Off|p2a: Eternatus
|-damage|p2a: Eternatus|52/100
|-enditem|p2a: Eternatus|Heavy-Duty Boots|[from] move: Knock Off|[of] p1a: Yveltal
|
|upkeep
|turn|4
|
|t:|1635102583
|switch|p1a: Necrozma|Necrozma-Dusk-Mane|100/100
|move|p2a: Eternatus|Recover|p2a: Eternatus
|-heal|p2a: Eternatus|100/100
|
|upkeep
|turn|5
|
|t:|1635102592
|switch|p2a: Necrozma|Necrozma-Dusk-Mane|100/100
|-activate|p2a: Necrozma|move: Sticky Web
|-unboost|p2a: Necrozma|spe|1
|move|p1a: Necrozma|Sunsteel Strike|p2a: Necrozma
|-resisted|p2a: Necrozma
|-damage|p2a: Necrozma|71/100
|-damage|p1a: Necrozma|91/100|[from] item: Life Orb
|
|-heal|p2a: Necrozma|77/100|[from] item: Leftovers
|upkeep
|turn|6
|
|t:|1635102595
|move|p1a: Necrozma|Dragon Dance|p1a: Necrozma
|-boost|p1a: Necrozma|atk|1
|-boost|p1a: Necrozma|spe|1
|move|p2a: Necrozma|Thunder Wave|p1a: Necrozma
|-status|p1a: Necrozma|par
|
|-heal|p2a: Necrozma|83/100|[from] item: Leftovers
|upkeep
|turn|7
|inactive|RaiZen1704 has 240 seconds left.
|inactive|FearNeverDies has 240 seconds left.
|inactive|RaiZen1704 has 210 seconds left.
|inactive|FearNeverDies has 210 seconds left.
|inactive|RaiZen1704 has 180 seconds left.
|
|t:|1635102701
|switch|p2a: Yveltal|Yveltal|100/100
|-ability|p2a: Yveltal|Dark Aura
|move|p1a: Necrozma|Sunsteel Strike|p2a: Yveltal
|-damage|p2a: Yveltal|9/100
|-damage|p1a: Necrozma|81/100 par|[from] item: Life Orb
|
|upkeep
|turn|8
|
|t:|1635102719
|move|p2a: Yveltal|Defog|p1a: Necrozma
|-unboost|p1a: Necrozma|evasion|1
|-sideend|p2: RaiZen1704|Sticky Web|[from] move: Defog|[of] p2a: Yveltal
|move|p1a: Necrozma|Sunsteel Strike|p2a: Yveltal
|-damage|p2a: Yveltal|0 fnt
|faint|p2a: Yveltal
|-damage|p1a: Necrozma|71/100 par|[from] item: Life Orb
|
|upkeep
|
|t:|1635102721
|switch|p2a: Marshadow|Marshadow|100/100
|turn|9
|
|t:|1635102731
|switch|p1a: Eternatus|Eternatus|100/100
|-ability|p1a: Eternatus|Pressure
|move|p2a: Marshadow|Spectral Thief|p1a: Eternatus
|-damage|p1a: Eternatus|44/100
|-damage|p2a: Marshadow|91/100|[from] item: Life Orb
|
|upkeep
|turn|10
|
|t:|1635102737
|switch|p2a: Necrozma|Necrozma-Dusk-Mane|83/100
|move|p1a: Eternatus|Flamethrower|p2a: Necrozma
|-supereffective|p2a: Necrozma
|-damage|p2a: Necrozma|52/100
|
|-heal|p2a: Necrozma|58/100|[from] item: Leftovers
|upkeep
|turn|11
|
|t:|1635102740
|switch|p1a: Zekrom|Zekrom|100/100
|-ability|p1a: Zekrom|Teravolt
|move|p2a: Necrozma|Thunder Wave|p1a: Zekrom
|-immune|p1a: Zekrom
|
|-heal|p2a: Necrozma|64/100|[from] item: Leftovers
|upkeep
|turn|12
|
|t:|1635102744
|switch|p2a: Groudon|Groudon|100/100
|-weather|SunnyDay|[from] ability: Drought|[of] p2a: Groudon
|move|p1a: Zekrom|Bolt Strike|p2a: Groudon
|-immune|p2a: Groudon
|
|-weather|SunnyDay|[upkeep]
|upkeep
|turn|13
|
|t:|1635102753
|move|p1a: Zekrom|Draco Meteor|p2a: Groudon
|-damage|p2a: Groudon|52/100
|-unboost|p1a: Zekrom|spa|2
|move|p2a: Groudon|Precipice Blades|p1a: Zekrom
|-supereffective|p1a: Zekrom
|-damage|p1a: Zekrom|0 fnt
|faint|p1a: Zekrom
|
|-weather|SunnyDay|[upkeep]
|-heal|p2a: Groudon|58/100|[from] item: Leftovers
|upkeep
|
|t:|1635102759
|switch|p1a: Calyrex|Calyrex-Shadow|100/100
|-ability|p1a: Calyrex|As One
|-ability|p1a: Calyrex|Unnerve
|turn|14
|
|t:|1635102781
|move|p1a: Calyrex|Astral Barrage|p2a: Groudon
|-damage|p2a: Groudon|0 fnt
|faint|p2a: Groudon
|-ability|p1a: Calyrex|Grim Neigh|boost
|-boost|p1a: Calyrex|spa|1
|
|-weather|SunnyDay|[upkeep]
|upkeep
|
|t:|1635102784
|switch|p2a: Marshadow|Marshadow|91/100
|turn|15
|inactive|FearNeverDies has 270 seconds left.
|
|t:|1635102793
|switch|p1a: Necrozma|Necrozma-Dusk-Mane|71/100 par
|move|p2a: Marshadow|Close Combat|p1a: Necrozma
|-damage|p1a: Necrozma|0 fnt
|-unboost|p2a: Marshadow|def|1
|-unboost|p2a: Marshadow|spd|1
|faint|p1a: Necrozma
|-damage|p2a: Marshadow|81/100|[from] item: Life Orb
|
|-weather|SunnyDay|[upkeep]
|upkeep
|
|t:|1635102797
|switch|p1a: Eternatus|Eternatus|44/100
|-ability|p1a: Eternatus|Pressure
|turn|16
|
|t:|1635102808
|switch|p2a: Necrozma|Necrozma-Dusk-Mane|64/100
|move|p1a: Eternatus|Flamethrower|p2a: Necrozma
|-supereffective|p2a: Necrozma
|-damage|p2a: Necrozma|21/100
|
|-weather|none
|-heal|p2a: Necrozma|27/100|[from] item: Leftovers
|upkeep
|turn|17
|
|t:|1635102812
|move|p1a: Eternatus|Flamethrower|p2a: Necrozma
|-supereffective|p2a: Necrozma
|-damage|p2a: Necrozma|0 fnt
|faint|p2a: Necrozma
|
|upkeep
|inactive|RaiZen1704 has 210 seconds left.
|
|t:|1635102818
|switch|p2a: Eternatus|Eternatus|100/100
|-ability|p2a: Eternatus|Pressure
|turn|18
|inactive|FearNeverDies has 270 seconds left.
|
|t:|1635102853
|move|p1a: Eternatus|Dynamax Cannon|p2a: Eternatus
|-supereffective|p2a: Eternatus
|-damage|p2a: Eternatus|25/100
|move|p2a: Eternatus|Draco Meteor|p1a: Eternatus
|-supereffective|p1a: Eternatus
|-damage|p1a: Eternatus|0 fnt
|-unboost|p2a: Eternatus|spa|2
|faint|p1a: Eternatus
|
|upkeep
|
|t:|1635102856
|switch|p1a: Calyrex|Calyrex-Shadow|100/100
|-ability|p1a: Calyrex|As One
|-ability|p1a: Calyrex|Unnerve
|turn|19
|inactive|RaiZen1704 has 210 seconds left.
|inactive|RaiZen1704 has 180 seconds left.
|inactive|RaiZen1704 has 150 seconds left.
|
|t:|1635102944
|switch|p2a: Calyrex|Calyrex-Shadow|100/100
|-ability|p2a: Calyrex|As One
|-ability|p2a: Calyrex|Unnerve
|move|p1a: Calyrex|Astral Barrage|p2a: Calyrex
|-supereffective|p2a: Calyrex
|-damage|p2a: Calyrex|0 fnt
|faint|p2a: Calyrex
|-ability|p1a: Calyrex|Grim Neigh|boost
|-boost|p1a: Calyrex|spa|1
|
|upkeep
|
|t:|1635102946
|switch|p2a: Marshadow|Marshadow|81/100
|turn|20
|c|☆FearNeverDies|gg
|inactive|RaiZen1704 has 150 seconds left.
|
|t:|1635102985
|move|p1a: Calyrex|Astral Barrage|p2a: Marshadow
|-supereffective|p2a: Marshadow
|-damage|p2a: Marshadow|0 fnt
|faint|p2a: Marshadow
|-ability|p1a: Calyrex|Grim Neigh|boost
|-boost|p1a: Calyrex|spa|1
|
|upkeep
|c|☆RaiZen1704|gg
|-message|RaiZen1704 forfeited.
|
|win|FearNeverDies
