|inactive|Battle timer is ON: inactive players will automatically lose when time's up.
|t:|1645227190
|gametype|singles
|player|p1|Bbeeaa|lucas|
|player|p2|Stallion|#wcop2021oceania|
|teamsize|p1|6
|teamsize|p2|6
|gen|8
|tier|[Gen 8] Ubers
|rule|Sleep Clause Mod: Limit one foe put to sleep
|rule|Species Clause: Limit one of each Pokémon
|rule|OHKO Clause: OHKO moves are banned
|rule|Evasion Moves Clause: Evasion moves are banned
|rule|Endless Battle Clause: Forcing endless battles is banned
|rule|HP Percentage Mod: HP is shown in percentages
|rule|Dynamax Clause: You cannot dynamax
|clearpoke
|poke|p1|Aerodactyl, M|
|poke|p1|Calyrex-Shadow|
|poke|p1|Yveltal|
|poke|p1|Necrozma-Dusk-Mane|
|poke|p1|Weavile, F|
|poke|p1|Kyogre|
|poke|p2|Marshadow|
|poke|p2|Ho-Oh|
|poke|p2|Eternatus|
|poke|p2|Necrozma-Dusk-Mane|
|poke|p2|Yveltal|
|poke|p2|Groudon|
|teampreview
|c|☆Bbeeaa|Hf
|c|☆Stallion|u2
|inactive|Stallion has 270 seconds left.
|
|t:|1645227228
|start
|switch|p1a: Aerodactyl|Aerodactyl, M|100/100
|switch|p2a: Necrozma|Necrozma-Dusk-Mane|100/100
|-ability|p1a: Aerodactyl|Pressure
|turn|1
|
|t:|1645227240
|move|p1a: Aerodactyl|Stealth Rock|p2a: Necrozma
|-sidestart|p2: Stallion|move: Stealth Rock
|move|p2a: Necrozma|Sunsteel Strike|p1a: Aerodactyl
|-supereffective|p1a: Aerodactyl
|-crit|p1a: Aerodactyl
|-enditem|p1a: Aerodactyl|Focus Sash
|-damage|p1a: Aerodactyl|1/100
|
|upkeep
|turn|2
|
|t:|1645227245
|move|p1a: Aerodactyl|Taunt|p2a: Necrozma
|-start|p2a: Necrozma|move: Taunt
|move|p2a: Necrozma|Sunsteel Strike|p1a: Aerodactyl
|-supereffective|p1a: Aerodactyl
|-damage|p1a: Aerodactyl|0 fnt
|faint|p1a: Aerodactyl
|
|upkeep
|
|t:|1645227254
|switch|p1a: Kyogre|Kyogre|100/100
|-weather|RainDance|[from] ability: Drizzle|[of] p1a: Kyogre
|turn|3
|
|t:|1645227273
|switch|p2a: Eternatus|Eternatus|100/100
|-ability|p2a: Eternatus|Pressure
|move|p1a: Kyogre|Calm Mind|p1a: Kyogre
|-boost|p1a: Kyogre|spa|1
|-boost|p1a: Kyogre|spd|1
|
|-weather|RainDance|[upkeep]
|upkeep
|turn|4
|
|t:|1645227279
|move|p2a: Eternatus|Toxic|p1a: Kyogre
|-status|p1a: Kyogre|tox
|move|p1a: Kyogre|Ice Beam|p2a: Eternatus
|-supereffective|p2a: Eternatus
|-crit|p2a: Eternatus
|-damage|p2a: Eternatus|0 fnt
|faint|p2a: Eternatus
|
|-weather|RainDance|[upkeep]
|-damage|p1a: Kyogre|94/100 tox|[from] psn
|upkeep
|c|☆Stallion|that's wonderful
|c|☆Stallion|I love this game
|c|☆Stallion|only took 4 turns
|inactive|Stallion has 270 seconds left.
|c|+Bugs Bunny|bro you must really hate kyogre
|c|+Bugs Bunny|lmao
|inactive|Stallion has 240 seconds left.
|inactive|Stallion has 210 seconds left.
|c|☆Stallion|man don't get me started lmao
|inactive|Stallion has 180 seconds left.
|
|t:|1645227400
|switch|p2a: Marshadow|Marshadow|100/100
|-damage|p2a: Marshadow|94/100|[from] Stealth Rock
|turn|5
|
|t:|1645227409
|move|p2a: Marshadow|Low Kick|p1a: Kyogre
|-damage|p1a: Kyogre|0 fnt
|faint|p1a: Kyogre
|
|-weather|RainDance|[upkeep]
|upkeep
|c|+tjay|gone
|c|+omicorio|gone
|c|☆Bbeeaa|Mmmm
|c|+Bouff|gone
|c|☆Bbeeaa|I see luna
|c|☆Bbeeaa|No checks
|
|t:|1645227437
|switch|p1a: Calyrex|Calyrex-Shadow|100/100
|-ability|p1a: Calyrex|As One
|-ability|p1a: Calyrex|Unnerve
|turn|6
|c|+tjay|luna sabotaged 
|inactive|Bbeeaa has 270 seconds left.
|
|t:|1645227459
|switch|p1a: Weavile|Weavile, F|100/100
|-ability|p1a: Weavile|Pressure
|switch|p2a: Yveltal|Yveltal|100/100
|-ability|p2a: Yveltal|Dark Aura
|
|-weather|RainDance|[upkeep]
|upkeep
|turn|7
|inactive|Bbeeaa has 270 seconds left.
|
|t:|1645227477
|switch|p2a: Ho-Oh|Ho-Oh|100/100
|move|p1a: Weavile|Swords Dance|p1a: Weavile
|-boost|p1a: Weavile|atk|2
|
|-weather|none
|upkeep
|turn|8
|
|t:|1645227482
|move|p1a: Weavile|Triple Axel|p2a: Ho-Oh
|-crit|p2a: Ho-Oh
|-damage|p2a: Ho-Oh|69/100
|-damage|p2a: Ho-Oh|28/100
|-hitcount|p2a: Ho-Oh|2
|move|p2a: Ho-Oh|Sacred Fire|p1a: Weavile
|-supereffective|p1a: Weavile
|-damage|p1a: Weavile|0 fnt
|faint|p1a: Weavile
|
|upkeep
|inactive|Bbeeaa has 270 seconds left.
|
|t:|1645227493
|switch|p1a: Calyrex|Calyrex-Shadow|100/100
|-ability|p1a: Calyrex|As One
|-ability|p1a: Calyrex|Unnerve
|turn|9
|inactive|Stallion has 210 seconds left.
|inactive|Bbeeaa has 270 seconds left.
|c|☆Bbeeaa|If You mald at any insignificant hax 
|inactive|Bbeeaa has 240 seconds left.
|c|☆Bbeeaa|You should he the type of guy to Say sorry
|c|☆Bbeeaa|After things like this
|c|☆Bbeeaa|Btw
|c|☆Stallion|i will, at the end lol
|c|☆Stallion|if i win
|c|☆Stallion|i aint sorry if i lose lol
|c|☆Bbeeaa|Bet
|inactive|Bbeeaa has 210 seconds left.
|c|☆Bbeeaa|I respect it
|c|☆Bbeeaa|Little rat
|c|+Bouff|.
|c|☆Stallion|haha
|c|+tjay|KEK
|
|t:|1645227573
|switch|p2a: Yveltal|Yveltal|100/100
|-ability|p2a: Yveltal|Dark Aura
|move|p1a: Calyrex|Nasty Plot|p1a: Calyrex
|-boost|p1a: Calyrex|spa|2
|
|upkeep
|turn|10
|c|☆Stallion|appreciate it
|inactive|Stallion has 210 seconds left.
|
|t:|1645227601
|move|p1a: Calyrex|Draining Kiss|p2a: Yveltal
|-supereffective|p2a: Yveltal
|-damage|p2a: Yveltal|45/100
|move|p2a: Yveltal|Knock Off|p1a: Calyrex
|-supereffective|p1a: Calyrex
|-enditem|p1a: Calyrex|Focus Sash
|-damage|p1a: Calyrex|1/100
|
|upkeep
|turn|11
|inactive|Bbeeaa has 210 seconds left.
|inactive|Stallion has 180 seconds left.
|
|t:|1645227638
|switch|p1a: Yveltal|Yveltal|100/100
|-ability|p1a: Yveltal|Dark Aura
|switch|p2a: Necrozma|Necrozma-Dusk-Mane|100/100
|-damage|p2a: Necrozma|94/100|[from] Stealth Rock
|
|-heal|p2a: Necrozma|100/100|[from] item: Leftovers
|upkeep
|turn|12
|inactive|Stallion has 180 seconds left.
|
|t:|1645227653
|move|p1a: Yveltal|Taunt|p2a: Necrozma
|-start|p2a: Necrozma|move: Taunt
|move|p2a: Necrozma|Sunsteel Strike|p1a: Yveltal
|-damage|p1a: Yveltal|48/100
|
|upkeep
|turn|13
|inactive|Stallion has 180 seconds left.
|
|t:|1645227666
|switch|p1a: Necrozma|Necrozma-Dusk-Mane|100/100
|move|p2a: Necrozma|Sunsteel Strike|p1a: Necrozma
|-resisted|p1a: Necrozma
|-damage|p1a: Necrozma|81/100
|
|upkeep
|turn|14
|inactive|Stallion has 180 seconds left.
|inactive|Bbeeaa has 210 seconds left.
|inactive|Stallion has 150 seconds left.
|
|t:|1645227712
|move|p1a: Necrozma|Dragon Dance|p1a: Necrozma
|-boost|p1a: Necrozma|atk|1
|-boost|p1a: Necrozma|spe|1
|move|p2a: Necrozma|Earthquake|p1a: Necrozma
|-supereffective|p1a: Necrozma
|-damage|p1a: Necrozma|35/100
|-enditem|p1a: Necrozma|Weakness Policy
|-boost|p1a: Necrozma|atk|2|[from] item: Weakness Policy
|-boost|p1a: Necrozma|spa|2|[from] item: Weakness Policy
|
|-end|p2a: Necrozma|move: Taunt
|upkeep
|turn|15
|
|t:|1645227726
|move|p1a: Necrozma|Earthquake|p2a: Necrozma
|-supereffective|p2a: Necrozma
|-damage|p2a: Necrozma|0 fnt
|faint|p2a: Necrozma
|
|upkeep
|
|t:|1645227729
|switch|p2a: Marshadow|Marshadow|94/100
|-damage|p2a: Marshadow|88/100|[from] Stealth Rock
|turn|16
|
|t:|1645227732
|switch|p1a: Yveltal|Yveltal|48/100
|-ability|p1a: Yveltal|Dark Aura
|move|p2a: Marshadow|Shadow Sneak|p1a: Yveltal
|-resisted|p1a: Yveltal
|-damage|p1a: Yveltal|26/100
|
|upkeep
|turn|17
|inactive|Stallion has 150 seconds left.
|
|t:|1645227755
|switch|p2a: Groudon|Groudon|100/100
|-damage|p2a: Groudon|94/100|[from] Stealth Rock
|-weather|SunnyDay|[from] ability: Drought|[of] p2a: Groudon
|move|p1a: Yveltal|Oblivion Wing|p2a: Groudon
|-damage|p2a: Groudon|52/100
|-heal|p1a: Yveltal|59/100|[from] drain|[of] p2a: Groudon
|-damage|p1a: Yveltal|49/100|[from] item: Life Orb
|
|-weather|SunnyDay|[upkeep]
|-heal|p2a: Groudon|59/100|[from] item: Leftovers
|upkeep
|turn|18
|inactive|Bbeeaa has 240 seconds left.
|inactive|Stallion has 150 seconds left.
|
|t:|1645227770
|move|p1a: Yveltal|Oblivion Wing|p2a: Groudon
|-damage|p2a: Groudon|13/100
|-heal|p1a: Yveltal|83/100|[from] drain|[of] p2a: Groudon
|-damage|p1a: Yveltal|73/100|[from] item: Life Orb
|move|p2a: Groudon|Stone Edge|p1a: Yveltal|[miss]
|-miss|p2a: Groudon|p1a: Yveltal
|
|-weather|SunnyDay|[upkeep]
|-heal|p2a: Groudon|20/100|[from] item: Leftovers
|upkeep
|turn|19
|
|t:|1645227778
|move|p1a: Yveltal|Oblivion Wing|p2a: Groudon
|-damage|p2a: Groudon|0 fnt
|-heal|p1a: Yveltal|88/100|[from] drain|[of] p2a: Groudon
|faint|p2a: Groudon
|-damage|p1a: Yveltal|78/100|[from] item: Life Orb
|
|-weather|SunnyDay|[upkeep]
|upkeep
|c|☆Bbeeaa|I'm sorry
|c|☆Bbeeaa|About the miss
|inactive|Stallion has 120 seconds left.
|
|t:|1645227812
|switch|p2a: Marshadow|Marshadow|88/100
|-damage|p2a: Marshadow|82/100|[from] Stealth Rock
|turn|20
|c|☆Stallion|ty
|c|☆Bbeeaa|!calc
|c|+Bbeeaa|/raw <div class="infobox">Pok&eacute;mon Showdown! damage calculator. (Courtesy of Honko, Austin, &amp; Kris)<br />- <a href="https://calc.pokemonshowdown.com/index.html">Damage Calculator</a></div>
|inactive|Stallion has 120 seconds left.
|inactive|Bbeeaa has 240 seconds left.
|inactive|Stallion has 90 seconds left.
|inactive|Bbeeaa has 210 seconds left.
|
|t:|1645227877
|switch|p1a: Calyrex|Calyrex-Shadow|1/100
|-ability|p1a: Calyrex|As One
|-ability|p1a: Calyrex|Unnerve
|move|p2a: Marshadow|Low Kick|p1a: Calyrex
|-immune|p1a: Calyrex
|
|-weather|SunnyDay|[upkeep]
|upkeep
|turn|21
|inactive|Stallion has 90 seconds left.
|
|t:|1645227890
|switch|p2a: Ho-Oh|Ho-Oh|61/100
|move|p1a: Calyrex|Nasty Plot|p1a: Calyrex
|-boost|p1a: Calyrex|spa|2
|
|-weather|none
|upkeep
|turn|22
|
|t:|1645227897
|move|p1a: Calyrex|Astral Barrage|p2a: Ho-Oh
|-damage|p2a: Ho-Oh|0 fnt
|faint|p2a: Ho-Oh
|-ability|p1a: Calyrex|Grim Neigh|boost
|-boost|p1a: Calyrex|spa|1
|
|upkeep
|
|t:|1645227901
|switch|p2a: Marshadow|Marshadow|82/100
|-damage|p2a: Marshadow|76/100|[from] Stealth Rock
|turn|23
|
|t:|1645227904
|switch|p1a: Necrozma|Necrozma-Dusk-Mane|35/100
|move|p2a: Marshadow|Shadow Sneak|p1a: Necrozma
|-supereffective|p1a: Necrozma
|-damage|p1a: Necrozma|0 fnt
|faint|p1a: Necrozma
|
|upkeep
|
|t:|1645227909
|switch|p1a: Yveltal|Yveltal|78/100
|-ability|p1a: Yveltal|Dark Aura
|turn|24
|c|☆Stallion|yeah that miss really fucked me
|c|☆Stallion|lol
|c|☆Bbeeaa|Nah
|inactive|Stallion has 120 seconds left.
|c|☆Bbeeaa|I fucked You 
|c|☆Bbeeaa|Lil bitch
|c|☆Bbeeaa|Way different
|c|+skoma|he did
|c|+Bouff|bea ur like half his size
|c|☆Stallion|lmao
|c|☆Stallion|yeah facts bouff
|c|+tjay|lmao
|c|☆Stallion|but gg anyway
|inactive|Stallion has 90 seconds left.
|c|☆Bbeeaa|Gg on this dik
|c|☆Stallion|are you 12? or a tiktoker?
|c|☆Bbeeaa|Both
|inactive|Stallion has 60 seconds left.
|c|☆Bbeeaa|Actually
|c|☆Stallion|respect
|c|+Bouff|coppa ban
|c|☆Bbeeaa|Ty 
|
|t:|1645227996
|switch|p2a: Yveltal|Yveltal|45/100
|-ability|p2a: Yveltal|Dark Aura
|move|p1a: Yveltal|Oblivion Wing|p2a: Yveltal
|-damage|p2a: Yveltal|17/100
|-heal|p1a: Yveltal|100/100|[from] drain|[of] p2a: Yveltal
|-damage|p1a: Yveltal|91/100|[from] item: Life Orb
|
|upkeep
|turn|25
|inactive|Bbeeaa has 240 seconds left.
|
|t:|1645228003
|move|p1a: Yveltal|Oblivion Wing|p2a: Yveltal
|-damage|p2a: Yveltal|0 fnt
|-heal|p1a: Yveltal|100/100|[from] drain|[of] p2a: Yveltal
|faint|p2a: Yveltal
|-damage|p1a: Yveltal|91/100|[from] item: Life Orb
|
|upkeep
|
|t:|1645228005
|switch|p2a: Marshadow|Marshadow|76/100
|-damage|p2a: Marshadow|69/100|[from] Stealth Rock
|turn|26
|
|t:|1645228012
|move|p1a: Yveltal|Sucker Punch|p2a: Marshadow
|-damage|p2a: Marshadow|0 fnt
|faint|p2a: Marshadow
|-damage|p1a: Yveltal|81/100|[from] item: Life Orb
|
|win|Bbeeaa
|c|☆Bbeeaa|GG.
