|inactive|Battle timer is ON: inactive players will automatically lose when time's up.
|t:|1659894496
|gametype|singles
|player|p1|Exiline|juggler|
|player|p2|Skysolo ❤|#pspl2019ubers|
|teamsize|p1|6
|teamsize|p2|6
|gen|8
|tier|[Gen 8] Ubers
|rule|Sleep Clause Mod: Limit one foe put to sleep
|rule|Species Clause: Limit one of each Pokémon
|rule|OHKO Clause: OHKO moves are banned
|rule|Evasion Moves Clause: Evasion moves are banned
|rule|Endless Battle Clause: Forcing endless battles is banned
|rule|HP Percentage Mod: HP is shown in percentages
|rule|Dynamax Clause: You cannot dynamax
|clearpoke
|poke|p1|Shuckle, M|
|poke|p1|Weavile, F|
|poke|p1|Yveltal|
|poke|p1|Necrozma-Dusk-Mane|
|poke|p1|Xerneas-*|
|poke|p1|Zekrom|
|poke|p2|Groudon|
|poke|p2|Necrozma-Dusk-Mane|
|poke|p2|Calyrex-Shadow|
|poke|p2|Ho-Oh|
|poke|p2|Yveltal|
|poke|p2|Eternatus|
|teampreview
|c|☆Skysolo ❤|hf
|inactive|Skysolo ❤ has 270 seconds left.
|
|t:|1659894540
|start
|switch|p1a: Zekrom|Zekrom|100/100
|switch|p2a: Necrozma|Necrozma-Dusk-Mane|100/100
|-ability|p1a: Zekrom|Teravolt
|turn|1
|
|t:|1659894548
|switch|p2a: Groudon|Groudon|100/100
|-weather|SunnyDay|[from] ability: Drought|[of] p2a: Groudon
|move|p1a: Zekrom|Dragon Dance|p1a: Zekrom
|-boost|p1a: Zekrom|atk|1
|-boost|p1a: Zekrom|spe|1
|
|-weather|SunnyDay|[upkeep]
|upkeep
|turn|2
|
|t:|1659894552
|move|p1a: Zekrom|Magnet Rise|p1a: Zekrom
|-start|p1a: Zekrom|Magnet Rise
|move|p2a: Groudon|Precipice Blades|p1a: Zekrom
|-immune|p1a: Zekrom
|
|-weather|SunnyDay|[upkeep]
|upkeep
|turn|3
|
|t:|1659894559
|move|p1a: Zekrom|Dragon Dance|p1a: Zekrom
|-boost|p1a: Zekrom|atk|1
|-boost|p1a: Zekrom|spe|1
|move|p2a: Groudon|Rock Tomb|p1a: Zekrom
|-damage|p1a: Zekrom|83/100
|-unboost|p1a: Zekrom|spe|1
|
|-weather|SunnyDay|[upkeep]
|upkeep
|turn|4
|
|t:|1659894564
|move|p1a: Zekrom|Dragon Claw|p2a: Groudon
|-damage|p2a: Groudon|42/100
|move|p2a: Groudon|Rock Tomb|p1a: Zekrom
|-crit|p1a: Zekrom
|-damage|p1a: Zekrom|56/100
|-unboost|p1a: Zekrom|spe|1
|
|-weather|SunnyDay|[upkeep]
|-heal|p2a: Groudon|48/100|[from] item: Leftovers
|upkeep
|turn|5
|
|t:|1659894576
|move|p1a: Zekrom|Dragon Dance|p1a: Zekrom
|-boost|p1a: Zekrom|atk|1
|-boost|p1a: Zekrom|spe|1
|move|p2a: Groudon|Rock Tomb|p1a: Zekrom
|-damage|p1a: Zekrom|36/100
|-unboost|p1a: Zekrom|spe|1
|
|-weather|none
|-heal|p2a: Groudon|54/100|[from] item: Leftovers
|upkeep
|turn|6
|
|t:|1659894583
|move|p1a: Zekrom|Dragon Claw|p2a: Groudon
|-damage|p2a: Groudon|0 fnt
|faint|p2a: Groudon
|
|-end|p1a: Zekrom|Magnet Rise
|upkeep
|
|t:|1659894593
|switch|p2a: Calyrex|Calyrex-Shadow|100/100
|-ability|p2a: Calyrex|As One
|-ability|p2a: Calyrex|Unnerve
|turn|7
|
|t:|1659894613
|switch|p1a: Yveltal|Yveltal|100/100
|-ability|p1a: Yveltal|Dark Aura
|move|p2a: Calyrex|Substitute|p2a: Calyrex
|-start|p2a: Calyrex|Substitute
|-damage|p2a: Calyrex|76/100
|
|-heal|p2a: Calyrex|82/100|[from] item: Leftovers
|upkeep
|turn|8
|
|t:|1659894619
|move|p2a: Calyrex|Leech Seed|p1a: Yveltal
|-start|p1a: Yveltal|move: Leech Seed
|move|p1a: Yveltal|Taunt|p2a: Calyrex
|-start|p2a: Calyrex|move: Taunt
|
|-heal|p2a: Calyrex|88/100|[from] item: Leftovers
|-damage|p1a: Yveltal|88/100|[from] Leech Seed|[of] p2a: Calyrex
|-heal|p2a: Calyrex|100/100|[silent]
|upkeep
|turn|9
|
|t:|1659894624
|move|p2a: Calyrex|Astral Barrage|p1a: Yveltal
|-resisted|p1a: Yveltal
|-damage|p1a: Yveltal|56/100
|move|p1a: Yveltal|Oblivion Wing|p2a: Calyrex
|-end|p2a: Calyrex|Substitute
|-heal|p1a: Yveltal|72/100|[from] drain|[of] p2a: Calyrex
|-damage|p1a: Yveltal|62/100|[from] item: Life Orb
|
|-damage|p1a: Yveltal|50/100|[from] Leech Seed|[of] p2a: Calyrex
|upkeep
|turn|10
|
|t:|1659894635
|switch|p2a: Yveltal|Yveltal|100/100
|-ability|p2a: Yveltal|Dark Aura
|switch|p1a: Shuckle|Shuckle, M|100/100
|
|upkeep
|turn|11
|
|t:|1659894643
|move|p2a: Yveltal|Taunt|p1a: Shuckle
|-start|p1a: Shuckle|move: Taunt
|cant|p1a: Shuckle|move: Taunt|Sticky Web
|
|upkeep
|turn|12
|
|t:|1659894652
|switch|p1a: Zekrom|Zekrom|36/100
|-ability|p1a: Zekrom|Teravolt
|move|p2a: Yveltal|Knock Off|p1a: Zekrom
|-damage|p1a: Zekrom|0 fnt
|-enditem|p1a: Zekrom|Haban Berry|[from] move: Knock Off|[of] p2a: Yveltal
|faint|p1a: Zekrom
|
|upkeep
|
|t:|1659894656
|switch|p1a: Weavile|Weavile, F|100/100
|-ability|p1a: Weavile|Pressure
|turn|13
|
|t:|1659894661
|switch|p2a: Ho-Oh|Ho-Oh|100/100
|move|p1a: Weavile|Swords Dance|p1a: Weavile
|-boost|p1a: Weavile|atk|2
|
|upkeep
|turn|14
|
|t:|1659894670
|move|p1a: Weavile|Triple Axel|p2a: Ho-Oh
|-damage|p2a: Ho-Oh|85/100
|-damage|p2a: Ho-Oh|52/100
|-damage|p2a: Ho-Oh|4/100
|-hitcount|p2a: Ho-Oh|3
|move|p2a: Ho-Oh|Sacred Fire|p1a: Weavile|[miss]
|-miss|p2a: Ho-Oh|p1a: Weavile
|
|upkeep
|turn|15
|
|t:|1659894677
|move|p1a: Weavile|Knock Off|p2a: Ho-Oh
|-damage|p2a: Ho-Oh|0 fnt
|-enditem|p2a: Ho-Oh|Heavy-Duty Boots|[from] move: Knock Off|[of] p1a: Weavile
|faint|p2a: Ho-Oh
|
|upkeep
|
|t:|1659894687
|switch|p2a: Eternatus|Eternatus|100/100
|-ability|p2a: Eternatus|Pressure
|turn|16
|
|t:|1659894693
|move|p2a: Eternatus|Dynamax Cannon|p1a: Weavile
|-damage|p1a: Weavile|39/100
|move|p1a: Weavile|Triple Axel|p2a: Eternatus
|-supereffective|p2a: Eternatus
|-damage|p2a: Eternatus|67/100
|-supereffective|p2a: Eternatus
|-damage|p2a: Eternatus|9/100
|-supereffective|p2a: Eternatus
|-damage|p2a: Eternatus|0 fnt
|faint|p2a: Eternatus
|-hitcount|p2: Eternatus|3
|
|upkeep
|
|t:|1659894701
|switch|p2a: Calyrex|Calyrex-Shadow|100/100
|-ability|p2a: Calyrex|As One
|-ability|p2a: Calyrex|Unnerve
|turn|17
|
|t:|1659894708
|move|p2a: Calyrex|Astral Barrage|p1a: Weavile
|-resisted|p1a: Weavile
|-damage|p1a: Weavile|0 fnt
|faint|p1a: Weavile
|-ability|p2a: Calyrex|Grim Neigh|boost
|-boost|p2a: Calyrex|spa|1
|
|upkeep
|inactive|Exiline has 270 seconds left.
|
|t:|1659894739
|switch|p1a: Shuckle|Shuckle, M|100/100
|turn|18
|
|t:|1659894746
|move|p2a: Calyrex|Astral Barrage|p1a: Shuckle
|-damage|p1a: Shuckle|34/100
|-enditem|p1a: Shuckle|Red Card|[of] p2a: Calyrex
|drag|p2a: Yveltal|Yveltal|100/100
|-ability|p2a: Yveltal|Dark Aura
|move|p1a: Shuckle|Sticky Web|p2a: Yveltal
|-sidestart|p2: Skysolo ❤|move: Sticky Web
|
|upkeep
|turn|19
|inactive|Skysolo ❤ has 270 seconds left.
|inactive|Skysolo ❤ has 240 seconds left.
|
|t:|1659894806
|move|p2a: Yveltal|Taunt|p1a: Shuckle
|-start|p1a: Shuckle|move: Taunt
|move|p1a: Shuckle|Final Gambit|p2a: Yveltal
|-damage|p2a: Yveltal|81/100
|faint|p1a: Shuckle
|
|upkeep
|inactive|Exiline has 270 seconds left.
|
|t:|1659894848
|switch|p1a: Xerneas|Xerneas|100/100
|-ability|p1a: Xerneas|Fairy Aura
|turn|20
|inactive|Skysolo ❤ has 240 seconds left.
|inactive|Exiline has 240 seconds left.
|inactive|Skysolo ❤ has 210 seconds left.
|
|t:|1659894894
|switch|p2a: Necrozma|Necrozma-Dusk-Mane|100/100
|-activate|p2a: Necrozma|move: Sticky Web
|-unboost|p2a: Necrozma|spe|1
|move|p1a: Xerneas|Moonblast|p2a: Necrozma
|-resisted|p2a: Necrozma
|-damage|p2a: Necrozma|80/100
|
|-heal|p2a: Necrozma|86/100|[from] item: Leftovers
|upkeep
|turn|21
|inactive|Exiline has 240 seconds left.
|
|t:|1659894907
|move|p1a: Xerneas|Geomancy||[still]
|-prepare|p1a: Xerneas|Geomancy
|-enditem|p1a: Xerneas|Power Herb
|-anim|p1a: Xerneas|Geomancy|p1a: Xerneas
|-boost|p1a: Xerneas|spa|2
|-boost|p1a: Xerneas|spd|2
|-boost|p1a: Xerneas|spe|2
|move|p2a: Necrozma|Thunder Wave|p1a: Xerneas
|-status|p1a: Xerneas|par
|
|-heal|p2a: Necrozma|92/100|[from] item: Leftovers
|upkeep
|turn|22
|
|t:|1659894913
|move|p1a: Xerneas|Thunder|p2a: Necrozma
|-damage|p2a: Necrozma|37/100
|move|p2a: Necrozma|Iron Head|p1a: Xerneas
|-supereffective|p1a: Xerneas
|-damage|p1a: Xerneas|40/100 par
|
|-heal|p2a: Necrozma|43/100|[from] item: Leftovers
|upkeep
|turn|23
|
|t:|1659894919
|cant|p1a: Xerneas|par
|move|p2a: Necrozma|Iron Head|p1a: Xerneas
|-supereffective|p1a: Xerneas
|-damage|p1a: Xerneas|0 fnt
|faint|p1a: Xerneas
|
|-heal|p2a: Necrozma|49/100|[from] item: Leftovers
|upkeep
|
|t:|1659894923
|switch|p1a: Yveltal|Yveltal|50/100
|-ability|p1a: Yveltal|Dark Aura
|turn|24
|
|t:|1659894937
|move|p1a: Yveltal|Dark Pulse|p2a: Necrozma
|-supereffective|p2a: Necrozma
|-damage|p2a: Necrozma|0 fnt
|faint|p2a: Necrozma
|-damage|p1a: Yveltal|40/100|[from] item: Life Orb
|
|upkeep
|
|t:|1659894942
|switch|p2a: Yveltal|Yveltal|81/100
|-ability|p2a: Yveltal|Dark Aura
|turn|25
|
|t:|1659894948
|move|p2a: Yveltal|Knock Off|p1a: Yveltal
|-resisted|p1a: Yveltal
|-damage|p1a: Yveltal|12/100
|-enditem|p1a: Yveltal|Life Orb|[from] move: Knock Off|[of] p2a: Yveltal
|move|p1a: Yveltal|Oblivion Wing|p2a: Yveltal
|-damage|p2a: Yveltal|49/100
|-heal|p1a: Yveltal|38/100|[from] drain|[of] p2a: Yveltal
|
|upkeep
|turn|26
|
|t:|1659894958
|move|p1a: Yveltal|Taunt|p2a: Yveltal
|-start|p2a: Yveltal|move: Taunt
|cant|p2a: Yveltal|move: Taunt|Roost
|
|upkeep
|turn|27
|
|t:|1659894961
|move|p1a: Yveltal|Oblivion Wing|p2a: Yveltal
|-damage|p2a: Yveltal|16/100
|-heal|p1a: Yveltal|65/100|[from] drain|[of] p2a: Yveltal
|move|p2a: Yveltal|Knock Off|p1a: Yveltal
|-resisted|p1a: Yveltal
|-damage|p1a: Yveltal|44/100
|
|upkeep
|turn|28
|
|t:|1659894966
|move|p1a: Yveltal|Oblivion Wing|p2a: Yveltal
|-damage|p2a: Yveltal|0 fnt
|-heal|p1a: Yveltal|57/100|[from] drain|[of] p2a: Yveltal
|faint|p2a: Yveltal
|
|upkeep
|
|t:|1659894970
|switch|p2a: Calyrex|Calyrex-Shadow|100/100
|-ability|p2a: Calyrex|As One
|-ability|p2a: Calyrex|Unnerve
|-activate|p2a: Calyrex|move: Sticky Web
|-unboost|p2a: Calyrex|spe|1
|turn|29
|c|☆Skysolo ❤|gg
|c|☆Exiline|g_g
|
|t:|1659894976
|move|p1a: Yveltal|Dark Pulse|p2a: Calyrex
|-supereffective|p2a: Calyrex
|-damage|p2a: Calyrex|0 fnt
|faint|p2a: Calyrex
|
|win|Exiline
