|inactive|Battle timer is ON: inactive players will automatically lose when time's up.
|t:|1667578966
|gametype|singles
|player|p1|RichardMillePlain|266|
|player|p2|Inder|lucas|
|teamsize|p1|6
|teamsize|p2|6
|gen|8
|tier|[Gen 8] Ubers
|rule|Sleep Clause Mod: Limit one foe put to sleep
|rule|Species Clause: Limit one of each Pokémon
|rule|OHKO Clause: OHKO moves are banned
|rule|Evasion Items Clause: Evasion items are banned
|rule|Evasion Moves Clause: Evasion moves are banned
|rule|Endless Battle Clause: Forcing endless battles is banned
|rule|HP Percentage Mod: HP is shown in percentages
|rule|Dynamax Clause: You cannot dynamax
|clearpoke
|poke|p1|Reshiram|
|poke|p1|Yveltal|
|poke|p1|Eternatus|
|poke|p1|Necrozma-Dusk-Mane|
|poke|p1|Groudon|
|poke|p1|Ferrothorn, M|
|poke|p2|Groudon|
|poke|p2|Necrozma-Dusk-Mane|
|poke|p2|Rayquaza|
|poke|p2|Weavile, M|
|poke|p2|Yveltal|
|poke|p2|Rotom-Wash|
|teampreview
|inactive|Inder also wants the timer to be on.
|c|☆RichardMillePlain|hf
|c|☆Inder|c une team que jvoulais te sortir
|c|☆Inder|de base
|c|☆Inder|hf
|c|☆RichardMillePlain|taurais du
|c|☆RichardMillePlain|jsuis 6-0 ray
|c|☆RichardMillePlain|tt le temps
|c|☆Inder|ouais
|inactive|Inder has 270 seconds left.
|c|☆Inder|je sais
|c|☆Inder|mais j'ai perdu mes moyens un peu
|
|t:|1667579014
|start
|switch|p1a: Reshiram|Reshiram|100/100
|switch|p2a: Rayquaza|Rayquaza|100/100
|-ability|p2a: Rayquaza|Air Lock
|-ability|p1a: Reshiram|Turboblaze
|turn|1
|
|t:|1667579018
|move|p2a: Rayquaza|Swords Dance|p2a: Rayquaza
|-boost|p2a: Rayquaza|atk|2
|move|p1a: Reshiram|Draco Meteor|p2a: Rayquaza
|-supereffective|p2a: Rayquaza
|-enditem|p2a: Rayquaza|Focus Sash
|-damage|p2a: Rayquaza|1/100
|-unboost|p1a: Reshiram|spa|2
|-damage|p1a: Reshiram|91/100|[from] item: Life Orb
|
|upkeep
|turn|2
|
|t:|1667579023
|switch|p1a: Ferrothorn|Ferrothorn, M|100/100
|move|p2a: Rayquaza|Scale Shot|p1a: Ferrothorn
|-resisted|p1a: Ferrothorn
|-damage|p1a: Ferrothorn|92/100
|-resisted|p1a: Ferrothorn
|-damage|p1a: Ferrothorn|83/100
|-resisted|p1a: Ferrothorn
|-damage|p1a: Ferrothorn|75/100
|-resisted|p1a: Ferrothorn
|-damage|p1a: Ferrothorn|66/100
|-hitcount|p1a: Ferrothorn|4
|-unboost|p2a: Rayquaza|def|1
|-boost|p2a: Rayquaza|spe|1
|
|-heal|p1a: Ferrothorn|73/100|[from] item: Leftovers
|upkeep
|turn|3
|
|t:|1667579028
|move|p2a: Rayquaza|Dragon Ascent|p1a: Ferrothorn
|-damage|p1a: Ferrothorn|0 fnt
|-unboost|p2a: Rayquaza|def|1
|-unboost|p2a: Rayquaza|spd|1
|-damage|p2a: Rayquaza|0 fnt|[from] ability: Iron Barbs|[of] p1a: Ferrothorn
|faint|p1a: Ferrothorn
|faint|p2a: Rayquaza
|
|upkeep
|
|t:|1667579037
|switch|p2a: Rotom|Rotom-Wash|100/100
|switch|p1a: Reshiram|Reshiram|91/100
|-ability|p1a: Reshiram|Turboblaze
|turn|4
|
|t:|1667579042
|move|p2a: Rotom|Hydro Pump|p1a: Reshiram
|-damage|p1a: Reshiram|54/100
|move|p1a: Reshiram|Draco Meteor|p2a: Rotom
|-damage|p2a: Rotom|0 fnt
|-unboost|p1a: Reshiram|spa|2
|faint|p2a: Rotom
|-damage|p1a: Reshiram|44/100|[from] item: Life Orb
|
|upkeep
|
|t:|1667579046
|switch|p2a: Weavile|Weavile, M|100/100
|-ability|p2a: Weavile|Pressure
|turn|5
|
|t:|1667579052
|move|p2a: Weavile|Substitute|p2a: Weavile
|-start|p2a: Weavile|Substitute
|-damage|p2a: Weavile|76/100
|move|p1a: Reshiram|Blue Flare|p2a: Weavile
|-supereffective|p2a: Weavile
|-end|p2a: Weavile|Substitute
|-damage|p1a: Reshiram|34/100|[from] item: Life Orb
|
|upkeep
|turn|6
|
|t:|1667579055
|move|p2a: Weavile|Knock Off|p1a: Reshiram
|-damage|p1a: Reshiram|0 fnt
|-enditem|p1a: Reshiram|Life Orb|[from] move: Knock Off|[of] p2a: Weavile
|faint|p1a: Reshiram
|
|upkeep
|
|t:|1667579063
|switch|p1a: Necrozma|Necrozma-Dusk-Mane|100/100
|turn|7
|
|t:|1667579067
|switch|p2a: Groudon|Groudon|100/100
|-weather|SunnyDay|[from] ability: Drought|[of] p2a: Groudon
|move|p1a: Necrozma|Iron Head|p2a: Groudon
|-damage|p2a: Groudon|74/100
|
|-weather|SunnyDay|[upkeep]
|-heal|p2a: Groudon|80/100|[from] item: Leftovers
|upkeep
|turn|8
|
|t:|1667579071
|move|p1a: Necrozma|Knock Off|p2a: Groudon
|-damage|p2a: Groudon|60/100
|-enditem|p2a: Groudon|Leftovers|[from] move: Knock Off|[of] p1a: Necrozma
|move|p2a: Groudon|Precipice Blades|p1a: Necrozma
|-supereffective|p1a: Necrozma
|-damage|p1a: Necrozma|31/100
|
|-weather|SunnyDay|[upkeep]
|-heal|p1a: Necrozma|37/100|[from] item: Leftovers
|upkeep
|turn|9
|
|t:|1667579076
|move|p2a: Groudon|Precipice Blades|p1a: Necrozma
|-supereffective|p1a: Necrozma
|-damage|p1a: Necrozma|0 fnt
|faint|p1a: Necrozma
|
|-weather|SunnyDay|[upkeep]
|upkeep
|
|t:|1667579079
|switch|p1a: Groudon|Groudon|100/100
|turn|10
|
|t:|1667579082
|move|p2a: Groudon|Toxic|p1a: Groudon
|-status|p1a: Groudon|tox
|move|p1a: Groudon|Precipice Blades|p2a: Groudon|[miss]
|-miss|p1a: Groudon|p2a: Groudon
|
|-weather|SunnyDay|[upkeep]
|-damage|p1a: Groudon|94/100 tox|[from] psn
|upkeep
|turn|11
|
|t:|1667579086
|move|p1a: Groudon|Precipice Blades|p2a: Groudon
|-damage|p2a: Groudon|32/100
|move|p2a: Groudon|Precipice Blades|p1a: Groudon|[miss]
|-miss|p2a: Groudon|p1a: Groudon
|
|-weather|none
|-heal|p1a: Groudon|100/100 tox|[from] item: Leftovers
|-damage|p1a: Groudon|88/100 tox|[from] psn
|upkeep
|turn|12
|
|t:|1667579090
|switch|p1a: Yveltal|Yveltal|100/100
|-ability|p1a: Yveltal|Dark Aura
|move|p2a: Groudon|Stealth Rock|p1a: Yveltal
|-sidestart|p1: RichardMillePlain|move: Stealth Rock
|
|upkeep
|turn|13
|
|t:|1667579093
|move|p1a: Yveltal|U-turn|p2a: Groudon
|-damage|p2a: Groudon|23/100
|
|t:|1667579095
|switch|p1a: Eternatus|Eternatus|100/100|[from]move: U-turn
|-ability|p1a: Eternatus|Pressure
|move|p2a: Groudon|Stone Edge|p1a: Eternatus
|-damage|p1a: Eternatus|75/100
|
|upkeep
|turn|14
|
|t:|1667579099
|switch|p2a: Yveltal|Yveltal|100/100
|-ability|p2a: Yveltal|Dark Aura
|move|p1a: Eternatus|Dynamax Cannon|p2a: Yveltal
|-damage|p2a: Yveltal|68/100
|
|upkeep
|turn|15
|
|t:|1667579101
|switch|p2a: Necrozma|Necrozma-Dusk-Mane|100/100
|move|p1a: Eternatus|Toxic|p2a: Necrozma
|-immune|p2a: Necrozma
|
|upkeep
|turn|16
|
|t:|1667579105
|switch|p1a: Groudon|Groudon|88/100 tox
|-damage|p1a: Groudon|82/100 tox|[from] Stealth Rock
|-weather|SunnyDay|[from] ability: Drought|[of] p1a: Groudon
|move|p2a: Necrozma|Knock Off|p1a: Groudon
|-damage|p1a: Groudon|66/100 tox
|-enditem|p1a: Groudon|Leftovers|[from] move: Knock Off|[of] p2a: Necrozma
|
|-weather|SunnyDay|[upkeep]
|-damage|p1a: Groudon|60/100 tox|[from] psn
|upkeep
|turn|17
|
|t:|1667579111
|switch|p2a: Yveltal|Yveltal|68/100
|-ability|p2a: Yveltal|Dark Aura
|move|p1a: Groudon|Stealth Rock|p2a: Yveltal
|-sidestart|p2: Inder|move: Stealth Rock
|
|-weather|SunnyDay|[upkeep]
|-damage|p1a: Groudon|47/100 tox|[from] psn
|upkeep
|turn|18
|
|t:|1667579116
|switch|p1a: Eternatus|Eternatus|75/100
|-ability|p1a: Eternatus|Pressure
|move|p2a: Yveltal|Defog|p1a: Eternatus
|-unboost|p1a: Eternatus|evasion|1
|-sideend|p1: RichardMillePlain|Stealth Rock|[from] move: Defog|[of] p2a: Yveltal
|-sideend|p2: Inder|Stealth Rock|[from] move: Defog|[of] p2a: Yveltal
|
|-weather|SunnyDay|[upkeep]
|upkeep
|turn|19
|
|t:|1667579121
|switch|p1a: Groudon|Groudon|47/100 tox
|move|p2a: Yveltal|Roost|p2a: Yveltal
|-heal|p2a: Yveltal|100/100
|-singleturn|p2a: Yveltal|move: Roost
|
|-weather|SunnyDay|[upkeep]
|-damage|p1a: Groudon|41/100 tox|[from] psn
|upkeep
|turn|20
|
|t:|1667579123
|switch|p1a: Eternatus|Eternatus|75/100
|-ability|p1a: Eternatus|Pressure
|move|p2a: Yveltal|Foul Play|p1a: Eternatus
|-damage|p1a: Eternatus|55/100
|
|-weather|none
|upkeep
|turn|21
|
|t:|1667579126
|move|p1a: Eternatus|Recover|p1a: Eternatus
|-heal|p1a: Eternatus|100/100
|move|p2a: Yveltal|U-turn|p1a: Eternatus
|-resisted|p1a: Eternatus
|-damage|p1a: Eternatus|92/100
|
|t:|1667579129
|switch|p2a: Necrozma|Necrozma-Dusk-Mane|100/100|[from]move: U-turn
|
|upkeep
|turn|22
|
|t:|1667579133
|switch|p1a: Yveltal|Yveltal|100/100
|-ability|p1a: Yveltal|Dark Aura
|move|p2a: Necrozma|Dragon Dance|p2a: Necrozma
|-boost|p2a: Necrozma|atk|1
|-boost|p2a: Necrozma|spe|1
|
|upkeep
|turn|23
|
|t:|1667579137
|switch|p2a: Yveltal|Yveltal|100/100
|-ability|p2a: Yveltal|Dark Aura
|move|p1a: Yveltal|U-turn|p2a: Yveltal
|-damage|p2a: Yveltal|81/100
|
|t:|1667579138
|switch|p1a: Eternatus|Eternatus|92/100|[from]move: U-turn
|-ability|p1a: Eternatus|Pressure
|
|upkeep
|turn|24
|
|t:|1667579141
|move|p1a: Eternatus|Mystical Fire|p2a: Yveltal
|-damage|p2a: Yveltal|65/100
|-unboost|p2a: Yveltal|spa|1
|move|p2a: Yveltal|U-turn|p1a: Eternatus
|-resisted|p1a: Eternatus
|-damage|p1a: Eternatus|81/100
|
|t:|1667579145
|switch|p2a: Necrozma|Necrozma-Dusk-Mane|100/100|[from]move: U-turn
|
|upkeep
|turn|25
|
|t:|1667579148
|switch|p2a: Weavile|Weavile, M|76/100
|-ability|p2a: Weavile|Pressure
|move|p1a: Eternatus|Mystical Fire|p2a: Weavile
|-supereffective|p2a: Weavile
|-damage|p2a: Weavile|4/100
|-unboost|p2a: Weavile|spa|1
|
|upkeep
|turn|26
|
|t:|1667579152
|switch|p2a: Necrozma|Necrozma-Dusk-Mane|100/100
|move|p1a: Eternatus|Mystical Fire|p2a: Necrozma
|-supereffective|p2a: Necrozma
|-damage|p2a: Necrozma|78/100
|-unboost|p2a: Necrozma|spa|1
|
|-heal|p2a: Necrozma|84/100|[from] item: Leftovers
|upkeep
|turn|27
|
|t:|1667579155
|switch|p2a: Weavile|Weavile, M|4/100
|-ability|p2a: Weavile|Pressure
|move|p1a: Eternatus|Mystical Fire|p2a: Weavile
|-supereffective|p2a: Weavile
|-damage|p2a: Weavile|0 fnt
|faint|p2a: Weavile
|
|upkeep
|
|t:|1667579157
|switch|p2a: Necrozma|Necrozma-Dusk-Mane|84/100
|turn|28
|
|t:|1667579164
|switch|p1a: Yveltal|Yveltal|100/100
|-ability|p1a: Yveltal|Dark Aura
|switch|p2a: Groudon|Groudon|23/100
|-weather|SunnyDay|[from] ability: Drought|[of] p2a: Groudon
|
|-weather|SunnyDay|[upkeep]
|upkeep
|turn|29
|
|t:|1667579167
|move|p1a: Yveltal|Snarl|p2a: Groudon
|-damage|p2a: Groudon|0 fnt
|faint|p2a: Groudon
|
|-weather|SunnyDay|[upkeep]
|upkeep
|
|t:|1667579170
|switch|p2a: Yveltal|Yveltal|65/100
|-ability|p2a: Yveltal|Dark Aura
|turn|30
|
|t:|1667579172
|move|p2a: Yveltal|Foul Play|p1a: Yveltal
|-resisted|p1a: Yveltal
|-damage|p1a: Yveltal|82/100
|move|p1a: Yveltal|U-turn|p2a: Yveltal
|-damage|p2a: Yveltal|46/100
|
|t:|1667579174
|switch|p1a: Eternatus|Eternatus|81/100|[from]move: U-turn
|-ability|p1a: Eternatus|Pressure
|
|-weather|SunnyDay|[upkeep]
|upkeep
|turn|31
|
|t:|1667579179
|move|p1a: Eternatus|Toxic|p2a: Yveltal
|-status|p2a: Yveltal|tox
|move|p2a: Yveltal|Roost|p2a: Yveltal
|-heal|p2a: Yveltal|96/100 tox
|-singleturn|p2a: Yveltal|move: Roost
|
|-weather|SunnyDay|[upkeep]
|-damage|p2a: Yveltal|90/100 tox|[from] psn
|upkeep
|turn|32
|
|t:|1667579180
|move|p1a: Eternatus|Mystical Fire|p2a: Yveltal
|-damage|p2a: Yveltal|65/100 tox
|-unboost|p2a: Yveltal|spa|1
|move|p2a: Yveltal|U-turn|p1a: Eternatus
|-resisted|p1a: Eternatus
|-damage|p1a: Eternatus|72/100
|
|t:|1667579183
|switch|p2a: Necrozma|Necrozma-Dusk-Mane|84/100|[from]move: U-turn
|
|-weather|none
|-heal|p2a: Necrozma|90/100|[from] item: Leftovers
|upkeep
|turn|33
|
|t:|1667579185
|switch|p1a: Groudon|Groudon|41/100 tox
|-weather|SunnyDay|[from] ability: Drought|[of] p1a: Groudon
|move|p2a: Necrozma|Dragon Dance|p2a: Necrozma
|-boost|p2a: Necrozma|atk|1
|-boost|p2a: Necrozma|spe|1
|
|-weather|SunnyDay|[upkeep]
|-heal|p2a: Necrozma|96/100|[from] item: Leftovers
|-damage|p1a: Groudon|35/100 tox|[from] psn
|upkeep
|turn|34
|
|t:|1667579188
|move|p2a: Necrozma|Dragon Dance|p2a: Necrozma
|-boost|p2a: Necrozma|atk|1
|-boost|p2a: Necrozma|spe|1
|move|p1a: Groudon|Precipice Blades|p2a: Necrozma
|-supereffective|p2a: Necrozma
|-damage|p2a: Necrozma|35/100
|
|-weather|SunnyDay|[upkeep]
|-heal|p2a: Necrozma|41/100|[from] item: Leftovers
|-damage|p1a: Groudon|23/100 tox|[from] psn
|upkeep
|turn|35
|
|t:|1667579192
|move|p2a: Necrozma|Moonlight|p2a: Necrozma
|-heal|p2a: Necrozma|100/100
|move|p1a: Groudon|Precipice Blades|p2a: Necrozma
|-supereffective|p2a: Necrozma
|-damage|p2a: Necrozma|41/100
|
|-weather|SunnyDay|[upkeep]
|-heal|p2a: Necrozma|47/100|[from] item: Leftovers
|-damage|p1a: Groudon|4/100 tox|[from] psn
|upkeep
|turn|36
|
|t:|1667579196
|move|p2a: Necrozma|Moonlight|p2a: Necrozma
|-heal|p2a: Necrozma|100/100
|move|p1a: Groudon|Precipice Blades|p2a: Necrozma
|-supereffective|p2a: Necrozma
|-damage|p2a: Necrozma|41/100
|
|-weather|SunnyDay|[upkeep]
|-heal|p2a: Necrozma|47/100|[from] item: Leftovers
|-damage|p1a: Groudon|0 fnt|[from] psn
|faint|p1a: Groudon
|upkeep
|
|t:|1667579199
|switch|p1a: Yveltal|Yveltal|82/100
|-ability|p1a: Yveltal|Dark Aura
|turn|37
|
|t:|1667579203
|move|p2a: Necrozma|Sunsteel Strike|p1a: Yveltal
|-damage|p1a: Yveltal|12/100
|move|p1a: Yveltal|Snarl|p2a: Necrozma
|-supereffective|p2a: Necrozma
|-damage|p2a: Necrozma|17/100
|-unboost|p2a: Necrozma|spa|1
|
|-weather|none
|-heal|p2a: Necrozma|23/100|[from] item: Leftovers
|upkeep
|turn|38
|c|☆RichardMillePlain|gg
|c|☆Inder|t'es serieux
|c|☆Inder|c quoi ce set
|
|t:|1667579214
|move|p2a: Necrozma|Moonlight|p2a: Necrozma
|-heal|p2a: Necrozma|73/100
|move|p1a: Yveltal|Snarl|p2a: Necrozma
|-supereffective|p2a: Necrozma
|-crit|p2a: Necrozma
|-damage|p2a: Necrozma|28/100
|-unboost|p2a: Necrozma|spa|1
|
|-heal|p2a: Necrozma|34/100|[from] item: Leftovers
|upkeep
|turn|39
|c|☆RichardMillePlain|c une tem
|c|☆RichardMillePlain|de avant le debut du ssnl
|
|t:|1667579232
|move|p2a: Necrozma|Moonlight|p2a: Necrozma
|-heal|p2a: Necrozma|84/100
|move|p1a: Yveltal|Snarl|p2a: Necrozma
|-supereffective|p2a: Necrozma
|-damage|p2a: Necrozma|53/100
|-unboost|p2a: Necrozma|spa|1
|
|-heal|p2a: Necrozma|59/100|[from] item: Leftovers
|upkeep
|turn|40
|
|t:|1667579234
|move|p2a: Necrozma|Sunsteel Strike|p1a: Yveltal
|-damage|p1a: Yveltal|0 fnt
|faint|p1a: Yveltal
|
|-heal|p2a: Necrozma|65/100|[from] item: Leftovers
|upkeep
|
|t:|1667579236
|switch|p1a: Eternatus|Eternatus|72/100
|-ability|p1a: Eternatus|Pressure
|turn|41
|c|☆Inder|jvois
|
|t:|1667579241
|move|p2a: Necrozma|Sunsteel Strike|p1a: Eternatus
|-damage|p1a: Eternatus|0 fnt
|faint|p1a: Eternatus
|
|win|Inder
