|inactive|Battle timer is ON: inactive players will automatically lose when time's up.
|t:|1646001893
|gametype|singles
|player|p1|Ballfire|#ndpl2crying|
|player|p2|TrueNora|kahili|
|teamsize|p1|6
|teamsize|p2|6
|gen|8
|tier|[Gen 8] Ubers
|rule|Sleep Clause Mod: Limit one foe put to sleep
|rule|Species Clause: Limit one of each Pokémon
|rule|OHKO Clause: OHKO moves are banned
|rule|Evasion Moves Clause: Evasion moves are banned
|rule|Endless Battle Clause: Forcing endless battles is banned
|rule|HP Percentage Mod: HP is shown in percentages
|rule|Dynamax Clause: You cannot dynamax
|clearpoke
|poke|p1|Calyrex-Shadow|
|poke|p1|Ho-Oh|
|poke|p1|Rotom-Wash|
|poke|p1|Yveltal|
|poke|p1|Eternatus|
|poke|p1|Necrozma-Dusk-Mane|
|poke|p2|Rotom-Wash|
|poke|p2|Ho-Oh|
|poke|p2|Yveltal|
|poke|p2|Eternatus|
|poke|p2|Xerneas-*|
|poke|p2|Necrozma-Dusk-Mane|
|teampreview
|inactive|Ballfire also wants the timer to be on.
|c|☆TrueNora|hf
|c|☆Ballfire|hf
|
|t:|1646001908
|start
|switch|p1a: Racaille en TMAX|Calyrex-Shadow|100/100
|switch|p2a: Ho-Oh|Ho-Oh|100/100
|-ability|p1a: Racaille en TMAX|As One
|-ability|p1a: Racaille en TMAX|Unnerve
|turn|1
|
|t:|1646001915
|move|p1a: Racaille en TMAX|Trick|p2a: Ho-Oh
|-activate|p1a: Racaille en TMAX|move: Trick|[of] p2a: Ho-Oh
|-item|p2a: Ho-Oh|Choice Specs|[from] move: Trick
|-item|p1a: Racaille en TMAX|Choice Band|[from] move: Trick
|move|p2a: Ho-Oh|Toxic|p1a: Racaille en TMAX|[miss]
|-miss|p2a: Ho-Oh|p1a: Racaille en TMAX
|
|upkeep
|turn|2
|c|+DNNP|yo
|c|+DNNP|you suck
|c|☆TrueNora|,
|
|t:|1646001933
|switch|p1a: Simi Bellossom|Necrozma-Dusk-Mane|100/100
|switch|p2a: Necrozma|Necrozma-Dusk-Mane|100/100
|
|upkeep
|turn|3
|c|+tjay|is this for anything
|
|t:|1646001937
|move|p1a: Simi Bellossom|Stealth Rock|p2a: Necrozma
|-sidestart|p2: TrueNora|move: Stealth Rock
|move|p2a: Necrozma|Stealth Rock|p1a: Simi Bellossom
|-sidestart|p1: Ballfire|move: Stealth Rock
|
|upkeep
|turn|4
|c|+DNNP|spl finals
|c|☆Ballfire|this is the shuwri cup
|c|☆TrueNora|oml
|c|☆Ballfire|we have to use shuwri teams
|c|+DNNP|isnt that bo7 pex cup?
|
|t:|1646001959
|switch|p1a: Racaille en TMAX|Calyrex-Shadow|100/100
|-ability|p1a: Racaille en TMAX|As One
|-ability|p1a: Racaille en TMAX|Unnerve
|-damage|p1a: Racaille en TMAX|88/100|[from] Stealth Rock
|switch|p2a: Eternatus|Eternatus|100/100
|-damage|p2a: Eternatus|88/100|[from] Stealth Rock
|-ability|p2a: Eternatus|Pressure
|
|-heal|p2a: Eternatus|94/100|[from] item: Black Sludge
|upkeep
|turn|5
|
|t:|1646001964
|move|p1a: Racaille en TMAX|Trick|p2a: Eternatus
|-activate|p1a: Racaille en TMAX|move: Trick|[of] p2a: Eternatus
|-item|p2a: Eternatus|Choice Band|[from] move: Trick
|-item|p1a: Racaille en TMAX|Black Sludge|[from] move: Trick
|move|p2a: Eternatus|Shadow Ball|p1a: Racaille en TMAX
|-supereffective|p1a: Racaille en TMAX
|-damage|p1a: Racaille en TMAX|0 fnt
|faint|p1a: Racaille en TMAX
|
|upkeep
|c|+tjay|botted
|c|+DNNP|gg
|
|t:|1646001976
|switch|p1a: L'Habitazone|Eternatus|100/100
|-damage|p1a: L'Habitazone|88/100|[from] Stealth Rock
|-ability|p1a: L'Habitazone|Pressure
|turn|6
|
|t:|1646001983
|switch|p2a: Necrozma|Necrozma-Dusk-Mane|100/100
|-damage|p2a: Necrozma|94/100|[from] Stealth Rock
|move|p1a: L'Habitazone|Toxic|p2a: Necrozma
|-immune|p2a: Necrozma
|
|-heal|p1a: L'Habitazone|94/100|[from] item: Black Sludge
|-heal|p2a: Necrozma|100/100|[from] item: Leftovers
|upkeep
|turn|7
|
|t:|1646001989
|switch|p1a: Motismenteur DX|Rotom-Wash|100/100
|-damage|p1a: Motismenteur DX|88/100|[from] Stealth Rock
|move|p2a: Necrozma|Earthquake|p1a: Motismenteur DX
|-immune|p1a: Motismenteur DX|[from] ability: Levitate
|
|-heal|p1a: Motismenteur DX|94/100|[from] item: Leftovers
|upkeep
|turn|8
|
|t:|1646001998
|move|p1a: Motismenteur DX|Will-O-Wisp|p2a: Necrozma|[miss]
|-miss|p1a: Motismenteur DX|p2a: Necrozma
|move|p2a: Necrozma|Sunsteel Strike|p1a: Motismenteur DX
|-resisted|p1a: Motismenteur DX
|-damage|p1a: Motismenteur DX|84/100
|
|-heal|p1a: Motismenteur DX|90/100|[from] item: Leftovers
|upkeep
|turn|9
|
|t:|1646002003
|switch|p2a: Ho-Oh|Ho-Oh|100/100
|-damage|p2a: Ho-Oh|51/100|[from] Stealth Rock
|move|p1a: Motismenteur DX|Will-O-Wisp|p2a: Ho-Oh
|-immune|p2a: Ho-Oh
|
|-heal|p1a: Motismenteur DX|97/100|[from] item: Leftovers
|upkeep
|turn|10
|
|t:|1646002015
|move|p2a: Ho-Oh|Defog|p1a: Motismenteur DX
|-unboost|p1a: Motismenteur DX|evasion|1
|-sideend|p1: Ballfire|Stealth Rock|[from] move: Defog|[of] p2a: Ho-Oh
|-sideend|p2: TrueNora|Stealth Rock|[from] move: Defog|[of] p2a: Ho-Oh
|move|p1a: Motismenteur DX|Volt Switch|p2a: Ho-Oh
|-supereffective|p2a: Ho-Oh
|-damage|p2a: Ho-Oh|17/100
|
|t:|1646002018
|switch|p1a: Simi Bellossom|Necrozma-Dusk-Mane|100/100|[from]move: Volt Switch
|
|upkeep
|turn|11
|
|t:|1646002023
|switch|p2a: Rotom|Rotom-Wash|100/100
|move|p1a: Simi Bellossom|Stealth Rock|p2a: Rotom
|-sidestart|p2: TrueNora|move: Stealth Rock
|
|upkeep
|turn|12
|
|t:|1646002035
|switch|p1a: Sbire de l'UFG|Yveltal|100/100
|-ability|p1a: Sbire de l'UFG|Dark Aura
|move|p2a: Rotom|Defog|p1a: Sbire de l'UFG
|-unboost|p1a: Sbire de l'UFG|evasion|1
|-sideend|p2: TrueNora|Stealth Rock|[from] move: Defog|[of] p2a: Rotom
|
|upkeep
|turn|13
|
|t:|1646002039
|switch|p2a: Eternatus|Eternatus|94/100
|-ability|p2a: Eternatus|Pressure
|move|p1a: Sbire de l'UFG|Knock Off|p2a: Eternatus
|-damage|p2a: Eternatus|54/100
|-enditem|p2a: Eternatus|Choice Band|[from] move: Knock Off|[of] p1a: Sbire de l'UFG
|
|upkeep
|turn|14
|
|t:|1646002043
|move|p2a: Eternatus|Recover|p2a: Eternatus
|-heal|p2a: Eternatus|100/100
|move|p1a: Sbire de l'UFG|U-turn|p2a: Eternatus
|-resisted|p2a: Eternatus
|-damage|p2a: Eternatus|93/100
|
|t:|1646002048
|switch|p1a: la frappe|Ho-Oh|100/100|[from]move: U-turn
|
|upkeep
|turn|15
|
|t:|1646002054
|move|p1a: la frappe|Brave Bird|p2a: Eternatus
|-damage|p2a: Eternatus|50/100
|-damage|p1a: la frappe|81/100|[from] Recoil
|move|p2a: Eternatus|Toxic|p1a: la frappe
|-status|p1a: la frappe|tox
|
|-damage|p1a: la frappe|75/100 tox|[from] psn
|upkeep
|turn|16
|
|t:|1646002068
|switch|p1a: Simi Bellossom|Necrozma-Dusk-Mane|100/100
|move|p2a: Eternatus|Recover|p2a: Eternatus
|-heal|p2a: Eternatus|99/100
|
|upkeep
|turn|17
|
|t:|1646002073
|switch|p2a: Rotom|Rotom-Wash|100/100
|move|p1a: Simi Bellossom|Stealth Rock|p2a: Rotom
|-sidestart|p2: TrueNora|move: Stealth Rock
|
|upkeep
|turn|18
|
|t:|1646002076
|switch|p1a: L'Habitazone|Eternatus|94/100
|-ability|p1a: L'Habitazone|Pressure
|move|p2a: Rotom|Defog|p1a: L'Habitazone
|-unboost|p1a: L'Habitazone|evasion|1
|-sideend|p2: TrueNora|Stealth Rock|[from] move: Defog|[of] p2a: Rotom
|
|-heal|p1a: L'Habitazone|100/100|[from] item: Black Sludge
|upkeep
|turn|19
|
|t:|1646002085
|move|p1a: L'Habitazone|Toxic|p2a: Rotom
|-status|p2a: Rotom|tox
|move|p2a: Rotom|Will-O-Wisp|p1a: L'Habitazone
|-status|p1a: L'Habitazone|brn
|
|-damage|p2a: Rotom|94/100 tox|[from] psn
|-damage|p1a: L'Habitazone|94/100 brn|[from] brn
|upkeep
|turn|20
|
|t:|1646002094
|switch|p1a: Simi Bellossom|Necrozma-Dusk-Mane|100/100
|switch|p2a: Necrozma|Necrozma-Dusk-Mane|100/100
|
|upkeep
|turn|21
|
|t:|1646002097
|move|p1a: Simi Bellossom|Stealth Rock|p2a: Necrozma
|-sidestart|p2: TrueNora|move: Stealth Rock
|move|p2a: Necrozma|Earthquake|p1a: Simi Bellossom
|-supereffective|p1a: Simi Bellossom
|-damage|p1a: Simi Bellossom|63/100
|
|-heal|p1a: Simi Bellossom|69/100|[from] item: Leftovers
|upkeep
|turn|22
|
|t:|1646002106
|switch|p1a: Motismenteur DX|Rotom-Wash|97/100
|move|p2a: Necrozma|Stealth Rock|p1a: Motismenteur DX
|-sidestart|p1: Ballfire|move: Stealth Rock
|
|-heal|p1a: Motismenteur DX|100/100|[from] item: Leftovers
|upkeep
|turn|23
|
|t:|1646002113
|switch|p2a: Eternatus|Eternatus|99/100
|-damage|p2a: Eternatus|88/100|[from] Stealth Rock
|-ability|p2a: Eternatus|Pressure
|move|p1a: Motismenteur DX|Will-O-Wisp|p2a: Eternatus
|-status|p2a: Eternatus|brn
|
|-damage|p2a: Eternatus|82/100 brn|[from] brn
|upkeep
|turn|24
|
|t:|1646002119
|switch|p1a: Simi Bellossom|Necrozma-Dusk-Mane|69/100
|-damage|p1a: Simi Bellossom|63/100|[from] Stealth Rock
|move|p2a: Eternatus|Shadow Ball|p1a: Simi Bellossom
|-supereffective|p1a: Simi Bellossom
|-crit|p1a: Simi Bellossom
|-damage|p1a: Simi Bellossom|31/100
|
|-heal|p1a: Simi Bellossom|37/100|[from] item: Leftovers
|-damage|p2a: Eternatus|75/100 brn|[from] brn
|upkeep
|turn|25
|
|t:|1646002127
|switch|p2a: Yveltal|Yveltal|100/100
|-ability|p2a: Yveltal|Dark Aura
|move|p1a: Simi Bellossom|Morning Sun|p1a: Simi Bellossom
|-heal|p1a: Simi Bellossom|87/100
|
|-heal|p1a: Simi Bellossom|93/100|[from] item: Leftovers
|upkeep
|turn|26
|
|t:|1646002137
|switch|p1a: L'Habitazone|Eternatus|94/100 brn
|-damage|p1a: L'Habitazone|82/100 brn|[from] Stealth Rock
|-ability|p1a: L'Habitazone|Pressure
|move|p2a: Yveltal|Knock Off|p1a: L'Habitazone
|-damage|p1a: L'Habitazone|40/100 brn
|-enditem|p1a: L'Habitazone|Black Sludge|[from] move: Knock Off|[of] p2a: Yveltal
|
|-damage|p1a: L'Habitazone|33/100 brn|[from] brn
|upkeep
|turn|27
|
|t:|1646002144
|move|p1a: L'Habitazone|Recover|p1a: L'Habitazone
|-heal|p1a: L'Habitazone|83/100 brn
|move|p2a: Yveltal|Knock Off|p1a: L'Habitazone
|-damage|p1a: L'Habitazone|55/100 brn
|
|-damage|p1a: L'Habitazone|49/100 brn|[from] brn
|upkeep
|turn|28
|
|t:|1646002148
|switch|p2a: Necrozma|Necrozma-Dusk-Mane|100/100
|-damage|p2a: Necrozma|94/100|[from] Stealth Rock
|move|p1a: L'Habitazone|Recover|p1a: L'Habitazone
|-heal|p1a: L'Habitazone|99/100 brn
|
|-heal|p2a: Necrozma|100/100|[from] item: Leftovers
|-damage|p1a: L'Habitazone|92/100 brn|[from] brn
|upkeep
|turn|29
|
|t:|1646002152
|switch|p1a: Motismenteur DX|Rotom-Wash|100/100
|-damage|p1a: Motismenteur DX|88/100|[from] Stealth Rock
|switch|p2a: Yveltal|Yveltal|100/100
|-ability|p2a: Yveltal|Dark Aura
|
|-heal|p1a: Motismenteur DX|94/100|[from] item: Leftovers
|upkeep
|turn|30
|
|t:|1646002159
|switch|p1a: L'Habitazone|Eternatus|92/100 brn
|-damage|p1a: L'Habitazone|80/100 brn|[from] Stealth Rock
|-ability|p1a: L'Habitazone|Pressure
|move|p2a: Yveltal|Knock Off|p1a: L'Habitazone
|-damage|p1a: L'Habitazone|51/100 brn
|
|-damage|p1a: L'Habitazone|45/100 brn|[from] brn
|upkeep
|turn|31
|
|t:|1646002163
|switch|p2a: Necrozma|Necrozma-Dusk-Mane|100/100
|-damage|p2a: Necrozma|94/100|[from] Stealth Rock
|move|p1a: L'Habitazone|Recover|p1a: L'Habitazone
|-heal|p1a: L'Habitazone|95/100 brn
|
|-heal|p2a: Necrozma|100/100|[from] item: Leftovers
|-damage|p1a: L'Habitazone|88/100 brn|[from] brn
|upkeep
|turn|32
|
|t:|1646002168
|switch|p1a: Motismenteur DX|Rotom-Wash|94/100
|-damage|p1a: Motismenteur DX|82/100|[from] Stealth Rock
|switch|p2a: Eternatus|Eternatus|75/100 brn
|-damage|p2a: Eternatus|63/100 brn|[from] Stealth Rock
|-ability|p2a: Eternatus|Pressure
|
|-heal|p1a: Motismenteur DX|88/100|[from] item: Leftovers
|-damage|p2a: Eternatus|57/100 brn|[from] brn
|upkeep
|turn|33
|
|t:|1646002176
|switch|p1a: Simi Bellossom|Necrozma-Dusk-Mane|93/100
|-damage|p1a: Simi Bellossom|87/100|[from] Stealth Rock
|move|p2a: Eternatus|Toxic|p1a: Simi Bellossom
|-immune|p1a: Simi Bellossom
|
|-heal|p1a: Simi Bellossom|93/100|[from] item: Leftovers
|-damage|p2a: Eternatus|51/100 brn|[from] brn
|upkeep
|turn|34
|
|t:|1646002180
|move|p2a: Eternatus|Recover|p2a: Eternatus
|-heal|p2a: Eternatus|100/100 brn
|move|p1a: Simi Bellossom|Earthquake|p2a: Eternatus
|-supereffective|p2a: Eternatus
|-damage|p2a: Eternatus|54/100 brn
|
|-heal|p1a: Simi Bellossom|99/100|[from] item: Leftovers
|-damage|p2a: Eternatus|48/100 brn|[from] brn
|upkeep
|turn|35
|
|t:|1646002186
|move|p2a: Eternatus|Recover|p2a: Eternatus
|-heal|p2a: Eternatus|98/100 brn
|move|p1a: Simi Bellossom|Sunsteel Strike|p2a: Eternatus
|-damage|p2a: Eternatus|60/100 brn
|
|-heal|p1a: Simi Bellossom|100/100|[from] item: Leftovers
|-damage|p2a: Eternatus|54/100 brn|[from] brn
|upkeep
|turn|36
|
|t:|1646002190
|switch|p2a: Yveltal|Yveltal|100/100
|-ability|p2a: Yveltal|Dark Aura
|move|p1a: Simi Bellossom|Earthquake|p2a: Yveltal
|-immune|p2a: Yveltal
|
|upkeep
|turn|37
|
|t:|1646002196
|switch|p1a: L'Habitazone|Eternatus|88/100 brn
|-damage|p1a: L'Habitazone|76/100 brn|[from] Stealth Rock
|-ability|p1a: L'Habitazone|Pressure
|move|p2a: Yveltal|Knock Off|p1a: L'Habitazone
|-damage|p1a: L'Habitazone|47/100 brn
|
|-damage|p1a: L'Habitazone|40/100 brn|[from] brn
|upkeep
|turn|38
|
|t:|1646002203
|switch|p2a: Necrozma|Necrozma-Dusk-Mane|100/100
|-damage|p2a: Necrozma|94/100|[from] Stealth Rock
|move|p1a: L'Habitazone|Recover|p1a: L'Habitazone
|-heal|p1a: L'Habitazone|90/100 brn
|
|-heal|p2a: Necrozma|100/100|[from] item: Leftovers
|-damage|p1a: L'Habitazone|84/100 brn|[from] brn
|upkeep
|turn|39
|
|t:|1646002208
|switch|p2a: Rotom|Rotom-Wash|94/100 tox
|-damage|p2a: Rotom|82/100 tox|[from] Stealth Rock
|move|p1a: L'Habitazone|Draco Meteor|p2a: Rotom
|-damage|p2a: Rotom|19/100 tox
|-unboost|p1a: L'Habitazone|spa|2
|
|-heal|p2a: Rotom|25/100 tox|[from] item: Leftovers
|-damage|p2a: Rotom|19/100 tox|[from] psn
|-damage|p1a: L'Habitazone|78/100 brn|[from] brn
|upkeep
|turn|40
|
|t:|1646002212
|switch|p2a: Necrozma|Necrozma-Dusk-Mane|100/100
|-damage|p2a: Necrozma|94/100|[from] Stealth Rock
|move|p1a: L'Habitazone|Draco Meteor|p2a: Necrozma
|-resisted|p2a: Necrozma
|-damage|p2a: Necrozma|85/100
|-unboost|p1a: L'Habitazone|spa|2
|
|-heal|p2a: Necrozma|91/100|[from] item: Leftovers
|-damage|p1a: L'Habitazone|72/100 brn|[from] brn
|upkeep
|turn|41
|
|t:|1646002221
|switch|p1a: la frappe|Ho-Oh|100/100 tox
|-damage|p1a: la frappe|51/100 tox|[from] Stealth Rock
|switch|p2a: Eternatus|Eternatus|54/100 brn
|-damage|p2a: Eternatus|42/100 brn|[from] Stealth Rock
|-ability|p2a: Eternatus|Pressure
|
|-damage|p1a: la frappe|44/100 tox|[from] psn
|-damage|p2a: Eternatus|35/100 brn|[from] brn
|upkeep
|turn|42
|
|t:|1646002228
|switch|p2a: Necrozma|Necrozma-Dusk-Mane|91/100
|-damage|p2a: Necrozma|85/100|[from] Stealth Rock
|move|p1a: la frappe|Brave Bird|p2a: Necrozma
|-resisted|p2a: Necrozma
|-damage|p2a: Necrozma|65/100
|-damage|p1a: la frappe|37/100 tox|[from] Recoil
|
|-heal|p2a: Necrozma|71/100|[from] item: Leftovers
|-damage|p1a: la frappe|25/100 tox|[from] psn
|upkeep
|turn|43
|
|t:|1646002236
|switch|p1a: Sbire de l'UFG|Yveltal|100/100
|-ability|p1a: Sbire de l'UFG|Dark Aura
|switch|p2a: Yveltal|Yveltal|100/100
|-ability|p2a: Yveltal|Dark Aura
|
|upkeep
|turn|44
|
|t:|1646002239
|move|p1a: Sbire de l'UFG|Knock Off|p2a: Yveltal
|-resisted|p2a: Yveltal
|-damage|p2a: Yveltal|80/100
|-enditem|p2a: Yveltal|Heavy-Duty Boots|[from] move: Knock Off|[of] p1a: Sbire de l'UFG
|move|p2a: Yveltal|Knock Off|p1a: Sbire de l'UFG
|-resisted|p1a: Sbire de l'UFG
|-damage|p1a: Sbire de l'UFG|78/100
|-enditem|p1a: Sbire de l'UFG|Heavy-Duty Boots|[from] move: Knock Off|[of] p2a: Yveltal
|
|upkeep
|turn|45
|
|t:|1646002246
|move|p1a: Sbire de l'UFG|Knock Off|p2a: Yveltal
|-resisted|p2a: Yveltal
|-damage|p2a: Yveltal|67/100
|move|p2a: Yveltal|U-turn|p1a: Sbire de l'UFG
|-damage|p1a: Sbire de l'UFG|62/100
|
|t:|1646002251
|switch|p2a: Eternatus|Eternatus|35/100 brn|[from]move: U-turn
|-damage|p2a: Eternatus|23/100 brn|[from] Stealth Rock
|-ability|p2a: Eternatus|Pressure
|
|-damage|p2a: Eternatus|17/100 brn|[from] brn
|upkeep
|turn|46
|
|t:|1646002258
|move|p2a: Eternatus|Recover|p2a: Eternatus
|-heal|p2a: Eternatus|67/100 brn
|move|p1a: Sbire de l'UFG|Roost|p1a: Sbire de l'UFG
|-heal|p1a: Sbire de l'UFG|100/100
|-singleturn|p1a: Sbire de l'UFG|move: Roost
|
|-damage|p2a: Eternatus|61/100 brn|[from] brn
|upkeep
|turn|47
|
|t:|1646002263
|switch|p1a: Simi Bellossom|Necrozma-Dusk-Mane|100/100
|-damage|p1a: Simi Bellossom|94/100|[from] Stealth Rock
|move|p2a: Eternatus|Toxic|p1a: Simi Bellossom
|-immune|p1a: Simi Bellossom
|
|-heal|p1a: Simi Bellossom|100/100|[from] item: Leftovers
|-damage|p2a: Eternatus|54/100 brn|[from] brn
|upkeep
|turn|48
|
|t:|1646002268
|switch|p2a: Necrozma|Necrozma-Dusk-Mane|71/100
|-damage|p2a: Necrozma|65/100|[from] Stealth Rock
|move|p1a: Simi Bellossom|Earthquake|p2a: Necrozma
|-supereffective|p2a: Necrozma
|-damage|p2a: Necrozma|35/100
|
|-heal|p2a: Necrozma|41/100|[from] item: Leftovers
|upkeep
|turn|49
|
|t:|1646002277
|switch|p1a: Motismenteur DX|Rotom-Wash|88/100
|-damage|p1a: Motismenteur DX|75/100|[from] Stealth Rock
|move|p2a: Necrozma|Morning Sun|p2a: Necrozma
|-heal|p2a: Necrozma|91/100
|
|-heal|p1a: Motismenteur DX|82/100|[from] item: Leftovers
|-heal|p2a: Necrozma|97/100|[from] item: Leftovers
|upkeep
|turn|50
|
|t:|1646002283
|switch|p2a: Eternatus|Eternatus|54/100 brn
|-damage|p2a: Eternatus|42/100 brn|[from] Stealth Rock
|-ability|p2a: Eternatus|Pressure
|move|p1a: Motismenteur DX|Volt Switch|p2a: Eternatus
|-resisted|p2a: Eternatus
|-crit|p2a: Eternatus
|-damage|p2a: Eternatus|30/100 brn
|
|t:|1646002289
|switch|p1a: L'Habitazone|Eternatus|72/100 brn|[from]move: Volt Switch
|-damage|p1a: L'Habitazone|59/100 brn|[from] Stealth Rock
|-ability|p1a: L'Habitazone|Pressure
|
|-damage|p1a: L'Habitazone|53/100 brn|[from] brn
|-damage|p2a: Eternatus|23/100 brn|[from] brn
|upkeep
|turn|51
|
|t:|1646002296
|move|p1a: L'Habitazone|Draco Meteor|p2a: Eternatus
|-supereffective|p2a: Eternatus
|-damage|p2a: Eternatus|0 fnt
|-unboost|p1a: L'Habitazone|spa|2
|faint|p2a: Eternatus
|
|-damage|p1a: L'Habitazone|47/100 brn|[from] brn
|upkeep
|c|☆Ballfire|shuwri teams can only lose to one thing
|c|+DNNP|gg
|c|☆Ballfire|shuwri teams
|c|☆TrueNora|speedties
|c|☆TrueNora|oh
|c|☆TrueNora|and that
|
|t:|1646002323
|switch|p2a: Necrozma|Necrozma-Dusk-Mane|97/100
|-damage|p2a: Necrozma|91/100|[from] Stealth Rock
|turn|52
|c|+DNNP|that and dark meat
|
|t:|1646002332
|move|p1a: L'Habitazone|Recover|p1a: L'Habitazone
|-heal|p1a: L'Habitazone|97/100 brn
|move|p2a: Necrozma|Earthquake|p1a: L'Habitazone
|-supereffective|p1a: L'Habitazone
|-damage|p1a: L'Habitazone|43/100 brn
|
|-heal|p2a: Necrozma|97/100|[from] item: Leftovers
|-damage|p1a: L'Habitazone|37/100 brn|[from] brn
|upkeep
|turn|53
|
|t:|1646002334
|switch|p1a: Sbire de l'UFG|Yveltal|100/100
|-damage|p1a: Sbire de l'UFG|76/100|[from] Stealth Rock
|-ability|p1a: Sbire de l'UFG|Dark Aura
|move|p2a: Necrozma|Earthquake|p1a: Sbire de l'UFG
|-immune|p1a: Sbire de l'UFG
|
|-heal|p2a: Necrozma|100/100|[from] item: Leftovers
|upkeep
|turn|54
|
|t:|1646002343
|move|p1a: Sbire de l'UFG|Knock Off|p2a: Necrozma
|-supereffective|p2a: Necrozma
|-damage|p2a: Necrozma|48/100
|-enditem|p2a: Necrozma|Leftovers|[from] move: Knock Off|[of] p1a: Sbire de l'UFG
|move|p2a: Necrozma|Morning Sun|p2a: Necrozma
|-heal|p2a: Necrozma|98/100
|
|upkeep
|turn|55
|
|t:|1646002347
|move|p1a: Sbire de l'UFG|Knock Off|p2a: Necrozma
|-supereffective|p2a: Necrozma
|-damage|p2a: Necrozma|62/100
|move|p2a: Necrozma|Sunsteel Strike|p1a: Sbire de l'UFG
|-damage|p1a: Sbire de l'UFG|35/100
|
|upkeep
|turn|56
|
|t:|1646002356
|move|p1a: Sbire de l'UFG|Roost|p1a: Sbire de l'UFG
|-heal|p1a: Sbire de l'UFG|85/100
|-singleturn|p1a: Sbire de l'UFG|move: Roost
|move|p2a: Necrozma|Sunsteel Strike|p1a: Sbire de l'UFG
|-damage|p1a: Sbire de l'UFG|45/100
|
|upkeep
|turn|57
|
|t:|1646002363
|switch|p2a: Ho-Oh|Ho-Oh|50/100
|-damage|p2a: Ho-Oh|0 fnt|[from] Stealth Rock
|faint|p2a: Ho-Oh
|move|p1a: Sbire de l'UFG|Roost|p1a: Sbire de l'UFG
|-heal|p1a: Sbire de l'UFG|95/100
|-singleturn|p1a: Sbire de l'UFG|move: Roost
|
|upkeep
|
|t:|1646002365
|switch|p2a: Xerneas|Xerneas|100/100
|-damage|p2a: Xerneas|88/100|[from] Stealth Rock
|-ability|p2a: Xerneas|Fairy Aura
|turn|58
|
|t:|1646002368
|switch|p1a: Simi Bellossom|Necrozma-Dusk-Mane|100/100
|-damage|p1a: Simi Bellossom|94/100|[from] Stealth Rock
|move|p2a: Xerneas|Geomancy||[still]
|-prepare|p2a: Xerneas|Geomancy
|-enditem|p2a: Xerneas|Power Herb
|-anim|p2a: Xerneas|Geomancy|p2a: Xerneas
|-boost|p2a: Xerneas|spa|2
|-boost|p2a: Xerneas|spd|2
|-boost|p2a: Xerneas|spe|2
|
|-heal|p1a: Simi Bellossom|100/100|[from] item: Leftovers
|upkeep
|turn|59
|
|t:|1646002371
|move|p2a: Xerneas|Moonblast|p1a: Simi Bellossom
|-resisted|p1a: Simi Bellossom
|-damage|p1a: Simi Bellossom|56/100
|move|p1a: Simi Bellossom|Sunsteel Strike|p2a: Xerneas
|-supereffective|p2a: Xerneas
|-crit|p2a: Xerneas
|-damage|p2a: Xerneas|0 fnt
|faint|p2a: Xerneas
|
|-heal|p1a: Simi Bellossom|62/100|[from] item: Leftovers
|upkeep
|c|+DNNP|so ez
|c|☆TrueNora|True
|c|☆TrueNora|gg
|c|☆Ballfire|trivial
|c|☆Ballfire|gg
|-message|TrueNora forfeited.
|
|win|Ballfire
