|inactive|Battle timer is ON: inactive players will automatically lose when time's up.
|t:|1668392685
|gametype|singles
|player|p1|Fc ❤|#lcplxiskittycommittee|
|player|p2|Aberforth|#aberforth|
|teamsize|p1|6
|teamsize|p2|6
|gen|8
|tier|[Gen 8] Ubers
|rule|Sleep Clause Mod: Limit one foe put to sleep
|rule|Species Clause: Limit one of each Pokémon
|rule|OHKO Clause: OHKO moves are banned
|rule|Evasion Items Clause: Evasion items are banned
|rule|Evasion Moves Clause: Evasion moves are banned
|rule|Endless Battle Clause: Forcing endless battles is banned
|rule|HP Percentage Mod: HP is shown in percentages
|rule|Dynamax Clause: You cannot dynamax
|clearpoke
|poke|p1|Calyrex-Shadow|
|poke|p1|Eternatus|
|poke|p1|Necrozma-Dusk-Mane|
|poke|p1|Yveltal|
|poke|p1|Zygarde|
|poke|p1|Ho-Oh|
|poke|p2|Zekrom|
|poke|p2|Kyogre|
|poke|p2|Eternatus|
|poke|p2|Yveltal|
|poke|p2|Necrozma-Dusk-Mane|
|poke|p2|Landorus-Therian, M|
|teampreview
|raw|<div class="broadcast-red"><strong>Moderated chat was set to ☆!</strong><br />Only users of rank ☆ and higher can talk.</div>
|c|☆Fc ❤|hf
|c|☆Aberforth|u2
|inactive|Fc ❤ has 270 seconds left.
|
|t:|1668392728
|start
|switch|p1a: Yveltal|Yveltal|100/100
|switch|p2a: Kyogre|Kyogre|100/100
|-ability|p1a: Yveltal|Dark Aura
|-weather|RainDance|[from] ability: Drizzle|[of] p2a: Kyogre
|turn|1
|
|t:|1668392732
|switch|p2a: Eternatus|Eternatus|100/100
|-ability|p2a: Eternatus|Pressure
|-item|p2a: Eternatus|Air Balloon
|move|p1a: Yveltal|Knock Off|p2a: Eternatus
|-damage|p2a: Eternatus|62/100
|-enditem|p2a: Eternatus|Air Balloon
|
|-weather|RainDance|[upkeep]
|upkeep
|turn|2
|
|t:|1668392734
|move|p2a: Eternatus|Recover|p2a: Eternatus
|-heal|p2a: Eternatus|100/100
|move|p1a: Yveltal|U-turn|p2a: Eternatus
|-resisted|p2a: Eternatus
|-damage|p2a: Eternatus|94/100
|
|t:|1668392740
|switch|p1a: Necrozma|Necrozma-Dusk-Mane|100/100|[from]move: U-turn
|
|-weather|RainDance|[upkeep]
|upkeep
|turn|3
|
|t:|1668392742
|switch|p2a: Kyogre|Kyogre|100/100
|move|p1a: Necrozma|Stealth Rock|p2a: Kyogre
|-sidestart|p2: Aberforth|move: Stealth Rock
|
|-weather|RainDance|[upkeep]
|upkeep
|turn|4
|
|t:|1668392744
|switch|p1a: Eternatus|Eternatus|100/100
|-ability|p1a: Eternatus|Pressure
|move|p2a: Kyogre|Water Spout|p1a: Eternatus
|-resisted|p1a: Eternatus
|-damage|p1a: Eternatus|33/100
|
|-weather|RainDance|[upkeep]
|upkeep
|turn|5
|
|t:|1668392747
|move|p1a: Eternatus|Recover|p1a: Eternatus
|-heal|p1a: Eternatus|83/100
|move|p2a: Kyogre|Water Spout|p1a: Eternatus
|-resisted|p1a: Eternatus
|-damage|p1a: Eternatus|9/100
|
|-weather|none
|upkeep
|turn|6
|
|t:|1668392772
|switch|p2a: Necrozma|Necrozma-Dusk-Mane|100/100
|-damage|p2a: Necrozma|94/100|[from] Stealth Rock
|move|p1a: Eternatus|Meteor Beam||[still]
|-prepare|p1a: Eternatus|Meteor Beam
|-boost|p1a: Eternatus|spa|1
|-enditem|p1a: Eternatus|Power Herb
|-anim|p1a: Eternatus|Meteor Beam|p2a: Necrozma
|-resisted|p2a: Necrozma
|-damage|p2a: Necrozma|78/100
|
|-heal|p2a: Necrozma|84/100|[from] item: Leftovers
|upkeep
|turn|7
|
|t:|1668392795
|move|p1a: Eternatus|Recover|p1a: Eternatus
|-heal|p1a: Eternatus|60/100
|move|p2a: Necrozma|Stealth Rock|p1a: Eternatus
|-sidestart|p1: Fc ❤|move: Stealth Rock
|
|-heal|p2a: Necrozma|90/100|[from] item: Leftovers
|upkeep
|turn|8
|
|t:|1668392800
|move|p1a: Eternatus|Recover|p1a: Eternatus
|-heal|p1a: Eternatus|100/100
|move|p2a: Necrozma|Thunder Wave|p1a: Eternatus
|-status|p1a: Eternatus|par
|
|-heal|p2a: Necrozma|96/100|[from] item: Leftovers
|upkeep
|turn|9
|
|t:|1668392819
|move|p2a: Necrozma|Iron Head|p1a: Eternatus
|-damage|p1a: Eternatus|68/100 par
|cant|p1a: Eternatus|flinch
|
|-heal|p2a: Necrozma|100/100|[from] item: Leftovers
|upkeep
|turn|10
|
|t:|1668392825
|switch|p2a: Kyogre|Kyogre|100/100
|-damage|p2a: Kyogre|88/100|[from] Stealth Rock
|-weather|RainDance|[from] ability: Drizzle|[of] p2a: Kyogre
|move|p1a: Eternatus|Dynamax Cannon|p2a: Kyogre
|-damage|p2a: Kyogre|31/100
|
|-weather|RainDance|[upkeep]
|upkeep
|turn|11
|
|t:|1668392843
|move|p2a: Kyogre|Origin Pulse|p1a: Eternatus|[miss]
|-miss|p2a: Kyogre|p1a: Eternatus
|move|p1a: Eternatus|Recover|p1a: Eternatus
|-heal|p1a: Eternatus|100/100 par
|
|-weather|RainDance|[upkeep]
|upkeep
|turn|12
|
|t:|1668392846
|move|p2a: Kyogre|Origin Pulse|p1a: Eternatus
|-resisted|p1a: Eternatus
|-damage|p1a: Eternatus|52/100 par
|move|p1a: Eternatus|Dynamax Cannon|p2a: Kyogre
|-damage|p2a: Kyogre|0 fnt
|faint|p2a: Kyogre
|
|-weather|RainDance|[upkeep]
|upkeep
|
|t:|1668392849
|switch|p2a: Zekrom|Zekrom|100/100
|-damage|p2a: Zekrom|88/100|[from] Stealth Rock
|-ability|p2a: Zekrom|Teravolt
|turn|13
|
|t:|1668392853
|switch|p1a: Necrozma|Necrozma-Dusk-Mane|100/100
|-damage|p1a: Necrozma|94/100|[from] Stealth Rock
|move|p2a: Zekrom|Scale Shot|p1a: Necrozma
|-resisted|p1a: Necrozma
|-damage|p1a: Necrozma|88/100
|-resisted|p1a: Necrozma
|-damage|p1a: Necrozma|81/100
|-resisted|p1a: Necrozma
|-damage|p1a: Necrozma|75/100
|-hitcount|p1a: Necrozma|3
|-unboost|p2a: Zekrom|def|1
|-boost|p2a: Zekrom|spe|1
|-damage|p2a: Zekrom|78/100|[from] item: Life Orb
|
|-weather|RainDance|[upkeep]
|-heal|p1a: Necrozma|81/100|[from] item: Leftovers
|upkeep
|turn|14
|
|t:|1668392855
|move|p2a: Zekrom|Bolt Strike|p1a: Necrozma
|-damage|p1a: Necrozma|8/100
|-damage|p2a: Zekrom|68/100|[from] item: Life Orb
|move|p1a: Necrozma|Earthquake|p2a: Zekrom
|-supereffective|p2a: Zekrom
|-damage|p2a: Zekrom|0 fnt
|faint|p2a: Zekrom
|
|-weather|none
|-heal|p1a: Necrozma|14/100|[from] item: Leftovers
|upkeep
|
|t:|1668392863
|switch|p2a: Yveltal|Yveltal|100/100
|-ability|p2a: Yveltal|Dark Aura
|turn|15
|
|t:|1668392875
|switch|p1a: Yveltal|Yveltal|100/100
|-ability|p1a: Yveltal|Dark Aura
|move|p2a: Yveltal|Knock Off|p1a: Yveltal
|-resisted|p1a: Yveltal
|-damage|p1a: Yveltal|76/100
|-enditem|p1a: Yveltal|Heavy-Duty Boots|[from] move: Knock Off|[of] p2a: Yveltal
|
|upkeep
|turn|16
|
|t:|1668392882
|switch|p2a: Eternatus|Eternatus|94/100
|-damage|p2a: Eternatus|81/100|[from] Stealth Rock
|-ability|p2a: Eternatus|Pressure
|move|p1a: Yveltal|Knock Off|p2a: Eternatus
|-damage|p2a: Eternatus|54/100
|
|upkeep
|turn|17
|
|t:|1668392886
|move|p2a: Eternatus|Recover|p2a: Eternatus
|-heal|p2a: Eternatus|100/100
|move|p1a: Yveltal|Defog|p2a: Eternatus
|-unboost|p2a: Eternatus|evasion|1
|-sideend|p2: Aberforth|Stealth Rock|[from] move: Defog|[of] p1a: Yveltal
|-sideend|p1: Fc ❤|Stealth Rock|[from] move: Defog|[of] p1a: Yveltal
|
|upkeep
|turn|18
|
|t:|1668392890
|move|p2a: Eternatus|Flamethrower|p1a: Yveltal
|-damage|p1a: Yveltal|57/100
|move|p1a: Yveltal|Roost|p1a: Yveltal
|-heal|p1a: Yveltal|100/100
|-singleturn|p1a: Yveltal|move: Roost
|
|upkeep
|turn|19
|
|t:|1668392892
|move|p2a: Eternatus|Flamethrower|p1a: Yveltal
|-damage|p1a: Yveltal|82/100
|move|p1a: Yveltal|U-turn|p2a: Eternatus
|-resisted|p2a: Eternatus
|-damage|p2a: Eternatus|93/100
|
|t:|1668392899
|switch|p1a: Necrozma|Necrozma-Dusk-Mane|14/100|[from]move: U-turn
|
|-heal|p1a: Necrozma|20/100|[from] item: Leftovers
|upkeep
|turn|20
|
|t:|1668392912
|switch|p1a: Ho-Oh|Ho-Oh, shiny|100/100
|move|p2a: Eternatus|Toxic|p1a: Ho-Oh
|-status|p1a: Ho-Oh|tox
|
|-damage|p1a: Ho-Oh|94/100 tox|[from] psn
|upkeep
|turn|21
|
|t:|1668392920
|switch|p2a: Landorus|Landorus-Therian, M|100/100
|-ability|p2a: Landorus|Intimidate|boost
|-unboost|p1a: Ho-Oh|atk|1
|move|p1a: Ho-Oh|Sacred Fire|p2a: Landorus
|-damage|p2a: Landorus|59/100
|-status|p2a: Landorus|brn
|
|-damage|p1a: Ho-Oh|82/100 tox|[from] psn
|-damage|p2a: Landorus|53/100 brn|[from] brn
|upkeep
|turn|22
|
|t:|1668392930
|switch|p1a: Yveltal|Yveltal|82/100
|-ability|p1a: Yveltal|Dark Aura
|move|p2a: Landorus|U-turn|p1a: Yveltal
|-damage|p1a: Yveltal|71/100
|
|t:|1668392933
|switch|p2a: Eternatus|Eternatus|93/100|[from]move: U-turn
|-ability|p2a: Eternatus|Pressure
|
|upkeep
|turn|23
|
|t:|1668392937
|move|p2a: Eternatus|Toxic|p1a: Yveltal
|-status|p1a: Yveltal|tox
|move|p1a: Yveltal|Roost|p1a: Yveltal
|-heal|p1a: Yveltal|100/100 tox
|-singleturn|p1a: Yveltal|move: Roost
|
|-damage|p1a: Yveltal|94/100 tox|[from] psn
|upkeep
|turn|24
|
|t:|1668392947
|switch|p2a: Yveltal|Yveltal|100/100
|-ability|p2a: Yveltal|Dark Aura
|move|p1a: Yveltal|U-turn|p2a: Yveltal
|-damage|p2a: Yveltal|84/100
|
|t:|1668392951
|switch|p1a: Ho-Oh|Ho-Oh, shiny|100/100 tox|[from]move: U-turn
|
|-damage|p1a: Ho-Oh|94/100 tox|[from] psn
|upkeep
|turn|25
|
|t:|1668392954
|switch|p2a: Landorus|Landorus-Therian, M|53/100 brn
|-ability|p2a: Landorus|Intimidate|boost
|-unboost|p1a: Ho-Oh|atk|1
|move|p1a: Ho-Oh|Sacred Fire|p2a: Landorus
|-damage|p2a: Landorus|8/100 brn
|
|-damage|p1a: Ho-Oh|82/100 tox|[from] psn
|-damage|p2a: Landorus|2/100 brn|[from] brn
|upkeep
|turn|26
|
|t:|1668392958
|switch|p1a: Yveltal|Yveltal|94/100 tox
|-ability|p1a: Yveltal|Dark Aura
|move|p2a: Landorus|U-turn|p1a: Yveltal
|-damage|p1a: Yveltal|83/100 tox
|
|t:|1668392961
|switch|p2a: Necrozma|Necrozma-Dusk-Mane|100/100|[from]move: U-turn
|
|-damage|p1a: Yveltal|77/100 tox|[from] psn
|upkeep
|turn|27
|
|t:|1668392964
|move|p1a: Yveltal|Knock Off|p2a: Necrozma
|-supereffective|p2a: Necrozma
|-damage|p2a: Necrozma|39/100
|-enditem|p2a: Necrozma|Leftovers|[from] move: Knock Off|[of] p1a: Yveltal
|move|p2a: Necrozma|Stealth Rock|p1a: Yveltal
|-sidestart|p1: Fc ❤|move: Stealth Rock
|
|-damage|p1a: Yveltal|65/100 tox|[from] psn
|upkeep
|turn|28
|
|t:|1668392970
|move|p1a: Yveltal|Knock Off|p2a: Necrozma
|-supereffective|p2a: Necrozma
|-damage|p2a: Necrozma|1/100
|move|p2a: Necrozma|Moonlight|p2a: Necrozma
|-heal|p2a: Necrozma|51/100
|
|-damage|p1a: Yveltal|46/100 tox|[from] psn
|upkeep
|turn|29
|
|t:|1668392973
|move|p1a: Yveltal|U-turn|p2a: Necrozma
|-damage|p2a: Necrozma|38/100
|
|t:|1668392974
|switch|p1a: Zygarde|Zygarde|100/100|[from]move: U-turn
|-damage|p1a: Zygarde|94/100|[from] Stealth Rock
|move|p2a: Necrozma|Moonlight|p2a: Necrozma
|-heal|p2a: Necrozma|88/100
|
|upkeep
|turn|30
|
|t:|1668392978
|switch|p2a: Landorus|Landorus-Therian, M|2/100 brn
|-ability|p2a: Landorus|Intimidate|boost
|-unboost|p1a: Zygarde|atk|1
|move|p1a: Zygarde|Dragon Dance|p1a: Zygarde
|-boost|p1a: Zygarde|atk|1
|-boost|p1a: Zygarde|spe|1
|
|-damage|p2a: Landorus|0 fnt|[from] brn
|faint|p2a: Landorus
|upkeep
|
|t:|1668392980
|switch|p2a: Eternatus|Eternatus|93/100
|-ability|p2a: Eternatus|Pressure
|turn|31
|
|t:|1668392986
|switch|p1a: Ho-Oh|Ho-Oh, shiny|100/100 tox
|move|p2a: Eternatus|Dynamax Cannon|p1a: Ho-Oh
|-damage|p1a: Ho-Oh|71/100 tox
|
|-damage|p1a: Ho-Oh|65/100 tox|[from] psn
|upkeep
|turn|32
|
|t:|1668392991
|move|p2a: Eternatus|Dynamax Cannon|p1a: Ho-Oh
|-damage|p1a: Ho-Oh|36/100 tox
|move|p1a: Ho-Oh|Thunder Wave|p2a: Eternatus
|-status|p2a: Eternatus|par
|
|-damage|p1a: Ho-Oh|23/100 tox|[from] psn
|upkeep
|turn|33
|
|t:|1668393007
|switch|p1a: Eternatus|Eternatus|52/100 par
|-damage|p1a: Eternatus|40/100 par|[from] Stealth Rock
|-ability|p1a: Eternatus|Pressure
|move|p2a: Eternatus|Flamethrower|p1a: Eternatus
|-resisted|p1a: Eternatus
|-damage|p1a: Eternatus|30/100 par
|
|upkeep
|turn|34
|
|t:|1668393013
|move|p1a: Eternatus|Dynamax Cannon|p2a: Eternatus
|-supereffective|p2a: Eternatus
|-damage|p2a: Eternatus|21/100 par
|move|p2a: Eternatus|Dynamax Cannon|p1a: Eternatus
|-supereffective|p1a: Eternatus
|-damage|p1a: Eternatus|0 fnt
|faint|p1a: Eternatus
|
|upkeep
|
|t:|1668393015
|switch|p1a: Calyrex|Calyrex-Shadow|100/100
|-ability|p1a: Calyrex|As One
|-ability|p1a: Calyrex|Unnerve
|-damage|p1a: Calyrex|88/100|[from] Stealth Rock
|turn|35
|
|t:|1668393020
|move|p1a: Calyrex|Astral Barrage|p2a: Eternatus
|-damage|p2a: Eternatus|0 fnt
|faint|p2a: Eternatus
|-ability|p1a: Calyrex|Grim Neigh|boost
|-boost|p1a: Calyrex|spa|1
|-damage|p1a: Calyrex|78/100|[from] item: Life Orb
|
|upkeep
|
|t:|1668393021
|switch|p2a: Yveltal|Yveltal|84/100
|-ability|p2a: Yveltal|Dark Aura
|turn|36
|
|t:|1668393026
|switch|p1a: Necrozma|Necrozma-Dusk-Mane|20/100
|-damage|p1a: Necrozma|14/100|[from] Stealth Rock
|move|p2a: Yveltal|Knock Off|p1a: Necrozma
|-supereffective|p1a: Necrozma
|-damage|p1a: Necrozma|0 fnt
|-enditem|p1a: Necrozma|Leftovers|[from] move: Knock Off|[of] p2a: Yveltal
|faint|p1a: Necrozma
|
|upkeep
|
|t:|1668393049
|switch|p1a: Ho-Oh|Ho-Oh, shiny|57/100 tox
|turn|37
|inactive|Aberforth has 270 seconds left.
|inactive|Aberforth has 240 seconds left.
|
|t:|1668393127
|switch|p2a: Necrozma|Necrozma-Dusk-Mane|88/100
|switch|p1a: Yveltal|Yveltal|46/100 tox
|-damage|p1a: Yveltal|22/100 tox|[from] Stealth Rock
|-ability|p1a: Yveltal|Dark Aura
|
|-damage|p1a: Yveltal|16/100 tox|[from] psn
|upkeep
|turn|38
|
|t:|1668393135
|switch|p2a: Yveltal|Yveltal|84/100
|-ability|p2a: Yveltal|Dark Aura
|move|p1a: Yveltal|U-turn|p2a: Yveltal
|-damage|p2a: Yveltal|66/100
|
|t:|1668393136
|switch|p1a: Ho-Oh|Ho-Oh, shiny|90/100 tox|[from]move: U-turn
|
|-damage|p1a: Ho-Oh|84/100 tox|[from] psn
|upkeep
|turn|39
|
|t:|1668393141
|move|p2a: Yveltal|Roost|p2a: Yveltal
|-heal|p2a: Yveltal|100/100
|-singleturn|p2a: Yveltal|move: Roost
|move|p1a: Ho-Oh|Sacred Fire|p2a: Yveltal
|-damage|p2a: Yveltal|53/100
|
|-damage|p1a: Ho-Oh|71/100 tox|[from] psn
|upkeep
|turn|40
|
|t:|1668393155
|move|p2a: Yveltal|Roost|p2a: Yveltal
|-heal|p2a: Yveltal|100/100
|-singleturn|p2a: Yveltal|move: Roost
|move|p1a: Ho-Oh|Sacred Fire|p2a: Yveltal
|-damage|p2a: Yveltal|52/100
|
|-damage|p1a: Ho-Oh|53/100 tox|[from] psn
|upkeep
|turn|41
|inactive|Aberforth has 240 seconds left.
|inactive|Fc ❤ has 270 seconds left.
|
|t:|1668393191
|switch|p1a: Yveltal|Yveltal|16/100 tox
|-damage|p1a: Yveltal|0 fnt|[from] Stealth Rock
|faint|p1a: Yveltal
|move|p2a: Yveltal|Foul Play|p1: Yveltal|[notarget]
|-fail|p2a: Yveltal
|
|upkeep
|
|t:|1668393194
|switch|p1a: Ho-Oh|Ho-Oh, shiny|86/100 tox
|turn|42
|
|t:|1668393198
|move|p2a: Yveltal|Roost|p2a: Yveltal
|-heal|p2a: Yveltal|100/100
|-singleturn|p2a: Yveltal|move: Roost
|move|p1a: Ho-Oh|Sacred Fire|p2a: Yveltal
|-damage|p2a: Yveltal|55/100
|-status|p2a: Yveltal|brn
|
|-damage|p1a: Ho-Oh|80/100 tox|[from] psn
|-damage|p2a: Yveltal|49/100 brn|[from] brn
|upkeep
|turn|43
|
|t:|1668393202
|move|p2a: Yveltal|Roost|p2a: Yveltal
|-heal|p2a: Yveltal|99/100 brn
|-singleturn|p2a: Yveltal|move: Roost
|move|p1a: Ho-Oh|Brave Bird|p2a: Yveltal
|-damage|p2a: Yveltal|47/100 brn
|-damage|p1a: Ho-Oh|61/100 tox|[from] Recoil
|
|-damage|p1a: Ho-Oh|48/100 tox|[from] psn
|-damage|p2a: Yveltal|41/100 brn|[from] brn
|upkeep
|turn|44
|
|t:|1668393210
|move|p2a: Yveltal|Roost|p2a: Yveltal
|-heal|p2a: Yveltal|91/100 brn
|-singleturn|p2a: Yveltal|move: Roost
|move|p1a: Ho-Oh|Brave Bird|p2a: Yveltal
|-damage|p2a: Yveltal|31/100 brn
|-damage|p1a: Ho-Oh|26/100 tox|[from] Recoil
|
|-damage|p1a: Ho-Oh|8/100 tox|[from] psn
|-damage|p2a: Yveltal|25/100 brn|[from] brn
|upkeep
|turn|45
|
|t:|1668393217
|move|p2a: Yveltal|Roost|p2a: Yveltal
|-heal|p2a: Yveltal|75/100 brn
|-singleturn|p2a: Yveltal|move: Roost
|move|p1a: Ho-Oh|Brave Bird|p2a: Yveltal
|-damage|p2a: Yveltal|16/100 brn
|-damage|p1a: Ho-Oh|0 fnt|[from] Recoil
|faint|p1a: Ho-Oh
|
|-damage|p2a: Yveltal|10/100 brn|[from] brn
|upkeep
|
|t:|1668393220
|switch|p1a: Zygarde|Zygarde|94/100
|-damage|p1a: Zygarde|88/100|[from] Stealth Rock
|turn|46
|
|t:|1668393224
|move|p2a: Yveltal|Roost|p2a: Yveltal
|-heal|p2a: Yveltal|60/100 brn
|-singleturn|p2a: Yveltal|move: Roost
|move|p1a: Zygarde|Dragon Dance|p1a: Zygarde
|-boost|p1a: Zygarde|atk|1
|-boost|p1a: Zygarde|spe|1
|
|-damage|p2a: Yveltal|54/100 brn|[from] brn
|upkeep
|turn|47
|
|t:|1668393227
|move|p1a: Zygarde|Thousand Arrows|p2a: Yveltal
|-damage|p2a: Yveltal|12/100 brn
|-start|p2a: Yveltal|Smack Down
|move|p2a: Yveltal|Roost|p2a: Yveltal
|-heal|p2a: Yveltal|62/100 brn
|-singleturn|p2a: Yveltal|move: Roost
|
|-damage|p2a: Yveltal|55/100 brn|[from] brn
|upkeep
|turn|48
|
|t:|1668393235
|move|p1a: Zygarde|Outrage|p2a: Yveltal
|-damage|p2a: Yveltal|0 fnt
|faint|p2a: Yveltal
|
|upkeep
|
|t:|1668393238
|switch|p2a: Necrozma|Necrozma-Dusk-Mane|88/100
|turn|49
|
|t:|1668393240
|move|p1a: Zygarde|Outrage|p2a: Necrozma|[from]lockedmove
|-resisted|p2a: Necrozma
|-damage|p2a: Necrozma|60/100
|-start|p1a: Zygarde|confusion|[fatigue]
|move|p2a: Necrozma|Iron Head|p1a: Zygarde
|-damage|p1a: Zygarde|61/100
|
|upkeep
|turn|50
|
|t:|1668393242
|-activate|p1a: Zygarde|confusion
|move|p1a: Zygarde|Thousand Arrows|p2a: Necrozma
|-supereffective|p2a: Necrozma
|-damage|p2a: Necrozma|0 fnt
|faint|p2a: Necrozma
|
|win|Fc ❤
|c|☆Fc ❤|gg
|c|☆Aberforth|gg
