|inactive|Battle timer is ON: inactive players will automatically lose when time's up.
|t:|1670123470
|gametype|singles
|player|p1|Skarph♫|lucas-gen4pt|
|player|p2|Kate|#kate|
|teamsize|p1|6
|teamsize|p2|6
|gen|8
|tier|[Gen 8] Ubers
|rule|Sleep Clause Mod: Limit one foe put to sleep
|rule|Species Clause: Limit one of each Pokémon
|rule|OHKO Clause: OHKO moves are banned
|rule|Evasion Items Clause: Evasion items are banned
|rule|Evasion Moves Clause: Evasion moves are banned
|rule|Endless Battle Clause: Forcing endless battles is banned
|rule|HP Percentage Mod: HP is shown in percentages
|rule|Dynamax Clause: You cannot dynamax
|clearpoke
|poke|p1|Necrozma-Dusk-Mane|
|poke|p1|Yveltal|
|poke|p1|Groudon|
|poke|p1|Ho-Oh|
|poke|p1|Eternatus|
|poke|p1|Calyrex-Shadow|
|poke|p2|Marshadow|
|poke|p2|Kyogre|
|poke|p2|Yveltal|
|poke|p2|Necrozma-Dusk-Mane|
|poke|p2|Eternatus|
|poke|p2|Mewtwo|
|teampreview
|c|☆Skarph♫|hf
|c|☆Kate|Hf
|inactive|Skarph♫ has 270 seconds left.
|inactive|Skarph♫ has 240 seconds left.
|
|t:|1670123546
|start
|switch|p1a: Necrozma|Necrozma-Dusk-Mane|100/100
|switch|p2a: Necrozma|Necrozma-Dusk-Mane|100/100
|turn|1
|inactive|Skarph♫ has 270 seconds left.
|
|t:|1670123571
|move|p2a: Necrozma|Knock Off|p1a: Necrozma
|-supereffective|p1a: Necrozma
|-enditem|p1a: Necrozma|Colbur Berry|[eat]
|-enditem|p1a: Necrozma|Colbur Berry|[weaken]
|-damage|p1a: Necrozma|82/100
|move|p1a: Necrozma|Stealth Rock|p2a: Necrozma
|-sidestart|p2: Kate|move: Stealth Rock
|
|upkeep
|turn|2
|inactive|Skarph♫ has 270 seconds left.
|
|t:|1670123597
|switch|p1a: Groudon|Groudon|100/100
|-weather|SunnyDay|[from] ability: Drought|[of] p1a: Groudon
|move|p2a: Necrozma|Stealth Rock|p1a: Groudon
|-sidestart|p1: Skarph♫|move: Stealth Rock
|
|-weather|SunnyDay|[upkeep]
|upkeep
|turn|3
|
|t:|1670123600
|move|p1a: Groudon|Precipice Blades|p2a: Necrozma
|-supereffective|p2a: Necrozma
|-enditem|p2a: Necrozma|Shuca Berry|[eat]
|-enditem|p2a: Necrozma|Shuca Berry|[weaken]
|-damage|p2a: Necrozma|59/100
|move|p2a: Necrozma|Knock Off|p1a: Groudon
|-damage|p1a: Groudon|77/100
|-enditem|p1a: Groudon|Leftovers|[from] move: Knock Off|[of] p2a: Necrozma
|
|-weather|SunnyDay|[upkeep]
|upkeep
|turn|4
|inactive|Skarph♫ has 270 seconds left.
|
|t:|1670123634
|switch|p2a: Mewtwo|Mewtwo|100/100
|-damage|p2a: Mewtwo|88/100|[from] Stealth Rock
|-ability|p2a: Mewtwo|Pressure
|move|p1a: Groudon|Precipice Blades|p2a: Mewtwo
|-damage|p2a: Mewtwo|23/100
|
|-weather|SunnyDay|[upkeep]
|-heal|p2a: Mewtwo|29/100|[from] item: Leftovers
|upkeep
|turn|5
|inactive|Skarph♫ has 240 seconds left.
|
|t:|1670123669
|switch|p1a: Ho-Oh|Ho-Oh|100/100
|move|p2a: Mewtwo|Recover|p2a: Mewtwo
|-heal|p2a: Mewtwo|79/100
|
|-weather|SunnyDay|[upkeep]
|-heal|p2a: Mewtwo|85/100|[from] item: Leftovers
|upkeep
|turn|6
|
|t:|1670123679
|switch|p2a: Kyogre|Kyogre|100/100
|-damage|p2a: Kyogre|88/100|[from] Stealth Rock
|-weather|RainDance|[from] ability: Drizzle|[of] p2a: Kyogre
|move|p1a: Ho-Oh|Brave Bird|p2a: Kyogre
|-damage|p2a: Kyogre|46/100
|-damage|p1a: Ho-Oh|87/100|[from] Recoil
|
|-weather|RainDance|[upkeep]
|-heal|p2a: Kyogre|52/100|[from] item: Leftovers
|upkeep
|turn|7
|
|t:|1670123697
|switch|p1a: Eternatus|Eternatus|100/100
|-damage|p1a: Eternatus|88/100|[from] Stealth Rock
|-ability|p1a: Eternatus|Pressure
|move|p2a: Kyogre|Scald|p1a: Eternatus
|-resisted|p1a: Eternatus
|-damage|p1a: Eternatus|72/100
|
|-weather|RainDance|[upkeep]
|-heal|p1a: Eternatus|78/100|[from] item: Black Sludge
|-heal|p2a: Kyogre|58/100|[from] item: Leftovers
|upkeep
|turn|8
|
|t:|1670123711
|move|p1a: Eternatus|Toxic|p2a: Kyogre
|-status|p2a: Kyogre|tox
|move|p2a: Kyogre|Scald|p1a: Eternatus
|-resisted|p1a: Eternatus
|-crit|p1a: Eternatus
|-damage|p1a: Eternatus|51/100
|
|-weather|RainDance|[upkeep]
|-heal|p1a: Eternatus|57/100|[from] item: Black Sludge
|-heal|p2a: Kyogre|64/100 tox|[from] item: Leftovers
|-damage|p2a: Kyogre|58/100 tox|[from] psn
|upkeep
|turn|9
|
|t:|1670123729
|move|p1a: Eternatus|Recover|p1a: Eternatus
|-heal|p1a: Eternatus|100/100
|move|p2a: Kyogre|Rest|p2a: Kyogre
|-status|p2a: Kyogre|slp|[from] move: Rest
|-heal|p2a: Kyogre|100/100 slp|[silent]
|
|-weather|RainDance|[upkeep]
|upkeep
|turn|10
|
|t:|1670123740
|switch|p1a: Yveltal|Yveltal|100/100
|-ability|p1a: Yveltal|Dark Aura
|cant|p2a: Kyogre|slp
|
|-weather|none
|upkeep
|turn|11
|
|t:|1670123745
|switch|p2a: Eternatus|Eternatus|100/100
|-damage|p2a: Eternatus|88/100|[from] Stealth Rock
|-ability|p2a: Eternatus|Pressure
|move|p1a: Yveltal|Knock Off|p2a: Eternatus
|-damage|p2a: Eternatus|48/100
|-enditem|p2a: Eternatus|Black Sludge|[from] move: Knock Off|[of] p1a: Yveltal
|
|upkeep
|turn|12
|inactive|Skarph♫ has 240 seconds left.
|
|t:|1670123770
|switch|p1a: Calyrex|Calyrex-Shadow|100/100
|-ability|p1a: Calyrex|As One
|-ability|p1a: Calyrex|Unnerve
|-damage|p1a: Calyrex|88/100|[from] Stealth Rock
|move|p2a: Eternatus|Recover|p2a: Eternatus
|-heal|p2a: Eternatus|98/100
|
|upkeep
|turn|13
|
|t:|1670123790
|move|p1a: Calyrex|Astral Barrage|p2a: Eternatus
|-damage|p2a: Eternatus|14/100
|move|p2a: Eternatus|Recover|p2a: Eternatus
|-heal|p2a: Eternatus|64/100
|
|upkeep
|turn|14
|
|t:|1670123797
|switch|p1a: Yveltal|Yveltal|100/100
|-ability|p1a: Yveltal|Dark Aura
|switch|p2a: Yveltal|Yveltal|100/100
|-ability|p2a: Yveltal|Dark Aura
|
|upkeep
|turn|15
|
|t:|1670123804
|switch|p2a: Eternatus|Eternatus|64/100
|-damage|p2a: Eternatus|51/100|[from] Stealth Rock
|-ability|p2a: Eternatus|Pressure
|move|p1a: Yveltal|Knock Off|p2a: Eternatus
|-damage|p2a: Eternatus|22/100
|
|upkeep
|turn|16
|
|t:|1670123807
|switch|p1a: Calyrex|Calyrex-Shadow|88/100
|-ability|p1a: Calyrex|As One
|-ability|p1a: Calyrex|Unnerve
|-damage|p1a: Calyrex|76/100|[from] Stealth Rock
|move|p2a: Eternatus|Recover|p2a: Eternatus
|-heal|p2a: Eternatus|72/100
|
|upkeep
|turn|17
|
|t:|1670123816
|switch|p2a: Yveltal|Yveltal|100/100
|-ability|p2a: Yveltal|Dark Aura
|move|p1a: Calyrex|Trick|p2a: Yveltal
|-activate|p1a: Calyrex|move: Trick|[of] p2a: Yveltal
|-item|p2a: Yveltal|Choice Specs|[from] move: Trick
|-item|p1a: Calyrex|Heavy-Duty Boots|[from] move: Trick
|
|upkeep
|turn|18
|
|t:|1670123823
|move|p1a: Calyrex|Protect|p1a: Calyrex
|-singleturn|p1a: Calyrex|Protect
|move|p2a: Yveltal|Knock Off|p1a: Calyrex
|-activate|p1a: Calyrex|move: Protect
|
|upkeep
|turn|19
|inactive|Skarph♫ has 240 seconds left.
|inactive|Kate has 270 seconds left.
|
|t:|1670123865
|switch|p1a: Eternatus|Eternatus|100/100
|-damage|p1a: Eternatus|88/100|[from] Stealth Rock
|-ability|p1a: Eternatus|Pressure
|switch|p2a: Eternatus|Eternatus|72/100
|-damage|p2a: Eternatus|60/100|[from] Stealth Rock
|-ability|p2a: Eternatus|Pressure
|
|-heal|p1a: Eternatus|94/100|[from] item: Black Sludge
|upkeep
|turn|20
|inactive|Skarph♫ has 240 seconds left.
|
|t:|1670123885
|move|p2a: Eternatus|Mystical Fire|p1a: Eternatus
|-resisted|p1a: Eternatus
|-damage|p1a: Eternatus|87/100
|-unboost|p1a: Eternatus|spa|1
|move|p1a: Eternatus|Dynamax Cannon|p2a: Eternatus
|-supereffective|p2a: Eternatus
|-damage|p2a: Eternatus|13/100
|
|-heal|p1a: Eternatus|93/100|[from] item: Black Sludge
|upkeep
|turn|21
|
|t:|1670123901
|switch|p1a: Ho-Oh|Ho-Oh|100/100
|move|p2a: Eternatus|Recover|p2a: Eternatus
|-heal|p2a: Eternatus|63/100
|
|upkeep
|turn|22
|
|t:|1670123905
|move|p2a: Eternatus|Sludge Bomb|p1a: Ho-Oh
|-damage|p1a: Ho-Oh|79/100
|move|p1a: Ho-Oh|Brave Bird|p2a: Eternatus
|-damage|p2a: Eternatus|16/100
|-damage|p1a: Ho-Oh|61/100|[from] Recoil
|
|upkeep
|turn|23
|
|t:|1670123909
|move|p2a: Eternatus|Recover|p2a: Eternatus
|-heal|p2a: Eternatus|67/100
|move|p1a: Ho-Oh|Thunder Wave|p2a: Eternatus
|-status|p2a: Eternatus|par
|
|upkeep
|turn|24
|inactive|Skarph♫ has 240 seconds left.
|
|t:|1670123947
|switch|p1a: Eternatus|Eternatus|93/100
|-damage|p1a: Eternatus|80/100|[from] Stealth Rock
|-ability|p1a: Eternatus|Pressure
|move|p2a: Eternatus|Recover|p2a: Eternatus
|-heal|p2a: Eternatus|100/100 par
|
|-heal|p1a: Eternatus|87/100|[from] item: Black Sludge
|upkeep
|turn|25
|
|t:|1670123964
|switch|p1a: Groudon|Groudon|77/100
|-damage|p1a: Groudon|70/100|[from] Stealth Rock
|-weather|SunnyDay|[from] ability: Drought|[of] p1a: Groudon
|cant|p2a: Eternatus|par
|
|-weather|SunnyDay|[upkeep]
|upkeep
|turn|26
|
|t:|1670123976
|switch|p2a: Mewtwo|Mewtwo|85/100
|-damage|p2a: Mewtwo|73/100|[from] Stealth Rock
|-ability|p2a: Mewtwo|Pressure
|move|p1a: Groudon|Precipice Blades|p2a: Mewtwo
|-damage|p2a: Mewtwo|0 fnt
|faint|p2a: Mewtwo
|
|-weather|SunnyDay|[upkeep]
|upkeep
|
|t:|1670123982
|switch|p2a: Kyogre|Kyogre|100/100 slp
|-damage|p2a: Kyogre|88/100 slp|[from] Stealth Rock
|-weather|RainDance|[from] ability: Drizzle|[of] p2a: Kyogre
|turn|27
|
|t:|1670124000
|move|p1a: Groudon|Precipice Blades|p2a: Kyogre
|-damage|p2a: Kyogre|38/100 slp
|cant|p2a: Kyogre|slp
|
|-weather|RainDance|[upkeep]
|-heal|p2a: Kyogre|44/100 slp|[from] item: Leftovers
|upkeep
|turn|28
|
|t:|1670124019
|move|p1a: Groudon|Precipice Blades|p2a: Kyogre
|-damage|p2a: Kyogre|0 fnt
|faint|p2a: Kyogre
|
|-weather|RainDance|[upkeep]
|upkeep
|c|☆Kate|Gg
|c|☆Skarph♫|gg
|-message|Kate forfeited.
|
|win|Skarph♫
