|inactive|Battle timer is ON: inactive players will automatically lose when time's up.
|t:|1625424017
|gametype|singles
|player|p1|King Billu|rood|
|player|p2|Lacus Clyne|candice|
|teamsize|p1|6
|teamsize|p2|6
|gen|8
|tier|[Gen 8] Ubers
|rule|Sleep Clause Mod: Limit one foe put to sleep
|rule|Species Clause: Limit one of each Pokémon
|rule|OHKO Clause: OHKO moves are banned
|rule|Evasion Moves Clause: Evasion moves are banned
|rule|Endless Battle Clause: Forcing endless battles is banned
|rule|HP Percentage Mod: HP is shown in percentages
|rule|Dynamax Clause: You cannot dynamax
|clearpoke
|poke|p1|Pheromosa|
|poke|p1|Zekrom|
|poke|p1|Necrozma-Dusk-Mane|
|poke|p1|Eternatus|
|poke|p1|Yveltal|
|poke|p1|Calyrex-Shadow|
|poke|p2|Necrozma-Dusk-Mane|
|poke|p2|Eternatus|
|poke|p2|Zygarde|
|poke|p2|Zekrom|
|poke|p2|Marshadow|
|poke|p2|Yveltal|
|teampreview
|c|+Aishia|LACUS
|c|☆Lacus Clyne|hf
|c|+Aishia|LET'S GO
|c|☆King Billu|u2
|c|+Staxi|go lacus
|inactive|King Billu has 270 seconds left.
|inactive|Lacus Clyne has 270 seconds left.
|c|+Holy Ghost|Queen Billu here 
|c|+steelskitty|LASCHIOUS SCHLINE
|c|+BasedWhat?|go crackhead zekrom user
|inactive|King Billu has 240 seconds left.
|inactive|Lacus Clyne has 240 seconds left.
|c|+Aishia|:flushed:
|
|t:|1625424087
|start
|switch|p1a: Eternatus|Eternatus|100/100
|switch|p2a: Necrozma|Necrozma-Dusk-Mane|100/100
|-ability|p1a: Eternatus|Pressure
|turn|1
|
|t:|1625424100
|switch|p1a: Necrozma|Necrozma-Dusk-Mane|100/100
|move|p2a: Necrozma|Stealth Rock|p1a: Necrozma
|-sidestart|p1: King Billu|move: Stealth Rock
|
|upkeep
|turn|2
|
|t:|1625424111
|move|p1a: Necrozma|Stealth Rock|p2a: Necrozma
|-sidestart|p2: Lacus Clyne|move: Stealth Rock
|move|p2a: Necrozma|Thunder Wave|p1a: Necrozma
|-status|p1a: Necrozma|par
|
|upkeep
|turn|3
|
|t:|1625424136
|switch|p2a: Zygarde|Zygarde|100/100
|-damage|p2a: Zygarde|94/100|[from] Stealth Rock
|switch|p1a: Eternatus|Eternatus|100/100
|-ability|p1a: Eternatus|Pressure
|
|-heal|p2a: Zygarde|100/100|[from] item: Leftovers
|upkeep
|turn|4
|
|t:|1625424155
|switch|p2a: Necrozma|Necrozma-Dusk-Mane|100/100
|-damage|p2a: Necrozma|94/100|[from] Stealth Rock
|move|p1a: Eternatus|Dragon Tail|p2a: Necrozma
|-resisted|p2a: Necrozma
|-damage|p2a: Necrozma|89/100
|drag|p2a: Zekrom|Zekrom|100/100
|-damage|p2a: Zekrom|88/100|[from] Stealth Rock
|-ability|p2a: Zekrom|Teravolt
|
|upkeep
|turn|5
|inactive|King Billu has 270 seconds left.
|inactive|King Billu has 240 seconds left.
|inactive|Lacus Clyne has 270 seconds left.
|c|+squinn|los mutter
|
|t:|1625424237
|switch|p2a: Zygarde|Zygarde|100/100
|-damage|p2a: Zygarde|94/100|[from] Stealth Rock
|move|p1a: Eternatus|Dynamax Cannon|p2a: Zygarde
|-supereffective|p2a: Zygarde
|-damage|p2a: Zygarde|13/100
|
|-heal|p2a: Zygarde|19/100|[from] item: Leftovers
|-activate|p2a: Zygarde|ability: Power Construct
|detailschange|p2a: Zygarde|Zygarde-Complete
|-heal|p2a: Zygarde|47/100|[silent]
|upkeep
|turn|6
|inactive|King Billu has 210 seconds left.
|
|t:|1625424266
|switch|p2a: Necrozma|Necrozma-Dusk-Mane|89/100
|-damage|p2a: Necrozma|83/100|[from] Stealth Rock
|move|p1a: Eternatus|Dynamax Cannon|p2a: Necrozma
|-resisted|p2a: Necrozma
|-damage|p2a: Necrozma|70/100
|
|-heal|p2a: Necrozma|76/100|[from] item: Leftovers
|upkeep
|turn|7
|inactive|King Billu has 210 seconds left.
|
|t:|1625424288
|switch|p1a: Zekrom|Zekrom|100/100
|-damage|p1a: Zekrom|88/100|[from] Stealth Rock
|-ability|p1a: Zekrom|Teravolt
|-item|p1a: Zekrom|Air Balloon
|move|p2a: Necrozma|Thunder Wave|p1a: Zekrom|[miss]
|-miss|p2a: Necrozma|p1a: Zekrom
|
|-heal|p2a: Necrozma|82/100|[from] item: Leftovers
|upkeep
|turn|8
|
|t:|1625424307
|switch|p2a: Eternatus|Eternatus|100/100
|-damage|p2a: Eternatus|88/100|[from] Stealth Rock
|-ability|p2a: Eternatus|Pressure
|move|p1a: Zekrom|Substitute|p1a: Zekrom
|-start|p1a: Zekrom|Substitute
|-damage|p1a: Zekrom|63/100
|
|upkeep
|turn|9
|
|t:|1625424327
|move|p2a: Eternatus|Dynamax Cannon|p1a: Zekrom
|-supereffective|p1a: Zekrom
|-end|p1a: Zekrom|Substitute
|-enditem|p1a: Zekrom|Air Balloon
|move|p1a: Zekrom|Dragon Dance|p1a: Zekrom
|-boost|p1a: Zekrom|atk|1
|-boost|p1a: Zekrom|spe|1
|
|upkeep
|turn|10
|
|t:|1625424335
|move|p1a: Zekrom|Dragon Claw|p2a: Eternatus
|-supereffective|p2a: Eternatus
|-enditem|p2a: Eternatus|Haban Berry|[eat]
|-enditem|p2a: Eternatus|Haban Berry|[weaken]
|-damage|p2a: Eternatus|39/100
|move|p2a: Eternatus|Dynamax Cannon|p1a: Zekrom
|-supereffective|p1a: Zekrom
|-damage|p1a: Zekrom|0 fnt
|faint|p1a: Zekrom
|
|upkeep
|inactive|King Billu has 180 seconds left.
|inactive|King Billu has 150 seconds left.
|
|t:|1625424401
|switch|p1a: Calyrex|Calyrex-Shadow|100/100
|-ability|p1a: Calyrex|As One
|-ability|p1a: Calyrex|Unnerve
|-damage|p1a: Calyrex|88/100|[from] Stealth Rock
|turn|11
|inactive|King Billu has 120 seconds left.
|
|t:|1625424422
|switch|p2a: Yveltal|Yveltal|100/100
|-ability|p2a: Yveltal|Dark Aura
|move|p1a: Calyrex|Astral Barrage|p2a: Yveltal
|-resisted|p2a: Yveltal
|-damage|p2a: Yveltal|77/100
|
|upkeep
|turn|12
|
|t:|1625424433
|switch|p1a: Eternatus|Eternatus|100/100
|-ability|p1a: Eternatus|Pressure
|move|p2a: Yveltal|Defog|p1a: Eternatus
|-unboost|p1a: Eternatus|evasion|1
|-sideend|p1: King Billu|Stealth Rock|[from] move: Defog|[of] p2a: Yveltal
|-sideend|p2: Lacus Clyne|Stealth Rock|[from] move: Defog|[of] p2a: Yveltal
|
|upkeep
|turn|13
|inactive|King Billu has 120 seconds left.
|
|t:|1625424451
|move|p2a: Yveltal|Roost|p2a: Yveltal
|-heal|p2a: Yveltal|100/100
|-singleturn|p2a: Yveltal|move: Roost
|move|p1a: Eternatus|Dragon Tail|p2a: Yveltal|[miss]
|-miss|p1a: Eternatus|p2a: Yveltal
|
|upkeep
|turn|14
|
|t:|1625424458
|move|p1a: Eternatus|Toxic|p2a: Yveltal
|-status|p2a: Yveltal|tox
|move|p2a: Yveltal|Foul Play|p1a: Eternatus
|-damage|p1a: Eternatus|75/100
|
|-damage|p2a: Yveltal|94/100 tox|[from] psn
|upkeep
|turn|15
|inactive|King Billu has 120 seconds left.
|
|t:|1625424474
|switch|p1a: Yveltal|Yveltal|100/100
|-ability|p1a: Yveltal|Dark Aura
|move|p2a: Yveltal|U-turn|p1a: Yveltal
|-damage|p1a: Yveltal|79/100
|
|t:|1625424503
|switch|p2a: Zekrom|Zekrom|88/100|[from]move: U-turn
|-ability|p2a: Zekrom|Teravolt
|
|upkeep
|turn|16
|inactive|King Billu has 120 seconds left.
|inactive|King Billu has 90 seconds left.
|
|t:|1625424559
|move|p1a: Yveltal|Knock Off|p2a: Zekrom
|-damage|p2a: Zekrom|37/100
|-enditem|p2a: Zekrom|Life Orb|[from] move: Knock Off|[of] p1a: Yveltal
|move|p2a: Zekrom|Bolt Strike|p1a: Yveltal
|-supereffective|p1a: Yveltal
|-damage|p1a: Yveltal|0 fnt
|faint|p1a: Yveltal
|
|upkeep
|
|t:|1625424573
|switch|p1a: Pheromosa|Pheromosa|100/100
|turn|17
|inactive|Lacus Clyne has 270 seconds left.
|
|t:|1625424606
|switch|p2a: Zygarde|Zygarde-Complete|47/100
|move|p1a: Pheromosa|U-turn|p2a: Zygarde
|-damage|p2a: Zygarde|26/100
|inactive|King Billu has 60 seconds left.
|
|t:|1625424640
|switch|p1a: Calyrex|Calyrex-Shadow|88/100|[from]move: U-turn
|-ability|p1a: Calyrex|As One
|-ability|p1a: Calyrex|Unnerve
|
|-heal|p2a: Zygarde|32/100|[from] item: Leftovers
|upkeep
|turn|18
|inactive|Lacus Clyne has 270 seconds left.
|
|t:|1625424661
|switch|p2a: Yveltal|Yveltal|94/100 tox
|-ability|p2a: Yveltal|Dark Aura
|move|p1a: Calyrex|Trick|p2a: Yveltal
|-activate|p1a: Calyrex|move: Trick|[of] p2a: Yveltal
|-item|p2a: Yveltal|Choice Scarf|[from] move: Trick
|-item|p1a: Calyrex|Heavy-Duty Boots|[from] move: Trick
|
|-damage|p2a: Yveltal|88/100 tox|[from] psn
|upkeep
|turn|19
|
|t:|1625424666
|switch|p1a: Eternatus|Eternatus|75/100
|-ability|p1a: Eternatus|Pressure
|move|p2a: Yveltal|U-turn|p1a: Eternatus
|-resisted|p1a: Eternatus
|-damage|p1a: Eternatus|66/100
|
|t:|1625424671
|switch|p2a: Marshadow|Marshadow|100/100|[from]move: U-turn
|
|upkeep
|turn|20
|inactive|King Billu has 60 seconds left.
|c|+steelskitty|the bandit is in.
|c|☆Lacus Clyne|I just want to sleep...
|inactive|King Billu has 30 seconds left.
|
|t:|1625424708
|move|p1a: Eternatus|Dynamax Cannon|p2a: Marshadow
|-damage|p2a: Marshadow|46/100
|move|p2a: Marshadow|Poltergeist|p1a: Eternatus
|-activate|p1a: Eternatus|move: Poltergeist|Heavy-Duty Boots
|-damage|p1a: Eternatus|0 fnt
|faint|p1a: Eternatus
|
|upkeep
|inactive|King Billu has 30 seconds left.
|
|t:|1625424721
|switch|p1a: Pheromosa|Pheromosa|100/100
|turn|21
|inactive|King Billu has 30 seconds left.
|inactive|King Billu has 20 seconds left.
|
|t:|1625424740
|switch|p2a: Zygarde|Zygarde-Complete|32/100
|move|p1a: Pheromosa|U-turn|p2a: Zygarde
|-damage|p2a: Zygarde|13/100
|inactive|King Billu has 25 seconds left this turn.
|
|t:|1625424745
|switch|p1a: Calyrex|Calyrex-Shadow|88/100|[from]move: U-turn
|-ability|p1a: Calyrex|As One
|-ability|p1a: Calyrex|Unnerve
|
|-heal|p2a: Zygarde|19/100|[from] item: Leftovers
|upkeep
|turn|22
|inactive|King Billu has 30 seconds left.
|
|t:|1625424759
|move|p1a: Calyrex|Astral Barrage|p2a: Zygarde
|-damage|p2a: Zygarde|0 fnt
|faint|p2a: Zygarde
|-ability|p1a: Calyrex|Grim Neigh|boost
|-boost|p1a: Calyrex|spa|1
|
|upkeep
|inactive|King Billu has 30 seconds left this turn.
|
|t:|1625424762
|switch|p2a: Marshadow|Marshadow|46/100
|turn|23
|
|t:|1625424767
|switch|p1a: Necrozma|Necrozma-Dusk-Mane|100/100 par
|move|p2a: Marshadow|Shadow Sneak|p1a: Necrozma
|-supereffective|p1a: Necrozma
|-damage|p1a: Necrozma|49/100 par
|
|-heal|p1a: Necrozma|55/100 par|[from] item: Leftovers
|upkeep
|turn|24
|inactive|King Billu has 30 seconds left.
|inactive|King Billu has 20 seconds left.
|
|t:|1625424795
|switch|p2a: Necrozma|Necrozma-Dusk-Mane|82/100
|cant|p1a: Necrozma|par
|
|-heal|p2a: Necrozma|88/100|[from] item: Leftovers
|-heal|p1a: Necrozma|61/100 par|[from] item: Leftovers
|upkeep
|turn|25
|inactive|King Billu has 30 seconds left this turn.
|
|t:|1625424805
|move|p2a: Necrozma|Stealth Rock|p1a: Necrozma
|-sidestart|p1: King Billu|move: Stealth Rock
|move|p1a: Necrozma|Morning Sun|p1a: Necrozma
|-heal|p1a: Necrozma|100/100 par
|
|-heal|p2a: Necrozma|94/100|[from] item: Leftovers
|upkeep
|turn|26
|
|t:|1625424809
|move|p2a: Necrozma|Iron Head|p1a: Necrozma
|-resisted|p1a: Necrozma
|-damage|p1a: Necrozma|86/100 par
|cant|p1a: Necrozma|flinch
|
|-heal|p2a: Necrozma|99/100|[from] item: Leftovers
|-heal|p1a: Necrozma|92/100 par|[from] item: Leftovers
|upkeep
|turn|27
|
|t:|1625424821
|move|p2a: Necrozma|Iron Head|p1a: Necrozma
|-resisted|p1a: Necrozma
|-damage|p1a: Necrozma|79/100 par
|cant|p1a: Necrozma|par
|
|-heal|p2a: Necrozma|100/100|[from] item: Leftovers
|-heal|p1a: Necrozma|85/100 par|[from] item: Leftovers
|upkeep
|turn|28
|
|t:|1625424825
|move|p2a: Necrozma|Iron Head|p1a: Necrozma
|-resisted|p1a: Necrozma
|-damage|p1a: Necrozma|70/100 par
|cant|p1a: Necrozma|par
|
|-heal|p1a: Necrozma|76/100 par|[from] item: Leftovers
|upkeep
|turn|29
|
|t:|1625424827
|move|p2a: Necrozma|Iron Head|p1a: Necrozma
|-resisted|p1a: Necrozma
|-damage|p1a: Necrozma|62/100 par
|cant|p1a: Necrozma|flinch
|
|-heal|p1a: Necrozma|68/100 par|[from] item: Leftovers
|upkeep
|turn|30
|c|☆Lacus Clyne|This is how it feels dude
|
|t:|1625424839
|move|p2a: Necrozma|Iron Head|p1a: Necrozma
|-resisted|p1a: Necrozma
|-crit|p1a: Necrozma
|-damage|p1a: Necrozma|47/100 par
|move|p1a: Necrozma|Morning Sun|p1a: Necrozma
|-heal|p1a: Necrozma|97/100 par
|
|-heal|p1a: Necrozma|100/100 par|[from] item: Leftovers
|upkeep
|turn|31
|
|t:|1625424843
|move|p2a: Necrozma|Iron Head|p1a: Necrozma
|-resisted|p1a: Necrozma
|-damage|p1a: Necrozma|86/100 par
|move|p1a: Necrozma|Stealth Rock|p2a: Necrozma
|-sidestart|p2: Lacus Clyne|move: Stealth Rock
|
|-heal|p1a: Necrozma|92/100 par|[from] item: Leftovers
|upkeep
|turn|32
|inactive|King Billu has 90 seconds left.
|
|t:|1625424852
|move|p2a: Necrozma|Iron Head|p1a: Necrozma
|-resisted|p1a: Necrozma
|-damage|p1a: Necrozma|78/100 par
|cant|p1a: Necrozma|par
|
|-heal|p1a: Necrozma|84/100 par|[from] item: Leftovers
|upkeep
|turn|33
|
|t:|1625424858
|move|p2a: Necrozma|Iron Head|p1a: Necrozma
|-resisted|p1a: Necrozma
|-damage|p1a: Necrozma|69/100 par
|cant|p1a: Necrozma|flinch
|
|-heal|p1a: Necrozma|75/100 par|[from] item: Leftovers
|upkeep
|turn|34
|
|t:|1625424871
|switch|p2a: Eternatus|Eternatus|39/100
|-damage|p2a: Eternatus|26/100|[from] Stealth Rock
|-ability|p2a: Eternatus|Pressure
|move|p1a: Necrozma|Morning Sun|p1a: Necrozma
|-heal|p1a: Necrozma|100/100 par
|
|upkeep
|turn|35
|
|t:|1625424878
|move|p2a: Eternatus|Recover|p2a: Eternatus
|-heal|p2a: Eternatus|76/100
|move|p1a: Necrozma|Thunder Wave|p2a: Eternatus
|-status|p2a: Eternatus|par
|
|upkeep
|turn|36
|
|t:|1625424885
|move|p2a: Eternatus|Recover|p2a: Eternatus
|-heal|p2a: Eternatus|100/100 par
|move|p1a: Necrozma|Sunsteel Strike|p2a: Eternatus
|-damage|p2a: Eternatus|63/100 par
|
|upkeep
|turn|37
|inactive|King Billu has 120 seconds left.
|
|t:|1625424903
|move|p2a: Eternatus|Recover|p2a: Eternatus
|-heal|p2a: Eternatus|100/100 par
|move|p1a: Necrozma|Sunsteel Strike|p2a: Eternatus
|-damage|p2a: Eternatus|60/100 par
|
|upkeep
|turn|38
|
|t:|1625424907
|switch|p1a: Pheromosa|Pheromosa|100/100
|-damage|p1a: Pheromosa|88/100|[from] Stealth Rock
|move|p2a: Eternatus|Recover|p2a: Eternatus
|-heal|p2a: Eternatus|100/100 par
|
|upkeep
|turn|39
|inactive|King Billu has 120 seconds left.
|
|t:|1625424941
|move|p1a: Pheromosa|U-turn|p2a: Eternatus
|-resisted|p2a: Eternatus
|-damage|p2a: Eternatus|77/100 par
|
|t:|1625424944
|switch|p1a: Necrozma|Necrozma-Dusk-Mane|100/100 par|[from]move: U-turn
|-damage|p1a: Necrozma|94/100 par|[from] Stealth Rock
|cant|p2a: Eternatus|par
|
|-heal|p1a: Necrozma|100/100 par|[from] item: Leftovers
|upkeep
|turn|40
|
|t:|1625424962
|switch|p1a: Pheromosa|Pheromosa|88/100
|-damage|p1a: Pheromosa|76/100|[from] Stealth Rock
|move|p2a: Eternatus|Recover|p2a: Eternatus
|-heal|p2a: Eternatus|100/100 par
|
|upkeep
|turn|41
|
|t:|1625424969
|move|p1a: Pheromosa|Triple Axel|p2a: Eternatus
|-supereffective|p2a: Eternatus
|-damage|p2a: Eternatus|84/100 par
|-supereffective|p2a: Eternatus
|-damage|p2a: Eternatus|52/100 par
|-supereffective|p2a: Eternatus
|-damage|p2a: Eternatus|3/100 par
|-hitcount|p2a: Eternatus|3
|move|p2a: Eternatus|Mystical Fire|p1a: Pheromosa
|-supereffective|p1a: Pheromosa
|-damage|p1a: Pheromosa|0 fnt
|faint|p1a: Pheromosa
|
|upkeep
|
|t:|1625424979
|switch|p1a: Calyrex|Calyrex-Shadow|88/100
|-ability|p1a: Calyrex|As One
|-ability|p1a: Calyrex|Unnerve
|turn|42
|
|t:|1625424984
|move|p1a: Calyrex|Aromatherapy|p1a: Calyrex
|-activate|p1a: Calyrex|move: Aromatherapy
|-curestatus|p1: Necrozma|par|[msg]
|move|p2a: Eternatus|Mystical Fire|p1a: Calyrex
|-damage|p1a: Calyrex|63/100
|-unboost|p1a: Calyrex|spa|1
|
|upkeep
|turn|43
|inactive|King Billu has 120 seconds left.
|
|t:|1625424996
|move|p1a: Calyrex|Psyshock|p2a: Eternatus
|-supereffective|p2a: Eternatus
|-damage|p2a: Eternatus|0 fnt
|faint|p2a: Eternatus
|-ability|p1a: Calyrex|Grim Neigh|boost
|-boost|p1a: Calyrex|spa|1
|
|upkeep
|
|t:|1625424998
|switch|p2a: Yveltal|Yveltal|88/100 tox
|-damage|p2a: Yveltal|63/100 tox|[from] Stealth Rock
|-ability|p2a: Yveltal|Dark Aura
|turn|44
|inactive|King Billu has 120 seconds left.
|
|t:|1625425020
|switch|p1a: Necrozma|Necrozma-Dusk-Mane|100/100
|-damage|p1a: Necrozma|94/100|[from] Stealth Rock
|move|p2a: Yveltal|Foul Play|p1a: Necrozma
|-supereffective|p1a: Necrozma
|-damage|p1a: Necrozma|35/100
|
|-heal|p1a: Necrozma|41/100|[from] item: Leftovers
|-damage|p2a: Yveltal|57/100 tox|[from] psn
|upkeep
|turn|45
|
|t:|1625425026
|move|p2a: Yveltal|Foul Play|p1a: Necrozma
|-supereffective|p1a: Necrozma
|-damage|p1a: Necrozma|0 fnt
|faint|p1a: Necrozma
|
|-damage|p2a: Yveltal|45/100 tox|[from] psn
|upkeep
|
|t:|1625425028
|switch|p1a: Calyrex|Calyrex-Shadow|63/100
|-ability|p1a: Calyrex|As One
|-ability|p1a: Calyrex|Unnerve
|turn|46
|
|t:|1625425031
|move|p1a: Calyrex|Astral Barrage|p2a: Yveltal
|-resisted|p2a: Yveltal
|-damage|p2a: Yveltal|23/100 tox
|move|p2a: Yveltal|Foul Play|p1a: Calyrex
|-supereffective|p1a: Calyrex
|-damage|p1a: Calyrex|0 fnt
|faint|p1a: Calyrex
|
|win|Lacus Clyne
|c|☆King Billu|gg
|c|☆Lacus Clyne|gg
