|inactive|Battle timer is ON: inactive players will automatically lose when time's up.
|t:|1665855356
|gametype|singles
|player|p1|Luna's Bann3d Now|#capplviiisaharajas|
|player|p2|ox04|red-gen7|
|teamsize|p1|6
|teamsize|p2|6
|gen|8
|tier|[Gen 8] Ubers
|rule|Sleep Clause Mod: Limit one foe put to sleep
|rule|Species Clause: Limit one of each Pokémon
|rule|OHKO Clause: OHKO moves are banned
|rule|Evasion Items Clause: Evasion items are banned
|rule|Evasion Moves Clause: Evasion moves are banned
|rule|Endless Battle Clause: Forcing endless battles is banned
|rule|HP Percentage Mod: HP is shown in percentages
|rule|Dynamax Clause: You cannot dynamax
|clearpoke
|poke|p1|Yveltal|
|poke|p1|Eternatus|
|poke|p1|Necrozma-Dusk-Mane|
|poke|p1|Groudon|
|poke|p1|Ho-Oh|
|poke|p1|Tapu Fini|
|poke|p2|Marshadow|
|poke|p2|Yveltal|
|poke|p2|Pheromosa|
|poke|p2|Necrozma-Dusk-Mane|
|poke|p2|Groudon|
|poke|p2|Naganadel|
|teampreview
|c|☆ox04|glhf
|inactive|Luna's Bann3d Now has 270 seconds left.
|inactive|ox04 has 270 seconds left.
|c|+Inder|tapu fini vs pheromosa
|c|+Inder|owned
|c|+Inder|good job lbn
|c|☆Luna's Bann3d Now|thank you lord inder
|inactive|ox04 has 240 seconds left.
|inactive|Luna's Bann3d Now has 240 seconds left.
|inactive|ox04 has 210 seconds left.
|c|+fatfighter2|good choice LBN
|
|t:|1665855475
|start
|switch|p1a: Yveltal|Yveltal|100/100
|switch|p2a: Yveltal|Yveltal, shiny|100/100
|-ability|p2a: Yveltal|Dark Aura
|-ability|p1a: Yveltal|Dark Aura
|turn|1
|
|t:|1665855486
|move|p2a: Yveltal|Oblivion Wing|p1a: Yveltal
|-damage|p1a: Yveltal|65/100
|-damage|p2a: Yveltal|91/100|[from] item: Life Orb
|move|p1a: Yveltal|Knock Off|p2a: Yveltal
|-resisted|p2a: Yveltal
|-damage|p2a: Yveltal|66/100
|-enditem|p2a: Yveltal|Life Orb|[from] move: Knock Off|[of] p1a: Yveltal
|
|upkeep
|turn|2
|
|t:|1665855492
|switch|p1a: Eternatus|Eternatus|100/100
|-ability|p1a: Eternatus|Pressure
|move|p2a: Yveltal|Oblivion Wing|p1a: Eternatus
|-damage|p1a: Eternatus|72/100
|-heal|p2a: Yveltal|89/100|[from] drain|[of] p1a: Eternatus
|
|upkeep
|turn|3
|inactive|ox04 has 270 seconds left.
|
|t:|1665855510
|switch|p2a: Groudon|Groudon|100/100
|-weather|SunnyDay|[from] ability: Drought|[of] p2a: Groudon
|move|p1a: Eternatus|Mystical Fire|p2a: Groudon
|-damage|p2a: Groudon|77/100
|-unboost|p2a: Groudon|spa|1
|
|-weather|SunnyDay|[upkeep]
|-heal|p2a: Groudon|83/100|[from] item: Leftovers
|upkeep
|turn|4
|
|t:|1665855517
|switch|p1a: Groudon|Groudon|100/100
|move|p2a: Groudon|Earthquake|p1a: Groudon
|-damage|p1a: Groudon|69/100
|
|-weather|SunnyDay|[upkeep]
|-heal|p1a: Groudon|76/100|[from] item: Leftovers
|-heal|p2a: Groudon|89/100|[from] item: Leftovers
|upkeep
|turn|5
|
|t:|1665855522
|move|p1a: Groudon|Stealth Rock|p2a: Groudon
|-sidestart|p2: ox04|move: Stealth Rock
|move|p2a: Groudon|Swords Dance|p2a: Groudon
|-boost|p2a: Groudon|atk|2
|
|-weather|SunnyDay|[upkeep]
|-heal|p1a: Groudon|82/100|[from] item: Leftovers
|-heal|p2a: Groudon|95/100|[from] item: Leftovers
|upkeep
|turn|6
|
|t:|1665855524
|move|p1a: Groudon|Precipice Blades|p2a: Groudon
|-damage|p2a: Groudon|45/100
|move|p2a: Groudon|Earthquake|p1a: Groudon
|-damage|p1a: Groudon|19/100
|
|-weather|SunnyDay|[upkeep]
|-heal|p1a: Groudon|25/100|[from] item: Leftovers
|-heal|p2a: Groudon|51/100|[from] item: Leftovers
|upkeep
|turn|7
|
|t:|1665855531
|move|p1a: Groudon|Precipice Blades|p2a: Groudon
|-damage|p2a: Groudon|3/100
|move|p2a: Groudon|Stone Edge|p1a: Groudon
|-resisted|p1a: Groudon
|-damage|p1a: Groudon|3/100
|
|-weather|none
|-heal|p1a: Groudon|9/100|[from] item: Leftovers
|-heal|p2a: Groudon|9/100|[from] item: Leftovers
|upkeep
|turn|8
|
|t:|1665855537
|move|p1a: Groudon|Precipice Blades|p2a: Groudon
|-damage|p2a: Groudon|0 fnt
|faint|p2a: Groudon
|
|-heal|p1a: Groudon|15/100|[from] item: Leftovers
|upkeep
|
|t:|1665855540
|switch|p2a: Naganadel|Naganadel, shiny|100/100
|-damage|p2a: Naganadel|88/100|[from] Stealth Rock
|turn|9
|
|t:|1665855543
|switch|p1a: Ho-Oh|Ho-Oh|100/100
|move|p2a: Naganadel|Sludge Bomb|p1a: Ho-Oh
|-damage|p1a: Ho-Oh|73/100
|-status|p1a: Ho-Oh|psn
|
|-damage|p1a: Ho-Oh|60/100 psn|[from] psn
|upkeep
|turn|10
|
|t:|1665855545
|move|p2a: Naganadel|Spikes|p1a: Ho-Oh
|-sidestart|p1: Luna's Bann3d Now|Spikes
|move|p1a: Ho-Oh|Thunder Wave|p2a: Naganadel
|-status|p2a: Naganadel|par
|
|-damage|p1a: Ho-Oh|48/100 psn|[from] psn
|upkeep
|turn|11
|
|t:|1665855556
|switch|p1a: Yveltal|Yveltal|65/100
|-ability|p1a: Yveltal|Dark Aura
|cant|p2a: Naganadel|par
|
|upkeep
|turn|12
|
|t:|1665855559
|move|p1a: Yveltal|Knock Off|p2a: Naganadel
|-damage|p2a: Naganadel|6/100 par
|-enditem|p2a: Naganadel|Eject Pack|[from] move: Knock Off|[of] p1a: Yveltal
|move|p2a: Naganadel|Draco Meteor|p1a: Yveltal
|-damage|p1a: Yveltal|23/100
|-unboost|p2a: Naganadel|spa|2
|
|upkeep
|turn|13
|
|t:|1665855567
|switch|p2a: Pheromosa|Pheromosa|100/100
|-damage|p2a: Pheromosa|88/100|[from] Stealth Rock
|move|p1a: Yveltal|Roost|p1a: Yveltal
|-heal|p1a: Yveltal|73/100
|-singleturn|p1a: Yveltal|move: Roost
|
|upkeep
|turn|14
|
|t:|1665855569
|switch|p1a: Tapu Fini|Tapu Fini|100/100
|-damage|p1a: Tapu Fini|88/100|[from] Spikes
|-fieldstart|move: Misty Terrain|[from] ability: Misty Surge|[of] p1a: Tapu Fini
|move|p2a: Pheromosa|Rapid Spin|p1a: Tapu Fini
|-damage|p1a: Tapu Fini|75/100
|-boost|p2a: Pheromosa|spe|1
|-sideend|p2: ox04|Stealth Rock|[from] move: Rapid Spin|[of] p2a: Pheromosa
|
|-heal|p1a: Tapu Fini|81/100|[from] item: Leftovers
|upkeep
|turn|15
|
|t:|1665855574
|move|p2a: Pheromosa|U-turn|p1a: Tapu Fini
|-resisted|p1a: Tapu Fini
|-damage|p1a: Tapu Fini|68/100
|
|t:|1665855577
|switch|p2a: Naganadel|Naganadel, shiny|6/100 par|[from]move: U-turn
|move|p1a: Tapu Fini|Nature's Madness|p2a: Naganadel
|-damage|p2a: Naganadel|3/100 par
|
|-heal|p1a: Tapu Fini|74/100|[from] item: Leftovers
|upkeep
|turn|16
|
|t:|1665855579
|switch|p1a: Ho-Oh|Ho-Oh|81/100 psn
|move|p2a: Naganadel|Sludge Bomb|p1a: Ho-Oh
|-damage|p1a: Ho-Oh|54/100 psn
|
|-damage|p1a: Ho-Oh|41/100 psn|[from] psn
|upkeep
|turn|17
|
|t:|1665855581
|move|p1a: Ho-Oh|Defog|p2a: Naganadel
|-unboost|p2a: Naganadel|evasion|1
|-sideend|p1: Luna's Bann3d Now|Spikes|[from] move: Defog|[of] p1a: Ho-Oh
|-fieldend|Misty Terrain
|move|p2a: Naganadel|Sludge Bomb|p1a: Ho-Oh
|-damage|p1a: Ho-Oh|15/100 psn
|
|-damage|p1a: Ho-Oh|3/100 psn|[from] psn
|upkeep
|turn|18
|
|t:|1665855590
|switch|p1a: Yveltal|Yveltal|73/100
|-ability|p1a: Yveltal|Dark Aura
|switch|p2a: Marshadow|Marshadow|100/100
|
|upkeep
|turn|19
|
|t:|1665855610
|switch|p1a: Eternatus|Eternatus|72/100
|-ability|p1a: Eternatus|Pressure
|move|p2a: Marshadow|Bulk Up|p2a: Marshadow
|-boost|p2a: Marshadow|atk|1
|-boost|p2a: Marshadow|def|1
|
|upkeep
|turn|20
|
|t:|1665855613
|move|p1a: Eternatus|Toxic|p2a: Marshadow
|-status|p2a: Marshadow|tox
|move|p2a: Marshadow|Poltergeist|p1a: Eternatus
|-activate|p1a: Eternatus|move: Poltergeist|Sitrus Berry
|-crit|p1a: Eternatus
|-damage|p1a: Eternatus|0 fnt
|faint|p1a: Eternatus
|-damage|p2a: Marshadow|91/100 tox|[from] item: Life Orb
|
|-damage|p2a: Marshadow|84/100 tox|[from] psn
|upkeep
|inactive|Luna's Bann3d Now has 270 seconds left.
|
|t:|1665855658
|switch|p1a: Tapu Fini|Tapu Fini|74/100
|-fieldstart|move: Misty Terrain|[from] ability: Misty Surge|[of] p1a: Tapu Fini
|turn|21
|
|t:|1665855661
|switch|p1a: Yveltal|Yveltal|73/100
|-ability|p1a: Yveltal|Dark Aura
|move|p2a: Marshadow|Poltergeist|p1a: Yveltal
|-activate|p1a: Yveltal|move: Poltergeist|Heavy-Duty Boots
|-resisted|p1a: Yveltal
|-damage|p1a: Yveltal|26/100
|-damage|p2a: Marshadow|74/100 tox|[from] item: Life Orb
|
|-damage|p2a: Marshadow|62/100 tox|[from] psn
|upkeep
|turn|22
|inactive|Luna's Bann3d Now has 270 seconds left.
|
|t:|1665855667
|move|p1a: Yveltal|Sucker Punch|p2a: Marshadow
|-damage|p2a: Marshadow|30/100 tox
|move|p2a: Marshadow|Poltergeist|p1a: Yveltal
|-activate|p1a: Yveltal|move: Poltergeist|Heavy-Duty Boots
|-resisted|p1a: Yveltal
|-damage|p1a: Yveltal|0 fnt
|faint|p1a: Yveltal
|-damage|p2a: Marshadow|20/100 tox|[from] item: Life Orb
|
|-damage|p2a: Marshadow|1/100 tox|[from] psn
|upkeep
|
|t:|1665855669
|switch|p1a: Groudon|Groudon|15/100
|-weather|SunnyDay|[from] ability: Drought|[of] p1a: Groudon
|turn|23
|
|t:|1665855671
|move|p2a: Marshadow|Low Kick|p1a: Groudon
|-damage|p1a: Groudon|0 fnt
|faint|p1a: Groudon
|-damage|p2a: Marshadow|0 fnt|[from] item: Life Orb
|faint|p2a: Marshadow
|
|-weather|SunnyDay|[upkeep]
|upkeep
|
|t:|1665855681
|switch|p2a: Pheromosa|Pheromosa|88/100
|switch|p1a: Tapu Fini|Tapu Fini|74/100
|turn|24
|
|t:|1665855684
|move|p2a: Pheromosa|U-turn|p1a: Tapu Fini
|-resisted|p1a: Tapu Fini
|-damage|p1a: Tapu Fini|62/100
|
|t:|1665855686
|switch|p2a: Naganadel|Naganadel, shiny|3/100 par|[from]move: U-turn
|move|p1a: Tapu Fini|Moonblast|p2a: Naganadel
|-damage|p2a: Naganadel|0 fnt
|faint|p2a: Naganadel
|
|-weather|SunnyDay|[upkeep]
|-heal|p1a: Tapu Fini|68/100|[from] item: Leftovers
|upkeep
|
|t:|1665855687
|switch|p2a: Necrozma|Necrozma-Dusk-Mane|100/100
|turn|25
|
|t:|1665855690
|move|p1a: Tapu Fini|Taunt|p2a: Necrozma
|-start|p2a: Necrozma|move: Taunt
|cant|p2a: Necrozma|move: Taunt|Dragon Dance
|
|-weather|SunnyDay|[upkeep]
|-heal|p1a: Tapu Fini|75/100|[from] item: Leftovers
|-fieldend|Misty Terrain
|upkeep
|turn|26
|
|t:|1665855694
|switch|p1a: Ho-Oh|Ho-Oh|36/100 psn
|move|p2a: Necrozma|Sunsteel Strike|p1a: Ho-Oh
|-resisted|p1a: Ho-Oh
|-damage|p1a: Ho-Oh|6/100 psn
|
|-weather|SunnyDay|[upkeep]
|-damage|p1a: Ho-Oh|0 fnt|[from] psn
|faint|p1a: Ho-Oh
|upkeep
|
|t:|1665855696
|switch|p1a: Necrozma|Necrozma-Dusk-Mane|100/100
|turn|27
|
|t:|1665855706
|switch|p2a: Yveltal|Yveltal, shiny|89/100
|-ability|p2a: Yveltal|Dark Aura
|move|p1a: Necrozma|Dragon Dance|p1a: Necrozma
|-boost|p1a: Necrozma|atk|1
|-boost|p1a: Necrozma|spe|1
|
|-weather|none
|upkeep
|turn|28
|inactive|ox04 has 270 seconds left.
|inactive|Luna's Bann3d Now has 270 seconds left.
|
|t:|1665855769
|move|p1a: Necrozma|Iron Head|p2a: Yveltal
|-damage|p2a: Yveltal|36/100
|move|p2a: Yveltal|Dark Pulse|p1a: Necrozma
|-supereffective|p1a: Necrozma
|-damage|p1a: Necrozma|35/100
|
|upkeep
|turn|29
|
|t:|1665855781
|move|p1a: Necrozma|Moonlight|p1a: Necrozma
|-heal|p1a: Necrozma|85/100
|move|p2a: Yveltal|Dark Pulse|p1a: Necrozma
|-supereffective|p1a: Necrozma
|-damage|p1a: Necrozma|26/100
|
|upkeep
|turn|30
|
|t:|1665855785
|move|p1a: Necrozma|Moonlight|p1a: Necrozma
|-heal|p1a: Necrozma|76/100
|move|p2a: Yveltal|Dark Pulse|p1a: Necrozma
|-supereffective|p1a: Necrozma
|-damage|p1a: Necrozma|11/100
|
|upkeep
|turn|31
|
|t:|1665855787
|move|p1a: Necrozma|Moonlight|p1a: Necrozma
|-heal|p1a: Necrozma|60/100
|move|p2a: Yveltal|Dark Pulse|p1a: Necrozma
|-supereffective|p1a: Necrozma
|-damage|p1a: Necrozma|3/100
|
|upkeep
|turn|32
|
|t:|1665855792
|move|p2a: Yveltal|Sucker Punch|p1a: Necrozma
|-supereffective|p1a: Necrozma
|-damage|p1a: Necrozma|0 fnt
|faint|p1a: Necrozma
|
|upkeep
|
|t:|1665855794
|switch|p1a: Tapu Fini|Tapu Fini|75/100
|-fieldstart|move: Misty Terrain|[from] ability: Misty Surge|[of] p1a: Tapu Fini
|turn|33
|
|t:|1665855798
|move|p2a: Yveltal|Oblivion Wing|p1a: Tapu Fini
|-damage|p1a: Tapu Fini|41/100
|-heal|p2a: Yveltal|58/100|[from] drain|[of] p1a: Tapu Fini
|move|p1a: Tapu Fini|Moonblast|p2a: Yveltal
|-supereffective|p2a: Yveltal
|-damage|p2a: Yveltal|1/100
|-unboost|p2a: Yveltal|spa|1
|
|-heal|p1a: Tapu Fini|47/100|[from] item: Leftovers
|upkeep
|turn|34
|
|t:|1665855801
|move|p2a: Yveltal|Oblivion Wing|p1a: Tapu Fini
|-damage|p1a: Tapu Fini|24/100
|-heal|p2a: Yveltal|16/100|[from] drain|[of] p1a: Tapu Fini
|move|p1a: Tapu Fini|Moonblast|p2a: Yveltal
|-supereffective|p2a: Yveltal
|-damage|p2a: Yveltal|0 fnt
|faint|p2a: Yveltal
|
|-heal|p1a: Tapu Fini|30/100|[from] item: Leftovers
|upkeep
|
|t:|1665855802
|switch|p2a: Necrozma|Necrozma-Dusk-Mane|100/100
|turn|35
|
|t:|1665855803
|move|p1a: Tapu Fini|Taunt|p2a: Necrozma
|-start|p2a: Necrozma|move: Taunt
|move|p2a: Necrozma|Sunsteel Strike|p1a: Tapu Fini
|-damage|p1a: Tapu Fini|0 fnt
|faint|p1a: Tapu Fini
|
|win|ox04
|c|☆ox04|gg
|c|☆Luna's Bann3d Now|gg
|c|☆ox04|sucker was for style points
|c|+Lasen|LMAOOO
|player|p1|Luna's Bann3d Now|#capplviiisaharajas
