|inactive|Battle timer is ON: inactive players will automatically lose when time's up.
|t:|1655392035
|gametype|singles
|player|p1|Trade|may|
|player|p2|pkmn cypher 2013|lyra|
|teamsize|p1|6
|teamsize|p2|6
|gen|8
|tier|[Gen 8] Ubers
|rule|Sleep Clause Mod: Limit one foe put to sleep
|rule|Species Clause: Limit one of each Pokémon
|rule|OHKO Clause: OHKO moves are banned
|rule|Evasion Moves Clause: Evasion moves are banned
|rule|Endless Battle Clause: Forcing endless battles is banned
|rule|HP Percentage Mod: HP is shown in percentages
|rule|Dynamax Clause: You cannot dynamax
|clearpoke
|poke|p1|Eternatus|
|poke|p1|Ferrothorn, F|
|poke|p1|Ho-Oh|
|poke|p1|Yveltal|
|poke|p1|Necrozma-Dusk-Mane|
|poke|p1|Calyrex-Shadow|
|poke|p2|Kyogre|
|poke|p2|Landorus-Therian, M|
|poke|p2|Eternatus|
|poke|p2|Necrozma-Dusk-Mane|
|poke|p2|Calyrex-Shadow|
|poke|p2|Yveltal|
|teampreview
|inactive|pkmn cypher 2013 has 270 seconds left.
|
|t:|1655392070
|start
|switch|p1a: Eternatus|Eternatus|100/100
|switch|p2a: Eternatus|Eternatus|100/100
|-ability|p1a: Eternatus|Pressure
|-ability|p2a: Eternatus|Pressure
|turn|1
|
|t:|1655392077
|switch|p2a: Necrozma|Necrozma-Dusk-Mane|100/100
|move|p1a: Eternatus|Dynamax Cannon|p2a: Necrozma
|-resisted|p2a: Necrozma
|-crit|p2a: Necrozma
|-damage|p2a: Necrozma|73/100
|
|-heal|p2a: Necrozma|79/100|[from] item: Leftovers
|upkeep
|turn|2
|c|☆pkmn cypher 2013|hf
|inactive|pkmn cypher 2013 has 270 seconds left.
|
|t:|1655392111
|switch|p1a: Ferrothorn|Ferrothorn, F|100/100
|move|p2a: Necrozma|Stealth Rock|p1a: Ferrothorn
|-sidestart|p1: Trade|move: Stealth Rock
|
|-heal|p2a: Necrozma|85/100|[from] item: Leftovers
|upkeep
|turn|3
|
|t:|1655392119
|switch|p2a: Landorus|Landorus-Therian, M|100/100
|-ability|p2a: Landorus|Intimidate|boost
|-unboost|p1a: Ferrothorn|atk|1
|move|p1a: Ferrothorn|Spikes|p2a: Landorus
|-sidestart|p2: pkmn cypher 2013|Spikes
|
|upkeep
|turn|4
|
|t:|1655392131
|move|p2a: Landorus|Swords Dance|p2a: Landorus
|-boost|p2a: Landorus|atk|2
|move|p1a: Ferrothorn|Bullet Seed|p2a: Landorus
|-damage|p2a: Landorus|95/100
|-damage|p2a: Landorus|88/100
|-damage|p2a: Landorus|81/100
|-damage|p2a: Landorus|74/100
|-hitcount|p2a: Landorus|4
|
|-heal|p2a: Landorus|80/100|[from] item: Leftovers
|upkeep
|turn|5
|
|t:|1655392138
|switch|p1a: Yveltal|Yveltal|100/100
|-damage|p1a: Yveltal|76/100|[from] Stealth Rock
|-ability|p1a: Yveltal|Dark Aura
|move|p2a: Landorus|Gravity|p2a: Landorus
|-fieldstart|move: Gravity
|
|-heal|p2a: Landorus|86/100|[from] item: Leftovers
|upkeep
|turn|6
|
|t:|1655392145
|switch|p2a: Eternatus|Eternatus|100/100
|-damage|p2a: Eternatus|88/100|[from] Spikes
|-ability|p2a: Eternatus|Pressure
|move|p1a: Yveltal|Foul Play|p2a: Eternatus
|-damage|p2a: Eternatus|67/100
|
|-heal|p2a: Eternatus|73/100|[from] item: Black Sludge
|upkeep
|turn|7
|
|t:|1655392152
|switch|p1a: Necrozma|Necrozma-Dusk-Mane|100/100
|-damage|p1a: Necrozma|94/100|[from] Stealth Rock
|switch|p2a: Landorus|Landorus-Therian, M|86/100
|-damage|p2a: Landorus|74/100|[from] Spikes
|-ability|p2a: Landorus|Intimidate|boost
|-unboost|p1a: Necrozma|atk|1
|
|-heal|p2a: Landorus|80/100|[from] item: Leftovers
|upkeep
|turn|8
|
|t:|1655392163
|move|p2a: Landorus|Earthquake|p1a: Necrozma
|-supereffective|p1a: Necrozma
|-damage|p1a: Necrozma|37/100
|move|p1a: Necrozma|Stealth Rock|p2a: Landorus
|-sidestart|p2: pkmn cypher 2013|move: Stealth Rock
|
|-heal|p2a: Landorus|86/100|[from] item: Leftovers
|upkeep
|turn|9
|
|t:|1655392168
|switch|p1a: Ferrothorn|Ferrothorn, F|100/100
|-damage|p1a: Ferrothorn|94/100|[from] Stealth Rock
|move|p2a: Landorus|Swords Dance|p2a: Landorus
|-boost|p2a: Landorus|atk|2
|
|-heal|p2a: Landorus|92/100|[from] item: Leftovers
|-heal|p1a: Ferrothorn|100/100|[from] item: Leftovers
|-fieldend|move: Gravity
|upkeep
|turn|10
|
|t:|1655392172
|move|p2a: Landorus|Stone Edge|p1a: Ferrothorn
|-resisted|p1a: Ferrothorn
|-damage|p1a: Ferrothorn|73/100
|move|p1a: Ferrothorn|Leech Seed|p2a: Landorus
|-start|p2a: Landorus|move: Leech Seed
|
|-heal|p2a: Landorus|98/100|[from] item: Leftovers
|-heal|p1a: Ferrothorn|79/100|[from] item: Leftovers
|-damage|p2a: Landorus|85/100|[from] Leech Seed|[of] p1a: Ferrothorn
|-heal|p1a: Ferrothorn|91/100|[silent]
|upkeep
|turn|11
|
|t:|1655392174
|move|p2a: Landorus|Stone Edge|p1a: Ferrothorn
|-resisted|p1a: Ferrothorn
|-damage|p1a: Ferrothorn|60/100
|move|p1a: Ferrothorn|Spikes|p2a: Landorus
|-sidestart|p2: pkmn cypher 2013|Spikes
|
|-heal|p2a: Landorus|91/100|[from] item: Leftovers
|-heal|p1a: Ferrothorn|67/100|[from] item: Leftovers
|-damage|p2a: Landorus|79/100|[from] Leech Seed|[of] p1a: Ferrothorn
|-heal|p1a: Ferrothorn|78/100|[silent]
|upkeep
|turn|12
|
|t:|1655392176
|switch|p1a: Yveltal|Yveltal|76/100
|-damage|p1a: Yveltal|51/100|[from] Stealth Rock
|-ability|p1a: Yveltal|Dark Aura
|move|p2a: Landorus|Earthquake|p1a: Yveltal
|-immune|p1a: Yveltal
|
|-heal|p2a: Landorus|85/100|[from] item: Leftovers
|-damage|p2a: Landorus|73/100|[from] Leech Seed|[of] p1a: Yveltal
|-heal|p1a: Yveltal|60/100|[silent]
|upkeep
|turn|13
|
|t:|1655392182
|switch|p2a: Yveltal|Yveltal|100/100
|-ability|p2a: Yveltal|Dark Aura
|move|p1a: Yveltal|U-turn|p2a: Yveltal
|-damage|p2a: Yveltal|85/100
|
|t:|1655392187
|switch|p1a: Eternatus|Eternatus|100/100|[from]move: U-turn
|-damage|p1a: Eternatus|88/100|[from] Stealth Rock
|-ability|p1a: Eternatus|Pressure
|
|upkeep
|turn|14
|
|t:|1655392191
|switch|p2a: Necrozma|Necrozma-Dusk-Mane|85/100
|-damage|p2a: Necrozma|68/100|[from] Spikes
|-damage|p2a: Necrozma|62/100|[from] Stealth Rock
|move|p1a: Eternatus|Meteor Beam||[still]
|-prepare|p1a: Eternatus|Meteor Beam
|-boost|p1a: Eternatus|spa|1
|-enditem|p1a: Eternatus|Power Herb
|-anim|p1a: Eternatus|Meteor Beam|p2a: Necrozma
|-resisted|p2a: Necrozma
|-damage|p2a: Necrozma|40/100
|
|-heal|p2a: Necrozma|46/100|[from] item: Leftovers
|upkeep
|turn|15
|
|t:|1655392194
|move|p1a: Eternatus|Flamethrower|p2a: Necrozma
|-supereffective|p2a: Necrozma
|-damage|p2a: Necrozma|0 fnt
|faint|p2a: Necrozma
|
|upkeep
|
|t:|1655392198
|switch|p2a: Kyogre|Kyogre|100/100
|-damage|p2a: Kyogre|84/100|[from] Spikes
|-damage|p2a: Kyogre|71/100|[from] Stealth Rock
|-weather|RainDance|[from] ability: Drizzle|[of] p2a: Kyogre
|turn|16
|
|t:|1655392200
|move|p1a: Eternatus|Dynamax Cannon|p2a: Kyogre
|-damage|p2a: Kyogre|18/100
|move|p2a: Kyogre|Thunder Wave|p1a: Eternatus
|-status|p1a: Eternatus|par
|
|-weather|RainDance|[upkeep]
|-heal|p2a: Kyogre|24/100|[from] item: Leftovers
|upkeep
|turn|17
|
|t:|1655392221
|move|p2a: Kyogre|Ice Beam|p1a: Eternatus
|-supereffective|p1a: Eternatus
|-damage|p1a: Eternatus|33/100 par
|move|p1a: Eternatus|Dynamax Cannon|p2a: Kyogre
|-damage|p2a: Kyogre|0 fnt
|faint|p2a: Kyogre
|
|-weather|RainDance|[upkeep]
|upkeep
|
|t:|1655392234
|switch|p2a: Landorus|Landorus-Therian, M|73/100
|-damage|p2a: Landorus|61/100|[from] Stealth Rock
|-ability|p2a: Landorus|Intimidate|boost
|-unboost|p1a: Eternatus|atk|1
|turn|18
|
|t:|1655392243
|move|p2a: Landorus|Earthquake|p1a: Eternatus
|-supereffective|p1a: Eternatus
|-damage|p1a: Eternatus|0 fnt
|faint|p1a: Eternatus
|
|-weather|RainDance|[upkeep]
|-heal|p2a: Landorus|67/100|[from] item: Leftovers
|upkeep
|
|t:|1655392248
|switch|p1a: Calyrex|Calyrex-Shadow|100/100
|-ability|p1a: Calyrex|As One
|-ability|p1a: Calyrex|Unnerve
|-damage|p1a: Calyrex|88/100|[from] Stealth Rock
|turn|19
|
|t:|1655392253
|switch|p2a: Yveltal|Yveltal|85/100
|-ability|p2a: Yveltal|Dark Aura
|move|p1a: Calyrex|Trick|p2a: Yveltal
|-activate|p1a: Calyrex|move: Trick|[of] p2a: Yveltal
|-item|p2a: Yveltal|Choice Specs|[from] move: Trick
|-item|p1a: Calyrex|Heavy-Duty Boots|[from] move: Trick
|
|-weather|RainDance|[upkeep]
|upkeep
|turn|20
|
|t:|1655392257
|move|p1a: Calyrex|Protect|p1a: Calyrex
|-singleturn|p1a: Calyrex|Protect
|move|p2a: Yveltal|Defog|p1a: Calyrex
|-activate|p1a: Calyrex|move: Protect
|
|-weather|none
|upkeep
|turn|21
|
|t:|1655392259
|move|p1a: Calyrex|Disable|p2a: Yveltal
|-start|p2a: Yveltal|Disable|Defog
|cant|p2a: Yveltal|Disable|Defog
|
|upkeep
|turn|22
|
|t:|1655392284
|switch|p2a: Eternatus|Eternatus|73/100
|-damage|p2a: Eternatus|56/100|[from] Spikes
|-damage|p2a: Eternatus|44/100|[from] Stealth Rock
|-ability|p2a: Eternatus|Pressure
|move|p1a: Calyrex|Astral Barrage|p2a: Eternatus
|-damage|p2a: Eternatus|0 fnt
|faint|p2a: Eternatus
|-ability|p1a: Calyrex|Grim Neigh|boost
|-boost|p1a: Calyrex|spa|1
|
|upkeep
|c|☆pkmn cypher 2013|gg
|c|☆Trade|gg
|inactive|pkmn cypher 2013 has 270 seconds left.
|-message|pkmn cypher 2013 forfeited.
|
|win|Trade
|player|p1|Trade|may
|player|p1|
