|inactive|Battle timer is ON: inactive players will automatically lose when time's up.
|t:|1665850052
|gametype|singles
|player|p1|RichardMillePlain|102|
|player|p2|lexrn|#scl2gible|
|teamsize|p1|6
|teamsize|p2|6
|gen|8
|tier|[Gen 8] Ubers
|rule|Sleep Clause Mod: Limit one foe put to sleep
|rule|Species Clause: Limit one of each Pokémon
|rule|OHKO Clause: OHKO moves are banned
|rule|Evasion Items Clause: Evasion items are banned
|rule|Evasion Moves Clause: Evasion moves are banned
|rule|Endless Battle Clause: Forcing endless battles is banned
|rule|HP Percentage Mod: HP is shown in percentages
|rule|Dynamax Clause: You cannot dynamax
|clearpoke
|poke|p1|Marshadow|
|poke|p1|Ferrothorn, M|
|poke|p1|Calyrex-Shadow|
|poke|p1|Yveltal|
|poke|p1|Eternatus|
|poke|p1|Necrozma-Dusk-Mane|
|poke|p2|Xerneas-*|
|poke|p2|Necrozma-Dusk-Mane|
|poke|p2|Eternatus|
|poke|p2|Yveltal|
|poke|p2|Ho-Oh|
|poke|p2|Marshadow|
|teampreview
|inactive|lexrn also wants the timer to be on.
|c|☆lexrn|hf
|c|☆RichardMillePlain|u2
|inactive|RichardMillePlain has 270 seconds left.
|inactive|lexrn has 270 seconds left.
|
|t:|1665850111
|start
|switch|p1a: Marshadow|Marshadow|100/100
|switch|p2a: Ho-Oh|Ho-Oh|100/100
|turn|1
|c|+Inder|ALLEZ RICHARD
|c|+ILoveMashing❤|what is this for?
|inactive|lexrn has 270 seconds left.
|
|t:|1665850153
|switch|p2a: Eternatus|Eternatus|100/100
|-ability|p2a: Eternatus|Pressure
|move|p1a: Marshadow|Rock Tomb|p2a: Eternatus
|-damage|p2a: Eternatus|61/100
|-unboost|p2a: Eternatus|spe|1
|
|upkeep
|turn|2
|c|+Inder|wcup
|inactive|lexrn has 270 seconds left.
|c|+ILoveMashing❤|o
|
|t:|1665850168
|switch|p1a: Calyrex|Calyrex-Shadow|100/100
|-ability|p1a: Calyrex|As One
|-ability|p1a: Calyrex|Unnerve
|move|p2a: Eternatus|Recover|p2a: Eternatus
|-heal|p2a: Eternatus|100/100
|
|upkeep
|turn|3
|inactive|lexrn has 270 seconds left.
|
|t:|1665850187
|switch|p2a: Ho-Oh|Ho-Oh|100/100
|move|p1a: Calyrex|Astral Barrage|p2a: Ho-Oh
|-damage|p2a: Ho-Oh|26/100
|
|upkeep
|turn|4
|
|t:|1665850192
|switch|p2a: Yveltal|Yveltal|100/100
|-ability|p2a: Yveltal|Dark Aura
|move|p1a: Calyrex|Astral Barrage|p2a: Yveltal
|-resisted|p2a: Yveltal
|-damage|p2a: Yveltal|61/100
|
|upkeep
|turn|5
|
|t:|1665850196
|switch|p1a: Eternatus|Eternatus|100/100
|-ability|p1a: Eternatus|Pressure
|move|p2a: Yveltal|Roost|p2a: Yveltal
|-heal|p2a: Yveltal|100/100
|-singleturn|p2a: Yveltal|move: Roost
|
|upkeep
|turn|6
|
|t:|1665850202
|switch|p1a: Yveltal|Yveltal|100/100
|-ability|p1a: Yveltal|Dark Aura
|switch|p2a: Necrozma|Necrozma-Dusk-Mane|100/100
|
|upkeep
|turn|7
|c|+Alkione|You know what could be wcup too ILoveMashing ?
|c|+Alkione|:))))
|
|t:|1665850212
|switch|p2a: Xerneas|Xerneas|100/100
|-ability|p2a: Xerneas|Fairy Aura
|move|p1a: Yveltal|Knock Off|p2a: Xerneas
|-resisted|p2a: Xerneas
|-damage|p2a: Xerneas|84/100
|-damage|p1a: Yveltal|84/100|[from] item: Rocky Helmet|[of] p2a: Xerneas
|-enditem|p2a: Xerneas|Rocky Helmet|[from] move: Knock Off|[of] p1a: Yveltal
|
|upkeep
|turn|8
|c|+ILoveMashing❤|oh yeah!
|c|+ILoveMashing❤|we need to schedule omg
|
|t:|1665850223
|switch|p1a: Necrozma|Necrozma-Dusk-Mane|100/100
|move|p2a: Xerneas|Moonblast|p1a: Necrozma
|-resisted|p1a: Necrozma
|-damage|p1a: Necrozma|84/100
|
|-heal|p1a: Necrozma|90/100|[from] item: Leftovers
|upkeep
|turn|9
|c|+Alkione|I mean
|
|t:|1665850229
|switch|p2a: Ho-Oh|Ho-Oh|59/100
|move|p1a: Necrozma|Thunder Wave|p2a: Ho-Oh
|-status|p2a: Ho-Oh|par
|
|-heal|p1a: Necrozma|96/100|[from] item: Leftovers
|upkeep
|turn|10
|c|+Alkione|I tried Yesterday
|
|t:|1665850237
|switch|p1a: Yveltal|Yveltal|84/100
|-ability|p1a: Yveltal|Dark Aura
|move|p2a: Ho-Oh|Sacred Fire|p1a: Yveltal
|-damage|p1a: Yveltal|19/100
|
|upkeep
|turn|11
|c|+Alkione|But you winded me into offline...
|c|+ILoveMashing❤|what
|c|+ILoveMashing❤|where
|
|t:|1665850254
|switch|p2a: Xerneas|Xerneas|84/100
|-ability|p2a: Xerneas|Fairy Aura
|move|p1a: Yveltal|Knock Off|p2a: Xerneas
|-resisted|p2a: Xerneas
|-damage|p2a: Xerneas|73/100
|
|upkeep
|turn|12
|c|+Alkione|On stours
|
|t:|1665850260
|switch|p1a: Necrozma|Necrozma-Dusk-Mane|96/100
|move|p2a: Xerneas|Aromatherapy|p2a: Xerneas
|-activate|p2a: Xerneas|move: Aromatherapy
|-curestatus|p2: Ho-Oh|par|[msg]
|
|-heal|p1a: Necrozma|100/100|[from] item: Leftovers
|upkeep
|turn|13
|c|+Alkione|!
|c|+ILoveMashing❤|i dced omfg
|
|t:|1665850266
|switch|p2a: Ho-Oh|Ho-Oh|93/100
|move|p1a: Necrozma|Stealth Rock|p2a: Ho-Oh
|-sidestart|p2: lexrn|move: Stealth Rock
|
|upkeep
|turn|14
|c|+ILoveMashing❤|i didnt even see the msg
|c|+Alkione|Fjdifjeufudj
|
|t:|1665850281
|switch|p1a: Eternatus|Eternatus|100/100
|-ability|p1a: Eternatus|Pressure
|move|p2a: Ho-Oh|Flare Blitz|p1a: Eternatus
|-resisted|p1a: Eternatus
|-damage|p1a: Eternatus|64/100
|-damage|p2a: Ho-Oh|77/100|[from] Recoil
|
|upkeep
|turn|15
|c|+Alkione|Contact me on Discord if possible
|
|t:|1665850291
|switch|p1a: Marshadow|Marshadow|100/100
|switch|p2a: Necrozma|Necrozma-Dusk-Mane|100/100
|-damage|p2a: Necrozma|94/100|[from] Stealth Rock
|
|-heal|p2a: Necrozma|100/100|[from] item: Leftovers
|upkeep
|turn|16
|c|+Alkione|Way easier for me
|c|+ILoveMashing❤|whats ur cord
|c|+ILoveMashing❤|ye
|c|+Alkione|Alkione#4867 I think
|
|t:|1665850314
|move|p1a: Marshadow|Spectral Thief|p2a: Necrozma
|-supereffective|p2a: Necrozma
|-damage|p2a: Necrozma|16/100
|move|p2a: Necrozma|Thunder Wave|p1a: Marshadow
|-status|p1a: Marshadow|par
|
|-heal|p2a: Necrozma|22/100|[from] item: Leftovers
|upkeep
|turn|17
|c|+Alkione|Inder can you confirm ? I'm on phone
|
|t:|1665850326
|switch|p2a: Yveltal|Yveltal|100/100
|-ability|p2a: Yveltal|Dark Aura
|cant|p1a: Marshadow|par
|
|upkeep
|turn|18
|
|t:|1665850339
|switch|p1a: Necrozma|Necrozma-Dusk-Mane|100/100
|move|p2a: Yveltal|Knock Off|p1a: Necrozma
|-supereffective|p1a: Necrozma
|-damage|p1a: Necrozma|43/100
|-enditem|p1a: Necrozma|Leftovers|[from] move: Knock Off|[of] p2a: Yveltal
|
|upkeep
|turn|19
|c|+Inder|yep that's it
|c|+ILoveMashing❤|alrrr
|c|+Alkione|Tu
|c|+ILoveMashing❤|adding u
|inactive|lexrn has 270 seconds left.
|
|t:|1665850364
|move|p2a: Yveltal|Defog|p1a: Necrozma
|-unboost|p1a: Necrozma|evasion|1
|-sideend|p2: lexrn|Stealth Rock|[from] move: Defog|[of] p2a: Yveltal
|move|p1a: Necrozma|Thunder Wave|p2a: Yveltal|[miss]
|-miss|p1a: Necrozma|p2a: Yveltal
|
|upkeep
|turn|20
|c|+Alkione|Ty
|
|t:|1665850373
|move|p2a: Yveltal|U-turn|p1a: Necrozma
|-damage|p1a: Necrozma|28/100
|
|t:|1665850374
|switch|p2a: Ho-Oh|Ho-Oh|100/100|[from]move: U-turn
|move|p1a: Necrozma|Stealth Rock|p2a: Ho-Oh
|-sidestart|p2: lexrn|move: Stealth Rock
|
|upkeep
|turn|21
|
|t:|1665850390
|move|p2a: Ho-Oh|Brave Bird|p1a: Necrozma
|-resisted|p1a: Necrozma
|-damage|p1a: Necrozma|0 fnt
|faint|p1a: Necrozma
|-damage|p2a: Ho-Oh|90/100|[from] Recoil
|
|upkeep
|
|t:|1665850394
|switch|p1a: Ferrothorn|Ferrothorn, M|100/100
|turn|22
|
|t:|1665850405
|switch|p2a: Eternatus|Eternatus|100/100
|-damage|p2a: Eternatus|88/100|[from] Stealth Rock
|-ability|p2a: Eternatus|Pressure
|move|p1a: Ferrothorn|Spikes|p2a: Eternatus
|-sidestart|p2: lexrn|Spikes
|
|upkeep
|turn|23
|
|t:|1665850409
|switch|p1a: Calyrex|Calyrex-Shadow|100/100
|-ability|p1a: Calyrex|As One
|-ability|p1a: Calyrex|Unnerve
|move|p2a: Eternatus|Mystical Fire|p1a: Calyrex
|-damage|p1a: Calyrex|77/100
|-unboost|p1a: Calyrex|spa|1
|
|upkeep
|turn|24
|
|t:|1665850421
|switch|p2a: Yveltal|Yveltal|100/100
|-ability|p2a: Yveltal|Dark Aura
|move|p1a: Calyrex|Trick|p2a: Yveltal
|-activate|p1a: Calyrex|move: Trick|[of] p2a: Yveltal
|-item|p2a: Yveltal|Choice Specs|[from] move: Trick
|-item|p1a: Calyrex|Heavy-Duty Boots|[from] move: Trick
|
|upkeep
|turn|25
|
|t:|1665850430
|move|p1a: Calyrex|Astral Barrage|p2a: Yveltal
|-resisted|p2a: Yveltal
|-damage|p2a: Yveltal|82/100
|move|p2a: Yveltal|Defog|p1a: Calyrex
|-unboost|p1a: Calyrex|evasion|1
|-sideend|p2: lexrn|Spikes|[from] move: Defog|[of] p2a: Yveltal
|-sideend|p2: lexrn|Stealth Rock|[from] move: Defog|[of] p2a: Yveltal
|
|upkeep
|turn|26
|
|t:|1665850434
|switch|p2a: Ho-Oh|Ho-Oh|100/100
|move|p1a: Calyrex|Psyshock|p2a: Ho-Oh
|-crit|p2a: Ho-Oh
|-damage|p2a: Ho-Oh|22/100
|
|upkeep
|turn|27
|
|t:|1665850436
|switch|p2a: Yveltal|Yveltal|82/100
|-ability|p2a: Yveltal|Dark Aura
|move|p1a: Calyrex|Astral Barrage|p2a: Yveltal
|-resisted|p2a: Yveltal
|-damage|p2a: Yveltal|65/100
|
|upkeep
|turn|28
|
|t:|1665850443
|switch|p1a: Eternatus|Eternatus|64/100
|-ability|p1a: Eternatus|Pressure
|move|p2a: Yveltal|Knock Off|p1a: Eternatus
|-damage|p1a: Eternatus|21/100
|-enditem|p1a: Eternatus|Heavy-Duty Boots|[from] move: Knock Off|[of] p2a: Yveltal
|
|upkeep
|turn|29
|
|t:|1665850453
|switch|p2a: Necrozma|Necrozma-Dusk-Mane|22/100
|move|p1a: Eternatus|Recover|p1a: Eternatus
|-heal|p1a: Eternatus|71/100
|
|-heal|p2a: Necrozma|28/100|[from] item: Leftovers
|upkeep
|turn|30
|
|t:|1665850461
|switch|p1a: Marshadow|Marshadow|100/100 par
|switch|p2a: Ho-Oh|Ho-Oh|55/100
|
|upkeep
|turn|31
|
|t:|1665850468
|move|p1a: Marshadow|Shadow Sneak|p2a: Ho-Oh
|-damage|p2a: Ho-Oh|4/100
|move|p2a: Ho-Oh|Sacred Fire|p1a: Marshadow
|-damage|p1a: Marshadow|0 fnt
|faint|p1a: Marshadow
|
|upkeep
|
|t:|1665850478
|switch|p1a: Calyrex|Calyrex-Shadow|77/100
|-ability|p1a: Calyrex|As One
|-ability|p1a: Calyrex|Unnerve
|turn|32
|
|t:|1665850482
|switch|p1a: Ferrothorn|Ferrothorn, M|100/100
|switch|p2a: Yveltal|Yveltal|65/100
|-ability|p2a: Yveltal|Dark Aura
|
|upkeep
|turn|33
|
|t:|1665850488
|switch|p2a: Ho-Oh|Ho-Oh|37/100
|move|p1a: Ferrothorn|Spikes|p2a: Ho-Oh
|-sidestart|p2: lexrn|Spikes
|
|upkeep
|turn|34
|
|t:|1665850495
|switch|p1a: Eternatus|Eternatus|71/100
|-ability|p1a: Eternatus|Pressure
|move|p2a: Ho-Oh|Sacred Fire|p1a: Eternatus
|-resisted|p1a: Eternatus
|-crit|p1a: Eternatus
|-damage|p1a: Eternatus|25/100
|-status|p1a: Eternatus|brn
|
|-damage|p1a: Eternatus|18/100 brn|[from] brn
|upkeep
|turn|35
|
|t:|1665850510
|switch|p2a: Eternatus|Eternatus|88/100
|-damage|p2a: Eternatus|76/100|[from] Spikes
|-ability|p2a: Eternatus|Pressure
|move|p1a: Eternatus|Recover|p1a: Eternatus
|-heal|p1a: Eternatus|68/100 brn
|
|-damage|p1a: Eternatus|62/100 brn|[from] brn
|upkeep
|turn|36
|
|t:|1665850512
|move|p2a: Eternatus|Draco Meteor|p1a: Eternatus
|-supereffective|p1a: Eternatus
|-damage|p1a: Eternatus|0 fnt
|-unboost|p2a: Eternatus|spa|2
|faint|p1a: Eternatus
|
|upkeep
|
|t:|1665850514
|switch|p1a: Calyrex|Calyrex-Shadow|77/100
|-ability|p1a: Calyrex|As One
|-ability|p1a: Calyrex|Unnerve
|turn|37
|
|t:|1665850531
|switch|p2a: Necrozma|Necrozma-Dusk-Mane|28/100
|-damage|p2a: Necrozma|16/100|[from] Spikes
|move|p1a: Calyrex|Astral Barrage|p2a: Necrozma
|-supereffective|p2a: Necrozma
|-damage|p2a: Necrozma|0 fnt
|faint|p2a: Necrozma
|-ability|p1a: Calyrex|Grim Neigh|boost
|-boost|p1a: Calyrex|spa|1
|
|upkeep
|
|t:|1665850541
|switch|p2a: Yveltal|Yveltal|65/100
|-ability|p2a: Yveltal|Dark Aura
|turn|38
|
|t:|1665850543
|switch|p1a: Ferrothorn|Ferrothorn, M|100/100
|move|p2a: Yveltal|Knock Off|p1a: Ferrothorn
|-damage|p1a: Ferrothorn|70/100
|-damage|p2a: Yveltal|52/100|[from] ability: Iron Barbs|[of] p1a: Ferrothorn
|-enditem|p1a: Ferrothorn|Leftovers|[from] move: Knock Off|[of] p2a: Yveltal
|
|upkeep
|turn|39
|
|t:|1665850550
|switch|p2a: Eternatus|Eternatus|76/100
|-damage|p2a: Eternatus|63/100|[from] Spikes
|-ability|p2a: Eternatus|Pressure
|switch|p1a: Calyrex|Calyrex-Shadow|77/100
|-ability|p1a: Calyrex|As One
|-ability|p1a: Calyrex|Unnerve
|
|upkeep
|turn|40
|
|t:|1665850554
|switch|p2a: Yveltal|Yveltal|52/100
|-ability|p2a: Yveltal|Dark Aura
|move|p1a: Calyrex|Psyshock|p2a: Yveltal
|-immune|p2a: Yveltal
|
|upkeep
|turn|41
|
|t:|1665850557
|switch|p1a: Ferrothorn|Ferrothorn, M|70/100
|move|p2a: Yveltal|Roost|p2a: Yveltal
|-heal|p2a: Yveltal|100/100
|-singleturn|p2a: Yveltal|move: Roost
|
|upkeep
|turn|42
|
|t:|1665850561
|switch|p2a: Ho-Oh|Ho-Oh|70/100
|switch|p1a: Calyrex|Calyrex-Shadow|77/100
|-ability|p1a: Calyrex|As One
|-ability|p1a: Calyrex|Unnerve
|
|upkeep
|turn|43
|
|t:|1665850567
|move|p1a: Calyrex|Astral Barrage|p2a: Ho-Oh
|-damage|p2a: Ho-Oh|23/100
|move|p2a: Ho-Oh|Flare Blitz|p1a: Calyrex
|-damage|p1a: Calyrex|0 fnt
|faint|p1a: Calyrex
|-damage|p2a: Ho-Oh|0 fnt|[from] Recoil
|faint|p2a: Ho-Oh
|
|upkeep
|
|t:|1665850573
|switch|p1a: Yveltal|Yveltal|19/100
|switch|p2a: Marshadow|Marshadow|100/100
|-damage|p2a: Marshadow|88/100|[from] Spikes
|-ability|p1a: Yveltal|Dark Aura
|turn|44
|
|t:|1665850575
|switch|p1a: Ferrothorn|Ferrothorn, M|70/100
|move|p2a: Marshadow|Low Kick|p1a: Ferrothorn
|-supereffective|p1a: Ferrothorn
|-damage|p1a: Ferrothorn|8/100
|-damage|p2a: Marshadow|76/100|[from] ability: Iron Barbs|[of] p1a: Ferrothorn
|
|upkeep
|turn|45
|
|t:|1665850578
|move|p2a: Marshadow|Low Kick|p1a: Ferrothorn
|-supereffective|p1a: Ferrothorn
|-damage|p1a: Ferrothorn|0 fnt
|-damage|p2a: Marshadow|63/100|[from] ability: Iron Barbs|[of] p1a: Ferrothorn
|faint|p1a: Ferrothorn
|
|upkeep
|
|t:|1665850579
|switch|p1a: Yveltal|Yveltal|19/100
|-ability|p1a: Yveltal|Dark Aura
|turn|46
|
|t:|1665850581
|move|p2a: Marshadow|Low Kick|p1a: Yveltal
|-damage|p1a: Yveltal|0 fnt
|faint|p1a: Yveltal
|
|win|lexrn
|c|☆lexrn|gg
|c|☆RichardMillePlain|gg
