|inactive|Battle timer is ON: inactive players will automatically lose when time's up.
|t:|1655392506
|gametype|singles
|player|p1|Trade|may|
|player|p2|pkmn cypher 2013|lyra|
|teamsize|p1|6
|teamsize|p2|6
|gen|8
|tier|[Gen 8] Ubers
|rule|Sleep Clause Mod: Limit one foe put to sleep
|rule|Species Clause: Limit one of each Pokémon
|rule|OHKO Clause: OHKO moves are banned
|rule|Evasion Moves Clause: Evasion moves are banned
|rule|Endless Battle Clause: Forcing endless battles is banned
|rule|HP Percentage Mod: HP is shown in percentages
|rule|Dynamax Clause: You cannot dynamax
|clearpoke
|poke|p1|Mew|
|poke|p1|Zygarde|
|poke|p1|Yveltal|
|poke|p1|Marshadow|
|poke|p1|Kyogre|
|poke|p1|Necrozma-Dusk-Mane|
|poke|p2|Groudon|
|poke|p2|Ho-Oh|
|poke|p2|Marshadow|
|poke|p2|Yveltal|
|poke|p2|Necrozma-Dusk-Mane|
|poke|p2|Eternatus|
|teampreview
|inactive|pkmn cypher 2013 has 270 seconds left.
|
|t:|1655392556
|start
|switch|p1a: Mew|Mew|100/100
|switch|p2a: Ho-Oh|Ho-Oh|100/100
|turn|1
|
|t:|1655392566
|move|p1a: Mew|Thunder Wave|p2a: Ho-Oh|[miss]
|-miss|p1a: Mew|p2a: Ho-Oh
|move|p2a: Ho-Oh|Brave Bird|p1a: Mew
|-damage|p1a: Mew|52/100
|-damage|p2a: Ho-Oh|85/100|[from] Recoil
|
|upkeep
|turn|2
|
|t:|1655392572
|move|p1a: Mew|Spikes|p2a: Ho-Oh
|-sidestart|p2: pkmn cypher 2013|Spikes
|move|p2a: Ho-Oh|Brave Bird|p1a: Mew
|-damage|p1a: Mew|3/100
|-damage|p2a: Ho-Oh|69/100|[from] Recoil
|
|upkeep
|turn|3
|
|t:|1655392578
|move|p1a: Mew|Thunder Wave|p2a: Ho-Oh
|-status|p2a: Ho-Oh|par
|move|p2a: Ho-Oh|Brave Bird|p1a: Mew
|-damage|p1a: Mew|0 fnt
|faint|p1a: Mew
|-damage|p2a: Ho-Oh|68/100 par|[from] Recoil
|
|upkeep
|
|t:|1655392580
|switch|p1a: Kyogre|Kyogre|100/100
|-weather|RainDance|[from] ability: Drizzle|[of] p1a: Kyogre
|turn|4
|inactive|pkmn cypher 2013 has 270 seconds left.
|inactive|pkmn cypher 2013 has 240 seconds left.
|
|t:|1655392650
|move|p1a: Kyogre|Water Spout|p2a: Ho-Oh
|-supereffective|p2a: Ho-Oh
|-damage|p2a: Ho-Oh|0 fnt
|faint|p2a: Ho-Oh
|
|-weather|RainDance|[upkeep]
|upkeep
|inactive|pkmn cypher 2013 has 210 seconds left.
|inactive|pkmn cypher 2013 has 180 seconds left.
|inactive|pkmn cypher 2013 has 150 seconds left.
|inactive|pkmn cypher 2013 has 120 seconds left.
|
|t:|1655392771
|switch|p2a: Eternatus|Eternatus|100/100
|-damage|p2a: Eternatus|88/100|[from] Spikes
|-ability|p2a: Eternatus|Pressure
|turn|5
|
|t:|1655392777
|move|p2a: Eternatus|Dynamax Cannon|p1a: Kyogre
|-damage|p1a: Kyogre|68/100
|move|p1a: Kyogre|Water Spout|p2a: Eternatus
|-resisted|p2a: Eternatus
|-damage|p2a: Eternatus|42/100
|
|-weather|RainDance|[upkeep]
|upkeep
|turn|6
|
|t:|1655392782
|switch|p1a: Necrozma|Necrozma-Dusk-Mane|100/100
|move|p2a: Eternatus|Recover|p2a: Eternatus
|-heal|p2a: Eternatus|92/100
|
|-weather|RainDance|[upkeep]
|upkeep
|turn|7
|
|t:|1655392789
|switch|p1a: Kyogre|Kyogre|68/100
|move|p2a: Eternatus|Reflect|p2a: Eternatus
|-sidestart|p2: pkmn cypher 2013|Reflect
|
|-weather|RainDance|[upkeep]
|upkeep
|turn|8
|inactive|pkmn cypher 2013 has 150 seconds left.
|
|t:|1655392816
|switch|p2a: Necrozma|Necrozma-Dusk-Mane|100/100
|-damage|p2a: Necrozma|88/100|[from] Spikes
|move|p1a: Kyogre|Ice Beam|p2a: Necrozma
|-resisted|p2a: Necrozma
|-damage|p2a: Necrozma|64/100
|
|-weather|none
|-heal|p2a: Necrozma|70/100|[from] item: Leftovers
|upkeep
|turn|9
|
|t:|1655392824
|switch|p1a: Zygarde|Zygarde|100/100
|move|p2a: Necrozma|Knock Off|p1a: Zygarde
|-damage|p1a: Zygarde|77/100
|-enditem|p1a: Zygarde|Leftovers|[from] move: Knock Off|[of] p2a: Necrozma
|
|-heal|p2a: Necrozma|76/100|[from] item: Leftovers
|upkeep
|turn|10
|
|t:|1655392827
|switch|p2a: Groudon|Groudon|100/100
|-damage|p2a: Groudon|88/100|[from] Spikes
|-weather|SunnyDay|[from] ability: Drought|[of] p2a: Groudon
|move|p1a: Zygarde|Glare|p2a: Groudon
|-status|p2a: Groudon|par
|
|-weather|SunnyDay|[upkeep]
|-heal|p2a: Groudon|94/100 par|[from] item: Leftovers
|upkeep
|turn|11
|
|t:|1655392830
|switch|p1a: Kyogre|Kyogre|68/100
|-weather|RainDance|[from] ability: Drizzle|[of] p1a: Kyogre
|move|p2a: Groudon|Stealth Rock|p1a: Kyogre
|-sidestart|p1: Trade|move: Stealth Rock
|
|-weather|RainDance|[upkeep]
|-heal|p2a: Groudon|100/100 par|[from] item: Leftovers
|-sideend|p2: pkmn cypher 2013|Reflect
|upkeep
|turn|12
|inactive|pkmn cypher 2013 has 150 seconds left.
|
|t:|1655392858
|switch|p2a: Necrozma|Necrozma-Dusk-Mane|76/100
|-damage|p2a: Necrozma|64/100|[from] Spikes
|move|p1a: Kyogre|Ice Beam|p2a: Necrozma
|-resisted|p2a: Necrozma
|-damage|p2a: Necrozma|41/100
|
|-weather|RainDance|[upkeep]
|-heal|p2a: Necrozma|47/100|[from] item: Leftovers
|upkeep
|turn|13
|
|t:|1655392864
|switch|p1a: Zygarde|Zygarde|77/100
|-damage|p1a: Zygarde|71/100|[from] Stealth Rock
|move|p2a: Necrozma|Sunsteel Strike|p1a: Zygarde
|-damage|p1a: Zygarde|38/100
|
|-weather|RainDance|[upkeep]
|-heal|p2a: Necrozma|53/100|[from] item: Leftovers
|-activate|p1a: Zygarde|ability: Power Construct
|detailschange|p1a: Zygarde|Zygarde-Complete
|-heal|p1a: Zygarde|59/100|[silent]
|upkeep
|turn|14
|
|t:|1655392870
|switch|p1a: Kyogre|Kyogre|68/100
|-damage|p1a: Kyogre|55/100|[from] Stealth Rock
|switch|p2a: Groudon|Groudon|100/100 par
|-damage|p2a: Groudon|88/100 par|[from] Spikes
|-weather|SunnyDay|[from] ability: Drought|[of] p2a: Groudon
|
|-weather|SunnyDay|[upkeep]
|-heal|p2a: Groudon|94/100 par|[from] item: Leftovers
|upkeep
|turn|15
|
|t:|1655392874
|switch|p2a: Necrozma|Necrozma-Dusk-Mane|53/100
|-damage|p2a: Necrozma|41/100|[from] Spikes
|move|p1a: Kyogre|Ice Beam|p2a: Necrozma
|-resisted|p2a: Necrozma
|-damage|p2a: Necrozma|19/100
|
|-weather|SunnyDay|[upkeep]
|-heal|p2a: Necrozma|26/100|[from] item: Leftovers
|upkeep
|turn|16
|
|t:|1655392880
|switch|p1a: Zygarde|Zygarde-Complete|59/100
|-damage|p1a: Zygarde|53/100|[from] Stealth Rock
|move|p2a: Necrozma|Morning Sun|p2a: Necrozma
|-heal|p2a: Necrozma|92/100
|
|-weather|SunnyDay|[upkeep]
|-heal|p2a: Necrozma|98/100|[from] item: Leftovers
|upkeep
|turn|17
|
|t:|1655392883
|switch|p1a: Kyogre|Kyogre|55/100
|-damage|p1a: Kyogre|43/100|[from] Stealth Rock
|-weather|RainDance|[from] ability: Drizzle|[of] p1a: Kyogre
|switch|p2a: Groudon|Groudon|94/100 par
|-damage|p2a: Groudon|82/100 par|[from] Spikes
|-weather|SunnyDay|[from] ability: Drought|[of] p2a: Groudon
|
|-weather|SunnyDay|[upkeep]
|-heal|p2a: Groudon|88/100 par|[from] item: Leftovers
|upkeep
|turn|18
|
|t:|1655392890
|switch|p2a: Necrozma|Necrozma-Dusk-Mane|98/100
|-damage|p2a: Necrozma|86/100|[from] Spikes
|move|p1a: Kyogre|Thunder Wave|p2a: Necrozma
|-status|p2a: Necrozma|par
|
|-weather|SunnyDay|[upkeep]
|-heal|p2a: Necrozma|92/100 par|[from] item: Leftovers
|upkeep
|turn|19
|
|t:|1655392895
|switch|p1a: Zygarde|Zygarde-Complete|53/100
|-damage|p1a: Zygarde|47/100|[from] Stealth Rock
|switch|p2a: Groudon|Groudon|88/100 par
|-damage|p2a: Groudon|76/100 par|[from] Spikes
|
|-weather|SunnyDay|[upkeep]
|-heal|p2a: Groudon|82/100 par|[from] item: Leftovers
|upkeep
|turn|20
|
|t:|1655392900
|move|p1a: Zygarde|Thousand Arrows|p2a: Groudon
|-damage|p2a: Groudon|67/100 par
|move|p2a: Groudon|Roar|p1a: Zygarde
|drag|p1a: Necrozma|Necrozma-Dusk-Mane|100/100
|-damage|p1a: Necrozma|95/100|[from] Stealth Rock
|
|-weather|SunnyDay|[upkeep]
|-heal|p1a: Necrozma|100/100|[from] item: Leftovers
|-heal|p2a: Groudon|73/100 par|[from] item: Leftovers
|upkeep
|turn|21
|
|t:|1655392905
|switch|p1a: Zygarde|Zygarde-Complete|47/100
|-damage|p1a: Zygarde|41/100|[from] Stealth Rock
|move|p2a: Groudon|Roar|p1a: Zygarde
|drag|p1a: Kyogre|Kyogre|43/100
|-damage|p1a: Kyogre|31/100|[from] Stealth Rock
|-weather|RainDance|[from] ability: Drizzle|[of] p1a: Kyogre
|
|-weather|RainDance|[upkeep]
|-heal|p2a: Groudon|79/100 par|[from] item: Leftovers
|upkeep
|turn|22
|inactive|pkmn cypher 2013 has 210 seconds left.
|inactive|pkmn cypher 2013 has 180 seconds left.
|
|t:|1655392951
|switch|p2a: Necrozma|Necrozma-Dusk-Mane|92/100 par
|-damage|p2a: Necrozma|80/100 par|[from] Spikes
|move|p1a: Kyogre|Ice Beam|p2a: Necrozma
|-resisted|p2a: Necrozma
|-damage|p2a: Necrozma|56/100 par
|
|-weather|RainDance|[upkeep]
|-heal|p2a: Necrozma|62/100 par|[from] item: Leftovers
|upkeep
|turn|23
|
|t:|1655392956
|move|p1a: Kyogre|Ice Beam|p2a: Necrozma
|-resisted|p2a: Necrozma
|-damage|p2a: Necrozma|38/100 par
|move|p2a: Necrozma|Sunsteel Strike|p1a: Kyogre
|-resisted|p1a: Kyogre
|-crit|p1a: Kyogre
|-damage|p1a: Kyogre|0 fnt
|faint|p1a: Kyogre
|
|-weather|RainDance|[upkeep]
|-heal|p2a: Necrozma|44/100 par|[from] item: Leftovers
|upkeep
|
|t:|1655392967
|switch|p1a: Yveltal|Yveltal|100/100
|-damage|p1a: Yveltal|76/100|[from] Stealth Rock
|-ability|p1a: Yveltal|Dark Aura
|turn|24
|
|t:|1655392981
|move|p1a: Yveltal|Substitute|p1a: Yveltal
|-start|p1a: Yveltal|Substitute
|-damage|p1a: Yveltal|51/100
|cant|p2a: Necrozma|par
|
|-weather|RainDance|[upkeep]
|-heal|p2a: Necrozma|50/100 par|[from] item: Leftovers
|upkeep
|turn|25
|inactive|pkmn cypher 2013 has 180 seconds left.
|
|t:|1655393023
|switch|p2a: Eternatus|Eternatus|92/100
|-damage|p2a: Eternatus|79/100|[from] Spikes
|-ability|p2a: Eternatus|Pressure
|move|p1a: Yveltal|Dark Pulse|p2a: Eternatus
|-damage|p2a: Eternatus|32/100
|-damage|p1a: Yveltal|41/100|[from] item: Life Orb
|
|-weather|none
|upkeep
|turn|26
|
|t:|1655393026
|move|p2a: Eternatus|Recover|p2a: Eternatus
|-heal|p2a: Eternatus|82/100
|move|p1a: Yveltal|Oblivion Wing|p2a: Eternatus
|-damage|p2a: Eternatus|46/100
|-heal|p1a: Yveltal|71/100|[from] drain|[of] p2a: Eternatus
|-damage|p1a: Yveltal|61/100|[from] item: Life Orb
|
|upkeep
|turn|27
|
|t:|1655393030
|move|p2a: Eternatus|Recover|p2a: Eternatus
|-heal|p2a: Eternatus|96/100
|move|p1a: Yveltal|Oblivion Wing|p2a: Eternatus
|-damage|p2a: Eternatus|60/100
|-heal|p1a: Yveltal|92/100|[from] drain|[of] p2a: Eternatus
|-damage|p1a: Yveltal|82/100|[from] item: Life Orb
|
|upkeep
|turn|28
|inactive|pkmn cypher 2013 has 180 seconds left.
|
|t:|1655393047
|move|p2a: Eternatus|Dynamax Cannon|p1a: Yveltal
|-end|p1a: Yveltal|Substitute
|move|p1a: Yveltal|Oblivion Wing|p2a: Eternatus
|-damage|p2a: Eternatus|27/100
|-heal|p1a: Yveltal|100/100|[from] drain|[of] p2a: Eternatus
|-damage|p1a: Yveltal|91/100|[from] item: Life Orb
|
|upkeep
|turn|29
|
|t:|1655393055
|move|p2a: Eternatus|Recover|p2a: Eternatus
|-heal|p2a: Eternatus|77/100
|move|p1a: Yveltal|Taunt|p2a: Eternatus
|-start|p2a: Eternatus|move: Taunt
|
|upkeep
|turn|30
|
|t:|1655393058
|move|p2a: Eternatus|Dynamax Cannon|p1a: Yveltal
|-damage|p1a: Yveltal|52/100
|move|p1a: Yveltal|Oblivion Wing|p2a: Eternatus
|-damage|p2a: Eternatus|42/100
|-heal|p1a: Yveltal|82/100|[from] drain|[of] p2a: Eternatus
|-damage|p1a: Yveltal|72/100|[from] item: Life Orb
|
|upkeep
|turn|31
|inactive|pkmn cypher 2013 has 180 seconds left.
|
|t:|1655393112
|move|p2a: Eternatus|Dynamax Cannon|p1a: Yveltal
|-damage|p1a: Yveltal|32/100
|move|p1a: Yveltal|Dark Pulse|p2a: Eternatus
|-damage|p2a: Eternatus|0 fnt
|faint|p2a: Eternatus
|-damage|p1a: Yveltal|22/100|[from] item: Life Orb
|
|upkeep
|
|t:|1655393114
|switch|p2a: Marshadow|Marshadow|100/100
|-damage|p2a: Marshadow|88/100|[from] Spikes
|turn|32
|
|t:|1655393126
|move|p2a: Marshadow|Spectral Thief|p1a: Yveltal
|-resisted|p1a: Yveltal
|-damage|p1a: Yveltal|0 fnt
|faint|p1a: Yveltal
|-damage|p2a: Marshadow|79/100|[from] item: Life Orb
|
|upkeep
|
|t:|1655393130
|switch|p1a: Marshadow|Marshadow|100/100
|-damage|p1a: Marshadow|94/100|[from] Stealth Rock
|turn|33
|inactive|pkmn cypher 2013 has 150 seconds left.
|inactive|pkmn cypher 2013 has 120 seconds left.
|inactive|pkmn cypher 2013 has 90 seconds left.
|
|t:|1655393224
|switch|p2a: Necrozma|Necrozma-Dusk-Mane|50/100 par
|-damage|p2a: Necrozma|38/100 par|[from] Spikes
|move|p1a: Marshadow|Bulk Up|p1a: Marshadow
|-boost|p1a: Marshadow|atk|1
|-boost|p1a: Marshadow|def|1
|
|-heal|p2a: Necrozma|44/100 par|[from] item: Leftovers
|upkeep
|turn|34
|
|t:|1655393231
|move|p1a: Marshadow|Bulk Up|p1a: Marshadow
|-boost|p1a: Marshadow|atk|1
|-boost|p1a: Marshadow|def|1
|move|p2a: Necrozma|Knock Off|p1a: Marshadow
|-damage|p1a: Marshadow|69/100
|-enditem|p1a: Marshadow|Life Orb|[from] move: Knock Off|[of] p2a: Necrozma
|
|-heal|p2a: Necrozma|50/100 par|[from] item: Leftovers
|upkeep
|turn|35
|
|t:|1655393233
|move|p1a: Marshadow|Bulk Up|p1a: Marshadow
|-boost|p1a: Marshadow|atk|1
|-boost|p1a: Marshadow|def|1
|cant|p2a: Necrozma|par
|
|-heal|p2a: Necrozma|56/100 par|[from] item: Leftovers
|upkeep
|turn|36
|
|t:|1655393238
|move|p1a: Marshadow|Bulk Up|p1a: Marshadow
|-boost|p1a: Marshadow|atk|1
|-boost|p1a: Marshadow|def|1
|move|p2a: Necrozma|Sunsteel Strike|p1a: Marshadow
|-damage|p1a: Marshadow|40/100
|
|-heal|p2a: Necrozma|63/100 par|[from] item: Leftovers
|upkeep
|turn|37
|
|t:|1655393240
|move|p1a: Marshadow|Low Kick|p2a: Necrozma
|-damage|p2a: Necrozma|0 fnt
|faint|p2a: Necrozma
|
|upkeep
|inactive|pkmn cypher 2013 has 120 seconds left.
|inactive|pkmn cypher 2013 has 90 seconds left.
|inactive|pkmn cypher 2013 has 60 seconds left.
|
|t:|1655393343
|switch|p2a: Marshadow|Marshadow|79/100
|-damage|p2a: Marshadow|66/100|[from] Spikes
|turn|38
|inactive|pkmn cypher 2013 has 30 seconds left.
|inactive|Trade has 270 seconds left.
|
|t:|1655393387
|move|p1a: Marshadow|Shadow Sneak|p2a: Marshadow
|-supereffective|p2a: Marshadow
|-damage|p2a: Marshadow|0 fnt
|faint|p2a: Marshadow
|
|upkeep
|inactive|pkmn cypher 2013 has 30 seconds left this turn.
|c|☆pkmn cypher 2013|damn
|c|☆pkmn cypher 2013|everything lol
|inactive|pkmn cypher 2013 has 20 seconds left.
|inactive|pkmn cypher 2013 has 15 seconds left.
|c|☆pkmn cypher 2013|just needed not to get para'd 
|c|☆pkmn cypher 2013|gg
|inactive|pkmn cypher 2013 has 10 seconds left.
|c|☆Trade|gg
|-message|pkmn cypher 2013 forfeited.
|
|win|Trade
|inactive|pkmn cypher 2013 has 15 seconds left this turn.
