|inactive|Battle timer is ON: inactive players will automatically lose when time's up.
|t:|1666209641
|gametype|singles
|player|p1|ILoveMashing❤|waitress|
|player|p2|RichardMillePlain|169|
|teamsize|p1|6
|teamsize|p2|6
|gen|8
|tier|[Gen 8] Ubers
|rule|Sleep Clause Mod: Limit one foe put to sleep
|rule|Species Clause: Limit one of each Pokémon
|rule|OHKO Clause: OHKO moves are banned
|rule|Evasion Items Clause: Evasion items are banned
|rule|Evasion Moves Clause: Evasion moves are banned
|rule|Endless Battle Clause: Forcing endless battles is banned
|rule|HP Percentage Mod: HP is shown in percentages
|rule|Dynamax Clause: You cannot dynamax
|clearpoke
|poke|p1|Necrozma-Dusk-Mane|
|poke|p1|Yveltal|
|poke|p1|Eternatus|
|poke|p1|Kyogre|
|poke|p1|Calyrex-Shadow|
|poke|p1|Zygarde|
|poke|p2|Cloyster, F|
|poke|p2|Weavile, M|
|poke|p2|Necrozma-Dusk-Mane|
|poke|p2|Groudon|
|poke|p2|Yveltal|
|poke|p2|Calyrex-Shadow|
|teampreview
|c|☆RichardMillePlain|hf
|c|☆ILoveMashing❤|hf
|c|+Sirwings|allez richard
|inactive|ILoveMashing❤ has 270 seconds left.
|inactive|RichardMillePlain has 270 seconds left.
|
|t:|1666209695
|start
|switch|p1a: Necrozma|Necrozma-Dusk-Mane|100/100
|switch|p2a: Cloyster|Cloyster, F|100/100
|turn|1
|
|t:|1666209700
|move|p2a: Cloyster|Spikes|p1a: Necrozma
|-sidestart|p1: ILoveMashing❤|Spikes
|move|p1a: Necrozma|Sunsteel Strike|p2a: Cloyster
|-damage|p2a: Cloyster|59/100
|
|upkeep
|turn|2
|
|t:|1666209707
|move|p2a: Cloyster|Spikes|p1a: Necrozma
|-sidestart|p1: ILoveMashing❤|Spikes
|move|p1a: Necrozma|Stealth Rock|p2a: Cloyster
|-sidestart|p2: RichardMillePlain|move: Stealth Rock
|
|upkeep
|turn|3
|
|t:|1666209709
|move|p2a: Cloyster|Rapid Spin|p1a: Necrozma
|-resisted|p1a: Necrozma
|-damage|p1a: Necrozma|95/100
|-boost|p2a: Cloyster|spe|1
|-sideend|p2: RichardMillePlain|Stealth Rock|[from] move: Rapid Spin|[of] p2a: Cloyster
|move|p1a: Necrozma|Knock Off|p2a: Cloyster
|-damage|p2a: Cloyster|32/100
|-enditem|p2a: Cloyster|Focus Sash|[from] move: Knock Off|[of] p1a: Necrozma
|
|-heal|p1a: Necrozma|100/100|[from] item: Leftovers
|upkeep
|turn|4
|
|t:|1666209719
|move|p2a: Cloyster|Spikes|p1a: Necrozma
|-sidestart|p1: ILoveMashing❤|Spikes
|move|p1a: Necrozma|Sunsteel Strike|p2a: Cloyster
|-damage|p2a: Cloyster|0 fnt
|faint|p2a: Cloyster
|
|upkeep
|inactive|RichardMillePlain has 270 seconds left.
|
|t:|1666209752
|switch|p2a: Groudon|Groudon|100/100
|-weather|SunnyDay|[from] ability: Drought|[of] p2a: Groudon
|turn|5
|
|t:|1666209766
|switch|p1a: Zygarde|Zygarde|100/100
|-damage|p1a: Zygarde|75/100|[from] Spikes
|move|p2a: Groudon|Rock Polish|p2a: Groudon
|-boost|p2a: Groudon|spe|2
|
|-weather|SunnyDay|[upkeep]
|-heal|p1a: Zygarde|82/100|[from] item: Leftovers
|upkeep
|turn|6
|
|t:|1666209774
|move|p2a: Groudon|Precipice Blades|p1a: Zygarde|[miss]
|-miss|p2a: Groudon|p1a: Zygarde
|move|p1a: Zygarde|Coil|p1a: Zygarde
|-boost|p1a: Zygarde|atk|1
|-boost|p1a: Zygarde|def|1
|-boost|p1a: Zygarde|accuracy|1
|
|-weather|SunnyDay|[upkeep]
|-heal|p1a: Zygarde|88/100|[from] item: Leftovers
|upkeep
|turn|7
|
|t:|1666209781
|switch|p2a: Weavile|Weavile, M|100/100
|-ability|p2a: Weavile|Pressure
|move|p1a: Zygarde|Glare|p2a: Weavile
|-status|p2a: Weavile|par
|
|-weather|SunnyDay|[upkeep]
|-heal|p1a: Zygarde|94/100|[from] item: Leftovers
|upkeep
|turn|8
|inactive|ILoveMashing❤ has 270 seconds left.
|inactive|ILoveMashing❤ has 240 seconds left.
|inactive|ILoveMashing❤ has 210 seconds left.
|
|t:|1666209894
|switch|p1a: Kyogre|Kyogre|100/100
|-damage|p1a: Kyogre|75/100|[from] Spikes
|-weather|RainDance|[from] ability: Drizzle|[of] p1a: Kyogre
|cant|p2a: Weavile|par
|
|-weather|RainDance|[upkeep]
|-heal|p1a: Kyogre|82/100|[from] item: Leftovers
|upkeep
|turn|9
|
|t:|1666209902
|move|p1a: Kyogre|Surf|p2a: Weavile
|-damage|p2a: Weavile|1/100 par
|move|p2a: Weavile|Knock Off|p1a: Kyogre
|-damage|p1a: Kyogre|48/100
|-enditem|p1a: Kyogre|Leftovers|[from] move: Knock Off|[of] p2a: Weavile
|
|-weather|RainDance|[upkeep]
|upkeep
|turn|10
|
|t:|1666209907
|move|p1a: Kyogre|Surf|p2a: Weavile
|-damage|p2a: Weavile|0 fnt
|faint|p2a: Weavile
|
|-weather|RainDance|[upkeep]
|upkeep
|
|t:|1666209911
|switch|p2a: Calyrex|Calyrex-Shadow|100/100
|-ability|p2a: Calyrex|As One
|-ability|p2a: Calyrex|Unnerve
|turn|11
|
|t:|1666209915
|move|p2a: Calyrex|Nasty Plot|p2a: Calyrex
|-boost|p2a: Calyrex|spa|2
|move|p1a: Kyogre|Surf|p2a: Calyrex
|-damage|p2a: Calyrex|36/100
|
|-weather|RainDance|[upkeep]
|upkeep
|turn|12
|inactive|RichardMillePlain has 270 seconds left.
|
|t:|1666209950
|move|p2a: Calyrex|Astral Barrage|p1a: Kyogre
|-damage|p1a: Kyogre|0 fnt
|faint|p1a: Kyogre
|-ability|p2a: Calyrex|Grim Neigh|boost
|-boost|p2a: Calyrex|spa|1
|
|-weather|none
|upkeep
|
|t:|1666209952
|switch|p1a: Yveltal|Yveltal|100/100
|-ability|p1a: Yveltal|Dark Aura
|turn|13
|
|t:|1666209955
|move|p1a: Yveltal|Sucker Punch||[still]
|-fail|p1a: Yveltal
|move|p2a: Calyrex|Encore|p1a: Yveltal
|-start|p1a: Yveltal|Encore
|
|upkeep
|turn|14
|
|t:|1666209965
|move|p1a: Yveltal|Sucker Punch|p2a: Calyrex
|-supereffective|p2a: Calyrex
|-damage|p2a: Calyrex|0 fnt
|faint|p2a: Calyrex
|
|upkeep
|
|t:|1666209967
|switch|p2a: Yveltal|Yveltal|100/100
|-ability|p2a: Yveltal|Dark Aura
|turn|15
|
|t:|1666209985
|switch|p1a: Necrozma|Necrozma-Dusk-Mane|100/100
|-damage|p1a: Necrozma|76/100|[from] Spikes
|move|p2a: Yveltal|Hone Claws|p2a: Yveltal
|-boost|p2a: Yveltal|atk|1
|-boost|p2a: Yveltal|accuracy|1
|
|-heal|p1a: Necrozma|82/100|[from] item: Leftovers
|upkeep
|turn|16
|
|t:|1666209988
|move|p2a: Yveltal|Knock Off|p1a: Necrozma
|-supereffective|p1a: Necrozma
|-damage|p1a: Necrozma|0 fnt
|-enditem|p1a: Necrozma|Leftovers|[from] move: Knock Off|[of] p2a: Yveltal
|faint|p1a: Necrozma
|-damage|p2a: Yveltal|91/100|[from] item: Life Orb
|
|upkeep
|
|t:|1666210002
|switch|p1a: Yveltal|Yveltal|100/100
|-ability|p1a: Yveltal|Dark Aura
|turn|17
|
|t:|1666210005
|move|p1a: Yveltal|Knock Off|p2a: Yveltal
|-resisted|p2a: Yveltal
|-damage|p2a: Yveltal|63/100
|-enditem|p2a: Yveltal|Life Orb|[from] move: Knock Off|[of] p1a: Yveltal
|move|p2a: Yveltal|Dual Wingbeat|p1a: Yveltal
|-damage|p1a: Yveltal|74/100
|-damage|p1a: Yveltal|48/100
|-hitcount|p1a: Yveltal|2
|
|upkeep
|turn|18
|inactive|ILoveMashing❤ has 270 seconds left.
|
|t:|1666210014
|move|p1a: Yveltal|Defog|p2a: Yveltal
|-unboost|p2a: Yveltal|evasion|1
|-sideend|p1: ILoveMashing❤|Spikes|[from] move: Defog|[of] p1a: Yveltal
|move|p2a: Yveltal|Dual Wingbeat|p1a: Yveltal
|-damage|p1a: Yveltal|18/100
|-damage|p1a: Yveltal|0 fnt
|faint|p1a: Yveltal
|-hitcount|p1: Yveltal|2
|
|upkeep
|
|t:|1666210016
|switch|p1a: Eternatus|Eternatus|100/100
|-ability|p1a: Eternatus|Pressure
|turn|19
|
|t:|1666210024
|switch|p2a: Necrozma|Necrozma-Dusk-Mane|100/100
|move|p1a: Eternatus|Dynamax Cannon|p2a: Necrozma
|-resisted|p2a: Necrozma
|-damage|p2a: Necrozma|81/100
|
|upkeep
|turn|20
|
|t:|1666210027
|switch|p1a: Calyrex|Calyrex-Shadow|100/100
|-ability|p1a: Calyrex|As One
|-ability|p1a: Calyrex|Unnerve
|switch|p2a: Groudon|Groudon|100/100
|-weather|SunnyDay|[from] ability: Drought|[of] p2a: Groudon
|
|-weather|SunnyDay|[upkeep]
|upkeep
|turn|21
|
|t:|1666210033
|switch|p2a: Yveltal|Yveltal|63/100
|-ability|p2a: Yveltal|Dark Aura
|move|p1a: Calyrex|Astral Barrage|p2a: Yveltal
|-resisted|p2a: Yveltal
|-damage|p2a: Yveltal|17/100
|
|-weather|SunnyDay|[upkeep]
|upkeep
|turn|22
|
|t:|1666210036
|switch|p1a: Eternatus|Eternatus|100/100
|-ability|p1a: Eternatus|Pressure
|switch|p2a: Groudon|Groudon|100/100
|
|-weather|SunnyDay|[upkeep]
|upkeep
|turn|23
|
|t:|1666210045
|switch|p1a: Zygarde|Zygarde|94/100
|move|p2a: Groudon|Swords Dance|p2a: Groudon
|-boost|p2a: Groudon|atk|2
|
|-weather|SunnyDay|[upkeep]
|-heal|p1a: Zygarde|99/100|[from] item: Leftovers
|upkeep
|turn|24
|
|t:|1666210052
|move|p2a: Groudon|Precipice Blades|p1a: Zygarde
|-damage|p1a: Zygarde|29/100
|move|p1a: Zygarde|Coil|p1a: Zygarde
|-boost|p1a: Zygarde|atk|1
|-boost|p1a: Zygarde|def|1
|-boost|p1a: Zygarde|accuracy|1
|
|-weather|none
|-heal|p1a: Zygarde|35/100|[from] item: Leftovers
|-activate|p1a: Zygarde|ability: Power Construct
|detailschange|p1a: Zygarde|Zygarde-Complete
|-heal|p1a: Zygarde|57/100|[silent]
|upkeep
|turn|25
|
|t:|1666210064
|move|p2a: Groudon|Precipice Blades|p1a: Zygarde
|-damage|p1a: Zygarde|21/100
|move|p1a: Zygarde|Glare|p2a: Groudon
|-status|p2a: Groudon|par
|-enditem|p2a: Groudon|Lum Berry|[eat]
|-curestatus|p2a: Groudon|par|[msg]
|
|-heal|p1a: Zygarde|27/100|[from] item: Leftovers
|upkeep
|turn|26
|
|t:|1666210070
|move|p2a: Groudon|Precipice Blades|p1a: Zygarde
|-damage|p1a: Zygarde|0 fnt
|faint|p1a: Zygarde
|
|upkeep
|
|t:|1666210071
|switch|p1a: Calyrex|Calyrex-Shadow|100/100
|-ability|p1a: Calyrex|As One
|-ability|p1a: Calyrex|Unnerve
|turn|27
|inactive|RichardMillePlain has 270 seconds left.
|
|t:|1666210105
|switch|p2a: Necrozma|Necrozma-Dusk-Mane|81/100
|move|p1a: Calyrex|Astral Barrage|p2a: Necrozma
|-supereffective|p2a: Necrozma
|-damage|p2a: Necrozma|0 fnt
|faint|p2a: Necrozma
|-ability|p1a: Calyrex|Grim Neigh|boost
|-boost|p1a: Calyrex|spa|1
|
|upkeep
|
|t:|1666210106
|switch|p2a: Yveltal|Yveltal|17/100
|-ability|p2a: Yveltal|Dark Aura
|turn|28
|
|t:|1666210117
|switch|p1a: Eternatus|Eternatus|100/100
|-ability|p1a: Eternatus|Pressure
|move|p2a: Yveltal|Sucker Punch||[still]
|-fail|p2a: Yveltal
|
|upkeep
|turn|29
|
|t:|1666210126
|move|p1a: Eternatus|Dynamax Cannon|p2a: Yveltal
|-damage|p2a: Yveltal|0 fnt
|faint|p2a: Yveltal
|
|upkeep
|
|t:|1666210127
|switch|p2a: Groudon|Groudon|100/100
|-weather|SunnyDay|[from] ability: Drought|[of] p2a: Groudon
|turn|30
|
|t:|1666210129
|switch|p1a: Calyrex|Calyrex-Shadow|100/100
|-ability|p1a: Calyrex|As One
|-ability|p1a: Calyrex|Unnerve
|move|p2a: Groudon|Rock Polish|p2a: Groudon
|-boost|p2a: Groudon|spe|2
|
|-weather|SunnyDay|[upkeep]
|upkeep
|turn|31
|
|t:|1666210136
|move|p2a: Groudon|Precipice Blades|p1a: Calyrex
|-damage|p1a: Calyrex|9/100
|move|p1a: Calyrex|Astral Barrage|p2a: Groudon
|-damage|p2a: Groudon|0 fnt
|faint|p2a: Groudon
|
|win|ILoveMashing❤
