|inactive|Battle timer is ON: inactive players will automatically lose when time's up.
|t:|1668011070
|gametype|singles
|player|p1|steel....SKITTY|#steelskitty|
|player|p2|Royal1604|#agplivlionsden|
|teamsize|p1|6
|teamsize|p2|6
|gen|8
|tier|[Gen 8] Ubers
|rule|Sleep Clause Mod: Limit one foe put to sleep
|rule|Species Clause: Limit one of each Pokémon
|rule|OHKO Clause: OHKO moves are banned
|rule|Evasion Items Clause: Evasion items are banned
|rule|Evasion Moves Clause: Evasion moves are banned
|rule|Endless Battle Clause: Forcing endless battles is banned
|rule|HP Percentage Mod: HP is shown in percentages
|rule|Dynamax Clause: You cannot dynamax
|clearpoke
|poke|p1|Lunala|
|poke|p1|Ferrothorn, F|
|poke|p1|Yveltal|
|poke|p1|Necrozma-Dusk-Mane|
|poke|p1|Eternatus|
|poke|p1|Groudon|
|poke|p2|Kyogre|
|poke|p2|Yveltal|
|poke|p2|Marshadow|
|poke|p2|Eternatus|
|poke|p2|Calyrex-Shadow|
|poke|p2|Necrozma-Dusk-Mane|
|teampreview
|c|☆Royal1604|hf
|c|☆steel....SKITTY|HF
|inactive|steel....SKITTY has 270 seconds left.
|inactive|steel....SKITTY has 240 seconds left.
|
|t:|1668011140
|start
|switch|p1a: Ferrothorn|Ferrothorn, F|100/100
|switch|p2a: Go|Eternatus|100/100
|-ability|p2a: Go|Pressure
|turn|1
|
|t:|1668011159
|switch|p1a: Necrozma|Necrozma-Dusk-Mane|100/100
|move|p2a: Go|Mystical Fire|p1a: Necrozma
|-supereffective|p1a: Necrozma
|-damage|p1a: Necrozma|76/100
|-unboost|p1a: Necrozma|spa|1
|
|upkeep
|turn|2
|
|t:|1668011167
|switch|p2a: Et|Yveltal|100/100
|-ability|p2a: Et|Dark Aura
|move|p1a: Necrozma|Stealth Rock|p2a: Et
|-sidestart|p2: Royal1604|move: Stealth Rock
|
|upkeep
|turn|3
|
|t:|1668011173
|switch|p1a: Eternatus|Eternatus|100/100
|-ability|p1a: Eternatus|Pressure
|move|p2a: Et|Knock Off|p1a: Eternatus
|-damage|p1a: Eternatus|66/100
|-damage|p2a: Et|84/100|[from] item: Rocky Helmet|[of] p1a: Eternatus
|-enditem|p1a: Eternatus|Rocky Helmet|[from] move: Knock Off|[of] p2a: Et
|
|upkeep
|turn|4
|
|t:|1668011179
|switch|p2a: Finale|Necrozma-Dusk-Mane|100/100
|-damage|p2a: Finale|94/100|[from] Stealth Rock
|move|p1a: Eternatus|Recover|p1a: Eternatus
|-heal|p1a: Eternatus|100/100
|
|-heal|p2a: Finale|100/100|[from] item: Leftovers
|upkeep
|turn|5
|
|t:|1668011187
|switch|p1a: Ferrothorn|Ferrothorn, F|100/100
|move|p2a: Finale|Stealth Rock|p1a: Ferrothorn
|-sidestart|p1: steel....SKITTY|move: Stealth Rock
|
|upkeep
|turn|6
|
|t:|1668011191
|move|p2a: Finale|Thunder Wave|p1a: Ferrothorn
|-status|p1a: Ferrothorn|par
|move|p1a: Ferrothorn|Knock Off|p2a: Finale
|-supereffective|p2a: Finale
|-damage|p2a: Finale|77/100
|-enditem|p2a: Finale|Leftovers|[from] move: Knock Off|[of] p1a: Ferrothorn
|
|upkeep
|turn|7
|
|t:|1668011207
|switch|p2a: MII|Marshadow|100/100
|-damage|p2a: MII|94/100|[from] Stealth Rock
|move|p1a: Ferrothorn|Thunder Wave|p2a: MII
|-status|p2a: MII|par
|
|upkeep
|turn|8
|
|t:|1668011214
|switch|p2a: La|Calyrex-Shadow|100/100
|-ability|p2a: La|As One
|-ability|p2a: La|Unnerve
|-damage|p2a: La|88/100|[from] Stealth Rock
|switch|p1a: Eternatus|Eternatus|100/100
|-damage|p1a: Eternatus|88/100|[from] Stealth Rock
|-ability|p1a: Eternatus|Pressure
|
|upkeep
|turn|9
|
|t:|1668011220
|switch|p1a: Yveltal|Yveltal|100/100
|-ability|p1a: Yveltal|Dark Aura
|move|p2a: La|Trick|p1a: Yveltal
|-activate|p2a: La|move: Trick|[of] p1a: Yveltal
|-item|p1a: Yveltal|Choice Scarf|[from] move: Trick
|-item|p2a: La|Heavy-Duty Boots|[from] move: Trick
|
|upkeep
|turn|10
|
|t:|1668011228
|switch|p2a: Go|Eternatus|100/100
|-ability|p2a: Go|Pressure
|move|p1a: Yveltal|Knock Off|p2a: Go
|-damage|p2a: Go|54/100
|-enditem|p2a: Go|Heavy-Duty Boots|[from] move: Knock Off|[of] p1a: Yveltal
|
|upkeep
|turn|11
|
|t:|1668011233
|switch|p1a: Groudon|Groudon|100/100
|-damage|p1a: Groudon|94/100|[from] Stealth Rock
|-weather|SunnyDay|[from] ability: Drought|[of] p1a: Groudon
|move|p2a: Go|Recover|p2a: Go
|-heal|p2a: Go|100/100
|
|-weather|SunnyDay|[upkeep]
|-heal|p1a: Groudon|100/100|[from] item: Leftovers
|upkeep
|turn|12
|
|t:|1668011239
|move|p2a: Go|Toxic|p1a: Groudon
|-status|p1a: Groudon|tox
|move|p1a: Groudon|Precipice Blades|p2a: Go|[miss]
|-miss|p1a: Groudon|p2a: Go
|
|-weather|SunnyDay|[upkeep]
|-damage|p1a: Groudon|94/100 tox|[from] psn
|upkeep
|turn|13
|c|☆steel....SKITTY|jesus
|c|☆Royal1604|mb
|inactive|steel....SKITTY has 270 seconds left.
|
|t:|1668011283
|move|p2a: Go|Dynamax Cannon|p1a: Groudon
|-damage|p1a: Groudon|47/100 tox
|move|p1a: Groudon|Swords Dance|p1a: Groudon
|-boost|p1a: Groudon|atk|2
|
|-weather|SunnyDay|[upkeep]
|-heal|p1a: Groudon|53/100 tox|[from] item: Leftovers
|-damage|p1a: Groudon|41/100 tox|[from] psn
|upkeep
|turn|14
|
|t:|1668011287
|switch|p1a: Necrozma|Necrozma-Dusk-Mane|76/100
|-damage|p1a: Necrozma|70/100|[from] Stealth Rock
|move|p2a: Go|Dynamax Cannon|p1a: Necrozma
|-resisted|p1a: Necrozma
|-damage|p1a: Necrozma|53/100
|
|-weather|SunnyDay|[upkeep]
|upkeep
|turn|15
|
|t:|1668011294
|switch|p2a: Richard|Kyogre|100/100
|-damage|p2a: Richard|88/100|[from] Stealth Rock
|-weather|RainDance|[from] ability: Drizzle|[of] p2a: Richard
|move|p1a: Necrozma|Moonlight|p1a: Necrozma
|-heal|p1a: Necrozma|78/100
|
|-weather|RainDance|[upkeep]
|-heal|p2a: Richard|94/100|[from] item: Leftovers
|upkeep
|turn|16
|
|t:|1668011299
|switch|p1a: Ferrothorn|Ferrothorn, F|100/100 par
|-damage|p1a: Ferrothorn|94/100 par|[from] Stealth Rock
|move|p2a: Richard|Scald|p1a: Ferrothorn
|-resisted|p1a: Ferrothorn
|-damage|p1a: Ferrothorn|75/100 par
|
|-weather|RainDance|[upkeep]
|-heal|p2a: Richard|100/100|[from] item: Leftovers
|-heal|p1a: Ferrothorn|81/100 par|[from] item: Leftovers
|upkeep
|turn|17
|
|t:|1668011304
|switch|p2a: Et|Yveltal|84/100
|-ability|p2a: Et|Dark Aura
|move|p1a: Ferrothorn|Leech Seed|p2a: Et
|-start|p2a: Et|move: Leech Seed
|
|-weather|RainDance|[upkeep]
|-heal|p1a: Ferrothorn|88/100 par|[from] item: Leftovers
|-damage|p2a: Et|72/100|[from] Leech Seed|[of] p1a: Ferrothorn
|-heal|p1a: Ferrothorn|100/100 par|[silent]
|upkeep
|turn|18
|
|t:|1668011309
|switch|p2a: Finale|Necrozma-Dusk-Mane|77/100
|-damage|p2a: Finale|71/100|[from] Stealth Rock
|switch|p1a: Eternatus|Eternatus|88/100
|-damage|p1a: Eternatus|76/100|[from] Stealth Rock
|-ability|p1a: Eternatus|Pressure
|
|-weather|RainDance|[upkeep]
|upkeep
|turn|19
|
|t:|1668011317
|switch|p1a: Ferrothorn|Ferrothorn, F|100/100 par
|-damage|p1a: Ferrothorn|94/100 par|[from] Stealth Rock
|switch|p2a: MII|Marshadow|94/100 par
|-damage|p2a: MII|88/100 par|[from] Stealth Rock
|
|-weather|none
|-heal|p1a: Ferrothorn|100/100 par|[from] item: Leftovers
|upkeep
|turn|20
|
|t:|1668011324
|switch|p1a: Eternatus|Eternatus|76/100
|-damage|p1a: Eternatus|63/100|[from] Stealth Rock
|-ability|p1a: Eternatus|Pressure
|cant|p2a: MII|par
|
|upkeep
|turn|21
|
|t:|1668011329
|switch|p2a: La|Calyrex-Shadow|88/100
|-ability|p2a: La|As One
|-ability|p2a: La|Unnerve
|move|p1a: Eternatus|Flamethrower|p2a: La
|-damage|p2a: La|61/100
|
|upkeep
|turn|22
|
|t:|1668011335
|switch|p1a: Yveltal|Yveltal|100/100
|-damage|p1a: Yveltal|76/100|[from] Stealth Rock
|-ability|p1a: Yveltal|Dark Aura
|move|p2a: La|Aromatherapy|p2a: La
|-activate|p2a: La|move: Aromatherapy
|-curestatus|p2: MII|par|[msg]
|
|upkeep
|turn|23
|
|t:|1668011345
|switch|p1a: Lunala|Lunala|100/100
|switch|p2a: Go|Eternatus|100/100
|-damage|p2a: Go|88/100|[from] Stealth Rock
|-ability|p2a: Go|Pressure
|
|upkeep
|turn|24
|
|t:|1668011352
|move|p2a: Go|Mystical Fire|p1a: Lunala
|-damage|p1a: Lunala|92/100
|-unboost|p1a: Lunala|spa|1
|move|p1a: Lunala|Thunder Wave|p2a: Go
|-status|p2a: Go|par
|
|upkeep
|turn|25
|
|t:|1668011357
|switch|p1a: Necrozma|Necrozma-Dusk-Mane|78/100
|-damage|p1a: Necrozma|72/100|[from] Stealth Rock
|move|p2a: Go|Toxic|p1a: Necrozma
|-immune|p1a: Necrozma
|
|upkeep
|turn|26
|
|t:|1668011362
|switch|p2a: Richard|Kyogre|100/100
|-damage|p2a: Richard|88/100|[from] Stealth Rock
|-weather|RainDance|[from] ability: Drizzle|[of] p2a: Richard
|move|p1a: Necrozma|Sunsteel Strike|p2a: Richard
|-resisted|p2a: Richard
|-damage|p2a: Richard|70/100
|
|-weather|RainDance|[upkeep]
|-heal|p2a: Richard|76/100|[from] item: Leftovers
|upkeep
|turn|27
|
|t:|1668011367
|switch|p1a: Ferrothorn|Ferrothorn, F|100/100 par
|-damage|p1a: Ferrothorn|94/100 par|[from] Stealth Rock
|switch|p2a: MII|Marshadow|88/100
|-damage|p2a: MII|82/100|[from] Stealth Rock
|
|-weather|RainDance|[upkeep]
|-heal|p1a: Ferrothorn|100/100 par|[from] item: Leftovers
|upkeep
|turn|28
|
|t:|1668011380
|switch|p1a: Groudon|Groudon|41/100 tox
|-damage|p1a: Groudon|34/100 tox|[from] Stealth Rock
|-weather|SunnyDay|[from] ability: Drought|[of] p1a: Groudon
|move|p2a: MII|Spectral Thief|p1a: Groudon
|-damage|p1a: Groudon|0 fnt
|faint|p1a: Groudon
|
|-weather|SunnyDay|[upkeep]
|upkeep
|
|t:|1668011383
|switch|p1a: Eternatus|Eternatus|63/100
|-damage|p1a: Eternatus|51/100|[from] Stealth Rock
|-ability|p1a: Eternatus|Pressure
|turn|29
|
|t:|1668011402
|move|p1a: Eternatus|Flamethrower|p2a: MII
|-damage|p2a: MII|33/100
|move|p2a: MII|Spectral Thief|p1a: Eternatus
|-damage|p1a: Eternatus|5/100
|
|-weather|SunnyDay|[upkeep]
|upkeep
|turn|30
|
|t:|1668011407
|switch|p2a: La|Calyrex-Shadow|61/100
|-ability|p2a: La|As One
|-ability|p2a: La|Unnerve
|move|p1a: Eternatus|Recover|p1a: Eternatus
|-heal|p1a: Eternatus|56/100
|
|-weather|SunnyDay|[upkeep]
|upkeep
|turn|31
|
|t:|1668011412
|switch|p1a: Yveltal|Yveltal|76/100
|-damage|p1a: Yveltal|51/100|[from] Stealth Rock
|-ability|p1a: Yveltal|Dark Aura
|move|p2a: La|Astral Barrage|p1a: Yveltal
|-resisted|p1a: Yveltal
|-damage|p1a: Yveltal|24/100
|
|-weather|SunnyDay|[upkeep]
|upkeep
|turn|32
|inactive|Royal1604 has 270 seconds left.
|
|t:|1668011458
|switch|p2a: MII|Marshadow|33/100
|-damage|p2a: MII|27/100|[from] Stealth Rock
|move|p1a: Yveltal|Roost|p1a: Yveltal
|-heal|p1a: Yveltal|74/100
|-singleturn|p1a: Yveltal|move: Roost
|
|-weather|none
|upkeep
|turn|33
|
|t:|1668011478
|move|p1a: Yveltal|Roost|p1a: Yveltal
|-heal|p1a: Yveltal|100/100
|-singleturn|p1a: Yveltal|move: Roost
|move|p2a: MII|Spectral Thief|p1a: Yveltal
|-resisted|p1a: Yveltal
|-damage|p1a: Yveltal|72/100
|
|upkeep
|turn|34
|
|t:|1668011482
|move|p1a: Yveltal|Roost|p1a: Yveltal
|-heal|p1a: Yveltal|100/100
|-singleturn|p1a: Yveltal|move: Roost
|move|p2a: MII|Spectral Thief|p1a: Yveltal
|-resisted|p1a: Yveltal
|-damage|p1a: Yveltal|69/100
|
|upkeep
|turn|35
|
|t:|1668011486
|move|p1a: Yveltal|Roost|p1a: Yveltal
|-heal|p1a: Yveltal|100/100
|-singleturn|p1a: Yveltal|move: Roost
|move|p2a: MII|Spectral Thief|p1a: Yveltal
|-resisted|p1a: Yveltal
|-damage|p1a: Yveltal|71/100
|
|upkeep
|turn|36
|c|+ISZA|:O
|
|t:|1668011504
|move|p1a: Yveltal|Roost|p1a: Yveltal
|-heal|p1a: Yveltal|100/100
|-singleturn|p1a: Yveltal|move: Roost
|move|p2a: MII|Spectral Thief|p1a: Yveltal
|-resisted|p1a: Yveltal
|-damage|p1a: Yveltal|73/100
|
|upkeep
|turn|37
|
|t:|1668011507
|move|p1a: Yveltal|Roost|p1a: Yveltal
|-heal|p1a: Yveltal|100/100
|-singleturn|p1a: Yveltal|move: Roost
|move|p2a: MII|Spectral Thief|p1a: Yveltal
|-resisted|p1a: Yveltal
|-damage|p1a: Yveltal|73/100
|
|upkeep
|turn|38
|
|t:|1668011510
|switch|p2a: Richard|Kyogre|76/100
|-damage|p2a: Richard|64/100|[from] Stealth Rock
|-weather|RainDance|[from] ability: Drizzle|[of] p2a: Richard
|move|p1a: Yveltal|Roost|p1a: Yveltal
|-heal|p1a: Yveltal|100/100
|-singleturn|p1a: Yveltal|move: Roost
|
|-weather|RainDance|[upkeep]
|-heal|p2a: Richard|70/100|[from] item: Leftovers
|upkeep
|turn|39
|
|t:|1668011521
|switch|p1a: Eternatus|Eternatus|56/100
|-damage|p1a: Eternatus|43/100|[from] Stealth Rock
|-ability|p1a: Eternatus|Pressure
|switch|p2a: Et|Yveltal|72/100
|-ability|p2a: Et|Dark Aura
|
|-weather|RainDance|[upkeep]
|upkeep
|turn|40
|
|t:|1668011525
|move|p1a: Eternatus|Recover|p1a: Eternatus
|-heal|p1a: Eternatus|93/100
|move|p2a: Et|Taunt|p1a: Eternatus
|-start|p1a: Eternatus|move: Taunt
|
|-weather|RainDance|[upkeep]
|upkeep
|turn|41
|
|t:|1668011530
|move|p1a: Eternatus|Sludge Bomb|p2a: Et
|-damage|p2a: Et|44/100
|-status|p2a: Et|psn
|move|p2a: Et|Knock Off|p1a: Eternatus
|-damage|p1a: Eternatus|69/100
|
|-weather|RainDance|[upkeep]
|-damage|p2a: Et|32/100 psn|[from] psn
|upkeep
|turn|42
|
|t:|1668011536
|move|p1a: Eternatus|Dynamax Cannon|p2a: Et
|-damage|p2a: Et|0 fnt
|faint|p2a: Et
|
|-weather|none
|upkeep
|
|t:|1668011543
|switch|p2a: La|Calyrex-Shadow|61/100
|-ability|p2a: La|As One
|-ability|p2a: La|Unnerve
|turn|43
|
|t:|1668011546
|switch|p1a: Yveltal|Yveltal|100/100
|-damage|p1a: Yveltal|76/100|[from] Stealth Rock
|-ability|p1a: Yveltal|Dark Aura
|move|p2a: La|Astral Barrage|p1a: Yveltal
|-resisted|p1a: Yveltal
|-damage|p1a: Yveltal|50/100
|
|upkeep
|turn|44
|
|t:|1668011552
|switch|p2a: Richard|Kyogre|70/100
|-damage|p2a: Richard|57/100|[from] Stealth Rock
|-weather|RainDance|[from] ability: Drizzle|[of] p2a: Richard
|move|p1a: Yveltal|Roost|p1a: Yveltal
|-heal|p1a: Yveltal|99/100
|-singleturn|p1a: Yveltal|move: Roost
|
|-weather|RainDance|[upkeep]
|-heal|p2a: Richard|64/100|[from] item: Leftovers
|upkeep
|turn|45
|
|t:|1668011555
|switch|p1a: Ferrothorn|Ferrothorn, F|100/100 par
|-damage|p1a: Ferrothorn|94/100 par|[from] Stealth Rock
|move|p2a: Richard|Calm Mind|p2a: Richard
|-boost|p2a: Richard|spa|1
|-boost|p2a: Richard|spd|1
|
|-weather|RainDance|[upkeep]
|-heal|p2a: Richard|70/100|[from] item: Leftovers
|-heal|p1a: Ferrothorn|100/100 par|[from] item: Leftovers
|upkeep
|turn|46
|
|t:|1668011561
|move|p2a: Richard|Calm Mind|p2a: Richard
|-boost|p2a: Richard|spa|1
|-boost|p2a: Richard|spd|1
|move|p1a: Ferrothorn|Knock Off|p2a: Richard
|-damage|p2a: Richard|56/100
|-enditem|p2a: Richard|Leftovers|[from] move: Knock Off|[of] p1a: Ferrothorn
|
|-weather|RainDance|[upkeep]
|upkeep
|turn|47
|
|t:|1668011564
|move|p2a: Richard|Calm Mind|p2a: Richard
|-boost|p2a: Richard|spa|1
|-boost|p2a: Richard|spd|1
|cant|p1a: Ferrothorn|par
|
|-weather|RainDance|[upkeep]
|upkeep
|turn|48
|
|t:|1668011570
|move|p2a: Richard|Scald|p1a: Ferrothorn
|-resisted|p1a: Ferrothorn
|-damage|p1a: Ferrothorn|52/100 par
|cant|p1a: Ferrothorn|par
|
|-weather|none
|-heal|p1a: Ferrothorn|58/100 par|[from] item: Leftovers
|upkeep
|turn|49
|
|t:|1668011573
|move|p2a: Richard|Scald|p1a: Ferrothorn
|-resisted|p1a: Ferrothorn
|-damage|p1a: Ferrothorn|28/100 par
|move|p1a: Ferrothorn|Leech Seed|p2a: Richard
|-start|p2a: Richard|move: Leech Seed
|
|-heal|p1a: Ferrothorn|34/100 par|[from] item: Leftovers
|-damage|p2a: Richard|44/100|[from] Leech Seed|[of] p1a: Ferrothorn
|-heal|p1a: Ferrothorn|49/100 par|[silent]
|upkeep
|turn|50
|
|t:|1668011579
|move|p2a: Richard|Calm Mind|p2a: Richard
|-boost|p2a: Richard|spa|1
|-boost|p2a: Richard|spd|1
|cant|p1a: Ferrothorn|par
|
|-heal|p1a: Ferrothorn|55/100 par|[from] item: Leftovers
|-damage|p2a: Richard|31/100|[from] Leech Seed|[of] p1a: Ferrothorn
|-heal|p1a: Ferrothorn|69/100 par|[silent]
|upkeep
|turn|51
|
|t:|1668011581
|move|p2a: Richard|Scald|p1a: Ferrothorn
|-resisted|p1a: Ferrothorn
|-damage|p1a: Ferrothorn|34/100 par
|move|p1a: Ferrothorn|Thunder Wave|p2a: Richard
|-status|p2a: Richard|par
|
|-heal|p1a: Ferrothorn|41/100 par|[from] item: Leftovers
|-damage|p2a: Richard|19/100 par|[from] Leech Seed|[of] p1a: Ferrothorn
|-heal|p1a: Ferrothorn|55/100 par|[silent]
|upkeep
|turn|52
|
|t:|1668011594
|move|p2a: Richard|Rest|p2a: Richard
|-status|p2a: Richard|slp|[from] move: Rest
|-heal|p2a: Richard|100/100 slp|[silent]
|move|p1a: Ferrothorn|Knock Off|p2a: Richard
|-damage|p2a: Richard|91/100 slp
|
|-heal|p1a: Ferrothorn|61/100 par|[from] item: Leftovers
|-damage|p2a: Richard|79/100 slp|[from] Leech Seed|[of] p1a: Ferrothorn
|-heal|p1a: Ferrothorn|75/100 par|[silent]
|upkeep
|turn|53
|
|t:|1668011600
|cant|p2a: Richard|slp
|move|p2a: Richard|Sleep Talk|p2a: Richard
|move|p2a: Richard|Rest||[from]move: Sleep Talk|[still]
|-fail|p2a: Richard
|move|p1a: Ferrothorn|Knock Off|p2a: Richard
|-damage|p2a: Richard|70/100 slp
|
|-heal|p1a: Ferrothorn|81/100 par|[from] item: Leftovers
|-damage|p2a: Richard|58/100 slp|[from] Leech Seed|[of] p1a: Ferrothorn
|-heal|p1a: Ferrothorn|96/100 par|[silent]
|upkeep
|turn|54
|
|t:|1668011603
|cant|p2a: Richard|slp
|move|p2a: Richard|Sleep Talk|p2a: Richard
|move|p2a: Richard|Scald|p1a: Ferrothorn|[from]move: Sleep Talk
|-resisted|p1a: Ferrothorn
|-damage|p1a: Ferrothorn|62/100 par
|move|p1a: Ferrothorn|Knock Off|p2a: Richard
|-damage|p2a: Richard|49/100 slp
|
|-heal|p1a: Ferrothorn|68/100 par|[from] item: Leftovers
|-damage|p2a: Richard|36/100 slp|[from] Leech Seed|[of] p1a: Ferrothorn
|-heal|p1a: Ferrothorn|82/100 par|[silent]
|upkeep
|turn|55
|
|t:|1668011610
|-curestatus|p2a: Richard|slp|[msg]
|move|p2a: Richard|Calm Mind|p2a: Richard
|-boost|p2a: Richard|spa|1
|-boost|p2a: Richard|spd|1
|move|p1a: Ferrothorn|Knock Off|p2a: Richard
|-damage|p2a: Richard|27/100
|
|-heal|p1a: Ferrothorn|89/100 par|[from] item: Leftovers
|-damage|p2a: Richard|15/100|[from] Leech Seed|[of] p1a: Ferrothorn
|-heal|p1a: Ferrothorn|100/100 par|[silent]
|upkeep
|turn|56
|
|t:|1668011622
|switch|p1a: Yveltal|Yveltal|99/100
|-damage|p1a: Yveltal|75/100|[from] Stealth Rock
|-ability|p1a: Yveltal|Dark Aura
|move|p2a: Richard|Rest|p2a: Richard
|-status|p2a: Richard|slp|[from] move: Rest
|-heal|p2a: Richard|100/100 slp|[silent]
|
|-damage|p2a: Richard|88/100 slp|[from] Leech Seed|[of] p1a: Yveltal
|-heal|p1a: Yveltal|87/100|[silent]
|upkeep
|turn|57
|
|t:|1668011627
|move|p1a: Yveltal|Taunt|p2a: Richard
|-start|p2a: Richard|move: Taunt
|cant|p2a: Richard|slp
|cant|p2a: Richard|move: Taunt|Sleep Talk
|
|-damage|p2a: Richard|76/100 slp|[from] Leech Seed|[of] p1a: Yveltal
|-heal|p1a: Yveltal|99/100|[silent]
|upkeep
|turn|58
|
|t:|1668011630
|switch|p1a: Ferrothorn|Ferrothorn, F|100/100 par
|-damage|p1a: Ferrothorn|94/100 par|[from] Stealth Rock
|cant|p2a: Richard|slp
|
|-heal|p1a: Ferrothorn|100/100 par|[from] item: Leftovers
|-damage|p2a: Richard|63/100 slp|[from] Leech Seed|[of] p1a: Ferrothorn
|upkeep
|turn|59
|
|t:|1668011636
|-curestatus|p2a: Richard|slp|[msg]
|move|p2a: Richard|Scald|p1a: Ferrothorn
|-resisted|p1a: Ferrothorn
|-damage|p1a: Ferrothorn|60/100 par
|move|p1a: Ferrothorn|Thunder Wave|p2a: Richard
|-status|p2a: Richard|par
|
|-heal|p1a: Ferrothorn|66/100 par|[from] item: Leftovers
|-damage|p2a: Richard|51/100 par|[from] Leech Seed|[of] p1a: Ferrothorn
|-heal|p1a: Ferrothorn|81/100 par|[silent]
|-end|p2a: Richard|move: Taunt
|upkeep
|turn|60
|
|t:|1668011642
|move|p2a: Richard|Rest|p2a: Richard
|-status|p2a: Richard|slp|[from] move: Rest
|-heal|p2a: Richard|100/100 slp|[silent]
|cant|p1a: Ferrothorn|par
|
|-heal|p1a: Ferrothorn|87/100 par|[from] item: Leftovers
|-damage|p2a: Richard|88/100 slp|[from] Leech Seed|[of] p1a: Ferrothorn
|-heal|p1a: Ferrothorn|100/100 par|[silent]
|upkeep
|turn|61
|
|t:|1668011646
|cant|p2a: Richard|slp
|move|p2a: Richard|Sleep Talk|p2a: Richard
|move|p2a: Richard|Rest||[from]move: Sleep Talk|[still]
|-fail|p2a: Richard
|move|p1a: Ferrothorn|Knock Off|p2a: Richard
|-damage|p2a: Richard|79/100 slp
|
|-damage|p2a: Richard|67/100 slp|[from] Leech Seed|[of] p1a: Ferrothorn
|upkeep
|turn|62
|
|t:|1668011649
|cant|p2a: Richard|slp
|move|p2a: Richard|Sleep Talk|p2a: Richard
|move|p2a: Richard|Scald|p1a: Ferrothorn|[from]move: Sleep Talk
|-resisted|p1a: Ferrothorn
|-damage|p1a: Ferrothorn|54/100 par
|cant|p1a: Ferrothorn|par
|
|-heal|p1a: Ferrothorn|60/100 par|[from] item: Leftovers
|-damage|p2a: Richard|54/100 slp|[from] Leech Seed|[of] p1a: Ferrothorn
|-heal|p1a: Ferrothorn|74/100 par|[silent]
|upkeep
|turn|63
|
|t:|1668011655
|-curestatus|p2a: Richard|slp|[msg]
|move|p2a: Richard|Calm Mind|p2a: Richard
|-boost|p2a: Richard|spa|1
|-boost|p2a: Richard|spd|1
|move|p1a: Ferrothorn|Knock Off|p2a: Richard
|-damage|p2a: Richard|45/100
|
|-heal|p1a: Ferrothorn|81/100 par|[from] item: Leftovers
|-damage|p2a: Richard|32/100|[from] Leech Seed|[of] p1a: Ferrothorn
|-heal|p1a: Ferrothorn|95/100 par|[silent]
|upkeep
|turn|64
|
|t:|1668011660
|move|p2a: Richard|Rest|p2a: Richard
|-status|p2a: Richard|slp|[from] move: Rest
|-heal|p2a: Richard|100/100 slp|[silent]
|move|p1a: Ferrothorn|Knock Off|p2a: Richard
|-damage|p2a: Richard|92/100 slp
|
|-heal|p1a: Ferrothorn|100/100 par|[from] item: Leftovers
|-damage|p2a: Richard|79/100 slp|[from] Leech Seed|[of] p1a: Ferrothorn
|upkeep
|turn|65
|
|t:|1668011663
|cant|p2a: Richard|slp
|move|p2a: Richard|Sleep Talk|p2a: Richard
|move|p2a: Richard|Rest||[from]move: Sleep Talk|[still]
|-fail|p2a: Richard
|move|p1a: Ferrothorn|Knock Off|p2a: Richard
|-damage|p2a: Richard|70/100 slp
|
|-damage|p2a: Richard|57/100 slp|[from] Leech Seed|[of] p1a: Ferrothorn
|upkeep
|turn|66
|
|t:|1668011667
|cant|p2a: Richard|slp
|move|p2a: Richard|Sleep Talk|p2a: Richard
|move|p2a: Richard|Calm Mind|p2a: Richard|[from]move: Sleep Talk
|-boost|p2a: Richard|spa|0
|-boost|p2a: Richard|spd|0
|move|p1a: Ferrothorn|Knock Off|p2a: Richard
|-damage|p2a: Richard|48/100 slp
|
|-damage|p2a: Richard|35/100 slp|[from] Leech Seed|[of] p1a: Ferrothorn
|upkeep
|turn|67
|
|t:|1668011672
|-curestatus|p2a: Richard|slp|[msg]
|move|p2a: Richard|Rest|p2a: Richard
|-status|p2a: Richard|slp|[from] move: Rest
|-heal|p2a: Richard|100/100 slp|[silent]
|move|p1a: Ferrothorn|Knock Off|p2a: Richard
|-damage|p2a: Richard|91/100 slp
|
|-damage|p2a: Richard|78/100 slp|[from] Leech Seed|[of] p1a: Ferrothorn
|upkeep
|turn|68
|
|t:|1668011675
|cant|p2a: Richard|slp
|move|p2a: Richard|Sleep Talk|p2a: Richard
|move|p2a: Richard|Calm Mind|p2a: Richard|[from]move: Sleep Talk
|-boost|p2a: Richard|spa|0
|-boost|p2a: Richard|spd|0
|move|p1a: Ferrothorn|Knock Off|p2a: Richard
|-damage|p2a: Richard|69/100 slp
|
|-damage|p2a: Richard|56/100 slp|[from] Leech Seed|[of] p1a: Ferrothorn
|upkeep
|turn|69
|
|t:|1668011679
|cant|p2a: Richard|slp
|move|p2a: Richard|Sleep Talk|p2a: Richard
|move|p2a: Richard|Rest||[from]move: Sleep Talk|[still]
|-fail|p2a: Richard
|move|p1a: Ferrothorn|Knock Off|p2a: Richard
|-damage|p2a: Richard|46/100 slp
|
|-damage|p2a: Richard|34/100 slp|[from] Leech Seed|[of] p1a: Ferrothorn
|upkeep
|turn|70
|
|t:|1668011683
|-curestatus|p2a: Richard|slp|[msg]
|move|p2a: Richard|Rest|p2a: Richard
|-status|p2a: Richard|slp|[from] move: Rest
|-heal|p2a: Richard|100/100 slp|[silent]
|cant|p1a: Ferrothorn|par
|
|-damage|p2a: Richard|88/100 slp|[from] Leech Seed|[of] p1a: Ferrothorn
|upkeep
|turn|71
|
|t:|1668011687
|cant|p2a: Richard|slp
|move|p2a: Richard|Sleep Talk|p2a: Richard
|move|p2a: Richard|Calm Mind|p2a: Richard|[from]move: Sleep Talk
|-boost|p2a: Richard|spa|0
|-boost|p2a: Richard|spd|0
|move|p1a: Ferrothorn|Knock Off|p2a: Richard
|-damage|p2a: Richard|79/100 slp
|
|-damage|p2a: Richard|66/100 slp|[from] Leech Seed|[of] p1a: Ferrothorn
|upkeep
|turn|72
|
|t:|1668011690
|cant|p2a: Richard|slp
|move|p2a: Richard|Sleep Talk|p2a: Richard
|move|p2a: Richard|Calm Mind|p2a: Richard|[from]move: Sleep Talk
|-boost|p2a: Richard|spa|0
|-boost|p2a: Richard|spd|0
|move|p1a: Ferrothorn|Knock Off|p2a: Richard
|-damage|p2a: Richard|57/100 slp
|
|-damage|p2a: Richard|45/100 slp|[from] Leech Seed|[of] p1a: Ferrothorn
|upkeep
|turn|73
|
|t:|1668011694
|-curestatus|p2a: Richard|slp|[msg]
|move|p2a: Richard|Rest|p2a: Richard
|-status|p2a: Richard|slp|[from] move: Rest
|-heal|p2a: Richard|100/100 slp|[silent]
|cant|p1a: Ferrothorn|par
|
|-damage|p2a: Richard|88/100 slp|[from] Leech Seed|[of] p1a: Ferrothorn
|upkeep
|turn|74
|
|t:|1668011696
|cant|p2a: Richard|slp
|move|p2a: Richard|Sleep Talk|p2a: Richard
|move|p2a: Richard|Calm Mind|p2a: Richard|[from]move: Sleep Talk
|-boost|p2a: Richard|spa|0
|-boost|p2a: Richard|spd|0
|move|p1a: Ferrothorn|Knock Off|p2a: Richard
|-damage|p2a: Richard|79/100 slp
|
|-damage|p2a: Richard|67/100 slp|[from] Leech Seed|[of] p1a: Ferrothorn
|upkeep
|turn|75
|
|t:|1668011700
|cant|p2a: Richard|slp
|move|p2a: Richard|Sleep Talk|p2a: Richard
|move|p2a: Richard|Calm Mind|p2a: Richard|[from]move: Sleep Talk
|-boost|p2a: Richard|spa|0
|-boost|p2a: Richard|spd|0
|move|p1a: Ferrothorn|Knock Off|p2a: Richard
|-damage|p2a: Richard|58/100 slp
|
|-damage|p2a: Richard|45/100 slp|[from] Leech Seed|[of] p1a: Ferrothorn
|upkeep
|turn|76
|
|t:|1668011704
|-curestatus|p2a: Richard|slp|[msg]
|move|p2a: Richard|Rest|p2a: Richard
|-status|p2a: Richard|slp|[from] move: Rest
|-heal|p2a: Richard|100/100 slp|[silent]
|move|p1a: Ferrothorn|Thunder Wave||[still]
|-fail|p1a: Ferrothorn
|
|-damage|p2a: Richard|88/100 slp|[from] Leech Seed|[of] p1a: Ferrothorn
|upkeep
|turn|77
|
|t:|1668011708
|cant|p2a: Richard|slp
|move|p2a: Richard|Sleep Talk|p2a: Richard
|move|p2a: Richard|Calm Mind|p2a: Richard|[from]move: Sleep Talk
|-boost|p2a: Richard|spa|0
|-boost|p2a: Richard|spd|0
|move|p1a: Ferrothorn|Knock Off|p2a: Richard
|-damage|p2a: Richard|78/100 slp
|
|-damage|p2a: Richard|66/100 slp|[from] Leech Seed|[of] p1a: Ferrothorn
|upkeep
|turn|78
|
|t:|1668011712
|cant|p2a: Richard|slp
|move|p2a: Richard|Sleep Talk|p2a: Richard
|move|p2a: Richard|Calm Mind|p2a: Richard|[from]move: Sleep Talk
|-boost|p2a: Richard|spa|0
|-boost|p2a: Richard|spd|0
|move|p1a: Ferrothorn|Knock Off|p2a: Richard
|-damage|p2a: Richard|57/100 slp
|
|-damage|p2a: Richard|45/100 slp|[from] Leech Seed|[of] p1a: Ferrothorn
|upkeep
|turn|79
|
|t:|1668011716
|-curestatus|p2a: Richard|slp|[msg]
|move|p2a: Richard|Scald|p1a: Ferrothorn
|-resisted|p1a: Ferrothorn
|-damage|p1a: Ferrothorn|50/100 par
|move|p1a: Ferrothorn|Spikes|p2a: Richard
|-sidestart|p2: Royal1604|Spikes
|
|-heal|p1a: Ferrothorn|56/100 par|[from] item: Leftovers
|-damage|p2a: Richard|32/100|[from] Leech Seed|[of] p1a: Ferrothorn
|-heal|p1a: Ferrothorn|71/100 par|[silent]
|upkeep
|turn|80
|
|t:|1668011720
|move|p2a: Richard|Scald|p1a: Ferrothorn
|-resisted|p1a: Ferrothorn
|-damage|p1a: Ferrothorn|22/100 par
|move|p1a: Ferrothorn|Thunder Wave|p2a: Richard
|-status|p2a: Richard|par
|
|-heal|p1a: Ferrothorn|29/100 par|[from] item: Leftovers
|-damage|p2a: Richard|20/100 par|[from] Leech Seed|[of] p1a: Ferrothorn
|-heal|p1a: Ferrothorn|43/100 par|[silent]
|upkeep
|turn|81
|
|t:|1668011725
|move|p2a: Richard|Rest|p2a: Richard
|-status|p2a: Richard|slp|[from] move: Rest
|-heal|p2a: Richard|100/100 slp|[silent]
|move|p1a: Ferrothorn|Knock Off|p2a: Richard
|-damage|p2a: Richard|91/100 slp
|
|-heal|p1a: Ferrothorn|49/100 par|[from] item: Leftovers
|-damage|p2a: Richard|78/100 slp|[from] Leech Seed|[of] p1a: Ferrothorn
|-heal|p1a: Ferrothorn|63/100 par|[silent]
|upkeep
|turn|82
|
|t:|1668011731
|cant|p2a: Richard|slp
|move|p2a: Richard|Sleep Talk|p2a: Richard
|move|p2a: Richard|Calm Mind|p2a: Richard|[from]move: Sleep Talk
|-boost|p2a: Richard|spa|0
|-boost|p2a: Richard|spd|0
|move|p1a: Ferrothorn|Knock Off|p2a: Richard
|-damage|p2a: Richard|68/100 slp
|
|-heal|p1a: Ferrothorn|70/100 par|[from] item: Leftovers
|-damage|p2a: Richard|56/100 slp|[from] Leech Seed|[of] p1a: Ferrothorn
|-heal|p1a: Ferrothorn|84/100 par|[silent]
|upkeep
|turn|83
|
|t:|1668011736
|cant|p2a: Richard|slp
|move|p2a: Richard|Sleep Talk|p2a: Richard
|move|p2a: Richard|Calm Mind|p2a: Richard|[from]move: Sleep Talk
|-boost|p2a: Richard|spa|0
|-boost|p2a: Richard|spd|0
|cant|p1a: Ferrothorn|par
|
|-heal|p1a: Ferrothorn|90/100 par|[from] item: Leftovers
|-damage|p2a: Richard|44/100 slp|[from] Leech Seed|[of] p1a: Ferrothorn
|-heal|p1a: Ferrothorn|100/100 par|[silent]
|upkeep
|turn|84
|
|t:|1668011741
|-curestatus|p2a: Richard|slp|[msg]
|move|p2a: Richard|Scald|p1a: Ferrothorn
|-resisted|p1a: Ferrothorn
|-damage|p1a: Ferrothorn|49/100 par
|move|p1a: Ferrothorn|Thunder Wave|p2a: Richard
|-status|p2a: Richard|par
|
|-heal|p1a: Ferrothorn|56/100 par|[from] item: Leftovers
|-damage|p2a: Richard|31/100 par|[from] Leech Seed|[of] p1a: Ferrothorn
|-heal|p1a: Ferrothorn|70/100 par|[silent]
|upkeep
|turn|85
|
|t:|1668011745
|move|p2a: Richard|Scald|p1a: Ferrothorn
|-resisted|p1a: Ferrothorn
|-damage|p1a: Ferrothorn|24/100 par
|move|p1a: Ferrothorn|Knock Off|p2a: Richard
|-damage|p2a: Richard|21/100 par
|
|-heal|p1a: Ferrothorn|30/100 par|[from] item: Leftovers
|-damage|p2a: Richard|9/100 par|[from] Leech Seed|[of] p1a: Ferrothorn
|-heal|p1a: Ferrothorn|44/100 par|[silent]
|upkeep
|turn|86
|
|t:|1668011748
|move|p2a: Richard|Scald|p1a: Ferrothorn
|-resisted|p1a: Ferrothorn
|-damage|p1a: Ferrothorn|0 fnt
|faint|p1a: Ferrothorn
|
|upkeep
|
|t:|1668011753
|switch|p1a: Yveltal|Yveltal|99/100
|-damage|p1a: Yveltal|74/100|[from] Stealth Rock
|-ability|p1a: Yveltal|Dark Aura
|turn|87
|
|t:|1668011756
|move|p1a: Yveltal|Knock Off|p2a: Richard
|-damage|p2a: Richard|0 fnt
|faint|p2a: Richard
|
|upkeep
|
|t:|1668011767
|switch|p2a: Finale|Necrozma-Dusk-Mane|71/100
|-damage|p2a: Finale|65/100|[from] Stealth Rock
|-damage|p2a: Finale|53/100|[from] Spikes
|turn|88
|
|t:|1668011782
|switch|p1a: Lunala|Lunala|92/100
|move|p2a: Finale|Thunder Wave|p1a: Lunala
|-status|p1a: Lunala|par
|
|upkeep
|turn|89
|
|t:|1668011795
|switch|p2a: Go|Eternatus|88/100 par
|-damage|p2a: Go|76/100 par|[from] Stealth Rock
|-damage|p2a: Go|63/100 par|[from] Spikes
|-ability|p2a: Go|Pressure
|cant|p1a: Lunala|par
|
|upkeep
|turn|90
|
|t:|1668011799
|cant|p2a: Go|par
|move|p1a: Lunala|Ice Beam|p2a: Go
|-supereffective|p2a: Go
|-damage|p2a: Go|25/100 par
|
|upkeep
|turn|91
|
|t:|1668011802
|move|p2a: Go|Recover|p2a: Go
|-heal|p2a: Go|75/100 par
|move|p1a: Lunala|Ice Beam|p2a: Go
|-supereffective|p2a: Go
|-damage|p2a: Go|41/100 par
|
|upkeep
|turn|92
|
|t:|1668011804
|move|p2a: Go|Recover|p2a: Go
|-heal|p2a: Go|91/100 par
|move|p1a: Lunala|Ice Beam|p2a: Go
|-supereffective|p2a: Go
|-damage|p2a: Go|57/100 par
|
|upkeep
|turn|93
|
|t:|1668011807
|move|p2a: Go|Recover|p2a: Go
|-heal|p2a: Go|100/100 par
|move|p1a: Lunala|Ice Beam|p2a: Go
|-supereffective|p2a: Go
|-damage|p2a: Go|68/100 par
|
|upkeep
|turn|94
|
|t:|1668011811
|move|p2a: Go|Recover|p2a: Go
|-heal|p2a: Go|100/100 par
|move|p1a: Lunala|Roost|p1a: Lunala
|-heal|p1a: Lunala|100/100 par
|-singleturn|p1a: Lunala|move: Roost
|
|upkeep
|turn|95
|
|t:|1668011813
|switch|p1a: Necrozma|Necrozma-Dusk-Mane|72/100
|-damage|p1a: Necrozma|66/100|[from] Stealth Rock
|cant|p2a: Go|par
|
|upkeep
|turn|96
|
|t:|1668011821
|move|p1a: Necrozma|Sunsteel Strike|p2a: Go
|-damage|p2a: Go|60/100 par
|move|p2a: Go|Mystical Fire|p1a: Necrozma
|-supereffective|p1a: Necrozma
|-damage|p1a: Necrozma|42/100
|-unboost|p1a: Necrozma|spa|1
|
|upkeep
|turn|97
|
|t:|1668011827
|switch|p2a: La|Calyrex-Shadow|61/100
|-ability|p2a: La|As One
|-ability|p2a: La|Unnerve
|move|p1a: Necrozma|Moonlight|p1a: Necrozma
|-heal|p1a: Necrozma|92/100
|
|upkeep
|turn|98
|
|t:|1668011852
|move|p2a: La|Astral Barrage|p1a: Necrozma
|-supereffective|p1a: Necrozma
|-damage|p1a: Necrozma|22/100
|move|p1a: Necrozma|Sunsteel Strike|p2a: La
|-damage|p2a: La|0 fnt
|faint|p2a: La
|
|upkeep
|
|t:|1668011856
|switch|p2a: MII|Marshadow|27/100
|-damage|p2a: MII|21/100|[from] Stealth Rock
|-damage|p2a: MII|8/100|[from] Spikes
|turn|99
|
|t:|1668011874
|switch|p1a: Eternatus|Eternatus|69/100
|-damage|p1a: Eternatus|57/100|[from] Stealth Rock
|-ability|p1a: Eternatus|Pressure
|move|p2a: MII|Spectral Thief|p1a: Eternatus
|-damage|p1a: Eternatus|9/100
|
|upkeep
|turn|100
|inactive|steel....SKITTY has 270 seconds left.
|
|t:|1668011892
|move|p1a: Eternatus|Recover|p1a: Eternatus
|-heal|p1a: Eternatus|59/100
|move|p2a: MII|Spectral Thief|p1a: Eternatus
|-damage|p1a: Eternatus|14/100
|
|upkeep
|turn|101
|inactive|steel....SKITTY has 270 seconds left.
|
|t:|1668011909
|move|p1a: Eternatus|Flamethrower|p2a: MII
|-damage|p2a: MII|0 fnt
|faint|p2a: MII
|
|upkeep
|
|t:|1668011915
|switch|p2a: Go|Eternatus|60/100 par
|-damage|p2a: Go|47/100 par|[from] Stealth Rock
|-damage|p2a: Go|35/100 par|[from] Spikes
|-ability|p2a: Go|Pressure
|turn|102
|
|t:|1668011917
|move|p1a: Eternatus|Dynamax Cannon|p2a: Go
|-supereffective|p2a: Go
|-damage|p2a: Go|0 fnt
|faint|p2a: Go
|
|upkeep
|c|☆Royal1604|gg
|c|☆steel....SKITTY|g g
|-message|Royal1604 forfeited.
|
|win|steel....SKITTY
