|inactive|Battle timer is ON: inactive players will automatically lose when time's up.
|t:|1611457387
|player|p1|PainoGaming|clemont|
|player|p2|FearNeverDies|lyra|
|teamsize|p1|6
|teamsize|p2|6
|gametype|singles
|gen|8
|tier|[Gen 8] Ubers
|clearpoke
|poke|p1|Xerneas|
|poke|p1|Yveltal|
|poke|p1|Groudon|
|poke|p1|Calyrex-Shadow|
|poke|p1|Shuckle, M|
|poke|p1|Necrozma-Dusk-Mane|
|poke|p2|Yveltal|
|poke|p2|Necrozma-Dusk-Mane|
|poke|p2|Eternatus|
|poke|p2|Buzzwole|
|poke|p2|Marshadow|
|poke|p2|Ho-Oh|
|rule|Sleep Clause Mod: Limit one foe put to sleep
|rule|Species Clause: Limit one of each Pokémon
|rule|OHKO Clause: OHKO moves are banned
|rule|Evasion Moves Clause: Evasion moves are banned
|rule|Endless Battle Clause: Forcing endless battles is banned
|rule|HP Percentage Mod: HP is shown in percentages
|rule|Dynamax Clause: You cannot dynamax
|teampreview
|inactive|PainoGaming also wants the timer to be on.
|c|☆FearNeverDies|gl
|inactive|PainoGaming has 270 seconds left.
|inactive|FearNeverDies has 270 seconds left.
|c|☆PainoGaming|u2
|inactive|PainoGaming has 240 seconds left.
|inactive|FearNeverDies has 240 seconds left.
|
|t:|1611457463
|start
|switch|p1a: Groudon|Groudon|100/100
|switch|p2a: Yveltal|Yveltal|100/100
|-ability|p2a: Yveltal|Dark Aura
|-weather|SunnyDay|[from] ability: Drought|[of] p1a: Groudon
|turn|1
|inactive|FearNeverDies has 270 seconds left.
|inactive|PainoGaming has 270 seconds left.
|inactive|PainoGaming has 240 seconds left.
|
|t:|1611457542
|move|p2a: Yveltal|U-turn|p1a: Groudon
|-damage|p1a: Groudon|88/100
|
|t:|1611457544
|switch|p2a: Buzzwole|Buzzwole|100/100|[from]move: U-turn
|move|p1a: Groudon|Swords Dance|p1a: Groudon
|-boost|p1a: Groudon|atk|2
|
|-weather|SunnyDay|[upkeep]
|upkeep
|turn|2
|
|t:|1611457552
|move|p1a: Groudon|Heat Crash|p2a: Buzzwole
|-supereffective|p2a: Buzzwole
|-damage|p2a: Buzzwole|16/100
|-damage|p1a: Groudon|78/100|[from] item: Life Orb
|move|p2a: Buzzwole|Bulk Up|p2a: Buzzwole
|-boost|p2a: Buzzwole|atk|1
|-boost|p2a: Buzzwole|def|1
|
|-weather|SunnyDay|[upkeep]
|upkeep
|turn|3
|
|t:|1611457559
|move|p1a: Groudon|Heat Crash|p2a: Buzzwole
|-supereffective|p2a: Buzzwole
|-damage|p2a: Buzzwole|0 fnt
|-damage|p1a: Groudon|68/100|[from] item: Life Orb
|faint|p2a: Buzzwole
|
|-weather|SunnyDay|[upkeep]
|upkeep
|
|t:|1611457560
|switch|p2a: Marshadow|Marshadow|100/100
|turn|4
|
|t:|1611457564
|move|p2a: Marshadow|Close Combat|p1a: Groudon
|-damage|p1a: Groudon|5/100
|-unboost|p2a: Marshadow|def|1
|-unboost|p2a: Marshadow|spd|1
|-damage|p2a: Marshadow|91/100|[from] item: Life Orb
|move|p1a: Groudon|Heat Crash|p2a: Marshadow
|-damage|p2a: Marshadow|0 fnt
|-damage|p1a: Groudon|0 fnt|[from] item: Life Orb
|faint|p2a: Marshadow
|faint|p1a: Groudon
|
|-weather|SunnyDay|[upkeep]
|upkeep
|inactive|PainoGaming has 270 seconds left.
|
|t:|1611457580
|switch|p2a: Ho-Oh|Ho-Oh|100/100
|switch|p1a: Calyrex|Calyrex-Shadow|100/100
|-ability|p1a: Calyrex|As One
|-ability|p1a: Calyrex|Unnerve|p2: FearNeverDies
|turn|5
|
|t:|1611457606
|switch|p1a: Xerneas|Xerneas|100/100
|-ability|p1a: Xerneas|Fairy Aura
|move|p2a: Ho-Oh|Thunder Wave|p1a: Xerneas
|-status|p1a: Xerneas|par
|
|-weather|none
|upkeep
|turn|6
|
|t:|1611457609
|switch|p2a: Necrozma|Necrozma-Dusk-Mane|100/100
|move|p1a: Xerneas|Aromatherapy|p1a: Xerneas
|-activate|p1a: Xerneas|move: Aromatherapy
|-curestatus|p1a: Xerneas|par|[msg]
|
|upkeep
|turn|7
|
|t:|1611457612
|switch|p1a: Calyrex|Calyrex-Shadow|100/100
|-ability|p1a: Calyrex|As One
|-ability|p1a: Calyrex|Unnerve|p2: FearNeverDies
|move|p2a: Necrozma|Stealth Rock|p1a: Calyrex
|-sidestart|p1: PainoGaming|move: Stealth Rock
|
|upkeep
|turn|8
|inactive|PainoGaming has 270 seconds left.
|
|t:|1611457617
|switch|p2a: Ho-Oh|Ho-Oh|100/100
|move|p1a: Calyrex|Astral Barrage|p2a: Ho-Oh
|-damage|p2a: Ho-Oh|44/100
|
|upkeep
|turn|9
|
|t:|1611457619
|switch|p2a: Yveltal|Yveltal|100/100
|-ability|p2a: Yveltal|Dark Aura
|move|p1a: Calyrex|Astral Barrage|p2a: Yveltal
|-resisted|p2a: Yveltal
|-damage|p2a: Yveltal|61/100
|
|upkeep
|turn|10
|
|t:|1611457631
|switch|p1a: Shuckle|Shuckle, M|100/100
|-damage|p1a: Shuckle|75/100|[from] Stealth Rock
|move|p2a: Yveltal|Roost|p2a: Yveltal
|-heal|p2a: Yveltal|100/100
|-singleturn|p2a: Yveltal|move: Roost
|
|upkeep
|turn|11
|
|t:|1611457635
|switch|p2a: Eternatus|Eternatus|100/100
|-ability|p2a: Eternatus|Pressure
|move|p1a: Shuckle|Sticky Web|p2a: Eternatus
|-sidestart|p2: FearNeverDies|move: Sticky Web
|
|upkeep
|turn|12
|
|t:|1611457638
|move|p2a: Eternatus|Toxic|p1a: Shuckle
|-status|p1a: Shuckle|tox
|move|p1a: Shuckle|Stealth Rock|p2a: Eternatus
|-sidestart|p2: FearNeverDies|move: Stealth Rock
|
|-damage|p1a: Shuckle|69/100 tox|[from] psn
|upkeep
|turn|13
|
|t:|1611457641
|move|p2a: Eternatus|Dynamax Cannon|p1a: Shuckle
|-damage|p1a: Shuckle|38/100 tox
|move|p1a: Shuckle|Encore|p2a: Eternatus
|-start|p2a: Eternatus|Encore
|
|-damage|p1a: Shuckle|26/100 tox|[from] psn
|upkeep
|turn|14
|
|t:|1611457650
|move|p2a: Eternatus|Dynamax Cannon|p1a: Shuckle
|-damage|p1a: Shuckle|0 fnt
|faint|p1a: Shuckle
|
|upkeep
|c|☆PainoGaming|im literally sweating
|c|☆PainoGaming|bruh
|inactive|PainoGaming has 270 seconds left.
|
|t:|1611457699
|switch|p1a: Xerneas|Xerneas|100/100
|-damage|p1a: Xerneas|88/100|[from] Stealth Rock
|-ability|p1a: Xerneas|Fairy Aura
|turn|15
|
|t:|1611457705
|switch|p2a: Necrozma|Necrozma-Dusk-Mane|100/100
|-damage|p2a: Necrozma|94/100|[from] Stealth Rock
|-activate|p2a: Necrozma|move: Sticky Web
|-unboost|p2a: Necrozma|spe|1
|switch|p1a: Calyrex|Calyrex-Shadow|100/100
|-ability|p1a: Calyrex|As One
|-ability|p1a: Calyrex|Unnerve|p2: FearNeverDies
|-damage|p1a: Calyrex|88/100|[from] Stealth Rock
|
|-heal|p2a: Necrozma|100/100|[from] item: Leftovers
|upkeep
|turn|16
|
|t:|1611457709
|switch|p2a: Ho-Oh|Ho-Oh|77/100
|move|p1a: Calyrex|Astral Barrage|p2a: Ho-Oh
|-damage|p2a: Ho-Oh|27/100
|
|upkeep
|turn|17
|
|t:|1611457713
|switch|p2a: Yveltal|Yveltal|100/100
|-ability|p2a: Yveltal|Dark Aura
|move|p1a: Calyrex|Astral Barrage|p2a: Yveltal
|-resisted|p2a: Yveltal
|-damage|p2a: Yveltal|64/100
|
|upkeep
|turn|18
|inactive|PainoGaming has 270 seconds left.
|
|t:|1611457735
|switch|p1a: Xerneas|Xerneas|88/100
|-damage|p1a: Xerneas|76/100|[from] Stealth Rock
|-ability|p1a: Xerneas|Fairy Aura
|move|p2a: Yveltal|Roost|p2a: Yveltal
|-heal|p2a: Yveltal|100/100
|-singleturn|p2a: Yveltal|move: Roost
|
|upkeep
|turn|19
|
|t:|1611457746
|switch|p2a: Necrozma|Necrozma-Dusk-Mane|100/100
|-damage|p2a: Necrozma|94/100|[from] Stealth Rock
|-activate|p2a: Necrozma|move: Sticky Web
|-unboost|p2a: Necrozma|spe|1
|move|p1a: Xerneas|Geomancy||[still]
|-prepare|p1a: Xerneas|Geomancy
|-enditem|p1a: Xerneas|Power Herb
|-anim|p1a: Xerneas|Geomancy|p1a: Xerneas
|-boost|p1a: Xerneas|spa|2
|-boost|p1a: Xerneas|spd|2
|-boost|p1a: Xerneas|spe|2
|
|-heal|p2a: Necrozma|100/100|[from] item: Leftovers
|upkeep
|turn|20
|
|t:|1611457753
|move|p1a: Xerneas|Moonblast|p2a: Necrozma
|-resisted|p2a: Necrozma
|-damage|p2a: Necrozma|58/100
|-unboost|p2a: Necrozma|spa|1
|move|p2a: Necrozma|Sunsteel Strike|p1a: Xerneas
|-supereffective|p1a: Xerneas
|-damage|p1a: Xerneas|0 fnt
|faint|p1a: Xerneas
|
|-heal|p2a: Necrozma|64/100|[from] item: Leftovers
|upkeep
|inactive|PainoGaming has 270 seconds left.
|
|t:|1611457769
|switch|p1a: Calyrex|Calyrex-Shadow|88/100
|-ability|p1a: Calyrex|As One
|-ability|p1a: Calyrex|Unnerve|p2: FearNeverDies
|-damage|p1a: Calyrex|76/100|[from] Stealth Rock
|turn|21
|
|t:|1611457775
|move|p1a: Calyrex|Astral Barrage|p2a: Necrozma
|-supereffective|p2a: Necrozma
|-damage|p2a: Necrozma|0 fnt
|faint|p2a: Necrozma
|-ability|p1a: Calyrex|Grim Neigh|boost
|-boost|p1a: Calyrex|spa|1
|
|upkeep
|
|t:|1611457777
|switch|p2a: Yveltal|Yveltal|100/100
|-ability|p2a: Yveltal|Dark Aura
|turn|22
|
|t:|1611457787
|switch|p1a: Yveltal|Yveltal|100/100
|-damage|p1a: Yveltal|76/100|[from] Stealth Rock
|-ability|p1a: Yveltal|Dark Aura
|move|p2a: Yveltal|Foul Play|p1a: Yveltal
|-resisted|p1a: Yveltal
|-damage|p1a: Yveltal|40/100
|
|upkeep
|turn|23
|
|t:|1611457794
|move|p2a: Yveltal|U-turn|p1a: Yveltal
|-damage|p1a: Yveltal|25/100
|
|t:|1611457796
|switch|p2a: Eternatus|Eternatus|100/100|[from]move: U-turn
|-ability|p2a: Eternatus|Pressure
|move|p1a: Yveltal|Roost|p1a: Yveltal
|-heal|p1a: Yveltal|75/100
|-singleturn|p1a: Yveltal|move: Roost
|
|upkeep
|turn|24
|
|t:|1611457798
|move|p2a: Eternatus|Toxic|p1a: Yveltal
|-status|p1a: Yveltal|tox
|move|p1a: Yveltal|Knock Off|p2a: Eternatus
|-damage|p2a: Eternatus|29/100
|-enditem|p2a: Eternatus|Heavy-Duty Boots|[from] move: Knock Off|[of] p1a: Yveltal
|-damage|p1a: Yveltal|65/100 tox|[from] item: Life Orb
|
|-damage|p1a: Yveltal|59/100 tox|[from] psn
|upkeep
|turn|25
|
|t:|1611457801
|move|p2a: Eternatus|Recover|p2a: Eternatus
|-heal|p2a: Eternatus|79/100
|move|p1a: Yveltal|Knock Off|p2a: Eternatus
|-damage|p2a: Eternatus|32/100
|-damage|p1a: Yveltal|49/100 tox|[from] item: Life Orb
|
|-damage|p1a: Yveltal|37/100 tox|[from] psn
|upkeep
|turn|26
|
|t:|1611457808
|move|p2a: Eternatus|Recover|p2a: Eternatus
|-heal|p2a: Eternatus|82/100
|move|p1a: Yveltal|Roost|p1a: Yveltal
|-heal|p1a: Yveltal|87/100 tox
|-singleturn|p1a: Yveltal|move: Roost
|
|-damage|p1a: Yveltal|69/100 tox|[from] psn
|upkeep
|turn|27
|
|t:|1611457812
|switch|p1a: Necrozma|Necrozma-Dusk-Mane|100/100
|-damage|p1a: Necrozma|95/100|[from] Stealth Rock
|move|p2a: Eternatus|Dynamax Cannon|p1a: Necrozma
|-resisted|p1a: Necrozma
|-crit|p1a: Necrozma
|-damage|p1a: Necrozma|55/100
|
|upkeep
|turn|28
|inactive|PainoGaming has 270 seconds left.
|inactive|PainoGaming has 240 seconds left.
|inactive|FearNeverDies has 270 seconds left.
|inactive|FearNeverDies has 240 seconds left.
|c|☆PainoGaming|your play will determine the game, remember that
|c|☆PainoGaming|wait no
|c|☆PainoGaming|idk
|inactive|FearNeverDies has 210 seconds left.
|
|t:|1611457953
|switch|p1a: Yveltal|Yveltal|69/100 tox
|-damage|p1a: Yveltal|44/100 tox|[from] Stealth Rock
|-ability|p1a: Yveltal|Dark Aura
|move|p2a: Eternatus|Flamethrower|p1a: Yveltal
|-damage|p1a: Yveltal|20/100 tox
|
|-damage|p1a: Yveltal|14/100 tox|[from] psn
|upkeep
|turn|29
|
|t:|1611457961
|move|p2a: Eternatus|Flamethrower|p1a: Yveltal
|-damage|p1a: Yveltal|0 fnt
|faint|p1a: Yveltal
|
|upkeep
|
|t:|1611457966
|switch|p1a: Calyrex|Calyrex-Shadow|76/100
|-ability|p1a: Calyrex|As One
|-ability|p1a: Calyrex|Unnerve|p2: FearNeverDies
|-damage|p1a: Calyrex|64/100|[from] Stealth Rock
|turn|30
|inactive|PainoGaming has 240 seconds left.
|
|t:|1611457996
|switch|p2a: Yveltal|Yveltal|100/100
|-ability|p2a: Yveltal|Dark Aura
|move|p1a: Calyrex|Astral Barrage|p2a: Yveltal
|-resisted|p2a: Yveltal
|-damage|p2a: Yveltal|66/100
|
|upkeep
|turn|31
|
|t:|1611458003
|switch|p1a: Necrozma|Necrozma-Dusk-Mane|55/100
|-damage|p1a: Necrozma|49/100|[from] Stealth Rock
|move|p2a: Yveltal|Foul Play|p1a: Necrozma
|-supereffective|p1a: Necrozma
|-damage|p1a: Necrozma|0 fnt
|faint|p1a: Necrozma
|
|upkeep
|
|t:|1611458005
|switch|p1a: Calyrex|Calyrex-Shadow|64/100
|-ability|p1a: Calyrex|As One
|-ability|p1a: Calyrex|Unnerve|p2: FearNeverDies
|-damage|p1a: Calyrex|51/100|[from] Stealth Rock
|turn|32
|c|☆FearNeverDies|gg
|c|☆PainoGaming|gg
|
|t:|1611458008
|move|p1a: Calyrex|Energy Ball|p2a: Yveltal
|-resisted|p2a: Yveltal
|-damage|p2a: Yveltal|47/100
|move|p2a: Yveltal|Foul Play|p1a: Calyrex
|-supereffective|p1a: Calyrex
|-damage|p1a: Calyrex|0 fnt
|faint|p1a: Calyrex
|
|win|FearNeverDies
|player|p1|PainoGaming|clemont
|inactive|Battle timer is ON: inactive players will automatically lose when time's up. (requested by PainoGaming)
