|inactive|Battle timer is ON: inactive players will automatically lose when time's up.
|t:|1643322859
|gametype|singles
|player|p1|fatfighter2|misty|
|player|p2|Stallion|#wcop2021oceania|
|teamsize|p1|6
|teamsize|p2|6
|gen|8
|tier|[Gen 8] Ubers
|rule|Sleep Clause Mod: Limit one foe put to sleep
|rule|Species Clause: Limit one of each Pokémon
|rule|OHKO Clause: OHKO moves are banned
|rule|Evasion Moves Clause: Evasion moves are banned
|rule|Endless Battle Clause: Forcing endless battles is banned
|rule|HP Percentage Mod: HP is shown in percentages
|rule|Dynamax Clause: You cannot dynamax
|clearpoke
|poke|p1|Landorus-Therian, M|
|poke|p1|Darmanitan-Galar, F|
|poke|p1|Chansey, F|
|poke|p1|Xerneas-*|
|poke|p1|Kyogre|
|poke|p1|Yveltal|
|poke|p2|Hatterene, F|
|poke|p2|Kyogre|
|poke|p2|Dracovish|
|poke|p2|Necrozma-Dusk-Mane|
|poke|p2|Porygon2|
|poke|p2|Calyrex-Ice|
|teampreview
|c|☆fatfighter2|gl
|c|☆Stallion|u2 mate
|inactive|fatfighter2 has 270 seconds left.
|inactive|fatfighter2 has 240 seconds left.
|
|t:|1643322938
|start
|switch|p1a: Kyogre|Kyogre|100/100
|switch|p2a: Hatterene|Hatterene, F|100/100
|-weather|RainDance|[from] ability: Drizzle|[of] p1a: Kyogre
|turn|1
|
|t:|1643322945
|move|p1a: Kyogre|Water Spout|p2a: Hatterene
|-enditem|p2a: Hatterene|Focus Sash
|-damage|p2a: Hatterene|1/100
|move|p2a: Hatterene|Trick Room|p2a: Hatterene
|-fieldstart|move: Trick Room|[of] p2a: Hatterene
|
|-weather|RainDance|[upkeep]
|upkeep
|turn|2
|
|t:|1643322965
|switch|p1a: Darmanitan|Darmanitan-Galar, F|100/100
|move|p2a: Hatterene|Healing Wish|p2a: Hatterene
|faint|p2a: Hatterene
|
|-weather|RainDance|[upkeep]
|upkeep
|
|t:|1643322970
|switch|p2a: Dracovish|Dracovish|100/100
|turn|3
|inactive|fatfighter2 has 270 seconds left.
|
|t:|1643323005
|switch|p1a: Landorus|Landorus-Therian, M|100/100
|-ability|p1a: Landorus|Intimidate|boost
|-unboost|p2a: Dracovish|atk|1
|move|p2a: Dracovish|Fishious Rend|p1a: Landorus
|-supereffective|p1a: Landorus
|-damage|p1a: Landorus|0 fnt
|faint|p1a: Landorus
|
|-weather|RainDance|[upkeep]
|upkeep
|inactive|fatfighter2 has 270 seconds left.
|
|t:|1643323029
|switch|p1a: Xerneas|Xerneas|100/100
|-ability|p1a: Xerneas|Fairy Aura
|turn|4
|inactive|Stallion has 270 seconds left.
|inactive|Stallion has 240 seconds left.
|
|t:|1643323117
|switch|p2a: Necrozma|Necrozma-Dusk-Mane|100/100
|move|p1a: Xerneas|Moonblast|p2a: Necrozma
|-resisted|p2a: Necrozma
|-damage|p2a: Necrozma|79/100
|
|-weather|RainDance|[upkeep]
|upkeep
|turn|5
|inactive|fatfighter2 has 240 seconds left.
|
|t:|1643323163
|switch|p1a: Kyogre|Kyogre|100/100
|move|p2a: Necrozma|Sunsteel Strike|p1a: Kyogre
|-resisted|p1a: Kyogre
|-damage|p1a: Kyogre|65/100
|
|-weather|none
|-fieldend|move: Trick Room
|upkeep
|turn|6
|inactive|Stallion has 210 seconds left.
|
|t:|1643323199
|move|p1a: Kyogre|Origin Pulse|p2a: Necrozma|[miss]
|-miss|p1a: Kyogre|p2a: Necrozma
|move|p2a: Necrozma|Trick Room|p2a: Necrozma
|-fieldstart|move: Trick Room|[of] p2a: Necrozma
|
|upkeep
|turn|7
|c|☆Stallion|sorry
|inactive|fatfighter2 has 210 seconds left.
|inactive|fatfighter2 has 180 seconds left.
|inactive|fatfighter2 has 150 seconds left.
|
|t:|1643323278
|switch|p2a: Dracovish|Dracovish|100/100
|switch|p1a: Xerneas|Xerneas|100/100
|-ability|p1a: Xerneas|Fairy Aura
|
|upkeep
|turn|8
|inactive|fatfighter2 has 150 seconds left.
|inactive|Stallion has 180 seconds left.
|inactive|fatfighter2 has 120 seconds left.
|
|t:|1643323337
|switch|p2a: Necrozma|Necrozma-Dusk-Mane|79/100
|-heal|p2a: Necrozma|100/100|[from] move: Healing Wish
|move|p1a: Xerneas|Moonblast|p2a: Necrozma
|-resisted|p2a: Necrozma
|-damage|p2a: Necrozma|78/100
|
|upkeep
|turn|9
|inactive|fatfighter2 has 120 seconds left.
|inactive|fatfighter2 has 90 seconds left.
|
|t:|1643323382
|switch|p1a: Yveltal|Yveltal|100/100
|-ability|p1a: Yveltal|Dark Aura
|move|p2a: Necrozma|Sunsteel Strike|p1a: Yveltal
|-damage|p1a: Yveltal|53/100
|
|upkeep
|turn|10
|
|t:|1643323401
|move|p2a: Necrozma|Sunsteel Strike|p1a: Yveltal
|-damage|p1a: Yveltal|2/100
|move|p1a: Yveltal|Knock Off|p2a: Necrozma
|-supereffective|p2a: Necrozma
|-damage|p2a: Necrozma|18/100
|-enditem|p2a: Necrozma|Weakness Policy
|-boost|p2a: Necrozma|atk|2|[from] item: Weakness Policy
|-boost|p2a: Necrozma|spa|2|[from] item: Weakness Policy
|
|-fieldend|move: Trick Room
|upkeep
|turn|11
|inactive|fatfighter2 has 90 seconds left.
|
|t:|1643323419
|move|p1a: Yveltal|Knock Off|p2a: Necrozma
|-supereffective|p2a: Necrozma
|-damage|p2a: Necrozma|0 fnt
|faint|p2a: Necrozma
|
|upkeep
|inactive|Stallion has 150 seconds left.
|
|t:|1643323436
|switch|p2a: Kyogre|Kyogre|100/100
|-weather|RainDance|[from] ability: Drizzle|[of] p2a: Kyogre
|turn|12
|inactive|fatfighter2 has 90 seconds left.
|inactive|fatfighter2 has 60 seconds left.
|
|t:|1643323471
|move|p1a: Yveltal|Knock Off|p2a: Kyogre
|-damage|p2a: Kyogre|48/100
|-enditem|p2a: Kyogre|Choice Specs|[from] move: Knock Off|[of] p1a: Yveltal
|move|p2a: Kyogre|Water Spout|p1a: Yveltal
|-damage|p1a: Yveltal|0 fnt
|faint|p1a: Yveltal
|
|-weather|RainDance|[upkeep]
|upkeep
|inactive|fatfighter2 has 60 seconds left.
|inactive|fatfighter2 has 30 seconds left.
|inactive|fatfighter2 has 20 seconds left.
|inactive|fatfighter2 has 15 seconds left.
|inactive|fatfighter2 has 10 seconds left.
|
|t:|1643323529
|switch|p1a: Darmanitan|Darmanitan-Galar, F|100/100
|turn|13
|inactive|fatfighter2 has 20 seconds left this turn.
|inactive|fatfighter2 has 15 seconds left.
|
|t:|1643323537
|move|p1a: Darmanitan|U-turn|p2a: Kyogre
|-damage|p2a: Kyogre|15/100
|inactive|fatfighter2 has 20 seconds left this turn.
|
|t:|1643323540
|switch|p1a: Chansey|Chansey, F|100/100|[from]move: U-turn
|move|p2a: Kyogre|Origin Pulse|p1a: Chansey
|-damage|p1a: Chansey|66/100
|
|-weather|RainDance|[upkeep]
|upkeep
|turn|14
|inactive|fatfighter2 has 30 seconds left this turn.
|inactive|fatfighter2 has 20 seconds left.
|inactive|fatfighter2 has 15 seconds left.
|inactive|Stallion has 180 seconds left.
|inactive|Stallion has 150 seconds left.
|
|t:|1643323589
|move|p2a: Kyogre|Origin Pulse|p1a: Chansey|[miss]
|-miss|p2a: Kyogre|p1a: Chansey
|move|p1a: Chansey|Teleport|p1a: Chansey
|inactive|fatfighter2 has 20 seconds left this turn.
|inactive|fatfighter2 has 15 seconds left.
|
|t:|1643323599
|switch|p1a: Darmanitan|Darmanitan-Galar, F|100/100|[from]move: Teleport
|
|-weather|RainDance|[upkeep]
|upkeep
|turn|15
|inactive|fatfighter2 has 25 seconds left this turn.
|
|t:|1643323606
|move|p1a: Darmanitan|U-turn|p2a: Kyogre
|-damage|p2a: Kyogre|0 fnt
|faint|p2a: Kyogre
|inactive|fatfighter2 has 30 seconds left this turn.
|inactive|fatfighter2 has 20 seconds left.
|inactive|fatfighter2 has 15 seconds left.
|inactive|fatfighter2 has 10 seconds left.
|
|t:|1643323631
|switch|p1a: Kyogre|Kyogre|65/100|[from]move: U-turn
|
|-weather|RainDance|[upkeep]
|upkeep
|inactive|fatfighter2 has 15 seconds left this turn.
|
|t:|1643323641
|switch|p2a: Dracovish|Dracovish|100/100
|turn|16
|inactive|fatfighter2 has 25 seconds left this turn.
|inactive|fatfighter2 has 20 seconds left.
|inactive|fatfighter2 has 15 seconds left.
|
|t:|1643323652
|switch|p1a: Chansey|Chansey, F|66/100
|move|p2a: Dracovish|Fishious Rend|p1a: Chansey
|-damage|p1a: Chansey|0 fnt
|faint|p1a: Chansey
|
|-weather|none
|upkeep
|inactive|fatfighter2 has 20 seconds left this turn.
|
|t:|1643323656
|switch|p1a: Xerneas|Xerneas|100/100
|-ability|p1a: Xerneas|Fairy Aura
|turn|17
|inactive|fatfighter2 has 30 seconds left this turn.
|inactive|Stallion has 180 seconds left.
|inactive|fatfighter2 has 20 seconds left.
|inactive|fatfighter2 has 15 seconds left.
|
|t:|1643323687
|switch|p2a: Porygon2|Porygon2|100/100
|-ability|p2a: Porygon2|Fairy Aura|[from] ability: Trace|[of] p1a: Xerneas
|-ability|p2a: Porygon2|Fairy Aura
|move|p1a: Xerneas|Moonblast|p2a: Porygon2
|-damage|p2a: Porygon2|68/100
|
|upkeep
|turn|18
|inactive|fatfighter2 has 25 seconds left this turn.
|inactive|fatfighter2 has 20 seconds left.
|inactive|fatfighter2 has 15 seconds left.
|
|t:|1643323700
|switch|p1a: Kyogre|Kyogre|65/100
|-weather|RainDance|[from] ability: Drizzle|[of] p1a: Kyogre
|move|p2a: Porygon2|Trick Room|p2a: Porygon2
|-fieldstart|move: Trick Room|[of] p2a: Porygon2
|
|-weather|RainDance|[upkeep]
|upkeep
|turn|19
|inactive|fatfighter2 has 25 seconds left this turn.
|inactive|fatfighter2 has 20 seconds left.
|
|t:|1643323709
|move|p1a: Kyogre|Thunder|p2a: Porygon2
|-damage|p2a: Porygon2|24/100
|move|p2a: Porygon2|Teleport|p2a: Porygon2
|inactive|fatfighter2 has 25 seconds left this turn.
|
|t:|1643323713
|switch|p2a: Dracovish|Dracovish|100/100|[from]move: Teleport
|
|-weather|RainDance|[upkeep]
|upkeep
|turn|20
|c|☆Stallion|gg
|inactive|fatfighter2 has 30 seconds left.
|c|☆fatfighter2|gg
|inactive|fatfighter2 has 20 seconds left.
|
|t:|1643323732
|switch|p1a: Darmanitan|Darmanitan-Galar, F|100/100
|move|p2a: Dracovish|Fishious Rend|p1a: Darmanitan
|-damage|p1a: Darmanitan|0 fnt
|faint|p1a: Darmanitan
|
|-weather|RainDance|[upkeep]
|upkeep
|inactive|fatfighter2 has 25 seconds left this turn.
|
|t:|1643323735
|switch|p1a: Xerneas|Xerneas|100/100
|-ability|p1a: Xerneas|Fairy Aura
|turn|21
|
|t:|1643323737
|move|p2a: Dracovish|Fishious Rend|p1a: Xerneas
|-damage|p1a: Xerneas|0 fnt
|faint|p1a: Xerneas
|
|-weather|RainDance|[upkeep]
|upkeep
|
|t:|1643323739
|switch|p1a: Kyogre|Kyogre|65/100
|turn|22
|
|t:|1643323740
|move|p2a: Dracovish|Fishious Rend|p1a: Kyogre
|-resisted|p1a: Kyogre
|-damage|p1a: Kyogre|0 fnt
|faint|p1a: Kyogre
|
|win|Stallion
