|inactive|Battle timer is ON: inactive players will automatically lose when time's up.
|t:|1665275587
|gametype|singles
|player|p1|Aberforth|#aberforth|
|player|p2|cryingg|#ndpl2crying|
|teamsize|p1|6
|teamsize|p2|6
|gen|8
|tier|[Gen 8] Ubers
|rule|Sleep Clause Mod: Limit one foe put to sleep
|rule|Species Clause: Limit one of each Pokémon
|rule|OHKO Clause: OHKO moves are banned
|rule|Evasion Items Clause: Evasion items are banned
|rule|Evasion Moves Clause: Evasion moves are banned
|rule|Endless Battle Clause: Forcing endless battles is banned
|rule|HP Percentage Mod: HP is shown in percentages
|rule|Dynamax Clause: You cannot dynamax
|clearpoke
|poke|p1|Zarude-Dada|
|poke|p1|Xerneas-*|
|poke|p1|Zygarde|
|poke|p1|Necrozma-Dusk-Mane|
|poke|p1|Yveltal|
|poke|p1|Eternatus|
|poke|p2|Necrozma-Dusk-Mane|
|poke|p2|Xerneas-*|
|poke|p2|Yveltal|
|poke|p2|Eternatus|
|poke|p2|Cloyster, M|
|poke|p2|Slurpuff, F|
|teampreview
|inactive|cryingg also wants the timer to be on.
|c|☆Aberforth|hf
|c|☆cryingg|hf
|raw|<div class="broadcast-red"><strong>Moderated chat was set to ☆!</strong><br />Only users of rank ☆ and higher can talk.</div>
|inactive|Aberforth has 270 seconds left.
|inactive|cryingg has 270 seconds left.
|inactive|cryingg has 240 seconds left.
|inactive|Aberforth has 240 seconds left.
|
|t:|1665275670
|start
|switch|p1a: Eternatus|Eternatus|100/100
|switch|p2a: Slurpuff|Slurpuff, F|100/100
|-ability|p1a: Eternatus|Pressure
|turn|1
|
|t:|1665275677
|move|p1a: Eternatus|Flamethrower|p2a: Slurpuff
|-damage|p2a: Slurpuff|26/100
|move|p2a: Slurpuff|Sticky Web|p1a: Eternatus
|-sidestart|p1: Aberforth|move: Sticky Web
|
|upkeep
|turn|2
|
|t:|1665275704
|move|p1a: Eternatus|Meteor Beam||[still]
|-prepare|p1a: Eternatus|Meteor Beam
|-boost|p1a: Eternatus|spa|1
|-enditem|p1a: Eternatus|Power Herb
|-anim|p1a: Eternatus|Meteor Beam|p2a: Slurpuff
|-damage|p2a: Slurpuff|0 fnt
|faint|p2a: Slurpuff
|
|upkeep
|inactive|cryingg has 270 seconds left.
|
|t:|1665275716
|switch|p2a: Necrozma|Necrozma-Dusk-Mane|100/100
|turn|3
|
|t:|1665275721
|switch|p1a: Yveltal|Yveltal|100/100
|-ability|p1a: Yveltal|Dark Aura
|move|p2a: Necrozma|Thunder Wave|p1a: Yveltal
|-status|p1a: Yveltal|par
|
|upkeep
|turn|4
|
|t:|1665275727
|move|p2a: Necrozma|Dragon Dance|p2a: Necrozma
|-boost|p2a: Necrozma|atk|1
|-boost|p2a: Necrozma|spe|1
|move|p1a: Yveltal|Defog|p2a: Necrozma
|-unboost|p2a: Necrozma|evasion|1
|-sideend|p1: Aberforth|Sticky Web|[from] move: Defog|[of] p1a: Yveltal
|
|upkeep
|turn|5
|
|t:|1665275731
|move|p2a: Necrozma|Dragon Dance|p2a: Necrozma
|-boost|p2a: Necrozma|atk|1
|-boost|p2a: Necrozma|spe|1
|cant|p1a: Yveltal|par
|
|upkeep
|turn|6
|
|t:|1665275737
|move|p2a: Necrozma|Sunsteel Strike|p1a: Yveltal
|-damage|p1a: Yveltal|33/100 par
|cant|p1a: Yveltal|par
|
|upkeep
|turn|7
|
|t:|1665275756
|move|p2a: Necrozma|Sunsteel Strike|p1a: Yveltal
|-damage|p1a: Yveltal|0 fnt
|faint|p1a: Yveltal
|
|upkeep
|
|t:|1665275758
|switch|p1a: Necrozma|Necrozma-Dusk-Mane|100/100
|turn|8
|
|t:|1665275765
|move|p2a: Necrozma|Thunder Wave|p1a: Necrozma|[miss]
|-miss|p2a: Necrozma|p1a: Necrozma
|move|p1a: Necrozma|Thunder Wave|p2a: Necrozma
|-status|p2a: Necrozma|par
|
|upkeep
|turn|9
|
|t:|1665275782
|switch|p1a: Zygarde|Zygarde|100/100
|move|p2a: Necrozma|Earthquake|p1a: Zygarde
|-damage|p1a: Zygarde|43/100
|
|-activate|p1a: Zygarde|ability: Power Construct
|detailschange|p1a: Zygarde|Zygarde-Complete
|-heal|p1a: Zygarde|63/100|[silent]
|upkeep
|turn|10
|
|t:|1665275793
|cant|p2a: Necrozma|par
|move|p1a: Zygarde|Dragon Dance|p1a: Zygarde
|-boost|p1a: Zygarde|atk|1
|-boost|p1a: Zygarde|spe|1
|
|upkeep
|turn|11
|
|t:|1665275796
|move|p1a: Zygarde|Dragon Dance|p1a: Zygarde
|-boost|p1a: Zygarde|atk|1
|-boost|p1a: Zygarde|spe|1
|move|p2a: Necrozma|Sunsteel Strike|p1a: Zygarde
|-damage|p1a: Zygarde|5/100
|
|upkeep
|turn|12
|
|t:|1665275806
|move|p1a: Zygarde|Thousand Arrows|p2a: Necrozma
|-supereffective|p2a: Necrozma
|-damage|p2a: Necrozma|24/100 par
|move|p2a: Necrozma|Sunsteel Strike|p1a: Zygarde
|-damage|p1a: Zygarde|0 fnt
|faint|p1a: Zygarde
|
|upkeep
|
|t:|1665275828
|switch|p1a: Necrozma|Necrozma-Dusk-Mane|100/100
|turn|13
|
|t:|1665275834
|move|p2a: Necrozma|Earthquake|p1a: Necrozma
|-supereffective|p1a: Necrozma
|-damage|p1a: Necrozma|14/100
|move|p1a: Necrozma|Stealth Rock|p2a: Necrozma
|-sidestart|p2: cryingg|move: Stealth Rock
|
|-heal|p1a: Necrozma|20/100|[from] item: Leftovers
|upkeep
|turn|14
|
|t:|1665275846
|move|p2a: Necrozma|Earthquake|p1a: Necrozma
|-supereffective|p1a: Necrozma
|-damage|p1a: Necrozma|0 fnt
|faint|p1a: Necrozma
|
|upkeep
|
|t:|1665275856
|switch|p1a: Xerneas|Xerneas|100/100
|-ability|p1a: Xerneas|Fairy Aura
|turn|15
|
|t:|1665275859
|cant|p2a: Necrozma|par
|move|p1a: Xerneas|Geomancy||[still]
|-prepare|p1a: Xerneas|Geomancy
|-enditem|p1a: Xerneas|Power Herb
|-anim|p1a: Xerneas|Geomancy|p1a: Xerneas
|-boost|p1a: Xerneas|spa|2
|-boost|p1a: Xerneas|spd|2
|-boost|p1a: Xerneas|spe|2
|
|upkeep
|turn|16
|
|t:|1665275865
|move|p1a: Xerneas|Moonblast|p2a: Necrozma
|-resisted|p2a: Necrozma
|-damage|p2a: Necrozma|0 fnt
|faint|p2a: Necrozma
|
|upkeep
|inactive|cryingg has 270 seconds left.
|inactive|cryingg has 240 seconds left.
|inactive|cryingg has 210 seconds left.
|inactive|cryingg has 180 seconds left.
|inactive|cryingg has 150 seconds left.
|inactive|cryingg has 120 seconds left.
|
|t:|1665276052
|switch|p2a: Xerneas|Xerneas|100/100
|-damage|p2a: Xerneas|88/100|[from] Stealth Rock
|-ability|p2a: Xerneas|Fairy Aura
|turn|17
|inactive|cryingg has 120 seconds left.
|
|t:|1665276061
|move|p1a: Xerneas|Moonblast|p2a: Xerneas
|-damage|p2a: Xerneas|0 fnt
|faint|p2a: Xerneas
|
|upkeep
|
|t:|1665276066
|switch|p2a: Eternatus|Eternatus|100/100
|-damage|p2a: Eternatus|88/100|[from] Stealth Rock
|-ability|p2a: Eternatus|Pressure
|turn|18
|
|t:|1665276077
|move|p1a: Xerneas|Moonblast|p2a: Eternatus
|-crit|p2a: Eternatus
|-damage|p2a: Eternatus|0 fnt
|faint|p2a: Eternatus
|
|upkeep
|
|t:|1665276081
|switch|p2a: Yveltal|Yveltal|100/100
|-damage|p2a: Yveltal|76/100|[from] Stealth Rock
|-ability|p2a: Yveltal|Dark Aura
|turn|19
|
|t:|1665276088
|move|p2a: Yveltal|Sucker Punch|p1a: Xerneas
|-resisted|p1a: Xerneas
|-damage|p1a: Xerneas|78/100
|move|p1a: Xerneas|Moonblast|p2a: Yveltal
|-supereffective|p2a: Yveltal
|-damage|p2a: Yveltal|0 fnt
|faint|p2a: Yveltal
|
|upkeep
|
|t:|1665276090
|switch|p2a: Cloyster|Cloyster, M|100/100
|-damage|p2a: Cloyster|76/100|[from] Stealth Rock
|turn|20
|
|t:|1665276097
|move|p1a: Xerneas|Moonblast|p2a: Cloyster
|-damage|p2a: Cloyster|0 fnt
|faint|p2a: Cloyster
|
|win|Aberforth
|c|☆Aberforth|gg
|c|☆cryingg|gg
|c|☆cryingg|/log cryingg made the replay of this battle unlisted.
