|inactive|Battle timer is ON: inactive players will automatically lose when time's up.
|t:|1655690098
|gametype|singles
|player|p1|Trade|may|
|player|p2|Fc ❤|#wcop2022canada|
|teamsize|p1|6
|teamsize|p2|6
|gen|8
|tier|[Gen 8] Ubers
|rule|Sleep Clause Mod: Limit one foe put to sleep
|rule|Species Clause: Limit one of each Pokémon
|rule|OHKO Clause: OHKO moves are banned
|rule|Evasion Moves Clause: Evasion moves are banned
|rule|Endless Battle Clause: Forcing endless battles is banned
|rule|HP Percentage Mod: HP is shown in percentages
|rule|Dynamax Clause: You cannot dynamax
|clearpoke
|poke|p1|Groudon|
|poke|p1|Tangrowth, M|
|poke|p1|Ho-Oh|
|poke|p1|Umbreon, F|
|poke|p1|Necrozma-Dusk-Mane|
|poke|p1|Tapu Koko|
|poke|p2|Solgaleo|
|poke|p2|Marshadow|
|poke|p2|Kyogre|
|poke|p2|Yveltal|
|poke|p2|Heatran, M|
|poke|p2|Buzzwole|
|teampreview
|c|☆Fc ❤|hf
|
|t:|1655690109
|start
|switch|p1a: Ho-Oh|Ho-Oh|100/100
|switch|p2a: Solgaleo|Solgaleo|100/100
|turn|1
|
|t:|1655690112
|switch|p2a: Heatran|Heatran, M|100/100
|move|p1a: Ho-Oh|Earthquake|p2a: Heatran
|-supereffective|p2a: Heatran
|-damage|p2a: Heatran|0 fnt
|faint|p2a: Heatran
|
|upkeep
|c|☆Trade|u2
|c|☆Fc ❤|what the fuck
|c|☆Trade|LOL
|c|☆Fc ❤|cteamed
|
|t:|1655690118
|switch|p2a: Kyogre|Kyogre|100/100
|-weather|RainDance|[from] ability: Drizzle|[of] p2a: Kyogre
|turn|2
|c|☆Trade|ok
|c|☆Trade|something is dead
|
|t:|1655690138
|switch|p1a: Umbreon|Umbreon, F|100/100
|move|p2a: Kyogre|Water Spout|p1a: Umbreon
|-damage|p1a: Umbreon|38/100
|
|-weather|RainDance|[upkeep]
|-heal|p1a: Umbreon|44/100|[from] item: Leftovers
|upkeep
|turn|3
|c|☆Fc ❤|I think multiple things may be dead
|c|☆Trade|w o t
|
|t:|1655690143
|move|p1a: Umbreon|Protect|p1a: Umbreon
|-singleturn|p1a: Umbreon|Protect
|move|p2a: Kyogre|Water Spout|p1a: Umbreon
|-activate|p1a: Umbreon|move: Protect
|
|-weather|RainDance|[upkeep]
|-heal|p1a: Umbreon|50/100|[from] item: Leftovers
|upkeep
|turn|4
|c|☆Fc ❤|utility umbrella umbreon
|c|☆Fc ❤|putting in work
|c|☆Trade|this is wild
|
|t:|1655690165
|move|p1a: Umbreon|Protect||[still]
|-fail|p1a: Umbreon
|move|p2a: Kyogre|Water Spout|p1a: Umbreon
|-damage|p1a: Umbreon|0 fnt
|faint|p1a: Umbreon
|
|-weather|RainDance|[upkeep]
|upkeep
|
|t:|1655690168
|switch|p1a: Groudon|Groudon|100/100
|-weather|SunnyDay|[from] ability: Drought|[of] p1a: Groudon
|turn|5
|
|t:|1655690178
|switch|p2a: Yveltal|Yveltal|100/100
|-ability|p2a: Yveltal|Dark Aura
|move|p1a: Groudon|Thunder Wave|p2a: Yveltal|[miss]
|-miss|p1a: Groudon|p2a: Yveltal
|
|-weather|SunnyDay|[upkeep]
|upkeep
|turn|6
|
|t:|1655690181
|switch|p1a: Tapu Koko|Tapu Koko|100/100
|-fieldstart|move: Electric Terrain|[from] ability: Electric Surge|[of] p1a: Tapu Koko
|move|p2a: Yveltal|Foul Play|p1a: Tapu Koko
|-resisted|p1a: Tapu Koko
|-damage|p1a: Tapu Koko|70/100
|
|-weather|SunnyDay|[upkeep]
|upkeep
|turn|7
|
|t:|1655690183
|move|p1a: Tapu Koko|Thunderbolt|p2a: Yveltal
|-supereffective|p2a: Yveltal
|-damage|p2a: Yveltal|38/100
|move|p2a: Yveltal|U-turn|p1a: Tapu Koko
|-resisted|p1a: Tapu Koko
|-damage|p1a: Tapu Koko|54/100
|
|t:|1655690186
|switch|p2a: Kyogre|Kyogre|100/100|[from]move: U-turn
|-weather|RainDance|[from] ability: Drizzle|[of] p2a: Kyogre
|
|-weather|RainDance|[upkeep]
|upkeep
|turn|8
|
|t:|1655690188
|move|p2a: Kyogre|Water Spout|p1a: Tapu Koko
|-damage|p1a: Tapu Koko|0 fnt
|faint|p1a: Tapu Koko
|
|-weather|RainDance|[upkeep]
|upkeep
|
|t:|1655690189
|switch|p1a: Groudon|Groudon|100/100
|-weather|SunnyDay|[from] ability: Drought|[of] p1a: Groudon
|turn|9
|
|t:|1655690192
|switch|p2a: Buzzwole|Buzzwole|100/100
|move|p1a: Groudon|Thunder Wave|p2a: Buzzwole
|-status|p2a: Buzzwole|par
|
|-weather|SunnyDay|[upkeep]
|upkeep
|turn|10
|
|t:|1655690196
|switch|p1a: Necrozma|Necrozma-Dusk-Mane|100/100
|move|p2a: Buzzwole|Ice Punch|p1a: Necrozma
|-resisted|p1a: Necrozma
|-crit|p1a: Necrozma
|-damage|p1a: Necrozma|88/100
|-damage|p2a: Buzzwole|84/100 par|[from] item: Rocky Helmet|[of] p1a: Necrozma
|
|-weather|SunnyDay|[upkeep]
|-fieldend|move: Electric Terrain
|upkeep
|turn|11
|
|t:|1655690198
|switch|p2a: Kyogre|Kyogre|100/100
|-weather|RainDance|[from] ability: Drizzle|[of] p2a: Kyogre
|move|p1a: Necrozma|Stealth Rock|p2a: Kyogre
|-sidestart|p2: Fc ❤|move: Stealth Rock
|
|-weather|RainDance|[upkeep]
|upkeep
|turn|12
|
|t:|1655690203
|move|p2a: Kyogre|Water Spout|p1a: Necrozma
|-damage|p1a: Necrozma|0 fnt
|faint|p1a: Necrozma
|
|-weather|RainDance|[upkeep]
|upkeep
|
|t:|1655690205
|switch|p1a: Groudon|Groudon|100/100
|-weather|SunnyDay|[from] ability: Drought|[of] p1a: Groudon
|turn|13
|
|t:|1655690207
|switch|p2a: Buzzwole|Buzzwole|84/100 par
|move|p1a: Groudon|Precipice Blades|p2a: Buzzwole
|-resisted|p2a: Buzzwole
|-damage|p2a: Buzzwole|63/100 par
|
|-weather|SunnyDay|[upkeep]
|upkeep
|turn|14
|
|t:|1655690216
|switch|p1a: Ho-Oh|Ho-Oh|100/100
|move|p2a: Buzzwole|Roost|p2a: Buzzwole
|-heal|p2a: Buzzwole|100/100 par
|-singleturn|p2a: Buzzwole|move: Roost
|
|-weather|SunnyDay|[upkeep]
|upkeep
|turn|15
|
|t:|1655690227
|switch|p2a: Yveltal|Yveltal|38/100
|-ability|p2a: Yveltal|Dark Aura
|move|p1a: Ho-Oh|Brave Bird|p2a: Yveltal
|-damage|p2a: Yveltal|0 fnt
|faint|p2a: Yveltal
|-damage|p1a: Ho-Oh|88/100|[from] Recoil
|
|-weather|SunnyDay|[upkeep]
|upkeep
|
|t:|1655690229
|switch|p2a: Kyogre|Kyogre|100/100
|-damage|p2a: Kyogre|88/100|[from] Stealth Rock
|-weather|RainDance|[from] ability: Drizzle|[of] p2a: Kyogre
|turn|16
|
|t:|1655690244
|switch|p1a: Groudon|Groudon|100/100
|-weather|SunnyDay|[from] ability: Drought|[of] p1a: Groudon
|move|p2a: Kyogre|Water Spout|p1a: Groudon
|-supereffective|p1a: Groudon
|-damage|p1a: Groudon|31/100
|
|-weather|SunnyDay|[upkeep]
|-heal|p1a: Groudon|37/100|[from] item: Leftovers
|upkeep
|turn|17
|
|t:|1655690261
|switch|p2a: Solgaleo|Solgaleo|100/100
|-damage|p2a: Solgaleo|94/100|[from] Stealth Rock
|switch|p1a: Ho-Oh|Ho-Oh|100/100
|
|-weather|SunnyDay|[upkeep]
|-heal|p2a: Solgaleo|100/100|[from] item: Leftovers
|upkeep
|turn|18
|
|t:|1655690264
|move|p1a: Ho-Oh|Sacred Fire|p2a: Solgaleo
|-supereffective|p2a: Solgaleo
|-damage|p2a: Solgaleo|0 fnt
|faint|p2a: Solgaleo
|
|-weather|SunnyDay|[upkeep]
|upkeep
|
|t:|1655690266
|switch|p2a: Kyogre|Kyogre|88/100
|-damage|p2a: Kyogre|76/100|[from] Stealth Rock
|-weather|RainDance|[from] ability: Drizzle|[of] p2a: Kyogre
|turn|19
|
|t:|1655690272
|switch|p1a: Groudon|Groudon|37/100
|-weather|SunnyDay|[from] ability: Drought|[of] p1a: Groudon
|move|p2a: Kyogre|Water Spout|p1a: Groudon
|-supereffective|p1a: Groudon
|-damage|p1a: Groudon|0 fnt
|faint|p1a: Groudon
|
|-weather|SunnyDay|[upkeep]
|upkeep
|
|t:|1655690273
|switch|p1a: Ho-Oh|Ho-Oh|100/100
|turn|20
|
|t:|1655690282
|switch|p2a: Buzzwole|Buzzwole|100/100 par
|switch|p1a: Tangrowth|Tangrowth, M|100/100
|
|-weather|SunnyDay|[upkeep]
|upkeep
|turn|21
|
|t:|1655690294
|move|p1a: Tangrowth|Grass Knot|p2a: Buzzwole
|-resisted|p2a: Buzzwole
|-damage|p2a: Buzzwole|66/100 par
|cant|p2a: Buzzwole|par
|
|-weather|SunnyDay|[upkeep]
|upkeep
|turn|22
|c|☆Fc ❤|34?????
|
|t:|1655690302
|move|p1a: Tangrowth|Grass Knot|p2a: Buzzwole
|-resisted|p2a: Buzzwole
|-damage|p2a: Buzzwole|33/100 par
|move|p2a: Buzzwole|Ice Punch|p1a: Tangrowth
|-supereffective|p1a: Tangrowth
|-damage|p1a: Tangrowth|73/100
|-damage|p2a: Buzzwole|17/100 par|[from] item: Rocky Helmet|[of] p1a: Tangrowth
|
|-weather|SunnyDay|[upkeep]
|upkeep
|turn|23
|c|☆Trade|magic 
|
|t:|1655690307
|switch|p1a: Ho-Oh|Ho-Oh|100/100
|move|p2a: Buzzwole|Ice Punch|p1a: Ho-Oh
|-damage|p1a: Ho-Oh|76/100
|
|-weather|none
|upkeep
|turn|24
|c|☆Fc ❤|wait that's not specs
|c|☆Fc ❤|I thought it was
|
|t:|1655690313
|switch|p1a: Tangrowth|Tangrowth, M|100/100
|move|p2a: Buzzwole|Ice Punch|p1a: Tangrowth
|-supereffective|p1a: Tangrowth
|-damage|p1a: Tangrowth|69/100
|-damage|p2a: Buzzwole|0 fnt|[from] item: Rocky Helmet|[of] p1a: Tangrowth
|faint|p2a: Buzzwole
|
|upkeep
|c|☆Trade|LOL
|
|t:|1655690314
|switch|p2a: Kyogre|Kyogre|76/100
|-damage|p2a: Kyogre|64/100|[from] Stealth Rock
|-weather|RainDance|[from] ability: Drizzle|[of] p2a: Kyogre
|turn|25
|
|t:|1655690337
|move|p2a: Kyogre|Origin Pulse|p1a: Tangrowth
|-resisted|p1a: Tangrowth
|-damage|p1a: Tangrowth|0 fnt
|faint|p1a: Tangrowth
|
|-weather|RainDance|[upkeep]
|upkeep
|
|t:|1655690339
|switch|p1a: Ho-Oh|Ho-Oh|100/100
|turn|26
|
|t:|1655690340
|move|p2a: Kyogre|Origin Pulse|p1a: Ho-Oh
|-supereffective|p1a: Ho-Oh
|-damage|p1a: Ho-Oh|0 fnt
|faint|p1a: Ho-Oh
|
|win|Fc ❤
|c|☆Fc ❤|gg
