|inactive|Battle timer is ON: inactive players will automatically lose when time's up.
|t:|1653499523
|gametype|singles
|player|p1|ox084|hugh|
|player|p2|pkmn cypher 2013|lyra|
|teamsize|p1|6
|teamsize|p2|6
|gen|8
|tier|[Gen 8] Ubers
|rule|Sleep Clause Mod: Limit one foe put to sleep
|rule|Species Clause: Limit one of each Pokémon
|rule|OHKO Clause: OHKO moves are banned
|rule|Evasion Moves Clause: Evasion moves are banned
|rule|Endless Battle Clause: Forcing endless battles is banned
|rule|HP Percentage Mod: HP is shown in percentages
|rule|Dynamax Clause: You cannot dynamax
|clearpoke
|poke|p1|Marshadow|
|poke|p1|Yveltal|
|poke|p1|Reshiram|
|poke|p1|Ho-Oh|
|poke|p1|Groudon|
|poke|p1|Palkia|
|poke|p2|Calyrex-Shadow|
|poke|p2|Necrozma-Dusk-Mane|
|poke|p2|Yveltal|
|poke|p2|Eternatus|
|poke|p2|Groudon|
|poke|p2|Darmanitan-Galar, M|
|teampreview
|c|☆pkmn cypher 2013|hf
|c|☆ox084|glhf
|inactive|pkmn cypher 2013 has 270 seconds left.
|
|t:|1653499581
|start
|switch|p1a: Palkia|Palkia|100/100
|switch|p2a: Darmanitan|Darmanitan-Galar, M|100/100
|-ability|p1a: Palkia|Pressure
|turn|1
|inactive|pkmn cypher 2013 has 270 seconds left.
|
|t:|1653499625
|switch|p2a: Necrozma|Necrozma-Dusk-Mane|100/100
|move|p1a: Palkia|Fire Blast|p2a: Necrozma
|-supereffective|p2a: Necrozma
|-damage|p2a: Necrozma|61/100
|
|-heal|p2a: Necrozma|67/100|[from] item: Leftovers
|upkeep
|turn|2
|
|t:|1653499634
|switch|p1a: Reshiram|Reshiram|100/100
|-ability|p1a: Reshiram|Turboblaze
|move|p2a: Necrozma|Morning Sun|p2a: Necrozma
|-heal|p2a: Necrozma|100/100
|
|upkeep
|turn|3
|inactive|pkmn cypher 2013 has 270 seconds left.
|inactive|ox084 has 270 seconds left.
|inactive|pkmn cypher 2013 has 240 seconds left.
|
|t:|1653499675
|switch|p2a: Eternatus|Eternatus|100/100
|-ability|p2a: Eternatus|Pressure
|move|p1a: Reshiram|Blue Flare|p2a: Eternatus
|-resisted|p2a: Eternatus
|-damage|p2a: Eternatus|60/100
|
|upkeep
|turn|4
|inactive|ox084 has 270 seconds left.
|
|t:|1653499705
|switch|p1a: Ho-Oh|Ho-Oh|100/100
|move|p2a: Eternatus|Toxic|p1a: Ho-Oh
|-status|p1a: Ho-Oh|tox
|
|-damage|p1a: Ho-Oh|94/100 tox|[from] psn
|upkeep
|turn|5
|
|t:|1653499713
|switch|p2a: Groudon|Groudon|100/100
|-weather|SunnyDay|[from] ability: Drought|[of] p2a: Groudon
|switch|p1a: Reshiram|Reshiram|100/100
|-ability|p1a: Reshiram|Turboblaze
|
|-weather|SunnyDay|[upkeep]
|upkeep
|turn|6
|c|☆ox084|sorry I really got the perfect match up
|inactive|pkmn cypher 2013 has 240 seconds left.
|inactive|pkmn cypher 2013 has 210 seconds left.
|
|t:|1653499788
|switch|p2a: Necrozma|Necrozma-Dusk-Mane|100/100
|move|p1a: Reshiram|Blue Flare|p2a: Necrozma
|-supereffective|p2a: Necrozma
|-damage|p2a: Necrozma|0 fnt
|faint|p2a: Necrozma
|
|-weather|SunnyDay|[upkeep]
|upkeep
|
|t:|1653499794
|switch|p2a: Calyrex|Calyrex-Shadow|100/100
|-ability|p2a: Calyrex|As One
|-ability|p2a: Calyrex|Unnerve
|turn|7
|inactive|ox084 has 270 seconds left.
|
|t:|1653499799
|move|p2a: Calyrex|Astral Barrage|p1a: Reshiram
|-damage|p1a: Reshiram|3/100
|move|p1a: Reshiram|Blue Flare|p2a: Calyrex|[miss]
|-miss|p1a: Reshiram|p2a: Calyrex
|
|-weather|SunnyDay|[upkeep]
|upkeep
|turn|8
|
|t:|1653499802
|switch|p1a: Yveltal|Yveltal|100/100
|-ability|p1a: Yveltal|Dark Aura
|move|p2a: Calyrex|Astral Barrage|p1a: Yveltal
|-resisted|p1a: Yveltal
|-damage|p1a: Yveltal|52/100
|
|-weather|SunnyDay|[upkeep]
|upkeep
|turn|9
|inactive|pkmn cypher 2013 has 210 seconds left.
|
|t:|1653499830
|switch|p2a: Yveltal|Yveltal|100/100
|-ability|p2a: Yveltal|Dark Aura
|move|p1a: Yveltal|Oblivion Wing|p2a: Yveltal
|-damage|p2a: Yveltal|61/100
|-heal|p1a: Yveltal|83/100|[from] drain|[of] p2a: Yveltal
|-damage|p1a: Yveltal|73/100|[from] item: Life Orb
|
|-weather|none
|upkeep
|turn|10
|
|t:|1653499832
|move|p2a: Yveltal|Knock Off|p1a: Yveltal
|-resisted|p1a: Yveltal
|-damage|p1a: Yveltal|46/100
|-enditem|p1a: Yveltal|Life Orb|[from] move: Knock Off|[of] p2a: Yveltal
|move|p1a: Yveltal|Taunt|p2a: Yveltal
|-start|p2a: Yveltal|move: Taunt
|
|upkeep
|turn|11
|
|t:|1653499835
|switch|p2a: Eternatus|Eternatus|60/100
|-ability|p2a: Eternatus|Pressure
|move|p1a: Yveltal|Oblivion Wing|p2a: Eternatus
|-damage|p2a: Eternatus|30/100
|-heal|p1a: Yveltal|74/100|[from] drain|[of] p2a: Eternatus
|
|upkeep
|turn|12
|
|t:|1653499838
|switch|p1a: Groudon|Groudon|100/100
|-weather|SunnyDay|[from] ability: Drought|[of] p1a: Groudon
|move|p2a: Eternatus|Recover|p2a: Eternatus
|-heal|p2a: Eternatus|80/100
|
|-weather|SunnyDay|[upkeep]
|upkeep
|turn|13
|
|t:|1653499843
|switch|p2a: Groudon|Groudon|100/100
|switch|p1a: Reshiram|Reshiram|3/100
|-ability|p1a: Reshiram|Turboblaze
|
|-weather|SunnyDay|[upkeep]
|upkeep
|turn|14
|inactive|pkmn cypher 2013 has 240 seconds left.
|
|t:|1653499876
|switch|p2a: Yveltal|Yveltal|61/100
|-ability|p2a: Yveltal|Dark Aura
|move|p1a: Reshiram|Draco Meteor|p2a: Yveltal
|-damage|p2a: Yveltal|0 fnt
|-unboost|p1a: Reshiram|spa|2
|faint|p2a: Yveltal
|
|-weather|SunnyDay|[upkeep]
|upkeep
|inactive|pkmn cypher 2013 has 210 seconds left.
|
|t:|1653499899
|switch|p2a: Groudon|Groudon|100/100
|turn|15
|
|t:|1653499903
|switch|p1a: Yveltal|Yveltal|74/100
|-ability|p1a: Yveltal|Dark Aura
|move|p2a: Groudon|Stealth Rock|p1a: Yveltal
|-sidestart|p1: ox084|move: Stealth Rock
|
|-weather|SunnyDay|[upkeep]
|upkeep
|turn|16
|
|t:|1653499924
|move|p1a: Yveltal|Oblivion Wing|p2a: Groudon
|-damage|p2a: Groudon|60/100
|-heal|p1a: Yveltal|100/100|[from] drain|[of] p2a: Groudon
|move|p2a: Groudon|Stone Edge|p1a: Yveltal
|-supereffective|p1a: Yveltal
|-damage|p1a: Yveltal|45/100
|
|-weather|SunnyDay|[upkeep]
|-heal|p2a: Groudon|67/100|[from] item: Leftovers
|upkeep
|turn|17
|inactive|pkmn cypher 2013 has 210 seconds left.
|
|t:|1653499945
|move|p1a: Yveltal|Dark Pulse|p2a: Groudon
|-damage|p2a: Groudon|13/100
|move|p2a: Groudon|Stone Edge|p1a: Yveltal
|-supereffective|p1a: Yveltal
|-damage|p1a: Yveltal|0 fnt
|faint|p1a: Yveltal
|
|-weather|SunnyDay|[upkeep]
|-heal|p2a: Groudon|19/100|[from] item: Leftovers
|upkeep
|inactive|ox084 has 270 seconds left.
|
|t:|1653499959
|switch|p1a: Palkia|Palkia|100/100
|-damage|p1a: Palkia|88/100|[from] Stealth Rock
|-ability|p1a: Palkia|Pressure
|turn|18
|
|t:|1653499966
|move|p1a: Palkia|Spacial Rend|p2a: Groudon
|-damage|p2a: Groudon|0 fnt
|faint|p2a: Groudon
|
|-weather|SunnyDay|[upkeep]
|upkeep
|inactive|pkmn cypher 2013 has 210 seconds left.
|
|t:|1653499983
|switch|p2a: Calyrex|Calyrex-Shadow|100/100
|-ability|p2a: Calyrex|As One
|-ability|p2a: Calyrex|Unnerve
|turn|19
|
|t:|1653500007
|switch|p1a: Reshiram|Reshiram|3/100
|-damage|p1a: Reshiram|0 fnt|[from] Stealth Rock
|faint|p1a: Reshiram
|move|p2a: Calyrex|Astral Barrage|p1: Reshiram|[notarget]
|-fail|p2a: Calyrex
|
|-weather|none
|upkeep
|
|t:|1653500009
|switch|p1a: Marshadow|Marshadow|100/100
|-damage|p1a: Marshadow|94/100|[from] Stealth Rock
|turn|20
|
|t:|1653500031
|switch|p2a: Eternatus|Eternatus|80/100
|-ability|p2a: Eternatus|Pressure
|move|p1a: Marshadow|Shadow Sneak|p2a: Eternatus
|-damage|p2a: Eternatus|52/100
|-damage|p1a: Marshadow|84/100|[from] item: Life Orb
|
|upkeep
|turn|21
|c|☆ox084|don't double switch to caly
|inactive|pkmn cypher 2013 has 210 seconds left.
|c|☆ox084|or darm
|
|t:|1653500052
|switch|p1a: Groudon|Groudon|100/100
|-damage|p1a: Groudon|94/100|[from] Stealth Rock
|-weather|SunnyDay|[from] ability: Drought|[of] p1a: Groudon
|move|p2a: Eternatus|Recover|p2a: Eternatus
|-heal|p2a: Eternatus|100/100
|
|-weather|SunnyDay|[upkeep]
|upkeep
|turn|22
|inactive|pkmn cypher 2013 has 210 seconds left.
|
|t:|1653500074
|switch|p2a: Darmanitan|Darmanitan-Galar, M|100/100
|move|p1a: Groudon|Precipice Blades|p2a: Darmanitan
|-damage|p2a: Darmanitan|0 fnt
|faint|p2a: Darmanitan
|
|-weather|SunnyDay|[upkeep]
|upkeep
|
|t:|1653500079
|switch|p2a: Calyrex|Calyrex-Shadow|100/100
|-ability|p2a: Calyrex|As One
|-ability|p2a: Calyrex|Unnerve
|turn|23
|
|t:|1653500083
|switch|p1a: Ho-Oh|Ho-Oh|100/100 tox
|move|p2a: Calyrex|Astral Barrage|p1a: Ho-Oh
|-damage|p1a: Ho-Oh|40/100 tox
|
|-weather|SunnyDay|[upkeep]
|-damage|p1a: Ho-Oh|34/100 tox|[from] psn
|upkeep
|turn|24
|
|t:|1653500086
|move|p2a: Calyrex|Astral Barrage|p1a: Ho-Oh
|-damage|p1a: Ho-Oh|0 fnt
|faint|p1a: Ho-Oh
|-ability|p2a: Calyrex|Grim Neigh|boost
|-boost|p2a: Calyrex|spa|1
|
|-weather|SunnyDay|[upkeep]
|upkeep
|
|t:|1653500090
|switch|p1a: Marshadow|Marshadow|84/100
|-damage|p1a: Marshadow|78/100|[from] Stealth Rock
|turn|25
|
|t:|1653500092
|switch|p2a: Eternatus|Eternatus|100/100
|-ability|p2a: Eternatus|Pressure
|switch|p1a: Groudon|Groudon|94/100
|-damage|p1a: Groudon|88/100|[from] Stealth Rock
|
|-weather|SunnyDay|[upkeep]
|upkeep
|turn|26
|inactive|pkmn cypher 2013 has 240 seconds left.
|
|t:|1653500101
|move|p2a: Eternatus|Dynamax Cannon|p1a: Groudon
|-damage|p1a: Groudon|46/100
|move|p1a: Groudon|Precipice Blades|p2a: Eternatus
|-supereffective|p2a: Eternatus
|-damage|p2a: Eternatus|0 fnt
|faint|p2a: Eternatus
|
|-weather|SunnyDay|[upkeep]
|upkeep
|c|☆ox084|gg
|inactive|pkmn cypher 2013 has 240 seconds left.
|c|☆pkmn cypher 2013|gg
|-message|pkmn cypher 2013 forfeited.
|
|win|ox084
|player|p1|ox084|hugh
|player|p1|
|player|p1|ox084|hugh
