|inactive|Battle timer is ON: inactive players will automatically lose when time's up.
|t:|1640121940
|gametype|singles
|player|p1|entrocefalo|guitarist|
|player|p2|Inder|lucas|
|teamsize|p1|6
|teamsize|p2|6
|gen|8
|tier|[Gen 8] Ubers
|rule|Sleep Clause Mod: Limit one foe put to sleep
|rule|Species Clause: Limit one of each Pokémon
|rule|OHKO Clause: OHKO moves are banned
|rule|Evasion Moves Clause: Evasion moves are banned
|rule|Endless Battle Clause: Forcing endless battles is banned
|rule|HP Percentage Mod: HP is shown in percentages
|rule|Dynamax Clause: You cannot dynamax
|clearpoke
|poke|p1|Necrozma-Dusk-Mane|
|poke|p1|Yveltal|
|poke|p1|Calyrex-Ice|
|poke|p1|Lunala|
|poke|p1|Eternatus|
|poke|p1|Xerneas-*|
|poke|p2|Zygarde|
|poke|p2|Marshadow|
|poke|p2|Necrozma-Dusk-Mane|
|poke|p2|Yveltal|
|poke|p2|Eternatus|
|poke|p2|Ferrothorn, F|
|teampreview
|c|☆entrocefalo|hf!
|c|☆Inder|hf
|inactive|entrocefalo has 270 seconds left.
|inactive|Inder has 270 seconds left.
|
|t:|1640121976
|start
|switch|p1a: Yveltal|Yveltal|100/100
|switch|p2a: Yveltal|Yveltal|100/100
|-ability|p1a: Yveltal|Dark Aura
|-ability|p2a: Yveltal|Dark Aura
|turn|1
|
|t:|1640121982
|move|p1a: Yveltal|Toxic|p2a: Yveltal
|-status|p2a: Yveltal|tox
|move|p2a: Yveltal|U-turn|p1a: Yveltal
|-damage|p1a: Yveltal|83/100
|
|t:|1640121986
|switch|p2a: Eternatus|Eternatus|100/100|[from]move: U-turn
|-ability|p2a: Eternatus|Pressure
|
|upkeep
|turn|2
|
|t:|1640121990
|switch|p1a: Necrozma|Necrozma-Dusk-Mane|100/100
|move|p2a: Eternatus|Toxic Spikes|p1a: Necrozma
|-sidestart|p1: entrocefalo|move: Toxic Spikes
|
|upkeep
|turn|3
|
|t:|1640121996
|switch|p2a: Necrozma|Necrozma-Dusk-Mane|100/100
|move|p1a: Necrozma|Stealth Rock|p2a: Necrozma
|-sidestart|p2: Inder|move: Stealth Rock
|
|upkeep
|turn|4
|
|t:|1640122001
|move|p1a: Necrozma|Thunder Wave|p2a: Necrozma
|-status|p2a: Necrozma|par
|cant|p2a: Necrozma|par
|
|upkeep
|turn|5
|
|t:|1640122005
|switch|p1a: Eternatus|Eternatus|100/100
|-sideend|p1: entrocefalo|move: Toxic Spikes|[of] p1a: Eternatus
|-ability|p1a: Eternatus|Pressure
|move|p2a: Necrozma|Thunder Wave|p1a: Eternatus
|-status|p1a: Eternatus|par
|
|upkeep
|turn|6
|
|t:|1640122012
|switch|p1a: Lunala|Lunala|100/100
|move|p2a: Necrozma|Stealth Rock|p1a: Lunala
|-sidestart|p1: entrocefalo|move: Stealth Rock
|
|upkeep
|turn|7
|
|t:|1640122016
|switch|p2a: Yveltal|Yveltal|100/100 tox
|-ability|p2a: Yveltal|Dark Aura
|move|p1a: Lunala|Thunder Wave|p2a: Yveltal|[miss]
|-miss|p1a: Lunala|p2a: Yveltal
|
|-damage|p2a: Yveltal|94/100 tox|[from] psn
|upkeep
|turn|8
|
|t:|1640122025
|switch|p1a: Yveltal|Yveltal|83/100
|-ability|p1a: Yveltal|Dark Aura
|move|p2a: Yveltal|Knock Off|p1a: Yveltal
|-resisted|p1a: Yveltal
|-damage|p1a: Yveltal|58/100
|-enditem|p1a: Yveltal|Heavy-Duty Boots|[from] move: Knock Off|[of] p2a: Yveltal
|
|-damage|p2a: Yveltal|82/100 tox|[from] psn
|upkeep
|turn|9
|
|t:|1640122028
|move|p1a: Yveltal|Roost|p1a: Yveltal
|-heal|p1a: Yveltal|100/100
|-singleturn|p1a: Yveltal|move: Roost
|move|p2a: Yveltal|U-turn|p1a: Yveltal
|-supereffective|p1a: Yveltal
|-damage|p1a: Yveltal|63/100
|c|+Lasen|SPL?
|
|t:|1640122043
|switch|p2a: Marshadow|Marshadow|100/100|[from]move: U-turn
|-damage|p2a: Marshadow|94/100|[from] Stealth Rock
|
|upkeep
|turn|10
|
|t:|1640122047
|switch|p1a: Xerneas|Xerneas|100/100
|-damage|p1a: Xerneas|88/100|[from] Stealth Rock
|-ability|p1a: Xerneas|Fairy Aura
|-item|p1a: Xerneas|Air Balloon
|move|p2a: Marshadow|Low Kick|p1a: Xerneas
|-resisted|p1a: Xerneas
|-damage|p1a: Xerneas|71/100
|-enditem|p1a: Xerneas|Air Balloon
|
|upkeep
|turn|11
|
|t:|1640122052
|switch|p2a: Ferrothorn|Ferrothorn, F|100/100
|-damage|p2a: Ferrothorn|94/100|[from] Stealth Rock
|move|p1a: Xerneas|Aromatherapy|p1a: Xerneas
|-activate|p1a: Xerneas|move: Aromatherapy
|-curestatus|p1: Eternatus|par|[msg]
|
|-heal|p2a: Ferrothorn|100/100|[from] item: Leftovers
|upkeep
|turn|12
|inactive|entrocefalo has 270 seconds left.
|
|t:|1640122098
|switch|p1a: Eternatus|Eternatus|100/100
|-damage|p1a: Eternatus|88/100|[from] Stealth Rock
|-ability|p1a: Eternatus|Pressure
|move|p2a: Ferrothorn|Spikes|p1a: Eternatus
|-sidestart|p1: entrocefalo|Spikes
|
|upkeep
|turn|13
|
|t:|1640122105
|switch|p1a: Lunala|Lunala|100/100
|switch|p2a: Necrozma|Necrozma-Dusk-Mane|100/100 par
|-damage|p2a: Necrozma|94/100 par|[from] Stealth Rock
|
|-heal|p2a: Necrozma|100/100 par|[from] item: Leftovers
|upkeep
|turn|14
|
|t:|1640122109
|switch|p2a: Yveltal|Yveltal|82/100 tox
|-ability|p2a: Yveltal|Dark Aura
|move|p1a: Lunala|Defog|p2a: Yveltal
|-unboost|p2a: Yveltal|evasion|1
|-sideend|p2: Inder|Stealth Rock|[from] move: Defog|[of] p1a: Lunala
|-sideend|p1: entrocefalo|Spikes|[from] move: Defog|[of] p1a: Lunala
|-sideend|p1: entrocefalo|Stealth Rock|[from] move: Defog|[of] p1a: Lunala
|
|-damage|p2a: Yveltal|76/100 tox|[from] psn
|upkeep
|turn|15
|
|t:|1640122116
|switch|p1a: Xerneas|Xerneas|71/100
|-ability|p1a: Xerneas|Fairy Aura
|move|p2a: Yveltal|U-turn|p1a: Xerneas
|-resisted|p1a: Xerneas
|-damage|p1a: Xerneas|64/100
|
|t:|1640122120
|switch|p2a: Necrozma|Necrozma-Dusk-Mane|100/100 par|[from]move: U-turn
|
|upkeep
|turn|16
|
|t:|1640122124
|switch|p1a: Lunala|Lunala|100/100
|cant|p2a: Necrozma|par
|
|upkeep
|turn|17
|
|t:|1640122131
|move|p1a: Lunala|Hex|p2a: Necrozma
|-supereffective|p2a: Necrozma
|-damage|p2a: Necrozma|48/100 par
|move|p2a: Necrozma|Iron Head|p1a: Lunala
|-damage|p1a: Lunala|85/100
|
|-heal|p2a: Necrozma|54/100 par|[from] item: Leftovers
|upkeep
|turn|18
|
|t:|1640122137
|switch|p2a: Yveltal|Yveltal|76/100 tox
|-ability|p2a: Yveltal|Dark Aura
|move|p1a: Lunala|Roost|p1a: Lunala
|-heal|p1a: Lunala|100/100
|-singleturn|p1a: Lunala|move: Roost
|
|-damage|p2a: Yveltal|70/100 tox|[from] psn
|upkeep
|turn|19
|
|t:|1640122142
|switch|p1a: Yveltal|Yveltal|63/100
|-ability|p1a: Yveltal|Dark Aura
|move|p2a: Yveltal|U-turn|p1a: Yveltal
|-damage|p1a: Yveltal|45/100
|
|t:|1640122146
|switch|p2a: Marshadow|Marshadow|94/100|[from]move: U-turn
|
|upkeep
|turn|20
|
|t:|1640122155
|switch|p1a: Eternatus|Eternatus|88/100
|-ability|p1a: Eternatus|Pressure
|move|p2a: Marshadow|Low Kick|p1a: Eternatus
|-resisted|p1a: Eternatus
|-damage|p1a: Eternatus|61/100
|
|upkeep
|turn|21
|
|t:|1640122172
|switch|p1a: Lunala|Lunala|100/100
|switch|p2a: Necrozma|Necrozma-Dusk-Mane|54/100 par
|
|-heal|p2a: Necrozma|60/100 par|[from] item: Leftovers
|upkeep
|turn|22
|
|t:|1640122176
|switch|p2a: Yveltal|Yveltal|70/100 tox
|-ability|p2a: Yveltal|Dark Aura
|move|p1a: Lunala|Hex|p2a: Yveltal
|-resisted|p2a: Yveltal
|-damage|p2a: Yveltal|45/100 tox
|
|-damage|p2a: Yveltal|38/100 tox|[from] psn
|upkeep
|turn|23
|
|t:|1640122184
|switch|p1a: Yveltal|Yveltal|45/100
|-ability|p1a: Yveltal|Dark Aura
|move|p2a: Yveltal|Knock Off|p1a: Yveltal
|-resisted|p1a: Yveltal
|-damage|p1a: Yveltal|27/100
|
|-damage|p2a: Yveltal|26/100 tox|[from] psn
|upkeep
|turn|24
|
|t:|1640122191
|move|p1a: Yveltal|Knock Off|p2a: Yveltal
|-resisted|p2a: Yveltal
|-damage|p2a: Yveltal|2/100 tox
|-enditem|p2a: Yveltal|Heavy-Duty Boots|[from] move: Knock Off|[of] p1a: Yveltal
|move|p2a: Yveltal|U-turn|p1a: Yveltal
|-damage|p1a: Yveltal|7/100
|
|t:|1640122194
|switch|p2a: Marshadow|Marshadow|94/100|[from]move: U-turn
|
|upkeep
|turn|25
|
|t:|1640122204
|switch|p1a: Eternatus|Eternatus|61/100
|-ability|p1a: Eternatus|Pressure
|move|p2a: Marshadow|Spectral Thief|p1a: Eternatus
|-damage|p1a: Eternatus|16/100
|-enditem|p1a: Eternatus|Sitrus Berry|[eat]
|-heal|p1a: Eternatus|41/100|[from] item: Sitrus Berry
|
|upkeep
|turn|26
|
|t:|1640122223
|switch|p1a: Yveltal|Yveltal|7/100
|-ability|p1a: Yveltal|Dark Aura
|move|p2a: Marshadow|Spectral Thief|p1a: Yveltal
|-resisted|p1a: Yveltal
|-damage|p1a: Yveltal|0 fnt
|faint|p1a: Yveltal
|
|upkeep
|
|t:|1640122228
|switch|p1a: Xerneas|Xerneas|64/100
|-ability|p1a: Xerneas|Fairy Aura
|turn|27
|
|t:|1640122234
|switch|p2a: Ferrothorn|Ferrothorn, F|100/100
|switch|p1a: Eternatus|Eternatus|41/100
|-ability|p1a: Eternatus|Pressure
|
|upkeep
|turn|28
|
|t:|1640122239
|move|p1a: Eternatus|Recover|p1a: Eternatus
|-heal|p1a: Eternatus|91/100
|move|p2a: Ferrothorn|Leech Seed|p1a: Eternatus|[miss]
|-miss|p2a: Ferrothorn|p1a: Eternatus
|
|upkeep
|turn|29
|
|t:|1640122251
|switch|p1a: Calyrex|Calyrex-Ice|100/100
|-ability|p1a: Calyrex|As One
|-ability|p1a: Calyrex|Unnerve
|switch|p2a: Eternatus|Eternatus|100/100
|-ability|p2a: Eternatus|Pressure
|
|upkeep
|turn|30
|
|t:|1640122260
|switch|p2a: Ferrothorn|Ferrothorn, F|100/100
|move|p1a: Calyrex|Glacial Lance|p2a: Ferrothorn
|-damage|p2a: Ferrothorn|19/100
|
|-heal|p2a: Ferrothorn|25/100|[from] item: Leftovers
|upkeep
|turn|31
|
|t:|1640122268
|move|p1a: Calyrex|Glacial Lance|p2a: Ferrothorn
|-damage|p2a: Ferrothorn|0 fnt
|faint|p2a: Ferrothorn
|-ability|p1a: Calyrex|Chilling Neigh|boost
|-boost|p1a: Calyrex|atk|1
|
|upkeep
|
|t:|1640122269
|switch|p2a: Marshadow|Marshadow|94/100
|turn|32
|inactive|entrocefalo has 270 seconds left.
|inactive|entrocefalo has 240 seconds left.
|
|t:|1640122353
|switch|p1a: Eternatus|Eternatus|91/100
|-ability|p1a: Eternatus|Pressure
|move|p2a: Marshadow|Spectral Thief|p1a: Eternatus
|-damage|p1a: Eternatus|45/100
|
|upkeep
|turn|33
|
|t:|1640122361
|move|p1a: Eternatus|Recover|p1a: Eternatus
|-heal|p1a: Eternatus|96/100
|move|p2a: Marshadow|Spectral Thief|p1a: Eternatus
|-damage|p1a: Eternatus|51/100
|
|upkeep
|turn|34
|
|t:|1640122370
|switch|p2a: Eternatus|Eternatus|100/100
|-ability|p2a: Eternatus|Pressure
|move|p1a: Eternatus|Recover|p1a: Eternatus
|-heal|p1a: Eternatus|100/100
|
|upkeep
|turn|35
|inactive|entrocefalo has 240 seconds left.
|
|t:|1640122380
|switch|p1a: Necrozma|Necrozma-Dusk-Mane|100/100
|move|p2a: Eternatus|Toxic Spikes|p1a: Necrozma
|-sidestart|p1: entrocefalo|move: Toxic Spikes
|
|upkeep
|turn|36
|
|t:|1640122389
|switch|p2a: Necrozma|Necrozma-Dusk-Mane|60/100 par
|move|p1a: Necrozma|Stealth Rock|p2a: Necrozma
|-sidestart|p2: Inder|move: Stealth Rock
|
|-heal|p2a: Necrozma|66/100 par|[from] item: Leftovers
|upkeep
|turn|37
|
|t:|1640122397
|switch|p1a: Lunala|Lunala|100/100
|move|p2a: Necrozma|Morning Sun|p2a: Necrozma
|-heal|p2a: Necrozma|100/100 par
|
|upkeep
|turn|38
|
|t:|1640122399
|move|p1a: Lunala|Hex|p2a: Necrozma
|-supereffective|p2a: Necrozma
|-damage|p2a: Necrozma|52/100 par
|move|p2a: Necrozma|Thunder Wave|p1a: Lunala
|-status|p1a: Lunala|par
|
|-heal|p2a: Necrozma|58/100 par|[from] item: Leftovers
|upkeep
|turn|39
|inactive|entrocefalo has 270 seconds left.
|
|t:|1640122405
|move|p1a: Lunala|Hex|p2a: Necrozma
|-supereffective|p2a: Necrozma
|-damage|p2a: Necrozma|3/100 par
|move|p2a: Necrozma|Morning Sun|p2a: Necrozma
|-heal|p2a: Necrozma|52/100 par
|
|-heal|p2a: Necrozma|58/100 par|[from] item: Leftovers
|upkeep
|turn|40
|
|t:|1640122409
|switch|p2a: Zygarde|Zygarde|100/100
|-damage|p2a: Zygarde|94/100|[from] Stealth Rock
|move|p1a: Lunala|Hex|p2a: Zygarde
|-damage|p2a: Zygarde|68/100
|
|-heal|p2a: Zygarde|74/100|[from] item: Leftovers
|upkeep
|turn|41
|inactive|entrocefalo has 270 seconds left.
|
|t:|1640122430
|switch|p2a: Marshadow|Marshadow|94/100
|-damage|p2a: Marshadow|88/100|[from] Stealth Rock
|switch|p1a: Eternatus|Eternatus|100/100
|-sideend|p1: entrocefalo|move: Toxic Spikes|[of] p1a: Eternatus
|-ability|p1a: Eternatus|Pressure
|
|upkeep
|turn|42
|inactive|entrocefalo has 270 seconds left.
|
|t:|1640122453
|switch|p2a: Necrozma|Necrozma-Dusk-Mane|58/100 par
|-damage|p2a: Necrozma|52/100 par|[from] Stealth Rock
|move|p1a: Eternatus|Dragon Pulse|p2a: Necrozma
|-resisted|p2a: Necrozma
|-damage|p2a: Necrozma|41/100 par
|
|-heal|p2a: Necrozma|47/100 par|[from] item: Leftovers
|upkeep
|turn|43
|
|t:|1640122460
|switch|p1a: Lunala|Lunala|100/100 par
|move|p2a: Necrozma|Morning Sun|p2a: Necrozma
|-heal|p2a: Necrozma|97/100 par
|
|-heal|p2a: Necrozma|100/100 par|[from] item: Leftovers
|upkeep
|turn|44
|
|t:|1640122465
|switch|p2a: Zygarde|Zygarde|74/100
|-damage|p2a: Zygarde|68/100|[from] Stealth Rock
|move|p1a: Lunala|Hex|p2a: Zygarde
|-damage|p2a: Zygarde|43/100
|
|-heal|p2a: Zygarde|49/100|[from] item: Leftovers
|-activate|p2a: Zygarde|ability: Power Construct
|detailschange|p2a: Zygarde|Zygarde-Complete
|-heal|p2a: Zygarde|67/100|[silent]
|upkeep
|turn|45
|
|t:|1640122472
|switch|p2a: Necrozma|Necrozma-Dusk-Mane|100/100 par
|-damage|p2a: Necrozma|94/100 par|[from] Stealth Rock
|switch|p1a: Xerneas|Xerneas|64/100
|-ability|p1a: Xerneas|Fairy Aura
|
|-heal|p2a: Necrozma|100/100 par|[from] item: Leftovers
|upkeep
|turn|46
|
|t:|1640122485
|switch|p1a: Lunala|Lunala|100/100 par
|move|p2a: Necrozma|Iron Head|p1a: Lunala
|-damage|p1a: Lunala|85/100 par
|
|upkeep
|turn|47
|
|t:|1640122490
|switch|p2a: Eternatus|Eternatus|100/100
|-ability|p2a: Eternatus|Pressure
|cant|p1a: Lunala|par
|
|upkeep
|turn|48
|
|t:|1640122495
|switch|p2a: Zygarde|Zygarde-Complete|67/100
|-damage|p2a: Zygarde|60/100|[from] Stealth Rock
|cant|p1a: Lunala|par
|
|-heal|p2a: Zygarde|67/100|[from] item: Leftovers
|upkeep
|turn|49
|
|t:|1640122501
|switch|p2a: Necrozma|Necrozma-Dusk-Mane|100/100 par
|-damage|p2a: Necrozma|94/100 par|[from] Stealth Rock
|switch|p1a: Xerneas|Xerneas|64/100
|-ability|p1a: Xerneas|Fairy Aura
|
|-heal|p2a: Necrozma|100/100 par|[from] item: Leftovers
|upkeep
|turn|50
|
|t:|1640122511
|switch|p1a: Lunala|Lunala|85/100 par
|move|p2a: Necrozma|Iron Head|p1a: Lunala
|-damage|p1a: Lunala|55/100 par
|
|upkeep
|turn|51
|
|t:|1640122514
|switch|p2a: Marshadow|Marshadow|88/100
|-damage|p2a: Marshadow|82/100|[from] Stealth Rock
|move|p1a: Lunala|Roost|p1a: Lunala
|-heal|p1a: Lunala|100/100 par
|-singleturn|p1a: Lunala|move: Roost
|
|upkeep
|turn|52
|
|t:|1640122518
|switch|p1a: Eternatus|Eternatus|100/100
|-ability|p1a: Eternatus|Pressure
|move|p2a: Marshadow|Spectral Thief|p1a: Eternatus
|-damage|p1a: Eternatus|52/100
|
|upkeep
|turn|53
|
|t:|1640122525
|switch|p2a: Necrozma|Necrozma-Dusk-Mane|100/100 par
|-damage|p2a: Necrozma|94/100 par|[from] Stealth Rock
|move|p1a: Eternatus|Recover|p1a: Eternatus
|-heal|p1a: Eternatus|100/100
|
|-heal|p2a: Necrozma|100/100 par|[from] item: Leftovers
|upkeep
|turn|54
|
|t:|1640122532
|switch|p1a: Necrozma|Necrozma-Dusk-Mane|100/100
|move|p2a: Necrozma|Iron Head|p1a: Necrozma
|-resisted|p1a: Necrozma
|-crit|p1a: Necrozma
|-damage|p1a: Necrozma|79/100
|
|-heal|p1a: Necrozma|85/100|[from] item: Leftovers
|upkeep
|turn|55
|
|t:|1640122537
|switch|p1a: Lunala|Lunala|100/100 par
|move|p2a: Necrozma|Iron Head|p1a: Lunala
|-damage|p1a: Lunala|84/100 par
|
|upkeep
|turn|56
|
|t:|1640122542
|move|p1a: Lunala|Hex|p2a: Necrozma
|-supereffective|p2a: Necrozma
|-damage|p2a: Necrozma|45/100 par
|move|p2a: Necrozma|Stealth Rock|p1a: Lunala
|-sidestart|p1: entrocefalo|move: Stealth Rock
|
|-heal|p2a: Necrozma|51/100 par|[from] item: Leftovers
|upkeep
|turn|57
|
|t:|1640122548
|switch|p2a: Eternatus|Eternatus|100/100
|-ability|p2a: Eternatus|Pressure
|cant|p1a: Lunala|par
|
|upkeep
|turn|58
|
|t:|1640122553
|move|p1a: Lunala|Thunder Wave|p2a: Eternatus
|-status|p2a: Eternatus|par
|cant|p2a: Eternatus|par
|
|upkeep
|turn|59
|
|t:|1640122559
|move|p1a: Lunala|Roost|p1a: Lunala
|-heal|p1a: Lunala|100/100 par
|-singleturn|p1a: Lunala|move: Roost
|move|p2a: Eternatus|Dragon Tail|p1a: Lunala
|-crit|p1a: Lunala
|-damage|p1a: Lunala|91/100 par
|drag|p1a: Calyrex|Calyrex-Ice|100/100
|-ability|p1a: Calyrex|As One
|-ability|p1a: Calyrex|Unnerve
|-damage|p1a: Calyrex|76/100|[from] Stealth Rock
|
|upkeep
|turn|60
|
|t:|1640122566
|move|p1a: Calyrex|Glacial Lance|p2a: Eternatus
|-supereffective|p2a: Eternatus
|-damage|p2a: Eternatus|0 fnt
|faint|p2a: Eternatus
|-ability|p1a: Calyrex|Chilling Neigh|boost
|-boost|p1a: Calyrex|atk|1
|
|upkeep
|
|t:|1640122568
|switch|p2a: Marshadow|Marshadow|82/100
|-damage|p2a: Marshadow|76/100|[from] Stealth Rock
|turn|61
|
|t:|1640122572
|switch|p1a: Eternatus|Eternatus|100/100
|-damage|p1a: Eternatus|88/100|[from] Stealth Rock
|-ability|p1a: Eternatus|Pressure
|move|p2a: Marshadow|Bulk Up|p2a: Marshadow
|-boost|p2a: Marshadow|atk|1
|-boost|p2a: Marshadow|def|1
|
|upkeep
|turn|62
|
|t:|1640122579
|move|p1a: Eternatus|Cosmic Power|p1a: Eternatus
|-boost|p1a: Eternatus|def|1
|-boost|p1a: Eternatus|spd|1
|move|p2a: Marshadow|Spectral Thief||[still]
|-clearpositiveboost|p1a: Eternatus|p2a: Marshadow|move: Spectral Thief
|-boost|p2a: Marshadow|def|1
|-boost|p2a: Marshadow|spd|1
|-anim|p2a: Marshadow|Spectral Thief|p1a: Eternatus
|-damage|p1a: Eternatus|26/100
|
|upkeep
|turn|63
|c|☆entrocefalo|asd
|
|t:|1640122592
|move|p2a: Marshadow|Shadow Sneak|p1a: Eternatus
|-damage|p1a: Eternatus|0 fnt
|faint|p1a: Eternatus
|
|upkeep
|
|t:|1640122595
|switch|p1a: Xerneas|Xerneas|64/100
|-damage|p1a: Xerneas|52/100|[from] Stealth Rock
|-ability|p1a: Xerneas|Fairy Aura
|turn|64
|
|t:|1640122606
|move|p2a: Marshadow|Spectral Thief|p1a: Xerneas
|-damage|p1a: Xerneas|0 fnt
|faint|p1a: Xerneas
|
|upkeep
|c|☆entrocefalo|ggg
|c|☆Inder|gg
|-message|entrocefalo forfeited.
|
|win|Inder
