|inactive|Battle timer is ON: inactive players will automatically lose when time's up.
|t:|1655222329
|gametype|singles
|player|p1|pkmn cypher 2013|lyra|
|player|p2|Trade|may|
|teamsize|p1|6
|teamsize|p2|6
|gen|8
|tier|[Gen 8] Ubers
|rule|Sleep Clause Mod: Limit one foe put to sleep
|rule|Species Clause: Limit one of each Pokémon
|rule|OHKO Clause: OHKO moves are banned
|rule|Evasion Moves Clause: Evasion moves are banned
|rule|Endless Battle Clause: Forcing endless battles is banned
|rule|HP Percentage Mod: HP is shown in percentages
|rule|Dynamax Clause: You cannot dynamax
|clearpoke
|poke|p1|Groudon|
|poke|p1|Yveltal|
|poke|p1|Necrozma-Dusk-Mane|
|poke|p1|Eternatus|
|poke|p1|Ho-Oh|
|poke|p1|Marshadow|
|poke|p2|Necrozma-Dusk-Mane|
|poke|p2|Yveltal|
|poke|p2|Eternatus|
|poke|p2|Xerneas-*|
|poke|p2|Groudon|
|poke|p2|Darmanitan-Galar, M|
|teampreview
|c|☆pkmn cypher 2013|hf
|c|☆Trade|hf!
|
|t:|1655222352
|start
|switch|p1a: Necrozma|Necrozma-Dusk-Mane|100/100
|switch|p2a: Darmanitan|Darmanitan-Galar, M|100/100
|turn|1
|
|t:|1655222360
|move|p2a: Darmanitan|U-turn|p1a: Necrozma
|-damage|p1a: Necrozma|62/100
|
|t:|1655222362
|switch|p2a: Groudon|Groudon|100/100|[from]move: U-turn
|-weather|SunnyDay|[from] ability: Drought|[of] p2a: Groudon
|move|p1a: Necrozma|Knock Off|p2a: Groudon
|-damage|p2a: Groudon|81/100
|-enditem|p2a: Groudon|Leftovers|[from] move: Knock Off|[of] p1a: Necrozma
|
|-weather|SunnyDay|[upkeep]
|-heal|p1a: Necrozma|68/100|[from] item: Leftovers
|upkeep
|turn|2
|inactive|pkmn cypher 2013 has 270 seconds left.
|inactive|pkmn cypher 2013 has 240 seconds left.
|
|t:|1655222439
|switch|p1a: Groudon|Groudon|100/100
|move|p2a: Groudon|Precipice Blades|p1a: Groudon
|-damage|p1a: Groudon|65/100
|
|-weather|SunnyDay|[upkeep]
|-heal|p1a: Groudon|72/100|[from] item: Leftovers
|upkeep
|turn|3
|
|t:|1655222445
|move|p2a: Groudon|Stealth Rock|p1a: Groudon
|-sidestart|p1: pkmn cypher 2013|move: Stealth Rock
|move|p1a: Groudon|Stealth Rock|p2a: Groudon
|-sidestart|p2: Trade|move: Stealth Rock
|
|-weather|SunnyDay|[upkeep]
|-heal|p1a: Groudon|78/100|[from] item: Leftovers
|upkeep
|turn|4
|
|t:|1655222447
|move|p2a: Groudon|Bulk Up|p2a: Groudon
|-boost|p2a: Groudon|atk|1
|-boost|p2a: Groudon|def|1
|move|p1a: Groudon|Toxic|p2a: Groudon
|-status|p2a: Groudon|tox
|
|-weather|SunnyDay|[upkeep]
|-heal|p1a: Groudon|84/100|[from] item: Leftovers
|-damage|p2a: Groudon|75/100 tox|[from] psn
|upkeep
|turn|5
|inactive|pkmn cypher 2013 has 240 seconds left.
|
|t:|1655222480
|switch|p1a: Yveltal|Yveltal|100/100
|-ability|p1a: Yveltal|Dark Aura
|move|p2a: Groudon|Stone Edge|p1a: Yveltal|[miss]
|-miss|p2a: Groudon|p1a: Yveltal
|
|-weather|none
|-damage|p2a: Groudon|62/100 tox|[from] psn
|upkeep
|turn|6
|inactive|pkmn cypher 2013 has 210 seconds left.
|
|t:|1655222508
|move|p1a: Yveltal|U-turn|p2a: Groudon
|-damage|p2a: Groudon|54/100 tox
|
|t:|1655222510
|switch|p1a: Eternatus|Eternatus|100/100|[from]move: U-turn
|-damage|p1a: Eternatus|88/100|[from] Stealth Rock
|-ability|p1a: Eternatus|Pressure
|move|p2a: Groudon|Precipice Blades|p1a: Eternatus
|-supereffective|p1a: Eternatus
|-enditem|p1a: Eternatus|Shuca Berry|[eat]
|-enditem|p1a: Eternatus|Shuca Berry|[weaken]
|-damage|p1a: Eternatus|6/100
|
|-damage|p2a: Groudon|35/100 tox|[from] psn
|upkeep
|turn|7
|
|t:|1655222517
|move|p1a: Eternatus|Dynamax Cannon|p2a: Groudon
|-damage|p2a: Groudon|0 fnt
|faint|p2a: Groudon
|
|upkeep
|
|t:|1655222522
|switch|p2a: Xerneas|Xerneas|100/100
|-damage|p2a: Xerneas|88/100|[from] Stealth Rock
|-ability|p2a: Xerneas|Fairy Aura
|turn|8
|
|t:|1655222526
|switch|p1a: Ho-Oh|Ho-Oh|100/100
|move|p2a: Xerneas|Moonblast|p1a: Ho-Oh
|-resisted|p1a: Ho-Oh
|-damage|p1a: Ho-Oh|84/100
|
|upkeep
|turn|9
|
|t:|1655222532
|switch|p2a: Eternatus|Eternatus|100/100
|-ability|p2a: Eternatus|Pressure
|move|p1a: Ho-Oh|Thunder Wave|p2a: Eternatus|[miss]
|-miss|p1a: Ho-Oh|p2a: Eternatus
|
|upkeep
|turn|10
|
|t:|1655222547
|switch|p2a: Yveltal|Yveltal|100/100
|-ability|p2a: Yveltal|Dark Aura
|switch|p1a: Necrozma|Necrozma-Dusk-Mane|68/100
|-damage|p1a: Necrozma|62/100|[from] Stealth Rock
|
|-heal|p1a: Necrozma|68/100|[from] item: Leftovers
|upkeep
|turn|11
|
|t:|1655222556
|switch|p1a: Yveltal|Yveltal|100/100
|-ability|p1a: Yveltal|Dark Aura
|move|p2a: Yveltal|Foul Play|p1a: Yveltal
|-resisted|p1a: Yveltal
|-damage|p1a: Yveltal|81/100
|
|upkeep
|turn|12
|
|t:|1655222559
|move|p1a: Yveltal|Defog|p2a: Yveltal
|-unboost|p2a: Yveltal|evasion|1
|-sideend|p2: Trade|Stealth Rock|[from] move: Defog|[of] p1a: Yveltal
|-sideend|p1: pkmn cypher 2013|Stealth Rock|[from] move: Defog|[of] p1a: Yveltal
|move|p2a: Yveltal|Foul Play|p1a: Yveltal
|-resisted|p1a: Yveltal
|-damage|p1a: Yveltal|59/100
|
|upkeep
|turn|13
|
|t:|1655222562
|move|p1a: Yveltal|Roost|p1a: Yveltal
|-heal|p1a: Yveltal|100/100
|-singleturn|p1a: Yveltal|move: Roost
|move|p2a: Yveltal|U-turn|p1a: Yveltal
|-supereffective|p1a: Yveltal
|-damage|p1a: Yveltal|67/100
|
|t:|1655222564
|switch|p2a: Darmanitan|Darmanitan-Galar, M|100/100|[from]move: U-turn
|
|upkeep
|turn|14
|
|t:|1655222574
|switch|p1a: Eternatus|Eternatus|6/100
|-ability|p1a: Eternatus|Pressure
|move|p2a: Darmanitan|Flare Blitz|p1a: Eternatus
|-resisted|p1a: Eternatus
|-damage|p1a: Eternatus|0 fnt
|faint|p1a: Eternatus
|-damage|p2a: Darmanitan|98/100|[from] Recoil
|
|upkeep
|inactive|pkmn cypher 2013 has 270 seconds left.
|inactive|pkmn cypher 2013 has 240 seconds left.
|
|t:|1655222614
|switch|p1a: Ho-Oh|Ho-Oh|100/100
|turn|15
|
|t:|1655222623
|switch|p2a: Eternatus|Eternatus|100/100
|-ability|p2a: Eternatus|Pressure
|move|p1a: Ho-Oh|Thunder Wave|p2a: Eternatus
|-status|p2a: Eternatus|par
|
|upkeep
|turn|16
|
|t:|1655222629
|switch|p1a: Necrozma|Necrozma-Dusk-Mane|68/100
|move|p2a: Eternatus|Dragon Pulse|p1a: Necrozma
|-resisted|p1a: Necrozma
|-damage|p1a: Necrozma|55/100
|
|-heal|p1a: Necrozma|61/100|[from] item: Leftovers
|upkeep
|turn|17
|
|t:|1655222635
|switch|p2a: Yveltal|Yveltal|100/100
|-ability|p2a: Yveltal|Dark Aura
|move|p1a: Necrozma|Knock Off|p2a: Yveltal
|-resisted|p2a: Yveltal
|-damage|p2a: Yveltal|82/100
|-enditem|p2a: Yveltal|Heavy-Duty Boots|[from] move: Knock Off|[of] p1a: Necrozma
|
|-heal|p1a: Necrozma|67/100|[from] item: Leftovers
|upkeep
|turn|18
|inactive|pkmn cypher 2013 has 270 seconds left.
|
|t:|1655222644
|switch|p1a: Ho-Oh|Ho-Oh|100/100
|move|p2a: Yveltal|Foul Play|p1a: Ho-Oh
|-damage|p1a: Ho-Oh|51/100
|
|upkeep
|turn|19
|
|t:|1655222650
|switch|p1a: Groudon|Groudon|84/100
|-weather|SunnyDay|[from] ability: Drought|[of] p1a: Groudon
|move|p2a: Yveltal|Foul Play|p1a: Groudon
|-damage|p1a: Groudon|55/100
|
|-weather|SunnyDay|[upkeep]
|-heal|p1a: Groudon|61/100|[from] item: Leftovers
|upkeep
|turn|20
|
|t:|1655222656
|move|p2a: Yveltal|Foul Play|p1a: Groudon
|-damage|p1a: Groudon|29/100
|move|p1a: Groudon|Stealth Rock|p2a: Yveltal
|-sidestart|p2: Trade|move: Stealth Rock
|
|-weather|SunnyDay|[upkeep]
|-heal|p1a: Groudon|35/100|[from] item: Leftovers
|upkeep
|turn|21
|
|t:|1655222661
|move|p2a: Yveltal|Foul Play|p1a: Groudon
|-damage|p1a: Groudon|4/100
|move|p1a: Groudon|Toxic|p2a: Yveltal
|-status|p2a: Yveltal|tox
|
|-weather|SunnyDay|[upkeep]
|-heal|p1a: Groudon|11/100|[from] item: Leftovers
|-damage|p2a: Yveltal|75/100 tox|[from] psn
|upkeep
|turn|22
|inactive|pkmn cypher 2013 has 270 seconds left.
|inactive|pkmn cypher 2013 has 240 seconds left.
|inactive|pkmn cypher 2013 has 210 seconds left.
|
|t:|1655222760
|move|p2a: Yveltal|Foul Play|p1a: Groudon
|-damage|p1a: Groudon|0 fnt
|faint|p1a: Groudon
|
|-weather|SunnyDay|[upkeep]
|-damage|p2a: Yveltal|63/100 tox|[from] psn
|upkeep
|
|t:|1655222762
|switch|p1a: Marshadow|Marshadow|100/100
|turn|23
|inactive|pkmn cypher 2013 has 210 seconds left.
|
|t:|1655222780
|move|p1a: Marshadow|Close Combat|p2a: Yveltal
|-damage|p2a: Yveltal|4/100 tox
|-unboost|p1a: Marshadow|def|1
|-unboost|p1a: Marshadow|spd|1
|-damage|p1a: Marshadow|91/100|[from] item: Life Orb
|move|p2a: Yveltal|Defog|p1a: Marshadow
|-unboost|p1a: Marshadow|evasion|1
|-sideend|p2: Trade|Stealth Rock|[from] move: Defog|[of] p2a: Yveltal
|
|-weather|none
|-damage|p2a: Yveltal|0 fnt|[from] psn
|faint|p2a: Yveltal
|upkeep
|
|t:|1655222785
|switch|p2a: Xerneas|Xerneas|88/100
|-ability|p2a: Xerneas|Fairy Aura
|turn|24
|
|t:|1655222792
|switch|p1a: Ho-Oh|Ho-Oh|84/100
|move|p2a: Xerneas|Thunder Wave|p1a: Ho-Oh|[miss]
|-miss|p2a: Xerneas|p1a: Ho-Oh
|
|upkeep
|turn|25
|
|t:|1655222798
|switch|p2a: Eternatus|Eternatus|100/100 par
|-ability|p2a: Eternatus|Pressure
|move|p1a: Ho-Oh|Sacred Fire|p2a: Eternatus
|-resisted|p2a: Eternatus
|-damage|p2a: Eternatus|81/100 par
|
|upkeep
|turn|26
|
|t:|1655222806
|switch|p1a: Necrozma|Necrozma-Dusk-Mane|67/100
|switch|p2a: Necrozma|Necrozma-Dusk-Mane|100/100
|
|-heal|p1a: Necrozma|73/100|[from] item: Leftovers
|upkeep
|turn|27
|
|t:|1655222829
|switch|p1a: Yveltal|Yveltal|67/100
|-ability|p1a: Yveltal|Dark Aura
|switch|p2a: Darmanitan|Darmanitan-Galar, M|98/100
|
|upkeep
|turn|28
|inactive|pkmn cypher 2013 has 210 seconds left.
|inactive|pkmn cypher 2013 has 180 seconds left.
|
|t:|1655222876
|move|p2a: Darmanitan|Rock Slide|p1a: Yveltal
|-supereffective|p1a: Yveltal
|-damage|p1a: Yveltal|0 fnt
|faint|p1a: Yveltal
|
|upkeep
|
|t:|1655222878
|switch|p1a: Necrozma|Necrozma-Dusk-Mane|73/100
|turn|29
|
|t:|1655222885
|switch|p2a: Xerneas|Xerneas|88/100
|-ability|p2a: Xerneas|Fairy Aura
|move|p1a: Necrozma|Dragon Dance|p1a: Necrozma
|-boost|p1a: Necrozma|atk|1
|-boost|p1a: Necrozma|spe|1
|
|-heal|p1a: Necrozma|79/100|[from] item: Leftovers
|upkeep
|turn|30
|
|t:|1655222887
|move|p2a: Xerneas|Thunder Wave|p1a: Necrozma
|-status|p1a: Necrozma|par
|cant|p1a: Necrozma|par
|
|-heal|p1a: Necrozma|85/100 par|[from] item: Leftovers
|upkeep
|turn|31
|
|t:|1655222892
|switch|p2a: Necrozma|Necrozma-Dusk-Mane|100/100
|move|p1a: Necrozma|Dragon Dance|p1a: Necrozma
|-boost|p1a: Necrozma|atk|1
|-boost|p1a: Necrozma|spe|1
|
|-heal|p1a: Necrozma|91/100 par|[from] item: Leftovers
|upkeep
|turn|32
|
|t:|1655222894
|cant|p1a: Necrozma|par
|move|p2a: Necrozma|Dragon Dance|p2a: Necrozma
|-boost|p2a: Necrozma|atk|1
|-boost|p2a: Necrozma|spe|1
|
|-heal|p1a: Necrozma|97/100 par|[from] item: Leftovers
|upkeep
|turn|33
|
|t:|1655222896
|move|p2a: Necrozma|Dragon Dance|p2a: Necrozma
|-boost|p2a: Necrozma|atk|1
|-boost|p2a: Necrozma|spe|1
|move|p1a: Necrozma|Dragon Dance|p1a: Necrozma
|-boost|p1a: Necrozma|atk|1
|-boost|p1a: Necrozma|spe|1
|
|-heal|p1a: Necrozma|100/100 par|[from] item: Leftovers
|upkeep
|turn|34
|
|t:|1655222900
|move|p2a: Necrozma|Knock Off|p1a: Necrozma
|-supereffective|p1a: Necrozma
|-damage|p1a: Necrozma|27/100 par
|-enditem|p1a: Necrozma|Leftovers|[from] move: Knock Off|[of] p2a: Necrozma
|cant|p1a: Necrozma|par
|
|upkeep
|turn|35
|c|☆pkmn cypher 2013|well
|c|☆pkmn cypher 2013|i just won
|c|☆pkmn cypher 2013|without those paras
|inactive|pkmn cypher 2013 has 240 seconds left.
|c|☆pkmn cypher 2013|gg
|c|☆Trade|sorry the stone edge also won for me
|c|☆pkmn cypher 2013|no it didnt
|c|☆pkmn cypher 2013|this thing always wins 
|c|☆pkmn cypher 2013|if i dont get haxed
|-message|pkmn cypher 2013 forfeited.
|
|win|Trade
