|inactive|Battle timer is ON: inactive players will automatically lose when time's up.
|t:|1667791153
|gametype|singles
|player|p1|Luna's Bann3d Now|#capplviiisaharajas|
|player|p2|Aberforth|#aberforth|
|teamsize|p1|6
|teamsize|p2|6
|gen|8
|tier|[Gen 8] Ubers
|rule|Sleep Clause Mod: Limit one foe put to sleep
|rule|Species Clause: Limit one of each Pokémon
|rule|OHKO Clause: OHKO moves are banned
|rule|Evasion Items Clause: Evasion items are banned
|rule|Evasion Moves Clause: Evasion moves are banned
|rule|Endless Battle Clause: Forcing endless battles is banned
|rule|HP Percentage Mod: HP is shown in percentages
|rule|Dynamax Clause: You cannot dynamax
|clearpoke
|poke|p1|Yveltal|
|poke|p1|Eternatus|
|poke|p1|Necrozma-Dusk-Mane|
|poke|p1|Mewtwo|
|poke|p1|Groudon|
|poke|p1|Marshadow|
|poke|p2|Groudon|
|poke|p2|Ho-Oh|
|poke|p2|Yveltal|
|poke|p2|Necrozma-Dusk-Mane|
|poke|p2|Eternatus|
|poke|p2|Palkia|
|teampreview
|c|☆Aberforth|hf
|c|%pinorska|OH CANADA
|c|☆Luna's Bann3d Now|u2
|raw|<div class="broadcast-red"><strong>Moderated chat was set to ☆!</strong><br />Only users of rank ☆ and higher can talk.</div>
|inactive|Luna's Bann3d Now has 270 seconds left.
|inactive|Aberforth has 270 seconds left.
|inactive|Aberforth has 240 seconds left.
|
|t:|1667791216
|start
|switch|p1a: Mewtwo|Mewtwo|100/100
|switch|p2a: Palkia|Palkia|100/100
|-ability|p1a: Mewtwo|Pressure
|-ability|p2a: Palkia|Pressure
|turn|1
|inactive|Luna's Bann3d Now has 270 seconds left.
|
|t:|1667791249
|move|p1a: Mewtwo|Psystrike|p2a: Palkia
|-damage|p2a: Palkia|43/100
|move|p2a: Palkia|Spacial Rend|p1a: Mewtwo
|-damage|p1a: Mewtwo|41/100
|
|-heal|p1a: Mewtwo|47/100|[from] item: Leftovers
|upkeep
|turn|2
|inactive|Luna's Bann3d Now has 270 seconds left.
|
|t:|1667791259
|switch|p2a: Ho-Oh|Ho-Oh|100/100
|move|p1a: Mewtwo|Recover|p1a: Mewtwo
|-heal|p1a: Mewtwo|97/100
|
|-heal|p1a: Mewtwo|100/100|[from] item: Leftovers
|upkeep
|turn|3
|inactive|Luna's Bann3d Now has 270 seconds left.
|
|t:|1667791272
|move|p1a: Mewtwo|Taunt|p2a: Ho-Oh
|-start|p2a: Ho-Oh|move: Taunt
|move|p2a: Ho-Oh|Sacred Fire|p1a: Mewtwo
|-damage|p1a: Mewtwo|61/100
|-status|p1a: Mewtwo|brn
|
|-heal|p1a: Mewtwo|67/100 brn|[from] item: Leftovers
|-damage|p1a: Mewtwo|61/100 brn|[from] brn
|upkeep
|turn|4
|inactive|Luna's Bann3d Now has 270 seconds left.
|
|t:|1667791292
|move|p1a: Mewtwo|Recover|p1a: Mewtwo
|-heal|p1a: Mewtwo|100/100 brn
|move|p2a: Ho-Oh|Brave Bird|p1a: Mewtwo
|-damage|p1a: Mewtwo|54/100 brn
|-damage|p2a: Ho-Oh|85/100|[from] Recoil
|
|-heal|p1a: Mewtwo|60/100 brn|[from] item: Leftovers
|-damage|p1a: Mewtwo|54/100 brn|[from] brn
|upkeep
|turn|5
|
|t:|1667791301
|move|p1a: Mewtwo|Recover|p1a: Mewtwo
|-heal|p1a: Mewtwo|100/100 brn
|move|p2a: Ho-Oh|Brave Bird|p1a: Mewtwo
|-damage|p1a: Mewtwo|51/100 brn
|-damage|p2a: Ho-Oh|69/100|[from] Recoil
|
|-heal|p1a: Mewtwo|57/100 brn|[from] item: Leftovers
|-damage|p1a: Mewtwo|51/100 brn|[from] brn
|-end|p2a: Ho-Oh|move: Taunt
|upkeep
|turn|6
|
|t:|1667791306
|switch|p1a: Eternatus|Eternatus|100/100
|-ability|p1a: Eternatus|Pressure
|move|p2a: Ho-Oh|Brave Bird|p1a: Eternatus
|-damage|p1a: Eternatus|59/100
|-damage|p2a: Ho-Oh|54/100|[from] Recoil
|
|upkeep
|turn|7
|
|t:|1667791315
|switch|p1a: Groudon|Groudon|100/100
|-weather|SunnyDay|[from] ability: Drought|[of] p1a: Groudon
|switch|p2a: Groudon|Groudon|100/100
|
|-weather|SunnyDay|[upkeep]
|upkeep
|turn|8
|
|t:|1667791320
|move|p1a: Groudon|Toxic|p2a: Groudon
|-status|p2a: Groudon|tox
|move|p2a: Groudon|Stealth Rock|p1a: Groudon
|-sidestart|p1: Luna's Bann3d Now|move: Stealth Rock
|
|-weather|SunnyDay|[upkeep]
|-damage|p2a: Groudon|94/100 tox|[from] psn
|upkeep
|turn|9
|
|t:|1667791324
|move|p2a: Groudon|Toxic|p1a: Groudon
|-status|p1a: Groudon|tox
|move|p1a: Groudon|Stealth Rock|p2a: Groudon
|-sidestart|p2: Aberforth|move: Stealth Rock
|
|-weather|SunnyDay|[upkeep]
|-heal|p2a: Groudon|100/100 tox|[from] item: Leftovers
|-damage|p2a: Groudon|88/100 tox|[from] psn
|-damage|p1a: Groudon|94/100 tox|[from] psn
|upkeep
|turn|10
|
|t:|1667791334
|move|p2a: Groudon|Precipice Blades|p1a: Groudon
|-damage|p1a: Groudon|67/100 tox
|move|p1a: Groudon|Toxic|p2a: Groudon
|-fail|p2a: Groudon|tox
|
|-weather|SunnyDay|[upkeep]
|-heal|p1a: Groudon|74/100 tox|[from] item: Leftovers
|-heal|p2a: Groudon|94/100 tox|[from] item: Leftovers
|-damage|p2a: Groudon|76/100 tox|[from] psn
|-damage|p1a: Groudon|61/100 tox|[from] psn
|upkeep
|turn|11
|
|t:|1667791349
|switch|p2a: Ho-Oh|Ho-Oh|87/100
|move|p1a: Groudon|Precipice Blades|p2a: Ho-Oh
|-immune|p2a: Ho-Oh
|
|-weather|none
|-heal|p1a: Groudon|67/100 tox|[from] item: Leftovers
|-damage|p1a: Groudon|49/100 tox|[from] psn
|upkeep
|turn|12
|
|t:|1667791355
|switch|p2a: Groudon|Groudon|76/100 tox
|-damage|p2a: Groudon|70/100 tox|[from] Stealth Rock
|-weather|SunnyDay|[from] ability: Drought|[of] p2a: Groudon
|move|p1a: Groudon|Toxic|p2a: Groudon
|-fail|p2a: Groudon|tox
|
|-weather|SunnyDay|[upkeep]
|-heal|p1a: Groudon|55/100 tox|[from] item: Leftovers
|-heal|p2a: Groudon|76/100 tox|[from] item: Leftovers
|-damage|p1a: Groudon|30/100 tox|[from] psn
|-damage|p2a: Groudon|70/100 tox|[from] psn
|upkeep
|turn|13
|
|t:|1667791364
|switch|p1a: Yveltal|Yveltal|100/100
|-ability|p1a: Yveltal|Dark Aura
|move|p2a: Groudon|Precipice Blades|p1a: Yveltal
|-immune|p1a: Yveltal
|
|-weather|SunnyDay|[upkeep]
|-heal|p2a: Groudon|76/100 tox|[from] item: Leftovers
|-damage|p2a: Groudon|63/100 tox|[from] psn
|upkeep
|turn|14
|
|t:|1667791371
|switch|p2a: Eternatus|Eternatus|100/100
|-ability|p2a: Eternatus|Pressure
|move|p1a: Yveltal|Knock Off|p2a: Eternatus
|-damage|p2a: Eternatus|64/100
|-enditem|p2a: Eternatus|Heavy-Duty Boots|[from] move: Knock Off|[of] p1a: Yveltal
|
|-weather|SunnyDay|[upkeep]
|upkeep
|turn|15
|
|t:|1667791374
|move|p2a: Eternatus|Recover|p2a: Eternatus
|-heal|p2a: Eternatus|100/100
|move|p1a: Yveltal|U-turn|p2a: Eternatus
|-resisted|p2a: Eternatus
|-damage|p2a: Eternatus|93/100
|
|t:|1667791376
|switch|p1a: Necrozma|Necrozma-Dusk-Mane|100/100|[from]move: U-turn
|-damage|p1a: Necrozma|94/100|[from] Stealth Rock
|
|-weather|SunnyDay|[upkeep]
|upkeep
|turn|16
|
|t:|1667791386
|switch|p2a: Groudon|Groudon|63/100 tox
|-damage|p2a: Groudon|57/100 tox|[from] Stealth Rock
|move|p1a: Necrozma|Knock Off|p2a: Groudon
|-crit|p2a: Groudon
|-damage|p2a: Groudon|34/100 tox
|-enditem|p2a: Groudon|Leftovers|[from] move: Knock Off|[of] p1a: Necrozma
|
|-weather|none
|-damage|p2a: Groudon|27/100 tox|[from] psn
|upkeep
|turn|17
|inactive|Luna's Bann3d Now has 270 seconds left.
|
|t:|1667791429
|switch|p1a: Yveltal|Yveltal|100/100
|-ability|p1a: Yveltal|Dark Aura
|move|p2a: Groudon|Precipice Blades|p1a: Yveltal
|-immune|p1a: Yveltal
|
|-damage|p2a: Groudon|15/100 tox|[from] psn
|upkeep
|turn|18
|
|t:|1667791437
|move|p1a: Yveltal|Knock Off|p2a: Groudon
|-damage|p2a: Groudon|0 fnt
|faint|p2a: Groudon
|
|upkeep
|
|t:|1667791455
|switch|p2a: Ho-Oh|Ho-Oh|100/100
|turn|19
|
|t:|1667791460
|move|p1a: Yveltal|Knock Off|p2a: Ho-Oh
|-damage|p2a: Ho-Oh|51/100
|-enditem|p2a: Ho-Oh|Heavy-Duty Boots|[from] move: Knock Off|[of] p1a: Yveltal
|move|p2a: Ho-Oh|Defog|p1a: Yveltal
|-unboost|p1a: Yveltal|evasion|1
|-sideend|p1: Luna's Bann3d Now|Stealth Rock|[from] move: Defog|[of] p2a: Ho-Oh
|-sideend|p2: Aberforth|Stealth Rock|[from] move: Defog|[of] p2a: Ho-Oh
|
|upkeep
|turn|20
|
|t:|1667791470
|move|p1a: Yveltal|U-turn|p2a: Ho-Oh
|-resisted|p2a: Ho-Oh
|-damage|p2a: Ho-Oh|47/100
|
|t:|1667791473
|switch|p1a: Eternatus|Eternatus|59/100|[from]move: U-turn
|-ability|p1a: Eternatus|Pressure
|move|p2a: Ho-Oh|Sacred Fire|p1a: Eternatus
|-resisted|p1a: Eternatus
|-damage|p1a: Eternatus|42/100
|-status|p1a: Eternatus|brn
|
|-damage|p1a: Eternatus|36/100 brn|[from] brn
|upkeep
|turn|21
|
|t:|1667791482
|switch|p2a: Palkia|Palkia|43/100
|-ability|p2a: Palkia|Pressure
|move|p1a: Eternatus|Recover|p1a: Eternatus
|-heal|p1a: Eternatus|86/100 brn
|
|-damage|p1a: Eternatus|80/100 brn|[from] brn
|upkeep
|turn|22
|
|t:|1667791488
|switch|p1a: Necrozma|Necrozma-Dusk-Mane|94/100
|switch|p2a: Ho-Oh|Ho-Oh|80/100
|
|upkeep
|turn|23
|
|t:|1667791499
|switch|p1a: Eternatus|Eternatus|80/100 brn
|-ability|p1a: Eternatus|Pressure
|move|p2a: Ho-Oh|Thunder Wave||[still]
|-fail|p2a: Ho-Oh
|
|-damage|p1a: Eternatus|74/100 brn|[from] brn
|upkeep
|turn|24
|
|t:|1667791509
|switch|p1a: Groudon|Groudon|30/100 tox
|-weather|SunnyDay|[from] ability: Drought|[of] p1a: Groudon
|switch|p2a: Eternatus|Eternatus|93/100
|-ability|p2a: Eternatus|Pressure
|
|-weather|SunnyDay|[upkeep]
|-heal|p1a: Groudon|36/100 tox|[from] item: Leftovers
|-damage|p1a: Groudon|30/100 tox|[from] psn
|upkeep
|turn|25
|
|t:|1667791514
|switch|p1a: Yveltal|Yveltal|100/100
|-ability|p1a: Yveltal|Dark Aura
|move|p2a: Eternatus|Dynamax Cannon|p1a: Yveltal
|-damage|p1a: Yveltal|70/100
|
|-weather|SunnyDay|[upkeep]
|upkeep
|turn|26
|
|t:|1667791519
|move|p2a: Eternatus|Sludge Bomb|p1a: Yveltal
|-damage|p1a: Yveltal|44/100
|move|p1a: Yveltal|Roost|p1a: Yveltal
|-heal|p1a: Yveltal|94/100
|-singleturn|p1a: Yveltal|move: Roost
|
|-weather|SunnyDay|[upkeep]
|upkeep
|turn|27
|
|t:|1667791524
|move|p2a: Eternatus|Dynamax Cannon|p1a: Yveltal
|-damage|p1a: Yveltal|63/100
|move|p1a: Yveltal|U-turn|p2a: Eternatus
|-resisted|p2a: Eternatus
|-damage|p2a: Eternatus|87/100
|
|t:|1667791540
|switch|p1a: Mewtwo|Mewtwo|51/100 brn|[from]move: U-turn
|-ability|p1a: Mewtwo|Pressure
|
|-weather|SunnyDay|[upkeep]
|-heal|p1a: Mewtwo|57/100 brn|[from] item: Leftovers
|-damage|p1a: Mewtwo|51/100 brn|[from] brn
|upkeep
|turn|28
|
|t:|1667791548
|move|p1a: Mewtwo|Recover|p1a: Mewtwo
|-heal|p1a: Mewtwo|100/100 brn
|move|p2a: Eternatus|Shadow Ball|p1a: Mewtwo
|-supereffective|p1a: Mewtwo
|-damage|p1a: Mewtwo|57/100 brn
|
|-weather|none
|-heal|p1a: Mewtwo|63/100 brn|[from] item: Leftovers
|-damage|p1a: Mewtwo|57/100 brn|[from] brn
|upkeep
|turn|29
|
|t:|1667791560
|switch|p2a: Ho-Oh|Ho-Oh|100/100
|move|p1a: Mewtwo|Will-O-Wisp|p2a: Ho-Oh
|-immune|p2a: Ho-Oh
|
|-heal|p1a: Mewtwo|63/100 brn|[from] item: Leftovers
|-damage|p1a: Mewtwo|57/100 brn|[from] brn
|upkeep
|turn|30
|
|t:|1667791570
|switch|p1a: Eternatus|Eternatus|74/100 brn
|-ability|p1a: Eternatus|Pressure
|move|p2a: Ho-Oh|Brave Bird|p1a: Eternatus
|-crit|p1a: Eternatus
|-damage|p1a: Eternatus|15/100 brn
|-damage|p2a: Ho-Oh|78/100|[from] Recoil
|
|-damage|p1a: Eternatus|9/100 brn|[from] brn
|upkeep
|turn|31
|
|t:|1667791582
|switch|p2a: Necrozma|Necrozma-Dusk-Mane|100/100
|move|p1a: Eternatus|Recover|p1a: Eternatus
|-heal|p1a: Eternatus|59/100 brn
|
|-damage|p1a: Eternatus|53/100 brn|[from] brn
|upkeep
|turn|32
|
|t:|1667791590
|switch|p1a: Marshadow|Marshadow|100/100
|move|p2a: Necrozma|Dragon Dance|p2a: Necrozma
|-boost|p2a: Necrozma|atk|1
|-boost|p2a: Necrozma|spe|1
|
|upkeep
|turn|33
|
|t:|1667791595
|move|p2a: Necrozma|Photon Geyser|p1a: Marshadow
|-supereffective|p1a: Marshadow
|-damage|p1a: Marshadow|0 fnt
|faint|p1a: Marshadow
|-damage|p2a: Necrozma|91/100|[from] item: Life Orb
|
|upkeep
|inactive|Luna's Bann3d Now has 270 seconds left.
|inactive|Luna's Bann3d Now has 240 seconds left.
|
|t:|1667791670
|switch|p1a: Necrozma|Necrozma-Dusk-Mane|94/100
|turn|34
|
|t:|1667791690
|move|p2a: Necrozma|Dragon Dance|p2a: Necrozma
|-boost|p2a: Necrozma|atk|1
|-boost|p2a: Necrozma|spe|1
|move|p1a: Necrozma|Knock Off|p2a: Necrozma
|-supereffective|p2a: Necrozma
|-damage|p2a: Necrozma|52/100
|-enditem|p2a: Necrozma|Life Orb|[from] move: Knock Off|[of] p1a: Necrozma
|
|upkeep
|turn|35
|inactive|Luna's Bann3d Now has 210 seconds left.
|inactive|Aberforth has 270 seconds left.
|inactive|Luna's Bann3d Now has 180 seconds left.
|inactive|Aberforth has 240 seconds left.
|
|t:|1667791760
|move|p2a: Necrozma|Dragon Dance|p2a: Necrozma
|-boost|p2a: Necrozma|atk|1
|-boost|p2a: Necrozma|spe|1
|move|p1a: Necrozma|Knock Off|p2a: Necrozma
|-supereffective|p2a: Necrozma
|-damage|p2a: Necrozma|26/100
|
|upkeep
|turn|36
|
|t:|1667791764
|move|p2a: Necrozma|Morning Sun|p2a: Necrozma
|-heal|p2a: Necrozma|76/100
|move|p1a: Necrozma|Knock Off|p2a: Necrozma
|-supereffective|p2a: Necrozma
|-damage|p2a: Necrozma|49/100
|
|upkeep
|turn|37
|
|t:|1667791770
|move|p2a: Necrozma|Morning Sun|p2a: Necrozma
|-heal|p2a: Necrozma|98/100
|move|p1a: Necrozma|Dragon Dance|p1a: Necrozma
|-boost|p1a: Necrozma|atk|1
|-boost|p1a: Necrozma|spe|1
|
|upkeep
|turn|38
|
|t:|1667791773
|move|p2a: Necrozma|Sunsteel Strike|p1a: Necrozma
|-resisted|p1a: Necrozma
|-damage|p1a: Necrozma|41/100
|move|p1a: Necrozma|Dragon Dance|p1a: Necrozma
|-boost|p1a: Necrozma|atk|1
|-boost|p1a: Necrozma|spe|1
|
|upkeep
|turn|39
|
|t:|1667791777
|move|p2a: Necrozma|Sunsteel Strike|p1a: Necrozma
|-resisted|p1a: Necrozma
|-damage|p1a: Necrozma|0 fnt
|faint|p1a: Necrozma
|
|upkeep
|
|t:|1667791790
|switch|p1a: Mewtwo|Mewtwo|57/100 brn
|-ability|p1a: Mewtwo|Pressure
|turn|40
|
|t:|1667791793
|switch|p1a: Eternatus|Eternatus|53/100 brn
|-ability|p1a: Eternatus|Pressure
|move|p2a: Necrozma|Sunsteel Strike|p1a: Eternatus
|-damage|p1a: Eternatus|0 fnt
|faint|p1a: Eternatus
|
|upkeep
|
|t:|1667791800
|switch|p1a: Groudon|Groudon|30/100 tox
|-weather|SunnyDay|[from] ability: Drought|[of] p1a: Groudon
|turn|41
|
|t:|1667791802
|move|p1a: Groudon|Protect|p1a: Groudon
|-singleturn|p1a: Groudon|Protect
|move|p2a: Necrozma|Sunsteel Strike|p1a: Groudon
|-activate|p1a: Groudon|move: Protect
|
|-weather|SunnyDay|[upkeep]
|-heal|p1a: Groudon|36/100 tox|[from] item: Leftovers
|-damage|p1a: Groudon|30/100 tox|[from] psn
|upkeep
|turn|42
|
|t:|1667791813
|switch|p1a: Yveltal|Yveltal|63/100
|-ability|p1a: Yveltal|Dark Aura
|move|p2a: Necrozma|Photon Geyser|p1a: Yveltal
|-immune|p1a: Yveltal
|
|-weather|SunnyDay|[upkeep]
|upkeep
|turn|43
|
|t:|1667791825
|move|p2a: Necrozma|Sunsteel Strike|p1a: Yveltal
|-damage|p1a: Yveltal|0 fnt
|faint|p1a: Yveltal
|
|-weather|SunnyDay|[upkeep]
|upkeep
|
|t:|1667791827
|switch|p1a: Mewtwo|Mewtwo|57/100 brn
|-ability|p1a: Mewtwo|Pressure
|turn|44
|c|☆Aberforth|gg
|
|t:|1667791832
|move|p2a: Necrozma|Sunsteel Strike|p1a: Mewtwo
|-damage|p1a: Mewtwo|0 fnt
|faint|p1a: Mewtwo
|
|-weather|SunnyDay|[upkeep]
|upkeep
|c|☆Luna's Bann3d Now|gg
|
|t:|1667791835
|switch|p1a: Groudon|Groudon|30/100 tox
|turn|45
|
|t:|1667791837
|move|p2a: Necrozma|Photon Geyser|p1a: Groudon
|-damage|p1a: Groudon|0 fnt
|faint|p1a: Groudon
|
|win|Aberforth
