|inactive|Battle timer is ON: inactive players will automatically lose when time's up.
|t:|1667666451
|gametype|singles
|player|p1|Aberforth|#aberforth|
|player|p2|Fogbound Lake|#scl2terrors|
|teamsize|p1|6
|teamsize|p2|6
|gen|8
|tier|[Gen 8] Ubers
|rule|Sleep Clause Mod: Limit one foe put to sleep
|rule|Species Clause: Limit one of each Pokémon
|rule|OHKO Clause: OHKO moves are banned
|rule|Evasion Items Clause: Evasion items are banned
|rule|Evasion Moves Clause: Evasion moves are banned
|rule|Endless Battle Clause: Forcing endless battles is banned
|rule|HP Percentage Mod: HP is shown in percentages
|rule|Dynamax Clause: You cannot dynamax
|clearpoke
|poke|p1|Calyrex-Shadow|
|poke|p1|Ferrothorn, F|
|poke|p1|Necrozma-Dusk-Mane|
|poke|p1|Eternatus|
|poke|p1|Yveltal|
|poke|p1|Kyogre|
|poke|p2|Marshadow|
|poke|p2|Kyogre|
|poke|p2|Yveltal|
|poke|p2|Eternatus|
|poke|p2|Dialga|
|poke|p2|Necrozma-Dusk-Mane|
|teampreview
|c|☆Aberforth|hf
|c|☆Fogbound Lake|u2
|inactive|Fogbound Lake has 270 seconds left.
|inactive|Aberforth has 270 seconds left.
|inactive|Fogbound Lake has 240 seconds left.
|
|t:|1667666535
|start
|switch|p1a: Yveltal|Yveltal|100/100
|switch|p2a: *** Passionate|Eternatus|100/100
|-ability|p2a: *** Passionate|Pressure
|-ability|p1a: Yveltal|Dark Aura
|turn|1
|
|t:|1667666551
|switch|p1a: Necrozma|Necrozma-Dusk-Mane|100/100
|move|p2a: *** Passionate|Flamethrower|p1a: Necrozma
|-supereffective|p1a: Necrozma
|-damage|p1a: Necrozma|75/100
|
|-heal|p1a: Necrozma|81/100|[from] item: Leftovers
|upkeep
|turn|2
|
|t:|1667666560
|switch|p2a: DREAM×SCRAMBLE!|Kyogre|100/100
|-weather|RainDance|[from] ability: Drizzle|[of] p2a: DREAM×SCRAMBLE!
|move|p1a: Necrozma|Thunder Wave|p2a: DREAM×SCRAMBLE!
|-status|p2a: DREAM×SCRAMBLE!|par
|
|-weather|RainDance|[upkeep]
|-heal|p1a: Necrozma|87/100|[from] item: Leftovers
|upkeep
|turn|3
|
|t:|1667666576
|switch|p1a: Eternatus|Eternatus|100/100
|-ability|p1a: Eternatus|Pressure
|cant|p2a: DREAM×SCRAMBLE!|par
|
|-weather|RainDance|[upkeep]
|upkeep
|turn|4
|
|t:|1667666585
|switch|p1a: Necrozma|Necrozma-Dusk-Mane|87/100
|move|p2a: DREAM×SCRAMBLE!|Thunder|p1a: Necrozma
|-damage|p1a: Necrozma|62/100
|
|-weather|RainDance|[upkeep]
|-heal|p1a: Necrozma|68/100|[from] item: Leftovers
|upkeep
|turn|5
|
|t:|1667666599
|move|p1a: Necrozma|Moonlight|p1a: Necrozma
|-heal|p1a: Necrozma|92/100
|move|p2a: DREAM×SCRAMBLE!|Thunder|p1a: Necrozma
|-damage|p1a: Necrozma|70/100
|
|-weather|RainDance|[upkeep]
|-heal|p1a: Necrozma|76/100|[from] item: Leftovers
|upkeep
|turn|6
|
|t:|1667666609
|move|p1a: Necrozma|Stealth Rock|p2a: DREAM×SCRAMBLE!
|-sidestart|p2: Fogbound Lake|move: Stealth Rock
|move|p2a: DREAM×SCRAMBLE!|Thunder|p1a: Necrozma
|-damage|p1a: Necrozma|52/100
|
|-weather|none
|-heal|p1a: Necrozma|58/100|[from] item: Leftovers
|upkeep
|turn|7
|inactive|Fogbound Lake has 270 seconds left.
|
|t:|1667666651
|switch|p2a: Never the Fever!!|Necrozma-Dusk-Mane|100/100
|-damage|p2a: Never the Fever!!|94/100|[from] Stealth Rock
|move|p1a: Necrozma|Moonlight|p1a: Necrozma
|-heal|p1a: Necrozma|100/100
|
|-heal|p2a: Never the Fever!!|100/100|[from] item: Leftovers
|upkeep
|turn|8
|
|t:|1667666654
|switch|p1a: Ferrothorn|Ferrothorn, F|100/100
|move|p2a: Never the Fever!!|Thunder Wave|p1a: Ferrothorn
|-status|p1a: Ferrothorn|par
|
|upkeep
|turn|9
|
|t:|1667666661
|switch|p2a: *** Passionate|Eternatus|100/100
|-ability|p2a: *** Passionate|Pressure
|move|p1a: Ferrothorn|Spikes|p2a: *** Passionate
|-sidestart|p2: Fogbound Lake|Spikes
|
|upkeep
|turn|10
|
|t:|1667666673
|switch|p1a: Necrozma|Necrozma-Dusk-Mane|100/100
|move|p2a: *** Passionate|Flamethrower|p1a: Necrozma
|-supereffective|p1a: Necrozma
|-damage|p1a: Necrozma|77/100
|
|-heal|p1a: Necrozma|83/100|[from] item: Leftovers
|upkeep
|turn|11
|c|+Lasen|SCL?
|c|☆Aberforth|yes
|
|t:|1667666690
|switch|p2a: DREAM×SCRAMBLE!|Kyogre|100/100 par
|-damage|p2a: DREAM×SCRAMBLE!|88/100 par|[from] Stealth Rock
|-damage|p2a: DREAM×SCRAMBLE!|76/100 par|[from] Spikes
|-weather|RainDance|[from] ability: Drizzle|[of] p2a: DREAM×SCRAMBLE!
|switch|p1a: Eternatus|Eternatus|100/100
|-ability|p1a: Eternatus|Pressure
|
|-weather|RainDance|[upkeep]
|-heal|p2a: DREAM×SCRAMBLE!|82/100 par|[from] item: Leftovers
|upkeep
|turn|12
|
|t:|1667666697
|move|p2a: DREAM×SCRAMBLE!|Calm Mind|p2a: DREAM×SCRAMBLE!
|-boost|p2a: DREAM×SCRAMBLE!|spa|1
|-boost|p2a: DREAM×SCRAMBLE!|spd|1
|move|p1a: Eternatus|Dragon Tail|p2a: DREAM×SCRAMBLE!
|-damage|p2a: DREAM×SCRAMBLE!|70/100 par
|drag|p2a: Rough Diamonds|Dialga|100/100
|-damage|p2a: Rough Diamonds|94/100|[from] Stealth Rock
|-damage|p2a: Rough Diamonds|82/100|[from] Spikes
|-ability|p2a: Rough Diamonds|Pressure
|
|-weather|RainDance|[upkeep]
|-heal|p2a: Rough Diamonds|88/100|[from] item: Leftovers
|upkeep
|turn|13
|
|t:|1667666713
|switch|p1a: Yveltal|Yveltal|100/100
|-ability|p1a: Yveltal|Dark Aura
|move|p2a: Rough Diamonds|Dragon Breath|p1a: Yveltal
|-damage|p1a: Yveltal|82/100
|-status|p1a: Yveltal|par
|
|-weather|RainDance|[upkeep]
|-heal|p2a: Rough Diamonds|94/100|[from] item: Leftovers
|upkeep
|turn|14
|
|t:|1667666720
|switch|p2a: *** Passionate|Eternatus|100/100
|-ability|p2a: *** Passionate|Pressure
|move|p1a: Yveltal|Knock Off|p2a: *** Passionate
|-damage|p2a: *** Passionate|60/100
|-enditem|p2a: *** Passionate|Heavy-Duty Boots|[from] move: Knock Off|[of] p1a: Yveltal
|
|-weather|RainDance|[upkeep]
|upkeep
|turn|15
|
|t:|1667666724
|switch|p1a: Calyrex|Calyrex-Shadow|100/100
|-ability|p1a: Calyrex|As One
|-ability|p1a: Calyrex|Unnerve
|move|p2a: *** Passionate|Recover|p2a: *** Passionate
|-heal|p2a: *** Passionate|100/100
|
|-weather|none
|upkeep
|turn|16
|
|t:|1667666733
|switch|p2a: Absolute Soul|Yveltal|100/100
|-ability|p2a: Absolute Soul|Dark Aura
|move|p1a: Calyrex|Aromatherapy|p1a: Calyrex
|-activate|p1a: Calyrex|move: Aromatherapy
|-curestatus|p1: Ferrothorn|par|[msg]
|-curestatus|p1: Yveltal|par|[msg]
|
|upkeep
|turn|17
|
|t:|1667666741
|switch|p1a: Kyogre|Kyogre|100/100
|-weather|RainDance|[from] ability: Drizzle|[of] p1a: Kyogre
|move|p2a: Absolute Soul|Defog|p1a: Kyogre
|-unboost|p1a: Kyogre|evasion|1
|-sideend|p2: Fogbound Lake|Spikes|[from] move: Defog|[of] p2a: Absolute Soul
|-sideend|p2: Fogbound Lake|Stealth Rock|[from] move: Defog|[of] p2a: Absolute Soul
|
|-weather|RainDance|[upkeep]
|upkeep
|turn|18
|
|t:|1667666764
|switch|p2a: DREAM×SCRAMBLE!|Kyogre|70/100 par
|move|p1a: Kyogre|Scald|p2a: DREAM×SCRAMBLE!
|-resisted|p2a: DREAM×SCRAMBLE!
|-damage|p2a: DREAM×SCRAMBLE!|52/100 par
|
|-weather|RainDance|[upkeep]
|-heal|p2a: DREAM×SCRAMBLE!|58/100 par|[from] item: Leftovers
|upkeep
|turn|19
|
|t:|1667666776
|switch|p1a: Ferrothorn|Ferrothorn, F|100/100
|switch|p2a: Rough Diamonds|Dialga|94/100
|-ability|p2a: Rough Diamonds|Pressure
|
|-weather|RainDance|[upkeep]
|-heal|p2a: Rough Diamonds|100/100|[from] item: Leftovers
|upkeep
|turn|20
|
|t:|1667666785
|move|p2a: Rough Diamonds|Substitute|p2a: Rough Diamonds
|-start|p2a: Rough Diamonds|Substitute
|-damage|p2a: Rough Diamonds|75/100
|move|p1a: Ferrothorn|Iron Defense|p1a: Ferrothorn
|-boost|p1a: Ferrothorn|def|2
|
|-weather|RainDance|[upkeep]
|-heal|p2a: Rough Diamonds|82/100|[from] item: Leftovers
|upkeep
|turn|21
|
|t:|1667666794
|move|p2a: Rough Diamonds|Dragon Breath|p1a: Ferrothorn
|-resisted|p1a: Ferrothorn
|-damage|p1a: Ferrothorn|87/100
|move|p1a: Ferrothorn|Body Press|p2a: Rough Diamonds
|-supereffective|p2a: Rough Diamonds
|-crit|p2a: Rough Diamonds
|-end|p2a: Rough Diamonds|Substitute
|
|-weather|none
|-heal|p2a: Rough Diamonds|88/100|[from] item: Leftovers
|-heal|p1a: Ferrothorn|94/100|[from] item: Leftovers
|upkeep
|turn|22
|inactive|Fogbound Lake has 270 seconds left.
|
|t:|1667666841
|move|p2a: Rough Diamonds|Substitute|p2a: Rough Diamonds
|-start|p2a: Rough Diamonds|Substitute
|-damage|p2a: Rough Diamonds|63/100
|move|p1a: Ferrothorn|Spikes|p2a: Rough Diamonds
|-sidestart|p2: Fogbound Lake|Spikes
|
|-heal|p2a: Rough Diamonds|69/100|[from] item: Leftovers
|-heal|p1a: Ferrothorn|99/100|[from] item: Leftovers
|upkeep
|turn|23
|
|t:|1667666846
|move|p2a: Rough Diamonds|Dragon Breath|p1a: Ferrothorn
|-resisted|p1a: Ferrothorn
|-damage|p1a: Ferrothorn|86/100
|-status|p1a: Ferrothorn|par
|cant|p1a: Ferrothorn|par
|
|-heal|p2a: Rough Diamonds|75/100|[from] item: Leftovers
|-heal|p1a: Ferrothorn|93/100 par|[from] item: Leftovers
|upkeep
|turn|24
|inactive|Fogbound Lake has 270 seconds left.
|
|t:|1667666876
|move|p2a: Rough Diamonds|Iron Defense|p2a: Rough Diamonds
|-boost|p2a: Rough Diamonds|def|2
|move|p1a: Ferrothorn|Body Press|p2a: Rough Diamonds
|-supereffective|p2a: Rough Diamonds
|-end|p2a: Rough Diamonds|Substitute
|
|-heal|p2a: Rough Diamonds|81/100|[from] item: Leftovers
|-heal|p1a: Ferrothorn|99/100 par|[from] item: Leftovers
|upkeep
|turn|25
|inactive|Fogbound Lake has 240 seconds left.
|
|t:|1667666904
|switch|p1a: Calyrex|Calyrex-Shadow|100/100
|-ability|p1a: Calyrex|As One
|-ability|p1a: Calyrex|Unnerve
|move|p2a: Rough Diamonds|Substitute|p2a: Rough Diamonds
|-start|p2a: Rough Diamonds|Substitute
|-damage|p2a: Rough Diamonds|56/100
|
|-heal|p2a: Rough Diamonds|63/100|[from] item: Leftovers
|upkeep
|turn|26
|
|t:|1667666908
|move|p1a: Calyrex|Astral Barrage|p2a: Rough Diamonds
|-end|p2a: Rough Diamonds|Substitute
|move|p2a: Rough Diamonds|Dragon Breath|p1a: Calyrex
|-damage|p1a: Calyrex|70/100
|-status|p1a: Calyrex|par
|
|-heal|p2a: Rough Diamonds|69/100|[from] item: Leftovers
|upkeep
|turn|27
|
|t:|1667666914
|switch|p2a: Absolute Soul|Yveltal|100/100
|-ability|p2a: Absolute Soul|Dark Aura
|move|p1a: Calyrex|Astral Barrage|p2a: Absolute Soul
|-resisted|p2a: Absolute Soul
|-damage|p2a: Absolute Soul|55/100
|
|upkeep
|turn|28
|
|t:|1667666921
|switch|p1a: Yveltal|Yveltal|82/100
|-ability|p1a: Yveltal|Dark Aura
|move|p2a: Absolute Soul|Roost|p2a: Absolute Soul
|-heal|p2a: Absolute Soul|100/100
|-singleturn|p2a: Absolute Soul|move: Roost
|
|upkeep
|turn|29
|
|t:|1667666928
|switch|p2a: *** Passionate|Eternatus|100/100
|-damage|p2a: *** Passionate|88/100|[from] Spikes
|-ability|p2a: *** Passionate|Pressure
|move|p1a: Yveltal|Taunt|p2a: *** Passionate
|-start|p2a: *** Passionate|move: Taunt
|
|upkeep
|turn|30
|inactive|Fogbound Lake has 270 seconds left.
|
|t:|1667666963
|move|p2a: *** Passionate|Dynamax Cannon|p1a: Yveltal
|-damage|p1a: Yveltal|48/100
|move|p1a: Yveltal|Knock Off|p2a: *** Passionate
|-damage|p2a: *** Passionate|64/100
|
|upkeep
|turn|31
|
|t:|1667666970
|move|p2a: *** Passionate|Dynamax Cannon|p1a: Yveltal
|-damage|p1a: Yveltal|14/100
|move|p1a: Yveltal|Roost|p1a: Yveltal
|-heal|p1a: Yveltal|64/100
|-singleturn|p1a: Yveltal|move: Roost
|
|-end|p2a: *** Passionate|move: Taunt
|upkeep
|turn|32
|
|t:|1667666975
|switch|p1a: Necrozma|Necrozma-Dusk-Mane|83/100
|move|p2a: *** Passionate|Recover|p2a: *** Passionate
|-heal|p2a: *** Passionate|100/100
|
|-heal|p1a: Necrozma|89/100|[from] item: Leftovers
|upkeep
|turn|33
|inactive|Fogbound Lake has 240 seconds left.
|
|t:|1667667020
|switch|p2a: DREAM×SCRAMBLE!|Kyogre|58/100 par
|-damage|p2a: DREAM×SCRAMBLE!|45/100 par|[from] Spikes
|-weather|RainDance|[from] ability: Drizzle|[of] p2a: DREAM×SCRAMBLE!
|move|p1a: Necrozma|Stealth Rock|p2a: DREAM×SCRAMBLE!
|-sidestart|p2: Fogbound Lake|move: Stealth Rock
|
|-weather|RainDance|[upkeep]
|-heal|p1a: Necrozma|95/100|[from] item: Leftovers
|-heal|p2a: DREAM×SCRAMBLE!|52/100 par|[from] item: Leftovers
|upkeep
|turn|34
|
|t:|1667667027
|switch|p1a: Ferrothorn|Ferrothorn, F|99/100 par
|move|p2a: DREAM×SCRAMBLE!|Thunder|p1a: Ferrothorn
|-resisted|p1a: Ferrothorn
|-damage|p1a: Ferrothorn|81/100 par
|
|-weather|RainDance|[upkeep]
|-heal|p2a: DREAM×SCRAMBLE!|58/100 par|[from] item: Leftovers
|-heal|p1a: Ferrothorn|87/100 par|[from] item: Leftovers
|upkeep
|turn|35
|inactive|Fogbound Lake has 240 seconds left.
|
|t:|1667667036
|move|p2a: DREAM×SCRAMBLE!|Rest|p2a: DREAM×SCRAMBLE!
|-status|p2a: DREAM×SCRAMBLE!|slp|[from] move: Rest
|-heal|p2a: DREAM×SCRAMBLE!|100/100 slp|[silent]
|move|p1a: Ferrothorn|Leech Seed|p2a: DREAM×SCRAMBLE!
|-start|p2a: DREAM×SCRAMBLE!|move: Leech Seed
|
|-weather|RainDance|[upkeep]
|-heal|p1a: Ferrothorn|93/100 par|[from] item: Leftovers
|-damage|p2a: DREAM×SCRAMBLE!|88/100 slp|[from] Leech Seed|[of] p1a: Ferrothorn
|-heal|p1a: Ferrothorn|100/100 par|[silent]
|upkeep
|turn|36
|
|t:|1667667041
|switch|p2a: SWITCH|Marshadow|100/100
|-damage|p2a: SWITCH|88/100|[from] Spikes
|-damage|p2a: SWITCH|82/100|[from] Stealth Rock
|move|p1a: Ferrothorn|Leech Seed|p2a: SWITCH
|-start|p2a: SWITCH|move: Leech Seed
|
|-weather|RainDance|[upkeep]
|-damage|p2a: SWITCH|69/100|[from] Leech Seed|[of] p1a: Ferrothorn
|upkeep
|turn|37
|
|t:|1667667051
|switch|p2a: Never the Fever!!|Necrozma-Dusk-Mane|100/100
|-damage|p2a: Never the Fever!!|88/100|[from] Spikes
|-damage|p2a: Never the Fever!!|82/100|[from] Stealth Rock
|switch|p1a: Eternatus|Eternatus|100/100
|-ability|p1a: Eternatus|Pressure
|
|-weather|none
|-heal|p2a: Never the Fever!!|88/100|[from] item: Leftovers
|upkeep
|turn|38
|
|t:|1667667058
|switch|p1a: Ferrothorn|Ferrothorn, F|100/100 par
|switch|p2a: Absolute Soul|Yveltal|100/100
|-ability|p2a: Absolute Soul|Dark Aura
|
|upkeep
|turn|39
|
|t:|1667667073
|move|p2a: Absolute Soul|Defog|p1a: Ferrothorn
|-unboost|p1a: Ferrothorn|evasion|1
|-sideend|p2: Fogbound Lake|Spikes|[from] move: Defog|[of] p2a: Absolute Soul
|-sideend|p2: Fogbound Lake|Stealth Rock|[from] move: Defog|[of] p2a: Absolute Soul
|move|p1a: Ferrothorn|Leech Seed|p2a: Absolute Soul
|-start|p2a: Absolute Soul|move: Leech Seed
|
|-damage|p2a: Absolute Soul|88/100|[from] Leech Seed|[of] p1a: Ferrothorn
|upkeep
|turn|40
|inactive|Fogbound Lake has 240 seconds left.
|
|t:|1667667100
|switch|p2a: *** Passionate|Eternatus|100/100
|-ability|p2a: *** Passionate|Pressure
|switch|p1a: Yveltal|Yveltal|64/100
|-ability|p1a: Yveltal|Dark Aura
|
|upkeep
|turn|41
|inactive|Fogbound Lake has 240 seconds left.
|
|t:|1667667114
|move|p2a: *** Passionate|Dynamax Cannon|p1a: Yveltal
|-damage|p1a: Yveltal|31/100
|move|p1a: Yveltal|Knock Off|p2a: *** Passionate
|-damage|p2a: *** Passionate|75/100
|
|upkeep
|turn|42
|
|t:|1667667126
|switch|p1a: Kyogre|Kyogre|100/100
|-weather|RainDance|[from] ability: Drizzle|[of] p1a: Kyogre
|move|p2a: *** Passionate|Dynamax Cannon|p1a: Kyogre
|-damage|p1a: Kyogre|68/100
|
|-weather|RainDance|[upkeep]
|-heal|p1a: Kyogre|75/100|[from] item: Leftovers
|upkeep
|turn|43
|inactive|Fogbound Lake has 240 seconds left.
|
|t:|1667667144
|switch|p2a: DREAM×SCRAMBLE!|Kyogre|88/100 slp
|move|p1a: Kyogre|Calm Mind|p1a: Kyogre
|-boost|p1a: Kyogre|spa|1
|-boost|p1a: Kyogre|spd|1
|
|-weather|RainDance|[upkeep]
|-heal|p1a: Kyogre|81/100|[from] item: Leftovers
|-heal|p2a: DREAM×SCRAMBLE!|94/100 slp|[from] item: Leftovers
|upkeep
|turn|44
|
|t:|1667667151
|switch|p1a: Ferrothorn|Ferrothorn, F|100/100 par
|cant|p2a: DREAM×SCRAMBLE!|slp
|
|-weather|RainDance|[upkeep]
|-heal|p2a: DREAM×SCRAMBLE!|100/100 slp|[from] item: Leftovers
|upkeep
|turn|45
|
|t:|1667667157
|cant|p2a: DREAM×SCRAMBLE!|slp
|move|p1a: Ferrothorn|Spikes|p2a: DREAM×SCRAMBLE!
|-sidestart|p2: Fogbound Lake|Spikes
|
|-weather|RainDance|[upkeep]
|upkeep
|turn|46
|
|t:|1667667159
|switch|p2a: Absolute Soul|Yveltal|88/100
|-ability|p2a: Absolute Soul|Dark Aura
|move|p1a: Ferrothorn|Leech Seed|p2a: Absolute Soul
|-start|p2a: Absolute Soul|move: Leech Seed
|
|-weather|none
|-damage|p2a: Absolute Soul|76/100|[from] Leech Seed|[of] p1a: Ferrothorn
|upkeep
|turn|47
|inactive|Fogbound Lake has 270 seconds left.
|
|t:|1667667165
|move|p2a: Absolute Soul|Knock Off|p1a: Ferrothorn
|-damage|p1a: Ferrothorn|60/100 par
|-damage|p2a: Absolute Soul|63/100|[from] ability: Iron Barbs|[of] p1a: Ferrothorn
|-enditem|p1a: Ferrothorn|Leftovers|[from] move: Knock Off|[of] p2a: Absolute Soul
|move|p1a: Ferrothorn|Spikes|p2a: Absolute Soul
|-sidestart|p2: Fogbound Lake|Spikes
|
|-damage|p2a: Absolute Soul|51/100|[from] Leech Seed|[of] p1a: Ferrothorn
|-heal|p1a: Ferrothorn|75/100 par|[silent]
|upkeep
|turn|48
|inactive|Fogbound Lake has 270 seconds left.
|inactive|Fogbound Lake has 240 seconds left.
|
|t:|1667667213
|switch|p2a: *** Passionate|Eternatus|75/100
|-damage|p2a: *** Passionate|58/100|[from] Spikes
|-ability|p2a: *** Passionate|Pressure
|move|p1a: Ferrothorn|Body Press|p2a: *** Passionate
|-resisted|p2a: *** Passionate
|-damage|p2a: *** Passionate|48/100
|
|upkeep
|turn|49
|inactive|Fogbound Lake has 240 seconds left.
|
|t:|1667667224
|switch|p1a: Kyogre|Kyogre|81/100
|-weather|RainDance|[from] ability: Drizzle|[of] p1a: Kyogre
|move|p2a: *** Passionate|Recover|p2a: *** Passionate
|-heal|p2a: *** Passionate|98/100
|
|-weather|RainDance|[upkeep]
|-heal|p1a: Kyogre|87/100|[from] item: Leftovers
|upkeep
|turn|50
|inactive|Fogbound Lake has 240 seconds left.
|
|t:|1667667242
|switch|p2a: DREAM×SCRAMBLE!|Kyogre|100/100 slp
|-damage|p2a: DREAM×SCRAMBLE!|84/100 slp|[from] Spikes
|switch|p1a: Ferrothorn|Ferrothorn, F|75/100 par
|
|-weather|RainDance|[upkeep]
|-heal|p2a: DREAM×SCRAMBLE!|90/100 slp|[from] item: Leftovers
|upkeep
|turn|51
|inactive|Fogbound Lake has 240 seconds left.
|
|t:|1667667247
|-curestatus|p2a: DREAM×SCRAMBLE!|slp|[msg]
|move|p2a: DREAM×SCRAMBLE!|Surf|p1a: Ferrothorn
|-resisted|p1a: Ferrothorn
|-damage|p1a: Ferrothorn|41/100 par
|move|p1a: Ferrothorn|Leech Seed|p2a: DREAM×SCRAMBLE!
|-start|p2a: DREAM×SCRAMBLE!|move: Leech Seed
|
|-weather|RainDance|[upkeep]
|-heal|p2a: DREAM×SCRAMBLE!|96/100|[from] item: Leftovers
|-damage|p2a: DREAM×SCRAMBLE!|84/100|[from] Leech Seed|[of] p1a: Ferrothorn
|-heal|p1a: Ferrothorn|55/100 par|[silent]
|upkeep
|turn|52
|
|t:|1667667256
|switch|p2a: Absolute Soul|Yveltal|51/100
|-ability|p2a: Absolute Soul|Dark Aura
|switch|p1a: Eternatus|Eternatus|100/100
|-ability|p1a: Eternatus|Pressure
|
|-weather|RainDance|[upkeep]
|upkeep
|turn|53
|
|t:|1667667265
|move|p1a: Eternatus|Sludge Bomb|p2a: Absolute Soul
|-damage|p2a: Absolute Soul|21/100
|move|p2a: Absolute Soul|Roost|p2a: Absolute Soul
|-heal|p2a: Absolute Soul|71/100
|-singleturn|p2a: Absolute Soul|move: Roost
|
|-weather|none
|upkeep
|turn|54
|
|t:|1667667273
|switch|p2a: Never the Fever!!|Necrozma-Dusk-Mane|88/100
|-damage|p2a: Never the Fever!!|72/100|[from] Spikes
|move|p1a: Eternatus|Dragon Tail|p2a: Never the Fever!!
|-resisted|p2a: Never the Fever!!
|-damage|p2a: Never the Fever!!|67/100
|drag|p2a: SWITCH|Marshadow|69/100
|-damage|p2a: SWITCH|53/100|[from] Spikes
|
|upkeep
|turn|55
|inactive|Fogbound Lake has 240 seconds left.
|
|t:|1667667301
|switch|p2a: Never the Fever!!|Necrozma-Dusk-Mane|67/100
|-damage|p2a: Never the Fever!!|50/100|[from] Spikes
|move|p1a: Eternatus|Dragon Tail|p2a: Never the Fever!!
|-resisted|p2a: Never the Fever!!
|-crit|p2a: Never the Fever!!
|-damage|p2a: Never the Fever!!|42/100
|drag|p2a: SWITCH|Marshadow|53/100
|-damage|p2a: SWITCH|36/100|[from] Spikes
|
|upkeep
|turn|56
|inactive|Fogbound Lake has 240 seconds left.
|inactive|Aberforth has 270 seconds left.
|
|t:|1667667329
|move|p2a: SWITCH|Bulk Up|p2a: SWITCH
|-boost|p2a: SWITCH|atk|1
|-boost|p2a: SWITCH|def|1
|move|p1a: Eternatus|Flamethrower|p2a: SWITCH
|-damage|p2a: SWITCH|2/100
|
|upkeep
|turn|57
|inactive|Aberforth has 270 seconds left.
|inactive|Fogbound Lake has 210 seconds left.
|
|t:|1667667379
|switch|p2a: *** Passionate|Eternatus|98/100
|-damage|p2a: *** Passionate|81/100|[from] Spikes
|-ability|p2a: *** Passionate|Pressure
|move|p1a: Eternatus|Flamethrower|p2a: *** Passionate
|-resisted|p2a: *** Passionate
|-damage|p2a: *** Passionate|69/100
|
|upkeep
|turn|58
|inactive|Fogbound Lake has 180 seconds left.
|inactive|Aberforth has 240 seconds left.
|
|t:|1667667417
|switch|p1a: Necrozma|Necrozma-Dusk-Mane|95/100
|move|p2a: *** Passionate|Recover|p2a: *** Passionate
|-heal|p2a: *** Passionate|100/100
|
|-heal|p1a: Necrozma|100/100|[from] item: Leftovers
|upkeep
|turn|59
|inactive|Fogbound Lake has 180 seconds left.
|
|t:|1667667439
|switch|p2a: DREAM×SCRAMBLE!|Kyogre|84/100
|-damage|p2a: DREAM×SCRAMBLE!|67/100|[from] Spikes
|-weather|RainDance|[from] ability: Drizzle|[of] p2a: DREAM×SCRAMBLE!
|move|p1a: Necrozma|Stealth Rock|p2a: DREAM×SCRAMBLE!
|-sidestart|p2: Fogbound Lake|move: Stealth Rock
|
|-weather|RainDance|[upkeep]
|-heal|p2a: DREAM×SCRAMBLE!|73/100|[from] item: Leftovers
|upkeep
|turn|60
|inactive|Aberforth has 240 seconds left.
|
|t:|1667667457
|move|p2a: DREAM×SCRAMBLE!|Calm Mind|p2a: DREAM×SCRAMBLE!
|-boost|p2a: DREAM×SCRAMBLE!|spa|1
|-boost|p2a: DREAM×SCRAMBLE!|spd|1
|move|p1a: Necrozma|Thunder Wave|p2a: DREAM×SCRAMBLE!
|-status|p2a: DREAM×SCRAMBLE!|par
|
|-weather|RainDance|[upkeep]
|-heal|p2a: DREAM×SCRAMBLE!|80/100 par|[from] item: Leftovers
|upkeep
|turn|61
|
|t:|1667667463
|move|p1a: Necrozma|Iron Head|p2a: DREAM×SCRAMBLE!
|-resisted|p2a: DREAM×SCRAMBLE!
|-damage|p2a: DREAM×SCRAMBLE!|64/100 par
|move|p2a: DREAM×SCRAMBLE!|Thunder|p1a: Necrozma
|-damage|p1a: Necrozma|64/100
|
|-weather|RainDance|[upkeep]
|-heal|p1a: Necrozma|70/100|[from] item: Leftovers
|-heal|p2a: DREAM×SCRAMBLE!|70/100 par|[from] item: Leftovers
|upkeep
|turn|62
|inactive|Aberforth has 240 seconds left.
|
|t:|1667667469
|move|p1a: Necrozma|Iron Head|p2a: DREAM×SCRAMBLE!
|-resisted|p2a: DREAM×SCRAMBLE!
|-damage|p2a: DREAM×SCRAMBLE!|54/100 par
|cant|p2a: DREAM×SCRAMBLE!|flinch
|
|-weather|RainDance|[upkeep]
|-heal|p1a: Necrozma|76/100|[from] item: Leftovers
|-heal|p2a: DREAM×SCRAMBLE!|61/100 par|[from] item: Leftovers
|upkeep
|turn|63
|
|t:|1667667475
|move|p1a: Necrozma|Iron Head|p2a: DREAM×SCRAMBLE!
|-resisted|p2a: DREAM×SCRAMBLE!
|-damage|p2a: DREAM×SCRAMBLE!|44/100 par
|move|p2a: DREAM×SCRAMBLE!|Surf|p1a: Necrozma
|-damage|p1a: Necrozma|6/100
|
|-weather|none
|-heal|p1a: Necrozma|12/100|[from] item: Leftovers
|-heal|p2a: DREAM×SCRAMBLE!|50/100 par|[from] item: Leftovers
|upkeep
|turn|64
|
|t:|1667667487
|move|p1a: Necrozma|Moonlight|p1a: Necrozma
|-heal|p1a: Necrozma|62/100
|cant|p2a: DREAM×SCRAMBLE!|par
|
|-heal|p1a: Necrozma|68/100|[from] item: Leftovers
|-heal|p2a: DREAM×SCRAMBLE!|56/100 par|[from] item: Leftovers
|upkeep
|turn|65
|
|t:|1667667492
|move|p1a: Necrozma|Iron Head|p2a: DREAM×SCRAMBLE!
|-resisted|p2a: DREAM×SCRAMBLE!
|-damage|p2a: DREAM×SCRAMBLE!|40/100 par
|cant|p2a: DREAM×SCRAMBLE!|flinch
|
|-heal|p1a: Necrozma|74/100|[from] item: Leftovers
|-heal|p2a: DREAM×SCRAMBLE!|46/100 par|[from] item: Leftovers
|upkeep
|turn|66
|
|t:|1667667495
|move|p1a: Necrozma|Iron Head|p2a: DREAM×SCRAMBLE!
|-resisted|p2a: DREAM×SCRAMBLE!
|-damage|p2a: DREAM×SCRAMBLE!|30/100 par
|cant|p2a: DREAM×SCRAMBLE!|par
|
|-heal|p1a: Necrozma|80/100|[from] item: Leftovers
|-heal|p2a: DREAM×SCRAMBLE!|36/100 par|[from] item: Leftovers
|upkeep
|turn|67
|
|t:|1667667499
|move|p1a: Necrozma|Iron Head|p2a: DREAM×SCRAMBLE!
|-resisted|p2a: DREAM×SCRAMBLE!
|-crit|p2a: DREAM×SCRAMBLE!
|-damage|p2a: DREAM×SCRAMBLE!|12/100 par
|cant|p2a: DREAM×SCRAMBLE!|flinch
|
|-heal|p1a: Necrozma|86/100|[from] item: Leftovers
|-heal|p2a: DREAM×SCRAMBLE!|18/100 par|[from] item: Leftovers
|upkeep
|turn|68
|c|☆Fogbound Lake|welcome to ubers
|
|t:|1667667519
|move|p1a: Necrozma|Iron Head|p2a: DREAM×SCRAMBLE!
|-resisted|p2a: DREAM×SCRAMBLE!
|-crit|p2a: DREAM×SCRAMBLE!
|-damage|p2a: DREAM×SCRAMBLE!|0 fnt
|faint|p2a: DREAM×SCRAMBLE!
|
|-heal|p1a: Necrozma|92/100|[from] item: Leftovers
|upkeep
|
|t:|1667667528
|switch|p2a: Absolute Soul|Yveltal|71/100
|-ability|p2a: Absolute Soul|Dark Aura
|turn|69
|
|t:|1667667537
|move|p2a: Absolute Soul|Knock Off|p1a: Necrozma
|-supereffective|p1a: Necrozma
|-damage|p1a: Necrozma|19/100
|-enditem|p1a: Necrozma|Leftovers|[from] move: Knock Off|[of] p2a: Absolute Soul
|move|p1a: Necrozma|Thunder Wave|p2a: Absolute Soul
|-status|p2a: Absolute Soul|par
|
|upkeep
|turn|70
|
|t:|1667667543
|move|p1a: Necrozma|Moonlight|p1a: Necrozma
|-heal|p1a: Necrozma|69/100
|move|p2a: Absolute Soul|Defog|p1a: Necrozma
|-unboost|p1a: Necrozma|evasion|1
|-sideend|p2: Fogbound Lake|Spikes|[from] move: Defog|[of] p2a: Absolute Soul
|-sideend|p2: Fogbound Lake|Stealth Rock|[from] move: Defog|[of] p2a: Absolute Soul
|
|upkeep
|turn|71
|
|t:|1667667547
|switch|p2a: Rough Diamonds|Dialga|69/100
|-ability|p2a: Rough Diamonds|Pressure
|move|p1a: Necrozma|Stealth Rock|p2a: Rough Diamonds
|-sidestart|p2: Fogbound Lake|move: Stealth Rock
|
|-heal|p2a: Rough Diamonds|75/100|[from] item: Leftovers
|upkeep
|turn|72
|
|t:|1667667553
|switch|p1a: Yveltal|Yveltal|31/100
|-ability|p1a: Yveltal|Dark Aura
|move|p2a: Rough Diamonds|Substitute|p2a: Rough Diamonds
|-start|p2a: Rough Diamonds|Substitute
|-damage|p2a: Rough Diamonds|50/100
|
|-heal|p2a: Rough Diamonds|56/100|[from] item: Leftovers
|upkeep
|turn|73
|inactive|Fogbound Lake has 240 seconds left.
|
|t:|1667667595
|move|p1a: Yveltal|Knock Off|p2a: Rough Diamonds
|-end|p2a: Rough Diamonds|Substitute
|move|p2a: Rough Diamonds|Dragon Breath|p1a: Yveltal
|-damage|p1a: Yveltal|12/100
|
|-heal|p2a: Rough Diamonds|62/100|[from] item: Leftovers
|upkeep
|turn|74
|
|t:|1667667607
|switch|p2a: *** Passionate|Eternatus|100/100
|-damage|p2a: *** Passionate|88/100|[from] Stealth Rock
|-ability|p2a: *** Passionate|Pressure
|move|p1a: Yveltal|Roost|p1a: Yveltal
|-heal|p1a: Yveltal|62/100
|-singleturn|p1a: Yveltal|move: Roost
|
|upkeep
|turn|75
|
|t:|1667667618
|switch|p1a: Necrozma|Necrozma-Dusk-Mane|69/100
|move|p2a: *** Passionate|Toxic|p1a: Necrozma
|-immune|p1a: Necrozma
|
|upkeep
|turn|76
|
|t:|1667667628
|switch|p2a: Never the Fever!!|Necrozma-Dusk-Mane|42/100
|-damage|p2a: Never the Fever!!|36/100|[from] Stealth Rock
|switch|p1a: Kyogre|Kyogre|87/100
|-weather|RainDance|[from] ability: Drizzle|[of] p1a: Kyogre
|
|-weather|RainDance|[upkeep]
|-heal|p1a: Kyogre|93/100|[from] item: Leftovers
|-heal|p2a: Never the Fever!!|42/100|[from] item: Leftovers
|upkeep
|turn|77
|
|t:|1667667637
|move|p1a: Kyogre|Scald|p2a: Never the Fever!!
|-damage|p2a: Never the Fever!!|2/100
|move|p2a: Never the Fever!!|Thunder Wave|p1a: Kyogre|[miss]
|-miss|p2a: Never the Fever!!|p1a: Kyogre
|
|-weather|RainDance|[upkeep]
|-heal|p1a: Kyogre|99/100|[from] item: Leftovers
|-heal|p2a: Never the Fever!!|8/100|[from] item: Leftovers
|upkeep
|turn|78
|
|t:|1667667657
|switch|p2a: *** Passionate|Eternatus|88/100
|-damage|p2a: *** Passionate|76/100|[from] Stealth Rock
|-ability|p2a: *** Passionate|Pressure
|move|p1a: Kyogre|Scald|p2a: *** Passionate
|-resisted|p2a: *** Passionate
|-damage|p2a: *** Passionate|53/100
|
|-weather|RainDance|[upkeep]
|-heal|p1a: Kyogre|100/100|[from] item: Leftovers
|upkeep
|turn|79
|
|t:|1667667659
|move|p2a: *** Passionate|Toxic|p1a: Kyogre
|-status|p1a: Kyogre|tox
|move|p1a: Kyogre|Calm Mind|p1a: Kyogre
|-boost|p1a: Kyogre|spa|1
|-boost|p1a: Kyogre|spd|1
|
|-weather|RainDance|[upkeep]
|-damage|p1a: Kyogre|94/100 tox|[from] psn
|upkeep
|turn|80
|
|t:|1667667666
|move|p2a: *** Passionate|Recover|p2a: *** Passionate
|-heal|p2a: *** Passionate|100/100
|move|p1a: Kyogre|Scald|p2a: *** Passionate
|-resisted|p2a: *** Passionate
|-damage|p2a: *** Passionate|65/100
|-status|p2a: *** Passionate|brn
|
|-weather|none
|-heal|p1a: Kyogre|100/100 tox|[from] item: Leftovers
|-damage|p1a: Kyogre|88/100 tox|[from] psn
|-damage|p2a: *** Passionate|59/100 brn|[from] brn
|upkeep
|turn|81
|
|t:|1667667669
|move|p2a: *** Passionate|Recover|p2a: *** Passionate
|-heal|p2a: *** Passionate|100/100 brn
|move|p1a: Kyogre|Rest|p1a: Kyogre
|-status|p1a: Kyogre|slp|[from] move: Rest
|-heal|p1a: Kyogre|100/100 slp|[silent]
|
|-damage|p2a: *** Passionate|94/100 brn|[from] brn
|upkeep
|turn|82
|inactive|Fogbound Lake has 270 seconds left.
|inactive|Fogbound Lake has 240 seconds left.
|
|t:|1667667720
|switch|p2a: Absolute Soul|Yveltal|71/100 par
|-ability|p2a: Absolute Soul|Dark Aura
|cant|p1a: Kyogre|slp
|move|p1a: Kyogre|Sleep Talk|p1a: Kyogre
|move|p1a: Kyogre|Scald|p2a: Absolute Soul|[from]move: Sleep Talk
|-damage|p2a: Absolute Soul|29/100 par
|
|upkeep
|turn|83
|
|t:|1667667726
|cant|p1a: Kyogre|slp
|move|p1a: Kyogre|Sleep Talk|p1a: Kyogre
|move|p1a: Kyogre|Rest||[from]move: Sleep Talk|[still]
|-fail|p1a: Kyogre
|move|p2a: Absolute Soul|Roost|p2a: Absolute Soul
|-heal|p2a: Absolute Soul|79/100 par
|-singleturn|p2a: Absolute Soul|move: Roost
|
|upkeep
|turn|84
|
|t:|1667667734
|switch|p2a: *** Passionate|Eternatus|94/100 brn
|-damage|p2a: *** Passionate|82/100 brn|[from] Stealth Rock
|-ability|p2a: *** Passionate|Pressure
|-curestatus|p1a: Kyogre|slp|[msg]
|move|p1a: Kyogre|Calm Mind|p1a: Kyogre
|-boost|p1a: Kyogre|spa|1
|-boost|p1a: Kyogre|spd|1
|
|-damage|p2a: *** Passionate|76/100 brn|[from] brn
|upkeep
|turn|85
|
|t:|1667667736
|move|p2a: *** Passionate|Toxic|p1a: Kyogre
|-status|p1a: Kyogre|tox
|move|p1a: Kyogre|Calm Mind|p1a: Kyogre
|-boost|p1a: Kyogre|spa|1
|-boost|p1a: Kyogre|spd|1
|
|-damage|p1a: Kyogre|94/100 tox|[from] psn
|-damage|p2a: *** Passionate|70/100 brn|[from] brn
|upkeep
|turn|86
|
|t:|1667667744
|move|p2a: *** Passionate|Recover|p2a: *** Passionate
|-heal|p2a: *** Passionate|100/100 brn
|move|p1a: Kyogre|Calm Mind|p1a: Kyogre
|-boost|p1a: Kyogre|spa|1
|-boost|p1a: Kyogre|spd|1
|
|-heal|p1a: Kyogre|100/100 tox|[from] item: Leftovers
|-damage|p1a: Kyogre|88/100 tox|[from] psn
|-damage|p2a: *** Passionate|94/100 brn|[from] brn
|upkeep
|turn|87
|
|t:|1667667747
|move|p2a: *** Passionate|Dynamax Cannon|p1a: Kyogre
|-damage|p1a: Kyogre|78/100 tox
|move|p1a: Kyogre|Rest|p1a: Kyogre
|-status|p1a: Kyogre|slp|[from] move: Rest
|-heal|p1a: Kyogre|100/100 slp|[silent]
|
|-damage|p2a: *** Passionate|88/100 brn|[from] brn
|upkeep
|turn|88
|
|t:|1667667753
|switch|p2a: Absolute Soul|Yveltal|79/100 par
|-ability|p2a: Absolute Soul|Dark Aura
|cant|p1a: Kyogre|slp
|move|p1a: Kyogre|Sleep Talk|p1a: Kyogre
|move|p1a: Kyogre|Rest||[from]move: Sleep Talk|[still]
|-fail|p1a: Kyogre
|
|upkeep
|turn|89
|
|t:|1667667760
|cant|p1a: Kyogre|slp
|move|p1a: Kyogre|Sleep Talk|p1a: Kyogre
|move|p1a: Kyogre|Scald|p2a: Absolute Soul|[from]move: Sleep Talk
|-damage|p2a: Absolute Soul|0 fnt
|faint|p2a: Absolute Soul
|
|upkeep
|
|t:|1667667769
|switch|p2a: *** Passionate|Eternatus|88/100 brn
|-damage|p2a: *** Passionate|76/100 brn|[from] Stealth Rock
|-ability|p2a: *** Passionate|Pressure
|turn|90
|
|t:|1667667780
|move|p2a: *** Passionate|Dynamax Cannon|p1a: Kyogre
|-crit|p1a: Kyogre
|-damage|p1a: Kyogre|54/100 slp
|-curestatus|p1a: Kyogre|slp|[msg]
|move|p1a: Kyogre|Calm Mind|p1a: Kyogre
|-boost|p1a: Kyogre|spa|1
|-boost|p1a: Kyogre|spd|1
|
|-heal|p1a: Kyogre|60/100|[from] item: Leftovers
|-damage|p2a: *** Passionate|70/100 brn|[from] brn
|upkeep
|turn|91
|
|t:|1667667783
|move|p2a: *** Passionate|Toxic|p1a: Kyogre
|-status|p1a: Kyogre|tox
|move|p1a: Kyogre|Rest|p1a: Kyogre
|-status|p1a: Kyogre|slp|[from] move: Rest
|-heal|p1a: Kyogre|100/100 slp|[silent]
|
|-damage|p2a: *** Passionate|64/100 brn|[from] brn
|upkeep
|turn|92
|
|t:|1667667790
|move|p2a: *** Passionate|Recover|p2a: *** Passionate
|-heal|p2a: *** Passionate|100/100 brn
|cant|p1a: Kyogre|slp
|move|p1a: Kyogre|Sleep Talk|p1a: Kyogre
|move|p1a: Kyogre|Scald|p2a: *** Passionate|[from]move: Sleep Talk
|-resisted|p2a: *** Passionate
|-damage|p2a: *** Passionate|47/100 brn
|
|-damage|p2a: *** Passionate|41/100 brn|[from] brn
|upkeep
|turn|93
|
|t:|1667667794
|move|p2a: *** Passionate|Recover|p2a: *** Passionate
|-heal|p2a: *** Passionate|91/100 brn
|cant|p1a: Kyogre|slp
|move|p1a: Kyogre|Sleep Talk|p1a: Kyogre
|move|p1a: Kyogre|Calm Mind|p1a: Kyogre|[from]move: Sleep Talk
|-boost|p1a: Kyogre|spa|1
|-boost|p1a: Kyogre|spd|1
|
|-damage|p2a: *** Passionate|85/100 brn|[from] brn
|upkeep
|turn|94
|
|t:|1667667816
|switch|p2a: SWITCH|Marshadow|2/100
|-damage|p2a: SWITCH|0 fnt|[from] Stealth Rock
|faint|p2a: SWITCH
|-curestatus|p1a: Kyogre|slp|[msg]
|move|p1a: Kyogre|Scald|p2: SWITCH|[notarget]
|-fail|p1a: Kyogre
|
|upkeep
|
|t:|1667667818
|switch|p2a: *** Passionate|Eternatus|85/100 brn
|-damage|p2a: *** Passionate|73/100 brn|[from] Stealth Rock
|-ability|p2a: *** Passionate|Pressure
|turn|95
|
|t:|1667667820
|move|p2a: *** Passionate|Toxic|p1a: Kyogre
|-status|p1a: Kyogre|tox
|move|p1a: Kyogre|Scald|p2a: *** Passionate
|-resisted|p2a: *** Passionate
|-damage|p2a: *** Passionate|16/100 brn
|
|-damage|p1a: Kyogre|94/100 tox|[from] psn
|-damage|p2a: *** Passionate|10/100 brn|[from] brn
|upkeep
|turn|96
|
|t:|1667667834
|move|p2a: *** Passionate|Dynamax Cannon|p1a: Kyogre
|-damage|p1a: Kyogre|87/100 tox
|move|p1a: Kyogre|Rest|p1a: Kyogre
|-status|p1a: Kyogre|slp|[from] move: Rest
|-heal|p1a: Kyogre|100/100 slp|[silent]
|
|-damage|p2a: *** Passionate|4/100 brn|[from] brn
|upkeep
|turn|97
|
|t:|1667667837
|move|p2a: *** Passionate|Recover|p2a: *** Passionate
|-heal|p2a: *** Passionate|54/100 brn
|cant|p1a: Kyogre|slp
|move|p1a: Kyogre|Sleep Talk|p1a: Kyogre
|move|p1a: Kyogre|Rest||[from]move: Sleep Talk|[still]
|-fail|p1a: Kyogre
|
|-damage|p2a: *** Passionate|48/100 brn|[from] brn
|upkeep
|turn|98
|
|t:|1667667840
|move|p2a: *** Passionate|Recover|p2a: *** Passionate
|-heal|p2a: *** Passionate|98/100 brn
|cant|p1a: Kyogre|slp
|move|p1a: Kyogre|Sleep Talk|p1a: Kyogre
|move|p1a: Kyogre|Scald|p2a: *** Passionate|[from]move: Sleep Talk
|-resisted|p2a: *** Passionate
|-damage|p2a: *** Passionate|42/100 brn
|
|-damage|p2a: *** Passionate|36/100 brn|[from] brn
|upkeep
|turn|99
|
|t:|1667667843
|move|p2a: *** Passionate|Recover|p2a: *** Passionate
|-heal|p2a: *** Passionate|86/100 brn
|-curestatus|p1a: Kyogre|slp|[msg]
|move|p1a: Kyogre|Scald|p2a: *** Passionate
|-resisted|p2a: *** Passionate
|-damage|p2a: *** Passionate|29/100 brn
|
|-damage|p2a: *** Passionate|23/100 brn|[from] brn
|upkeep
|turn|100
|
|t:|1667667848
|move|p2a: *** Passionate|Recover|p2a: *** Passionate
|-heal|p2a: *** Passionate|73/100 brn
|move|p1a: Kyogre|Scald|p2a: *** Passionate
|-resisted|p2a: *** Passionate
|-damage|p2a: *** Passionate|16/100 brn
|
|-damage|p2a: *** Passionate|10/100 brn|[from] brn
|upkeep
|turn|101
|
|t:|1667667852
|move|p2a: *** Passionate|Recover|p2a: *** Passionate
|-heal|p2a: *** Passionate|60/100 brn
|move|p1a: Kyogre|Scald|p2a: *** Passionate
|-resisted|p2a: *** Passionate
|-damage|p2a: *** Passionate|0 fnt
|faint|p2a: *** Passionate
|
|upkeep
|
|t:|1667667856
|switch|p2a: Rough Diamonds|Dialga|62/100
|-damage|p2a: Rough Diamonds|56/100|[from] Stealth Rock
|-ability|p2a: Rough Diamonds|Pressure
|turn|102
|
|t:|1667667859
|move|p1a: Kyogre|Scald|p2a: Rough Diamonds
|-resisted|p2a: Rough Diamonds
|-crit|p2a: Rough Diamonds
|-damage|p2a: Rough Diamonds|0 fnt
|faint|p2a: Rough Diamonds
|
|upkeep
|c|☆Fogbound Lake|well i tried
|c|☆Fogbound Lake|gg ig
|-message|Fogbound Lake forfeited.
|
|win|Aberforth
|c|☆Aberforth|gg
|c|☆Aberforth|i'd feel bad
|c|☆Aberforth|but for dragonbreath
|c|☆Fogbound Lake|i had to
|c|☆Fogbound Lake|after you loaded that shit in upl vs me lmfao
|c|☆Aberforth|i respect it 
|c|☆Aberforth|lmao
|c|☆Aberforth|i just dont feel bad after it
|c|☆Fogbound Lake|you shouldnt
