|inactive|Battle timer is ON: inactive players will automatically lose when time's up.
|t:|1667418864
|gametype|singles
|player|p1|Inder|lucas|
|player|p2|RichardMillePlain|1|
|teamsize|p1|6
|teamsize|p2|6
|gen|8
|tier|[Gen 8] Ubers
|rule|Sleep Clause Mod: Limit one foe put to sleep
|rule|Species Clause: Limit one of each Pokémon
|rule|OHKO Clause: OHKO moves are banned
|rule|Evasion Items Clause: Evasion items are banned
|rule|Evasion Moves Clause: Evasion moves are banned
|rule|Endless Battle Clause: Forcing endless battles is banned
|rule|HP Percentage Mod: HP is shown in percentages
|rule|Dynamax Clause: You cannot dynamax
|clearpoke
|poke|p1|Aerodactyl, F|
|poke|p1|Kyogre|
|poke|p1|Necrozma-Dusk-Mane|
|poke|p1|Yveltal|
|poke|p1|Groudon|
|poke|p1|Rayquaza|
|poke|p2|Eternatus|
|poke|p2|Magnezone|
|poke|p2|Xerneas-*|
|poke|p2|Necrozma-Dusk-Mane|
|poke|p2|Yveltal|
|poke|p2|Kyurem-Black|
|teampreview
|inactive|Inder also wants the timer to be on.
|c|☆Inder|hf
|c|☆RichardMillePlain|hf
|
|t:|1667418882
|start
|switch|p1a: JEFE|Aerodactyl, F|100/100
|switch|p2a: Kyurem|Kyurem-Black|100/100
|-ability|p1a: JEFE|Pressure
|-ability|p2a: Kyurem|Teravolt
|turn|1
|
|t:|1667418893
|move|p1a: JEFE|Tailwind|p1a: JEFE
|-sidestart|p1: Inder|move: Tailwind
|move|p2a: Kyurem|Icicle Spear|p1a: JEFE
|-supereffective|p1a: JEFE
|-damage|p1a: JEFE|52/100
|-supereffective|p1a: JEFE
|-damage|p1a: JEFE|0 fnt
|faint|p1a: JEFE
|-hitcount|p1: JEFE|2
|
|upkeep
|
|t:|1667418910
|switch|p1a: RER D|Necrozma-Dusk-Mane|100/100
|turn|2
|
|t:|1667418914
|switch|p2a: Necrozma|Necrozma-Dusk-Mane|100/100
|move|p1a: RER D|Swords Dance|p1a: RER D
|-boost|p1a: RER D|atk|2
|
|upkeep
|turn|3
|
|t:|1667418919
|move|p1a: RER D|Earthquake|p2a: Necrozma
|-supereffective|p2a: Necrozma
|-damage|p2a: Necrozma|9/100
|move|p2a: Necrozma|Thunder Wave|p1a: RER D
|-status|p1a: RER D|par
|
|-heal|p2a: Necrozma|15/100|[from] item: Leftovers
|upkeep
|turn|4
|
|t:|1667418924
|move|p2a: Necrozma|Stealth Rock|p1a: RER D
|-sidestart|p1: Inder|move: Stealth Rock
|move|p1a: RER D|Sunsteel Strike|p2a: Necrozma
|-resisted|p2a: Necrozma
|-damage|p2a: Necrozma|0 fnt
|faint|p2a: Necrozma
|
|-sideend|p1: Inder|move: Tailwind
|upkeep
|
|t:|1667418926
|switch|p2a: Yveltal|Yveltal|100/100
|-ability|p2a: Yveltal|Dark Aura
|turn|5
|
|t:|1667418936
|switch|p1a: YSL|Yveltal|100/100
|-damage|p1a: YSL|76/100|[from] Stealth Rock
|-ability|p1a: YSL|Dark Aura
|move|p2a: Yveltal|Foul Play|p1a: YSL
|-resisted|p1a: YSL
|-damage|p1a: YSL|44/100
|
|upkeep
|turn|6
|
|t:|1667418942
|switch|p2a: Eternatus|Eternatus|100/100
|-ability|p2a: Eternatus|Pressure
|move|p1a: YSL|Roost|p1a: YSL
|-heal|p1a: YSL|94/100
|-singleturn|p1a: YSL|move: Roost
|
|upkeep
|turn|7
|
|t:|1667418953
|switch|p1a: VVS|Kyogre|100/100
|-damage|p1a: VVS|88/100|[from] Stealth Rock
|-weather|RainDance|[from] ability: Drizzle|[of] p1a: VVS
|move|p2a: Eternatus|Meteor Beam||[still]
|-prepare|p2a: Eternatus|Meteor Beam
|-boost|p2a: Eternatus|spa|1
|-enditem|p2a: Eternatus|Power Herb
|-anim|p2a: Eternatus|Meteor Beam|p1a: VVS|[miss]
|-miss|p2a: Eternatus|p1a: VVS
|
|-weather|RainDance|[upkeep]
|upkeep
|turn|8
|
|t:|1667418956
|move|p2a: Eternatus|Dragon Pulse|p1a: VVS
|-damage|p1a: VVS|42/100
|move|p1a: VVS|Ice Beam|p2a: Eternatus
|-supereffective|p2a: Eternatus
|-crit|p2a: Eternatus
|-damage|p2a: Eternatus|0 fnt
|faint|p2a: Eternatus
|
|-weather|RainDance|[upkeep]
|upkeep
|
|t:|1667418959
|switch|p2a: Kyurem|Kyurem-Black|100/100
|-ability|p2a: Kyurem|Teravolt
|turn|9
|
|t:|1667418964
|move|p2a: Kyurem|Fusion Bolt|p1a: VVS
|-supereffective|p1a: VVS
|-damage|p1a: VVS|0 fnt
|faint|p1a: VVS
|
|-weather|RainDance|[upkeep]
|upkeep
|
|t:|1667418967
|switch|p1a: RER D|Necrozma-Dusk-Mane|100/100 par
|-damage|p1a: RER D|94/100 par|[from] Stealth Rock
|turn|10
|
|t:|1667418971
|switch|p2a: Magnezone|Magnezone|100/100
|-item|p2a: Magnezone|Air Balloon
|move|p1a: RER D|Sunsteel Strike|p2a: Magnezone
|-resisted|p2a: Magnezone
|-damage|p2a: Magnezone|86/100
|-enditem|p2a: Magnezone|Air Balloon
|
|-weather|RainDance|[upkeep]
|upkeep
|turn|11
|
|t:|1667418980
|move|p2a: Magnezone|Magnet Rise|p2a: Magnezone
|-start|p2a: Magnezone|Magnet Rise
|move|p1a: RER D|Swords Dance|p1a: RER D
|-boost|p1a: RER D|atk|2
|
|-weather|none
|upkeep
|turn|12
|
|t:|1667418984
|move|p2a: Magnezone|Iron Defense|p2a: Magnezone
|-boost|p2a: Magnezone|def|2
|cant|p1a: RER D|par
|
|upkeep
|turn|13
|
|t:|1667418987
|move|p2a: Magnezone|Iron Defense|p2a: Magnezone
|-boost|p2a: Magnezone|def|2
|move|p1a: RER D|Sunsteel Strike|p2a: Magnezone
|-resisted|p2a: Magnezone
|-damage|p2a: Magnezone|77/100
|
|upkeep
|turn|14
|
|t:|1667418989
|move|p2a: Magnezone|Iron Defense|p2a: Magnezone
|-boost|p2a: Magnezone|def|2
|move|p1a: RER D|Sunsteel Strike|p2a: Magnezone
|-resisted|p2a: Magnezone
|-damage|p2a: Magnezone|69/100
|
|upkeep
|turn|15
|
|t:|1667418991
|move|p2a: Magnezone|Body Press|p1a: RER D
|-crit|p1a: RER D
|-damage|p1a: RER D|0 fnt
|faint|p1a: RER D
|
|-end|p2a: Magnezone|Magnet Rise
|upkeep
|
|t:|1667418994
|switch|p1a: OG|Groudon|100/100
|-damage|p1a: OG|94/100|[from] Stealth Rock
|-weather|SunnyDay|[from] ability: Drought|[of] p1a: OG
|turn|16
|
|t:|1667419011
|move|p1a: OG|Precipice Blades|p2a: Magnezone
|-supereffective|p2a: Magnezone
|-damage|p2a: Magnezone|0 fnt
|faint|p2a: Magnezone
|
|-weather|SunnyDay|[upkeep]
|upkeep
|
|t:|1667419014
|switch|p2a: Kyurem|Kyurem-Black|100/100
|-ability|p2a: Kyurem|Teravolt
|turn|17
|
|t:|1667419027
|move|p2a: Kyurem|Icicle Spear|p1a: OG
|-supereffective|p1a: OG
|-damage|p1a: OG|72/100
|-supereffective|p1a: OG
|-damage|p1a: OG|50/100
|-hitcount|p1a: OG|2
|move|p1a: OG|Precipice Blades|p2a: Kyurem|[miss]
|-miss|p1a: OG|p2a: Kyurem
|
|-weather|SunnyDay|[upkeep]
|upkeep
|turn|18
|
|t:|1667419031
|move|p2a: Kyurem|Icicle Spear|p1a: OG
|-supereffective|p1a: OG
|-damage|p1a: OG|29/100
|-supereffective|p1a: OG
|-damage|p1a: OG|4/100
|-supereffective|p1a: OG
|-damage|p1a: OG|0 fnt
|faint|p1a: OG
|-hitcount|p1: OG|3
|
|-weather|SunnyDay|[upkeep]
|upkeep
|
|t:|1667419037
|switch|p1a: Outro|Rayquaza|100/100
|-damage|p1a: Outro|76/100|[from] Stealth Rock
|-ability|p1a: Outro|Air Lock
|turn|19
|
|t:|1667419039
|move|p1a: Outro|Draco Meteor|p2a: Kyurem
|-supereffective|p2a: Kyurem
|-damage|p2a: Kyurem|0 fnt
|-unboost|p1a: Outro|spa|2
|faint|p2a: Kyurem
|
|-weather|SunnyDay|[upkeep]
|upkeep
|
|t:|1667419040
|switch|p2a: Xerneas|Xerneas|100/100
|-ability|p2a: Xerneas|Fairy Aura
|turn|20
|
|t:|1667419042
|move|p2a: Xerneas|Moonblast|p1a: Outro
|-supereffective|p1a: Outro
|-damage|p1a: Outro|0 fnt
|faint|p1a: Outro
|
|-weather|none
|upkeep
|c|☆Inder|ggs
|c|☆RichardMillePlain|gg
|-message|Inder forfeited.
|
|win|RichardMillePlain
