|inactive|Battle timer is ON: inactive players will automatically lose when time's up.
|t:|1644507768
|gametype|singles
|player|p1|Ballfire|#ndpl2crying|
|player|p2|Sage|phoebe-gen3|
|teamsize|p1|6
|teamsize|p2|6
|gen|8
|tier|[Gen 8] Ubers
|rule|Sleep Clause Mod: Limit one foe put to sleep
|rule|Species Clause: Limit one of each Pokémon
|rule|OHKO Clause: OHKO moves are banned
|rule|Evasion Moves Clause: Evasion moves are banned
|rule|Endless Battle Clause: Forcing endless battles is banned
|rule|HP Percentage Mod: HP is shown in percentages
|rule|Dynamax Clause: You cannot dynamax
|clearpoke
|poke|p1|Xerneas-*|
|poke|p1|Shuckle, M|
|poke|p1|Calyrex-Shadow|
|poke|p1|Lunala|
|poke|p1|Yveltal|
|poke|p1|Landorus, M|
|poke|p2|Yveltal|
|poke|p2|Necrozma-Dusk-Mane|
|poke|p2|Ferrothorn, F|
|poke|p2|Xerneas-*|
|poke|p2|Lunala|
|poke|p2|Marshadow|
|teampreview
|inactive|Ballfire also wants the timer to be on.
|c|☆Ballfire|HF
|c|☆Sage|y2
|inactive|Sage has 270 seconds left.
|inactive|Sage has 240 seconds left.
|inactive|Sage has 210 seconds left.
|
|t:|1644507868
|start
|switch|p1a: Shuckle|Shuckle, M|100/100
|switch|p2a: Necrozma|Necrozma-Dusk-Mane|100/100
|turn|1
|
|t:|1644507877
|move|p2a: Necrozma|Swords Dance|p2a: Necrozma
|-boost|p2a: Necrozma|atk|2
|move|p1a: Shuckle|Sticky Web|p2a: Necrozma
|-sidestart|p2: Sage|move: Sticky Web
|
|upkeep
|turn|2
|
|t:|1644507889
|move|p2a: Necrozma|Sunsteel Strike|p1a: Shuckle
|-supereffective|p1a: Shuckle
|-damage|p1a: Shuckle|0 fnt
|faint|p1a: Shuckle
|
|upkeep
|inactive|Ballfire has 270 seconds left.
|
|t:|1644507924
|switch|p1a: Calyrex|Calyrex-Shadow|100/100
|-ability|p1a: Calyrex|As One
|-ability|p1a: Calyrex|Unnerve
|turn|3
|inactive|Sage has 270 seconds left.
|inactive|Sage has 240 seconds left.
|
|t:|1644507978
|switch|p2a: Yveltal|Yveltal|100/100
|-ability|p2a: Yveltal|Dark Aura
|move|p1a: Calyrex|Nasty Plot|p1a: Calyrex
|-boost|p1a: Calyrex|spa|2
|
|upkeep
|turn|4
|inactive|Ballfire has 270 seconds left.
|inactive|Sage has 240 seconds left.
|
|t:|1644508010
|move|p1a: Calyrex|Draining Kiss|p2a: Yveltal
|-supereffective|p2a: Yveltal
|-damage|p2a: Yveltal|57/100
|move|p2a: Yveltal|U-turn|p1a: Calyrex
|-damage|p1a: Calyrex|76/100
|
|t:|1644508014
|switch|p2a: Marshadow|Marshadow|100/100|[from]move: U-turn
|-activate|p2a: Marshadow|move: Sticky Web
|-unboost|p2a: Marshadow|spe|1
|
|upkeep
|turn|5
|inactive|Ballfire has 270 seconds left.
|inactive|Sage has 240 seconds left.
|
|t:|1644508030
|switch|p1a: Yveltal|Yveltal|100/100
|-ability|p1a: Yveltal|Dark Aura
|move|p2a: Marshadow|Rock Tomb|p1a: Yveltal
|-supereffective|p1a: Yveltal
|-damage|p1a: Yveltal|7/100
|-unboost|p1a: Yveltal|spe|1
|
|upkeep
|turn|6
|inactive|Sage has 240 seconds left.
|
|t:|1644508045
|switch|p2a: Xerneas|Xerneas|100/100
|-activate|p2a: Xerneas|move: Sticky Web
|-unboost|p2a: Xerneas|spe|1
|-ability|p2a: Xerneas|Fairy Aura
|move|p1a: Yveltal|Oblivion Wing|p2a: Xerneas
|-damage|p2a: Xerneas|68/100
|-heal|p1a: Yveltal|35/100|[from] drain|[of] p2a: Xerneas
|-damage|p1a: Yveltal|25/100|[from] item: Life Orb
|
|upkeep
|turn|7
|inactive|Sage has 240 seconds left.
|
|t:|1644508057
|move|p1a: Yveltal|Knock Off|p2a: Xerneas
|-resisted|p2a: Xerneas
|-damage|p2a: Xerneas|41/100
|-enditem|p2a: Xerneas|Sitrus Berry|[from] move: Knock Off|[of] p1a: Yveltal
|-damage|p1a: Yveltal|16/100|[from] item: Life Orb
|move|p2a: Xerneas|Moonblast|p1a: Yveltal
|-supereffective|p1a: Yveltal
|-damage|p1a: Yveltal|0 fnt
|faint|p1a: Yveltal
|
|upkeep
|inactive|Ballfire has 270 seconds left.
|
|t:|1644508080
|switch|p1a: Lunala|Lunala|100/100
|turn|8
|inactive|Sage has 240 seconds left.
|inactive|Sage has 210 seconds left.
|
|t:|1644508137
|move|p1a: Lunala|Moongeist Beam|p2a: Xerneas
|-damage|p2a: Xerneas|2/100
|move|p2a: Xerneas|Moonblast|p1a: Lunala
|-damage|p1a: Lunala|79/100
|
|upkeep
|turn|9
|
|t:|1644508147
|move|p1a: Lunala|Moongeist Beam|p2a: Xerneas
|-damage|p2a: Xerneas|0 fnt
|faint|p2a: Xerneas
|
|upkeep
|inactive|Sage has 180 seconds left.
|
|t:|1644508207
|switch|p2a: Yveltal|Yveltal|57/100
|-ability|p2a: Yveltal|Dark Aura
|turn|10
|
|t:|1644508211
|move|p1a: Lunala|Meteor Beam||[still]
|-prepare|p1a: Lunala|Meteor Beam
|-boost|p1a: Lunala|spa|1
|-enditem|p1a: Lunala|Power Herb
|-anim|p1a: Lunala|Meteor Beam|p2a: Yveltal
|-supereffective|p2a: Yveltal
|-damage|p2a: Yveltal|0 fnt
|faint|p2a: Yveltal
|
|upkeep
|c|☆Sage|oops
|
|t:|1644508217
|switch|p2a: Marshadow|Marshadow|100/100
|-activate|p2a: Marshadow|move: Sticky Web
|-unboost|p2a: Marshadow|spe|1
|turn|11
|
|t:|1644508237
|switch|p1a: Xerneas|Xerneas|100/100
|-ability|p1a: Xerneas|Fairy Aura
|move|p2a: Marshadow|Shadow Sneak|p1a: Xerneas
|-damage|p1a: Xerneas|61/100
|
|upkeep
|turn|12
|inactive|Sage has 180 seconds left.
|
|t:|1644508246
|switch|p1a: Calyrex|Calyrex-Shadow|76/100
|-ability|p1a: Calyrex|As One
|-ability|p1a: Calyrex|Unnerve
|switch|p2a: Necrozma|Necrozma-Dusk-Mane|100/100
|-activate|p2a: Necrozma|move: Sticky Web
|-unboost|p2a: Necrozma|spe|1
|
|upkeep
|turn|13
|
|t:|1644508251
|move|p1a: Calyrex|Astral Barrage|p2a: Necrozma
|-supereffective|p2a: Necrozma
|-damage|p2a: Necrozma|6/100
|move|p2a: Necrozma|Knock Off|p1a: Calyrex
|-supereffective|p1a: Calyrex
|-damage|p1a: Calyrex|0 fnt
|-enditem|p1a: Calyrex|Focus Sash|[from] move: Knock Off|[of] p2a: Necrozma
|faint|p1a: Calyrex
|
|-heal|p2a: Necrozma|12/100|[from] item: Leftovers
|upkeep
|
|t:|1644508262
|switch|p1a: Landorus|Landorus, M|100/100
|turn|14
|
|t:|1644508277
|move|p1a: Landorus|Stealth Rock|p2a: Necrozma
|-sidestart|p2: Sage|move: Stealth Rock
|move|p2a: Necrozma|Knock Off|p1a: Landorus
|-damage|p1a: Landorus|57/100
|-enditem|p1a: Landorus|Life Orb|[from] move: Knock Off|[of] p2a: Necrozma
|
|-heal|p2a: Necrozma|18/100|[from] item: Leftovers
|upkeep
|turn|15
|
|t:|1644508282
|move|p1a: Landorus|Earth Power|p2a: Necrozma
|-supereffective|p2a: Necrozma
|-damage|p2a: Necrozma|0 fnt
|faint|p2a: Necrozma
|
|upkeep
|inactive|Sage has 180 seconds left.
|inactive|Sage has 150 seconds left.
|
|t:|1644508360
|switch|p2a: Lunala|Lunala|100/100
|turn|16
|
|t:|1644508381
|move|p1a: Landorus|Earth Power|p2a: Lunala
|-damage|p2a: Lunala|86/100
|move|p2a: Lunala|Ice Beam|p1a: Landorus
|-supereffective|p1a: Landorus
|-damage|p1a: Landorus|0 fnt
|faint|p1a: Landorus
|
|upkeep
|
|t:|1644508388
|switch|p1a: Lunala|Lunala|79/100
|turn|17
|
|t:|1644508390
|move|p1a: Lunala|Moongeist Beam|p2a: Lunala
|-supereffective|p2a: Lunala
|-damage|p2a: Lunala|0 fnt
|faint|p2a: Lunala
|
|upkeep
|
|t:|1644508392
|switch|p2a: Marshadow|Marshadow|100/100
|-damage|p2a: Marshadow|94/100|[from] Stealth Rock
|-activate|p2a: Marshadow|move: Sticky Web
|-unboost|p2a: Marshadow|spe|1
|turn|18
|
|t:|1644508396
|move|p2a: Marshadow|Shadow Sneak|p1a: Lunala
|-supereffective|p1a: Lunala
|-damage|p1a: Lunala|0 fnt
|faint|p1a: Lunala
|
|upkeep
|
|t:|1644508400
|switch|p1a: Xerneas|Xerneas|61/100
|-ability|p1a: Xerneas|Fairy Aura
|turn|19
|
|t:|1644508406
|move|p2a: Marshadow|Shadow Sneak|p1a: Xerneas
|-damage|p1a: Xerneas|23/100
|move|p1a: Xerneas|Moonblast|p2a: Marshadow
|-supereffective|p2a: Marshadow
|-damage|p2a: Marshadow|0 fnt
|faint|p2a: Marshadow
|
|upkeep
|
|t:|1644508408
|switch|p2a: Ferrothorn|Ferrothorn, F|100/100
|-activate|p2a: Ferrothorn|move: Sticky Web
|-unboost|p2a: Ferrothorn|spe|1
|-damage|p2a: Ferrothorn|94/100|[from] Stealth Rock
|turn|20
|
|t:|1644508412
|move|p1a: Xerneas|Focus Blast|p2a: Ferrothorn
|-supereffective|p2a: Ferrothorn
|-damage|p2a: Ferrothorn|32/100
|move|p2a: Ferrothorn|Bullet Seed|p1a: Xerneas
|-damage|p1a: Xerneas|17/100
|-damage|p1a: Xerneas|10/100
|-damage|p1a: Xerneas|3/100
|-damage|p1a: Xerneas|0 fnt
|faint|p1a: Xerneas
|-hitcount|p1: Xerneas|4
|
|win|Sage
