|inactive|Battle timer is ON: inactive players will automatically lose when time's up.
|t:|1668011945
|gametype|singles
|player|p1|Royal1604|#agplivlionsden|
|player|p2|steel....SKITTY|#steelskitty|
|teamsize|p1|6
|teamsize|p2|6
|gen|8
|tier|[Gen 8] Ubers
|rule|Sleep Clause Mod: Limit one foe put to sleep
|rule|Species Clause: Limit one of each Pokémon
|rule|OHKO Clause: OHKO moves are banned
|rule|Evasion Items Clause: Evasion items are banned
|rule|Evasion Moves Clause: Evasion moves are banned
|rule|Endless Battle Clause: Forcing endless battles is banned
|rule|HP Percentage Mod: HP is shown in percentages
|rule|Dynamax Clause: You cannot dynamax
|clearpoke
|poke|p1|Kyogre|
|poke|p1|Necrozma-Dusk-Mane|
|poke|p1|Urshifu-*, F|
|poke|p1|Eternatus|
|poke|p1|Xerneas-*|
|poke|p1|Yveltal|
|poke|p2|Eternatus|
|poke|p2|Yveltal|
|poke|p2|Necrozma-Dusk-Mane|
|poke|p2|Groudon|
|poke|p2|Marshadow|
|poke|p2|Lunala|
|teampreview
|c|☆steel....SKITTY|HF
|c|☆Royal1604|hf
|inactive|steel....SKITTY has 270 seconds left.
|
|t:|1668011984
|start
|switch|p1a: Yveltal|Yveltal|100/100
|switch|p2a: Predatory Wasp|Yveltal, shiny|100/100
|-ability|p2a: Predatory Wasp|Dark Aura
|-ability|p1a: Yveltal|Dark Aura
|turn|1
|
|t:|1668011993
|move|p2a: Predatory Wasp|Knock Off|p1a: Yveltal
|-resisted|p1a: Yveltal
|-damage|p1a: Yveltal|79/100
|-enditem|p1a: Yveltal|Heavy-Duty Boots|[from] move: Knock Off|[of] p2a: Predatory Wasp
|move|p1a: Yveltal|Knock Off|p2a: Predatory Wasp
|-resisted|p2a: Predatory Wasp
|-damage|p2a: Predatory Wasp|77/100
|-enditem|p2a: Predatory Wasp|Heavy-Duty Boots|[from] move: Knock Off|[of] p1a: Yveltal
|
|upkeep
|turn|2
|
|t:|1668011997
|move|p2a: Predatory Wasp|Body Slam|p1a: Yveltal
|-damage|p1a: Yveltal|61/100
|move|p1a: Yveltal|U-turn|p2a: Predatory Wasp
|-damage|p2a: Predatory Wasp|61/100
|
|t:|1668012003
|switch|p1a: Xerneas|Xerneas|100/100|[from]move: U-turn
|-ability|p1a: Xerneas|Fairy Aura
|-item|p1a: Xerneas|Air Balloon
|
|upkeep
|turn|3
|
|t:|1668012009
|switch|p2a: Chicago|Necrozma-Dusk-Mane|100/100
|switch|p1a: Necrozma|Necrozma-Dusk-Mane|100/100
|
|upkeep
|turn|4
|
|t:|1668012020
|move|p2a: Chicago|Stealth Rock|p1a: Necrozma
|-sidestart|p1: Royal1604|move: Stealth Rock
|move|p1a: Necrozma|Stealth Rock|p2a: Chicago
|-sidestart|p2: steel....SKITTY|move: Stealth Rock
|
|upkeep
|turn|5
|
|t:|1668012026
|switch|p2a: Out of Egypt|Groudon|100/100
|-damage|p2a: Out of Egypt|94/100|[from] Stealth Rock
|-weather|SunnyDay|[from] ability: Drought|[of] p2a: Out of Egypt
|move|p1a: Necrozma|Thunder Wave|p2a: Out of Egypt
|-immune|p2a: Out of Egypt
|
|-weather|SunnyDay|[upkeep]
|-heal|p2a: Out of Egypt|100/100|[from] item: Leftovers
|upkeep
|turn|6
|
|t:|1668012034
|switch|p1a: Xerneas|Xerneas|100/100
|-damage|p1a: Xerneas|88/100|[from] Stealth Rock
|-ability|p1a: Xerneas|Fairy Aura
|-item|p1a: Xerneas|Air Balloon
|move|p2a: Out of Egypt|Stone Edge|p1a: Xerneas
|-damage|p1a: Xerneas|64/100
|-enditem|p1a: Xerneas|Air Balloon
|
|-weather|SunnyDay|[upkeep]
|upkeep
|turn|7
|
|t:|1668012045
|switch|p2a: Chicago|Necrozma-Dusk-Mane|100/100
|-damage|p2a: Chicago|94/100|[from] Stealth Rock
|move|p1a: Xerneas|Moonblast|p2a: Chicago
|-resisted|p2a: Chicago
|-damage|p2a: Chicago|77/100
|-unboost|p2a: Chicago|spa|1
|
|-weather|SunnyDay|[upkeep]
|upkeep
|turn|8
|
|t:|1668012052
|switch|p1a: Kyogre|Kyogre|100/100
|-damage|p1a: Kyogre|88/100|[from] Stealth Rock
|-weather|RainDance|[from] ability: Drizzle|[of] p1a: Kyogre
|move|p2a: Chicago|Thunder Wave|p1a: Kyogre
|-status|p1a: Kyogre|par
|
|-weather|RainDance|[upkeep]
|-heal|p1a: Kyogre|94/100 par|[from] item: Leftovers
|upkeep
|turn|9
|
|t:|1668012061
|switch|p2a: Prairie Fire|Eternatus|100/100
|-damage|p2a: Prairie Fire|88/100|[from] Stealth Rock
|-ability|p2a: Prairie Fire|Pressure
|move|p1a: Kyogre|Thunder Wave|p2a: Prairie Fire
|-status|p2a: Prairie Fire|par
|
|-weather|RainDance|[upkeep]
|-heal|p1a: Kyogre|100/100 par|[from] item: Leftovers
|upkeep
|turn|10
|
|t:|1668012068
|move|p2a: Prairie Fire|Draco Meteor|p1a: Kyogre
|-crit|p1a: Kyogre
|-damage|p1a: Kyogre|41/100 par
|-unboost|p2a: Prairie Fire|spa|2
|-enditem|p2a: Prairie Fire|Eject Pack
|
|t:|1668012073
|switch|p2a: John Wayne Gacy Jr|Marshadow|100/100
|-damage|p2a: John Wayne Gacy Jr|94/100|[from] Stealth Rock
|move|p1a: Kyogre|Calm Mind|p1a: Kyogre
|-boost|p1a: Kyogre|spa|1
|-boost|p1a: Kyogre|spd|1
|
|-weather|RainDance|[upkeep]
|-heal|p1a: Kyogre|47/100 par|[from] item: Leftovers
|upkeep
|turn|11
|
|t:|1668012078
|move|p2a: John Wayne Gacy Jr|Spectral Thief||[still]
|-clearpositiveboost|p1a: Kyogre|p2a: John Wayne Gacy Jr|move: Spectral Thief
|-boost|p2a: John Wayne Gacy Jr|spa|1
|-boost|p2a: John Wayne Gacy Jr|spd|1
|-anim|p2a: John Wayne Gacy Jr|Spectral Thief|p1a: Kyogre
|-damage|p1a: Kyogre|0 fnt
|faint|p1a: Kyogre
|
|-weather|RainDance|[upkeep]
|upkeep
|
|t:|1668012081
|switch|p1a: Xerneas|Xerneas|64/100
|-damage|p1a: Xerneas|52/100|[from] Stealth Rock
|-ability|p1a: Xerneas|Fairy Aura
|turn|12
|inactive|steel....SKITTY has 270 seconds left.
|
|t:|1668012120
|move|p2a: John Wayne Gacy Jr|Spectral Thief|p1a: Xerneas
|-damage|p1a: Xerneas|15/100
|move|p1a: Xerneas|Rest|p1a: Xerneas
|-status|p1a: Xerneas|slp|[from] move: Rest
|-heal|p1a: Xerneas|100/100 slp|[silent]
|
|-weather|none
|upkeep
|turn|13
|
|t:|1668012125
|switch|p2a: Chicago|Necrozma-Dusk-Mane|77/100
|-damage|p2a: Chicago|71/100|[from] Stealth Rock
|cant|p1a: Xerneas|slp
|move|p1a: Xerneas|Sleep Talk|p1a: Xerneas
|move|p1a: Xerneas|Rest||[from]move: Sleep Talk|[still]
|-fail|p1a: Xerneas
|
|upkeep
|turn|14
|
|t:|1668012135
|switch|p1a: Necrozma|Necrozma-Dusk-Mane|100/100
|-damage|p1a: Necrozma|94/100|[from] Stealth Rock
|move|p2a: Chicago|Morning Sun|p2a: Chicago
|-heal|p2a: Chicago|100/100
|
|-heal|p1a: Necrozma|100/100|[from] item: Leftovers
|upkeep
|turn|15
|
|t:|1668012140
|switch|p2a: Out of Egypt|Groudon|100/100
|-damage|p2a: Out of Egypt|94/100|[from] Stealth Rock
|-weather|SunnyDay|[from] ability: Drought|[of] p2a: Out of Egypt
|move|p1a: Necrozma|Sunsteel Strike|p2a: Out of Egypt
|-damage|p2a: Out of Egypt|62/100
|
|-weather|SunnyDay|[upkeep]
|-heal|p2a: Out of Egypt|68/100|[from] item: Leftovers
|upkeep
|turn|16
|
|t:|1668012151
|switch|p1a: Yveltal|Yveltal|61/100
|-damage|p1a: Yveltal|36/100|[from] Stealth Rock
|-ability|p1a: Yveltal|Dark Aura
|move|p2a: Out of Egypt|Swords Dance|p2a: Out of Egypt
|-boost|p2a: Out of Egypt|atk|2
|
|-weather|SunnyDay|[upkeep]
|-heal|p2a: Out of Egypt|74/100|[from] item: Leftovers
|upkeep
|turn|17
|
|t:|1668012158
|move|p2a: Out of Egypt|Stone Edge|p1a: Yveltal
|-supereffective|p1a: Yveltal
|-damage|p1a: Yveltal|0 fnt
|faint|p1a: Yveltal
|
|-weather|SunnyDay|[upkeep]
|-heal|p2a: Out of Egypt|80/100|[from] item: Leftovers
|upkeep
|
|t:|1668012161
|switch|p1a: Eternatus|Eternatus|100/100
|-ability|p1a: Eternatus|Pressure
|turn|18
|
|t:|1668012171
|move|p1a: Eternatus|Dynamax Cannon|p2a: Out of Egypt
|-damage|p2a: Out of Egypt|38/100
|move|p2a: Out of Egypt|Precipice Blades|p1a: Eternatus
|-supereffective|p1a: Eternatus
|-damage|p1a: Eternatus|0 fnt
|faint|p1a: Eternatus
|
|-weather|SunnyDay|[upkeep]
|-heal|p2a: Out of Egypt|45/100|[from] item: Leftovers
|upkeep
|
|t:|1668012174
|switch|p1a: Urshifu|Urshifu, F|100/100
|-damage|p1a: Urshifu|94/100|[from] Stealth Rock
|turn|19
|
|t:|1668012181
|switch|p2a: Predatory Wasp|Yveltal, shiny|61/100
|-damage|p2a: Predatory Wasp|37/100|[from] Stealth Rock
|-ability|p2a: Predatory Wasp|Dark Aura
|move|p1a: Urshifu|Wicked Blow|p2a: Predatory Wasp
|-resisted|p2a: Predatory Wasp
|-crit|p2a: Predatory Wasp
|-damage|p2a: Predatory Wasp|0 fnt
|faint|p2a: Predatory Wasp
|
|-weather|none
|upkeep
|
|t:|1668012190
|switch|p2a: John Wayne Gacy Jr|Marshadow|94/100
|-damage|p2a: John Wayne Gacy Jr|88/100|[from] Stealth Rock
|turn|20
|
|t:|1668012194
|switch|p1a: Xerneas|Xerneas|100/100 slp
|-damage|p1a: Xerneas|88/100 slp|[from] Stealth Rock
|-ability|p1a: Xerneas|Fairy Aura
|move|p2a: John Wayne Gacy Jr|Low Kick|p1a: Xerneas
|-resisted|p1a: Xerneas
|-damage|p1a: Xerneas|61/100 slp
|
|upkeep
|turn|21
|
|t:|1668012200
|switch|p2a: Chicago|Necrozma-Dusk-Mane|100/100
|-damage|p2a: Chicago|94/100|[from] Stealth Rock
|switch|p1a: Urshifu|Urshifu, F|94/100
|-damage|p1a: Urshifu|88/100|[from] Stealth Rock
|
|upkeep
|turn|22
|
|t:|1668012209
|move|p1a: Urshifu|Wicked Blow|p2a: Chicago
|-supereffective|p2a: Chicago
|-crit|p2a: Chicago
|-enditem|p2a: Chicago|Colbur Berry|[eat]
|-enditem|p2a: Chicago|Colbur Berry|[weaken]
|-damage|p2a: Chicago|42/100
|move|p2a: Chicago|Iron Head|p1a: Urshifu
|-damage|p1a: Urshifu|47/100
|
|upkeep
|turn|23
|
|t:|1668012230
|switch|p2a: Prairie Fire|Eternatus|88/100 par
|-damage|p2a: Prairie Fire|76/100 par|[from] Stealth Rock
|-ability|p2a: Prairie Fire|Pressure
|move|p1a: Urshifu|Wicked Blow|p2a: Prairie Fire
|-crit|p2a: Prairie Fire
|-damage|p2a: Prairie Fire|0 fnt
|faint|p2a: Prairie Fire
|
|upkeep
|
|t:|1668012235
|switch|p2a: John Wayne Gacy Jr|Marshadow|88/100
|-damage|p2a: John Wayne Gacy Jr|82/100|[from] Stealth Rock
|turn|24
|
|t:|1668012250
|switch|p1a: Necrozma|Necrozma-Dusk-Mane|100/100
|-damage|p1a: Necrozma|94/100|[from] Stealth Rock
|move|p2a: John Wayne Gacy Jr|Low Kick|p1a: Necrozma
|-damage|p1a: Necrozma|33/100
|
|-heal|p1a: Necrozma|39/100|[from] item: Leftovers
|upkeep
|turn|25
|
|t:|1668012254
|move|p2a: John Wayne Gacy Jr|Low Kick|p1a: Necrozma
|-damage|p1a: Necrozma|0 fnt
|faint|p1a: Necrozma
|
|upkeep
|
|t:|1668012255
|switch|p1a: Xerneas|Xerneas|61/100 slp
|-damage|p1a: Xerneas|49/100 slp|[from] Stealth Rock
|-ability|p1a: Xerneas|Fairy Aura
|turn|26
|
|t:|1668012260
|switch|p2a: UFO Sighting|Lunala, shiny|100/100
|cant|p1a: Xerneas|slp
|move|p1a: Xerneas|Sleep Talk|p1a: Xerneas
|move|p1a: Xerneas|Rest||[from]move: Sleep Talk|[still]
|-fail|p1a: Xerneas
|
|upkeep
|turn|27
|
|t:|1668012266
|move|p2a: UFO Sighting|Ice Beam|p1a: Xerneas
|-damage|p1a: Xerneas|27/100 slp
|-curestatus|p1a: Xerneas|slp|[msg]
|move|p1a: Xerneas|Rest|p1a: Xerneas
|-status|p1a: Xerneas|slp|[from] move: Rest
|-heal|p1a: Xerneas|100/100 slp|[silent]
|
|upkeep
|turn|28
|
|t:|1668012270
|move|p2a: UFO Sighting|Ice Beam|p1a: Xerneas
|-damage|p1a: Xerneas|80/100 slp
|cant|p1a: Xerneas|slp
|move|p1a: Xerneas|Sleep Talk|p1a: Xerneas
|move|p1a: Xerneas|Moonblast|p2a: UFO Sighting|[from]move: Sleep Talk
|-crit|p2a: UFO Sighting
|-damage|p2a: UFO Sighting|74/100
|
|upkeep
|turn|29
|
|t:|1668012274
|move|p2a: UFO Sighting|Ice Beam|p1a: Xerneas
|-damage|p1a: Xerneas|59/100 slp
|cant|p1a: Xerneas|slp
|move|p1a: Xerneas|Sleep Talk|p1a: Xerneas
|move|p1a: Xerneas|Moonblast|p2a: UFO Sighting|[from]move: Sleep Talk
|-damage|p2a: UFO Sighting|34/100
|-unboost|p2a: UFO Sighting|spa|1
|
|upkeep
|turn|30
|
|t:|1668012279
|switch|p1a: Urshifu|Urshifu, F|47/100
|-damage|p1a: Urshifu|41/100|[from] Stealth Rock
|move|p2a: UFO Sighting|Roost|p2a: UFO Sighting
|-heal|p2a: UFO Sighting|84/100
|-singleturn|p2a: UFO Sighting|move: Roost
|
|upkeep
|turn|31
|
|t:|1668012304
|move|p2a: UFO Sighting|Will-O-Wisp|p1a: Urshifu
|-status|p1a: Urshifu|brn
|move|p1a: Urshifu|Wicked Blow|p2a: UFO Sighting
|-supereffective|p2a: UFO Sighting
|-crit|p2a: UFO Sighting
|-damage|p2a: UFO Sighting|0 fnt
|faint|p2a: UFO Sighting
|
|-damage|p1a: Urshifu|35/100 brn|[from] brn
|upkeep
|inactive|steel....SKITTY has 270 seconds left.
|
|t:|1668012330
|switch|p2a: John Wayne Gacy Jr|Marshadow|82/100
|-damage|p2a: John Wayne Gacy Jr|76/100|[from] Stealth Rock
|turn|32
|
|t:|1668012333
|switch|p1a: Xerneas|Xerneas|59/100 slp
|-damage|p1a: Xerneas|47/100 slp|[from] Stealth Rock
|-ability|p1a: Xerneas|Fairy Aura
|move|p2a: John Wayne Gacy Jr|Spectral Thief|p1a: Xerneas
|-damage|p1a: Xerneas|11/100 slp
|
|upkeep
|turn|33
|
|t:|1668012338
|move|p2a: John Wayne Gacy Jr|Spectral Thief|p1a: Xerneas
|-damage|p1a: Xerneas|0 fnt
|faint|p1a: Xerneas
|
|upkeep
|
|t:|1668012341
|switch|p1a: Urshifu|Urshifu, F|35/100 brn
|-damage|p1a: Urshifu|28/100 brn|[from] Stealth Rock
|turn|34
|c|☆Royal1604|ggs
|
|t:|1668012348
|switch|p2a: Chicago|Necrozma-Dusk-Mane|42/100
|-damage|p2a: Chicago|36/100|[from] Stealth Rock
|move|p1a: Urshifu|Wicked Blow|p2a: Chicago
|-supereffective|p2a: Chicago
|-crit|p2a: Chicago
|-damage|p2a: Chicago|0 fnt
|faint|p2a: Chicago
|
|-damage|p1a: Urshifu|22/100 brn|[from] brn
|upkeep
|c|☆steel....SKITTY|Ggs.
|
|t:|1668012353
|switch|p2a: John Wayne Gacy Jr|Marshadow|76/100
|-damage|p2a: John Wayne Gacy Jr|69/100|[from] Stealth Rock
|turn|35
|
|t:|1668012356
|move|p2a: John Wayne Gacy Jr|Ice Punch|p1a: Urshifu
|-damage|p1a: Urshifu|0 fnt
|faint|p1a: Urshifu
|
|win|steel....SKITTY
