|inactive|Battle timer is ON: inactive players will automatically lose when time's up.
|t:|1644106597
|gametype|singles
|player|p1|mncmt|lyra|
|player|p2|Stallion|#wcop2021oceania|
|teamsize|p1|6
|teamsize|p2|6
|gen|8
|tier|[Gen 8] Ubers
|rule|Sleep Clause Mod: Limit one foe put to sleep
|rule|Species Clause: Limit one of each Pokémon
|rule|OHKO Clause: OHKO moves are banned
|rule|Evasion Moves Clause: Evasion moves are banned
|rule|Endless Battle Clause: Forcing endless battles is banned
|rule|HP Percentage Mod: HP is shown in percentages
|rule|Dynamax Clause: You cannot dynamax
|clearpoke
|poke|p1|Marshadow|
|poke|p1|Ferrothorn, F|
|poke|p1|Eternatus|
|poke|p1|Necrozma-Dusk-Mane|
|poke|p1|Zygarde|
|poke|p1|Yveltal|
|poke|p2|Yveltal|
|poke|p2|Necrozma-Dusk-Mane|
|poke|p2|Eternatus|
|poke|p2|Zygarde|
|poke|p2|Darmanitan-Galar, F|
|poke|p2|Magnezone|
|teampreview
|c|☆mncmt|hf
|c|☆Stallion|u2
|inactive|mncmt has 270 seconds left.
|
|t:|1644106629
|start
|switch|p1a: Necrozma|Necrozma-Dusk-Mane|100/100
|switch|p2a: Darmanitan|Darmanitan-Galar, F|100/100
|turn|1
|
|t:|1644106645
|move|p2a: Darmanitan|U-turn|p1a: Necrozma
|-damage|p1a: Necrozma|74/100
|
|t:|1644106647
|switch|p2a: Magnezone|Magnezone|100/100|[from]move: U-turn
|-item|p2a: Magnezone|Air Balloon
|move|p1a: Necrozma|Stealth Rock|p2a: Magnezone
|-sidestart|p2: Stallion|move: Stealth Rock
|
|upkeep
|turn|2
|c|☆Stallion|oh
|c|☆Stallion|you're shed aren't u
|
|t:|1644106666
|switch|p1a: Zygarde|Zygarde|100/100
|move|p2a: Magnezone|Magnet Rise|p2a: Magnezone
|-start|p2a: Magnezone|Magnet Rise
|
|upkeep
|turn|3
|c|+tjay|ofc he is
|c|☆Stallion|lol
|c|+tjay|we facing the bot
|c|☆Stallion|perfect fucking teams
|c|☆Stallion|twice
|c|+Lord Thorx|the bot...
|c|☆Stallion|max defense body press caly game 1, shed shell game 2
|inactive|Stallion has 270 seconds left.
|
|t:|1644106694
|switch|p2a: Zygarde|Zygarde|100/100
|-damage|p2a: Zygarde|94/100|[from] Stealth Rock
|move|p1a: Zygarde|Substitute|p1a: Zygarde
|-start|p1a: Zygarde|Substitute
|-damage|p1a: Zygarde|76/100
|
|-heal|p1a: Zygarde|82/100|[from] item: Leftovers
|-heal|p2a: Zygarde|100/100|[from] item: Leftovers
|upkeep
|turn|4
|
|t:|1644106702
|move|p1a: Zygarde|Dragon Dance|p1a: Zygarde
|-boost|p1a: Zygarde|atk|1
|-boost|p1a: Zygarde|spe|1
|move|p2a: Zygarde|Coil|p2a: Zygarde
|-boost|p2a: Zygarde|atk|1
|-boost|p2a: Zygarde|def|1
|-boost|p2a: Zygarde|accuracy|1
|
|-heal|p1a: Zygarde|88/100|[from] item: Leftovers
|upkeep
|turn|5
|
|t:|1644106705
|move|p2a: Zygarde|Thousand Arrows|p1a: Zygarde
|-end|p1a: Zygarde|Substitute
|move|p1a: Zygarde|Dragon Tail|p2a: Zygarde
|-supereffective|p2a: Zygarde
|-damage|p2a: Zygarde|72/100
|drag|p2a: Yveltal|Yveltal|100/100
|-ability|p2a: Yveltal|Dark Aura
|
|-heal|p1a: Zygarde|94/100|[from] item: Leftovers
|upkeep
|turn|6
|c|☆Stallion|and that set
|c|☆Stallion|lmao
|
|t:|1644106721
|switch|p1a: Eternatus|Eternatus|100/100
|-ability|p1a: Eternatus|Pressure
|move|p2a: Yveltal|Knock Off|p1a: Eternatus
|-damage|p1a: Eternatus|60/100
|-enditem|p1a: Eternatus|Shuca Berry|[from] move: Knock Off|[of] p2a: Yveltal
|
|upkeep
|turn|7
|
|t:|1644106726
|switch|p2a: Necrozma|Necrozma-Dusk-Mane|100/100
|-damage|p2a: Necrozma|94/100|[from] Stealth Rock
|move|p1a: Eternatus|Recover|p1a: Eternatus
|-heal|p1a: Eternatus|100/100
|
|-heal|p2a: Necrozma|100/100|[from] item: Leftovers
|upkeep
|turn|8
|
|t:|1644106736
|switch|p1a: Ferrothorn|Ferrothorn, F|100/100
|move|p2a: Necrozma|Stealth Rock|p1a: Ferrothorn
|-sidestart|p1: mncmt|move: Stealth Rock
|
|upkeep
|turn|9
|
|t:|1644106749
|switch|p2a: Magnezone|Magnezone|100/100
|-damage|p2a: Magnezone|94/100|[from] Stealth Rock
|-item|p2a: Magnezone|Air Balloon
|move|p1a: Ferrothorn|Spikes|p2a: Magnezone
|-sidestart|p2: Stallion|Spikes
|
|upkeep
|turn|10
|
|t:|1644106753
|move|p2a: Magnezone|Iron Defense|p2a: Magnezone
|-boost|p2a: Magnezone|def|2
|move|p1a: Ferrothorn|Iron Defense|p1a: Ferrothorn
|-boost|p1a: Ferrothorn|def|2
|
|upkeep
|turn|11
|
|t:|1644106761
|move|p2a: Magnezone|Thunder Wave|p1a: Ferrothorn
|-status|p1a: Ferrothorn|par
|move|p1a: Ferrothorn|Leech Seed|p2a: Magnezone
|-start|p2a: Magnezone|move: Leech Seed
|
|-damage|p2a: Magnezone|82/100|[from] Leech Seed|[of] p1a: Ferrothorn
|upkeep
|turn|12
|
|t:|1644106768
|move|p2a: Magnezone|Iron Defense|p2a: Magnezone
|-boost|p2a: Magnezone|def|2
|move|p1a: Ferrothorn|Iron Defense|p1a: Ferrothorn
|-boost|p1a: Ferrothorn|def|2
|
|-damage|p2a: Magnezone|70/100|[from] Leech Seed|[of] p1a: Ferrothorn
|upkeep
|turn|13
|
|t:|1644106770
|move|p2a: Magnezone|Iron Defense|p2a: Magnezone
|-boost|p2a: Magnezone|def|2
|move|p1a: Ferrothorn|Iron Defense|p1a: Ferrothorn
|-boost|p1a: Ferrothorn|def|2
|
|-damage|p2a: Magnezone|57/100|[from] Leech Seed|[of] p1a: Ferrothorn
|upkeep
|turn|14
|
|t:|1644106772
|move|p2a: Magnezone|Body Press|p1a: Ferrothorn
|-supereffective|p1a: Ferrothorn
|-damage|p1a: Ferrothorn|73/100 par
|-damage|p2a: Magnezone|45/100|[from] ability: Iron Barbs|[of] p1a: Ferrothorn
|move|p1a: Ferrothorn|Body Press|p2a: Magnezone
|-supereffective|p2a: Magnezone
|-damage|p2a: Magnezone|0 fnt
|-enditem|p2a: Magnezone|Air Balloon
|faint|p2a: Magnezone
|
|-heal|p1a: Ferrothorn|79/100 par|[from] item: Leftovers
|upkeep
|
|t:|1644106791
|switch|p2a: Yveltal|Yveltal|100/100
|-ability|p2a: Yveltal|Dark Aura
|turn|15
|
|t:|1644106797
|move|p2a: Yveltal|Knock Off|p1a: Ferrothorn
|-damage|p1a: Ferrothorn|70/100 par
|-damage|p2a: Yveltal|88/100|[from] ability: Iron Barbs|[of] p1a: Ferrothorn
|-enditem|p1a: Ferrothorn|Leftovers|[from] move: Knock Off|[of] p2a: Yveltal
|move|p1a: Ferrothorn|Body Press|p2a: Yveltal
|-damage|p2a: Yveltal|0 fnt
|faint|p2a: Yveltal
|
|upkeep
|
|t:|1644106804
|switch|p2a: Eternatus|Eternatus|100/100
|-damage|p2a: Eternatus|88/100|[from] Stealth Rock
|-damage|p2a: Eternatus|76/100|[from] Spikes
|-ability|p2a: Eternatus|Pressure
|turn|16
|
|t:|1644106813
|move|p2a: Eternatus|Cosmic Power|p2a: Eternatus
|-boost|p2a: Eternatus|def|1
|-boost|p2a: Eternatus|spd|1
|cant|p1a: Ferrothorn|par
|
|upkeep
|turn|17
|
|t:|1644106825
|switch|p1a: Necrozma|Necrozma-Dusk-Mane|74/100
|-damage|p1a: Necrozma|68/100|[from] Stealth Rock
|move|p2a: Eternatus|Cosmic Power|p2a: Eternatus
|-boost|p2a: Eternatus|def|1
|-boost|p2a: Eternatus|spd|1
|
|upkeep
|turn|18
|
|t:|1644106839
|switch|p2a: Zygarde|Zygarde|72/100
|-damage|p2a: Zygarde|66/100|[from] Stealth Rock
|-damage|p2a: Zygarde|54/100|[from] Spikes
|move|p1a: Necrozma|Thunder Wave|p2a: Zygarde
|-immune|p2a: Zygarde
|
|-heal|p2a: Zygarde|60/100|[from] item: Leftovers
|upkeep
|turn|19
|
|t:|1644106852
|switch|p1a: Ferrothorn|Ferrothorn, F|70/100 par
|-damage|p1a: Ferrothorn|64/100 par|[from] Stealth Rock
|move|p2a: Zygarde|Coil|p2a: Zygarde
|-boost|p2a: Zygarde|atk|1
|-boost|p2a: Zygarde|def|1
|-boost|p2a: Zygarde|accuracy|1
|
|-heal|p2a: Zygarde|66/100|[from] item: Leftovers
|upkeep
|turn|20
|
|t:|1644106857
|switch|p1a: Eternatus|Eternatus|100/100
|-damage|p1a: Eternatus|88/100|[from] Stealth Rock
|-ability|p1a: Eternatus|Pressure
|move|p2a: Zygarde|Thousand Arrows|p1a: Eternatus
|-supereffective|p1a: Eternatus
|-damage|p1a: Eternatus|17/100
|
|-heal|p2a: Zygarde|72/100|[from] item: Leftovers
|upkeep
|turn|21
|
|t:|1644106863
|switch|p2a: Necrozma|Necrozma-Dusk-Mane|100/100
|-damage|p2a: Necrozma|88/100|[from] Spikes
|-damage|p2a: Necrozma|82/100|[from] Stealth Rock
|move|p1a: Eternatus|Draco Meteor|p2a: Necrozma|[miss]
|-miss|p1a: Eternatus|p2a: Necrozma
|
|-heal|p2a: Necrozma|88/100|[from] item: Leftovers
|upkeep
|turn|22
|
|t:|1644106869
|move|p1a: Eternatus|Recover|p1a: Eternatus
|-heal|p1a: Eternatus|67/100
|move|p2a: Necrozma|Thunder Wave|p1a: Eternatus
|-status|p1a: Eternatus|par
|
|-heal|p2a: Necrozma|94/100|[from] item: Leftovers
|upkeep
|turn|23
|c|+daniYSB|Vamos mnce
|
|t:|1644106877
|switch|p1a: Ferrothorn|Ferrothorn, F|64/100 par
|-damage|p1a: Ferrothorn|58/100 par|[from] Stealth Rock
|move|p2a: Necrozma|Iron Head|p1a: Ferrothorn
|-resisted|p1a: Ferrothorn
|-damage|p1a: Ferrothorn|47/100 par
|-damage|p2a: Necrozma|82/100|[from] ability: Iron Barbs|[of] p1a: Ferrothorn
|
|-heal|p2a: Necrozma|88/100|[from] item: Leftovers
|upkeep
|turn|24
|
|t:|1644106883
|switch|p2a: Darmanitan|Darmanitan-Galar, F|100/100
|-damage|p2a: Darmanitan|88/100|[from] Spikes
|-damage|p2a: Darmanitan|63/100|[from] Stealth Rock
|move|p1a: Ferrothorn|Leech Seed|p2a: Darmanitan
|-start|p2a: Darmanitan|move: Leech Seed
|
|-damage|p2a: Darmanitan|51/100|[from] Leech Seed|[of] p1a: Ferrothorn
|-heal|p1a: Ferrothorn|59/100 par|[silent]
|upkeep
|turn|25
|
|t:|1644106894
|switch|p1a: Eternatus|Eternatus|67/100 par
|-damage|p1a: Eternatus|55/100 par|[from] Stealth Rock
|-ability|p1a: Eternatus|Pressure
|move|p2a: Darmanitan|U-turn|p1a: Eternatus
|-resisted|p1a: Eternatus
|-damage|p1a: Eternatus|40/100 par
|
|t:|1644106902
|switch|p2a: Zygarde|Zygarde|72/100|[from]move: U-turn
|-damage|p2a: Zygarde|59/100|[from] Spikes
|-damage|p2a: Zygarde|53/100|[from] Stealth Rock
|
|-heal|p2a: Zygarde|59/100|[from] item: Leftovers
|upkeep
|turn|26
|
|t:|1644106906
|switch|p1a: Zygarde|Zygarde|94/100
|-damage|p1a: Zygarde|88/100|[from] Stealth Rock
|move|p2a: Zygarde|Thousand Arrows|p1a: Zygarde
|-damage|p1a: Zygarde|68/100
|
|-heal|p1a: Zygarde|74/100|[from] item: Leftovers
|-heal|p2a: Zygarde|66/100|[from] item: Leftovers
|upkeep
|turn|27
|
|t:|1644106915
|move|p1a: Zygarde|Substitute|p1a: Zygarde
|-start|p1a: Zygarde|Substitute
|-damage|p1a: Zygarde|50/100
|move|p2a: Zygarde|Coil|p2a: Zygarde
|-boost|p2a: Zygarde|atk|1
|-boost|p2a: Zygarde|def|1
|-boost|p2a: Zygarde|accuracy|1
|
|-heal|p1a: Zygarde|56/100|[from] item: Leftovers
|-heal|p2a: Zygarde|72/100|[from] item: Leftovers
|upkeep
|turn|28
|
|t:|1644106918
|move|p2a: Zygarde|Thousand Arrows|p1a: Zygarde
|-end|p1a: Zygarde|Substitute
|move|p1a: Zygarde|Dragon Tail|p2a: Zygarde
|-supereffective|p2a: Zygarde
|-damage|p2a: Zygarde|54/100
|drag|p2a: Darmanitan|Darmanitan-Galar, F|51/100
|-damage|p2a: Darmanitan|26/100|[from] Stealth Rock
|-damage|p2a: Darmanitan|14/100|[from] Spikes
|
|-heal|p1a: Zygarde|62/100|[from] item: Leftovers
|upkeep
|turn|29
|
|t:|1644106925
|switch|p1a: Eternatus|Eternatus|40/100 par
|-damage|p1a: Eternatus|28/100 par|[from] Stealth Rock
|-ability|p1a: Eternatus|Pressure
|move|p2a: Darmanitan|Icicle Crash|p1a: Eternatus
|-supereffective|p1a: Eternatus
|-damage|p1a: Eternatus|0 fnt
|faint|p1a: Eternatus
|
|upkeep
|
|t:|1644106930
|switch|p1a: Marshadow|Marshadow|100/100
|-damage|p1a: Marshadow|94/100|[from] Stealth Rock
|turn|30
|
|t:|1644106933
|move|p1a: Marshadow|Shadow Sneak|p2a: Darmanitan
|-crit|p2a: Darmanitan
|-damage|p2a: Darmanitan|0 fnt
|faint|p2a: Darmanitan
|
|upkeep
|
|t:|1644106936
|switch|p2a: Zygarde|Zygarde|54/100
|-damage|p2a: Zygarde|42/100|[from] Spikes
|-damage|p2a: Zygarde|35/100|[from] Stealth Rock
|turn|31
|c|+Inder|mh
|
|t:|1644106965
|switch|p1a: Zygarde|Zygarde|62/100
|-damage|p1a: Zygarde|56/100|[from] Stealth Rock
|move|p2a: Zygarde|Coil|p2a: Zygarde
|-boost|p2a: Zygarde|atk|1
|-boost|p2a: Zygarde|def|1
|-boost|p2a: Zygarde|accuracy|1
|
|-heal|p1a: Zygarde|62/100|[from] item: Leftovers
|-heal|p2a: Zygarde|42/100|[from] item: Leftovers
|-activate|p2a: Zygarde|ability: Power Construct
|detailschange|p2a: Zygarde|Zygarde-Complete
|-heal|p2a: Zygarde|62/100|[silent]
|upkeep
|turn|32
|
|t:|1644106974
|move|p2a: Zygarde|Glare|p1a: Zygarde
|-status|p1a: Zygarde|par
|move|p1a: Zygarde|Dragon Tail|p2a: Zygarde
|-supereffective|p2a: Zygarde
|-damage|p2a: Zygarde|50/100
|drag|p2a: Necrozma|Necrozma-Dusk-Mane|88/100
|-damage|p2a: Necrozma|76/100|[from] Spikes
|-damage|p2a: Necrozma|70/100|[from] Stealth Rock
|
|-heal|p2a: Necrozma|76/100|[from] item: Leftovers
|-heal|p1a: Zygarde|68/100 par|[from] item: Leftovers
|upkeep
|turn|33
|
|t:|1644106982
|switch|p2a: Eternatus|Eternatus|76/100
|-damage|p2a: Eternatus|63/100|[from] Spikes
|-damage|p2a: Eternatus|51/100|[from] Stealth Rock
|-ability|p2a: Eternatus|Pressure
|move|p1a: Zygarde|Dragon Dance|p1a: Zygarde
|-boost|p1a: Zygarde|atk|1
|-boost|p1a: Zygarde|spe|1
|
|-heal|p1a: Zygarde|74/100 par|[from] item: Leftovers
|upkeep
|turn|34
|
|t:|1644106989
|switch|p1a: Necrozma|Necrozma-Dusk-Mane|68/100
|-damage|p1a: Necrozma|62/100|[from] Stealth Rock
|move|p2a: Eternatus|Dynamax Cannon|p1a: Necrozma
|-resisted|p1a: Necrozma
|-damage|p1a: Necrozma|47/100
|
|upkeep
|turn|35
|
|t:|1644106995
|switch|p2a: Zygarde|Zygarde-Complete|50/100
|-damage|p2a: Zygarde|44/100|[from] Stealth Rock
|-damage|p2a: Zygarde|31/100|[from] Spikes
|move|p1a: Necrozma|Morning Sun|p1a: Necrozma
|-heal|p1a: Necrozma|97/100
|
|-heal|p2a: Zygarde|38/100|[from] item: Leftovers
|upkeep
|turn|36
|
|t:|1644107005
|switch|p1a: Zygarde|Zygarde|74/100 par
|-damage|p1a: Zygarde|68/100 par|[from] Stealth Rock
|move|p2a: Zygarde|Coil|p2a: Zygarde
|-boost|p2a: Zygarde|atk|1
|-boost|p2a: Zygarde|def|1
|-boost|p2a: Zygarde|accuracy|1
|
|-heal|p2a: Zygarde|44/100|[from] item: Leftovers
|-heal|p1a: Zygarde|74/100 par|[from] item: Leftovers
|upkeep
|turn|37
|
|t:|1644107012
|move|p2a: Zygarde|Rest|p2a: Zygarde
|-status|p2a: Zygarde|slp|[from] move: Rest
|-heal|p2a: Zygarde|100/100 slp|[silent]
|cant|p1a: Zygarde|par
|
|-heal|p1a: Zygarde|80/100 par|[from] item: Leftovers
|upkeep
|turn|38
|
|t:|1644107018
|switch|p1a: Marshadow|Marshadow|94/100
|-damage|p1a: Marshadow|88/100|[from] Stealth Rock
|cant|p2a: Zygarde|slp
|
|upkeep
|turn|39
|
|t:|1644107025
|switch|p2a: Necrozma|Necrozma-Dusk-Mane|76/100
|-damage|p2a: Necrozma|70/100|[from] Stealth Rock
|-damage|p2a: Necrozma|57/100|[from] Spikes
|move|p1a: Marshadow|Spectral Thief|p2a: Necrozma
|-supereffective|p2a: Necrozma
|-damage|p2a: Necrozma|0 fnt
|faint|p2a: Necrozma
|
|upkeep
|
|t:|1644107027
|switch|p2a: Eternatus|Eternatus|51/100
|-damage|p2a: Eternatus|39/100|[from] Spikes
|-damage|p2a: Eternatus|26/100|[from] Stealth Rock
|-ability|p2a: Eternatus|Pressure
|turn|40
|
|t:|1644107031
|switch|p1a: Necrozma|Necrozma-Dusk-Mane|97/100
|-damage|p1a: Necrozma|91/100|[from] Stealth Rock
|move|p2a: Eternatus|Recover|p2a: Eternatus
|-heal|p2a: Eternatus|76/100
|
|upkeep
|turn|41
|
|t:|1644107036
|switch|p2a: Zygarde|Zygarde-Complete|100/100 slp
|-damage|p2a: Zygarde|88/100 slp|[from] Spikes
|-damage|p2a: Zygarde|82/100 slp|[from] Stealth Rock
|move|p1a: Necrozma|Thunder Wave|p2a: Zygarde
|-immune|p2a: Zygarde
|
|-heal|p2a: Zygarde|88/100 slp|[from] item: Leftovers
|upkeep
|turn|42
|
|t:|1644107041
|switch|p1a: Marshadow|Marshadow|88/100
|-damage|p1a: Marshadow|82/100|[from] Stealth Rock
|cant|p2a: Zygarde|slp
|
|-heal|p2a: Zygarde|94/100 slp|[from] item: Leftovers
|upkeep
|turn|43
|
|t:|1644107046
|switch|p1a: Zygarde|Zygarde|80/100 par
|-damage|p1a: Zygarde|74/100 par|[from] Stealth Rock
|-curestatus|p2a: Zygarde|slp|[msg]
|move|p2a: Zygarde|Glare|p1a: Zygarde
|-fail|p1a: Zygarde|par
|
|-heal|p2a: Zygarde|100/100|[from] item: Leftovers
|-heal|p1a: Zygarde|80/100 par|[from] item: Leftovers
|upkeep
|turn|44
|
|t:|1644107050
|move|p2a: Zygarde|Coil|p2a: Zygarde
|-boost|p2a: Zygarde|atk|1
|-boost|p2a: Zygarde|def|1
|-boost|p2a: Zygarde|accuracy|1
|move|p1a: Zygarde|Dragon Tail|p2a: Zygarde
|-supereffective|p2a: Zygarde
|-damage|p2a: Zygarde|90/100
|drag|p2a: Eternatus|Eternatus|76/100
|-damage|p2a: Eternatus|64/100|[from] Stealth Rock
|-damage|p2a: Eternatus|52/100|[from] Spikes
|-ability|p2a: Eternatus|Pressure
|
|-heal|p1a: Zygarde|86/100 par|[from] item: Leftovers
|upkeep
|turn|45
|
|t:|1644107056
|switch|p1a: Necrozma|Necrozma-Dusk-Mane|91/100
|-damage|p1a: Necrozma|85/100|[from] Stealth Rock
|move|p2a: Eternatus|Recover|p2a: Eternatus
|-heal|p2a: Eternatus|100/100
|
|upkeep
|turn|46
|
|t:|1644107065
|switch|p2a: Zygarde|Zygarde-Complete|90/100
|-damage|p2a: Zygarde|84/100|[from] Stealth Rock
|-damage|p2a: Zygarde|71/100|[from] Spikes
|move|p1a: Necrozma|Iron Head|p2a: Zygarde
|-damage|p2a: Zygarde|56/100
|
|-heal|p2a: Zygarde|62/100|[from] item: Leftovers
|upkeep
|turn|47
|
|t:|1644107071
|switch|p1a: Zygarde|Zygarde|86/100 par
|-damage|p1a: Zygarde|80/100 par|[from] Stealth Rock
|move|p2a: Zygarde|Thousand Arrows|p1a: Zygarde
|-damage|p1a: Zygarde|61/100 par
|
|-heal|p2a: Zygarde|69/100|[from] item: Leftovers
|-heal|p1a: Zygarde|67/100 par|[from] item: Leftovers
|upkeep
|turn|48
|
|t:|1644107075
|move|p2a: Zygarde|Thousand Arrows|p1a: Zygarde
|-damage|p1a: Zygarde|49/100 par
|cant|p1a: Zygarde|par
|
|-heal|p2a: Zygarde|75/100|[from] item: Leftovers
|-heal|p1a: Zygarde|55/100 par|[from] item: Leftovers
|upkeep
|turn|49
|
|t:|1644107090
|move|p2a: Zygarde|Coil|p2a: Zygarde
|-boost|p2a: Zygarde|atk|1
|-boost|p2a: Zygarde|def|1
|-boost|p2a: Zygarde|accuracy|1
|move|p1a: Zygarde|Dragon Tail|p2a: Zygarde
|-supereffective|p2a: Zygarde
|-damage|p2a: Zygarde|62/100
|drag|p2a: Eternatus|Eternatus|100/100
|-damage|p2a: Eternatus|88/100|[from] Spikes
|-damage|p2a: Eternatus|76/100|[from] Stealth Rock
|-ability|p2a: Eternatus|Pressure
|
|-heal|p1a: Zygarde|61/100 par|[from] item: Leftovers
|upkeep
|turn|50
|
|t:|1644107116
|switch|p1a: Necrozma|Necrozma-Dusk-Mane|85/100
|-damage|p1a: Necrozma|79/100|[from] Stealth Rock
|move|p2a: Eternatus|Cosmic Power|p2a: Eternatus
|-boost|p2a: Eternatus|def|1
|-boost|p2a: Eternatus|spd|1
|
|upkeep
|turn|51
|
|t:|1644107121
|switch|p2a: Zygarde|Zygarde-Complete|62/100
|-damage|p2a: Zygarde|50/100|[from] Spikes
|-damage|p2a: Zygarde|43/100|[from] Stealth Rock
|move|p1a: Necrozma|Thunder Wave|p2a: Zygarde
|-immune|p2a: Zygarde
|
|-heal|p2a: Zygarde|50/100|[from] item: Leftovers
|upkeep
|turn|52
|
|t:|1644107128
|switch|p1a: Zygarde|Zygarde|61/100 par
|-damage|p1a: Zygarde|55/100 par|[from] Stealth Rock
|move|p2a: Zygarde|Rest|p2a: Zygarde
|-status|p2a: Zygarde|slp|[from] move: Rest
|-heal|p2a: Zygarde|100/100 slp|[silent]
|
|-heal|p1a: Zygarde|61/100 par|[from] item: Leftovers
|upkeep
|turn|53
|
|t:|1644107138
|switch|p2a: Eternatus|Eternatus|76/100
|-damage|p2a: Eternatus|63/100|[from] Spikes
|-damage|p2a: Eternatus|51/100|[from] Stealth Rock
|-ability|p2a: Eternatus|Pressure
|switch|p1a: Marshadow|Marshadow|82/100
|-damage|p1a: Marshadow|76/100|[from] Stealth Rock
|
|upkeep
|turn|54
|
|t:|1644107144
|switch|p1a: Necrozma|Necrozma-Dusk-Mane|79/100
|-damage|p1a: Necrozma|73/100|[from] Stealth Rock
|move|p2a: Eternatus|Recover|p2a: Eternatus
|-heal|p2a: Eternatus|100/100
|
|upkeep
|turn|55
|
|t:|1644107148
|switch|p2a: Zygarde|Zygarde-Complete|100/100 slp
|-damage|p2a: Zygarde|88/100 slp|[from] Spikes
|-damage|p2a: Zygarde|82/100 slp|[from] Stealth Rock
|move|p1a: Necrozma|Iron Head|p2a: Zygarde
|-damage|p2a: Zygarde|67/100 slp
|
|-heal|p2a: Zygarde|73/100 slp|[from] item: Leftovers
|upkeep
|turn|56
|
|t:|1644107156
|switch|p1a: Yveltal|Yveltal|100/100
|-ability|p1a: Yveltal|Dark Aura
|cant|p2a: Zygarde|slp
|
|-heal|p2a: Zygarde|80/100 slp|[from] item: Leftovers
|upkeep
|turn|57
|
|t:|1644107159
|switch|p2a: Eternatus|Eternatus|100/100
|-damage|p2a: Eternatus|88/100|[from] Spikes
|-damage|p2a: Eternatus|76/100|[from] Stealth Rock
|-ability|p2a: Eternatus|Pressure
|move|p1a: Yveltal|Knock Off|p2a: Eternatus
|-damage|p2a: Eternatus|36/100
|-enditem|p2a: Eternatus|Haban Berry|[from] move: Knock Off|[of] p1a: Yveltal
|
|upkeep
|turn|58
|
|t:|1644107169
|move|p2a: Eternatus|Recover|p2a: Eternatus
|-heal|p2a: Eternatus|86/100
|move|p1a: Yveltal|Taunt|p2a: Eternatus
|-start|p2a: Eternatus|move: Taunt
|
|upkeep
|turn|59
|
|t:|1644107192
|switch|p1a: Necrozma|Necrozma-Dusk-Mane|73/100
|-damage|p1a: Necrozma|67/100|[from] Stealth Rock
|move|p2a: Eternatus|Dynamax Cannon|p1a: Necrozma
|-resisted|p1a: Necrozma
|-damage|p1a: Necrozma|53/100
|
|upkeep
|turn|60
|
|t:|1644107197
|switch|p2a: Zygarde|Zygarde-Complete|80/100 slp
|-damage|p2a: Zygarde|67/100 slp|[from] Spikes
|-damage|p2a: Zygarde|61/100 slp|[from] Stealth Rock
|move|p1a: Necrozma|Morning Sun|p1a: Necrozma
|-heal|p1a: Necrozma|100/100
|
|-heal|p2a: Zygarde|67/100 slp|[from] item: Leftovers
|upkeep
|turn|61
|
|t:|1644107207
|switch|p1a: Marshadow|Marshadow|76/100
|-damage|p1a: Marshadow|69/100|[from] Stealth Rock
|cant|p2a: Zygarde|slp
|
|-heal|p2a: Zygarde|73/100 slp|[from] item: Leftovers
|upkeep
|turn|62
|
|t:|1644107214
|move|p1a: Marshadow|Ice Punch|p2a: Zygarde
|-supereffective|p2a: Zygarde
|-damage|p2a: Zygarde|12/100 slp
|-curestatus|p2a: Zygarde|slp|[msg]
|move|p2a: Zygarde|Glare|p1a: Marshadow
|-status|p1a: Marshadow|par
|
|-heal|p2a: Zygarde|18/100|[from] item: Leftovers
|upkeep
|turn|63
|c|+Inder|,
|
|t:|1644107229
|move|p2a: Zygarde|Rest|p2a: Zygarde
|-status|p2a: Zygarde|slp|[from] move: Rest
|-heal|p2a: Zygarde|100/100 slp|[silent]
|move|p1a: Marshadow|Ice Punch|p2a: Zygarde
|-supereffective|p2a: Zygarde
|-damage|p2a: Zygarde|42/100 slp
|
|-heal|p2a: Zygarde|48/100 slp|[from] item: Leftovers
|upkeep
|turn|64
|c|☆mncmt|damn thats bulky
|
|t:|1644107237
|switch|p2a: Eternatus|Eternatus|86/100
|-damage|p2a: Eternatus|74/100|[from] Stealth Rock
|-damage|p2a: Eternatus|61/100|[from] Spikes
|-ability|p2a: Eternatus|Pressure
|move|p1a: Marshadow|Ice Punch|p2a: Eternatus
|-supereffective|p2a: Eternatus
|-damage|p2a: Eternatus|0 fnt
|faint|p2a: Eternatus
|
|upkeep
|c|☆Stallion|lol doesnt matter
|c|☆Stallion|you had the perfect teams
|c|☆Stallion|both games
|c|☆Stallion|like I can't actually believe it
|c|☆Stallion|ggs
|c|☆mncmt|true ive been prepping like crazy 
|inactive|Stallion has 270 seconds left.
|c|☆Stallion|yeah I can see that
|c|+Lord Thorx|LMAO
|c|☆mncmt|just loaded the team from last week
|c|☆Stallion|the one time I bring mag
|c|☆mncmt|:/
|c|☆Stallion|I face shed shell haha
|
|t:|1644107275
|switch|p2a: Zygarde|Zygarde-Complete|48/100 slp
|-damage|p2a: Zygarde|42/100 slp|[from] Stealth Rock
|-damage|p2a: Zygarde|29/100 slp|[from] Spikes
|turn|65
|
|t:|1644107279
|cant|p2a: Zygarde|slp
|move|p1a: Marshadow|Ice Punch|p2a: Zygarde
|-supereffective|p2a: Zygarde
|-damage|p2a: Zygarde|0 fnt
|faint|p2a: Zygarde
|
|win|mncmt
