|inactive|Battle timer is ON: inactive players will automatically lose when time's up.
|t:|1653500304
|gametype|singles
|player|p1|ox084|hugh|
|player|p2|pkmn cypher 2013|lyra|
|teamsize|p1|6
|teamsize|p2|6
|gen|8
|tier|[Gen 8] Ubers
|rule|Sleep Clause Mod: Limit one foe put to sleep
|rule|Species Clause: Limit one of each Pokémon
|rule|OHKO Clause: OHKO moves are banned
|rule|Evasion Moves Clause: Evasion moves are banned
|rule|Endless Battle Clause: Forcing endless battles is banned
|rule|HP Percentage Mod: HP is shown in percentages
|rule|Dynamax Clause: You cannot dynamax
|clearpoke
|poke|p1|Marshadow|
|poke|p1|Yveltal|
|poke|p1|Kyogre|
|poke|p1|Zygarde|
|poke|p1|Ho-Oh|
|poke|p1|Genesect|
|poke|p2|Clefable, F|
|poke|p2|Groudon|
|poke|p2|Eternatus|
|poke|p2|Necrozma-Dusk-Mane|
|poke|p2|Yveltal|
|poke|p2|Calyrex-Shadow|
|teampreview
|c|☆pkmn cypher 2013|hf
|c|☆ox084|u2
|inactive|ox084 has 270 seconds left.
|inactive|pkmn cypher 2013 has 270 seconds left.
|
|t:|1653500351
|start
|switch|p1a: Yveltal|Yveltal, shiny|100/100
|switch|p2a: Yveltal|Yveltal|100/100
|-ability|p2a: Yveltal|Dark Aura
|-ability|p1a: Yveltal|Dark Aura
|turn|1
|
|t:|1653500358
|move|p1a: Yveltal|Oblivion Wing|p2a: Yveltal
|-damage|p2a: Yveltal|64/100
|-damage|p1a: Yveltal|91/100|[from] item: Life Orb
|move|p2a: Yveltal|Knock Off|p1a: Yveltal
|-resisted|p1a: Yveltal
|-damage|p1a: Yveltal|64/100
|-enditem|p1a: Yveltal|Life Orb|[from] move: Knock Off|[of] p2a: Yveltal
|
|upkeep
|turn|2
|
|t:|1653500366
|switch|p2a: Clefable|Clefable, F|100/100
|move|p1a: Yveltal|Oblivion Wing|p2a: Clefable
|-damage|p2a: Clefable|63/100
|-heal|p1a: Yveltal|92/100|[from] drain|[of] p2a: Clefable
|
|upkeep
|turn|3
|
|t:|1653500380
|switch|p1a: Ho-Oh|Ho-Oh|100/100
|move|p2a: Clefable|Stealth Rock|p1a: Ho-Oh
|-sidestart|p1: ox084|move: Stealth Rock
|
|upkeep
|turn|4
|
|t:|1653500412
|switch|p2a: Groudon|Groudon|100/100
|-weather|SunnyDay|[from] ability: Drought|[of] p2a: Groudon
|move|p1a: Ho-Oh|Sacred Fire|p2a: Groudon
|-damage|p2a: Groudon|40/100
|-status|p2a: Groudon|brn
|
|-weather|SunnyDay|[upkeep]
|-heal|p2a: Groudon|46/100 brn|[from] item: Leftovers
|-damage|p2a: Groudon|40/100 brn|[from] brn
|upkeep
|turn|5
|
|t:|1653500426
|switch|p1a: Yveltal|Yveltal, shiny|92/100
|-damage|p1a: Yveltal|67/100|[from] Stealth Rock
|-ability|p1a: Yveltal|Dark Aura
|move|p2a: Groudon|Stone Edge|p1a: Yveltal
|-supereffective|p1a: Yveltal
|-damage|p1a: Yveltal|29/100
|
|-weather|SunnyDay|[upkeep]
|-heal|p2a: Groudon|46/100 brn|[from] item: Leftovers
|-damage|p2a: Groudon|40/100 brn|[from] brn
|upkeep
|turn|6
|inactive|pkmn cypher 2013 has 270 seconds left.
|
|t:|1653500451
|switch|p2a: Eternatus|Eternatus|100/100
|-ability|p2a: Eternatus|Pressure
|move|p1a: Yveltal|Oblivion Wing|p2a: Eternatus
|-damage|p2a: Eternatus|68/100
|-heal|p1a: Yveltal|59/100|[from] drain|[of] p2a: Eternatus
|
|-weather|SunnyDay|[upkeep]
|-heal|p2a: Eternatus|74/100|[from] item: Black Sludge
|upkeep
|turn|7
|
|t:|1653500465
|switch|p1a: Genesect|Genesect, shiny|100/100
|-damage|p1a: Genesect|88/100|[from] Stealth Rock
|-ability|p1a: Genesect|Download|boost
|-boost|p1a: Genesect|atk|1
|move|p2a: Eternatus|Dragon Pulse|p1a: Genesect
|-resisted|p1a: Genesect
|-damage|p1a: Genesect|63/100
|
|-weather|SunnyDay|[upkeep]
|-heal|p2a: Eternatus|81/100|[from] item: Black Sludge
|upkeep
|turn|8
|inactive|pkmn cypher 2013 has 240 seconds left.
|
|t:|1653500503
|switch|p2a: Necrozma|Necrozma-Dusk-Mane|100/100
|move|p1a: Genesect|U-turn|p2a: Necrozma
|-damage|p2a: Necrozma|63/100
|
|t:|1653500508
|switch|p1a: Zygarde|Zygarde|100/100|[from]move: U-turn
|-damage|p1a: Zygarde|94/100|[from] Stealth Rock
|
|-weather|none
|-heal|p1a: Zygarde|100/100|[from] item: Leftovers
|upkeep
|turn|9
|
|t:|1653500516
|switch|p2a: Clefable|Clefable, F|63/100
|move|p1a: Zygarde|Glare|p2a: Clefable
|-status|p2a: Clefable|par
|
|upkeep
|turn|10
|
|t:|1653500520
|switch|p1a: Ho-Oh|Ho-Oh|100/100
|cant|p2a: Clefable|par
|
|upkeep
|turn|11
|
|t:|1653500529
|switch|p2a: Yveltal|Yveltal|64/100
|-ability|p2a: Yveltal|Dark Aura
|move|p1a: Ho-Oh|Defog|p2a: Yveltal
|-unboost|p2a: Yveltal|evasion|1
|-sideend|p1: ox084|Stealth Rock|[from] move: Defog|[of] p1a: Ho-Oh
|
|upkeep
|turn|12
|
|t:|1653500537
|move|p2a: Yveltal|Knock Off|p1a: Ho-Oh
|-damage|p1a: Ho-Oh|51/100
|-enditem|p1a: Ho-Oh|Heavy-Duty Boots|[from] move: Knock Off|[of] p2a: Yveltal
|move|p1a: Ho-Oh|Sacred Fire|p2a: Yveltal
|-damage|p2a: Yveltal|16/100
|-status|p2a: Yveltal|brn
|
|-damage|p2a: Yveltal|10/100 brn|[from] brn
|upkeep
|turn|13
|c|☆ox084|I was expecting uturn 
|
|t:|1653500550
|switch|p1a: Kyogre|Kyogre|100/100
|-weather|RainDance|[from] ability: Drizzle|[of] p1a: Kyogre
|move|p2a: Yveltal|Roost|p2a: Yveltal
|-heal|p2a: Yveltal|60/100 brn
|-singleturn|p2a: Yveltal|move: Roost
|
|-weather|RainDance|[upkeep]
|-damage|p2a: Yveltal|54/100 brn|[from] brn
|upkeep
|turn|14
|
|t:|1653500565
|move|p2a: Yveltal|Knock Off|p1a: Kyogre
|-damage|p1a: Kyogre|71/100
|-enditem|p1a: Kyogre|Choice Specs|[from] move: Knock Off|[of] p2a: Yveltal
|move|p1a: Kyogre|Water Spout|p2a: Yveltal
|-damage|p2a: Yveltal|0 fnt
|faint|p2a: Yveltal
|
|-weather|RainDance|[upkeep]
|upkeep
|inactive|pkmn cypher 2013 has 270 seconds left.
|inactive|pkmn cypher 2013 has 240 seconds left.
|inactive|pkmn cypher 2013 has 210 seconds left.
|inactive|pkmn cypher 2013 has 180 seconds left.
|
|t:|1653500673
|switch|p2a: Eternatus|Eternatus|81/100
|-ability|p2a: Eternatus|Pressure
|turn|15
|
|t:|1653500679
|switch|p1a: Ho-Oh|Ho-Oh|85/100
|move|p2a: Eternatus|Cosmic Power|p2a: Eternatus
|-boost|p2a: Eternatus|def|1
|-boost|p2a: Eternatus|spd|1
|
|-weather|RainDance|[upkeep]
|-heal|p2a: Eternatus|87/100|[from] item: Black Sludge
|upkeep
|turn|16
|inactive|pkmn cypher 2013 has 180 seconds left.
|
|t:|1653500720
|move|p2a: Eternatus|Cosmic Power|p2a: Eternatus
|-boost|p2a: Eternatus|def|1
|-boost|p2a: Eternatus|spd|1
|move|p1a: Ho-Oh|Thunder Wave|p2a: Eternatus
|-status|p2a: Eternatus|par
|
|-weather|RainDance|[upkeep]
|-heal|p2a: Eternatus|93/100 par|[from] item: Black Sludge
|upkeep
|turn|17
|
|t:|1653500724
|switch|p1a: Marshadow|Marshadow|100/100
|move|p2a: Eternatus|Meteor Beam||[still]
|-prepare|p2a: Eternatus|Meteor Beam
|-boost|p2a: Eternatus|spa|1
|
|-weather|none
|-heal|p2a: Eternatus|99/100 par|[from] item: Black Sludge
|upkeep
|turn|18
|
|t:|1653500726
|move|p1a: Marshadow|Spectral Thief||[still]
|-clearpositiveboost|p2a: Eternatus|p1a: Marshadow|move: Spectral Thief
|-boost|p1a: Marshadow|def|2
|-boost|p1a: Marshadow|spa|1
|-boost|p1a: Marshadow|spd|2
|-anim|p1a: Marshadow|Spectral Thief|p2a: Eternatus
|-damage|p2a: Eternatus|57/100 par
|-damage|p1a: Marshadow|91/100|[from] item: Life Orb
|move|p2a: Eternatus|Meteor Beam|p1a: Marshadow|[from]lockedmove
|-resisted|p1a: Marshadow
|-damage|p1a: Marshadow|79/100
|
|-heal|p2a: Eternatus|63/100 par|[from] item: Black Sludge
|upkeep
|turn|19
|inactive|pkmn cypher 2013 has 180 seconds left.
|
|t:|1653500744
|move|p1a: Marshadow|Bulk Up|p1a: Marshadow
|-boost|p1a: Marshadow|atk|1
|-boost|p1a: Marshadow|def|1
|move|p2a: Eternatus|Recover|p2a: Eternatus
|-heal|p2a: Eternatus|100/100 par
|
|upkeep
|turn|20
|
|t:|1653500754
|move|p1a: Marshadow|Spectral Thief|p2a: Eternatus
|-damage|p2a: Eternatus|40/100 par
|-damage|p1a: Marshadow|69/100|[from] item: Life Orb
|move|p2a: Eternatus|Dragon Pulse|p1a: Marshadow
|-damage|p1a: Marshadow|46/100
|
|-heal|p2a: Eternatus|46/100 par|[from] item: Black Sludge
|upkeep
|turn|21
|
|t:|1653500761
|switch|p2a: Groudon|Groudon|40/100 brn
|-weather|SunnyDay|[from] ability: Drought|[of] p2a: Groudon
|move|p1a: Marshadow|Spectral Thief|p2a: Groudon
|-damage|p2a: Groudon|0 fnt
|faint|p2a: Groudon
|-damage|p1a: Marshadow|36/100|[from] item: Life Orb
|
|-weather|SunnyDay|[upkeep]
|upkeep
|inactive|pkmn cypher 2013 has 180 seconds left.
|
|t:|1653500772
|switch|p2a: Clefable|Clefable, F|63/100 par
|turn|22
|c|☆ox084|you magic guard?
|
|t:|1653500778
|move|p1a: Marshadow|Spectral Thief|p2a: Clefable
|-damage|p2a: Clefable|0 fnt
|-damage|p1a: Marshadow|20/100|[from] item: Rocky Helmet|[of] p2a: Clefable
|faint|p2a: Clefable
|-damage|p1a: Marshadow|10/100|[from] item: Life Orb
|
|-weather|SunnyDay|[upkeep]
|upkeep
|inactive|pkmn cypher 2013 has 180 seconds left.
|
|t:|1653500796
|switch|p2a: Calyrex|Calyrex-Shadow|100/100
|-ability|p2a: Calyrex|As One
|-ability|p2a: Calyrex|Unnerve
|turn|23
|
|t:|1653500799
|switch|p2a: Necrozma|Necrozma-Dusk-Mane|63/100
|move|p1a: Marshadow|Shadow Sneak|p2a: Necrozma
|-supereffective|p2a: Necrozma
|-damage|p2a: Necrozma|1/100
|-damage|p1a: Marshadow|0 fnt|[from] item: Life Orb
|faint|p1a: Marshadow
|
|-weather|SunnyDay|[upkeep]
|upkeep
|
|t:|1653500804
|switch|p1a: Genesect|Genesect, shiny|63/100
|-ability|p1a: Genesect|Download|boost
|-boost|p1a: Genesect|atk|1
|turn|24
|
|t:|1653500808
|move|p1a: Genesect|U-turn|p2a: Necrozma
|-damage|p2a: Necrozma|0 fnt
|faint|p2a: Necrozma
|
|t:|1653500813
|switch|p1a: Zygarde|Zygarde|100/100|[from]move: U-turn
|
|-weather|SunnyDay|[upkeep]
|upkeep
|
|t:|1653500815
|switch|p2a: Calyrex|Calyrex-Shadow|100/100
|-ability|p2a: Calyrex|As One
|-ability|p2a: Calyrex|Unnerve
|turn|25
|
|t:|1653500824
|move|p2a: Calyrex|Aromatherapy|p2a: Calyrex
|-activate|p2a: Calyrex|move: Aromatherapy
|-curestatus|p2: Eternatus|par|[msg]
|move|p1a: Zygarde|Thousand Arrows|p2a: Calyrex
|-damage|p2a: Calyrex|58/100
|
|-weather|none
|upkeep
|turn|26
|
|t:|1653500832
|move|p2a: Calyrex|Aromatherapy||[still]
|-activate|p2a: Calyrex|move: Aromatherapy
|-fail|p2a: Calyrex
|move|p1a: Zygarde|Glare|p2a: Calyrex
|-status|p2a: Calyrex|par
|
|upkeep
|turn|27
|
|t:|1653500835
|move|p2a: Calyrex|Aromatherapy|p2a: Calyrex
|-activate|p2a: Calyrex|move: Aromatherapy
|-curestatus|p2a: Calyrex|par|[msg]
|move|p1a: Zygarde|Glare|p2a: Calyrex
|-status|p2a: Calyrex|par
|
|upkeep
|turn|28
|
|t:|1653500837
|move|p2a: Calyrex|Aromatherapy|p2a: Calyrex
|-activate|p2a: Calyrex|move: Aromatherapy
|-curestatus|p2a: Calyrex|par|[msg]
|move|p1a: Zygarde|Glare|p2a: Calyrex
|-status|p2a: Calyrex|par
|
|upkeep
|turn|29
|
|t:|1653500839
|move|p2a: Calyrex|Aromatherapy|p2a: Calyrex
|-activate|p2a: Calyrex|move: Aromatherapy
|-curestatus|p2a: Calyrex|par|[msg]
|move|p1a: Zygarde|Glare|p2a: Calyrex
|-status|p2a: Calyrex|par
|
|upkeep
|turn|30
|
|t:|1653500842
|move|p2a: Calyrex|Aromatherapy|p2a: Calyrex
|-activate|p2a: Calyrex|move: Aromatherapy
|-curestatus|p2a: Calyrex|par|[msg]
|move|p1a: Zygarde|Glare|p2a: Calyrex
|-status|p2a: Calyrex|par
|
|upkeep
|turn|31
|
|t:|1653500845
|cant|p2a: Calyrex|par
|move|p1a: Zygarde|Dragon Dance|p1a: Zygarde
|-boost|p1a: Zygarde|atk|1
|-boost|p1a: Zygarde|spe|1
|
|upkeep
|turn|32
|c|☆pkmn cypher 2013|gg
|c|☆ox084|gg
|-message|pkmn cypher 2013 forfeited.
|
|win|ox084
|player|p1|ox084|hugh
|player|p1|
