|inactive|Battle timer is ON: inactive players will automatically lose when time's up.
|t:|1645123356
|gametype|singles
|player|p1|Ballfire|#ndpl2crying|
|player|p2|sparksblade|clair|
|teamsize|p1|6
|teamsize|p2|6
|gen|8
|tier|[Gen 8] Ubers
|rule|Sleep Clause Mod: Limit one foe put to sleep
|rule|Species Clause: Limit one of each Pokémon
|rule|OHKO Clause: OHKO moves are banned
|rule|Evasion Moves Clause: Evasion moves are banned
|rule|Endless Battle Clause: Forcing endless battles is banned
|rule|HP Percentage Mod: HP is shown in percentages
|rule|Dynamax Clause: You cannot dynamax
|clearpoke
|poke|p1|Shuckle, F|
|poke|p1|Weavile, F|
|poke|p1|Yveltal|
|poke|p1|Calyrex-Shadow|
|poke|p1|Necrozma-Dusk-Mane|
|poke|p1|Zekrom|
|poke|p2|Kyogre|
|poke|p2|Giratina-Origin|
|poke|p2|Xerneas-*|
|poke|p2|Necrozma-Dusk-Mane|
|poke|p2|Yveltal|
|poke|p2|Ditto|
|teampreview
|inactive|Ballfire also wants the timer to be on.
|c|☆sparksblade|oh
|c|☆sparksblade|it changed my team again
|c|☆Ballfire|hf
|c|☆sparksblade|rip
|c|☆sparksblade|hf
|c|☆Ballfire|ip
|c|☆Ballfire|rip
|c|☆sparksblade|yo i sent shuckle in on webs
|c|☆sparksblade|does it stay -1
|inactive|Ballfire has 270 seconds left.
|inactive|sparksblade has 270 seconds left.
|c|☆sparksblade|*if i
|c|☆Ballfire|you mean ditto?
|c|☆sparksblade|y ditto
|inactive|sparksblade has 240 seconds left.
|c|☆sparksblade|why'd i say shuckle
|c|☆Ballfire|no ditto becomes fast like brrrr
|c|☆sparksblade|oml
|c|☆sparksblade|ditto becomes brrrrito
|c|☆sparksblade|ty
|inactive|sparksblade has 210 seconds left.
|c|☆Ballfire|cause it changes to the speed stage of the mon it copies
|
|t:|1645123457
|start
|switch|p1a: Shuckle|Shuckle, F|100/100
|switch|p2a: Necrozma|Necrozma-Dusk-Mane|100/100
|turn|1
|
|t:|1645123466
|move|p2a: Necrozma|Stealth Rock|p1a: Shuckle
|-sidestart|p1: Ballfire|move: Stealth Rock
|move|p1a: Shuckle|Sticky Web|p2a: Necrozma
|-sidestart|p2: sparksblade|move: Sticky Web
|
|upkeep
|turn|2
|inactive|sparksblade has 270 seconds left.
|
|t:|1645123474
|move|p2a: Necrozma|Sunsteel Strike|p1a: Shuckle
|-supereffective|p1a: Shuckle
|-damage|p1a: Shuckle|37/100
|-enditem|p1a: Shuckle|Red Card|[of] p2a: Necrozma
|drag|p2a: Giratina|Giratina-Origin|100/100
|move|p1a: Shuckle|Stealth Rock|p2a: Giratina
|-sidestart|p2: sparksblade|move: Stealth Rock
|
|upkeep
|turn|3
|inactive|sparksblade has 270 seconds left.
|
|t:|1645123484
|move|p2a: Giratina|Draco Meteor|p1a: Shuckle
|-damage|p1a: Shuckle|3/100
|-unboost|p2a: Giratina|spa|2
|move|p1a: Shuckle|Sticky Web||[still]
|-fail|p1a: Shuckle
|
|upkeep
|turn|4
|inactive|sparksblade has 270 seconds left.
|inactive|Ballfire disconnected and has 300 seconds to reconnect!
|player|p1|
|c|☆sparksblade|noooo come back
|inactive|Ballfire reconnected and has 290 seconds left.
|player|p1|Ballfire|#ndpl2crying
|
|t:|1645123510
|move|p2a: Giratina|Draco Meteor|p1a: Shuckle
|-damage|p1a: Shuckle|0 fnt
|-unboost|p2a: Giratina|spa|2
|faint|p1a: Shuckle
|
|upkeep
|c|☆Ballfire|ok
|c|☆Ballfire|because its you
|inactive|Ballfire has 270 seconds left.
|c|☆sparksblade|:o
|
|t:|1645123537
|switch|p1a: Yveltal|Yveltal|100/100
|-damage|p1a: Yveltal|76/100|[from] Stealth Rock
|-ability|p1a: Yveltal|Dark Aura
|turn|5
|inactive|sparksblade has 270 seconds left.
|inactive|sparksblade has 240 seconds left.
|
|t:|1645123600
|switch|p2a: Xerneas|Xerneas|100/100
|-damage|p2a: Xerneas|88/100|[from] Stealth Rock
|-activate|p2a: Xerneas|move: Sticky Web
|-unboost|p2a: Xerneas|spe|1
|-ability|p2a: Xerneas|Fairy Aura
|move|p1a: Yveltal|Dark Pulse|p2a: Xerneas
|-resisted|p2a: Xerneas
|-damage|p2a: Xerneas|63/100
|-damage|p1a: Yveltal|66/100|[from] item: Life Orb
|
|upkeep
|turn|6
|inactive|Ballfire has 270 seconds left.
|
|t:|1645123616
|move|p1a: Yveltal|Taunt|p2a: Xerneas
|-start|p2a: Xerneas|move: Taunt
|move|p2a: Xerneas|Moonblast|p1a: Yveltal
|-supereffective|p1a: Yveltal
|-crit|p1a: Yveltal
|-damage|p1a: Yveltal|0 fnt
|faint|p1a: Yveltal
|
|upkeep
|inactive|Ballfire has 270 seconds left.
|
|t:|1645123625
|switch|p1a: Necrozma|Necrozma-Dusk-Mane|100/100
|-damage|p1a: Necrozma|94/100|[from] Stealth Rock
|turn|7
|inactive|sparksblade has 240 seconds left.
|
|t:|1645123642
|switch|p2a: Giratina|Giratina-Origin|100/100
|-damage|p2a: Giratina|88/100|[from] Stealth Rock
|move|p1a: Necrozma|Dragon Dance|p1a: Necrozma
|-boost|p1a: Necrozma|atk|1
|-boost|p1a: Necrozma|spe|1
|
|upkeep
|turn|8
|
|t:|1645123647
|move|p1a: Necrozma|Sunsteel Strike|p2a: Giratina
|-damage|p2a: Giratina|0 fnt
|faint|p2a: Giratina
|-damage|p1a: Necrozma|84/100|[from] item: Life Orb
|
|upkeep
|inactive|sparksblade has 240 seconds left.
|c|☆Ballfire|ouch
|c|☆sparksblade|oh no
|inactive|sparksblade has 210 seconds left.
|inactive|sparksblade has 180 seconds left.
|
|t:|1645123738
|switch|p2a: Ditto|Ditto|100/100
|-damage|p2a: Ditto|88/100|[from] Stealth Rock
|-activate|p2a: Ditto|move: Sticky Web
|-unboost|p2a: Ditto|spe|1
|-transform|p2a: Ditto|p1a: Necrozma|[from] ability: Imposter
|turn|9
|inactive|sparksblade has 150 seconds left.
|
|t:|1645123765
|switch|p2a: Xerneas|Xerneas|63/100
|-activate|p2a: Xerneas|move: Sticky Web
|-unboost|p2a: Xerneas|spe|1
|-damage|p2a: Xerneas|50/100|[from] Stealth Rock
|-ability|p2a: Xerneas|Fairy Aura
|-enditem|p2a: Xerneas|Sitrus Berry|[eat]
|-heal|p2a: Xerneas|75/100|[from] item: Sitrus Berry
|move|p1a: Necrozma|Knock Off|p2a: Xerneas
|-resisted|p2a: Xerneas
|-damage|p2a: Xerneas|60/100
|-damage|p1a: Necrozma|75/100|[from] item: Life Orb
|
|upkeep
|turn|10
|
|t:|1645123772
|move|p1a: Necrozma|Sunsteel Strike|p2a: Xerneas
|-supereffective|p2a: Xerneas
|-damage|p2a: Xerneas|0 fnt
|faint|p2a: Xerneas
|-damage|p1a: Necrozma|65/100|[from] item: Life Orb
|
|upkeep
|
|t:|1645123775
|switch|p2a: Ditto|Ditto|88/100
|-damage|p2a: Ditto|76/100|[from] Stealth Rock
|-activate|p2a: Ditto|move: Sticky Web
|-unboost|p2a: Ditto|spe|1
|-transform|p2a: Ditto|p1a: Necrozma|[from] ability: Imposter
|turn|11
|
|t:|1645123782
|move|p2a: Ditto|Knock Off|p1a: Necrozma
|-supereffective|p1a: Necrozma
|-damage|p1a: Necrozma|0 fnt
|-enditem|p1a: Necrozma|Life Orb|[from] move: Knock Off|[of] p2a: Ditto
|faint|p1a: Necrozma
|
|upkeep
|
|t:|1645123788
|switch|p1a: Weavile|Weavile, F|100/100
|-damage|p1a: Weavile|76/100|[from] Stealth Rock
|-ability|p1a: Weavile|Pressure
|turn|12
|inactive|sparksblade has 150 seconds left.
|
|t:|1645123824
|switch|p2a: Kyogre|Kyogre|100/100
|-damage|p2a: Kyogre|88/100|[from] Stealth Rock
|-activate|p2a: Kyogre|move: Sticky Web
|-unboost|p2a: Kyogre|spe|1
|-weather|RainDance|[from] ability: Drizzle|[of] p2a: Kyogre
|move|p1a: Weavile|Knock Off|p2a: Kyogre
|-damage|p2a: Kyogre|27/100
|-enditem|p2a: Kyogre|Choice Specs|[from] move: Knock Off|[of] p1a: Weavile
|
|-weather|RainDance|[upkeep]
|upkeep
|turn|13
|inactive|sparksblade has 120 seconds left.
|
|t:|1645123863
|move|p1a: Weavile|Knock Off|p2a: Kyogre
|-damage|p2a: Kyogre|0 fnt
|faint|p2a: Kyogre
|
|-weather|RainDance|[upkeep]
|upkeep
|
|t:|1645123871
|switch|p2a: Necrozma|Necrozma-Dusk-Mane|100/100
|-activate|p2a: Necrozma|move: Sticky Web
|-unboost|p2a: Necrozma|spe|1
|-damage|p2a: Necrozma|94/100|[from] Stealth Rock
|turn|14
|
|t:|1645123887
|switch|p1a: Calyrex|Calyrex-Shadow|100/100
|-ability|p1a: Calyrex|As One
|-ability|p1a: Calyrex|Unnerve
|-damage|p1a: Calyrex|88/100|[from] Stealth Rock
|move|p2a: Necrozma|Sunsteel Strike|p1a: Calyrex
|-damage|p1a: Calyrex|23/100
|
|-weather|RainDance|[upkeep]
|-heal|p2a: Necrozma|100/100|[from] item: Leftovers
|upkeep
|turn|15
|inactive|sparksblade has 120 seconds left.
|inactive|sparksblade has 90 seconds left.
|
|t:|1645123950
|switch|p2a: Yveltal|Yveltal|100/100
|-ability|p2a: Yveltal|Dark Aura
|move|p1a: Calyrex|Astral Barrage|p2a: Yveltal
|-resisted|p2a: Yveltal
|-damage|p2a: Yveltal|77/100
|
|-weather|RainDance|[upkeep]
|upkeep
|turn|16
|
|t:|1645123957
|move|p1a: Calyrex|Draining Kiss|p2a: Yveltal
|-supereffective|p2a: Yveltal
|-damage|p2a: Yveltal|54/100
|-heal|p1a: Calyrex|46/100|[from] drain|[of] p2a: Yveltal
|move|p2a: Yveltal|Knock Off|p1a: Calyrex
|-supereffective|p1a: Calyrex
|-damage|p1a: Calyrex|0 fnt
|-enditem|p1a: Calyrex|Focus Sash|[from] move: Knock Off|[of] p2a: Yveltal
|faint|p1a: Calyrex
|
|-weather|none
|upkeep
|
|t:|1645123978
|switch|p1a: Weavile|Weavile, F|76/100
|-damage|p1a: Weavile|51/100|[from] Stealth Rock
|-ability|p1a: Weavile|Pressure
|turn|17
|
|t:|1645123990
|move|p1a: Weavile|Knock Off|p2a: Yveltal
|-resisted|p2a: Yveltal
|-damage|p2a: Yveltal|27/100
|-enditem|p2a: Yveltal|Heavy-Duty Boots|[from] move: Knock Off|[of] p1a: Weavile
|move|p2a: Yveltal|Knock Off|p1a: Weavile
|-resisted|p1a: Weavile
|-damage|p1a: Weavile|5/100
|-enditem|p1a: Weavile|Focus Sash|[from] move: Knock Off|[of] p2a: Yveltal
|
|upkeep
|turn|18
|
|t:|1645124002
|move|p1a: Weavile|Ice Shard|p2a: Yveltal
|-supereffective|p2a: Yveltal
|-crit|p2a: Yveltal
|-damage|p2a: Yveltal|0 fnt
|faint|p2a: Yveltal
|
|upkeep
|
|t:|1645124007
|switch|p2a: Ditto|Ditto|76/100
|-damage|p2a: Ditto|63/100|[from] Stealth Rock
|-activate|p2a: Ditto|move: Sticky Web
|-unboost|p2a: Ditto|spe|1
|-transform|p2a: Ditto|p1a: Weavile|[from] ability: Imposter
|-ability|p2a: Ditto|Pressure
|turn|19
|
|t:|1645124034
|move|p2a: Ditto|Triple Axel|p1a: Weavile
|-resisted|p1a: Weavile
|-damage|p1a: Weavile|0 fnt
|faint|p1a: Weavile
|-hitcount|p1: Weavile|1
|
|upkeep
|
|t:|1645124036
|switch|p1a: Zekrom|Zekrom|100/100
|-damage|p1a: Zekrom|88/100|[from] Stealth Rock
|-ability|p1a: Zekrom|Teravolt
|turn|20
|inactive|sparksblade has 60 seconds left.
|inactive|Ballfire has 270 seconds left.
|c|☆Ballfire|gg!
|c|☆sparksblade|how do i calculate
|c|☆sparksblade|2 hit axel
|inactive|sparksblade has 30 seconds left.
|c|☆Ballfire|just dont miss
|
|t:|1645124092
|switch|p2a: Necrozma|Necrozma-Dusk-Mane|100/100
|-damage|p2a: Necrozma|94/100|[from] Stealth Rock
|-activate|p2a: Necrozma|move: Sticky Web
|-unboost|p2a: Necrozma|spe|1
|move|p1a: Zekrom|Dragon Claw|p2a: Necrozma
|-resisted|p2a: Necrozma
|-damage|p2a: Necrozma|77/100
|
|-heal|p2a: Necrozma|83/100|[from] item: Leftovers
|upkeep
|turn|21
|c|☆sparksblade|no im coward
|inactive|sparksblade has 30 seconds left.
|
|t:|1645124100
|move|p1a: Zekrom|Bolt Strike|p2a: Necrozma
|-damage|p2a: Necrozma|26/100
|move|p2a: Necrozma|Knock Off|p1a: Zekrom
|-damage|p1a: Zekrom|61/100
|-enditem|p1a: Zekrom|Lum Berry|[from] move: Knock Off|[of] p2a: Necrozma
|
|-heal|p2a: Necrozma|32/100|[from] item: Leftovers
|upkeep
|turn|22
|
|t:|1645124105
|move|p1a: Zekrom|Bolt Strike|p2a: Necrozma
|-damage|p2a: Necrozma|0 fnt
|faint|p2a: Necrozma
|
|upkeep
|
|t:|1645124113
|switch|p2a: Ditto|Ditto|63/100
|-damage|p2a: Ditto|51/100|[from] Stealth Rock
|-activate|p2a: Ditto|move: Sticky Web
|-unboost|p2a: Ditto|spe|1
|-transform|p2a: Ditto|p1a: Zekrom|[from] ability: Imposter
|-ability|p2a: Ditto|Teravolt
|turn|23
|
|t:|1645124117
|move|p2a: Ditto|Dragon Claw|p1a: Zekrom
|-supereffective|p1a: Zekrom
|-damage|p1a: Zekrom|0 fnt
|faint|p1a: Zekrom
|
|win|sparksblade
|c|☆sparksblade|gg
|c|☆Ballfire|gg
