|inactive|Battle timer is ON: inactive players will automatically lose when time's up.
|t:|1655078678
|gametype|singles
|player|p1|Stallion|#wcop2021oceania|
|player|p2|Lopunny kicks|#splxiiscooters|
|teamsize|p1|6
|teamsize|p2|6
|gen|8
|tier|[Gen 8] Ubers
|rule|Sleep Clause Mod: Limit one foe put to sleep
|rule|Species Clause: Limit one of each Pokémon
|rule|OHKO Clause: OHKO moves are banned
|rule|Evasion Moves Clause: Evasion moves are banned
|rule|Endless Battle Clause: Forcing endless battles is banned
|rule|HP Percentage Mod: HP is shown in percentages
|rule|Dynamax Clause: You cannot dynamax
|clearpoke
|poke|p1|Aerodactyl, M|
|poke|p1|Yveltal|
|poke|p1|Necrozma-Dusk-Mane|
|poke|p1|Weavile, F|
|poke|p1|Xerneas-*|
|poke|p1|Eternatus|
|poke|p2|Xerneas-*|
|poke|p2|Zekrom|
|poke|p2|Necrozma-Dusk-Mane|
|poke|p2|Yveltal|
|poke|p2|Eternatus|
|poke|p2|Calyrex-Shadow|
|teampreview
|c|☆Lopunny kicks|hf
|c|☆Stallion|u2 mate
|c|+omicorio ☾|lets go punnyWOOOOO
|inactive|Stallion has 270 seconds left.
|inactive|Lopunny kicks has 270 seconds left.
|c|+Eledyr|lfgi stallion
|inactive|Lopunny kicks has 240 seconds left.
|c|+Perry|LETS MAKE IT RAIN BOYS
|
|t:|1655078751
|start
|switch|p1a: Aerodactyl|Aerodactyl, M|100/100
|switch|p2a: Necrozma|Necrozma-Dusk-Mane|100/100
|-ability|p1a: Aerodactyl|Pressure
|turn|1
|
|t:|1655078779
|move|p1a: Aerodactyl|Taunt|p2a: Necrozma
|-start|p2a: Necrozma|move: Taunt
|move|p2a: Necrozma|Iron Head|p1a: Aerodactyl
|-supereffective|p1a: Aerodactyl
|-enditem|p1a: Aerodactyl|Focus Sash
|-damage|p1a: Aerodactyl|1/100
|
|upkeep
|turn|2
|inactive|Lopunny kicks has 270 seconds left.
|c|+mncmt|perry qual dos dois eh do seu time
|inactive|Lopunny kicks has 240 seconds left.
|c|+Perry|stallion
|inactive|Lopunny kicks has 210 seconds left.
|
|t:|1655078854
|move|p1a: Aerodactyl|Stealth Rock|p2a: Necrozma
|-sidestart|p2: Lopunny kicks|move: Stealth Rock
|move|p2a: Necrozma|Iron Head|p1a: Aerodactyl
|-supereffective|p1a: Aerodactyl
|-crit|p1a: Aerodactyl
|-damage|p1a: Aerodactyl|0 fnt
|faint|p1a: Aerodactyl
|
|upkeep
|inactive|Stallion has 270 seconds left.
|inactive|Stallion has 240 seconds left.
|
|t:|1655078934
|switch|p1a: Yveltal|Yveltal|100/100
|-ability|p1a: Yveltal|Dark Aura
|turn|3
|inactive|Lopunny kicks has 210 seconds left.
|
|t:|1655078966
|switch|p2a: Eternatus|Eternatus|100/100
|-ability|p2a: Eternatus|Pressure
|move|p1a: Yveltal|Knock Off|p2a: Eternatus
|-damage|p2a: Eternatus|30/100
|-enditem|p2a: Eternatus|Heavy-Duty Boots|[from] move: Knock Off|[of] p1a: Yveltal
|-damage|p1a: Yveltal|91/100|[from] item: Life Orb
|
|upkeep
|turn|4
|inactive|Stallion has 210 seconds left.
|
|t:|1655078999
|switch|p1a: Eternatus|Eternatus|100/100
|-ability|p1a: Eternatus|Pressure
|move|p2a: Eternatus|Recover|p2a: Eternatus
|-heal|p2a: Eternatus|80/100
|
|upkeep
|turn|5
|inactive|Lopunny kicks has 180 seconds left.
|
|t:|1655079054
|switch|p1a: Necrozma|Necrozma-Dusk-Mane|100/100
|move|p2a: Eternatus|Dynamax Cannon|p1a: Necrozma
|-resisted|p1a: Necrozma
|-damage|p1a: Necrozma|78/100
|
|upkeep
|turn|6
|inactive|Stallion has 210 seconds left.
|inactive|Lopunny kicks has 150 seconds left.
|
|t:|1655079087
|switch|p2a: Yveltal|Yveltal|100/100
|-ability|p2a: Yveltal|Dark Aura
|move|p1a: Necrozma|Dragon Dance|p1a: Necrozma
|-boost|p1a: Necrozma|atk|1
|-boost|p1a: Necrozma|spe|1
|
|upkeep
|turn|7
|inactive|Stallion has 210 seconds left.
|
|t:|1655079111
|switch|p1a: Xerneas|Xerneas|100/100
|-ability|p1a: Xerneas|Fairy Aura
|move|p2a: Yveltal|Knock Off|p1a: Xerneas
|-resisted|p1a: Xerneas
|-damage|p1a: Xerneas|79/100
|-enditem|p1a: Xerneas|Power Herb|[from] move: Knock Off|[of] p2a: Yveltal
|
|upkeep
|turn|8
|inactive|Stallion has 210 seconds left.
|inactive|Lopunny kicks has 120 seconds left.
|inactive|Lopunny kicks has 90 seconds left.
|
|t:|1655079161
|switch|p1a: Yveltal|Yveltal|91/100
|-ability|p1a: Yveltal|Dark Aura
|move|p2a: Yveltal|U-turn|p1a: Yveltal
|-damage|p1a: Yveltal|70/100
|inactive|Lopunny kicks has 90 seconds left.
|
|t:|1655079177
|switch|p2a: Xerneas|Xerneas|100/100|[from]move: U-turn
|-damage|p2a: Xerneas|88/100|[from] Stealth Rock
|-ability|p2a: Xerneas|Fairy Aura
|
|upkeep
|turn|9
|inactive|Stallion has 210 seconds left.
|
|t:|1655079219
|switch|p1a: Eternatus|Eternatus|100/100
|-ability|p1a: Eternatus|Pressure
|move|p2a: Xerneas|Geomancy||[still]
|-prepare|p2a: Xerneas|Geomancy
|-enditem|p2a: Xerneas|Power Herb
|-anim|p2a: Xerneas|Geomancy|p2a: Xerneas
|-boost|p2a: Xerneas|spa|2
|-boost|p2a: Xerneas|spd|2
|-boost|p2a: Xerneas|spe|2
|
|upkeep
|turn|10
|
|t:|1655079227
|move|p2a: Xerneas|Moonblast|p1a: Eternatus
|-damage|p1a: Eternatus|0 fnt
|faint|p1a: Eternatus
|
|upkeep
|
|t:|1655079229
|switch|p1a: Necrozma|Necrozma-Dusk-Mane|78/100
|turn|11
|
|t:|1655079246
|move|p2a: Xerneas|Thunder|p1a: Necrozma|[miss]
|-miss|p2a: Xerneas|p1a: Necrozma
|move|p1a: Necrozma|Sunsteel Strike|p2a: Xerneas
|-supereffective|p2a: Xerneas
|-damage|p2a: Xerneas|0 fnt
|faint|p2a: Xerneas
|
|upkeep
|inactive|Lopunny kicks has 60 seconds left.
|
|t:|1655079278
|switch|p2a: Zekrom|Zekrom|100/100
|-damage|p2a: Zekrom|88/100|[from] Stealth Rock
|-ability|p2a: Zekrom|Teravolt
|turn|12
|inactive|Stallion has 210 seconds left.
|inactive|Stallion has 180 seconds left.
|
|t:|1655079327
|move|p2a: Zekrom|Bolt Strike|p1a: Necrozma
|-damage|p1a: Necrozma|17/100
|move|p1a: Necrozma|Earthquake|p2a: Zekrom
|-supereffective|p2a: Zekrom
|-damage|p2a: Zekrom|21/100
|
|-heal|p2a: Zekrom|27/100|[from] item: Leftovers
|upkeep
|turn|13
|inactive|Stallion has 180 seconds left.
|inactive|Lopunny kicks has 60 seconds left.
|
|t:|1655079344
|move|p2a: Zekrom|Dragon Claw|p1a: Necrozma
|-resisted|p1a: Necrozma
|-damage|p1a: Necrozma|0 fnt
|faint|p1a: Necrozma
|
|-heal|p2a: Zekrom|33/100|[from] item: Leftovers
|upkeep
|inactive|Stallion has 180 seconds left.
|inactive|Stallion has 150 seconds left.
|inactive|Stallion has 120 seconds left.
|
|t:|1655079426
|switch|p1a: Yveltal|Yveltal|70/100
|-ability|p1a: Yveltal|Dark Aura
|turn|14
|inactive|Lopunny kicks has 60 seconds left.
|
|t:|1655079432
|move|p1a: Yveltal|Knock Off|p2a: Zekrom
|-damage|p2a: Zekrom|0 fnt
|-enditem|p2a: Zekrom|Leftovers|[from] move: Knock Off|[of] p1a: Yveltal
|faint|p2a: Zekrom
|-damage|p1a: Yveltal|60/100|[from] item: Life Orb
|
|upkeep
|inactive|Lopunny kicks has 60 seconds left.
|
|t:|1655079441
|switch|p2a: Eternatus|Eternatus|80/100
|-damage|p2a: Eternatus|68/100|[from] Stealth Rock
|-ability|p2a: Eternatus|Pressure
|turn|15
|inactive|Stallion has 120 seconds left.
|inactive|Lopunny kicks has 60 seconds left.
|
|t:|1655079458
|switch|p1a: Xerneas|Xerneas|79/100
|-ability|p1a: Xerneas|Fairy Aura
|move|p2a: Eternatus|Mystical Fire|p1a: Xerneas
|-damage|p1a: Xerneas|58/100
|-unboost|p1a: Xerneas|spa|1
|
|upkeep
|turn|16
|inactive|Stallion has 120 seconds left.
|
|t:|1655079471
|move|p2a: Eternatus|Mystical Fire|p1a: Xerneas
|-damage|p1a: Xerneas|36/100
|-unboost|p1a: Xerneas|spa|1
|move|p1a: Xerneas|Moonblast|p2a: Eternatus
|-damage|p2a: Eternatus|45/100
|
|upkeep
|turn|17
|
|t:|1655079476
|move|p2a: Eternatus|Recover|p2a: Eternatus
|-heal|p2a: Eternatus|95/100
|move|p1a: Xerneas|Thunder|p2a: Eternatus
|-resisted|p2a: Eternatus
|-damage|p2a: Eternatus|88/100
|
|upkeep
|turn|18
|
|t:|1655079487
|switch|p2a: Necrozma|Necrozma-Dusk-Mane|100/100
|-damage|p2a: Necrozma|94/100|[from] Stealth Rock
|move|p1a: Xerneas|Thunder|p2a: Necrozma
|-damage|p2a: Necrozma|81/100
|-status|p2a: Necrozma|par
|
|-heal|p2a: Necrozma|87/100 par|[from] item: Leftovers
|upkeep
|turn|19
|inactive|Stallion has 120 seconds left.
|
|t:|1655079535
|switch|p1a: Yveltal|Yveltal|60/100
|-ability|p1a: Yveltal|Dark Aura
|cant|p2a: Necrozma|par
|
|-heal|p2a: Necrozma|93/100 par|[from] item: Leftovers
|upkeep
|turn|20
|inactive|Lopunny kicks has 90 seconds left.
|inactive|Stallion has 90 seconds left.
|inactive|Lopunny kicks has 60 seconds left.
|inactive|Stallion has 60 seconds left.
|
|t:|1655079590
|switch|p2a: Yveltal|Yveltal|100/100
|-ability|p2a: Yveltal|Dark Aura
|move|p1a: Yveltal|Taunt|p2a: Yveltal
|-start|p2a: Yveltal|move: Taunt
|
|upkeep
|turn|21
|inactive|Lopunny kicks has 60 seconds left.
|
|t:|1655079598
|move|p1a: Yveltal|Knock Off|p2a: Yveltal
|-resisted|p2a: Yveltal
|-crit|p2a: Yveltal
|-damage|p2a: Yveltal|49/100
|-enditem|p2a: Yveltal|Heavy-Duty Boots|[from] move: Knock Off|[of] p1a: Yveltal
|-damage|p1a: Yveltal|50/100|[from] item: Life Orb
|move|p2a: Yveltal|U-turn|p1a: Yveltal
|-damage|p1a: Yveltal|30/100
|inactive|Lopunny kicks has 60 seconds left.
|
|t:|1655079605
|switch|p2a: Eternatus|Eternatus|88/100|[from]move: U-turn
|-damage|p2a: Eternatus|76/100|[from] Stealth Rock
|-ability|p2a: Eternatus|Pressure
|
|upkeep
|turn|22
|inactive|Lopunny kicks has 60 seconds left.
|inactive|Stallion has 60 seconds left.
|inactive|Lopunny kicks has 30 seconds left.
|inactive|Stallion has 30 seconds left.
|
|t:|1655079664
|move|p1a: Yveltal|Sucker Punch||[still]
|-fail|p1a: Yveltal
|move|p2a: Eternatus|Recover|p2a: Eternatus
|-heal|p2a: Eternatus|100/100
|
|upkeep
|turn|23
|
|t:|1655079670
|move|p1a: Yveltal|Sucker Punch|p2a: Eternatus
|-damage|p2a: Eternatus|44/100
|-damage|p1a: Yveltal|20/100|[from] item: Life Orb
|move|p2a: Eternatus|Dynamax Cannon|p1a: Yveltal
|-damage|p1a: Yveltal|0 fnt
|faint|p1a: Yveltal
|
|upkeep
|
|t:|1655079677
|switch|p1a: Weavile|Weavile, F|100/100
|-ability|p1a: Weavile|Pressure
|turn|24
|inactive|Stallion has 30 seconds left.
|inactive|Stallion has 20 seconds left.
|inactive|Stallion has 15 seconds left.
|inactive|Stallion has 10 seconds left.
|
|t:|1655079719
|move|p2a: Eternatus|Mystical Fire|p1a: Weavile
|-supereffective|p1a: Weavile
|-damage|p1a: Weavile|32/100
|-unboost|p1a: Weavile|spa|1
|move|p1a: Weavile|Swords Dance|p1a: Weavile
|-boost|p1a: Weavile|atk|2
|
|upkeep
|turn|25
|inactive|Stallion has 20 seconds left this turn.
|
|t:|1655079722
|move|p1a: Weavile|Ice Shard|p2a: Eternatus
|-supereffective|p2a: Eternatus
|-damage|p2a: Eternatus|0 fnt
|faint|p2a: Eternatus
|
|upkeep
|inactive|Stallion has 25 seconds left this turn.
|c|☆Stallion|gg
|
|t:|1655079724
|switch|p2a: Calyrex|Calyrex-Shadow|100/100
|-ability|p2a: Calyrex|As One
|-ability|p2a: Calyrex|Unnerve
|-damage|p2a: Calyrex|88/100|[from] Stealth Rock
|turn|26
|c|☆Stallion|sorry team
|inactive|Stallion has 30 seconds left.
|c|☆Stallion|i suck
|inactive|Stallion has 20 seconds left.
|
|t:|1655079740
|move|p1a: Weavile|Ice Shard|p2a: Calyrex
|-damage|p2a: Calyrex|47/100
|move|p2a: Calyrex|Astral Barrage|p1a: Weavile
|-resisted|p1a: Weavile
|-damage|p1a: Weavile|0 fnt
|faint|p1a: Weavile
|-ability|p2a: Calyrex|Grim Neigh|boost
|-boost|p2a: Calyrex|spa|1
|
|-heal|p2a: Calyrex|53/100|[from] item: Leftovers
|upkeep
|inactive|Stallion has 25 seconds left this turn.
|inactive|Stallion has 20 seconds left.
|c|☆Lopunny kicks|gg
|-message|Stallion forfeited.
|
|win|Lopunny kicks
|inactive|Stallion has 25 seconds left this turn.
