|inactive|Battle timer is ON: inactive players will automatically lose when time's up.
|t:|1667577176
|gametype|singles
|player|p1|steel......SKITTY|#steelskitty|
|player|p2|ox04|red-gen7|
|teamsize|p1|6
|teamsize|p2|6
|gen|8
|tier|[Gen 8] Ubers
|rule|Sleep Clause Mod: Limit one foe put to sleep
|rule|Species Clause: Limit one of each Pokémon
|rule|OHKO Clause: OHKO moves are banned
|rule|Evasion Items Clause: Evasion items are banned
|rule|Evasion Moves Clause: Evasion moves are banned
|rule|Endless Battle Clause: Forcing endless battles is banned
|rule|HP Percentage Mod: HP is shown in percentages
|rule|Dynamax Clause: You cannot dynamax
|clearpoke
|poke|p1|Eternatus|
|poke|p1|Groudon|
|poke|p1|Necrozma-Dusk-Mane|
|poke|p1|Kyogre|
|poke|p1|Yveltal|
|poke|p1|Marshadow|
|poke|p2|Marshadow|
|poke|p2|Yveltal|
|poke|p2|Mewtwo|
|poke|p2|Calyrex-Shadow|
|poke|p2|Ho-Oh|
|poke|p2|Eternatus|
|teampreview
|c|☆ox04|glhf
|c|☆steel......SKITTY|you too
|inactive|steel......SKITTY has 270 seconds left.
|inactive|ox04 has 270 seconds left.
|c|+Inder|double ghost + m2
|c|+Inder|Wow.
|inactive|steel......SKITTY has 240 seconds left.
|inactive|steel......SKITTY has 210 seconds left.
|c|+Rhmsitb|we need mono ubers tour
|
|t:|1667577277
|start
|switch|p1a: Groudon|Groudon|100/100
|switch|p2a: Mewtwo|Mewtwo|100/100
|-ability|p2a: Mewtwo|Pressure
|-weather|SunnyDay|[from] ability: Drought|[of] p1a: Groudon
|turn|1
|
|t:|1667577285
|move|p2a: Mewtwo|Nasty Plot|p2a: Mewtwo
|-boost|p2a: Mewtwo|spa|2
|move|p1a: Groudon|Thunder Wave|p2a: Mewtwo
|-status|p2a: Mewtwo|par
|-enditem|p2a: Mewtwo|Lum Berry|[eat]
|-curestatus|p2a: Mewtwo|par|[msg]
|
|-weather|SunnyDay|[upkeep]
|upkeep
|turn|2
|inactive|steel......SKITTY has 270 seconds left.
|c|+Inder|I’ll win it for sure
|c|+Inder|mono ice never lost
|c|+Rhmsitb|vs fire?
|c|+Inder|still never lost.
|c|+Rhmsitb|oh
|c|+Hoennseptile|vs steel??
|inactive|steel......SKITTY has 240 seconds left.
|
|t:|1667577323
|switch|p1a: Kyogre|Kyogre|100/100
|-weather|RainDance|[from] ability: Drizzle|[of] p1a: Kyogre
|move|p2a: Mewtwo|Ice Beam|p1a: Kyogre
|-resisted|p1a: Kyogre
|-damage|p1a: Kyogre|78/100
|
|-weather|RainDance|[upkeep]
|-heal|p1a: Kyogre|84/100|[from] item: Leftovers
|upkeep
|turn|3
|c|+Inder|still is ez 
|c|+Rhmsitb|steel is best
|inactive|steel......SKITTY has 240 seconds left.
|
|t:|1667577348
|move|p2a: Mewtwo|Flamethrower|p1a: Kyogre
|-resisted|p1a: Kyogre
|-damage|p1a: Kyogre|73/100
|move|p1a: Kyogre|Scald|p2a: Mewtwo
|-damage|p2a: Mewtwo|38/100
|-status|p2a: Mewtwo|brn
|
|-weather|RainDance|[upkeep]
|-heal|p1a: Kyogre|79/100|[from] item: Leftovers
|-damage|p2a: Mewtwo|32/100 brn|[from] brn
|upkeep
|turn|4
|
|t:|1667577360
|move|p2a: Mewtwo|Flamethrower|p1a: Kyogre
|-resisted|p1a: Kyogre
|-damage|p1a: Kyogre|68/100
|move|p1a: Kyogre|Scald|p2a: Mewtwo
|-damage|p2a: Mewtwo|0 fnt
|faint|p2a: Mewtwo
|
|-weather|RainDance|[upkeep]
|-heal|p1a: Kyogre|74/100|[from] item: Leftovers
|upkeep
|
|t:|1667577366
|switch|p2a: Marshadow|Marshadow|100/100
|turn|5
|c|☆ox04|oops
|c|+Inder|dam’
|inactive|ox04 has 270 seconds left.
|c|+Inder|steels balls
|
|t:|1667577408
|switch|p2a: Eternatus|Eternatus|100/100
|-ability|p2a: Eternatus|Pressure
|move|p1a: Kyogre|Scald|p2a: Eternatus
|-resisted|p2a: Eternatus
|-damage|p2a: Eternatus|83/100
|
|-weather|RainDance|[upkeep]
|-heal|p1a: Kyogre|80/100|[from] item: Leftovers
|upkeep
|turn|6
|c|☆steel......SKITTY|[trans woman joke]
|
|t:|1667577417
|switch|p1a: Necrozma|Necrozma-Dusk-Mane|100/100
|move|p2a: Eternatus|Dynamax Cannon|p1a: Necrozma
|-resisted|p1a: Necrozma
|-damage|p1a: Necrozma|86/100
|
|-weather|none
|upkeep
|turn|7
|
|t:|1667577420
|switch|p2a: Ho-Oh|Ho-Oh|100/100
|move|p1a: Necrozma|Thunder Wave|p2a: Ho-Oh
|-status|p2a: Ho-Oh|par
|
|upkeep
|turn|8
|
|t:|1667577424
|move|p1a: Necrozma|Knock Off|p2a: Ho-Oh
|-damage|p2a: Ho-Oh|71/100 par
|-enditem|p2a: Ho-Oh|Heavy-Duty Boots|[from] move: Knock Off|[of] p1a: Necrozma
|move|p2a: Ho-Oh|Thunder Wave|p1a: Necrozma
|-status|p1a: Necrozma|par
|
|upkeep
|turn|9
|
|t:|1667577431
|switch|p1a: Groudon|Groudon|100/100
|-weather|SunnyDay|[from] ability: Drought|[of] p1a: Groudon
|move|p2a: Ho-Oh|Sacred Fire|p1a: Groudon
|-damage|p1a: Groudon|57/100
|-status|p1a: Groudon|brn
|
|-weather|SunnyDay|[upkeep]
|-heal|p1a: Groudon|63/100 brn|[from] item: Leftovers
|-damage|p1a: Groudon|57/100 brn|[from] brn
|upkeep
|turn|10
|
|t:|1667577440
|move|p1a: Groudon|Stealth Rock|p2a: Ho-Oh
|-sidestart|p2: ox04|move: Stealth Rock
|cant|p2a: Ho-Oh|par
|
|-weather|SunnyDay|[upkeep]
|-heal|p1a: Groudon|63/100 brn|[from] item: Leftovers
|-damage|p1a: Groudon|57/100 brn|[from] brn
|upkeep
|turn|11
|
|t:|1667577448
|switch|p2a: Yveltal|Yveltal, shiny|100/100
|-damage|p2a: Yveltal|76/100|[from] Stealth Rock
|-ability|p2a: Yveltal|Dark Aura
|move|p1a: Groudon|Stone Edge|p2a: Yveltal
|-supereffective|p2a: Yveltal
|-damage|p2a: Yveltal|45/100
|
|-weather|SunnyDay|[upkeep]
|-heal|p1a: Groudon|63/100 brn|[from] item: Leftovers
|-damage|p1a: Groudon|57/100 brn|[from] brn
|upkeep
|turn|12
|
|t:|1667577454
|move|p2a: Yveltal|Oblivion Wing|p1a: Groudon
|-damage|p1a: Groudon|4/100 brn
|-heal|p2a: Yveltal|86/100|[from] drain|[of] p1a: Groudon
|-damage|p2a: Yveltal|76/100|[from] item: Life Orb
|move|p1a: Groudon|Thunder Wave|p2a: Yveltal
|-status|p2a: Yveltal|par
|
|-weather|SunnyDay|[upkeep]
|-heal|p1a: Groudon|11/100 brn|[from] item: Leftovers
|-damage|p1a: Groudon|4/100 brn|[from] brn
|upkeep
|turn|13
|c|☆ox04|went for defog too
|c|☆steel......SKITTY|so i just rock again?
|c|☆steel......SKITTY|how does that matter
|inactive|steel......SKITTY has 270 seconds left.
|
|t:|1667577486
|switch|p1a: Yveltal|Yveltal|100/100
|-ability|p1a: Yveltal|Dark Aura
|cant|p2a: Yveltal|par
|
|-weather|none
|upkeep
|turn|14
|c|☆ox04|actually good point
|
|t:|1667577490
|move|p1a: Yveltal|Knock Off|p2a: Yveltal
|-resisted|p2a: Yveltal
|-damage|p2a: Yveltal|50/100 par
|-enditem|p2a: Yveltal|Life Orb|[from] move: Knock Off|[of] p1a: Yveltal
|move|p2a: Yveltal|Oblivion Wing|p1a: Yveltal
|-damage|p1a: Yveltal|70/100
|-heal|p2a: Yveltal|76/100 par|[from] drain|[of] p1a: Yveltal
|
|upkeep
|turn|15
|
|t:|1667577494
|move|p1a: Yveltal|Taunt|p2a: Yveltal
|-start|p2a: Yveltal|move: Taunt
|move|p2a: Yveltal|Oblivion Wing|p1a: Yveltal
|-damage|p1a: Yveltal|37/100
|-heal|p2a: Yveltal|100/100 par|[from] drain|[of] p1a: Yveltal
|
|upkeep
|turn|16
|
|t:|1667577504
|move|p1a: Yveltal|Roost|p1a: Yveltal
|-heal|p1a: Yveltal|87/100
|-singleturn|p1a: Yveltal|move: Roost
|move|p2a: Yveltal|Oblivion Wing|p1a: Yveltal
|-damage|p1a: Yveltal|56/100
|
|upkeep
|turn|17
|
|t:|1667577509
|move|p1a: Yveltal|Roost|p1a: Yveltal
|-heal|p1a: Yveltal|100/100
|-singleturn|p1a: Yveltal|move: Roost
|move|p2a: Yveltal|Dark Pulse|p1a: Yveltal
|-resisted|p1a: Yveltal
|-damage|p1a: Yveltal|80/100
|
|-end|p2a: Yveltal|move: Taunt
|upkeep
|turn|18
|
|t:|1667577512
|move|p1a: Yveltal|Taunt|p2a: Yveltal
|-start|p2a: Yveltal|move: Taunt
|cant|p2a: Yveltal|move: Taunt|Taunt
|
|upkeep
|turn|19
|
|t:|1667577515
|move|p1a: Yveltal|Knock Off|p2a: Yveltal
|-resisted|p2a: Yveltal
|-damage|p2a: Yveltal|84/100 par
|cant|p2a: Yveltal|par
|
|upkeep
|turn|20
|
|t:|1667577517
|move|p1a: Yveltal|Knock Off|p2a: Yveltal
|-resisted|p2a: Yveltal
|-damage|p2a: Yveltal|67/100 par
|move|p2a: Yveltal|Dark Pulse|p1a: Yveltal
|-resisted|p1a: Yveltal
|-damage|p1a: Yveltal|60/100
|
|-end|p2a: Yveltal|move: Taunt
|upkeep
|turn|21
|
|t:|1667577522
|move|p1a: Yveltal|Roost|p1a: Yveltal
|-heal|p1a: Yveltal|100/100
|-singleturn|p1a: Yveltal|move: Roost
|move|p2a: Yveltal|Taunt|p1a: Yveltal
|-start|p1a: Yveltal|move: Taunt
|
|upkeep
|turn|22
|
|t:|1667577525
|move|p1a: Yveltal|Knock Off|p2a: Yveltal
|-resisted|p2a: Yveltal
|-damage|p2a: Yveltal|51/100 par
|move|p2a: Yveltal|Oblivion Wing|p1a: Yveltal
|-damage|p1a: Yveltal|67/100
|-heal|p2a: Yveltal|79/100 par|[from] drain|[of] p1a: Yveltal
|
|upkeep
|turn|23
|
|t:|1667577528
|move|p1a: Yveltal|Knock Off|p2a: Yveltal
|-resisted|p2a: Yveltal
|-damage|p2a: Yveltal|63/100 par
|move|p2a: Yveltal|Oblivion Wing|p1a: Yveltal
|-damage|p1a: Yveltal|35/100
|-heal|p2a: Yveltal|91/100 par|[from] drain|[of] p1a: Yveltal
|
|upkeep
|turn|24
|
|t:|1667577532
|switch|p2a: Eternatus|Eternatus|83/100
|-damage|p2a: Eternatus|70/100|[from] Stealth Rock
|-ability|p2a: Eternatus|Pressure
|move|p1a: Yveltal|Knock Off|p2a: Eternatus
|-damage|p2a: Eternatus|30/100
|-enditem|p2a: Eternatus|Shed Shell|[from] move: Knock Off|[of] p1a: Yveltal
|
|-end|p1a: Yveltal|move: Taunt
|upkeep
|turn|25
|c|☆steel......SKITTY|for what
|c|☆ox04|caly I think
|c|☆steel......SKITTY|huh
|
|t:|1667577559
|switch|p1a: Necrozma|Necrozma-Dusk-Mane|86/100 par
|move|p2a: Eternatus|Dynamax Cannon|p1a: Necrozma
|-resisted|p1a: Necrozma
|-damage|p1a: Necrozma|71/100 par
|
|upkeep
|turn|26
|
|t:|1667577566
|switch|p1a: Kyogre|Kyogre|80/100
|-weather|RainDance|[from] ability: Drizzle|[of] p1a: Kyogre
|move|p2a: Eternatus|Recover|p2a: Eternatus
|-heal|p2a: Eternatus|80/100
|
|-weather|RainDance|[upkeep]
|-heal|p1a: Kyogre|87/100|[from] item: Leftovers
|upkeep
|turn|27
|
|t:|1667577569
|move|p2a: Eternatus|Toxic|p1a: Kyogre
|-status|p1a: Kyogre|tox
|move|p1a: Kyogre|Calm Mind|p1a: Kyogre
|-boost|p1a: Kyogre|spa|1
|-boost|p1a: Kyogre|spd|1
|
|-weather|RainDance|[upkeep]
|-heal|p1a: Kyogre|93/100 tox|[from] item: Leftovers
|-damage|p1a: Kyogre|87/100 tox|[from] psn
|upkeep
|turn|28
|c|☆ox04|yea you would
|
|t:|1667577574
|move|p2a: Eternatus|Mystical Fire|p1a: Kyogre
|-resisted|p1a: Kyogre
|-damage|p1a: Kyogre|84/100 tox
|-unboost|p1a: Kyogre|spa|1
|move|p1a: Kyogre|Scald|p2a: Eternatus
|-resisted|p2a: Eternatus
|-damage|p2a: Eternatus|62/100
|
|-weather|RainDance|[upkeep]
|-heal|p1a: Kyogre|91/100 tox|[from] item: Leftovers
|-damage|p1a: Kyogre|78/100 tox|[from] psn
|upkeep
|turn|29
|
|t:|1667577578
|move|p2a: Eternatus|Recover|p2a: Eternatus
|-heal|p2a: Eternatus|100/100
|move|p1a: Kyogre|Rest|p1a: Kyogre
|-status|p1a: Kyogre|slp|[from] move: Rest
|-heal|p1a: Kyogre|100/100 slp|[silent]
|
|-weather|RainDance|[upkeep]
|upkeep
|turn|30
|
|t:|1667577584
|switch|p2a: Calyrex|Calyrex-Shadow|100/100
|-ability|p2a: Calyrex|As One
|-ability|p2a: Calyrex|Unnerve
|-damage|p2a: Calyrex|88/100|[from] Stealth Rock
|cant|p1a: Kyogre|slp
|move|p1a: Kyogre|Sleep Talk|p1a: Kyogre
|move|p1a: Kyogre|Rest||[from]move: Sleep Talk|[still]
|-fail|p1a: Kyogre
|
|-weather|none
|upkeep
|turn|31
|
|t:|1667577590
|move|p2a: Calyrex|Trick|p1a: Kyogre
|-activate|p2a: Calyrex|move: Trick|[of] p1a: Kyogre
|-item|p1a: Kyogre|Choice Scarf|[from] move: Trick
|-item|p2a: Calyrex|Leftovers|[from] move: Trick
|cant|p1a: Kyogre|slp
|move|p1a: Kyogre|Sleep Talk|p1a: Kyogre
|move|p1a: Kyogre|Rest||[from]move: Sleep Talk|[still]
|-fail|p1a: Kyogre
|
|-heal|p2a: Calyrex|94/100|[from] item: Leftovers
|upkeep
|turn|32
|
|t:|1667577596
|switch|p1a: Groudon|Groudon|4/100 brn
|-weather|SunnyDay|[from] ability: Drought|[of] p1a: Groudon
|move|p2a: Calyrex|Astral Barrage|p1a: Groudon
|-damage|p1a: Groudon|0 fnt
|faint|p1a: Groudon
|-ability|p2a: Calyrex|Grim Neigh|boost
|-boost|p2a: Calyrex|spa|1
|
|-weather|SunnyDay|[upkeep]
|-heal|p2a: Calyrex|100/100|[from] item: Leftovers
|upkeep
|
|t:|1667577599
|switch|p1a: Marshadow|Marshadow|100/100
|turn|33
|
|t:|1667577607
|switch|p2a: Eternatus|Eternatus|100/100
|-damage|p2a: Eternatus|88/100|[from] Stealth Rock
|-ability|p2a: Eternatus|Pressure
|move|p1a: Marshadow|Shadow Sneak|p2a: Eternatus
|-damage|p2a: Eternatus|61/100
|
|-weather|SunnyDay|[upkeep]
|upkeep
|turn|34
|
|t:|1667577613
|switch|p1a: Kyogre|Kyogre|100/100 slp
|-weather|RainDance|[from] ability: Drizzle|[of] p1a: Kyogre
|move|p2a: Eternatus|Recover|p2a: Eternatus
|-heal|p2a: Eternatus|100/100
|
|-weather|RainDance|[upkeep]
|upkeep
|turn|35
|
|t:|1667577617
|-curestatus|p1a: Kyogre|slp|[msg]
|move|p1a: Kyogre|Scald|p2a: Eternatus
|-resisted|p2a: Eternatus
|-damage|p2a: Eternatus|83/100
|move|p2a: Eternatus|Dynamax Cannon|p1a: Kyogre
|-damage|p1a: Kyogre|70/100
|
|-weather|RainDance|[upkeep]
|upkeep
|turn|36
|
|t:|1667577620
|move|p1a: Kyogre|Scald|p2a: Eternatus
|-resisted|p2a: Eternatus
|-damage|p2a: Eternatus|67/100
|move|p2a: Eternatus|Toxic|p1a: Kyogre
|-status|p1a: Kyogre|tox
|
|-weather|RainDance|[upkeep]
|-damage|p1a: Kyogre|64/100 tox|[from] psn
|upkeep
|turn|37
|
|t:|1667577622
|move|p1a: Kyogre|Scald|p2a: Eternatus
|-resisted|p2a: Eternatus
|-damage|p2a: Eternatus|50/100
|move|p2a: Eternatus|Recover|p2a: Eternatus
|-heal|p2a: Eternatus|99/100
|
|-weather|RainDance|[upkeep]
|-damage|p1a: Kyogre|52/100 tox|[from] psn
|upkeep
|turn|38
|
|t:|1667577627
|switch|p1a: Necrozma|Necrozma-Dusk-Mane|71/100 par
|move|p2a: Eternatus|Toxic||[still]
|-fail|p2a: Eternatus
|
|-weather|none
|upkeep
|turn|39
|
|t:|1667577633
|switch|p2a: Ho-Oh|Ho-Oh|100/100 par
|-damage|p2a: Ho-Oh|51/100 par|[from] Stealth Rock
|switch|p1a: Eternatus|Eternatus|100/100
|-ability|p1a: Eternatus|Pressure
|
|upkeep
|turn|40
|
|t:|1667577637
|move|p1a: Eternatus|Meteor Beam||[still]
|-prepare|p1a: Eternatus|Meteor Beam
|-boost|p1a: Eternatus|spa|1
|-enditem|p1a: Eternatus|Power Herb
|-anim|p1a: Eternatus|Meteor Beam|p2a: Ho-Oh
|-supereffective|p2a: Ho-Oh
|-damage|p2a: Ho-Oh|0 fnt
|faint|p2a: Ho-Oh
|
|upkeep
|
|t:|1667577641
|switch|p2a: Calyrex|Calyrex-Shadow|100/100
|-ability|p2a: Calyrex|As One
|-ability|p2a: Calyrex|Unnerve
|-damage|p2a: Calyrex|88/100|[from] Stealth Rock
|turn|41
|inactive|steel......SKITTY has 270 seconds left.
|
|t:|1667577675
|switch|p1a: Kyogre|Kyogre|52/100 tox
|-weather|RainDance|[from] ability: Drizzle|[of] p1a: Kyogre
|move|p2a: Calyrex|Astral Barrage|p1a: Kyogre
|-damage|p1a: Kyogre|5/100 tox
|
|-weather|RainDance|[upkeep]
|-heal|p2a: Calyrex|94/100|[from] item: Leftovers
|-damage|p1a: Kyogre|0 fnt|[from] psn
|faint|p1a: Kyogre
|upkeep
|
|t:|1667577679
|switch|p1a: Marshadow|Marshadow|100/100
|turn|42
|
|t:|1667577689
|switch|p2a: Eternatus|Eternatus|99/100
|-damage|p2a: Eternatus|87/100|[from] Stealth Rock
|-ability|p2a: Eternatus|Pressure
|move|p1a: Marshadow|Shadow Sneak|p2a: Eternatus
|-damage|p2a: Eternatus|61/100
|
|-weather|RainDance|[upkeep]
|upkeep
|turn|43
|
|t:|1667577698
|move|p1a: Marshadow|Bulk Up|p1a: Marshadow
|-boost|p1a: Marshadow|atk|1
|-boost|p1a: Marshadow|def|1
|move|p2a: Eternatus|Recover|p2a: Eternatus
|-heal|p2a: Eternatus|100/100
|
|-weather|RainDance|[upkeep]
|upkeep
|turn|44
|inactive|steel......SKITTY has 270 seconds left.
|
|t:|1667577731
|switch|p1a: Necrozma|Necrozma-Dusk-Mane|71/100 par
|move|p2a: Eternatus|Toxic||[still]
|-fail|p2a: Eternatus
|
|-weather|RainDance|[upkeep]
|upkeep
|turn|45
|inactive|steel......SKITTY has 270 seconds left.
|c|☆ox04|I built this for you btw :)
|c|☆steel......SKITTY|that's odd
|c|☆ox04|I mean not to ct you
|c|☆ox04|just to honour the occasion
|
|t:|1667577757
|switch|p2a: Yveltal|Yveltal, shiny|91/100 par
|-damage|p2a: Yveltal|66/100 par|[from] Stealth Rock
|-ability|p2a: Yveltal|Dark Aura
|move|p1a: Necrozma|Iron Head|p2a: Yveltal
|-damage|p2a: Yveltal|28/100 par
|
|-weather|none
|upkeep
|turn|46
|c|☆steel......SKITTY|i appreciate that
|
|t:|1667577764
|switch|p1a: Yveltal|Yveltal|35/100
|-ability|p1a: Yveltal|Dark Aura
|move|p2a: Yveltal|Dark Pulse|p1a: Yveltal
|-resisted|p1a: Yveltal
|-damage|p1a: Yveltal|15/100
|
|upkeep
|turn|47
|
|t:|1667577768
|switch|p2a: Marshadow|Marshadow|100/100
|-damage|p2a: Marshadow|94/100|[from] Stealth Rock
|move|p1a: Yveltal|Roost|p1a: Yveltal
|-heal|p1a: Yveltal|65/100
|-singleturn|p1a: Yveltal|move: Roost
|
|upkeep
|turn|48
|inactive|steel......SKITTY has 270 seconds left.
|c|☆ox04|I forgot about this lol
|
|t:|1667577777
|switch|p1a: Eternatus|Eternatus|100/100
|-ability|p1a: Eternatus|Pressure
|move|p2a: Marshadow|Low Kick|p1a: Eternatus
|-resisted|p1a: Eternatus
|-crit|p1a: Eternatus
|-damage|p1a: Eternatus|54/100
|-damage|p2a: Marshadow|84/100|[from] item: Life Orb
|
|upkeep
|turn|49
|c|☆ox04|I should n+concentrate
|c|☆ox04|and sorry
|c|☆ox04|and how did I type n+
|c|☆ox04|like
|
|t:|1667577796
|move|p1a: Eternatus|Recover|p1a: Eternatus
|-heal|p1a: Eternatus|100/100
|move|p2a: Marshadow|Spectral Thief|p1a: Eternatus
|-damage|p1a: Eternatus|53/100
|-damage|p2a: Marshadow|74/100|[from] item: Life Orb
|
|upkeep
|turn|50
|c|☆steel......SKITTY|yea not sure
|c|☆steel......SKITTY|maybe your keyboard is different somehow
|
|t:|1667577807
|switch|p2a: Calyrex|Calyrex-Shadow|94/100
|-ability|p2a: Calyrex|As One
|-ability|p2a: Calyrex|Unnerve
|-damage|p2a: Calyrex|82/100|[from] Stealth Rock
|move|p1a: Eternatus|Recover|p1a: Eternatus
|-heal|p1a: Eternatus|100/100
|
|-heal|p2a: Calyrex|88/100|[from] item: Leftovers
|upkeep
|turn|51
|c|☆ox04|yea I mean it's croatian
|c|☆steel......SKITTY|right
|c|☆ox04|but I'm still confused
|inactive|steel......SKITTY has 270 seconds left.
|
|t:|1667577835
|switch|p1a: Yveltal|Yveltal|65/100
|-ability|p1a: Yveltal|Dark Aura
|move|p2a: Calyrex|Will-O-Wisp|p1a: Yveltal
|-status|p1a: Yveltal|brn
|
|-heal|p2a: Calyrex|94/100|[from] item: Leftovers
|-damage|p1a: Yveltal|59/100 brn|[from] brn
|upkeep
|turn|52
|c|☆steel......SKITTY|interesting
|inactive|steel......SKITTY has 270 seconds left.
|
|t:|1667577842
|switch|p2a: Eternatus|Eternatus|100/100
|-damage|p2a: Eternatus|88/100|[from] Stealth Rock
|-ability|p2a: Eternatus|Pressure
|move|p1a: Yveltal|Roost|p1a: Yveltal
|-heal|p1a: Yveltal|100/100 brn
|-singleturn|p1a: Yveltal|move: Roost
|
|-damage|p1a: Yveltal|94/100 brn|[from] brn
|upkeep
|turn|53
|
|t:|1667577851
|switch|p2a: Marshadow|Marshadow|74/100
|-damage|p2a: Marshadow|68/100|[from] Stealth Rock
|switch|p1a: Necrozma|Necrozma-Dusk-Mane|71/100 par
|
|upkeep
|turn|54
|
|t:|1667577853
|switch|p1a: Eternatus|Eternatus|100/100
|-ability|p1a: Eternatus|Pressure
|move|p2a: Marshadow|Bulk Up|p2a: Marshadow
|-boost|p2a: Marshadow|atk|1
|-boost|p2a: Marshadow|def|1
|
|upkeep
|turn|55
|
|t:|1667577857
|move|p1a: Eternatus|Dynamax Cannon|p2a: Marshadow
|-damage|p2a: Marshadow|13/100
|move|p2a: Marshadow|Spectral Thief|p1a: Eternatus
|-damage|p1a: Eternatus|25/100
|-damage|p2a: Marshadow|3/100|[from] item: Life Orb
|
|upkeep
|turn|56
|
|t:|1667577864
|move|p1a: Eternatus|Recover|p1a: Eternatus
|-heal|p1a: Eternatus|75/100
|move|p2a: Marshadow|Low Kick|p1a: Eternatus
|-resisted|p1a: Eternatus
|-damage|p1a: Eternatus|29/100
|-damage|p2a: Marshadow|0 fnt|[from] item: Life Orb
|faint|p2a: Marshadow
|
|upkeep
|
|t:|1667577866
|switch|p2a: Calyrex|Calyrex-Shadow|94/100
|-ability|p2a: Calyrex|As One
|-ability|p2a: Calyrex|Unnerve
|-damage|p2a: Calyrex|82/100|[from] Stealth Rock
|turn|57
|
|t:|1667577869
|switch|p1a: Yveltal|Yveltal|94/100 brn
|-ability|p1a: Yveltal|Dark Aura
|move|p2a: Calyrex|Astral Barrage|p1a: Yveltal
|-resisted|p1a: Yveltal
|-damage|p1a: Yveltal|67/100 brn
|
|-heal|p2a: Calyrex|88/100|[from] item: Leftovers
|-damage|p1a: Yveltal|61/100 brn|[from] brn
|upkeep
|turn|58
|c|☆ox04|shit
|c|☆ox04|I suck
|
|t:|1667577875
|switch|p2a: Eternatus|Eternatus|88/100
|-damage|p2a: Eternatus|76/100|[from] Stealth Rock
|-ability|p2a: Eternatus|Pressure
|move|p1a: Yveltal|Roost|p1a: Yveltal
|-heal|p1a: Yveltal|100/100 brn
|-singleturn|p1a: Yveltal|move: Roost
|
|-damage|p1a: Yveltal|94/100 brn|[from] brn
|upkeep
|turn|59
|
|t:|1667577881
|switch|p1a: Eternatus|Eternatus|29/100
|-ability|p1a: Eternatus|Pressure
|move|p2a: Eternatus|Mystical Fire|p1a: Eternatus
|-resisted|p1a: Eternatus
|-damage|p1a: Eternatus|20/100
|-unboost|p1a: Eternatus|spa|1
|
|upkeep
|turn|60
|
|t:|1667577890
|move|p1a: Eternatus|Recover|p1a: Eternatus
|-heal|p1a: Eternatus|70/100
|move|p2a: Eternatus|Dynamax Cannon|p1a: Eternatus
|-supereffective|p1a: Eternatus
|-crit|p1a: Eternatus
|-damage|p1a: Eternatus|0 fnt
|faint|p1a: Eternatus
|
|upkeep
|
|t:|1667577898
|switch|p1a: Necrozma|Necrozma-Dusk-Mane|71/100 par
|turn|61
|c|+Inder|I understand ox.
|
|t:|1667577901
|move|p2a: Eternatus|Mystical Fire|p1a: Necrozma
|-supereffective|p1a: Necrozma
|-damage|p1a: Necrozma|49/100 par
|-unboost|p1a: Necrozma|spa|1
|move|p1a: Necrozma|Iron Head|p2a: Eternatus
|-damage|p2a: Eternatus|46/100
|
|upkeep
|turn|62
|
|t:|1667577904
|move|p2a: Eternatus|Mystical Fire|p1a: Necrozma
|-supereffective|p1a: Necrozma
|-damage|p1a: Necrozma|25/100 par
|-unboost|p1a: Necrozma|spa|1
|move|p1a: Necrozma|Thunder Wave|p2a: Eternatus
|-status|p2a: Eternatus|par
|
|upkeep
|turn|63
|
|t:|1667577909
|move|p2a: Eternatus|Mystical Fire|p1a: Necrozma
|-supereffective|p1a: Necrozma
|-damage|p1a: Necrozma|1/100 par
|-unboost|p1a: Necrozma|spa|1
|cant|p1a: Necrozma|par
|
|upkeep
|turn|64
|
|t:|1667577918
|move|p2a: Eternatus|Recover|p2a: Eternatus
|-heal|p2a: Eternatus|96/100 par
|move|p1a: Necrozma|Iron Head|p2a: Eternatus
|-damage|p2a: Eternatus|65/100 par
|
|upkeep
|turn|65
|
|t:|1667577925
|move|p2a: Eternatus|Mystical Fire|p1a: Necrozma
|-supereffective|p1a: Necrozma
|-damage|p1a: Necrozma|0 fnt
|faint|p1a: Necrozma
|
|upkeep
|
|t:|1667577930
|switch|p1a: Yveltal|Yveltal|94/100 brn
|-ability|p1a: Yveltal|Dark Aura
|turn|66
|
|t:|1667577932
|move|p1a: Yveltal|Taunt|p2a: Eternatus
|-start|p2a: Eternatus|move: Taunt
|cant|p2a: Eternatus|move: Taunt|Recover
|
|-damage|p1a: Yveltal|88/100 brn|[from] brn
|upkeep
|turn|67
|
|t:|1667577936
|switch|p2a: Yveltal|Yveltal, shiny|28/100 par
|-damage|p2a: Yveltal|3/100 par|[from] Stealth Rock
|-ability|p2a: Yveltal|Dark Aura
|move|p1a: Yveltal|Knock Off|p2a: Yveltal
|-resisted|p2a: Yveltal
|-damage|p2a: Yveltal|0 fnt
|faint|p2a: Yveltal
|
|-damage|p1a: Yveltal|82/100 brn|[from] brn
|upkeep
|c|☆ox04|huh
|c|☆ox04|gg
|
|t:|1667577950
|switch|p2a: Calyrex|Calyrex-Shadow|88/100
|-ability|p2a: Calyrex|As One
|-ability|p2a: Calyrex|Unnerve
|-damage|p2a: Calyrex|76/100|[from] Stealth Rock
|turn|68
|
|t:|1667577953
|move|p2a: Calyrex|Astral Barrage|p1a: Yveltal
|-resisted|p1a: Yveltal
|-damage|p1a: Yveltal|53/100 brn
|move|p1a: Yveltal|Knock Off|p2a: Calyrex
|-supereffective|p2a: Calyrex
|-damage|p2a: Calyrex|0 fnt
|-enditem|p2a: Calyrex|Leftovers|[from] move: Knock Off|[of] p1a: Yveltal
|faint|p2a: Calyrex
|
|-damage|p1a: Yveltal|47/100 brn|[from] brn
|upkeep
|
|t:|1667577955
|switch|p2a: Eternatus|Eternatus|65/100 par
|-damage|p2a: Eternatus|52/100 par|[from] Stealth Rock
|-ability|p2a: Eternatus|Pressure
|turn|69
|
|t:|1667577960
|move|p1a: Yveltal|Taunt|p2a: Eternatus
|-start|p2a: Eternatus|move: Taunt
|cant|p2a: Eternatus|move: Taunt|Recover
|
|-damage|p1a: Yveltal|41/100 brn|[from] brn
|upkeep
|turn|70
|
|t:|1667577962
|move|p1a: Yveltal|Knock Off|p2a: Eternatus
|-damage|p2a: Eternatus|39/100 par
|cant|p2a: Eternatus|par
|
|-damage|p1a: Yveltal|35/100 brn|[from] brn
|upkeep
|turn|71
|
|t:|1667577964
|move|p1a: Yveltal|Knock Off|p2a: Eternatus
|-damage|p2a: Eternatus|25/100 par
|move|p2a: Eternatus|Dynamax Cannon|p1a: Yveltal
|-damage|p1a: Yveltal|0 fnt
|faint|p1a: Yveltal
|
|-end|p2a: Eternatus|move: Taunt
|upkeep
|
|t:|1667577965
|switch|p1a: Marshadow|Marshadow|100/100
|turn|72
|
|t:|1667577969
|move|p1a: Marshadow|Spectral Thief|p2a: Eternatus
|-damage|p2a: Eternatus|0 fnt
|faint|p2a: Eternatus
|
|win|steel......SKITTY
|c|+Inder|wow 13
|c|☆ox04|gg
|c|☆steel......SKITTY|g g
|c|+Inder|g~g
|player|p2|ox04|red-gen7
