|inactive|Battle timer is ON: inactive players will automatically lose when time's up.
|t:|1642936448
|gametype|singles
|player|p1|SiTuM.|101|
|player|p2|Stallion|170|
|teamsize|p1|6
|teamsize|p2|6
|gen|8
|tier|[Gen 8] Ubers
|rule|Sleep Clause Mod: Limit one foe put to sleep
|rule|Species Clause: Limit one of each Pokémon
|rule|OHKO Clause: OHKO moves are banned
|rule|Evasion Moves Clause: Evasion moves are banned
|rule|Endless Battle Clause: Forcing endless battles is banned
|rule|HP Percentage Mod: HP is shown in percentages
|rule|Dynamax Clause: You cannot dynamax
|clearpoke
|poke|p1|Yveltal|
|poke|p1|Landorus-Therian, M|
|poke|p1|Eternatus|
|poke|p1|Groudon|
|poke|p1|Necrozma-Dusk-Mane|
|poke|p1|Zekrom|
|poke|p2|Yveltal|
|poke|p2|Necrozma-Dusk-Mane|
|poke|p2|Eternatus|
|poke|p2|Zygarde|
|poke|p2|Darmanitan-Galar, M|
|poke|p2|Xerneas-*|
|teampreview
|c|☆SiTuM.|hf
|inactive|Stallion has 270 seconds left.
|c|☆Stallion|u2 man :)
|
|t:|1642936499
|start
|switch|p1a: Landorus|Landorus-Therian, M|100/100
|switch|p2a: Darmanitan|Darmanitan-Galar, M|100/100
|-ability|p1a: Landorus|Intimidate|boost
|-unboost|p2a: Darmanitan|atk|1
|turn|1
|
|t:|1642936509
|move|p2a: Darmanitan|U-turn|p1a: Landorus
|-resisted|p1a: Landorus
|-damage|p1a: Landorus|76/100
|
|t:|1642936513
|switch|p2a: Yveltal|Yveltal|100/100|[from]move: U-turn
|-ability|p2a: Yveltal|Dark Aura
|move|p1a: Landorus|Stealth Rock|p2a: Yveltal
|-sidestart|p2: Stallion|move: Stealth Rock
|
|upkeep
|turn|2
|
|t:|1642936516
|move|p1a: Landorus|Rock Tomb|p2a: Yveltal
|-supereffective|p2a: Yveltal
|-damage|p2a: Yveltal|67/100
|-unboost|p2a: Yveltal|spe|1
|move|p2a: Yveltal|Defog|p1a: Landorus
|-unboost|p1a: Landorus|evasion|1
|-sideend|p2: Stallion|Stealth Rock|[from] move: Defog|[of] p2a: Yveltal
|
|upkeep
|turn|3
|
|t:|1642936520
|move|p1a: Landorus|Stealth Rock|p2a: Yveltal
|-sidestart|p2: Stallion|move: Stealth Rock
|move|p2a: Yveltal|Roost|p2a: Yveltal
|-heal|p2a: Yveltal|100/100
|-singleturn|p2a: Yveltal|move: Roost
|
|upkeep
|turn|4
|
|t:|1642936524
|move|p1a: Landorus|Rock Tomb|p2a: Yveltal
|-supereffective|p2a: Yveltal
|-damage|p2a: Yveltal|62/100
|-unboost|p2a: Yveltal|spe|1
|move|p2a: Yveltal|Defog|p1a: Landorus
|-unboost|p1a: Landorus|evasion|1
|-sideend|p2: Stallion|Stealth Rock|[from] move: Defog|[of] p2a: Yveltal
|
|upkeep
|turn|5
|
|t:|1642936527
|move|p1a: Landorus|Stealth Rock|p2a: Yveltal
|-sidestart|p2: Stallion|move: Stealth Rock
|move|p2a: Yveltal|Roost|p2a: Yveltal
|-heal|p2a: Yveltal|100/100
|-singleturn|p2a: Yveltal|move: Roost
|
|upkeep
|turn|6
|
|t:|1642936530
|move|p1a: Landorus|Explosion|p2a: Yveltal
|-damage|p2a: Yveltal|18/100
|faint|p1a: Landorus
|move|p2a: Yveltal|Knock Off|p1: Landorus|[notarget]
|-fail|p2a: Yveltal
|
|upkeep
|
|t:|1642936559
|switch|p1a: Zekrom|Zekrom|100/100
|-ability|p1a: Zekrom|Teravolt
|turn|7
|
|t:|1642936583
|switch|p2a: Eternatus|Eternatus|100/100
|-damage|p2a: Eternatus|88/100|[from] Stealth Rock
|-ability|p2a: Eternatus|Pressure
|move|p1a: Zekrom|Dragon Dance|p1a: Zekrom
|-boost|p1a: Zekrom|atk|1
|-boost|p1a: Zekrom|spe|1
|
|upkeep
|turn|8
|
|t:|1642936588
|move|p1a: Zekrom|Draco Meteor|p2a: Eternatus
|-supereffective|p2a: Eternatus
|-enditem|p2a: Eternatus|Haban Berry|[eat]
|-enditem|p2a: Eternatus|Haban Berry|[weaken]
|-damage|p2a: Eternatus|40/100
|-unboost|p1a: Zekrom|spa|2
|-damage|p1a: Zekrom|91/100|[from] item: Life Orb
|move|p2a: Eternatus|Dynamax Cannon|p1a: Zekrom
|-supereffective|p1a: Zekrom
|-damage|p1a: Zekrom|0 fnt
|faint|p1a: Zekrom
|
|upkeep
|
|t:|1642936597
|switch|p1a: Eternatus|Eternatus|100/100
|-ability|p1a: Eternatus|Pressure
|turn|9
|
|t:|1642936601
|switch|p2a: Necrozma|Necrozma-Dusk-Mane|100/100
|-damage|p2a: Necrozma|94/100|[from] Stealth Rock
|move|p1a: Eternatus|Dynamax Cannon|p2a: Necrozma
|-resisted|p2a: Necrozma
|-damage|p2a: Necrozma|74/100
|
|-heal|p2a: Necrozma|80/100|[from] item: Leftovers
|upkeep
|turn|10
|
|t:|1642936606
|switch|p1a: Groudon|Groudon|100/100
|-weather|SunnyDay|[from] ability: Drought|[of] p1a: Groudon
|move|p2a: Necrozma|Stealth Rock|p1a: Groudon
|-sidestart|p1: SiTuM.|move: Stealth Rock
|
|-weather|SunnyDay|[upkeep]
|-heal|p2a: Necrozma|87/100|[from] item: Leftovers
|upkeep
|turn|11
|
|t:|1642936609
|switch|p2a: Zygarde|Zygarde|100/100
|-damage|p2a: Zygarde|94/100|[from] Stealth Rock
|move|p1a: Groudon|Swords Dance|p1a: Groudon
|-boost|p1a: Groudon|atk|2
|
|-weather|SunnyDay|[upkeep]
|-heal|p2a: Zygarde|100/100|[from] item: Leftovers
|upkeep
|turn|12
|
|t:|1642936612
|move|p1a: Groudon|Precipice Blades|p2a: Zygarde
|-damage|p2a: Zygarde|16/100
|move|p2a: Zygarde|Glare|p1a: Groudon
|-status|p1a: Groudon|par
|
|-weather|SunnyDay|[upkeep]
|-heal|p2a: Zygarde|22/100|[from] item: Leftovers
|-activate|p2a: Zygarde|ability: Power Construct
|detailschange|p2a: Zygarde|Zygarde-Complete
|-heal|p2a: Zygarde|49/100|[silent]
|upkeep
|turn|13
|
|t:|1642936616
|move|p2a: Zygarde|Coil|p2a: Zygarde
|-boost|p2a: Zygarde|atk|1
|-boost|p2a: Zygarde|def|1
|-boost|p2a: Zygarde|accuracy|1
|move|p1a: Groudon|Precipice Blades|p2a: Zygarde|[miss]
|-miss|p1a: Groudon|p2a: Zygarde
|
|-weather|SunnyDay|[upkeep]
|-heal|p2a: Zygarde|56/100|[from] item: Leftovers
|upkeep
|turn|14
|
|t:|1642936624
|move|p2a: Zygarde|Thousand Arrows|p1a: Groudon
|-damage|p1a: Groudon|71/100 par
|move|p1a: Groudon|Precipice Blades|p2a: Zygarde
|-damage|p2a: Zygarde|17/100
|
|-weather|SunnyDay|[upkeep]
|-heal|p2a: Zygarde|23/100|[from] item: Leftovers
|upkeep
|turn|15
|
|t:|1642936629
|switch|p1a: Eternatus|Eternatus|100/100
|-damage|p1a: Eternatus|88/100|[from] Stealth Rock
|-ability|p1a: Eternatus|Pressure
|move|p2a: Zygarde|Rest|p2a: Zygarde
|-status|p2a: Zygarde|slp|[from] move: Rest
|-heal|p2a: Zygarde|100/100 slp|[silent]
|
|-weather|SunnyDay|[upkeep]
|upkeep
|turn|16
|
|t:|1642936633
|switch|p2a: Yveltal|Yveltal|18/100
|-ability|p2a: Yveltal|Dark Aura
|move|p1a: Eternatus|Meteor Beam||[still]
|-prepare|p1a: Eternatus|Meteor Beam
|-boost|p1a: Eternatus|spa|1
|-enditem|p1a: Eternatus|Power Herb
|-anim|p1a: Eternatus|Meteor Beam|p2a: Yveltal
|-supereffective|p2a: Yveltal
|-damage|p2a: Yveltal|0 fnt
|faint|p2a: Yveltal
|
|-weather|SunnyDay|[upkeep]
|upkeep
|
|t:|1642936638
|switch|p2a: Necrozma|Necrozma-Dusk-Mane|87/100
|-damage|p2a: Necrozma|80/100|[from] Stealth Rock
|turn|17
|
|t:|1642936640
|move|p1a: Eternatus|Flamethrower|p2a: Necrozma
|-supereffective|p2a: Necrozma
|-damage|p2a: Necrozma|4/100
|move|p2a: Necrozma|Thunder Wave|p1a: Eternatus
|-status|p1a: Eternatus|par
|
|-weather|none
|-heal|p2a: Necrozma|10/100|[from] item: Leftovers
|upkeep
|turn|18
|
|t:|1642936644
|move|p2a: Necrozma|Moonlight|p2a: Necrozma
|-heal|p2a: Necrozma|60/100
|move|p1a: Eternatus|Flamethrower|p2a: Necrozma
|-supereffective|p2a: Necrozma
|-crit|p2a: Necrozma
|-damage|p2a: Necrozma|0 fnt
|faint|p2a: Necrozma
|
|upkeep
|
|t:|1642936655
|switch|p2a: Darmanitan|Darmanitan-Galar, M|100/100
|-damage|p2a: Darmanitan|76/100|[from] Stealth Rock
|turn|19
|c|☆Stallion|did that kill without crit?
|c|☆Stallion|oh well
|c|☆SiTuM.|probably not
|inactive|Stallion has 270 seconds left.
|c|☆Stallion|ask aberforth
|c|☆Stallion|I have no luck with NDM's vs Etern
|c|☆SiTuM.|i feel you
|c|☆Stallion|but usually I get burnt instead haha
|c|☆SiTuM.|same
|
|t:|1642936711
|switch|p1a: Groudon|Groudon|71/100 par
|-damage|p1a: Groudon|65/100 par|[from] Stealth Rock
|-weather|SunnyDay|[from] ability: Drought|[of] p1a: Groudon
|move|p2a: Darmanitan|Earthquake|p1a: Groudon
|-damage|p1a: Groudon|4/100 par
|
|-weather|SunnyDay|[upkeep]
|upkeep
|turn|20
|
|t:|1642936714
|switch|p1a: Yveltal|Yveltal|100/100
|-ability|p1a: Yveltal|Dark Aura
|move|p2a: Darmanitan|Earthquake|p1a: Yveltal
|-immune|p1a: Yveltal
|
|-weather|SunnyDay|[upkeep]
|upkeep
|turn|21
|
|t:|1642936722
|switch|p2a: Eternatus|Eternatus|40/100
|-damage|p2a: Eternatus|28/100|[from] Stealth Rock
|-ability|p2a: Eternatus|Pressure
|move|p1a: Yveltal|U-turn|p2a: Eternatus
|-resisted|p2a: Eternatus
|-damage|p2a: Eternatus|19/100
|
|t:|1642936731
|switch|p1a: Necrozma|Necrozma-Dusk-Mane|100/100|[from]move: U-turn
|-damage|p1a: Necrozma|94/100|[from] Stealth Rock
|
|-weather|SunnyDay|[upkeep]
|upkeep
|turn|22
|inactive|Stallion has 270 seconds left.
|
|t:|1642936744
|move|p2a: Eternatus|Recover|p2a: Eternatus
|-heal|p2a: Eternatus|69/100
|move|p1a: Necrozma|Trick Room|p1a: Necrozma
|-fieldstart|move: Trick Room|[of] p1a: Necrozma
|
|-weather|SunnyDay|[upkeep]
|upkeep
|turn|23
|
|t:|1642936750
|move|p1a: Necrozma|Swords Dance|p1a: Necrozma
|-boost|p1a: Necrozma|atk|2
|move|p2a: Eternatus|Cosmic Power|p2a: Eternatus
|-boost|p2a: Eternatus|def|1
|-boost|p2a: Eternatus|spd|1
|
|-weather|SunnyDay|[upkeep]
|upkeep
|turn|24
|
|t:|1642936754
|move|p1a: Necrozma|Earthquake|p2a: Eternatus
|-supereffective|p2a: Eternatus
|-damage|p2a: Eternatus|0 fnt
|faint|p2a: Eternatus
|
|-weather|SunnyDay|[upkeep]
|upkeep
|
|t:|1642936770
|switch|p2a: Zygarde|Zygarde-Complete|100/100 slp
|-damage|p2a: Zygarde|94/100 slp|[from] Stealth Rock
|turn|25
|
|t:|1642936775
|move|p1a: Necrozma|Sunsteel Strike|p2a: Zygarde
|-damage|p2a: Zygarde|50/100 slp
|cant|p2a: Zygarde|slp
|
|-weather|SunnyDay|[upkeep]
|-heal|p2a: Zygarde|56/100 slp|[from] item: Leftovers
|upkeep
|turn|26
|
|t:|1642936779
|move|p1a: Necrozma|Sunsteel Strike|p2a: Zygarde
|-damage|p2a: Zygarde|8/100 slp
|cant|p2a: Zygarde|slp
|
|-weather|none
|-heal|p2a: Zygarde|14/100 slp|[from] item: Leftovers
|-fieldend|move: Trick Room
|upkeep
|turn|27
|
|t:|1642936799
|-curestatus|p2a: Zygarde|slp|[msg]
|move|p2a: Zygarde|Glare|p1a: Necrozma
|-status|p1a: Necrozma|par
|move|p1a: Necrozma|Trick Room|p1a: Necrozma
|-fieldstart|move: Trick Room|[of] p1a: Necrozma
|
|-heal|p2a: Zygarde|20/100|[from] item: Leftovers
|upkeep
|turn|28
|
|t:|1642936804
|move|p1a: Necrozma|Sunsteel Strike|p2a: Zygarde
|-damage|p2a: Zygarde|0 fnt
|faint|p2a: Zygarde
|
|upkeep
|
|t:|1642936809
|switch|p2a: Darmanitan|Darmanitan-Galar, M|76/100
|-damage|p2a: Darmanitan|51/100|[from] Stealth Rock
|turn|29
|
|t:|1642936814
|move|p1a: Necrozma|Sunsteel Strike|p2a: Darmanitan
|-supereffective|p2a: Darmanitan
|-damage|p2a: Darmanitan|0 fnt
|faint|p2a: Darmanitan
|
|upkeep
|c|☆Stallion|gg
|c|☆Stallion|god thats annoying
|inactive|Stallion has 270 seconds left.
|
|t:|1642936844
|switch|p2a: Xerneas|Xerneas|100/100
|-damage|p2a: Xerneas|88/100|[from] Stealth Rock
|-ability|p2a: Xerneas|Fairy Aura
|turn|30
|
|t:|1642936850
|move|p1a: Necrozma|Sunsteel Strike|p2a: Xerneas
|-supereffective|p2a: Xerneas
|-damage|p2a: Xerneas|0 fnt
|faint|p2a: Xerneas
|
|win|SiTuM.
|c|☆SiTuM.|gg
|c|☆SiTuM.|sorry about that
|c|☆Stallion|it's fine
