|inactive|Battle timer is ON: inactive players will automatically lose when time's up.
|t:|1663517230
|gametype|singles
|player|p1|Luna's Bann3d Now|#ruplixsleekslushrushers|
|player|p2|8142e|101|
|teamsize|p1|6
|teamsize|p2|6
|gen|8
|tier|[Gen 8] Ubers
|rule|Sleep Clause Mod: Limit one foe put to sleep
|rule|Species Clause: Limit one of each Pokémon
|rule|OHKO Clause: OHKO moves are banned
|rule|Evasion Items Clause: Evasion items are banned
|rule|Evasion Moves Clause: Evasion moves are banned
|rule|Endless Battle Clause: Forcing endless battles is banned
|rule|HP Percentage Mod: HP is shown in percentages
|rule|Dynamax Clause: You cannot dynamax
|clearpoke
|poke|p1|Yveltal|
|poke|p1|Eternatus|
|poke|p1|Necrozma-Dusk-Mane|
|poke|p1|Urshifu-*, M|
|poke|p1|Kyogre|
|poke|p1|Ferrothorn, M|
|poke|p2|Kyogre|
|poke|p2|Ho-Oh|
|poke|p2|Necrozma-Dusk-Mane|
|poke|p2|Yveltal|
|poke|p2|Eternatus|
|poke|p2|Urshifu-*, M|
|teampreview
|c|+Aberforth|seasonal?
|c|+Rhmsitb|814 15 16 17
|c|☆Luna's Bann3d Now|ya
|inactive|Luna's Bann3d Now has 270 seconds left.
|inactive|8142e has 270 seconds left.
|c|%TDR|THE 8142e
|inactive|8142e has 240 seconds left.
|
|t:|1663517294
|start
|switch|p1a: Kyogre|Kyogre|100/100
|switch|p2a: Yveltal|Yveltal|100/100
|-ability|p2a: Yveltal|Dark Aura
|-weather|RainDance|[from] ability: Drizzle|[of] p1a: Kyogre
|turn|1
|c|+Gareeb2.0|8142e 
|c|☆8142e|i missclicked lead lol
|c|+ILoveMashing❤|8truc moment
|inactive|8142e has 270 seconds left.
|
|t:|1663517338
|move|p2a: Yveltal|U-turn|p1a: Kyogre
|-damage|p1a: Kyogre|86/100
|
|t:|1663517349
|switch|p2a: Eternatus|Eternatus|100/100|[from]move: U-turn
|-ability|p2a: Eternatus|Pressure
|move|p1a: Kyogre|Thunder Wave|p2a: Eternatus
|-status|p2a: Eternatus|par
|
|-weather|RainDance|[upkeep]
|-heal|p1a: Kyogre|92/100|[from] item: Leftovers
|upkeep
|turn|2
|
|t:|1663517365
|switch|p1a: Necrozma|Necrozma-Dusk-Mane|100/100
|move|p2a: Eternatus|Toxic|p1a: Necrozma
|-immune|p1a: Necrozma
|
|-weather|RainDance|[upkeep]
|upkeep
|turn|3
|
|t:|1663517369
|switch|p2a: Kyogre|Kyogre|100/100
|move|p1a: Necrozma|Toxic|p2a: Kyogre
|-status|p2a: Kyogre|tox
|
|-weather|RainDance|[upkeep]
|-damage|p2a: Kyogre|94/100 tox|[from] psn
|upkeep
|turn|4
|
|t:|1663517377
|switch|p1a: Ferrothorn|Ferrothorn, M|100/100
|move|p2a: Kyogre|Thunder Wave|p1a: Ferrothorn
|-status|p1a: Ferrothorn|par
|
|-weather|RainDance|[upkeep]
|-heal|p2a: Kyogre|100/100 tox|[from] item: Leftovers
|-damage|p2a: Kyogre|88/100 tox|[from] psn
|upkeep
|turn|5
|inactive|8142e has 270 seconds left.
|
|t:|1663517385
|switch|p2a: Eternatus|Eternatus|100/100 par
|-ability|p2a: Eternatus|Pressure
|move|p1a: Ferrothorn|Spikes|p2a: Eternatus
|-sidestart|p2: 8142e|Spikes
|
|-weather|none
|upkeep
|turn|6
|inactive|8142e has 270 seconds left.
|
|t:|1663517400
|switch|p2a: Ho-Oh|Ho-Oh|100/100
|switch|p1a: Yveltal|Yveltal|100/100
|-ability|p1a: Yveltal|Dark Aura
|
|upkeep
|turn|7
|
|t:|1663517409
|switch|p2a: Eternatus|Eternatus|100/100 par
|-damage|p2a: Eternatus|88/100 par|[from] Spikes
|-ability|p2a: Eternatus|Pressure
|move|p1a: Yveltal|Knock Off|p2a: Eternatus
|-damage|p2a: Eternatus|44/100 par
|-enditem|p2a: Eternatus|Haban Berry|[from] move: Knock Off|[of] p1a: Yveltal
|
|upkeep
|turn|8
|
|t:|1663517413
|move|p1a: Yveltal|Taunt|p2a: Eternatus
|-start|p2a: Eternatus|move: Taunt
|cant|p2a: Eternatus|move: Taunt|Recover
|
|upkeep
|turn|9
|c|☆8142e|oh no
|inactive|8142e has 270 seconds left.
|
|t:|1663517442
|switch|p2a: Ho-Oh|Ho-Oh|100/100
|move|p1a: Yveltal|Knock Off|p2a: Ho-Oh
|-damage|p2a: Ho-Oh|57/100
|-enditem|p2a: Ho-Oh|Heavy-Duty Boots|[from] move: Knock Off|[of] p1a: Yveltal
|
|upkeep
|turn|10
|inactive|8142e has 270 seconds left.
|
|t:|1663517455
|switch|p1a: Kyogre|Kyogre|92/100
|-weather|RainDance|[from] ability: Drizzle|[of] p1a: Kyogre
|move|p2a: Ho-Oh|Thunder Wave|p1a: Kyogre
|-status|p1a: Kyogre|par
|
|-weather|RainDance|[upkeep]
|-heal|p1a: Kyogre|98/100 par|[from] item: Leftovers
|upkeep
|turn|11
|
|t:|1663517465
|switch|p2a: Kyogre|Kyogre|88/100 tox
|-damage|p2a: Kyogre|75/100 tox|[from] Spikes
|move|p1a: Kyogre|Surf|p2a: Kyogre
|-resisted|p2a: Kyogre
|-damage|p2a: Kyogre|52/100 tox
|
|-weather|RainDance|[upkeep]
|-heal|p2a: Kyogre|59/100 tox|[from] item: Leftovers
|-heal|p1a: Kyogre|100/100 par|[from] item: Leftovers
|-damage|p2a: Kyogre|52/100 tox|[from] psn
|upkeep
|turn|12
|
|t:|1663517483
|switch|p1a: Ferrothorn|Ferrothorn, M|100/100 par
|move|p2a: Kyogre|Calm Mind|p2a: Kyogre
|-boost|p2a: Kyogre|spa|1
|-boost|p2a: Kyogre|spd|1
|
|-weather|RainDance|[upkeep]
|-heal|p2a: Kyogre|59/100 tox|[from] item: Leftovers
|-damage|p2a: Kyogre|46/100 tox|[from] psn
|upkeep
|turn|13
|
|t:|1663517513
|move|p2a: Kyogre|Surf|p1a: Ferrothorn
|-resisted|p1a: Ferrothorn
|-damage|p1a: Ferrothorn|62/100 par
|move|p1a: Ferrothorn|Bullet Seed|p2a: Kyogre
|-supereffective|p2a: Kyogre
|-damage|p2a: Kyogre|35/100 tox
|-supereffective|p2a: Kyogre
|-damage|p2a: Kyogre|24/100 tox
|-hitcount|p2a: Kyogre|2
|
|-weather|RainDance|[upkeep]
|-heal|p2a: Kyogre|30/100 tox|[from] item: Leftovers
|-heal|p1a: Ferrothorn|68/100 par|[from] item: Leftovers
|-damage|p2a: Kyogre|12/100 tox|[from] psn
|upkeep
|turn|14
|
|t:|1663517522
|move|p2a: Kyogre|Rest|p2a: Kyogre
|-status|p2a: Kyogre|slp|[from] move: Rest
|-heal|p2a: Kyogre|100/100 slp|[silent]
|cant|p1a: Ferrothorn|par
|
|-weather|none
|-heal|p1a: Ferrothorn|74/100 par|[from] item: Leftovers
|upkeep
|turn|15
|
|t:|1663517532
|switch|p1a: Urshifu|Urshifu, M|100/100
|cant|p2a: Kyogre|slp
|
|upkeep
|turn|16
|
|t:|1663517542
|switch|p2a: Ho-Oh|Ho-Oh|90/100
|move|p1a: Urshifu|Wicked Blow|p2a: Ho-Oh
|-crit|p2a: Ho-Oh
|-damage|p2a: Ho-Oh|17/100
|
|upkeep
|turn|17
|
|t:|1663517545
|switch|p2a: Urshifu|Urshifu, M|100/100
|-damage|p2a: Urshifu|88/100|[from] Spikes
|move|p1a: Urshifu|Wicked Blow|p2a: Urshifu
|-resisted|p2a: Urshifu
|-crit|p2a: Urshifu
|-damage|p2a: Urshifu|64/100
|
|upkeep
|turn|18
|
|t:|1663517554
|switch|p1a: Eternatus|Eternatus|100/100
|-ability|p1a: Eternatus|Pressure
|move|p2a: Urshifu|Wicked Blow|p1a: Eternatus
|-crit|p1a: Eternatus
|-damage|p1a: Eternatus|21/100
|-enditem|p1a: Eternatus|Sitrus Berry|[eat]
|-heal|p1a: Eternatus|46/100|[from] item: Sitrus Berry
|
|upkeep
|turn|19
|
|t:|1663517578
|switch|p2a: Necrozma|Necrozma-Dusk-Mane|100/100
|-damage|p2a: Necrozma|88/100|[from] Spikes
|move|p1a: Eternatus|Dynamax Cannon|p2a: Necrozma
|-resisted|p2a: Necrozma
|-damage|p2a: Necrozma|70/100
|
|upkeep
|turn|20
|
|t:|1663517584
|switch|p1a: Kyogre|Kyogre|100/100 par
|-weather|RainDance|[from] ability: Drizzle|[of] p1a: Kyogre
|move|p2a: Necrozma|Earthquake|p1a: Kyogre
|-damage|p1a: Kyogre|78/100 par
|
|-weather|RainDance|[upkeep]
|-heal|p1a: Kyogre|84/100 par|[from] item: Leftovers
|upkeep
|turn|21
|inactive|8142e has 270 seconds left.
|
|t:|1663517629
|move|p2a: Necrozma|Earthquake|p1a: Kyogre
|-damage|p1a: Kyogre|61/100 par
|move|p1a: Kyogre|Surf|p2a: Necrozma
|-damage|p2a: Necrozma|14/100
|
|-weather|RainDance|[upkeep]
|-heal|p1a: Kyogre|67/100 par|[from] item: Leftovers
|upkeep
|turn|22
|
|t:|1663517640
|move|p2a: Necrozma|Stealth Rock|p1a: Kyogre
|-sidestart|p1: Luna's Bann3d Now|move: Stealth Rock
|cant|p1a: Kyogre|par
|
|-weather|RainDance|[upkeep]
|-heal|p1a: Kyogre|73/100 par|[from] item: Leftovers
|upkeep
|turn|23
|
|t:|1663517646
|move|p2a: Necrozma|Earthquake|p1a: Kyogre
|-damage|p1a: Kyogre|48/100 par
|move|p1a: Kyogre|Surf|p2a: Necrozma
|-damage|p2a: Necrozma|0 fnt
|faint|p2a: Necrozma
|
|-weather|RainDance|[upkeep]
|-heal|p1a: Kyogre|54/100 par|[from] item: Leftovers
|upkeep
|
|t:|1663517651
|switch|p2a: Urshifu|Urshifu, M|64/100
|-damage|p2a: Urshifu|52/100|[from] Spikes
|turn|24
|inactive|8142e has 270 seconds left.
|
|t:|1663517664
|move|p2a: Urshifu|Close Combat|p1a: Kyogre
|-damage|p1a: Kyogre|0 fnt
|-unboost|p2a: Urshifu|def|1
|-unboost|p2a: Urshifu|spd|1
|faint|p1a: Kyogre
|
|-weather|none
|upkeep
|
|t:|1663517667
|switch|p1a: Eternatus|Eternatus|46/100
|-damage|p1a: Eternatus|34/100|[from] Stealth Rock
|-ability|p1a: Eternatus|Pressure
|turn|25
|
|t:|1663517671
|switch|p2a: Ho-Oh|Ho-Oh|50/100
|move|p1a: Eternatus|Dynamax Cannon|p2a: Ho-Oh
|-damage|p2a: Ho-Oh|24/100
|
|upkeep
|turn|26
|
|t:|1663517678
|switch|p2a: Yveltal|Yveltal|100/100
|-ability|p2a: Yveltal|Dark Aura
|move|p1a: Eternatus|Recover|p1a: Eternatus
|-heal|p1a: Eternatus|84/100
|
|upkeep
|turn|27
|
|t:|1663517685
|switch|p2a: Ho-Oh|Ho-Oh|57/100
|move|p1a: Eternatus|Sludge Bomb|p2a: Ho-Oh
|-damage|p2a: Ho-Oh|35/100
|
|upkeep
|turn|28
|
|t:|1663517701
|switch|p1a: Ferrothorn|Ferrothorn, M|74/100 par
|-damage|p1a: Ferrothorn|68/100 par|[from] Stealth Rock
|move|p2a: Ho-Oh|Thunder Wave|p1a: Ferrothorn
|-fail|p1a: Ferrothorn|par
|
|-heal|p1a: Ferrothorn|74/100 par|[from] item: Leftovers
|upkeep
|turn|29
|
|t:|1663517708
|move|p2a: Ho-Oh|Thunder Wave|p1a: Ferrothorn
|-fail|p1a: Ferrothorn|par
|move|p1a: Ferrothorn|Thunder Wave|p2a: Ho-Oh
|-status|p2a: Ho-Oh|par
|
|-heal|p1a: Ferrothorn|80/100 par|[from] item: Leftovers
|upkeep
|turn|30
|
|t:|1663517712
|move|p2a: Ho-Oh|Thunder Wave|p1a: Ferrothorn
|-fail|p1a: Ferrothorn|par
|cant|p1a: Ferrothorn|par
|
|-heal|p1a: Ferrothorn|87/100 par|[from] item: Leftovers
|upkeep
|turn|31
|
|t:|1663517715
|move|p2a: Ho-Oh|Thunder Wave|p1a: Ferrothorn|[miss]
|-miss|p2a: Ho-Oh|p1a: Ferrothorn
|move|p1a: Ferrothorn|Leech Seed|p2a: Ho-Oh
|-start|p2a: Ho-Oh|move: Leech Seed
|
|-heal|p1a: Ferrothorn|93/100 par|[from] item: Leftovers
|-damage|p2a: Ho-Oh|23/100 par|[from] Leech Seed|[of] p1a: Ferrothorn
|-heal|p1a: Ferrothorn|100/100 par|[silent]
|upkeep
|turn|32
|
|t:|1663517720
|cant|p2a: Ho-Oh|par
|move|p1a: Ferrothorn|Spikes|p2a: Ho-Oh
|-sidestart|p2: 8142e|Spikes
|
|-damage|p2a: Ho-Oh|11/100 par|[from] Leech Seed|[of] p1a: Ferrothorn
|upkeep
|turn|33
|
|t:|1663517732
|switch|p2a: Eternatus|Eternatus|44/100 par
|-damage|p2a: Eternatus|28/100 par|[from] Spikes
|-ability|p2a: Eternatus|Pressure
|switch|p1a: Urshifu|Urshifu, M|100/100
|-damage|p1a: Urshifu|94/100|[from] Stealth Rock
|
|upkeep
|turn|34
|
|t:|1663517739
|move|p1a: Urshifu|Wicked Blow|p2a: Eternatus
|-crit|p2a: Eternatus
|-damage|p2a: Eternatus|0 fnt
|faint|p2a: Eternatus
|
|upkeep
|
|t:|1663517751
|switch|p2a: Yveltal|Yveltal|100/100
|-ability|p2a: Yveltal|Dark Aura
|turn|35
|inactive|8142e has 270 seconds left.
|
|t:|1663517805
|switch|p1a: Eternatus|Eternatus|84/100
|-damage|p1a: Eternatus|72/100|[from] Stealth Rock
|-ability|p1a: Eternatus|Pressure
|move|p2a: Yveltal|U-turn|p1a: Eternatus
|-resisted|p1a: Eternatus
|-damage|p1a: Eternatus|65/100
|
|t:|1663517809
|switch|p2a: Ho-Oh|Ho-Oh|44/100 par|[from]move: U-turn
|
|upkeep
|turn|36
|inactive|Luna's Bann3d Now has 270 seconds left.
|
|t:|1663517836
|switch|p1a: Necrozma|Necrozma-Dusk-Mane|100/100
|-damage|p1a: Necrozma|94/100|[from] Stealth Rock
|move|p2a: Ho-Oh|Thunder Wave|p1a: Necrozma
|-status|p1a: Necrozma|par
|
|upkeep
|turn|37
|inactive|8142e has 270 seconds left.
|
|t:|1663517851
|cant|p2a: Ho-Oh|par
|move|p1a: Necrozma|Stealth Rock|p2a: Ho-Oh
|-sidestart|p2: 8142e|move: Stealth Rock
|
|upkeep
|turn|38
|
|t:|1663517861
|switch|p1a: Yveltal|Yveltal|100/100
|-ability|p1a: Yveltal|Dark Aura
|cant|p2a: Ho-Oh|par
|
|upkeep
|turn|39
|
|t:|1663517870
|move|p1a: Yveltal|Taunt|p2a: Ho-Oh
|-start|p2a: Ho-Oh|move: Taunt
|move|p2a: Ho-Oh|Sacred Fire|p1a: Yveltal
|-damage|p1a: Yveltal|62/100
|
|upkeep
|turn|40
|
|t:|1663517877
|move|p1a: Yveltal|Knock Off|p2a: Ho-Oh
|-damage|p2a: Ho-Oh|16/100 par
|move|p2a: Ho-Oh|Sacred Fire|p1a: Yveltal
|-damage|p1a: Yveltal|26/100
|
|upkeep
|turn|41
|
|t:|1663517885
|switch|p2a: Yveltal|Yveltal|100/100
|-damage|p2a: Yveltal|76/100|[from] Stealth Rock
|-ability|p2a: Yveltal|Dark Aura
|move|p1a: Yveltal|Knock Off|p2a: Yveltal
|-resisted|p2a: Yveltal
|-damage|p2a: Yveltal|51/100
|-enditem|p2a: Yveltal|Choice Scarf|[from] move: Knock Off|[of] p1a: Yveltal
|
|upkeep
|turn|42
|
|t:|1663517896
|move|p2a: Yveltal|Foul Play|p1a: Yveltal
|-resisted|p1a: Yveltal
|-damage|p1a: Yveltal|0 fnt
|faint|p1a: Yveltal
|
|upkeep
|
|t:|1663517898
|switch|p1a: Eternatus|Eternatus|65/100
|-damage|p1a: Eternatus|52/100|[from] Stealth Rock
|-ability|p1a: Eternatus|Pressure
|turn|43
|
|t:|1663517903
|move|p1a: Eternatus|Sludge Bomb|p2a: Yveltal
|-damage|p2a: Yveltal|17/100
|-status|p2a: Yveltal|psn
|move|p2a: Yveltal|Defog|p1a: Eternatus
|-unboost|p1a: Eternatus|evasion|1
|-sideend|p1: Luna's Bann3d Now|Stealth Rock|[from] move: Defog|[of] p2a: Yveltal
|-sideend|p2: 8142e|Spikes|[from] move: Defog|[of] p2a: Yveltal
|-sideend|p2: 8142e|Stealth Rock|[from] move: Defog|[of] p2a: Yveltal
|
|-damage|p2a: Yveltal|5/100 psn|[from] psn
|upkeep
|turn|44
|
|t:|1663517914
|move|p1a: Eternatus|Sludge Bomb|p2a: Yveltal
|-damage|p2a: Yveltal|0 fnt
|faint|p2a: Yveltal
|
|upkeep
|
|t:|1663517921
|switch|p2a: Ho-Oh|Ho-Oh|49/100 par
|turn|45
|
|t:|1663517932
|switch|p1a: Necrozma|Necrozma-Dusk-Mane|94/100 par
|move|p2a: Ho-Oh|Thunder Wave|p1a: Necrozma
|-fail|p1a: Necrozma|par
|
|upkeep
|turn|46
|
|t:|1663517938
|switch|p2a: Urshifu|Urshifu, M|52/100
|move|p1a: Necrozma|Stealth Rock|p2a: Urshifu
|-sidestart|p2: 8142e|move: Stealth Rock
|
|upkeep
|turn|47
|
|t:|1663517943
|move|p2a: Urshifu|Wicked Blow|p1a: Necrozma
|-supereffective|p1a: Necrozma
|-crit|p1a: Necrozma
|-enditem|p1a: Necrozma|Colbur Berry|[eat]
|-enditem|p1a: Necrozma|Colbur Berry|[weaken]
|-damage|p1a: Necrozma|45/100 par
|move|p1a: Necrozma|Toxic|p2a: Urshifu
|-status|p2a: Urshifu|tox
|
|-damage|p2a: Urshifu|46/100 tox|[from] psn
|upkeep
|turn|48
|
|t:|1663517948
|switch|p1a: Urshifu|Urshifu, M|94/100
|move|p2a: Urshifu|Wicked Blow|p1a: Urshifu
|-resisted|p1a: Urshifu
|-crit|p1a: Urshifu
|-damage|p1a: Urshifu|69/100
|
|-damage|p2a: Urshifu|34/100 tox|[from] psn
|upkeep
|turn|49
|c|☆8142e|gg
|c|☆8142e|i played bad
|c|☆Luna's Bann3d Now|gg
|-message|8142e forfeited.
|
|win|Luna's Bann3d Now
