|inactive|Battle timer is ON: inactive players will automatically lose when time's up.
|t:|1666397494
|gametype|singles
|player|p1|Xrn|rocketgrunt|
|player|p2|Stallion|#wcop2021oceania|
|teamsize|p1|6
|teamsize|p2|6
|gen|8
|tier|[Gen 8] Ubers
|rule|Sleep Clause Mod: Limit one foe put to sleep
|rule|Species Clause: Limit one of each Pokémon
|rule|OHKO Clause: OHKO moves are banned
|rule|Evasion Items Clause: Evasion items are banned
|rule|Evasion Moves Clause: Evasion moves are banned
|rule|Endless Battle Clause: Forcing endless battles is banned
|rule|HP Percentage Mod: HP is shown in percentages
|rule|Dynamax Clause: You cannot dynamax
|clearpoke
|poke|p1|Xerneas-*|
|poke|p1|Magnezone|
|poke|p1|Necrozma-Dusk-Mane|
|poke|p1|Yveltal|
|poke|p1|Eternatus|
|poke|p1|Darmanitan-Galar, F|
|poke|p2|Groudon|
|poke|p2|Calyrex-Shadow|
|poke|p2|Eternatus|
|poke|p2|Xerneas-*|
|poke|p2|Necrozma-Dusk-Mane|
|poke|p2|Yveltal|
|teampreview
|inactive|Xrn also wants the timer to be on.
|c|☆Stallion|glhf mate
|c|☆Xrn|u2 
|inactive|Xrn has 270 seconds left.
|inactive|Xrn has 240 seconds left.
|
|t:|1666397576
|start
|switch|p1a: Darmanitan|Darmanitan-Galar, F|100/100
|switch|p2a: Groudon|Groudon|100/100
|-weather|SunnyDay|[from] ability: Drought|[of] p2a: Groudon
|turn|1
|inactive|Xrn has 270 seconds left.
|
|t:|1666397610
|move|p1a: Darmanitan|U-turn|p2a: Groudon
|-damage|p2a: Groudon|70/100
|
|t:|1666397611
|switch|p1a: Yveltal|Yveltal|100/100|[from]move: U-turn
|-ability|p1a: Yveltal|Dark Aura
|move|p2a: Groudon|Stealth Rock|p1a: Yveltal
|-sidestart|p1: Xrn|move: Stealth Rock
|
|-weather|SunnyDay|[upkeep]
|upkeep
|turn|2
|inactive|Xrn has 270 seconds left.
|c|+March Fires|up
|inactive|Xrn has 240 seconds left.
|
|t:|1666397648
|move|p2a: Groudon|Rock Tomb|p1a: Yveltal
|-supereffective|p1a: Yveltal
|-damage|p1a: Yveltal|67/100
|-unboost|p1a: Yveltal|spe|1
|move|p1a: Yveltal|U-turn|p2a: Groudon
|-damage|p2a: Groudon|53/100
|inactive|Xrn has 240 seconds left.
|
|t:|1666397671
|switch|p1a: Darmanitan|Darmanitan-Galar, F|100/100|[from]move: U-turn
|-damage|p1a: Darmanitan|76/100|[from] Stealth Rock
|
|-weather|SunnyDay|[upkeep]
|upkeep
|turn|3
|
|t:|1666397679
|move|p1a: Darmanitan|Icicle Crash|p2a: Groudon
|-supereffective|p2a: Groudon
|-damage|p2a: Groudon|0 fnt
|faint|p2a: Groudon
|
|-weather|SunnyDay|[upkeep]
|upkeep
|inactive|Stallion has 270 seconds left.
|
|t:|1666397728
|switch|p2a: Necrozma|Necrozma-Dusk-Mane|100/100
|turn|4
|inactive|Xrn has 240 seconds left.
|
|t:|1666397751
|switch|p1a: Magnezone|Magnezone|100/100
|-damage|p1a: Magnezone|94/100|[from] Stealth Rock
|-item|p1a: Magnezone|Air Balloon
|move|p2a: Necrozma|Sunsteel Strike|p1a: Magnezone
|-resisted|p1a: Magnezone
|-damage|p1a: Magnezone|83/100
|-enditem|p1a: Magnezone|Air Balloon
|
|-weather|SunnyDay|[upkeep]
|upkeep
|turn|5
|
|t:|1666397758
|move|p2a: Necrozma|Earthquake|p1a: Magnezone
|-supereffective|p1a: Magnezone
|-damage|p1a: Magnezone|0 fnt
|faint|p1a: Magnezone
|
|-weather|none
|upkeep
|inactive|Xrn has 210 seconds left.
|c|☆Xrn|well
|c|☆Xrn|oops
|inactive|Xrn has 180 seconds left.
|inactive|Xrn has 150 seconds left.
|
|t:|1666397872
|switch|p1a: Necrozma|Necrozma-Dusk-Mane|100/100
|-damage|p1a: Necrozma|94/100|[from] Stealth Rock
|turn|6
|
|t:|1666397895
|switch|p2a: Calyrex|Calyrex-Shadow|100/100
|-ability|p2a: Calyrex|As One
|-ability|p2a: Calyrex|Unnerve
|move|p1a: Necrozma|Dragon Dance|p1a: Necrozma
|-boost|p1a: Necrozma|atk|1
|-boost|p1a: Necrozma|spe|1
|
|-heal|p1a: Necrozma|100/100|[from] item: Leftovers
|upkeep
|turn|7
|
|t:|1666397901
|switch|p1a: Yveltal|Yveltal|67/100
|-ability|p1a: Yveltal|Dark Aura
|move|p2a: Calyrex|Astral Barrage|p1a: Yveltal
|-resisted|p1a: Yveltal
|-damage|p1a: Yveltal|43/100
|
|upkeep
|turn|8
|
|t:|1666397909
|switch|p2a: Eternatus|Eternatus|100/100
|-ability|p2a: Eternatus|Pressure
|move|p1a: Yveltal|Roost|p1a: Yveltal
|-heal|p1a: Yveltal|93/100
|-singleturn|p1a: Yveltal|move: Roost
|
|upkeep
|turn|9
|inactive|Xrn has 150 seconds left.
|
|t:|1666397926
|switch|p1a: Eternatus|Eternatus|100/100
|-damage|p1a: Eternatus|88/100|[from] Stealth Rock
|-ability|p1a: Eternatus|Pressure
|move|p2a: Eternatus|Meteor Beam||[still]
|-prepare|p2a: Eternatus|Meteor Beam
|-boost|p2a: Eternatus|spa|1
|-enditem|p2a: Eternatus|Power Herb
|-anim|p2a: Eternatus|Meteor Beam|p1a: Eternatus
|-damage|p1a: Eternatus|41/100
|
|-heal|p1a: Eternatus|47/100|[from] item: Black Sludge
|upkeep
|turn|10
|
|t:|1666397932
|move|p2a: Eternatus|Dynamax Cannon|p1a: Eternatus
|-supereffective|p1a: Eternatus
|-damage|p1a: Eternatus|0 fnt
|faint|p1a: Eternatus
|
|upkeep
|
|t:|1666397947
|switch|p1a: Darmanitan|Darmanitan-Galar, F|76/100
|-damage|p1a: Darmanitan|51/100|[from] Stealth Rock
|turn|11
|inactive|Stallion has 270 seconds left.
|
|t:|1666397995
|move|p1a: Darmanitan|Icicle Crash|p2a: Eternatus
|-supereffective|p2a: Eternatus
|-damage|p2a: Eternatus|0 fnt
|faint|p2a: Eternatus
|
|upkeep
|inactive|Stallion has 240 seconds left.
|
|t:|1666398005
|switch|p2a: Necrozma|Necrozma-Dusk-Mane|100/100
|turn|12
|
|t:|1666398009
|switch|p1a: Yveltal|Yveltal|93/100
|-ability|p1a: Yveltal|Dark Aura
|move|p2a: Necrozma|Dragon Dance|p2a: Necrozma
|-boost|p2a: Necrozma|atk|1
|-boost|p2a: Necrozma|spe|1
|
|upkeep
|turn|13
|inactive|Stallion has 240 seconds left.
|
|t:|1666398052
|move|p2a: Necrozma|Dragon Dance|p2a: Necrozma
|-boost|p2a: Necrozma|atk|1
|-boost|p2a: Necrozma|spe|1
|move|p1a: Yveltal|Knock Off|p2a: Necrozma
|-supereffective|p2a: Necrozma
|-enditem|p2a: Necrozma|Colbur Berry|[eat]
|-enditem|p2a: Necrozma|Colbur Berry|[weaken]
|-damage|p2a: Necrozma|65/100
|
|upkeep
|turn|14
|
|t:|1666398064
|move|p2a: Necrozma|Stone Edge|p1a: Yveltal
|-supereffective|p1a: Yveltal
|-damage|p1a: Yveltal|0 fnt
|faint|p1a: Yveltal
|
|upkeep
|
|t:|1666398068
|switch|p1a: Darmanitan|Darmanitan-Galar, F|51/100
|-damage|p1a: Darmanitan|26/100|[from] Stealth Rock
|turn|15
|
|t:|1666398072
|move|p2a: Necrozma|Earthquake|p1a: Darmanitan
|-damage|p1a: Darmanitan|0 fnt
|faint|p1a: Darmanitan
|
|upkeep
|
|t:|1666398073
|switch|p1a: Necrozma|Necrozma-Dusk-Mane|100/100
|-damage|p1a: Necrozma|94/100|[from] Stealth Rock
|turn|16
|
|t:|1666398079
|move|p2a: Necrozma|Earthquake|p1a: Necrozma
|-supereffective|p1a: Necrozma
|-damage|p1a: Necrozma|0 fnt
|faint|p1a: Necrozma
|
|upkeep
|
|t:|1666398080
|switch|p1a: Xerneas|Xerneas|100/100
|-damage|p1a: Xerneas|88/100|[from] Stealth Rock
|-ability|p1a: Xerneas|Fairy Aura
|turn|17
|c|☆Stallion|gg
|c|☆Xrn|Gg
|
|t:|1666398087
|move|p2a: Necrozma|Sunsteel Strike|p1a: Xerneas
|-supereffective|p1a: Xerneas
|-damage|p1a: Xerneas|0 fnt
|faint|p1a: Xerneas
|
|win|Stallion
