|inactive|Battle timer is ON: inactive players will automatically lose when time's up.
|t:|1666025783
|gametype|singles
|player|p1|ox04|red-gen7|
|player|p2|DugZaッ|#scl2machines|
|teamsize|p1|6
|teamsize|p2|6
|gen|8
|tier|[Gen 8] Ubers
|rule|Sleep Clause Mod: Limit one foe put to sleep
|rule|Species Clause: Limit one of each Pokémon
|rule|OHKO Clause: OHKO moves are banned
|rule|Evasion Items Clause: Evasion items are banned
|rule|Evasion Moves Clause: Evasion moves are banned
|rule|Endless Battle Clause: Forcing endless battles is banned
|rule|HP Percentage Mod: HP is shown in percentages
|rule|Dynamax Clause: You cannot dynamax
|clearpoke
|poke|p1|Marshadow|
|poke|p1|Yveltal|
|poke|p1|Kyogre|
|poke|p1|Necrozma-Dusk-Mane|
|poke|p1|Xerneas-*|
|poke|p1|Palkia|
|poke|p2|Shuckle, F|
|poke|p2|Yveltal|
|poke|p2|Terrakion|
|poke|p2|Thundurus-Therian, M|
|poke|p2|Marshadow|
|poke|p2|Xerneas-*|
|teampreview
|c|☆DugZaッ|hf
|c|☆ox04|u2
|inactive|ox04 has 270 seconds left.
|inactive|DugZaッ has 270 seconds left.
|inactive|ox04 has 240 seconds left.
|
|t:|1666025872
|start
|switch|p1a: Yveltal|Yveltal, shiny|100/100
|switch|p2a: Shuckle|Shuckle, F|100/100
|-ability|p1a: Yveltal|Dark Aura
|turn|1
|
|t:|1666025901
|move|p1a: Yveltal|Taunt|p2a: Shuckle
|-start|p2a: Shuckle|move: Taunt
|-enditem|p2a: Shuckle|Mental Herb
|-end|p2a: Shuckle|move: Taunt
|move|p2a: Shuckle|Sticky Web|p1a: Yveltal
|-sidestart|p1: ox04|move: Sticky Web
|
|upkeep
|turn|2
|inactive|DugZaッ has 270 seconds left.
|
|t:|1666025918
|switch|p2a: Xerneas|Xerneas|100/100
|-ability|p2a: Xerneas|Fairy Aura
|move|p1a: Yveltal|Dark Pulse|p2a: Xerneas
|-resisted|p2a: Xerneas
|-damage|p2a: Xerneas|73/100
|-damage|p1a: Yveltal|91/100|[from] item: Life Orb
|
|upkeep
|turn|3
|inactive|DugZaッ has 270 seconds left.
|
|t:|1666025928
|switch|p1a: Necrozma|Necrozma-Dusk-Mane|100/100
|-activate|p1a: Necrozma|move: Sticky Web
|-unboost|p1a: Necrozma|spe|1
|move|p2a: Xerneas|Moonblast|p1a: Necrozma
|-resisted|p1a: Necrozma
|-damage|p1a: Necrozma|79/100
|
|-heal|p1a: Necrozma|85/100|[from] item: Leftovers
|upkeep
|turn|4
|inactive|DugZaッ has 270 seconds left.
|
|t:|1666025943
|switch|p2a: Thundurus|Thundurus-Therian, M|100/100
|move|p1a: Necrozma|Toxic|p2a: Thundurus
|-status|p2a: Thundurus|tox
|
|-heal|p1a: Necrozma|91/100|[from] item: Leftovers
|-damage|p2a: Thundurus|94/100 tox|[from] psn
|upkeep
|turn|5
|inactive|DugZaッ has 270 seconds left.
|inactive|ox04 has 270 seconds left.
|inactive|ox04 has 240 seconds left.
|inactive|ox04 has 210 seconds left.
|
|t:|1666026049
|switch|p1a: Marshadow|Marshadow|100/100
|-activate|p1a: Marshadow|move: Sticky Web
|-unboost|p1a: Marshadow|spe|1
|move|p2a: Thundurus|Nasty Plot|p2a: Thundurus
|-boost|p2a: Thundurus|spa|2
|
|-damage|p2a: Thundurus|82/100 tox|[from] psn
|upkeep
|turn|6
|inactive|DugZaッ has 270 seconds left.
|
|t:|1666026065
|move|p1a: Marshadow|Shadow Sneak|p2a: Thundurus
|-damage|p2a: Thundurus|17/100 tox
|-damage|p1a: Marshadow|91/100|[from] item: Life Orb
|move|p2a: Thundurus|Psychic|p1a: Marshadow
|-supereffective|p1a: Marshadow
|-damage|p1a: Marshadow|0 fnt
|faint|p1a: Marshadow
|-damage|p2a: Thundurus|7/100 tox|[from] item: Life Orb
|
|-damage|p2a: Thundurus|0 fnt|[from] psn
|faint|p2a: Thundurus
|upkeep
|inactive|ox04 has 210 seconds left.
|inactive|DugZaッ has 270 seconds left.
|
|t:|1666026100
|switch|p1a: Yveltal|Yveltal, shiny|91/100
|switch|p2a: Shuckle|Shuckle, F|100/100
|-ability|p1a: Yveltal|Dark Aura
|turn|7
|
|t:|1666026110
|move|p1a: Yveltal|Taunt|p2a: Shuckle
|-start|p2a: Shuckle|move: Taunt
|move|p2a: Shuckle|Final Gambit|p1a: Yveltal
|-damage|p1a: Yveltal|29/100
|faint|p2a: Shuckle
|
|upkeep
|inactive|DugZaッ has 240 seconds left.
|
|t:|1666026145
|switch|p2a: Terrakion|Terrakion|100/100
|turn|8
|
|t:|1666026152
|move|p2a: Terrakion|Close Combat|p1a: Yveltal
|-damage|p1a: Yveltal|0 fnt
|-unboost|p2a: Terrakion|def|1
|-unboost|p2a: Terrakion|spd|1
|faint|p1a: Yveltal
|-damage|p2a: Terrakion|91/100|[from] item: Life Orb
|
|upkeep
|
|t:|1666026155
|switch|p1a: Xerneas|Xerneas, shiny|100/100
|-activate|p1a: Xerneas|move: Sticky Web
|-unboost|p1a: Xerneas|spe|1
|-ability|p1a: Xerneas|Fairy Aura
|turn|9
|
|t:|1666026159
|move|p2a: Terrakion|Stone Edge|p1a: Xerneas
|-damage|p1a: Xerneas|44/100
|-damage|p2a: Terrakion|81/100|[from] item: Life Orb
|move|p1a: Xerneas|Geomancy||[still]
|-prepare|p1a: Xerneas|Geomancy
|-enditem|p1a: Xerneas|Power Herb
|-anim|p1a: Xerneas|Geomancy|p1a: Xerneas
|-boost|p1a: Xerneas|spa|2
|-boost|p1a: Xerneas|spd|2
|-boost|p1a: Xerneas|spe|2
|
|upkeep
|turn|10
|inactive|DugZaッ has 240 seconds left.
|
|t:|1666026166
|move|p1a: Xerneas|Draining Kiss|p2a: Terrakion
|-supereffective|p2a: Terrakion
|-damage|p2a: Terrakion|0 fnt
|-heal|p1a: Xerneas|93/100|[from] drain|[of] p2a: Terrakion
|faint|p2a: Terrakion
|
|upkeep
|inactive|DugZaッ has 240 seconds left.
|c|☆ox04|that gg?
|c|☆DugZaッ|probs
|
|t:|1666026188
|switch|p2a: Xerneas|Xerneas|73/100
|-ability|p2a: Xerneas|Fairy Aura
|turn|11
|
|t:|1666026190
|move|p1a: Xerneas|Moonblast|p2a: Xerneas
|-damage|p2a: Xerneas|0 fnt
|faint|p2a: Xerneas
|
|upkeep
|c|☆DugZaッ|gg
|-message|DugZaッ forfeited.
|
|win|ox04
|c|☆ox04|gg
|player|p2|DugZaッ|#scl2machines
|c|☆ox04|sucks to waste a team like this ;(
