|inactive|Battle timer is ON: inactive players will automatically lose when time's up.
|t:|1655689509
|gametype|singles
|player|p1|Trade|may|
|player|p2|Fc ❤|#wcop2022canada|
|teamsize|p1|6
|teamsize|p2|6
|gen|8
|tier|[Gen 8] Ubers
|rule|Sleep Clause Mod: Limit one foe put to sleep
|rule|Species Clause: Limit one of each Pokémon
|rule|OHKO Clause: OHKO moves are banned
|rule|Evasion Moves Clause: Evasion moves are banned
|rule|Endless Battle Clause: Forcing endless battles is banned
|rule|HP Percentage Mod: HP is shown in percentages
|rule|Dynamax Clause: You cannot dynamax
|clearpoke
|poke|p1|Lunala|
|poke|p1|Calyrex-Shadow|
|poke|p1|Eternatus|
|poke|p1|Yveltal|
|poke|p1|Necrozma-Dusk-Mane|
|poke|p1|Groudon|
|poke|p2|Naganadel|
|poke|p2|Regice|
|poke|p2|Yveltal|
|poke|p2|Necrozma-Dusk-Mane|
|poke|p2|Kyogre|
|poke|p2|Clefable, M|
|teampreview
|c|☆Fc ❤|hf
|c|+BasedWhat? ♪|upl?
|c|+Seldanna|is this for invitational
|c|+keys|I hate fake cryingg
|c|☆Trade|hot
|inactive|Trade has 270 seconds left.
|inactive|Fc ❤ has 270 seconds left.
|c|+keys|fake cryingg lost to cryingg in open finals
|
|t:|1655689550
|start
|switch|p1a: Lunala|Lunala|100/100
|switch|p2a: Clefable|Clefable, M|100/100
|turn|1
|c|☆Trade|fc knows fake eternatus sweeps balance
|
|t:|1655689559
|switch|p1a: Eternatus|Eternatus|100/100
|-ability|p1a: Eternatus|Pressure
|move|p2a: Clefable|Thunder Wave|p1a: Eternatus
|-status|p1a: Eternatus|par
|
|upkeep
|turn|2
|c|☆Fc ❤|one
|
|t:|1655689567
|switch|p1a: Groudon|Groudon|100/100
|-weather|SunnyDay|[from] ability: Drought|[of] p1a: Groudon
|move|p2a: Clefable|Stealth Rock|p1a: Groudon
|-sidestart|p1: Trade|move: Stealth Rock
|
|-weather|SunnyDay|[upkeep]
|upkeep
|turn|3
|
|t:|1655689573
|move|p1a: Groudon|Heat Crash|p2a: Clefable
|-damage|p2a: Clefable|39/100
|move|p2a: Clefable|Moonblast|p1a: Groudon
|-damage|p1a: Groudon|68/100
|
|-weather|SunnyDay|[upkeep]
|-heal|p1a: Groudon|74/100|[from] item: Leftovers
|-heal|p2a: Clefable|45/100|[from] item: Leftovers
|upkeep
|turn|4
|
|t:|1655689577
|switch|p2a: Kyogre|Kyogre|100/100
|-weather|RainDance|[from] ability: Drizzle|[of] p2a: Kyogre
|move|p1a: Groudon|Precipice Blades|p2a: Kyogre
|-damage|p2a: Kyogre|26/100
|
|-weather|RainDance|[upkeep]
|-heal|p1a: Groudon|80/100|[from] item: Leftovers
|-heal|p2a: Kyogre|32/100|[from] item: Leftovers
|upkeep
|turn|5
|
|t:|1655689587
|move|p1a: Groudon|Stone Edge|p2a: Kyogre
|-damage|p2a: Kyogre|0 fnt
|faint|p2a: Kyogre
|
|-weather|RainDance|[upkeep]
|-heal|p1a: Groudon|86/100|[from] item: Leftovers
|upkeep
|c|☆Fc ❤|cteamed
|
|t:|1655689592
|switch|p2a: Naganadel|Naganadel|100/100
|turn|6
|c|☆Trade|broken
|
|t:|1655689602
|move|p2a: Naganadel|Draco Meteor|p1a: Groudon
|-damage|p1a: Groudon|2/100
|-unboost|p2a: Naganadel|spa|2
|-damage|p2a: Naganadel|91/100|[from] item: Life Orb
|move|p1a: Groudon|Precipice Blades|p2a: Naganadel
|-supereffective|p2a: Naganadel
|-damage|p2a: Naganadel|0 fnt
|faint|p2a: Naganadel
|
|-weather|RainDance|[upkeep]
|-heal|p1a: Groudon|9/100|[from] item: Leftovers
|upkeep
|c|☆Trade|oml
|c|☆Trade|evd
|c|☆Fc ❤|what the fuck
|c|☆Fc ❤|naga is so ass
|
|t:|1655689611
|switch|p2a: Yveltal|Yveltal|100/100
|-ability|p2a: Yveltal|Dark Aura
|turn|7
|
|t:|1655689614
|move|p2a: Yveltal|Knock Off|p1a: Groudon
|-damage|p1a: Groudon|0 fnt
|-enditem|p1a: Groudon|Leftovers|[from] move: Knock Off|[of] p2a: Yveltal
|faint|p1a: Groudon
|
|-weather|RainDance|[upkeep]
|upkeep
|c|☆Fc ❤|it's okay I will win
|
|t:|1655689619
|switch|p1a: Necrozma|Necrozma-Dusk-Mane|100/100
|-damage|p1a: Necrozma|94/100|[from] Stealth Rock
|turn|8
|c|☆Fc ❤|I have my trump card alive
|c|☆Trade|need rocks
|c|☆Trade|up
|
|t:|1655689625
|move|p2a: Yveltal|Knock Off|p1a: Necrozma
|-supereffective|p1a: Necrozma
|-enditem|p1a: Necrozma|Colbur Berry|[eat]
|-enditem|p1a: Necrozma|Colbur Berry|[weaken]
|-damage|p1a: Necrozma|67/100
|move|p1a: Necrozma|Thunder Wave|p2a: Yveltal
|-status|p2a: Yveltal|par
|
|-weather|none
|upkeep
|turn|9
|
|t:|1655689632
|move|p1a: Necrozma|Iron Head|p2a: Yveltal
|-damage|p2a: Yveltal|60/100 par
|cant|p2a: Yveltal|flinch
|
|upkeep
|turn|10
|
|t:|1655689635
|move|p1a: Necrozma|Iron Head|p2a: Yveltal
|-crit|p2a: Yveltal
|-damage|p2a: Yveltal|8/100 par
|move|p2a: Yveltal|Roost|p2a: Yveltal
|-heal|p2a: Yveltal|58/100 par
|-singleturn|p2a: Yveltal|move: Roost
|
|upkeep
|turn|11
|
|t:|1655689637
|switch|p2a: Necrozma|Necrozma-Dusk-Mane|100/100
|move|p1a: Necrozma|Iron Head|p2a: Necrozma
|-resisted|p2a: Necrozma
|-damage|p2a: Necrozma|87/100
|
|-heal|p2a: Necrozma|93/100|[from] item: Leftovers
|upkeep
|turn|12
|
|t:|1655689639
|move|p2a: Necrozma|Iron Head|p1a: Necrozma
|-resisted|p1a: Necrozma
|-damage|p1a: Necrozma|53/100
|move|p1a: Necrozma|Thunder Wave|p2a: Necrozma
|-status|p2a: Necrozma|par
|
|-heal|p2a: Necrozma|99/100 par|[from] item: Leftovers
|upkeep
|turn|13
|c|☆Trade|bout to fc the fc
|
|t:|1655689646
|move|p1a: Necrozma|Stealth Rock|p2a: Necrozma
|-sidestart|p2: Fc ❤|move: Stealth Rock
|move|p2a: Necrozma|Thunder Wave|p1a: Necrozma
|-status|p1a: Necrozma|par
|
|-heal|p2a: Necrozma|100/100 par|[from] item: Leftovers
|upkeep
|turn|14
|
|t:|1655689649
|move|p2a: Necrozma|Knock Off|p1a: Necrozma
|-supereffective|p1a: Necrozma
|-damage|p1a: Necrozma|32/100 par
|move|p1a: Necrozma|Morning Sun|p1a: Necrozma
|-heal|p1a: Necrozma|82/100 par
|
|upkeep
|turn|15
|
|t:|1655689652
|move|p2a: Necrozma|Thunder Wave|p1a: Necrozma
|-fail|p1a: Necrozma|par
|cant|p1a: Necrozma|par
|
|upkeep
|turn|16
|
|t:|1655689653
|cant|p2a: Necrozma|par
|move|p1a: Necrozma|Iron Head|p2a: Necrozma
|-resisted|p2a: Necrozma
|-damage|p2a: Necrozma|86/100 par
|
|-heal|p2a: Necrozma|92/100 par|[from] item: Leftovers
|upkeep
|turn|17
|
|t:|1655689654
|move|p2a: Necrozma|Knock Off|p1a: Necrozma
|-supereffective|p1a: Necrozma
|-crit|p1a: Necrozma
|-damage|p1a: Necrozma|46/100 par
|cant|p1a: Necrozma|par
|
|-heal|p2a: Necrozma|98/100 par|[from] item: Leftovers
|upkeep
|turn|18
|
|t:|1655689656
|switch|p1a: Calyrex|Calyrex-Shadow|100/100
|-ability|p1a: Calyrex|As One
|-ability|p1a: Calyrex|Unnerve
|-damage|p1a: Calyrex|88/100|[from] Stealth Rock
|move|p2a: Necrozma|Knock Off|p1a: Calyrex
|-supereffective|p1a: Calyrex
|-damage|p1a: Calyrex|0 fnt
|-enditem|p1a: Calyrex|Choice Specs|[from] move: Knock Off|[of] p2a: Necrozma
|faint|p1a: Calyrex
|
|-heal|p2a: Necrozma|100/100 par|[from] item: Leftovers
|upkeep
|c|☆Fc ❤|oml
|
|t:|1655689662
|switch|p1a: Lunala|Lunala|100/100
|turn|19
|c|☆Trade|sob
|
|t:|1655689665
|switch|p2a: Regice|Regice|100/100
|-damage|p2a: Regice|75/100|[from] Stealth Rock
|move|p1a: Lunala|Hex|p2a: Regice
|-damage|p2a: Regice|64/100
|
|upkeep
|turn|20
|c|☆Fc ❤|chip
|
|t:|1655689670
|move|p1a: Lunala|Thunder Wave|p2a: Regice|[miss]
|-miss|p1a: Lunala|p2a: Regice
|move|p2a: Regice|Thunder|p1a: Lunala
|-damage|p1a: Lunala|92/100
|
|upkeep
|turn|21
|
|t:|1655689672
|move|p1a: Lunala|Thunder Wave|p2a: Regice
|-status|p2a: Regice|par
|move|p2a: Regice|Thunder|p1a: Lunala
|-damage|p1a: Lunala|74/100
|
|upkeep
|turn|22
|
|t:|1655689677
|switch|p1a: Necrozma|Necrozma-Dusk-Mane|46/100 par
|-damage|p1a: Necrozma|40/100 par|[from] Stealth Rock
|move|p2a: Regice|Rest|p2a: Regice
|-status|p2a: Regice|slp|[from] move: Rest
|-heal|p2a: Regice|100/100 slp|[silent]
|
|upkeep
|turn|23
|
|t:|1655689679
|switch|p2a: Necrozma|Necrozma-Dusk-Mane|100/100 par
|-damage|p2a: Necrozma|94/100 par|[from] Stealth Rock
|move|p1a: Necrozma|Morning Sun|p1a: Necrozma
|-heal|p1a: Necrozma|90/100 par
|
|-heal|p2a: Necrozma|100/100 par|[from] item: Leftovers
|upkeep
|turn|24
|
|t:|1655689683
|switch|p1a: Eternatus|Eternatus|100/100 par
|-damage|p1a: Eternatus|88/100 par|[from] Stealth Rock
|-ability|p1a: Eternatus|Pressure
|move|p2a: Necrozma|Thunder Wave|p1a: Eternatus
|-fail|p1a: Eternatus|par
|
|upkeep
|turn|25
|
|t:|1655689685
|cant|p2a: Necrozma|par
|move|p1a: Eternatus|Dragon Tail|p2a: Necrozma
|-resisted|p2a: Necrozma
|-damage|p2a: Necrozma|94/100 par
|drag|p2a: Regice|Regice|100/100 slp
|-damage|p2a: Regice|75/100 slp|[from] Stealth Rock
|
|upkeep
|turn|26
|
|t:|1655689691
|switch|p1a: Necrozma|Necrozma-Dusk-Mane|90/100 par
|-damage|p1a: Necrozma|84/100 par|[from] Stealth Rock
|cant|p2a: Regice|slp
|move|p2a: Regice|Sleep Talk|p2a: Regice
|move|p2a: Regice|Rest||[from]move: Sleep Talk|[still]
|-fail|p2a: Regice
|
|upkeep
|turn|27
|
|t:|1655689694
|switch|p2a: Necrozma|Necrozma-Dusk-Mane|94/100 par
|-damage|p2a: Necrozma|88/100 par|[from] Stealth Rock
|move|p1a: Necrozma|Iron Head|p2a: Necrozma
|-resisted|p2a: Necrozma
|-damage|p2a: Necrozma|75/100 par
|
|-heal|p2a: Necrozma|81/100 par|[from] item: Leftovers
|upkeep
|turn|28
|
|t:|1655689696
|move|p2a: Necrozma|Knock Off|p1a: Necrozma
|-supereffective|p1a: Necrozma
|-damage|p1a: Necrozma|60/100 par
|move|p1a: Necrozma|Iron Head|p2a: Necrozma
|-resisted|p2a: Necrozma
|-damage|p2a: Necrozma|66/100 par
|
|-heal|p2a: Necrozma|72/100 par|[from] item: Leftovers
|upkeep
|turn|29
|
|t:|1655689698
|move|p2a: Necrozma|Knock Off|p1a: Necrozma
|-supereffective|p1a: Necrozma
|-damage|p1a: Necrozma|38/100 par
|move|p1a: Necrozma|Morning Sun|p1a: Necrozma
|-heal|p1a: Necrozma|88/100 par
|
|-heal|p2a: Necrozma|78/100 par|[from] item: Leftovers
|upkeep
|turn|30
|
|t:|1655689700
|switch|p1a: Yveltal|Yveltal|100/100
|-ability|p1a: Yveltal|Dark Aura
|move|p2a: Necrozma|Thunder Wave|p1a: Yveltal
|-status|p1a: Yveltal|par
|
|-heal|p2a: Necrozma|84/100 par|[from] item: Leftovers
|upkeep
|turn|31
|
|t:|1655689702
|switch|p2a: Clefable|Clefable, M|45/100
|move|p1a: Yveltal|Knock Off|p2a: Clefable
|-resisted|p2a: Clefable
|-damage|p2a: Clefable|24/100
|-enditem|p2a: Clefable|Leftovers|[from] move: Knock Off|[of] p1a: Yveltal
|
|upkeep
|turn|32
|
|t:|1655689707
|switch|p1a: Necrozma|Necrozma-Dusk-Mane|88/100 par
|-damage|p1a: Necrozma|82/100 par|[from] Stealth Rock
|move|p2a: Clefable|Soft-Boiled|p2a: Clefable
|-heal|p2a: Clefable|74/100
|
|upkeep
|turn|33
|
|t:|1655689710
|switch|p2a: Necrozma|Necrozma-Dusk-Mane|84/100 par
|-damage|p2a: Necrozma|78/100 par|[from] Stealth Rock
|switch|p1a: Lunala|Lunala|74/100
|
|-heal|p2a: Necrozma|84/100 par|[from] item: Leftovers
|upkeep
|turn|34
|
|t:|1655689714
|move|p1a: Lunala|Hex|p2a: Necrozma
|-supereffective|p2a: Necrozma
|-damage|p2a: Necrozma|29/100 par
|cant|p2a: Necrozma|par
|
|-heal|p2a: Necrozma|35/100 par|[from] item: Leftovers
|upkeep
|turn|35
|c|☆Fc ❤|NOOOOOOOOOOOOO
|
|t:|1655689718
|switch|p2a: Yveltal|Yveltal|58/100 par
|-ability|p2a: Yveltal|Dark Aura
|move|p1a: Lunala|Hex|p2a: Yveltal
|-resisted|p2a: Yveltal
|-damage|p2a: Yveltal|40/100 par
|
|upkeep
|turn|36
|c|☆Trade|freee
|
|t:|1655689723
|cant|p2a: Yveltal|par
|move|p1a: Lunala|Ice Beam|p2a: Yveltal
|-supereffective|p2a: Yveltal
|-damage|p2a: Yveltal|3/100 par
|
|upkeep
|turn|37
|c|☆Fc ❤|NOOOOOOOOOOOOOOOOOOOOO
|c|☆Trade|OML
|
|t:|1655689729
|move|p1a: Lunala|Roost|p1a: Lunala
|-heal|p1a: Lunala|100/100
|-singleturn|p1a: Lunala|move: Roost
|cant|p2a: Yveltal|par
|
|upkeep
|turn|38
|
|t:|1655689731
|cant|p2a: Yveltal|par
|move|p1a: Lunala|Ice Beam|p2a: Yveltal
|-supereffective|p2a: Yveltal
|-damage|p2a: Yveltal|0 fnt
|faint|p2a: Yveltal
|
|upkeep
|c|☆Trade|YOOO
|
|t:|1655689736
|switch|p2a: Clefable|Clefable, M|74/100
|turn|39
|
|t:|1655689739
|move|p1a: Lunala|Thunder Wave|p2a: Clefable
|-status|p2a: Clefable|par
|move|p2a: Clefable|Thunder Wave|p1a: Lunala
|-status|p1a: Lunala|par
|
|upkeep
|turn|40
|
|t:|1655689741
|switch|p2a: Regice|Regice|75/100 slp
|-damage|p2a: Regice|50/100 slp|[from] Stealth Rock
|move|p1a: Lunala|Hex|p2a: Regice
|-damage|p2a: Regice|27/100 slp
|
|upkeep
|turn|41
|
|t:|1655689743
|move|p1a: Lunala|Hex|p2a: Regice
|-damage|p2a: Regice|4/100 slp
|cant|p2a: Regice|slp
|move|p2a: Regice|Sleep Talk|p2a: Regice
|move|p2a: Regice|Thunder|p1a: Lunala|[from]move: Sleep Talk
|-damage|p1a: Lunala|92/100 par
|
|upkeep
|turn|42
|
|t:|1655689746
|cant|p1a: Lunala|par
|-curestatus|p2a: Regice|slp|[msg]
|move|p2a: Regice|Rest|p2a: Regice
|-status|p2a: Regice|slp|[from] move: Rest
|-heal|p2a: Regice|100/100 slp|[silent]
|
|upkeep
|turn|43
|c|☆Fc ❤|OML
|
|t:|1655689750
|switch|p1a: Necrozma|Necrozma-Dusk-Mane|82/100 par
|-damage|p1a: Necrozma|76/100 par|[from] Stealth Rock
|cant|p2a: Regice|slp
|move|p2a: Regice|Sleep Talk|p2a: Regice
|move|p2a: Regice|Ice Beam|p1a: Necrozma|[from]move: Sleep Talk
|-resisted|p1a: Necrozma
|-damage|p1a: Necrozma|66/100 par
|
|upkeep
|turn|44
|c|☆Fc ❤|chance
|c|☆Trade|chance
|c|☆Trade|af
|
|t:|1655689756
|cant|p2a: Regice|slp
|move|p2a: Regice|Sleep Talk|p2a: Regice
|move|p2a: Regice|Ice Beam|p1a: Necrozma|[from]move: Sleep Talk
|-resisted|p1a: Necrozma
|-damage|p1a: Necrozma|56/100 par
|move|p1a: Necrozma|Iron Head|p2a: Regice
|-supereffective|p2a: Regice
|-damage|p2a: Regice|22/100 slp
|
|upkeep
|turn|45
|
|t:|1655689758
|-curestatus|p2a: Regice|slp|[msg]
|move|p2a: Regice|Rest|p2a: Regice
|-status|p2a: Regice|slp|[from] move: Rest
|-heal|p2a: Regice|100/100 slp|[silent]
|move|p1a: Necrozma|Iron Head|p2a: Regice
|-supereffective|p2a: Regice
|-damage|p2a: Regice|29/100 slp
|
|upkeep
|turn|46
|
|t:|1655689761
|cant|p2a: Regice|slp
|move|p2a: Regice|Sleep Talk|p2a: Regice
|move|p2a: Regice|Thunder|p1a: Necrozma|[from]move: Sleep Talk
|-damage|p1a: Necrozma|40/100 par
|move|p1a: Necrozma|Iron Head|p2a: Regice
|-supereffective|p2a: Regice
|-damage|p2a: Regice|0 fnt
|faint|p2a: Regice
|
|upkeep
|
|t:|1655689762
|switch|p2a: Necrozma|Necrozma-Dusk-Mane|35/100 par
|-damage|p2a: Necrozma|29/100 par|[from] Stealth Rock
|turn|47
|
|t:|1655689765
|move|p2a: Necrozma|Moonlight|p2a: Necrozma
|-heal|p2a: Necrozma|79/100 par
|move|p1a: Necrozma|Morning Sun|p1a: Necrozma
|-heal|p1a: Necrozma|90/100 par
|
|-heal|p2a: Necrozma|85/100 par|[from] item: Leftovers
|upkeep
|turn|48
|
|t:|1655689767
|switch|p1a: Yveltal|Yveltal|100/100 par
|-ability|p1a: Yveltal|Dark Aura
|move|p2a: Necrozma|Knock Off|p1a: Yveltal
|-resisted|p1a: Yveltal
|-damage|p1a: Yveltal|83/100 par
|-enditem|p1a: Yveltal|Heavy-Duty Boots|[from] move: Knock Off|[of] p2a: Necrozma
|
|-heal|p2a: Necrozma|91/100 par|[from] item: Leftovers
|upkeep
|turn|49
|
|t:|1655689772
|switch|p1a: Lunala|Lunala|92/100 par
|switch|p2a: Clefable|Clefable, M|74/100 par
|
|upkeep
|turn|50
|
|t:|1655689775
|move|p1a: Lunala|Hex|p2a: Clefable
|-damage|p2a: Clefable|21/100 par
|move|p2a: Clefable|Moonblast|p1a: Lunala
|-damage|p1a: Lunala|71/100 par
|
|upkeep
|turn|51
|
|t:|1655689776
|move|p1a: Lunala|Hex|p2a: Clefable
|-damage|p2a: Clefable|0 fnt
|faint|p2a: Clefable
|
|upkeep
|
|t:|1655689777
|switch|p2a: Necrozma|Necrozma-Dusk-Mane|91/100 par
|-damage|p2a: Necrozma|85/100 par|[from] Stealth Rock
|turn|52
|
|t:|1655689779
|move|p1a: Lunala|Hex|p2a: Necrozma
|-supereffective|p2a: Necrozma
|-damage|p2a: Necrozma|32/100 par
|move|p2a: Necrozma|Knock Off|p1a: Lunala
|-supereffective|p1a: Lunala
|-damage|p1a: Lunala|0 fnt
|-enditem|p1a: Lunala|Heavy-Duty Boots|[from] move: Knock Off|[of] p2a: Necrozma
|faint|p1a: Lunala
|
|-heal|p2a: Necrozma|38/100 par|[from] item: Leftovers
|upkeep
|
|t:|1655689783
|switch|p1a: Yveltal|Yveltal|83/100 par
|-damage|p1a: Yveltal|58/100 par|[from] Stealth Rock
|-ability|p1a: Yveltal|Dark Aura
|turn|53
|
|t:|1655689785
|cant|p1a: Yveltal|par
|move|p2a: Necrozma|Moonlight|p2a: Necrozma
|-heal|p2a: Necrozma|88/100 par
|
|-heal|p2a: Necrozma|94/100 par|[from] item: Leftovers
|upkeep
|turn|54
|
|t:|1655689788
|move|p1a: Yveltal|Roost|p1a: Yveltal
|-heal|p1a: Yveltal|100/100 par
|-singleturn|p1a: Yveltal|move: Roost
|move|p2a: Necrozma|Moonlight|p2a: Necrozma
|-heal|p2a: Necrozma|100/100 par
|
|upkeep
|turn|55
|
|t:|1655689789
|move|p1a: Yveltal|Knock Off|p2a: Necrozma
|-supereffective|p2a: Necrozma
|-damage|p2a: Necrozma|41/100 par
|-enditem|p2a: Necrozma|Leftovers|[from] move: Knock Off|[of] p1a: Yveltal
|move|p2a: Necrozma|Iron Head|p1a: Yveltal
|-damage|p1a: Yveltal|71/100 par
|
|upkeep
|turn|56
|
|t:|1655689791
|move|p1a: Yveltal|Knock Off|p2a: Necrozma
|-supereffective|p2a: Necrozma
|-damage|p2a: Necrozma|5/100 par
|move|p2a: Necrozma|Moonlight|p2a: Necrozma
|-heal|p2a: Necrozma|55/100 par
|
|upkeep
|turn|57
|
|t:|1655689793
|move|p1a: Yveltal|Knock Off|p2a: Necrozma
|-supereffective|p2a: Necrozma
|-damage|p2a: Necrozma|17/100 par
|cant|p2a: Necrozma|par
|
|upkeep
|turn|58
|
|t:|1655689794
|cant|p1a: Yveltal|par
|cant|p2a: Necrozma|par
|
|upkeep
|turn|59
|
|t:|1655689797
|cant|p1a: Yveltal|par
|move|p2a: Necrozma|Moonlight|p2a: Necrozma
|-heal|p2a: Necrozma|67/100 par
|
|upkeep
|turn|60
|
|t:|1655689799
|move|p1a: Yveltal|Knock Off|p2a: Necrozma
|-supereffective|p2a: Necrozma
|-damage|p2a: Necrozma|29/100 par
|move|p2a: Necrozma|Iron Head|p1a: Yveltal
|-damage|p1a: Yveltal|37/100 par
|
|upkeep
|turn|61
|
|t:|1655689801
|cant|p1a: Yveltal|par
|move|p2a: Necrozma|Moonlight|p2a: Necrozma
|-heal|p2a: Necrozma|79/100 par
|
|upkeep
|turn|62
|
|t:|1655689802
|move|p1a: Yveltal|Roost|p1a: Yveltal
|-heal|p1a: Yveltal|87/100 par
|-singleturn|p1a: Yveltal|move: Roost
|move|p2a: Necrozma|Iron Head|p1a: Yveltal
|-damage|p1a: Yveltal|53/100 par
|
|upkeep
|turn|63
|
|t:|1655689804
|move|p1a: Yveltal|Roost|p1a: Yveltal
|-heal|p1a: Yveltal|100/100 par
|-singleturn|p1a: Yveltal|move: Roost
|move|p2a: Necrozma|Iron Head|p1a: Yveltal
|-damage|p1a: Yveltal|67/100 par
|
|upkeep
|turn|64
|
|t:|1655689806
|cant|p1a: Yveltal|par
|move|p2a: Necrozma|Iron Head|p1a: Yveltal
|-damage|p1a: Yveltal|35/100 par
|
|upkeep
|turn|65
|
|t:|1655689807
|move|p1a: Yveltal|Roost|p1a: Yveltal
|-heal|p1a: Yveltal|85/100 par
|-singleturn|p1a: Yveltal|move: Roost
|cant|p2a: Necrozma|par
|
|upkeep
|turn|66
|
|t:|1655689809
|move|p1a: Yveltal|Knock Off|p2a: Necrozma
|-supereffective|p2a: Necrozma
|-damage|p2a: Necrozma|40/100 par
|move|p2a: Necrozma|Iron Head|p1a: Yveltal
|-damage|p1a: Yveltal|50/100 par
|
|upkeep
|turn|67
|
|t:|1655689811
|move|p1a: Yveltal|Knock Off|p2a: Necrozma
|-supereffective|p2a: Necrozma
|-damage|p2a: Necrozma|3/100 par
|cant|p2a: Necrozma|par
|
|upkeep
|turn|68
|
|t:|1655689814
|move|p1a: Yveltal|Knock Off|p2a: Necrozma
|-supereffective|p2a: Necrozma
|-damage|p2a: Necrozma|0 fnt
|faint|p2a: Necrozma
|
|win|Trade
|c|☆Fc ❤|bg
|c|☆Fc ❤|never lucky
|c|☆Trade|chance af
