|inactive|Battle timer is ON: inactive players will automatically lose when time's up.
|t:|1662894604
|gametype|singles
|player|p1|noobiste|2|
|player|p2|Aurora|parasollady-gen6|
|teamsize|p1|6
|teamsize|p2|6
|gen|8
|tier|[Gen 8] Ubers
|rule|Sleep Clause Mod: Limit one foe put to sleep
|rule|Species Clause: Limit one of each Pokémon
|rule|OHKO Clause: OHKO moves are banned
|rule|Evasion Items Clause: Evasion items are banned
|rule|Evasion Moves Clause: Evasion moves are banned
|rule|Endless Battle Clause: Forcing endless battles is banned
|rule|HP Percentage Mod: HP is shown in percentages
|rule|Dynamax Clause: You cannot dynamax
|clearpoke
|poke|p1|Kyogre|
|poke|p1|Urshifu-*, M|
|poke|p1|Solgaleo|
|poke|p1|Palkia|
|poke|p1|Mandibuzz, F|
|poke|p1|Ferrothorn, M|
|poke|p2|Necrozma-Dawn-Wings|
|poke|p2|Jirachi|
|poke|p2|Yveltal|
|poke|p2|Eternatus|
|poke|p2|Marshadow|
|poke|p2|Kyurem-Black|
|teampreview
|c|☆noobiste|hf
|c|☆Aurora|you too
|inactive|noobiste has 270 seconds left.
|inactive|Aurora has 270 seconds left.
|
|t:|1662894648
|start
|switch|p1a: 15K|Kyogre|100/100
|switch|p2a: death as a crown|Jirachi|100/100
|-weather|RainDance|[from] ability: Drizzle|[of] p1a: 15K
|turn|1
|
|t:|1662894666
|switch|p2a: flower offering|Eternatus|100/100
|-ability|p2a: flower offering|Pressure
|switch|p1a: 1|Mandibuzz, F|100/100
|
|-weather|RainDance|[upkeep]
|upkeep
|turn|2
|
|t:|1662894674
|move|p2a: flower offering|Toxic|p1a: 1
|-status|p1a: 1|tox
|move|p1a: 1|Knock Off|p2a: flower offering
|-damage|p2a: flower offering|83/100
|-enditem|p2a: flower offering|Heavy-Duty Boots|[from] move: Knock Off|[of] p1a: 1
|
|-weather|RainDance|[upkeep]
|-damage|p1a: 1|94/100 tox|[from] psn
|upkeep
|turn|3
|
|t:|1662894680
|switch|p2a: death as a crown|Jirachi|100/100
|move|p1a: 1|U-turn|p2a: death as a crown
|-damage|p2a: death as a crown|91/100
|
|t:|1662894685
|switch|p1a: 5|Solgaleo|100/100|[from]move: U-turn
|
|-weather|RainDance|[upkeep]
|upkeep
|turn|4
|
|t:|1662894689
|move|p2a: death as a crown|Stealth Rock|p1a: 5
|-sidestart|p1: noobiste|move: Stealth Rock
|move|p1a: 5|Teleport|p1a: 5
|
|t:|1662894694
|switch|p1a: 12A|Ferrothorn, M|100/100|[from]move: Teleport
|-damage|p1a: 12A|94/100|[from] Stealth Rock
|
|-weather|RainDance|[upkeep]
|-heal|p1a: 12A|100/100|[from] item: Leftovers
|upkeep
|turn|5
|
|t:|1662894703
|switch|p2a: cheers|Marshadow|100/100
|move|p1a: 12A|Stealth Rock|p2a: cheers
|-sidestart|p2: Aurora|move: Stealth Rock
|
|-weather|none
|upkeep
|turn|6
|
|t:|1662894720
|move|p2a: cheers|Low Kick|p1a: 12A
|-supereffective|p1a: 12A
|-damage|p1a: 12A|5/100
|-damage|p2a: cheers|88/100|[from] ability: Iron Barbs|[of] p1a: 12A
|move|p1a: 12A|Leech Seed|p2a: cheers
|-start|p2a: cheers|move: Leech Seed
|
|-heal|p1a: 12A|11/100|[from] item: Leftovers
|-damage|p2a: cheers|76/100|[from] Leech Seed|[of] p1a: 12A
|-heal|p1a: 12A|23/100|[silent]
|upkeep
|turn|7
|
|t:|1662894728
|switch|p2a: half truth|Yveltal|100/100
|-ability|p2a: half truth|Dark Aura
|switch|p1a: 1|Mandibuzz, F|94/100 tox
|
|-damage|p1a: 1|88/100 tox|[from] psn
|upkeep
|turn|8
|
|t:|1662894739
|move|p2a: half truth|U-turn|p1a: 1
|-damage|p1a: 1|72/100 tox
|
|t:|1662894743
|switch|p2a: flower offering|Eternatus|83/100|[from]move: U-turn
|-damage|p2a: flower offering|70/100|[from] Stealth Rock
|-ability|p2a: flower offering|Pressure
|move|p1a: 1|U-turn|p2a: flower offering
|-resisted|p2a: flower offering
|-damage|p2a: flower offering|66/100
|
|t:|1662894773
|switch|p1a: 15K|Kyogre|100/100|[from]move: U-turn
|-damage|p1a: 15K|88/100|[from] Stealth Rock
|-weather|RainDance|[from] ability: Drizzle|[of] p1a: 15K
|
|-weather|RainDance|[upkeep]
|upkeep
|turn|9
|
|t:|1662894777
|move|p2a: flower offering|Recover|p2a: flower offering
|-heal|p2a: flower offering|100/100
|move|p1a: 15K|Ice Beam|p2a: flower offering
|-supereffective|p2a: flower offering
|-damage|p2a: flower offering|36/100
|
|-weather|RainDance|[upkeep]
|upkeep
|turn|10
|
|t:|1662894795
|move|p2a: flower offering|Toxic|p1a: 15K
|-status|p1a: 15K|tox
|move|p1a: 15K|Ice Beam|p2a: flower offering
|-supereffective|p2a: flower offering
|-damage|p2a: flower offering|0 fnt
|faint|p2a: flower offering
|
|-weather|RainDance|[upkeep]
|-damage|p1a: 15K|82/100 tox|[from] psn
|upkeep
|
|t:|1662894814
|switch|p2a: cheers|Marshadow|76/100
|-damage|p2a: cheers|69/100|[from] Stealth Rock
|turn|11
|
|t:|1662894819
|switch|p1a: 12A|Ferrothorn, M|23/100
|-damage|p1a: 12A|16/100|[from] Stealth Rock
|move|p2a: cheers|Low Kick|p1a: 12A
|-supereffective|p1a: 12A
|-damage|p1a: 12A|0 fnt
|-damage|p2a: cheers|57/100|[from] ability: Iron Barbs|[of] p1a: 12A
|faint|p1a: 12A
|
|-weather|RainDance|[upkeep]
|upkeep
|
|t:|1662894824
|switch|p1a: 1URS|Urshifu-Rapid-Strike, M|100/100
|-damage|p1a: 1URS|94/100|[from] Stealth Rock
|turn|12
|
|t:|1662894839
|move|p1a: 1URS|Surging Strikes|p2a: cheers
|-crit|p2a: cheers
|-damage|p2a: cheers|15/100
|-crit|p2a: cheers
|-damage|p2a: cheers|0 fnt
|faint|p2a: cheers
|-hitcount|p2: cheers|2
|
|-weather|none
|upkeep
|
|t:|1662894853
|switch|p2a: saccharine trance|Kyurem-Black|100/100
|-damage|p2a: saccharine trance|76/100|[from] Stealth Rock
|-ability|p2a: saccharine trance|Teravolt
|turn|13
|
|t:|1662894861
|switch|p1a: 5|Solgaleo|100/100
|-damage|p1a: 5|94/100|[from] Stealth Rock
|move|p2a: saccharine trance|Dragon Dance|p2a: saccharine trance
|-boost|p2a: saccharine trance|atk|1
|-boost|p2a: saccharine trance|spe|1
|
|-heal|p1a: 5|100/100|[from] item: Leftovers
|upkeep
|turn|14
|
|t:|1662894890
|switch|p1a: 1|Mandibuzz, F|72/100 tox
|move|p2a: saccharine trance|Fusion Bolt|p1a: 1
|-supereffective|p1a: 1
|-damage|p1a: 1|0 fnt
|faint|p1a: 1
|-damage|p2a: saccharine trance|66/100|[from] item: Life Orb
|
|upkeep
|
|t:|1662894894
|switch|p1a: 5|Solgaleo|100/100
|-damage|p1a: 5|94/100|[from] Stealth Rock
|turn|15
|
|t:|1662894897
|move|p2a: saccharine trance|Dragon Dance|p2a: saccharine trance
|-boost|p2a: saccharine trance|atk|1
|-boost|p2a: saccharine trance|spe|1
|move|p1a: 5|Sunsteel Strike|p2a: saccharine trance
|-supereffective|p2a: saccharine trance
|-damage|p2a: saccharine trance|0 fnt
|faint|p2a: saccharine trance
|
|-heal|p1a: 5|100/100|[from] item: Leftovers
|upkeep
|
|t:|1662894908
|switch|p2a: half truth|Yveltal|100/100
|-ability|p2a: half truth|Dark Aura
|turn|16
|
|t:|1662894924
|move|p2a: half truth|Knock Off|p1a: 5
|-supereffective|p1a: 5
|-damage|p1a: 5|25/100
|-enditem|p1a: 5|Leftovers|[from] move: Knock Off|[of] p2a: half truth
|move|p1a: 5|Knock Off|p2a: half truth
|-resisted|p2a: half truth
|-damage|p2a: half truth|86/100
|-enditem|p2a: half truth|Heavy-Duty Boots|[from] move: Knock Off|[of] p1a: 5
|
|upkeep
|turn|17
|inactive|noobiste has 270 seconds left.
|
|t:|1662894955
|move|p2a: half truth|Knock Off|p1a: 5
|-supereffective|p1a: 5
|-damage|p1a: 5|0 fnt
|faint|p1a: 5
|
|upkeep
|
|t:|1662894958
|switch|p1a: 5PAL|Palkia|100/100
|-damage|p1a: 5PAL|88/100|[from] Stealth Rock
|-ability|p1a: 5PAL|Pressure
|turn|18
|
|t:|1662894964
|switch|p2a: death as a crown|Jirachi|91/100
|-damage|p2a: death as a crown|85/100|[from] Stealth Rock
|move|p1a: 5PAL|Thunder|p2a: death as a crown
|-damage|p2a: death as a crown|51/100
|
|upkeep
|turn|19
|
|t:|1662894972
|move|p1a: 5PAL|Hydro Pump|p2a: death as a crown
|-crit|p2a: death as a crown
|-damage|p2a: death as a crown|0 fnt
|faint|p2a: death as a crown
|
|upkeep
|
|t:|1662894977
|switch|p2a: cerulean wound|Necrozma-Dawn-Wings|100/100
|-damage|p2a: cerulean wound|88/100|[from] Stealth Rock
|turn|20
|
|t:|1662894992
|move|p1a: 5PAL|Spacial Rend|p2a: cerulean wound
|-damage|p2a: cerulean wound|37/100
|move|p2a: cerulean wound|Trick Room|p2a: cerulean wound
|-fieldstart|move: Trick Room|[of] p2a: cerulean wound
|
|upkeep
|turn|21
|inactive|noobiste has 270 seconds left.
|inactive|noobiste has 240 seconds left.
|
|t:|1662895047
|move|p2a: cerulean wound|Meteor Beam||[still]
|-prepare|p2a: cerulean wound|Meteor Beam
|-boost|p2a: cerulean wound|spa|1
|-enditem|p2a: cerulean wound|Power Herb
|-anim|p2a: cerulean wound|Meteor Beam|p1a: 5PAL
|-damage|p1a: 5PAL|16/100
|move|p1a: 5PAL|Spacial Rend|p2a: cerulean wound
|-damage|p2a: cerulean wound|0 fnt
|faint|p2a: cerulean wound
|
|upkeep
|
|t:|1662895049
|switch|p2a: half truth|Yveltal|86/100
|-damage|p2a: half truth|61/100|[from] Stealth Rock
|-ability|p2a: half truth|Dark Aura
|turn|22
|
|t:|1662895054
|move|p2a: half truth|Knock Off|p1a: 5PAL
|-damage|p1a: 5PAL|0 fnt
|-enditem|p1a: 5PAL|Lustrous Orb|[from] move: Knock Off|[of] p2a: half truth
|faint|p1a: 5PAL
|
|upkeep
|
|t:|1662895057
|switch|p1a: 15K|Kyogre|82/100 tox
|-damage|p1a: 15K|70/100 tox|[from] Stealth Rock
|-weather|RainDance|[from] ability: Drizzle|[of] p1a: 15K
|turn|23
|
|t:|1662895059
|move|p2a: half truth|Knock Off|p1a: 15K
|-crit|p1a: 15K
|-damage|p1a: 15K|0 fnt
|-enditem|p1a: 15K|Choice Specs|[from] move: Knock Off|[of] p2a: half truth
|faint|p1a: 15K
|
|-weather|RainDance|[upkeep]
|upkeep
|
|t:|1662895063
|switch|p1a: 1URS|Urshifu-Rapid-Strike, M|94/100
|-damage|p1a: 1URS|88/100|[from] Stealth Rock
|turn|24
|c|☆noobiste|does crit matter?
|inactive|noobiste has 270 seconds left.
|
|t:|1662895085
|move|p2a: half truth|Roost|p2a: half truth
|-heal|p2a: half truth|100/100
|-singleturn|p2a: half truth|move: Roost
|move|p1a: 1URS|Surging Strikes|p2a: half truth
|-crit|p2a: half truth
|-damage|p2a: half truth|77/100
|-crit|p2a: half truth
|-damage|p2a: half truth|53/100
|-crit|p2a: half truth
|-damage|p2a: half truth|32/100
|-hitcount|p2a: half truth|3
|
|-weather|RainDance|[upkeep]
|-fieldend|move: Trick Room
|upkeep
|turn|25
|
|t:|1662895091
|move|p1a: 1URS|Surging Strikes|p2a: half truth
|-crit|p2a: half truth
|-damage|p2a: half truth|10/100
|-crit|p2a: half truth
|-damage|p2a: half truth|0 fnt
|faint|p2a: half truth
|-hitcount|p2: half truth|2
|
|win|noobiste
|c|☆Aurora|gg
|c|☆noobiste|gg
