|inactive|Battle timer is ON: inactive players will automatically lose when time's up.
|t:|1667419113
|gametype|singles
|player|p1|Inder|lucas|
|player|p2|RichardMillePlain|1|
|teamsize|p1|6
|teamsize|p2|6
|gen|8
|tier|[Gen 8] Ubers
|rule|Sleep Clause Mod: Limit one foe put to sleep
|rule|Species Clause: Limit one of each Pokémon
|rule|OHKO Clause: OHKO moves are banned
|rule|Evasion Items Clause: Evasion items are banned
|rule|Evasion Moves Clause: Evasion moves are banned
|rule|Endless Battle Clause: Forcing endless battles is banned
|rule|HP Percentage Mod: HP is shown in percentages
|rule|Dynamax Clause: You cannot dynamax
|clearpoke
|poke|p1|Shuckle, M|
|poke|p1|Calyrex-Shadow|
|poke|p1|Yveltal|
|poke|p1|Rayquaza|
|poke|p1|Eternatus|
|poke|p1|Necrozma-Dusk-Mane|
|poke|p2|Kyogre|
|poke|p2|Ho-Oh|
|poke|p2|Eternatus|
|poke|p2|Yveltal|
|poke|p2|Necrozma-Dusk-Mane|
|poke|p2|Calyrex-Shadow|
|teampreview
|inactive|Inder also wants the timer to be on.
|c|☆Inder|hf
|c|☆RichardMillePlain|u2
|
|t:|1667419129
|start
|switch|p1a: Shuckle|Shuckle, M|100/100
|switch|p2a: Necrozma|Necrozma-Dusk-Mane|100/100
|turn|1
|
|t:|1667419132
|move|p2a: Necrozma|Sunsteel Strike|p1a: Shuckle
|-supereffective|p1a: Shuckle
|-damage|p1a: Shuckle|44/100
|-enditem|p1a: Shuckle|Red Card|[of] p2a: Necrozma
|drag|p2a: Calyrex|Calyrex-Shadow|100/100
|-ability|p2a: Calyrex|As One
|-ability|p2a: Calyrex|Unnerve
|move|p1a: Shuckle|Sticky Web|p2a: Calyrex
|-sidestart|p2: RichardMillePlain|move: Sticky Web
|
|upkeep
|turn|2
|
|t:|1667419136
|switch|p1a: Yveltal|Yveltal|100/100
|-ability|p1a: Yveltal|Dark Aura
|move|p2a: Calyrex|Astral Barrage|p1a: Yveltal
|-resisted|p1a: Yveltal
|-damage|p1a: Yveltal|68/100
|
|upkeep
|turn|3
|
|t:|1667419155
|switch|p2a: Eternatus|Eternatus|100/100
|-activate|p2a: Eternatus|move: Sticky Web
|-unboost|p2a: Eternatus|spe|1
|-ability|p2a: Eternatus|Pressure
|move|p1a: Yveltal|Oblivion Wing|p2a: Eternatus
|-damage|p2a: Eternatus|62/100
|-heal|p1a: Yveltal|100/100|[from] drain|[of] p2a: Eternatus
|-damage|p1a: Yveltal|91/100|[from] item: Life Orb
|
|upkeep
|turn|4
|
|t:|1667419160
|switch|p1a: Shuckle|Shuckle, M|44/100
|move|p2a: Eternatus|Mystical Fire|p1a: Shuckle
|-damage|p1a: Shuckle|28/100
|-unboost|p1a: Shuckle|spa|1
|
|upkeep
|turn|5
|
|t:|1667419164
|switch|p1a: Eternatus|Eternatus|100/100
|-ability|p1a: Eternatus|Pressure
|move|p2a: Eternatus|Dynamax Cannon|p1a: Eternatus
|-supereffective|p1a: Eternatus
|-damage|p1a: Eternatus|26/100
|
|upkeep
|turn|6
|
|t:|1667419175
|switch|p2a: Necrozma|Necrozma-Dusk-Mane|100/100
|-activate|p2a: Necrozma|move: Sticky Web
|-unboost|p2a: Necrozma|spe|1
|move|p1a: Eternatus|Meteor Beam||[still]
|-prepare|p1a: Eternatus|Meteor Beam
|-boost|p1a: Eternatus|spa|1
|-enditem|p1a: Eternatus|Power Herb
|-anim|p1a: Eternatus|Meteor Beam|p2a: Necrozma
|-resisted|p2a: Necrozma
|-crit|p2a: Necrozma
|-damage|p2a: Necrozma|71/100
|
|-heal|p2a: Necrozma|77/100|[from] item: Leftovers
|upkeep
|turn|7
|
|t:|1667419178
|move|p1a: Eternatus|Flamethrower|p2a: Necrozma
|-supereffective|p2a: Necrozma
|-damage|p2a: Necrozma|35/100
|move|p2a: Necrozma|Morning Sun|p2a: Necrozma
|-heal|p2a: Necrozma|85/100
|
|-heal|p2a: Necrozma|91/100|[from] item: Leftovers
|upkeep
|turn|8
|
|t:|1667419181
|move|p1a: Eternatus|Flamethrower|p2a: Necrozma
|-supereffective|p2a: Necrozma
|-damage|p2a: Necrozma|43/100
|move|p2a: Necrozma|Stealth Rock|p1a: Eternatus
|-sidestart|p1: Inder|move: Stealth Rock
|
|-heal|p2a: Necrozma|49/100|[from] item: Leftovers
|upkeep
|turn|9
|
|t:|1667419185
|move|p1a: Eternatus|Flamethrower|p2a: Necrozma
|-supereffective|p2a: Necrozma
|-damage|p2a: Necrozma|7/100
|move|p2a: Necrozma|Morning Sun|p2a: Necrozma
|-heal|p2a: Necrozma|57/100
|
|-heal|p2a: Necrozma|63/100|[from] item: Leftovers
|upkeep
|turn|10
|
|t:|1667419187
|move|p1a: Eternatus|Flamethrower|p2a: Necrozma
|-supereffective|p2a: Necrozma
|-damage|p2a: Necrozma|20/100
|move|p2a: Necrozma|Morning Sun|p2a: Necrozma
|-heal|p2a: Necrozma|70/100
|
|-heal|p2a: Necrozma|76/100|[from] item: Leftovers
|upkeep
|turn|11
|
|t:|1667419189
|move|p1a: Eternatus|Flamethrower|p2a: Necrozma
|-supereffective|p2a: Necrozma
|-crit|p2a: Necrozma
|-damage|p2a: Necrozma|3/100
|move|p2a: Necrozma|Morning Sun|p2a: Necrozma
|-heal|p2a: Necrozma|53/100
|
|-heal|p2a: Necrozma|59/100|[from] item: Leftovers
|upkeep
|turn|12
|
|t:|1667419192
|move|p1a: Eternatus|Flamethrower|p2a: Necrozma
|-supereffective|p2a: Necrozma
|-damage|p2a: Necrozma|15/100
|move|p2a: Necrozma|Sunsteel Strike|p1a: Eternatus
|-crit|p1a: Eternatus
|-damage|p1a: Eternatus|0 fnt
|faint|p1a: Eternatus
|
|-heal|p2a: Necrozma|21/100|[from] item: Leftovers
|upkeep
|
|t:|1667419206
|switch|p1a: Calyrex|Calyrex-Shadow|100/100
|-ability|p1a: Calyrex|As One
|-ability|p1a: Calyrex|Unnerve
|-damage|p1a: Calyrex|88/100|[from] Stealth Rock
|turn|13
|
|t:|1667419209
|move|p1a: Calyrex|Astral Barrage|p2a: Necrozma
|-supereffective|p2a: Necrozma
|-damage|p2a: Necrozma|0 fnt
|faint|p2a: Necrozma
|-ability|p1a: Calyrex|Grim Neigh|boost
|-boost|p1a: Calyrex|spa|1
|
|upkeep
|
|t:|1667419210
|switch|p2a: Yveltal|Yveltal|100/100
|-ability|p2a: Yveltal|Dark Aura
|turn|14
|
|t:|1667419236
|move|p1a: Calyrex|Encore||[still]
|-fail|p1a: Calyrex
|move|p2a: Yveltal|Knock Off|p1a: Calyrex
|-supereffective|p1a: Calyrex
|-damage|p1a: Calyrex|0 fnt
|-enditem|p1a: Calyrex|Focus Sash|[from] move: Knock Off|[of] p2a: Yveltal
|faint|p1a: Calyrex
|
|upkeep
|
|t:|1667419239
|switch|p1a: Yveltal|Yveltal|91/100
|-damage|p1a: Yveltal|66/100|[from] Stealth Rock
|-ability|p1a: Yveltal|Dark Aura
|turn|15
|
|t:|1667419242
|switch|p2a: Ho-Oh|Ho-Oh|100/100
|move|p1a: Yveltal|Oblivion Wing|p2a: Ho-Oh
|-crit|p2a: Ho-Oh
|-damage|p2a: Ho-Oh|59/100
|-heal|p1a: Yveltal|98/100|[from] drain|[of] p2a: Ho-Oh
|-damage|p1a: Yveltal|89/100|[from] item: Life Orb
|
|upkeep
|turn|16
|
|t:|1667419246
|switch|p1a: Shuckle|Shuckle, M|28/100
|-damage|p1a: Shuckle|3/100|[from] Stealth Rock
|move|p2a: Ho-Oh|Thunder Wave|p1a: Shuckle
|-status|p1a: Shuckle|par
|
|upkeep
|turn|17
|
|t:|1667419249
|move|p2a: Ho-Oh|Brave Bird|p1a: Shuckle
|-damage|p1a: Shuckle|0 fnt
|faint|p1a: Shuckle
|-damage|p2a: Ho-Oh|59/100|[from] Recoil
|
|upkeep
|
|t:|1667419251
|switch|p1a: Rayquaza|Rayquaza|100/100
|-damage|p1a: Rayquaza|76/100|[from] Stealth Rock
|-ability|p1a: Rayquaza|Air Lock
|turn|18
|
|t:|1667419259
|switch|p2a: Eternatus|Eternatus|62/100
|-activate|p2a: Eternatus|move: Sticky Web
|-unboost|p2a: Eternatus|spe|1
|-ability|p2a: Eternatus|Pressure
|move|p1a: Rayquaza|Dragon Ascent|p2a: Eternatus
|-damage|p2a: Eternatus|7/100
|-unboost|p1a: Rayquaza|def|1
|-unboost|p1a: Rayquaza|spd|1
|
|upkeep
|turn|19
|
|t:|1667419266
|move|p1a: Rayquaza|Scale Shot|p2a: Eternatus
|-supereffective|p2a: Eternatus
|-enditem|p2a: Eternatus|Haban Berry|[eat]
|-enditem|p2a: Eternatus|Haban Berry|[weaken]
|-damage|p2a: Eternatus|0 fnt
|faint|p2a: Eternatus
|-hitcount|p2: Eternatus|1
|-unboost|p1a: Rayquaza|def|1
|-boost|p1a: Rayquaza|spe|1
|
|upkeep
|
|t:|1667419268
|switch|p2a: Yveltal|Yveltal|100/100
|-ability|p2a: Yveltal|Dark Aura
|turn|20
|
|t:|1667419277
|move|p1a: Rayquaza|Dragon Ascent|p2a: Yveltal
|-damage|p2a: Yveltal|50/100
|-unboost|p1a: Rayquaza|def|1
|-unboost|p1a: Rayquaza|spd|1
|move|p2a: Yveltal|Foul Play|p1a: Rayquaza
|-damage|p1a: Rayquaza|0 fnt
|faint|p1a: Rayquaza
|
|upkeep
|
|t:|1667419283
|switch|p1a: Yveltal|Yveltal|89/100
|-damage|p1a: Yveltal|64/100|[from] Stealth Rock
|-ability|p1a: Yveltal|Dark Aura
|turn|21
|
|t:|1667419289
|move|p1a: Yveltal|Oblivion Wing|p2a: Yveltal
|-damage|p2a: Yveltal|9/100
|-heal|p1a: Yveltal|99/100|[from] drain|[of] p2a: Yveltal
|-damage|p1a: Yveltal|90/100|[from] item: Life Orb
|move|p2a: Yveltal|Defog|p1a: Yveltal
|-unboost|p1a: Yveltal|evasion|1
|-sideend|p1: Inder|Stealth Rock|[from] move: Defog|[of] p2a: Yveltal
|-sideend|p2: RichardMillePlain|Sticky Web|[from] move: Defog|[of] p2a: Yveltal
|
|upkeep
|turn|22
|
|t:|1667419292
|switch|p2a: Ho-Oh|Ho-Oh|92/100
|move|p1a: Yveltal|Oblivion Wing|p2a: Ho-Oh
|-damage|p2a: Ho-Oh|63/100
|-heal|p1a: Yveltal|100/100|[from] drain|[of] p2a: Ho-Oh
|-damage|p1a: Yveltal|91/100|[from] item: Life Orb
|
|upkeep
|turn|23
|
|t:|1667419296
|move|p1a: Yveltal|Dark Pulse|p2a: Ho-Oh
|-damage|p2a: Ho-Oh|21/100
|-damage|p1a: Yveltal|81/100|[from] item: Life Orb
|move|p2a: Ho-Oh|Thunder Wave|p1a: Yveltal
|-status|p1a: Yveltal|par
|
|upkeep
|turn|24
|
|t:|1667419298
|switch|p2a: Yveltal|Yveltal|9/100
|-ability|p2a: Yveltal|Dark Aura
|move|p1a: Yveltal|Oblivion Wing|p2a: Yveltal
|-damage|p2a: Yveltal|0 fnt
|-heal|p1a: Yveltal|88/100 par|[from] drain|[of] p2a: Yveltal
|faint|p2a: Yveltal
|-damage|p1a: Yveltal|78/100 par|[from] item: Life Orb
|
|upkeep
|
|t:|1667419301
|switch|p2a: Ho-Oh|Ho-Oh|54/100
|turn|25
|
|t:|1667419304
|move|p2a: Ho-Oh|Brave Bird|p1a: Yveltal
|-damage|p1a: Yveltal|11/100 par
|-damage|p2a: Ho-Oh|33/100|[from] Recoil
|move|p1a: Yveltal|Dark Pulse|p2a: Ho-Oh
|-damage|p2a: Ho-Oh|0 fnt
|faint|p2a: Ho-Oh
|-damage|p1a: Yveltal|1/100 par|[from] item: Life Orb
|
|upkeep
|
|t:|1667419309
|switch|p2a: Kyogre|Kyogre|100/100
|-weather|RainDance|[from] ability: Drizzle|[of] p2a: Kyogre
|turn|26
|
|t:|1667419312
|move|p2a: Kyogre|Calm Mind|p2a: Kyogre
|-boost|p2a: Kyogre|spa|1
|-boost|p2a: Kyogre|spd|1
|move|p1a: Yveltal|Dark Pulse|p2a: Kyogre
|-damage|p2a: Kyogre|66/100
|-damage|p1a: Yveltal|0 fnt|[from] item: Life Orb
|faint|p1a: Yveltal
|
|-weather|RainDance|[upkeep]
|-heal|p2a: Kyogre|72/100|[from] item: Leftovers
|upkeep
|c|☆Inder|gg
|-message|Inder forfeited.
|
|win|RichardMillePlain
|c|☆RichardMillePlain|gg
