|inactive|Battle timer is ON: inactive players will automatically lose when time's up.
|t:|1653137253
|gametype|singles
|player|p1|Devastating Fog|1|
|player|p2|Stallion|#wcop2021oceania|
|teamsize|p1|6
|teamsize|p2|6
|gen|8
|tier|[Gen 8] Ubers
|rule|Sleep Clause Mod: Limit one foe put to sleep
|rule|Species Clause: Limit one of each Pokémon
|rule|OHKO Clause: OHKO moves are banned
|rule|Evasion Moves Clause: Evasion moves are banned
|rule|Endless Battle Clause: Forcing endless battles is banned
|rule|HP Percentage Mod: HP is shown in percentages
|rule|Dynamax Clause: You cannot dynamax
|clearpoke
|poke|p1|Zekrom|
|poke|p1|Xerneas-*|
|poke|p1|Yveltal|
|poke|p1|Eternatus|
|poke|p1|Groudon|
|poke|p1|Necrozma-Dusk-Mane|
|poke|p2|Aerodactyl, M|
|poke|p2|Rayquaza|
|poke|p2|Calyrex-Shadow|
|poke|p2|Yveltal|
|poke|p2|Necrozma-Dusk-Mane|
|poke|p2|Weavile, F|
|teampreview
|c|☆Devastating Fog|hf
|c|☆Stallion|u2 mate :)
|inactive|Devastating Fog has 270 seconds left.
|inactive|Stallion has 270 seconds left.
|c|+Eledyr|lfgi stallion !!!
|inactive|Devastating Fog has 240 seconds left.
|c|+TrueNora|,
|inactive|Devastating Fog has 210 seconds left.
|
|t:|1653137370
|start
|switch|p1a: Xernedanielas|Xerneas|100/100
|switch|p2a: Aerodactyl|Aerodactyl, M|100/100
|-ability|p1a: Xernedanielas|Fairy Aura
|-ability|p2a: Aerodactyl|Pressure
|turn|1
|inactive|Devastating Fog has 240 seconds left.
|inactive|Stallion has 270 seconds left.
|c|+pokemonisfun|STALLION STALLION IS NOT ITALIAN, STALLION STALLION WILL WIN THIS MEDALLION 
|
|t:|1653137415
|move|p1a: Xernedanielas|Thunder Wave|p2a: Aerodactyl
|-status|p2a: Aerodactyl|par
|move|p2a: Aerodactyl|Stealth Rock|p1a: Xernedanielas
|-sidestart|p1: Devastating Fog|move: Stealth Rock
|
|upkeep
|turn|2
|
|t:|1653137422
|switch|p1a: Groudaniel|Groudon|100/100
|-damage|p1a: Groudaniel|94/100|[from] Stealth Rock
|-weather|SunnyDay|[from] ability: Drought|[of] p1a: Groudaniel
|move|p2a: Aerodactyl|Taunt|p1a: Groudaniel
|-start|p1a: Groudaniel|move: Taunt
|
|-weather|SunnyDay|[upkeep]
|-heal|p1a: Groudaniel|100/100|[from] item: Leftovers
|upkeep
|turn|3
|inactive|Stallion has 270 seconds left.
|
|t:|1653137430
|move|p1a: Groudaniel|Stone Edge|p2a: Aerodactyl
|-supereffective|p2a: Aerodactyl
|-enditem|p2a: Aerodactyl|Focus Sash
|-damage|p2a: Aerodactyl|1/100 par
|cant|p2a: Aerodactyl|par
|
|-weather|SunnyDay|[upkeep]
|upkeep
|turn|4
|
|t:|1653137441
|switch|p1a: Zekdaniel|Zekrom, shiny|100/100
|-damage|p1a: Zekdaniel|88/100|[from] Stealth Rock
|-ability|p1a: Zekdaniel|Teravolt
|move|p2a: Aerodactyl|Tailwind|p2a: Aerodactyl
|-sidestart|p2: Stallion|move: Tailwind
|
|-weather|SunnyDay|[upkeep]
|upkeep
|turn|5
|
|t:|1653137454
|switch|p1a: Groudaniel|Groudon|100/100
|-damage|p1a: Groudaniel|94/100|[from] Stealth Rock
|move|p2a: Aerodactyl|Taunt|p1a: Groudaniel
|-start|p1a: Groudaniel|move: Taunt
|
|-weather|SunnyDay|[upkeep]
|-heal|p1a: Groudaniel|100/100|[from] item: Leftovers
|upkeep
|turn|6
|
|t:|1653137459
|move|p2a: Aerodactyl|Rock Tomb|p1a: Groudaniel
|-resisted|p1a: Groudaniel
|-damage|p1a: Groudaniel|94/100
|-unboost|p1a: Groudaniel|spe|1
|move|p1a: Groudaniel|Precipice Blades|p2a: Aerodactyl
|-immune|p2a: Aerodactyl
|
|-weather|none
|-heal|p1a: Groudaniel|99/100|[from] item: Leftovers
|upkeep
|turn|7
|
|t:|1653137465
|switch|p1a: Zekdaniel|Zekrom, shiny|88/100
|-damage|p1a: Zekdaniel|76/100|[from] Stealth Rock
|-ability|p1a: Zekdaniel|Teravolt
|move|p2a: Aerodactyl|Rock Tomb|p1a: Zekdaniel
|-damage|p1a: Zekdaniel|54/100
|-unboost|p1a: Zekdaniel|spe|1
|
|-sideend|p2: Stallion|move: Tailwind
|upkeep
|turn|8
|inactive|Devastating Fog has 240 seconds left.
|
|t:|1653137506
|move|p1a: Zekdaniel|Roost|p1a: Zekdaniel
|-heal|p1a: Zekdaniel|100/100
|-singleturn|p1a: Zekdaniel|move: Roost
|move|p2a: Aerodactyl|Tailwind|p2a: Aerodactyl
|-sidestart|p2: Stallion|move: Tailwind
|
|upkeep
|turn|9
|inactive|Devastating Fog has 210 seconds left.
|
|t:|1653137526
|switch|p1a: Daniel-Dusk-Mane|Necrozma-Dusk-Mane|100/100
|-damage|p1a: Daniel-Dusk-Mane|94/100|[from] Stealth Rock
|move|p2a: Aerodactyl|Taunt|p1a: Daniel-Dusk-Mane
|-start|p1a: Daniel-Dusk-Mane|move: Taunt
|
|-heal|p1a: Daniel-Dusk-Mane|100/100|[from] item: Leftovers
|upkeep
|turn|10
|
|t:|1653137537
|switch|p2a: Yveltal|Yveltal|100/100
|-ability|p2a: Yveltal|Dark Aura
|switch|p1a: Groudaniel|Groudon|99/100
|-damage|p1a: Groudaniel|94/100|[from] Stealth Rock
|-weather|SunnyDay|[from] ability: Drought|[of] p1a: Groudaniel
|
|-weather|SunnyDay|[upkeep]
|-heal|p1a: Groudaniel|99/100|[from] item: Leftovers
|upkeep
|turn|11
|
|t:|1653137543
|switch|p1a: Eterndaniel|Eternatus|100/100
|-damage|p1a: Eterndaniel|88/100|[from] Stealth Rock
|-ability|p1a: Eterndaniel|Pressure
|move|p2a: Yveltal|Knock Off|p1a: Eterndaniel
|-damage|p1a: Eterndaniel|18/100
|-enditem|p1a: Eterndaniel|Shuca Berry|[from] move: Knock Off|[of] p2a: Yveltal
|-damage|p2a: Yveltal|91/100|[from] item: Life Orb
|
|-weather|SunnyDay|[upkeep]
|-sideend|p2: Stallion|move: Tailwind
|upkeep
|turn|12
|
|t:|1653137551
|move|p1a: Eterndaniel|Recover|p1a: Eterndaniel
|-heal|p1a: Eterndaniel|68/100
|move|p2a: Yveltal|Taunt|p1a: Eterndaniel
|-start|p1a: Eterndaniel|move: Taunt
|
|-weather|SunnyDay|[upkeep]
|upkeep
|turn|13
|
|t:|1653137558
|switch|p2a: Aerodactyl|Aerodactyl, M|1/100 par
|-ability|p2a: Aerodactyl|Pressure
|move|p1a: Eterndaniel|Sludge Bomb|p2a: Aerodactyl
|-resisted|p2a: Aerodactyl
|-damage|p2a: Aerodactyl|0 fnt
|faint|p2a: Aerodactyl
|
|-weather|SunnyDay|[upkeep]
|upkeep
|inactive|Stallion has 270 seconds left.
|
|t:|1653137592
|switch|p2a: Calyrex|Calyrex-Shadow|100/100
|-ability|p2a: Calyrex|As One
|-ability|p2a: Calyrex|Unnerve
|turn|14
|inactive|Devastating Fog has 240 seconds left.
|
|t:|1653137630
|switch|p1a: Yveldaniel|Yveltal|100/100
|-ability|p1a: Yveldaniel|Dark Aura
|move|p2a: Calyrex|Nasty Plot|p2a: Calyrex
|-boost|p2a: Calyrex|spa|2
|
|-weather|none
|upkeep
|turn|15
|
|t:|1653137642
|move|p2a: Calyrex|Draining Kiss|p1a: Yveldaniel
|-supereffective|p1a: Yveldaniel
|-damage|p1a: Yveldaniel|51/100
|move|p1a: Yveldaniel|Knock Off|p2a: Calyrex
|-supereffective|p2a: Calyrex
|-enditem|p2a: Calyrex|Focus Sash
|-damage|p2a: Calyrex|1/100
|
|upkeep
|turn|16
|inactive|Stallion has 270 seconds left.
|inactive|Devastating Fog has 210 seconds left.
|
|t:|1653137688
|move|p1a: Yveldaniel|Sucker Punch|p2a: Calyrex
|-supereffective|p2a: Calyrex
|-damage|p2a: Calyrex|0 fnt
|faint|p2a: Calyrex
|
|upkeep
|inactive|Stallion has 270 seconds left.
|
|t:|1653137708
|switch|p2a: Weavile|Weavile, F|100/100
|-ability|p2a: Weavile|Pressure
|turn|17
|inactive|Devastating Fog has 180 seconds left.
|
|t:|1653137736
|move|p2a: Weavile|Swords Dance|p2a: Weavile
|-boost|p2a: Weavile|atk|2
|move|p1a: Yveldaniel|Knock Off|p2a: Weavile
|-resisted|p2a: Weavile
|-damage|p2a: Weavile|56/100
|-enditem|p2a: Weavile|Never-Melt Ice|[from] move: Knock Off|[of] p1a: Yveldaniel
|
|upkeep
|turn|18
|inactive|Devastating Fog has 180 seconds left.
|
|t:|1653137764
|switch|p1a: Zekdaniel|Zekrom, shiny|100/100
|-damage|p1a: Zekdaniel|88/100|[from] Stealth Rock
|-ability|p1a: Zekdaniel|Teravolt
|move|p2a: Weavile|Ice Shard|p1a: Zekdaniel
|-supereffective|p1a: Zekdaniel
|-damage|p1a: Zekdaniel|15/100
|
|upkeep
|turn|19
|
|t:|1653137774
|move|p2a: Weavile|Knock Off|p1a: Zekdaniel
|-damage|p1a: Zekdaniel|0 fnt
|-enditem|p1a: Zekdaniel|Life Orb|[from] move: Knock Off|[of] p2a: Weavile
|faint|p1a: Zekdaniel
|
|upkeep
|
|t:|1653137777
|switch|p1a: Xernedanielas|Xerneas|100/100
|-damage|p1a: Xernedanielas|88/100|[from] Stealth Rock
|-ability|p1a: Xernedanielas|Fairy Aura
|turn|20
|
|t:|1653137791
|move|p2a: Weavile|Ice Shard|p1a: Xernedanielas
|-damage|p1a: Xernedanielas|52/100
|move|p1a: Xernedanielas|Moonblast|p2a: Weavile
|-supereffective|p2a: Weavile
|-damage|p2a: Weavile|0 fnt
|faint|p2a: Weavile
|
|upkeep
|
|t:|1653137799
|switch|p2a: Necrozma|Necrozma-Dusk-Mane|100/100
|turn|21
|inactive|Devastating Fog has 180 seconds left.
|
|t:|1653137838
|switch|p1a: Groudaniel|Groudon|99/100
|-damage|p1a: Groudaniel|94/100|[from] Stealth Rock
|-weather|SunnyDay|[from] ability: Drought|[of] p1a: Groudaniel
|move|p2a: Necrozma|Dragon Dance|p2a: Necrozma
|-boost|p2a: Necrozma|atk|1
|-boost|p2a: Necrozma|spe|1
|
|-weather|SunnyDay|[upkeep]
|-heal|p1a: Groudaniel|99/100|[from] item: Leftovers
|upkeep
|turn|22
|inactive|Stallion has 270 seconds left.
|inactive|Devastating Fog has 150 seconds left.
|inactive|Stallion has 240 seconds left.
|inactive|Devastating Fog has 120 seconds left.
|inactive|Stallion has 210 seconds left.
|inactive|Devastating Fog has 90 seconds left.
|inactive|Stallion has 180 seconds left.
|
|t:|1653137949
|switch|p2a: Yveltal|Yveltal|91/100
|-ability|p2a: Yveltal|Dark Aura
|move|p1a: Groudaniel|Precipice Blades|p2a: Yveltal
|-immune|p2a: Yveltal
|
|-weather|SunnyDay|[upkeep]
|-heal|p1a: Groudaniel|100/100|[from] item: Leftovers
|upkeep
|turn|23
|inactive|Devastating Fog has 90 seconds left.
|inactive|Devastating Fog has 60 seconds left.
|inactive|Devastating Fog has 30 seconds left.
|inactive|Devastating Fog has 20 seconds left.
|
|t:|1653138025
|switch|p1a: Eterndaniel|Eternatus|68/100
|-damage|p1a: Eterndaniel|56/100|[from] Stealth Rock
|-ability|p1a: Eterndaniel|Pressure
|move|p2a: Yveltal|Taunt|p1a: Eterndaniel
|-start|p1a: Eterndaniel|move: Taunt
|
|-weather|SunnyDay|[upkeep]
|upkeep
|turn|24
|inactive|Devastating Fog has 30 seconds left this turn.
|inactive|Stallion has 180 seconds left.
|inactive|Devastating Fog has 20 seconds left.
|inactive|Devastating Fog has 15 seconds left.
|
|t:|1653138041
|move|p2a: Yveltal|Sucker Punch|p1a: Eterndaniel
|-damage|p1a: Eterndaniel|6/100
|-damage|p2a: Yveltal|81/100|[from] item: Life Orb
|move|p1a: Eterndaniel|Sludge Bomb|p2a: Yveltal
|-damage|p2a: Yveltal|45/100
|
|-weather|SunnyDay|[upkeep]
|upkeep
|turn|25
|inactive|Devastating Fog has 25 seconds left this turn.
|inactive|Devastating Fog has 20 seconds left.
|inactive|Devastating Fog has 15 seconds left.
|
|t:|1653138053
|switch|p1a: Xernedanielas|Xerneas|52/100
|-damage|p1a: Xernedanielas|39/100|[from] Stealth Rock
|-ability|p1a: Xernedanielas|Fairy Aura
|move|p2a: Yveltal|Sucker Punch||[still]
|-fail|p2a: Yveltal
|
|-weather|none
|upkeep
|turn|26
|inactive|Devastating Fog has 25 seconds left this turn.
|inactive|Devastating Fog has 20 seconds left.
|inactive|Devastating Fog has 15 seconds left.
|
|t:|1653138067
|move|p2a: Yveltal|Sucker Punch|p1a: Xernedanielas
|-resisted|p1a: Xernedanielas
|-damage|p1a: Xernedanielas|12/100
|-damage|p2a: Yveltal|35/100|[from] item: Life Orb
|move|p1a: Xernedanielas|Moonblast|p2a: Yveltal
|-supereffective|p2a: Yveltal
|-damage|p2a: Yveltal|0 fnt
|faint|p2a: Yveltal
|
|upkeep
|inactive|Devastating Fog has 20 seconds left this turn.
|
|t:|1653138075
|switch|p2a: Necrozma|Necrozma-Dusk-Mane|100/100
|turn|27
|inactive|Devastating Fog has 30 seconds left this turn.
|inactive|Devastating Fog has 20 seconds left.
|
|t:|1653138088
|switch|p1a: Groudaniel|Groudon|100/100
|-damage|p1a: Groudaniel|94/100|[from] Stealth Rock
|-weather|SunnyDay|[from] ability: Drought|[of] p1a: Groudaniel
|move|p2a: Necrozma|Dragon Dance|p2a: Necrozma
|-boost|p2a: Necrozma|atk|1
|-boost|p2a: Necrozma|spe|1
|
|-weather|SunnyDay|[upkeep]
|-heal|p1a: Groudaniel|100/100|[from] item: Leftovers
|upkeep
|turn|28
|inactive|Devastating Fog has 30 seconds left this turn.
|inactive|Stallion has 210 seconds left.
|
|t:|1653138112
|move|p2a: Necrozma|Sunsteel Strike|p1a: Groudaniel
|-damage|p1a: Groudaniel|48/100
|move|p1a: Groudaniel|Precipice Blades|p2a: Necrozma
|-supereffective|p2a: Necrozma
|-damage|p2a: Necrozma|21/100
|-enditem|p2a: Necrozma|Weakness Policy
|-boost|p2a: Necrozma|atk|2|[from] item: Weakness Policy
|-boost|p2a: Necrozma|spa|2|[from] item: Weakness Policy
|
|-weather|SunnyDay|[upkeep]
|-heal|p1a: Groudaniel|54/100|[from] item: Leftovers
|upkeep
|turn|29
|inactive|Devastating Fog has 30 seconds left.
|inactive|Devastating Fog has 20 seconds left.
|inactive|Devastating Fog has 15 seconds left.
|inactive|Devastating Fog has 10 seconds left.
|
|t:|1653138139
|switch|p1a: Eterndaniel|Eternatus|6/100
|-damage|p1a: Eterndaniel|0 fnt|[from] Stealth Rock
|faint|p1a: Eterndaniel
|move|p2a: Necrozma|Sunsteel Strike|p1: Eterndaniel|[notarget]
|-fail|p2a: Necrozma
|
|-weather|SunnyDay|[upkeep]
|upkeep
|inactive|Devastating Fog has 15 seconds left this turn.
|
|t:|1653138142
|switch|p1a: Yveldaniel|Yveltal|51/100
|-ability|p1a: Yveldaniel|Dark Aura
|turn|30
|inactive|Devastating Fog has 25 seconds left this turn.
|inactive|Stallion has 210 seconds left.
|inactive|Stallion has 180 seconds left.
|
|t:|1653138197
|move|p1a: Yveldaniel|Sucker Punch|p2a: Necrozma
|-supereffective|p2a: Necrozma
|-damage|p2a: Necrozma|0 fnt
|faint|p2a: Necrozma
|
|-weather|SunnyDay|[upkeep]
|upkeep
|inactive|Devastating Fog has 30 seconds left this turn.
|inactive|Stallion has 150 seconds left.
|
|t:|1653138228
|switch|p2a: Rayquaza|Rayquaza|100/100
|-ability|p2a: Rayquaza|Air Lock
|turn|31
|inactive|Devastating Fog has 30 seconds left.
|inactive|Stallion has 120 seconds left.
|
|t:|1653138279
|move|p2a: Rayquaza|Dragon Dance|p2a: Rayquaza
|-boost|p2a: Rayquaza|atk|1
|-boost|p2a: Rayquaza|spe|1
|move|p1a: Yveldaniel|Knock Off|p2a: Rayquaza
|-damage|p2a: Rayquaza|39/100
|-enditem|p2a: Rayquaza|Focus Sash|[from] move: Knock Off|[of] p1a: Yveldaniel
|
|-weather|none
|upkeep
|turn|32
|inactive|Devastating Fog has 30 seconds left.
|inactive|Devastating Fog has 20 seconds left.
|inactive|Stallion has 90 seconds left.
|inactive|Devastating Fog has 15 seconds left.
|inactive|Devastating Fog has 10 seconds left.
|inactive|Devastating Fog has 5 seconds left.
|c|+TrueNora|timer
|inactive|Stallion has 60 seconds left.
|c|+Lasen|ghosting
|c|+Lasen|banned.
|c|+TrueNora|:wow:
|c|+a rabbit|fog i stg if u time out of this
|
|t:|1653138346
|move|p2a: Rayquaza|Dragon Ascent|p1a: Yveldaniel
|-damage|p1a: Yveldaniel|0 fnt
|-unboost|p2a: Rayquaza|def|1
|-unboost|p2a: Rayquaza|spd|1
|faint|p1a: Yveldaniel
|
|upkeep
|inactive|Devastating Fog has 10 seconds left this turn.
|inactive|Devastating Fog has 5 seconds left.
|-message|Devastating Fog lost due to inactivity.
|
|win|Stallion
|c|+Freezai.|L
|c|+Raj.Shoot|L
|c|+a rabbit|.
|c|☆Devastating Fog|iclciked
|c|+TrueNora|,
|c|☆Stallion|well
|c|☆Devastating Fog|,
|c|+Luna's Bann3d Now|LOOOOOOOOOOOOOOL
|c|☆Stallion|lol
|c|+Hoennseptile|.
|c|+Eledyr|LOOOOOOOL
|c|+Lasen|L
|c|☆Stallion|I think I win anywa
|c|☆Stallion|*anyway
|c|+Hoennseptile|L
|c|☆Stallion|unless xern survives
|c|+Hervalt|.
|c|+a rabbit|did the eq act kill
|c|+a rabbit|the ndm
|c|+a rabbit|lol
|c|+supermario1096|L
|c|+a rabbit|surely not
|c|☆Stallion|im v create
|c|☆Stallion|it koes
|c|+a rabbit|o
|c|☆Devastating Fog|oof
|c|+Hoennseptile|V
|c|☆Stallion|did xern survive?
|c|+Hervalt|showset Stallion y/n ?
|c|+a rabbit|no
|c|+Luna's Bann3d Now|ITS AT 12
|c|☆Devastating Fog|noo
|c|+Luna's Bann3d Now|no
|c|☆Devastating Fog|gg
|c|+a rabbit|my guess is it came down to a 50/50
|c|☆Stallion|yeah so it could be 12 or 13 lol
|c|+Hoennseptile|No it doesn't
|c|+a rabbit|err not even then
|c|+a rabbit|nvm
|c|+supermario1096|HAHAHAHA!
|c|+Garay oak|the game was over af
|c|☆Stallion|groudon had a chance to survive
|c|☆Stallion|at +1
|c|☆Stallion|but a small one
|c|☆Stallion|based on my calcs
|c|☆Stallion|was heavily in my favour
|c|☆Stallion|ndm guaranteed ko
|c|+a rabbit|yea i think fog basically
|c|+a rabbit|had no time
|c|+a rabbit|to think through the ray set
|c|+a rabbit|he was afraid of espeed
|c|+a rabbit|50/50
|c|+a rabbit|etc
|c|☆Stallion|yeah was a legit number of 50/50s there
