|inactive|Battle timer is ON: inactive players will automatically lose when time's up.
|t:|1635552322
|gametype|singles
|player|p1|Stallion|bruno|
|player|p2|ASKOV|ethan|
|teamsize|p1|6
|teamsize|p2|6
|gen|8
|tier|[Gen 8] Ubers
|rule|Sleep Clause Mod: Limit one foe put to sleep
|rule|Species Clause: Limit one of each Pokémon
|rule|OHKO Clause: OHKO moves are banned
|rule|Evasion Moves Clause: Evasion moves are banned
|rule|Endless Battle Clause: Forcing endless battles is banned
|rule|HP Percentage Mod: HP is shown in percentages
|rule|Dynamax Clause: You cannot dynamax
|clearpoke
|poke|p1|Yveltal|
|poke|p1|Zamazenta-*|
|poke|p1|Necrozma-Dusk-Mane|
|poke|p1|Calyrex-Shadow|
|poke|p1|Kyogre|
|poke|p1|Zygarde|
|poke|p2|Calyrex-Shadow|
|poke|p2|Xerneas-*|
|poke|p2|Necrozma-Dusk-Mane|
|poke|p2|Landorus-Therian, M|
|poke|p2|Yveltal|
|poke|p2|Kyogre|
|teampreview
|c|☆ASKOV|hf
|c|+hydreigon specs|opa
|c|☆Stallion|u2
|c|+Spl4sh|duvido perder em 20 turnos
|inactive|Stallion has 270 seconds left.
|inactive|ASKOV has 270 seconds left.
|c|+hydreigon specs|20?
|c|+hydreigon specs|apostando alto irmao
|c|+km|vai askov
|inactive|Stallion has 240 seconds left.
|inactive|ASKOV has 240 seconds left.
|inactive|ASKOV has 210 seconds left.
|
|t:|1635552428
|start
|switch|p1a: Kyogre|Kyogre|100/100
|switch|p2a: Kyogre|Kyogre|100/100
|-weather|RainDance|[from] ability: Drizzle|[of] p2a: Kyogre
|turn|1
|
|t:|1635552446
|move|p2a: Kyogre|Thunder|p1a: Kyogre
|-supereffective|p1a: Kyogre
|-damage|p1a: Kyogre|41/100
|move|p1a: Kyogre|Thunder|p2a: Kyogre
|-supereffective|p2a: Kyogre
|-damage|p2a: Kyogre|0 fnt
|faint|p2a: Kyogre
|
|-weather|RainDance|[upkeep]
|upkeep
|inactive|ASKOV has 240 seconds left.
|c|+HYDREIGON SPECS|pq o nosso n matou
|c|+HYDREIGON SPECS|e o dele matou
|c|+HYDREIGON SPECS|mlk ta de hac
|inactive|ASKOV has 210 seconds left.
|c|+km|nosso kyogre não bebe leite
|c|+HYDREIGON SPECS|vdd
|
|t:|1635552518
|switch|p2a: Landorus|Landorus-Therian, M|100/100
|-ability|p2a: Landorus|Intimidate|boost
|-unboost|p1a: Kyogre|atk|1
|turn|2
|c|☆ASKOV|foi roll
|inactive|ASKOV has 180 seconds left.
|
|t:|1635552537
|switch|p1a: Zygarde|Zygarde|100/100
|move|p2a: Landorus|Earthquake|p1a: Zygarde
|-damage|p1a: Zygarde|69/100
|
|-weather|RainDance|[upkeep]
|-heal|p1a: Zygarde|76/100|[from] item: Leftovers
|upkeep
|turn|3
|inactive|ASKOV has 180 seconds left.
|inactive|ASKOV has 150 seconds left.
|
|t:|1635552605
|move|p2a: Landorus|Knock Off|p1a: Zygarde
|-damage|p1a: Zygarde|57/100
|-enditem|p1a: Zygarde|Leftovers|[from] move: Knock Off|[of] p2a: Landorus
|move|p1a: Zygarde|Coil|p1a: Zygarde
|-boost|p1a: Zygarde|atk|1
|-boost|p1a: Zygarde|def|1
|-boost|p1a: Zygarde|accuracy|1
|
|-weather|RainDance|[upkeep]
|upkeep
|turn|4
|
|t:|1635552615
|switch|p2a: Xerneas|Xerneas|100/100
|-ability|p2a: Xerneas|Fairy Aura
|-item|p2a: Xerneas|Air Balloon
|move|p1a: Zygarde|Thousand Arrows|p2a: Xerneas
|-damage|p2a: Xerneas|73/100
|-enditem|p2a: Xerneas|Air Balloon
|
|-weather|RainDance|[upkeep]
|upkeep
|turn|5
|
|t:|1635552625
|switch|p1a: Necrozma|Necrozma-Dusk-Mane|100/100
|switch|p2a: Landorus|Landorus-Therian, M|100/100
|-ability|p2a: Landorus|Intimidate|boost
|-unboost|p1a: Necrozma|atk|1
|
|-weather|none
|upkeep
|turn|6
|c|+Spl4sh|genio?
|inactive|ASKOV has 120 seconds left.
|
|t:|1635552657
|move|p2a: Landorus|Swords Dance|p2a: Landorus
|-boost|p2a: Landorus|atk|2
|move|p1a: Necrozma|Sunsteel Strike|p2a: Landorus
|-damage|p2a: Landorus|62/100
|
|-heal|p2a: Landorus|68/100|[from] item: Leftovers
|upkeep
|turn|7
|
|t:|1635552674
|switch|p1a: Zygarde|Zygarde|57/100
|move|p2a: Landorus|Stone Edge|p1a: Zygarde
|-resisted|p1a: Zygarde
|-crit|p1a: Zygarde
|-damage|p1a: Zygarde|25/100
|
|-heal|p2a: Landorus|74/100|[from] item: Leftovers
|-activate|p1a: Zygarde|ability: Power Construct
|detailschange|p1a: Zygarde|Zygarde-Complete
|-heal|p1a: Zygarde|51/100|[silent]
|upkeep
|turn|8
|
|t:|1635552685
|move|p2a: Landorus|Earthquake|p1a: Zygarde
|-damage|p1a: Zygarde|9/100
|move|p1a: Zygarde|Dragon Tail|p2a: Landorus|[miss]
|-miss|p1a: Zygarde|p2a: Landorus
|
|-heal|p2a: Landorus|79/100|[from] item: Leftovers
|upkeep
|turn|9
|c|☆Stallion|lol
|
|t:|1635552694
|move|p2a: Landorus|Knock Off|p1a: Zygarde
|-damage|p1a: Zygarde|0 fnt
|faint|p1a: Zygarde
|
|-heal|p2a: Landorus|85/100|[from] item: Leftovers
|upkeep
|c|+Spl4sh|olé
|
|t:|1635552696
|switch|p1a: Calyrex|Calyrex-Shadow|100/100
|-ability|p1a: Calyrex|As One
|-ability|p1a: Calyrex|Unnerve
|turn|10
|inactive|ASKOV has 120 seconds left.
|
|t:|1635552706
|switch|p2a: Yveltal|Yveltal|100/100
|-ability|p2a: Yveltal|Dark Aura
|move|p1a: Calyrex|Astral Barrage|p2a: Yveltal
|-resisted|p2a: Yveltal
|-damage|p2a: Yveltal|73/100
|
|upkeep
|turn|11
|inactive|ASKOV has 120 seconds left.
|
|t:|1635552722
|switch|p1a: Zamazenta|Zamazenta-Crowned|100/100
|-ability|p1a: Zamazenta|Dauntless Shield|boost
|-boost|p1a: Zamazenta|def|1
|switch|p2a: Necrozma|Necrozma-Dusk-Mane|100/100
|
|upkeep
|turn|12
|inactive|ASKOV has 120 seconds left.
|c|+HYDREIGON SPECS|genio da bola
|
|t:|1635552745
|switch|p1a: Kyogre|Kyogre|41/100
|-weather|RainDance|[from] ability: Drizzle|[of] p1a: Kyogre
|switch|p2a: Landorus|Landorus-Therian, M|85/100
|-ability|p2a: Landorus|Intimidate|boost
|-unboost|p1a: Kyogre|atk|1
|
|-weather|RainDance|[upkeep]
|-heal|p2a: Landorus|91/100|[from] item: Leftovers
|upkeep
|turn|13
|c|+HYDREIGON SPECS|o carinha fez uma play boa agr
|c|+HYDREIGON SPECS|'-'
|
|t:|1635552773
|switch|p1a: Yveltal|Yveltal|100/100
|-ability|p1a: Yveltal|Dark Aura
|move|p2a: Landorus|Earthquake|p1a: Yveltal
|-immune|p1a: Yveltal
|
|-weather|RainDance|[upkeep]
|-heal|p2a: Landorus|97/100|[from] item: Leftovers
|upkeep
|turn|14
|c|+HYDREIGON SPECS|que
|c|+HYDREIGON SPECS|o mlk e mei ruim
|c|+HYDREIGON SPECS|'-'
|inactive|ASKOV has 90 seconds left.
|
|t:|1635552804
|switch|p2a: Xerneas|Xerneas|73/100
|-ability|p2a: Xerneas|Fairy Aura
|switch|p1a: Kyogre|Kyogre|41/100
|
|-weather|RainDance|[upkeep]
|upkeep
|turn|15
|inactive|ASKOV has 60 seconds left.
|
|t:|1635552858
|move|p1a: Kyogre|Origin Pulse|p2a: Xerneas
|-damage|p2a: Xerneas|0 fnt
|faint|p2a: Xerneas
|
|-weather|RainDance|[upkeep]
|upkeep
|inactive|ASKOV has 30 seconds left.
|
|t:|1635552878
|switch|p2a: Calyrex|Calyrex-Shadow|100/100
|-ability|p2a: Calyrex|As One
|-ability|p2a: Calyrex|Unnerve
|turn|16
|
|t:|1635552884
|switch|p1a: Yveltal|Yveltal|100/100
|-ability|p1a: Yveltal|Dark Aura
|move|p2a: Calyrex|Astral Barrage|p1a: Yveltal
|-resisted|p1a: Yveltal
|-damage|p1a: Yveltal|68/100
|
|-weather|none
|upkeep
|turn|17
|inactive|ASKOV has 30 seconds left.
|inactive|Stallion has 270 seconds left.
|
|t:|1635552914
|switch|p2a: Yveltal|Yveltal|73/100
|-ability|p2a: Yveltal|Dark Aura
|move|p1a: Yveltal|Roost|p1a: Yveltal
|-heal|p1a: Yveltal|100/100
|-singleturn|p1a: Yveltal|move: Roost
|
|upkeep
|turn|18
|inactive|ASKOV has 30 seconds left.
|
|t:|1635552923
|switch|p1a: Zamazenta|Zamazenta-Crowned|100/100
|-ability|p1a: Zamazenta|Dauntless Shield|boost
|-boost|p1a: Zamazenta|def|1
|move|p2a: Yveltal|Knock Off|p1a: Zamazenta
|-resisted|p1a: Zamazenta
|-damage|p1a: Zamazenta|94/100
|
|upkeep
|turn|19
|
|t:|1635552931
|switch|p2a: Landorus|Landorus-Therian, M|97/100
|-ability|p2a: Landorus|Intimidate|boost
|-unboost|p1a: Zamazenta|atk|1
|move|p1a: Zamazenta|Howl|p1a: Zamazenta
|-boost|p1a: Zamazenta|atk|1
|
|-heal|p2a: Landorus|100/100|[from] item: Leftovers
|upkeep
|turn|20
|
|t:|1635552943
|move|p2a: Landorus|Earthquake|p1a: Zamazenta
|-supereffective|p1a: Zamazenta
|-damage|p1a: Zamazenta|50/100
|move|p1a: Zamazenta|Behemoth Bash|p2a: Landorus
|-damage|p2a: Landorus|53/100
|
|-heal|p2a: Landorus|59/100|[from] item: Leftovers
|upkeep
|turn|21
|inactive|ASKOV has 30 seconds left.
|inactive|ASKOV has 20 seconds left.
|
|t:|1635552968
|switch|p1a: Necrozma|Necrozma-Dusk-Mane|100/100
|move|p2a: Landorus|Earthquake|p1a: Necrozma
|-supereffective|p1a: Necrozma
|-damage|p1a: Necrozma|41/100
|
|-heal|p2a: Landorus|65/100|[from] item: Leftovers
|-heal|p1a: Necrozma|47/100|[from] item: Leftovers
|upkeep
|turn|22
|inactive|ASKOV has 30 seconds left this turn.
|inactive|ASKOV has 20 seconds left.
|inactive|ASKOV has 15 seconds left.
|
|t:|1635552983
|move|p2a: Landorus|Earthquake|p1a: Necrozma
|-supereffective|p1a: Necrozma
|-damage|p1a: Necrozma|0 fnt
|faint|p1a: Necrozma
|
|-heal|p2a: Landorus|71/100|[from] item: Leftovers
|upkeep
|inactive|ASKOV has 20 seconds left this turn.
|
|t:|1635552988
|switch|p1a: Calyrex|Calyrex-Shadow|100/100
|-ability|p1a: Calyrex|As One
|-ability|p1a: Calyrex|Unnerve
|turn|23
|inactive|ASKOV has 30 seconds left this turn.
|
|t:|1635553002
|switch|p1a: Zamazenta|Zamazenta-Crowned|50/100
|-ability|p1a: Zamazenta|Dauntless Shield|boost
|-boost|p1a: Zamazenta|def|1
|switch|p2a: Yveltal|Yveltal|73/100
|-ability|p2a: Yveltal|Dark Aura
|
|upkeep
|turn|24
|inactive|ASKOV has 30 seconds left.
|inactive|ASKOV has 20 seconds left.
|inactive|ASKOV has 15 seconds left.
|
|t:|1635553024
|switch|p2a: Necrozma|Necrozma-Dusk-Mane|100/100
|move|p1a: Zamazenta|Behemoth Bash|p2a: Necrozma
|-resisted|p2a: Necrozma
|-damage|p2a: Necrozma|86/100
|
|-heal|p2a: Necrozma|92/100|[from] item: Leftovers
|upkeep
|turn|25
|inactive|ASKOV has 25 seconds left this turn.
|inactive|ASKOV has 20 seconds left.
|
|t:|1635553033
|switch|p1a: Kyogre|Kyogre|41/100
|-weather|RainDance|[from] ability: Drizzle|[of] p1a: Kyogre
|switch|p2a: Landorus|Landorus-Therian, M|71/100
|-ability|p2a: Landorus|Intimidate|boost
|-unboost|p1a: Kyogre|atk|1
|
|-weather|RainDance|[upkeep]
|-heal|p2a: Landorus|77/100|[from] item: Leftovers
|upkeep
|turn|26
|inactive|ASKOV has 30 seconds left this turn.
|inactive|ASKOV has 20 seconds left.
|inactive|ASKOV has 15 seconds left.
|
|t:|1635553049
|switch|p1a: Yveltal|Yveltal|100/100
|-ability|p1a: Yveltal|Dark Aura
|move|p2a: Landorus|Earthquake|p1a: Yveltal
|-immune|p1a: Yveltal
|
|-weather|RainDance|[upkeep]
|-heal|p2a: Landorus|83/100|[from] item: Leftovers
|upkeep
|turn|27
|inactive|ASKOV has 25 seconds left this turn.
|inactive|ASKOV has 20 seconds left.
|
|t:|1635553058
|switch|p1a: Zamazenta|Zamazenta-Crowned|50/100
|-ability|p1a: Zamazenta|Dauntless Shield|boost
|-boost|p1a: Zamazenta|def|1
|move|p2a: Landorus|Stone Edge|p1a: Zamazenta
|-resisted|p1a: Zamazenta
|-damage|p1a: Zamazenta|47/100
|
|-weather|RainDance|[upkeep]
|-heal|p2a: Landorus|89/100|[from] item: Leftovers
|upkeep
|turn|28
|inactive|ASKOV has 30 seconds left this turn.
|c|+Spl4sh|mds
|c|+Spl4sh|era pra perder em 20
|c|+Spl4sh|pq ta jogando ainda??
|inactive|ASKOV has 20 seconds left.
|
|t:|1635553068
|switch|p2a: Necrozma|Necrozma-Dusk-Mane|92/100
|switch|p1a: Yveltal|Yveltal|100/100
|-ability|p1a: Yveltal|Dark Aura
|
|-weather|RainDance|[upkeep]
|-heal|p2a: Necrozma|98/100|[from] item: Leftovers
|upkeep
|turn|29
|inactive|ASKOV has 30 seconds left this turn.
|
|t:|1635553077
|switch|p1a: Zamazenta|Zamazenta-Crowned|47/100
|-ability|p1a: Zamazenta|Dauntless Shield|boost
|-boost|p1a: Zamazenta|def|1
|move|p2a: Necrozma|Stealth Rock|p1a: Zamazenta
|-sidestart|p1: Stallion|move: Stealth Rock
|
|-weather|none
|-heal|p2a: Necrozma|100/100|[from] item: Leftovers
|upkeep
|turn|30
|inactive|ASKOV has 30 seconds left.
|
|t:|1635553086
|switch|p2a: Landorus|Landorus-Therian, M|89/100
|-ability|p2a: Landorus|Intimidate|boost
|-unboost|p1a: Zamazenta|atk|1
|move|p1a: Zamazenta|Behemoth Bash|p2a: Landorus
|-damage|p2a: Landorus|54/100
|
|-heal|p2a: Landorus|60/100|[from] item: Leftovers
|upkeep
|turn|31
|inactive|ASKOV has 30 seconds left.
|
|t:|1635553100
|switch|p1a: Yveltal|Yveltal|100/100
|-ability|p1a: Yveltal|Dark Aura
|move|p2a: Landorus|Stone Edge|p1a: Yveltal
|-supereffective|p1a: Yveltal
|-damage|p1a: Yveltal|40/100
|
|-heal|p2a: Landorus|66/100|[from] item: Leftovers
|upkeep
|turn|32
|inactive|ASKOV has 30 seconds left.
|
|t:|1635553114
|move|p1a: Yveltal|Sucker Punch|p2a: Landorus
|-damage|p2a: Landorus|17/100
|move|p2a: Landorus|Stone Edge|p1a: Yveltal
|-supereffective|p1a: Yveltal
|-damage|p1a: Yveltal|0 fnt
|faint|p1a: Yveltal
|
|-heal|p2a: Landorus|23/100|[from] item: Leftovers
|upkeep
|
|t:|1635553119
|switch|p1a: Calyrex|Calyrex-Shadow|100/100
|-ability|p1a: Calyrex|As One
|-ability|p1a: Calyrex|Unnerve
|-damage|p1a: Calyrex|88/100|[from] Stealth Rock
|turn|33
|
|t:|1635553128
|switch|p1a: Zamazenta|Zamazenta-Crowned|47/100
|-damage|p1a: Zamazenta|44/100|[from] Stealth Rock
|-ability|p1a: Zamazenta|Dauntless Shield|boost
|-boost|p1a: Zamazenta|def|1
|switch|p2a: Yveltal|Yveltal|73/100
|-ability|p2a: Yveltal|Dark Aura
|
|upkeep
|turn|34
|
|t:|1635553143
|switch|p2a: Necrozma|Necrozma-Dusk-Mane|100/100
|switch|p1a: Kyogre|Kyogre|41/100
|-damage|p1a: Kyogre|29/100|[from] Stealth Rock
|-weather|RainDance|[from] ability: Drizzle|[of] p1a: Kyogre
|
|-weather|RainDance|[upkeep]
|upkeep
|turn|35
|
|t:|1635553158
|move|p1a: Kyogre|Origin Pulse|p2a: Necrozma
|-damage|p2a: Necrozma|15/100
|move|p2a: Necrozma|Toxic|p1a: Kyogre
|-status|p1a: Kyogre|tox
|
|-weather|RainDance|[upkeep]
|-heal|p2a: Necrozma|21/100|[from] item: Leftovers
|-damage|p1a: Kyogre|23/100 tox|[from] psn
|upkeep
|turn|36
|
|t:|1635553166
|move|p1a: Kyogre|Origin Pulse|p2a: Necrozma
|-damage|p2a: Necrozma|0 fnt
|faint|p2a: Necrozma
|
|-weather|RainDance|[upkeep]
|-damage|p1a: Kyogre|10/100 tox|[from] psn
|upkeep
|
|t:|1635553172
|switch|p2a: Calyrex|Calyrex-Shadow|100/100
|-ability|p2a: Calyrex|As One
|-ability|p2a: Calyrex|Unnerve
|turn|37
|
|t:|1635553178
|move|p2a: Calyrex|Astral Barrage|p1a: Kyogre
|-damage|p1a: Kyogre|0 fnt
|faint|p1a: Kyogre
|-ability|p2a: Calyrex|Grim Neigh|boost
|-boost|p2a: Calyrex|spa|1
|
|-weather|RainDance|[upkeep]
|upkeep
|
|t:|1635553181
|switch|p1a: Calyrex|Calyrex-Shadow|88/100
|-ability|p1a: Calyrex|As One
|-ability|p1a: Calyrex|Unnerve
|-damage|p1a: Calyrex|76/100|[from] Stealth Rock
|turn|38
|
|t:|1635553191
|switch|p2a: Yveltal|Yveltal|73/100
|-ability|p2a: Yveltal|Dark Aura
|move|p1a: Calyrex|Astral Barrage|p2a: Yveltal
|-resisted|p2a: Yveltal
|-damage|p2a: Yveltal|49/100
|
|-weather|none
|upkeep
|turn|39
|
|t:|1635553199
|switch|p1a: Zamazenta|Zamazenta-Crowned|44/100
|-damage|p1a: Zamazenta|41/100|[from] Stealth Rock
|-ability|p1a: Zamazenta|Dauntless Shield|boost
|-boost|p1a: Zamazenta|def|1
|move|p2a: Yveltal|Roost|p2a: Yveltal
|-heal|p2a: Yveltal|99/100
|-singleturn|p2a: Yveltal|move: Roost
|
|upkeep
|turn|40
|
|t:|1635553203
|switch|p2a: Landorus|Landorus-Therian, M|23/100
|-ability|p2a: Landorus|Intimidate|boost
|-unboost|p1a: Zamazenta|atk|1
|move|p1a: Zamazenta|Behemoth Bash|p2a: Landorus
|-damage|p2a: Landorus|0 fnt
|faint|p2a: Landorus
|
|upkeep
|
|t:|1635553211
|switch|p2a: Calyrex|Calyrex-Shadow|100/100
|-ability|p2a: Calyrex|As One
|-ability|p2a: Calyrex|Unnerve
|turn|41
|c|☆Stallion|I think the game could've been different had I hit Dragon Tail
|c|☆Stallion|But tough matchup
|c|☆Stallion|gg
|c|☆ASKOV|gg
|inactive|Stallion has 270 seconds left.
|
|t:|1635553251
|move|p2a: Calyrex|Astral Barrage|p1a: Zamazenta
|-damage|p1a: Zamazenta|0 fnt
|faint|p1a: Zamazenta
|-ability|p2a: Calyrex|Grim Neigh|boost
|-boost|p2a: Calyrex|spa|1
|
|upkeep
|
|t:|1635553253
|switch|p1a: Calyrex|Calyrex-Shadow|76/100
|-ability|p1a: Calyrex|As One
|-ability|p1a: Calyrex|Unnerve
|-damage|p1a: Calyrex|64/100|[from] Stealth Rock
|turn|42
|
|t:|1635553263
|move|p1a: Calyrex|Astral Barrage|p2a: Calyrex
|-supereffective|p2a: Calyrex
|-damage|p2a: Calyrex|0 fnt
|faint|p2a: Calyrex
|-ability|p1a: Calyrex|Grim Neigh|boost
|-boost|p1a: Calyrex|spa|1
|
|upkeep
|
|t:|1635553266
|switch|p2a: Yveltal|Yveltal|99/100
|-ability|p2a: Yveltal|Dark Aura
|turn|43
|
|t:|1635553268
|move|p1a: Calyrex|Astral Barrage|p2a: Yveltal
|-resisted|p2a: Yveltal
|-damage|p2a: Yveltal|60/100
|move|p2a: Yveltal|Knock Off|p1a: Calyrex
|-supereffective|p1a: Calyrex
|-damage|p1a: Calyrex|0 fnt
|-enditem|p1a: Calyrex|Choice Scarf|[from] move: Knock Off|[of] p2a: Yveltal
|faint|p1a: Calyrex
|
|win|ASKOV
