|inactive|Battle timer is ON: inactive players will automatically lose when time's up.
|t:|1638717885
|gametype|singles
|player|p1|Luna's Bann3d Now|scientist-gen4dp|
|player|p2|Entrocefalo|fisherman-gen4|
|teamsize|p1|6
|teamsize|p2|6
|gen|8
|tier|[Gen 8] Ubers
|rule|Sleep Clause Mod: Limit one foe put to sleep
|rule|Species Clause: Limit one of each Pokémon
|rule|OHKO Clause: OHKO moves are banned
|rule|Evasion Moves Clause: Evasion moves are banned
|rule|Endless Battle Clause: Forcing endless battles is banned
|rule|HP Percentage Mod: HP is shown in percentages
|rule|Dynamax Clause: You cannot dynamax
|clearpoke
|poke|p1|Lunala|
|poke|p1|Xerneas-*|
|poke|p1|Yveltal|
|poke|p1|Eternatus|
|poke|p1|Ferrothorn, F|
|poke|p1|Ho-Oh|
|poke|p2|Kyogre|
|poke|p2|Yveltal|
|poke|p2|Groudon|
|poke|p2|Corviknight, M|
|poke|p2|Melmetal|
|poke|p2|Xerneas-*|
|teampreview
|c|☆Entrocefalo|Hf!
|c|☆Luna's Bann3d Now|u2
|
|t:|1638717905
|start
|switch|p1a: Ho-Oh|Ho-Oh|100/100
|switch|p2a: Groudon|Groudon|100/100
|-weather|SunnyDay|[from] ability: Drought|[of] p2a: Groudon
|turn|1
|
|t:|1638717911
|switch|p1a: Xerneas|Xerneas|100/100
|-ability|p1a: Xerneas|Fairy Aura
|-item|p1a: Xerneas|Air Balloon
|move|p2a: Groudon|Stone Edge|p1a: Xerneas
|-damage|p1a: Xerneas|82/100
|-enditem|p1a: Xerneas|Air Balloon
|
|-weather|SunnyDay|[upkeep]
|upkeep
|turn|2
|
|t:|1638717914
|move|p1a: Xerneas|Moonblast|p2a: Groudon
|-damage|p2a: Groudon|52/100
|move|p2a: Groudon|Stealth Rock|p1a: Xerneas
|-sidestart|p1: Luna's Bann3d Now|move: Stealth Rock
|
|-weather|SunnyDay|[upkeep]
|upkeep
|turn|3
|
|t:|1638717918
|switch|p2a: Corviknight|Corviknight, M|100/100
|-ability|p2a: Corviknight|Pressure
|move|p1a: Xerneas|Moonblast|p2a: Corviknight
|-resisted|p2a: Corviknight
|-damage|p2a: Corviknight|75/100
|
|-weather|SunnyDay|[upkeep]
|upkeep
|turn|4
|
|t:|1638717922
|switch|p1a: Ho-Oh|Ho-Oh|100/100
|move|p2a: Corviknight|U-turn|p1a: Ho-Oh
|-resisted|p1a: Ho-Oh
|-damage|p1a: Ho-Oh|98/100
|
|t:|1638717924
|switch|p2a: Kyogre|Kyogre|100/100|[from]move: U-turn
|-weather|RainDance|[from] ability: Drizzle|[of] p2a: Kyogre
|
|-weather|RainDance|[upkeep]
|upkeep
|turn|5
|
|t:|1638717926
|switch|p1a: Ferrothorn|Ferrothorn, F|100/100
|-damage|p1a: Ferrothorn|95/100|[from] Stealth Rock
|move|p2a: Kyogre|Water Spout|p1a: Ferrothorn
|-resisted|p1a: Ferrothorn
|-damage|p1a: Ferrothorn|27/100
|
|-weather|RainDance|[upkeep]
|-heal|p1a: Ferrothorn|33/100|[from] item: Leftovers
|upkeep
|turn|6
|
|t:|1638717929
|move|p2a: Kyogre|Water Spout|p1a: Ferrothorn
|-resisted|p1a: Ferrothorn
|-damage|p1a: Ferrothorn|0 fnt
|faint|p1a: Ferrothorn
|
|-weather|RainDance|[upkeep]
|upkeep
|
|t:|1638717933
|switch|p1a: Eternatus|Eternatus|100/100
|-damage|p1a: Eternatus|88/100|[from] Stealth Rock
|-ability|p1a: Eternatus|Pressure
|-item|p1a: Eternatus|Air Balloon
|turn|7
|
|t:|1638717937
|switch|p2a: Yveltal|Yveltal|100/100
|-ability|p2a: Yveltal|Dark Aura
|move|p1a: Eternatus|Dynamax Cannon|p2a: Yveltal
|-damage|p2a: Yveltal|62/100
|
|-weather|RainDance|[upkeep]
|upkeep
|turn|8
|
|t:|1638717943
|move|p1a: Eternatus|Sludge Bomb|p2a: Yveltal
|-damage|p2a: Yveltal|25/100
|move|p2a: Yveltal|Roost|p2a: Yveltal
|-heal|p2a: Yveltal|75/100
|-singleturn|p2a: Yveltal|move: Roost
|
|-weather|none
|upkeep
|turn|9
|
|t:|1638717948
|switch|p1a: Xerneas|Xerneas|82/100
|-damage|p1a: Xerneas|69/100|[from] Stealth Rock
|-ability|p1a: Xerneas|Fairy Aura
|move|p2a: Yveltal|Roost|p2a: Yveltal
|-heal|p2a: Yveltal|100/100
|-singleturn|p2a: Yveltal|move: Roost
|
|upkeep
|turn|10
|
|t:|1638717959
|switch|p2a: Melmetal|Melmetal|100/100
|move|p1a: Xerneas|Moonblast|p2a: Melmetal
|-resisted|p2a: Melmetal
|-damage|p2a: Melmetal|72/100
|
|upkeep
|turn|11
|
|t:|1638717963
|switch|p1a: Ho-Oh|Ho-Oh|100/100
|move|p2a: Melmetal|Double Iron Bash|p1a: Ho-Oh
|-resisted|p1a: Ho-Oh
|-damage|p1a: Ho-Oh|72/100
|-resisted|p1a: Ho-Oh
|-damage|p1a: Ho-Oh|43/100
|-hitcount|p1a: Ho-Oh|2
|
|upkeep
|turn|12
|
|t:|1638717970
|switch|p2a: Kyogre|Kyogre|100/100
|-weather|RainDance|[from] ability: Drizzle|[of] p2a: Kyogre
|move|p1a: Ho-Oh|Sacred Fire|p2a: Kyogre
|-resisted|p2a: Kyogre
|-damage|p2a: Kyogre|86/100
|
|-weather|RainDance|[upkeep]
|upkeep
|turn|13
|
|t:|1638717977
|switch|p1a: Eternatus|Eternatus|88/100
|-damage|p1a: Eternatus|76/100|[from] Stealth Rock
|-ability|p1a: Eternatus|Pressure
|-item|p1a: Eternatus|Air Balloon
|move|p2a: Kyogre|Water Spout|p1a: Eternatus
|-resisted|p1a: Eternatus
|-damage|p1a: Eternatus|5/100
|-enditem|p1a: Eternatus|Air Balloon
|
|-weather|RainDance|[upkeep]
|upkeep
|turn|14
|
|t:|1638717981
|move|p1a: Eternatus|Dynamax Cannon|p2a: Kyogre
|-damage|p2a: Kyogre|43/100
|move|p2a: Kyogre|Water Spout|p1a: Eternatus
|-resisted|p1a: Eternatus
|-damage|p1a: Eternatus|0 fnt
|faint|p1a: Eternatus
|
|-weather|RainDance|[upkeep]
|upkeep
|
|t:|1638717985
|switch|p1a: Lunala|Lunala|100/100
|-damage|p1a: Lunala|88/100|[from] Stealth Rock
|turn|15
|
|t:|1638717992
|switch|p2a: Yveltal|Yveltal|100/100
|-ability|p2a: Yveltal|Dark Aura
|move|p1a: Lunala|Moongeist Beam|p2a: Yveltal
|-resisted|p2a: Yveltal
|-damage|p2a: Yveltal|71/100
|
|-weather|RainDance|[upkeep]
|upkeep
|turn|16
|
|t:|1638717997
|switch|p1a: Xerneas|Xerneas|69/100
|-damage|p1a: Xerneas|57/100|[from] Stealth Rock
|-ability|p1a: Xerneas|Fairy Aura
|move|p2a: Yveltal|Knock Off|p1a: Xerneas
|-resisted|p1a: Xerneas
|-damage|p1a: Xerneas|46/100
|
|-weather|none
|upkeep
|turn|17
|
|t:|1638718004
|switch|p1a: Ho-Oh|Ho-Oh|76/100
|switch|p2a: Melmetal|Melmetal|72/100
|
|upkeep
|turn|18
|
|t:|1638718020
|switch|p2a: Corviknight|Corviknight, M|75/100
|-ability|p2a: Corviknight|Pressure
|move|p1a: Ho-Oh|Thunder Wave|p2a: Corviknight
|-status|p2a: Corviknight|par
|
|upkeep
|turn|19
|
|t:|1638718029
|move|p1a: Ho-Oh|Sacred Fire|p2a: Corviknight
|-supereffective|p2a: Corviknight
|-damage|p2a: Corviknight|6/100 par
|move|p2a: Corviknight|Tailwind|p2a: Corviknight
|-sidestart|p2: Entrocefalo|move: Tailwind
|
|upkeep
|turn|20
|
|t:|1638718035
|switch|p1a: Yveltal|Yveltal|100/100
|-ability|p1a: Yveltal|Dark Aura
|move|p2a: Corviknight|U-turn|p1a: Yveltal
|-damage|p1a: Yveltal|88/100
|
|t:|1638718038
|switch|p2a: Melmetal|Melmetal|72/100|[from]move: U-turn
|
|upkeep
|turn|21
|
|t:|1638718041
|switch|p1a: Ho-Oh|Ho-Oh|100/100
|move|p2a: Melmetal|Double Iron Bash|p1a: Ho-Oh
|-resisted|p1a: Ho-Oh
|-damage|p1a: Ho-Oh|68/100
|-resisted|p1a: Ho-Oh
|-damage|p1a: Ho-Oh|41/100
|-hitcount|p1a: Ho-Oh|2
|
|upkeep
|turn|22
|
|t:|1638718049
|move|p1a: Ho-Oh|Sacred Fire|p2a: Melmetal
|-supereffective|p2a: Melmetal
|-damage|p2a: Melmetal|12/100
|move|p2a: Melmetal|Double Iron Bash|p1a: Ho-Oh
|-resisted|p1a: Ho-Oh
|-damage|p1a: Ho-Oh|9/100
|-resisted|p1a: Ho-Oh
|-damage|p1a: Ho-Oh|0 fnt
|faint|p1a: Ho-Oh
|-hitcount|p1: Ho-Oh|2
|
|-sideend|p2: Entrocefalo|move: Tailwind
|upkeep
|
|t:|1638718052
|switch|p1a: Yveltal|Yveltal|88/100
|-ability|p1a: Yveltal|Dark Aura
|turn|23
|
|t:|1638718058
|switch|p2a: Corviknight|Corviknight, M|6/100 par
|-ability|p2a: Corviknight|Pressure
|move|p1a: Yveltal|Knock Off|p2a: Corviknight
|-damage|p2a: Corviknight|0 fnt
|-damage|p1a: Yveltal|71/100|[from] item: Rocky Helmet|[of] p2a: Corviknight
|-enditem|p2a: Corviknight|Rocky Helmet|[from] move: Knock Off|[of] p1a: Yveltal
|faint|p2a: Corviknight
|
|upkeep
|
|t:|1638718062
|switch|p2a: Xerneas|Xerneas|100/100
|-ability|p2a: Xerneas|Fairy Aura
|turn|24
|
|t:|1638718064
|move|p1a: Yveltal|Knock Off|p2a: Xerneas
|-resisted|p2a: Xerneas
|-damage|p2a: Xerneas|73/100
|-enditem|p2a: Xerneas|Power Herb|[from] move: Knock Off|[of] p1a: Yveltal
|move|p2a: Xerneas|Moonblast|p1a: Yveltal
|-supereffective|p1a: Yveltal
|-damage|p1a: Yveltal|0 fnt
|faint|p1a: Yveltal
|
|upkeep
|
|t:|1638718066
|switch|p1a: Lunala|Lunala|88/100
|-damage|p1a: Lunala|76/100|[from] Stealth Rock
|turn|25
|
|t:|1638718073
|move|p1a: Lunala|Ice Beam|p2a: Xerneas
|-damage|p2a: Xerneas|33/100
|move|p2a: Xerneas|Geomancy||[still]
|-prepare|p2a: Xerneas|Geomancy
|
|upkeep
|turn|26
|
|t:|1638718076
|move|p1a: Lunala|Ice Beam|p2a: Xerneas
|-damage|p2a: Xerneas|0 fnt
|faint|p2a: Xerneas
|
|upkeep
|
|t:|1638718078
|switch|p2a: Yveltal|Yveltal|71/100
|-ability|p2a: Yveltal|Dark Aura
|turn|27
|
|t:|1638718082
|switch|p1a: Xerneas|Xerneas|46/100
|-damage|p1a: Xerneas|34/100|[from] Stealth Rock
|-ability|p1a: Xerneas|Fairy Aura
|move|p2a: Yveltal|Tailwind|p2a: Yveltal
|-sidestart|p2: Entrocefalo|move: Tailwind
|
|upkeep
|turn|28
|
|t:|1638718089
|switch|p2a: Melmetal|Melmetal|12/100
|move|p1a: Xerneas|Rest|p1a: Xerneas
|-status|p1a: Xerneas|slp|[from] move: Rest
|-heal|p1a: Xerneas|100/100 slp|[silent]
|
|upkeep
|turn|29
|
|t:|1638718092
|cant|p1a: Xerneas|slp
|move|p1a: Xerneas|Sleep Talk|p1a: Xerneas
|move|p1a: Xerneas|Aromatherapy|p1a: Xerneas|[from]move: Sleep Talk
|-activate|p1a: Xerneas|move: Aromatherapy
|-curestatus|p1a: Xerneas|slp|[msg]
|move|p2a: Melmetal|Double Iron Bash|p1a: Xerneas
|-supereffective|p1a: Xerneas
|-damage|p1a: Xerneas|20/100
|-supereffective|p1a: Xerneas
|-damage|p1a: Xerneas|0 fnt
|faint|p1a: Xerneas
|-hitcount|p1: Xerneas|2
|
|upkeep
|
|t:|1638718095
|switch|p1a: Lunala|Lunala|76/100
|-damage|p1a: Lunala|64/100|[from] Stealth Rock
|turn|30
|
|t:|1638718098
|move|p1a: Lunala|Moongeist Beam|p2a: Melmetal
|-damage|p2a: Melmetal|0 fnt
|faint|p2a: Melmetal
|
|-sideend|p2: Entrocefalo|move: Tailwind
|upkeep
|
|t:|1638718102
|switch|p2a: Yveltal|Yveltal|71/100
|-ability|p2a: Yveltal|Dark Aura
|turn|31
|c|☆Luna's Bann3d Now|gg
|
|t:|1638718104
|move|p1a: Lunala|Moongeist Beam|p2a: Yveltal
|-resisted|p2a: Yveltal
|-damage|p2a: Yveltal|41/100
|move|p2a: Yveltal|Knock Off|p1a: Lunala
|-supereffective|p1a: Lunala
|-damage|p1a: Lunala|0 fnt
|-enditem|p1a: Lunala|Choice Specs|[from] move: Knock Off|[of] p2a: Yveltal
|faint|p1a: Lunala
|
|win|Entrocefalo
|c|☆Entrocefalo|Gg!
