|inactive|Battle timer is ON: inactive players will automatically lose when time's up.
|t:|1670119018
|gametype|singles
|player|p1|pop smoke|#tjayxmas|
|player|p2|Aberforth|#aberforth|
|teamsize|p1|6
|teamsize|p2|6
|gen|8
|tier|[Gen 8] Ubers
|rule|Sleep Clause Mod: Limit one foe put to sleep
|rule|Species Clause: Limit one of each Pokémon
|rule|OHKO Clause: OHKO moves are banned
|rule|Evasion Items Clause: Evasion items are banned
|rule|Evasion Moves Clause: Evasion moves are banned
|rule|Endless Battle Clause: Forcing endless battles is banned
|rule|HP Percentage Mod: HP is shown in percentages
|rule|Dynamax Clause: You cannot dynamax
|clearpoke
|poke|p1|Groudon|
|poke|p1|Ho-Oh|
|poke|p1|Eternatus|
|poke|p1|Yveltal|
|poke|p1|Necrozma-Dusk-Mane|
|poke|p1|Zekrom|
|poke|p2|Xerneas-*|
|poke|p2|Weavile, F|
|poke|p2|Eternatus|
|poke|p2|Mew|
|poke|p2|Yveltal|
|poke|p2|Necrozma-Dusk-Mane|
|teampreview
|inactive|pop smoke also wants the timer to be on.
|c|☆Aberforth|hf
|c|☆pop smoke|hf
|inactive|pop smoke has 270 seconds left.
|inactive|Aberforth has 270 seconds left.
|inactive|pop smoke has 240 seconds left.
|inactive|Aberforth has 240 seconds left.
|
|t:|1670119101
|start
|switch|p1a: Ho-Oh|Ho-Oh, shiny|100/100
|switch|p2a: Eternatus|Eternatus|100/100
|-ability|p2a: Eternatus|Pressure
|turn|1
|
|t:|1670119111
|switch|p2a: Mew|Mew|100/100
|switch|p1a: Necrozma|Necrozma-Dusk-Mane|100/100
|
|upkeep
|turn|2
|
|t:|1670119129
|switch|p1a: Ho-Oh|Ho-Oh, shiny|100/100
|move|p2a: Mew|Taunt|p1a: Ho-Oh
|-start|p1a: Ho-Oh|move: Taunt
|
|upkeep
|turn|3
|
|t:|1670119137
|move|p2a: Mew|Stealth Rock|p1a: Ho-Oh
|-sidestart|p1: pop smoke|move: Stealth Rock
|move|p1a: Ho-Oh|Sacred Fire|p2a: Mew
|-damage|p2a: Mew|63/100
|
|upkeep
|turn|4
|
|t:|1670119142
|move|p2a: Mew|Spikes|p1a: Ho-Oh
|-sidestart|p1: pop smoke|Spikes
|move|p1a: Ho-Oh|Sacred Fire|p2a: Mew|[miss]
|-miss|p1a: Ho-Oh|p2a: Mew
|
|-end|p1a: Ho-Oh|move: Taunt
|upkeep
|turn|5
|
|t:|1670119146
|move|p2a: Mew|Taunt|p1a: Ho-Oh
|-start|p1a: Ho-Oh|move: Taunt
|move|p1a: Ho-Oh|Sacred Fire|p2a: Mew
|-damage|p2a: Mew|28/100
|-status|p2a: Mew|brn
|-activate|p2a: Mew|ability: Synchronize
|-immune|p1a: Ho-Oh
|
|-damage|p2a: Mew|22/100 brn|[from] brn
|upkeep
|turn|6
|
|t:|1670119153
|move|p2a: Mew|Spikes|p1a: Ho-Oh
|-sidestart|p1: pop smoke|Spikes
|move|p1a: Ho-Oh|Sacred Fire|p2a: Mew
|-damage|p2a: Mew|0 fnt
|faint|p2a: Mew
|
|upkeep
|
|t:|1670119163
|switch|p2a: Eternatus|Eternatus|100/100
|-ability|p2a: Eternatus|Pressure
|turn|7
|
|t:|1670119190
|switch|p2a: Yveltal|Yveltal|100/100
|-ability|p2a: Yveltal|Dark Aura
|switch|p1a: Necrozma|Necrozma-Dusk-Mane|100/100
|-damage|p1a: Necrozma|94/100|[from] Stealth Rock
|-damage|p1a: Necrozma|78/100|[from] Spikes
|
|-heal|p1a: Necrozma|84/100|[from] item: Leftovers
|upkeep
|turn|8
|
|t:|1670119204
|switch|p1a: Yveltal|Yveltal|100/100
|-ability|p1a: Yveltal|Dark Aura
|move|p2a: Yveltal|Knock Off|p1a: Yveltal
|-resisted|p1a: Yveltal
|-damage|p1a: Yveltal|65/100
|-enditem|p1a: Yveltal|Heavy-Duty Boots|[from] move: Knock Off|[of] p2a: Yveltal
|
|upkeep
|turn|9
|
|t:|1670119206
|move|p1a: Yveltal|Defog|p2a: Yveltal
|-unboost|p2a: Yveltal|evasion|1
|-sideend|p1: pop smoke|Spikes|[from] move: Defog|[of] p1a: Yveltal
|-sideend|p1: pop smoke|Stealth Rock|[from] move: Defog|[of] p1a: Yveltal
|move|p2a: Yveltal|Taunt|p1a: Yveltal
|-start|p1a: Yveltal|move: Taunt
|
|upkeep
|turn|10
|
|t:|1670119215
|move|p1a: Yveltal|Knock Off|p2a: Yveltal
|-resisted|p2a: Yveltal
|-damage|p2a: Yveltal|74/100
|-enditem|p2a: Yveltal|Black Glasses|[from] move: Knock Off|[of] p1a: Yveltal
|move|p2a: Yveltal|Knock Off|p1a: Yveltal
|-resisted|p1a: Yveltal
|-damage|p1a: Yveltal|44/100
|
|upkeep
|turn|11
|
|t:|1670119223
|move|p2a: Yveltal|Knock Off|p1a: Yveltal
|-resisted|p1a: Yveltal
|-damage|p1a: Yveltal|24/100
|move|p1a: Yveltal|Foul Play|p2a: Yveltal
|-resisted|p2a: Yveltal
|-damage|p2a: Yveltal|42/100
|
|upkeep
|turn|12
|
|t:|1670119232
|move|p2a: Yveltal|Sucker Punch|p1a: Yveltal
|-resisted|p1a: Yveltal
|-damage|p1a: Yveltal|2/100
|move|p1a: Yveltal|Foul Play|p2a: Yveltal
|-resisted|p2a: Yveltal
|-damage|p2a: Yveltal|11/100
|
|-end|p1a: Yveltal|move: Taunt
|upkeep
|turn|13
|
|t:|1670119235
|move|p2a: Yveltal|Knock Off|p1a: Yveltal
|-resisted|p1a: Yveltal
|-damage|p1a: Yveltal|0 fnt
|faint|p1a: Yveltal
|
|upkeep
|
|t:|1670119244
|switch|p1a: Eternatus|Eternatus|100/100
|-ability|p1a: Eternatus|Pressure
|-item|p1a: Eternatus|Air Balloon
|turn|14
|
|t:|1670119272
|move|p2a: Yveltal|Sucker Punch|p1a: Eternatus
|-damage|p1a: Eternatus|66/100
|-enditem|p1a: Eternatus|Air Balloon
|move|p1a: Eternatus|Draco Meteor|p2a: Yveltal
|-damage|p2a: Yveltal|0 fnt
|-unboost|p1a: Eternatus|spa|2
|faint|p2a: Yveltal
|
|upkeep
|
|t:|1670119282
|switch|p2a: Weavile|Weavile, F|100/100
|-ability|p2a: Weavile|Pressure
|turn|15
|
|t:|1670119300
|move|p1a: Eternatus|Toxic|p2a: Weavile
|-status|p2a: Weavile|tox
|move|p2a: Weavile|Swords Dance|p2a: Weavile
|-boost|p2a: Weavile|atk|2
|
|-damage|p2a: Weavile|94/100 tox|[from] psn
|upkeep
|turn|16
|inactive|pop smoke has 270 seconds left.
|
|t:|1670119315
|move|p2a: Weavile|Triple Axel|p1a: Eternatus
|-supereffective|p1a: Eternatus
|-damage|p1a: Eternatus|34/100
|-supereffective|p1a: Eternatus
|-damage|p1a: Eternatus|0 fnt
|faint|p1a: Eternatus
|-hitcount|p1: Eternatus|2
|
|-damage|p2a: Weavile|82/100 tox|[from] psn
|upkeep
|inactive|pop smoke has 270 seconds left.
|
|t:|1670119320
|switch|p1a: Ho-Oh|Ho-Oh, shiny|100/100
|turn|17
|inactive|pop smoke has 270 seconds left.
|inactive|Aberforth has 270 seconds left.
|
|t:|1670119357
|move|p2a: Weavile|Triple Axel|p1a: Ho-Oh
|-damage|p1a: Ho-Oh|85/100
|-damage|p1a: Ho-Oh|58/100
|-damage|p1a: Ho-Oh|20/100
|-hitcount|p1a: Ho-Oh|3
|move|p1a: Ho-Oh|Sacred Fire|p2a: Weavile
|-supereffective|p2a: Weavile
|-damage|p2a: Weavile|0 fnt
|faint|p2a: Weavile
|
|upkeep
|
|t:|1670119366
|switch|p2a: Eternatus|Eternatus|100/100
|-ability|p2a: Eternatus|Pressure
|turn|18
|inactive|pop smoke has 270 seconds left.
|inactive|Aberforth has 270 seconds left.
|inactive|pop smoke has 240 seconds left.
|inactive|pop smoke has 210 seconds left.
|inactive|Aberforth has 240 seconds left.
|inactive|pop smoke has 180 seconds left.
|inactive|Aberforth has 210 seconds left.
|
|t:|1670119485
|switch|p1a: Zekrom|Zekrom|100/100
|-ability|p1a: Zekrom|Teravolt
|move|p2a: Eternatus|Meteor Beam||[still]
|-prepare|p2a: Eternatus|Meteor Beam
|-boost|p2a: Eternatus|spa|1
|-enditem|p2a: Eternatus|Power Herb
|-anim|p2a: Eternatus|Meteor Beam|p1a: Zekrom
|-damage|p1a: Zekrom|28/100
|
|upkeep
|turn|19
|
|t:|1670119490
|move|p2a: Eternatus|Dynamax Cannon|p1a: Zekrom
|-supereffective|p1a: Zekrom
|-damage|p1a: Zekrom|0 fnt
|faint|p1a: Zekrom
|
|upkeep
|inactive|pop smoke has 180 seconds left.
|inactive|pop smoke has 150 seconds left.
|
|t:|1670119555
|switch|p1a: Ho-Oh|Ho-Oh, shiny|53/100
|turn|20
|
|t:|1670119571
|move|p2a: Eternatus|Dynamax Cannon|p1a: Ho-Oh
|-damage|p1a: Ho-Oh|9/100
|move|p1a: Ho-Oh|Thunder Wave|p2a: Eternatus
|-status|p2a: Eternatus|par
|
|upkeep
|turn|21
|
|t:|1670119579
|move|p1a: Ho-Oh|Brave Bird|p2a: Eternatus
|-crit|p2a: Eternatus
|-damage|p2a: Eternatus|38/100 par
|-damage|p1a: Ho-Oh|0 fnt|[from] Recoil
|faint|p1a: Ho-Oh
|move|p2a: Eternatus|Flamethrower|p1: Ho-Oh|[notarget]
|-fail|p2a: Eternatus
|
|upkeep
|inactive|pop smoke has 120 seconds left.
|
|t:|1670119615
|switch|p1a: Necrozma|Necrozma-Dusk-Mane|84/100
|turn|22
|inactive|Aberforth has 210 seconds left.
|
|t:|1670119654
|move|p1a: Necrozma|Dragon Dance|p1a: Necrozma
|-boost|p1a: Necrozma|atk|1
|-boost|p1a: Necrozma|spe|1
|move|p2a: Eternatus|Flamethrower|p1a: Necrozma
|-supereffective|p1a: Necrozma
|-damage|p1a: Necrozma|30/100
|
|-heal|p1a: Necrozma|36/100|[from] item: Leftovers
|upkeep
|turn|23
|
|t:|1670119662
|move|p1a: Necrozma|Moonlight|p1a: Necrozma
|-heal|p1a: Necrozma|86/100
|move|p2a: Eternatus|Flamethrower|p1a: Necrozma
|-supereffective|p1a: Necrozma
|-damage|p1a: Necrozma|35/100
|
|-heal|p1a: Necrozma|41/100|[from] item: Leftovers
|upkeep
|turn|24
|
|t:|1670119665
|move|p1a: Necrozma|Moonlight|p1a: Necrozma
|-heal|p1a: Necrozma|91/100
|move|p2a: Eternatus|Flamethrower|p1a: Necrozma
|-supereffective|p1a: Necrozma
|-damage|p1a: Necrozma|42/100
|
|-heal|p1a: Necrozma|48/100|[from] item: Leftovers
|upkeep
|turn|25
|
|t:|1670119668
|move|p1a: Necrozma|Moonlight|p1a: Necrozma
|-heal|p1a: Necrozma|98/100
|move|p2a: Eternatus|Flamethrower|p1a: Necrozma
|-supereffective|p1a: Necrozma
|-damage|p1a: Necrozma|46/100
|
|-heal|p1a: Necrozma|52/100|[from] item: Leftovers
|upkeep
|turn|26
|inactive|pop smoke has 150 seconds left.
|inactive|pop smoke has 120 seconds left.
|
|t:|1670119708
|move|p1a: Necrozma|Moonlight|p1a: Necrozma
|-heal|p1a: Necrozma|100/100
|cant|p2a: Eternatus|par
|
|upkeep
|turn|27
|
|t:|1670119711
|move|p1a: Necrozma|Dragon Dance|p1a: Necrozma
|-boost|p1a: Necrozma|atk|1
|-boost|p1a: Necrozma|spe|1
|cant|p2a: Eternatus|par
|
|upkeep
|turn|28
|
|t:|1670119719
|move|p1a: Necrozma|Sunsteel Strike|p2a: Eternatus
|-damage|p2a: Eternatus|0 fnt
|faint|p2a: Eternatus
|
|upkeep
|
|t:|1670119721
|switch|p2a: Necrozma|Necrozma-Dusk-Mane|100/100
|turn|29
|
|t:|1670119726
|move|p1a: Necrozma|Knock Off|p2a: Necrozma
|-supereffective|p2a: Necrozma
|-damage|p2a: Necrozma|16/100
|-enditem|p2a: Necrozma|Life Orb|[from] move: Knock Off|[of] p1a: Necrozma
|move|p2a: Necrozma|Dragon Dance|p2a: Necrozma
|-boost|p2a: Necrozma|atk|1
|-boost|p2a: Necrozma|spe|1
|
|upkeep
|turn|30
|
|t:|1670119730
|move|p1a: Necrozma|Knock Off|p2a: Necrozma
|-supereffective|p2a: Necrozma
|-damage|p2a: Necrozma|0 fnt
|faint|p2a: Necrozma
|
|upkeep
|c|☆Aberforth|gg
|c|☆pop smoke|gg
|-message|Aberforth forfeited.
|
|win|pop smoke
