|inactive|Battle timer is ON: inactive players will automatically lose when time's up.
|t:|1655690684
|gametype|singles
|player|p1|Fc ❤|#wcop2022canada|
|player|p2|Trade|may|
|teamsize|p1|6
|teamsize|p2|6
|gen|8
|tier|[Gen 8] Ubers
|rule|Sleep Clause Mod: Limit one foe put to sleep
|rule|Species Clause: Limit one of each Pokémon
|rule|OHKO Clause: OHKO moves are banned
|rule|Evasion Moves Clause: Evasion moves are banned
|rule|Endless Battle Clause: Forcing endless battles is banned
|rule|HP Percentage Mod: HP is shown in percentages
|rule|Dynamax Clause: You cannot dynamax
|clearpoke
|poke|p1|Arctozolt|
|poke|p1|Abomasnow, F|
|poke|p1|Yveltal|
|poke|p1|Ho-Oh|
|poke|p1|Zekrom|
|poke|p1|Heatran, F|
|poke|p2|Palkia|
|poke|p2|Magearna|
|poke|p2|Landorus, M|
|poke|p2|Tyranitar, M|
|poke|p2|Blissey, F|
|poke|p2|Giratina|
|teampreview
|c|☆Trade|WEATHER WARS!
|c|☆Fc ❤|hf
|c|☆Trade|hf
|c|☆Fc ❤|bw moment
|inactive|Fc ❤ has 270 seconds left.
|inactive|Fc ❤ has 240 seconds left.
|c|+STEEL SKITTY!!!!|trade's team is almost viable in bw
|c|+STEEL SKITTY!!!!|with exca over mag
|c|+STEEL SKITTY!!!!|almost.
|
|t:|1655690761
|start
|switch|p1a: Zekrom|Zekrom|100/100
|switch|p2a: Palkia|Palkia|100/100
|-ability|p2a: Palkia|Pressure
|-ability|p1a: Zekrom|Teravolt
|turn|1
|
|t:|1655690775
|switch|p2a: Landorus|Landorus, M|100/100
|switch|p1a: Heatran|Heatran, F|100/100
|
|upkeep
|turn|2
|c|☆Fc ❤|I lose
|c|☆Trade|howd i know
|
|t:|1655690785
|move|p2a: Landorus|U-turn|p1a: Heatran
|-resisted|p1a: Heatran
|-damage|p1a: Heatran|95/100
|c|+Junaa|so go od
|c|☆Fc ❤|OML
|c|☆Trade|im no ground move
|c|☆Trade|LOL
|c|☆Fc ❤|nah
|c|☆Fc ❤|no way
|
|t:|1655690800
|switch|p2a: Giratina|Giratina|100/100|[from]move: U-turn
|-ability|p2a: Giratina|Pressure
|move|p1a: Heatran|Magma Storm|p2a: Giratina
|-resisted|p2a: Giratina
|-damage|p2a: Giratina|89/100
|-activate|p2a: Giratina|move: Magma Storm|[of] p1a: Heatran
|
|-heal|p1a: Heatran|100/100|[from] item: Leftovers
|-heal|p2a: Giratina|95/100|[from] item: Leftovers
|-damage|p2a: Giratina|82/100|[from] move: Magma Storm|[partiallytrapped]
|upkeep
|turn|3
|
|t:|1655690806
|switch|p2a: Palkia|Palkia|100/100
|-ability|p2a: Palkia|Pressure
|move|p1a: Heatran|Toxic|p2a: Palkia
|-status|p2a: Palkia|tox
|
|-damage|p2a: Palkia|94/100 tox|[from] psn
|upkeep
|turn|4
|
|t:|1655690818
|switch|p2a: Tyranitar|Tyranitar, M|100/100
|-weather|Sandstorm|[from] ability: Sand Stream|[of] p2a: Tyranitar
|move|p1a: Heatran|Magma Storm|p2a: Tyranitar
|-resisted|p2a: Tyranitar
|-damage|p2a: Tyranitar|92/100
|-activate|p2a: Tyranitar|move: Magma Storm|[of] p1a: Heatran
|
|-weather|Sandstorm|[upkeep]
|-damage|p2a: Tyranitar|79/100|[from] move: Magma Storm|[partiallytrapped]
|upkeep
|turn|5
|c|☆Fc ❤|OML
|
|t:|1655690823
|move|p1a: Heatran|Earth Power|p2a: Tyranitar
|-supereffective|p2a: Tyranitar
|-damage|p2a: Tyranitar|59/100
|move|p2a: Tyranitar|Thunder Wave|p1a: Heatran
|-status|p1a: Heatran|par
|
|-weather|Sandstorm|[upkeep]
|-damage|p2a: Tyranitar|47/100|[from] move: Magma Storm|[partiallytrapped]
|upkeep
|turn|6
|
|t:|1655690829
|move|p2a: Tyranitar|Stealth Rock|p1a: Heatran
|-sidestart|p1: Fc ❤|move: Stealth Rock
|move|p1a: Heatran|Taunt|p2a: Tyranitar
|-start|p2a: Tyranitar|move: Taunt
|
|-weather|Sandstorm|[upkeep]
|-damage|p2a: Tyranitar|35/100|[from] move: Magma Storm|[partiallytrapped]
|upkeep
|turn|7
|
|t:|1655690832
|move|p2a: Tyranitar|Rock Blast|p1a: Heatran
|-damage|p1a: Heatran|91/100 par
|-damage|p1a: Heatran|81/100 par
|-hitcount|p1a: Heatran|2
|move|p1a: Heatran|Earth Power|p2a: Tyranitar
|-supereffective|p2a: Tyranitar
|-damage|p2a: Tyranitar|13/100
|
|-weather|Sandstorm|[upkeep]
|-heal|p1a: Heatran|87/100 par|[from] item: Leftovers
|-damage|p2a: Tyranitar|1/100|[from] move: Magma Storm|[partiallytrapped]
|upkeep
|turn|8
|
|t:|1655690834
|move|p2a: Tyranitar|Foul Play|p1a: Heatran
|-damage|p1a: Heatran|68/100 par
|move|p1a: Heatran|Earth Power|p2a: Tyranitar
|-supereffective|p2a: Tyranitar
|-damage|p2a: Tyranitar|0 fnt
|faint|p2a: Tyranitar
|
|-weather|Sandstorm|[upkeep]
|-heal|p1a: Heatran|74/100 par|[from] item: Leftovers
|upkeep
|
|t:|1655690836
|switch|p2a: Landorus|Landorus, M|100/100
|turn|9
|c|☆Fc ❤|weather war: won
|
|t:|1655690839
|move|p2a: Landorus|Stone Edge|p1a: Heatran
|-damage|p1a: Heatran|34/100 par
|move|p1a: Heatran|Magma Storm|p2a: Landorus
|-damage|p2a: Landorus|46/100
|-activate|p2a: Landorus|move: Magma Storm|[of] p1a: Heatran
|
|-weather|Sandstorm|[upkeep]
|-heal|p1a: Heatran|41/100 par|[from] item: Leftovers
|-damage|p2a: Landorus|34/100|[from] move: Magma Storm|[partiallytrapped]
|upkeep
|turn|10
|
|t:|1655690843
|move|p2a: Landorus|Stone Edge|p1a: Heatran
|-crit|p1a: Heatran
|-damage|p1a: Heatran|0 fnt
|faint|p1a: Heatran
|
|-weather|Sandstorm|[upkeep]
|-end|p2a: Landorus|Magma Storm|[partiallytrapped]|[silent]
|upkeep
|c|☆Trade|not kidding btw
|c|☆Fc ❤|why do I lose to it tho
|c|☆Trade|im no ground move
|
|t:|1655690852
|switch|p1a: Zekrom|Zekrom|100/100
|-damage|p1a: Zekrom|88/100|[from] Stealth Rock
|-ability|p1a: Zekrom|Teravolt
|turn|11
|
|t:|1655690855
|move|p2a: Landorus|Stone Edge|p1a: Zekrom
|-crit|p1a: Zekrom
|-damage|p1a: Zekrom|35/100
|move|p1a: Zekrom|Draco Meteor|p2a: Landorus
|-damage|p2a: Landorus|0 fnt
|-unboost|p1a: Zekrom|spa|2
|faint|p2a: Landorus
|
|-weather|none
|upkeep
|
|t:|1655690862
|switch|p2a: Palkia|Palkia|94/100 tox
|-ability|p2a: Palkia|Pressure
|turn|12
|
|t:|1655690865
|move|p2a: Palkia|Spacial Rend|p1a: Zekrom
|-supereffective|p1a: Zekrom
|-damage|p1a: Zekrom|0 fnt
|faint|p1a: Zekrom
|
|-damage|p2a: Palkia|88/100 tox|[from] psn
|upkeep
|
|t:|1655690867
|switch|p1a: Abomasnow|Abomasnow, F|100/100
|-damage|p1a: Abomasnow|75/100|[from] Stealth Rock
|-weather|Hail|[from] ability: Snow Warning|[of] p1a: Abomasnow
|turn|13
|
|t:|1655690869
|move|p1a: Abomasnow|Protect|p1a: Abomasnow
|-singleturn|p1a: Abomasnow|Protect
|move|p2a: Palkia|Fire Blast|p1a: Abomasnow
|-activate|p1a: Abomasnow|move: Protect
|
|-weather|Hail|[upkeep]
|-damage|p2a: Palkia|82/100 tox|[from] Hail
|-damage|p2a: Palkia|69/100 tox|[from] psn
|upkeep
|turn|14
|
|t:|1655690875
|switch|p2a: Giratina|Giratina|82/100
|-ability|p2a: Giratina|Pressure
|switch|p1a: Yveltal|Yveltal|100/100
|-ability|p1a: Yveltal|Dark Aura
|
|-weather|Hail|[upkeep]
|-damage|p1a: Yveltal|94/100|[from] Hail
|-damage|p2a: Giratina|76/100|[from] Hail
|-heal|p2a: Giratina|82/100|[from] item: Leftovers
|upkeep
|turn|15
|
|t:|1655690880
|switch|p2a: Magearna|Magearna|100/100
|move|p1a: Yveltal|Defog|p2a: Magearna
|-unboost|p2a: Magearna|evasion|1
|-sideend|p1: Fc ❤|Stealth Rock|[from] move: Defog|[of] p1a: Yveltal
|
|-weather|Hail|[upkeep]
|-damage|p1a: Yveltal|88/100|[from] Hail
|-damage|p2a: Magearna|94/100|[from] Hail
|-heal|p2a: Magearna|100/100|[from] item: Leftovers
|upkeep
|turn|16
|
|t:|1655690885
|move|p1a: Yveltal|U-turn|p2a: Magearna
|-resisted|p2a: Magearna
|-damage|p2a: Magearna|97/100
|
|t:|1655690886
|switch|p1a: Ho-Oh|Ho-Oh, shiny|100/100|[from]move: U-turn
|move|p2a: Magearna|Volt Switch|p1a: Ho-Oh
|-supereffective|p1a: Ho-Oh
|-damage|p1a: Ho-Oh|77/100
|
|t:|1655690889
|switch|p2a: Giratina|Giratina|82/100|[from]move: Volt Switch
|-ability|p2a: Giratina|Pressure
|
|-weather|Hail|[upkeep]
|-damage|p2a: Giratina|76/100|[from] Hail
|-damage|p1a: Ho-Oh|71/100|[from] Hail
|-heal|p2a: Giratina|82/100|[from] item: Leftovers
|upkeep
|turn|17
|
|t:|1655690893
|switch|p1a: Yveltal|Yveltal|88/100
|-ability|p1a: Yveltal|Dark Aura
|move|p2a: Giratina|Toxic|p1a: Yveltal
|-status|p1a: Yveltal|tox
|
|-weather|Hail|[upkeep]
|-damage|p1a: Yveltal|82/100 tox|[from] Hail
|-damage|p2a: Giratina|76/100|[from] Hail
|-heal|p2a: Giratina|82/100|[from] item: Leftovers
|-damage|p1a: Yveltal|76/100 tox|[from] psn
|upkeep
|turn|18
|c|+STEEL SKITTY!!!!|what is the lando set
|
|t:|1655690895
|switch|p2a: Magearna|Magearna|97/100
|move|p1a: Yveltal|Knock Off|p2a: Magearna
|-resisted|p2a: Magearna
|-damage|p2a: Magearna|78/100
|-enditem|p2a: Magearna|Leftovers|[from] move: Knock Off|[of] p1a: Yveltal
|
|-weather|Hail|[upkeep]
|-damage|p1a: Yveltal|70/100 tox|[from] Hail
|-damage|p2a: Magearna|72/100|[from] Hail
|-damage|p1a: Yveltal|57/100 tox|[from] psn
|upkeep
|turn|19
|
|t:|1655690898
|move|p1a: Yveltal|U-turn|p2a: Magearna
|-resisted|p2a: Magearna
|-damage|p2a: Magearna|68/100
|
|t:|1655690902
|switch|p1a: Arctozolt|Arctozolt|100/100|[from]move: U-turn
|move|p2a: Magearna|Volt Switch|p1a: Arctozolt
|-resisted|p1a: Arctozolt
|-damage|p1a: Arctozolt|87/100
|
|t:|1655690907
|switch|p2a: Giratina|Giratina|82/100|[from]move: Volt Switch
|-ability|p2a: Giratina|Pressure
|
|-weather|Hail|[upkeep]
|-damage|p2a: Giratina|76/100|[from] Hail
|-heal|p1a: Arctozolt|93/100|[from] item: Leftovers
|-heal|p2a: Giratina|82/100|[from] item: Leftovers
|upkeep
|turn|20
|
|t:|1655690911
|move|p1a: Arctozolt|Substitute|p1a: Arctozolt
|-start|p1a: Arctozolt|Substitute
|-damage|p1a: Arctozolt|68/100
|move|p2a: Giratina|Will-O-Wisp|p1a: Arctozolt|[miss]
|-miss|p2a: Giratina|p1a: Arctozolt
|
|-weather|none
|-heal|p1a: Arctozolt|74/100|[from] item: Leftovers
|-heal|p2a: Giratina|88/100|[from] item: Leftovers
|upkeep
|turn|21
|
|t:|1655690913
|switch|p2a: Magearna|Magearna|68/100
|move|p1a: Arctozolt|Icicle Crash|p2a: Magearna|[miss]
|-miss|p1a: Arctozolt|p2a: Magearna
|
|-heal|p1a: Arctozolt|81/100|[from] item: Leftovers
|upkeep
|turn|22
|
|t:|1655690915
|move|p1a: Arctozolt|Bolt Beak|p2a: Magearna
|-damage|p2a: Magearna|16/100
|move|p2a: Magearna|Encore|p1a: Arctozolt
|-start|p1a: Arctozolt|Encore
|
|-heal|p1a: Arctozolt|87/100|[from] item: Leftovers
|upkeep
|turn|23
|
|t:|1655690918
|switch|p2a: Giratina|Giratina|88/100
|-ability|p2a: Giratina|Pressure
|move|p1a: Arctozolt|Bolt Beak|p2a: Giratina
|-resisted|p2a: Giratina
|-damage|p2a: Giratina|73/100
|
|-heal|p1a: Arctozolt|93/100|[from] item: Leftovers
|-heal|p2a: Giratina|79/100|[from] item: Leftovers
|upkeep
|turn|24
|
|t:|1655690929
|switch|p1a: Abomasnow|Abomasnow, F|75/100
|-weather|Hail|[from] ability: Snow Warning|[of] p1a: Abomasnow
|move|p2a: Giratina|Defog|p1a: Abomasnow
|-unboost|p1a: Abomasnow|evasion|1
|
|-weather|Hail|[upkeep]
|-damage|p2a: Giratina|73/100|[from] Hail
|-heal|p2a: Giratina|79/100|[from] item: Leftovers
|upkeep
|turn|25
|c|☆Fc ❤|fogged 
|
|t:|1655690936
|move|p2a: Giratina|Toxic|p1a: Abomasnow
|-status|p1a: Abomasnow|tox
|move|p1a: Abomasnow|Leech Seed|p2a: Giratina
|-start|p2a: Giratina|move: Leech Seed
|
|-weather|Hail|[upkeep]
|-damage|p2a: Giratina|73/100|[from] Hail
|-heal|p2a: Giratina|79/100|[from] item: Leftovers
|-damage|p2a: Giratina|66/100|[from] Leech Seed|[of] p1a: Abomasnow
|-heal|p1a: Abomasnow|92/100 tox|[silent]
|-damage|p1a: Abomasnow|86/100 tox|[from] psn
|upkeep
|turn|26
|
|t:|1655690939
|switch|p2a: Blissey|Blissey, F|100/100
|move|p1a: Abomasnow|Blizzard|p2a: Blissey
|-crit|p2a: Blissey
|-damage|p2a: Blissey|84/100
|
|-weather|Hail|[upkeep]
|-damage|p2a: Blissey|78/100|[from] Hail
|-damage|p1a: Abomasnow|73/100 tox|[from] psn
|upkeep
|turn|27
|
|t:|1655690943
|move|p2a: Blissey|Aromatherapy|p2a: Blissey
|-activate|p2a: Blissey|move: Aromatherapy
|-curestatus|p2: Palkia|tox|[msg]
|move|p1a: Abomasnow|Seed Bomb|p2a: Blissey
|-damage|p2a: Blissey|53/100
|
|-weather|Hail|[upkeep]
|-damage|p2a: Blissey|47/100|[from] Hail
|-damage|p1a: Abomasnow|54/100 tox|[from] psn
|upkeep
|turn|28
|
|t:|1655690947
|switch|p1a: Yveltal|Yveltal|57/100 tox
|-ability|p1a: Yveltal|Dark Aura
|move|p2a: Blissey|Soft-Boiled|p2a: Blissey
|-heal|p2a: Blissey|97/100
|
|-weather|Hail|[upkeep]
|-damage|p1a: Yveltal|51/100 tox|[from] Hail
|-damage|p2a: Blissey|91/100|[from] Hail
|-damage|p1a: Yveltal|45/100 tox|[from] psn
|upkeep
|turn|29
|
|t:|1655690950
|move|p1a: Yveltal|Knock Off|p2a: Blissey
|-damage|p2a: Blissey|36/100
|-enditem|p2a: Blissey|Utility Umbrella|[from] move: Knock Off|[of] p1a: Yveltal
|move|p2a: Blissey|Teleport|p2a: Blissey
|
|t:|1655690955
|switch|p2a: Palkia|Palkia|69/100|[from]move: Teleport
|-ability|p2a: Palkia|Pressure
|
|-weather|Hail|[upkeep]
|-damage|p2a: Palkia|63/100|[from] Hail
|-damage|p1a: Yveltal|39/100 tox|[from] Hail
|-damage|p1a: Yveltal|27/100 tox|[from] psn
|upkeep
|turn|30
|
|t:|1655690958
|move|p2a: Palkia|Spacial Rend|p1a: Yveltal
|-damage|p1a: Yveltal|0 fnt
|faint|p1a: Yveltal
|
|-weather|Hail|[upkeep]
|-damage|p2a: Palkia|57/100|[from] Hail
|upkeep
|
|t:|1655690959
|switch|p1a: Arctozolt|Arctozolt|93/100
|turn|31
|
|t:|1655690966
|switch|p2a: Magearna|Magearna|16/100
|move|p1a: Arctozolt|Bolt Beak|p2a: Magearna
|-damage|p2a: Magearna|0 fnt
|faint|p2a: Magearna
|
|-weather|none
|-heal|p1a: Arctozolt|99/100|[from] item: Leftovers
|upkeep
|
|t:|1655690967
|switch|p2a: Palkia|Palkia|57/100
|-ability|p2a: Palkia|Pressure
|turn|32
|
|t:|1655690971
|switch|p1a: Ho-Oh|Ho-Oh, shiny|100/100
|move|p2a: Palkia|Fire Blast|p1a: Ho-Oh
|-resisted|p1a: Ho-Oh
|-damage|p1a: Ho-Oh|89/100
|
|upkeep
|turn|33
|
|t:|1655690976
|switch|p1a: Abomasnow|Abomasnow, F|54/100 tox
|-weather|Hail|[from] ability: Snow Warning|[of] p1a: Abomasnow
|move|p2a: Palkia|Surf|p1a: Abomasnow
|-resisted|p1a: Abomasnow
|-damage|p1a: Abomasnow|35/100 tox
|
|-weather|Hail|[upkeep]
|-damage|p2a: Palkia|51/100|[from] Hail
|-damage|p1a: Abomasnow|29/100 tox|[from] psn
|upkeep
|turn|34
|
|t:|1655690980
|move|p2a: Palkia|Spacial Rend|p1a: Abomasnow|[miss]
|-miss|p2a: Palkia|p1a: Abomasnow
|move|p1a: Abomasnow|Blizzard|p2a: Palkia
|-damage|p2a: Palkia|17/100
|
|-weather|Hail|[upkeep]
|-damage|p2a: Palkia|10/100|[from] Hail
|-damage|p1a: Abomasnow|16/100 tox|[from] psn
|upkeep
|turn|35
|
|t:|1655690985
|move|p1a: Abomasnow|Protect|p1a: Abomasnow
|-singleturn|p1a: Abomasnow|Protect
|move|p2a: Palkia|Spacial Rend|p1a: Abomasnow
|-activate|p1a: Abomasnow|move: Protect
|
|-weather|Hail|[upkeep]
|-damage|p2a: Palkia|4/100|[from] Hail
|-damage|p1a: Abomasnow|0 fnt|[from] psn
|faint|p1a: Abomasnow
|upkeep
|
|t:|1655690987
|switch|p1a: Arctozolt|Arctozolt|99/100
|turn|36
|
|t:|1655690991
|move|p1a: Arctozolt|Bolt Beak|p2a: Palkia
|-damage|p2a: Palkia|0 fnt
|faint|p2a: Palkia
|
|-weather|Hail|[upkeep]
|-heal|p1a: Arctozolt|100/100|[from] item: Leftovers
|upkeep
|c|☆Trade|g g
|-message|Trade forfeited.
|
|win|Fc ❤
|c|☆Fc ❤|GG
