|inactive|Battle timer is ON: inactive players will automatically lose when time's up.
|t:|1654676555
|gametype|singles
|player|p1|Trade|may|
|player|p2|pkmn cypher 2013|lyra|
|teamsize|p1|6
|teamsize|p2|6
|gen|8
|tier|[Gen 8] Ubers
|rule|Sleep Clause Mod: Limit one foe put to sleep
|rule|Species Clause: Limit one of each Pokémon
|rule|OHKO Clause: OHKO moves are banned
|rule|Evasion Moves Clause: Evasion moves are banned
|rule|Endless Battle Clause: Forcing endless battles is banned
|rule|HP Percentage Mod: HP is shown in percentages
|rule|Dynamax Clause: You cannot dynamax
|clearpoke
|poke|p1|Shuckle, F|
|poke|p1|Xerneas-*|
|poke|p1|Necrozma-Dusk-Mane|
|poke|p1|Yveltal|
|poke|p1|Eternatus|
|poke|p1|Marshadow|
|poke|p2|Clefable, M|
|poke|p2|Necrozma-Dusk-Mane|
|poke|p2|Lunala|
|poke|p2|Yveltal|
|poke|p2|Eternatus|
|poke|p2|Kyogre|
|teampreview
|
|t:|1654676573
|start
|switch|p1a: Shuckle|Shuckle, F|100/100
|switch|p2a: Kyogre|Kyogre|100/100
|-weather|RainDance|[from] ability: Drizzle|[of] p2a: Kyogre
|turn|1
|c|☆pkmn cypher 2013|hf
|c|☆Trade|hf
|
|t:|1654676582
|move|p2a: Kyogre|Scald|p1a: Shuckle
|-supereffective|p1a: Shuckle
|-damage|p1a: Shuckle|19/100
|-enditem|p1a: Shuckle|Red Card|[of] p2a: Kyogre
|drag|p2a: Lunala|Lunala|100/100
|move|p1a: Shuckle|Sticky Web|p2a: Lunala
|-sidestart|p2: pkmn cypher 2013|move: Sticky Web
|
|-weather|RainDance|[upkeep]
|upkeep
|turn|2
|
|t:|1654676598
|move|p2a: Lunala|Ice Beam|p1a: Shuckle
|-damage|p1a: Shuckle|1/100
|move|p1a: Shuckle|Final Gambit|p2a: Lunala
|-immune|p2a: Lunala
|
|-weather|RainDance|[upkeep]
|upkeep
|turn|3
|
|t:|1654676608
|move|p2a: Lunala|Defog|p1a: Shuckle
|-unboost|p1a: Shuckle|evasion|1
|-sideend|p2: pkmn cypher 2013|Sticky Web|[from] move: Defog|[of] p2a: Lunala
|move|p1a: Shuckle|Stealth Rock|p2a: Lunala
|-sidestart|p2: pkmn cypher 2013|move: Stealth Rock
|
|-weather|RainDance|[upkeep]
|upkeep
|turn|4
|
|t:|1654676619
|move|p2a: Lunala|Ice Beam|p1a: Shuckle
|-damage|p1a: Shuckle|0 fnt
|faint|p1a: Shuckle
|
|-weather|RainDance|[upkeep]
|upkeep
|
|t:|1654676623
|switch|p1a: Yveltal|Yveltal|100/100
|-ability|p1a: Yveltal|Dark Aura
|turn|5
|inactive|pkmn cypher 2013 has 270 seconds left.
|
|t:|1654676682
|switch|p2a: Clefable|Clefable, M|100/100
|move|p1a: Yveltal|Knock Off|p2a: Clefable
|-resisted|p2a: Clefable
|-damage|p2a: Clefable|69/100
|-enditem|p2a: Clefable|Sticky Barb|[from] move: Knock Off|[of] p1a: Yveltal
|
|-weather|none
|upkeep
|turn|6
|
|t:|1654676687
|move|p1a: Yveltal|Taunt|p2a: Clefable
|-start|p2a: Clefable|move: Taunt
|move|p2a: Clefable|Moonblast|p1a: Yveltal
|-supereffective|p1a: Yveltal
|-damage|p1a: Yveltal|49/100
|-unboost|p1a: Yveltal|spa|1
|
|upkeep
|turn|7
|
|t:|1654676694
|switch|p1a: Eternatus|Eternatus|100/100
|-ability|p1a: Eternatus|Pressure
|move|p2a: Clefable|Moonblast|p1a: Eternatus
|-damage|p1a: Eternatus|73/100
|
|upkeep
|turn|8
|inactive|pkmn cypher 2013 has 270 seconds left.
|
|t:|1654676703
|switch|p2a: Necrozma|Necrozma-Dusk-Mane|100/100
|-damage|p2a: Necrozma|94/100|[from] Stealth Rock
|move|p1a: Eternatus|Meteor Beam||[still]
|-prepare|p1a: Eternatus|Meteor Beam
|-boost|p1a: Eternatus|spa|1
|-enditem|p1a: Eternatus|Power Herb
|-anim|p1a: Eternatus|Meteor Beam|p2a: Necrozma
|-resisted|p2a: Necrozma
|-damage|p2a: Necrozma|67/100
|
|upkeep
|turn|9
|inactive|pkmn cypher 2013 has 270 seconds left.
|
|t:|1654676736
|switch|p2a: Kyogre|Kyogre|100/100
|-damage|p2a: Kyogre|88/100|[from] Stealth Rock
|-weather|RainDance|[from] ability: Drizzle|[of] p2a: Kyogre
|move|p1a: Eternatus|Flamethrower|p2a: Kyogre
|-resisted|p2a: Kyogre
|-crit|p2a: Kyogre
|-damage|p2a: Kyogre|75/100
|
|-weather|RainDance|[upkeep]
|-heal|p2a: Kyogre|81/100|[from] item: Leftovers
|upkeep
|turn|10
|inactive|pkmn cypher 2013 has 240 seconds left.
|
|t:|1654676759
|switch|p2a: Necrozma|Necrozma-Dusk-Mane|67/100
|-damage|p2a: Necrozma|61/100|[from] Stealth Rock
|move|p1a: Eternatus|Sludge Bomb|p2a: Necrozma
|-immune|p2a: Necrozma
|
|-weather|RainDance|[upkeep]
|upkeep
|turn|11
|
|t:|1654676764
|move|p1a: Eternatus|Flamethrower|p2a: Necrozma
|-supereffective|p2a: Necrozma
|-damage|p2a: Necrozma|32/100
|move|p2a: Necrozma|Earthquake|p1a: Eternatus
|-supereffective|p1a: Eternatus
|-damage|p1a: Eternatus|16/100
|
|-weather|RainDance|[upkeep]
|upkeep
|turn|12
|inactive|pkmn cypher 2013 has 240 seconds left.
|
|t:|1654676802
|switch|p2a: Yveltal|Yveltal|100/100
|-ability|p2a: Yveltal|Dark Aura
|move|p1a: Eternatus|Dynamax Cannon|p2a: Yveltal
|-damage|p2a: Yveltal|38/100
|
|-weather|RainDance|[upkeep]
|upkeep
|turn|13
|
|t:|1654676820
|move|p2a: Yveltal|Sucker Punch|p1a: Eternatus
|-damage|p1a: Eternatus|0 fnt
|faint|p1a: Eternatus
|
|-weather|none
|upkeep
|
|t:|1654676835
|switch|p1a: Yveltal|Yveltal|49/100
|-ability|p1a: Yveltal|Dark Aura
|turn|14
|
|t:|1654676839
|move|p1a: Yveltal|Taunt|p2a: Yveltal
|-start|p2a: Yveltal|move: Taunt
|move|p2a: Yveltal|U-turn|p1a: Yveltal
|-damage|p1a: Yveltal|27/100
|inactive|pkmn cypher 2013 has 240 seconds left.
|
|t:|1654676870
|switch|p2a: Eternatus|Eternatus|100/100|[from]move: U-turn
|-ability|p2a: Eternatus|Pressure
|
|upkeep
|turn|15
|
|t:|1654676882
|move|p1a: Yveltal|Sucker Punch|p2a: Eternatus
|-damage|p2a: Eternatus|59/100
|move|p2a: Eternatus|Dynamax Cannon|p1a: Yveltal
|-damage|p1a: Yveltal|0 fnt
|faint|p1a: Yveltal
|
|upkeep
|
|t:|1654676884
|switch|p1a: Necrozma|Necrozma-Dusk-Mane|100/100
|turn|16
|
|t:|1654676887
|move|p2a: Eternatus|Recover|p2a: Eternatus
|-heal|p2a: Eternatus|100/100
|move|p1a: Necrozma|Dragon Dance|p1a: Necrozma
|-boost|p1a: Necrozma|atk|1
|-boost|p1a: Necrozma|spe|1
|
|upkeep
|turn|17
|
|t:|1654676891
|switch|p2a: Necrozma|Necrozma-Dusk-Mane|32/100
|-damage|p2a: Necrozma|26/100|[from] Stealth Rock
|move|p1a: Necrozma|Sunsteel Strike|p2a: Necrozma
|-resisted|p2a: Necrozma
|-crit|p2a: Necrozma
|-damage|p2a: Necrozma|0 fnt
|faint|p2a: Necrozma
|-damage|p1a: Necrozma|91/100|[from] item: Life Orb
|
|upkeep
|
|t:|1654676893
|switch|p2a: Kyogre|Kyogre|81/100
|-damage|p2a: Kyogre|69/100|[from] Stealth Rock
|-weather|RainDance|[from] ability: Drizzle|[of] p2a: Kyogre
|turn|18
|
|t:|1654676897
|move|p1a: Necrozma|Earthquake|p2a: Kyogre
|-damage|p2a: Kyogre|7/100
|-damage|p1a: Necrozma|81/100|[from] item: Life Orb
|move|p2a: Kyogre|Scald|p1a: Necrozma
|-damage|p1a: Necrozma|27/100
|
|-weather|RainDance|[upkeep]
|-heal|p2a: Kyogre|14/100|[from] item: Leftovers
|upkeep
|turn|19
|
|t:|1654676900
|move|p1a: Necrozma|Sunsteel Strike|p2a: Kyogre
|-resisted|p2a: Kyogre
|-damage|p2a: Kyogre|0 fnt
|faint|p2a: Kyogre
|-damage|p1a: Necrozma|17/100|[from] item: Life Orb
|
|-weather|RainDance|[upkeep]
|upkeep
|inactive|pkmn cypher 2013 has 270 seconds left.
|inactive|pkmn cypher 2013 has 240 seconds left.
|
|t:|1654676944
|switch|p2a: Yveltal|Yveltal|38/100
|-ability|p2a: Yveltal|Dark Aura
|turn|20
|
|t:|1654676946
|move|p2a: Yveltal|Sucker Punch|p1a: Necrozma
|-supereffective|p1a: Necrozma
|-damage|p1a: Necrozma|0 fnt
|faint|p1a: Necrozma
|
|-weather|RainDance|[upkeep]
|upkeep
|
|t:|1654676949
|switch|p1a: Xerneas|Xerneas|100/100
|-ability|p1a: Xerneas|Fairy Aura
|turn|21
|
|t:|1654676967
|switch|p1a: Marshadow|Marshadow|100/100
|move|p2a: Yveltal|U-turn|p1a: Marshadow
|-resisted|p1a: Marshadow
|-damage|p1a: Marshadow|93/100
|inactive|pkmn cypher 2013 has 240 seconds left.
|inactive|pkmn cypher 2013 has 210 seconds left.
|
|t:|1654677042
|switch|p2a: Clefable|Clefable, M|69/100|[from]move: U-turn
|
|-weather|RainDance|[upkeep]
|upkeep
|turn|22
|
|t:|1654677049
|move|p1a: Marshadow|Spectral Thief|p2a: Clefable
|-damage|p2a: Clefable|36/100
|move|p2a: Clefable|Moonblast|p1a: Marshadow
|-supereffective|p1a: Marshadow
|-damage|p1a: Marshadow|22/100
|-unboost|p1a: Marshadow|spa|1
|
|-weather|none
|upkeep
|turn|23
|
|t:|1654677052
|move|p1a: Marshadow|Spectral Thief|p2a: Clefable
|-damage|p2a: Clefable|1/100
|move|p2a: Clefable|Soft-Boiled|p2a: Clefable
|-heal|p2a: Clefable|51/100
|
|upkeep
|turn|24
|
|t:|1654677055
|move|p1a: Marshadow|Spectral Thief|p2a: Clefable
|-damage|p2a: Clefable|19/100
|move|p2a: Clefable|Soft-Boiled|p2a: Clefable
|-heal|p2a: Clefable|69/100
|
|upkeep
|turn|25
|
|t:|1654677069
|move|p1a: Marshadow|Bulk Up|p1a: Marshadow
|-boost|p1a: Marshadow|atk|1
|-boost|p1a: Marshadow|def|1
|move|p2a: Clefable|Stealth Rock|p1a: Marshadow
|-sidestart|p1: Trade|move: Stealth Rock
|
|upkeep
|turn|26
|inactive|pkmn cypher 2013 has 210 seconds left.
|
|t:|1654677085
|move|p1a: Marshadow|Spectral Thief|p2a: Clefable
|-damage|p2a: Clefable|12/100
|move|p2a: Clefable|Moonblast|p1a: Marshadow
|-supereffective|p1a: Marshadow
|-damage|p1a: Marshadow|0 fnt
|faint|p1a: Marshadow
|
|upkeep
|
|t:|1654677102
|switch|p1a: Xerneas|Xerneas|100/100
|-damage|p1a: Xerneas|88/100|[from] Stealth Rock
|-ability|p1a: Xerneas|Fairy Aura
|turn|27
|
|t:|1654677105
|switch|p2a: Eternatus|Eternatus|100/100
|-ability|p2a: Eternatus|Pressure
|move|p1a: Xerneas|Geomancy||[still]
|-prepare|p1a: Xerneas|Geomancy
|-enditem|p1a: Xerneas|Power Herb
|-anim|p1a: Xerneas|Geomancy|p1a: Xerneas
|-boost|p1a: Xerneas|spa|2
|-boost|p1a: Xerneas|spd|2
|-boost|p1a: Xerneas|spe|2
|
|upkeep
|turn|28
|
|t:|1654677108
|move|p1a: Xerneas|Moonblast|p2a: Eternatus
|-damage|p2a: Eternatus|12/100
|-unboost|p2a: Eternatus|spa|1
|move|p2a: Eternatus|Toxic|p1a: Xerneas
|-status|p1a: Xerneas|tox
|
|-damage|p1a: Xerneas|82/100 tox|[from] psn
|upkeep
|turn|29
|inactive|pkmn cypher 2013 has 240 seconds left.
|
|t:|1654677115
|switch|p2a: Clefable|Clefable, M|12/100
|move|p1a: Xerneas|Moonblast|p2a: Clefable
|-crit|p2a: Clefable
|-damage|p2a: Clefable|0 fnt
|faint|p2a: Clefable
|
|-damage|p1a: Xerneas|70/100 tox|[from] psn
|upkeep
|
|t:|1654677118
|switch|p2a: Lunala|Lunala|100/100
|turn|30
|
|t:|1654677121
|move|p1a: Xerneas|Moonblast|p2a: Lunala
|-damage|p2a: Lunala|51/100
|move|p2a: Lunala|Roost|p2a: Lunala
|-heal|p2a: Lunala|100/100
|-singleturn|p2a: Lunala|move: Roost
|
|-damage|p1a: Xerneas|51/100 tox|[from] psn
|upkeep
|turn|31
|
|t:|1654677124
|move|p1a: Xerneas|Thunder|p2a: Lunala|[miss]
|-miss|p1a: Xerneas|p2a: Lunala
|move|p2a: Lunala|Roost||[still]
|-fail|p2a: Lunala|heal
|
|-damage|p1a: Xerneas|27/100 tox|[from] psn
|upkeep
|turn|32
|
|t:|1654677127
|move|p1a: Xerneas|Moonblast|p2a: Lunala
|-damage|p2a: Lunala|49/100
|move|p2a: Lunala|Ice Beam|p1a: Xerneas
|-damage|p1a: Xerneas|14/100 tox
|
|-damage|p1a: Xerneas|0 fnt|[from] psn
|faint|p1a: Xerneas
|
|win|pkmn cypher 2013
|upkeep
|c|☆Trade|gg
|c|☆pkmn cypher 2013|gg
