|inactive|Battle timer is ON: inactive players will automatically lose when time's up.
|t:|1667579273
|gametype|singles
|player|p1|RichardMillePlain|266|
|player|p2|Inder|lucas|
|teamsize|p1|6
|teamsize|p2|6
|gen|8
|tier|[Gen 8] Ubers
|rule|Sleep Clause Mod: Limit one foe put to sleep
|rule|Species Clause: Limit one of each Pokémon
|rule|OHKO Clause: OHKO moves are banned
|rule|Evasion Items Clause: Evasion items are banned
|rule|Evasion Moves Clause: Evasion moves are banned
|rule|Endless Battle Clause: Forcing endless battles is banned
|rule|HP Percentage Mod: HP is shown in percentages
|rule|Dynamax Clause: You cannot dynamax
|clearpoke
|poke|p1|Eternatus|
|poke|p1|Magnezone|
|poke|p1|Xerneas-*|
|poke|p1|Necrozma-Dusk-Mane|
|poke|p1|Yveltal|
|poke|p1|Kyurem-Black|
|poke|p2|Lunala|
|poke|p2|Eternatus|
|poke|p2|Ferrothorn, F|
|poke|p2|Tyranitar, F|
|poke|p2|Rotom-Wash|
|poke|p2|Necrozma-Dusk-Mane|
|teampreview
|inactive|Inder also wants the timer to be on.
|c|☆Inder|mon cauchemar ta team
|c|☆Inder|hf
|c|☆RichardMillePlain|elle est pas ouf en vrai
|c|☆RichardMillePlain|6-0 ferro
|c|☆Inder|magnezone ça me baise
|inactive|Inder has 270 seconds left.
|c|☆Inder|presque tout le temps
|c|☆RichardMillePlain|sa baise tt le monde
|c|☆Inder|jsp pq personne le joue
|
|t:|1667579319
|start
|switch|p1a: Necrozma|Necrozma-Dusk-Mane|100/100
|switch|p2a: Eternatus|Eternatus|100/100
|-ability|p2a: Eternatus|Pressure
|turn|1
|
|t:|1667579322
|switch|p2a: Motismenteur|Rotom-Wash|100/100
|move|p1a: Necrozma|Stealth Rock|p2a: Motismenteur
|-sidestart|p2: Inder|move: Stealth Rock
|
|upkeep
|turn|2
|
|t:|1667579325
|switch|p1a: Yveltal|Yveltal|100/100
|-ability|p1a: Yveltal|Dark Aura
|move|p2a: Motismenteur|Will-O-Wisp|p1a: Yveltal
|-status|p1a: Yveltal|brn
|
|-damage|p1a: Yveltal|94/100 brn|[from] brn
|upkeep
|turn|3
|
|t:|1667579329
|move|p1a: Yveltal|Knock Off|p2a: Motismenteur
|-damage|p2a: Motismenteur|78/100
|-enditem|p2a: Motismenteur|Leftovers|[from] move: Knock Off|[of] p1a: Yveltal
|move|p2a: Motismenteur|Pain Split|p1a: Yveltal
|-sethp|p1a: Yveltal|76/100 brn|[from] move: Pain Split|[silent]
|-sethp|p2a: Motismenteur|100/100|[from] move: Pain Split
|
|-damage|p1a: Yveltal|70/100 brn|[from] brn
|upkeep
|turn|4
|
|t:|1667579333
|move|p1a: Yveltal|Roost|p1a: Yveltal
|-heal|p1a: Yveltal|100/100 brn
|-singleturn|p1a: Yveltal|move: Roost
|move|p2a: Motismenteur|Volt Switch|p1a: Yveltal
|-damage|p1a: Yveltal|82/100 brn
|
|t:|1667579336
|switch|p2a: Tyranitar|Tyranitar, F|100/100|[from]move: Volt Switch
|-weather|Sandstorm|[from] ability: Sand Stream|[of] p2a: Tyranitar
|
|-weather|Sandstorm|[upkeep]
|-damage|p1a: Yveltal|76/100 brn|[from] Sandstorm
|-damage|p1a: Yveltal|70/100 brn|[from] brn
|upkeep
|turn|5
|
|t:|1667579342
|switch|p1a: Necrozma|Necrozma-Dusk-Mane|100/100
|move|p2a: Tyranitar|Stealth Rock|p1a: Necrozma
|-sidestart|p1: RichardMillePlain|move: Stealth Rock
|
|-weather|Sandstorm|[upkeep]
|upkeep
|turn|6
|
|t:|1667579346
|switch|p2a: Motismenteur|Rotom-Wash|100/100
|-damage|p2a: Motismenteur|88/100|[from] Stealth Rock
|move|p1a: Necrozma|Iron Head|p2a: Motismenteur
|-resisted|p2a: Motismenteur
|-damage|p2a: Motismenteur|80/100
|
|-weather|Sandstorm|[upkeep]
|-damage|p2a: Motismenteur|74/100|[from] Sandstorm
|upkeep
|turn|7
|
|t:|1667579349
|switch|p1a: Yveltal|Yveltal|70/100 brn
|-ability|p1a: Yveltal|Dark Aura
|move|p2a: Motismenteur|Will-O-Wisp|p1a: Yveltal
|-fail|p1a: Yveltal|brn
|
|-weather|Sandstorm|[upkeep]
|-damage|p1a: Yveltal|64/100 brn|[from] Sandstorm
|-damage|p2a: Motismenteur|68/100|[from] Sandstorm
|-damage|p1a: Yveltal|58/100 brn|[from] brn
|upkeep
|turn|8
|
|t:|1667579352
|switch|p1a: Eternatus|Eternatus|100/100
|-damage|p1a: Eternatus|88/100|[from] Stealth Rock
|-ability|p1a: Eternatus|Pressure
|move|p2a: Motismenteur|Pain Split|p1a: Eternatus
|-sethp|p1a: Eternatus|68/100|[from] move: Pain Split|[silent]
|-sethp|p2a: Motismenteur|98/100|[from] move: Pain Split
|
|-weather|none
|upkeep
|turn|9
|
|t:|1667579356
|move|p1a: Eternatus|Meteor Beam||[still]
|-prepare|p1a: Eternatus|Meteor Beam
|-boost|p1a: Eternatus|spa|1
|-enditem|p1a: Eternatus|Power Herb
|-anim|p1a: Eternatus|Meteor Beam|p2a: Motismenteur
|-damage|p2a: Motismenteur|29/100
|move|p2a: Motismenteur|Volt Switch|p1a: Eternatus
|-resisted|p1a: Eternatus
|-damage|p1a: Eternatus|57/100
|
|t:|1667579360
|switch|p2a: Lunala|Lunala|100/100|[from]move: Volt Switch
|-damage|p2a: Lunala|88/100|[from] Stealth Rock
|
|upkeep
|turn|10
|
|t:|1667579363
|move|p2a: Lunala|Psyshock|p1a: Eternatus
|-supereffective|p1a: Eternatus
|-damage|p1a: Eternatus|0 fnt
|faint|p1a: Eternatus
|
|upkeep
|
|t:|1667579367
|switch|p1a: Yveltal|Yveltal|58/100 brn
|-ability|p1a: Yveltal|Dark Aura
|turn|11
|
|t:|1667579372
|switch|p2a: Tyranitar|Tyranitar, F|100/100
|-weather|Sandstorm|[from] ability: Sand Stream|[of] p2a: Tyranitar
|switch|p1a: Xerneas|Xerneas|100/100
|-damage|p1a: Xerneas|88/100|[from] Stealth Rock
|-ability|p1a: Xerneas|Fairy Aura
|
|-weather|Sandstorm|[upkeep]
|-damage|p1a: Xerneas|82/100|[from] Sandstorm
|upkeep
|turn|12
|
|t:|1667579376
|switch|p2a: Ferrothorn|Ferrothorn, F|100/100
|-damage|p2a: Ferrothorn|95/100|[from] Stealth Rock
|move|p1a: Xerneas|Substitute|p1a: Xerneas
|-start|p1a: Xerneas|Substitute
|-damage|p1a: Xerneas|57/100
|
|-weather|Sandstorm|[upkeep]
|-damage|p1a: Xerneas|51/100|[from] Sandstorm
|-heal|p2a: Ferrothorn|100/100|[from] item: Leftovers
|upkeep
|turn|13
|
|t:|1667579381
|switch|p2a: Necrozma|Necrozma-Dusk-Mane|100/100
|-damage|p2a: Necrozma|94/100|[from] Stealth Rock
|move|p1a: Xerneas|Geomancy||[still]
|-prepare|p1a: Xerneas|Geomancy
|-enditem|p1a: Xerneas|Power Herb
|-anim|p1a: Xerneas|Geomancy|p1a: Xerneas
|-boost|p1a: Xerneas|spa|2
|-boost|p1a: Xerneas|spd|2
|-boost|p1a: Xerneas|spe|2
|
|-weather|Sandstorm|[upkeep]
|-damage|p1a: Xerneas|45/100|[from] Sandstorm
|-heal|p2a: Necrozma|100/100|[from] item: Leftovers
|upkeep
|turn|14
|
|t:|1667579385
|move|p1a: Xerneas|Thunder|p2a: Necrozma
|-damage|p2a: Necrozma|47/100
|move|p2a: Necrozma|Sunsteel Strike|p1a: Xerneas
|-supereffective|p1a: Xerneas
|-end|p1a: Xerneas|Substitute
|
|-weather|Sandstorm|[upkeep]
|-damage|p1a: Xerneas|39/100|[from] Sandstorm
|-heal|p2a: Necrozma|53/100|[from] item: Leftovers
|upkeep
|turn|15
|
|t:|1667579395
|move|p1a: Xerneas|Thunder|p2a: Necrozma
|-damage|p2a: Necrozma|0 fnt
|faint|p2a: Necrozma
|
|-weather|none
|upkeep
|
|t:|1667579405
|switch|p2a: Tyranitar|Tyranitar, F|100/100
|-weather|Sandstorm|[from] ability: Sand Stream|[of] p2a: Tyranitar
|turn|16
|
|t:|1667579408
|switch|p2a: Motismenteur|Rotom-Wash|29/100
|-damage|p2a: Motismenteur|16/100|[from] Stealth Rock
|move|p1a: Xerneas|Moonblast|p2a: Motismenteur
|-damage|p2a: Motismenteur|0 fnt
|faint|p2a: Motismenteur
|
|-weather|Sandstorm|[upkeep]
|-damage|p1a: Xerneas|33/100|[from] Sandstorm
|upkeep
|
|t:|1667579411
|switch|p2a: Ferrothorn|Ferrothorn, F|100/100
|-damage|p2a: Ferrothorn|95/100|[from] Stealth Rock
|turn|17
|
|t:|1667579413
|move|p1a: Xerneas|Moonblast|p2a: Ferrothorn
|-resisted|p2a: Ferrothorn
|-damage|p2a: Ferrothorn|36/100
|-unboost|p2a: Ferrothorn|spa|1
|move|p2a: Ferrothorn|Leech Seed|p1a: Xerneas
|-start|p1a: Xerneas|move: Leech Seed
|
|-weather|Sandstorm|[upkeep]
|-damage|p1a: Xerneas|26/100|[from] Sandstorm
|-heal|p2a: Ferrothorn|42/100|[from] item: Leftovers
|-damage|p1a: Xerneas|14/100|[from] Leech Seed|[of] p2a: Ferrothorn
|-heal|p2a: Ferrothorn|56/100|[silent]
|upkeep
|turn|18
|
|t:|1667579426
|move|p1a: Xerneas|Moonblast|p2a: Ferrothorn
|-resisted|p2a: Ferrothorn
|-damage|p2a: Ferrothorn|0 fnt
|faint|p2a: Ferrothorn
|
|-weather|Sandstorm|[upkeep]
|-damage|p1a: Xerneas|8/100|[from] Sandstorm
|upkeep
|c|☆Inder|mais bordel
|c|☆Inder|quel mon de merde
|c|☆Inder|gg
|c|☆RichardMillePlain|gg
|-message|Inder forfeited.
|
|win|RichardMillePlain
