|inactive|Battle timer is ON: inactive players will automatically lose when time's up.
|t:|1644714771
|gametype|singles
|player|p1|Skarph♫|lucas-gen4pt|
|player|p2|Stallion|#wcop2021oceania|
|teamsize|p1|6
|teamsize|p2|6
|gen|8
|tier|[Gen 8] Ubers
|rule|Sleep Clause Mod: Limit one foe put to sleep
|rule|Species Clause: Limit one of each Pokémon
|rule|OHKO Clause: OHKO moves are banned
|rule|Evasion Moves Clause: Evasion moves are banned
|rule|Endless Battle Clause: Forcing endless battles is banned
|rule|HP Percentage Mod: HP is shown in percentages
|rule|Dynamax Clause: You cannot dynamax
|clearpoke
|poke|p1|Ferrothorn, F|
|poke|p1|Necrozma-Dusk-Mane|
|poke|p1|Yveltal|
|poke|p1|Zygarde|
|poke|p1|Eternatus|
|poke|p1|Marshadow|
|poke|p2|Calyrex-Shadow|
|poke|p2|Necrozma-Dusk-Mane|
|poke|p2|Rayquaza|
|poke|p2|Shuckle, F|
|poke|p2|Urshifu-*, M|
|poke|p2|Yveltal|
|teampreview
|inactive|Skarph♫ has 270 seconds left.
|inactive|Stallion has 270 seconds left.
|c|☆Stallion|gl man
|c|☆Skarph♫|u2
|
|t:|1644714825
|start
|switch|p1a: Yveltal|Yveltal|100/100
|switch|p2a: Rayquaza|Rayquaza|100/100
|-ability|p1a: Yveltal|Dark Aura
|-ability|p2a: Rayquaza|Air Lock
|turn|1
|inactive|Stallion has 270 seconds left.
|inactive|Skarph♫ has 270 seconds left.
|
|t:|1644714869
|switch|p2a: Shuckle|Shuckle, F|100/100
|move|p1a: Yveltal|U-turn|p2a: Shuckle
|-damage|p2a: Shuckle|89/100
|-enditem|p2a: Shuckle|Red Card|[of] p1a: Yveltal
|drag|p1a: Marshadow|Marshadow|100/100
|
|upkeep
|turn|2
|inactive|Skarph♫ has 270 seconds left.
|inactive|Skarph♫ has 240 seconds left.
|inactive|Skarph♫ has 210 seconds left.
|
|t:|1644714946
|switch|p1a: Necrozma|Necrozma-Dusk-Mane|100/100
|move|p2a: Shuckle|Sticky Web|p1a: Necrozma
|-sidestart|p1: Skarph♫|move: Sticky Web
|
|upkeep
|turn|3
|inactive|Stallion has 270 seconds left.
|
|t:|1644714956
|move|p1a: Necrozma|Stealth Rock|p2a: Shuckle
|-sidestart|p2: Stallion|move: Stealth Rock
|move|p2a: Shuckle|Stealth Rock|p1a: Necrozma
|-sidestart|p1: Skarph♫|move: Stealth Rock
|
|upkeep
|turn|4
|inactive|Skarph♫ has 210 seconds left.
|
|t:|1644714965
|switch|p1a: Ferrothorn|Ferrothorn, F|100/100
|-damage|p1a: Ferrothorn|94/100|[from] Stealth Rock
|-activate|p1a: Ferrothorn|move: Sticky Web
|-unboost|p1a: Ferrothorn|spe|1
|move|p2a: Shuckle|Final Gambit|p1a: Ferrothorn
|-damage|p1a: Ferrothorn|33/100
|faint|p2a: Shuckle
|
|-heal|p1a: Ferrothorn|39/100|[from] item: Leftovers
|upkeep
|inactive|Stallion has 270 seconds left.
|
|t:|1644714982
|switch|p2a: Yveltal|Yveltal|100/100
|-damage|p2a: Yveltal|76/100|[from] Stealth Rock
|-ability|p2a: Yveltal|Dark Aura
|turn|5
|
|t:|1644714989
|switch|p1a: Eternatus|Eternatus|100/100
|-ability|p1a: Eternatus|Pressure
|move|p2a: Yveltal|Knock Off|p1a: Eternatus
|-damage|p1a: Eternatus|40/100
|-enditem|p1a: Eternatus|Heavy-Duty Boots|[from] move: Knock Off|[of] p2a: Yveltal
|
|upkeep
|turn|6
|inactive|Stallion has 270 seconds left.
|
|t:|1644715017
|move|p1a: Eternatus|Recover|p1a: Eternatus
|-heal|p1a: Eternatus|90/100
|move|p2a: Yveltal|Knock Off|p1a: Eternatus
|-damage|p1a: Eternatus|52/100
|
|upkeep
|turn|7
|
|t:|1644715023
|switch|p2a: Necrozma|Necrozma-Dusk-Mane|100/100
|-damage|p2a: Necrozma|94/100|[from] Stealth Rock
|move|p1a: Eternatus|Recover|p1a: Eternatus
|-heal|p1a: Eternatus|100/100
|
|-heal|p2a: Necrozma|100/100|[from] item: Leftovers
|upkeep
|turn|8
|inactive|Stallion has 270 seconds left.
|
|t:|1644715031
|switch|p2a: Calyrex|Calyrex-Shadow|100/100
|-ability|p2a: Calyrex|As One
|-ability|p2a: Calyrex|Unnerve
|-damage|p2a: Calyrex|88/100|[from] Stealth Rock
|move|p1a: Eternatus|Dragon Tail|p2a: Calyrex|[miss]
|-miss|p1a: Eternatus|p2a: Calyrex
|
|upkeep
|turn|9
|inactive|Skarph♫ has 240 seconds left.
|inactive|Stallion has 270 seconds left.
|
|t:|1644715058
|switch|p1a: Yveltal|Yveltal|100/100
|-ability|p1a: Yveltal|Dark Aura
|move|p2a: Calyrex|Draining Kiss|p1a: Yveltal
|-supereffective|p1a: Yveltal
|-damage|p1a: Yveltal|68/100
|-heal|p2a: Calyrex|100/100|[from] drain|[of] p1a: Yveltal
|
|upkeep
|turn|10
|
|t:|1644715072
|move|p2a: Calyrex|Nasty Plot|p2a: Calyrex
|-boost|p2a: Calyrex|spa|2
|move|p1a: Yveltal|U-turn|p2a: Calyrex
|-damage|p2a: Calyrex|74/100
|
|t:|1644715074
|switch|p1a: Marshadow|Marshadow|100/100|[from]move: U-turn
|-damage|p1a: Marshadow|94/100|[from] Stealth Rock
|-activate|p1a: Marshadow|move: Sticky Web
|-unboost|p1a: Marshadow|spe|1
|
|upkeep
|turn|11
|inactive|Skarph♫ has 240 seconds left.
|inactive|Stallion has 270 seconds left.
|inactive|Stallion has 240 seconds left.
|inactive|Skarph♫ has 210 seconds left.
|
|t:|1644715119
|switch|p2a: Urshifu|Urshifu, M|100/100
|-damage|p2a: Urshifu|94/100|[from] Stealth Rock
|move|p1a: Marshadow|Shadow Sneak|p2a: Urshifu
|-resisted|p2a: Urshifu
|-damage|p2a: Urshifu|71/100
|
|upkeep
|turn|12
|inactive|Skarph♫ has 210 seconds left.
|
|t:|1644715141
|switch|p1a: Zygarde|Zygarde|100/100
|-activate|p1a: Zygarde|move: Sticky Web
|-unboost|p1a: Zygarde|spe|1
|-damage|p1a: Zygarde|94/100|[from] Stealth Rock
|move|p2a: Urshifu|Wicked Blow|p1a: Zygarde
|-crit|p1a: Zygarde
|-damage|p1a: Zygarde|56/100
|
|-heal|p1a: Zygarde|62/100|[from] item: Leftovers
|upkeep
|turn|13
|inactive|Stallion has 240 seconds left.
|inactive|Skarph♫ has 180 seconds left.
|
|t:|1644715186
|move|p2a: Urshifu|Bulk Up|p2a: Urshifu
|-boost|p2a: Urshifu|atk|1
|-boost|p2a: Urshifu|def|1
|move|p1a: Zygarde|Dragon Tail|p2a: Urshifu
|-damage|p2a: Urshifu|58/100
|drag|p2a: Yveltal|Yveltal|76/100
|-damage|p2a: Yveltal|51/100|[from] Stealth Rock
|-ability|p2a: Yveltal|Dark Aura
|
|-heal|p1a: Zygarde|68/100|[from] item: Leftovers
|upkeep
|turn|14
|inactive|Stallion has 240 seconds left.
|
|t:|1644715209
|move|p2a: Yveltal|Oblivion Wing|p1a: Zygarde
|-damage|p1a: Zygarde|43/100
|-heal|p2a: Yveltal|71/100|[from] drain|[of] p1a: Zygarde
|move|p1a: Zygarde|Dragon Tail|p2a: Yveltal
|-damage|p2a: Yveltal|52/100
|drag|p2a: Calyrex|Calyrex-Shadow|74/100
|-ability|p2a: Calyrex|As One
|-ability|p2a: Calyrex|Unnerve
|-damage|p2a: Calyrex|62/100|[from] Stealth Rock
|
|-heal|p1a: Zygarde|49/100|[from] item: Leftovers
|-activate|p1a: Zygarde|ability: Power Construct
|detailschange|p1a: Zygarde|Zygarde-Complete
|-heal|p1a: Zygarde|67/100|[silent]
|upkeep
|turn|15
|inactive|Skarph♫ has 150 seconds left.
|
|t:|1644715229
|switch|p1a: Ferrothorn|Ferrothorn, F|39/100
|-activate|p1a: Ferrothorn|move: Sticky Web
|-unboost|p1a: Ferrothorn|spe|1
|-damage|p1a: Ferrothorn|33/100|[from] Stealth Rock
|move|p2a: Calyrex|Draining Kiss|p1a: Ferrothorn
|-resisted|p1a: Ferrothorn
|-damage|p1a: Ferrothorn|24/100
|-heal|p2a: Calyrex|69/100|[from] drain|[of] p1a: Ferrothorn
|-damage|p2a: Calyrex|56/100|[from] ability: Iron Barbs|[of] p1a: Ferrothorn
|
|-heal|p1a: Ferrothorn|31/100|[from] item: Leftovers
|upkeep
|turn|16
|inactive|Skarph♫ has 150 seconds left.
|
|t:|1644715261
|move|p2a: Calyrex|Astral Barrage|p1a: Ferrothorn
|-damage|p1a: Ferrothorn|0 fnt
|faint|p1a: Ferrothorn
|-ability|p2a: Calyrex|Grim Neigh|boost
|-boost|p2a: Calyrex|spa|1
|
|upkeep
|
|t:|1644715263
|switch|p1a: Marshadow|Marshadow|94/100
|-damage|p1a: Marshadow|88/100|[from] Stealth Rock
|-activate|p1a: Marshadow|move: Sticky Web
|-unboost|p1a: Marshadow|spe|1
|turn|17
|inactive|Stallion has 240 seconds left.
|
|t:|1644715279
|move|p1a: Marshadow|Shadow Sneak|p2a: Calyrex
|-supereffective|p2a: Calyrex
|-damage|p2a: Calyrex|0 fnt
|faint|p2a: Calyrex
|
|upkeep
|inactive|Stallion has 210 seconds left.
|inactive|Stallion has 180 seconds left.
|
|t:|1644715347
|switch|p2a: Yveltal|Yveltal|52/100
|-damage|p2a: Yveltal|27/100|[from] Stealth Rock
|-ability|p2a: Yveltal|Dark Aura
|turn|18
|inactive|Skarph♫ has 150 seconds left.
|inactive|Skarph♫ has 120 seconds left.
|
|t:|1644715388
|switch|p1a: Eternatus|Eternatus|100/100
|-damage|p1a: Eternatus|88/100|[from] Stealth Rock
|-activate|p1a: Eternatus|move: Sticky Web
|-unboost|p1a: Eternatus|spe|1
|-ability|p1a: Eternatus|Pressure
|move|p2a: Yveltal|Roost|p2a: Yveltal
|-heal|p2a: Yveltal|77/100
|-singleturn|p2a: Yveltal|move: Roost
|
|upkeep
|turn|19
|inactive|Skarph♫ has 120 seconds left.
|
|t:|1644715400
|move|p2a: Yveltal|Taunt|p1a: Eternatus
|-start|p1a: Eternatus|move: Taunt
|move|p1a: Eternatus|Dynamax Cannon|p2a: Yveltal
|-damage|p2a: Yveltal|36/100
|
|upkeep
|turn|20
|inactive|Skarph♫ has 120 seconds left.
|
|t:|1644715410
|move|p2a: Yveltal|Oblivion Wing|p1a: Eternatus
|-damage|p1a: Eternatus|69/100
|-heal|p2a: Yveltal|54/100|[from] drain|[of] p1a: Eternatus
|move|p1a: Eternatus|Dynamax Cannon|p2a: Yveltal
|-damage|p2a: Yveltal|10/100
|
|upkeep
|turn|21
|
|t:|1644715415
|move|p2a: Yveltal|Roost|p2a: Yveltal
|-heal|p2a: Yveltal|60/100
|-singleturn|p2a: Yveltal|move: Roost
|move|p1a: Eternatus|Dynamax Cannon|p2a: Yveltal
|-damage|p2a: Yveltal|19/100
|
|-end|p1a: Eternatus|move: Taunt
|upkeep
|turn|22
|
|t:|1644715421
|move|p2a: Yveltal|Roost|p2a: Yveltal
|-heal|p2a: Yveltal|69/100
|-singleturn|p2a: Yveltal|move: Roost
|move|p1a: Eternatus|Toxic|p2a: Yveltal
|-status|p2a: Yveltal|tox
|
|-damage|p2a: Yveltal|63/100 tox|[from] psn
|upkeep
|turn|23
|
|t:|1644715426
|move|p2a: Yveltal|Taunt|p1a: Eternatus
|-start|p1a: Eternatus|move: Taunt
|move|p1a: Eternatus|Dynamax Cannon|p2a: Yveltal
|-damage|p2a: Yveltal|21/100 tox
|
|-damage|p2a: Yveltal|9/100 tox|[from] psn
|upkeep
|turn|24
|
|t:|1644715429
|move|p2a: Yveltal|Knock Off|p1a: Eternatus
|-damage|p1a: Eternatus|27/100
|move|p1a: Eternatus|Dynamax Cannon|p2a: Yveltal
|-damage|p2a: Yveltal|0 fnt
|faint|p2a: Yveltal
|
|upkeep
|
|t:|1644715439
|switch|p2a: Urshifu|Urshifu, M|58/100
|-damage|p2a: Urshifu|52/100|[from] Stealth Rock
|turn|25
|inactive|Stallion has 240 seconds left.
|
|t:|1644715450
|move|p2a: Urshifu|Wicked Blow|p1a: Eternatus
|-crit|p1a: Eternatus
|-damage|p1a: Eternatus|0 fnt
|faint|p1a: Eternatus
|
|upkeep
|inactive|Skarph♫ has 150 seconds left.
|
|t:|1644715468
|switch|p1a: Zygarde|Zygarde-Complete|67/100
|-damage|p1a: Zygarde|61/100|[from] Stealth Rock
|-activate|p1a: Zygarde|move: Sticky Web
|-unboost|p1a: Zygarde|spe|1
|turn|26
|
|t:|1644715481
|move|p2a: Urshifu|Wicked Blow|p1a: Zygarde
|-crit|p1a: Zygarde
|-damage|p1a: Zygarde|35/100
|move|p1a: Zygarde|Coil|p1a: Zygarde
|-boost|p1a: Zygarde|atk|1
|-boost|p1a: Zygarde|def|1
|-boost|p1a: Zygarde|accuracy|1
|
|-heal|p1a: Zygarde|41/100|[from] item: Leftovers
|upkeep
|turn|27
|inactive|Stallion has 240 seconds left.
|inactive|Skarph♫ has 150 seconds left.
|inactive|Skarph♫ has 120 seconds left.
|inactive|Stallion has 210 seconds left.
|
|t:|1644715548
|move|p2a: Urshifu|Wicked Blow|p1a: Zygarde
|-crit|p1a: Zygarde
|-damage|p1a: Zygarde|14/100
|move|p1a: Zygarde|Rest|p1a: Zygarde
|-status|p1a: Zygarde|slp|[from] move: Rest
|-heal|p1a: Zygarde|100/100 slp|[silent]
|
|upkeep
|turn|28
|inactive|Stallion has 210 seconds left.
|
|t:|1644715557
|move|p2a: Urshifu|Bulk Up|p2a: Urshifu
|-boost|p2a: Urshifu|atk|1
|-boost|p2a: Urshifu|def|1
|cant|p1a: Zygarde|slp
|
|upkeep
|turn|29
|
|t:|1644715560
|move|p2a: Urshifu|Bulk Up|p2a: Urshifu
|-boost|p2a: Urshifu|atk|1
|-boost|p2a: Urshifu|def|1
|cant|p1a: Zygarde|slp
|
|upkeep
|turn|30
|
|t:|1644715563
|move|p2a: Urshifu|Wicked Blow|p1a: Zygarde
|-crit|p1a: Zygarde
|-damage|p1a: Zygarde|47/100 slp
|-curestatus|p1a: Zygarde|slp|[msg]
|move|p1a: Zygarde|Dragon Tail|p2a: Urshifu
|-damage|p2a: Urshifu|36/100
|drag|p2a: Rayquaza|Rayquaza|100/100
|-damage|p2a: Rayquaza|76/100|[from] Stealth Rock
|-ability|p2a: Rayquaza|Air Lock
|
|-heal|p1a: Zygarde|53/100|[from] item: Leftovers
|upkeep
|turn|31
|
|t:|1644715591
|move|p2a: Rayquaza|Dragon Ascent|p1a: Zygarde
|-damage|p1a: Zygarde|37/100
|-unboost|p2a: Rayquaza|def|1
|-unboost|p2a: Rayquaza|spd|1
|move|p1a: Zygarde|Dragon Tail|p2a: Rayquaza
|-supereffective|p2a: Rayquaza
|-damage|p2a: Rayquaza|0 fnt
|faint|p2a: Rayquaza
|
|-heal|p1a: Zygarde|44/100|[from] item: Leftovers
|upkeep
|inactive|Stallion has 210 seconds left.
|
|t:|1644715604
|switch|p2a: Urshifu|Urshifu, M|36/100
|-damage|p2a: Urshifu|30/100|[from] Stealth Rock
|turn|32
|inactive|Stallion has 210 seconds left.
|
|t:|1644715626
|move|p2a: Urshifu|Bulk Up|p2a: Urshifu
|-boost|p2a: Urshifu|atk|1
|-boost|p2a: Urshifu|def|1
|move|p1a: Zygarde|Thousand Arrows|p2a: Urshifu
|-damage|p2a: Urshifu|1/100
|
|-heal|p1a: Zygarde|50/100|[from] item: Leftovers
|upkeep
|turn|33
|
|t:|1644715633
|move|p2a: Urshifu|Wicked Blow|p1a: Zygarde
|-crit|p1a: Zygarde
|-damage|p1a: Zygarde|15/100
|move|p1a: Zygarde|Thousand Arrows|p2a: Urshifu
|-damage|p2a: Urshifu|0 fnt
|faint|p2a: Urshifu
|
|-heal|p1a: Zygarde|21/100|[from] item: Leftovers
|upkeep
|
|t:|1644715638
|switch|p2a: Necrozma|Necrozma-Dusk-Mane|100/100
|-damage|p2a: Necrozma|94/100|[from] Stealth Rock
|turn|34
|
|t:|1644715664
|move|p2a: Necrozma|Dragon Dance|p2a: Necrozma
|-boost|p2a: Necrozma|atk|1
|-boost|p2a: Necrozma|spe|1
|move|p1a: Zygarde|Rest|p1a: Zygarde
|-status|p1a: Zygarde|slp|[from] move: Rest
|-heal|p1a: Zygarde|100/100 slp|[silent]
|
|-heal|p2a: Necrozma|100/100|[from] item: Leftovers
|upkeep
|turn|35
|inactive|Stallion has 240 seconds left.
|inactive|Stallion has 210 seconds left.
|
|t:|1644715713
|move|p2a: Necrozma|Dragon Dance|p2a: Necrozma
|-boost|p2a: Necrozma|atk|1
|-boost|p2a: Necrozma|spe|1
|cant|p1a: Zygarde|slp
|
|upkeep
|turn|36
|
|t:|1644715720
|move|p2a: Necrozma|Dragon Dance|p2a: Necrozma
|-boost|p2a: Necrozma|atk|1
|-boost|p2a: Necrozma|spe|1
|cant|p1a: Zygarde|slp
|
|upkeep
|turn|37
|
|t:|1644715723
|move|p2a: Necrozma|Sunsteel Strike|p1a: Zygarde
|-damage|p1a: Zygarde|66/100 slp
|-curestatus|p1a: Zygarde|slp|[msg]
|move|p1a: Zygarde|Coil|p1a: Zygarde
|-boost|p1a: Zygarde|atk|1
|-boost|p1a: Zygarde|def|1
|-boost|p1a: Zygarde|accuracy|1
|
|-heal|p1a: Zygarde|73/100|[from] item: Leftovers
|upkeep
|turn|38
|
|t:|1644715727
|move|p2a: Necrozma|Sunsteel Strike|p1a: Zygarde
|-damage|p1a: Zygarde|45/100
|move|p1a: Zygarde|Thousand Arrows|p2a: Necrozma
|-supereffective|p2a: Necrozma
|-damage|p2a: Necrozma|18/100
|
|-heal|p2a: Necrozma|25/100|[from] item: Leftovers
|-heal|p1a: Zygarde|51/100|[from] item: Leftovers
|upkeep
|turn|39
|
|t:|1644715732
|move|p2a: Necrozma|Sunsteel Strike|p1a: Zygarde
|-damage|p1a: Zygarde|23/100
|move|p1a: Zygarde|Thousand Arrows|p2a: Necrozma
|-supereffective|p2a: Necrozma
|-damage|p2a: Necrozma|0 fnt
|faint|p2a: Necrozma
|
|win|Skarph♫
|c|☆Stallion|ggs
|c|☆Skarph♫|ggs
