|inactive|Battle timer is ON: inactive players will automatically lose when time's up.
|t:|1655690457
|gametype|singles
|player|p1|Trade|may|
|player|p2|Fc ❤|#wcop2022canada|
|teamsize|p1|6
|teamsize|p2|6
|gen|8
|tier|[Gen 8] Ubers
|rule|Sleep Clause Mod: Limit one foe put to sleep
|rule|Species Clause: Limit one of each Pokémon
|rule|OHKO Clause: OHKO moves are banned
|rule|Evasion Moves Clause: Evasion moves are banned
|rule|Endless Battle Clause: Forcing endless battles is banned
|rule|HP Percentage Mod: HP is shown in percentages
|rule|Dynamax Clause: You cannot dynamax
|clearpoke
|poke|p1|Eternatus|
|poke|p1|Ferrothorn, F|
|poke|p1|Ho-Oh|
|poke|p1|Yveltal|
|poke|p1|Necrozma-Dusk-Mane|
|poke|p1|Calyrex-Shadow|
|poke|p2|Hydreigon, F|
|poke|p2|Dialga|
|poke|p2|Eternatus|
|poke|p2|Zekrom|
|poke|p2|Reshiram|
|poke|p2|Giratina-Origin|
|teampreview
|c|☆Fc ❤|hf
|c|☆Trade|hf
|c|+Skarph♫|this is ignorance 
|
|t:|1655690472
|start
|switch|p1a: Ho-Oh|Ho-Oh|100/100
|switch|p2a: Reshiram|Reshiram|100/100
|-ability|p2a: Reshiram|Turboblaze
|turn|1
|
|t:|1655690494
|move|p2a: Reshiram|Stone Edge|p1a: Ho-Oh
|-supereffective|p1a: Ho-Oh
|-damage|p1a: Ho-Oh|21/100
|move|p1a: Ho-Oh|Thunder Wave|p2a: Reshiram
|-status|p2a: Reshiram|par
|
|upkeep
|turn|2
|c|☆Trade|stone edge cant kill
|c|☆Fc ❤|this mon is shit
|c|☆Fc ❤|I shoulda been banded
|
|t:|1655690509
|switch|p2a: Zekrom|Zekrom|100/100
|-ability|p2a: Zekrom|Teravolt
|move|p1a: Ho-Oh|Brave Bird|p2a: Zekrom
|-resisted|p2a: Zekrom
|-damage|p2a: Zekrom|77/100
|-damage|p1a: Ho-Oh|15/100|[from] Recoil
|
|upkeep
|turn|3
|
|t:|1655690513
|move|p2a: Zekrom|Bolt Strike|p1a: Ho-Oh|[miss]
|-miss|p2a: Zekrom|p1a: Ho-Oh
|move|p1a: Ho-Oh|Whirlwind|p2a: Zekrom
|drag|p2a: Dialga|Dialga|100/100
|-ability|p2a: Dialga|Pressure
|
|upkeep
|turn|4
|
|t:|1655690515
|move|p1a: Ho-Oh|Sacred Fire|p2a: Dialga
|-damage|p2a: Dialga|68/100
|-status|p2a: Dialga|brn
|move|p2a: Dialga|Stealth Rock|p1a: Ho-Oh
|-sidestart|p1: Trade|move: Stealth Rock
|
|-heal|p2a: Dialga|74/100 brn|[from] item: Leftovers
|-damage|p2a: Dialga|68/100 brn|[from] brn
|upkeep
|turn|5
|
|t:|1655690522
|switch|p1a: Necrozma|Necrozma-Dusk-Mane|100/100
|-damage|p1a: Necrozma|94/100|[from] Stealth Rock
|move|p2a: Dialga|Dragon Pulse|p1a: Necrozma
|-resisted|p1a: Necrozma
|-damage|p1a: Necrozma|82/100
|
|-heal|p2a: Dialga|74/100 brn|[from] item: Leftovers
|-damage|p2a: Dialga|68/100 brn|[from] brn
|upkeep
|turn|6
|
|t:|1655690529
|switch|p2a: Zekrom|Zekrom|77/100
|-ability|p2a: Zekrom|Teravolt
|move|p1a: Necrozma|Stealth Rock|p2a: Zekrom
|-sidestart|p2: Fc ❤|move: Stealth Rock
|
|upkeep
|turn|7
|
|t:|1655690533
|switch|p1a: Yveltal|Yveltal|100/100
|-damage|p1a: Yveltal|76/100|[from] Stealth Rock
|-ability|p1a: Yveltal|Dark Aura
|move|p2a: Zekrom|Bolt Strike|p1a: Yveltal
|-supereffective|p1a: Yveltal
|-crit|p1a: Yveltal
|-damage|p1a: Yveltal|0 fnt
|faint|p1a: Yveltal
|-damage|p2a: Zekrom|67/100|[from] item: Life Orb
|
|upkeep
|
|t:|1655690535
|switch|p1a: Calyrex|Calyrex-Shadow|100/100
|-ability|p1a: Calyrex|As One
|-ability|p1a: Calyrex|Unnerve
|-damage|p1a: Calyrex|88/100|[from] Stealth Rock
|turn|8
|
|t:|1655690538
|switch|p2a: Hydreigon|Hydreigon, F|100/100
|-damage|p2a: Hydreigon|88/100|[from] Stealth Rock
|move|p1a: Calyrex|Trick|p2a: Hydreigon
|-activate|p1a: Calyrex|move: Trick|[of] p2a: Hydreigon
|-item|p2a: Hydreigon|Choice Specs|[from] move: Trick
|-item|p1a: Calyrex|Leftovers|[from] move: Trick
|
|-heal|p1a: Calyrex|94/100|[from] item: Leftovers
|upkeep
|turn|9
|
|t:|1655690541
|move|p1a: Calyrex|Protect|p1a: Calyrex
|-singleturn|p1a: Calyrex|Protect
|move|p2a: Hydreigon|Dark Pulse|p1a: Calyrex
|-activate|p1a: Calyrex|move: Protect
|
|-heal|p1a: Calyrex|100/100|[from] item: Leftovers
|upkeep
|turn|10
|
|t:|1655690544
|move|p1a: Calyrex|Disable|p2a: Hydreigon
|-start|p2a: Hydreigon|Disable|Dark Pulse
|cant|p2a: Hydreigon|Disable|Dark Pulse
|
|upkeep
|turn|11
|c|☆Trade|o m l
|
|t:|1655690549
|switch|p2a: Giratina|Giratina-Origin, shiny|100/100
|-damage|p2a: Giratina|88/100|[from] Stealth Rock
|move|p1a: Calyrex|Astral Barrage|p2a: Giratina
|-supereffective|p2a: Giratina
|-crit|p2a: Giratina
|-damage|p2a: Giratina|0 fnt
|faint|p2a: Giratina
|-ability|p1a: Calyrex|Grim Neigh|boost
|-boost|p1a: Calyrex|spa|1
|
|upkeep
|c|☆Fc ❤|ofc
|c|☆Fc ❤|never lucky
|
|t:|1655690559
|switch|p2a: Dialga|Dialga|68/100 brn
|-damage|p2a: Dialga|62/100 brn|[from] Stealth Rock
|-ability|p2a: Dialga|Pressure
|turn|12
|
|t:|1655690563
|move|p2a: Dialga|Protect|p2a: Dialga
|-singleturn|p2a: Dialga|Protect
|move|p1a: Calyrex|Astral Barrage|p2a: Dialga
|-activate|p2a: Dialga|move: Protect
|
|-heal|p2a: Dialga|68/100 brn|[from] item: Leftovers
|-damage|p2a: Dialga|62/100 brn|[from] brn
|upkeep
|turn|13
|
|t:|1655690565
|move|p1a: Calyrex|Astral Barrage|p2a: Dialga
|-damage|p2a: Dialga|0 fnt
|faint|p2a: Dialga
|-ability|p1a: Calyrex|Grim Neigh|boost
|-boost|p1a: Calyrex|spa|1
|
|upkeep
|
|t:|1655690567
|switch|p2a: Eternatus|Eternatus|100/100
|-damage|p2a: Eternatus|88/100|[from] Stealth Rock
|-ability|p2a: Eternatus|Pressure
|turn|14
|
|t:|1655690570
|move|p1a: Calyrex|Astral Barrage|p2a: Eternatus
|-damage|p2a: Eternatus|0 fnt
|faint|p2a: Eternatus
|-ability|p1a: Calyrex|Grim Neigh|boost
|-boost|p1a: Calyrex|spa|1
|
|upkeep
|c|☆Fc ❤|pp stall incoming
|
|t:|1655690575
|switch|p2a: Reshiram|Reshiram|100/100 par
|-damage|p2a: Reshiram|76/100 par|[from] Stealth Rock
|-ability|p2a: Reshiram|Turboblaze
|turn|15
|c|☆Trade|fr
|
|t:|1655690580
|move|p1a: Calyrex|Protect|p1a: Calyrex
|-singleturn|p1a: Calyrex|Protect
|move|p2a: Reshiram|Blue Flare|p1a: Calyrex
|-activate|p1a: Calyrex|move: Protect
|
|upkeep
|turn|16
|
|t:|1655690591
|switch|p1a: Ho-Oh|Ho-Oh|48/100
|move|p2a: Reshiram|Blue Flare|p1a: Ho-Oh
|-resisted|p1a: Ho-Oh
|-damage|p1a: Ho-Oh|27/100
|
|upkeep
|turn|17
|
|t:|1655690595
|move|p1a: Ho-Oh|Brave Bird|p2a: Reshiram
|-damage|p2a: Reshiram|15/100 par
|-damage|p1a: Ho-Oh|10/100|[from] Recoil
|cant|p2a: Reshiram|par
|
|upkeep
|turn|18
|
|t:|1655690599
|move|p2a: Reshiram|Blue Flare|p1a: Ho-Oh
|-resisted|p1a: Ho-Oh
|-damage|p1a: Ho-Oh|0 fnt
|faint|p1a: Ho-Oh
|
|upkeep
|
|t:|1655690601
|switch|p1a: Eternatus|Eternatus|100/100
|-damage|p1a: Eternatus|88/100|[from] Stealth Rock
|-ability|p1a: Eternatus|Pressure
|turn|19
|
|t:|1655690605
|move|p1a: Eternatus|Dynamax Cannon|p2a: Reshiram
|-supereffective|p2a: Reshiram
|-damage|p2a: Reshiram|0 fnt
|faint|p2a: Reshiram
|
|upkeep
|
|t:|1655690606
|switch|p2a: Hydreigon|Hydreigon, F|88/100
|-damage|p2a: Hydreigon|76/100|[from] Stealth Rock
|turn|20
|
|t:|1655690614
|move|p1a: Eternatus|Dynamax Cannon|p2a: Hydreigon
|-supereffective|p2a: Hydreigon
|-damage|p2a: Hydreigon|0 fnt
|faint|p2a: Hydreigon
|
|upkeep
|
|t:|1655690617
|switch|p2a: Zekrom|Zekrom|67/100
|-damage|p2a: Zekrom|54/100|[from] Stealth Rock
|-ability|p2a: Zekrom|Teravolt
|turn|21
|c|+STEEL SKITTY!!!!|how did monodragon lose
|c|☆Fc ❤|hard ferro and risk bolt strike para full para if real
|c|☆Trade|wrong gen :(
|
|t:|1655690631
|move|p1a: Eternatus|Dynamax Cannon|p2a: Zekrom
|-supereffective|p2a: Zekrom
|-damage|p2a: Zekrom|0 fnt
|faint|p2a: Zekrom
|
|win|Trade
|c|☆Fc ❤|never luckcy
|c|☆Fc ❤|gg
|c|☆Trade|never lucky
|c|☆Trade|gg
