|inactive|Battle timer is ON: inactive players will automatically lose when time's up.
|t:|1645311817
|gametype|singles
|player|p1|King Billu|rood|
|player|p2|Kate|pokemonrangerf-gen3|
|teamsize|p1|6
|teamsize|p2|6
|gen|8
|tier|[Gen 8] Ubers
|rule|Sleep Clause Mod: Limit one foe put to sleep
|rule|Species Clause: Limit one of each Pokémon
|rule|OHKO Clause: OHKO moves are banned
|rule|Evasion Moves Clause: Evasion moves are banned
|rule|Endless Battle Clause: Forcing endless battles is banned
|rule|HP Percentage Mod: HP is shown in percentages
|rule|Dynamax Clause: You cannot dynamax
|clearpoke
|poke|p1|Yveltal|
|poke|p1|Zekrom|
|poke|p1|Groudon|
|poke|p1|Eternatus|
|poke|p1|Necrozma-Dusk-Mane|
|poke|p1|Marshadow|
|poke|p2|Kyogre|
|poke|p2|Ho-Oh|
|poke|p2|Eternatus|
|poke|p2|Yveltal|
|poke|p2|Necrozma-Dusk-Mane|
|poke|p2|Calyrex-Shadow|
|teampreview
|c|☆King Billu|hf
|c|☆Kate|Hf
|inactive|King Billu has 270 seconds left.
|inactive|Kate has 270 seconds left.
|
|t:|1645311865
|start
|switch|p1a: Eternatus|Eternatus|100/100
|switch|p2a: Kyogre|Kyogre|100/100
|-ability|p1a: Eternatus|Pressure
|-weather|RainDance|[from] ability: Drizzle|[of] p2a: Kyogre
|turn|1
|
|t:|1645311875
|switch|p2a: Necrozma|Necrozma-Dusk-Mane|100/100
|move|p1a: Eternatus|Draco Meteor|p2a: Necrozma
|-resisted|p2a: Necrozma
|-damage|p2a: Necrozma|82/100
|-unboost|p1a: Eternatus|spa|2
|
|-weather|RainDance|[upkeep]
|-heal|p2a: Necrozma|88/100|[from] item: Leftovers
|upkeep
|turn|2
|
|t:|1645311881
|switch|p1a: Groudon|Groudon|100/100
|-weather|SunnyDay|[from] ability: Drought|[of] p1a: Groudon
|move|p2a: Necrozma|Stealth Rock|p1a: Groudon
|-sidestart|p1: King Billu|move: Stealth Rock
|
|-weather|SunnyDay|[upkeep]
|-heal|p2a: Necrozma|94/100|[from] item: Leftovers
|upkeep
|turn|3
|
|t:|1645311885
|switch|p2a: Kyogre|Kyogre|100/100
|-weather|RainDance|[from] ability: Drizzle|[of] p2a: Kyogre
|move|p1a: Groudon|Stealth Rock|p2a: Kyogre
|-sidestart|p2: Kate|move: Stealth Rock
|
|-weather|RainDance|[upkeep]
|upkeep
|turn|4
|
|t:|1645311888
|switch|p1a: Eternatus|Eternatus|100/100
|-damage|p1a: Eternatus|88/100|[from] Stealth Rock
|-ability|p1a: Eternatus|Pressure
|move|p2a: Kyogre|Calm Mind|p2a: Kyogre
|-boost|p2a: Kyogre|spa|1
|-boost|p2a: Kyogre|spd|1
|
|-weather|RainDance|[upkeep]
|upkeep
|turn|5
|
|t:|1645311898
|move|p1a: Eternatus|Sludge Bomb|p2a: Kyogre
|-damage|p2a: Kyogre|82/100
|move|p2a: Kyogre|Ice Beam|p1a: Eternatus
|-supereffective|p1a: Eternatus
|-damage|p1a: Eternatus|19/100
|-status|p1a: Eternatus|frz
|
|-weather|RainDance|[upkeep]
|-heal|p2a: Kyogre|88/100|[from] item: Leftovers
|upkeep
|turn|6
|
|t:|1645311922
|cant|p1a: Eternatus|frz
|move|p2a: Kyogre|Ice Beam|p1a: Eternatus
|-supereffective|p1a: Eternatus
|-damage|p1a: Eternatus|0 fnt
|faint|p1a: Eternatus
|
|-weather|RainDance|[upkeep]
|-heal|p2a: Kyogre|94/100|[from] item: Leftovers
|upkeep
|inactive|King Billu has 270 seconds left.
|
|t:|1645311945
|switch|p1a: Zekrom|Zekrom|100/100
|-damage|p1a: Zekrom|88/100|[from] Stealth Rock
|-ability|p1a: Zekrom|Teravolt
|turn|7
|
|t:|1645311949
|switch|p2a: Eternatus|Eternatus|100/100
|-damage|p2a: Eternatus|88/100|[from] Stealth Rock
|-ability|p2a: Eternatus|Pressure
|move|p1a: Zekrom|Bolt Strike|p2a: Eternatus
|-resisted|p2a: Eternatus
|-damage|p2a: Eternatus|61/100
|-status|p2a: Eternatus|par
|
|-weather|none
|upkeep
|turn|8
|
|t:|1645311963
|switch|p1a: Necrozma|Necrozma-Dusk-Mane|100/100
|-damage|p1a: Necrozma|94/100|[from] Stealth Rock
|move|p2a: Eternatus|Dynamax Cannon|p1a: Necrozma
|-resisted|p1a: Necrozma
|-damage|p1a: Necrozma|80/100
|
|-heal|p1a: Necrozma|86/100|[from] item: Leftovers
|upkeep
|turn|9
|inactive|King Billu has 270 seconds left.
|
|t:|1645311979
|switch|p2a: Yveltal|Yveltal|100/100
|-ability|p2a: Yveltal|Dark Aura
|move|p1a: Necrozma|Thunder Wave|p2a: Yveltal
|-status|p2a: Yveltal|par
|
|-heal|p1a: Necrozma|92/100|[from] item: Leftovers
|upkeep
|turn|10
|
|t:|1645311987
|switch|p1a: Groudon|Groudon|100/100
|-damage|p1a: Groudon|94/100|[from] Stealth Rock
|-weather|SunnyDay|[from] ability: Drought|[of] p1a: Groudon
|switch|p2a: Ho-Oh|Ho-Oh|100/100
|
|-weather|SunnyDay|[upkeep]
|-heal|p1a: Groudon|100/100|[from] item: Leftovers
|upkeep
|turn|11
|
|t:|1645311993
|move|p2a: Ho-Oh|Substitute|p2a: Ho-Oh
|-start|p2a: Ho-Oh|Substitute
|-damage|p2a: Ho-Oh|76/100
|move|p1a: Groudon|Toxic||[still]
|-fail|p1a: Groudon
|
|-weather|SunnyDay|[upkeep]
|upkeep
|turn|12
|
|t:|1645311995
|move|p2a: Ho-Oh|Sacred Fire|p1a: Groudon
|-damage|p1a: Groudon|56/100
|-status|p1a: Groudon|brn
|move|p1a: Groudon|Roar|p2a: Ho-Oh
|drag|p2a: Eternatus|Eternatus|61/100 par
|-damage|p2a: Eternatus|49/100 par|[from] Stealth Rock
|-ability|p2a: Eternatus|Pressure
|
|-weather|SunnyDay|[upkeep]
|-heal|p1a: Groudon|62/100 brn|[from] item: Leftovers
|-damage|p1a: Groudon|56/100 brn|[from] brn
|upkeep
|turn|13
|
|t:|1645312021
|switch|p2a: Yveltal|Yveltal|100/100 par
|-ability|p2a: Yveltal|Dark Aura
|move|p1a: Groudon|Roar|p2a: Yveltal
|drag|p2a: Necrozma|Necrozma-Dusk-Mane|94/100
|-damage|p2a: Necrozma|88/100|[from] Stealth Rock
|
|-weather|SunnyDay|[upkeep]
|-heal|p1a: Groudon|62/100 brn|[from] item: Leftovers
|-heal|p2a: Necrozma|94/100|[from] item: Leftovers
|-damage|p1a: Groudon|56/100 brn|[from] brn
|upkeep
|turn|14
|
|t:|1645312033
|move|p1a: Groudon|Earthquake|p2a: Necrozma
|-supereffective|p2a: Necrozma
|-damage|p2a: Necrozma|69/100
|move|p2a: Necrozma|Knock Off|p1a: Groudon
|-damage|p1a: Groudon|39/100 brn
|-enditem|p1a: Groudon|Leftovers|[from] move: Knock Off|[of] p2a: Necrozma
|
|-weather|none
|-heal|p2a: Necrozma|75/100|[from] item: Leftovers
|-damage|p1a: Groudon|33/100 brn|[from] brn
|upkeep
|turn|15
|
|t:|1645312045
|switch|p2a: Calyrex|Calyrex-Shadow|100/100
|-ability|p2a: Calyrex|As One
|-ability|p2a: Calyrex|Unnerve
|-damage|p2a: Calyrex|88/100|[from] Stealth Rock
|move|p1a: Groudon|Roar|p2a: Calyrex
|drag|p2a: Eternatus|Eternatus|49/100 par
|-damage|p2a: Eternatus|36/100 par|[from] Stealth Rock
|-ability|p2a: Eternatus|Pressure
|
|-damage|p1a: Groudon|27/100 brn|[from] brn
|upkeep
|turn|16
|inactive|Kate has 270 seconds left.
|inactive|Kate has 240 seconds left.
|inactive|Kate has 210 seconds left.
|
|t:|1645312131
|switch|p2a: Yveltal|Yveltal|100/100 par
|-ability|p2a: Yveltal|Dark Aura
|move|p1a: Groudon|Roar|p2a: Yveltal
|drag|p2a: Eternatus|Eternatus|36/100 par
|-damage|p2a: Eternatus|24/100 par|[from] Stealth Rock
|-ability|p2a: Eternatus|Pressure
|
|-damage|p1a: Groudon|21/100 brn|[from] brn
|upkeep
|turn|17
|
|t:|1645312147
|switch|p2a: Yveltal|Yveltal|100/100 par
|-ability|p2a: Yveltal|Dark Aura
|move|p1a: Groudon|Earthquake|p2a: Yveltal
|-immune|p2a: Yveltal
|
|-damage|p1a: Groudon|15/100 brn|[from] brn
|upkeep
|turn|18
|
|t:|1645312154
|move|p2a: Yveltal|Knock Off|p1a: Groudon
|-damage|p1a: Groudon|0 fnt
|faint|p1a: Groudon
|
|upkeep
|inactive|King Billu has 270 seconds left.
|
|t:|1645312179
|switch|p1a: Zekrom|Zekrom|88/100
|-damage|p1a: Zekrom|76/100|[from] Stealth Rock
|-ability|p1a: Zekrom|Teravolt
|turn|19
|inactive|King Billu has 270 seconds left.
|inactive|King Billu has 240 seconds left.
|
|t:|1645312228
|switch|p2a: Eternatus|Eternatus|24/100 par
|-damage|p2a: Eternatus|11/100 par|[from] Stealth Rock
|-ability|p2a: Eternatus|Pressure
|move|p1a: Zekrom|Dragon Dance|p1a: Zekrom
|-boost|p1a: Zekrom|atk|1
|-boost|p1a: Zekrom|spe|1
|
|upkeep
|turn|20
|
|t:|1645312233
|move|p1a: Zekrom|Dragon Claw|p2a: Eternatus
|-supereffective|p2a: Eternatus
|-enditem|p2a: Eternatus|Haban Berry|[eat]
|-enditem|p2a: Eternatus|Haban Berry|[weaken]
|-damage|p2a: Eternatus|0 fnt
|faint|p2a: Eternatus
|
|upkeep
|inactive|Kate has 240 seconds left.
|
|t:|1645312238
|switch|p2a: Calyrex|Calyrex-Shadow|88/100
|-ability|p2a: Calyrex|As One
|-ability|p2a: Calyrex|Unnerve
|-damage|p2a: Calyrex|76/100|[from] Stealth Rock
|turn|21
|inactive|Kate has 240 seconds left.
|inactive|King Billu has 240 seconds left.
|
|t:|1645312274
|switch|p1a: Yveltal|Yveltal|100/100
|-ability|p1a: Yveltal|Dark Aura
|move|p2a: Calyrex|Astral Barrage|p1a: Yveltal
|-resisted|p1a: Yveltal
|-crit|p1a: Yveltal
|-damage|p1a: Yveltal|61/100
|
|upkeep
|turn|22
|inactive|Kate has 210 seconds left.
|
|t:|1645312292
|switch|p2a: Ho-Oh|Ho-Oh|100/100
|move|p1a: Yveltal|Knock Off|p2a: Ho-Oh
|-damage|p2a: Ho-Oh|51/100
|-enditem|p2a: Ho-Oh|Heavy-Duty Boots|[from] move: Knock Off|[of] p1a: Yveltal
|
|upkeep
|turn|23
|
|t:|1645312302
|switch|p1a: Zekrom|Zekrom|76/100
|-damage|p1a: Zekrom|64/100|[from] Stealth Rock
|-ability|p1a: Zekrom|Teravolt
|move|p2a: Ho-Oh|Sacred Fire|p1a: Zekrom
|-resisted|p1a: Zekrom
|-damage|p1a: Zekrom|40/100
|
|upkeep
|turn|24
|
|t:|1645312309
|move|p1a: Zekrom|Bolt Strike|p2a: Ho-Oh|[miss]
|-miss|p1a: Zekrom|p2a: Ho-Oh
|move|p2a: Ho-Oh|Sacred Fire|p1a: Zekrom
|-resisted|p1a: Zekrom
|-damage|p1a: Zekrom|16/100
|
|upkeep
|turn|25
|
|t:|1645312314
|move|p1a: Zekrom|Roost|p1a: Zekrom
|-heal|p1a: Zekrom|66/100
|-singleturn|p1a: Zekrom|move: Roost
|move|p2a: Ho-Oh|Sacred Fire|p1a: Zekrom
|-resisted|p1a: Zekrom
|-damage|p1a: Zekrom|41/100
|
|upkeep
|turn|26
|
|t:|1645312324
|move|p1a: Zekrom|Roost|p1a: Zekrom
|-heal|p1a: Zekrom|91/100
|-singleturn|p1a: Zekrom|move: Roost
|move|p2a: Ho-Oh|Sacred Fire|p1a: Zekrom
|-resisted|p1a: Zekrom
|-damage|p1a: Zekrom|67/100
|
|upkeep
|turn|27
|inactive|Kate has 240 seconds left.
|
|t:|1645312331
|move|p1a: Zekrom|Dragon Dance|p1a: Zekrom
|-boost|p1a: Zekrom|atk|1
|-boost|p1a: Zekrom|spe|1
|move|p2a: Ho-Oh|Sacred Fire|p1a: Zekrom
|-resisted|p1a: Zekrom
|-damage|p1a: Zekrom|42/100
|
|upkeep
|turn|28
|
|t:|1645312338
|move|p1a: Zekrom|Roost|p1a: Zekrom
|-heal|p1a: Zekrom|93/100
|-singleturn|p1a: Zekrom|move: Roost
|move|p2a: Ho-Oh|Sacred Fire|p1a: Zekrom|[miss]
|-miss|p2a: Ho-Oh|p1a: Zekrom
|
|upkeep
|turn|29
|c|☆Kate|.
|
|t:|1645312350
|move|p1a: Zekrom|Dragon Dance|p1a: Zekrom
|-boost|p1a: Zekrom|atk|1
|-boost|p1a: Zekrom|spe|1
|move|p2a: Ho-Oh|Sacred Fire|p1a: Zekrom
|-resisted|p1a: Zekrom
|-damage|p1a: Zekrom|67/100
|-status|p1a: Zekrom|brn
|-enditem|p1a: Zekrom|Lum Berry|[eat]
|-curestatus|p1a: Zekrom|brn|[msg]
|
|upkeep
|turn|30
|inactive|King Billu has 270 seconds left.
|
|t:|1645312377
|move|p1a: Zekrom|Dragon Claw|p2a: Ho-Oh
|-damage|p2a: Ho-Oh|0 fnt
|faint|p2a: Ho-Oh
|
|upkeep
|
|t:|1645312380
|switch|p2a: Calyrex|Calyrex-Shadow|76/100
|-ability|p2a: Calyrex|As One
|-ability|p2a: Calyrex|Unnerve
|-damage|p2a: Calyrex|64/100|[from] Stealth Rock
|turn|31
|inactive|King Billu has 240 seconds left.
|
|t:|1645312410
|switch|p1a: Yveltal|Yveltal|61/100
|-ability|p1a: Yveltal|Dark Aura
|move|p2a: Calyrex|Astral Barrage|p1a: Yveltal
|-resisted|p1a: Yveltal
|-damage|p1a: Yveltal|32/100
|
|upkeep
|turn|32
|inactive|Kate has 270 seconds left.
|
|t:|1645312416
|switch|p2a: Kyogre|Kyogre|94/100
|-damage|p2a: Kyogre|82/100|[from] Stealth Rock
|-weather|RainDance|[from] ability: Drizzle|[of] p2a: Kyogre
|move|p1a: Yveltal|Roost|p1a: Yveltal
|-heal|p1a: Yveltal|82/100
|-singleturn|p1a: Yveltal|move: Roost
|
|-weather|RainDance|[upkeep]
|-heal|p2a: Kyogre|88/100|[from] item: Leftovers
|upkeep
|turn|33
|
|t:|1645312423
|move|p1a: Yveltal|Knock Off|p2a: Kyogre
|-damage|p2a: Kyogre|34/100
|-enditem|p2a: Kyogre|Leftovers|[from] move: Knock Off|[of] p1a: Yveltal
|move|p2a: Kyogre|Thunder|p1a: Yveltal
|-supereffective|p1a: Yveltal
|-damage|p1a: Yveltal|22/100
|
|-weather|RainDance|[upkeep]
|upkeep
|turn|34
|inactive|King Billu has 240 seconds left.
|inactive|King Billu has 210 seconds left.
|inactive|King Billu has 180 seconds left.
|
|t:|1645312506
|move|p1a: Yveltal|Knock Off|p2a: Kyogre
|-damage|p2a: Kyogre|0 fnt
|faint|p2a: Kyogre
|
|-weather|RainDance|[upkeep]
|upkeep
|inactive|Kate has 270 seconds left.
|
|t:|1645312555
|switch|p2a: Yveltal|Yveltal|100/100 par
|-ability|p2a: Yveltal|Dark Aura
|turn|35
|inactive|King Billu has 180 seconds left.
|
|t:|1645312591
|move|p1a: Yveltal|Roost|p1a: Yveltal
|-heal|p1a: Yveltal|73/100
|-singleturn|p1a: Yveltal|move: Roost
|move|p2a: Yveltal|Knock Off|p1a: Yveltal
|-resisted|p1a: Yveltal
|-damage|p1a: Yveltal|49/100
|-enditem|p1a: Yveltal|Heavy-Duty Boots|[from] move: Knock Off|[of] p2a: Yveltal
|
|-weather|RainDance|[upkeep]
|upkeep
|turn|36
|
|t:|1645312602
|move|p1a: Yveltal|Taunt|p2a: Yveltal
|-start|p2a: Yveltal|move: Taunt
|cant|p2a: Yveltal|par
|
|-weather|none
|upkeep
|turn|37
|
|t:|1645312605
|move|p1a: Yveltal|Roost|p1a: Yveltal
|-heal|p1a: Yveltal|99/100
|-singleturn|p1a: Yveltal|move: Roost
|move|p2a: Yveltal|Knock Off|p1a: Yveltal
|-resisted|p1a: Yveltal
|-damage|p1a: Yveltal|84/100
|
|upkeep
|turn|38
|
|t:|1645312608
|move|p1a: Yveltal|Knock Off|p2a: Yveltal
|-resisted|p2a: Yveltal
|-damage|p2a: Yveltal|79/100 par
|-enditem|p2a: Yveltal|Heavy-Duty Boots|[from] move: Knock Off|[of] p1a: Yveltal
|move|p2a: Yveltal|Knock Off|p1a: Yveltal
|-resisted|p1a: Yveltal
|-damage|p1a: Yveltal|69/100
|
|-end|p2a: Yveltal|move: Taunt
|upkeep
|turn|39
|
|t:|1645312612
|move|p1a: Yveltal|Taunt|p2a: Yveltal
|-start|p2a: Yveltal|move: Taunt
|cant|p2a: Yveltal|par
|
|upkeep
|turn|40
|
|t:|1645312614
|move|p1a: Yveltal|Knock Off|p2a: Yveltal
|-resisted|p2a: Yveltal
|-damage|p2a: Yveltal|65/100 par
|cant|p2a: Yveltal|par
|
|upkeep
|turn|41
|
|t:|1645312618
|move|p1a: Yveltal|Roost|p1a: Yveltal
|-heal|p1a: Yveltal|100/100
|-singleturn|p1a: Yveltal|move: Roost
|cant|p2a: Yveltal|par
|
|-end|p2a: Yveltal|move: Taunt
|upkeep
|turn|42
|
|t:|1645312625
|move|p1a: Yveltal|Taunt|p2a: Yveltal
|-start|p2a: Yveltal|move: Taunt
|move|p2a: Yveltal|Knock Off|p1a: Yveltal
|-resisted|p1a: Yveltal
|-crit|p1a: Yveltal
|-damage|p1a: Yveltal|79/100
|
|upkeep
|turn|43
|
|t:|1645312629
|move|p1a: Yveltal|Knock Off|p2a: Yveltal
|-resisted|p2a: Yveltal
|-damage|p2a: Yveltal|51/100 par
|cant|p2a: Yveltal|par
|
|upkeep
|turn|44
|
|t:|1645312631
|move|p1a: Yveltal|Knock Off|p2a: Yveltal
|-resisted|p2a: Yveltal
|-damage|p2a: Yveltal|36/100 par
|cant|p2a: Yveltal|par
|
|-end|p2a: Yveltal|move: Taunt
|upkeep
|turn|45
|
|t:|1645312639
|move|p1a: Yveltal|Taunt|p2a: Yveltal
|-start|p2a: Yveltal|move: Taunt
|move|p2a: Yveltal|Knock Off|p1a: Yveltal
|-resisted|p1a: Yveltal
|-damage|p1a: Yveltal|64/100
|
|upkeep
|turn|46
|
|t:|1645312642
|move|p1a: Yveltal|Roost|p1a: Yveltal
|-heal|p1a: Yveltal|100/100
|-singleturn|p1a: Yveltal|move: Roost
|move|p2a: Yveltal|Knock Off|p1a: Yveltal
|-resisted|p1a: Yveltal
|-damage|p1a: Yveltal|85/100
|
|upkeep
|turn|47
|
|t:|1645312645
|move|p1a: Yveltal|Knock Off|p2a: Yveltal
|-resisted|p2a: Yveltal
|-damage|p2a: Yveltal|21/100 par
|move|p2a: Yveltal|Knock Off|p1a: Yveltal
|-resisted|p1a: Yveltal
|-damage|p1a: Yveltal|70/100
|
|-end|p2a: Yveltal|move: Taunt
|upkeep
|turn|48
|
|t:|1645312651
|move|p1a: Yveltal|Taunt|p2a: Yveltal
|-start|p2a: Yveltal|move: Taunt
|move|p2a: Yveltal|Knock Off|p1a: Yveltal
|-resisted|p1a: Yveltal
|-damage|p1a: Yveltal|55/100
|
|upkeep
|turn|49
|
|t:|1645312654
|move|p1a: Yveltal|Roost|p1a: Yveltal
|-heal|p1a: Yveltal|100/100
|-singleturn|p1a: Yveltal|move: Roost
|move|p2a: Yveltal|Knock Off|p1a: Yveltal
|-resisted|p1a: Yveltal
|-damage|p1a: Yveltal|85/100
|
|upkeep
|turn|50
|
|t:|1645312656
|move|p1a: Yveltal|Knock Off|p2a: Yveltal
|-resisted|p2a: Yveltal
|-damage|p2a: Yveltal|6/100 par
|cant|p2a: Yveltal|par
|
|-end|p2a: Yveltal|move: Taunt
|upkeep
|turn|51
|
|t:|1645312661
|move|p1a: Yveltal|Knock Off|p2a: Yveltal
|-resisted|p2a: Yveltal
|-damage|p2a: Yveltal|0 fnt
|faint|p2a: Yveltal
|
|upkeep
|
|t:|1645312663
|switch|p2a: Necrozma|Necrozma-Dusk-Mane|75/100
|-damage|p2a: Necrozma|69/100|[from] Stealth Rock
|turn|52
|
|t:|1645312670
|move|p1a: Yveltal|Taunt|p2a: Necrozma
|-start|p2a: Necrozma|move: Taunt
|cant|p2a: Necrozma|move: Taunt|Morning Sun
|
|-heal|p2a: Necrozma|75/100|[from] item: Leftovers
|upkeep
|turn|53
|
|t:|1645312672
|move|p1a: Yveltal|Knock Off|p2a: Necrozma
|-supereffective|p2a: Necrozma
|-damage|p2a: Necrozma|11/100
|-enditem|p2a: Necrozma|Leftovers|[from] move: Knock Off|[of] p1a: Yveltal
|move|p2a: Necrozma|Sunsteel Strike|p1a: Yveltal
|-damage|p1a: Yveltal|47/100
|
|upkeep
|turn|54
|
|t:|1645312676
|move|p1a: Yveltal|Roost|p1a: Yveltal
|-heal|p1a: Yveltal|97/100
|-singleturn|p1a: Yveltal|move: Roost
|move|p2a: Necrozma|Sunsteel Strike|p1a: Yveltal
|-damage|p1a: Yveltal|55/100
|
|-end|p2a: Necrozma|move: Taunt
|upkeep
|turn|55
|
|t:|1645312681
|move|p1a: Yveltal|Knock Off|p2a: Necrozma
|-supereffective|p2a: Necrozma
|-damage|p2a: Necrozma|0 fnt
|faint|p2a: Necrozma
|
|upkeep
|c|☆King Billu|gg
|
|t:|1645312683
|switch|p2a: Calyrex|Calyrex-Shadow|64/100
|-ability|p2a: Calyrex|As One
|-ability|p2a: Calyrex|Unnerve
|-damage|p2a: Calyrex|51/100|[from] Stealth Rock
|turn|56
|
|t:|1645312685
|move|p2a: Calyrex|Astral Barrage|p1a: Yveltal
|-resisted|p1a: Yveltal
|-damage|p1a: Yveltal|29/100
|move|p1a: Yveltal|Knock Off|p2a: Calyrex
|-supereffective|p2a: Calyrex
|-damage|p2a: Calyrex|0 fnt
|-enditem|p2a: Calyrex|Choice Scarf|[from] move: Knock Off|[of] p1a: Yveltal
|faint|p2a: Calyrex
|
|win|King Billu
