|inactive|Battle timer is ON: inactive players will automatically lose when time's up.
|t:|1645126254
|gametype|singles
|player|p1|Ballfire|#ndpl2crying|
|player|p2|sparksblade|clair|
|teamsize|p1|6
|teamsize|p2|6
|gen|8
|tier|[Gen 8] Ubers
|rule|Sleep Clause Mod: Limit one foe put to sleep
|rule|Species Clause: Limit one of each Pokémon
|rule|OHKO Clause: OHKO moves are banned
|rule|Evasion Moves Clause: Evasion moves are banned
|rule|Endless Battle Clause: Forcing endless battles is banned
|rule|HP Percentage Mod: HP is shown in percentages
|rule|Dynamax Clause: You cannot dynamax
|clearpoke
|poke|p1|Eternatus|
|poke|p1|Kyogre|
|poke|p1|Landorus-Therian, M|
|poke|p1|Marshadow|
|poke|p1|Necrozma-Dusk-Mane|
|poke|p1|Yveltal|
|poke|p2|Yveltal|
|poke|p2|Necrozma-Dusk-Mane|
|poke|p2|Eternatus|
|poke|p2|Zygarde|
|poke|p2|Ho-Oh|
|poke|p2|Calyrex-Shadow|
|teampreview
|inactive|Ballfire also wants the timer to be on.
|c|☆sparksblade|hf
|c|☆Ballfire|hf
|inactive|sparksblade has 270 seconds left.
|inactive|sparksblade has 240 seconds left.
|inactive|sparksblade disconnected and has 300 seconds to reconnect!
|player|p2|
|inactive|sparksblade has 270 seconds to reconnect!
|inactive|sparksblade has 240 seconds to reconnect!
|inactive|sparksblade has 210 seconds to reconnect!
|inactive|Ballfire no longer wants the timer on, but the timer is staying on because staff still does.
|inactive|sparksblade has 180 seconds to reconnect!
|inactive|sparksblade has 150 seconds to reconnect!
|inactive|sparksblade has 120 seconds to reconnect!
|inactive|sparksblade reconnected and has 230 seconds left.
|player|p2|sparksblade|clair
|c|☆sparksblade|test
|c|☆sparksblade|phew
|inactive|sparksblade has 210 seconds left.
|c|☆Ballfire|hi
|inactive|sparksblade has 180 seconds left.
|
|t:|1645126580
|start
|switch|p1a: Kyogre|Kyogre|100/100
|switch|p2a: Yveltal|Yveltal|100/100
|-ability|p2a: Yveltal|Dark Aura
|-weather|RainDance|[from] ability: Drizzle|[of] p1a: Kyogre
|turn|1
|c|☆Ballfire|are you fine with the timer or do you wanna restart?
|c|☆sparksblade|it's ok
|
|t:|1645126596
|switch|p1a: Eternatus|Eternatus|100/100
|-ability|p1a: Eternatus|Pressure
|move|p2a: Yveltal|Knock Off|p1a: Eternatus
|-damage|p1a: Eternatus|60/100
|-enditem|p1a: Eternatus|Heavy-Duty Boots|[from] move: Knock Off|[of] p2a: Yveltal
|
|-weather|RainDance|[upkeep]
|upkeep
|turn|2
|c|☆Ballfire|oki
|
|t:|1645126610
|switch|p2a: Necrozma|Necrozma-Dusk-Mane|100/100
|move|p1a: Eternatus|Recover|p1a: Eternatus
|-heal|p1a: Eternatus|100/100
|
|-weather|RainDance|[upkeep]
|upkeep
|turn|3
|
|t:|1645126619
|switch|p1a: Kyogre|Kyogre|100/100
|move|p2a: Necrozma|Stealth Rock|p1a: Kyogre
|-sidestart|p1: Ballfire|move: Stealth Rock
|
|-weather|RainDance|[upkeep]
|upkeep
|turn|4
|inactive|sparksblade has 240 seconds left.
|
|t:|1645126628
|switch|p2a: Eternatus|Eternatus|100/100
|-ability|p2a: Eternatus|Pressure
|move|p1a: Kyogre|Block|p2a: Eternatus
|-activate|p2a: Eternatus|trapped
|
|-weather|RainDance|[upkeep]
|upkeep
|turn|5
|inactive|sparksblade has 240 seconds left.
|
|t:|1645126643
|move|p2a: Eternatus|Toxic|p1a: Kyogre
|-status|p1a: Kyogre|tox
|move|p1a: Kyogre|Calm Mind|p1a: Kyogre
|-boost|p1a: Kyogre|spa|1
|-boost|p1a: Kyogre|spd|1
|
|-weather|none
|-damage|p1a: Kyogre|94/100 tox|[from] psn
|upkeep
|turn|6
|
|t:|1645126648
|move|p2a: Eternatus|Dynamax Cannon|p1a: Kyogre
|-damage|p1a: Kyogre|74/100 tox
|move|p1a: Kyogre|Scald|p2a: Eternatus
|-resisted|p2a: Eternatus
|-damage|p2a: Eternatus|81/100
|-status|p2a: Eternatus|brn
|
|-heal|p1a: Kyogre|80/100 tox|[from] item: Leftovers
|-damage|p1a: Kyogre|68/100 tox|[from] psn
|-damage|p2a: Eternatus|75/100 brn|[from] brn
|upkeep
|turn|7
|
|t:|1645126656
|move|p2a: Eternatus|Dynamax Cannon|p1a: Kyogre
|-damage|p1a: Kyogre|49/100 tox
|move|p1a: Kyogre|Rest|p1a: Kyogre
|-status|p1a: Kyogre|slp|[from] move: Rest
|-heal|p1a: Kyogre|100/100 slp|[silent]
|
|-damage|p2a: Eternatus|69/100 brn|[from] brn
|upkeep
|turn|8
|
|t:|1645126661
|move|p2a: Eternatus|Dynamax Cannon|p1a: Kyogre
|-damage|p1a: Kyogre|80/100 slp
|cant|p1a: Kyogre|slp
|
|-heal|p1a: Kyogre|86/100 slp|[from] item: Leftovers
|-damage|p2a: Eternatus|62/100 brn|[from] brn
|upkeep
|turn|9
|
|t:|1645126664
|move|p2a: Eternatus|Dynamax Cannon|p1a: Kyogre
|-damage|p1a: Kyogre|66/100 slp
|cant|p1a: Kyogre|slp
|
|-heal|p1a: Kyogre|73/100 slp|[from] item: Leftovers
|-damage|p2a: Eternatus|56/100 brn|[from] brn
|upkeep
|turn|10
|
|t:|1645126668
|move|p2a: Eternatus|Dynamax Cannon|p1a: Kyogre
|-damage|p1a: Kyogre|51/100 slp
|-curestatus|p1a: Kyogre|slp|[msg]
|move|p1a: Kyogre|Calm Mind|p1a: Kyogre
|-boost|p1a: Kyogre|spa|1
|-boost|p1a: Kyogre|spd|1
|
|-heal|p1a: Kyogre|57/100|[from] item: Leftovers
|-damage|p2a: Eternatus|50/100 brn|[from] brn
|upkeep
|turn|11
|
|t:|1645126671
|move|p2a: Eternatus|Recover|p2a: Eternatus
|-heal|p2a: Eternatus|99/100 brn
|move|p1a: Kyogre|Calm Mind|p1a: Kyogre
|-boost|p1a: Kyogre|spa|1
|-boost|p1a: Kyogre|spd|1
|
|-heal|p1a: Kyogre|63/100|[from] item: Leftovers
|-damage|p2a: Eternatus|94/100 brn|[from] brn
|upkeep
|turn|12
|
|t:|1645126679
|move|p2a: Eternatus|Mystical Fire|p1a: Kyogre
|-resisted|p1a: Kyogre
|-damage|p1a: Kyogre|60/100
|-unboost|p1a: Kyogre|spa|1
|move|p1a: Kyogre|Calm Mind|p1a: Kyogre
|-boost|p1a: Kyogre|spa|1
|-boost|p1a: Kyogre|spd|1
|
|-heal|p1a: Kyogre|67/100|[from] item: Leftovers
|-damage|p2a: Eternatus|87/100 brn|[from] brn
|upkeep
|turn|13
|
|t:|1645126683
|move|p2a: Eternatus|Mystical Fire|p1a: Kyogre
|-resisted|p1a: Kyogre
|-damage|p1a: Kyogre|64/100
|-unboost|p1a: Kyogre|spa|1
|move|p1a: Kyogre|Calm Mind|p1a: Kyogre
|-boost|p1a: Kyogre|spa|1
|-boost|p1a: Kyogre|spd|1
|
|-heal|p1a: Kyogre|70/100|[from] item: Leftovers
|-damage|p2a: Eternatus|81/100 brn|[from] brn
|upkeep
|turn|14
|
|t:|1645126686
|move|p2a: Eternatus|Mystical Fire|p1a: Kyogre
|-resisted|p1a: Kyogre
|-damage|p1a: Kyogre|68/100
|-unboost|p1a: Kyogre|spa|1
|move|p1a: Kyogre|Calm Mind|p1a: Kyogre
|-boost|p1a: Kyogre|spa|1
|-boost|p1a: Kyogre|spd|1
|
|-heal|p1a: Kyogre|74/100|[from] item: Leftovers
|-damage|p2a: Eternatus|75/100 brn|[from] brn
|upkeep
|turn|15
|
|t:|1645126690
|move|p2a: Eternatus|Mystical Fire|p1a: Kyogre
|-resisted|p1a: Kyogre
|-damage|p1a: Kyogre|72/100
|-unboost|p1a: Kyogre|spa|1
|move|p1a: Kyogre|Calm Mind|p1a: Kyogre
|-boost|p1a: Kyogre|spa|1
|-boost|p1a: Kyogre|spd|0
|
|-heal|p1a: Kyogre|78/100|[from] item: Leftovers
|-damage|p2a: Eternatus|69/100 brn|[from] brn
|upkeep
|turn|16
|
|t:|1645126694
|move|p2a: Eternatus|Mystical Fire|p1a: Kyogre
|-resisted|p1a: Kyogre
|-damage|p1a: Kyogre|77/100
|-unboost|p1a: Kyogre|spa|1
|move|p1a: Kyogre|Calm Mind|p1a: Kyogre
|-boost|p1a: Kyogre|spa|1
|-boost|p1a: Kyogre|spd|0
|
|-heal|p1a: Kyogre|83/100|[from] item: Leftovers
|-damage|p2a: Eternatus|62/100 brn|[from] brn
|upkeep
|turn|17
|
|t:|1645126698
|move|p2a: Eternatus|Mystical Fire|p1a: Kyogre
|-resisted|p1a: Kyogre
|-damage|p1a: Kyogre|81/100
|-unboost|p1a: Kyogre|spa|1
|move|p1a: Kyogre|Calm Mind|p1a: Kyogre
|-boost|p1a: Kyogre|spa|1
|-boost|p1a: Kyogre|spd|0
|
|-heal|p1a: Kyogre|87/100|[from] item: Leftovers
|-damage|p2a: Eternatus|56/100 brn|[from] brn
|upkeep
|turn|18
|
|t:|1645126703
|move|p2a: Eternatus|Mystical Fire|p1a: Kyogre
|-resisted|p1a: Kyogre
|-damage|p1a: Kyogre|85/100
|-unboost|p1a: Kyogre|spa|1
|move|p1a: Kyogre|Calm Mind|p1a: Kyogre
|-boost|p1a: Kyogre|spa|1
|-boost|p1a: Kyogre|spd|0
|
|-heal|p1a: Kyogre|92/100|[from] item: Leftovers
|-damage|p2a: Eternatus|50/100 brn|[from] brn
|upkeep
|turn|19
|
|t:|1645126706
|move|p2a: Eternatus|Recover|p2a: Eternatus
|-heal|p2a: Eternatus|99/100 brn
|move|p1a: Kyogre|Calm Mind|p1a: Kyogre
|-boost|p1a: Kyogre|spa|1
|-boost|p1a: Kyogre|spd|0
|
|-heal|p1a: Kyogre|98/100|[from] item: Leftovers
|-damage|p2a: Eternatus|94/100 brn|[from] brn
|upkeep
|turn|20
|
|t:|1645126711
|move|p2a: Eternatus|Mystical Fire|p1a: Kyogre
|-resisted|p1a: Kyogre
|-damage|p1a: Kyogre|96/100
|-unboost|p1a: Kyogre|spa|1
|move|p1a: Kyogre|Calm Mind|p1a: Kyogre
|-boost|p1a: Kyogre|spa|1
|-boost|p1a: Kyogre|spd|0
|
|-heal|p1a: Kyogre|100/100|[from] item: Leftovers
|-damage|p2a: Eternatus|87/100 brn|[from] brn
|upkeep
|turn|21
|
|t:|1645126714
|move|p2a: Eternatus|Mystical Fire|p1a: Kyogre
|-resisted|p1a: Kyogre
|-damage|p1a: Kyogre|99/100
|-unboost|p1a: Kyogre|spa|1
|move|p1a: Kyogre|Calm Mind|p1a: Kyogre
|-boost|p1a: Kyogre|spa|1
|-boost|p1a: Kyogre|spd|0
|
|-heal|p1a: Kyogre|100/100|[from] item: Leftovers
|-damage|p2a: Eternatus|81/100 brn|[from] brn
|upkeep
|turn|22
|
|t:|1645126717
|move|p2a: Eternatus|Mystical Fire|p1a: Kyogre
|-resisted|p1a: Kyogre
|-damage|p1a: Kyogre|99/100
|-unboost|p1a: Kyogre|spa|1
|move|p1a: Kyogre|Calm Mind|p1a: Kyogre
|-boost|p1a: Kyogre|spa|1
|-boost|p1a: Kyogre|spd|0
|
|-heal|p1a: Kyogre|100/100|[from] item: Leftovers
|-damage|p2a: Eternatus|75/100 brn|[from] brn
|upkeep
|turn|23
|
|t:|1645126720
|move|p2a: Eternatus|Mystical Fire|p1a: Kyogre
|-resisted|p1a: Kyogre
|-damage|p1a: Kyogre|99/100
|-unboost|p1a: Kyogre|spa|1
|move|p1a: Kyogre|Calm Mind|p1a: Kyogre
|-boost|p1a: Kyogre|spa|1
|-boost|p1a: Kyogre|spd|0
|
|-heal|p1a: Kyogre|100/100|[from] item: Leftovers
|-damage|p2a: Eternatus|69/100 brn|[from] brn
|upkeep
|turn|24
|
|t:|1645126723
|move|p2a: Eternatus|Mystical Fire|p1a: Kyogre
|-resisted|p1a: Kyogre
|-damage|p1a: Kyogre|99/100
|-unboost|p1a: Kyogre|spa|1
|move|p1a: Kyogre|Calm Mind|p1a: Kyogre
|-boost|p1a: Kyogre|spa|1
|-boost|p1a: Kyogre|spd|0
|
|-heal|p1a: Kyogre|100/100|[from] item: Leftovers
|-damage|p2a: Eternatus|62/100 brn|[from] brn
|upkeep
|turn|25
|
|t:|1645126725
|move|p2a: Eternatus|Mystical Fire|p1a: Kyogre
|-resisted|p1a: Kyogre
|-damage|p1a: Kyogre|99/100
|-unboost|p1a: Kyogre|spa|1
|move|p1a: Kyogre|Calm Mind|p1a: Kyogre
|-boost|p1a: Kyogre|spa|1
|-boost|p1a: Kyogre|spd|0
|
|-heal|p1a: Kyogre|100/100|[from] item: Leftovers
|-damage|p2a: Eternatus|56/100 brn|[from] brn
|upkeep
|turn|26
|
|t:|1645126728
|move|p2a: Eternatus|Mystical Fire|p1a: Kyogre
|-resisted|p1a: Kyogre
|-damage|p1a: Kyogre|99/100
|-unboost|p1a: Kyogre|spa|1
|move|p1a: Kyogre|Calm Mind|p1a: Kyogre
|-boost|p1a: Kyogre|spa|1
|-boost|p1a: Kyogre|spd|0
|
|-heal|p1a: Kyogre|100/100|[from] item: Leftovers
|-damage|p2a: Eternatus|50/100 brn|[from] brn
|upkeep
|turn|27
|
|t:|1645126732
|move|p2a: Eternatus|Mystical Fire|p1a: Kyogre
|-resisted|p1a: Kyogre
|-damage|p1a: Kyogre|99/100
|-unboost|p1a: Kyogre|spa|1
|move|p1a: Kyogre|Scald|p2a: Eternatus
|-resisted|p2a: Eternatus
|-damage|p2a: Eternatus|20/100 brn
|
|-heal|p1a: Kyogre|100/100|[from] item: Leftovers
|-damage|p2a: Eternatus|13/100 brn|[from] brn
|upkeep
|turn|28
|
|t:|1645126736
|move|p2a: Eternatus|Recover|p2a: Eternatus
|-heal|p2a: Eternatus|63/100 brn
|move|p1a: Kyogre|Calm Mind|p1a: Kyogre
|-boost|p1a: Kyogre|spa|1
|-boost|p1a: Kyogre|spd|0
|
|-damage|p2a: Eternatus|57/100 brn|[from] brn
|upkeep
|turn|29
|
|t:|1645126740
|move|p2a: Eternatus|Mystical Fire|p1a: Kyogre
|-resisted|p1a: Kyogre
|-damage|p1a: Kyogre|99/100
|-unboost|p1a: Kyogre|spa|1
|move|p1a: Kyogre|Calm Mind|p1a: Kyogre
|-boost|p1a: Kyogre|spa|1
|-boost|p1a: Kyogre|spd|0
|
|-heal|p1a: Kyogre|100/100|[from] item: Leftovers
|-damage|p2a: Eternatus|51/100 brn|[from] brn
|upkeep
|turn|30
|
|t:|1645126745
|move|p2a: Eternatus|Dynamax Cannon|p1a: Kyogre
|-damage|p1a: Kyogre|94/100
|move|p1a: Kyogre|Calm Mind|p1a: Kyogre
|-boost|p1a: Kyogre|spa|1
|-boost|p1a: Kyogre|spd|0
|
|-heal|p1a: Kyogre|99/100|[from] item: Leftovers
|-damage|p2a: Eternatus|45/100 brn|[from] brn
|upkeep
|turn|31
|
|t:|1645126752
|move|p2a: Eternatus|Dynamax Cannon|p1a: Kyogre
|-damage|p1a: Kyogre|93/100
|move|p1a: Kyogre|Calm Mind|p1a: Kyogre
|-boost|p1a: Kyogre|spa|1
|-boost|p1a: Kyogre|spd|0
|
|-heal|p1a: Kyogre|99/100|[from] item: Leftovers
|-damage|p2a: Eternatus|38/100 brn|[from] brn
|upkeep
|turn|32
|
|t:|1645126760
|move|p2a: Eternatus|Dynamax Cannon|p1a: Kyogre
|-damage|p1a: Kyogre|92/100
|move|p1a: Kyogre|Rest|p1a: Kyogre
|-status|p1a: Kyogre|slp|[from] move: Rest
|-heal|p1a: Kyogre|100/100 slp|[silent]
|
|-damage|p2a: Eternatus|32/100 brn|[from] brn
|upkeep
|turn|33
|
|t:|1645126766
|move|p2a: Eternatus|Toxic||[still]
|-fail|p2a: Eternatus
|cant|p1a: Kyogre|slp
|
|-damage|p2a: Eternatus|26/100 brn|[from] brn
|upkeep
|turn|34
|
|t:|1645126768
|move|p2a: Eternatus|Toxic||[still]
|-fail|p2a: Eternatus
|cant|p1a: Kyogre|slp
|
|-damage|p2a: Eternatus|20/100 brn|[from] brn
|upkeep
|turn|35
|
|t:|1645126771
|move|p2a: Eternatus|Toxic||[still]
|-fail|p2a: Eternatus
|-curestatus|p1a: Kyogre|slp|[msg]
|move|p1a: Kyogre|Scald|p2a: Eternatus
|-resisted|p2a: Eternatus
|-damage|p2a: Eternatus|0 fnt
|faint|p2a: Eternatus
|
|upkeep
|c|+Inder|gagnamos
|c|☆Ballfire|gagnamos
|inactive|sparksblade has 270 seconds left.
|
|t:|1645126823
|switch|p2a: Yveltal|Yveltal|100/100
|-ability|p2a: Yveltal|Dark Aura
|turn|36
|
|t:|1645126850
|move|p2a: Yveltal|Knock Off|p1a: Kyogre
|-damage|p1a: Kyogre|63/100
|-enditem|p1a: Kyogre|Leftovers|[from] move: Knock Off|[of] p2a: Yveltal
|move|p1a: Kyogre|Scald|p2a: Yveltal
|-damage|p2a: Yveltal|0 fnt
|faint|p2a: Yveltal
|
|upkeep
|inactive|sparksblade has 240 seconds left.
|
|t:|1645126891
|switch|p2a: Necrozma|Necrozma-Dusk-Mane|100/100
|turn|37
|
|t:|1645126900
|move|p1a: Kyogre|Scald|p2a: Necrozma
|-damage|p2a: Necrozma|14/100
|move|p2a: Necrozma|Photon Geyser|p1a: Kyogre
|-damage|p1a: Kyogre|31/100
|
|-heal|p2a: Necrozma|20/100|[from] item: Leftovers
|upkeep
|turn|38
|
|t:|1645126910
|move|p1a: Kyogre|Scald|p2a: Necrozma
|-damage|p2a: Necrozma|0 fnt
|faint|p2a: Necrozma
|
|upkeep
|
|t:|1645126939
|switch|p2a: Calyrex|Calyrex-Shadow|100/100
|-ability|p2a: Calyrex|As One
|-ability|p2a: Calyrex|Unnerve
|turn|39
|
|t:|1645126954
|switch|p1a: Yveltal|Yveltal|100/100
|-ability|p1a: Yveltal|Dark Aura
|move|p2a: Calyrex|Substitute|p2a: Calyrex
|-start|p2a: Calyrex|Substitute
|-damage|p2a: Calyrex|76/100
|
|-heal|p2a: Calyrex|82/100|[from] item: Leftovers
|upkeep
|turn|40
|
|t:|1645126964
|move|p2a: Calyrex|Leech Seed|p1a: Yveltal
|-start|p1a: Yveltal|move: Leech Seed
|move|p1a: Yveltal|Knock Off|p2a: Calyrex
|-supereffective|p2a: Calyrex
|-end|p2a: Calyrex|Substitute
|
|-heal|p2a: Calyrex|88/100|[from] item: Leftovers
|-damage|p1a: Yveltal|88/100|[from] Leech Seed|[of] p2a: Calyrex
|-heal|p2a: Calyrex|100/100|[silent]
|upkeep
|turn|41
|
|t:|1645126969
|move|p2a: Calyrex|Substitute|p2a: Calyrex
|-start|p2a: Calyrex|Substitute
|-damage|p2a: Calyrex|76/100
|move|p1a: Yveltal|Knock Off|p2a: Calyrex
|-supereffective|p2a: Calyrex
|-end|p2a: Calyrex|Substitute
|
|-heal|p2a: Calyrex|82/100|[from] item: Leftovers
|-damage|p1a: Yveltal|76/100|[from] Leech Seed|[of] p2a: Calyrex
|-heal|p2a: Calyrex|98/100|[silent]
|upkeep
|turn|42
|
|t:|1645126979
|move|p2a: Calyrex|Substitute|p2a: Calyrex
|-start|p2a: Calyrex|Substitute
|-damage|p2a: Calyrex|73/100
|move|p1a: Yveltal|Knock Off|p2a: Calyrex
|-supereffective|p2a: Calyrex
|-end|p2a: Calyrex|Substitute
|
|-heal|p2a: Calyrex|79/100|[from] item: Leftovers
|-damage|p1a: Yveltal|64/100|[from] Leech Seed|[of] p2a: Calyrex
|-heal|p2a: Calyrex|96/100|[silent]
|upkeep
|turn|43
|
|t:|1645126982
|move|p2a: Calyrex|Substitute|p2a: Calyrex
|-start|p2a: Calyrex|Substitute
|-damage|p2a: Calyrex|71/100
|move|p1a: Yveltal|Knock Off|p2a: Calyrex
|-supereffective|p2a: Calyrex
|-end|p2a: Calyrex|Substitute
|
|-heal|p2a: Calyrex|77/100|[from] item: Leftovers
|-damage|p1a: Yveltal|51/100|[from] Leech Seed|[of] p2a: Calyrex
|-heal|p2a: Calyrex|93/100|[silent]
|upkeep
|turn|44
|
|t:|1645126994
|move|p2a: Calyrex|Substitute|p2a: Calyrex
|-start|p2a: Calyrex|Substitute
|-damage|p2a: Calyrex|69/100
|move|p1a: Yveltal|Defog|p2a: Calyrex
|-sideend|p1: Ballfire|Stealth Rock|[from] move: Defog|[of] p1a: Yveltal
|
|-heal|p2a: Calyrex|75/100|[from] item: Leftovers
|-damage|p1a: Yveltal|39/100|[from] Leech Seed|[of] p2a: Calyrex
|-heal|p2a: Calyrex|91/100|[silent]
|upkeep
|turn|45
|inactive|sparksblade has 270 seconds left.
|
|t:|1645127010
|move|p2a: Calyrex|Nasty Plot|p2a: Calyrex
|-boost|p2a: Calyrex|spa|2
|move|p1a: Yveltal|Knock Off|p2a: Calyrex
|-supereffective|p2a: Calyrex
|-end|p2a: Calyrex|Substitute
|
|-heal|p2a: Calyrex|97/100|[from] item: Leftovers
|-damage|p1a: Yveltal|27/100|[from] Leech Seed|[of] p2a: Calyrex
|-heal|p2a: Calyrex|100/100|[silent]
|upkeep
|turn|46
|
|t:|1645127013
|move|p2a: Calyrex|Substitute|p2a: Calyrex
|-start|p2a: Calyrex|Substitute
|-damage|p2a: Calyrex|76/100
|move|p1a: Yveltal|Knock Off|p2a: Calyrex
|-supereffective|p2a: Calyrex
|-end|p2a: Calyrex|Substitute
|
|-heal|p2a: Calyrex|82/100|[from] item: Leftovers
|-damage|p1a: Yveltal|14/100|[from] Leech Seed|[of] p2a: Calyrex
|-heal|p2a: Calyrex|98/100|[silent]
|upkeep
|turn|47
|
|t:|1645127019
|move|p2a: Calyrex|Substitute|p2a: Calyrex
|-start|p2a: Calyrex|Substitute
|-damage|p2a: Calyrex|73/100
|move|p1a: Yveltal|Knock Off|p2a: Calyrex
|-supereffective|p2a: Calyrex
|-end|p2a: Calyrex|Substitute
|
|-heal|p2a: Calyrex|79/100|[from] item: Leftovers
|-damage|p1a: Yveltal|2/100|[from] Leech Seed|[of] p2a: Calyrex
|-heal|p2a: Calyrex|96/100|[silent]
|upkeep
|turn|48
|
|t:|1645127024
|move|p2a: Calyrex|Substitute|p2a: Calyrex
|-start|p2a: Calyrex|Substitute
|-damage|p2a: Calyrex|71/100
|move|p1a: Yveltal|Knock Off|p2a: Calyrex
|-supereffective|p2a: Calyrex
|-end|p2a: Calyrex|Substitute
|
|-heal|p2a: Calyrex|77/100|[from] item: Leftovers
|-damage|p1a: Yveltal|0 fnt|[from] Leech Seed|[of] p2a: Calyrex
|-heal|p2a: Calyrex|79/100|[silent]
|faint|p1a: Yveltal
|upkeep
|
|t:|1645127029
|switch|p1a: Marshadow|Marshadow|100/100
|turn|49
|
|t:|1645127038
|switch|p2a: Ho-Oh|Ho-Oh|100/100
|move|p1a: Marshadow|Shadow Sneak|p2a: Ho-Oh
|-damage|p2a: Ho-Oh|71/100
|-damage|p1a: Marshadow|91/100|[from] item: Life Orb
|
|upkeep
|turn|50
|
|t:|1645127051
|switch|p1a: Landorus|Landorus-Therian, M|100/100
|-ability|p1a: Landorus|Intimidate|boost
|-unboost|p2a: Ho-Oh|atk|1
|switch|p2a: Zygarde|Zygarde|100/100
|
|upkeep
|turn|51
|
|t:|1645127059
|move|p2a: Zygarde|Substitute|p2a: Zygarde
|-start|p2a: Zygarde|Substitute
|-damage|p2a: Zygarde|76/100
|move|p1a: Landorus|Toxic||[still]
|-fail|p1a: Landorus
|
|-heal|p2a: Zygarde|82/100|[from] item: Leftovers
|upkeep
|turn|52
|
|t:|1645127064
|move|p2a: Zygarde|Dragon Dance|p2a: Zygarde
|-boost|p2a: Zygarde|atk|1
|-boost|p2a: Zygarde|spe|1
|move|p1a: Landorus|U-turn|p2a: Zygarde
|-activate|p2a: Zygarde|move: Substitute|[damage]
|
|t:|1645127071
|switch|p1a: Eternatus|Eternatus|100/100|[from]move: U-turn
|-ability|p1a: Eternatus|Pressure
|
|-heal|p2a: Zygarde|88/100|[from] item: Leftovers
|upkeep
|turn|53
|
|t:|1645127090
|move|p2a: Zygarde|Thousand Arrows|p1a: Eternatus
|-supereffective|p1a: Eternatus
|-damage|p1a: Eternatus|35/100
|move|p1a: Eternatus|Dynamax Cannon|p2a: Zygarde
|-supereffective|p2a: Zygarde
|-end|p2a: Zygarde|Substitute
|
|-heal|p2a: Zygarde|94/100|[from] item: Leftovers
|upkeep
|turn|54
|inactive|sparksblade has 270 seconds left.
|
|t:|1645127126
|move|p2a: Zygarde|Substitute|p2a: Zygarde
|-start|p2a: Zygarde|Substitute
|-damage|p2a: Zygarde|69/100
|move|p1a: Eternatus|Dynamax Cannon|p2a: Zygarde
|-supereffective|p2a: Zygarde
|-end|p2a: Zygarde|Substitute
|
|-heal|p2a: Zygarde|75/100|[from] item: Leftovers
|upkeep
|turn|55
|
|t:|1645127129
|move|p2a: Zygarde|Substitute|p2a: Zygarde
|-start|p2a: Zygarde|Substitute
|-damage|p2a: Zygarde|50/100
|move|p1a: Eternatus|Dynamax Cannon|p2a: Zygarde
|-supereffective|p2a: Zygarde
|-end|p2a: Zygarde|Substitute
|
|-heal|p2a: Zygarde|56/100|[from] item: Leftovers
|upkeep
|turn|56
|
|t:|1645127137
|move|p2a: Zygarde|Substitute|p2a: Zygarde
|-start|p2a: Zygarde|Substitute
|-damage|p2a: Zygarde|31/100
|move|p1a: Eternatus|Dynamax Cannon|p2a: Zygarde
|-supereffective|p2a: Zygarde
|-end|p2a: Zygarde|Substitute
|
|-heal|p2a: Zygarde|38/100|[from] item: Leftovers
|-activate|p2a: Zygarde|ability: Power Construct
|detailschange|p2a: Zygarde|Zygarde-Complete
|-heal|p2a: Zygarde|60/100|[silent]
|upkeep
|turn|57
|inactive|sparksblade has 270 seconds left.
|
|t:|1645127158
|move|p2a: Zygarde|Thousand Arrows|p1a: Eternatus
|-supereffective|p1a: Eternatus
|-damage|p1a: Eternatus|0 fnt
|faint|p1a: Eternatus
|
|-heal|p2a: Zygarde|67/100|[from] item: Leftovers
|upkeep
|
|t:|1645127160
|switch|p1a: Marshadow|Marshadow|91/100
|turn|58
|inactive|sparksblade has 270 seconds left.
|
|t:|1645127191
|switch|p2a: Ho-Oh|Ho-Oh|100/100
|move|p1a: Marshadow|Spectral Thief|p2a: Ho-Oh
|-damage|p2a: Ho-Oh|57/100
|-damage|p1a: Marshadow|81/100|[from] item: Life Orb
|
|upkeep
|turn|59
|
|t:|1645127207
|switch|p1a: Landorus|Landorus-Therian, M|100/100
|-ability|p1a: Landorus|Intimidate|boost
|-unboost|p2a: Ho-Oh|atk|1
|move|p2a: Ho-Oh|Sacred Fire|p1a: Landorus
|-damage|p1a: Landorus|80/100
|-status|p1a: Landorus|brn
|
|-heal|p1a: Landorus|86/100 brn|[from] item: Leftovers
|-damage|p1a: Landorus|80/100 brn|[from] brn
|upkeep
|turn|60
|
|t:|1645127218
|switch|p2a: Calyrex|Calyrex-Shadow|79/100
|-ability|p2a: Calyrex|As One
|-ability|p2a: Calyrex|Unnerve
|move|p1a: Landorus|Toxic|p2a: Calyrex
|-status|p2a: Calyrex|tox
|
|-heal|p2a: Calyrex|85/100 tox|[from] item: Leftovers
|-heal|p1a: Landorus|86/100 brn|[from] item: Leftovers
|-damage|p2a: Calyrex|79/100 tox|[from] psn
|-damage|p1a: Landorus|80/100 brn|[from] brn
|upkeep
|turn|61
|
|t:|1645127238
|switch|p1a: Kyogre|Kyogre|31/100
|-weather|RainDance|[from] ability: Drizzle|[of] p1a: Kyogre
|move|p2a: Calyrex|Astral Barrage|p1a: Kyogre
|-damage|p1a: Kyogre|0 fnt
|faint|p1a: Kyogre
|-ability|p2a: Calyrex|Grim Neigh|boost
|-boost|p2a: Calyrex|spa|1
|
|-weather|RainDance|[upkeep]
|-heal|p2a: Calyrex|85/100 tox|[from] item: Leftovers
|-damage|p2a: Calyrex|73/100 tox|[from] psn
|upkeep
|
|t:|1645127245
|switch|p1a: Marshadow|Marshadow|81/100
|turn|62
|inactive|sparksblade has 270 seconds left.
|
|t:|1645127255
|switch|p2a: Zygarde|Zygarde-Complete|67/100
|move|p1a: Marshadow|Spectral Thief|p2a: Zygarde
|-damage|p2a: Zygarde|41/100
|-damage|p1a: Marshadow|71/100|[from] item: Life Orb
|
|-weather|RainDance|[upkeep]
|-heal|p2a: Zygarde|47/100|[from] item: Leftovers
|upkeep
|turn|63
|
|t:|1645127261
|switch|p2a: Ho-Oh|Ho-Oh|91/100
|move|p1a: Marshadow|Ice Punch|p2a: Ho-Oh
|-damage|p2a: Ho-Oh|69/100
|-status|p2a: Ho-Oh|frz
|-damage|p1a: Marshadow|61/100|[from] item: Life Orb
|
|-weather|RainDance|[upkeep]
|upkeep
|turn|64
|
|t:|1645127273
|switch|p1a: Landorus|Landorus-Therian, M|80/100 brn
|-ability|p1a: Landorus|Intimidate|boost
|-unboost|p2a: Ho-Oh|atk|1
|switch|p2a: Calyrex|Calyrex-Shadow|73/100 tox
|-ability|p2a: Calyrex|As One
|-ability|p2a: Calyrex|Unnerve
|
|-weather|RainDance|[upkeep]
|-heal|p2a: Calyrex|79/100 tox|[from] item: Leftovers
|-heal|p1a: Landorus|86/100 brn|[from] item: Leftovers
|-damage|p2a: Calyrex|73/100 tox|[from] psn
|-damage|p1a: Landorus|80/100 brn|[from] brn
|upkeep
|turn|65
|
|t:|1645127284
|move|p2a: Calyrex|Astral Barrage|p1a: Landorus
|-damage|p1a: Landorus|3/100 brn
|move|p1a: Landorus|Stealth Rock|p2a: Calyrex
|-sidestart|p2: sparksblade|move: Stealth Rock
|
|-weather|none
|-heal|p2a: Calyrex|79/100 tox|[from] item: Leftovers
|-heal|p1a: Landorus|9/100 brn|[from] item: Leftovers
|-damage|p2a: Calyrex|67/100 tox|[from] psn
|-damage|p1a: Landorus|3/100 brn|[from] brn
|upkeep
|turn|66
|
|t:|1645127299
|move|p2a: Calyrex|Astral Barrage|p1a: Landorus
|-damage|p1a: Landorus|0 fnt
|faint|p1a: Landorus
|-ability|p2a: Calyrex|Grim Neigh|boost
|-boost|p2a: Calyrex|spa|1
|
|-heal|p2a: Calyrex|73/100 tox|[from] item: Leftovers
|-damage|p2a: Calyrex|54/100 tox|[from] psn
|upkeep
|
|t:|1645127303
|switch|p1a: Marshadow|Marshadow|61/100
|turn|67
|
|t:|1645127309
|move|p1a: Marshadow|Shadow Sneak|p2a: Calyrex
|-supereffective|p2a: Calyrex
|-damage|p2a: Calyrex|0 fnt
|faint|p2a: Calyrex
|-damage|p1a: Marshadow|51/100|[from] item: Life Orb
|
|upkeep
|
|t:|1645127312
|switch|p2a: Ho-Oh|Ho-Oh|100/100 frz
|turn|68
|
|t:|1645127320
|move|p1a: Marshadow|Spectral Thief|p2a: Ho-Oh
|-damage|p2a: Ho-Oh|62/100 frz
|-damage|p1a: Marshadow|41/100|[from] item: Life Orb
|-curestatus|p2a: Ho-Oh|frz|[from] move: Sacred Fire
|move|p2a: Ho-Oh|Sacred Fire|p1a: Marshadow
|-damage|p1a: Marshadow|0 fnt
|faint|p1a: Marshadow
|
|upkeep
|
|t:|1645127321
|switch|p1a: Necrozma|Necrozma-Dusk-Mane|100/100
|turn|69
|
|t:|1645127330
|move|p1a: Necrozma|Dragon Dance|p1a: Necrozma
|-boost|p1a: Necrozma|atk|1
|-boost|p1a: Necrozma|spe|1
|move|p2a: Ho-Oh|Sacred Fire|p1a: Necrozma
|-supereffective|p1a: Necrozma
|-damage|p1a: Necrozma|55/100
|-status|p1a: Necrozma|brn
|
|-heal|p1a: Necrozma|61/100 brn|[from] item: Leftovers
|-damage|p1a: Necrozma|55/100 brn|[from] brn
|upkeep
|turn|70
|inactive|sparksblade has 270 seconds left.
|inactive|Ballfire has 270 seconds left.
|inactive|Ballfire has 240 seconds left.
|inactive|sparksblade has 240 seconds left.
|
|t:|1645127418
|switch|p2a: Zygarde|Zygarde-Complete|47/100
|-damage|p2a: Zygarde|41/100|[from] Stealth Rock
|move|p1a: Necrozma|Dragon Dance|p1a: Necrozma
|-boost|p1a: Necrozma|atk|1
|-boost|p1a: Necrozma|spe|1
|
|-heal|p1a: Necrozma|61/100 brn|[from] item: Leftovers
|-heal|p2a: Zygarde|47/100|[from] item: Leftovers
|-damage|p1a: Necrozma|55/100 brn|[from] brn
|upkeep
|turn|71
|inactive|sparksblade has 240 seconds left.
|
|t:|1645127437
|move|p1a: Necrozma|Sunsteel Strike|p2a: Zygarde
|-damage|p2a: Zygarde|26/100
|move|p2a: Zygarde|Substitute|p2a: Zygarde
|-start|p2a: Zygarde|Substitute
|-damage|p2a: Zygarde|1/100
|
|-heal|p1a: Necrozma|61/100 brn|[from] item: Leftovers
|-heal|p2a: Zygarde|8/100|[from] item: Leftovers
|-damage|p1a: Necrozma|55/100 brn|[from] brn
|upkeep
|turn|72
|inactive|sparksblade has 240 seconds left.
|
|t:|1645127447
|move|p1a: Necrozma|Dragon Dance|p1a: Necrozma
|-boost|p1a: Necrozma|atk|1
|-boost|p1a: Necrozma|spe|1
|move|p2a: Zygarde|Dragon Dance|p2a: Zygarde
|-boost|p2a: Zygarde|atk|1
|-boost|p2a: Zygarde|spe|1
|
|-heal|p1a: Necrozma|61/100 brn|[from] item: Leftovers
|-heal|p2a: Zygarde|14/100|[from] item: Leftovers
|-damage|p1a: Necrozma|55/100 brn|[from] brn
|upkeep
|turn|73
|inactive|sparksblade has 240 seconds left.
|c|☆Ballfire|gg
|inactive|sparksblade has 210 seconds left.
|inactive|sparksblade has 180 seconds left.
|
|t:|1645127528
|move|p1a: Necrozma|Sunsteel Strike|p2a: Zygarde
|-end|p2a: Zygarde|Substitute
|move|p2a: Zygarde|Thousand Arrows|p1a: Necrozma
|-supereffective|p1a: Necrozma
|-damage|p1a: Necrozma|4/100 brn
|
|-heal|p1a: Necrozma|10/100 brn|[from] item: Leftovers
|-heal|p2a: Zygarde|20/100|[from] item: Leftovers
|-damage|p1a: Necrozma|4/100 brn|[from] brn
|upkeep
|turn|74
|inactive|sparksblade has 150 seconds left.
|inactive|sparksblade has 120 seconds left.
|inactive|sparksblade has 90 seconds left.
|
|t:|1645127642
|switch|p2a: Ho-Oh|Ho-Oh|95/100
|move|p1a: Necrozma|Sunsteel Strike|p2a: Ho-Oh
|-resisted|p2a: Ho-Oh
|-damage|p2a: Ho-Oh|74/100
|
|-heal|p1a: Necrozma|10/100 brn|[from] item: Leftovers
|-damage|p1a: Necrozma|4/100 brn|[from] brn
|upkeep
|turn|75
|c|+Inder|reveal edge
|
|t:|1645127653
|move|p1a: Necrozma|Morning Sun|p1a: Necrozma
|-heal|p1a: Necrozma|54/100 brn
|move|p2a: Ho-Oh|Defog|p1a: Necrozma
|-unboost|p1a: Necrozma|evasion|1
|-sideend|p2: sparksblade|Stealth Rock|[from] move: Defog|[of] p2a: Ho-Oh
|
|-heal|p1a: Necrozma|60/100 brn|[from] item: Leftovers
|-damage|p1a: Necrozma|54/100 brn|[from] brn
|upkeep
|turn|76
|c|☆Ballfire|good idea
|c|+Inder|defog
|inactive|sparksblade has 60 seconds left.
|
|t:|1645127679
|move|p1a: Necrozma|Dragon Dance|p1a: Necrozma
|-boost|p1a: Necrozma|atk|1
|-boost|p1a: Necrozma|spe|1
|move|p2a: Ho-Oh|Sacred Fire|p1a: Necrozma
|-supereffective|p1a: Necrozma
|-damage|p1a: Necrozma|11/100 brn
|
|-heal|p1a: Necrozma|17/100 brn|[from] item: Leftovers
|-damage|p1a: Necrozma|11/100 brn|[from] brn
|upkeep
|turn|77
|
|t:|1645127686
|switch|p2a: Zygarde|Zygarde-Complete|20/100
|move|p1a: Necrozma|Morning Sun|p1a: Necrozma
|-heal|p1a: Necrozma|61/100 brn
|
|-heal|p1a: Necrozma|67/100 brn|[from] item: Leftovers
|-heal|p2a: Zygarde|26/100|[from] item: Leftovers
|-damage|p1a: Necrozma|61/100 brn|[from] brn
|upkeep
|turn|78
|
|t:|1645127691
|switch|p2a: Ho-Oh|Ho-Oh|100/100
|move|p1a: Necrozma|Earthquake|p2a: Ho-Oh
|-immune|p2a: Ho-Oh
|
|-heal|p1a: Necrozma|67/100 brn|[from] item: Leftovers
|-damage|p1a: Necrozma|61/100 brn|[from] brn
|upkeep
|turn|79
|inactive|Ballfire has 270 seconds left.
|
|t:|1645127703
|move|p1a: Necrozma|Morning Sun|p1a: Necrozma
|-heal|p1a: Necrozma|100/100 brn
|move|p2a: Ho-Oh|Sacred Fire|p1a: Necrozma
|-supereffective|p1a: Necrozma
|-damage|p1a: Necrozma|55/100 brn
|
|-heal|p1a: Necrozma|61/100 brn|[from] item: Leftovers
|-damage|p1a: Necrozma|55/100 brn|[from] brn
|upkeep
|turn|80
|inactive|Ballfire has 270 seconds left.
|
|t:|1645127712
|move|p1a: Necrozma|Morning Sun|p1a: Necrozma
|-heal|p1a: Necrozma|100/100 brn
|move|p2a: Ho-Oh|Sacred Fire|p1a: Necrozma
|-supereffective|p1a: Necrozma
|-damage|p1a: Necrozma|52/100 brn
|
|-heal|p1a: Necrozma|58/100 brn|[from] item: Leftovers
|-damage|p1a: Necrozma|52/100 brn|[from] brn
|upkeep
|turn|81
|
|t:|1645127723
|move|p1a: Necrozma|Morning Sun|p1a: Necrozma
|-heal|p1a: Necrozma|100/100 brn
|move|p2a: Ho-Oh|Sacred Fire|p1a: Necrozma
|-supereffective|p1a: Necrozma
|-damage|p1a: Necrozma|58/100 brn
|
|-heal|p1a: Necrozma|64/100 brn|[from] item: Leftovers
|-damage|p1a: Necrozma|58/100 brn|[from] brn
|upkeep
|turn|82
|
|t:|1645127738
|move|p1a: Necrozma|Morning Sun|p1a: Necrozma
|-heal|p1a: Necrozma|100/100 brn
|move|p2a: Ho-Oh|Sacred Fire|p1a: Necrozma
|-supereffective|p1a: Necrozma
|-damage|p1a: Necrozma|57/100 brn
|
|-heal|p1a: Necrozma|63/100 brn|[from] item: Leftovers
|-damage|p1a: Necrozma|57/100 brn|[from] brn
|upkeep
|turn|83
|
|t:|1645127745
|move|p1a: Necrozma|Earthquake|p2a: Ho-Oh
|-immune|p2a: Ho-Oh
|move|p2a: Ho-Oh|Thunder Wave||[still]
|-fail|p2a: Ho-Oh
|
|-heal|p1a: Necrozma|63/100 brn|[from] item: Leftovers
|-damage|p1a: Necrozma|57/100 brn|[from] brn
|upkeep
|turn|84
|
|t:|1645127748
|move|p1a: Necrozma|Dragon Dance|p1a: Necrozma
|-boost|p1a: Necrozma|atk|1
|-boost|p1a: Necrozma|spe|1
|move|p2a: Ho-Oh|Thunder Wave||[still]
|-fail|p2a: Ho-Oh
|
|-heal|p1a: Necrozma|63/100 brn|[from] item: Leftovers
|-damage|p1a: Necrozma|57/100 brn|[from] brn
|upkeep
|turn|85
|
|t:|1645127752
|move|p1a: Necrozma|Dragon Dance|p1a: Necrozma
|-boost|p1a: Necrozma|atk|1
|-boost|p1a: Necrozma|spe|1
|move|p2a: Ho-Oh|Thunder Wave||[still]
|-fail|p2a: Ho-Oh
|
|-heal|p1a: Necrozma|63/100 brn|[from] item: Leftovers
|-damage|p1a: Necrozma|57/100 brn|[from] brn
|upkeep
|turn|86
|inactive|sparksblade has 120 seconds left.
|
|t:|1645127758
|move|p1a: Necrozma|Dragon Dance|p1a: Necrozma
|-boost|p1a: Necrozma|atk|0
|-boost|p1a: Necrozma|spe|0
|move|p2a: Ho-Oh|Thunder Wave||[still]
|-fail|p2a: Ho-Oh
|
|-heal|p1a: Necrozma|63/100 brn|[from] item: Leftovers
|-damage|p1a: Necrozma|57/100 brn|[from] brn
|upkeep
|turn|87
|
|t:|1645127761
|move|p1a: Necrozma|Morning Sun|p1a: Necrozma
|-heal|p1a: Necrozma|100/100 brn
|move|p2a: Ho-Oh|Thunder Wave||[still]
|-fail|p2a: Ho-Oh
|
|-damage|p1a: Necrozma|94/100 brn|[from] brn
|upkeep
|turn|88
|
|t:|1645127778
|move|p1a: Necrozma|Sunsteel Strike|p2a: Ho-Oh
|-resisted|p2a: Ho-Oh
|-crit|p2a: Ho-Oh
|-damage|p2a: Ho-Oh|54/100
|move|p2a: Ho-Oh|Thunder Wave||[still]
|-fail|p2a: Ho-Oh
|
|-heal|p1a: Necrozma|100/100 brn|[from] item: Leftovers
|-damage|p1a: Necrozma|94/100 brn|[from] brn
|upkeep
|turn|89
|c|☆sparksblade|oh
|c|☆sparksblade|that's uncool
|c|☆Ballfire|;
|
|t:|1645127802
|move|p1a: Necrozma|Earthquake|p2a: Ho-Oh
|-immune|p2a: Ho-Oh
|move|p2a: Ho-Oh|Thunder Wave||[still]
|-fail|p2a: Ho-Oh
|
|-heal|p1a: Necrozma|100/100 brn|[from] item: Leftovers
|-damage|p1a: Necrozma|94/100 brn|[from] brn
|upkeep
|turn|90
|inactive|sparksblade has 120 seconds left.
|
|t:|1645127826
|switch|p2a: Zygarde|Zygarde-Complete|26/100
|move|p1a: Necrozma|Sunsteel Strike|p2a: Zygarde
|-damage|p2a: Zygarde|0 fnt
|faint|p2a: Zygarde
|
|-heal|p1a: Necrozma|100/100 brn|[from] item: Leftovers
|-damage|p1a: Necrozma|94/100 brn|[from] brn
|upkeep
|inactive|sparksblade has 120 seconds left.
|
|t:|1645127831
|switch|p2a: Ho-Oh|Ho-Oh|87/100
|turn|91
|inactive|sparksblade has 120 seconds left.
|c|☆sparksblade|so
|c|☆sparksblade|i would be winning now
|c|☆sparksblade|without that crit
|c|☆Ballfire|mb
|inactive|sparksblade has 90 seconds left.
|c|+Inder|You won without choke too
|c|+Inder|:^
|c|☆sparksblade|thanks inder
|inactive|sparksblade has 60 seconds left.
|c|☆sparksblade|i'll follow your career to learn
|c|☆sparksblade|ok there's no rolls for me now
|
|t:|1645127916
|move|p1a: Necrozma|Sunsteel Strike|p2a: Ho-Oh
|-resisted|p2a: Ho-Oh
|-damage|p2a: Ho-Oh|52/100
|move|p2a: Ho-Oh|Whirlwind||[still]
|-fail|p2a: Ho-Oh
|
|-heal|p1a: Necrozma|100/100 brn|[from] item: Leftovers
|-damage|p1a: Necrozma|94/100 brn|[from] brn
|upkeep
|turn|92
|
|t:|1645127922
|move|p1a: Necrozma|Sunsteel Strike|p2a: Ho-Oh
|-resisted|p2a: Ho-Oh
|-damage|p2a: Ho-Oh|16/100
|move|p2a: Ho-Oh|Whirlwind||[still]
|-fail|p2a: Ho-Oh
|
|-heal|p1a: Necrozma|100/100 brn|[from] item: Leftovers
|-damage|p1a: Necrozma|94/100 brn|[from] brn
|upkeep
|turn|93
|
|t:|1645127924
|move|p1a: Necrozma|Sunsteel Strike|p2a: Ho-Oh
|-resisted|p2a: Ho-Oh
|-damage|p2a: Ho-Oh|0 fnt
|faint|p2a: Ho-Oh
|
|win|Ballfire
