|inactive|Battle timer is ON: inactive players will automatically lose when time's up.
|t:|1666210327
|gametype|singles
|player|p1|RichardMillePlain|169|
|player|p2|ILoveMashing❤|waitress|
|teamsize|p1|6
|teamsize|p2|6
|gen|8
|tier|[Gen 8] Ubers
|rule|Sleep Clause Mod: Limit one foe put to sleep
|rule|Species Clause: Limit one of each Pokémon
|rule|OHKO Clause: OHKO moves are banned
|rule|Evasion Items Clause: Evasion items are banned
|rule|Evasion Moves Clause: Evasion moves are banned
|rule|Endless Battle Clause: Forcing endless battles is banned
|rule|HP Percentage Mod: HP is shown in percentages
|rule|Dynamax Clause: You cannot dynamax
|clearpoke
|poke|p1|Zygarde|
|poke|p1|Ferrothorn, F|
|poke|p1|Yveltal|
|poke|p1|Calyrex-Shadow|
|poke|p1|Eternatus|
|poke|p1|Necrozma-Dusk-Mane|
|poke|p2|Ferrothorn, F|
|poke|p2|Xerneas-*|
|poke|p2|Ho-Oh|
|poke|p2|Yveltal|
|poke|p2|Eternatus|
|poke|p2|Necrozma-Dusk-Mane|
|teampreview
|c|☆RichardMillePlain|hf
|c|☆ILoveMashing❤|hf
|inactive|ILoveMashing❤ has 270 seconds left.
|inactive|RichardMillePlain has 270 seconds left.
|inactive|ILoveMashing❤ has 240 seconds left.
|c|+Inder|who won g1 ?
|c|☆ILoveMashing❤|i did
|c|+edgar|The goat
|c|+Inder|ALLEZ RICHARD
|
|t:|1666210408
|start
|switch|p1a: Calyrex|Calyrex-Shadow|100/100
|switch|p2a: Ho-Oh|Ho-Oh|100/100
|-ability|p1a: Calyrex|As One
|-ability|p1a: Calyrex|Unnerve
|turn|1
|
|t:|1666210417
|switch|p1a: Eternatus|Eternatus|100/100
|-ability|p1a: Eternatus|Pressure
|move|p2a: Ho-Oh|Sacred Fire|p1a: Eternatus
|-resisted|p1a: Eternatus
|-damage|p1a: Eternatus|82/100
|
|upkeep
|turn|2
|
|t:|1666210425
|switch|p1a: Zygarde|Zygarde|100/100
|switch|p2a: Necrozma|Necrozma-Dusk-Mane|100/100
|
|upkeep
|turn|3
|
|t:|1666210431
|switch|p1a: Ferrothorn|Ferrothorn, F|100/100
|switch|p2a: Xerneas|Xerneas|100/100
|-ability|p2a: Xerneas|Fairy Aura
|
|upkeep
|turn|4
|
|t:|1666210435
|switch|p2a: Ho-Oh|Ho-Oh|100/100
|switch|p1a: Yveltal|Yveltal|100/100
|-ability|p1a: Yveltal|Dark Aura
|
|upkeep
|turn|5
|
|t:|1666210457
|switch|p2a: Xerneas|Xerneas|100/100
|-ability|p2a: Xerneas|Fairy Aura
|move|p1a: Yveltal|Knock Off|p2a: Xerneas
|-resisted|p2a: Xerneas
|-damage|p2a: Xerneas|84/100
|-enditem|p2a: Xerneas|Power Herb|[from] move: Knock Off|[of] p1a: Yveltal
|
|upkeep
|turn|6
|
|t:|1666210472
|switch|p2a: Ho-Oh|Ho-Oh|100/100
|move|p1a: Yveltal|Knock Off|p2a: Ho-Oh
|-damage|p2a: Ho-Oh|46/100
|-enditem|p2a: Ho-Oh|Heavy-Duty Boots|[from] move: Knock Off|[of] p1a: Yveltal
|
|upkeep
|turn|7
|
|t:|1666210484
|switch|p2a: Xerneas|Xerneas|84/100
|-ability|p2a: Xerneas|Fairy Aura
|switch|p1a: Eternatus|Eternatus|82/100
|-ability|p1a: Eternatus|Pressure
|
|upkeep
|turn|8
|
|t:|1666210489
|switch|p2a: Ho-Oh|Ho-Oh|80/100
|move|p1a: Eternatus|Sludge Bomb|p2a: Ho-Oh
|-damage|p2a: Ho-Oh|55/100
|
|upkeep
|turn|9
|
|t:|1666210499
|switch|p2a: Necrozma|Necrozma-Dusk-Mane|100/100
|move|p1a: Eternatus|Sludge Bomb|p2a: Necrozma
|-immune|p2a: Necrozma
|
|upkeep
|turn|10
|
|t:|1666210503
|switch|p1a: Necrozma|Necrozma-Dusk-Mane|100/100
|move|p2a: Necrozma|Knock Off|p1a: Necrozma
|-supereffective|p1a: Necrozma
|-damage|p1a: Necrozma|63/100
|-enditem|p1a: Necrozma|Leftovers|[from] move: Knock Off|[of] p2a: Necrozma
|
|upkeep
|turn|11
|
|t:|1666210511
|switch|p2a: Ho-Oh|Ho-Oh|88/100
|move|p1a: Necrozma|Thunder Wave|p2a: Ho-Oh
|-status|p2a: Ho-Oh|par
|
|upkeep
|turn|12
|
|t:|1666210516
|move|p1a: Necrozma|Stealth Rock|p2a: Ho-Oh
|-sidestart|p2: ILoveMashing❤|move: Stealth Rock
|move|p2a: Ho-Oh|Thunder Wave|p1a: Necrozma
|-status|p1a: Necrozma|par
|
|upkeep
|turn|13
|
|t:|1666210519
|switch|p1a: Zygarde|Zygarde|100/100
|move|p2a: Ho-Oh|Thunder Wave|p1a: Zygarde
|-immune|p1a: Zygarde
|
|upkeep
|turn|14
|
|t:|1666210539
|switch|p2a: Xerneas|Xerneas|84/100
|-damage|p2a: Xerneas|72/100|[from] Stealth Rock
|-ability|p2a: Xerneas|Fairy Aura
|move|p1a: Zygarde|Dragon Tail|p2a: Xerneas
|-immune|p2a: Xerneas
|
|upkeep
|turn|15
|
|t:|1666210548
|switch|p1a: Ferrothorn|Ferrothorn, F|100/100
|move|p2a: Xerneas|Moonblast|p1a: Ferrothorn
|-resisted|p1a: Ferrothorn
|-damage|p1a: Ferrothorn|77/100
|-unboost|p1a: Ferrothorn|spa|1
|
|-heal|p1a: Ferrothorn|84/100|[from] item: Leftovers
|upkeep
|turn|16
|
|t:|1666210562
|switch|p2a: Yveltal|Yveltal|100/100
|-ability|p2a: Yveltal|Dark Aura
|switch|p1a: Yveltal|Yveltal|100/100
|-ability|p1a: Yveltal|Dark Aura
|
|upkeep
|turn|17
|
|t:|1666210567
|move|p2a: Yveltal|Knock Off|p1a: Yveltal
|-resisted|p1a: Yveltal
|-damage|p1a: Yveltal|80/100
|-enditem|p1a: Yveltal|Heavy-Duty Boots|[from] move: Knock Off|[of] p2a: Yveltal
|move|p1a: Yveltal|Knock Off|p2a: Yveltal
|-resisted|p2a: Yveltal
|-damage|p2a: Yveltal|77/100
|-enditem|p2a: Yveltal|Heavy-Duty Boots|[from] move: Knock Off|[of] p1a: Yveltal
|
|upkeep
|turn|18
|
|t:|1666210572
|switch|p1a: Eternatus|Eternatus|82/100
|-ability|p1a: Eternatus|Pressure
|move|p2a: Yveltal|Defog|p1a: Eternatus
|-unboost|p1a: Eternatus|evasion|1
|-sideend|p2: ILoveMashing❤|Stealth Rock|[from] move: Defog|[of] p2a: Yveltal
|
|upkeep
|turn|19
|
|t:|1666210578
|switch|p2a: Ho-Oh|Ho-Oh|100/100 par
|move|p1a: Eternatus|Draco Meteor|p2a: Ho-Oh
|-damage|p2a: Ho-Oh|66/100 par
|-unboost|p1a: Eternatus|spa|2
|
|upkeep
|turn|20
|
|t:|1666210598
|switch|p1a: Yveltal|Yveltal|80/100
|-ability|p1a: Yveltal|Dark Aura
|move|p2a: Ho-Oh|Brave Bird|p1a: Yveltal
|-damage|p1a: Yveltal|32/100
|-damage|p2a: Ho-Oh|49/100 par|[from] Recoil
|
|upkeep
|turn|21
|
|t:|1666210605
|move|p1a: Yveltal|Roost|p1a: Yveltal
|-heal|p1a: Yveltal|82/100
|-singleturn|p1a: Yveltal|move: Roost
|move|p2a: Ho-Oh|Sacred Fire|p1a: Yveltal
|-damage|p1a: Yveltal|42/100
|-status|p1a: Yveltal|brn
|
|-damage|p1a: Yveltal|36/100 brn|[from] brn
|upkeep
|turn|22
|
|t:|1666210612
|move|p1a: Yveltal|Roost|p1a: Yveltal
|-heal|p1a: Yveltal|86/100 brn
|-singleturn|p1a: Yveltal|move: Roost
|move|p2a: Ho-Oh|Brave Bird|p1a: Yveltal
|-damage|p1a: Yveltal|42/100 brn
|-damage|p2a: Ho-Oh|33/100 par|[from] Recoil
|
|-damage|p1a: Yveltal|36/100 brn|[from] brn
|upkeep
|turn|23
|
|t:|1666210630
|switch|p2a: Eternatus|Eternatus|100/100
|-ability|p2a: Eternatus|Pressure
|move|p1a: Yveltal|Roost|p1a: Yveltal
|-heal|p1a: Yveltal|86/100 brn
|-singleturn|p1a: Yveltal|move: Roost
|
|-damage|p1a: Yveltal|80/100 brn|[from] brn
|upkeep
|turn|24
|
|t:|1666210636
|switch|p1a: Necrozma|Necrozma-Dusk-Mane|63/100 par
|move|p2a: Eternatus|Meteor Beam||[still]
|-prepare|p2a: Eternatus|Meteor Beam
|-boost|p2a: Eternatus|spa|1
|-enditem|p2a: Eternatus|Power Herb
|-anim|p2a: Eternatus|Meteor Beam|p1a: Necrozma
|-resisted|p1a: Necrozma
|-damage|p1a: Necrozma|45/100 par
|
|upkeep
|turn|25
|
|t:|1666210643
|switch|p1a: Calyrex|Calyrex-Shadow|100/100
|-ability|p1a: Calyrex|As One
|-ability|p1a: Calyrex|Unnerve
|move|p2a: Eternatus|Flamethrower|p1a: Calyrex
|-damage|p1a: Calyrex|56/100
|
|upkeep
|turn|26
|
|t:|1666210655
|move|p1a: Calyrex|Psyshock|p2a: Eternatus
|-supereffective|p2a: Eternatus
|-damage|p2a: Eternatus|0 fnt
|faint|p2a: Eternatus
|-ability|p1a: Calyrex|Grim Neigh|boost
|-boost|p1a: Calyrex|spa|1
|
|upkeep
|
|t:|1666210661
|switch|p2a: Yveltal|Yveltal|77/100
|-ability|p2a: Yveltal|Dark Aura
|turn|27
|
|t:|1666210663
|switch|p1a: Eternatus|Eternatus|82/100
|-ability|p1a: Eternatus|Pressure
|move|p2a: Yveltal|Roost|p2a: Yveltal
|-heal|p2a: Yveltal|100/100
|-singleturn|p2a: Yveltal|move: Roost
|
|upkeep
|turn|28
|
|t:|1666210673
|switch|p2a: Ho-Oh|Ho-Oh|66/100 par
|move|p1a: Eternatus|Sludge Bomb|p2a: Ho-Oh
|-damage|p2a: Ho-Oh|42/100 par
|
|upkeep
|turn|29
|
|t:|1666210678
|switch|p1a: Yveltal|Yveltal|80/100 brn
|-ability|p1a: Yveltal|Dark Aura
|switch|p2a: Necrozma|Necrozma-Dusk-Mane|100/100
|
|-damage|p1a: Yveltal|74/100 brn|[from] brn
|upkeep
|turn|30
|
|t:|1666210683
|switch|p1a: Ferrothorn|Ferrothorn, F|84/100
|move|p2a: Necrozma|Stealth Rock|p1a: Ferrothorn
|-sidestart|p1: RichardMillePlain|move: Stealth Rock
|
|-heal|p1a: Ferrothorn|90/100|[from] item: Leftovers
|upkeep
|turn|31
|
|t:|1666210687
|move|p2a: Necrozma|Knock Off|p1a: Ferrothorn
|-damage|p1a: Ferrothorn|72/100
|-damage|p2a: Necrozma|88/100|[from] ability: Iron Barbs|[of] p1a: Ferrothorn
|-enditem|p1a: Ferrothorn|Leftovers|[from] move: Knock Off|[of] p2a: Necrozma
|move|p1a: Ferrothorn|Spikes|p2a: Necrozma
|-sidestart|p2: ILoveMashing❤|Spikes
|
|-heal|p2a: Necrozma|94/100|[from] item: Leftovers
|upkeep
|turn|32
|
|t:|1666210690
|switch|p2a: Ho-Oh|Ho-Oh|75/100 par
|move|p1a: Ferrothorn|Leech Seed|p2a: Ho-Oh
|-start|p2a: Ho-Oh|move: Leech Seed
|
|-damage|p2a: Ho-Oh|63/100 par|[from] Leech Seed|[of] p1a: Ferrothorn
|-heal|p1a: Ferrothorn|87/100|[silent]
|upkeep
|turn|33
|
|t:|1666210701
|switch|p2a: Yveltal|Yveltal|100/100
|-ability|p2a: Yveltal|Dark Aura
|switch|p1a: Yveltal|Yveltal|74/100 brn
|-damage|p1a: Yveltal|49/100 brn|[from] Stealth Rock
|-ability|p1a: Yveltal|Dark Aura
|
|-damage|p1a: Yveltal|42/100 brn|[from] brn
|upkeep
|turn|34
|
|t:|1666210704
|move|p2a: Yveltal|Foul Play|p1a: Yveltal
|-resisted|p1a: Yveltal
|-damage|p1a: Yveltal|21/100 brn
|move|p1a: Yveltal|Roost|p1a: Yveltal
|-heal|p1a: Yveltal|71/100 brn
|-singleturn|p1a: Yveltal|move: Roost
|
|-damage|p1a: Yveltal|65/100 brn|[from] brn
|upkeep
|turn|35
|
|t:|1666210708
|move|p2a: Yveltal|Foul Play|p1a: Yveltal
|-resisted|p1a: Yveltal
|-damage|p1a: Yveltal|45/100 brn
|move|p1a: Yveltal|Roost|p1a: Yveltal
|-heal|p1a: Yveltal|95/100 brn
|-singleturn|p1a: Yveltal|move: Roost
|
|-damage|p1a: Yveltal|89/100 brn|[from] brn
|upkeep
|turn|36
|
|t:|1666210713
|move|p2a: Yveltal|Foul Play|p1a: Yveltal
|-resisted|p1a: Yveltal
|-damage|p1a: Yveltal|66/100 brn
|move|p1a: Yveltal|Defog|p2a: Yveltal
|-unboost|p2a: Yveltal|evasion|1
|-sideend|p2: ILoveMashing❤|Spikes|[from] move: Defog|[of] p1a: Yveltal
|-sideend|p1: RichardMillePlain|Stealth Rock|[from] move: Defog|[of] p1a: Yveltal
|
|-damage|p1a: Yveltal|60/100 brn|[from] brn
|upkeep
|turn|37
|
|t:|1666210722
|switch|p1a: Eternatus|Eternatus|82/100
|-ability|p1a: Eternatus|Pressure
|move|p2a: Yveltal|Foul Play|p1a: Eternatus
|-damage|p1a: Eternatus|60/100
|
|upkeep
|turn|38
|
|t:|1666210728
|switch|p2a: Ho-Oh|Ho-Oh|96/100 par
|move|p1a: Eternatus|Recover|p1a: Eternatus
|-heal|p1a: Eternatus|100/100
|
|upkeep
|turn|39
|
|t:|1666210737
|switch|p1a: Yveltal|Yveltal|60/100 brn
|-ability|p1a: Yveltal|Dark Aura
|move|p2a: Ho-Oh|Brave Bird|p1a: Yveltal
|-damage|p1a: Yveltal|11/100 brn
|-damage|p2a: Ho-Oh|78/100 par|[from] Recoil
|
|-damage|p1a: Yveltal|5/100 brn|[from] brn
|upkeep
|turn|40
|
|t:|1666210744
|move|p1a: Yveltal|Roost|p1a: Yveltal
|-heal|p1a: Yveltal|55/100 brn
|-singleturn|p1a: Yveltal|move: Roost
|cant|p2a: Ho-Oh|par
|
|-damage|p1a: Yveltal|49/100 brn|[from] brn
|upkeep
|turn|41
|
|t:|1666210749
|move|p1a: Yveltal|Roost|p1a: Yveltal
|-heal|p1a: Yveltal|99/100 brn
|-singleturn|p1a: Yveltal|move: Roost
|move|p2a: Ho-Oh|Brave Bird|p1a: Yveltal
|-damage|p1a: Yveltal|51/100 brn
|-damage|p2a: Ho-Oh|61/100 par|[from] Recoil
|
|-damage|p1a: Yveltal|45/100 brn|[from] brn
|upkeep
|turn|42
|
|t:|1666210754
|move|p1a: Yveltal|Roost|p1a: Yveltal
|-heal|p1a: Yveltal|95/100 brn
|-singleturn|p1a: Yveltal|move: Roost
|cant|p2a: Ho-Oh|par
|
|-damage|p1a: Yveltal|89/100 brn|[from] brn
|upkeep
|turn|43
|
|t:|1666210763
|switch|p1a: Zygarde|Zygarde|100/100
|cant|p2a: Ho-Oh|par
|
|upkeep
|turn|44
|
|t:|1666210766
|switch|p2a: Xerneas|Xerneas|72/100
|-ability|p2a: Xerneas|Fairy Aura
|move|p1a: Zygarde|Substitute|p1a: Zygarde
|-start|p1a: Zygarde|Substitute
|-damage|p1a: Zygarde|76/100
|
|-heal|p1a: Zygarde|82/100|[from] item: Leftovers
|upkeep
|turn|45
|
|t:|1666210771
|move|p1a: Zygarde|Thousand Arrows|p2a: Xerneas
|-damage|p2a: Xerneas|48/100
|move|p2a: Xerneas|Moonblast|p1a: Zygarde
|-supereffective|p1a: Zygarde
|-end|p1a: Zygarde|Substitute
|
|-heal|p1a: Zygarde|88/100|[from] item: Leftovers
|upkeep
|turn|46
|
|t:|1666210776
|switch|p1a: Necrozma|Necrozma-Dusk-Mane|45/100 par
|move|p2a: Xerneas|Rest|p2a: Xerneas
|-status|p2a: Xerneas|slp|[from] move: Rest
|-heal|p2a: Xerneas|100/100 slp|[silent]
|
|upkeep
|turn|47
|
|t:|1666210783
|switch|p2a: Yveltal|Yveltal|100/100
|-ability|p2a: Yveltal|Dark Aura
|cant|p1a: Necrozma|par
|
|upkeep
|turn|48
|
|t:|1666210796
|switch|p1a: Ferrothorn|Ferrothorn, F|87/100
|move|p2a: Yveltal|Foul Play|p1a: Ferrothorn
|-damage|p1a: Ferrothorn|64/100
|-damage|p2a: Yveltal|88/100|[from] ability: Iron Barbs|[of] p1a: Ferrothorn
|
|upkeep
|turn|49
|
|t:|1666210807
|switch|p2a: Ho-Oh|Ho-Oh|94/100 par
|move|p1a: Ferrothorn|Leech Seed|p2a: Ho-Oh
|-start|p2a: Ho-Oh|move: Leech Seed
|
|-damage|p2a: Ho-Oh|82/100 par|[from] Leech Seed|[of] p1a: Ferrothorn
|-heal|p1a: Ferrothorn|79/100|[silent]
|upkeep
|turn|50
|
|t:|1666210819
|switch|p2a: Ferrothorn|Ferrothorn, F|100/100
|switch|p1a: Eternatus|Eternatus|100/100
|-ability|p1a: Eternatus|Pressure
|
|upkeep
|turn|51
|
|t:|1666210825
|switch|p2a: Ho-Oh|Ho-Oh|100/100 par
|move|p1a: Eternatus|Flamethrower|p2a: Ho-Oh
|-resisted|p2a: Ho-Oh
|-damage|p2a: Ho-Oh|92/100 par
|
|upkeep
|turn|52
|
|t:|1666210830
|move|p1a: Eternatus|Draco Meteor|p2a: Ho-Oh|[miss]
|-miss|p1a: Eternatus|p2a: Ho-Oh
|move|p2a: Ho-Oh|Brave Bird|p1a: Eternatus
|-damage|p1a: Eternatus|56/100
|-damage|p2a: Ho-Oh|76/100 par|[from] Recoil
|
|upkeep
|turn|53
|
|t:|1666210835
|move|p1a: Eternatus|Recover|p1a: Eternatus
|-heal|p1a: Eternatus|100/100
|move|p2a: Ho-Oh|Thunder Wave|p1a: Eternatus
|-status|p1a: Eternatus|par
|
|upkeep
|turn|54
|
|t:|1666210850
|switch|p1a: Yveltal|Yveltal|89/100 brn
|-ability|p1a: Yveltal|Dark Aura
|move|p2a: Ho-Oh|Brave Bird|p1a: Yveltal
|-damage|p1a: Yveltal|44/100 brn
|-damage|p2a: Ho-Oh|59/100 par|[from] Recoil
|
|-damage|p1a: Yveltal|37/100 brn|[from] brn
|upkeep
|turn|55
|
|t:|1666210858
|move|p1a: Yveltal|Roost|p1a: Yveltal
|-heal|p1a: Yveltal|87/100 brn
|-singleturn|p1a: Yveltal|move: Roost
|move|p2a: Ho-Oh|Brave Bird|p1a: Yveltal
|-damage|p1a: Yveltal|38/100 brn
|-damage|p2a: Ho-Oh|42/100 par|[from] Recoil
|
|-damage|p1a: Yveltal|32/100 brn|[from] brn
|upkeep
|turn|56
|
|t:|1666210885
|move|p1a: Yveltal|Roost|p1a: Yveltal
|-heal|p1a: Yveltal|82/100 brn
|-singleturn|p1a: Yveltal|move: Roost
|move|p2a: Ho-Oh|Brave Bird|p1a: Yveltal
|-damage|p1a: Yveltal|37/100 brn
|-damage|p2a: Ho-Oh|26/100 par|[from] Recoil
|
|-damage|p1a: Yveltal|31/100 brn|[from] brn
|upkeep
|turn|57
|
|t:|1666210899
|switch|p2a: Ferrothorn|Ferrothorn, F|100/100
|move|p1a: Yveltal|Roost|p1a: Yveltal
|-heal|p1a: Yveltal|81/100 brn
|-singleturn|p1a: Yveltal|move: Roost
|
|-damage|p1a: Yveltal|75/100 brn|[from] brn
|upkeep
|turn|58
|
|t:|1666210904
|switch|p1a: Calyrex|Calyrex-Shadow|56/100
|-ability|p1a: Calyrex|As One
|-ability|p1a: Calyrex|Unnerve
|move|p2a: Ferrothorn|Spikes|p1a: Calyrex
|-sidestart|p1: RichardMillePlain|Spikes
|
|upkeep
|turn|59
|
|t:|1666210907
|switch|p2a: Yveltal|Yveltal|88/100
|-ability|p2a: Yveltal|Dark Aura
|move|p1a: Calyrex|Aromatherapy|p1a: Calyrex
|-activate|p1a: Calyrex|move: Aromatherapy
|-curestatus|p1: Eternatus|par|[msg]
|-curestatus|p1: Necrozma|par|[msg]
|-curestatus|p1: Yveltal|brn|[msg]
|
|upkeep
|turn|60
|
|t:|1666210922
|switch|p1a: Yveltal|Yveltal|75/100
|-ability|p1a: Yveltal|Dark Aura
|switch|p2a: Ho-Oh|Ho-Oh|59/100 par
|
|upkeep
|turn|61
|
|t:|1666210935
|move|p1a: Yveltal|Sucker Punch|p2a: Ho-Oh
|-damage|p2a: Ho-Oh|21/100 par
|move|p2a: Ho-Oh|Sacred Fire|p1a: Yveltal
|-damage|p1a: Yveltal|38/100
|-status|p1a: Yveltal|brn
|
|-damage|p1a: Yveltal|32/100 brn|[from] brn
|upkeep
|turn|62
|
|t:|1666210941
|switch|p2a: Yveltal|Yveltal|88/100
|-ability|p2a: Yveltal|Dark Aura
|move|p1a: Yveltal|Roost|p1a: Yveltal
|-heal|p1a: Yveltal|82/100 brn
|-singleturn|p1a: Yveltal|move: Roost
|
|-damage|p1a: Yveltal|76/100 brn|[from] brn
|upkeep
|turn|63
|
|t:|1666210949
|switch|p2a: Ho-Oh|Ho-Oh|54/100 par
|move|p1a: Yveltal|Defog|p2a: Ho-Oh
|-unboost|p2a: Ho-Oh|evasion|1
|-sideend|p1: RichardMillePlain|Spikes|[from] move: Defog|[of] p1a: Yveltal
|
|-damage|p1a: Yveltal|70/100 brn|[from] brn
|upkeep
|turn|64
|
|t:|1666210961
|switch|p1a: Zygarde|Zygarde|88/100
|move|p2a: Ho-Oh|Sacred Fire|p1a: Zygarde
|-resisted|p1a: Zygarde
|-damage|p1a: Zygarde|69/100
|-status|p1a: Zygarde|brn
|
|-heal|p1a: Zygarde|75/100 brn|[from] item: Leftovers
|-damage|p1a: Zygarde|69/100 brn|[from] brn
|upkeep
|turn|65
|
|t:|1666210968
|switch|p2a: Yveltal|Yveltal|88/100
|-ability|p2a: Yveltal|Dark Aura
|move|p1a: Zygarde|Thousand Arrows|p2a: Yveltal
|-damage|p2a: Yveltal|72/100
|-start|p2a: Yveltal|Smack Down
|
|-heal|p1a: Zygarde|75/100 brn|[from] item: Leftovers
|-damage|p1a: Zygarde|69/100 brn|[from] brn
|upkeep
|turn|66
|
|t:|1666210985
|switch|p1a: Eternatus|Eternatus|100/100
|-ability|p1a: Eternatus|Pressure
|move|p2a: Yveltal|Foul Play|p1a: Eternatus
|-damage|p1a: Eternatus|78/100
|
|upkeep
|turn|67
|
|t:|1666210991
|switch|p1a: Calyrex|Calyrex-Shadow|56/100
|-ability|p1a: Calyrex|As One
|-ability|p1a: Calyrex|Unnerve
|switch|p2a: Necrozma|Necrozma-Dusk-Mane|94/100
|
|-heal|p2a: Necrozma|99/100|[from] item: Leftovers
|upkeep
|turn|68
|
|t:|1666210994
|move|p1a: Calyrex|Astral Barrage|p2a: Necrozma
|-supereffective|p2a: Necrozma
|-damage|p2a: Necrozma|8/100
|move|p2a: Necrozma|Knock Off|p1a: Calyrex
|-supereffective|p1a: Calyrex
|-damage|p1a: Calyrex|0 fnt
|-enditem|p1a: Calyrex|Choice Specs|[from] move: Knock Off|[of] p2a: Necrozma
|faint|p1a: Calyrex
|
|-heal|p2a: Necrozma|14/100|[from] item: Leftovers
|upkeep
|
|t:|1666210997
|switch|p1a: Eternatus|Eternatus|78/100
|-ability|p1a: Eternatus|Pressure
|turn|69
|
|t:|1666211007
|switch|p2a: Ho-Oh|Ho-Oh|87/100 par
|move|p1a: Eternatus|Flamethrower|p2a: Ho-Oh
|-resisted|p2a: Ho-Oh
|-damage|p2a: Ho-Oh|80/100 par
|
|upkeep
|turn|70
|
|t:|1666211030
|switch|p1a: Zygarde|Zygarde|69/100 brn
|move|p2a: Ho-Oh|Thunder Wave|p1a: Zygarde
|-immune|p1a: Zygarde
|
|-heal|p1a: Zygarde|75/100 brn|[from] item: Leftovers
|-damage|p1a: Zygarde|69/100 brn|[from] brn
|upkeep
|turn|71
|
|t:|1666211035
|switch|p2a: Ferrothorn|Ferrothorn, F|100/100
|move|p1a: Zygarde|Dragon Dance|p1a: Zygarde
|-boost|p1a: Zygarde|atk|1
|-boost|p1a: Zygarde|spe|1
|
|-heal|p1a: Zygarde|75/100 brn|[from] item: Leftovers
|-damage|p1a: Zygarde|69/100 brn|[from] brn
|upkeep
|turn|72
|
|t:|1666211040
|switch|p1a: Necrozma|Necrozma-Dusk-Mane|45/100
|move|p2a: Ferrothorn|Spikes|p1a: Necrozma
|-sidestart|p1: RichardMillePlain|Spikes
|
|upkeep
|turn|73
|
|t:|1666211048
|move|p1a: Necrozma|Moonlight|p1a: Necrozma
|-heal|p1a: Necrozma|95/100
|move|p2a: Ferrothorn|Spikes|p1a: Necrozma
|-sidestart|p1: RichardMillePlain|Spikes
|
|upkeep
|turn|74
|
|t:|1666211059
|switch|p2a: Ho-Oh|Ho-Oh|100/100 par
|move|p1a: Necrozma|Stealth Rock|p2a: Ho-Oh
|-sidestart|p2: ILoveMashing❤|move: Stealth Rock
|
|upkeep
|turn|75
|
|t:|1666211064
|switch|p1a: Yveltal|Yveltal|70/100 brn
|-ability|p1a: Yveltal|Dark Aura
|move|p2a: Ho-Oh|Brave Bird|p1a: Yveltal
|-damage|p1a: Yveltal|20/100 brn
|-damage|p2a: Ho-Oh|83/100 par|[from] Recoil
|
|-damage|p1a: Yveltal|14/100 brn|[from] brn
|upkeep
|turn|76
|
|t:|1666211069
|move|p1a: Yveltal|Roost|p1a: Yveltal
|-heal|p1a: Yveltal|64/100 brn
|-singleturn|p1a: Yveltal|move: Roost
|cant|p2a: Ho-Oh|par
|
|-damage|p1a: Yveltal|58/100 brn|[from] brn
|upkeep
|turn|77
|
|t:|1666211074
|switch|p1a: Zygarde|Zygarde|69/100 brn
|-damage|p1a: Zygarde|52/100 brn|[from] Spikes
|move|p2a: Ho-Oh|Brave Bird|p1a: Zygarde
|-damage|p1a: Zygarde|6/100 brn
|-damage|p2a: Ho-Oh|69/100 par|[from] Recoil
|
|-heal|p1a: Zygarde|12/100 brn|[from] item: Leftovers
|-damage|p1a: Zygarde|6/100 brn|[from] brn
|-activate|p1a: Zygarde|ability: Power Construct
|detailschange|p1a: Zygarde|Zygarde-Complete
|-heal|p1a: Zygarde|41/100 brn|[silent]
|upkeep
|turn|78
|
|t:|1666211087
|move|p1a: Zygarde|Thousand Arrows|p2a: Ho-Oh
|-damage|p2a: Ho-Oh|53/100 par
|-start|p2a: Ho-Oh|Smack Down
|move|p2a: Ho-Oh|Whirlwind|p1a: Zygarde
|drag|p1a: Necrozma|Necrozma-Dusk-Mane|95/100
|-damage|p1a: Necrozma|78/100|[from] Spikes
|
|upkeep
|turn|79
|
|t:|1666211096
|switch|p1a: Eternatus|Eternatus|78/100
|-ability|p1a: Eternatus|Pressure
|move|p2a: Ho-Oh|Thunder Wave|p1a: Eternatus
|-status|p1a: Eternatus|par
|
|upkeep
|turn|80
|inactive|ILoveMashing❤ has 270 seconds left.
|
|t:|1666211133
|move|p1a: Eternatus|Sludge Bomb|p2a: Ho-Oh
|-damage|p2a: Ho-Oh|32/100 par
|move|p2a: Ho-Oh|Whirlwind|p1a: Eternatus
|drag|p1a: Yveltal|Yveltal|58/100 brn
|-ability|p1a: Yveltal|Dark Aura
|
|-damage|p1a: Yveltal|51/100 brn|[from] brn
|upkeep
|turn|81
|inactive|ILoveMashing❤ has 270 seconds left.
|
|t:|1666211139
|switch|p1a: Necrozma|Necrozma-Dusk-Mane|78/100
|-damage|p1a: Necrozma|62/100|[from] Spikes
|switch|p2a: Xerneas|Xerneas|100/100 slp
|-damage|p2a: Xerneas|88/100 slp|[from] Stealth Rock
|-ability|p2a: Xerneas|Fairy Aura
|
|upkeep
|turn|82
|
|t:|1666211144
|switch|p2a: Ferrothorn|Ferrothorn, F|100/100
|-damage|p2a: Ferrothorn|94/100|[from] Stealth Rock
|switch|p1a: Eternatus|Eternatus|78/100 par
|-ability|p1a: Eternatus|Pressure
|
|-heal|p2a: Ferrothorn|100/100|[from] item: Leftovers
|upkeep
|turn|83
|inactive|ILoveMashing❤ has 270 seconds left.
|inactive|ILoveMashing❤ has 240 seconds left.
|inactive|ILoveMashing❤ has 210 seconds left.
|inactive|ILoveMashing❤ has 180 seconds left.
|
|t:|1666211264
|switch|p2a: Xerneas|Xerneas|88/100 slp
|-damage|p2a: Xerneas|75/100 slp|[from] Stealth Rock
|-ability|p2a: Xerneas|Fairy Aura
|cant|p1a: Eternatus|par
|
|upkeep
|turn|84
|
|t:|1666211271
|cant|p2a: Xerneas|slp
|move|p2a: Xerneas|Sleep Talk|p2a: Xerneas
|move|p2a: Xerneas|Rest||[from]move: Sleep Talk|[still]
|-fail|p2a: Xerneas
|cant|p1a: Eternatus|par
|
|upkeep
|turn|85
|inactive|ILoveMashing❤ has 180 seconds left.
|
|t:|1666211293
|cant|p2a: Xerneas|slp
|move|p2a: Xerneas|Sleep Talk|p2a: Xerneas
|move|p2a: Xerneas|Rest||[from]move: Sleep Talk|[still]
|-fail|p2a: Xerneas
|cant|p1a: Eternatus|par
|
|upkeep
|turn|86
|c|☆RichardMillePlain|damn
|
|t:|1666211301
|-curestatus|p2a: Xerneas|slp|[msg]
|move|p2a: Xerneas|Moonblast|p1a: Eternatus
|-damage|p1a: Eternatus|46/100 par
|-unboost|p1a: Eternatus|spa|1
|cant|p1a: Eternatus|par
|
|upkeep
|turn|87
|
|t:|1666211310
|move|p2a: Xerneas|Moonblast|p1a: Eternatus
|-damage|p1a: Eternatus|14/100 par
|-unboost|p1a: Eternatus|spa|1
|move|p1a: Eternatus|Recover|p1a: Eternatus
|-heal|p1a: Eternatus|64/100 par
|
|upkeep
|turn|88
|inactive|ILoveMashing❤ has 180 seconds left.
|
|t:|1666211315
|switch|p1a: Necrozma|Necrozma-Dusk-Mane|62/100
|-damage|p1a: Necrozma|45/100|[from] Spikes
|move|p2a: Xerneas|Moonblast|p1a: Necrozma
|-resisted|p1a: Necrozma
|-damage|p1a: Necrozma|28/100
|
|upkeep
|turn|89
|inactive|ILoveMashing❤ has 180 seconds left.
|
|t:|1666211328
|switch|p2a: Ferrothorn|Ferrothorn, F|100/100
|-damage|p2a: Ferrothorn|94/100|[from] Stealth Rock
|move|p1a: Necrozma|Moonlight|p1a: Necrozma
|-heal|p1a: Necrozma|78/100
|
|-heal|p2a: Ferrothorn|100/100|[from] item: Leftovers
|upkeep
|turn|90
|
|t:|1666211336
|move|p1a: Necrozma|Thunder Wave|p2a: Ferrothorn
|-status|p2a: Ferrothorn|par
|cant|p2a: Ferrothorn|par
|
|upkeep
|turn|91
|
|t:|1666211342
|switch|p1a: Eternatus|Eternatus|64/100 par
|-ability|p1a: Eternatus|Pressure
|move|p2a: Ferrothorn|Leech Seed|p1a: Eternatus
|-start|p1a: Eternatus|move: Leech Seed
|
|-damage|p1a: Eternatus|52/100 par|[from] Leech Seed|[of] p2a: Ferrothorn
|upkeep
|turn|92
|c|+Inder|Allez allez richard 
|
|t:|1666211349
|switch|p1a: Ferrothorn|Ferrothorn, F|79/100
|-damage|p1a: Ferrothorn|62/100|[from] Spikes
|switch|p2a: Xerneas|Xerneas|75/100
|-damage|p2a: Xerneas|63/100|[from] Stealth Rock
|-ability|p2a: Xerneas|Fairy Aura
|
|upkeep
|turn|93
|
|t:|1666211356
|switch|p2a: Ferrothorn|Ferrothorn, F|100/100 par
|-damage|p2a: Ferrothorn|94/100 par|[from] Stealth Rock
|move|p1a: Ferrothorn|Leech Seed|p2a: Ferrothorn
|-immune|p2a: Ferrothorn
|
|-heal|p2a: Ferrothorn|100/100 par|[from] item: Leftovers
|upkeep
|turn|94
|
|t:|1666211359
|move|p1a: Ferrothorn|Iron Defense|p1a: Ferrothorn
|-boost|p1a: Ferrothorn|def|2
|move|p2a: Ferrothorn|Iron Defense|p2a: Ferrothorn
|-boost|p2a: Ferrothorn|def|2
|
|upkeep
|turn|95
|
|t:|1666211363
|move|p1a: Ferrothorn|Iron Defense|p1a: Ferrothorn
|-boost|p1a: Ferrothorn|def|2
|cant|p2a: Ferrothorn|par
|
|upkeep
|turn|96
|
|t:|1666211366
|move|p1a: Ferrothorn|Body Press|p2a: Ferrothorn
|-supereffective|p2a: Ferrothorn
|-damage|p2a: Ferrothorn|50/100 par
|-damage|p1a: Ferrothorn|50/100|[from] ability: Iron Barbs|[of] p2a: Ferrothorn
|move|p2a: Ferrothorn|Iron Defense|p2a: Ferrothorn
|-boost|p2a: Ferrothorn|def|2
|
|-heal|p2a: Ferrothorn|57/100 par|[from] item: Leftovers
|upkeep
|turn|97
|inactive|ILoveMashing❤ has 240 seconds left.
|
|t:|1666211372
|move|p1a: Ferrothorn|Body Press|p2a: Ferrothorn
|-supereffective|p2a: Ferrothorn
|-damage|p2a: Ferrothorn|22/100 par
|-damage|p1a: Ferrothorn|37/100|[from] ability: Iron Barbs|[of] p2a: Ferrothorn
|cant|p2a: Ferrothorn|par
|
|-heal|p2a: Ferrothorn|28/100 par|[from] item: Leftovers
|upkeep
|turn|98
|inactive|ILoveMashing❤ has 240 seconds left.
|
|t:|1666211384
|move|p1a: Ferrothorn|Body Press|p2a: Ferrothorn
|-supereffective|p2a: Ferrothorn
|-damage|p2a: Ferrothorn|0 fnt
|-damage|p1a: Ferrothorn|25/100|[from] ability: Iron Barbs|[of] p2a: Ferrothorn
|faint|p2a: Ferrothorn
|
|upkeep
|inactive|ILoveMashing❤ has 240 seconds left.
|inactive|ILoveMashing❤ has 210 seconds left.
|
|t:|1666211423
|switch|p2a: Ho-Oh|Ho-Oh|65/100 par
|-damage|p2a: Ho-Oh|15/100 par|[from] Stealth Rock
|turn|99
|
|t:|1666211428
|move|p2a: Ho-Oh|Sacred Fire|p1a: Ferrothorn
|-supereffective|p1a: Ferrothorn
|-damage|p1a: Ferrothorn|0 fnt
|faint|p1a: Ferrothorn
|
|upkeep
|
|t:|1666211447
|switch|p1a: Zygarde|Zygarde-Complete|41/100 brn
|-damage|p1a: Zygarde|25/100 brn|[from] Spikes
|turn|100
|
|t:|1666211455
|switch|p2a: Xerneas|Xerneas|63/100
|-damage|p2a: Xerneas|50/100|[from] Stealth Rock
|-ability|p2a: Xerneas|Fairy Aura
|move|p1a: Zygarde|Dragon Tail|p2a: Xerneas
|-immune|p2a: Xerneas
|
|-heal|p1a: Zygarde|31/100 brn|[from] item: Leftovers
|-damage|p1a: Zygarde|25/100 brn|[from] brn
|upkeep
|turn|101
|
|t:|1666211471
|move|p2a: Xerneas|Moonblast|p1a: Zygarde
|-supereffective|p1a: Zygarde
|-damage|p1a: Zygarde|0 fnt
|faint|p1a: Zygarde
|
|upkeep
|
|t:|1666211472
|switch|p1a: Necrozma|Necrozma-Dusk-Mane|78/100
|-damage|p1a: Necrozma|61/100|[from] Spikes
|turn|102
|
|t:|1666211485
|move|p2a: Xerneas|Moonblast|p1a: Necrozma
|-resisted|p1a: Necrozma
|-damage|p1a: Necrozma|43/100
|move|p1a: Necrozma|Thunder Wave|p2a: Xerneas
|-status|p2a: Xerneas|par
|
|upkeep
|turn|103
|
|t:|1666211491
|move|p1a: Necrozma|Thunder Wave|p2a: Xerneas
|-fail|p2a: Xerneas|par
|move|p2a: Xerneas|Moonblast|p1a: Necrozma
|-resisted|p1a: Necrozma
|-damage|p1a: Necrozma|24/100
|
|upkeep
|turn|104
|
|t:|1666211496
|move|p1a: Necrozma|Moonlight|p1a: Necrozma
|-heal|p1a: Necrozma|74/100
|move|p2a: Xerneas|Moonblast|p1a: Necrozma
|-resisted|p1a: Necrozma
|-damage|p1a: Necrozma|55/100
|
|upkeep
|turn|105
|
|t:|1666211501
|move|p1a: Necrozma|Moonlight|p1a: Necrozma
|-heal|p1a: Necrozma|100/100
|cant|p2a: Xerneas|par
|
|upkeep
|turn|106
|
|t:|1666211506
|move|p1a: Necrozma|Iron Head|p2a: Xerneas
|-supereffective|p2a: Xerneas
|-damage|p2a: Xerneas|0 fnt
|faint|p2a: Xerneas
|
|upkeep
|
|t:|1666211509
|switch|p2a: Yveltal|Yveltal|72/100
|-damage|p2a: Yveltal|47/100|[from] Stealth Rock
|-ability|p2a: Yveltal|Dark Aura
|turn|107
|
|t:|1666211515
|move|p2a: Yveltal|Roost|p2a: Yveltal
|-heal|p2a: Yveltal|97/100
|-singleturn|p2a: Yveltal|move: Roost
|move|p1a: Necrozma|Thunder Wave|p2a: Yveltal|[miss]
|-miss|p1a: Necrozma|p2a: Yveltal
|
|upkeep
|turn|108
|
|t:|1666211518
|move|p2a: Yveltal|Foul Play|p1a: Necrozma
|-supereffective|p1a: Necrozma
|-damage|p1a: Necrozma|39/100
|move|p1a: Necrozma|Thunder Wave|p2a: Yveltal
|-status|p2a: Yveltal|par
|
|upkeep
|turn|109
|
|t:|1666211520
|move|p1a: Necrozma|Moonlight|p1a: Necrozma
|-heal|p1a: Necrozma|89/100
|cant|p2a: Yveltal|par
|
|upkeep
|turn|110
|
|t:|1666211526
|move|p1a: Necrozma|Iron Head|p2a: Yveltal
|-damage|p2a: Yveltal|64/100 par
|cant|p2a: Yveltal|par
|
|upkeep
|turn|111
|
|t:|1666211530
|move|p1a: Necrozma|Iron Head|p2a: Yveltal
|-damage|p2a: Yveltal|32/100 par
|move|p2a: Yveltal|Defog|p1a: Necrozma
|-unboost|p1a: Necrozma|evasion|1
|-sideend|p1: RichardMillePlain|Spikes|[from] move: Defog|[of] p2a: Yveltal
|-sideend|p2: ILoveMashing❤|Stealth Rock|[from] move: Defog|[of] p2a: Yveltal
|
|upkeep
|turn|112
|
|t:|1666211544
|switch|p2a: Ho-Oh|Ho-Oh|48/100 par
|move|p1a: Necrozma|Stealth Rock|p2a: Ho-Oh
|-sidestart|p2: ILoveMashing❤|move: Stealth Rock
|
|upkeep
|turn|113
|
|t:|1666211557
|switch|p1a: Yveltal|Yveltal|51/100 brn
|-ability|p1a: Yveltal|Dark Aura
|cant|p2a: Ho-Oh|par
|
|-damage|p1a: Yveltal|45/100 brn|[from] brn
|upkeep
|turn|114
|c|+Inder|what
|
|t:|1666211568
|move|p1a: Yveltal|Knock Off|p2a: Ho-Oh
|-damage|p2a: Ho-Oh|32/100 par
|cant|p2a: Ho-Oh|par
|
|-damage|p1a: Yveltal|39/100 brn|[from] brn
|upkeep
|turn|115
|
|t:|1666211579
|move|p1a: Yveltal|Knock Off|p2a: Ho-Oh
|-damage|p2a: Ho-Oh|15/100 par
|move|p2a: Ho-Oh|Sacred Fire|p1a: Yveltal
|-damage|p1a: Yveltal|0 fnt
|faint|p1a: Yveltal
|
|upkeep
|
|t:|1666211584
|switch|p1a: Necrozma|Necrozma-Dusk-Mane|89/100
|turn|116
|
|t:|1666211600
|move|p1a: Necrozma|Iron Head|p2a: Ho-Oh
|-resisted|p2a: Ho-Oh
|-damage|p2a: Ho-Oh|0 fnt
|faint|p2a: Ho-Oh
|
|upkeep
|
|t:|1666211606
|switch|p2a: Necrozma|Necrozma-Dusk-Mane|14/100
|-damage|p2a: Necrozma|8/100|[from] Stealth Rock
|turn|117
|
|t:|1666211609
|move|p1a: Necrozma|Iron Head|p2a: Necrozma
|-resisted|p2a: Necrozma
|-damage|p2a: Necrozma|0 fnt
|faint|p2a: Necrozma
|
|upkeep
|
|t:|1666211612
|switch|p2a: Yveltal|Yveltal|32/100 par
|-damage|p2a: Yveltal|7/100 par|[from] Stealth Rock
|-ability|p2a: Yveltal|Dark Aura
|turn|118
|
|t:|1666211615
|move|p1a: Necrozma|Iron Head|p2a: Yveltal
|-damage|p2a: Yveltal|0 fnt
|faint|p2a: Yveltal
|
|win|RichardMillePlain
