|inactive|Battle timer is ON: inactive players will automatically lose when time's up.
|t:|1666533656
|gametype|singles
|player|p1|Shooriken|scientist-gen4|
|player|p2|ox04|red-gen7|
|teamsize|p1|6
|teamsize|p2|6
|gen|8
|tier|[Gen 8] Ubers
|rule|Sleep Clause Mod: Limit one foe put to sleep
|rule|Species Clause: Limit one of each Pokémon
|rule|OHKO Clause: OHKO moves are banned
|rule|Evasion Items Clause: Evasion items are banned
|rule|Evasion Moves Clause: Evasion moves are banned
|rule|Endless Battle Clause: Forcing endless battles is banned
|rule|HP Percentage Mod: HP is shown in percentages
|rule|Dynamax Clause: You cannot dynamax
|clearpoke
|poke|p1|Marshadow|
|poke|p1|Eternatus|
|poke|p1|Yveltal|
|poke|p1|Necrozma-Dusk-Mane|
|poke|p1|Kyogre|
|poke|p1|Groudon|
|poke|p2|Rayquaza|
|poke|p2|Yveltal|
|poke|p2|Emolga, M|
|poke|p2|Eternatus|
|poke|p2|Ho-Oh|
|poke|p2|Genesect|
|teampreview
|c|☆ox04|glhf
|c|☆Shooriken|Hf
|inactive|Shooriken has 270 seconds left.
|inactive|ox04 has 270 seconds left.
|inactive|Shooriken has 240 seconds left.
|inactive|ox04 has 240 seconds left.
|inactive|Shooriken has 210 seconds left.
|c|+TheSergio235|Perdemos
|
|t:|1666533761
|start
|switch|p1a: Eternatus|Eternatus|100/100
|switch|p2a: Genesect|Genesect, shiny|100/100
|-ability|p2a: Genesect|Download|boost
|-boost|p2a: Genesect|atk|1
|-ability|p1a: Eternatus|Pressure
|turn|1
|
|t:|1666533770
|move|p2a: Genesect|U-turn|p1a: Eternatus
|-resisted|p1a: Eternatus
|-damage|p1a: Eternatus|82/100
|
|t:|1666533779
|switch|p2a: Ho-Oh|Ho-Oh|100/100|[from]move: U-turn
|move|p1a: Eternatus|Flamethrower|p2a: Ho-Oh
|-resisted|p2a: Ho-Oh
|-damage|p2a: Ho-Oh|93/100
|
|upkeep
|turn|2
|
|t:|1666533783
|move|p1a: Eternatus|Toxic|p2a: Ho-Oh
|-status|p2a: Ho-Oh|tox
|move|p2a: Ho-Oh|Thunder Wave|p1a: Eternatus
|-status|p1a: Eternatus|par
|
|-damage|p2a: Ho-Oh|87/100 tox|[from] psn
|upkeep
|turn|3
|
|t:|1666533787
|move|p2a: Ho-Oh|Brave Bird|p1a: Eternatus
|-damage|p1a: Eternatus|33/100 par
|-damage|p2a: Ho-Oh|67/100 tox|[from] Recoil
|move|p1a: Eternatus|Recover|p1a: Eternatus
|-heal|p1a: Eternatus|83/100 par
|
|-damage|p2a: Ho-Oh|55/100 tox|[from] psn
|upkeep
|turn|4
|
|t:|1666533816
|switch|p2a: Yveltal|Yveltal, shiny|100/100
|-ability|p2a: Yveltal|Dark Aura
|move|p1a: Eternatus|Flamethrower|p2a: Yveltal
|-damage|p2a: Yveltal|76/100
|
|upkeep
|turn|5
|
|t:|1666533820
|move|p2a: Yveltal|Taunt|p1a: Eternatus
|-start|p1a: Eternatus|move: Taunt
|cant|p1a: Eternatus|move: Taunt|Toxic
|
|upkeep
|turn|6
|
|t:|1666533837
|move|p2a: Yveltal|Oblivion Wing|p1a: Eternatus
|-damage|p1a: Eternatus|47/100 par
|-heal|p2a: Yveltal|100/100|[from] drain|[of] p1a: Eternatus
|-damage|p2a: Yveltal|91/100|[from] item: Life Orb
|move|p1a: Eternatus|Dragon Pulse|p2a: Yveltal
|-crit|p2a: Yveltal
|-damage|p2a: Yveltal|37/100
|
|upkeep
|turn|7
|
|t:|1666533847
|switch|p2a: Eternatus|Eternatus|100/100
|-ability|p2a: Eternatus|Pressure
|move|p1a: Eternatus|Dragon Pulse|p2a: Eternatus
|-supereffective|p2a: Eternatus
|-damage|p2a: Eternatus|30/100
|
|-end|p1a: Eternatus|move: Taunt
|upkeep
|turn|8
|
|t:|1666533852
|move|p2a: Eternatus|Dynamax Cannon|p1a: Eternatus
|-supereffective|p1a: Eternatus
|-damage|p1a: Eternatus|0 fnt
|faint|p1a: Eternatus
|
|upkeep
|c|☆ox04|oops
|c|☆ox04|I forgot you revealed all your moves
|
|t:|1666533869
|switch|p1a: Marshadow|Marshadow|100/100
|turn|9
|
|t:|1666533879
|switch|p2a: Ho-Oh|Ho-Oh|89/100 tox
|move|p1a: Marshadow|Shadow Sneak|p2a: Ho-Oh
|-damage|p2a: Ho-Oh|45/100 tox
|
|-damage|p2a: Ho-Oh|39/100 tox|[from] psn
|upkeep
|turn|10
|
|t:|1666533889
|switch|p2a: Yveltal|Yveltal, shiny|37/100
|-ability|p2a: Yveltal|Dark Aura
|move|p1a: Marshadow|Shadow Sneak|p2a: Yveltal
|-resisted|p2a: Yveltal
|-damage|p2a: Yveltal|18/100
|
|upkeep
|turn|11
|
|t:|1666533894
|move|p1a: Marshadow|Shadow Sneak|p2a: Yveltal
|-resisted|p2a: Yveltal
|-damage|p2a: Yveltal|0 fnt
|faint|p2a: Yveltal
|
|upkeep
|
|t:|1666533902
|switch|p2a: Rayquaza|Rayquaza|100/100
|-ability|p2a: Rayquaza|Air Lock
|turn|12
|c|☆Shooriken|Btw 
|c|☆Shooriken|I was checking your replays and
|c|☆Shooriken|I saw genesect and emolga
|c|☆Shooriken|Didnt think youd actually bring emolga lol
|inactive|Shooriken has 270 seconds left.
|c|☆ox04|I need a win with it lol
|
|t:|1666533942
|switch|p1a: Yveltal|Yveltal|100/100
|-ability|p1a: Yveltal|Dark Aura
|move|p2a: Rayquaza|V-create|p1a: Yveltal
|-damage|p1a: Yveltal|22/100
|-unboost|p2a: Rayquaza|spe|1
|-unboost|p2a: Rayquaza|def|1
|-unboost|p2a: Rayquaza|spd|1
|
|upkeep
|turn|13
|
|t:|1666533951
|switch|p2a: Emolga|Emolga, M|100/100
|move|p1a: Yveltal|Knock Off|p2a: Emolga
|-damage|p2a: Emolga|15/100
|-enditem|p2a: Emolga|Choice Scarf|[from] move: Knock Off|[of] p1a: Yveltal
|
|upkeep
|turn|14
|
|t:|1666533960
|switch|p1a: Necrozma|Necrozma-Dusk-Mane|100/100
|move|p2a: Emolga|Nuzzle|p1a: Necrozma
|-damage|p1a: Necrozma|97/100
|-status|p1a: Necrozma|par
|
|-heal|p1a: Necrozma|100/100 par|[from] item: Leftovers
|upkeep
|turn|15
|
|t:|1666533964
|move|p2a: Emolga|U-turn|p1a: Necrozma
|-damage|p1a: Necrozma|91/100 par
|
|t:|1666533965
|switch|p2a: Ho-Oh|Ho-Oh|73/100 tox|[from]move: U-turn
|move|p1a: Necrozma|Stealth Rock|p2a: Ho-Oh
|-sidestart|p2: ox04|move: Stealth Rock
|
|-heal|p1a: Necrozma|97/100 par|[from] item: Leftovers
|-damage|p2a: Ho-Oh|67/100 tox|[from] psn
|upkeep
|turn|16
|
|t:|1666533970
|switch|p1a: Kyogre|Kyogre|100/100
|-weather|RainDance|[from] ability: Drizzle|[of] p1a: Kyogre
|move|p2a: Ho-Oh|Defog|p1a: Kyogre
|-unboost|p1a: Kyogre|evasion|1
|-sideend|p2: ox04|Stealth Rock|[from] move: Defog|[of] p2a: Ho-Oh
|
|-weather|RainDance|[upkeep]
|-damage|p2a: Ho-Oh|54/100 tox|[from] psn
|upkeep
|turn|17
|
|t:|1666533973
|switch|p2a: Emolga|Emolga, M|15/100
|move|p1a: Kyogre|Surf|p2a: Emolga
|-damage|p2a: Emolga|0 fnt
|faint|p2a: Emolga
|
|-weather|RainDance|[upkeep]
|upkeep
|
|t:|1666533978
|switch|p2a: Rayquaza|Rayquaza|100/100
|-ability|p2a: Rayquaza|Air Lock
|turn|18
|
|t:|1666533982
|switch|p2a: Eternatus|Eternatus|30/100
|-ability|p2a: Eternatus|Pressure
|move|p1a: Kyogre|Surf|p2a: Eternatus
|-resisted|p2a: Eternatus
|-crit|p2a: Eternatus
|-damage|p2a: Eternatus|0 fnt
|faint|p2a: Eternatus
|
|-weather|RainDance|[upkeep]
|upkeep
|c|☆ox04|wp
|
|t:|1666533995
|switch|p2a: Genesect|Genesect, shiny|100/100
|-ability|p2a: Genesect|Download|boost
|-boost|p2a: Genesect|atk|1
|turn|19
|c|☆Shooriken|Ty
|
|t:|1666534001
|move|p2a: Genesect|U-turn|p1a: Kyogre
|-damage|p1a: Kyogre|66/100
|
|t:|1666534003
|switch|p2a: Rayquaza|Rayquaza|100/100|[from]move: U-turn
|-ability|p2a: Rayquaza|Air Lock
|move|p1a: Kyogre|Surf|p2a: Rayquaza
|-resisted|p2a: Rayquaza
|-crit|p2a: Rayquaza
|-damage|p2a: Rayquaza|66/100
|
|-weather|RainDance|[upkeep]
|-heal|p1a: Kyogre|72/100|[from] item: Leftovers
|upkeep
|turn|20
|
|t:|1666534006
|move|p2a: Rayquaza|Dragon Ascent|p1a: Kyogre
|-damage|p1a: Kyogre|6/100
|-unboost|p2a: Rayquaza|def|1
|-unboost|p2a: Rayquaza|spd|1
|move|p1a: Kyogre|Surf|p2a: Rayquaza
|-resisted|p2a: Rayquaza
|-damage|p2a: Rayquaza|31/100
|
|-weather|none
|-heal|p1a: Kyogre|12/100|[from] item: Leftovers
|upkeep
|turn|21
|
|t:|1666534016
|move|p2a: Rayquaza|Dragon Ascent|p1a: Kyogre
|-damage|p1a: Kyogre|0 fnt
|-unboost|p2a: Rayquaza|def|1
|-unboost|p2a: Rayquaza|spd|1
|faint|p1a: Kyogre
|
|upkeep
|
|t:|1666534020
|switch|p1a: Marshadow|Marshadow|100/100
|turn|22
|
|t:|1666534035
|move|p1a: Marshadow|Shadow Sneak|p2a: Rayquaza
|-damage|p2a: Rayquaza|0 fnt
|faint|p2a: Rayquaza
|
|upkeep
|
|t:|1666534036
|switch|p2a: Ho-Oh|Ho-Oh|88/100 tox
|turn|23
|
|t:|1666534042
|switch|p1a: Groudon|Groudon|100/100
|-weather|SunnyDay|[from] ability: Drought|[of] p1a: Groudon
|move|p2a: Ho-Oh|Sacred Fire|p1a: Groudon|[miss]
|-miss|p2a: Ho-Oh|p1a: Groudon
|
|-weather|SunnyDay|[upkeep]
|-damage|p2a: Ho-Oh|82/100 tox|[from] psn
|upkeep
|turn|24
|
|t:|1666534051
|move|p1a: Groudon|Stone Edge|p2a: Ho-Oh
|-supereffective|p2a: Ho-Oh
|-damage|p2a: Ho-Oh|0 fnt
|faint|p2a: Ho-Oh
|
|-weather|SunnyDay|[upkeep]
|upkeep
|
|t:|1666534053
|switch|p2a: Genesect|Genesect, shiny|100/100
|-ability|p2a: Genesect|Download|boost
|-boost|p2a: Genesect|spa|1
|turn|25
|c|☆ox04|gg
|c|☆Shooriken|Almost clicked precipice
|c|☆Shooriken|Mobile showdown sucks lol
|
|t:|1666534070
|move|p2a: Genesect|Ice Beam|p1a: Groudon
|-supereffective|p1a: Groudon
|-damage|p1a: Groudon|31/100
|move|p1a: Groudon|Heat Crash|p2a: Genesect
|-supereffective|p2a: Genesect
|-damage|p2a: Genesect|0 fnt
|faint|p2a: Genesect
|
|win|Shooriken
|c|☆ox04|gg
|c|☆ox04|wp
|c|☆Shooriken|Gg wp
