|inactive|Battle timer is ON: inactive players will automatically lose when time's up.
|t:|1636218162
|gametype|singles
|player|p1|FearNeverDies|2|
|player|p2|London Beats|caitlin|
|teamsize|p1|6
|teamsize|p2|6
|gen|8
|tier|[Gen 8] Ubers
|rule|Sleep Clause Mod: Limit one foe put to sleep
|rule|Species Clause: Limit one of each Pokémon
|rule|OHKO Clause: OHKO moves are banned
|rule|Evasion Moves Clause: Evasion moves are banned
|rule|Endless Battle Clause: Forcing endless battles is banned
|rule|HP Percentage Mod: HP is shown in percentages
|rule|Dynamax Clause: You cannot dynamax
|clearpoke
|poke|p1|Shuckle, F|
|poke|p1|Necrozma-Dusk-Mane|
|poke|p1|Zekrom|
|poke|p1|Calyrex-Shadow|
|poke|p1|Yveltal|
|poke|p1|Eternatus|
|poke|p2|Marshadow|
|poke|p2|Kyogre|
|poke|p2|Yveltal|
|poke|p2|Necrozma-Dusk-Mane|
|poke|p2|Eternatus|
|poke|p2|Landorus-Therian, M|
|teampreview
|c|☆London Beats|hf
|inactive|FearNeverDies has 270 seconds left.
|
|t:|1636218201
|start
|switch|p1a: Shuckle|Shuckle, F|100/100
|switch|p2a: Kyogre|Kyogre|100/100
|-weather|RainDance|[from] ability: Drizzle|[of] p2a: Kyogre
|turn|1
|c|+Lasen|LONDON ALWAYS BEATS
|
|t:|1636218208
|move|p2a: Kyogre|Water Spout|p1a: Shuckle
|-supereffective|p1a: Shuckle
|-ability|p1a: Shuckle|Sturdy
|-damage|p1a: Shuckle|1/100
|move|p1a: Shuckle|Sticky Web|p2a: Kyogre
|-sidestart|p2: London Beats|move: Sticky Web
|
|-weather|RainDance|[upkeep]
|upkeep
|turn|2
|inactive|FearNeverDies has 270 seconds left.
|inactive|London Beats has 270 seconds left.
|inactive|FearNeverDies has 240 seconds left.
|inactive|London Beats has 240 seconds left.
|inactive|FearNeverDies has 210 seconds left.
|inactive|FearNeverDies has 180 seconds left.
|inactive|FearNeverDies has 150 seconds left.
|-enditem|p1a: Shuckle|Custap Berry|[eat]
|-activate|p1a: Shuckle|item: Custap Berry|[consumed]
|
|t:|1636218380
|move|p1a: Shuckle|Stealth Rock|p2a: Kyogre
|-sidestart|p2: London Beats|move: Stealth Rock
|move|p2a: Kyogre|Ice Beam|p1a: Shuckle
|-damage|p1a: Shuckle|0 fnt
|faint|p1a: Shuckle
|
|-weather|RainDance|[upkeep]
|upkeep
|
|t:|1636218389
|switch|p1a: Zekrom|Zekrom|100/100
|-ability|p1a: Zekrom|Teravolt
|turn|3
|
|t:|1636218395
|move|p1a: Zekrom|Hone Claws|p1a: Zekrom
|-boost|p1a: Zekrom|atk|1
|-boost|p1a: Zekrom|accuracy|1
|move|p2a: Kyogre|Ice Beam|p1a: Zekrom
|-supereffective|p1a: Zekrom
|-damage|p1a: Zekrom|6/100
|
|-weather|RainDance|[upkeep]
|upkeep
|turn|4
|inactive|London Beats has 240 seconds left.
|
|t:|1636218418
|move|p1a: Zekrom|Bolt Strike|p2a: Kyogre
|-supereffective|p2a: Kyogre
|-damage|p2a: Kyogre|0 fnt
|faint|p2a: Kyogre
|
|-weather|RainDance|[upkeep]
|upkeep
|
|t:|1636218421
|switch|p2a: Landorus|Landorus-Therian, M|100/100
|-damage|p2a: Landorus|88/100|[from] Stealth Rock
|-ability|p2a: Landorus|Intimidate|boost
|-unboost|p1a: Zekrom|atk|1
|turn|5
|inactive|FearNeverDies has 150 seconds left.
|
|t:|1636218430
|move|p1a: Zekrom|Scale Shot|p2a: Landorus
|-damage|p2a: Landorus|78/100
|-damage|p2a: Landorus|68/100
|-damage|p2a: Landorus|58/100
|-damage|p2a: Landorus|47/100
|-damage|p2a: Landorus|37/100
|-hitcount|p2a: Landorus|5
|-unboost|p1a: Zekrom|def|1
|-boost|p1a: Zekrom|spe|1
|move|p2a: Landorus|Defog|p1a: Zekrom
|-unboost|p1a: Zekrom|evasion|1
|-sideend|p2: London Beats|Stealth Rock|[from] move: Defog|[of] p2a: Landorus
|-sideend|p2: London Beats|Sticky Web|[from] move: Defog|[of] p2a: Landorus
|
|-weather|none
|-heal|p2a: Landorus|43/100|[from] item: Leftovers
|upkeep
|turn|6
|inactive|FearNeverDies has 150 seconds left.
|
|t:|1636218442
|move|p1a: Zekrom|Draco Meteor|p2a: Landorus
|-damage|p2a: Landorus|0 fnt
|-unboost|p1a: Zekrom|spa|2
|faint|p2a: Landorus
|
|upkeep
|
|t:|1636218446
|switch|p2a: Marshadow|Marshadow|100/100
|turn|7
|
|t:|1636218451
|move|p2a: Marshadow|Shadow Sneak|p1a: Zekrom
|-crit|p1a: Zekrom
|-damage|p1a: Zekrom|0 fnt
|faint|p1a: Zekrom
|-damage|p2a: Marshadow|91/100|[from] item: Life Orb
|
|upkeep
|
|t:|1636218454
|switch|p1a: Eternatus|Eternatus|100/100
|-ability|p1a: Eternatus|Pressure
|turn|8
|inactive|London Beats has 270 seconds left.
|inactive|FearNeverDies has 150 seconds left.
|
|t:|1636218494
|switch|p2a: Necrozma|Necrozma-Dusk-Mane|100/100
|move|p1a: Eternatus|Dynamax Cannon|p2a: Necrozma
|-resisted|p2a: Necrozma
|-damage|p2a: Necrozma|83/100
|
|-heal|p2a: Necrozma|89/100|[from] item: Leftovers
|upkeep
|turn|9
|inactive|FearNeverDies has 150 seconds left.
|inactive|FearNeverDies has 120 seconds left.
|inactive|London Beats has 240 seconds left.
|inactive|London Beats has 210 seconds left.
|
|t:|1636218569
|switch|p1a: Necrozma|Necrozma-Dusk-Mane|100/100
|move|p2a: Necrozma|Sunsteel Strike|p1a: Necrozma
|-resisted|p1a: Necrozma
|-damage|p1a: Necrozma|80/100
|
|-heal|p2a: Necrozma|95/100|[from] item: Leftovers
|upkeep
|turn|10
|inactive|London Beats has 210 seconds left.
|
|t:|1636218606
|switch|p2a: Yveltal|Yveltal, shiny|100/100
|-ability|p2a: Yveltal|Dark Aura
|move|p1a: Necrozma|Dragon Dance|p1a: Necrozma
|-boost|p1a: Necrozma|atk|1
|-boost|p1a: Necrozma|spe|1
|
|upkeep
|turn|11
|inactive|FearNeverDies has 120 seconds left.
|
|t:|1636218642
|move|p2a: Yveltal|Foul Play|p1a: Necrozma
|-supereffective|p1a: Necrozma
|-damage|p1a: Necrozma|0 fnt
|faint|p1a: Necrozma
|
|upkeep
|
|t:|1636218651
|switch|p1a: Eternatus|Eternatus|100/100
|-ability|p1a: Eternatus|Pressure
|turn|12
|
|t:|1636218661
|switch|p2a: Necrozma|Necrozma-Dusk-Mane|95/100
|move|p1a: Eternatus|Flamethrower|p2a: Necrozma
|-supereffective|p2a: Necrozma
|-damage|p2a: Necrozma|63/100
|
|-heal|p2a: Necrozma|69/100|[from] item: Leftovers
|upkeep
|turn|13
|
|t:|1636218670
|move|p1a: Eternatus|Meteor Beam||[still]
|-prepare|p1a: Eternatus|Meteor Beam
|-boost|p1a: Eternatus|spa|1
|-enditem|p1a: Eternatus|Power Herb
|-anim|p1a: Eternatus|Meteor Beam|p2a: Necrozma|[miss]
|-miss|p1a: Eternatus|p2a: Necrozma
|move|p2a: Necrozma|Moonlight|p2a: Necrozma
|-heal|p2a: Necrozma|100/100
|
|upkeep
|turn|14
|inactive|London Beats has 210 seconds left.
|inactive|London Beats has 180 seconds left.
|inactive|London Beats has 150 seconds left.
|inactive|London Beats has 120 seconds left.
|
|t:|1636218782
|move|p1a: Eternatus|Flamethrower|p2a: Necrozma
|-supereffective|p2a: Necrozma
|-damage|p2a: Necrozma|54/100
|move|p2a: Necrozma|Dragon Dance|p2a: Necrozma
|-boost|p2a: Necrozma|atk|1
|-boost|p2a: Necrozma|spe|1
|
|-heal|p2a: Necrozma|60/100|[from] item: Leftovers
|upkeep
|turn|15
|inactive|London Beats has 90 seconds left.
|
|t:|1636218808
|move|p1a: Eternatus|Flamethrower|p2a: Necrozma
|-supereffective|p2a: Necrozma
|-damage|p2a: Necrozma|14/100
|move|p2a: Necrozma|Dragon Dance|p2a: Necrozma
|-boost|p2a: Necrozma|atk|1
|-boost|p2a: Necrozma|spe|1
|
|-heal|p2a: Necrozma|20/100|[from] item: Leftovers
|upkeep
|turn|16
|inactive|London Beats has 90 seconds left.
|
|t:|1636218823
|move|p2a: Necrozma|Sunsteel Strike|p1a: Eternatus
|-damage|p1a: Eternatus|14/100
|move|p1a: Eternatus|Flamethrower|p2a: Necrozma
|-supereffective|p2a: Necrozma
|-damage|p2a: Necrozma|0 fnt
|faint|p2a: Necrozma
|
|upkeep
|inactive|London Beats has 90 seconds left.
|
|t:|1636218829
|switch|p2a: Marshadow|Marshadow|91/100
|turn|17
|
|t:|1636218835
|switch|p1a: Yveltal|Yveltal|100/100
|-ability|p1a: Yveltal|Dark Aura
|move|p2a: Marshadow|Shadow Sneak|p1a: Yveltal
|-resisted|p1a: Yveltal
|-damage|p1a: Yveltal|84/100
|-damage|p2a: Marshadow|81/100|[from] item: Life Orb
|
|upkeep
|turn|18
|
|t:|1636218847
|switch|p2a: Yveltal|Yveltal, shiny|100/100
|-ability|p2a: Yveltal|Dark Aura
|move|p1a: Yveltal|Roost|p1a: Yveltal
|-heal|p1a: Yveltal|100/100
|-singleturn|p1a: Yveltal|move: Roost
|
|upkeep
|turn|19
|
|t:|1636218856
|move|p2a: Yveltal|Toxic|p1a: Yveltal
|-status|p1a: Yveltal|tox
|move|p1a: Yveltal|Roost||[still]
|-fail|p1a: Yveltal|heal
|
|-damage|p1a: Yveltal|94/100 tox|[from] psn
|upkeep
|turn|20
|
|t:|1636218858
|switch|p2a: Eternatus|Eternatus|100/100
|-ability|p2a: Eternatus|Pressure
|switch|p1a: Eternatus|Eternatus|14/100
|-ability|p1a: Eternatus|Pressure
|
|upkeep
|turn|21
|inactive|London Beats has 120 seconds left.
|
|t:|1636218891
|move|p1a: Eternatus|Dynamax Cannon|p2a: Eternatus
|-supereffective|p2a: Eternatus
|-damage|p2a: Eternatus|30/100
|move|p2a: Eternatus|Sludge Bomb|p1a: Eternatus
|-resisted|p1a: Eternatus
|-damage|p1a: Eternatus|0 fnt
|faint|p1a: Eternatus
|
|upkeep
|
|t:|1636218894
|switch|p1a: Calyrex|Calyrex-Shadow|100/100
|-ability|p1a: Calyrex|As One
|-ability|p1a: Calyrex|Unnerve
|turn|22
|
|t:|1636218915
|switch|p2a: Yveltal|Yveltal, shiny|100/100
|-ability|p2a: Yveltal|Dark Aura
|move|p1a: Calyrex|Astral Barrage|p2a: Yveltal
|-resisted|p2a: Yveltal
|-damage|p2a: Yveltal|74/100
|
|upkeep
|turn|23
|
|t:|1636218922
|switch|p1a: Yveltal|Yveltal|94/100 tox
|-ability|p1a: Yveltal|Dark Aura
|move|p2a: Yveltal|Foul Play|p1a: Yveltal
|-resisted|p1a: Yveltal
|-damage|p1a: Yveltal|67/100 tox
|
|-damage|p1a: Yveltal|61/100 tox|[from] psn
|upkeep
|turn|24
|
|t:|1636218931
|move|p2a: Yveltal|Foul Play|p1a: Yveltal
|-resisted|p1a: Yveltal
|-crit|p1a: Yveltal
|-damage|p1a: Yveltal|19/100 tox
|move|p1a: Yveltal|Knock Off|p2a: Yveltal
|-resisted|p2a: Yveltal
|-crit|p2a: Yveltal
|-damage|p2a: Yveltal|36/100
|-enditem|p2a: Yveltal|Choice Scarf|[from] move: Knock Off|[of] p1a: Yveltal
|
|-damage|p1a: Yveltal|6/100 tox|[from] psn
|upkeep
|turn|25
|
|t:|1636218938
|move|p1a: Yveltal|Taunt|p2a: Yveltal
|-start|p2a: Yveltal|move: Taunt
|cant|p2a: Yveltal|move: Taunt|Roost
|
|-damage|p1a: Yveltal|0 fnt|[from] psn
|faint|p1a: Yveltal
|upkeep
|
|t:|1636218940
|switch|p1a: Calyrex|Calyrex-Shadow|100/100
|-ability|p1a: Calyrex|As One
|-ability|p1a: Calyrex|Unnerve
|turn|26
|inactive|FearNeverDies has 210 seconds left.
|
|t:|1636218971
|move|p1a: Calyrex|Draining Kiss|p2a: Yveltal
|-supereffective|p2a: Yveltal
|-damage|p2a: Yveltal|5/100
|move|p2a: Yveltal|Foul Play|p1a: Calyrex
|-supereffective|p1a: Calyrex
|-enditem|p1a: Calyrex|Focus Sash
|-damage|p1a: Calyrex|1/100
|
|upkeep
|turn|27
|
|t:|1636218974
|move|p1a: Calyrex|Draining Kiss|p2a: Yveltal
|-supereffective|p2a: Yveltal
|-damage|p2a: Yveltal|0 fnt
|-heal|p1a: Calyrex|5/100|[from] drain|[of] p2a: Yveltal
|faint|p2a: Yveltal
|-ability|p1a: Calyrex|Grim Neigh|boost
|-boost|p1a: Calyrex|spa|1
|
|upkeep
|c|☆FearNeverDies|hh
|c|☆FearNeverDies|gg
|
|t:|1636218976
|switch|p2a: Marshadow|Marshadow|81/100
|turn|28
|
|t:|1636218979
|move|p2a: Marshadow|Shadow Sneak|p1a: Calyrex
|-supereffective|p1a: Calyrex
|-damage|p1a: Calyrex|0 fnt
|faint|p1a: Calyrex
|-damage|p2a: Marshadow|71/100|[from] item: Life Orb
|
|win|London Beats
|c|☆London Beats|gg
|c|☆FearNeverDies|No crits today
