|inactive|Battle timer is ON: inactive players will automatically lose when time's up.
|t:|1664631414
|gametype|singles
|player|p1|Inder|lucas|
|player|p2|entrocefalo|doctor|
|teamsize|p1|6
|teamsize|p2|6
|gen|8
|tier|[Gen 8] Ubers
|rule|Sleep Clause Mod: Limit one foe put to sleep
|rule|Species Clause: Limit one of each Pokémon
|rule|OHKO Clause: OHKO moves are banned
|rule|Evasion Items Clause: Evasion items are banned
|rule|Evasion Moves Clause: Evasion moves are banned
|rule|Endless Battle Clause: Forcing endless battles is banned
|rule|HP Percentage Mod: HP is shown in percentages
|rule|Dynamax Clause: You cannot dynamax
|clearpoke
|poke|p1|Mewtwo|
|poke|p1|Kyogre|
|poke|p1|Necrozma-Dusk-Mane|
|poke|p1|Yveltal|
|poke|p1|Eternatus|
|poke|p1|Calyrex-Shadow|
|poke|p2|Tapu Koko|
|poke|p2|Zekrom|
|poke|p2|Yveltal|
|poke|p2|Necrozma-Dusk-Mane|
|poke|p2|Eternatus|
|poke|p2|Xerneas-*|
|teampreview
|inactive|Inder also wants the timer to be on.
|c|☆entrocefalo|hf
|c|☆Inder|hf
|c|+Rhmsitb|Lgi
|c|+pinorska|lets go inder
|inactive|Inder has 270 seconds left.
|inactive|entrocefalo has 270 seconds left.
|
|t:|1664631455
|start
|switch|p1a: Calyrex|Calyrex-Shadow|100/100
|switch|p2a: Yveltal|Yveltal|100/100
|-ability|p1a: Calyrex|As One
|-ability|p1a: Calyrex|Unnerve
|-ability|p2a: Yveltal|Dark Aura
|turn|1
|
|t:|1664631463
|switch|p1a: Kyogre|Kyogre|100/100
|-weather|RainDance|[from] ability: Drizzle|[of] p1a: Kyogre
|switch|p2a: Zekrom|Zekrom|100/100
|-ability|p2a: Zekrom|Teravolt
|
|-weather|RainDance|[upkeep]
|upkeep
|turn|2
|
|t:|1664631471
|switch|p1a: Mewtwo|Mewtwo|100/100
|-ability|p1a: Mewtwo|Pressure
|move|p2a: Zekrom|Scale Shot|p1a: Mewtwo
|-damage|p1a: Mewtwo|85/100
|-damage|p1a: Mewtwo|69/100
|-damage|p1a: Mewtwo|52/100
|-damage|p1a: Mewtwo|36/100
|-damage|p1a: Mewtwo|20/100
|-hitcount|p1a: Mewtwo|5
|-unboost|p2a: Zekrom|def|1
|-boost|p2a: Zekrom|spe|1
|-damage|p2a: Zekrom|91/100|[from] item: Life Orb
|
|-weather|RainDance|[upkeep]
|-heal|p1a: Mewtwo|26/100|[from] item: Leftovers
|upkeep
|turn|3
|
|t:|1664631484
|move|p2a: Zekrom|Scale Shot|p1a: Mewtwo
|-damage|p1a: Mewtwo|10/100
|-damage|p1a: Mewtwo|0 fnt
|faint|p1a: Mewtwo
|-hitcount|p1: Mewtwo|2
|-unboost|p2a: Zekrom|def|1
|-boost|p2a: Zekrom|spe|1
|-damage|p2a: Zekrom|81/100|[from] item: Life Orb
|
|-weather|RainDance|[upkeep]
|upkeep
|
|t:|1664631491
|switch|p1a: Eternatus|Eternatus|100/100
|-ability|p1a: Eternatus|Pressure
|turn|4
|inactive|entrocefalo has 270 seconds left.
|
|t:|1664631533
|switch|p2a: Necrozma|Necrozma-Dusk-Mane|100/100
|move|p1a: Eternatus|Dragon Pulse|p2a: Necrozma
|-resisted|p2a: Necrozma
|-crit|p2a: Necrozma
|-damage|p2a: Necrozma|83/100
|
|-weather|RainDance|[upkeep]
|-heal|p2a: Necrozma|89/100|[from] item: Leftovers
|upkeep
|turn|5
|
|t:|1664631541
|switch|p1a: Kyogre|Kyogre|100/100
|move|p2a: Necrozma|Thunder Wave|p1a: Kyogre
|-status|p1a: Kyogre|par
|
|-weather|none
|-heal|p2a: Necrozma|95/100|[from] item: Leftovers
|upkeep
|turn|6
|
|t:|1664631545
|switch|p1a: Calyrex|Calyrex-Shadow|100/100
|-ability|p1a: Calyrex|As One
|-ability|p1a: Calyrex|Unnerve
|move|p2a: Necrozma|Stealth Rock|p1a: Calyrex
|-sidestart|p1: Inder|move: Stealth Rock
|
|-heal|p2a: Necrozma|100/100|[from] item: Leftovers
|upkeep
|turn|7
|
|t:|1664631555
|move|p1a: Calyrex|Astral Barrage|p2a: Necrozma
|-supereffective|p2a: Necrozma
|-damage|p2a: Necrozma|0 fnt
|faint|p2a: Necrozma
|-ability|p1a: Calyrex|Grim Neigh|boost
|-boost|p1a: Calyrex|spa|1
|
|upkeep
|
|t:|1664631557
|switch|p2a: Yveltal|Yveltal|100/100
|-ability|p2a: Yveltal|Dark Aura
|turn|8
|
|t:|1664631579
|switch|p1a: Yveltal|Yveltal|100/100
|-ability|p1a: Yveltal|Dark Aura
|move|p2a: Yveltal|Knock Off|p1a: Yveltal
|-resisted|p1a: Yveltal
|-damage|p1a: Yveltal|78/100
|-enditem|p1a: Yveltal|Heavy-Duty Boots|[from] move: Knock Off|[of] p2a: Yveltal
|
|upkeep
|turn|9
|
|t:|1664631583
|switch|p2a: Tapu Koko|Tapu Koko|100/100
|-fieldstart|move: Electric Terrain|[from] ability: Electric Surge|[of] p2a: Tapu Koko
|move|p1a: Yveltal|Defog|p2a: Tapu Koko
|-unboost|p2a: Tapu Koko|evasion|1
|-sideend|p1: Inder|Stealth Rock|[from] move: Defog|[of] p1a: Yveltal
|-fieldend|move: Electric Terrain
|
|upkeep
|turn|10
|
|t:|1664631588
|switch|p1a: Eternatus|Eternatus|100/100
|-ability|p1a: Eternatus|Pressure
|move|p2a: Tapu Koko|Thunderbolt|p1a: Eternatus
|-resisted|p1a: Eternatus
|-damage|p1a: Eternatus|88/100
|
|-heal|p1a: Eternatus|95/100|[from] item: Black Sludge
|upkeep
|turn|11
|
|t:|1664631597
|move|p2a: Tapu Koko|U-turn|p1a: Eternatus
|-resisted|p1a: Eternatus
|-damage|p1a: Eternatus|89/100
|
|t:|1664631600
|switch|p2a: Eternatus|Eternatus|100/100|[from]move: U-turn
|-ability|p2a: Eternatus|Pressure
|move|p1a: Eternatus|Cosmic Power|p1a: Eternatus
|-boost|p1a: Eternatus|def|1
|-boost|p1a: Eternatus|spd|1
|
|-heal|p1a: Eternatus|95/100|[from] item: Black Sludge
|upkeep
|turn|12
|
|t:|1664631604
|move|p1a: Eternatus|Dragon Pulse|p2a: Eternatus
|-supereffective|p2a: Eternatus
|-damage|p2a: Eternatus|31/100
|move|p2a: Eternatus|Dynamax Cannon|p1a: Eternatus
|-supereffective|p1a: Eternatus
|-damage|p1a: Eternatus|22/100
|-damage|p2a: Eternatus|21/100|[from] item: Life Orb
|
|-heal|p1a: Eternatus|28/100|[from] item: Black Sludge
|upkeep
|turn|13
|
|t:|1664631632
|move|p1a: Eternatus|Dragon Pulse|p2a: Eternatus
|-supereffective|p2a: Eternatus
|-damage|p2a: Eternatus|0 fnt
|faint|p2a: Eternatus
|
|-heal|p1a: Eternatus|35/100|[from] item: Black Sludge
|upkeep
|
|t:|1664631634
|switch|p2a: Zekrom|Zekrom|81/100
|-ability|p2a: Zekrom|Teravolt
|turn|14
|
|t:|1664631637
|move|p1a: Eternatus|Dragon Pulse|p2a: Zekrom
|-supereffective|p2a: Zekrom
|-damage|p2a: Zekrom|0 fnt
|faint|p2a: Zekrom
|
|-heal|p1a: Eternatus|41/100|[from] item: Black Sludge
|upkeep
|
|t:|1664631640
|switch|p2a: Xerneas|Xerneas|100/100
|-ability|p2a: Xerneas|Fairy Aura
|turn|15
|
|t:|1664631646
|switch|p1a: Necrozma|Necrozma-Dusk-Mane|100/100
|move|p2a: Xerneas|Moonblast|p1a: Necrozma
|-resisted|p1a: Necrozma
|-damage|p1a: Necrozma|83/100
|
|-heal|p1a: Necrozma|89/100|[from] item: Leftovers
|upkeep
|turn|16
|
|t:|1664631650
|switch|p2a: Yveltal|Yveltal|100/100
|-ability|p2a: Yveltal|Dark Aura
|move|p1a: Necrozma|Thunder Wave|p2a: Yveltal
|-status|p2a: Yveltal|par
|
|-heal|p1a: Necrozma|95/100|[from] item: Leftovers
|upkeep
|turn|17
|
|t:|1664631659
|move|p1a: Necrozma|Iron Head|p2a: Yveltal
|-damage|p2a: Yveltal|71/100 par
|move|p2a: Yveltal|Knock Off|p1a: Necrozma
|-supereffective|p1a: Necrozma
|-damage|p1a: Necrozma|38/100
|-enditem|p1a: Necrozma|Leftovers|[from] move: Knock Off|[of] p2a: Yveltal
|
|upkeep
|turn|18
|
|t:|1664631664
|switch|p2a: Tapu Koko|Tapu Koko|100/100
|-fieldstart|move: Electric Terrain|[from] ability: Electric Surge|[of] p2a: Tapu Koko
|move|p1a: Necrozma|Morning Sun|p1a: Necrozma
|-heal|p1a: Necrozma|88/100
|
|upkeep
|turn|19
|
|t:|1664631675
|switch|p1a: Calyrex|Calyrex-Shadow|100/100
|-ability|p1a: Calyrex|As One
|-ability|p1a: Calyrex|Unnerve
|move|p2a: Tapu Koko|Dazzling Gleam|p1a: Calyrex
|-damage|p1a: Calyrex|66/100
|
|upkeep
|turn|20
|
|t:|1664631681
|switch|p2a: Yveltal|Yveltal|71/100 par
|-ability|p2a: Yveltal|Dark Aura
|move|p1a: Calyrex|Astral Barrage|p2a: Yveltal
|-resisted|p2a: Yveltal
|-damage|p2a: Yveltal|37/100 par
|
|upkeep
|turn|21
|
|t:|1664631691
|switch|p1a: Necrozma|Necrozma-Dusk-Mane|88/100
|move|p2a: Yveltal|Roost|p2a: Yveltal
|-heal|p2a: Yveltal|87/100 par
|-singleturn|p2a: Yveltal|move: Roost
|
|upkeep
|turn|22
|
|t:|1664631696
|switch|p2a: Tapu Koko|Tapu Koko|100/100
|move|p1a: Necrozma|Iron Head|p2a: Tapu Koko
|-damage|p2a: Tapu Koko|47/100
|
|-fieldend|move: Electric Terrain
|upkeep
|turn|23
|
|t:|1664631700
|move|p2a: Tapu Koko|Roost|p2a: Tapu Koko
|-heal|p2a: Tapu Koko|97/100
|-singleturn|p2a: Tapu Koko|move: Roost
|move|p1a: Necrozma|Iron Head|p2a: Tapu Koko
|-damage|p2a: Tapu Koko|42/100
|
|upkeep
|turn|24
|
|t:|1664631704
|move|p2a: Tapu Koko|Roost|p2a: Tapu Koko
|-heal|p2a: Tapu Koko|93/100
|-singleturn|p2a: Tapu Koko|move: Roost
|move|p1a: Necrozma|Iron Head|p2a: Tapu Koko
|-damage|p2a: Tapu Koko|40/100
|
|upkeep
|turn|25
|
|t:|1664631709
|move|p2a: Tapu Koko|Thunderbolt|p1a: Necrozma
|-damage|p1a: Necrozma|65/100
|move|p1a: Necrozma|Iron Head|p2a: Tapu Koko
|-damage|p2a: Tapu Koko|0 fnt
|faint|p2a: Tapu Koko
|
|upkeep
|
|t:|1664631712
|switch|p2a: Yveltal|Yveltal|87/100 par
|-ability|p2a: Yveltal|Dark Aura
|turn|26
|
|t:|1664631723
|move|p1a: Necrozma|Iron Head|p2a: Yveltal
|-damage|p2a: Yveltal|58/100 par
|move|p2a: Yveltal|Knock Off|p1a: Necrozma
|-supereffective|p1a: Necrozma
|-damage|p1a: Necrozma|23/100
|
|upkeep
|turn|27
|
|t:|1664631728
|move|p1a: Necrozma|Morning Sun|p1a: Necrozma
|-heal|p1a: Necrozma|73/100
|move|p2a: Yveltal|Knock Off|p1a: Necrozma
|-supereffective|p1a: Necrozma
|-damage|p1a: Necrozma|31/100
|
|upkeep
|turn|28
|
|t:|1664631730
|move|p1a: Necrozma|Morning Sun|p1a: Necrozma
|-heal|p1a: Necrozma|81/100
|move|p2a: Yveltal|Knock Off|p1a: Necrozma
|-supereffective|p1a: Necrozma
|-damage|p1a: Necrozma|42/100
|
|upkeep
|turn|29
|
|t:|1664631733
|move|p1a: Necrozma|Morning Sun|p1a: Necrozma
|-heal|p1a: Necrozma|92/100
|cant|p2a: Yveltal|par
|
|upkeep
|turn|30
|
|t:|1664631737
|move|p1a: Necrozma|Iron Head|p2a: Yveltal
|-damage|p2a: Yveltal|31/100 par
|cant|p2a: Yveltal|par
|
|upkeep
|turn|31
|
|t:|1664631740
|move|p1a: Necrozma|Iron Head|p2a: Yveltal
|-damage|p2a: Yveltal|2/100 par
|cant|p2a: Yveltal|flinch
|
|upkeep
|turn|32
|
|t:|1664631742
|move|p2a: Yveltal|Sucker Punch|p1a: Necrozma
|-supereffective|p1a: Necrozma
|-damage|p1a: Necrozma|52/100
|move|p1a: Necrozma|Iron Head|p2a: Yveltal
|-damage|p2a: Yveltal|0 fnt
|faint|p2a: Yveltal
|
|upkeep
|
|t:|1664631745
|switch|p2a: Xerneas|Xerneas|100/100
|-ability|p2a: Xerneas|Fairy Aura
|turn|33
|
|t:|1664631755
|move|p2a: Xerneas|Geomancy||[still]
|-prepare|p2a: Xerneas|Geomancy
|-enditem|p2a: Xerneas|Power Herb
|-anim|p2a: Xerneas|Geomancy|p2a: Xerneas
|-boost|p2a: Xerneas|spa|2
|-boost|p2a: Xerneas|spd|2
|-boost|p2a: Xerneas|spe|2
|move|p1a: Necrozma|Morning Sun|p1a: Necrozma
|-heal|p1a: Necrozma|100/100
|
|upkeep
|turn|34
|
|t:|1664631761
|move|p2a: Xerneas|Moonblast|p1a: Necrozma
|-resisted|p1a: Necrozma
|-damage|p1a: Necrozma|70/100
|-unboost|p1a: Necrozma|spa|1
|move|p1a: Necrozma|Iron Head|p2a: Xerneas
|-supereffective|p2a: Xerneas
|-damage|p2a: Xerneas|56/100
|
|upkeep
|turn|35
|
|t:|1664631767
|move|p2a: Xerneas|Moonblast|p1a: Necrozma
|-resisted|p1a: Necrozma
|-damage|p1a: Necrozma|36/100
|-unboost|p1a: Necrozma|spa|1
|move|p1a: Necrozma|Morning Sun|p1a: Necrozma
|-heal|p1a: Necrozma|86/100
|
|upkeep
|turn|36
|
|t:|1664631773
|move|p2a: Xerneas|Moonblast|p1a: Necrozma
|-resisted|p1a: Necrozma
|-damage|p1a: Necrozma|54/100
|-unboost|p1a: Necrozma|spa|1
|move|p1a: Necrozma|Iron Head|p2a: Xerneas
|-supereffective|p2a: Xerneas
|-damage|p2a: Xerneas|8/100
|
|upkeep
|turn|37
|
|t:|1664631778
|move|p2a: Xerneas|Moonblast|p1a: Necrozma
|-resisted|p1a: Necrozma
|-damage|p1a: Necrozma|22/100
|move|p1a: Necrozma|Iron Head|p2a: Xerneas
|-supereffective|p2a: Xerneas
|-damage|p2a: Xerneas|0 fnt
|faint|p2a: Xerneas
|
|win|Inder
|c|☆entrocefalo|gg
|c|☆Inder|ggs
