|inactive|Battle timer is ON: inactive players will automatically lose when time's up.
|t:|1668372263
|gametype|singles
|player|p1|Kate|#kate|
|player|p2|Fogbound Lake|#scl2terrors|
|teamsize|p1|6
|teamsize|p2|6
|gen|8
|tier|[Gen 8] Ubers
|rule|Sleep Clause Mod: Limit one foe put to sleep
|rule|Species Clause: Limit one of each Pokémon
|rule|OHKO Clause: OHKO moves are banned
|rule|Evasion Items Clause: Evasion items are banned
|rule|Evasion Moves Clause: Evasion moves are banned
|rule|Endless Battle Clause: Forcing endless battles is banned
|rule|HP Percentage Mod: HP is shown in percentages
|rule|Dynamax Clause: You cannot dynamax
|clearpoke
|poke|p1|Ho-Oh|
|poke|p1|Yveltal|
|poke|p1|Xerneas-*|
|poke|p1|Necrozma-Dusk-Mane|
|poke|p1|Eternatus|
|poke|p1|Weavile, M|
|poke|p2|Groudon|
|poke|p2|Ho-Oh|
|poke|p2|Yveltal|
|poke|p2|Eternatus|
|poke|p2|Necrozma-Dusk-Mane|
|poke|p2|Darmanitan-Galar, F|
|teampreview
|c|☆Fogbound Lake|hf
|c|☆Kate|Hf
|c|+avarice|YAAAAS
|inactive|Kate has 270 seconds left.
|inactive|Fogbound Lake has 270 seconds left.
|raw|<div class="broadcast-red"><strong>Moderated chat was set to ☆!</strong><br />Only users of rank ☆ and higher can talk.</div>
|inactive|Fogbound Lake has 240 seconds left.
|inactive|Fogbound Lake has 210 seconds left.
|
|t:|1668372376
|start
|switch|p1a: Xerneas|Xerneas|100/100
|switch|p2a: Love? Reason why!!|Yveltal|100/100
|-ability|p2a: Love? Reason why!!|Dark Aura
|-ability|p1a: Xerneas|Fairy Aura
|turn|1
|inactive|Fogbound Lake has 240 seconds left.
|
|t:|1668372410
|switch|p2a: Futari Honey Boy|Necrozma-Dusk-Mane|100/100
|switch|p1a: Ho-Oh|Ho-Oh|100/100
|
|upkeep
|turn|2
|
|t:|1668372430
|switch|p2a: Never the Fever!!|Ho-Oh|100/100
|move|p1a: Ho-Oh|Thunder Wave|p2a: Never the Fever!!
|-status|p2a: Never the Fever!!|par
|
|upkeep
|turn|3
|
|t:|1668372452
|move|p1a: Ho-Oh|Brave Bird|p2a: Never the Fever!!
|-damage|p2a: Never the Fever!!|43/100 par
|-damage|p1a: Ho-Oh|82/100|[from] Recoil
|move|p2a: Never the Fever!!|Thunder Wave|p1a: Ho-Oh
|-status|p1a: Ho-Oh|par
|
|upkeep
|turn|4
|inactive|Fogbound Lake has 210 seconds left.
|
|t:|1668372468
|switch|p2a: Naked Dive|Groudon|100/100
|-weather|SunnyDay|[from] ability: Drought|[of] p2a: Naked Dive
|move|p1a: Ho-Oh|Sacred Fire|p2a: Naked Dive
|-damage|p2a: Naked Dive|61/100
|-status|p2a: Naked Dive|brn
|
|-weather|SunnyDay|[upkeep]
|-heal|p2a: Naked Dive|67/100 brn|[from] item: Leftovers
|-damage|p2a: Naked Dive|61/100 brn|[from] brn
|upkeep
|turn|5
|inactive|Fogbound Lake has 210 seconds left.
|
|t:|1668372494
|switch|p1a: Necrozma|Necrozma-Dusk-Mane|100/100
|move|p2a: Naked Dive|Stealth Rock|p1a: Necrozma
|-sidestart|p1: Kate|move: Stealth Rock
|
|-weather|SunnyDay|[upkeep]
|-heal|p2a: Naked Dive|67/100 brn|[from] item: Leftovers
|-damage|p2a: Naked Dive|61/100 brn|[from] brn
|upkeep
|turn|6
|inactive|Fogbound Lake has 210 seconds left.
|
|t:|1668372517
|switch|p2a: Love? Reason why!!|Yveltal|100/100
|-ability|p2a: Love? Reason why!!|Dark Aura
|move|p1a: Necrozma|Stealth Rock|p2a: Love? Reason why!!
|-sidestart|p2: Fogbound Lake|move: Stealth Rock
|
|-weather|SunnyDay|[upkeep]
|upkeep
|turn|7
|
|t:|1668372524
|switch|p1a: Yveltal|Yveltal|100/100
|-ability|p1a: Yveltal|Dark Aura
|move|p2a: Love? Reason why!!|Knock Off|p1a: Yveltal
|-resisted|p1a: Yveltal
|-damage|p1a: Yveltal|68/100
|-enditem|p1a: Yveltal|Heavy-Duty Boots|[from] move: Knock Off|[of] p2a: Love? Reason why!!
|-damage|p2a: Love? Reason why!!|91/100|[from] item: Life Orb
|
|-weather|SunnyDay|[upkeep]
|upkeep
|turn|8
|inactive|Fogbound Lake has 210 seconds left.
|
|t:|1668372551
|switch|p2a: Fantastic Future|Eternatus|100/100
|-damage|p2a: Fantastic Future|88/100|[from] Stealth Rock
|-ability|p2a: Fantastic Future|Pressure
|move|p1a: Yveltal|Roost|p1a: Yveltal
|-heal|p1a: Yveltal|100/100
|-singleturn|p1a: Yveltal|move: Roost
|
|-weather|none
|upkeep
|turn|9
|inactive|Fogbound Lake has 180 seconds left.
|
|t:|1668372602
|switch|p1a: Necrozma|Necrozma-Dusk-Mane|100/100
|-damage|p1a: Necrozma|94/100|[from] Stealth Rock
|move|p2a: Fantastic Future|Toxic|p1a: Necrozma
|-immune|p1a: Necrozma
|
|upkeep
|turn|10
|inactive|Fogbound Lake has 150 seconds left.
|
|t:|1668372631
|switch|p2a: Never the Fever!!|Ho-Oh|77/100 par
|switch|p1a: Ho-Oh|Ho-Oh|100/100 par
|
|upkeep
|turn|11
|inactive|Fogbound Lake has 120 seconds left.
|inactive|Fogbound Lake has 90 seconds left.
|
|t:|1668372700
|switch|p2a: Futari Honey Boy|Necrozma-Dusk-Mane|100/100
|-damage|p2a: Futari Honey Boy|94/100|[from] Stealth Rock
|move|p1a: Ho-Oh|Brave Bird|p2a: Futari Honey Boy
|-resisted|p2a: Futari Honey Boy
|-damage|p2a: Futari Honey Boy|75/100
|-damage|p1a: Ho-Oh|94/100 par|[from] Recoil
|
|-heal|p2a: Futari Honey Boy|81/100|[from] item: Leftovers
|upkeep
|turn|12
|
|t:|1668372706
|move|p2a: Futari Honey Boy|Knock Off|p1a: Ho-Oh
|-damage|p1a: Ho-Oh|66/100 par
|-enditem|p1a: Ho-Oh|Heavy-Duty Boots|[from] move: Knock Off|[of] p2a: Futari Honey Boy
|move|p1a: Ho-Oh|Sacred Fire|p2a: Futari Honey Boy
|-supereffective|p2a: Futari Honey Boy
|-damage|p2a: Futari Honey Boy|27/100
|
|-heal|p2a: Futari Honey Boy|33/100|[from] item: Leftovers
|upkeep
|turn|13
|inactive|Fogbound Lake has 90 seconds left.
|inactive|Fogbound Lake has 60 seconds left.
|
|t:|1668372758
|move|p2a: Futari Honey Boy|Morning Sun|p2a: Futari Honey Boy
|-heal|p2a: Futari Honey Boy|83/100
|move|p1a: Ho-Oh|Sacred Fire|p2a: Futari Honey Boy
|-supereffective|p2a: Futari Honey Boy
|-damage|p2a: Futari Honey Boy|34/100
|-status|p2a: Futari Honey Boy|brn
|
|-heal|p2a: Futari Honey Boy|40/100 brn|[from] item: Leftovers
|-damage|p2a: Futari Honey Boy|34/100 brn|[from] brn
|upkeep
|turn|14
|inactive|Fogbound Lake has 60 seconds left.
|
|t:|1668372764
|move|p2a: Futari Honey Boy|Morning Sun|p2a: Futari Honey Boy
|-heal|p2a: Futari Honey Boy|84/100 brn
|cant|p1a: Ho-Oh|par
|
|-heal|p2a: Futari Honey Boy|90/100 brn|[from] item: Leftovers
|-damage|p2a: Futari Honey Boy|84/100 brn|[from] brn
|upkeep
|turn|15
|inactive|Fogbound Lake has 60 seconds left.
|
|t:|1668372783
|move|p2a: Futari Honey Boy|Knock Off|p1a: Ho-Oh
|-damage|p1a: Ho-Oh|55/100 par
|cant|p1a: Ho-Oh|par
|
|-heal|p2a: Futari Honey Boy|90/100 brn|[from] item: Leftovers
|-damage|p2a: Futari Honey Boy|84/100 brn|[from] brn
|upkeep
|turn|16
|inactive|Fogbound Lake has 60 seconds left.
|
|t:|1668372797
|move|p2a: Futari Honey Boy|Knock Off|p1a: Ho-Oh
|-damage|p1a: Ho-Oh|46/100 par
|cant|p1a: Ho-Oh|par
|
|-heal|p2a: Futari Honey Boy|90/100 brn|[from] item: Leftovers
|-damage|p2a: Futari Honey Boy|84/100 brn|[from] brn
|upkeep
|turn|17
|inactive|Fogbound Lake has 60 seconds left.
|
|t:|1668372802
|move|p2a: Futari Honey Boy|Knock Off|p1a: Ho-Oh
|-damage|p1a: Ho-Oh|37/100 par
|move|p1a: Ho-Oh|Defog|p2a: Futari Honey Boy
|-unboost|p2a: Futari Honey Boy|evasion|1
|-sideend|p2: Fogbound Lake|Stealth Rock|[from] move: Defog|[of] p1a: Ho-Oh
|-sideend|p1: Kate|Stealth Rock|[from] move: Defog|[of] p1a: Ho-Oh
|
|-heal|p2a: Futari Honey Boy|90/100 brn|[from] item: Leftovers
|-damage|p2a: Futari Honey Boy|84/100 brn|[from] brn
|upkeep
|turn|18
|inactive|Fogbound Lake has 60 seconds left.
|
|t:|1668372821
|switch|p1a: Yveltal|Yveltal|100/100
|-ability|p1a: Yveltal|Dark Aura
|move|p2a: Futari Honey Boy|Knock Off|p1a: Yveltal
|-resisted|p1a: Yveltal
|-damage|p1a: Yveltal|95/100
|
|-heal|p2a: Futari Honey Boy|90/100 brn|[from] item: Leftovers
|-damage|p2a: Futari Honey Boy|84/100 brn|[from] brn
|upkeep
|turn|19
|inactive|Fogbound Lake has 60 seconds left.
|
|t:|1668372836
|switch|p1a: Weavile|Weavile, M|100/100
|-ability|p1a: Weavile|Pressure
|switch|p2a: Love? Reason why!!|Yveltal|91/100
|-ability|p2a: Love? Reason why!!|Dark Aura
|
|upkeep
|turn|20
|inactive|Fogbound Lake has 60 seconds left.
|inactive|Fogbound Lake has 30 seconds left.
|
|t:|1668372878
|switch|p2a: CLICK|Darmanitan-Galar, F|100/100
|move|p1a: Weavile|Beat Up|p2a: CLICK
|-damage|p2a: CLICK|81/100
|-damage|p2a: CLICK|60/100
|-damage|p2a: CLICK|36/100
|-damage|p2a: CLICK|20/100
|-damage|p2a: CLICK|0 fnt
|faint|p2a: CLICK
|-hitcount|p2: CLICK|5
|
|upkeep
|inactive|Fogbound Lake has 30 seconds left this turn.
|inactive|Fogbound Lake has 20 seconds left.
|inactive|Fogbound Lake has 15 seconds left.
|
|t:|1668372896
|switch|p2a: Fantastic Future|Eternatus|88/100
|-ability|p2a: Fantastic Future|Pressure
|turn|21
|inactive|Fogbound Lake has 25 seconds left this turn.
|inactive|Fogbound Lake has 20 seconds left.
|
|t:|1668372904
|switch|p2a: Naked Dive|Groudon|61/100 brn
|-weather|SunnyDay|[from] ability: Drought|[of] p2a: Naked Dive
|switch|p1a: Ho-Oh|Ho-Oh|70/100 par
|
|-weather|SunnyDay|[upkeep]
|-heal|p2a: Naked Dive|67/100 brn|[from] item: Leftovers
|-damage|p2a: Naked Dive|61/100 brn|[from] brn
|upkeep
|turn|22
|inactive|Fogbound Lake has 30 seconds left this turn.
|
|t:|1668372912
|move|p2a: Naked Dive|Stealth Rock|p1a: Ho-Oh
|-sidestart|p1: Kate|move: Stealth Rock
|cant|p1a: Ho-Oh|par
|
|-weather|SunnyDay|[upkeep]
|-heal|p2a: Naked Dive|67/100 brn|[from] item: Leftovers
|-damage|p2a: Naked Dive|61/100 brn|[from] brn
|upkeep
|turn|23
|inactive|Fogbound Lake has 30 seconds left.
|
|t:|1668372930
|switch|p1a: Necrozma|Necrozma-Dusk-Mane|94/100
|-damage|p1a: Necrozma|88/100|[from] Stealth Rock
|move|p2a: Naked Dive|Stone Edge|p1a: Necrozma
|-resisted|p1a: Necrozma
|-damage|p1a: Necrozma|82/100
|
|-weather|SunnyDay|[upkeep]
|-heal|p2a: Naked Dive|67/100 brn|[from] item: Leftovers
|-damage|p2a: Naked Dive|61/100 brn|[from] brn
|upkeep
|turn|24
|inactive|Fogbound Lake has 30 seconds left.
|
|t:|1668372952
|switch|p2a: Love? Reason why!!|Yveltal|91/100
|-ability|p2a: Love? Reason why!!|Dark Aura
|move|p1a: Necrozma|Stealth Rock|p2a: Love? Reason why!!
|-sidestart|p2: Fogbound Lake|move: Stealth Rock
|
|-weather|SunnyDay|[upkeep]
|upkeep
|turn|25
|inactive|Fogbound Lake has 30 seconds left.
|inactive|Fogbound Lake has 20 seconds left.
|inactive|Fogbound Lake has 15 seconds left.
|
|t:|1668372973
|switch|p1a: Yveltal|Yveltal|95/100
|-damage|p1a: Yveltal|70/100|[from] Stealth Rock
|-ability|p1a: Yveltal|Dark Aura
|move|p2a: Love? Reason why!!|Knock Off|p1a: Yveltal
|-resisted|p1a: Yveltal
|-damage|p1a: Yveltal|50/100
|-damage|p2a: Love? Reason why!!|81/100|[from] item: Life Orb
|
|-weather|none
|upkeep
|turn|26
|inactive|Fogbound Lake has 25 seconds left this turn.
|
|t:|1668372977
|move|p1a: Yveltal|Roost|p1a: Yveltal
|-heal|p1a: Yveltal|99/100
|-singleturn|p1a: Yveltal|move: Roost
|move|p2a: Love? Reason why!!|Hone Claws|p2a: Love? Reason why!!
|-boost|p2a: Love? Reason why!!|atk|1
|-boost|p2a: Love? Reason why!!|accuracy|1
|
|upkeep
|turn|27
|inactive|Fogbound Lake has 30 seconds left.
|
|t:|1668372989
|move|p2a: Love? Reason why!!|Knock Off|p1a: Yveltal
|-resisted|p1a: Yveltal
|-damage|p1a: Yveltal|66/100
|-damage|p2a: Love? Reason why!!|71/100|[from] item: Life Orb
|move|p1a: Yveltal|Foul Play|p2a: Love? Reason why!!
|-resisted|p2a: Love? Reason why!!
|-damage|p2a: Love? Reason why!!|32/100
|
|upkeep
|turn|28
|inactive|Fogbound Lake has 30 seconds left.
|
|t:|1668372995
|move|p1a: Yveltal|Foul Play|p2a: Love? Reason why!!
|-resisted|p2a: Love? Reason why!!
|-damage|p2a: Love? Reason why!!|0 fnt
|faint|p2a: Love? Reason why!!
|
|upkeep
|inactive|Fogbound Lake has 30 seconds left.
|inactive|Fogbound Lake has 20 seconds left.
|inactive|Fogbound Lake has 15 seconds left.
|c|☆Fogbound Lake|why is everyone playing fplay vs me :shrug:
|
|t:|1668373019
|switch|p2a: Fantastic Future|Eternatus|88/100
|-damage|p2a: Fantastic Future|76/100|[from] Stealth Rock
|-ability|p2a: Fantastic Future|Pressure
|turn|29
|inactive|Fogbound Lake has 25 seconds left this turn.
|inactive|Fogbound Lake has 20 seconds left.
|inactive|Fogbound Lake has 15 seconds left.
|inactive|Fogbound Lake has 10 seconds left.
|inactive|Fogbound Lake has 5 seconds left.
|
|t:|1668373044
|move|p2a: Fantastic Future|Toxic|p1a: Yveltal
|-status|p1a: Yveltal|tox
|move|p1a: Yveltal|Roost|p1a: Yveltal
|-heal|p1a: Yveltal|100/100 tox
|-singleturn|p1a: Yveltal|move: Roost
|
|-damage|p1a: Yveltal|94/100 tox|[from] psn
|upkeep
|turn|30
|inactive|Fogbound Lake has 15 seconds left this turn.
|inactive|Fogbound Lake has 10 seconds left.
|
|t:|1668373054
|switch|p1a: Necrozma|Necrozma-Dusk-Mane|82/100
|-damage|p1a: Necrozma|76/100|[from] Stealth Rock
|move|p2a: Fantastic Future|Mystical Fire|p1a: Necrozma
|-supereffective|p1a: Necrozma
|-damage|p1a: Necrozma|56/100
|-unboost|p1a: Necrozma|spa|1
|
|upkeep
|turn|31
|inactive|Fogbound Lake has 20 seconds left this turn.
|inactive|Fogbound Lake has 15 seconds left.
|
|t:|1668373060
|switch|p2a: Never the Fever!!|Ho-Oh|100/100 par
|move|p1a: Necrozma|Moonlight|p1a: Necrozma
|-heal|p1a: Necrozma|100/100
|
|upkeep
|turn|32
|inactive|Fogbound Lake has 25 seconds left this turn.
|inactive|Fogbound Lake has 20 seconds left.
|
|t:|1668373078
|switch|p1a: Yveltal|Yveltal|94/100 tox
|-damage|p1a: Yveltal|70/100 tox|[from] Stealth Rock
|-ability|p1a: Yveltal|Dark Aura
|move|p2a: Never the Fever!!|Brave Bird|p1a: Yveltal
|-damage|p1a: Yveltal|15/100 tox
|-damage|p2a: Never the Fever!!|81/100 par|[from] Recoil
|
|-damage|p1a: Yveltal|9/100 tox|[from] psn
|upkeep
|turn|33
|inactive|Fogbound Lake has 30 seconds left this turn.
|
|t:|1668373086
|switch|p2a: Fantastic Future|Eternatus|76/100
|-damage|p2a: Fantastic Future|63/100|[from] Stealth Rock
|-ability|p2a: Fantastic Future|Pressure
|move|p1a: Yveltal|Foul Play|p2a: Fantastic Future
|-damage|p2a: Fantastic Future|44/100
|
|-damage|p1a: Yveltal|0 fnt|[from] psn
|faint|p1a: Yveltal
|upkeep
|inactive|Fogbound Lake has 30 seconds left this turn.
|inactive|Kate has 270 seconds left.
|inactive|Kate has 240 seconds left.
|
|t:|1668373142
|switch|p1a: Weavile|Weavile, M|100/100
|-damage|p1a: Weavile|76/100|[from] Stealth Rock
|-ability|p1a: Weavile|Pressure
|turn|34
|inactive|Fogbound Lake has 30 seconds left.
|inactive|Fogbound Lake has 20 seconds left.
|inactive|Fogbound Lake has 15 seconds left.
|inactive|Fogbound Lake has 10 seconds left.
|
|t:|1668373174
|switch|p2a: Never the Fever!!|Ho-Oh|100/100 par
|move|p1a: Weavile|Knock Off|p2a: Never the Fever!!
|-damage|p2a: Never the Fever!!|31/100 par
|-enditem|p2a: Never the Fever!!|Heavy-Duty Boots|[from] move: Knock Off|[of] p1a: Weavile
|
|upkeep
|turn|35
|inactive|Fogbound Lake has 20 seconds left this turn.
|inactive|Fogbound Lake has 15 seconds left.
|inactive|Fogbound Lake has 10 seconds left.
|inactive|Fogbound Lake has 5 seconds left.
|
|t:|1668373193
|move|p1a: Weavile|Knock Off|p2a: Never the Fever!!
|-damage|p2a: Never the Fever!!|0 fnt
|faint|p2a: Never the Fever!!
|
|upkeep
|inactive|Fogbound Lake has 10 seconds left this turn.
|
|t:|1668373197
|switch|p2a: Fantastic Future|Eternatus|44/100
|-damage|p2a: Fantastic Future|31/100|[from] Stealth Rock
|-ability|p2a: Fantastic Future|Pressure
|turn|36
|inactive|Fogbound Lake has 20 seconds left this turn.
|inactive|Kate has 270 seconds left.
|
|t:|1668373203
|move|p2a: Fantastic Future|Recover|p2a: Fantastic Future
|-heal|p2a: Fantastic Future|81/100
|move|p1a: Weavile|Knock Off|p2a: Fantastic Future
|-damage|p2a: Fantastic Future|35/100
|-enditem|p2a: Fantastic Future|Shuca Berry|[from] move: Knock Off|[of] p1a: Weavile
|
|upkeep
|turn|37
|inactive|Fogbound Lake has 30 seconds left this turn.
|inactive|Kate has 270 seconds left.
|
|t:|1668373219
|switch|p1a: Ho-Oh|Ho-Oh|100/100 par
|-damage|p1a: Ho-Oh|51/100 par|[from] Stealth Rock
|move|p2a: Fantastic Future|Recover|p2a: Fantastic Future
|-heal|p2a: Fantastic Future|85/100
|
|upkeep
|turn|38
|inactive|Kate has 270 seconds left.
|
|t:|1668373228
|move|p2a: Fantastic Future|Dynamax Cannon|p1a: Ho-Oh
|-damage|p1a: Ho-Oh|23/100 par
|move|p1a: Ho-Oh|Defog|p2a: Fantastic Future
|-unboost|p2a: Fantastic Future|evasion|1
|-sideend|p2: Fogbound Lake|Stealth Rock|[from] move: Defog|[of] p1a: Ho-Oh
|-sideend|p1: Kate|Stealth Rock|[from] move: Defog|[of] p1a: Ho-Oh
|
|upkeep
|turn|39
|
|t:|1668373238
|switch|p2a: Naked Dive|Groudon|61/100 brn
|-weather|SunnyDay|[from] ability: Drought|[of] p2a: Naked Dive
|switch|p1a: Necrozma|Necrozma-Dusk-Mane|100/100
|
|-weather|SunnyDay|[upkeep]
|-heal|p2a: Naked Dive|67/100 brn|[from] item: Leftovers
|-damage|p2a: Naked Dive|61/100 brn|[from] brn
|upkeep
|turn|40
|
|t:|1668373241
|switch|p1a: Xerneas|Xerneas|100/100
|-ability|p1a: Xerneas|Fairy Aura
|move|p2a: Naked Dive|Stealth Rock|p1a: Xerneas
|-sidestart|p1: Kate|move: Stealth Rock
|
|-weather|SunnyDay|[upkeep]
|-heal|p2a: Naked Dive|67/100 brn|[from] item: Leftovers
|-damage|p2a: Naked Dive|61/100 brn|[from] brn
|upkeep
|turn|41
|inactive|Fogbound Lake has 30 seconds left.
|
|t:|1668373271
|move|p1a: Xerneas|Substitute|p1a: Xerneas
|-start|p1a: Xerneas|Substitute
|-damage|p1a: Xerneas|76/100
|move|p2a: Naked Dive|Roar|p1a: Xerneas
|drag|p1a: Ho-Oh|Ho-Oh|56/100 par
|-damage|p1a: Ho-Oh|6/100 par|[from] Stealth Rock
|
|-weather|SunnyDay|[upkeep]
|-heal|p2a: Naked Dive|67/100 brn|[from] item: Leftovers
|-damage|p2a: Naked Dive|61/100 brn|[from] brn
|upkeep
|turn|42
|inactive|Fogbound Lake has 30 seconds left.
|
|t:|1668373283
|switch|p1a: Necrozma|Necrozma-Dusk-Mane|100/100
|-damage|p1a: Necrozma|94/100|[from] Stealth Rock
|move|p2a: Naked Dive|Stone Edge|p1a: Necrozma|[miss]
|-miss|p2a: Naked Dive|p1a: Necrozma
|
|-weather|SunnyDay|[upkeep]
|-heal|p2a: Naked Dive|67/100 brn|[from] item: Leftovers
|-damage|p2a: Naked Dive|61/100 brn|[from] brn
|upkeep
|turn|43
|
|t:|1668373292
|switch|p2a: Futari Honey Boy|Necrozma-Dusk-Mane|84/100 brn
|move|p1a: Necrozma|Stealth Rock|p2a: Futari Honey Boy
|-sidestart|p2: Fogbound Lake|move: Stealth Rock
|
|-weather|none
|-heal|p2a: Futari Honey Boy|90/100 brn|[from] item: Leftovers
|-damage|p2a: Futari Honey Boy|84/100 brn|[from] brn
|upkeep
|turn|44
|inactive|Fogbound Lake has 30 seconds left.
|inactive|Fogbound Lake has 20 seconds left.
|
|t:|1668373323
|switch|p1a: Weavile|Weavile, M|76/100
|-damage|p1a: Weavile|51/100|[from] Stealth Rock
|-ability|p1a: Weavile|Pressure
|move|p2a: Futari Honey Boy|Thunder Wave|p1a: Weavile
|-status|p1a: Weavile|par
|
|-heal|p2a: Futari Honey Boy|90/100 brn|[from] item: Leftovers
|-damage|p2a: Futari Honey Boy|84/100 brn|[from] brn
|upkeep
|turn|45
|inactive|Fogbound Lake has 30 seconds left this turn.
|inactive|Fogbound Lake has 20 seconds left.
|
|t:|1668373336
|switch|p1a: Necrozma|Necrozma-Dusk-Mane|94/100
|-damage|p1a: Necrozma|88/100|[from] Stealth Rock
|move|p2a: Futari Honey Boy|Iron Head|p1a: Necrozma
|-resisted|p1a: Necrozma
|-damage|p1a: Necrozma|81/100
|
|-heal|p2a: Futari Honey Boy|90/100 brn|[from] item: Leftovers
|-damage|p2a: Futari Honey Boy|84/100 brn|[from] brn
|upkeep
|turn|46
|inactive|Fogbound Lake has 30 seconds left this turn.
|
|t:|1668373340
|move|p1a: Necrozma|Earthquake|p2a: Futari Honey Boy
|-supereffective|p2a: Futari Honey Boy
|-damage|p2a: Futari Honey Boy|53/100 brn
|move|p2a: Futari Honey Boy|Thunder Wave|p1a: Necrozma
|-status|p1a: Necrozma|par
|
|-heal|p2a: Futari Honey Boy|59/100 brn|[from] item: Leftovers
|-damage|p2a: Futari Honey Boy|53/100 brn|[from] brn
|upkeep
|turn|47
|
|t:|1668373350
|move|p2a: Futari Honey Boy|Morning Sun|p2a: Futari Honey Boy
|-heal|p2a: Futari Honey Boy|100/100 brn
|move|p1a: Necrozma|Earthquake|p2a: Futari Honey Boy
|-supereffective|p2a: Futari Honey Boy
|-damage|p2a: Futari Honey Boy|67/100 brn
|
|-heal|p2a: Futari Honey Boy|73/100 brn|[from] item: Leftovers
|-damage|p2a: Futari Honey Boy|67/100 brn|[from] brn
|upkeep
|turn|48
|
|t:|1668373356
|move|p2a: Futari Honey Boy|Knock Off|p1a: Necrozma
|-supereffective|p1a: Necrozma
|-damage|p1a: Necrozma|63/100 par
|-enditem|p1a: Necrozma|Shed Shell|[from] move: Knock Off|[of] p2a: Futari Honey Boy
|move|p1a: Necrozma|Earthquake|p2a: Futari Honey Boy
|-supereffective|p2a: Futari Honey Boy
|-damage|p2a: Futari Honey Boy|36/100 brn
|
|-heal|p2a: Futari Honey Boy|42/100 brn|[from] item: Leftovers
|-damage|p2a: Futari Honey Boy|36/100 brn|[from] brn
|upkeep
|turn|49
|
|t:|1668373365
|move|p2a: Futari Honey Boy|Morning Sun|p2a: Futari Honey Boy
|-heal|p2a: Futari Honey Boy|86/100 brn
|move|p1a: Necrozma|Earthquake|p2a: Futari Honey Boy
|-supereffective|p2a: Futari Honey Boy
|-damage|p2a: Futari Honey Boy|52/100 brn
|
|-heal|p2a: Futari Honey Boy|58/100 brn|[from] item: Leftovers
|-damage|p2a: Futari Honey Boy|52/100 brn|[from] brn
|upkeep
|turn|50
|
|t:|1668373372
|move|p2a: Futari Honey Boy|Morning Sun|p2a: Futari Honey Boy
|-heal|p2a: Futari Honey Boy|100/100 brn
|move|p1a: Necrozma|Moonlight|p1a: Necrozma
|-heal|p1a: Necrozma|100/100 par
|
|-damage|p2a: Futari Honey Boy|94/100 brn|[from] brn
|upkeep
|turn|51
|
|t:|1668373380
|switch|p2a: Fantastic Future|Eternatus|85/100
|-damage|p2a: Fantastic Future|72/100|[from] Stealth Rock
|-ability|p2a: Fantastic Future|Pressure
|cant|p1a: Necrozma|par
|
|upkeep
|turn|52
|inactive|Fogbound Lake has 60 seconds left.
|
|t:|1668373391
|move|p2a: Fantastic Future|Recover|p2a: Fantastic Future
|-heal|p2a: Fantastic Future|100/100
|move|p1a: Necrozma|Earthquake|p2a: Fantastic Future
|-supereffective|p2a: Fantastic Future
|-crit|p2a: Fantastic Future
|-damage|p2a: Fantastic Future|28/100
|
|upkeep
|turn|53
|inactive|Fogbound Lake has 60 seconds left.
|
|t:|1668373409
|move|p2a: Fantastic Future|Recover|p2a: Fantastic Future
|-heal|p2a: Fantastic Future|78/100
|move|p1a: Necrozma|Earthquake|p2a: Fantastic Future
|-supereffective|p2a: Fantastic Future
|-damage|p2a: Fantastic Future|30/100
|
|upkeep
|turn|54
|inactive|Kate has 270 seconds left.
|
|t:|1668373447
|move|p2a: Fantastic Future|Recover|p2a: Fantastic Future
|-heal|p2a: Fantastic Future|80/100
|move|p1a: Necrozma|Earthquake|p2a: Fantastic Future
|-supereffective|p2a: Fantastic Future
|-damage|p2a: Fantastic Future|32/100
|
|upkeep
|turn|55
|
|t:|1668373459
|move|p2a: Fantastic Future|Recover|p2a: Fantastic Future
|-heal|p2a: Fantastic Future|82/100
|cant|p1a: Necrozma|par
|
|upkeep
|turn|56
|
|t:|1668373480
|move|p2a: Fantastic Future|Mystical Fire|p1a: Necrozma
|-supereffective|p1a: Necrozma
|-damage|p1a: Necrozma|78/100 par
|-unboost|p1a: Necrozma|spa|1
|move|p1a: Necrozma|Earthquake|p2a: Fantastic Future
|-supereffective|p2a: Fantastic Future
|-damage|p2a: Fantastic Future|38/100
|
|upkeep
|turn|57
|
|t:|1668373502
|switch|p1a: Eternatus|Eternatus|100/100
|-damage|p1a: Eternatus|88/100|[from] Stealth Rock
|-ability|p1a: Eternatus|Pressure
|move|p2a: Fantastic Future|Recover|p2a: Fantastic Future
|-heal|p2a: Fantastic Future|88/100
|
|upkeep
|turn|58
|
|t:|1668373526
|switch|p2a: Futari Honey Boy|Necrozma-Dusk-Mane|94/100 brn
|-damage|p2a: Futari Honey Boy|88/100 brn|[from] Stealth Rock
|move|p1a: Eternatus|Dragon Pulse|p2a: Futari Honey Boy
|-resisted|p2a: Futari Honey Boy
|-damage|p2a: Futari Honey Boy|74/100 brn
|
|-heal|p2a: Futari Honey Boy|80/100 brn|[from] item: Leftovers
|-damage|p2a: Futari Honey Boy|74/100 brn|[from] brn
|upkeep
|turn|59
|inactive|Fogbound Lake has 60 seconds left.
|
|t:|1668373541
|move|p1a: Eternatus|Cosmic Power|p1a: Eternatus
|-boost|p1a: Eternatus|def|1
|-boost|p1a: Eternatus|spd|1
|move|p2a: Futari Honey Boy|Thunder Wave|p1a: Eternatus
|-status|p1a: Eternatus|par
|
|-heal|p2a: Futari Honey Boy|80/100 brn|[from] item: Leftovers
|-damage|p2a: Futari Honey Boy|74/100 brn|[from] brn
|upkeep
|turn|60
|inactive|Fogbound Lake has 60 seconds left.
|
|t:|1668373576
|switch|p2a: Naked Dive|Groudon|61/100 brn
|-damage|p2a: Naked Dive|54/100 brn|[from] Stealth Rock
|-weather|SunnyDay|[from] ability: Drought|[of] p2a: Naked Dive
|move|p1a: Eternatus|Cosmic Power|p1a: Eternatus
|-boost|p1a: Eternatus|def|1
|-boost|p1a: Eternatus|spd|1
|
|-weather|SunnyDay|[upkeep]
|-heal|p2a: Naked Dive|61/100 brn|[from] item: Leftovers
|-damage|p2a: Naked Dive|54/100 brn|[from] brn
|upkeep
|turn|61
|inactive|Fogbound Lake has 30 seconds left.
|
|t:|1668373596
|move|p1a: Eternatus|Dragon Pulse|p2a: Naked Dive
|-damage|p2a: Naked Dive|20/100 brn
|move|p2a: Naked Dive|Roar|p1a: Eternatus
|drag|p1a: Ho-Oh|Ho-Oh|40/100 par
|-damage|p1a: Ho-Oh|0 fnt|[from] Stealth Rock
|faint|p1a: Ho-Oh
|
|-weather|SunnyDay|[upkeep]
|-heal|p2a: Naked Dive|26/100 brn|[from] item: Leftovers
|-damage|p2a: Naked Dive|20/100 brn|[from] brn
|upkeep
|inactive|Fogbound Lake has 30 seconds left this turn.
|
|t:|1668373601
|switch|p1a: Xerneas|Xerneas|76/100
|-damage|p1a: Xerneas|63/100|[from] Stealth Rock
|-ability|p1a: Xerneas|Fairy Aura
|turn|62
|inactive|Kate has 270 seconds left.
|inactive|Fogbound Lake has 30 seconds left.
|inactive|Fogbound Lake has 20 seconds left.
|inactive|Fogbound Lake has 15 seconds left.
|inactive|Fogbound Lake has 10 seconds left.
|inactive|Fogbound Lake has 5 seconds left.
|
|t:|1668373637
|move|p1a: Xerneas|Moonblast|p2a: Naked Dive
|-damage|p2a: Naked Dive|0 fnt
|faint|p2a: Naked Dive
|
|-weather|SunnyDay|[upkeep]
|upkeep
|inactive|Fogbound Lake has 10 seconds left this turn.
|
|t:|1668373639
|switch|p2a: Futari Honey Boy|Necrozma-Dusk-Mane|74/100 brn
|-damage|p2a: Futari Honey Boy|68/100 brn|[from] Stealth Rock
|turn|63
|inactive|Fogbound Lake has 20 seconds left this turn.
|inactive|Fogbound Lake has 15 seconds left.
|
|t:|1668373649
|move|p1a: Xerneas|Geomancy||[still]
|-prepare|p1a: Xerneas|Geomancy
|-enditem|p1a: Xerneas|Power Herb
|-anim|p1a: Xerneas|Geomancy|p1a: Xerneas
|-boost|p1a: Xerneas|spa|2
|-boost|p1a: Xerneas|spd|2
|-boost|p1a: Xerneas|spe|2
|move|p2a: Futari Honey Boy|Iron Head|p1a: Xerneas
|-supereffective|p1a: Xerneas
|-damage|p1a: Xerneas|32/100
|
|-weather|SunnyDay|[upkeep]
|-heal|p2a: Futari Honey Boy|74/100 brn|[from] item: Leftovers
|-damage|p2a: Futari Honey Boy|68/100 brn|[from] brn
|upkeep
|turn|64
|inactive|Fogbound Lake has 25 seconds left this turn.
|inactive|Fogbound Lake has 20 seconds left.
|inactive|Fogbound Lake has 15 seconds left.
|
|t:|1668373663
|move|p1a: Xerneas|Moonblast|p2a: Futari Honey Boy
|-resisted|p2a: Futari Honey Boy
|-damage|p2a: Futari Honey Boy|23/100 brn
|move|p2a: Futari Honey Boy|Iron Head|p1a: Xerneas
|-supereffective|p1a: Xerneas
|-damage|p1a: Xerneas|0 fnt
|faint|p1a: Xerneas
|
|-weather|none
|-heal|p2a: Futari Honey Boy|29/100 brn|[from] item: Leftovers
|-damage|p2a: Futari Honey Boy|23/100 brn|[from] brn
|upkeep
|inactive|Fogbound Lake has 20 seconds left this turn.
|
|t:|1668373676
|switch|p1a: Eternatus|Eternatus|88/100 par
|-damage|p1a: Eternatus|76/100 par|[from] Stealth Rock
|-ability|p1a: Eternatus|Pressure
|turn|65
|inactive|Fogbound Lake has 30 seconds left this turn.
|
|t:|1668373685
|switch|p2a: Fantastic Future|Eternatus|88/100
|-damage|p2a: Fantastic Future|75/100|[from] Stealth Rock
|-ability|p2a: Fantastic Future|Pressure
|move|p1a: Eternatus|Cosmic Power|p1a: Eternatus
|-boost|p1a: Eternatus|def|1
|-boost|p1a: Eternatus|spd|1
|
|upkeep
|turn|66
|
|t:|1668373689
|move|p2a: Fantastic Future|Dynamax Cannon|p1a: Eternatus
|-supereffective|p1a: Eternatus
|-damage|p1a: Eternatus|36/100 par
|move|p1a: Eternatus|Recover|p1a: Eternatus
|-heal|p1a: Eternatus|87/100 par
|
|upkeep
|turn|67
|inactive|Fogbound Lake has 30 seconds left.
|inactive|Fogbound Lake has 20 seconds left.
|inactive|Fogbound Lake has 15 seconds left.
|inactive|Fogbound Lake has 10 seconds left.
|
|t:|1668373727
|move|p2a: Fantastic Future|Mystical Fire|p1a: Eternatus
|-resisted|p1a: Eternatus
|-damage|p1a: Eternatus|82/100 par
|-unboost|p1a: Eternatus|spa|1
|move|p1a: Eternatus|Cosmic Power|p1a: Eternatus
|-boost|p1a: Eternatus|def|1
|-boost|p1a: Eternatus|spd|1
|
|upkeep
|turn|68
|inactive|Fogbound Lake has 20 seconds left this turn.
|
|t:|1668373740
|move|p2a: Fantastic Future|Mystical Fire|p1a: Eternatus
|-resisted|p1a: Eternatus
|-damage|p1a: Eternatus|78/100 par
|-unboost|p1a: Eternatus|spa|1
|cant|p1a: Eternatus|par
|
|upkeep
|turn|69
|inactive|Fogbound Lake has 30 seconds left this turn.
|
|t:|1668373744
|switch|p2a: Futari Honey Boy|Necrozma-Dusk-Mane|23/100 brn
|-damage|p2a: Futari Honey Boy|17/100 brn|[from] Stealth Rock
|move|p1a: Eternatus|Recover|p1a: Eternatus
|-heal|p1a: Eternatus|100/100 par
|
|-heal|p2a: Futari Honey Boy|23/100 brn|[from] item: Leftovers
|-damage|p2a: Futari Honey Boy|17/100 brn|[from] brn
|upkeep
|turn|70
|
|t:|1668373756
|move|p2a: Futari Honey Boy|Morning Sun|p2a: Futari Honey Boy
|-heal|p2a: Futari Honey Boy|66/100 brn
|cant|p1a: Eternatus|par
|
|-heal|p2a: Futari Honey Boy|73/100 brn|[from] item: Leftovers
|-damage|p2a: Futari Honey Boy|66/100 brn|[from] brn
|upkeep
|turn|71
|
|t:|1668373760
|move|p2a: Futari Honey Boy|Knock Off|p1a: Eternatus
|-damage|p1a: Eternatus|93/100 par
|-enditem|p1a: Eternatus|Power Herb|[from] move: Knock Off|[of] p2a: Futari Honey Boy
|move|p1a: Eternatus|Cosmic Power|p1a: Eternatus
|-boost|p1a: Eternatus|def|1
|-boost|p1a: Eternatus|spd|1
|
|-heal|p2a: Futari Honey Boy|73/100 brn|[from] item: Leftovers
|-damage|p2a: Futari Honey Boy|66/100 brn|[from] brn
|upkeep
|turn|72
|inactive|Fogbound Lake has 30 seconds left.
|inactive|Fogbound Lake has 20 seconds left.
|
|t:|1668373801
|switch|p2a: Fantastic Future|Eternatus|75/100
|-damage|p2a: Fantastic Future|63/100|[from] Stealth Rock
|-ability|p2a: Fantastic Future|Pressure
|move|p1a: Eternatus|Meteor Beam||[still]
|-prepare|p1a: Eternatus|Meteor Beam
|-boost|p1a: Eternatus|spa|1
|
|upkeep
|turn|73
|inactive|Fogbound Lake has 30 seconds left this turn.
|inactive|Fogbound Lake has 20 seconds left.
|inactive|Fogbound Lake has 15 seconds left.
|inactive|Fogbound Lake has 10 seconds left.
|
|t:|1668373821
|move|p2a: Fantastic Future|Mystical Fire|p1a: Eternatus
|-resisted|p1a: Eternatus
|-damage|p1a: Eternatus|90/100 par
|-unboost|p1a: Eternatus|spa|1
|move|p1a: Eternatus|Meteor Beam|p2a: Fantastic Future|[from]lockedmove
|-crit|p2a: Fantastic Future
|-damage|p2a: Fantastic Future|20/100
|
|upkeep
|turn|74
|inactive|Fogbound Lake has 20 seconds left this turn.
|
|t:|1668373838
|move|p2a: Fantastic Future|Recover|p2a: Fantastic Future
|-heal|p2a: Fantastic Future|70/100
|move|p1a: Eternatus|Dragon Pulse|p2a: Fantastic Future
|-supereffective|p2a: Fantastic Future
|-damage|p2a: Fantastic Future|38/100
|
|upkeep
|turn|75
|inactive|Fogbound Lake has 30 seconds left this turn.
|
|t:|1668373846
|move|p2a: Fantastic Future|Recover|p2a: Fantastic Future
|-heal|p2a: Fantastic Future|88/100
|cant|p1a: Eternatus|par
|
|upkeep
|turn|76
|inactive|Fogbound Lake has 30 seconds left.
|
|t:|1668373855
|move|p2a: Fantastic Future|Toxic||[still]
|-fail|p2a: Fantastic Future
|move|p1a: Eternatus|Recover|p1a: Eternatus
|-heal|p1a: Eternatus|100/100 par
|
|upkeep
|turn|77
|
|t:|1668373862
|move|p2a: Fantastic Future|Toxic||[still]
|-fail|p2a: Fantastic Future
|move|p1a: Eternatus|Cosmic Power|p1a: Eternatus
|-boost|p1a: Eternatus|def|1
|-boost|p1a: Eternatus|spd|1
|
|upkeep
|turn|78
|inactive|Fogbound Lake has 30 seconds left.
|inactive|Fogbound Lake has 20 seconds left.
|inactive|Fogbound Lake has 15 seconds left.
|inactive|Fogbound Lake has 10 seconds left.
|
|t:|1668373904
|move|p2a: Fantastic Future|Dynamax Cannon|p1a: Eternatus
|-supereffective|p1a: Eternatus
|-damage|p1a: Eternatus|78/100 par
|move|p1a: Eternatus|Cosmic Power|p1a: Eternatus
|-boost|p1a: Eternatus|def|1
|-boost|p1a: Eternatus|spd|1
|
|upkeep
|turn|79
|inactive|Fogbound Lake has 20 seconds left this turn.
|
|t:|1668373909
|move|p2a: Fantastic Future|Dynamax Cannon|p1a: Eternatus
|-supereffective|p1a: Eternatus
|-damage|p1a: Eternatus|62/100 par
|cant|p1a: Eternatus|par
|
|upkeep
|turn|80
|inactive|Fogbound Lake has 30 seconds left this turn.
|
|t:|1668373915
|move|p2a: Fantastic Future|Dynamax Cannon|p1a: Eternatus
|-supereffective|p1a: Eternatus
|-damage|p1a: Eternatus|43/100 par
|move|p1a: Eternatus|Recover|p1a: Eternatus
|-heal|p1a: Eternatus|93/100 par
|
|upkeep
|turn|81
|inactive|Fogbound Lake has 30 seconds left.
|inactive|Fogbound Lake has 20 seconds left.
|inactive|Fogbound Lake has 15 seconds left.
|
|t:|1668373935
|switch|p2a: Futari Honey Boy|Necrozma-Dusk-Mane|66/100 brn
|-damage|p2a: Futari Honey Boy|60/100 brn|[from] Stealth Rock
|cant|p1a: Eternatus|par
|
|-heal|p2a: Futari Honey Boy|66/100 brn|[from] item: Leftovers
|-damage|p2a: Futari Honey Boy|60/100 brn|[from] brn
|upkeep
|turn|82
|inactive|Fogbound Lake has 25 seconds left this turn.
|
|t:|1668373947
|move|p2a: Futari Honey Boy|Iron Head|p1a: Eternatus
|-damage|p1a: Eternatus|88/100 par
|cant|p1a: Eternatus|flinch
|
|-heal|p2a: Futari Honey Boy|66/100 brn|[from] item: Leftovers
|-damage|p2a: Futari Honey Boy|60/100 brn|[from] brn
|upkeep
|turn|83
|inactive|Fogbound Lake has 30 seconds left.
|
|t:|1668373952
|move|p2a: Futari Honey Boy|Iron Head|p1a: Eternatus
|-damage|p1a: Eternatus|84/100 par
|move|p1a: Eternatus|Recover|p1a: Eternatus
|-heal|p1a: Eternatus|100/100 par
|
|-heal|p2a: Futari Honey Boy|66/100 brn|[from] item: Leftovers
|-damage|p2a: Futari Honey Boy|60/100 brn|[from] brn
|upkeep
|turn|84
|
|t:|1668373957
|move|p2a: Futari Honey Boy|Iron Head|p1a: Eternatus
|-damage|p1a: Eternatus|95/100 par
|move|p1a: Eternatus|Meteor Beam||[still]
|-prepare|p1a: Eternatus|Meteor Beam
|-boost|p1a: Eternatus|spa|1
|
|-heal|p2a: Futari Honey Boy|66/100 brn|[from] item: Leftovers
|-damage|p2a: Futari Honey Boy|60/100 brn|[from] brn
|upkeep
|turn|85
|
|t:|1668373959
|move|p2a: Futari Honey Boy|Iron Head|p1a: Eternatus
|-damage|p1a: Eternatus|90/100 par
|move|p1a: Eternatus|Meteor Beam|p2a: Futari Honey Boy|[from]lockedmove
|-resisted|p2a: Futari Honey Boy
|-damage|p2a: Futari Honey Boy|52/100 brn
|
|-heal|p2a: Futari Honey Boy|58/100 brn|[from] item: Leftovers
|-damage|p2a: Futari Honey Boy|52/100 brn|[from] brn
|upkeep
|turn|86
|
|t:|1668373964
|move|p2a: Futari Honey Boy|Iron Head|p1a: Eternatus
|-damage|p1a: Eternatus|85/100 par
|move|p1a: Eternatus|Cosmic Power|p1a: Eternatus
|-boost|p1a: Eternatus|def|1
|-boost|p1a: Eternatus|spd|1
|
|-heal|p2a: Futari Honey Boy|58/100 brn|[from] item: Leftovers
|-damage|p2a: Futari Honey Boy|52/100 brn|[from] brn
|upkeep
|turn|87
|
|t:|1668373969
|move|p2a: Futari Honey Boy|Iron Head|p1a: Eternatus
|-damage|p1a: Eternatus|81/100 par
|cant|p1a: Eternatus|flinch
|
|-heal|p2a: Futari Honey Boy|58/100 brn|[from] item: Leftovers
|-damage|p2a: Futari Honey Boy|52/100 brn|[from] brn
|upkeep
|turn|88
|
|t:|1668373974
|move|p2a: Futari Honey Boy|Iron Head|p1a: Eternatus
|-damage|p1a: Eternatus|77/100 par
|move|p1a: Eternatus|Meteor Beam||[still]
|-prepare|p1a: Eternatus|Meteor Beam
|-boost|p1a: Eternatus|spa|1
|
|-heal|p2a: Futari Honey Boy|58/100 brn|[from] item: Leftovers
|-damage|p2a: Futari Honey Boy|52/100 brn|[from] brn
|upkeep
|turn|89
|
|t:|1668373983
|move|p2a: Futari Honey Boy|Iron Head|p1a: Eternatus
|-damage|p1a: Eternatus|72/100 par
|move|p1a: Eternatus|Meteor Beam|p2a: Futari Honey Boy|[from]lockedmove
|-resisted|p2a: Futari Honey Boy
|-damage|p2a: Futari Honey Boy|40/100 brn
|
|-heal|p2a: Futari Honey Boy|46/100 brn|[from] item: Leftovers
|-damage|p2a: Futari Honey Boy|40/100 brn|[from] brn
|upkeep
|turn|90
|inactive|Fogbound Lake has 90 seconds left.
|
|t:|1668374003
|move|p2a: Futari Honey Boy|Morning Sun|p2a: Futari Honey Boy
|-heal|p2a: Futari Honey Boy|90/100 brn
|cant|p1a: Eternatus|par
|
|-heal|p2a: Futari Honey Boy|96/100 brn|[from] item: Leftovers
|-damage|p2a: Futari Honey Boy|90/100 brn|[from] brn
|upkeep
|turn|91
|
|t:|1668374012
|switch|p2a: Fantastic Future|Eternatus|88/100
|-damage|p2a: Fantastic Future|76/100|[from] Stealth Rock
|-ability|p2a: Fantastic Future|Pressure
|move|p1a: Eternatus|Recover|p1a: Eternatus
|-heal|p1a: Eternatus|100/100 par
|
|upkeep
|turn|92
|
|t:|1668374020
|move|p2a: Fantastic Future|Mystical Fire|p1a: Eternatus
|-resisted|p1a: Eternatus
|-damage|p1a: Eternatus|98/100 par
|-unboost|p1a: Eternatus|spa|1
|cant|p1a: Eternatus|par
|
|upkeep
|turn|93
|
|t:|1668374028
|move|p2a: Fantastic Future|Mystical Fire|p1a: Eternatus
|-resisted|p1a: Eternatus
|-damage|p1a: Eternatus|97/100 par
|-unboost|p1a: Eternatus|spa|1
|move|p1a: Eternatus|Cosmic Power|p1a: Eternatus
|-boost|p1a: Eternatus|def|0
|-boost|p1a: Eternatus|spd|0
|
|upkeep
|turn|94
|
|t:|1668374039
|move|p2a: Fantastic Future|Mystical Fire|p1a: Eternatus
|-resisted|p1a: Eternatus
|-damage|p1a: Eternatus|94/100 par
|-unboost|p1a: Eternatus|spa|1
|move|p1a: Eternatus|Cosmic Power|p1a: Eternatus
|-boost|p1a: Eternatus|def|0
|-boost|p1a: Eternatus|spd|0
|
|upkeep
|turn|95
|c|☆Fogbound Lake|welp i tried gg 
|-message|Fogbound Lake forfeited.
|
|win|Kate
|c|☆Fogbound Lake|gl in finals
|c|☆Kate|Ggs
