|inactive|Battle timer is ON: inactive players will automatically lose when time's up.
|t:|1644711917
|gametype|singles
|player|p1|Skarph♫|lucas-gen4pt|
|player|p2|Stallion|#wcop2021oceania|
|teamsize|p1|6
|teamsize|p2|6
|gen|8
|tier|[Gen 8] Ubers
|rule|Sleep Clause Mod: Limit one foe put to sleep
|rule|Species Clause: Limit one of each Pokémon
|rule|OHKO Clause: OHKO moves are banned
|rule|Evasion Moves Clause: Evasion moves are banned
|rule|Endless Battle Clause: Forcing endless battles is banned
|rule|HP Percentage Mod: HP is shown in percentages
|rule|Dynamax Clause: You cannot dynamax
|clearpoke
|poke|p1|Ho-Oh|
|poke|p1|Yveltal|
|poke|p1|Blissey, F|
|poke|p1|Toxapex, F|
|poke|p1|Lunala|
|poke|p1|Clefable, F|
|poke|p2|Yveltal|
|poke|p2|Necrozma-Dusk-Mane|
|poke|p2|Eternatus|
|poke|p2|Zygarde|
|poke|p2|Ho-Oh|
|poke|p2|Dracovish|
|teampreview
|inactive|Skarph♫ has 270 seconds left.
|inactive|Stallion has 270 seconds left.
|c|☆Stallion|gl
|c|☆Skarph♫|u2
|inactive|Skarph♫ has 240 seconds left.
|inactive|Stallion has 240 seconds left.
|
|t:|1644711995
|start
|switch|p1a: Toxapex|Toxapex, F|100/100
|switch|p2a: Yveltal|Yveltal|100/100
|-ability|p2a: Yveltal|Dark Aura
|turn|1
|
|t:|1644712004
|move|p2a: Yveltal|Knock Off|p1a: Toxapex
|-damage|p1a: Toxapex|68/100
|-damage|p2a: Yveltal|84/100|[from] item: Rocky Helmet|[of] p1a: Toxapex
|-enditem|p1a: Toxapex|Rocky Helmet|[from] move: Knock Off|[of] p2a: Yveltal
|move|p1a: Toxapex|Knock Off|p2a: Yveltal
|-resisted|p2a: Yveltal
|-crit|p2a: Yveltal
|-damage|p2a: Yveltal|72/100
|-enditem|p2a: Yveltal|Heavy-Duty Boots|[from] move: Knock Off|[of] p1a: Toxapex
|
|upkeep
|turn|2
|
|t:|1644712013
|move|p2a: Yveltal|U-turn|p1a: Toxapex
|-resisted|p1a: Toxapex
|-damage|p1a: Toxapex|61/100
|
|t:|1644712016
|switch|p2a: Ho-Oh|Ho-Oh|100/100|[from]move: U-turn
|move|p1a: Toxapex|Knock Off|p2a: Ho-Oh
|-damage|p2a: Ho-Oh|87/100
|-enditem|p2a: Ho-Oh|Heavy-Duty Boots|[from] move: Knock Off|[of] p1a: Toxapex
|
|upkeep
|turn|3
|inactive|Skarph♫ has 270 seconds left.
|
|t:|1644712050
|move|p2a: Ho-Oh|Thunder Wave|p1a: Toxapex|[miss]
|-miss|p2a: Ho-Oh|p1a: Toxapex
|move|p1a: Toxapex|Toxic|p2a: Ho-Oh
|-status|p2a: Ho-Oh|tox
|
|-damage|p2a: Ho-Oh|81/100 tox|[from] psn
|upkeep
|turn|4
|c|☆Stallion|seriously
|inactive|Skarph♫ has 270 seconds left.
|
|t:|1644712078
|switch|p1a: Ho-Oh|Ho-Oh|100/100
|move|p2a: Ho-Oh|Thunder Wave|p1a: Ho-Oh
|-status|p1a: Ho-Oh|par
|
|-damage|p2a: Ho-Oh|69/100 tox|[from] psn
|upkeep
|turn|5
|
|t:|1644712094
|switch|p2a: Zygarde|Zygarde|100/100
|move|p1a: Ho-Oh|Sacred Fire|p2a: Zygarde
|-resisted|p2a: Zygarde
|-damage|p2a: Zygarde|86/100
|
|-heal|p2a: Zygarde|92/100|[from] item: Leftovers
|upkeep
|turn|6
|
|t:|1644712117
|move|p2a: Zygarde|Glare|p1a: Ho-Oh
|-fail|p1a: Ho-Oh|par
|cant|p1a: Ho-Oh|par
|
|-heal|p2a: Zygarde|98/100|[from] item: Leftovers
|upkeep
|turn|7
|
|t:|1644712123
|move|p2a: Zygarde|Coil|p2a: Zygarde
|-boost|p2a: Zygarde|atk|1
|-boost|p2a: Zygarde|def|1
|-boost|p2a: Zygarde|accuracy|1
|move|p1a: Ho-Oh|Brave Bird|p2a: Zygarde
|-damage|p2a: Zygarde|77/100
|-damage|p1a: Ho-Oh|94/100 par|[from] Recoil
|
|-heal|p2a: Zygarde|83/100|[from] item: Leftovers
|upkeep
|turn|8
|
|t:|1644712127
|move|p2a: Zygarde|Glare|p1a: Ho-Oh
|-fail|p1a: Ho-Oh|par
|cant|p1a: Ho-Oh|par
|
|-heal|p2a: Zygarde|89/100|[from] item: Leftovers
|upkeep
|turn|9
|
|t:|1644712152
|move|p2a: Zygarde|Thousand Arrows|p1a: Ho-Oh
|-damage|p1a: Ho-Oh|53/100 par
|-start|p1a: Ho-Oh|Smack Down
|cant|p1a: Ho-Oh|par
|
|-heal|p2a: Zygarde|95/100|[from] item: Leftovers
|upkeep
|turn|10
|inactive|Skarph♫ has 240 seconds left.
|
|t:|1644712188
|switch|p1a: Lunala|Lunala|100/100
|move|p2a: Zygarde|Glare|p1a: Lunala
|-status|p1a: Lunala|par
|
|-heal|p2a: Zygarde|100/100|[from] item: Leftovers
|upkeep
|turn|11
|
|t:|1644712212
|switch|p2a: Ho-Oh|Ho-Oh|100/100 tox
|move|p1a: Lunala|Hex|p2a: Ho-Oh
|-damage|p2a: Ho-Oh|70/100 tox
|
|-damage|p2a: Ho-Oh|64/100 tox|[from] psn
|upkeep
|turn|12
|inactive|Stallion has 270 seconds left.
|inactive|Skarph♫ has 210 seconds left.
|
|t:|1644712258
|switch|p2a: Yveltal|Yveltal|72/100
|-ability|p2a: Yveltal|Dark Aura
|switch|p1a: Ho-Oh|Ho-Oh|86/100 par
|
|upkeep
|turn|13
|
|t:|1644712267
|switch|p1a: Toxapex|Toxapex, F|95/100
|move|p2a: Yveltal|U-turn|p1a: Toxapex
|-resisted|p1a: Toxapex
|-damage|p1a: Toxapex|88/100
|
|t:|1644712273
|switch|p2a: Zygarde|Zygarde|100/100|[from]move: U-turn
|
|upkeep
|turn|14
|inactive|Stallion has 270 seconds left.
|
|t:|1644712301
|switch|p1a: Lunala|Lunala|100/100 par
|move|p2a: Zygarde|Thousand Arrows|p1a: Lunala
|-damage|p1a: Lunala|89/100 par
|
|upkeep
|turn|15
|inactive|Stallion has 270 seconds left.
|
|t:|1644712318
|switch|p2a: Yveltal|Yveltal|72/100
|-ability|p2a: Yveltal|Dark Aura
|move|p1a: Lunala|Roost|p1a: Lunala
|-heal|p1a: Lunala|100/100 par
|-singleturn|p1a: Lunala|move: Roost
|
|upkeep
|turn|16
|
|t:|1644712323
|switch|p1a: Toxapex|Toxapex, F|100/100
|move|p2a: Yveltal|U-turn|p1a: Toxapex
|-resisted|p1a: Toxapex
|-crit|p1a: Toxapex
|-damage|p1a: Toxapex|90/100
|
|t:|1644712330
|switch|p2a: Necrozma|Necrozma-Dusk-Mane|100/100|[from]move: U-turn
|
|upkeep
|turn|17
|inactive|Skarph♫ has 210 seconds left.
|
|t:|1644712342
|switch|p1a: Yveltal|Yveltal|100/100
|-ability|p1a: Yveltal|Dark Aura
|move|p2a: Necrozma|Stealth Rock|p1a: Yveltal
|-sidestart|p1: Skarph♫|move: Stealth Rock
|
|upkeep
|turn|18
|inactive|Skarph♫ has 210 seconds left.
|
|t:|1644712349
|switch|p2a: Eternatus|Eternatus|100/100
|-ability|p2a: Eternatus|Pressure
|move|p1a: Yveltal|Foul Play|p2a: Eternatus
|-damage|p2a: Eternatus|78/100
|
|upkeep
|turn|19
|inactive|Skarph♫ has 210 seconds left.
|
|t:|1644712360
|switch|p1a: Blissey|Blissey, F|100/100
|-damage|p1a: Blissey|88/100|[from] Stealth Rock
|move|p2a: Eternatus|Toxic|p1a: Blissey
|-status|p1a: Blissey|tox
|
|-damage|p1a: Blissey|82/100 tox|[from] psn
|upkeep
|turn|20
|
|t:|1644712362
|switch|p2a: Dracovish|Dracovish|100/100
|move|p1a: Blissey|Aromatherapy|p1a: Blissey
|-activate|p1a: Blissey|move: Aromatherapy
|-curestatus|p1a: Blissey|tox|[msg]
|-curestatus|p1: Ho-Oh|par|[msg]
|-curestatus|p1: Lunala|par|[msg]
|
|upkeep
|turn|21
|inactive|Skarph♫ has 210 seconds left.
|
|t:|1644712407
|move|p2a: Dracovish|Fishious Rend|p1a: Blissey
|-damage|p1a: Blissey|0 fnt
|faint|p1a: Blissey
|
|upkeep
|
|t:|1644712410
|switch|p1a: Yveltal|Yveltal|100/100
|-ability|p1a: Yveltal|Dark Aura
|turn|22
|
|t:|1644712427
|switch|p2a: Eternatus|Eternatus|78/100
|-ability|p2a: Eternatus|Pressure
|move|p1a: Yveltal|Defog|p2a: Eternatus
|-unboost|p2a: Eternatus|evasion|1
|-sideend|p1: Skarph♫|Stealth Rock|[from] move: Defog|[of] p1a: Yveltal
|
|upkeep
|turn|23
|
|t:|1644712436
|switch|p1a: Toxapex|Toxapex, F|100/100
|move|p2a: Eternatus|Toxic|p1a: Toxapex
|-immune|p1a: Toxapex
|
|upkeep
|turn|24
|
|t:|1644712444
|switch|p2a: Ho-Oh|Ho-Oh|97/100 tox
|move|p1a: Toxapex|Knock Off|p2a: Ho-Oh
|-damage|p2a: Ho-Oh|88/100 tox
|
|-damage|p2a: Ho-Oh|82/100 tox|[from] psn
|upkeep
|turn|25
|
|t:|1644712474
|move|p2a: Ho-Oh|Thunder Wave|p1a: Toxapex
|-status|p1a: Toxapex|par
|move|p1a: Toxapex|Knock Off|p2a: Ho-Oh
|-damage|p2a: Ho-Oh|74/100 tox
|
|-damage|p2a: Ho-Oh|62/100 tox|[from] psn
|upkeep
|turn|26
|inactive|Skarph♫ has 180 seconds left.
|
|t:|1644712495
|switch|p2a: Eternatus|Eternatus|78/100
|-ability|p2a: Eternatus|Pressure
|switch|p1a: Clefable|Clefable, F|100/100
|
|upkeep
|turn|27
|inactive|Skarph♫ has 180 seconds left.
|
|t:|1644712505
|switch|p2a: Necrozma|Necrozma-Dusk-Mane|100/100
|switch|p1a: Toxapex|Toxapex, F|100/100 par
|
|upkeep
|turn|28
|inactive|Skarph♫ has 180 seconds left.
|
|t:|1644712517
|switch|p1a: Ho-Oh|Ho-Oh|100/100
|move|p2a: Necrozma|Stealth Rock|p1a: Ho-Oh
|-sidestart|p1: Skarph♫|move: Stealth Rock
|
|upkeep
|turn|29
|
|t:|1644712523
|switch|p2a: Zygarde|Zygarde|100/100
|move|p1a: Ho-Oh|Sacred Fire|p2a: Zygarde
|-resisted|p2a: Zygarde
|-damage|p2a: Zygarde|85/100
|-status|p2a: Zygarde|brn
|
|-heal|p2a: Zygarde|91/100 brn|[from] item: Leftovers
|-damage|p2a: Zygarde|85/100 brn|[from] brn
|upkeep
|turn|30
|inactive|Skarph♫ has 180 seconds left.
|
|t:|1644712546
|switch|p1a: Lunala|Lunala|100/100
|move|p2a: Zygarde|Glare|p1a: Lunala
|-status|p1a: Lunala|par
|
|-heal|p2a: Zygarde|91/100 brn|[from] item: Leftovers
|-damage|p2a: Zygarde|85/100 brn|[from] brn
|upkeep
|turn|31
|inactive|Skarph♫ has 180 seconds left.
|
|t:|1644712557
|switch|p2a: Yveltal|Yveltal|72/100
|-ability|p2a: Yveltal|Dark Aura
|cant|p1a: Lunala|par
|
|upkeep
|turn|32
|inactive|Skarph♫ has 180 seconds left.
|
|t:|1644712575
|switch|p1a: Toxapex|Toxapex, F|100/100 par
|-damage|p1a: Toxapex|88/100 par|[from] Stealth Rock
|move|p2a: Yveltal|Knock Off|p1a: Toxapex
|-damage|p1a: Toxapex|64/100 par
|
|upkeep
|turn|33
|inactive|Skarph♫ has 180 seconds left.
|
|t:|1644712584
|move|p2a: Yveltal|U-turn|p1a: Toxapex
|-resisted|p1a: Toxapex
|-damage|p1a: Toxapex|57/100 par
|
|t:|1644712587
|switch|p2a: Zygarde|Zygarde|85/100 brn|[from]move: U-turn
|move|p1a: Toxapex|Recover|p1a: Toxapex
|-heal|p1a: Toxapex|100/100 par
|
|-heal|p2a: Zygarde|91/100 brn|[from] item: Leftovers
|-damage|p2a: Zygarde|85/100 brn|[from] brn
|upkeep
|turn|34
|
|t:|1644712595
|switch|p2a: Ho-Oh|Ho-Oh|95/100 tox
|cant|p1a: Toxapex|par
|
|-damage|p2a: Ho-Oh|89/100 tox|[from] psn
|upkeep
|turn|35
|
|t:|1644712600
|move|p1a: Toxapex|Knock Off|p2a: Ho-Oh
|-damage|p2a: Ho-Oh|80/100 tox
|move|p2a: Ho-Oh|Whirlwind|p1a: Toxapex
|drag|p1a: Clefable|Clefable, F|100/100
|
|-damage|p2a: Ho-Oh|67/100 tox|[from] psn
|upkeep
|turn|36
|
|t:|1644712621
|switch|p1a: Toxapex|Toxapex, F|100/100 par
|-damage|p1a: Toxapex|88/100 par|[from] Stealth Rock
|move|p2a: Ho-Oh|Thunder Wave|p1a: Toxapex
|-fail|p1a: Toxapex|par
|
|-damage|p2a: Ho-Oh|49/100 tox|[from] psn
|upkeep
|turn|37
|
|t:|1644712626
|switch|p2a: Zygarde|Zygarde|85/100 brn
|switch|p1a: Clefable|Clefable, F|100/100
|
|-heal|p2a: Zygarde|91/100 brn|[from] item: Leftovers
|-damage|p2a: Zygarde|85/100 brn|[from] brn
|upkeep
|turn|38
|inactive|Stallion has 270 seconds left.
|
|t:|1644712657
|switch|p2a: Necrozma|Necrozma-Dusk-Mane|100/100
|move|p1a: Clefable|Stealth Rock|p2a: Necrozma
|-sidestart|p2: Stallion|move: Stealth Rock
|
|upkeep
|turn|39
|inactive|Stallion has 270 seconds left.
|inactive|Skarph♫ has 210 seconds left.
|inactive|Stallion has 240 seconds left.
|
|t:|1644712712
|switch|p2a: Dracovish|Dracovish|100/100
|-damage|p2a: Dracovish|88/100|[from] Stealth Rock
|switch|p1a: Toxapex|Toxapex, F|100/100 par
|-damage|p1a: Toxapex|88/100 par|[from] Stealth Rock
|
|upkeep
|turn|40
|
|t:|1644712719
|move|p2a: Dracovish|Fishious Rend|p1a: Toxapex
|-resisted|p1a: Toxapex
|-damage|p1a: Toxapex|36/100 par
|move|p1a: Toxapex|Knock Off|p2a: Dracovish
|-damage|p2a: Dracovish|72/100
|-enditem|p2a: Dracovish|Choice Band|[from] move: Knock Off|[of] p1a: Toxapex
|
|upkeep
|turn|41
|inactive|Skarph♫ has 210 seconds left.
|inactive|Skarph♫ has 180 seconds left.
|
|t:|1644712770
|switch|p1a: Yveltal|Yveltal|100/100
|-ability|p1a: Yveltal|Dark Aura
|move|p2a: Dracovish|Fishious Rend|p1a: Yveltal
|-damage|p1a: Yveltal|9/100
|
|upkeep
|turn|42
|inactive|Stallion has 210 seconds left.
|inactive|Stallion has 180 seconds left.
|inactive|Stallion has 150 seconds left.
|
|t:|1644712873
|switch|p2a: Eternatus|Eternatus|78/100
|-damage|p2a: Eternatus|66/100|[from] Stealth Rock
|-ability|p2a: Eternatus|Pressure
|move|p1a: Yveltal|Roost|p1a: Yveltal
|-heal|p1a: Yveltal|59/100
|-singleturn|p1a: Yveltal|move: Roost
|
|upkeep
|turn|43
|inactive|Skarph♫ has 180 seconds left.
|inactive|Stallion has 120 seconds left.
|
|t:|1644712914
|switch|p2a: Yveltal|Yveltal|72/100
|-damage|p2a: Yveltal|47/100|[from] Stealth Rock
|-ability|p2a: Yveltal|Dark Aura
|switch|p1a: Ho-Oh|Ho-Oh|100/100
|
|upkeep
|turn|44
|inactive|Skarph♫ has 150 seconds left.
|
|t:|1644712933
|switch|p2a: Zygarde|Zygarde|85/100 brn
|-damage|p2a: Zygarde|79/100 brn|[from] Stealth Rock
|switch|p1a: Toxapex|Toxapex, F|69/100 par
|-damage|p1a: Toxapex|57/100 par|[from] Stealth Rock
|
|-heal|p2a: Zygarde|85/100 brn|[from] item: Leftovers
|-damage|p2a: Zygarde|79/100 brn|[from] brn
|upkeep
|turn|45
|
|t:|1644712942
|switch|p2a: Eternatus|Eternatus|66/100
|-damage|p2a: Eternatus|54/100|[from] Stealth Rock
|-ability|p2a: Eternatus|Pressure
|switch|p1a: Lunala|Lunala|100/100 par
|
|upkeep
|turn|46
|
|t:|1644712949
|move|p2a: Eternatus|Recover|p2a: Eternatus
|-heal|p2a: Eternatus|100/100
|move|p1a: Lunala|Will-O-Wisp|p2a: Eternatus
|-status|p2a: Eternatus|brn
|
|-damage|p2a: Eternatus|94/100 brn|[from] brn
|upkeep
|turn|47
|inactive|Stallion has 120 seconds left.
|
|t:|1644712955
|switch|p1a: Toxapex|Toxapex, F|90/100 par
|-damage|p1a: Toxapex|77/100 par|[from] Stealth Rock
|move|p2a: Eternatus|Mystical Fire|p1a: Toxapex
|-resisted|p1a: Toxapex
|-damage|p1a: Toxapex|68/100 par
|-unboost|p1a: Toxapex|spa|1
|
|-damage|p2a: Eternatus|88/100 brn|[from] brn
|upkeep
|turn|48
|inactive|Skarph♫ has 180 seconds left.
|inactive|Stallion has 120 seconds left.
|
|t:|1644712968
|switch|p1a: Ho-Oh|Ho-Oh|100/100
|move|p2a: Eternatus|Dynamax Cannon|p1a: Ho-Oh
|-damage|p1a: Ho-Oh|73/100
|
|-damage|p2a: Eternatus|82/100 brn|[from] brn
|upkeep
|turn|49
|inactive|Skarph♫ has 180 seconds left.
|
|t:|1644712977
|switch|p1a: Lunala|Lunala|100/100 par
|move|p2a: Eternatus|Toxic||[still]
|-fail|p2a: Eternatus
|
|-damage|p2a: Eternatus|76/100 brn|[from] brn
|upkeep
|turn|50
|inactive|Skarph♫ has 180 seconds left.
|
|t:|1644712998
|move|p2a: Eternatus|Dynamax Cannon|p1a: Lunala
|-damage|p1a: Lunala|84/100 par
|move|p1a: Lunala|Hex|p2a: Eternatus
|-damage|p2a: Eternatus|38/100 brn
|
|-damage|p2a: Eternatus|32/100 brn|[from] brn
|upkeep
|turn|51
|
|t:|1644713002
|move|p2a: Eternatus|Recover|p2a: Eternatus
|-heal|p2a: Eternatus|82/100 brn
|cant|p1a: Lunala|par
|
|-damage|p2a: Eternatus|76/100 brn|[from] brn
|upkeep
|turn|52
|
|t:|1644713008
|move|p2a: Eternatus|Mystical Fire|p1a: Lunala
|-damage|p1a: Lunala|69/100 par
|-unboost|p1a: Lunala|spa|1
|move|p1a: Lunala|Roost|p1a: Lunala
|-heal|p1a: Lunala|100/100 par
|-singleturn|p1a: Lunala|move: Roost
|
|-damage|p2a: Eternatus|70/100 brn|[from] brn
|upkeep
|turn|53
|inactive|Stallion has 150 seconds left.
|
|t:|1644713019
|switch|p1a: Toxapex|Toxapex, F|100/100 par
|-damage|p1a: Toxapex|88/100 par|[from] Stealth Rock
|move|p2a: Eternatus|Dynamax Cannon|p1a: Toxapex
|-damage|p1a: Toxapex|52/100 par
|
|-damage|p2a: Eternatus|64/100 brn|[from] brn
|upkeep
|turn|54
|inactive|Stallion has 150 seconds left.
|
|t:|1644713026
|switch|p2a: Zygarde|Zygarde|79/100 brn
|-damage|p2a: Zygarde|73/100 brn|[from] Stealth Rock
|switch|p1a: Ho-Oh|Ho-Oh|100/100
|
|-heal|p2a: Zygarde|79/100 brn|[from] item: Leftovers
|-damage|p2a: Zygarde|73/100 brn|[from] brn
|upkeep
|turn|55
|
|t:|1644713031
|switch|p1a: Lunala|Lunala|100/100 par
|move|p2a: Zygarde|Thousand Arrows|p1a: Lunala
|-damage|p1a: Lunala|94/100 par
|
|-heal|p2a: Zygarde|79/100 brn|[from] item: Leftovers
|-damage|p2a: Zygarde|73/100 brn|[from] brn
|upkeep
|turn|56
|
|t:|1644713039
|switch|p2a: Yveltal|Yveltal|47/100
|-damage|p2a: Yveltal|22/100|[from] Stealth Rock
|-ability|p2a: Yveltal|Dark Aura
|move|p1a: Lunala|Ice Beam|p2a: Yveltal
|-supereffective|p2a: Yveltal
|-damage|p2a: Yveltal|0 fnt
|faint|p2a: Yveltal
|
|upkeep
|c|☆Stallion|fuck misclick
|c|☆Stallion|damnit
|
|t:|1644713047
|switch|p2a: Dracovish|Dracovish|72/100
|-damage|p2a: Dracovish|60/100|[from] Stealth Rock
|turn|57
|inactive|Skarph♫ has 210 seconds left.
|inactive|Skarph♫ has 180 seconds left.
|
|t:|1644713103
|move|p2a: Dracovish|Fishious Rend|p1a: Lunala
|-damage|p1a: Lunala|12/100 par
|move|p1a: Lunala|Will-O-Wisp|p2a: Dracovish
|-status|p2a: Dracovish|brn
|
|-damage|p2a: Dracovish|53/100 brn|[from] brn
|upkeep
|turn|58
|inactive|Skarph♫ has 180 seconds left.
|
|t:|1644713109
|switch|p1a: Toxapex|Toxapex, F|85/100 par
|-damage|p1a: Toxapex|73/100 par|[from] Stealth Rock
|move|p2a: Dracovish|Fishious Rend|p1a: Toxapex
|-resisted|p1a: Toxapex
|-damage|p1a: Toxapex|55/100 par
|
|-damage|p2a: Dracovish|47/100 brn|[from] brn
|upkeep
|turn|59
|inactive|Skarph♫ has 180 seconds left.
|
|t:|1644713121
|move|p2a: Dracovish|Rest|p2a: Dracovish
|-status|p2a: Dracovish|slp|[from] move: Rest
|-heal|p2a: Dracovish|100/100 slp|[silent]
|cant|p1a: Toxapex|par
|
|upkeep
|turn|60
|
|t:|1644713125
|switch|p1a: Lunala|Lunala|12/100 par
|cant|p2a: Dracovish|slp
|move|p2a: Dracovish|Sleep Talk|p2a: Dracovish
|move|p2a: Dracovish|Dragon Rush|p1a: Lunala|[from]move: Sleep Talk
|-damage|p1a: Lunala|0 fnt
|faint|p1a: Lunala
|
|upkeep
|c|+Hoennseptile|Lmao
|inactive|Skarph♫ has 180 seconds left.
|
|t:|1644713145
|switch|p1a: Yveltal|Yveltal|59/100
|-ability|p1a: Yveltal|Dark Aura
|turn|61
|inactive|Stallion has 180 seconds left.
|
|t:|1644713166
|switch|p2a: Zygarde|Zygarde|73/100 brn
|-damage|p2a: Zygarde|67/100 brn|[from] Stealth Rock
|move|p1a: Yveltal|Roost|p1a: Yveltal
|-heal|p1a: Yveltal|100/100
|-singleturn|p1a: Yveltal|move: Roost
|
|-heal|p2a: Zygarde|73/100 brn|[from] item: Leftovers
|-damage|p2a: Zygarde|67/100 brn|[from] brn
|upkeep
|turn|62
|inactive|Stallion has 180 seconds left.
|
|t:|1644713179
|switch|p1a: Toxapex|Toxapex, F|88/100 par
|-damage|p1a: Toxapex|76/100 par|[from] Stealth Rock
|move|p2a: Zygarde|Glare|p1a: Toxapex
|-fail|p1a: Toxapex|par
|
|-heal|p2a: Zygarde|73/100 brn|[from] item: Leftovers
|-damage|p2a: Zygarde|67/100 brn|[from] brn
|upkeep
|turn|63
|inactive|Stallion has 180 seconds left.
|
|t:|1644713187
|switch|p2a: Eternatus|Eternatus|64/100 brn
|-damage|p2a: Eternatus|52/100 brn|[from] Stealth Rock
|-ability|p2a: Eternatus|Pressure
|move|p1a: Toxapex|Knock Off|p2a: Eternatus
|-damage|p2a: Eternatus|39/100 brn
|-enditem|p2a: Eternatus|Haban Berry|[from] move: Knock Off|[of] p1a: Toxapex
|
|-damage|p2a: Eternatus|33/100 brn|[from] brn
|upkeep
|turn|64
|
|t:|1644713197
|switch|p1a: Ho-Oh|Ho-Oh|100/100
|move|p2a: Eternatus|Recover|p2a: Eternatus
|-heal|p2a: Eternatus|83/100 brn
|
|-damage|p2a: Eternatus|77/100 brn|[from] brn
|upkeep
|turn|65
|
|t:|1644713209
|switch|p1a: Toxapex|Toxapex, F|100/100 par
|-damage|p1a: Toxapex|88/100 par|[from] Stealth Rock
|move|p2a: Eternatus|Toxic||[still]
|-fail|p2a: Eternatus
|
|-damage|p2a: Eternatus|71/100 brn|[from] brn
|upkeep
|turn|66
|
|t:|1644713215
|move|p2a: Eternatus|Dynamax Cannon|p1a: Toxapex
|-damage|p1a: Toxapex|46/100 par
|move|p1a: Toxapex|Recover|p1a: Toxapex
|-heal|p1a: Toxapex|96/100 par
|
|-damage|p2a: Eternatus|65/100 brn|[from] brn
|upkeep
|turn|67
|inactive|Stallion has 210 seconds left.
|
|t:|1644713223
|move|p2a: Eternatus|Dynamax Cannon|p1a: Toxapex
|-damage|p1a: Toxapex|59/100 par
|move|p1a: Toxapex|Knock Off|p2a: Eternatus
|-damage|p2a: Eternatus|57/100 brn
|
|-damage|p2a: Eternatus|51/100 brn|[from] brn
|upkeep
|turn|68
|
|t:|1644713226
|switch|p1a: Ho-Oh|Ho-Oh|100/100
|move|p2a: Eternatus|Toxic|p1a: Ho-Oh
|-status|p1a: Ho-Oh|tox
|
|-damage|p1a: Ho-Oh|94/100 tox|[from] psn
|-damage|p2a: Eternatus|45/100 brn|[from] brn
|upkeep
|turn|69
|
|t:|1644713230
|move|p2a: Eternatus|Recover|p2a: Eternatus
|-heal|p2a: Eternatus|95/100 brn
|move|p1a: Ho-Oh|Brave Bird|p2a: Eternatus
|-damage|p2a: Eternatus|42/100 brn
|-damage|p1a: Ho-Oh|75/100 tox|[from] Recoil
|
|-damage|p1a: Ho-Oh|63/100 tox|[from] psn
|-damage|p2a: Eternatus|36/100 brn|[from] brn
|upkeep
|turn|70
|
|t:|1644713233
|switch|p1a: Toxapex|Toxapex, F|92/100 par
|-damage|p1a: Toxapex|79/100 par|[from] Stealth Rock
|move|p2a: Eternatus|Recover|p2a: Eternatus
|-heal|p2a: Eternatus|86/100 brn
|
|-damage|p2a: Eternatus|80/100 brn|[from] brn
|upkeep
|turn|71
|
|t:|1644713243
|switch|p2a: Dracovish|Dracovish|100/100 slp
|-damage|p2a: Dracovish|88/100 slp|[from] Stealth Rock
|switch|p1a: Ho-Oh|Ho-Oh|96/100 tox
|
|-damage|p1a: Ho-Oh|90/100 tox|[from] psn
|upkeep
|turn|72
|
|t:|1644713247
|switch|p2a: Zygarde|Zygarde|67/100 brn
|-damage|p2a: Zygarde|61/100 brn|[from] Stealth Rock
|move|p1a: Ho-Oh|Brave Bird|p2a: Zygarde
|-damage|p2a: Zygarde|25/100 brn
|-damage|p1a: Ho-Oh|79/100 tox|[from] Recoil
|
|-heal|p2a: Zygarde|32/100 brn|[from] item: Leftovers
|-damage|p1a: Ho-Oh|67/100 tox|[from] psn
|-damage|p2a: Zygarde|25/100 brn|[from] brn
|-activate|p2a: Zygarde|ability: Power Construct
|detailschange|p2a: Zygarde|Zygarde-Complete
|-heal|p2a: Zygarde|51/100 brn|[silent]
|upkeep
|turn|73
|
|t:|1644713252
|switch|p1a: Clefable|Clefable, F|100/100
|move|p2a: Zygarde|Rest|p2a: Zygarde
|-status|p2a: Zygarde|slp|[from] move: Rest
|-heal|p2a: Zygarde|100/100 slp|[silent]
|
|upkeep
|turn|74
|
|t:|1644713256
|switch|p2a: Necrozma|Necrozma-Dusk-Mane|100/100
|-damage|p2a: Necrozma|94/100|[from] Stealth Rock
|move|p1a: Clefable|Knock Off|p2a: Necrozma
|-supereffective|p2a: Necrozma
|-damage|p2a: Necrozma|77/100
|-enditem|p2a: Necrozma|Leftovers|[from] move: Knock Off|[of] p1a: Clefable
|
|upkeep
|turn|75
|
|t:|1644713267
|switch|p1a: Toxapex|Toxapex, F|100/100 par
|-damage|p1a: Toxapex|88/100 par|[from] Stealth Rock
|move|p2a: Necrozma|Iron Head|p1a: Toxapex
|-resisted|p1a: Toxapex
|-damage|p1a: Toxapex|76/100 par
|
|upkeep
|turn|76
|
|t:|1644713273
|switch|p2a: Dracovish|Dracovish|88/100 slp
|-damage|p2a: Dracovish|76/100 slp|[from] Stealth Rock
|move|p1a: Toxapex|Knock Off|p2a: Dracovish
|-damage|p2a: Dracovish|64/100 slp
|
|upkeep
|turn|77
|
|t:|1644713277
|switch|p1a: Yveltal|Yveltal|100/100
|-ability|p1a: Yveltal|Dark Aura
|cant|p2a: Dracovish|slp
|move|p2a: Dracovish|Sleep Talk|p2a: Dracovish
|move|p2a: Dracovish|Fishious Rend|p1a: Yveltal|[from]move: Sleep Talk
|-damage|p1a: Yveltal|9/100
|
|upkeep
|turn|78
|
|t:|1644713292
|switch|p2a: Eternatus|Eternatus|80/100 brn
|-damage|p2a: Eternatus|68/100 brn|[from] Stealth Rock
|-ability|p2a: Eternatus|Pressure
|move|p1a: Yveltal|Roost|p1a: Yveltal
|-heal|p1a: Yveltal|59/100
|-singleturn|p1a: Yveltal|move: Roost
|
|-damage|p2a: Eternatus|62/100 brn|[from] brn
|upkeep
|turn|79
|
|t:|1644713302
|switch|p1a: Toxapex|Toxapex, F|100/100 par
|-damage|p1a: Toxapex|88/100 par|[from] Stealth Rock
|move|p2a: Eternatus|Mystical Fire|p1a: Toxapex
|-resisted|p1a: Toxapex
|-damage|p1a: Toxapex|77/100 par
|-unboost|p1a: Toxapex|spa|1
|
|-damage|p2a: Eternatus|56/100 brn|[from] brn
|upkeep
|turn|80
|
|t:|1644713307
|switch|p1a: Clefable|Clefable, F|100/100
|move|p2a: Eternatus|Dynamax Cannon|p1a: Clefable
|-immune|p1a: Clefable
|
|-damage|p2a: Eternatus|50/100 brn|[from] brn
|upkeep
|turn|81
|
|t:|1644713313
|move|p2a: Eternatus|Recover|p2a: Eternatus
|-heal|p2a: Eternatus|99/100 brn
|move|p1a: Clefable|Moonblast|p2a: Eternatus
|-damage|p2a: Eternatus|81/100 brn
|
|-damage|p2a: Eternatus|75/100 brn|[from] brn
|upkeep
|turn|82
|
|t:|1644713321
|switch|p2a: Ho-Oh|Ho-Oh|83/100 tox
|-damage|p2a: Ho-Oh|33/100 tox|[from] Stealth Rock
|move|p1a: Clefable|Knock Off|p2a: Ho-Oh
|-damage|p2a: Ho-Oh|22/100 tox
|
|-damage|p2a: Ho-Oh|16/100 tox|[from] psn
|upkeep
|turn|83
|
|t:|1644713332
|switch|p1a: Toxapex|Toxapex, F|100/100 par
|-damage|p1a: Toxapex|88/100 par|[from] Stealth Rock
|move|p2a: Ho-Oh|Brave Bird|p1a: Toxapex
|-damage|p1a: Toxapex|47/100 par
|-damage|p2a: Ho-Oh|6/100 tox|[from] Recoil
|
|-damage|p2a: Ho-Oh|0 fnt|[from] psn
|faint|p2a: Ho-Oh
|upkeep
|
|t:|1644713345
|switch|p2a: Dracovish|Dracovish|64/100 slp
|-damage|p2a: Dracovish|52/100 slp|[from] Stealth Rock
|turn|84
|
|t:|1644713358
|-curestatus|p2a: Dracovish|slp|[msg]
|move|p2a: Dracovish|Fishious Rend|p1a: Toxapex
|-resisted|p1a: Toxapex
|-damage|p1a: Toxapex|15/100 par
|cant|p1a: Toxapex|par
|
|upkeep
|turn|85
|inactive|Skarph♫ has 270 seconds left.
|
|t:|1644713398
|switch|p1a: Ho-Oh|Ho-Oh|99/100 tox
|move|p2a: Dracovish|Fishious Rend|p1a: Ho-Oh
|-supereffective|p1a: Ho-Oh
|-damage|p1a: Ho-Oh|0 fnt
|faint|p1a: Ho-Oh
|
|upkeep
|
|t:|1644713402
|switch|p1a: Yveltal|Yveltal|59/100
|-ability|p1a: Yveltal|Dark Aura
|turn|86
|
|t:|1644713410
|switch|p2a: Eternatus|Eternatus|75/100 brn
|-damage|p2a: Eternatus|62/100 brn|[from] Stealth Rock
|-ability|p2a: Eternatus|Pressure
|move|p1a: Yveltal|Roost|p1a: Yveltal
|-heal|p1a: Yveltal|100/100
|-singleturn|p1a: Yveltal|move: Roost
|
|-damage|p2a: Eternatus|56/100 brn|[from] brn
|upkeep
|turn|87
|
|t:|1644713414
|switch|p1a: Clefable|Clefable, F|100/100
|move|p2a: Eternatus|Recover|p2a: Eternatus
|-heal|p2a: Eternatus|100/100 brn
|
|-damage|p2a: Eternatus|94/100 brn|[from] brn
|upkeep
|turn|88
|
|t:|1644713424
|switch|p2a: Necrozma|Necrozma-Dusk-Mane|77/100
|-damage|p2a: Necrozma|71/100|[from] Stealth Rock
|move|p1a: Clefable|Moonblast|p2a: Necrozma
|-resisted|p2a: Necrozma
|-damage|p2a: Necrozma|62/100
|
|upkeep
|turn|89
|
|t:|1644713439
|switch|p1a: Toxapex|Toxapex, F|48/100 par
|-damage|p1a: Toxapex|36/100 par|[from] Stealth Rock
|move|p2a: Necrozma|Iron Head|p1a: Toxapex
|-resisted|p1a: Toxapex
|-damage|p1a: Toxapex|23/100 par
|
|upkeep
|turn|90
|
|t:|1644713447
|switch|p1a: Yveltal|Yveltal|100/100
|-ability|p1a: Yveltal|Dark Aura
|move|p2a: Necrozma|Iron Head|p1a: Yveltal
|-damage|p1a: Yveltal|70/100
|
|upkeep
|turn|91
|
|t:|1644713458
|switch|p2a: Zygarde|Zygarde-Complete|100/100 slp
|-damage|p2a: Zygarde|94/100 slp|[from] Stealth Rock
|move|p1a: Yveltal|Foul Play|p2a: Zygarde
|-damage|p2a: Zygarde|78/100 slp
|
|-heal|p2a: Zygarde|84/100 slp|[from] item: Leftovers
|upkeep
|turn|92
|
|t:|1644713464
|move|p1a: Yveltal|Roost|p1a: Yveltal
|-heal|p1a: Yveltal|100/100
|-singleturn|p1a: Yveltal|move: Roost
|cant|p2a: Zygarde|slp
|
|-heal|p2a: Zygarde|90/100 slp|[from] item: Leftovers
|upkeep
|turn|93
|
|t:|1644713473
|switch|p1a: Clefable|Clefable, F|100/100
|cant|p2a: Zygarde|slp
|
|-heal|p2a: Zygarde|97/100 slp|[from] item: Leftovers
|upkeep
|turn|94
|
|t:|1644713477
|-curestatus|p2a: Zygarde|slp|[msg]
|move|p2a: Zygarde|Glare|p1a: Clefable
|-status|p1a: Clefable|par
|move|p1a: Clefable|Knock Off|p2a: Zygarde
|-damage|p2a: Zygarde|90/100
|-enditem|p2a: Zygarde|Leftovers|[from] move: Knock Off|[of] p1a: Clefable
|
|upkeep
|turn|95
|
|t:|1644713484
|switch|p2a: Necrozma|Necrozma-Dusk-Mane|62/100
|-damage|p2a: Necrozma|55/100|[from] Stealth Rock
|cant|p1a: Clefable|par
|
|upkeep
|turn|96
|
|t:|1644713486
|switch|p1a: Toxapex|Toxapex, F|56/100 par
|-damage|p1a: Toxapex|44/100 par|[from] Stealth Rock
|move|p2a: Necrozma|Moonlight|p2a: Necrozma
|-heal|p2a: Necrozma|100/100
|
|upkeep
|turn|97
|
|t:|1644713491
|switch|p2a: Dracovish|Dracovish|52/100
|-damage|p2a: Dracovish|39/100|[from] Stealth Rock
|move|p1a: Toxapex|Recover|p1a: Toxapex
|-heal|p1a: Toxapex|94/100 par
|
|upkeep
|turn|98
|
|t:|1644713496
|move|p2a: Dracovish|Rest|p2a: Dracovish
|-status|p2a: Dracovish|slp|[from] move: Rest
|-heal|p2a: Dracovish|100/100 slp|[silent]
|move|p1a: Toxapex|Toxic||[still]
|-fail|p1a: Toxapex
|
|upkeep
|turn|99
|
|t:|1644713499
|cant|p2a: Dracovish|slp
|move|p2a: Dracovish|Sleep Talk|p2a: Dracovish
|move|p2a: Dracovish|Dragon Rush|p1a: Toxapex|[from]move: Sleep Talk
|-damage|p1a: Toxapex|65/100 par
|move|p1a: Toxapex|Knock Off|p2a: Dracovish
|-damage|p2a: Dracovish|90/100 slp
|
|upkeep
|turn|100
|
|t:|1644713503
|cant|p2a: Dracovish|slp
|move|p2a: Dracovish|Sleep Talk|p2a: Dracovish
|move|p2a: Dracovish|Dragon Rush|p1a: Toxapex|[from]move: Sleep Talk|[miss]
|-miss|p2a: Dracovish|p1a: Toxapex
|move|p1a: Toxapex|Recover|p1a: Toxapex
|-heal|p1a: Toxapex|100/100 par
|
|upkeep
|turn|101
|
|t:|1644713511
|switch|p2a: Eternatus|Eternatus|94/100 brn
|-damage|p2a: Eternatus|82/100 brn|[from] Stealth Rock
|-ability|p2a: Eternatus|Pressure
|move|p1a: Toxapex|Toxic||[still]
|-fail|p1a: Toxapex
|
|-damage|p2a: Eternatus|76/100 brn|[from] brn
|upkeep
|turn|102
|
|t:|1644713517
|switch|p1a: Clefable|Clefable, F|100/100 par
|move|p2a: Eternatus|Dynamax Cannon|p1a: Clefable
|-immune|p1a: Clefable
|
|-damage|p2a: Eternatus|70/100 brn|[from] brn
|upkeep
|turn|103
|
|t:|1644713521
|move|p2a: Eternatus|Mystical Fire|p1a: Clefable
|-damage|p1a: Clefable|79/100 par
|-unboost|p1a: Clefable|spa|1
|move|p1a: Clefable|Knock Off|p2a: Eternatus
|-damage|p2a: Eternatus|61/100 brn
|
|-heal|p1a: Clefable|85/100 par|[from] item: Leftovers
|-damage|p2a: Eternatus|55/100 brn|[from] brn
|upkeep
|turn|104
|
|t:|1644713523
|move|p2a: Eternatus|Recover|p2a: Eternatus
|-heal|p2a: Eternatus|100/100 brn
|move|p1a: Clefable|Knock Off|p2a: Eternatus
|-damage|p2a: Eternatus|92/100 brn
|
|-heal|p1a: Clefable|91/100 par|[from] item: Leftovers
|-damage|p2a: Eternatus|86/100 brn|[from] brn
|upkeep
|turn|105
|
|t:|1644713527
|switch|p2a: Necrozma|Necrozma-Dusk-Mane|100/100
|-damage|p2a: Necrozma|94/100|[from] Stealth Rock
|move|p1a: Clefable|Knock Off|p2a: Necrozma
|-supereffective|p2a: Necrozma
|-damage|p2a: Necrozma|81/100
|
|-heal|p1a: Clefable|97/100 par|[from] item: Leftovers
|upkeep
|turn|106
|
|t:|1644713537
|switch|p2a: Zygarde|Zygarde-Complete|90/100
|-damage|p2a: Zygarde|84/100|[from] Stealth Rock
|switch|p1a: Toxapex|Toxapex, F|100/100 par
|-damage|p1a: Toxapex|88/100 par|[from] Stealth Rock
|
|upkeep
|turn|107
|
|t:|1644713542
|move|p2a: Zygarde|Thousand Arrows|p1a: Toxapex
|-supereffective|p1a: Toxapex
|-damage|p1a: Toxapex|52/100 par
|move|p1a: Toxapex|Toxic|p2a: Zygarde
|-status|p2a: Zygarde|tox
|
|-damage|p2a: Zygarde|78/100 tox|[from] psn
|upkeep
|turn|108
|inactive|Stallion has 270 seconds left.
|
|t:|1644713577
|move|p2a: Zygarde|Thousand Arrows|p1a: Toxapex
|-supereffective|p1a: Toxapex
|-damage|p1a: Toxapex|11/100 par
|move|p1a: Toxapex|Recover|p1a: Toxapex
|-heal|p1a: Toxapex|61/100 par
|
|-damage|p2a: Zygarde|65/100 tox|[from] psn
|upkeep
|turn|109
|
|t:|1644713580
|switch|p1a: Clefable|Clefable, F|97/100 par
|move|p2a: Zygarde|Rest|p2a: Zygarde
|-status|p2a: Zygarde|slp|[from] move: Rest
|-heal|p2a: Zygarde|100/100 slp|[silent]
|
|-heal|p1a: Clefable|100/100 par|[from] item: Leftovers
|upkeep
|turn|110
|
|t:|1644713585
|switch|p2a: Necrozma|Necrozma-Dusk-Mane|81/100
|-damage|p2a: Necrozma|75/100|[from] Stealth Rock
|switch|p1a: Yveltal|Yveltal|100/100
|-ability|p1a: Yveltal|Dark Aura
|
|upkeep
|turn|111
|
|t:|1644713588
|switch|p1a: Clefable|Clefable, F|100/100 par
|switch|p2a: Eternatus|Eternatus|86/100 brn
|-damage|p2a: Eternatus|74/100 brn|[from] Stealth Rock
|-ability|p2a: Eternatus|Pressure
|
|-damage|p2a: Eternatus|68/100 brn|[from] brn
|upkeep
|turn|112
|
|t:|1644713595
|move|p2a: Eternatus|Mystical Fire|p1a: Clefable
|-damage|p1a: Clefable|78/100 par
|-unboost|p1a: Clefable|spa|1
|move|p1a: Clefable|Moonblast|p2a: Eternatus
|-damage|p2a: Eternatus|55/100 brn
|
|-heal|p1a: Clefable|85/100 par|[from] item: Leftovers
|-damage|p2a: Eternatus|48/100 brn|[from] brn
|upkeep
|turn|113
|
|t:|1644713601
|move|p2a: Eternatus|Recover|p2a: Eternatus
|-heal|p2a: Eternatus|99/100 brn
|move|p1a: Clefable|Moonblast|p2a: Eternatus
|-damage|p2a: Eternatus|87/100 brn
|
|-heal|p1a: Clefable|91/100 par|[from] item: Leftovers
|-damage|p2a: Eternatus|81/100 brn|[from] brn
|upkeep
|turn|114
|
|t:|1644713606
|move|p2a: Eternatus|Mystical Fire|p1a: Clefable
|-damage|p1a: Clefable|69/100 par
|-unboost|p1a: Clefable|spa|1
|cant|p1a: Clefable|par
|
|-heal|p1a: Clefable|75/100 par|[from] item: Leftovers
|-damage|p2a: Eternatus|75/100 brn|[from] brn
|upkeep
|turn|115
|
|t:|1644713632
|switch|p2a: Dracovish|Dracovish|90/100 slp
|-damage|p2a: Dracovish|77/100 slp|[from] Stealth Rock
|switch|p1a: Yveltal|Yveltal|100/100
|-ability|p1a: Yveltal|Dark Aura
|
|upkeep
|turn|116
|
|t:|1644713639
|switch|p2a: Zygarde|Zygarde-Complete|100/100 slp
|-damage|p2a: Zygarde|94/100 slp|[from] Stealth Rock
|move|p1a: Yveltal|Foul Play|p2a: Zygarde
|-damage|p2a: Zygarde|79/100 slp
|
|upkeep
|turn|117
|
|t:|1644713645
|move|p1a: Yveltal|Foul Play|p2a: Zygarde
|-damage|p2a: Zygarde|65/100 slp
|cant|p2a: Zygarde|slp
|
|upkeep
|turn|118
|
|t:|1644713648
|switch|p1a: Clefable|Clefable, F|75/100 par
|cant|p2a: Zygarde|slp
|
|-heal|p1a: Clefable|81/100 par|[from] item: Leftovers
|upkeep
|turn|119
|
|t:|1644713653
|switch|p2a: Necrozma|Necrozma-Dusk-Mane|75/100
|-damage|p2a: Necrozma|69/100|[from] Stealth Rock
|move|p1a: Clefable|Moonblast|p2a: Necrozma
|-resisted|p2a: Necrozma
|-crit|p2a: Necrozma
|-damage|p2a: Necrozma|53/100
|
|-heal|p1a: Clefable|87/100 par|[from] item: Leftovers
|upkeep
|turn|120
|
|t:|1644713657
|switch|p1a: Toxapex|Toxapex, F|94/100 par
|-damage|p1a: Toxapex|82/100 par|[from] Stealth Rock
|move|p2a: Necrozma|Moonlight|p2a: Necrozma
|-heal|p2a: Necrozma|100/100
|
|upkeep
|turn|121
|
|t:|1644713663
|switch|p2a: Dracovish|Dracovish|77/100 slp
|-damage|p2a: Dracovish|65/100 slp|[from] Stealth Rock
|move|p1a: Toxapex|Knock Off|p2a: Dracovish
|-damage|p2a: Dracovish|54/100 slp
|
|upkeep
|turn|122
|
|t:|1644713667
|-curestatus|p2a: Dracovish|slp|[msg]
|move|p2a: Dracovish|Rest|p2a: Dracovish
|-status|p2a: Dracovish|slp|[from] move: Rest
|-heal|p2a: Dracovish|100/100 slp|[silent]
|move|p1a: Toxapex|Toxic||[still]
|-fail|p1a: Toxapex
|
|upkeep
|turn|123
|
|t:|1644713670
|cant|p2a: Dracovish|slp
|move|p2a: Dracovish|Sleep Talk|p2a: Dracovish
|move|p2a: Dracovish|Rest||[from]move: Sleep Talk|[still]
|-fail|p2a: Dracovish
|move|p1a: Toxapex|Recover|p1a: Toxapex
|-heal|p1a: Toxapex|100/100 par
|
|upkeep
|turn|124
|
|t:|1644713673
|cant|p2a: Dracovish|slp
|move|p2a: Dracovish|Sleep Talk|p2a: Dracovish
|move|p2a: Dracovish|Rest||[from]move: Sleep Talk|[still]
|-fail|p2a: Dracovish
|move|p1a: Toxapex|Knock Off|p2a: Dracovish
|-damage|p2a: Dracovish|89/100 slp
|
|upkeep
|turn|125
|
|t:|1644713679
|-curestatus|p2a: Dracovish|slp|[msg]
|move|p2a: Dracovish|Fishious Rend|p1a: Toxapex
|-resisted|p1a: Toxapex
|-damage|p1a: Toxapex|67/100 par
|cant|p1a: Toxapex|par
|
|upkeep
|turn|126
|
|t:|1644713683
|move|p2a: Dracovish|Fishious Rend|p1a: Toxapex
|-resisted|p1a: Toxapex
|-damage|p1a: Toxapex|30/100 par
|move|p1a: Toxapex|Recover|p1a: Toxapex
|-heal|p1a: Toxapex|80/100 par
|
|upkeep
|turn|127
|
|t:|1644713686
|move|p2a: Dracovish|Fishious Rend|p1a: Toxapex
|-resisted|p1a: Toxapex
|-damage|p1a: Toxapex|45/100 par
|move|p1a: Toxapex|Toxic|p2a: Dracovish
|-status|p2a: Dracovish|tox
|
|-damage|p2a: Dracovish|83/100 tox|[from] psn
|upkeep
|turn|128
|
|t:|1644713690
|move|p2a: Dracovish|Fishious Rend|p1a: Toxapex
|-resisted|p1a: Toxapex
|-damage|p1a: Toxapex|14/100 par
|move|p1a: Toxapex|Recover|p1a: Toxapex
|-heal|p1a: Toxapex|64/100 par
|
|-damage|p2a: Dracovish|70/100 tox|[from] psn
|upkeep
|turn|129
|
|t:|1644713694
|switch|p1a: Yveltal|Yveltal|100/100
|-ability|p1a: Yveltal|Dark Aura
|move|p2a: Dracovish|Rest|p2a: Dracovish
|-status|p2a: Dracovish|slp|[from] move: Rest
|-heal|p2a: Dracovish|100/100 slp|[silent]
|
|upkeep
|turn|130
|
|t:|1644713700
|switch|p1a: Clefable|Clefable, F|87/100 par
|switch|p2a: Zygarde|Zygarde-Complete|65/100 slp
|-damage|p2a: Zygarde|59/100 slp|[from] Stealth Rock
|
|-heal|p1a: Clefable|93/100 par|[from] item: Leftovers
|upkeep
|turn|131
|
|t:|1644713705
|switch|p2a: Necrozma|Necrozma-Dusk-Mane|100/100
|-damage|p2a: Necrozma|94/100|[from] Stealth Rock
|switch|p1a: Yveltal|Yveltal|100/100
|-ability|p1a: Yveltal|Dark Aura
|
|upkeep
|turn|132
|
|t:|1644713709
|switch|p1a: Toxapex|Toxapex, F|98/100 par
|-damage|p1a: Toxapex|85/100 par|[from] Stealth Rock
|switch|p2a: Eternatus|Eternatus|75/100 brn
|-damage|p2a: Eternatus|62/100 brn|[from] Stealth Rock
|-ability|p2a: Eternatus|Pressure
|
|-damage|p2a: Eternatus|56/100 brn|[from] brn
|upkeep
|turn|133
|
|t:|1644713714
|switch|p1a: Clefable|Clefable, F|93/100 par
|move|p2a: Eternatus|Recover|p2a: Eternatus
|-heal|p2a: Eternatus|100/100 brn
|
|-heal|p1a: Clefable|99/100 par|[from] item: Leftovers
|-damage|p2a: Eternatus|94/100 brn|[from] brn
|upkeep
|turn|134
|
|t:|1644713719
|move|p2a: Eternatus|Mystical Fire|p1a: Clefable
|-damage|p1a: Clefable|74/100 par
|-unboost|p1a: Clefable|spa|1
|cant|p1a: Clefable|par
|
|-heal|p1a: Clefable|80/100 par|[from] item: Leftovers
|-damage|p2a: Eternatus|88/100 brn|[from] brn
|upkeep
|turn|135
|
|t:|1644713724
|switch|p2a: Necrozma|Necrozma-Dusk-Mane|94/100
|-damage|p2a: Necrozma|88/100|[from] Stealth Rock
|cant|p1a: Clefable|par
|
|-heal|p1a: Clefable|87/100 par|[from] item: Leftovers
|upkeep
|turn|136
|
|t:|1644713728
|switch|p2a: Zygarde|Zygarde-Complete|59/100 slp
|-damage|p2a: Zygarde|52/100 slp|[from] Stealth Rock
|switch|p1a: Toxapex|Toxapex, F|100/100 par
|-damage|p1a: Toxapex|88/100 par|[from] Stealth Rock
|
|upkeep
|turn|137
|
|t:|1644713730
|switch|p1a: Clefable|Clefable, F|87/100 par
|-curestatus|p2a: Zygarde|slp|[msg]
|move|p2a: Zygarde|Rest|p2a: Zygarde
|-status|p2a: Zygarde|slp|[from] move: Rest
|-heal|p2a: Zygarde|100/100 slp|[silent]
|
|-heal|p1a: Clefable|93/100 par|[from] item: Leftovers
|upkeep
|turn|138
|
|t:|1644713735
|switch|p2a: Necrozma|Necrozma-Dusk-Mane|88/100
|-damage|p2a: Necrozma|82/100|[from] Stealth Rock
|switch|p1a: Yveltal|Yveltal|100/100
|-ability|p1a: Yveltal|Dark Aura
|
|upkeep
|turn|139
|
|t:|1644713738
|switch|p2a: Eternatus|Eternatus|88/100 brn
|-damage|p2a: Eternatus|76/100 brn|[from] Stealth Rock
|-ability|p2a: Eternatus|Pressure
|move|p1a: Yveltal|Foul Play|p2a: Eternatus
|-damage|p2a: Eternatus|54/100 brn
|
|-damage|p2a: Eternatus|48/100 brn|[from] brn
|upkeep
|turn|140
|
|t:|1644713742
|switch|p1a: Clefable|Clefable, F|93/100 par
|move|p2a: Eternatus|Recover|p2a: Eternatus
|-heal|p2a: Eternatus|98/100 brn
|
|-heal|p1a: Clefable|99/100 par|[from] item: Leftovers
|-damage|p2a: Eternatus|92/100 brn|[from] brn
|upkeep
|turn|141
|
|t:|1644713748
|switch|p2a: Necrozma|Necrozma-Dusk-Mane|82/100
|-damage|p2a: Necrozma|76/100|[from] Stealth Rock
|move|p1a: Clefable|Knock Off|p2a: Necrozma
|-supereffective|p2a: Necrozma
|-damage|p2a: Necrozma|64/100
|
|-heal|p1a: Clefable|100/100 par|[from] item: Leftovers
|upkeep
|turn|142
|
|t:|1644713752
|switch|p1a: Toxapex|Toxapex, F|100/100 par
|-damage|p1a: Toxapex|88/100 par|[from] Stealth Rock
|move|p2a: Necrozma|Moonlight|p2a: Necrozma
|-heal|p2a: Necrozma|100/100
|
|upkeep
|turn|143
|
|t:|1644713757
|switch|p2a: Zygarde|Zygarde-Complete|100/100 slp
|-damage|p2a: Zygarde|94/100 slp|[from] Stealth Rock
|move|p1a: Toxapex|Knock Off|p2a: Zygarde
|-damage|p2a: Zygarde|91/100 slp
|
|upkeep
|turn|144
|
|t:|1644713760
|switch|p1a: Clefable|Clefable, F|100/100 par
|cant|p2a: Zygarde|slp
|
|upkeep
|turn|145
|
|t:|1644713766
|switch|p2a: Necrozma|Necrozma-Dusk-Mane|100/100
|-damage|p2a: Necrozma|94/100|[from] Stealth Rock
|move|p1a: Clefable|Knock Off|p2a: Necrozma
|-supereffective|p2a: Necrozma
|-damage|p2a: Necrozma|82/100
|
|upkeep
|turn|146
|
|t:|1644713778
|switch|p2a: Zygarde|Zygarde-Complete|91/100 slp
|-damage|p2a: Zygarde|85/100 slp|[from] Stealth Rock
|move|p1a: Clefable|Moonblast|p2a: Zygarde
|-supereffective|p2a: Zygarde
|-damage|p2a: Zygarde|50/100 slp
|
|upkeep
|turn|147
|
|t:|1644713786
|cant|p2a: Zygarde|slp
|move|p1a: Clefable|Moonblast|p2a: Zygarde
|-supereffective|p2a: Zygarde
|-damage|p2a: Zygarde|12/100 slp
|
|upkeep
|turn|148
|
|t:|1644713788
|-curestatus|p2a: Zygarde|slp|[msg]
|move|p2a: Zygarde|Rest|p2a: Zygarde
|-status|p2a: Zygarde|slp|[from] move: Rest
|-heal|p2a: Zygarde|100/100 slp|[silent]
|move|p1a: Clefable|Moonblast|p2a: Zygarde
|-supereffective|p2a: Zygarde
|-damage|p2a: Zygarde|64/100 slp
|
|upkeep
|turn|149
|
|t:|1644713792
|switch|p2a: Necrozma|Necrozma-Dusk-Mane|82/100
|-damage|p2a: Necrozma|76/100|[from] Stealth Rock
|move|p1a: Clefable|Moonblast|p2a: Necrozma
|-resisted|p2a: Necrozma
|-damage|p2a: Necrozma|66/100
|
|upkeep
|turn|150
|
|t:|1644713798
|switch|p1a: Yveltal|Yveltal|100/100
|-ability|p1a: Yveltal|Dark Aura
|move|p2a: Necrozma|Iron Head|p1a: Yveltal
|-damage|p1a: Yveltal|68/100
|
|upkeep
|turn|151
|
|t:|1644713804
|switch|p2a: Eternatus|Eternatus|92/100 brn
|-damage|p2a: Eternatus|79/100 brn|[from] Stealth Rock
|-ability|p2a: Eternatus|Pressure
|move|p1a: Yveltal|Roost|p1a: Yveltal
|-heal|p1a: Yveltal|100/100
|-singleturn|p1a: Yveltal|move: Roost
|
|-damage|p2a: Eternatus|73/100 brn|[from] brn
|upkeep
|turn|152
|
|t:|1644713812
|switch|p1a: Clefable|Clefable, F|100/100 par
|move|p2a: Eternatus|Mystical Fire|p1a: Clefable
|-damage|p1a: Clefable|79/100 par
|-unboost|p1a: Clefable|spa|1
|
|-heal|p1a: Clefable|86/100 par|[from] item: Leftovers
|-damage|p2a: Eternatus|67/100 brn|[from] brn
|upkeep
|turn|153
|
|t:|1644713817
|switch|p2a: Necrozma|Necrozma-Dusk-Mane|66/100
|-damage|p2a: Necrozma|60/100|[from] Stealth Rock
|switch|p1a: Toxapex|Toxapex, F|100/100 par
|-damage|p1a: Toxapex|88/100 par|[from] Stealth Rock
|
|upkeep
|turn|154
|
|t:|1644713827
|switch|p1a: Yveltal|Yveltal|100/100
|-ability|p1a: Yveltal|Dark Aura
|move|p2a: Necrozma|Iron Head|p1a: Yveltal
|-damage|p1a: Yveltal|70/100
|
|upkeep
|turn|155
|
|t:|1644713832
|switch|p2a: Eternatus|Eternatus|67/100 brn
|-damage|p2a: Eternatus|55/100 brn|[from] Stealth Rock
|-ability|p2a: Eternatus|Pressure
|move|p1a: Yveltal|Roost|p1a: Yveltal
|-heal|p1a: Yveltal|100/100
|-singleturn|p1a: Yveltal|move: Roost
|
|-damage|p2a: Eternatus|49/100 brn|[from] brn
|upkeep
|turn|156
|
|t:|1644713837
|switch|p1a: Clefable|Clefable, F|86/100 par
|move|p2a: Eternatus|Recover|p2a: Eternatus
|-heal|p2a: Eternatus|99/100 brn
|
|-heal|p1a: Clefable|92/100 par|[from] item: Leftovers
|-damage|p2a: Eternatus|93/100 brn|[from] brn
|upkeep
|turn|157
|
|t:|1644713841
|move|p2a: Eternatus|Mystical Fire|p1a: Clefable
|-damage|p1a: Clefable|67/100 par
|-unboost|p1a: Clefable|spa|1
|move|p1a: Clefable|Knock Off|p2a: Eternatus
|-damage|p2a: Eternatus|84/100 brn
|
|-heal|p1a: Clefable|73/100 par|[from] item: Leftovers
|-damage|p2a: Eternatus|78/100 brn|[from] brn
|upkeep
|turn|158
|
|t:|1644713846
|move|p2a: Eternatus|Mystical Fire|p1a: Clefable
|-damage|p1a: Clefable|49/100 par
|-unboost|p1a: Clefable|spa|1
|cant|p1a: Clefable|par
|
|-heal|p1a: Clefable|56/100 par|[from] item: Leftovers
|-damage|p2a: Eternatus|72/100 brn|[from] brn
|upkeep
|turn|159
|
|t:|1644713849
|switch|p2a: Necrozma|Necrozma-Dusk-Mane|60/100
|-damage|p2a: Necrozma|53/100|[from] Stealth Rock
|move|p1a: Clefable|Soft-Boiled|p1a: Clefable
|-heal|p1a: Clefable|100/100 par
|
|upkeep
|turn|160
|
|t:|1644713852
|switch|p1a: Yveltal|Yveltal|100/100
|-ability|p1a: Yveltal|Dark Aura
|move|p2a: Necrozma|Thunder Wave|p1a: Yveltal|[miss]
|-miss|p2a: Necrozma|p1a: Yveltal
|
|upkeep
|turn|161
|c|☆Stallion|w4gtrefadF
|c|☆Stallion|as if that move is 90%
|
|t:|1644713869
|switch|p2a: Eternatus|Eternatus|72/100 brn
|-damage|p2a: Eternatus|60/100 brn|[from] Stealth Rock
|-ability|p2a: Eternatus|Pressure
|move|p1a: Yveltal|Foul Play|p2a: Eternatus
|-damage|p2a: Eternatus|37/100 brn
|
|-damage|p2a: Eternatus|31/100 brn|[from] brn
|upkeep
|turn|162
|
|t:|1644713875
|switch|p1a: Clefable|Clefable, F|100/100 par
|move|p2a: Eternatus|Recover|p2a: Eternatus
|-heal|p2a: Eternatus|81/100 brn
|
|-damage|p2a: Eternatus|75/100 brn|[from] brn
|upkeep
|turn|163
|
|t:|1644713880
|switch|p2a: Necrozma|Necrozma-Dusk-Mane|53/100
|-damage|p2a: Necrozma|47/100|[from] Stealth Rock
|move|p1a: Clefable|Knock Off|p2a: Necrozma
|-supereffective|p2a: Necrozma
|-damage|p2a: Necrozma|35/100
|
|upkeep
|turn|164
|
|t:|1644713882
|switch|p1a: Yveltal|Yveltal|100/100
|-ability|p1a: Yveltal|Dark Aura
|move|p2a: Necrozma|Moonlight|p2a: Necrozma
|-heal|p2a: Necrozma|85/100
|
|upkeep
|turn|165
|
|t:|1644713894
|switch|p2a: Eternatus|Eternatus|75/100 brn
|-damage|p2a: Eternatus|63/100 brn|[from] Stealth Rock
|-ability|p2a: Eternatus|Pressure
|move|p1a: Yveltal|Foul Play|p2a: Eternatus
|-damage|p2a: Eternatus|39/100 brn
|
|-damage|p2a: Eternatus|33/100 brn|[from] brn
|upkeep
|turn|166
|
|t:|1644713898
|move|p2a: Eternatus|Recover|p2a: Eternatus
|-heal|p2a: Eternatus|83/100 brn
|move|p1a: Yveltal|Foul Play|p2a: Eternatus
|-damage|p2a: Eternatus|60/100 brn
|
|-damage|p2a: Eternatus|54/100 brn|[from] brn
|upkeep
|turn|167
|
|t:|1644713904
|switch|p1a: Clefable|Clefable, F|100/100 par
|move|p2a: Eternatus|Recover|p2a: Eternatus
|-heal|p2a: Eternatus|100/100 brn
|
|-damage|p2a: Eternatus|94/100 brn|[from] brn
|upkeep
|turn|168
|
|t:|1644713908
|switch|p2a: Necrozma|Necrozma-Dusk-Mane|85/100
|-damage|p2a: Necrozma|78/100|[from] Stealth Rock
|move|p1a: Clefable|Knock Off|p2a: Necrozma
|-supereffective|p2a: Necrozma
|-damage|p2a: Necrozma|67/100
|
|upkeep
|turn|169
|
|t:|1644713911
|switch|p1a: Toxapex|Toxapex, F|100/100 par
|-damage|p1a: Toxapex|88/100 par|[from] Stealth Rock
|move|p2a: Necrozma|Thunder Wave|p1a: Toxapex
|-fail|p1a: Toxapex|par
|
|upkeep
|turn|170
|
|t:|1644713916
|switch|p1a: Yveltal|Yveltal|100/100
|-ability|p1a: Yveltal|Dark Aura
|move|p2a: Necrozma|Thunder Wave|p1a: Yveltal
|-status|p1a: Yveltal|par
|
|upkeep
|turn|171
|
|t:|1644713935
|switch|p2a: Eternatus|Eternatus|94/100 brn
|-damage|p2a: Eternatus|82/100 brn|[from] Stealth Rock
|-ability|p2a: Eternatus|Pressure
|move|p1a: Yveltal|Foul Play|p2a: Eternatus
|-damage|p2a: Eternatus|61/100 brn
|
|-damage|p2a: Eternatus|55/100 brn|[from] brn
|upkeep
|turn|172
|
|t:|1644713938
|move|p1a: Yveltal|Sucker Punch|p2a: Eternatus
|-damage|p2a: Eternatus|24/100 brn
|move|p2a: Eternatus|Dynamax Cannon|p1a: Yveltal
|-damage|p1a: Yveltal|67/100 par
|
|-damage|p2a: Eternatus|18/100 brn|[from] brn
|upkeep
|turn|173
|
|t:|1644713953
|move|p2a: Eternatus|Recover|p2a: Eternatus
|-heal|p2a: Eternatus|68/100 brn
|move|p1a: Yveltal|Roost|p1a: Yveltal
|-heal|p1a: Yveltal|100/100 par
|-singleturn|p1a: Yveltal|move: Roost
|
|-damage|p2a: Eternatus|62/100 brn|[from] brn
|upkeep
|turn|174
|
|t:|1644713963
|switch|p1a: Clefable|Clefable, F|100/100 par
|move|p2a: Eternatus|Mystical Fire|p1a: Clefable
|-damage|p1a: Clefable|77/100 par
|-unboost|p1a: Clefable|spa|1
|
|-heal|p1a: Clefable|83/100 par|[from] item: Leftovers
|-damage|p2a: Eternatus|56/100 brn|[from] brn
|upkeep
|turn|175
|
|t:|1644713971
|switch|p2a: Necrozma|Necrozma-Dusk-Mane|67/100
|-damage|p2a: Necrozma|61/100|[from] Stealth Rock
|cant|p1a: Clefable|par
|
|-heal|p1a: Clefable|90/100 par|[from] item: Leftovers
|upkeep
|turn|176
|
|t:|1644713979
|switch|p1a: Yveltal|Yveltal|100/100 par
|-ability|p1a: Yveltal|Dark Aura
|move|p2a: Necrozma|Moonlight|p2a: Necrozma
|-heal|p2a: Necrozma|100/100
|
|upkeep
|turn|177
|
|t:|1644713983
|switch|p2a: Eternatus|Eternatus|56/100 brn
|-damage|p2a: Eternatus|43/100 brn|[from] Stealth Rock
|-ability|p2a: Eternatus|Pressure
|move|p1a: Yveltal|Foul Play|p2a: Eternatus
|-damage|p2a: Eternatus|20/100 brn
|
|-damage|p2a: Eternatus|14/100 brn|[from] brn
|upkeep
|turn|178
|
|t:|1644713986
|switch|p1a: Clefable|Clefable, F|90/100 par
|move|p2a: Eternatus|Mystical Fire|p1a: Clefable
|-damage|p1a: Clefable|66/100 par
|-unboost|p1a: Clefable|spa|1
|
|-heal|p1a: Clefable|73/100 par|[from] item: Leftovers
|-damage|p2a: Eternatus|8/100 brn|[from] brn
|upkeep
|turn|179
|
|t:|1644713995
|switch|p2a: Necrozma|Necrozma-Dusk-Mane|100/100
|-damage|p2a: Necrozma|94/100|[from] Stealth Rock
|switch|p1a: Yveltal|Yveltal|100/100 par
|-ability|p1a: Yveltal|Dark Aura
|
|upkeep
|turn|180
|
|t:|1644714004
|switch|p2a: Eternatus|Eternatus|8/100 brn
|-damage|p2a: Eternatus|0 fnt|[from] Stealth Rock
|faint|p2a: Eternatus
|move|p1a: Yveltal|Foul Play|p2: Eternatus|[notarget]
|-fail|p1a: Yveltal
|
|upkeep
|
|t:|1644714007
|switch|p2a: Zygarde|Zygarde-Complete|64/100 slp
|-damage|p2a: Zygarde|58/100 slp|[from] Stealth Rock
|turn|181
|
|t:|1644714012
|switch|p1a: Clefable|Clefable, F|73/100 par
|cant|p2a: Zygarde|slp
|
|-heal|p1a: Clefable|79/100 par|[from] item: Leftovers
|upkeep
|turn|182
|
|t:|1644714016
|switch|p2a: Necrozma|Necrozma-Dusk-Mane|94/100
|-damage|p2a: Necrozma|88/100|[from] Stealth Rock
|move|p1a: Clefable|Moonblast|p2a: Necrozma
|-resisted|p2a: Necrozma
|-damage|p2a: Necrozma|78/100
|
|-heal|p1a: Clefable|85/100 par|[from] item: Leftovers
|upkeep
|turn|183
|
|t:|1644714024
|switch|p1a: Yveltal|Yveltal|100/100 par
|-ability|p1a: Yveltal|Dark Aura
|move|p2a: Necrozma|Iron Head|p1a: Yveltal
|-damage|p1a: Yveltal|66/100 par
|
|upkeep
|turn|184
|
|t:|1644714027
|switch|p2a: Zygarde|Zygarde-Complete|58/100 slp
|-damage|p2a: Zygarde|52/100 slp|[from] Stealth Rock
|move|p1a: Yveltal|Foul Play|p2a: Zygarde
|-damage|p2a: Zygarde|38/100 slp
|
|upkeep
|turn|185
|
|t:|1644714032
|cant|p2a: Zygarde|slp
|move|p1a: Yveltal|Roost|p1a: Yveltal
|-heal|p1a: Yveltal|100/100 par
|-singleturn|p1a: Yveltal|move: Roost
|
|upkeep
|turn|186
|
|t:|1644714037
|switch|p1a: Clefable|Clefable, F|85/100 par
|-curestatus|p2a: Zygarde|slp|[msg]
|move|p2a: Zygarde|Rest|p2a: Zygarde
|-status|p2a: Zygarde|slp|[from] move: Rest
|-heal|p2a: Zygarde|100/100 slp|[silent]
|
|-heal|p1a: Clefable|91/100 par|[from] item: Leftovers
|upkeep
|turn|187
|
|t:|1644714047
|switch|p2a: Necrozma|Necrozma-Dusk-Mane|78/100
|-damage|p2a: Necrozma|72/100|[from] Stealth Rock
|move|p1a: Clefable|Knock Off|p2a: Necrozma
|-supereffective|p2a: Necrozma
|-damage|p2a: Necrozma|60/100
|
|-heal|p1a: Clefable|97/100 par|[from] item: Leftovers
|upkeep
|turn|188
|
|t:|1644714052
|switch|p1a: Toxapex|Toxapex, F|100/100 par
|-damage|p1a: Toxapex|88/100 par|[from] Stealth Rock
|move|p2a: Necrozma|Iron Head|p1a: Toxapex
|-resisted|p1a: Toxapex
|-damage|p1a: Toxapex|75/100 par
|
|upkeep
|turn|189
|
|t:|1644714057
|switch|p2a: Dracovish|Dracovish|100/100 slp
|-damage|p2a: Dracovish|88/100 slp|[from] Stealth Rock
|switch|p1a: Yveltal|Yveltal|100/100 par
|-ability|p1a: Yveltal|Dark Aura
|
|upkeep
|turn|190
|
|t:|1644714061
|switch|p2a: Zygarde|Zygarde-Complete|100/100 slp
|-damage|p2a: Zygarde|94/100 slp|[from] Stealth Rock
|move|p1a: Yveltal|Foul Play|p2a: Zygarde
|-damage|p2a: Zygarde|78/100 slp
|
|upkeep
|turn|191
|
|t:|1644714066
|switch|p1a: Clefable|Clefable, F|97/100 par
|cant|p2a: Zygarde|slp
|
|-heal|p1a: Clefable|100/100 par|[from] item: Leftovers
|upkeep
|turn|192
|
|t:|1644714072
|switch|p2a: Necrozma|Necrozma-Dusk-Mane|60/100
|-damage|p2a: Necrozma|53/100|[from] Stealth Rock
|switch|p1a: Yveltal|Yveltal|100/100 par
|-ability|p1a: Yveltal|Dark Aura
|
|upkeep
|turn|193
|
|t:|1644714079
|switch|p2a: Zygarde|Zygarde-Complete|78/100 slp
|-damage|p2a: Zygarde|72/100 slp|[from] Stealth Rock
|cant|p1a: Yveltal|par
|
|upkeep
|turn|194
|
|t:|1644714083
|switch|p1a: Clefable|Clefable, F|100/100 par
|cant|p2a: Zygarde|slp
|
|upkeep
|turn|195
|
|t:|1644714088
|switch|p2a: Necrozma|Necrozma-Dusk-Mane|53/100
|-damage|p2a: Necrozma|47/100|[from] Stealth Rock
|move|p1a: Clefable|Knock Off|p2a: Necrozma
|-supereffective|p2a: Necrozma
|-damage|p2a: Necrozma|35/100
|
|upkeep
|turn|196
|
|t:|1644714094
|switch|p1a: Yveltal|Yveltal|100/100 par
|-ability|p1a: Yveltal|Dark Aura
|move|p2a: Necrozma|Moonlight|p2a: Necrozma
|-heal|p2a: Necrozma|85/100
|
|upkeep
|turn|197
|
|t:|1644714100
|switch|p2a: Zygarde|Zygarde-Complete|72/100 slp
|-damage|p2a: Zygarde|65/100 slp|[from] Stealth Rock
|move|p1a: Yveltal|Sucker Punch||[still]
|-fail|p1a: Yveltal
|
|upkeep
|turn|198
|
|t:|1644714106
|switch|p1a: Clefable|Clefable, F|100/100 par
|-curestatus|p2a: Zygarde|slp|[msg]
|move|p2a: Zygarde|Thousand Arrows|p1a: Clefable
|-damage|p1a: Clefable|78/100 par
|
|-heal|p1a: Clefable|85/100 par|[from] item: Leftovers
|upkeep
|turn|199
|
|t:|1644714110
|switch|p2a: Necrozma|Necrozma-Dusk-Mane|85/100
|-damage|p2a: Necrozma|78/100|[from] Stealth Rock
|cant|p1a: Clefable|par
|
|-heal|p1a: Clefable|91/100 par|[from] item: Leftovers
|upkeep
|turn|200
|
|t:|1644714114
|switch|p1a: Yveltal|Yveltal|100/100 par
|-ability|p1a: Yveltal|Dark Aura
|move|p2a: Necrozma|Iron Head|p1a: Yveltal
|-damage|p1a: Yveltal|70/100 par
|
|upkeep
|turn|201
|
|t:|1644714131
|switch|p2a: Zygarde|Zygarde-Complete|65/100
|-damage|p2a: Zygarde|59/100|[from] Stealth Rock
|move|p1a: Yveltal|Roost|p1a: Yveltal
|-heal|p1a: Yveltal|100/100 par
|-singleturn|p1a: Yveltal|move: Roost
|
|upkeep
|turn|202
|
|t:|1644714154
|switch|p1a: Clefable|Clefable, F|91/100 par
|move|p2a: Zygarde|Coil|p2a: Zygarde
|-boost|p2a: Zygarde|atk|1
|-boost|p2a: Zygarde|def|1
|-boost|p2a: Zygarde|accuracy|1
|
|-heal|p1a: Clefable|97/100 par|[from] item: Leftovers
|upkeep
|turn|203
|inactive|Stallion has 270 seconds left.
|
|t:|1644714185
|switch|p2a: Necrozma|Necrozma-Dusk-Mane|78/100
|-damage|p2a: Necrozma|72/100|[from] Stealth Rock
|cant|p1a: Clefable|par
|
|-heal|p1a: Clefable|100/100 par|[from] item: Leftovers
|upkeep
|turn|204
|
|t:|1644714194
|switch|p1a: Toxapex|Toxapex, F|100/100 par
|-damage|p1a: Toxapex|88/100 par|[from] Stealth Rock
|move|p2a: Necrozma|Iron Head|p1a: Toxapex
|-resisted|p1a: Toxapex
|-damage|p1a: Toxapex|75/100 par
|
|upkeep
|turn|205
|inactive|Stallion has 270 seconds left.
|
|t:|1644714201
|move|p2a: Necrozma|Iron Head|p1a: Toxapex
|-resisted|p1a: Toxapex
|-damage|p1a: Toxapex|62/100 par
|move|p1a: Toxapex|Knock Off|p2a: Necrozma
|-supereffective|p2a: Necrozma
|-damage|p2a: Necrozma|62/100
|
|upkeep
|turn|206
|
|t:|1644714207
|switch|p2a: Dracovish|Dracovish|88/100 slp
|-damage|p2a: Dracovish|76/100 slp|[from] Stealth Rock
|cant|p1a: Toxapex|par
|
|upkeep
|turn|207
|
|t:|1644714214
|cant|p2a: Dracovish|slp
|move|p2a: Dracovish|Sleep Talk|p2a: Dracovish
|move|p2a: Dracovish|Rest||[from]move: Sleep Talk|[still]
|-fail|p2a: Dracovish
|move|p1a: Toxapex|Recover|p1a: Toxapex
|-heal|p1a: Toxapex|100/100 par
|
|upkeep
|turn|208
|
|t:|1644714219
|cant|p2a: Dracovish|slp
|move|p2a: Dracovish|Sleep Talk|p2a: Dracovish
|move|p2a: Dracovish|Dragon Rush|p1a: Toxapex|[from]move: Sleep Talk|[miss]
|-miss|p2a: Dracovish|p1a: Toxapex
|move|p1a: Toxapex|Knock Off|p2a: Dracovish
|-damage|p2a: Dracovish|65/100 slp
|
|upkeep
|turn|209
|
|t:|1644714228
|-curestatus|p2a: Dracovish|slp|[msg]
|move|p2a: Dracovish|Fishious Rend|p1a: Toxapex
|-resisted|p1a: Toxapex
|-damage|p1a: Toxapex|64/100 par
|move|p1a: Toxapex|Knock Off|p2a: Dracovish
|-damage|p2a: Dracovish|54/100
|
|upkeep
|turn|210
|
|t:|1644714233
|move|p2a: Dracovish|Fishious Rend|p1a: Toxapex
|-resisted|p1a: Toxapex
|-damage|p1a: Toxapex|29/100 par
|move|p1a: Toxapex|Recover|p1a: Toxapex
|-heal|p1a: Toxapex|79/100 par
|
|upkeep
|turn|211
|
|t:|1644714240
|move|p2a: Dracovish|Fishious Rend|p1a: Toxapex
|-resisted|p1a: Toxapex
|-damage|p1a: Toxapex|47/100 par
|move|p1a: Toxapex|Recover|p1a: Toxapex
|-heal|p1a: Toxapex|97/100 par
|
|upkeep
|turn|212
|
|t:|1644714264
|switch|p1a: Clefable|Clefable, F|100/100 par
|move|p2a: Dracovish|Rest|p2a: Dracovish
|-status|p2a: Dracovish|slp|[from] move: Rest
|-heal|p2a: Dracovish|100/100 slp|[silent]
|
|upkeep
|turn|213
|
|t:|1644714272
|switch|p2a: Necrozma|Necrozma-Dusk-Mane|62/100
|-damage|p2a: Necrozma|56/100|[from] Stealth Rock
|switch|p1a: Yveltal|Yveltal|100/100 par
|-ability|p1a: Yveltal|Dark Aura
|
|upkeep
|turn|214
|
|t:|1644714278
|switch|p2a: Zygarde|Zygarde-Complete|59/100
|-damage|p2a: Zygarde|53/100|[from] Stealth Rock
|switch|p1a: Clefable|Clefable, F|100/100 par
|
|upkeep
|turn|215
|
|t:|1644714284
|switch|p2a: Necrozma|Necrozma-Dusk-Mane|56/100
|-damage|p2a: Necrozma|49/100|[from] Stealth Rock
|switch|p1a: Yveltal|Yveltal|100/100 par
|-ability|p1a: Yveltal|Dark Aura
|
|upkeep
|turn|216
|
|t:|1644714289
|switch|p2a: Zygarde|Zygarde-Complete|53/100
|-damage|p2a: Zygarde|47/100|[from] Stealth Rock
|cant|p1a: Yveltal|par
|
|upkeep
|turn|217
|
|t:|1644714294
|switch|p1a: Clefable|Clefable, F|100/100 par
|move|p2a: Zygarde|Rest|p2a: Zygarde
|-status|p2a: Zygarde|slp|[from] move: Rest
|-heal|p2a: Zygarde|100/100 slp|[silent]
|
|upkeep
|turn|218
|
|t:|1644714304
|switch|p1a: Yveltal|Yveltal|100/100 par
|-ability|p1a: Yveltal|Dark Aura
|cant|p2a: Zygarde|slp
|
|upkeep
|turn|219
|
|t:|1644714307
|switch|p1a: Clefable|Clefable, F|100/100 par
|cant|p2a: Zygarde|slp
|
|upkeep
|turn|220
|
|t:|1644714312
|switch|p2a: Necrozma|Necrozma-Dusk-Mane|49/100
|-damage|p2a: Necrozma|43/100|[from] Stealth Rock
|move|p1a: Clefable|Knock Off|p2a: Necrozma
|-supereffective|p2a: Necrozma
|-crit|p2a: Necrozma
|-damage|p2a: Necrozma|24/100
|
|upkeep
|turn|221
|
|t:|1644714316
|move|p2a: Necrozma|Moonlight|p2a: Necrozma
|-heal|p2a: Necrozma|74/100
|move|p1a: Clefable|Knock Off|p2a: Necrozma
|-supereffective|p2a: Necrozma
|-damage|p2a: Necrozma|63/100
|
|upkeep
|turn|222
|
|t:|1644714322
|switch|p1a: Yveltal|Yveltal|100/100 par
|-ability|p1a: Yveltal|Dark Aura
|move|p2a: Necrozma|Iron Head|p1a: Yveltal
|-damage|p1a: Yveltal|69/100 par
|
|upkeep
|turn|223
|
|t:|1644714350
|switch|p2a: Zygarde|Zygarde-Complete|100/100 slp
|-damage|p2a: Zygarde|94/100 slp|[from] Stealth Rock
|move|p1a: Yveltal|Roost|p1a: Yveltal
|-heal|p1a: Yveltal|100/100 par
|-singleturn|p1a: Yveltal|move: Roost
|
|upkeep
|turn|224
|
|t:|1644714358
|switch|p1a: Clefable|Clefable, F|100/100 par
|-curestatus|p2a: Zygarde|slp|[msg]
|move|p2a: Zygarde|Coil|p2a: Zygarde
|-boost|p2a: Zygarde|atk|1
|-boost|p2a: Zygarde|def|1
|-boost|p2a: Zygarde|accuracy|1
|
|upkeep
|turn|225
|
|t:|1644714362
|move|p2a: Zygarde|Thousand Arrows|p1a: Clefable
|-crit|p1a: Clefable
|-damage|p1a: Clefable|49/100 par
|move|p1a: Clefable|Moonblast|p2a: Zygarde
|-supereffective|p2a: Zygarde
|-damage|p2a: Zygarde|61/100
|
|-heal|p1a: Clefable|55/100 par|[from] item: Leftovers
|upkeep
|turn|226
|
|t:|1644714366
|move|p2a: Zygarde|Thousand Arrows|p1a: Clefable
|-damage|p1a: Clefable|19/100 par
|cant|p1a: Clefable|par
|
|-heal|p1a: Clefable|25/100 par|[from] item: Leftovers
|upkeep
|turn|227
|
|t:|1644714370
|switch|p1a: Yveltal|Yveltal|100/100 par
|-ability|p1a: Yveltal|Dark Aura
|move|p2a: Zygarde|Thousand Arrows|p1a: Yveltal
|-damage|p1a: Yveltal|66/100 par
|-start|p1a: Yveltal|Smack Down
|
|upkeep
|turn|228
|
|t:|1644714375
|move|p2a: Zygarde|Thousand Arrows|p1a: Yveltal
|-damage|p1a: Yveltal|28/100 par
|move|p1a: Yveltal|Roost|p1a: Yveltal
|-heal|p1a: Yveltal|79/100 par
|-singleturn|p1a: Yveltal|move: Roost
|
|upkeep
|turn|229
|
|t:|1644714378
|move|p2a: Zygarde|Coil|p2a: Zygarde
|-boost|p2a: Zygarde|atk|1
|-boost|p2a: Zygarde|def|1
|-boost|p2a: Zygarde|accuracy|1
|move|p1a: Yveltal|Foul Play|p2a: Zygarde
|-damage|p2a: Zygarde|45/100
|
|upkeep
|turn|230
|
|t:|1644714383
|move|p2a: Zygarde|Coil|p2a: Zygarde
|-boost|p2a: Zygarde|atk|1
|-boost|p2a: Zygarde|def|1
|-boost|p2a: Zygarde|accuracy|1
|move|p1a: Yveltal|Foul Play|p2a: Zygarde
|-damage|p2a: Zygarde|30/100
|
|upkeep
|turn|231
|
|t:|1644714389
|move|p2a: Zygarde|Thousand Arrows|p1a: Yveltal
|-damage|p1a: Yveltal|18/100 par
|move|p1a: Yveltal|Foul Play|p2a: Zygarde
|-damage|p2a: Zygarde|16/100
|
|upkeep
|turn|232
|
|t:|1644714394
|cant|p1a: Yveltal|par
|move|p2a: Zygarde|Thousand Arrows|p1a: Yveltal
|-damage|p1a: Yveltal|0 fnt
|faint|p1a: Yveltal
|
|upkeep
|
|t:|1644714397
|switch|p1a: Toxapex|Toxapex, F|100/100 par
|-damage|p1a: Toxapex|88/100 par|[from] Stealth Rock
|turn|233
|
|t:|1644714398
|move|p2a: Zygarde|Thousand Arrows|p1a: Toxapex
|-supereffective|p1a: Toxapex
|-damage|p1a: Toxapex|0 fnt
|faint|p1a: Toxapex
|
|upkeep
|
|t:|1644714400
|switch|p1a: Clefable|Clefable, F|25/100 par
|turn|234
|
|t:|1644714401
|move|p2a: Zygarde|Thousand Arrows|p1a: Clefable
|-damage|p1a: Clefable|0 fnt
|faint|p1a: Clefable
|
|win|Stallion
|c|☆Skarph♫|gg
|c|☆Stallion|gg
|c|+Bugs Bunny|Finally a luck break
