|inactive|Battle timer is ON: inactive players will automatically lose when time's up.
|t:|1644192360
|gametype|singles
|player|p1|Manaphy-- smog|dawn|
|player|p2|King Billu|rood|
|teamsize|p1|6
|teamsize|p2|6
|gen|8
|tier|[Gen 8] Ubers
|rule|Sleep Clause Mod: Limit one foe put to sleep
|rule|Species Clause: Limit one of each Pokémon
|rule|OHKO Clause: OHKO moves are banned
|rule|Evasion Moves Clause: Evasion moves are banned
|rule|Endless Battle Clause: Forcing endless battles is banned
|rule|HP Percentage Mod: HP is shown in percentages
|rule|Dynamax Clause: You cannot dynamax
|clearpoke
|poke|p1|Yveltal|
|poke|p1|Necrozma-Dusk-Mane|
|poke|p1|Eternatus|
|poke|p1|Zygarde|
|poke|p1|Zekrom|
|poke|p1|Calyrex-Shadow|
|poke|p2|Yveltal|
|poke|p2|Zygarde|
|poke|p2|Kyogre|
|poke|p2|Eternatus|
|poke|p2|Necrozma-Dusk-Mane|
|poke|p2|Xerneas-*|
|teampreview
|c|☆King Billu|hf
|c|☆Manaphy-- smog|ye
|inactive|Manaphy-- smog has 270 seconds left.
|inactive|King Billu has 270 seconds left.
|inactive|Manaphy-- smog has 240 seconds left.
|inactive|King Billu has 240 seconds left.
|inactive|Manaphy-- smog has 210 seconds left.
|inactive|Manaphy-- smog has 180 seconds left.
|
|t:|1644192491
|start
|switch|p1a: Eternatus|Eternatus|100/100
|switch|p2a: Eternatus|Eternatus|100/100
|-ability|p1a: Eternatus|Pressure
|-ability|p2a: Eternatus|Pressure
|turn|1
|inactive|Manaphy-- smog has 210 seconds left.
|
|t:|1644192528
|switch|p1a: Necrozma|Necrozma-Dusk-Mane|100/100
|switch|p2a: Necrozma|Necrozma-Dusk-Mane|100/100
|
|upkeep
|turn|2
|inactive|Manaphy-- smog has 210 seconds left.
|
|t:|1644192542
|move|p1a: Necrozma|Stealth Rock|p2a: Necrozma
|-sidestart|p2: King Billu|move: Stealth Rock
|move|p2a: Necrozma|Stealth Rock|p1a: Necrozma
|-sidestart|p1: Manaphy-- smog|move: Stealth Rock
|
|upkeep
|turn|3
|inactive|Manaphy-- smog has 210 seconds left.
|
|t:|1644192572
|switch|p1a: Zygarde|Zygarde|100/100
|-damage|p1a: Zygarde|94/100|[from] Stealth Rock
|switch|p2a: Kyogre|Kyogre|100/100
|-damage|p2a: Kyogre|88/100|[from] Stealth Rock
|-weather|RainDance|[from] ability: Drizzle|[of] p2a: Kyogre
|
|-weather|RainDance|[upkeep]
|-heal|p1a: Zygarde|100/100|[from] item: Leftovers
|-heal|p2a: Kyogre|94/100|[from] item: Leftovers
|upkeep
|turn|4
|
|t:|1644192578
|switch|p1a: Eternatus|Eternatus|100/100
|-damage|p1a: Eternatus|88/100|[from] Stealth Rock
|-ability|p1a: Eternatus|Pressure
|move|p2a: Kyogre|Scald|p1a: Eternatus
|-resisted|p1a: Eternatus
|-damage|p1a: Eternatus|70/100
|
|-weather|RainDance|[upkeep]
|-heal|p2a: Kyogre|100/100|[from] item: Leftovers
|upkeep
|turn|5
|inactive|King Billu has 270 seconds left.
|
|t:|1644192621
|move|p1a: Eternatus|Draco Meteor|p2a: Kyogre
|-damage|p2a: Kyogre|61/100
|-unboost|p1a: Eternatus|spa|2
|-enditem|p1a: Eternatus|Eject Pack
|
|t:|1644192627
|switch|p1a: Zekrom|Zekrom|100/100
|-damage|p1a: Zekrom|88/100|[from] Stealth Rock
|-ability|p1a: Zekrom|Teravolt
|move|p2a: Kyogre|Roar|p1a: Zekrom
|drag|p1a: Calyrex|Calyrex-Shadow|100/100
|-ability|p1a: Calyrex|As One
|-ability|p1a: Calyrex|Unnerve
|-damage|p1a: Calyrex|88/100|[from] Stealth Rock
|
|-weather|RainDance|[upkeep]
|-heal|p2a: Kyogre|67/100|[from] item: Leftovers
|upkeep
|turn|6
|inactive|Manaphy-- smog has 180 seconds left.
|
|t:|1644192669
|switch|p2a: Yveltal|Yveltal|100/100
|-ability|p2a: Yveltal|Dark Aura
|move|p1a: Calyrex|Trick|p2a: Yveltal
|-activate|p1a: Calyrex|move: Trick|[of] p2a: Yveltal
|-item|p2a: Yveltal|Choice Scarf|[from] move: Trick
|-item|p1a: Calyrex|Heavy-Duty Boots|[from] move: Trick
|
|-weather|RainDance|[upkeep]
|upkeep
|turn|7
|inactive|Manaphy-- smog has 150 seconds left.
|
|t:|1644192726
|switch|p1a: Zygarde|Zygarde|100/100
|-damage|p1a: Zygarde|94/100|[from] Stealth Rock
|move|p2a: Yveltal|Knock Off|p1a: Zygarde
|-damage|p1a: Zygarde|62/100
|-enditem|p1a: Zygarde|Leftovers|[from] move: Knock Off|[of] p2a: Yveltal
|
|-weather|none
|upkeep
|turn|8
|
|t:|1644192734
|switch|p2a: Kyogre|Kyogre|67/100
|-damage|p2a: Kyogre|55/100|[from] Stealth Rock
|-weather|RainDance|[from] ability: Drizzle|[of] p2a: Kyogre
|move|p1a: Zygarde|Glare|p2a: Kyogre
|-status|p2a: Kyogre|par
|
|-weather|RainDance|[upkeep]
|-heal|p2a: Kyogre|61/100 par|[from] item: Leftovers
|upkeep
|turn|9
|
|t:|1644192748
|switch|p1a: Zekrom|Zekrom|88/100
|-damage|p1a: Zekrom|76/100|[from] Stealth Rock
|-ability|p1a: Zekrom|Teravolt
|cant|p2a: Kyogre|par
|
|-weather|RainDance|[upkeep]
|-heal|p2a: Kyogre|67/100 par|[from] item: Leftovers
|upkeep
|turn|10
|inactive|King Billu has 270 seconds left.
|inactive|Manaphy-- smog has 120 seconds left.
|
|t:|1644192771
|switch|p2a: Eternatus|Eternatus|100/100
|-damage|p2a: Eternatus|88/100|[from] Stealth Rock
|-ability|p2a: Eternatus|Pressure
|move|p1a: Zekrom|Bolt Strike|p2a: Eternatus
|-resisted|p2a: Eternatus
|-damage|p2a: Eternatus|62/100
|
|-weather|RainDance|[upkeep]
|upkeep
|turn|11
|inactive|King Billu has 270 seconds left.
|inactive|Manaphy-- smog has 120 seconds left.
|inactive|Manaphy-- smog has 90 seconds left.
|
|t:|1644192813
|switch|p1a: Necrozma|Necrozma-Dusk-Mane|100/100
|-damage|p1a: Necrozma|94/100|[from] Stealth Rock
|move|p2a: Eternatus|Toxic Spikes|p1a: Necrozma
|-sidestart|p1: Manaphy-- smog|move: Toxic Spikes
|
|-weather|RainDance|[upkeep]
|-heal|p1a: Necrozma|100/100|[from] item: Leftovers
|upkeep
|turn|12
|inactive|Manaphy-- smog has 90 seconds left.
|
|t:|1644192826
|switch|p2a: Kyogre|Kyogre|67/100 par
|-damage|p2a: Kyogre|55/100 par|[from] Stealth Rock
|move|p1a: Necrozma|Iron Head|p2a: Kyogre
|-resisted|p2a: Kyogre
|-damage|p2a: Kyogre|41/100 par
|
|-weather|none
|-heal|p2a: Kyogre|47/100 par|[from] item: Leftovers
|upkeep
|turn|13
|
|t:|1644192834
|switch|p1a: Eternatus|Eternatus|70/100
|-sideend|p1: Manaphy-- smog|move: Toxic Spikes|[of] p1a: Eternatus
|-damage|p1a: Eternatus|58/100|[from] Stealth Rock
|-ability|p1a: Eternatus|Pressure
|move|p2a: Kyogre|Scald|p1a: Eternatus
|-resisted|p1a: Eternatus
|-damage|p1a: Eternatus|46/100
|-status|p1a: Eternatus|brn
|
|-heal|p2a: Kyogre|53/100 par|[from] item: Leftovers
|-damage|p1a: Eternatus|40/100 brn|[from] brn
|upkeep
|turn|14
|
|t:|1644192844
|switch|p2a: Necrozma|Necrozma-Dusk-Mane|100/100
|-damage|p2a: Necrozma|94/100|[from] Stealth Rock
|move|p1a: Eternatus|Recover|p1a: Eternatus
|-heal|p1a: Eternatus|90/100 brn
|
|-damage|p1a: Eternatus|84/100 brn|[from] brn
|upkeep
|turn|15
|inactive|Manaphy-- smog has 90 seconds left.
|
|t:|1644192866
|switch|p1a: Zygarde|Zygarde|62/100
|-damage|p1a: Zygarde|56/100|[from] Stealth Rock
|move|p2a: Necrozma|Iron Head|p1a: Zygarde
|-damage|p1a: Zygarde|34/100
|
|-activate|p1a: Zygarde|ability: Power Construct
|detailschange|p1a: Zygarde|Zygarde-Complete
|-heal|p1a: Zygarde|57/100|[silent]
|upkeep
|turn|16
|inactive|Manaphy-- smog has 90 seconds left.
|
|t:|1644192881
|switch|p2a: Kyogre|Kyogre|53/100 par
|-damage|p2a: Kyogre|41/100 par|[from] Stealth Rock
|-weather|RainDance|[from] ability: Drizzle|[of] p2a: Kyogre
|move|p1a: Zygarde|Thousand Arrows|p2a: Kyogre
|-damage|p2a: Kyogre|20/100 par
|
|-weather|RainDance|[upkeep]
|-heal|p2a: Kyogre|26/100 par|[from] item: Leftovers
|upkeep
|turn|17
|inactive|Manaphy-- smog has 90 seconds left.
|
|t:|1644192897
|switch|p1a: Zekrom|Zekrom|76/100
|-damage|p1a: Zekrom|64/100|[from] Stealth Rock
|-ability|p1a: Zekrom|Teravolt
|cant|p2a: Kyogre|par
|
|-weather|RainDance|[upkeep]
|-heal|p2a: Kyogre|32/100 par|[from] item: Leftovers
|upkeep
|turn|18
|inactive|Manaphy-- smog has 90 seconds left.
|
|t:|1644192921
|move|p1a: Zekrom|Dragon Dance|p1a: Zekrom
|-boost|p1a: Zekrom|atk|1
|-boost|p1a: Zekrom|spe|1
|cant|p2a: Kyogre|par
|
|-weather|RainDance|[upkeep]
|-heal|p2a: Kyogre|39/100 par|[from] item: Leftovers
|upkeep
|turn|19
|
|t:|1644192934
|move|p1a: Zekrom|Dragon Claw|p2a: Kyogre
|-damage|p2a: Kyogre|0 fnt
|faint|p2a: Kyogre
|
|-weather|RainDance|[upkeep]
|upkeep
|
|t:|1644192936
|switch|p2a: Xerneas|Xerneas|100/100
|-damage|p2a: Xerneas|88/100|[from] Stealth Rock
|-ability|p2a: Xerneas|Fairy Aura
|turn|20
|inactive|Manaphy-- smog has 90 seconds left.
|inactive|Manaphy-- smog has 60 seconds left.
|
|t:|1644192972
|switch|p1a: Necrozma|Necrozma-Dusk-Mane|100/100
|-damage|p1a: Necrozma|94/100|[from] Stealth Rock
|move|p2a: Xerneas|Moonblast|p1a: Necrozma
|-resisted|p1a: Necrozma
|-crit|p1a: Necrozma
|-damage|p1a: Necrozma|70/100
|
|-weather|none
|-heal|p1a: Necrozma|76/100|[from] item: Leftovers
|upkeep
|turn|21
|
|t:|1644192985
|switch|p2a: Necrozma|Necrozma-Dusk-Mane|94/100
|-damage|p2a: Necrozma|88/100|[from] Stealth Rock
|move|p1a: Necrozma|Moonlight|p1a: Necrozma
|-heal|p1a: Necrozma|100/100
|
|upkeep
|turn|22
|inactive|Manaphy-- smog has 60 seconds left.
|
|t:|1644193008
|switch|p1a: Zygarde|Zygarde-Complete|57/100
|-damage|p1a: Zygarde|51/100|[from] Stealth Rock
|switch|p2a: Eternatus|Eternatus|62/100
|-damage|p2a: Eternatus|50/100|[from] Stealth Rock
|-ability|p2a: Eternatus|Pressure
|
|upkeep
|turn|23
|inactive|Manaphy-- smog has 60 seconds left.
|
|t:|1644193036
|switch|p1a: Yveltal|Yveltal|100/100
|-ability|p1a: Yveltal|Dark Aura
|move|p2a: Eternatus|Recover|p2a: Eternatus
|-heal|p2a: Eternatus|99/100
|
|upkeep
|turn|24
|
|t:|1644193041
|move|p2a: Eternatus|Sludge Bomb|p1a: Yveltal
|-damage|p1a: Yveltal|75/100
|move|p1a: Yveltal|U-turn|p2a: Eternatus
|-resisted|p2a: Eternatus
|-damage|p2a: Eternatus|92/100
|
|t:|1644193056
|switch|p1a: Calyrex|Calyrex-Shadow|88/100|[from]move: U-turn
|-ability|p1a: Calyrex|As One
|-ability|p1a: Calyrex|Unnerve
|
|upkeep
|turn|25
|
|t:|1644193065
|switch|p2a: Yveltal|Yveltal|100/100
|-damage|p2a: Yveltal|75/100|[from] Stealth Rock
|-ability|p2a: Yveltal|Dark Aura
|move|p1a: Calyrex|Aromatherapy|p1a: Calyrex
|-activate|p1a: Calyrex|move: Aromatherapy
|-curestatus|p1: Eternatus|brn|[msg]
|
|upkeep
|turn|26
|
|t:|1644193077
|switch|p1a: Zygarde|Zygarde-Complete|51/100
|-damage|p1a: Zygarde|45/100|[from] Stealth Rock
|move|p2a: Yveltal|Knock Off|p1a: Zygarde
|-damage|p1a: Zygarde|31/100
|
|upkeep
|turn|27
|inactive|Manaphy-- smog has 60 seconds left.
|
|t:|1644193093
|switch|p2a: Xerneas|Xerneas|88/100
|-damage|p2a: Xerneas|76/100|[from] Stealth Rock
|-ability|p2a: Xerneas|Fairy Aura
|move|p1a: Zygarde|Glare|p2a: Xerneas
|-status|p2a: Xerneas|par
|
|upkeep
|turn|28
|inactive|Manaphy-- smog has 60 seconds left.
|
|t:|1644193108
|switch|p1a: Calyrex|Calyrex-Shadow|88/100
|-ability|p1a: Calyrex|As One
|-ability|p1a: Calyrex|Unnerve
|cant|p2a: Xerneas|par
|
|upkeep
|turn|29
|inactive|Manaphy-- smog has 60 seconds left.
|
|t:|1644193116
|switch|p2a: Yveltal|Yveltal|75/100
|-damage|p2a: Yveltal|50/100|[from] Stealth Rock
|-ability|p2a: Yveltal|Dark Aura
|move|p1a: Calyrex|Astral Barrage|p2a: Yveltal
|-resisted|p2a: Yveltal
|-damage|p2a: Yveltal|22/100
|
|upkeep
|turn|30
|
|t:|1644193124
|move|p2a: Yveltal|Sucker Punch|p1a: Calyrex
|-supereffective|p1a: Calyrex
|-damage|p1a: Calyrex|0 fnt
|faint|p1a: Calyrex
|
|upkeep
|inactive|Manaphy-- smog has 60 seconds left.
|
|t:|1644193162
|switch|p1a: Zekrom|Zekrom|64/100
|-damage|p1a: Zekrom|51/100|[from] Stealth Rock
|-ability|p1a: Zekrom|Teravolt
|turn|31
|inactive|Manaphy-- smog has 30 seconds left.
|
|t:|1644193177
|switch|p2a: Eternatus|Eternatus|92/100
|-damage|p2a: Eternatus|80/100|[from] Stealth Rock
|-ability|p2a: Eternatus|Pressure
|move|p1a: Zekrom|Roost|p1a: Zekrom
|-heal|p1a: Zekrom|100/100
|-singleturn|p1a: Zekrom|move: Roost
|
|upkeep
|turn|32
|inactive|Manaphy-- smog has 30 seconds left.
|inactive|Manaphy-- smog has 20 seconds left.
|
|t:|1644193197
|switch|p1a: Yveltal|Yveltal|75/100
|-ability|p1a: Yveltal|Dark Aura
|move|p2a: Eternatus|Toxic Spikes|p1a: Yveltal
|-sidestart|p1: Manaphy-- smog|move: Toxic Spikes
|
|upkeep
|turn|33
|inactive|Manaphy-- smog has 30 seconds left this turn.
|
|t:|1644193203
|move|p2a: Eternatus|Sludge Bomb|p1a: Yveltal
|-damage|p1a: Yveltal|51/100
|-status|p1a: Yveltal|psn
|move|p1a: Yveltal|Knock Off|p2a: Eternatus
|-damage|p2a: Eternatus|37/100
|-enditem|p2a: Eternatus|Haban Berry|[from] move: Knock Off|[of] p1a: Yveltal
|
|-damage|p1a: Yveltal|38/100 psn|[from] psn
|upkeep
|turn|34
|inactive|Manaphy-- smog has 30 seconds left.
|
|t:|1644193221
|move|p2a: Eternatus|Draco Meteor|p1a: Yveltal
|-damage|p1a: Yveltal|5/100 psn
|-unboost|p2a: Eternatus|spa|2
|move|p1a: Yveltal|Roost|p1a: Yveltal
|-heal|p1a: Yveltal|55/100 psn
|-singleturn|p1a: Yveltal|move: Roost
|
|-damage|p1a: Yveltal|43/100 psn|[from] psn
|upkeep
|turn|35
|inactive|Manaphy-- smog has 30 seconds left.
|inactive|King Billu has 270 seconds left.
|
|t:|1644193247
|move|p2a: Eternatus|Recover|p2a: Eternatus
|-heal|p2a: Eternatus|87/100
|move|p1a: Yveltal|Roost|p1a: Yveltal
|-heal|p1a: Yveltal|93/100 psn
|-singleturn|p1a: Yveltal|move: Roost
|
|-damage|p1a: Yveltal|81/100 psn|[from] psn
|upkeep
|turn|36
|inactive|Manaphy-- smog has 30 seconds left.
|inactive|King Billu has 270 seconds left.
|
|t:|1644193262
|switch|p1a: Necrozma|Necrozma-Dusk-Mane|100/100
|-damage|p1a: Necrozma|94/100|[from] Stealth Rock
|move|p2a: Eternatus|Sludge Bomb|p1a: Necrozma
|-immune|p1a: Necrozma
|
|-heal|p1a: Necrozma|100/100|[from] item: Leftovers
|upkeep
|turn|37
|inactive|Manaphy-- smog has 30 seconds left.
|inactive|Manaphy-- smog has 20 seconds left.
|
|t:|1644193280
|switch|p2a: Yveltal|Yveltal|22/100
|-damage|p2a: Yveltal|0 fnt|[from] Stealth Rock
|faint|p2a: Yveltal
|switch|p1a: Eternatus|Eternatus|84/100
|-damage|p1a: Eternatus|71/100|[from] Stealth Rock
|-sideend|p1: Manaphy-- smog|move: Toxic Spikes|[of] p1a: Eternatus
|-ability|p1a: Eternatus|Pressure
|
|upkeep
|inactive|Manaphy-- smog has 25 seconds left this turn.
|inactive|King Billu has 270 seconds left.
|
|t:|1644193301
|switch|p2a: Eternatus|Eternatus|87/100
|-damage|p2a: Eternatus|75/100|[from] Stealth Rock
|-ability|p2a: Eternatus|Pressure
|turn|38
|inactive|Manaphy-- smog has 30 seconds left.
|inactive|King Billu has 270 seconds left.
|inactive|Manaphy-- smog has 20 seconds left.
|
|t:|1644193317
|move|p1a: Eternatus|Mystical Fire|p2a: Eternatus
|-resisted|p2a: Eternatus
|-damage|p2a: Eternatus|67/100
|-unboost|p2a: Eternatus|spa|1
|move|p2a: Eternatus|Draco Meteor|p1a: Eternatus|[miss]
|-miss|p2a: Eternatus|p1a: Eternatus
|
|upkeep
|turn|39
|inactive|Manaphy-- smog has 30 seconds left this turn.
|inactive|Manaphy-- smog has 20 seconds left.
|
|t:|1644193332
|switch|p2a: Necrozma|Necrozma-Dusk-Mane|88/100
|-damage|p2a: Necrozma|82/100|[from] Stealth Rock
|move|p1a: Eternatus|Mystical Fire|p2a: Necrozma
|-supereffective|p2a: Necrozma
|-damage|p2a: Necrozma|59/100
|-unboost|p2a: Necrozma|spa|1
|
|upkeep
|turn|40
|inactive|Manaphy-- smog has 30 seconds left this turn.
|inactive|King Billu has 270 seconds left.
|
|t:|1644193342
|switch|p1a: Zekrom|Zekrom|100/100
|-damage|p1a: Zekrom|88/100|[from] Stealth Rock
|-ability|p1a: Zekrom|Teravolt
|switch|p2a: Xerneas|Xerneas|76/100 par
|-damage|p2a: Xerneas|63/100 par|[from] Stealth Rock
|-ability|p2a: Xerneas|Fairy Aura
|
|upkeep
|turn|41
|
|t:|1644193349
|switch|p1a: Eternatus|Eternatus|71/100
|-damage|p1a: Eternatus|59/100|[from] Stealth Rock
|-ability|p1a: Eternatus|Pressure
|cant|p2a: Xerneas|par
|
|upkeep
|turn|42
|
|t:|1644193361
|switch|p1a: Zygarde|Zygarde-Complete|31/100
|-damage|p1a: Zygarde|25/100|[from] Stealth Rock
|cant|p2a: Xerneas|par
|
|upkeep
|turn|43
|inactive|King Billu has 270 seconds left.
|
|t:|1644193386
|switch|p1a: Eternatus|Eternatus|59/100
|-damage|p1a: Eternatus|46/100|[from] Stealth Rock
|-ability|p1a: Eternatus|Pressure
|move|p2a: Xerneas|Aromatherapy|p2a: Xerneas
|-activate|p2a: Xerneas|move: Aromatherapy
|-curestatus|p2a: Xerneas|par|[msg]
|
|upkeep
|turn|44
|
|t:|1644193395
|switch|p2a: Eternatus|Eternatus|67/100
|-damage|p2a: Eternatus|55/100|[from] Stealth Rock
|-ability|p2a: Eternatus|Pressure
|move|p1a: Eternatus|Recover|p1a: Eternatus
|-heal|p1a: Eternatus|97/100
|
|upkeep
|turn|45
|
|t:|1644193403
|switch|p2a: Necrozma|Necrozma-Dusk-Mane|59/100
|-damage|p2a: Necrozma|53/100|[from] Stealth Rock
|move|p1a: Eternatus|Mystical Fire|p2a: Necrozma
|-supereffective|p2a: Necrozma
|-damage|p2a: Necrozma|31/100
|-unboost|p2a: Necrozma|spa|1
|
|upkeep
|turn|46
|inactive|Manaphy-- smog has 60 seconds left.
|
|t:|1644193421
|switch|p1a: Zekrom|Zekrom|88/100
|-damage|p1a: Zekrom|76/100|[from] Stealth Rock
|-ability|p1a: Zekrom|Teravolt
|move|p2a: Necrozma|Thunder Wave|p1a: Zekrom
|-immune|p1a: Zekrom
|
|upkeep
|turn|47
|
|t:|1644193430
|switch|p2a: Eternatus|Eternatus|55/100
|-damage|p2a: Eternatus|42/100|[from] Stealth Rock
|-ability|p2a: Eternatus|Pressure
|move|p1a: Zekrom|Dragon Dance|p1a: Zekrom
|-boost|p1a: Zekrom|atk|1
|-boost|p1a: Zekrom|spe|1
|
|upkeep
|turn|48
|
|t:|1644193437
|move|p1a: Zekrom|Dragon Claw|p2a: Eternatus
|-supereffective|p2a: Eternatus
|-damage|p2a: Eternatus|0 fnt
|faint|p2a: Eternatus
|
|upkeep
|
|t:|1644193438
|switch|p2a: Xerneas|Xerneas|63/100
|-damage|p2a: Xerneas|51/100|[from] Stealth Rock
|-ability|p2a: Xerneas|Fairy Aura
|turn|49
|
|t:|1644193442
|move|p2a: Xerneas|Moonblast|p1a: Zekrom
|-supereffective|p1a: Zekrom
|-damage|p1a: Zekrom|0 fnt
|faint|p1a: Zekrom
|
|upkeep
|inactive|Manaphy-- smog has 90 seconds left.
|
|t:|1644193458
|switch|p1a: Eternatus|Eternatus|97/100
|-damage|p1a: Eternatus|84/100|[from] Stealth Rock
|-ability|p1a: Eternatus|Pressure
|turn|50
|
|t:|1644193465
|move|p2a: Xerneas|Moonblast|p1a: Eternatus
|-damage|p1a: Eternatus|53/100
|move|p1a: Eternatus|Mystical Fire|p2a: Xerneas
|-damage|p2a: Xerneas|29/100
|-unboost|p2a: Xerneas|spa|1
|
|upkeep
|turn|51
|
|t:|1644193482
|move|p2a: Xerneas|Moonblast|p1a: Eternatus
|-damage|p1a: Eternatus|29/100
|move|p1a: Eternatus|Recover|p1a: Eternatus
|-heal|p1a: Eternatus|79/100
|
|upkeep
|turn|52
|
|t:|1644193489
|move|p2a: Xerneas|Moonblast|p1a: Eternatus
|-damage|p1a: Eternatus|58/100
|move|p1a: Eternatus|Mystical Fire|p2a: Xerneas
|-damage|p2a: Xerneas|9/100
|-unboost|p2a: Xerneas|spa|1
|
|upkeep
|turn|53
|
|t:|1644193501
|switch|p2a: Necrozma|Necrozma-Dusk-Mane|31/100
|-damage|p2a: Necrozma|25/100|[from] Stealth Rock
|move|p1a: Eternatus|Recover|p1a: Eternatus
|-heal|p1a: Eternatus|100/100
|
|upkeep
|turn|54
|inactive|Manaphy-- smog has 90 seconds left.
|
|t:|1644193554
|switch|p1a: Yveltal|Yveltal|81/100 psn
|-ability|p1a: Yveltal|Dark Aura
|move|p2a: Necrozma|Morning Sun|p2a: Necrozma
|-heal|p2a: Necrozma|75/100
|
|-damage|p1a: Yveltal|69/100 psn|[from] psn
|upkeep
|turn|55
|
|t:|1644193578
|switch|p2a: Xerneas|Xerneas|9/100
|-damage|p2a: Xerneas|0 fnt|[from] Stealth Rock
|faint|p2a: Xerneas
|move|p1a: Yveltal|Roost|p1a: Yveltal
|-heal|p1a: Yveltal|100/100 psn
|-singleturn|p1a: Yveltal|move: Roost
|
|-damage|p1a: Yveltal|88/100 psn|[from] psn
|upkeep
|
|t:|1644193586
|switch|p2a: Zygarde|Zygarde|100/100
|-damage|p2a: Zygarde|94/100|[from] Stealth Rock
|turn|56
|
|t:|1644193616
|move|p2a: Zygarde|Dragon Dance|p2a: Zygarde
|-boost|p2a: Zygarde|atk|1
|-boost|p2a: Zygarde|spe|1
|move|p1a: Yveltal|Knock Off|p2a: Zygarde
|-damage|p2a: Zygarde|54/100
|-enditem|p2a: Zygarde|Leftovers|[from] move: Knock Off|[of] p1a: Yveltal
|
|-damage|p1a: Yveltal|76/100 psn|[from] psn
|upkeep
|turn|57
|inactive|Manaphy-- smog has 60 seconds left.
|inactive|King Billu has 270 seconds left.
|inactive|Manaphy-- smog has 30 seconds left.
|inactive|Manaphy-- smog has 20 seconds left.
|inactive|Manaphy-- smog has 15 seconds left.
|
|t:|1644193677
|move|p2a: Zygarde|Dragon Dance|p2a: Zygarde
|-boost|p2a: Zygarde|atk|1
|-boost|p2a: Zygarde|spe|1
|move|p1a: Yveltal|Knock Off|p2a: Zygarde
|-damage|p2a: Zygarde|27/100
|
|-damage|p1a: Yveltal|64/100 psn|[from] psn
|-activate|p2a: Zygarde|ability: Power Construct
|detailschange|p2a: Zygarde|Zygarde-Complete
|-heal|p2a: Zygarde|54/100|[silent]
|upkeep
|turn|58
|inactive|Manaphy-- smog has 25 seconds left this turn.
|inactive|Manaphy-- smog has 20 seconds left.
|inactive|King Billu has 270 seconds left.
|inactive|Manaphy-- smog has 15 seconds left.
|
|t:|1644193688
|move|p2a: Zygarde|Substitute|p2a: Zygarde
|-start|p2a: Zygarde|Substitute
|-damage|p2a: Zygarde|29/100
|move|p1a: Yveltal|Roost|p1a: Yveltal
|-heal|p1a: Yveltal|100/100 psn
|-singleturn|p1a: Yveltal|move: Roost
|
|-damage|p1a: Yveltal|88/100 psn|[from] psn
|upkeep
|turn|59
|inactive|Manaphy-- smog has 25 seconds left this turn.
|inactive|King Billu has 270 seconds left.
|inactive|King Billu has 240 seconds left.
|
|t:|1644193758
|move|p2a: Zygarde|Thousand Arrows|p1a: Yveltal
|-damage|p1a: Yveltal|25/100 psn
|-start|p1a: Yveltal|Smack Down
|move|p1a: Yveltal|Knock Off|p2a: Zygarde
|-activate|p2a: Zygarde|move: Substitute|[damage]
|
|-damage|p1a: Yveltal|13/100 psn|[from] psn
|upkeep
|turn|60
|inactive|Manaphy-- smog has 30 seconds left.
|c|☆Manaphy-- smog|GGGGGGGGGGGGGGGGGGG
|
|t:|1644193766
|move|p2a: Zygarde|Thousand Arrows|p1a: Yveltal
|-damage|p1a: Yveltal|0 fnt
|faint|p1a: Yveltal
|
|upkeep
|inactive|Manaphy-- smog has 30 seconds left.
|
|t:|1644193772
|switch|p1a: Zygarde|Zygarde-Complete|25/100
|-damage|p1a: Zygarde|19/100|[from] Stealth Rock
|turn|61
|
|t:|1644193774
|move|p2a: Zygarde|Thousand Arrows|p1a: Zygarde
|-damage|p1a: Zygarde|0 fnt
|faint|p1a: Zygarde
|
|upkeep
|
|t:|1644193779
|switch|p1a: Necrozma|Necrozma-Dusk-Mane|100/100
|-damage|p1a: Necrozma|94/100|[from] Stealth Rock
|turn|62
|c|☆King Billu|bot activated
|
|t:|1644193782
|move|p2a: Zygarde|Thousand Arrows|p1a: Necrozma
|-supereffective|p1a: Necrozma
|-damage|p1a: Necrozma|12/100
|move|p1a: Necrozma|Iron Head|p2a: Zygarde
|-end|p2a: Zygarde|Substitute
|
|-heal|p1a: Necrozma|18/100|[from] item: Leftovers
|upkeep
|turn|63
|inactive|Manaphy-- smog has 60 seconds left.
|c|☆Manaphy-- smog|hahaha nah
|
|t:|1644193792
|move|p2a: Zygarde|Substitute|p2a: Zygarde
|-start|p2a: Zygarde|Substitute
|-damage|p2a: Zygarde|4/100
|move|p1a: Necrozma|Iron Head|p2a: Zygarde
|-activate|p2a: Zygarde|move: Substitute|[damage]
|
|-heal|p1a: Necrozma|24/100|[from] item: Leftovers
|upkeep
|turn|64
|c|☆King Billu|nah jk it was fun playing u tho
|c|☆King Billu|gg
|
|t:|1644193799
|move|p2a: Zygarde|Thousand Arrows|p1a: Necrozma
|-supereffective|p1a: Necrozma
|-damage|p1a: Necrozma|0 fnt
|faint|p1a: Necrozma
|
|upkeep
|c|☆Manaphy-- smog|Ye
|c|☆Manaphy-- smog|samer
|c|☆Manaphy-- smog|same
|
|t:|1644193806
|switch|p1a: Eternatus|Eternatus|100/100
|-damage|p1a: Eternatus|88/100|[from] Stealth Rock
|-ability|p1a: Eternatus|Pressure
|turn|65
|
|t:|1644193808
|move|p2a: Zygarde|Thousand Arrows|p1a: Eternatus
|-supereffective|p1a: Eternatus
|-damage|p1a: Eternatus|0 fnt
|faint|p1a: Eternatus
|
|win|King Billu
