|inactive|Battle timer is ON: inactive players will automatically lose when time's up.
|t:|1613257102
|player|p1|FearNeverDies|lyra|
|player|p2|AtraX Madara|hilda|
|teamsize|p1|6
|teamsize|p2|6
|gametype|singles
|gen|8
|tier|[Gen 8] Ubers
|clearpoke
|poke|p1|Eternatus|
|poke|p1|Groudon|
|poke|p1|Necrozma-Dusk-Mane|
|poke|p1|Giratina-Origin|
|poke|p1|Ho-Oh|
|poke|p1|Yveltal|
|poke|p2|Shuckle, F|
|poke|p2|Regieleki|
|poke|p2|Kyogre|
|poke|p2|Yveltal|
|poke|p2|Calyrex-Shadow|
|poke|p2|Zacian|
|rule|Sleep Clause Mod: Limit one foe put to sleep
|rule|Species Clause: Limit one of each Pokémon
|rule|OHKO Clause: OHKO moves are banned
|rule|Evasion Moves Clause: Evasion moves are banned
|rule|Endless Battle Clause: Forcing endless battles is banned
|rule|HP Percentage Mod: HP is shown in percentages
|rule|Dynamax Clause: You cannot dynamax
|teampreview
|c|☆AtraX Madara|gl
|c|☆FearNeverDies|gl
|
|t:|1613257114
|start
|switch|p1a: Necrozma|Necrozma-Dusk-Mane|100/100
|switch|p2a: Regieleki|Regieleki|100/100
|turn|1
|
|t:|1613257117
|move|p2a: Regieleki|Assurance|p1a: Necrozma
|-supereffective|p1a: Necrozma
|-damage|p1a: Necrozma|85/100
|move|p1a: Necrozma|Stealth Rock|p2a: Regieleki
|-sidestart|p2: AtraX Madara|move: Stealth Rock
|
|upkeep
|turn|2
|
|t:|1613257121
|switch|p1a: Groudon|Groudon|100/100
|-weather|SunnyDay|[from] ability: Drought|[of] p1a: Groudon
|move|p2a: Regieleki|Rapid Spin|p1a: Groudon
|-damage|p1a: Groudon|91/100
|-boost|p2a: Regieleki|spe|1
|-sideend|p2: AtraX Madara|Stealth Rock|[from] move: Rapid Spin|[of] p2a: Regieleki
|
|-weather|SunnyDay|[upkeep]
|-heal|p1a: Groudon|97/100|[from] item: Leftovers
|upkeep
|turn|3
|
|t:|1613257126
|switch|p1a: Necrozma|Necrozma-Dusk-Mane|85/100
|move|p2a: Regieleki|Explosion|p1a: Necrozma
|-resisted|p1a: Necrozma
|-damage|p1a: Necrozma|64/100
|faint|p2a: Regieleki
|
|-weather|SunnyDay|[upkeep]
|upkeep
|
|t:|1613257141
|switch|p2a: Calyrex|Calyrex-Shadow|100/100
|-ability|p2a: Calyrex|As One
|-ability|p2a: Calyrex|Unnerve|p1: FearNeverDies
|turn|4
|
|t:|1613257145
|switch|p1a: Yveltal|Yveltal|100/100
|-ability|p1a: Yveltal|Dark Aura
|move|p2a: Calyrex|Astral Barrage|p1a: Yveltal
|-resisted|p1a: Yveltal
|-damage|p1a: Yveltal|77/100
|
|-weather|SunnyDay|[upkeep]
|upkeep
|turn|5
|
|t:|1613257165
|switch|p2a: Zacian|Zacian|100/100
|-ability|p2a: Zacian|Intrepid Sword|boost
|-boost|p2a: Zacian|atk|1
|move|p1a: Yveltal|U-turn|p2a: Zacian
|-resisted|p2a: Zacian
|-damage|p2a: Zacian|92/100
|
|t:|1613257167
|switch|p1a: Necrozma|Necrozma-Dusk-Mane|64/100|[from]move: U-turn
|
|-weather|SunnyDay|[upkeep]
|upkeep
|turn|6
|
|t:|1613257171
|switch|p2a: Yveltal|Yveltal|100/100
|-ability|p2a: Yveltal|Dark Aura
|move|p1a: Necrozma|Stealth Rock|p2a: Yveltal
|-sidestart|p2: AtraX Madara|move: Stealth Rock
|
|-weather|none
|upkeep
|turn|7
|
|t:|1613257177
|switch|p1a: Eternatus|Eternatus|100/100
|-ability|p1a: Eternatus|Pressure
|move|p2a: Yveltal|Dark Pulse|p1a: Eternatus
|-damage|p1a: Eternatus|53/100
|-damage|p2a: Yveltal|91/100|[from] item: Life Orb
|
|-heal|p1a: Eternatus|59/100|[from] item: Black Sludge
|upkeep
|turn|8
|
|t:|1613257181
|move|p1a: Eternatus|Toxic|p2a: Yveltal
|-status|p2a: Yveltal|tox
|move|p2a: Yveltal|Taunt|p1a: Eternatus
|-start|p1a: Eternatus|move: Taunt
|
|-heal|p1a: Eternatus|65/100|[from] item: Black Sludge
|-damage|p2a: Yveltal|84/100 tox|[from] psn
|upkeep
|turn|9
|
|t:|1613257186
|switch|p1a: Ho-Oh|Ho-Oh|100/100
|switch|p2a: Kyogre|Kyogre|100/100
|-damage|p2a: Kyogre|88/100|[from] Stealth Rock
|-weather|RainDance|[from] ability: Drizzle|[of] p2a: Kyogre
|
|-weather|RainDance|[upkeep]
|upkeep
|turn|10
|
|t:|1613257192
|move|p2a: Kyogre|Water Spout|p1a: Ho-Oh
|-supereffective|p1a: Ho-Oh
|-damage|p1a: Ho-Oh|0 fnt
|faint|p1a: Ho-Oh
|
|-weather|RainDance|[upkeep]
|upkeep
|
|t:|1613257193
|switch|p1a: Giratina|Giratina-Origin|100/100
|turn|11
|
|t:|1613257197
|move|p2a: Kyogre|Water Spout|p1a: Giratina
|-resisted|p1a: Giratina
|-damage|p1a: Giratina|47/100
|move|p1a: Giratina|Thunder Wave|p2a: Kyogre
|-status|p2a: Kyogre|par
|
|-weather|RainDance|[upkeep]
|upkeep
|turn|12
|
|t:|1613257203
|move|p1a: Giratina|Draco Meteor|p2a: Kyogre
|-damage|p2a: Kyogre|24/100 par
|-unboost|p1a: Giratina|spa|2
|move|p2a: Kyogre|Water Spout|p1a: Giratina
|-resisted|p1a: Giratina
|-damage|p1a: Giratina|33/100
|
|-weather|RainDance|[upkeep]
|upkeep
|turn|13
|
|t:|1613257210
|switch|p1a: Eternatus|Eternatus|65/100
|-ability|p1a: Eternatus|Pressure
|cant|p2a: Kyogre|par
|
|-weather|none
|-heal|p1a: Eternatus|71/100|[from] item: Black Sludge
|upkeep
|turn|14
|
|t:|1613257214
|switch|p2a: Yveltal|Yveltal|84/100 tox
|-damage|p2a: Yveltal|60/100 tox|[from] Stealth Rock
|-ability|p2a: Yveltal|Dark Aura
|move|p1a: Eternatus|Toxic|p2a: Yveltal
|-fail|p2a: Yveltal|tox
|
|-heal|p1a: Eternatus|78/100|[from] item: Black Sludge
|-damage|p2a: Yveltal|53/100 tox|[from] psn
|upkeep
|turn|15
|
|t:|1613257219
|move|p1a: Eternatus|Dynamax Cannon|p2a: Yveltal
|-damage|p2a: Yveltal|13/100 tox
|move|p2a: Yveltal|Taunt|p1a: Eternatus
|-start|p1a: Eternatus|move: Taunt
|
|-heal|p1a: Eternatus|84/100|[from] item: Black Sludge
|-damage|p2a: Yveltal|1/100 tox|[from] psn
|upkeep
|turn|16
|
|t:|1613257221
|move|p1a: Eternatus|Flamethrower|p2a: Yveltal
|-damage|p2a: Yveltal|0 fnt
|faint|p2a: Yveltal
|
|-heal|p1a: Eternatus|90/100|[from] item: Black Sludge
|upkeep
|
|t:|1613257223
|switch|p2a: Shuckle|Shuckle, F|100/100
|-damage|p2a: Shuckle|76/100|[from] Stealth Rock
|turn|17
|
|t:|1613257227
|switch|p1a: Necrozma|Necrozma-Dusk-Mane|64/100
|move|p2a: Shuckle|Sticky Web|p1a: Necrozma
|-sidestart|p1: FearNeverDies|move: Sticky Web
|
|upkeep
|turn|18
|
|t:|1613257231
|move|p1a: Necrozma|Morning Sun|p1a: Necrozma
|-heal|p1a: Necrozma|100/100
|move|p2a: Shuckle|Stealth Rock|p1a: Necrozma
|-sidestart|p1: FearNeverDies|move: Stealth Rock
|
|upkeep
|turn|19
|
|t:|1613257234
|move|p1a: Necrozma|Sunsteel Strike|p2a: Shuckle
|-supereffective|p2a: Shuckle
|-damage|p2a: Shuckle|9/100
|-enditem|p2a: Shuckle|Red Card|[of] p1a: Necrozma
|drag|p1a: Giratina|Giratina-Origin|33/100
|-damage|p1a: Giratina|21/100|[from] Stealth Rock
|move|p2a: Shuckle|Encore||[still]
|-fail|p2a: Shuckle
|
|upkeep
|turn|20
|
|t:|1613257238
|move|p1a: Giratina|Hex|p2a: Shuckle
|-damage|p2a: Shuckle|0 fnt
|faint|p2a: Shuckle
|
|upkeep
|
|t:|1613257242
|switch|p2a: Calyrex|Calyrex-Shadow|100/100
|-ability|p2a: Calyrex|As One
|-ability|p2a: Calyrex|Unnerve|p1: FearNeverDies
|-damage|p2a: Calyrex|88/100|[from] Stealth Rock
|turn|21
|
|t:|1613257244
|move|p2a: Calyrex|Astral Barrage|p1a: Giratina
|-supereffective|p1a: Giratina
|-damage|p1a: Giratina|0 fnt
|faint|p1a: Giratina
|-ability|p2a: Calyrex|Grim Neigh|boost
|-boost|p2a: Calyrex|spa|1
|
|upkeep
|
|t:|1613257246
|switch|p1a: Yveltal|Yveltal|77/100
|-ability|p1a: Yveltal|Dark Aura
|turn|22
|
|t:|1613257248
|move|p2a: Calyrex|Draining Kiss|p1a: Yveltal
|-supereffective|p1a: Yveltal
|-damage|p1a: Yveltal|36/100
|-heal|p2a: Calyrex|100/100|[from] drain|[of] p1a: Yveltal
|move|p1a: Yveltal|Knock Off|p2a: Calyrex
|-supereffective|p2a: Calyrex
|-enditem|p2a: Calyrex|Focus Sash
|-damage|p2a: Calyrex|1/100
|
|upkeep
|turn|23
|
|t:|1613257253
|move|p2a: Calyrex|Draining Kiss|p1a: Yveltal
|-supereffective|p1a: Yveltal
|-damage|p1a: Yveltal|0 fnt
|-heal|p2a: Calyrex|33/100|[from] drain|[of] p1a: Yveltal
|faint|p1a: Yveltal
|-ability|p2a: Calyrex|Grim Neigh|boost
|-boost|p2a: Calyrex|spa|1
|
|upkeep
|
|t:|1613257257
|switch|p1a: Groudon|Groudon|97/100
|-damage|p1a: Groudon|91/100|[from] Stealth Rock
|-activate|p1a: Groudon|move: Sticky Web
|-unboost|p1a: Groudon|spe|1
|-weather|SunnyDay|[from] ability: Drought|[of] p1a: Groudon
|turn|24
|
|t:|1613257261
|move|p2a: Calyrex|Astral Barrage|p1a: Groudon
|-damage|p1a: Groudon|0 fnt
|faint|p1a: Groudon
|-ability|p2a: Calyrex|Grim Neigh|boost
|-boost|p2a: Calyrex|spa|1
|
|-weather|SunnyDay|[upkeep]
|upkeep
|inactive|FearNeverDies has 270 seconds left.
|c|☆FearNeverDies|what
|c|☆AtraX Madara|?
|inactive|FearNeverDies has 240 seconds left.
|c|☆FearNeverDies|gg
|
|t:|1613257327
|switch|p1a: Eternatus|Eternatus|90/100
|-activate|p1a: Eternatus|move: Sticky Web
|-unboost|p1a: Eternatus|spe|1
|-damage|p1a: Eternatus|78/100|[from] Stealth Rock
|-ability|p1a: Eternatus|Pressure
|turn|25
|
|t:|1613257333
|move|p2a: Calyrex|Psyshock|p1a: Eternatus
|-supereffective|p1a: Eternatus
|-damage|p1a: Eternatus|0 fnt
|faint|p1a: Eternatus
|-ability|p2a: Calyrex|Grim Neigh|boost
|-boost|p2a: Calyrex|spa|1
|
|-weather|SunnyDay|[upkeep]
|upkeep
|c|☆AtraX Madara|gg
|
|t:|1613257335
|switch|p1a: Necrozma|Necrozma-Dusk-Mane|100/100
|-damage|p1a: Necrozma|94/100|[from] Stealth Rock
|-activate|p1a: Necrozma|move: Sticky Web
|-unboost|p1a: Necrozma|spe|1
|turn|26
|
|t:|1613257337
|move|p2a: Calyrex|Astral Barrage|p1a: Necrozma
|-supereffective|p1a: Necrozma
|-damage|p1a: Necrozma|0 fnt
|faint|p1a: Necrozma
|
|win|AtraX Madara
|c|☆AtraX Madara|you hate that horse for sure
