|inactive|Battle timer is ON: inactive players will automatically lose when time's up.
|t:|1664629560
|gametype|singles
|player|p1|Inder|lucas|
|player|p2|entrocefalo|doctor|
|teamsize|p1|6
|teamsize|p2|6
|gen|8
|tier|[Gen 8] Ubers
|rule|Sleep Clause Mod: Limit one foe put to sleep
|rule|Species Clause: Limit one of each Pokémon
|rule|OHKO Clause: OHKO moves are banned
|rule|Evasion Items Clause: Evasion items are banned
|rule|Evasion Moves Clause: Evasion moves are banned
|rule|Endless Battle Clause: Forcing endless battles is banned
|rule|HP Percentage Mod: HP is shown in percentages
|rule|Dynamax Clause: You cannot dynamax
|clearpoke
|poke|p1|Groudon|
|poke|p1|Necrozma-Dusk-Mane|
|poke|p1|Calyrex-Shadow|
|poke|p1|Eternatus|
|poke|p1|Yveltal|
|poke|p1|Kyogre|
|poke|p2|Marshadow|
|poke|p2|Yveltal|
|poke|p2|Necrozma-Dusk-Mane|
|poke|p2|Eternatus|
|poke|p2|Calyrex-Shadow|
|poke|p2|Landorus-Therian, M|
|teampreview
|inactive|Inder also wants the timer to be on.
|c|☆entrocefalo|hf!
|c|☆Inder|hf
|c|%TDR|ssnl?
|c|☆Inder|y
|c|+RichardMillePlain|lgi
|inactive|Inder has 270 seconds left.
|inactive|entrocefalo has 270 seconds left.
|inactive|Inder has 240 seconds left.
|inactive|entrocefalo has 240 seconds left.
|c|+Nael222|go Inder 
|
|t:|1664629650
|start
|switch|p1a: Kyogre|Kyogre|100/100
|switch|p2a: Landorus|Landorus-Therian, M|100/100
|-weather|RainDance|[from] ability: Drizzle|[of] p1a: Kyogre
|-ability|p2a: Landorus|Intimidate|boost
|-unboost|p1a: Kyogre|atk|1
|turn|1
|
|t:|1664629659
|switch|p2a: Eternatus|Eternatus|100/100
|-ability|p2a: Eternatus|Pressure
|move|p1a: Kyogre|Scald|p2a: Eternatus
|-resisted|p2a: Eternatus
|-damage|p2a: Eternatus|82/100
|
|-weather|RainDance|[upkeep]
|upkeep
|turn|2
|
|t:|1664629670
|move|p2a: Eternatus|Cosmic Power|p2a: Eternatus
|-boost|p2a: Eternatus|def|1
|-boost|p2a: Eternatus|spd|1
|move|p1a: Kyogre|Scald|p2a: Eternatus
|-resisted|p2a: Eternatus
|-damage|p2a: Eternatus|70/100
|-status|p2a: Eternatus|brn
|
|-weather|RainDance|[upkeep]
|-damage|p2a: Eternatus|64/100 brn|[from] brn
|upkeep
|turn|3
|
|t:|1664629681
|switch|p2a: Landorus|Landorus-Therian, M|100/100
|-ability|p2a: Landorus|Intimidate|boost
|-unboost|p1a: Kyogre|atk|1
|switch|p1a: Groudon|Groudon|100/100
|-weather|SunnyDay|[from] ability: Drought|[of] p1a: Groudon
|
|-weather|SunnyDay|[upkeep]
|upkeep
|turn|4
|
|t:|1664629684
|move|p1a: Groudon|Swords Dance|p1a: Groudon
|-boost|p1a: Groudon|atk|2
|move|p2a: Landorus|Toxic|p1a: Groudon
|-status|p1a: Groudon|tox
|
|-weather|SunnyDay|[upkeep]
|-damage|p1a: Groudon|94/100 tox|[from] psn
|upkeep
|turn|5
|
|t:|1664629689
|move|p1a: Groudon|Heat Crash|p2a: Landorus
|-crit|p2a: Landorus
|-damage|p2a: Landorus|0 fnt
|faint|p2a: Landorus
|
|-weather|SunnyDay|[upkeep]
|-heal|p1a: Groudon|100/100 tox|[from] item: Leftovers
|-damage|p1a: Groudon|88/100 tox|[from] psn
|upkeep
|inactive|entrocefalo has 270 seconds left.
|
|t:|1664629734
|switch|p2a: Marshadow|Marshadow|100/100
|turn|6
|
|t:|1664629742
|switch|p1a: Eternatus|Eternatus|100/100
|-ability|p1a: Eternatus|Pressure
|move|p2a: Marshadow|Spectral Thief|p1a: Eternatus
|-damage|p1a: Eternatus|56/100
|-damage|p2a: Marshadow|91/100|[from] item: Life Orb
|
|-weather|SunnyDay|[upkeep]
|upkeep
|turn|7
|
|t:|1664629745
|move|p2a: Marshadow|Ice Punch|p1a: Eternatus
|-supereffective|p1a: Eternatus
|-damage|p1a: Eternatus|0 fnt
|faint|p1a: Eternatus
|-damage|p2a: Marshadow|81/100|[from] item: Life Orb
|
|-weather|none
|upkeep
|
|t:|1664629753
|switch|p1a: Kyogre|Kyogre|100/100
|-weather|RainDance|[from] ability: Drizzle|[of] p1a: Kyogre
|turn|8
|
|t:|1664629761
|switch|p2a: Eternatus|Eternatus|64/100 brn
|-ability|p2a: Eternatus|Pressure
|move|p1a: Kyogre|Ice Beam|p2a: Eternatus
|-supereffective|p2a: Eternatus
|-damage|p2a: Eternatus|27/100 brn
|
|-weather|RainDance|[upkeep]
|-damage|p2a: Eternatus|21/100 brn|[from] brn
|upkeep
|turn|9
|
|t:|1664629771
|switch|p1a: Calyrex|Calyrex-Shadow|100/100
|-ability|p1a: Calyrex|As One
|-ability|p1a: Calyrex|Unnerve
|move|p2a: Eternatus|Recover|p2a: Eternatus
|-heal|p2a: Eternatus|71/100 brn
|
|-weather|RainDance|[upkeep]
|-damage|p2a: Eternatus|65/100 brn|[from] brn
|upkeep
|turn|10
|
|t:|1664629776
|switch|p2a: Yveltal|Yveltal|100/100
|-ability|p2a: Yveltal|Dark Aura
|move|p1a: Calyrex|Leech Seed|p2a: Yveltal
|-start|p2a: Yveltal|move: Leech Seed
|
|-weather|RainDance|[upkeep]
|-damage|p2a: Yveltal|88/100|[from] Leech Seed|[of] p1a: Calyrex
|upkeep
|turn|11
|
|t:|1664629781
|move|p1a: Calyrex|Substitute|p1a: Calyrex
|-start|p1a: Calyrex|Substitute
|-damage|p1a: Calyrex|76/100
|move|p2a: Yveltal|Taunt|p1a: Calyrex
|-start|p1a: Calyrex|move: Taunt
|
|-weather|RainDance|[upkeep]
|-heal|p1a: Calyrex|82/100|[from] item: Leftovers
|-damage|p2a: Yveltal|76/100|[from] Leech Seed|[of] p1a: Calyrex
|-heal|p1a: Calyrex|96/100|[silent]
|upkeep
|turn|12
|
|t:|1664629790
|move|p1a: Calyrex|Astral Barrage|p2a: Yveltal
|-resisted|p2a: Yveltal
|-damage|p2a: Yveltal|52/100
|move|p2a: Yveltal|Foul Play|p1a: Calyrex
|-supereffective|p1a: Calyrex
|-end|p1a: Calyrex|Substitute
|
|-weather|none
|-heal|p1a: Calyrex|100/100|[from] item: Leftovers
|-damage|p2a: Yveltal|39/100|[from] Leech Seed|[of] p1a: Calyrex
|upkeep
|turn|13
|
|t:|1664629794
|switch|p1a: Kyogre|Kyogre|100/100
|-weather|RainDance|[from] ability: Drizzle|[of] p1a: Kyogre
|move|p2a: Yveltal|Roost|p2a: Yveltal
|-heal|p2a: Yveltal|89/100
|-singleturn|p2a: Yveltal|move: Roost
|
|-weather|RainDance|[upkeep]
|-damage|p2a: Yveltal|77/100|[from] Leech Seed|[of] p1a: Kyogre
|upkeep
|turn|14
|
|t:|1664629809
|switch|p2a: Eternatus|Eternatus|65/100 brn
|-ability|p2a: Eternatus|Pressure
|switch|p1a: Calyrex|Calyrex-Shadow|100/100
|-ability|p1a: Calyrex|As One
|-ability|p1a: Calyrex|Unnerve
|
|-weather|RainDance|[upkeep]
|-damage|p2a: Eternatus|59/100 brn|[from] brn
|upkeep
|turn|15
|
|t:|1664629821
|switch|p2a: Yveltal|Yveltal|77/100
|-ability|p2a: Yveltal|Dark Aura
|move|p1a: Calyrex|Nasty Plot|p1a: Calyrex
|-boost|p1a: Calyrex|spa|2
|
|-weather|RainDance|[upkeep]
|upkeep
|turn|16
|
|t:|1664629832
|switch|p1a: Kyogre|Kyogre|100/100
|move|p2a: Yveltal|Foul Play|p1a: Kyogre
|-damage|p1a: Kyogre|76/100
|
|-weather|RainDance|[upkeep]
|-heal|p1a: Kyogre|83/100|[from] item: Leftovers
|upkeep
|turn|17
|
|t:|1664629838
|switch|p2a: Eternatus|Eternatus|59/100 brn
|-ability|p2a: Eternatus|Pressure
|move|p1a: Kyogre|Scald|p2a: Eternatus
|-resisted|p2a: Eternatus
|-damage|p2a: Eternatus|40/100 brn
|
|-weather|none
|-heal|p1a: Kyogre|89/100|[from] item: Leftovers
|-damage|p2a: Eternatus|34/100 brn|[from] brn
|upkeep
|turn|18
|
|t:|1664629844
|switch|p1a: Calyrex|Calyrex-Shadow|100/100
|-ability|p1a: Calyrex|As One
|-ability|p1a: Calyrex|Unnerve
|move|p2a: Eternatus|Recover|p2a: Eternatus
|-heal|p2a: Eternatus|84/100 brn
|
|-damage|p2a: Eternatus|78/100 brn|[from] brn
|upkeep
|turn|19
|c|+Hoennseptile|Gl both
|
|t:|1664629867
|switch|p2a: Yveltal|Yveltal|77/100
|-ability|p2a: Yveltal|Dark Aura
|move|p1a: Calyrex|Substitute|p1a: Calyrex
|-start|p1a: Calyrex|Substitute
|-damage|p1a: Calyrex|76/100
|
|-heal|p1a: Calyrex|82/100|[from] item: Leftovers
|upkeep
|turn|20
|
|t:|1664629879
|move|p1a: Calyrex|Leech Seed|p2a: Yveltal|[miss]
|-miss|p1a: Calyrex|p2a: Yveltal
|move|p2a: Yveltal|Taunt|p1a: Calyrex
|-start|p1a: Calyrex|move: Taunt
|
|-heal|p1a: Calyrex|88/100|[from] item: Leftovers
|upkeep
|turn|21
|
|t:|1664629888
|switch|p1a: Kyogre|Kyogre|89/100
|-weather|RainDance|[from] ability: Drizzle|[of] p1a: Kyogre
|move|p2a: Yveltal|Foul Play|p1a: Kyogre
|-damage|p1a: Kyogre|67/100
|
|-weather|RainDance|[upkeep]
|-heal|p1a: Kyogre|73/100|[from] item: Leftovers
|upkeep
|turn|22
|
|t:|1664629900
|switch|p2a: Eternatus|Eternatus|78/100 brn
|-ability|p2a: Eternatus|Pressure
|move|p1a: Kyogre|Ice Beam|p2a: Eternatus
|-supereffective|p2a: Eternatus
|-damage|p2a: Eternatus|42/100 brn
|
|-weather|RainDance|[upkeep]
|-heal|p1a: Kyogre|79/100|[from] item: Leftovers
|-damage|p2a: Eternatus|36/100 brn|[from] brn
|upkeep
|turn|23
|
|t:|1664629906
|switch|p1a: Yveltal|Yveltal|100/100
|-ability|p1a: Yveltal|Dark Aura
|move|p2a: Eternatus|Recover|p2a: Eternatus
|-heal|p2a: Eternatus|86/100 brn
|
|-weather|RainDance|[upkeep]
|-damage|p2a: Eternatus|80/100 brn|[from] brn
|upkeep
|turn|24
|
|t:|1664629921
|move|p2a: Eternatus|Meteor Beam||[still]
|-prepare|p2a: Eternatus|Meteor Beam
|-boost|p2a: Eternatus|spa|1
|-enditem|p2a: Eternatus|Power Herb
|-anim|p2a: Eternatus|Meteor Beam|p1a: Yveltal
|-supereffective|p1a: Yveltal
|-damage|p1a: Yveltal|34/100
|move|p1a: Yveltal|Roost|p1a: Yveltal
|-heal|p1a: Yveltal|84/100
|-singleturn|p1a: Yveltal|move: Roost
|
|-weather|RainDance|[upkeep]
|-damage|p2a: Eternatus|74/100 brn|[from] brn
|upkeep
|turn|25
|
|t:|1664629929
|move|p2a: Eternatus|Cosmic Power|p2a: Eternatus
|-boost|p2a: Eternatus|def|1
|-boost|p2a: Eternatus|spd|1
|move|p1a: Yveltal|Snarl|p2a: Eternatus
|-damage|p2a: Eternatus|62/100 brn
|-unboost|p2a: Eternatus|spa|1
|
|-weather|none
|-damage|p2a: Eternatus|55/100 brn|[from] brn
|upkeep
|turn|26
|
|t:|1664629946
|move|p2a: Eternatus|Recover|p2a: Eternatus
|-heal|p2a: Eternatus|100/100 brn
|move|p1a: Yveltal|Snarl|p2a: Eternatus|[miss]
|-miss|p1a: Yveltal|p2a: Eternatus
|
|-damage|p2a: Eternatus|94/100 brn|[from] brn
|upkeep
|turn|27
|
|t:|1664629954
|move|p2a: Eternatus|Cosmic Power|p2a: Eternatus
|-boost|p2a: Eternatus|def|1
|-boost|p2a: Eternatus|spd|1
|move|p1a: Yveltal|Snarl|p2a: Eternatus
|-damage|p2a: Eternatus|84/100 brn
|-unboost|p2a: Eternatus|spa|1
|
|-damage|p2a: Eternatus|78/100 brn|[from] brn
|upkeep
|turn|28
|
|t:|1664629962
|switch|p1a: Groudon|Groudon|88/100 tox
|-weather|SunnyDay|[from] ability: Drought|[of] p1a: Groudon
|move|p2a: Eternatus|Dragon Pulse|p1a: Groudon
|-damage|p1a: Groudon|63/100 tox
|
|-weather|SunnyDay|[upkeep]
|-heal|p1a: Groudon|69/100 tox|[from] item: Leftovers
|-damage|p1a: Groudon|63/100 tox|[from] psn
|-damage|p2a: Eternatus|72/100 brn|[from] brn
|upkeep
|turn|29
|
|t:|1664629971
|switch|p2a: Yveltal|Yveltal|77/100
|-ability|p2a: Yveltal|Dark Aura
|move|p1a: Groudon|Heat Crash|p2a: Yveltal
|-damage|p2a: Yveltal|20/100
|
|-weather|SunnyDay|[upkeep]
|-heal|p1a: Groudon|69/100 tox|[from] item: Leftovers
|-damage|p1a: Groudon|57/100 tox|[from] psn
|upkeep
|turn|30
|
|t:|1664629976
|move|p2a: Yveltal|Roost|p2a: Yveltal
|-heal|p2a: Yveltal|70/100
|-singleturn|p2a: Yveltal|move: Roost
|move|p1a: Groudon|Heat Crash|p2a: Yveltal
|-damage|p2a: Yveltal|13/100
|
|-weather|SunnyDay|[upkeep]
|-heal|p1a: Groudon|63/100 tox|[from] item: Leftovers
|-damage|p1a: Groudon|44/100 tox|[from] psn
|upkeep
|turn|31
|inactive|Inder has 270 seconds left.
|inactive|entrocefalo has 270 seconds left.
|
|t:|1664630019
|move|p2a: Yveltal|Foul Play|p1a: Groudon
|-damage|p1a: Groudon|0 fnt
|faint|p1a: Groudon
|
|-weather|SunnyDay|[upkeep]
|upkeep
|
|t:|1664630022
|switch|p1a: Calyrex|Calyrex-Shadow|88/100
|-ability|p1a: Calyrex|As One
|-ability|p1a: Calyrex|Unnerve
|turn|32
|
|t:|1664630028
|move|p1a: Calyrex|Astral Barrage|p2a: Yveltal
|-resisted|p2a: Yveltal
|-damage|p2a: Yveltal|0 fnt
|faint|p2a: Yveltal
|-ability|p1a: Calyrex|Grim Neigh|boost
|-boost|p1a: Calyrex|spa|1
|
|-weather|none
|-heal|p1a: Calyrex|94/100|[from] item: Leftovers
|upkeep
|
|t:|1664630030
|switch|p2a: Marshadow|Marshadow|81/100
|turn|33
|
|t:|1664630040
|switch|p1a: Necrozma|Necrozma-Dusk-Mane|100/100
|move|p2a: Marshadow|Low Kick|p1a: Necrozma
|-damage|p1a: Necrozma|37/100
|-damage|p2a: Marshadow|71/100|[from] item: Life Orb
|
|-heal|p1a: Necrozma|43/100|[from] item: Leftovers
|upkeep
|turn|34
|
|t:|1664630048
|move|p2a: Marshadow|Low Kick|p1a: Necrozma
|-damage|p1a: Necrozma|0 fnt
|faint|p1a: Necrozma
|-damage|p2a: Marshadow|61/100|[from] item: Life Orb
|
|upkeep
|
|t:|1664630051
|switch|p1a: Kyogre|Kyogre|79/100
|-weather|RainDance|[from] ability: Drizzle|[of] p1a: Kyogre
|turn|35
|
|t:|1664630061
|move|p2a: Marshadow|Low Kick|p1a: Kyogre
|-damage|p1a: Kyogre|16/100
|-damage|p2a: Marshadow|51/100|[from] item: Life Orb
|move|p1a: Kyogre|Scald|p2a: Marshadow
|-damage|p2a: Marshadow|0 fnt
|faint|p2a: Marshadow
|
|-weather|RainDance|[upkeep]
|-heal|p1a: Kyogre|22/100|[from] item: Leftovers
|upkeep
|
|t:|1664630078
|switch|p2a: Calyrex|Calyrex-Shadow|100/100
|-ability|p2a: Calyrex|As One
|-ability|p2a: Calyrex|Unnerve
|turn|36
|
|t:|1664630084
|switch|p1a: Yveltal|Yveltal|84/100
|-ability|p1a: Yveltal|Dark Aura
|move|p2a: Calyrex|Astral Barrage|p1a: Yveltal
|-resisted|p1a: Yveltal
|-damage|p1a: Yveltal|63/100
|
|-weather|RainDance|[upkeep]
|upkeep
|turn|37
|
|t:|1664630091
|move|p2a: Calyrex|Astral Barrage|p1a: Yveltal
|-resisted|p1a: Yveltal
|-crit|p1a: Yveltal
|-damage|p1a: Yveltal|31/100
|move|p1a: Yveltal|Knock Off|p2a: Calyrex
|-supereffective|p2a: Calyrex
|-damage|p2a: Calyrex|0 fnt
|-enditem|p2a: Calyrex|Choice Scarf|[from] move: Knock Off|[of] p1a: Yveltal
|faint|p2a: Calyrex
|
|-weather|RainDance|[upkeep]
|upkeep
|
|t:|1664630094
|switch|p2a: Necrozma|Necrozma-Dusk-Mane|100/100
|turn|38
|
|t:|1664630097
|move|p1a: Yveltal|Knock Off|p2a: Necrozma
|-supereffective|p2a: Necrozma
|-enditem|p2a: Necrozma|Colbur Berry|[eat]
|-enditem|p2a: Necrozma|Colbur Berry|[weaken]
|-damage|p2a: Necrozma|69/100
|move|p2a: Necrozma|Dragon Dance|p2a: Necrozma
|-boost|p2a: Necrozma|atk|1
|-boost|p2a: Necrozma|spe|1
|
|-weather|RainDance|[upkeep]
|upkeep
|turn|39
|
|t:|1664630110
|switch|p1a: Calyrex|Calyrex-Shadow|94/100
|-ability|p1a: Calyrex|As One
|-ability|p1a: Calyrex|Unnerve
|move|p2a: Necrozma|Dragon Dance|p2a: Necrozma
|-boost|p2a: Necrozma|atk|1
|-boost|p2a: Necrozma|spe|1
|
|-weather|none
|-heal|p1a: Calyrex|99/100|[from] item: Leftovers
|upkeep
|turn|40
|
|t:|1664630113
|move|p2a: Necrozma|Knock Off|p1a: Calyrex
|-supereffective|p1a: Calyrex
|-damage|p1a: Calyrex|0 fnt
|-enditem|p1a: Calyrex|Leftovers|[from] move: Knock Off|[of] p2a: Necrozma
|faint|p1a: Calyrex
|
|upkeep
|c|☆Inder|gg
|c|☆entrocefalo|gg
|-message|Inder forfeited.
|
|win|entrocefalo
