|inactive|Battle timer is ON: inactive players will automatically lose when time's up.
|t:|1667516653
|gametype|singles
|player|p1|Exiline|#scl2islanders|
|player|p2|Bushtush|#bushtush|
|teamsize|p1|6
|teamsize|p2|6
|gen|8
|tier|[Gen 8] Ubers
|rule|Sleep Clause Mod: Limit one foe put to sleep
|rule|Species Clause: Limit one of each Pokémon
|rule|OHKO Clause: OHKO moves are banned
|rule|Evasion Items Clause: Evasion items are banned
|rule|Evasion Moves Clause: Evasion moves are banned
|rule|Endless Battle Clause: Forcing endless battles is banned
|rule|HP Percentage Mod: HP is shown in percentages
|rule|Dynamax Clause: You cannot dynamax
|clearpoke
|poke|p1|Groudon|
|poke|p1|Necrozma-Dusk-Mane|
|poke|p1|Marshadow|
|poke|p1|Eternatus|
|poke|p1|Yveltal|
|poke|p1|Ho-Oh|
|poke|p2|Necrozma-Dusk-Mane|
|poke|p2|Calyrex-Shadow|
|poke|p2|Weavile, F|
|poke|p2|Eternatus|
|poke|p2|Yveltal|
|poke|p2|Toxapex, M|
|teampreview
|c|☆Exiline|h_f 
|c|☆Bushtush|hf
|raw|<div class="broadcast-red"><strong>Moderated chat was set to ☆!</strong><br />Only users of rank ☆ and higher can talk.</div>
|inactive|Exiline has 270 seconds left.
|inactive|Bushtush has 270 seconds left.
|c|☆Bushtush|those watching please pray for me to get 1 more win..
|inactive|Exiline has 240 seconds left.
|inactive|Bushtush has 240 seconds left.
|c|☆Bushtush|PLEASE SOMEONE SAY AMEN
|inactive|Bushtush has 210 seconds left.
|c|☆Bushtush|ty chaitanya
|
|t:|1667516757
|start
|switch|p1a: Groudon|Groudon|100/100
|switch|p2a: Weavile|Weavile, F|100/100
|-ability|p2a: Weavile|Pressure
|-weather|SunnyDay|[from] ability: Drought|[of] p1a: Groudon
|turn|1
|
|t:|1667516786
|switch|p1a: Ho-Oh|Ho-Oh|100/100
|move|p2a: Weavile|Triple Axel|p1a: Ho-Oh
|-damage|p1a: Ho-Oh|92/100
|-damage|p1a: Ho-Oh|76/100
|-damage|p1a: Ho-Oh|54/100
|-hitcount|p1a: Ho-Oh|3
|
|-weather|SunnyDay|[upkeep]
|upkeep
|turn|2
|inactive|Bushtush has 240 seconds left.
|
|t:|1667516806
|switch|p2a: Toxapex|Toxapex, M|100/100
|move|p1a: Ho-Oh|Sacred Fire|p2a: Toxapex
|-resisted|p2a: Toxapex
|-damage|p2a: Toxapex|80/100
|
|-weather|SunnyDay|[upkeep]
|upkeep
|turn|3
|
|t:|1667516819
|switch|p1a: Eternatus|Eternatus|100/100
|-ability|p1a: Eternatus|Pressure
|move|p2a: Toxapex|Knock Off|p1a: Eternatus
|-damage|p1a: Eternatus|91/100
|-enditem|p1a: Eternatus|Shuca Berry|[from] move: Knock Off|[of] p2a: Toxapex
|
|-weather|SunnyDay|[upkeep]
|upkeep
|turn|4
|inactive|Bushtush has 240 seconds left.
|inactive|Bushtush has 210 seconds left.
|
|t:|1667516881
|switch|p1a: Ho-Oh|Ho-Oh|87/100
|move|p2a: Toxapex|Scald|p1a: Ho-Oh
|-supereffective|p1a: Ho-Oh
|-damage|p1a: Ho-Oh|78/100
|
|-weather|SunnyDay|[upkeep]
|upkeep
|turn|5
|
|t:|1667516889
|move|p1a: Ho-Oh|Sacred Fire|p2a: Toxapex
|-resisted|p2a: Toxapex
|-damage|p2a: Toxapex|59/100
|-status|p2a: Toxapex|brn
|move|p2a: Toxapex|Knock Off|p1a: Ho-Oh
|-damage|p1a: Ho-Oh|74/100
|-enditem|p1a: Ho-Oh|Heavy-Duty Boots|[from] move: Knock Off|[of] p2a: Toxapex
|
|-weather|none
|-damage|p2a: Toxapex|53/100 brn|[from] brn
|upkeep
|turn|6
|
|t:|1667516900
|move|p1a: Ho-Oh|Brave Bird|p2a: Toxapex
|-damage|p2a: Toxapex|24/100 brn
|-damage|p1a: Ho-Oh|57/100|[from] item: Rocky Helmet|[of] p2a: Toxapex
|-damage|p1a: Ho-Oh|50/100|[from] Recoil
|move|p2a: Toxapex|Recover|p2a: Toxapex
|-heal|p2a: Toxapex|74/100 brn
|
|-damage|p2a: Toxapex|68/100 brn|[from] brn
|upkeep
|turn|7
|
|t:|1667516906
|switch|p1a: Eternatus|Eternatus|91/100
|-ability|p1a: Eternatus|Pressure
|move|p2a: Toxapex|Scald|p1a: Eternatus
|-resisted|p1a: Eternatus
|-damage|p1a: Eternatus|86/100
|-status|p1a: Eternatus|brn
|
|-damage|p1a: Eternatus|80/100 brn|[from] brn
|-damage|p2a: Toxapex|62/100 brn|[from] brn
|upkeep
|turn|8
|inactive|Bushtush has 210 seconds left.
|
|t:|1667516925
|switch|p1a: Ho-Oh|Ho-Oh|83/100
|move|p2a: Toxapex|Recover|p2a: Toxapex
|-heal|p2a: Toxapex|100/100 brn
|
|-damage|p2a: Toxapex|95/100 brn|[from] brn
|upkeep
|turn|9
|
|t:|1667516934
|switch|p1a: Eternatus|Eternatus|80/100 brn
|-ability|p1a: Eternatus|Pressure
|move|p2a: Toxapex|Scald|p1a: Eternatus
|-resisted|p1a: Eternatus
|-damage|p1a: Eternatus|75/100 brn
|
|-damage|p1a: Eternatus|69/100 brn|[from] brn
|-damage|p2a: Toxapex|89/100 brn|[from] brn
|upkeep
|turn|10
|
|t:|1667516939
|switch|p2a: Weavile|Weavile, F|100/100
|-ability|p2a: Weavile|Pressure
|move|p1a: Eternatus|Recover|p1a: Eternatus
|-heal|p1a: Eternatus|100/100 brn
|
|-damage|p1a: Eternatus|94/100 brn|[from] brn
|upkeep
|turn|11
|inactive|Bushtush has 210 seconds left.
|
|t:|1667516984
|switch|p1a: Ho-Oh|Ho-Oh|100/100
|move|p2a: Weavile|Triple Axel|p1a: Ho-Oh
|-damage|p1a: Ho-Oh|92/100
|-damage|p1a: Ho-Oh|77/100
|-hitcount|p1a: Ho-Oh|2
|
|upkeep
|turn|12
|
|t:|1667517010
|switch|p2a: Toxapex|Toxapex, M|100/100 brn
|switch|p1a: Groudon|Groudon|100/100
|-weather|SunnyDay|[from] ability: Drought|[of] p1a: Groudon
|
|-weather|SunnyDay|[upkeep]
|-damage|p2a: Toxapex|95/100 brn|[from] brn
|upkeep
|turn|13
|
|t:|1667517017
|move|p1a: Groudon|Stealth Rock|p2a: Toxapex
|-sidestart|p2: Bushtush|move: Stealth Rock
|move|p2a: Toxapex|Knock Off|p1a: Groudon
|-damage|p1a: Groudon|97/100
|-enditem|p1a: Groudon|Leftovers|[from] move: Knock Off|[of] p2a: Toxapex
|
|-weather|SunnyDay|[upkeep]
|-damage|p2a: Toxapex|89/100 brn|[from] brn
|upkeep
|turn|14
|
|t:|1667517024
|move|p1a: Groudon|Toxic||[still]
|-fail|p1a: Groudon
|move|p2a: Toxapex|Recover|p2a: Toxapex
|-heal|p2a: Toxapex|100/100 brn
|
|-weather|SunnyDay|[upkeep]
|-damage|p2a: Toxapex|95/100 brn|[from] brn
|upkeep
|turn|15
|
|t:|1667517030
|move|p1a: Groudon|Precipice Blades|p2a: Toxapex
|-supereffective|p2a: Toxapex
|-damage|p2a: Toxapex|21/100 brn
|move|p2a: Toxapex|Scald|p1a: Groudon
|-supereffective|p1a: Groudon
|-damage|p1a: Groudon|82/100
|
|-weather|SunnyDay|[upkeep]
|-damage|p2a: Toxapex|15/100 brn|[from] brn
|upkeep
|turn|16
|
|t:|1667517039
|move|p1a: Groudon|Toxic||[still]
|-fail|p1a: Groudon
|move|p2a: Toxapex|Recover|p2a: Toxapex
|-heal|p2a: Toxapex|65/100 brn
|
|-weather|none
|-damage|p2a: Toxapex|59/100 brn|[from] brn
|upkeep
|turn|17
|inactive|Bushtush has 210 seconds left.
|
|t:|1667517046
|move|p1a: Groudon|Toxic|p2a: Toxapex|[miss]
|-miss|p1a: Groudon|p2a: Toxapex
|move|p2a: Toxapex|Scald|p1a: Groudon
|-supereffective|p1a: Groudon
|-damage|p1a: Groudon|50/100
|-status|p1a: Groudon|brn
|
|-damage|p1a: Groudon|44/100 brn|[from] brn
|-damage|p2a: Toxapex|53/100 brn|[from] brn
|upkeep
|turn|18
|c|☆Bushtush|ive punished u
|inactive|Bushtush has 210 seconds left.
|inactive|Bushtush has 180 seconds left.
|inactive|Bushtush has 150 seconds left.
|
|t:|1667517125
|move|p1a: Groudon|Precipice Blades|p2a: Toxapex
|-supereffective|p2a: Toxapex
|-damage|p2a: Toxapex|18/100 brn
|move|p2a: Toxapex|Recover|p2a: Toxapex
|-heal|p2a: Toxapex|68/100 brn
|
|-damage|p1a: Groudon|37/100 brn|[from] brn
|-damage|p2a: Toxapex|62/100 brn|[from] brn
|upkeep
|turn|19
|inactive|Bushtush has 150 seconds left.
|
|t:|1667517136
|switch|p1a: Eternatus|Eternatus|94/100 brn
|-ability|p1a: Eternatus|Pressure
|move|p2a: Toxapex|Scald|p1a: Eternatus
|-resisted|p1a: Eternatus
|-damage|p1a: Eternatus|90/100 brn
|
|-damage|p1a: Eternatus|83/100 brn|[from] brn
|-damage|p2a: Toxapex|56/100 brn|[from] brn
|upkeep
|turn|20
|inactive|Bushtush has 150 seconds left.
|
|t:|1667517157
|move|p1a: Eternatus|Dynamax Cannon|p2a: Toxapex
|-damage|p2a: Toxapex|19/100 brn
|move|p2a: Toxapex|Recover|p2a: Toxapex
|-heal|p2a: Toxapex|69/100 brn
|
|-damage|p1a: Eternatus|77/100 brn|[from] brn
|-damage|p2a: Toxapex|64/100 brn|[from] brn
|upkeep
|turn|21
|inactive|Bushtush has 120 seconds left.
|
|t:|1667517197
|move|p1a: Eternatus|Toxic||[still]
|-fail|p1a: Eternatus
|move|p2a: Toxapex|Scald|p1a: Eternatus
|-resisted|p1a: Eternatus
|-damage|p1a: Eternatus|72/100 brn
|
|-damage|p1a: Eternatus|66/100 brn|[from] brn
|-damage|p2a: Toxapex|58/100 brn|[from] brn
|upkeep
|turn|22
|inactive|Bushtush has 90 seconds left.
|
|t:|1667517227
|switch|p2a: Yveltal|Yveltal|100/100
|-ability|p2a: Yveltal|Dark Aura
|move|p1a: Eternatus|Recover|p1a: Eternatus
|-heal|p1a: Eternatus|100/100 brn
|
|-damage|p1a: Eternatus|94/100 brn|[from] brn
|upkeep
|turn|23
|
|t:|1667517231
|switch|p2a: Toxapex|Toxapex, M|91/100 brn
|-damage|p2a: Toxapex|79/100 brn|[from] Stealth Rock
|move|p1a: Eternatus|Toxic||[still]
|-fail|p1a: Eternatus
|
|-damage|p1a: Eternatus|88/100 brn|[from] brn
|-damage|p2a: Toxapex|73/100 brn|[from] brn
|upkeep
|turn|24
|
|t:|1667517242
|switch|p1a: Ho-Oh|Ho-Oh|100/100
|move|p2a: Toxapex|Knock Off|p1a: Ho-Oh
|-damage|p1a: Ho-Oh|97/100
|
|-damage|p2a: Toxapex|67/100 brn|[from] brn
|upkeep
|turn|25
|
|t:|1667517255
|move|p2a: Toxapex|Scald|p1a: Ho-Oh
|-supereffective|p1a: Ho-Oh
|-damage|p1a: Ho-Oh|81/100
|move|p1a: Ho-Oh|Whirlwind|p2a: Toxapex
|drag|p2a: Eternatus|Eternatus|100/100
|-damage|p2a: Eternatus|88/100|[from] Stealth Rock
|-ability|p2a: Eternatus|Pressure
|
|-heal|p2a: Eternatus|94/100|[from] item: Leftovers
|upkeep
|turn|26
|
|t:|1667517270
|switch|p2a: Yveltal|Yveltal|100/100
|-ability|p2a: Yveltal|Dark Aura
|switch|p1a: Necrozma|Necrozma-Dusk-Mane|100/100
|
|upkeep
|turn|27
|
|t:|1667517286
|switch|p1a: Eternatus|Eternatus|88/100 brn
|-ability|p1a: Eternatus|Pressure
|move|p2a: Yveltal|Foul Play|p1a: Eternatus
|-damage|p1a: Eternatus|66/100 brn
|
|-damage|p1a: Eternatus|59/100 brn|[from] brn
|upkeep
|turn|28
|
|t:|1667517297
|move|p1a: Eternatus|Toxic|p2a: Yveltal
|-status|p2a: Yveltal|tox
|move|p2a: Yveltal|Defog|p1a: Eternatus
|-unboost|p1a: Eternatus|evasion|1
|-sideend|p2: Bushtush|Stealth Rock|[from] move: Defog|[of] p2a: Yveltal
|
|-damage|p2a: Yveltal|94/100 tox|[from] psn
|-damage|p1a: Eternatus|53/100 brn|[from] brn
|upkeep
|turn|29
|
|t:|1667517302
|switch|p2a: Weavile|Weavile, F|100/100
|-ability|p2a: Weavile|Pressure
|move|p1a: Eternatus|Recover|p1a: Eternatus
|-heal|p1a: Eternatus|100/100 brn
|
|-damage|p1a: Eternatus|94/100 brn|[from] brn
|upkeep
|turn|30
|
|t:|1667517315
|switch|p1a: Ho-Oh|Ho-Oh|100/100
|move|p2a: Weavile|Triple Axel|p1a: Ho-Oh
|-damage|p1a: Ho-Oh|92/100
|-damage|p1a: Ho-Oh|75/100
|-damage|p1a: Ho-Oh|51/100
|-hitcount|p1a: Ho-Oh|3
|
|upkeep
|turn|31
|inactive|Bushtush has 90 seconds left.
|
|t:|1667517362
|switch|p2a: Toxapex|Toxapex, M|99/100 brn
|move|p1a: Ho-Oh|Sacred Fire|p2a: Toxapex
|-resisted|p2a: Toxapex
|-damage|p2a: Toxapex|88/100 brn
|
|-damage|p2a: Toxapex|82/100 brn|[from] brn
|upkeep
|turn|32
|
|t:|1667517370
|switch|p1a: Eternatus|Eternatus|94/100 brn
|-ability|p1a: Eternatus|Pressure
|move|p2a: Toxapex|Scald|p1a: Eternatus
|-resisted|p1a: Eternatus
|-damage|p1a: Eternatus|89/100 brn
|
|-damage|p1a: Eternatus|83/100 brn|[from] brn
|-damage|p2a: Toxapex|76/100 brn|[from] brn
|upkeep
|turn|33
|
|t:|1667517377
|switch|p1a: Ho-Oh|Ho-Oh|84/100
|move|p2a: Toxapex|Scald|p1a: Ho-Oh
|-supereffective|p1a: Ho-Oh
|-crit|p1a: Ho-Oh
|-damage|p1a: Ho-Oh|58/100
|
|-damage|p2a: Toxapex|70/100 brn|[from] brn
|upkeep
|turn|34
|
|t:|1667517381
|switch|p1a: Eternatus|Eternatus|83/100 brn
|-ability|p1a: Eternatus|Pressure
|switch|p2a: Weavile|Weavile, F|100/100
|-ability|p2a: Weavile|Pressure
|
|-damage|p1a: Eternatus|77/100 brn|[from] brn
|upkeep
|turn|35
|inactive|Bushtush has 90 seconds left.
|
|t:|1667517393
|switch|p1a: Marshadow|Marshadow|100/100
|move|p2a: Weavile|Swords Dance|p2a: Weavile
|-boost|p2a: Weavile|atk|2
|
|upkeep
|turn|36
|inactive|Bushtush has 90 seconds left.
|
|t:|1667517425
|switch|p2a: Toxapex|Toxapex, M|100/100 brn
|move|p1a: Marshadow|Spectral Thief|p2a: Toxapex
|-damage|p2a: Toxapex|58/100 brn
|-damage|p1a: Marshadow|84/100|[from] item: Rocky Helmet|[of] p2a: Toxapex
|
|-damage|p2a: Toxapex|52/100 brn|[from] brn
|upkeep
|turn|37
|inactive|Bushtush has 60 seconds left.
|inactive|Bushtush has 30 seconds left.
|
|t:|1667517482
|switch|p1a: Ho-Oh|Ho-Oh|91/100
|switch|p2a: Weavile|Weavile, F|100/100
|-ability|p2a: Weavile|Pressure
|
|upkeep
|turn|38
|c|☆Bushtush|ok
|c|☆Bushtush|ive calced all possible sets
|
|t:|1667517499
|switch|p2a: Toxapex|Toxapex, M|85/100 brn
|switch|p1a: Eternatus|Eternatus|77/100 brn
|-ability|p1a: Eternatus|Pressure
|
|-damage|p1a: Eternatus|71/100 brn|[from] brn
|-damage|p2a: Toxapex|79/100 brn|[from] brn
|upkeep
|turn|39
|
|t:|1667517509
|switch|p2a: Yveltal|Yveltal|94/100 tox
|-ability|p2a: Yveltal|Dark Aura
|move|p1a: Eternatus|Mystical Fire|p2a: Yveltal
|-damage|p2a: Yveltal|77/100 tox
|-unboost|p2a: Yveltal|spa|1
|
|-damage|p2a: Yveltal|71/100 tox|[from] psn
|-damage|p1a: Eternatus|65/100 brn|[from] brn
|upkeep
|turn|40
|
|t:|1667517515
|move|p1a: Eternatus|Recover|p1a: Eternatus
|-heal|p1a: Eternatus|100/100 brn
|move|p2a: Yveltal|Roost|p2a: Yveltal
|-heal|p2a: Yveltal|100/100 tox
|-singleturn|p2a: Yveltal|move: Roost
|
|-damage|p2a: Yveltal|88/100 tox|[from] psn
|-damage|p1a: Eternatus|94/100 brn|[from] brn
|upkeep
|turn|41
|
|t:|1667517520
|switch|p2a: Toxapex|Toxapex, M|100/100 brn
|move|p1a: Eternatus|Toxic||[still]
|-fail|p1a: Eternatus
|
|-damage|p1a: Eternatus|88/100 brn|[from] brn
|-damage|p2a: Toxapex|95/100 brn|[from] brn
|upkeep
|turn|42
|
|t:|1667517527
|switch|p1a: Ho-Oh|Ho-Oh|100/100
|move|p2a: Toxapex|Scald|p1a: Ho-Oh
|-supereffective|p1a: Ho-Oh
|-damage|p1a: Ho-Oh|83/100
|
|-damage|p2a: Toxapex|89/100 brn|[from] brn
|upkeep
|turn|43
|inactive|Bushtush has 60 seconds left.
|
|t:|1667517535
|move|p2a: Toxapex|Scald|p1a: Ho-Oh
|-supereffective|p1a: Ho-Oh
|-damage|p1a: Ho-Oh|65/100
|move|p1a: Ho-Oh|Whirlwind|p2a: Toxapex
|drag|p2a: Necrozma|Necrozma-Dusk-Mane|100/100
|
|upkeep
|turn|44
|inactive|Bushtush has 60 seconds left.
|
|t:|1667517547
|switch|p2a: Toxapex|Toxapex, M|100/100 brn
|move|p1a: Ho-Oh|Sacred Fire|p2a: Toxapex
|-resisted|p2a: Toxapex
|-damage|p2a: Toxapex|88/100 brn
|
|-damage|p2a: Toxapex|82/100 brn|[from] brn
|upkeep
|turn|45
|
|t:|1667517552
|switch|p1a: Eternatus|Eternatus|88/100 brn
|-ability|p1a: Eternatus|Pressure
|switch|p2a: Weavile|Weavile, F|100/100
|-ability|p2a: Weavile|Pressure
|
|-damage|p1a: Eternatus|82/100 brn|[from] brn
|upkeep
|turn|46
|inactive|Bushtush has 60 seconds left.
|
|t:|1667517569
|switch|p1a: Ho-Oh|Ho-Oh|99/100
|move|p2a: Weavile|Swords Dance|p2a: Weavile
|-boost|p2a: Weavile|atk|2
|
|upkeep
|turn|47
|
|t:|1667517578
|switch|p2a: Toxapex|Toxapex, M|100/100 brn
|move|p1a: Ho-Oh|Sacred Fire|p2a: Toxapex
|-resisted|p2a: Toxapex
|-damage|p2a: Toxapex|88/100 brn
|
|-damage|p2a: Toxapex|82/100 brn|[from] brn
|upkeep
|turn|48
|inactive|Bushtush has 60 seconds left.
|
|t:|1667517600
|switch|p1a: Eternatus|Eternatus|82/100 brn
|-ability|p1a: Eternatus|Pressure
|switch|p2a: Weavile|Weavile, F|100/100
|-ability|p2a: Weavile|Pressure
|
|-damage|p1a: Eternatus|76/100 brn|[from] brn
|upkeep
|turn|49
|inactive|Bushtush has 60 seconds left.
|
|t:|1667517613
|switch|p1a: Ho-Oh|Ho-Oh|100/100
|move|p2a: Weavile|Knock Off|p1a: Ho-Oh
|-damage|p1a: Ho-Oh|80/100
|
|upkeep
|turn|50
|inactive|Bushtush has 60 seconds left.
|
|t:|1667517625
|switch|p1a: Eternatus|Eternatus|76/100 brn
|-ability|p1a: Eternatus|Pressure
|move|p2a: Weavile|Knock Off|p1a: Eternatus
|-damage|p1a: Eternatus|52/100 brn
|
|-damage|p1a: Eternatus|46/100 brn|[from] brn
|upkeep
|turn|51
|
|t:|1667517635
|switch|p1a: Ho-Oh|Ho-Oh|100/100
|move|p2a: Weavile|Triple Axel|p1a: Ho-Oh
|-damage|p1a: Ho-Oh|92/100
|-damage|p1a: Ho-Oh|76/100
|-damage|p1a: Ho-Oh|53/100
|-hitcount|p1a: Ho-Oh|3
|
|upkeep
|turn|52
|inactive|Bushtush has 60 seconds left.
|
|t:|1667517650
|switch|p2a: Toxapex|Toxapex, M|100/100 brn
|move|p1a: Ho-Oh|Whirlwind|p2a: Toxapex
|drag|p2a: Eternatus|Eternatus|94/100
|-ability|p2a: Eternatus|Pressure
|
|-heal|p2a: Eternatus|100/100|[from] item: Leftovers
|upkeep
|turn|53
|
|t:|1667517659
|switch|p2a: Calyrex|Calyrex-Shadow|100/100
|-ability|p2a: Calyrex|As One
|-ability|p2a: Calyrex|Unnerve
|switch|p1a: Necrozma|Necrozma-Dusk-Mane|100/100
|
|upkeep
|turn|54
|inactive|Bushtush has 60 seconds left.
|
|t:|1667517677
|switch|p1a: Yveltal|Yveltal|100/100
|-ability|p1a: Yveltal|Dark Aura
|move|p2a: Calyrex|Astral Barrage|p1a: Yveltal
|-resisted|p1a: Yveltal
|-crit|p1a: Yveltal
|-damage|p1a: Yveltal|55/100
|
|upkeep
|turn|55
|
|t:|1667517682
|move|p2a: Calyrex|Trick|p1a: Yveltal
|-activate|p2a: Calyrex|move: Trick|[of] p1a: Yveltal
|-item|p1a: Yveltal|Ring Target|[from] move: Trick
|-item|p2a: Calyrex|Heavy-Duty Boots|[from] move: Trick
|move|p1a: Yveltal|Roost|p1a: Yveltal
|-heal|p1a: Yveltal|100/100
|-singleturn|p1a: Yveltal|move: Roost
|
|upkeep
|turn|56
|
|t:|1667517702
|switch|p2a: Toxapex|Toxapex, M|100/100 brn
|move|p1a: Yveltal|Knock Off|p2a: Toxapex
|-damage|p2a: Toxapex|67/100 brn
|-damage|p1a: Yveltal|84/100|[from] item: Rocky Helmet|[of] p2a: Toxapex
|-enditem|p2a: Toxapex|Rocky Helmet|[from] move: Knock Off|[of] p1a: Yveltal
|
|-damage|p2a: Toxapex|61/100 brn|[from] brn
|upkeep
|turn|57
|
|t:|1667517711
|switch|p1a: Ho-Oh|Ho-Oh|86/100
|switch|p2a: Weavile|Weavile, F|100/100
|-ability|p2a: Weavile|Pressure
|
|upkeep
|turn|58
|
|t:|1667517719
|switch|p2a: Toxapex|Toxapex, M|94/100 brn
|move|p1a: Ho-Oh|Brave Bird|p2a: Toxapex
|-damage|p2a: Toxapex|62/100 brn
|-damage|p1a: Ho-Oh|78/100|[from] Recoil
|
|-damage|p2a: Toxapex|56/100 brn|[from] brn
|upkeep
|turn|59
|
|t:|1667517730
|switch|p1a: Eternatus|Eternatus|46/100 brn
|-ability|p1a: Eternatus|Pressure
|switch|p2a: Weavile|Weavile, F|100/100
|-ability|p2a: Weavile|Pressure
|
|-damage|p1a: Eternatus|40/100 brn|[from] brn
|upkeep
|turn|60
|
|t:|1667517740
|switch|p1a: Ho-Oh|Ho-Oh|100/100
|move|p2a: Weavile|Triple Axel|p1a: Ho-Oh
|-damage|p1a: Ho-Oh|93/100
|-damage|p1a: Ho-Oh|76/100
|-damage|p1a: Ho-Oh|53/100
|-hitcount|p1a: Ho-Oh|3
|
|upkeep
|turn|61
|
|t:|1667517749
|move|p2a: Weavile|Swords Dance|p2a: Weavile
|-boost|p2a: Weavile|atk|2
|move|p1a: Ho-Oh|Sacred Fire|p2a: Weavile
|-supereffective|p2a: Weavile
|-damage|p2a: Weavile|0 fnt
|faint|p2a: Weavile
|
|upkeep
|inactive|Bushtush has 60 seconds left.
|c|☆Bushtush|hmm
|inactive|Bushtush has 30 seconds left.
|inactive|Bushtush has 20 seconds left.
|
|t:|1667517816
|switch|p2a: Eternatus|Eternatus|100/100
|-ability|p2a: Eternatus|Pressure
|turn|62
|inactive|Bushtush has 30 seconds left this turn.
|inactive|Bushtush has 20 seconds left.
|
|t:|1667517828
|switch|p1a: Necrozma|Necrozma-Dusk-Mane|100/100
|move|p2a: Eternatus|Substitute|p2a: Eternatus
|-start|p2a: Eternatus|Substitute
|-damage|p2a: Eternatus|76/100
|
|-heal|p2a: Eternatus|82/100|[from] item: Leftovers
|upkeep
|turn|63
|inactive|Bushtush has 30 seconds left this turn.
|inactive|Bushtush has 20 seconds left.
|inactive|Bushtush has 15 seconds left.
|inactive|Bushtush has 10 seconds left.
|
|t:|1667517849
|switch|p2a: Yveltal|Yveltal|88/100 tox
|-ability|p2a: Yveltal|Dark Aura
|move|p1a: Necrozma|Dragon Dance|p1a: Necrozma
|-boost|p1a: Necrozma|atk|1
|-boost|p1a: Necrozma|spe|1
|
|-damage|p2a: Yveltal|82/100 tox|[from] psn
|upkeep
|turn|64
|inactive|Bushtush has 20 seconds left this turn.
|
|t:|1667517866
|switch|p1a: Yveltal|Yveltal|84/100
|-ability|p1a: Yveltal|Dark Aura
|move|p2a: Yveltal|Foul Play|p1a: Yveltal
|-resisted|p1a: Yveltal
|-damage|p1a: Yveltal|62/100
|
|-damage|p2a: Yveltal|70/100 tox|[from] psn
|upkeep
|turn|65
|inactive|Bushtush has 30 seconds left this turn.
|inactive|Bushtush has 20 seconds left.
|
|t:|1667517880
|switch|p2a: Necrozma|Necrozma-Dusk-Mane|100/100
|move|p1a: Yveltal|Roost|p1a: Yveltal
|-heal|p1a: Yveltal|100/100
|-singleturn|p1a: Yveltal|move: Roost
|
|upkeep
|turn|66
|inactive|Bushtush has 30 seconds left this turn.
|inactive|Bushtush has 20 seconds left.
|
|t:|1667517891
|move|p1a: Yveltal|Knock Off|p2a: Necrozma
|-supereffective|p2a: Necrozma
|-damage|p2a: Necrozma|39/100
|-enditem|p2a: Necrozma|Weakness Policy
|-boost|p2a: Necrozma|atk|2|[from] item: Weakness Policy
|-boost|p2a: Necrozma|spa|2|[from] item: Weakness Policy
|move|p2a: Necrozma|Rock Polish|p2a: Necrozma
|-boost|p2a: Necrozma|spe|2
|
|upkeep
|turn|67
|inactive|Bushtush has 30 seconds left this turn.
|inactive|Bushtush has 20 seconds left.
|inactive|Bushtush has 15 seconds left.
|inactive|Bushtush has 10 seconds left.
|
|t:|1667517914
|switch|p1a: Groudon|Groudon|37/100 brn
|-weather|SunnyDay|[from] ability: Drought|[of] p1a: Groudon
|move|p2a: Necrozma|Iron Defense|p2a: Necrozma
|-boost|p2a: Necrozma|def|2
|
|-weather|SunnyDay|[upkeep]
|-damage|p1a: Groudon|31/100 brn|[from] brn
|upkeep
|turn|68
|inactive|Bushtush has 20 seconds left this turn.
|inactive|Bushtush has 15 seconds left.
|
|t:|1667517919
|move|p2a: Necrozma|Stored Power|p1a: Groudon
|-damage|p1a: Groudon|0 fnt
|faint|p1a: Groudon
|
|-weather|SunnyDay|[upkeep]
|upkeep
|inactive|Bushtush has 20 seconds left this turn.
|inactive|Exiline has 270 seconds left.
|inactive|Exiline has 240 seconds left.
|
|t:|1667518007
|switch|p1a: Ho-Oh|Ho-Oh|86/100
|turn|69
|inactive|Bushtush has 30 seconds left this turn.
|
|t:|1667518015
|move|p2a: Necrozma|Stored Power|p1a: Ho-Oh
|-damage|p1a: Ho-Oh|14/100
|move|p1a: Ho-Oh|Whirlwind|p2a: Necrozma
|drag|p2a: Yveltal|Yveltal|70/100 tox
|-ability|p2a: Yveltal|Dark Aura
|
|-weather|SunnyDay|[upkeep]
|-damage|p2a: Yveltal|64/100 tox|[from] psn
|upkeep
|turn|70
|c|☆Bushtush|ah
|inactive|Bushtush has 30 seconds left.
|c|☆Bushtush|NO
|c|☆Bushtush|ate
|inactive|Bushtush has 20 seconds left.
|inactive|Bushtush has 15 seconds left.
|
|t:|1667518038
|switch|p2a: Eternatus|Eternatus|82/100
|-ability|p2a: Eternatus|Pressure
|switch|p1a: Yveltal|Yveltal|100/100
|-ability|p1a: Yveltal|Dark Aura
|
|-weather|SunnyDay|[upkeep]
|-heal|p2a: Eternatus|88/100|[from] item: Leftovers
|upkeep
|turn|71
|inactive|Bushtush has 25 seconds left this turn.
|inactive|Exiline has 240 seconds left.
|inactive|Bushtush has 20 seconds left.
|inactive|Bushtush has 15 seconds left.
|
|t:|1667518049
|switch|p1a: Necrozma|Necrozma-Dusk-Mane|100/100
|move|p2a: Eternatus|Substitute|p2a: Eternatus
|-start|p2a: Eternatus|Substitute
|-damage|p2a: Eternatus|63/100
|
|-weather|none
|-heal|p2a: Eternatus|69/100|[from] item: Leftovers
|upkeep
|turn|72
|inactive|Bushtush has 25 seconds left this turn.
|inactive|Bushtush has 20 seconds left.
|
|t:|1667518056
|move|p2a: Eternatus|Cosmic Power|p2a: Eternatus
|-boost|p2a: Eternatus|def|1
|-boost|p2a: Eternatus|spd|1
|move|p1a: Necrozma|Dragon Dance|p1a: Necrozma
|-boost|p1a: Necrozma|atk|1
|-boost|p1a: Necrozma|spe|1
|
|-heal|p2a: Eternatus|75/100|[from] item: Leftovers
|upkeep
|turn|73
|inactive|Bushtush has 30 seconds left this turn.
|
|t:|1667518064
|move|p1a: Necrozma|Dragon Dance|p1a: Necrozma
|-boost|p1a: Necrozma|atk|1
|-boost|p1a: Necrozma|spe|1
|move|p2a: Eternatus|Cosmic Power|p2a: Eternatus
|-boost|p2a: Eternatus|def|1
|-boost|p2a: Eternatus|spd|1
|
|-heal|p2a: Eternatus|81/100|[from] item: Leftovers
|upkeep
|turn|74
|inactive|Bushtush has 30 seconds left.
|
|t:|1667518071
|move|p1a: Necrozma|Dragon Dance|p1a: Necrozma
|-boost|p1a: Necrozma|atk|1
|-boost|p1a: Necrozma|spe|1
|move|p2a: Eternatus|Cosmic Power|p2a: Eternatus
|-boost|p2a: Eternatus|def|1
|-boost|p2a: Eternatus|spd|1
|
|-heal|p2a: Eternatus|88/100|[from] item: Leftovers
|upkeep
|turn|75
|
|t:|1667518077
|move|p1a: Necrozma|Dragon Dance|p1a: Necrozma
|-boost|p1a: Necrozma|atk|1
|-boost|p1a: Necrozma|spe|1
|move|p2a: Eternatus|Cosmic Power|p2a: Eternatus
|-boost|p2a: Eternatus|def|1
|-boost|p2a: Eternatus|spd|1
|
|-heal|p2a: Eternatus|94/100|[from] item: Leftovers
|upkeep
|turn|76
|
|t:|1667518079
|move|p1a: Necrozma|Dragon Dance|p1a: Necrozma
|-boost|p1a: Necrozma|atk|1
|-boost|p1a: Necrozma|spe|1
|move|p2a: Eternatus|Cosmic Power|p2a: Eternatus
|-boost|p2a: Eternatus|def|1
|-boost|p2a: Eternatus|spd|1
|
|-heal|p2a: Eternatus|99/100|[from] item: Leftovers
|upkeep
|turn|77
|
|t:|1667518082
|move|p1a: Necrozma|Dragon Dance|p1a: Necrozma
|-boost|p1a: Necrozma|atk|1
|-boost|p1a: Necrozma|spe|1
|move|p2a: Eternatus|Cosmic Power|p2a: Eternatus
|-boost|p2a: Eternatus|def|1
|-boost|p2a: Eternatus|spd|1
|
|-heal|p2a: Eternatus|100/100|[from] item: Leftovers
|upkeep
|turn|78
|
|t:|1667518085
|move|p1a: Necrozma|Knock Off|p2a: Eternatus
|-end|p2a: Eternatus|Substitute
|move|p2a: Eternatus|Dragon Dance|p2a: Eternatus
|-boost|p2a: Eternatus|atk|1
|-boost|p2a: Eternatus|spe|1
|
|upkeep
|turn|79
|
|t:|1667518095
|move|p1a: Necrozma|Knock Off|p2a: Eternatus
|-damage|p2a: Eternatus|72/100
|-enditem|p2a: Eternatus|Leftovers|[from] move: Knock Off|[of] p1a: Necrozma
|move|p2a: Eternatus|Substitute|p2a: Eternatus
|-start|p2a: Eternatus|Substitute
|-damage|p2a: Eternatus|48/100
|
|upkeep
|turn|80
|
|t:|1667518099
|move|p1a: Necrozma|Sunsteel Strike|p2a: Eternatus
|-end|p2a: Eternatus|Substitute
|move|p2a: Eternatus|Dragon Dance|p2a: Eternatus
|-boost|p2a: Eternatus|atk|1
|-boost|p2a: Eternatus|spe|1
|
|upkeep
|turn|81
|c|☆Bushtush|oh NAH
|
|t:|1667518107
|switch|p2a: Necrozma|Necrozma-Dusk-Mane|39/100
|move|p1a: Necrozma|Sunsteel Strike|p2a: Necrozma
|-resisted|p2a: Necrozma
|-damage|p2a: Necrozma|0 fnt
|faint|p2a: Necrozma
|
|upkeep
|
|t:|1667518113
|switch|p2a: Toxapex|Toxapex, M|90/100 brn
|turn|82
|
|t:|1667518118
|move|p1a: Necrozma|Sunsteel Strike|p2a: Toxapex
|-resisted|p2a: Toxapex
|-damage|p2a: Toxapex|27/100 brn
|move|p2a: Toxapex|Haze|p2a: Toxapex
|-clearallboost
|
|-damage|p2a: Toxapex|21/100 brn|[from] brn
|upkeep
|turn|83
|
|t:|1667518129
|switch|p1a: Eternatus|Eternatus|40/100 brn
|-ability|p1a: Eternatus|Pressure
|move|p2a: Toxapex|Recover|p2a: Toxapex
|-heal|p2a: Toxapex|71/100 brn
|
|-damage|p1a: Eternatus|33/100 brn|[from] brn
|-damage|p2a: Toxapex|65/100 brn|[from] brn
|upkeep
|turn|84
|
|t:|1667518137
|switch|p2a: Calyrex|Calyrex-Shadow|100/100
|-ability|p2a: Calyrex|As One
|-ability|p2a: Calyrex|Unnerve
|move|p1a: Eternatus|Recover|p1a: Eternatus
|-heal|p1a: Eternatus|83/100 brn
|
|-damage|p1a: Eternatus|77/100 brn|[from] brn
|upkeep
|turn|85
|
|t:|1667518146
|switch|p1a: Yveltal|Yveltal|100/100
|-ability|p1a: Yveltal|Dark Aura
|move|p2a: Calyrex|Astral Barrage|p1a: Yveltal
|-resisted|p1a: Yveltal
|-damage|p1a: Yveltal|71/100
|
|upkeep
|turn|86
|c|☆Bushtush|ima powerpuff u
|
|t:|1667518157
|move|p2a: Calyrex|Pollen Puff|p1a: Yveltal
|-damage|p1a: Yveltal|42/100
|move|p1a: Yveltal|Roost|p1a: Yveltal
|-heal|p1a: Yveltal|92/100
|-singleturn|p1a: Yveltal|move: Roost
|
|upkeep
|turn|87
|
|t:|1667518165
|switch|p2a: Toxapex|Toxapex, M|98/100 brn
|move|p1a: Yveltal|Knock Off|p2a: Toxapex
|-damage|p2a: Toxapex|74/100 brn
|
|-damage|p2a: Toxapex|68/100 brn|[from] brn
|upkeep
|turn|88
|
|t:|1667518171
|switch|p1a: Ho-Oh|Ho-Oh|47/100
|switch|p2a: Calyrex|Calyrex-Shadow|100/100
|-ability|p2a: Calyrex|As One
|-ability|p2a: Calyrex|Unnerve
|
|upkeep
|turn|89
|inactive|Bushtush has 120 seconds left.
|
|t:|1667518176
|switch|p1a: Yveltal|Yveltal|92/100
|-ability|p1a: Yveltal|Dark Aura
|move|p2a: Calyrex|Pollen Puff|p1a: Yveltal
|-damage|p1a: Yveltal|61/100
|
|upkeep
|turn|90
|
|t:|1667518181
|switch|p2a: Toxapex|Toxapex, M|100/100 brn
|move|p1a: Yveltal|Roost|p1a: Yveltal
|-heal|p1a: Yveltal|100/100
|-singleturn|p1a: Yveltal|move: Roost
|
|-damage|p2a: Toxapex|95/100 brn|[from] brn
|upkeep
|turn|91
|
|t:|1667518187
|switch|p1a: Ho-Oh|Ho-Oh|81/100
|switch|p2a: Calyrex|Calyrex-Shadow|100/100
|-ability|p2a: Calyrex|As One
|-ability|p2a: Calyrex|Unnerve
|
|upkeep
|turn|92
|
|t:|1667518191
|move|p2a: Calyrex|Astral Barrage|p1a: Ho-Oh
|-damage|p1a: Ho-Oh|37/100
|move|p1a: Ho-Oh|Brave Bird|p2a: Calyrex
|-damage|p2a: Calyrex|35/100
|-damage|p1a: Ho-Oh|19/100|[from] Recoil
|
|upkeep
|turn|93
|inactive|Bushtush has 150 seconds left.
|
|t:|1667518202
|switch|p1a: Yveltal|Yveltal|100/100
|-ability|p1a: Yveltal|Dark Aura
|move|p2a: Calyrex|Pollen Puff|p1a: Yveltal
|-damage|p1a: Yveltal|70/100
|
|upkeep
|turn|94
|inactive|Bushtush has 150 seconds left.
|
|t:|1667518207
|switch|p2a: Toxapex|Toxapex, M|100/100 brn
|move|p1a: Yveltal|Roost|p1a: Yveltal
|-heal|p1a: Yveltal|100/100
|-singleturn|p1a: Yveltal|move: Roost
|
|-damage|p2a: Toxapex|95/100 brn|[from] brn
|upkeep
|turn|95
|inactive|Bushtush has 150 seconds left.
|
|t:|1667518223
|switch|p1a: Ho-Oh|Ho-Oh|53/100
|move|p2a: Toxapex|Scald|p1a: Ho-Oh
|-supereffective|p1a: Ho-Oh
|-damage|p1a: Ho-Oh|36/100
|
|-damage|p2a: Toxapex|89/100 brn|[from] brn
|upkeep
|turn|96
|
|t:|1667518226
|switch|p1a: Eternatus|Eternatus|77/100 brn
|-ability|p1a: Eternatus|Pressure
|switch|p2a: Calyrex|Calyrex-Shadow|35/100
|-ability|p2a: Calyrex|As One
|-ability|p2a: Calyrex|Unnerve
|
|-damage|p1a: Eternatus|71/100 brn|[from] brn
|upkeep
|turn|97
|inactive|Bushtush has 150 seconds left.
|
|t:|1667518242
|switch|p1a: Yveltal|Yveltal|100/100
|-ability|p1a: Yveltal|Dark Aura
|move|p2a: Calyrex|Psyshock|p1a: Yveltal
|-damage|p1a: Yveltal|60/100
|
|upkeep
|turn|98
|inactive|Bushtush has 150 seconds left.
|c|☆Bushtush|wait i forgot that worked no lie
|
|t:|1667518267
|move|p2a: Calyrex|Psyshock|p1a: Yveltal
|-damage|p1a: Yveltal|18/100
|move|p1a: Yveltal|Knock Off|p2a: Calyrex
|-supereffective|p2a: Calyrex
|-damage|p2a: Calyrex|0 fnt
|-enditem|p2a: Calyrex|Heavy-Duty Boots|[from] move: Knock Off|[of] p1a: Yveltal
|faint|p2a: Calyrex
|
|upkeep
|
|t:|1667518274
|switch|p2a: Yveltal|Yveltal|64/100 tox
|-ability|p2a: Yveltal|Dark Aura
|turn|99
|
|t:|1667518279
|move|p2a: Yveltal|Foul Play|p1a: Yveltal
|-resisted|p1a: Yveltal
|-damage|p1a: Yveltal|0 fnt
|faint|p1a: Yveltal
|
|-damage|p2a: Yveltal|58/100 tox|[from] psn
|upkeep
|
|t:|1667518291
|switch|p1a: Eternatus|Eternatus|71/100 brn
|-ability|p1a: Eternatus|Pressure
|turn|100
|
|t:|1667518298
|switch|p2a: Toxapex|Toxapex, M|100/100 brn
|move|p1a: Eternatus|Dynamax Cannon|p2a: Toxapex
|-damage|p2a: Toxapex|61/100 brn
|
|-damage|p1a: Eternatus|65/100 brn|[from] brn
|-damage|p2a: Toxapex|55/100 brn|[from] brn
|upkeep
|turn|101
|
|t:|1667518303
|switch|p2a: Yveltal|Yveltal|58/100 tox
|-ability|p2a: Yveltal|Dark Aura
|move|p1a: Eternatus|Recover|p1a: Eternatus
|-heal|p1a: Eternatus|100/100 brn
|
|-damage|p2a: Yveltal|52/100 tox|[from] psn
|-damage|p1a: Eternatus|94/100 brn|[from] brn
|upkeep
|turn|102
|
|t:|1667518306
|move|p1a: Eternatus|Dynamax Cannon|p2a: Yveltal
|-damage|p2a: Yveltal|20/100 tox
|move|p2a: Yveltal|Roost|p2a: Yveltal
|-heal|p2a: Yveltal|71/100 tox
|-singleturn|p2a: Yveltal|move: Roost
|
|-damage|p2a: Yveltal|58/100 tox|[from] psn
|-damage|p1a: Eternatus|88/100 brn|[from] brn
|upkeep
|turn|103
|
|t:|1667518314
|move|p1a: Eternatus|Dynamax Cannon|p2a: Yveltal
|-damage|p2a: Yveltal|24/100 tox
|move|p2a: Yveltal|Roost|p2a: Yveltal
|-heal|p2a: Yveltal|74/100 tox
|-singleturn|p2a: Yveltal|move: Roost
|
|-damage|p2a: Yveltal|56/100 tox|[from] psn
|-damage|p1a: Eternatus|82/100 brn|[from] brn
|upkeep
|turn|104
|
|t:|1667518318
|switch|p2a: Toxapex|Toxapex, M|88/100 brn
|move|p1a: Eternatus|Dynamax Cannon|p2a: Toxapex
|-damage|p2a: Toxapex|52/100 brn
|
|-damage|p1a: Eternatus|76/100 brn|[from] brn
|-damage|p2a: Toxapex|46/100 brn|[from] brn
|upkeep
|turn|105
|
|t:|1667518324
|switch|p1a: Ho-Oh|Ho-Oh|69/100
|switch|p2a: Yveltal|Yveltal|56/100 tox
|-ability|p2a: Yveltal|Dark Aura
|
|-damage|p2a: Yveltal|50/100 tox|[from] psn
|upkeep
|turn|106
|
|t:|1667518328
|move|p2a: Yveltal|Roost|p2a: Yveltal
|-heal|p2a: Yveltal|99/100 tox
|-singleturn|p2a: Yveltal|move: Roost
|move|p1a: Ho-Oh|Brave Bird|p2a: Yveltal
|-damage|p2a: Yveltal|53/100 tox
|-damage|p1a: Ho-Oh|55/100|[from] Recoil
|
|-damage|p2a: Yveltal|41/100 tox|[from] psn
|upkeep
|turn|107
|
|t:|1667518332
|switch|p1a: Eternatus|Eternatus|76/100 brn
|-ability|p1a: Eternatus|Pressure
|move|p2a: Yveltal|Roost|p2a: Yveltal
|-heal|p2a: Yveltal|91/100 tox
|-singleturn|p2a: Yveltal|move: Roost
|
|-damage|p2a: Yveltal|73/100 tox|[from] psn
|-damage|p1a: Eternatus|70/100 brn|[from] brn
|upkeep
|turn|108
|
|t:|1667518339
|switch|p2a: Toxapex|Toxapex, M|79/100 brn
|move|p1a: Eternatus|Mystical Fire|p2a: Toxapex
|-resisted|p2a: Toxapex
|-damage|p2a: Toxapex|69/100 brn
|-unboost|p2a: Toxapex|spa|1
|
|-damage|p1a: Eternatus|63/100 brn|[from] brn
|-damage|p2a: Toxapex|64/100 brn|[from] brn
|upkeep
|turn|109
|
|t:|1667518349
|switch|p2a: Eternatus|Eternatus|48/100
|-ability|p2a: Eternatus|Pressure
|move|p1a: Eternatus|Mystical Fire|p2a: Eternatus
|-resisted|p2a: Eternatus
|-damage|p2a: Eternatus|40/100
|-unboost|p2a: Eternatus|spa|1
|
|-damage|p1a: Eternatus|57/100 brn|[from] brn
|upkeep
|turn|110
|
|t:|1667518360
|switch|p2a: Toxapex|Toxapex, M|97/100 brn
|move|p1a: Eternatus|Recover|p1a: Eternatus
|-heal|p1a: Eternatus|100/100 brn
|
|-damage|p1a: Eternatus|94/100 brn|[from] brn
|-damage|p2a: Toxapex|91/100 brn|[from] brn
|upkeep
|turn|111
|
|t:|1667518371
|switch|p1a: Ho-Oh|Ho-Oh|88/100
|move|p2a: Toxapex|Haze|p2a: Toxapex
|-clearallboost
|
|-damage|p2a: Toxapex|85/100 brn|[from] brn
|upkeep
|turn|112
|
|t:|1667518376
|move|p1a: Ho-Oh|Brave Bird|p2a: Toxapex
|-damage|p2a: Toxapex|52/100 brn
|-damage|p1a: Ho-Oh|80/100|[from] Recoil
|move|p2a: Toxapex|Haze|p2a: Toxapex
|-clearallboost
|
|-damage|p2a: Toxapex|46/100 brn|[from] brn
|upkeep
|turn|113
|inactive|Bushtush has 240 seconds left.
|
|t:|1667518387
|move|p1a: Ho-Oh|Brave Bird|p2a: Toxapex
|-damage|p2a: Toxapex|16/100 brn
|-damage|p1a: Ho-Oh|73/100|[from] Recoil
|move|p2a: Toxapex|Recover|p2a: Toxapex
|-heal|p2a: Toxapex|67/100 brn
|
|-damage|p2a: Toxapex|61/100 brn|[from] brn
|upkeep
|turn|114
|
|t:|1667518390
|switch|p1a: Eternatus|Eternatus|94/100 brn
|-ability|p1a: Eternatus|Pressure
|switch|p2a: Yveltal|Yveltal|73/100 tox
|-ability|p2a: Yveltal|Dark Aura
|
|-damage|p2a: Yveltal|67/100 tox|[from] psn
|-damage|p1a: Eternatus|88/100 brn|[from] brn
|upkeep
|turn|115
|inactive|Bushtush has 240 seconds left.
|
|t:|1667518406
|switch|p1a: Ho-Oh|Ho-Oh|100/100
|move|p2a: Yveltal|Foul Play|p1a: Ho-Oh
|-crit|p1a: Ho-Oh
|-damage|p1a: Ho-Oh|42/100
|
|-damage|p2a: Yveltal|55/100 tox|[from] psn
|upkeep
|turn|116
|
|t:|1667518414
|switch|p1a: Eternatus|Eternatus|88/100 brn
|-ability|p1a: Eternatus|Pressure
|move|p2a: Yveltal|Foul Play|p1a: Eternatus
|-damage|p1a: Eternatus|67/100 brn
|
|-damage|p2a: Yveltal|37/100 tox|[from] psn
|-damage|p1a: Eternatus|61/100 brn|[from] brn
|upkeep
|turn|117
|
|t:|1667518422
|switch|p1a: Ho-Oh|Ho-Oh|76/100
|move|p2a: Yveltal|Roost|p2a: Yveltal
|-heal|p2a: Yveltal|87/100 tox
|-singleturn|p2a: Yveltal|move: Roost
|
|-damage|p2a: Yveltal|63/100 tox|[from] psn
|upkeep
|turn|118
|
|t:|1667518431
|switch|p2a: Toxapex|Toxapex, M|94/100 brn
|move|p1a: Ho-Oh|Brave Bird|p2a: Toxapex
|-damage|p2a: Toxapex|65/100 brn
|-damage|p1a: Ho-Oh|69/100|[from] Recoil
|
|-damage|p2a: Toxapex|59/100 brn|[from] brn
|upkeep
|turn|119
|
|t:|1667518440
|move|p1a: Ho-Oh|Brave Bird|p2a: Toxapex
|-damage|p2a: Toxapex|26/100 brn
|-damage|p1a: Ho-Oh|61/100|[from] Recoil
|move|p2a: Toxapex|Haze|p2a: Toxapex
|-clearallboost
|
|-damage|p2a: Toxapex|20/100 brn|[from] brn
|upkeep
|turn|120
|inactive|Bushtush has 270 seconds left.
|
|t:|1667518446
|switch|p2a: Yveltal|Yveltal|63/100 tox
|-ability|p2a: Yveltal|Dark Aura
|move|p1a: Ho-Oh|Brave Bird|p2a: Yveltal
|-damage|p2a: Yveltal|19/100 tox
|-damage|p1a: Ho-Oh|47/100|[from] Recoil
|
|-damage|p2a: Yveltal|13/100 tox|[from] psn
|upkeep
|turn|121
|
|t:|1667518452
|switch|p1a: Eternatus|Eternatus|61/100 brn
|-ability|p1a: Eternatus|Pressure
|move|p2a: Yveltal|Foul Play|p1a: Eternatus
|-damage|p1a: Eternatus|39/100 brn
|
|-damage|p2a: Yveltal|1/100 tox|[from] psn
|-damage|p1a: Eternatus|33/100 brn|[from] brn
|upkeep
|turn|122
|
|t:|1667518456
|switch|p2a: Eternatus|Eternatus|40/100
|-ability|p2a: Eternatus|Pressure
|move|p1a: Eternatus|Recover|p1a: Eternatus
|-heal|p1a: Eternatus|83/100 brn
|
|-damage|p1a: Eternatus|76/100 brn|[from] brn
|upkeep
|turn|123
|c|☆Bushtush|GG
|
|t:|1667518464
|move|p1a: Eternatus|Dynamax Cannon|p2a: Eternatus
|-supereffective|p2a: Eternatus
|-damage|p2a: Eternatus|0 fnt
|faint|p2a: Eternatus
|
|-damage|p1a: Eternatus|70/100 brn|[from] brn
|upkeep
|
|t:|1667518467
|switch|p2a: Toxapex|Toxapex, M|54/100 brn
|turn|124
|
|t:|1667518472
|switch|p1a: Ho-Oh|Ho-Oh|80/100
|move|p2a: Toxapex|Scald|p1a: Ho-Oh
|-supereffective|p1a: Ho-Oh
|-damage|p1a: Ho-Oh|63/100
|
|-damage|p2a: Toxapex|48/100 brn|[from] brn
|upkeep
|turn|125
|
|t:|1667518477
|switch|p2a: Yveltal|Yveltal|1/100 tox
|-ability|p2a: Yveltal|Dark Aura
|move|p1a: Ho-Oh|Brave Bird|p2a: Yveltal
|-damage|p2a: Yveltal|0 fnt
|faint|p2a: Yveltal
|-damage|p1a: Ho-Oh|63/100|[from] Recoil
|
|upkeep
|
|t:|1667518479
|switch|p2a: Toxapex|Toxapex, M|81/100 brn
|turn|126
|
|t:|1667518486
|move|p1a: Ho-Oh|Brave Bird|p2a: Toxapex
|-damage|p2a: Toxapex|52/100 brn
|-damage|p1a: Ho-Oh|56/100|[from] Recoil
|move|p2a: Toxapex|Haze|p2a: Toxapex
|-clearallboost
|
|-damage|p2a: Toxapex|46/100 brn|[from] brn
|upkeep
|turn|127
|
|t:|1667518489
|move|p1a: Ho-Oh|Brave Bird|p2a: Toxapex
|-damage|p2a: Toxapex|14/100 brn
|-damage|p1a: Ho-Oh|48/100|[from] Recoil
|move|p2a: Toxapex|Scald|p1a: Ho-Oh
|-supereffective|p1a: Ho-Oh
|-damage|p1a: Ho-Oh|28/100
|
|-damage|p2a: Toxapex|8/100 brn|[from] brn
|upkeep
|turn|128
|
|t:|1667518492
|move|p1a: Ho-Oh|Brave Bird|p2a: Toxapex
|-damage|p2a: Toxapex|0 fnt
|faint|p2a: Toxapex
|-damage|p1a: Ho-Oh|26/100|[from] Recoil
|
|win|Exiline
|c|☆Exiline|g_g
