|inactive|Battle timer is ON: inactive players will automatically lose when time's up.
|t:|1666511983
|gametype|singles
|player|p1|RichardMillePlain|2|
|player|p2|Stallion|#wcop2021oceania|
|teamsize|p1|6
|teamsize|p2|6
|gen|8
|tier|[Gen 8] Ubers
|rule|Sleep Clause Mod: Limit one foe put to sleep
|rule|Species Clause: Limit one of each Pokémon
|rule|OHKO Clause: OHKO moves are banned
|rule|Evasion Items Clause: Evasion items are banned
|rule|Evasion Moves Clause: Evasion moves are banned
|rule|Endless Battle Clause: Forcing endless battles is banned
|rule|HP Percentage Mod: HP is shown in percentages
|rule|Dynamax Clause: You cannot dynamax
|clearpoke
|poke|p1|Kyogre|
|poke|p1|Ho-Oh|
|poke|p1|Eternatus|
|poke|p1|Yveltal|
|poke|p1|Necrozma-Dusk-Mane|
|poke|p1|Calyrex-Shadow|
|poke|p2|Aerodactyl, M|
|poke|p2|Yveltal|
|poke|p2|Necrozma-Dusk-Mane|
|poke|p2|Weavile, F|
|poke|p2|Xerneas-*|
|poke|p2|Eternatus|
|teampreview
|c|☆Stallion|hf man
|c|☆RichardMillePlain|u2 bro
|inactive|RichardMillePlain has 270 seconds left.
|inactive|Stallion has 270 seconds left.
|
|t:|1666512048
|start
|switch|p1a: Kyogre|Kyogre|100/100
|switch|p2a: Aerodactyl|Aerodactyl, M|100/100
|-ability|p2a: Aerodactyl|Pressure
|-weather|RainDance|[from] ability: Drizzle|[of] p1a: Kyogre
|turn|1
|
|t:|1666512055
|move|p2a: Aerodactyl|Stealth Rock|p1a: Kyogre
|-sidestart|p1: RichardMillePlain|move: Stealth Rock
|move|p1a: Kyogre|Thunder|p2a: Aerodactyl
|-supereffective|p2a: Aerodactyl
|-enditem|p2a: Aerodactyl|Focus Sash
|-damage|p2a: Aerodactyl|1/100
|
|-weather|RainDance|[upkeep]
|upkeep
|turn|2
|
|t:|1666512061
|move|p2a: Aerodactyl|Rock Blast|p1a: Kyogre
|-damage|p1a: Kyogre|86/100
|-damage|p1a: Kyogre|74/100
|-damage|p1a: Kyogre|60/100
|-damage|p1a: Kyogre|47/100
|-damage|p1a: Kyogre|34/100
|-hitcount|p1a: Kyogre|5
|move|p1a: Kyogre|Thunder|p2a: Aerodactyl
|-supereffective|p2a: Aerodactyl
|-damage|p2a: Aerodactyl|0 fnt
|faint|p2a: Aerodactyl
|
|-weather|RainDance|[upkeep]
|-heal|p1a: Kyogre|40/100|[from] item: Leftovers
|upkeep
|
|t:|1666512084
|switch|p2a: Yveltal|Yveltal|100/100
|-ability|p2a: Yveltal|Dark Aura
|turn|3
|
|t:|1666512097
|move|p2a: Yveltal|Knock Off|p1a: Kyogre
|-damage|p1a: Kyogre|0 fnt
|-enditem|p1a: Kyogre|Leftovers|[from] move: Knock Off|[of] p2a: Yveltal
|faint|p1a: Kyogre
|-damage|p2a: Yveltal|91/100|[from] item: Life Orb
|
|-weather|RainDance|[upkeep]
|upkeep
|
|t:|1666512100
|switch|p1a: Eternatus|Eternatus|100/100
|-damage|p1a: Eternatus|88/100|[from] Stealth Rock
|-ability|p1a: Eternatus|Pressure
|turn|4
|
|t:|1666512110
|switch|p1a: Yveltal|Yveltal|100/100
|-ability|p1a: Yveltal|Dark Aura
|switch|p2a: Necrozma|Necrozma-Dusk-Mane|100/100
|
|-weather|RainDance|[upkeep]
|upkeep
|turn|5
|
|t:|1666512120
|move|p1a: Yveltal|Defog|p2a: Necrozma
|-unboost|p2a: Necrozma|evasion|1
|-sideend|p1: RichardMillePlain|Stealth Rock|[from] move: Defog|[of] p1a: Yveltal
|move|p2a: Necrozma|Dragon Dance|p2a: Necrozma
|-boost|p2a: Necrozma|atk|1
|-boost|p2a: Necrozma|spe|1
|
|-weather|none
|upkeep
|turn|6
|
|t:|1666512147
|move|p2a: Necrozma|Sunsteel Strike|p1a: Yveltal
|-damage|p1a: Yveltal|32/100
|move|p1a: Yveltal|Foul Play|p2a: Necrozma
|-supereffective|p2a: Necrozma
|-enditem|p2a: Necrozma|Colbur Berry|[eat]
|-enditem|p2a: Necrozma|Colbur Berry|[weaken]
|-damage|p2a: Necrozma|30/100
|
|upkeep
|turn|7
|
|t:|1666512155
|move|p2a: Necrozma|Sunsteel Strike|p1a: Yveltal
|-damage|p1a: Yveltal|0 fnt
|faint|p1a: Yveltal
|
|upkeep
|
|t:|1666512157
|switch|p1a: Calyrex|Calyrex-Shadow|100/100
|-ability|p1a: Calyrex|As One
|-ability|p1a: Calyrex|Unnerve
|turn|8
|
|t:|1666512164
|switch|p2a: Yveltal|Yveltal|91/100
|-ability|p2a: Yveltal|Dark Aura
|move|p1a: Calyrex|Astral Barrage|p2a: Yveltal
|-resisted|p2a: Yveltal
|-damage|p2a: Yveltal|57/100
|
|upkeep
|turn|9
|
|t:|1666512178
|switch|p1a: Eternatus|Eternatus|88/100
|-ability|p1a: Eternatus|Pressure
|move|p2a: Yveltal|Oblivion Wing|p1a: Eternatus
|-damage|p1a: Eternatus|57/100
|-heal|p2a: Yveltal|85/100|[from] drain|[of] p1a: Eternatus
|-damage|p2a: Yveltal|76/100|[from] item: Life Orb
|
|upkeep
|turn|10
|
|t:|1666512185
|switch|p2a: Necrozma|Necrozma-Dusk-Mane|30/100
|move|p1a: Eternatus|Recover|p1a: Eternatus
|-heal|p1a: Eternatus|100/100
|
|upkeep
|turn|11
|inactive|Stallion has 270 seconds left.
|inactive|RichardMillePlain has 270 seconds left.
|inactive|Stallion has 240 seconds left.
|
|t:|1666512249
|move|p1a: Eternatus|Mystical Fire|p2a: Necrozma
|-supereffective|p2a: Necrozma
|-damage|p2a: Necrozma|0 fnt
|faint|p2a: Necrozma
|
|upkeep
|inactive|Stallion has 240 seconds left.
|c|+Inder|t’es un crack vasy poto
|inactive|Stallion has 210 seconds left.
|
|t:|1666512298
|switch|p2a: Eternatus|Eternatus|100/100
|-ability|p2a: Eternatus|Pressure
|turn|12
|
|t:|1666512301
|switch|p1a: Necrozma|Necrozma-Dusk-Mane|100/100
|move|p2a: Eternatus|Meteor Beam||[still]
|-prepare|p2a: Eternatus|Meteor Beam
|-boost|p2a: Eternatus|spa|1
|-enditem|p2a: Eternatus|Power Herb
|-anim|p2a: Eternatus|Meteor Beam|p1a: Necrozma
|-resisted|p1a: Necrozma
|-damage|p1a: Necrozma|80/100
|
|-heal|p1a: Necrozma|86/100|[from] item: Leftovers
|upkeep
|turn|13
|
|t:|1666512305
|switch|p1a: Ho-Oh|Ho-Oh|100/100
|move|p2a: Eternatus|Substitute|p2a: Eternatus
|-start|p2a: Eternatus|Substitute
|-damage|p2a: Eternatus|76/100
|
|upkeep
|turn|14
|
|t:|1666512307
|move|p2a: Eternatus|Dynamax Cannon|p1a: Ho-Oh
|-damage|p1a: Ho-Oh|51/100
|move|p1a: Ho-Oh|Whirlwind|p2a: Eternatus
|drag|p2a: Weavile|Weavile, F|100/100
|-ability|p2a: Weavile|Pressure
|
|upkeep
|turn|15
|
|t:|1666512342
|switch|p2a: Eternatus|Eternatus|76/100
|-ability|p2a: Eternatus|Pressure
|switch|p1a: Eternatus|Eternatus|100/100
|-ability|p1a: Eternatus|Pressure
|
|upkeep
|turn|16
|inactive|Stallion has 210 seconds left.
|
|t:|1666512357
|switch|p2a: Yveltal|Yveltal|76/100
|-ability|p2a: Yveltal|Dark Aura
|switch|p1a: Necrozma|Necrozma-Dusk-Mane|86/100
|
|-heal|p1a: Necrozma|92/100|[from] item: Leftovers
|upkeep
|turn|17
|
|t:|1666512362
|switch|p1a: Eternatus|Eternatus|100/100
|-ability|p1a: Eternatus|Pressure
|move|p2a: Yveltal|Knock Off|p1a: Eternatus
|-damage|p1a: Eternatus|34/100
|-enditem|p1a: Eternatus|Haban Berry|[from] move: Knock Off|[of] p2a: Yveltal
|-damage|p2a: Yveltal|66/100|[from] item: Life Orb
|
|upkeep
|turn|18
|inactive|Stallion disconnected and has 300 seconds to reconnect!
|player|p2|
|inactive|Stallion reconnected and has 220 seconds left.
|player|p2|Stallion|#wcop2021oceania
|c|☆Stallion|oops
|
|t:|1666512396
|move|p1a: Eternatus|Recover|p1a: Eternatus
|-heal|p1a: Eternatus|84/100
|move|p2a: Yveltal|Taunt|p1a: Eternatus
|-start|p1a: Eternatus|move: Taunt
|
|upkeep
|turn|19
|
|t:|1666512408
|move|p2a: Yveltal|Sucker Punch|p1a: Eternatus
|-damage|p1a: Eternatus|37/100
|-damage|p2a: Yveltal|56/100|[from] item: Life Orb
|move|p1a: Eternatus|Sludge Bomb|p2a: Yveltal
|-damage|p2a: Yveltal|18/100
|
|upkeep
|turn|20
|inactive|RichardMillePlain has 270 seconds left.
|
|t:|1666512454
|switch|p1a: Calyrex|Calyrex-Shadow|100/100
|-ability|p1a: Calyrex|As One
|-ability|p1a: Calyrex|Unnerve
|move|p2a: Yveltal|Knock Off|p1a: Calyrex
|-supereffective|p1a: Calyrex
|-damage|p1a: Calyrex|0 fnt
|-enditem|p1a: Calyrex|Choice Scarf|[from] move: Knock Off|[of] p2a: Yveltal
|faint|p1a: Calyrex
|-damage|p2a: Yveltal|8/100|[from] item: Life Orb
|
|upkeep
|
|t:|1666512458
|switch|p1a: Eternatus|Eternatus|37/100
|-ability|p1a: Eternatus|Pressure
|turn|21
|
|t:|1666512468
|move|p1a: Eternatus|Recover|p1a: Eternatus
|-heal|p1a: Eternatus|87/100
|move|p2a: Yveltal|Taunt|p1a: Eternatus
|-start|p1a: Eternatus|move: Taunt
|
|upkeep
|turn|22
|
|t:|1666512472
|move|p2a: Yveltal|Sucker Punch|p1a: Eternatus
|-damage|p1a: Eternatus|44/100
|-damage|p2a: Yveltal|0 fnt|[from] item: Life Orb
|faint|p2a: Yveltal
|move|p1a: Eternatus|Sludge Bomb|p2: Yveltal|[notarget]
|-fail|p1a: Eternatus
|
|upkeep
|
|t:|1666512491
|switch|p2a: Weavile|Weavile, F|100/100
|-ability|p2a: Weavile|Pressure
|turn|23
|
|t:|1666512494
|move|p2a: Weavile|Swords Dance|p2a: Weavile
|-boost|p2a: Weavile|atk|2
|move|p1a: Eternatus|Sludge Bomb|p2a: Weavile
|-damage|p2a: Weavile|39/100
|
|upkeep
|turn|24
|inactive|Stallion has 240 seconds left.
|
|t:|1666512507
|move|p2a: Weavile|Ice Shard|p1a: Eternatus
|-supereffective|p1a: Eternatus
|-damage|p1a: Eternatus|0 fnt
|faint|p1a: Eternatus
|
|upkeep
|inactive|RichardMillePlain has 270 seconds left.
|
|t:|1666512559
|switch|p1a: Ho-Oh|Ho-Oh|84/100
|turn|25
|inactive|Stallion has 240 seconds left.
|
|t:|1666512575
|move|p2a: Weavile|Triple Axel|p1a: Ho-Oh
|-damage|p1a: Ho-Oh|67/100
|-damage|p1a: Ho-Oh|32/100
|-hitcount|p1a: Ho-Oh|2
|move|p1a: Ho-Oh|Brave Bird|p2a: Weavile
|-damage|p2a: Weavile|0 fnt
|faint|p2a: Weavile
|-damage|p1a: Ho-Oh|24/100|[from] Recoil
|
|upkeep
|c|☆Stallion|christ
|c|☆Stallion|of fucking course
|
|t:|1666512589
|switch|p2a: Eternatus|Eternatus|76/100
|-ability|p2a: Eternatus|Pressure
|turn|26
|
|t:|1666512592
|switch|p1a: Necrozma|Necrozma-Dusk-Mane|92/100
|move|p2a: Eternatus|Dynamax Cannon|p1a: Necrozma
|-resisted|p1a: Necrozma
|-damage|p1a: Necrozma|74/100
|
|-heal|p1a: Necrozma|80/100|[from] item: Leftovers
|upkeep
|turn|27
|
|t:|1666512597
|switch|p1a: Ho-Oh|Ho-Oh|57/100
|move|p2a: Eternatus|Substitute|p2a: Eternatus
|-start|p2a: Eternatus|Substitute
|-damage|p2a: Eternatus|51/100
|
|upkeep
|turn|28
|
|t:|1666512600
|move|p2a: Eternatus|Dynamax Cannon|p1a: Ho-Oh
|-damage|p1a: Ho-Oh|26/100
|move|p1a: Ho-Oh|Whirlwind|p2a: Eternatus
|drag|p2a: Xerneas|Xerneas|100/100
|-ability|p2a: Xerneas|Fairy Aura
|
|upkeep
|turn|29
|
|t:|1666512603
|switch|p1a: Necrozma|Necrozma-Dusk-Mane|80/100
|move|p2a: Xerneas|Thunder|p1a: Necrozma|[miss]
|-miss|p2a: Xerneas|p1a: Necrozma
|
|-heal|p1a: Necrozma|86/100|[from] item: Leftovers
|upkeep
|turn|30
|
|t:|1666512612
|move|p2a: Xerneas|Geomancy||[still]
|-prepare|p2a: Xerneas|Geomancy
|-enditem|p2a: Xerneas|Power Herb
|-anim|p2a: Xerneas|Geomancy|p2a: Xerneas
|-boost|p2a: Xerneas|spa|2
|-boost|p2a: Xerneas|spd|2
|-boost|p2a: Xerneas|spe|2
|move|p1a: Necrozma|Sunsteel Strike|p2a: Xerneas
|-supereffective|p2a: Xerneas
|-damage|p2a: Xerneas|17/100
|
|-heal|p1a: Necrozma|92/100|[from] item: Leftovers
|upkeep
|turn|31
|
|t:|1666512617
|move|p2a: Xerneas|Thunder|p1a: Necrozma
|-damage|p1a: Necrozma|44/100
|move|p1a: Necrozma|Sunsteel Strike|p2a: Xerneas
|-supereffective|p2a: Xerneas
|-damage|p2a: Xerneas|0 fnt
|faint|p2a: Xerneas
|
|-heal|p1a: Necrozma|50/100|[from] item: Leftovers
|upkeep
|
|t:|1666512621
|switch|p2a: Eternatus|Eternatus|51/100
|-ability|p2a: Eternatus|Pressure
|turn|32
|
|t:|1666512627
|move|p2a: Eternatus|Flamethrower|p1a: Necrozma
|-supereffective|p1a: Necrozma
|-damage|p1a: Necrozma|17/100
|move|p1a: Necrozma|Morning Sun|p1a: Necrozma
|-heal|p1a: Necrozma|67/100
|
|-heal|p1a: Necrozma|73/100|[from] item: Leftovers
|upkeep
|turn|33
|
|t:|1666512631
|move|p2a: Eternatus|Flamethrower|p1a: Necrozma
|-supereffective|p1a: Necrozma
|-damage|p1a: Necrozma|43/100
|move|p1a: Necrozma|Sunsteel Strike|p2a: Eternatus
|-damage|p2a: Eternatus|4/100
|
|-heal|p1a: Necrozma|49/100|[from] item: Leftovers
|upkeep
|turn|34
|
|t:|1666512635
|move|p2a: Eternatus|Flamethrower|p1a: Necrozma
|-supereffective|p1a: Necrozma
|-damage|p1a: Necrozma|17/100
|move|p1a: Necrozma|Sunsteel Strike|p2a: Eternatus
|-damage|p2a: Eternatus|0 fnt
|faint|p2a: Eternatus
|
|win|RichardMillePlain
|c|☆Stallion|yeah that was cheeks
|c|☆Stallion|gg anyway
|c|☆RichardMillePlain|ye mb big lad
|c|☆RichardMillePlain|gg
|player|p1|RichardMillePlain|2
