|inactive|Battle timer is ON: inactive players will automatically lose when time's up.
|t:|1670122719
|gametype|singles
|player|p1|Kate|#kate|
|player|p2|Skarph♫|lucas-gen4pt|
|teamsize|p1|6
|teamsize|p2|6
|gen|8
|tier|[Gen 8] Ubers
|rule|Sleep Clause Mod: Limit one foe put to sleep
|rule|Species Clause: Limit one of each Pokémon
|rule|OHKO Clause: OHKO moves are banned
|rule|Evasion Items Clause: Evasion items are banned
|rule|Evasion Moves Clause: Evasion moves are banned
|rule|Endless Battle Clause: Forcing endless battles is banned
|rule|HP Percentage Mod: HP is shown in percentages
|rule|Dynamax Clause: You cannot dynamax
|clearpoke
|poke|p1|Zekrom|
|poke|p1|Landorus-Therian, M|
|poke|p1|Necrozma-Dusk-Mane|
|poke|p1|Eternatus|
|poke|p1|Yveltal|
|poke|p1|Calyrex-Shadow|
|poke|p2|Cloyster, M|
|poke|p2|Yveltal|
|poke|p2|Eternatus|
|poke|p2|Necrozma-Dusk-Mane|
|poke|p2|Xerneas-*|
|poke|p2|Calyrex-Shadow|
|teampreview
|c|☆Skarph♫|hf
|c|☆Kate|Hf
|inactive|Kate has 270 seconds left.
|inactive|Skarph♫ has 270 seconds left.
|inactive|Skarph♫ has 240 seconds left.
|
|t:|1670122785
|start
|switch|p1a: Calyrex|Calyrex-Shadow|100/100
|switch|p2a: Cloyster|Cloyster, M|100/100
|-ability|p1a: Calyrex|As One
|-ability|p1a: Calyrex|Unnerve
|turn|1
|
|t:|1670122791
|move|p1a: Calyrex|Trick|p2a: Cloyster
|-activate|p1a: Calyrex|move: Trick|[of] p2a: Cloyster
|-item|p2a: Cloyster|Choice Specs|[from] move: Trick
|-item|p1a: Calyrex|Focus Sash|[from] move: Trick
|move|p2a: Cloyster|Spikes|p1a: Calyrex
|-sidestart|p1: Kate|Spikes
|
|upkeep
|turn|2
|
|t:|1670122816
|switch|p2a: Yveltal|Yveltal|100/100
|-ability|p2a: Yveltal|Dark Aura
|move|p1a: Calyrex|Astral Barrage|p2a: Yveltal
|-resisted|p2a: Yveltal
|-damage|p2a: Yveltal|66/100
|
|upkeep
|turn|3
|
|t:|1670122838
|switch|p1a: Yveltal|Yveltal, shiny|100/100
|-ability|p1a: Yveltal|Dark Aura
|move|p2a: Yveltal|Oblivion Wing|p1a: Yveltal
|-damage|p1a: Yveltal|66/100
|-heal|p2a: Yveltal|96/100|[from] drain|[of] p1a: Yveltal
|-damage|p2a: Yveltal|86/100|[from] item: Life Orb
|
|upkeep
|turn|4
|inactive|Skarph♫ has 270 seconds left.
|
|t:|1670122864
|switch|p1a: Eternatus|Eternatus|100/100
|-damage|p1a: Eternatus|88/100|[from] Spikes
|-ability|p1a: Eternatus|Pressure
|move|p2a: Yveltal|U-turn|p1a: Eternatus
|-resisted|p1a: Eternatus
|-damage|p1a: Eternatus|79/100
|-damage|p2a: Yveltal|76/100|[from] item: Life Orb
|inactive|Skarph♫ has 270 seconds left.
|inactive|Skarph♫ has 240 seconds left.
|inactive|Skarph♫ has 210 seconds left.
|inactive|Skarph♫ has 180 seconds left.
|
|t:|1670122960
|switch|p2a: Calyrex|Calyrex-Shadow|100/100|[from] U-turn
|-ability|p2a: Calyrex|As One
|-ability|p2a: Calyrex|Unnerve
|
|upkeep
|turn|5
|
|t:|1670122967
|move|p2a: Calyrex|Nasty Plot|p2a: Calyrex
|-boost|p2a: Calyrex|spa|2
|move|p1a: Eternatus|Dynamax Cannon|p2a: Calyrex
|-damage|p2a: Calyrex|56/100
|
|upkeep
|turn|6
|
|t:|1670122977
|switch|p1a: Yveltal|Yveltal, shiny|66/100
|-ability|p1a: Yveltal|Dark Aura
|move|p2a: Calyrex|Astral Barrage|p1a: Yveltal
|-resisted|p1a: Yveltal
|-damage|p1a: Yveltal|22/100
|
|upkeep
|turn|7
|
|t:|1670122993
|switch|p2a: Cloyster|Cloyster, M|100/100
|move|p1a: Yveltal|Sucker Punch||[still]
|-fail|p1a: Yveltal
|
|upkeep
|turn|8
|inactive|Skarph♫ has 180 seconds left.
|
|t:|1670123027
|switch|p1a: Necrozma|Necrozma-Dusk-Mane|100/100
|-damage|p1a: Necrozma|88/100|[from] Spikes
|move|p2a: Cloyster|Icicle Spear|p1a: Necrozma
|-resisted|p1a: Necrozma
|-damage|p1a: Necrozma|84/100
|-resisted|p1a: Necrozma
|-damage|p1a: Necrozma|81/100
|-resisted|p1a: Necrozma
|-damage|p1a: Necrozma|76/100
|-resisted|p1a: Necrozma
|-damage|p1a: Necrozma|72/100
|-resisted|p1a: Necrozma
|-damage|p1a: Necrozma|69/100
|-hitcount|p1a: Necrozma|5
|
|-heal|p1a: Necrozma|75/100|[from] item: Leftovers
|upkeep
|turn|9
|inactive|Skarph♫ has 150 seconds left.
|inactive|Skarph♫ has 120 seconds left.
|
|t:|1670123087
|switch|p2a: Necrozma|Necrozma-Dusk-Mane|100/100
|move|p1a: Necrozma|Thunder Wave|p2a: Necrozma
|-status|p2a: Necrozma|par
|-enditem|p2a: Necrozma|Lum Berry|[eat]
|-curestatus|p2a: Necrozma|par|[msg]
|
|-heal|p1a: Necrozma|81/100|[from] item: Leftovers
|upkeep
|turn|10
|inactive|Skarph♫ has 120 seconds left.
|
|t:|1670123099
|move|p2a: Necrozma|Dragon Dance|p2a: Necrozma
|-boost|p2a: Necrozma|atk|1
|-boost|p2a: Necrozma|spe|1
|move|p1a: Necrozma|Thunder Wave|p2a: Necrozma
|-status|p2a: Necrozma|par
|
|-heal|p1a: Necrozma|87/100|[from] item: Leftovers
|upkeep
|turn|11
|inactive|Skarph♫ has 120 seconds left.
|
|t:|1670123125
|switch|p1a: Landorus|Landorus-Therian, M|100/100
|-ability|p1a: Landorus|Intimidate|boost
|-unboost|p2a: Necrozma|atk|1
|move|p2a: Necrozma|Dragon Dance|p2a: Necrozma
|-boost|p2a: Necrozma|atk|1
|-boost|p2a: Necrozma|spe|1
|
|upkeep
|turn|12
|
|t:|1670123141
|cant|p2a: Necrozma|par
|move|p1a: Landorus|Stealth Rock|p2a: Necrozma
|-sidestart|p2: Skarph♫|move: Stealth Rock
|
|upkeep
|turn|13
|
|t:|1670123146
|cant|p2a: Necrozma|par
|move|p1a: Landorus|Earthquake|p2a: Necrozma
|-supereffective|p2a: Necrozma
|-damage|p2a: Necrozma|44/100 par
|
|upkeep
|turn|14
|
|t:|1670123149
|move|p2a: Necrozma|Sunsteel Strike|p1a: Landorus
|-damage|p1a: Landorus|44/100
|move|p1a: Landorus|Earthquake|p2a: Necrozma
|-supereffective|p2a: Necrozma
|-damage|p2a: Necrozma|0 fnt
|faint|p2a: Necrozma
|
|-heal|p1a: Landorus|50/100|[from] item: Leftovers
|upkeep
|inactive|Skarph♫ has 120 seconds left.
|
|t:|1670123159
|switch|p2a: Calyrex|Calyrex-Shadow|56/100
|-ability|p2a: Calyrex|As One
|-ability|p2a: Calyrex|Unnerve
|-damage|p2a: Calyrex|44/100|[from] Stealth Rock
|turn|15
|
|t:|1670123166
|move|p2a: Calyrex|Astral Barrage|p1a: Landorus
|-damage|p1a: Landorus|0 fnt
|faint|p1a: Landorus
|-ability|p2a: Calyrex|Grim Neigh|boost
|-boost|p2a: Calyrex|spa|1
|
|upkeep
|
|t:|1670123171
|switch|p1a: Yveltal|Yveltal, shiny|22/100
|-ability|p1a: Yveltal|Dark Aura
|turn|16
|inactive|Skarph♫ has 120 seconds left.
|
|t:|1670123217
|move|p1a: Yveltal|Sucker Punch|p2a: Calyrex
|-supereffective|p2a: Calyrex
|-damage|p2a: Calyrex|0 fnt
|faint|p2a: Calyrex
|
|upkeep
|
|t:|1670123218
|switch|p2a: Eternatus|Eternatus|100/100
|-damage|p2a: Eternatus|88/100|[from] Stealth Rock
|-ability|p2a: Eternatus|Pressure
|turn|17
|
|t:|1670123231
|move|p1a: Yveltal|Sucker Punch|p2a: Eternatus
|-damage|p2a: Eternatus|56/100
|move|p2a: Eternatus|Meteor Beam||[still]
|-prepare|p2a: Eternatus|Meteor Beam
|-boost|p2a: Eternatus|spa|1
|-enditem|p2a: Eternatus|Power Herb
|-anim|p2a: Eternatus|Meteor Beam|p1a: Yveltal
|-supereffective|p1a: Yveltal
|-damage|p1a: Yveltal|0 fnt
|faint|p1a: Yveltal
|
|upkeep
|
|t:|1670123235
|switch|p1a: Calyrex|Calyrex-Shadow|100/100
|-ability|p1a: Calyrex|As One
|-ability|p1a: Calyrex|Unnerve
|-damage|p1a: Calyrex|88/100|[from] Spikes
|turn|18
|
|t:|1670123240
|switch|p2a: Cloyster|Cloyster, M|100/100
|-damage|p2a: Cloyster|76/100|[from] Stealth Rock
|move|p1a: Calyrex|Astral Barrage|p2a: Cloyster
|-damage|p2a: Cloyster|0 fnt
|faint|p2a: Cloyster
|-ability|p1a: Calyrex|Grim Neigh|boost
|-boost|p1a: Calyrex|spa|1
|
|upkeep
|
|t:|1670123241
|switch|p2a: Yveltal|Yveltal|76/100
|-damage|p2a: Yveltal|51/100|[from] Stealth Rock
|-ability|p2a: Yveltal|Dark Aura
|turn|19
|inactive|Skarph♫ has 120 seconds left.
|
|t:|1670123252
|switch|p1a: Eternatus|Eternatus|79/100
|-damage|p1a: Eternatus|67/100|[from] Spikes
|-ability|p1a: Eternatus|Pressure
|move|p2a: Yveltal|Oblivion Wing|p1a: Eternatus
|-damage|p1a: Eternatus|22/100
|-heal|p2a: Yveltal|92/100|[from] drain|[of] p1a: Eternatus
|-damage|p2a: Yveltal|82/100|[from] item: Life Orb
|
|upkeep
|turn|20
|inactive|Skarph♫ has 120 seconds left.
|
|t:|1670123280
|move|p1a: Eternatus|Recover|p1a: Eternatus
|-heal|p1a: Eternatus|72/100
|move|p2a: Yveltal|Dark Pulse|p1a: Eternatus
|-crit|p1a: Eternatus
|-damage|p1a: Eternatus|0 fnt
|faint|p1a: Eternatus
|-damage|p2a: Yveltal|72/100|[from] item: Life Orb
|
|upkeep
|
|t:|1670123291
|switch|p1a: Zekrom|Zekrom|100/100
|-damage|p1a: Zekrom|88/100|[from] Spikes
|-ability|p1a: Zekrom|Teravolt
|turn|21
|
|t:|1670123299
|switch|p2a: Eternatus|Eternatus|56/100
|-damage|p2a: Eternatus|43/100|[from] Stealth Rock
|-ability|p2a: Eternatus|Pressure
|move|p1a: Zekrom|Bolt Strike|p2a: Eternatus|[miss]
|-miss|p1a: Zekrom|p2a: Eternatus
|
|-heal|p1a: Zekrom|94/100|[from] item: Leftovers
|upkeep
|turn|22
|inactive|Skarph♫ has 120 seconds left.
|
|t:|1670123331
|switch|p2a: Yveltal|Yveltal|72/100
|-damage|p2a: Yveltal|47/100|[from] Stealth Rock
|-ability|p2a: Yveltal|Dark Aura
|switch|p1a: Calyrex|Calyrex-Shadow|88/100
|-ability|p1a: Calyrex|As One
|-ability|p1a: Calyrex|Unnerve
|-damage|p1a: Calyrex|76/100|[from] Spikes
|
|upkeep
|turn|23
|inactive|Skarph♫ has 90 seconds left.
|
|t:|1670123349
|move|p1a: Calyrex|Astral Barrage|p2a: Yveltal
|-resisted|p2a: Yveltal
|-damage|p2a: Yveltal|13/100
|move|p2a: Yveltal|Dark Pulse|p1a: Calyrex
|-supereffective|p1a: Calyrex
|-damage|p1a: Calyrex|0 fnt
|faint|p1a: Calyrex
|-damage|p2a: Yveltal|3/100|[from] item: Life Orb
|
|upkeep
|
|t:|1670123352
|switch|p1a: Zekrom|Zekrom|94/100
|-damage|p1a: Zekrom|82/100|[from] Spikes
|-ability|p1a: Zekrom|Teravolt
|turn|24
|
|t:|1670123363
|move|p1a: Zekrom|Dragon Dance|p1a: Zekrom
|-boost|p1a: Zekrom|atk|1
|-boost|p1a: Zekrom|spe|1
|move|p2a: Yveltal|Dark Pulse|p1a: Zekrom
|-damage|p1a: Zekrom|3/100
|-damage|p2a: Yveltal|0 fnt|[from] item: Life Orb
|faint|p2a: Yveltal
|
|-heal|p1a: Zekrom|9/100|[from] item: Leftovers
|upkeep
|
|t:|1670123366
|switch|p2a: Xerneas|Xerneas|100/100
|-damage|p2a: Xerneas|88/100|[from] Stealth Rock
|-ability|p2a: Xerneas|Fairy Aura
|turn|25
|
|t:|1670123369
|move|p1a: Zekrom|Bolt Strike|p2a: Xerneas
|-damage|p2a: Xerneas|1/100
|-status|p2a: Xerneas|par
|move|p2a: Xerneas|Geomancy||[still]
|-prepare|p2a: Xerneas|Geomancy
|-enditem|p2a: Xerneas|Power Herb
|-anim|p2a: Xerneas|Geomancy|p2a: Xerneas
|-boost|p2a: Xerneas|spa|2
|-boost|p2a: Xerneas|spd|2
|-boost|p2a: Xerneas|spe|2
|
|-heal|p1a: Zekrom|15/100|[from] item: Leftovers
|upkeep
|turn|26
|
|t:|1670123374
|move|p1a: Zekrom|Bolt Strike|p2a: Xerneas|[miss]
|-miss|p1a: Zekrom|p2a: Xerneas
|move|p2a: Xerneas|Moonblast|p1a: Zekrom
|-supereffective|p1a: Zekrom
|-damage|p1a: Zekrom|0 fnt
|faint|p1a: Zekrom
|
|upkeep
|
|t:|1670123375
|switch|p1a: Necrozma|Necrozma-Dusk-Mane|87/100
|-damage|p1a: Necrozma|74/100|[from] Spikes
|turn|27
|inactive|Skarph♫ has 120 seconds left.
|
|t:|1670123399
|move|p2a: Xerneas|Thunder|p1a: Necrozma
|-damage|p1a: Necrozma|24/100
|move|p1a: Necrozma|Moonlight|p1a: Necrozma
|-heal|p1a: Necrozma|74/100
|
|-heal|p1a: Necrozma|80/100|[from] item: Leftovers
|upkeep
|turn|28
|inactive|Skarph♫ has 120 seconds left.
|
|t:|1670123405
|move|p2a: Xerneas|Thunder|p1a: Necrozma|[miss]
|-miss|p2a: Xerneas|p1a: Necrozma
|move|p1a: Necrozma|Moonlight|p1a: Necrozma
|-heal|p1a: Necrozma|100/100
|
|upkeep
|turn|29
|
|t:|1670123407
|move|p2a: Xerneas|Thunder|p1a: Necrozma
|-damage|p1a: Necrozma|45/100
|move|p1a: Necrozma|Knock Off|p2a: Xerneas
|-resisted|p2a: Xerneas
|-damage|p2a: Xerneas|0 fnt
|faint|p2a: Xerneas
|
|-heal|p1a: Necrozma|51/100|[from] item: Leftovers
|upkeep
|
|t:|1670123409
|switch|p2a: Eternatus|Eternatus|43/100
|-damage|p2a: Eternatus|31/100|[from] Stealth Rock
|-ability|p2a: Eternatus|Pressure
|turn|30
|
|t:|1670123413
|move|p2a: Eternatus|Flamethrower|p1a: Necrozma
|-supereffective|p1a: Necrozma
|-damage|p1a: Necrozma|15/100
|move|p1a: Necrozma|Moonlight|p1a: Necrozma
|-heal|p1a: Necrozma|65/100
|
|-heal|p1a: Necrozma|71/100|[from] item: Leftovers
|upkeep
|turn|31
|
|t:|1670123416
|move|p2a: Eternatus|Flamethrower|p1a: Necrozma
|-supereffective|p1a: Necrozma
|-damage|p1a: Necrozma|38/100
|move|p1a: Necrozma|Iron Head|p2a: Eternatus
|-damage|p2a: Eternatus|0 fnt
|faint|p2a: Eternatus
|
|win|Kate
|c|☆Skarph♫|gg
|c|☆Kate|Gg
