|inactive|Battle timer is ON: inactive players will automatically lose when time's up.
|t:|1664906946
|gametype|singles
|player|p1|Fc ❤|#lcplxiskittycommittee|
|player|p2|RichardMillePlain|266|
|teamsize|p1|6
|teamsize|p2|6
|gen|8
|tier|[Gen 8] Ubers
|rule|Sleep Clause Mod: Limit one foe put to sleep
|rule|Species Clause: Limit one of each Pokémon
|rule|OHKO Clause: OHKO moves are banned
|rule|Evasion Items Clause: Evasion items are banned
|rule|Evasion Moves Clause: Evasion moves are banned
|rule|Endless Battle Clause: Forcing endless battles is banned
|rule|HP Percentage Mod: HP is shown in percentages
|rule|Dynamax Clause: You cannot dynamax
|clearpoke
|poke|p1|Ferrothorn, M|
|poke|p1|Xerneas-*|
|poke|p1|Marshadow|
|poke|p1|Yveltal|
|poke|p1|Necrozma-Dusk-Mane|
|poke|p1|Eternatus|
|poke|p2|Calyrex-Shadow|
|poke|p2|Eternatus|
|poke|p2|Necrozma-Dusk-Mane|
|poke|p2|Yveltal|
|poke|p2|Kyogre|
|poke|p2|Landorus-Therian, M|
|teampreview
|raw|<div class="broadcast-red"><strong>Moderated chat was set to ☆!</strong><br />Only users of rank ☆ and higher can talk.</div>
|c|☆Fc ❤|hf
|c|☆RichardMillePlain|u2
|
|t:|1664906964
|start
|switch|p1a: Ferrothorn|Ferrothorn, M|100/100
|switch|p2a: Yveltal|Yveltal|100/100
|-ability|p2a: Yveltal|Dark Aura
|turn|1
|
|t:|1664906967
|switch|p1a: Eternatus|Eternatus|100/100
|-ability|p1a: Eternatus|Pressure
|move|p2a: Yveltal|Knock Off|p1a: Eternatus
|-damage|p1a: Eternatus|58/100
|-enditem|p1a: Eternatus|Heavy-Duty Boots|[from] move: Knock Off|[of] p2a: Yveltal
|
|upkeep
|turn|2
|
|t:|1664906970
|switch|p2a: Necrozma|Necrozma-Dusk-Mane|100/100
|move|p1a: Eternatus|Recover|p1a: Eternatus
|-heal|p1a: Eternatus|100/100
|
|upkeep
|turn|3
|
|t:|1664906971
|switch|p1a: Ferrothorn|Ferrothorn, M|100/100
|move|p2a: Necrozma|Knock Off|p1a: Ferrothorn
|-damage|p1a: Ferrothorn|78/100
|-damage|p2a: Necrozma|88/100|[from] ability: Iron Barbs|[of] p1a: Ferrothorn
|-enditem|p1a: Ferrothorn|Leftovers|[from] move: Knock Off|[of] p2a: Necrozma
|
|upkeep
|turn|4
|
|t:|1664906975
|switch|p2a: Eternatus|Eternatus|100/100
|-ability|p2a: Eternatus|Pressure
|move|p1a: Ferrothorn|Spikes|p2a: Eternatus
|-sidestart|p2: RichardMillePlain|Spikes
|
|upkeep
|turn|5
|
|t:|1664906977
|switch|p2a: Landorus|Landorus-Therian, M|100/100
|-ability|p2a: Landorus|Intimidate|boost
|-unboost|p1a: Ferrothorn|atk|1
|switch|p1a: Necrozma|Necrozma-Dusk-Mane|100/100
|
|upkeep
|turn|6
|
|t:|1664906981
|switch|p1a: Yveltal|Yveltal|100/100
|-ability|p1a: Yveltal|Dark Aura
|move|p2a: Landorus|Stealth Rock|p1a: Yveltal
|-sidestart|p1: Fc ❤|move: Stealth Rock
|
|upkeep
|turn|7
|
|t:|1664906985
|move|p1a: Yveltal|Taunt|p2a: Landorus
|-start|p2a: Landorus|move: Taunt
|move|p2a: Landorus|Stone Edge|p1a: Yveltal|[miss]
|-miss|p2a: Landorus|p1a: Yveltal
|
|upkeep
|turn|8
|
|t:|1664906988
|move|p1a: Yveltal|Knock Off|p2a: Landorus
|-damage|p2a: Landorus|64/100
|-enditem|p2a: Landorus|Leftovers|[from] move: Knock Off|[of] p1a: Yveltal
|move|p2a: Landorus|U-turn|p1a: Yveltal
|-damage|p1a: Yveltal|79/100
|
|t:|1664906990
|switch|p2a: Yveltal|Yveltal|100/100|[from]move: U-turn
|-ability|p2a: Yveltal|Dark Aura
|
|upkeep
|turn|9
|
|t:|1664906994
|switch|p1a: Eternatus|Eternatus|100/100
|-damage|p1a: Eternatus|88/100|[from] Stealth Rock
|-ability|p1a: Eternatus|Pressure
|switch|p2a: Landorus|Landorus-Therian, M|64/100
|-ability|p2a: Landorus|Intimidate|boost
|-unboost|p1a: Eternatus|atk|1
|
|upkeep
|turn|10
|
|t:|1664906998
|switch|p1a: Ferrothorn|Ferrothorn, M|78/100
|-damage|p1a: Ferrothorn|72/100|[from] Stealth Rock
|move|p2a: Landorus|Stone Edge|p1a: Ferrothorn|[miss]
|-miss|p2a: Landorus|p1a: Ferrothorn
|
|upkeep
|turn|11
|
|t:|1664907001
|move|p2a: Landorus|Earthquake|p1a: Ferrothorn
|-damage|p1a: Ferrothorn|43/100
|move|p1a: Ferrothorn|Leech Seed|p2a: Landorus
|-start|p2a: Landorus|move: Leech Seed
|
|-damage|p2a: Landorus|52/100|[from] Leech Seed|[of] p1a: Ferrothorn
|-heal|p1a: Ferrothorn|56/100|[silent]
|upkeep
|turn|12
|
|t:|1664907004
|move|p2a: Landorus|Earthquake|p1a: Ferrothorn
|-damage|p1a: Ferrothorn|27/100
|move|p1a: Ferrothorn|Leech Seed||[still]
|-fail|p1a: Ferrothorn
|
|-damage|p2a: Landorus|39/100|[from] Leech Seed|[of] p1a: Ferrothorn
|-heal|p1a: Ferrothorn|40/100|[silent]
|upkeep
|turn|13
|
|t:|1664907006
|switch|p2a: Yveltal|Yveltal|100/100
|-ability|p2a: Yveltal|Dark Aura
|move|p1a: Ferrothorn|Spikes|p2a: Yveltal
|-sidestart|p2: RichardMillePlain|Spikes
|
|upkeep
|turn|14
|
|t:|1664907008
|switch|p1a: Eternatus|Eternatus|88/100
|-damage|p1a: Eternatus|76/100|[from] Stealth Rock
|-ability|p1a: Eternatus|Pressure
|move|p2a: Yveltal|Taunt|p1a: Eternatus
|-start|p1a: Eternatus|move: Taunt
|
|upkeep
|turn|15
|
|t:|1664907013
|move|p2a: Yveltal|Defog|p1a: Eternatus
|-unboost|p1a: Eternatus|evasion|1
|-sideend|p1: Fc ❤|Stealth Rock|[from] move: Defog|[of] p2a: Yveltal
|-sideend|p2: RichardMillePlain|Spikes|[from] move: Defog|[of] p2a: Yveltal
|move|p1a: Eternatus|Dragon Tail|p2a: Yveltal
|-damage|p2a: Yveltal|86/100
|drag|p2a: Necrozma|Necrozma-Dusk-Mane|88/100
|
|upkeep
|turn|16
|
|t:|1664907016
|switch|p1a: Ferrothorn|Ferrothorn, M|40/100
|move|p2a: Necrozma|Swords Dance|p2a: Necrozma
|-boost|p2a: Necrozma|atk|2
|
|upkeep
|turn|17
|
|t:|1664907019
|move|p2a: Necrozma|Knock Off|p1a: Ferrothorn
|-damage|p1a: Ferrothorn|9/100
|-damage|p2a: Necrozma|76/100|[from] ability: Iron Barbs|[of] p1a: Ferrothorn
|move|p1a: Ferrothorn|Leech Seed|p2a: Necrozma
|-start|p2a: Necrozma|move: Leech Seed
|
|-damage|p2a: Necrozma|64/100|[from] Leech Seed|[of] p1a: Ferrothorn
|-heal|p1a: Ferrothorn|23/100|[silent]
|upkeep
|turn|18
|
|t:|1664907025
|switch|p2a: Eternatus|Eternatus|100/100
|-ability|p2a: Eternatus|Pressure
|move|p1a: Ferrothorn|Spikes|p2a: Eternatus
|-sidestart|p2: RichardMillePlain|Spikes
|
|upkeep
|turn|19
|
|t:|1664907028
|switch|p1a: Necrozma|Necrozma-Dusk-Mane|100/100
|move|p2a: Eternatus|Mystical Fire|p1a: Necrozma
|-supereffective|p1a: Necrozma
|-damage|p1a: Necrozma|77/100
|-unboost|p1a: Necrozma|spa|1
|
|-heal|p1a: Necrozma|83/100|[from] item: Leftovers
|upkeep
|turn|20
|
|t:|1664907031
|switch|p2a: Landorus|Landorus-Therian, M|39/100
|-ability|p2a: Landorus|Intimidate|boost
|-unboost|p1a: Necrozma|atk|1
|move|p1a: Necrozma|Stealth Rock|p2a: Landorus
|-sidestart|p2: RichardMillePlain|move: Stealth Rock
|
|-heal|p1a: Necrozma|89/100|[from] item: Leftovers
|upkeep
|turn|21
|
|t:|1664907036
|switch|p1a: Xerneas|Xerneas|100/100
|-ability|p1a: Xerneas|Fairy Aura
|move|p2a: Landorus|Stealth Rock|p1a: Xerneas
|-sidestart|p1: Fc ❤|move: Stealth Rock
|
|upkeep
|turn|22
|
|t:|1664907046
|move|p1a: Xerneas|Moonblast|p2a: Landorus
|-damage|p2a: Landorus|0 fnt
|faint|p2a: Landorus
|
|upkeep
|
|t:|1664907047
|switch|p2a: Necrozma|Necrozma-Dusk-Mane|64/100
|-damage|p2a: Necrozma|51/100|[from] Spikes
|-damage|p2a: Necrozma|45/100|[from] Stealth Rock
|turn|23
|
|t:|1664907054
|switch|p1a: Marshadow|Marshadow|100/100
|-damage|p1a: Marshadow|94/100|[from] Stealth Rock
|move|p2a: Necrozma|Moonlight|p2a: Necrozma
|-heal|p2a: Necrozma|95/100
|
|upkeep
|turn|24
|
|t:|1664907057
|switch|p2a: Eternatus|Eternatus|100/100
|-ability|p2a: Eternatus|Pressure
|move|p1a: Marshadow|Spectral Thief|p2a: Eternatus
|-damage|p2a: Eternatus|53/100
|-damage|p1a: Marshadow|84/100|[from] item: Life Orb
|
|upkeep
|turn|25
|
|t:|1664907060
|switch|p1a: Necrozma|Necrozma-Dusk-Mane|89/100
|-damage|p1a: Necrozma|83/100|[from] Stealth Rock
|move|p2a: Eternatus|Recover|p2a: Eternatus
|-heal|p2a: Eternatus|100/100
|
|-heal|p1a: Necrozma|89/100|[from] item: Leftovers
|upkeep
|turn|26
|
|t:|1664907065
|switch|p2a: Kyogre|Kyogre|100/100
|-damage|p2a: Kyogre|88/100|[from] Spikes
|-damage|p2a: Kyogre|76/100|[from] Stealth Rock
|-weather|RainDance|[from] ability: Drizzle|[of] p2a: Kyogre
|move|p1a: Necrozma|Thunder Wave|p2a: Kyogre
|-status|p2a: Kyogre|par
|
|-weather|RainDance|[upkeep]
|-heal|p1a: Necrozma|95/100|[from] item: Leftovers
|-heal|p2a: Kyogre|82/100 par|[from] item: Leftovers
|upkeep
|turn|27
|
|t:|1664907067
|switch|p1a: Eternatus|Eternatus|76/100
|-damage|p1a: Eternatus|64/100|[from] Stealth Rock
|-ability|p1a: Eternatus|Pressure
|move|p2a: Kyogre|Scald|p1a: Eternatus
|-resisted|p1a: Eternatus
|-damage|p1a: Eternatus|46/100
|-status|p1a: Eternatus|brn
|
|-weather|RainDance|[upkeep]
|-heal|p2a: Kyogre|88/100 par|[from] item: Leftovers
|-damage|p1a: Eternatus|40/100 brn|[from] brn
|upkeep
|turn|28
|
|t:|1664907069
|move|p1a: Eternatus|Recover|p1a: Eternatus
|-heal|p1a: Eternatus|90/100 brn
|cant|p2a: Kyogre|par
|
|-weather|RainDance|[upkeep]
|-heal|p2a: Kyogre|94/100 par|[from] item: Leftovers
|-damage|p1a: Eternatus|84/100 brn|[from] brn
|upkeep
|turn|29
|
|t:|1664907072
|move|p2a: Kyogre|Calm Mind|p2a: Kyogre
|-boost|p2a: Kyogre|spa|1
|-boost|p2a: Kyogre|spd|1
|move|p1a: Eternatus|Dragon Tail|p2a: Kyogre
|-damage|p2a: Kyogre|89/100 par
|drag|p2a: Calyrex|Calyrex-Shadow|100/100
|-ability|p2a: Calyrex|As One
|-ability|p2a: Calyrex|Unnerve
|-damage|p2a: Calyrex|88/100|[from] Spikes
|-damage|p2a: Calyrex|76/100|[from] Stealth Rock
|
|-weather|RainDance|[upkeep]
|-damage|p1a: Eternatus|78/100 brn|[from] brn
|upkeep
|turn|30
|
|t:|1664907078
|switch|p2a: Yveltal|Yveltal|86/100
|-ability|p2a: Yveltal|Dark Aura
|switch|p1a: Yveltal|Yveltal|79/100
|-ability|p1a: Yveltal|Dark Aura
|
|-weather|none
|upkeep
|turn|31
|
|t:|1664907081
|switch|p1a: Eternatus|Eternatus|78/100 brn
|-damage|p1a: Eternatus|65/100 brn|[from] Stealth Rock
|-ability|p1a: Eternatus|Pressure
|move|p2a: Yveltal|Taunt|p1a: Eternatus
|-start|p1a: Eternatus|move: Taunt
|
|-damage|p1a: Eternatus|59/100 brn|[from] brn
|upkeep
|turn|32
|
|t:|1664907083
|move|p2a: Yveltal|Defog|p1a: Eternatus
|-unboost|p1a: Eternatus|evasion|1
|-sideend|p1: Fc ❤|Stealth Rock|[from] move: Defog|[of] p2a: Yveltal
|-sideend|p2: RichardMillePlain|Spikes|[from] move: Defog|[of] p2a: Yveltal
|-sideend|p2: RichardMillePlain|Stealth Rock|[from] move: Defog|[of] p2a: Yveltal
|move|p1a: Eternatus|Dragon Tail|p2a: Yveltal
|-damage|p2a: Yveltal|79/100
|drag|p2a: Calyrex|Calyrex-Shadow|76/100
|-ability|p2a: Calyrex|As One
|-ability|p2a: Calyrex|Unnerve
|
|-damage|p1a: Eternatus|53/100 brn|[from] brn
|upkeep
|turn|33
|
|t:|1664907089
|switch|p2a: Kyogre|Kyogre|89/100 par
|-weather|RainDance|[from] ability: Drizzle|[of] p2a: Kyogre
|switch|p1a: Yveltal|Yveltal|79/100
|-ability|p1a: Yveltal|Dark Aura
|
|-weather|RainDance|[upkeep]
|-heal|p2a: Kyogre|95/100 par|[from] item: Leftovers
|upkeep
|turn|34
|
|t:|1664907091
|switch|p1a: Eternatus|Eternatus|53/100 brn
|-ability|p1a: Eternatus|Pressure
|move|p2a: Kyogre|Rest|p2a: Kyogre
|-status|p2a: Kyogre|slp|[from] move: Rest
|-heal|p2a: Kyogre|100/100 slp|[silent]
|
|-weather|RainDance|[upkeep]
|-damage|p1a: Eternatus|47/100 brn|[from] brn
|upkeep
|turn|35
|
|t:|1664907094
|move|p1a: Eternatus|Recover|p1a: Eternatus
|-heal|p1a: Eternatus|97/100 brn
|cant|p2a: Kyogre|slp
|
|-weather|RainDance|[upkeep]
|-damage|p1a: Eternatus|91/100 brn|[from] brn
|upkeep
|turn|36
|
|t:|1664907100
|switch|p2a: Necrozma|Necrozma-Dusk-Mane|95/100
|move|p1a: Eternatus|Dragon Tail|p2a: Necrozma
|-resisted|p2a: Necrozma
|-damage|p2a: Necrozma|93/100
|drag|p2a: Calyrex|Calyrex-Shadow|76/100
|-ability|p2a: Calyrex|As One
|-ability|p2a: Calyrex|Unnerve
|
|-weather|RainDance|[upkeep]
|-damage|p1a: Eternatus|85/100 brn|[from] brn
|upkeep
|turn|37
|
|t:|1664907111
|switch|p1a: Yveltal|Yveltal|79/100
|-ability|p1a: Yveltal|Dark Aura
|move|p2a: Calyrex|Psyshock|p1a: Yveltal
|-immune|p1a: Yveltal
|
|-weather|none
|upkeep
|turn|38
|
|t:|1664907134
|switch|p2a: Yveltal|Yveltal|79/100
|-ability|p2a: Yveltal|Dark Aura
|move|p1a: Yveltal|Roost|p1a: Yveltal
|-heal|p1a: Yveltal|100/100
|-singleturn|p1a: Yveltal|move: Roost
|
|upkeep
|turn|39
|
|t:|1664907145
|move|p1a: Yveltal|Knock Off|p2a: Yveltal
|-resisted|p2a: Yveltal
|-damage|p2a: Yveltal|53/100
|-enditem|p2a: Yveltal|Heavy-Duty Boots|[from] move: Knock Off|[of] p1a: Yveltal
|move|p2a: Yveltal|Knock Off|p1a: Yveltal
|-resisted|p1a: Yveltal
|-damage|p1a: Yveltal|76/100
|-enditem|p1a: Yveltal|Heavy-Duty Boots|[from] move: Knock Off|[of] p2a: Yveltal
|
|upkeep
|turn|40
|
|t:|1664907147
|move|p1a: Yveltal|Taunt|p2a: Yveltal
|-start|p2a: Yveltal|move: Taunt
|cant|p2a: Yveltal|move: Taunt|Roost
|
|upkeep
|turn|41
|
|t:|1664907151
|move|p1a: Yveltal|Knock Off|p2a: Yveltal
|-resisted|p2a: Yveltal
|-damage|p2a: Yveltal|37/100
|move|p2a: Yveltal|Knock Off|p1a: Yveltal
|-resisted|p1a: Yveltal
|-damage|p1a: Yveltal|59/100
|
|upkeep
|turn|42
|
|t:|1664907152
|switch|p2a: Eternatus|Eternatus|100/100
|-ability|p2a: Eternatus|Pressure
|move|p1a: Yveltal|Knock Off|p2a: Eternatus
|-damage|p2a: Eternatus|54/100
|-enditem|p2a: Eternatus|Heavy-Duty Boots|[from] move: Knock Off|[of] p1a: Yveltal
|
|upkeep
|turn|43
|
|t:|1664907154
|move|p2a: Eternatus|Recover|p2a: Eternatus
|-heal|p2a: Eternatus|100/100
|move|p1a: Yveltal|Roost|p1a: Yveltal
|-heal|p1a: Yveltal|100/100
|-singleturn|p1a: Yveltal|move: Roost
|
|upkeep
|turn|44
|
|t:|1664907158
|switch|p2a: Necrozma|Necrozma-Dusk-Mane|93/100
|switch|p1a: Necrozma|Necrozma-Dusk-Mane|95/100
|
|-heal|p1a: Necrozma|100/100|[from] item: Leftovers
|upkeep
|turn|45
|
|t:|1664907162
|switch|p2a: Kyogre|Kyogre|100/100 slp
|-weather|RainDance|[from] ability: Drizzle|[of] p2a: Kyogre
|move|p1a: Necrozma|Stealth Rock|p2a: Kyogre
|-sidestart|p2: RichardMillePlain|move: Stealth Rock
|
|-weather|RainDance|[upkeep]
|upkeep
|turn|46
|
|t:|1664907165
|switch|p1a: Eternatus|Eternatus|85/100 brn
|-ability|p1a: Eternatus|Pressure
|cant|p2a: Kyogre|slp
|
|-weather|RainDance|[upkeep]
|-damage|p1a: Eternatus|79/100 brn|[from] brn
|upkeep
|turn|47
|
|t:|1664907166
|-curestatus|p2a: Kyogre|slp|[msg]
|move|p2a: Kyogre|Calm Mind|p2a: Kyogre
|-boost|p2a: Kyogre|spa|1
|-boost|p2a: Kyogre|spd|1
|move|p1a: Eternatus|Dragon Tail|p2a: Kyogre
|-damage|p2a: Kyogre|95/100
|drag|p2a: Calyrex|Calyrex-Shadow|76/100
|-ability|p2a: Calyrex|As One
|-ability|p2a: Calyrex|Unnerve
|-damage|p2a: Calyrex|64/100|[from] Stealth Rock
|
|-weather|RainDance|[upkeep]
|-damage|p1a: Eternatus|73/100 brn|[from] brn
|upkeep
|turn|48
|
|t:|1664907169
|switch|p1a: Yveltal|Yveltal|100/100
|-ability|p1a: Yveltal|Dark Aura
|move|p2a: Calyrex|Trick|p1a: Yveltal
|-activate|p2a: Calyrex|move: Trick|[of] p1a: Yveltal
|-item|p1a: Yveltal|Choice Scarf|[from] move: Trick
|-enditem|p2a: Calyrex|Choice Scarf|[silent]|[from] move: Trick
|
|-weather|RainDance|[upkeep]
|upkeep
|turn|49
|
|t:|1664907173
|switch|p2a: Eternatus|Eternatus|100/100
|-damage|p2a: Eternatus|88/100|[from] Stealth Rock
|-ability|p2a: Eternatus|Pressure
|move|p1a: Yveltal|Knock Off|p2a: Eternatus
|-damage|p2a: Eternatus|59/100
|
|-weather|none
|upkeep
|turn|50
|
|t:|1664907176
|switch|p1a: Necrozma|Necrozma-Dusk-Mane|100/100
|move|p2a: Eternatus|Recover|p2a: Eternatus
|-heal|p2a: Eternatus|100/100
|
|upkeep
|turn|51
|
|t:|1664907181
|switch|p2a: Kyogre|Kyogre|95/100
|-damage|p2a: Kyogre|82/100|[from] Stealth Rock
|-weather|RainDance|[from] ability: Drizzle|[of] p2a: Kyogre
|move|p1a: Necrozma|Thunder Wave|p2a: Kyogre
|-status|p2a: Kyogre|par
|
|-weather|RainDance|[upkeep]
|-heal|p2a: Kyogre|89/100 par|[from] item: Leftovers
|upkeep
|turn|52
|
|t:|1664907185
|switch|p1a: Eternatus|Eternatus|73/100 brn
|-ability|p1a: Eternatus|Pressure
|move|p2a: Kyogre|Calm Mind|p2a: Kyogre
|-boost|p2a: Kyogre|spa|1
|-boost|p2a: Kyogre|spd|1
|
|-weather|RainDance|[upkeep]
|-heal|p2a: Kyogre|95/100 par|[from] item: Leftovers
|-damage|p1a: Eternatus|67/100 brn|[from] brn
|upkeep
|turn|53
|
|t:|1664907186
|move|p1a: Eternatus|Recover|p1a: Eternatus
|-heal|p1a: Eternatus|100/100 brn
|move|p2a: Kyogre|Scald|p1a: Eternatus
|-resisted|p1a: Eternatus
|-damage|p1a: Eternatus|73/100 brn
|
|-weather|RainDance|[upkeep]
|-heal|p2a: Kyogre|100/100 par|[from] item: Leftovers
|-damage|p1a: Eternatus|67/100 brn|[from] brn
|upkeep
|turn|54
|
|t:|1664907188
|move|p1a: Eternatus|Recover|p1a: Eternatus
|-heal|p1a: Eternatus|100/100 brn
|move|p2a: Kyogre|Calm Mind|p2a: Kyogre
|-boost|p2a: Kyogre|spa|1
|-boost|p2a: Kyogre|spd|1
|
|-weather|RainDance|[upkeep]
|-damage|p1a: Eternatus|94/100 brn|[from] brn
|upkeep
|turn|55
|
|t:|1664907189
|move|p2a: Kyogre|Scald|p1a: Eternatus
|-resisted|p1a: Eternatus
|-damage|p1a: Eternatus|58/100 brn
|move|p1a: Eternatus|Dragon Tail|p2a: Kyogre
|-damage|p2a: Kyogre|95/100 par
|drag|p2a: Necrozma|Necrozma-Dusk-Mane|93/100
|-damage|p2a: Necrozma|87/100|[from] Stealth Rock
|
|-weather|none
|-damage|p1a: Eternatus|52/100 brn|[from] brn
|upkeep
|turn|56
|
|t:|1664907194
|switch|p1a: Ferrothorn|Ferrothorn, M|23/100
|move|p2a: Necrozma|Sunsteel Strike|p1a: Ferrothorn
|-resisted|p1a: Ferrothorn
|-damage|p1a: Ferrothorn|4/100
|-damage|p2a: Necrozma|74/100|[from] ability: Iron Barbs|[of] p1a: Ferrothorn
|
|upkeep
|turn|57
|
|t:|1664907197
|move|p2a: Necrozma|Knock Off|p1a: Ferrothorn
|-damage|p1a: Ferrothorn|0 fnt
|-damage|p2a: Necrozma|62/100|[from] ability: Iron Barbs|[of] p1a: Ferrothorn
|faint|p1a: Ferrothorn
|
|upkeep
|
|t:|1664907199
|switch|p1a: Marshadow|Marshadow|84/100
|turn|58
|
|t:|1664907201
|switch|p2a: Eternatus|Eternatus|100/100
|-damage|p2a: Eternatus|88/100|[from] Stealth Rock
|-ability|p2a: Eternatus|Pressure
|move|p1a: Marshadow|Spectral Thief|p2a: Eternatus
|-damage|p2a: Eternatus|40/100
|-damage|p1a: Marshadow|74/100|[from] item: Life Orb
|
|upkeep
|turn|59
|
|t:|1664907205
|move|p1a: Marshadow|Spectral Thief|p2a: Eternatus
|-damage|p2a: Eternatus|0 fnt
|faint|p2a: Eternatus
|-damage|p1a: Marshadow|64/100|[from] item: Life Orb
|
|upkeep
|
|t:|1664907207
|switch|p2a: Yveltal|Yveltal|37/100
|-damage|p2a: Yveltal|12/100|[from] Stealth Rock
|-ability|p2a: Yveltal|Dark Aura
|turn|60
|
|t:|1664907210
|move|p1a: Marshadow|Shadow Sneak|p2a: Yveltal
|-resisted|p2a: Yveltal
|-damage|p2a: Yveltal|0 fnt
|faint|p2a: Yveltal
|-damage|p1a: Marshadow|54/100|[from] item: Life Orb
|
|upkeep
|
|t:|1664907211
|switch|p2a: Kyogre|Kyogre|95/100 par
|-damage|p2a: Kyogre|83/100 par|[from] Stealth Rock
|-weather|RainDance|[from] ability: Drizzle|[of] p2a: Kyogre
|turn|61
|
|t:|1664907214
|switch|p1a: Eternatus|Eternatus|52/100 brn
|-ability|p1a: Eternatus|Pressure
|move|p2a: Kyogre|Scald|p1a: Eternatus
|-resisted|p1a: Eternatus
|-damage|p1a: Eternatus|31/100 brn
|
|-weather|RainDance|[upkeep]
|-heal|p2a: Kyogre|89/100 par|[from] item: Leftovers
|-damage|p1a: Eternatus|25/100 brn|[from] brn
|upkeep
|turn|62
|
|t:|1664907219
|move|p1a: Eternatus|Recover|p1a: Eternatus
|-heal|p1a: Eternatus|75/100 brn
|cant|p2a: Kyogre|par
|
|-weather|RainDance|[upkeep]
|-heal|p2a: Kyogre|95/100 par|[from] item: Leftovers
|-damage|p1a: Eternatus|69/100 brn|[from] brn
|upkeep
|turn|63
|
|t:|1664907221
|switch|p2a: Necrozma|Necrozma-Dusk-Mane|62/100
|-damage|p2a: Necrozma|56/100|[from] Stealth Rock
|move|p1a: Eternatus|Dragon Tail|p2a: Necrozma
|-resisted|p2a: Necrozma
|-damage|p2a: Necrozma|53/100
|drag|p2a: Kyogre|Kyogre|95/100 par
|-damage|p2a: Kyogre|83/100 par|[from] Stealth Rock
|
|-weather|RainDance|[upkeep]
|-heal|p2a: Kyogre|89/100 par|[from] item: Leftovers
|-damage|p1a: Eternatus|63/100 brn|[from] brn
|upkeep
|turn|64
|
|t:|1664907223
|move|p1a: Eternatus|Recover|p1a: Eternatus
|-heal|p1a: Eternatus|100/100 brn
|move|p2a: Kyogre|Scald|p1a: Eternatus
|-resisted|p1a: Eternatus
|-damage|p1a: Eternatus|80/100 brn
|
|-weather|RainDance|[upkeep]
|-heal|p2a: Kyogre|95/100 par|[from] item: Leftovers
|-damage|p1a: Eternatus|74/100 brn|[from] brn
|upkeep
|turn|65
|
|t:|1664907224
|move|p2a: Kyogre|Calm Mind|p2a: Kyogre
|-boost|p2a: Kyogre|spa|1
|-boost|p2a: Kyogre|spd|1
|move|p1a: Eternatus|Dragon Tail|p2a: Kyogre
|-damage|p2a: Kyogre|90/100 par
|drag|p2a: Necrozma|Necrozma-Dusk-Mane|53/100
|-damage|p2a: Necrozma|47/100|[from] Stealth Rock
|
|-weather|none
|-damage|p1a: Eternatus|68/100 brn|[from] brn
|upkeep
|turn|66
|
|t:|1664907235
|switch|p1a: Necrozma|Necrozma-Dusk-Mane|100/100
|move|p2a: Necrozma|Moonlight|p2a: Necrozma
|-heal|p2a: Necrozma|97/100
|
|upkeep
|turn|67
|
|t:|1664907237
|switch|p2a: Kyogre|Kyogre|90/100 par
|-damage|p2a: Kyogre|77/100 par|[from] Stealth Rock
|-weather|RainDance|[from] ability: Drizzle|[of] p2a: Kyogre
|move|p1a: Necrozma|Thunder Wave|p2a: Kyogre
|-fail|p2a: Kyogre|par
|
|-weather|RainDance|[upkeep]
|-heal|p2a: Kyogre|83/100 par|[from] item: Leftovers
|upkeep
|turn|68
|
|t:|1664907240
|switch|p1a: Eternatus|Eternatus|68/100 brn
|-ability|p1a: Eternatus|Pressure
|move|p2a: Kyogre|Calm Mind|p2a: Kyogre
|-boost|p2a: Kyogre|spa|1
|-boost|p2a: Kyogre|spd|1
|
|-weather|RainDance|[upkeep]
|-heal|p2a: Kyogre|90/100 par|[from] item: Leftovers
|-damage|p1a: Eternatus|62/100 brn|[from] brn
|upkeep
|turn|69
|
|t:|1664907243
|move|p1a: Eternatus|Recover|p1a: Eternatus
|-heal|p1a: Eternatus|100/100 brn
|move|p2a: Kyogre|Calm Mind|p2a: Kyogre
|-boost|p2a: Kyogre|spa|1
|-boost|p2a: Kyogre|spd|1
|
|-weather|RainDance|[upkeep]
|-heal|p2a: Kyogre|96/100 par|[from] item: Leftovers
|-damage|p1a: Eternatus|94/100 brn|[from] brn
|upkeep
|turn|70
|
|t:|1664907244
|move|p2a: Kyogre|Scald|p1a: Eternatus
|-resisted|p1a: Eternatus
|-damage|p1a: Eternatus|54/100 brn
|move|p1a: Eternatus|Dragon Tail|p2a: Kyogre
|-damage|p2a: Kyogre|91/100 par
|drag|p2a: Necrozma|Necrozma-Dusk-Mane|97/100
|-damage|p2a: Necrozma|91/100|[from] Stealth Rock
|
|-weather|RainDance|[upkeep]
|-damage|p1a: Eternatus|48/100 brn|[from] brn
|upkeep
|turn|71
|
|t:|1664907252
|switch|p1a: Yveltal|Yveltal|100/100
|-ability|p1a: Yveltal|Dark Aura
|move|p2a: Necrozma|Swords Dance|p2a: Necrozma
|-boost|p2a: Necrozma|atk|2
|
|-weather|none
|upkeep
|turn|72
|
|t:|1664907255
|move|p1a: Yveltal|Knock Off|p2a: Necrozma
|-supereffective|p2a: Necrozma
|-enditem|p2a: Necrozma|Colbur Berry|[eat]
|-enditem|p2a: Necrozma|Colbur Berry|[weaken]
|-damage|p2a: Necrozma|62/100
|move|p2a: Necrozma|Sunsteel Strike|p1a: Yveltal
|-damage|p1a: Yveltal|0 fnt
|faint|p1a: Yveltal
|
|upkeep
|
|t:|1664907257
|switch|p1a: Marshadow|Marshadow|54/100
|turn|73
|
|t:|1664907260
|switch|p2a: Calyrex|Calyrex-Shadow|64/100
|-ability|p2a: Calyrex|As One
|-ability|p2a: Calyrex|Unnerve
|-damage|p2a: Calyrex|51/100|[from] Stealth Rock
|move|p1a: Marshadow|Spectral Thief|p2a: Calyrex
|-supereffective|p2a: Calyrex
|-damage|p2a: Calyrex|0 fnt
|faint|p2a: Calyrex
|-damage|p1a: Marshadow|44/100|[from] item: Life Orb
|
|upkeep
|
|t:|1664907261
|switch|p2a: Kyogre|Kyogre|91/100 par
|-damage|p2a: Kyogre|78/100 par|[from] Stealth Rock
|-weather|RainDance|[from] ability: Drizzle|[of] p2a: Kyogre
|turn|74
|
|t:|1664907266
|switch|p1a: Eternatus|Eternatus|48/100 brn
|-ability|p1a: Eternatus|Pressure
|move|p2a: Kyogre|Scald|p1a: Eternatus
|-resisted|p1a: Eternatus
|-crit|p1a: Eternatus
|-damage|p1a: Eternatus|20/100 brn
|
|-weather|RainDance|[upkeep]
|-heal|p2a: Kyogre|85/100 par|[from] item: Leftovers
|-damage|p1a: Eternatus|14/100 brn|[from] brn
|upkeep
|turn|75
|
|t:|1664907272
|switch|p2a: Necrozma|Necrozma-Dusk-Mane|62/100
|-damage|p2a: Necrozma|56/100|[from] Stealth Rock
|move|p1a: Eternatus|Dragon Tail|p2a: Necrozma
|-resisted|p2a: Necrozma
|-damage|p2a: Necrozma|53/100
|drag|p2a: Kyogre|Kyogre|85/100 par
|-damage|p2a: Kyogre|72/100 par|[from] Stealth Rock
|
|-weather|RainDance|[upkeep]
|-heal|p2a: Kyogre|78/100 par|[from] item: Leftovers
|-damage|p1a: Eternatus|8/100 brn|[from] brn
|upkeep
|turn|76
|
|t:|1664907276
|cant|p2a: Kyogre|par
|move|p1a: Eternatus|Dragon Tail|p2a: Kyogre
|-damage|p2a: Kyogre|73/100 par
|drag|p2a: Necrozma|Necrozma-Dusk-Mane|53/100
|-damage|p2a: Necrozma|47/100|[from] Stealth Rock
|
|-weather|RainDance|[upkeep]
|-damage|p1a: Eternatus|2/100 brn|[from] brn
|upkeep
|turn|77
|
|t:|1664907279
|move|p1a: Eternatus|Flamethrower|p2a: Necrozma
|-supereffective|p2a: Necrozma
|-damage|p2a: Necrozma|30/100
|move|p2a: Necrozma|Moonlight|p2a: Necrozma
|-heal|p2a: Necrozma|55/100
|
|-weather|RainDance|[upkeep]
|-damage|p1a: Eternatus|0 fnt|[from] brn
|faint|p1a: Eternatus
|upkeep
|
|t:|1664907280
|switch|p1a: Marshadow|Marshadow|44/100
|turn|78
|
|t:|1664907282
|move|p1a: Marshadow|Low Kick|p2a: Necrozma
|-damage|p2a: Necrozma|0 fnt
|faint|p2a: Necrozma
|-damage|p1a: Marshadow|34/100|[from] item: Life Orb
|
|-weather|none
|upkeep
|
|t:|1664907284
|switch|p2a: Kyogre|Kyogre|73/100 par
|-damage|p2a: Kyogre|61/100 par|[from] Stealth Rock
|-weather|RainDance|[from] ability: Drizzle|[of] p2a: Kyogre
|turn|79
|
|t:|1664907285
|move|p1a: Marshadow|Low Kick|p2a: Kyogre
|-damage|p2a: Kyogre|8/100 par
|-damage|p1a: Marshadow|24/100|[from] item: Life Orb
|move|p2a: Kyogre|Rest|p2a: Kyogre
|-status|p2a: Kyogre|slp|[from] move: Rest
|-heal|p2a: Kyogre|100/100 slp|[silent]
|
|-weather|RainDance|[upkeep]
|upkeep
|turn|80
|
|t:|1664907287
|move|p1a: Marshadow|Low Kick|p2a: Kyogre
|-damage|p2a: Kyogre|53/100 slp
|-damage|p1a: Marshadow|15/100|[from] item: Life Orb
|cant|p2a: Kyogre|slp
|
|-weather|RainDance|[upkeep]
|-heal|p2a: Kyogre|59/100 slp|[from] item: Leftovers
|upkeep
|turn|81
|c|☆Fc ❤|ggs
|
|t:|1664907295
|move|p1a: Marshadow|Low Kick|p2a: Kyogre
|-damage|p2a: Kyogre|9/100 slp
|-damage|p1a: Marshadow|5/100|[from] item: Life Orb
|cant|p2a: Kyogre|slp
|
|-weather|RainDance|[upkeep]
|-heal|p2a: Kyogre|15/100 slp|[from] item: Leftovers
|upkeep
|turn|82
|c|☆RichardMillePlain|ggs
|
|t:|1664907301
|move|p1a: Marshadow|Low Kick|p2a: Kyogre
|-damage|p2a: Kyogre|0 fnt
|faint|p2a: Kyogre
|-damage|p1a: Marshadow|0 fnt|[from] item: Life Orb
|faint|p1a: Marshadow
|
|win|Fc ❤
