|inactive|Battle timer is ON: inactive players will automatically lose when time's up.
|t:|1655687313
|gametype|singles
|player|p1|Trade|may|
|player|p2|lotiasite|266|
|teamsize|p1|6
|teamsize|p2|6
|gen|8
|tier|[Gen 8] Ubers
|rule|Sleep Clause Mod: Limit one foe put to sleep
|rule|Species Clause: Limit one of each Pokémon
|rule|OHKO Clause: OHKO moves are banned
|rule|Evasion Moves Clause: Evasion moves are banned
|rule|Endless Battle Clause: Forcing endless battles is banned
|rule|HP Percentage Mod: HP is shown in percentages
|rule|Dynamax Clause: You cannot dynamax
|clearpoke
|poke|p1|Lunala|
|poke|p1|Calyrex-Shadow|
|poke|p1|Eternatus|
|poke|p1|Yveltal|
|poke|p1|Necrozma-Dusk-Mane|
|poke|p1|Groudon|
|poke|p2|Eternatus|
|poke|p2|Yveltal|
|poke|p2|Calyrex-Shadow|
|poke|p2|Necrozma-Dusk-Mane|
|poke|p2|Groudon|
|poke|p2|Ferrothorn, F|
|teampreview
|inactive|lotiasite also wants the timer to be on.
|c|☆lotiasite|hf
|c|☆Trade|hf
|inactive|Trade has 270 seconds left.
|inactive|lotiasite has 270 seconds left.
|inactive|Trade has 240 seconds left.
|c|+pannuracotta|upl?
|c|+shieldpoke|ye
|
|t:|1655687392
|start
|switch|p1a: Groudon|Groudon|100/100
|switch|p2a: Eternatus|Eternatus|100/100
|-ability|p2a: Eternatus|Pressure
|-weather|SunnyDay|[from] ability: Drought|[of] p1a: Groudon
|turn|1
|inactive|Trade has 270 seconds left.
|inactive|lotiasite has 270 seconds left.
|
|t:|1655687437
|move|p2a: Eternatus|Draco Meteor|p1a: Groudon
|-damage|p1a: Groudon|39/100
|-unboost|p2a: Eternatus|spa|2
|move|p1a: Groudon|Precipice Blades|p2a: Eternatus
|-supereffective|p2a: Eternatus
|-enditem|p2a: Eternatus|Shuca Berry|[eat]
|-enditem|p2a: Eternatus|Shuca Berry|[weaken]
|-damage|p2a: Eternatus|30/100
|-damage|p1a: Groudon|30/100|[from] item: Life Orb
|
|-weather|SunnyDay|[upkeep]
|upkeep
|turn|2
|
|t:|1655687462
|switch|p1a: Necrozma|Necrozma-Dusk-Mane|100/100
|move|p2a: Eternatus|Recover|p2a: Eternatus
|-heal|p2a: Eternatus|80/100
|
|-weather|SunnyDay|[upkeep]
|upkeep
|turn|3
|inactive|lotiasite has 240 seconds left.
|
|t:|1655687478
|switch|p2a: Groudon|Groudon|100/100
|move|p1a: Necrozma|Stealth Rock|p2a: Groudon
|-sidestart|p2: lotiasite|move: Stealth Rock
|
|-weather|SunnyDay|[upkeep]
|upkeep
|turn|4
|
|t:|1655687486
|switch|p1a: Lunala|Lunala|100/100
|move|p2a: Groudon|Stealth Rock|p1a: Lunala
|-sidestart|p1: Trade|move: Stealth Rock
|
|-weather|SunnyDay|[upkeep]
|upkeep
|turn|5
|inactive|Trade has 270 seconds left.
|
|t:|1655687502
|switch|p2a: Eternatus|Eternatus|80/100
|-damage|p2a: Eternatus|67/100|[from] Stealth Rock
|-ability|p2a: Eternatus|Pressure
|move|p1a: Lunala|Ice Beam|p2a: Eternatus
|-supereffective|p2a: Eternatus
|-damage|p2a: Eternatus|33/100
|
|-weather|none
|upkeep
|turn|6
|inactive|lotiasite has 240 seconds left.
|
|t:|1655687520
|move|p2a: Eternatus|Recover|p2a: Eternatus
|-heal|p2a: Eternatus|83/100
|move|p1a: Lunala|Thunder Wave|p2a: Eternatus
|-status|p2a: Eternatus|par
|
|upkeep
|turn|7
|inactive|lotiasite has 240 seconds left.
|inactive|Trade has 270 seconds left.
|
|t:|1655687545
|switch|p2a: Ferrothorn|Ferrothorn, F|100/100
|-damage|p2a: Ferrothorn|94/100|[from] Stealth Rock
|move|p1a: Lunala|Ice Beam|p2a: Ferrothorn
|-damage|p2a: Ferrothorn|69/100
|
|-heal|p2a: Ferrothorn|75/100|[from] item: Leftovers
|upkeep
|turn|8
|
|t:|1655687550
|move|p1a: Lunala|Thunder Wave|p2a: Ferrothorn
|-status|p2a: Ferrothorn|par
|move|p2a: Ferrothorn|Leech Seed|p1a: Lunala
|-start|p1a: Lunala|move: Leech Seed
|
|-heal|p2a: Ferrothorn|81/100 par|[from] item: Leftovers
|-damage|p1a: Lunala|88/100|[from] Leech Seed|[of] p2a: Ferrothorn
|-heal|p2a: Ferrothorn|98/100 par|[silent]
|upkeep
|turn|9
|
|t:|1655687554
|switch|p1a: Eternatus|Eternatus|100/100
|-damage|p1a: Eternatus|88/100|[from] Stealth Rock
|-ability|p1a: Eternatus|Pressure
|move|p2a: Ferrothorn|Leech Seed|p1a: Eternatus
|-start|p1a: Eternatus|move: Leech Seed
|
|-heal|p2a: Ferrothorn|100/100 par|[from] item: Leftovers
|-damage|p1a: Eternatus|76/100|[from] Leech Seed|[of] p2a: Ferrothorn
|upkeep
|turn|10
|
|t:|1655687562
|switch|p1a: Groudon|Groudon|30/100
|-damage|p1a: Groudon|24/100|[from] Stealth Rock
|-weather|SunnyDay|[from] ability: Drought|[of] p1a: Groudon
|switch|p2a: Calyrex|Calyrex-Shadow|100/100
|-ability|p2a: Calyrex|As One
|-ability|p2a: Calyrex|Unnerve
|-damage|p2a: Calyrex|88/100|[from] Stealth Rock
|
|-weather|SunnyDay|[upkeep]
|upkeep
|turn|11
|
|t:|1655687570
|switch|p1a: Yveltal|Yveltal|100/100
|-ability|p1a: Yveltal|Dark Aura
|move|p2a: Calyrex|Astral Barrage|p1a: Yveltal
|-resisted|p1a: Yveltal
|-damage|p1a: Yveltal|66/100
|
|-weather|SunnyDay|[upkeep]
|upkeep
|turn|12
|inactive|lotiasite has 270 seconds left.
|
|t:|1655687580
|switch|p2a: Yveltal|Yveltal|100/100
|-ability|p2a: Yveltal|Dark Aura
|move|p1a: Yveltal|Roost|p1a: Yveltal
|-heal|p1a: Yveltal|100/100
|-singleturn|p1a: Yveltal|move: Roost
|
|-weather|SunnyDay|[upkeep]
|upkeep
|turn|13
|inactive|lotiasite has 270 seconds left.
|
|t:|1655687586
|switch|p1a: Eternatus|Eternatus|76/100
|-damage|p1a: Eternatus|63/100|[from] Stealth Rock
|-ability|p1a: Eternatus|Pressure
|move|p2a: Yveltal|Toxic|p1a: Eternatus
|-immune|p1a: Eternatus
|
|-weather|SunnyDay|[upkeep]
|upkeep
|turn|14
|inactive|lotiasite has 270 seconds left.
|
|t:|1655687598
|switch|p2a: Necrozma|Necrozma-Dusk-Mane|100/100
|-damage|p2a: Necrozma|94/100|[from] Stealth Rock
|move|p1a: Eternatus|Flamethrower|p2a: Necrozma
|-supereffective|p2a: Necrozma
|-damage|p2a: Necrozma|55/100
|
|-weather|none
|upkeep
|turn|15
|
|t:|1655687607
|move|p1a: Eternatus|Recover|p1a: Eternatus
|-heal|p1a: Eternatus|100/100
|move|p2a: Necrozma|Morning Sun|p2a: Necrozma
|-heal|p2a: Necrozma|100/100
|
|upkeep
|turn|16
|
|t:|1655687611
|move|p1a: Eternatus|Flamethrower|p2a: Necrozma
|-supereffective|p2a: Necrozma
|-damage|p2a: Necrozma|72/100
|move|p2a: Necrozma|Sunsteel Strike|p1a: Eternatus
|-damage|p1a: Eternatus|61/100
|
|upkeep
|turn|17
|
|t:|1655687616
|move|p1a: Eternatus|Recover|p1a: Eternatus
|-heal|p1a: Eternatus|100/100
|move|p2a: Necrozma|Morning Sun|p2a: Necrozma
|-heal|p2a: Necrozma|100/100
|
|upkeep
|turn|18
|
|t:|1655687621
|move|p1a: Eternatus|Flamethrower|p2a: Necrozma
|-supereffective|p2a: Necrozma
|-damage|p2a: Necrozma|73/100
|move|p2a: Necrozma|Photon Geyser|p1a: Eternatus
|-supereffective|p1a: Eternatus
|-damage|p1a: Eternatus|1/100
|-enditem|p1a: Eternatus|Sitrus Berry|[eat]
|-heal|p1a: Eternatus|26/100|[from] item: Sitrus Berry
|
|upkeep
|turn|19
|
|t:|1655687638
|switch|p1a: Lunala|Lunala|88/100
|move|p2a: Necrozma|Photon Geyser|p1a: Lunala
|-resisted|p1a: Lunala
|-damage|p1a: Lunala|71/100
|
|upkeep
|turn|20
|
|t:|1655687647
|switch|p2a: Ferrothorn|Ferrothorn, F|100/100 par
|-damage|p2a: Ferrothorn|94/100 par|[from] Stealth Rock
|move|p1a: Lunala|Roost|p1a: Lunala
|-heal|p1a: Lunala|100/100
|-singleturn|p1a: Lunala|move: Roost
|
|-heal|p2a: Ferrothorn|100/100 par|[from] item: Leftovers
|upkeep
|turn|21
|
|t:|1655687651
|move|p1a: Lunala|Hex|p2a: Ferrothorn
|-damage|p2a: Ferrothorn|50/100 par
|move|p2a: Ferrothorn|Leech Seed|p1a: Lunala
|-start|p1a: Lunala|move: Leech Seed
|
|-heal|p2a: Ferrothorn|56/100 par|[from] item: Leftovers
|-damage|p1a: Lunala|88/100|[from] Leech Seed|[of] p2a: Ferrothorn
|-heal|p2a: Ferrothorn|73/100 par|[silent]
|upkeep
|turn|22
|
|t:|1655687660
|switch|p1a: Eternatus|Eternatus|26/100
|-damage|p1a: Eternatus|14/100|[from] Stealth Rock
|-ability|p1a: Eternatus|Pressure
|switch|p2a: Eternatus|Eternatus|83/100 par
|-damage|p2a: Eternatus|71/100 par|[from] Stealth Rock
|-ability|p2a: Eternatus|Pressure
|
|upkeep
|turn|23
|
|t:|1655687681
|move|p1a: Eternatus|Draco Meteor|p2a: Eternatus
|-supereffective|p2a: Eternatus
|-damage|p2a: Eternatus|0 fnt
|-unboost|p1a: Eternatus|spa|2
|faint|p2a: Eternatus
|
|upkeep
|
|t:|1655687691
|switch|p2a: Calyrex|Calyrex-Shadow|88/100
|-ability|p2a: Calyrex|As One
|-ability|p2a: Calyrex|Unnerve
|-damage|p2a: Calyrex|76/100|[from] Stealth Rock
|turn|24
|
|t:|1655687716
|move|p2a: Calyrex|Trick|p1a: Eternatus
|-activate|p2a: Calyrex|move: Trick|[of] p1a: Eternatus
|-item|p1a: Eternatus|Choice Specs|[from] move: Trick
|-enditem|p2a: Calyrex|Choice Specs|[silent]|[from] move: Trick
|move|p1a: Eternatus|Recover|p1a: Eternatus
|-heal|p1a: Eternatus|64/100
|
|upkeep
|turn|25
|
|t:|1655687729
|switch|p1a: Yveltal|Yveltal|100/100
|-ability|p1a: Yveltal|Dark Aura
|move|p2a: Calyrex|Astral Barrage|p1a: Yveltal
|-resisted|p1a: Yveltal
|-damage|p1a: Yveltal|80/100
|
|upkeep
|turn|26
|
|t:|1655687740
|switch|p2a: Groudon|Groudon|100/100
|-damage|p2a: Groudon|94/100|[from] Stealth Rock
|-weather|SunnyDay|[from] ability: Drought|[of] p2a: Groudon
|move|p1a: Yveltal|Knock Off|p2a: Groudon
|-damage|p2a: Groudon|62/100
|-damage|p1a: Yveltal|63/100|[from] item: Rocky Helmet|[of] p2a: Groudon
|-enditem|p2a: Groudon|Rocky Helmet|[from] move: Knock Off|[of] p1a: Yveltal
|
|-weather|SunnyDay|[upkeep]
|upkeep
|turn|27
|inactive|lotiasite has 270 seconds left.
|
|t:|1655687763
|switch|p1a: Lunala|Lunala|88/100
|switch|p2a: Calyrex|Calyrex-Shadow|76/100
|-ability|p2a: Calyrex|As One
|-ability|p2a: Calyrex|Unnerve
|-damage|p2a: Calyrex|64/100|[from] Stealth Rock
|
|-weather|SunnyDay|[upkeep]
|upkeep
|turn|28
|
|t:|1655687778
|move|p2a: Calyrex|Trick|p1a: Lunala
|-activate|p2a: Calyrex|move: Trick|[of] p1a: Lunala
|-enditem|p1a: Lunala|Heavy-Duty Boots|[silent]|[from] move: Trick
|-item|p2a: Calyrex|Heavy-Duty Boots|[from] move: Trick
|move|p1a: Lunala|Hex|p2a: Calyrex
|-supereffective|p2a: Calyrex
|-damage|p2a: Calyrex|0 fnt
|faint|p2a: Calyrex
|
|-weather|SunnyDay|[upkeep]
|upkeep
|
|t:|1655687787
|switch|p2a: Yveltal|Yveltal|100/100
|-ability|p2a: Yveltal|Dark Aura
|turn|29
|inactive|Trade has 270 seconds left.
|
|t:|1655687836
|switch|p1a: Eternatus|Eternatus|64/100
|-damage|p1a: Eternatus|51/100|[from] Stealth Rock
|-ability|p1a: Eternatus|Pressure
|move|p2a: Yveltal|Foul Play|p1a: Eternatus
|-damage|p1a: Eternatus|25/100
|
|-weather|SunnyDay|[upkeep]
|upkeep
|turn|30
|
|t:|1655687849
|move|p1a: Eternatus|Recover|p1a: Eternatus
|-heal|p1a: Eternatus|75/100
|move|p2a: Yveltal|Foul Play|p1a: Eternatus
|-damage|p1a: Eternatus|49/100
|
|-weather|none
|upkeep
|turn|31
|inactive|Trade has 270 seconds left.
|
|t:|1655687859
|switch|p1a: Yveltal|Yveltal|63/100
|-ability|p1a: Yveltal|Dark Aura
|move|p2a: Yveltal|Toxic|p1a: Yveltal
|-status|p1a: Yveltal|tox
|
|-damage|p1a: Yveltal|57/100 tox|[from] psn
|upkeep
|turn|32
|
|t:|1655687867
|move|p2a: Yveltal|Foul Play|p1a: Yveltal
|-resisted|p1a: Yveltal
|-damage|p1a: Yveltal|37/100 tox
|move|p1a: Yveltal|Knock Off|p2a: Yveltal
|-resisted|p2a: Yveltal
|-damage|p2a: Yveltal|76/100
|-enditem|p2a: Yveltal|Heavy-Duty Boots|[from] move: Knock Off|[of] p1a: Yveltal
|
|-damage|p1a: Yveltal|24/100 tox|[from] psn
|upkeep
|turn|33
|
|t:|1655687873
|move|p2a: Yveltal|Defog|p1a: Yveltal
|-unboost|p1a: Yveltal|evasion|1
|-sideend|p1: Trade|Stealth Rock|[from] move: Defog|[of] p2a: Yveltal
|-sideend|p2: lotiasite|Stealth Rock|[from] move: Defog|[of] p2a: Yveltal
|move|p1a: Yveltal|Roost|p1a: Yveltal
|-heal|p1a: Yveltal|74/100 tox
|-singleturn|p1a: Yveltal|move: Roost
|
|-damage|p1a: Yveltal|56/100 tox|[from] psn
|upkeep
|turn|34
|
|t:|1655687880
|move|p2a: Yveltal|Foul Play|p1a: Yveltal
|-resisted|p1a: Yveltal
|-damage|p1a: Yveltal|34/100 tox
|move|p1a: Yveltal|Roost|p1a: Yveltal
|-heal|p1a: Yveltal|84/100 tox
|-singleturn|p1a: Yveltal|move: Roost
|
|-damage|p1a: Yveltal|60/100 tox|[from] psn
|upkeep
|turn|35
|
|t:|1655687886
|switch|p1a: Eternatus|Eternatus|49/100
|-ability|p1a: Eternatus|Pressure
|move|p2a: Yveltal|Foul Play|p1a: Eternatus
|-damage|p1a: Eternatus|23/100
|
|upkeep
|turn|36
|
|t:|1655687898
|switch|p2a: Ferrothorn|Ferrothorn, F|73/100 par
|move|p1a: Eternatus|Draco Meteor|p2a: Ferrothorn
|-resisted|p2a: Ferrothorn
|-damage|p2a: Ferrothorn|35/100 par
|-unboost|p1a: Eternatus|spa|2
|
|-heal|p2a: Ferrothorn|41/100 par|[from] item: Leftovers
|upkeep
|turn|37
|
|t:|1655687902
|switch|p1a: Necrozma|Necrozma-Dusk-Mane|100/100
|move|p2a: Ferrothorn|Leech Seed|p1a: Necrozma
|-start|p1a: Necrozma|move: Leech Seed
|
|-heal|p2a: Ferrothorn|47/100 par|[from] item: Leftovers
|-damage|p1a: Necrozma|88/100|[from] Leech Seed|[of] p2a: Ferrothorn
|-heal|p2a: Ferrothorn|61/100 par|[silent]
|upkeep
|turn|38
|
|t:|1655687906
|move|p1a: Necrozma|Stealth Rock|p2a: Ferrothorn
|-sidestart|p2: lotiasite|move: Stealth Rock
|move|p2a: Ferrothorn|Spikes|p1a: Necrozma
|-sidestart|p1: Trade|Spikes
|
|-heal|p2a: Ferrothorn|67/100 par|[from] item: Leftovers
|-damage|p1a: Necrozma|76/100|[from] Leech Seed|[of] p2a: Ferrothorn
|-heal|p2a: Ferrothorn|81/100 par|[silent]
|upkeep
|turn|39
|
|t:|1655687909
|switch|p1a: Groudon|Groudon|24/100
|-damage|p1a: Groudon|11/100|[from] Spikes
|-weather|SunnyDay|[from] ability: Drought|[of] p1a: Groudon
|move|p2a: Ferrothorn|Spikes|p1a: Groudon
|-sidestart|p1: Trade|Spikes
|
|-weather|SunnyDay|[upkeep]
|-heal|p2a: Ferrothorn|87/100 par|[from] item: Leftovers
|upkeep
|turn|40
|
|t:|1655687921
|switch|p2a: Groudon|Groudon|62/100
|-damage|p2a: Groudon|56/100|[from] Stealth Rock
|move|p1a: Groudon|Heat Crash|p2a: Groudon
|-damage|p2a: Groudon|38/100
|-damage|p1a: Groudon|2/100|[from] item: Life Orb
|
|-weather|SunnyDay|[upkeep]
|upkeep
|turn|41
|
|t:|1655687932
|switch|p2a: Yveltal|Yveltal|76/100
|-damage|p2a: Yveltal|51/100|[from] Stealth Rock
|-ability|p2a: Yveltal|Dark Aura
|move|p1a: Groudon|Heat Crash|p2a: Yveltal
|-damage|p2a: Yveltal|0 fnt
|faint|p2a: Yveltal
|-damage|p1a: Groudon|0 fnt|[from] item: Life Orb
|faint|p1a: Groudon
|
|-weather|SunnyDay|[upkeep]
|upkeep
|
|t:|1655687949
|switch|p2a: Necrozma|Necrozma-Dusk-Mane|73/100
|switch|p1a: Calyrex|Calyrex-Shadow|100/100
|-ability|p1a: Calyrex|As One
|-ability|p1a: Calyrex|Unnerve
|-damage|p1a: Calyrex|84/100|[from] Spikes
|-damage|p2a: Necrozma|67/100|[from] Stealth Rock
|turn|42
|
|t:|1655687968
|move|p1a: Calyrex|Astral Barrage|p2a: Necrozma
|-supereffective|p2a: Necrozma
|-damage|p2a: Necrozma|0 fnt
|faint|p2a: Necrozma
|-ability|p1a: Calyrex|Grim Neigh|boost
|-boost|p1a: Calyrex|spa|1
|
|-weather|SunnyDay|[upkeep]
|upkeep
|c|☆lotiasite|gg
|
|t:|1655687974
|switch|p2a: Ferrothorn|Ferrothorn, F|87/100 par
|-damage|p2a: Ferrothorn|81/100 par|[from] Stealth Rock
|turn|43
|c|☆Trade|g g
|
|t:|1655687977
|move|p1a: Calyrex|Astral Barrage|p2a: Ferrothorn
|-damage|p2a: Ferrothorn|0 fnt
|faint|p2a: Ferrothorn
|-ability|p1a: Calyrex|Grim Neigh|boost
|-boost|p1a: Calyrex|spa|1
|
|-weather|none
|upkeep
|
|t:|1655687980
|switch|p2a: Groudon|Groudon|38/100
|-damage|p2a: Groudon|31/100|[from] Stealth Rock
|-weather|SunnyDay|[from] ability: Drought|[of] p2a: Groudon
|turn|44
|
|t:|1655687985
|move|p1a: Calyrex|Astral Barrage|p2a: Groudon
|-damage|p2a: Groudon|0 fnt
|faint|p2a: Groudon
|
|win|Trade
