|inactive|Battle timer is ON: inactive players will automatically lose when time's up.
|t:|1666313800
|gametype|singles
|player|p1|Aberforth|#aberforth|
|player|p2|Meminger21|#dpl8ducks|
|teamsize|p1|6
|teamsize|p2|6
|gen|8
|tier|[Gen 8] Ubers
|rule|Sleep Clause Mod: Limit one foe put to sleep
|rule|Species Clause: Limit one of each Pokémon
|rule|OHKO Clause: OHKO moves are banned
|rule|Evasion Items Clause: Evasion items are banned
|rule|Evasion Moves Clause: Evasion moves are banned
|rule|Endless Battle Clause: Forcing endless battles is banned
|rule|HP Percentage Mod: HP is shown in percentages
|rule|Dynamax Clause: You cannot dynamax
|clearpoke
|poke|p1|Necrozma-Dusk-Mane|
|poke|p1|Yveltal|
|poke|p1|Eternatus|
|poke|p1|Calyrex-Shadow|
|poke|p1|Zygarde|
|poke|p1|Ferrothorn, M|
|poke|p2|Groudon|
|poke|p2|Ho-Oh|
|poke|p2|Yveltal|
|poke|p2|Eternatus|
|poke|p2|Necrozma-Dusk-Mane|
|poke|p2|Landorus-Therian, M|
|teampreview
|c|☆Meminger21|hf
|c|☆Aberforth|u2
|inactive|Aberforth has 270 seconds left.
|inactive|Meminger21 has 270 seconds left.
|inactive|Meminger21 has 240 seconds left.
|
|t:|1666313881
|start
|switch|p1a: Yveltal|Yveltal|100/100
|switch|p2a: Ho-Oh|Ho-Oh|100/100
|-ability|p1a: Yveltal|Dark Aura
|turn|1
|
|t:|1666313888
|switch|p2a: Eternatus|Eternatus|100/100
|-ability|p2a: Eternatus|Pressure
|move|p1a: Yveltal|Foul Play|p2a: Eternatus
|-damage|p2a: Eternatus|79/100
|
|upkeep
|turn|2
|inactive|Meminger21 has 270 seconds left.
|
|t:|1666313918
|switch|p2a: Landorus|Landorus-Therian, M|100/100
|-ability|p2a: Landorus|Intimidate|boost
|-unboost|p1a: Yveltal|atk|1
|move|p1a: Yveltal|Toxic|p2a: Landorus
|-status|p2a: Landorus|tox
|
|-damage|p2a: Landorus|94/100 tox|[from] psn
|upkeep
|turn|3
|
|t:|1666313931
|switch|p1a: Ferrothorn|Ferrothorn, M|100/100
|switch|p2a: Eternatus|Eternatus|79/100
|-ability|p2a: Eternatus|Pressure
|
|upkeep
|turn|4
|
|t:|1666313935
|switch|p2a: Ho-Oh|Ho-Oh|100/100
|switch|p1a: Necrozma|Necrozma-Dusk-Mane|100/100
|
|upkeep
|turn|5
|
|t:|1666313944
|switch|p1a: Eternatus|Eternatus|100/100
|-ability|p1a: Eternatus|Pressure
|move|p2a: Ho-Oh|Sacred Fire|p1a: Eternatus
|-resisted|p1a: Eternatus
|-damage|p1a: Eternatus|83/100
|-status|p1a: Eternatus|brn
|
|-damage|p1a: Eternatus|76/100 brn|[from] brn
|upkeep
|turn|6
|
|t:|1666313948
|switch|p2a: Necrozma|Necrozma-Dusk-Mane|100/100
|move|p1a: Eternatus|Recover|p1a: Eternatus
|-heal|p1a: Eternatus|100/100 brn
|
|-damage|p1a: Eternatus|94/100 brn|[from] brn
|upkeep
|turn|7
|
|t:|1666313952
|switch|p1a: Ferrothorn|Ferrothorn, M|100/100
|move|p2a: Necrozma|Knock Off|p1a: Ferrothorn
|-damage|p1a: Ferrothorn|83/100
|-damage|p2a: Necrozma|88/100|[from] ability: Iron Barbs|[of] p1a: Ferrothorn
|-enditem|p1a: Ferrothorn|Leftovers|[from] move: Knock Off|[of] p2a: Necrozma
|
|-heal|p2a: Necrozma|94/100|[from] item: Leftovers
|upkeep
|turn|8
|
|t:|1666313962
|switch|p2a: Eternatus|Eternatus|79/100
|-ability|p2a: Eternatus|Pressure
|move|p1a: Ferrothorn|Spikes|p2a: Eternatus
|-sidestart|p2: Meminger21|Spikes
|
|upkeep
|turn|9
|
|t:|1666313966
|switch|p2a: Ho-Oh|Ho-Oh|100/100
|switch|p1a: Necrozma|Necrozma-Dusk-Mane|100/100
|
|upkeep
|turn|10
|
|t:|1666313974
|move|p2a: Ho-Oh|Brave Bird|p1a: Necrozma
|-resisted|p1a: Necrozma
|-damage|p1a: Necrozma|80/100
|-damage|p2a: Ho-Oh|94/100|[from] Recoil
|move|p1a: Necrozma|Knock Off|p2a: Ho-Oh
|-damage|p2a: Ho-Oh|66/100
|-enditem|p2a: Ho-Oh|Heavy-Duty Boots|[from] move: Knock Off|[of] p1a: Necrozma
|
|-heal|p1a: Necrozma|86/100|[from] item: Leftovers
|upkeep
|turn|11
|
|t:|1666313981
|switch|p2a: Landorus|Landorus-Therian, M|94/100 tox
|-ability|p2a: Landorus|Intimidate|boost
|-unboost|p1a: Necrozma|atk|1
|switch|p1a: Eternatus|Eternatus|94/100 brn
|-ability|p1a: Eternatus|Pressure
|
|-heal|p2a: Landorus|100/100 tox|[from] item: Leftovers
|-damage|p2a: Landorus|94/100 tox|[from] psn
|-damage|p1a: Eternatus|88/100 brn|[from] brn
|upkeep
|turn|12
|
|t:|1666313994
|switch|p1a: Zygarde|Zygarde|100/100
|move|p2a: Landorus|Stealth Rock|p1a: Zygarde
|-sidestart|p1: Aberforth|move: Stealth Rock
|
|-heal|p2a: Landorus|100/100 tox|[from] item: Leftovers
|-damage|p2a: Landorus|88/100 tox|[from] psn
|upkeep
|turn|13
|
|t:|1666314004
|move|p1a: Zygarde|Substitute|p1a: Zygarde
|-start|p1a: Zygarde|Substitute
|-damage|p1a: Zygarde|75/100
|move|p2a: Landorus|U-turn|p1a: Zygarde
|-activate|p1a: Zygarde|move: Substitute|[damage]
|
|t:|1666314011
|switch|p2a: Ho-Oh|Ho-Oh|99/100|[from]move: U-turn
|
|-heal|p1a: Zygarde|82/100|[from] item: Leftovers
|upkeep
|turn|14
|
|t:|1666314018
|move|p1a: Zygarde|Dragon Dance|p1a: Zygarde
|-boost|p1a: Zygarde|atk|1
|-boost|p1a: Zygarde|spe|1
|move|p2a: Ho-Oh|Whirlwind|p1a: Zygarde
|drag|p1a: Necrozma|Necrozma-Dusk-Mane|86/100
|-damage|p1a: Necrozma|80/100|[from] Stealth Rock
|
|-heal|p1a: Necrozma|86/100|[from] item: Leftovers
|upkeep
|turn|15
|
|t:|1666314039
|switch|p2a: Groudon|Groudon|100/100
|-damage|p2a: Groudon|88/100|[from] Spikes
|-weather|SunnyDay|[from] ability: Drought|[of] p2a: Groudon
|move|p1a: Necrozma|Stealth Rock|p2a: Groudon
|-sidestart|p2: Meminger21|move: Stealth Rock
|
|-weather|SunnyDay|[upkeep]
|-heal|p2a: Groudon|94/100|[from] item: Leftovers
|-heal|p1a: Necrozma|92/100|[from] item: Leftovers
|upkeep
|turn|16
|
|t:|1666314054
|switch|p1a: Yveltal|Yveltal|100/100
|-ability|p1a: Yveltal|Dark Aura
|move|p2a: Groudon|Swords Dance|p2a: Groudon
|-boost|p2a: Groudon|atk|2
|
|-weather|SunnyDay|[upkeep]
|-heal|p2a: Groudon|100/100|[from] item: Leftovers
|upkeep
|turn|17
|
|t:|1666314061
|switch|p2a: Eternatus|Eternatus|79/100
|-ability|p2a: Eternatus|Pressure
|move|p1a: Yveltal|Foul Play|p2a: Eternatus
|-damage|p2a: Eternatus|58/100
|
|-weather|SunnyDay|[upkeep]
|upkeep
|turn|18
|
|t:|1666314069
|switch|p1a: Necrozma|Necrozma-Dusk-Mane|92/100
|-damage|p1a: Necrozma|86/100|[from] Stealth Rock
|move|p2a: Eternatus|Recover|p2a: Eternatus
|-heal|p2a: Eternatus|100/100
|
|-weather|SunnyDay|[upkeep]
|-heal|p1a: Necrozma|92/100|[from] item: Leftovers
|upkeep
|turn|19
|
|t:|1666314079
|switch|p2a: Ho-Oh|Ho-Oh|100/100
|-damage|p2a: Ho-Oh|50/100|[from] Stealth Rock
|move|p1a: Necrozma|Knock Off|p2a: Ho-Oh
|-damage|p2a: Ho-Oh|32/100
|
|-weather|none
|-heal|p1a: Necrozma|98/100|[from] item: Leftovers
|upkeep
|turn|20
|
|t:|1666314083
|switch|p1a: Eternatus|Eternatus|88/100 brn
|-ability|p1a: Eternatus|Pressure
|move|p2a: Ho-Oh|Brave Bird|p1a: Eternatus
|-damage|p1a: Eternatus|40/100 brn
|-damage|p2a: Ho-Oh|15/100|[from] Recoil
|
|-damage|p1a: Eternatus|33/100 brn|[from] brn
|upkeep
|turn|21
|
|t:|1666314106
|switch|p2a: Groudon|Groudon|100/100
|-damage|p2a: Groudon|88/100|[from] Spikes
|-damage|p2a: Groudon|82/100|[from] Stealth Rock
|-weather|SunnyDay|[from] ability: Drought|[of] p2a: Groudon
|move|p1a: Eternatus|Sludge Bomb|p2a: Groudon
|-resisted|p2a: Groudon
|-damage|p2a: Groudon|60/100
|-status|p2a: Groudon|psn
|
|-weather|SunnyDay|[upkeep]
|-heal|p2a: Groudon|66/100 psn|[from] item: Leftovers
|-damage|p2a: Groudon|54/100 psn|[from] psn
|-damage|p1a: Eternatus|27/100 brn|[from] brn
|upkeep
|turn|22
|
|t:|1666314111
|switch|p1a: Yveltal|Yveltal|100/100
|-ability|p1a: Yveltal|Dark Aura
|move|p2a: Groudon|Dragon Tail|p1a: Yveltal
|-damage|p1a: Yveltal|80/100
|drag|p1a: Ferrothorn|Ferrothorn, M|83/100
|-damage|p1a: Ferrothorn|77/100|[from] Stealth Rock
|
|-weather|SunnyDay|[upkeep]
|-heal|p2a: Groudon|60/100 psn|[from] item: Leftovers
|-damage|p2a: Groudon|48/100 psn|[from] psn
|upkeep
|turn|23
|
|t:|1666314123
|switch|p2a: Eternatus|Eternatus|100/100
|-ability|p2a: Eternatus|Pressure
|switch|p1a: Yveltal|Yveltal|80/100
|-ability|p1a: Yveltal|Dark Aura
|
|-weather|SunnyDay|[upkeep]
|upkeep
|turn|24
|
|t:|1666314129
|switch|p1a: Necrozma|Necrozma-Dusk-Mane|98/100
|-damage|p1a: Necrozma|92/100|[from] Stealth Rock
|move|p2a: Eternatus|Meteor Beam||[still]
|-prepare|p2a: Eternatus|Meteor Beam
|-boost|p2a: Eternatus|spa|1
|
|-weather|SunnyDay|[upkeep]
|-heal|p1a: Necrozma|98/100|[from] item: Leftovers
|upkeep
|turn|25
|
|t:|1666314141
|move|p2a: Eternatus|Meteor Beam|p1a: Necrozma|[from]lockedmove
|-resisted|p1a: Necrozma
|-damage|p1a: Necrozma|81/100
|move|p1a: Necrozma|Knock Off|p2a: Eternatus
|-damage|p2a: Eternatus|74/100
|-enditem|p2a: Eternatus|Heavy-Duty Boots|[from] move: Knock Off|[of] p1a: Necrozma
|
|-weather|none
|-heal|p1a: Necrozma|87/100|[from] item: Leftovers
|upkeep
|turn|26
|
|t:|1666314151
|switch|p1a: Calyrex|Calyrex-Shadow|100/100
|-ability|p1a: Calyrex|As One
|-ability|p1a: Calyrex|Unnerve
|-damage|p1a: Calyrex|88/100|[from] Stealth Rock
|move|p2a: Eternatus|Dragon Pulse|p1a: Calyrex
|-damage|p1a: Calyrex|26/100
|
|upkeep
|turn|27
|
|t:|1666314163
|switch|p1a: Ferrothorn|Ferrothorn, M|77/100
|-damage|p1a: Ferrothorn|70/100|[from] Stealth Rock
|switch|p2a: Yveltal|Yveltal|100/100
|-ability|p2a: Yveltal|Dark Aura
|
|upkeep
|turn|28
|
|t:|1666314166
|move|p2a: Yveltal|Taunt|p1a: Ferrothorn
|-start|p1a: Ferrothorn|move: Taunt
|cant|p1a: Ferrothorn|move: Taunt|Leech Seed
|
|upkeep
|turn|29
|
|t:|1666314173
|switch|p1a: Yveltal|Yveltal|80/100
|-ability|p1a: Yveltal|Dark Aura
|move|p2a: Yveltal|Defog|p1a: Yveltal
|-unboost|p1a: Yveltal|evasion|1
|-sideend|p1: Aberforth|Stealth Rock|[from] move: Defog|[of] p2a: Yveltal
|-sideend|p2: Meminger21|Spikes|[from] move: Defog|[of] p2a: Yveltal
|-sideend|p2: Meminger21|Stealth Rock|[from] move: Defog|[of] p2a: Yveltal
|
|upkeep
|turn|30
|
|t:|1666314180
|switch|p2a: Eternatus|Eternatus|74/100
|-ability|p2a: Eternatus|Pressure
|move|p1a: Yveltal|Toxic|p2a: Eternatus
|-immune|p2a: Eternatus
|
|upkeep
|turn|31
|
|t:|1666314185
|switch|p2a: Ho-Oh|Ho-Oh|48/100
|switch|p1a: Ferrothorn|Ferrothorn, M|70/100
|
|upkeep
|turn|32
|
|t:|1666314193
|switch|p1a: Zygarde|Zygarde|82/100
|move|p2a: Ho-Oh|Sacred Fire|p1a: Zygarde
|-resisted|p1a: Zygarde
|-damage|p1a: Zygarde|63/100
|-status|p1a: Zygarde|brn
|
|-heal|p1a: Zygarde|69/100 brn|[from] item: Leftovers
|-damage|p1a: Zygarde|63/100 brn|[from] brn
|upkeep
|turn|33
|
|t:|1666314201
|switch|p2a: Landorus|Landorus-Therian, M|88/100 tox
|-ability|p2a: Landorus|Intimidate|boost
|-unboost|p1a: Zygarde|atk|1
|move|p1a: Zygarde|Substitute|p1a: Zygarde
|-start|p1a: Zygarde|Substitute
|-damage|p1a: Zygarde|38/100 brn
|
|-heal|p1a: Zygarde|44/100 brn|[from] item: Leftovers
|-heal|p2a: Landorus|94/100 tox|[from] item: Leftovers
|-damage|p2a: Landorus|88/100 tox|[from] psn
|-damage|p1a: Zygarde|38/100 brn|[from] brn
|-activate|p1a: Zygarde|ability: Power Construct
|detailschange|p1a: Zygarde|Zygarde-Complete
|-heal|p1a: Zygarde|60/100 brn|[silent]
|upkeep
|turn|34
|
|t:|1666314219
|switch|p1a: Necrozma|Necrozma-Dusk-Mane|87/100
|move|p2a: Landorus|Stealth Rock|p1a: Necrozma
|-sidestart|p1: Aberforth|move: Stealth Rock
|
|-heal|p2a: Landorus|94/100 tox|[from] item: Leftovers
|-heal|p1a: Necrozma|93/100|[from] item: Leftovers
|-damage|p2a: Landorus|82/100 tox|[from] psn
|upkeep
|turn|35
|
|t:|1666314228
|move|p2a: Landorus|U-turn|p1a: Necrozma
|-damage|p1a: Necrozma|78/100
|
|t:|1666314230
|switch|p2a: Ho-Oh|Ho-Oh|81/100|[from]move: U-turn
|move|p1a: Necrozma|Stealth Rock|p2a: Ho-Oh
|-sidestart|p2: Meminger21|move: Stealth Rock
|
|-heal|p1a: Necrozma|84/100|[from] item: Leftovers
|upkeep
|turn|36
|
|t:|1666314237
|move|p2a: Ho-Oh|Brave Bird|p1a: Necrozma
|-resisted|p1a: Necrozma
|-damage|p1a: Necrozma|65/100
|-damage|p2a: Ho-Oh|75/100|[from] Recoil
|move|p1a: Necrozma|Morning Sun|p1a: Necrozma
|-heal|p1a: Necrozma|100/100
|
|upkeep
|turn|37
|
|t:|1666314253
|switch|p1a: Yveltal|Yveltal|80/100
|-ability|p1a: Yveltal|Dark Aura
|move|p2a: Ho-Oh|Brave Bird|p1a: Yveltal
|-damage|p1a: Yveltal|34/100
|-damage|p2a: Ho-Oh|58/100|[from] Recoil
|
|upkeep
|turn|38
|
|t:|1666314257
|move|p1a: Yveltal|Roost|p1a: Yveltal
|-heal|p1a: Yveltal|84/100
|-singleturn|p1a: Yveltal|move: Roost
|move|p2a: Ho-Oh|Sacred Fire|p1a: Yveltal
|-crit|p1a: Yveltal
|-damage|p1a: Yveltal|24/100
|
|upkeep
|turn|39
|
|t:|1666314261
|move|p1a: Yveltal|Roost|p1a: Yveltal
|-heal|p1a: Yveltal|74/100
|-singleturn|p1a: Yveltal|move: Roost
|move|p2a: Ho-Oh|Sacred Fire|p1a: Yveltal
|-damage|p1a: Yveltal|38/100
|
|upkeep
|turn|40
|
|t:|1666314267
|move|p1a: Yveltal|Roost|p1a: Yveltal
|-heal|p1a: Yveltal|88/100
|-singleturn|p1a: Yveltal|move: Roost
|move|p2a: Ho-Oh|Sacred Fire|p1a: Yveltal
|-crit|p1a: Yveltal
|-damage|p1a: Yveltal|32/100
|
|upkeep
|turn|41
|
|t:|1666314272
|move|p1a: Yveltal|Roost|p1a: Yveltal
|-heal|p1a: Yveltal|82/100
|-singleturn|p1a: Yveltal|move: Roost
|move|p2a: Ho-Oh|Thunder Wave|p1a: Yveltal
|-status|p1a: Yveltal|par
|
|upkeep
|turn|42
|
|t:|1666314278
|switch|p2a: Eternatus|Eternatus|74/100
|-damage|p2a: Eternatus|62/100|[from] Stealth Rock
|-ability|p2a: Eternatus|Pressure
|move|p1a: Yveltal|Foul Play|p2a: Eternatus
|-damage|p2a: Eternatus|39/100
|
|upkeep
|turn|43
|
|t:|1666314290
|switch|p1a: Ferrothorn|Ferrothorn, M|70/100
|-damage|p1a: Ferrothorn|64/100|[from] Stealth Rock
|move|p2a: Eternatus|Recover|p2a: Eternatus
|-heal|p2a: Eternatus|89/100
|
|upkeep
|turn|44
|
|t:|1666314297
|switch|p2a: Ho-Oh|Ho-Oh|92/100
|-damage|p2a: Ho-Oh|42/100|[from] Stealth Rock
|move|p1a: Ferrothorn|Leech Seed|p2a: Ho-Oh
|-start|p2a: Ho-Oh|move: Leech Seed
|
|-damage|p2a: Ho-Oh|29/100|[from] Leech Seed|[of] p1a: Ferrothorn
|-heal|p1a: Ferrothorn|79/100|[silent]
|upkeep
|turn|45
|
|t:|1666314305
|switch|p2a: Yveltal|Yveltal|100/100
|-ability|p2a: Yveltal|Dark Aura
|switch|p1a: Yveltal|Yveltal|82/100 par
|-ability|p1a: Yveltal|Dark Aura
|
|upkeep
|turn|46
|
|t:|1666314309
|move|p2a: Yveltal|Taunt|p1a: Yveltal
|-start|p1a: Yveltal|move: Taunt
|cant|p1a: Yveltal|move: Taunt|Toxic
|
|upkeep
|turn|47
|
|t:|1666314314
|switch|p1a: Eternatus|Eternatus|27/100 brn
|-ability|p1a: Eternatus|Pressure
|move|p2a: Yveltal|Knock Off|p1a: Eternatus
|-crit|p1a: Eternatus
|-damage|p1a: Eternatus|0 fnt
|-enditem|p1a: Eternatus|Heavy-Duty Boots|[from] move: Knock Off|[of] p2a: Yveltal
|faint|p1a: Eternatus
|
|upkeep
|
|t:|1666314320
|switch|p1a: Calyrex|Calyrex-Shadow|26/100
|-ability|p1a: Calyrex|As One
|-ability|p1a: Calyrex|Unnerve
|-damage|p1a: Calyrex|14/100|[from] Stealth Rock
|turn|48
|
|t:|1666314334
|switch|p2a: Groudon|Groudon|48/100 psn
|-damage|p2a: Groudon|41/100 psn|[from] Stealth Rock
|-weather|SunnyDay|[from] ability: Drought|[of] p2a: Groudon
|move|p1a: Calyrex|Aromatherapy|p1a: Calyrex
|-activate|p1a: Calyrex|move: Aromatherapy
|-curestatus|p1: Zygarde|brn|[msg]
|-curestatus|p1: Yveltal|par|[msg]
|
|-weather|SunnyDay|[upkeep]
|-heal|p2a: Groudon|48/100 psn|[from] item: Leftovers
|-damage|p2a: Groudon|35/100 psn|[from] psn
|upkeep
|turn|49
|
|t:|1666314342
|switch|p1a: Yveltal|Yveltal|82/100
|-ability|p1a: Yveltal|Dark Aura
|move|p2a: Groudon|Precipice Blades|p1a: Yveltal
|-immune|p1a: Yveltal
|
|-weather|SunnyDay|[upkeep]
|-heal|p2a: Groudon|41/100 psn|[from] item: Leftovers
|-damage|p2a: Groudon|29/100 psn|[from] psn
|upkeep
|turn|50
|
|t:|1666314349
|move|p1a: Yveltal|Foul Play|p2a: Groudon
|-damage|p2a: Groudon|0 fnt
|faint|p2a: Groudon
|
|-weather|SunnyDay|[upkeep]
|upkeep
|
|t:|1666314353
|switch|p2a: Eternatus|Eternatus|89/100
|-damage|p2a: Eternatus|76/100|[from] Stealth Rock
|-ability|p2a: Eternatus|Pressure
|turn|51
|
|t:|1666314374
|move|p2a: Eternatus|Dragon Pulse|p1a: Yveltal
|-damage|p1a: Yveltal|56/100
|move|p1a: Yveltal|Toxic|p2a: Eternatus
|-immune|p2a: Eternatus
|
|-weather|SunnyDay|[upkeep]
|upkeep
|turn|52
|
|t:|1666314379
|move|p2a: Eternatus|Meteor Beam||[still]
|-prepare|p2a: Eternatus|Meteor Beam
|-boost|p2a: Eternatus|spa|1
|move|p1a: Yveltal|Roost|p1a: Yveltal
|-heal|p1a: Yveltal|100/100
|-singleturn|p1a: Yveltal|move: Roost
|
|-weather|none
|upkeep
|turn|53
|
|t:|1666314382
|move|p2a: Eternatus|Meteor Beam|p1a: Yveltal|[from]lockedmove
|-supereffective|p1a: Yveltal
|-damage|p1a: Yveltal|22/100
|move|p1a: Yveltal|Foul Play|p2a: Eternatus
|-damage|p2a: Eternatus|54/100
|
|upkeep
|turn|54
|
|t:|1666314389
|switch|p1a: Ferrothorn|Ferrothorn, M|79/100
|-damage|p1a: Ferrothorn|73/100|[from] Stealth Rock
|move|p2a: Eternatus|Recover|p2a: Eternatus
|-heal|p2a: Eternatus|100/100
|
|upkeep
|turn|55
|
|t:|1666314408
|move|p2a: Eternatus|Dragon Pulse|p1a: Ferrothorn
|-resisted|p1a: Ferrothorn
|-damage|p1a: Ferrothorn|47/100
|move|p1a: Ferrothorn|Leech Seed|p2a: Eternatus
|-start|p2a: Eternatus|move: Leech Seed
|
|-damage|p2a: Eternatus|88/100|[from] Leech Seed|[of] p1a: Ferrothorn
|-heal|p1a: Ferrothorn|63/100|[silent]
|upkeep
|turn|56
|
|t:|1666314421
|switch|p2a: Yveltal|Yveltal|100/100
|-ability|p2a: Yveltal|Dark Aura
|move|p1a: Ferrothorn|Leech Seed|p2a: Yveltal|[miss]
|-miss|p1a: Ferrothorn|p2a: Yveltal
|
|upkeep
|turn|57
|
|t:|1666314434
|move|p2a: Yveltal|Knock Off|p1a: Ferrothorn
|-damage|p1a: Ferrothorn|41/100
|-damage|p2a: Yveltal|88/100|[from] ability: Iron Barbs|[of] p1a: Ferrothorn
|move|p1a: Ferrothorn|Body Press|p2a: Yveltal
|-damage|p2a: Yveltal|58/100
|
|upkeep
|turn|58
|
|t:|1666314444
|switch|p2a: Landorus|Landorus-Therian, M|82/100 tox
|-damage|p2a: Landorus|70/100 tox|[from] Stealth Rock
|-ability|p2a: Landorus|Intimidate|boost
|-unboost|p1a: Ferrothorn|atk|1
|move|p1a: Ferrothorn|Body Press|p2a: Landorus
|-resisted|p2a: Landorus
|-damage|p2a: Landorus|59/100 tox
|
|-heal|p2a: Landorus|65/100 tox|[from] item: Leftovers
|-damage|p2a: Landorus|59/100 tox|[from] psn
|upkeep
|turn|59
|
|t:|1666314451
|switch|p1a: Yveltal|Yveltal|22/100
|-ability|p1a: Yveltal|Dark Aura
|move|p2a: Landorus|Earthquake|p1a: Yveltal
|-immune|p1a: Yveltal
|
|-heal|p2a: Landorus|65/100 tox|[from] item: Leftovers
|-damage|p2a: Landorus|53/100 tox|[from] psn
|upkeep
|turn|60
|
|t:|1666314455
|move|p1a: Yveltal|Roost|p1a: Yveltal
|-heal|p1a: Yveltal|72/100
|-singleturn|p1a: Yveltal|move: Roost
|move|p2a: Landorus|U-turn|p1a: Yveltal
|-supereffective|p1a: Yveltal
|-damage|p1a: Yveltal|37/100
|
|t:|1666314465
|switch|p2a: Eternatus|Eternatus|88/100|[from]move: U-turn
|-damage|p2a: Eternatus|76/100|[from] Stealth Rock
|-ability|p2a: Eternatus|Pressure
|
|upkeep
|turn|61
|
|t:|1666314471
|switch|p1a: Ferrothorn|Ferrothorn, M|41/100
|-damage|p1a: Ferrothorn|35/100|[from] Stealth Rock
|move|p2a: Eternatus|Dragon Pulse|p1a: Ferrothorn
|-resisted|p1a: Ferrothorn
|-damage|p1a: Ferrothorn|18/100
|
|upkeep
|turn|62
|
|t:|1666314474
|move|p2a: Eternatus|Dragon Pulse|p1a: Ferrothorn
|-resisted|p1a: Ferrothorn
|-damage|p1a: Ferrothorn|0 fnt
|faint|p1a: Ferrothorn
|
|upkeep
|
|t:|1666314482
|switch|p1a: Calyrex|Calyrex-Shadow|14/100
|-ability|p1a: Calyrex|As One
|-ability|p1a: Calyrex|Unnerve
|-damage|p1a: Calyrex|2/100|[from] Stealth Rock
|turn|63
|
|t:|1666314486
|switch|p2a: Ho-Oh|Ho-Oh|62/100
|-damage|p2a: Ho-Oh|12/100|[from] Stealth Rock
|move|p1a: Calyrex|Trick|p2a: Ho-Oh
|-activate|p1a: Calyrex|move: Trick|[of] p2a: Ho-Oh
|-item|p2a: Ho-Oh|Choice Scarf|[from] move: Trick
|-enditem|p1a: Calyrex|Choice Scarf|[silent]|[from] move: Trick
|
|upkeep
|turn|64
|
|t:|1666314510
|switch|p2a: Yveltal|Yveltal|58/100
|-ability|p2a: Yveltal|Dark Aura
|move|p1a: Calyrex|Trick|p2a: Yveltal
|-activate|p1a: Calyrex|move: Trick|[of] p2a: Yveltal
|-enditem|p2a: Yveltal|Heavy-Duty Boots|[silent]|[from] move: Trick
|-item|p1a: Calyrex|Heavy-Duty Boots|[from] move: Trick
|
|upkeep
|turn|65
|
|t:|1666314522
|switch|p1a: Yveltal|Yveltal|37/100
|-ability|p1a: Yveltal|Dark Aura
|move|p2a: Yveltal|Roost|p2a: Yveltal
|-heal|p2a: Yveltal|100/100
|-singleturn|p2a: Yveltal|move: Roost
|
|upkeep
|turn|66
|
|t:|1666314530
|move|p2a: Yveltal|Knock Off|p1a: Yveltal
|-resisted|p1a: Yveltal
|-damage|p1a: Yveltal|14/100
|-enditem|p1a: Yveltal|Heavy-Duty Boots|[from] move: Knock Off|[of] p2a: Yveltal
|move|p1a: Yveltal|Roost|p1a: Yveltal
|-heal|p1a: Yveltal|64/100
|-singleturn|p1a: Yveltal|move: Roost
|
|upkeep
|turn|67
|
|t:|1666314532
|switch|p2a: Eternatus|Eternatus|76/100
|-damage|p2a: Eternatus|63/100|[from] Stealth Rock
|-ability|p2a: Eternatus|Pressure
|move|p1a: Yveltal|Toxic|p2a: Eternatus
|-immune|p2a: Eternatus
|
|upkeep
|turn|68
|
|t:|1666314538
|move|p2a: Eternatus|Cosmic Power|p2a: Eternatus
|-boost|p2a: Eternatus|def|1
|-boost|p2a: Eternatus|spd|1
|move|p1a: Yveltal|Roost|p1a: Yveltal
|-heal|p1a: Yveltal|100/100
|-singleturn|p1a: Yveltal|move: Roost
|
|upkeep
|turn|69
|
|t:|1666314544
|move|p2a: Eternatus|Recover|p2a: Eternatus
|-heal|p2a: Eternatus|100/100
|move|p1a: Yveltal|Foul Play|p2a: Eternatus
|-damage|p2a: Eternatus|85/100
|
|upkeep
|turn|70
|
|t:|1666314548
|switch|p1a: Zygarde|Zygarde-Complete|60/100
|-damage|p1a: Zygarde|54/100|[from] Stealth Rock
|move|p2a: Eternatus|Cosmic Power|p2a: Eternatus
|-boost|p2a: Eternatus|def|1
|-boost|p2a: Eternatus|spd|1
|
|-heal|p1a: Zygarde|60/100|[from] item: Leftovers
|upkeep
|turn|71
|
|t:|1666314550
|switch|p1a: Necrozma|Necrozma-Dusk-Mane|100/100
|-damage|p1a: Necrozma|94/100|[from] Stealth Rock
|move|p2a: Eternatus|Dragon Pulse|p1a: Necrozma
|-resisted|p1a: Necrozma
|-damage|p1a: Necrozma|83/100
|
|-heal|p1a: Necrozma|89/100|[from] item: Leftovers
|upkeep
|turn|72
|
|t:|1666314557
|switch|p1a: Calyrex|Calyrex-Shadow|2/100
|-ability|p1a: Calyrex|As One
|-ability|p1a: Calyrex|Unnerve
|move|p2a: Eternatus|Dragon Pulse|p1a: Calyrex
|-damage|p1a: Calyrex|0 fnt
|faint|p1a: Calyrex
|
|upkeep
|
|t:|1666314561
|switch|p1a: Yveltal|Yveltal|100/100
|-damage|p1a: Yveltal|76/100|[from] Stealth Rock
|-ability|p1a: Yveltal|Dark Aura
|turn|73
|
|t:|1666314564
|switch|p1a: Zygarde|Zygarde-Complete|60/100
|-damage|p1a: Zygarde|54/100|[from] Stealth Rock
|move|p2a: Eternatus|Meteor Beam||[still]
|-prepare|p2a: Eternatus|Meteor Beam
|-boost|p2a: Eternatus|spa|1
|
|-heal|p1a: Zygarde|60/100|[from] item: Leftovers
|upkeep
|turn|74
|
|t:|1666314569
|move|p2a: Eternatus|Meteor Beam|p1a: Zygarde|[from]lockedmove
|-resisted|p1a: Zygarde
|-damage|p1a: Zygarde|44/100
|move|p1a: Zygarde|Dragon Tail|p2a: Eternatus
|-supereffective|p2a: Eternatus
|-damage|p2a: Eternatus|65/100
|drag|p2a: Necrozma|Necrozma-Dusk-Mane|94/100
|-damage|p2a: Necrozma|88/100|[from] Stealth Rock
|
|-heal|p1a: Zygarde|50/100|[from] item: Leftovers
|-heal|p2a: Necrozma|94/100|[from] item: Leftovers
|upkeep
|turn|75
|inactive|Meminger21 has 270 seconds left.
|inactive|Meminger21 has 240 seconds left.
|
|t:|1666314633
|move|p1a: Zygarde|Dragon Dance|p1a: Zygarde
|-boost|p1a: Zygarde|atk|1
|-boost|p1a: Zygarde|spe|1
|move|p2a: Necrozma|Dragon Dance|p2a: Necrozma
|-boost|p2a: Necrozma|atk|1
|-boost|p2a: Necrozma|spe|1
|
|-heal|p1a: Zygarde|56/100|[from] item: Leftovers
|-heal|p2a: Necrozma|99/100|[from] item: Leftovers
|upkeep
|turn|76
|inactive|Aberforth has 270 seconds left.
|inactive|Aberforth has 240 seconds left.
|inactive|Aberforth has 210 seconds left.
|inactive|Aberforth has 180 seconds left.
|
|t:|1666314758
|move|p2a: Necrozma|Sunsteel Strike|p1a: Zygarde
|-crit|p1a: Zygarde
|-damage|p1a: Zygarde|6/100
|move|p1a: Zygarde|Dragon Tail|p2a: Necrozma
|-resisted|p2a: Necrozma
|-damage|p2a: Necrozma|87/100
|drag|p2a: Eternatus|Eternatus|65/100
|-damage|p2a: Eternatus|53/100|[from] Stealth Rock
|-ability|p2a: Eternatus|Pressure
|
|-heal|p1a: Zygarde|12/100|[from] item: Leftovers
|upkeep
|turn|77
|inactive|Aberforth has 180 seconds left.
|inactive|Aberforth has 150 seconds left.
|
|t:|1666314809
|switch|p2a: Landorus|Landorus-Therian, M|53/100 tox
|-damage|p2a: Landorus|41/100 tox|[from] Stealth Rock
|-ability|p2a: Landorus|Intimidate|boost
|-unboost|p1a: Zygarde|atk|1
|move|p1a: Zygarde|Thousand Arrows|p2a: Landorus
|-damage|p2a: Landorus|15/100 tox
|-start|p2a: Landorus|Smack Down
|
|-heal|p1a: Zygarde|18/100|[from] item: Leftovers
|-heal|p2a: Landorus|21/100 tox|[from] item: Leftovers
|-damage|p2a: Landorus|15/100 tox|[from] psn
|upkeep
|turn|78
|
|t:|1666314819
|move|p1a: Zygarde|Thousand Arrows|p2a: Landorus
|-damage|p2a: Landorus|0 fnt
|faint|p2a: Landorus
|
|-heal|p1a: Zygarde|25/100|[from] item: Leftovers
|upkeep
|inactive|Meminger21 has 240 seconds left.
|
|t:|1666314856
|switch|p2a: Yveltal|Yveltal|100/100
|-damage|p2a: Yveltal|76/100|[from] Stealth Rock
|-ability|p2a: Yveltal|Dark Aura
|turn|79
|
|t:|1666314873
|move|p1a: Zygarde|Thousand Arrows|p2a: Yveltal
|-damage|p2a: Yveltal|39/100
|-start|p2a: Yveltal|Smack Down
|move|p2a: Yveltal|Knock Off|p1a: Zygarde
|-damage|p1a: Zygarde|0 fnt
|-enditem|p1a: Zygarde|Leftovers|[from] move: Knock Off|[of] p2a: Yveltal
|faint|p1a: Zygarde
|
|upkeep
|
|t:|1666314878
|switch|p1a: Necrozma|Necrozma-Dusk-Mane|89/100
|-damage|p1a: Necrozma|83/100|[from] Stealth Rock
|turn|80
|
|t:|1666314883
|move|p2a: Yveltal|Roost|p2a: Yveltal
|-heal|p2a: Yveltal|89/100
|-singleturn|p2a: Yveltal|move: Roost
|move|p1a: Necrozma|Sunsteel Strike|p2a: Yveltal
|-damage|p2a: Yveltal|41/100
|
|-heal|p1a: Necrozma|89/100|[from] item: Leftovers
|upkeep
|turn|81
|inactive|Aberforth has 150 seconds left.
|
|t:|1666314888
|switch|p1a: Yveltal|Yveltal|76/100
|-damage|p1a: Yveltal|51/100|[from] Stealth Rock
|-ability|p1a: Yveltal|Dark Aura
|move|p2a: Yveltal|Roost|p2a: Yveltal
|-heal|p2a: Yveltal|91/100
|-singleturn|p2a: Yveltal|move: Roost
|
|upkeep
|turn|82
|
|t:|1666314892
|move|p2a: Yveltal|Taunt|p1a: Yveltal
|-start|p1a: Yveltal|move: Taunt
|move|p1a: Yveltal|Foul Play|p2a: Yveltal
|-resisted|p2a: Yveltal
|-damage|p2a: Yveltal|68/100
|
|upkeep
|turn|83
|
|t:|1666314894
|move|p2a: Yveltal|Knock Off|p1a: Yveltal
|-resisted|p1a: Yveltal
|-damage|p1a: Yveltal|36/100
|move|p1a: Yveltal|Foul Play|p2a: Yveltal
|-resisted|p2a: Yveltal
|-damage|p2a: Yveltal|44/100
|
|upkeep
|turn|84
|
|t:|1666314897
|move|p2a: Yveltal|Roost|p2a: Yveltal
|-heal|p2a: Yveltal|94/100
|-singleturn|p2a: Yveltal|move: Roost
|move|p1a: Yveltal|Foul Play|p2a: Yveltal
|-resisted|p2a: Yveltal
|-damage|p2a: Yveltal|70/100
|
|-end|p1a: Yveltal|move: Taunt
|upkeep
|turn|85
|
|t:|1666314900
|move|p2a: Yveltal|Taunt|p1a: Yveltal
|-start|p1a: Yveltal|move: Taunt
|move|p1a: Yveltal|Foul Play|p2a: Yveltal
|-resisted|p2a: Yveltal
|-damage|p2a: Yveltal|45/100
|
|upkeep
|turn|86
|
|t:|1666314902
|move|p1a: Yveltal|Sucker Punch||[still]
|-fail|p1a: Yveltal
|move|p2a: Yveltal|Roost|p2a: Yveltal
|-heal|p2a: Yveltal|95/100
|-singleturn|p2a: Yveltal|move: Roost
|
|upkeep
|turn|87
|c|☆Aberforth|yea gg
|-message|Aberforth forfeited.
|
|win|Meminger21
|c|☆Meminger21|gg
