|inactive|Battle timer is ON: inactive players will automatically lose when time's up.
|t:|1611456579
|player|p1|PainoGaming|shauntal|
|player|p2|FearNeverDies|lyra|
|teamsize|p1|6
|teamsize|p2|6
|gametype|singles
|gen|8
|tier|[Gen 8] Ubers
|clearpoke
|poke|p1|Xerneas|
|poke|p1|Yveltal|
|poke|p1|Groudon|
|poke|p1|Calyrex-Shadow|
|poke|p1|Shuckle, M|
|poke|p1|Necrozma-Dusk-Mane|
|poke|p2|Yveltal|
|poke|p2|Necrozma-Dusk-Mane|
|poke|p2|Eternatus|
|poke|p2|Zygarde|
|poke|p2|Ho-Oh|
|poke|p2|Calyrex-Shadow|
|rule|Sleep Clause Mod: Limit one foe put to sleep
|rule|Species Clause: Limit one of each Pokémon
|rule|OHKO Clause: OHKO moves are banned
|rule|Evasion Moves Clause: Evasion moves are banned
|rule|Endless Battle Clause: Forcing endless battles is banned
|rule|HP Percentage Mod: HP is shown in percentages
|rule|Dynamax Clause: You cannot dynamax
|teampreview
|inactive|PainoGaming also wants the timer to be on.
|c|☆PainoGaming|gl
|c|☆FearNeverDies|gl
|
|t:|1611456607
|start
|switch|p1a: Necrozma|Necrozma-Dusk-Mane|100/100
|switch|p2a: Eternatus|Eternatus|100/100
|-ability|p2a: Eternatus|Pressure
|turn|1
|
|t:|1611456615
|switch|p2a: Zygarde|Zygarde|100/100
|move|p1a: Necrozma|Earthquake|p2a: Zygarde
|-damage|p2a: Zygarde|72/100
|-damage|p1a: Necrozma|91/100|[from] item: Life Orb
|
|-heal|p2a: Zygarde|79/100|[from] item: Leftovers
|upkeep
|turn|2
|
|t:|1611456637
|move|p1a: Necrozma|Dragon Dance|p1a: Necrozma
|-boost|p1a: Necrozma|atk|1
|-boost|p1a: Necrozma|spe|1
|move|p2a: Zygarde|Glare|p1a: Necrozma
|-status|p1a: Necrozma|par
|
|-heal|p2a: Zygarde|85/100|[from] item: Leftovers
|upkeep
|turn|3
|
|t:|1611456642
|move|p2a: Zygarde|Coil|p2a: Zygarde
|-boost|p2a: Zygarde|atk|1
|-boost|p2a: Zygarde|def|1
|-boost|p2a: Zygarde|accuracy|1
|move|p1a: Necrozma|Earthquake|p2a: Zygarde
|-damage|p2a: Zygarde|59/100
|-damage|p1a: Necrozma|81/100 par|[from] item: Life Orb
|
|-heal|p2a: Zygarde|65/100|[from] item: Leftovers
|upkeep
|turn|4
|
|t:|1611456657
|switch|p1a: Calyrex|Calyrex-Shadow|100/100
|-ability|p1a: Calyrex|As One
|-ability|p1a: Calyrex|Unnerve|p2: FearNeverDies
|move|p2a: Zygarde|Coil|p2a: Zygarde
|-boost|p2a: Zygarde|atk|1
|-boost|p2a: Zygarde|def|1
|-boost|p2a: Zygarde|accuracy|1
|
|-heal|p2a: Zygarde|71/100|[from] item: Leftovers
|upkeep
|turn|5
|
|t:|1611456664
|switch|p2a: Yveltal|Yveltal|100/100
|-ability|p2a: Yveltal|Dark Aura
|move|p1a: Calyrex|Trick|p2a: Yveltal
|-activate|p1a: Calyrex|move: Trick|[of] p2a: Yveltal
|-item|p2a: Yveltal|Choice Specs|[from] move: Trick
|-item|p1a: Calyrex|Heavy-Duty Boots|[from] move: Trick
|
|upkeep
|turn|6
|
|t:|1611456686
|switch|p1a: Xerneas|Xerneas|100/100
|-ability|p1a: Xerneas|Fairy Aura
|move|p2a: Yveltal|U-turn|p1a: Xerneas
|-resisted|p1a: Xerneas
|-damage|p1a: Xerneas|93/100
|
|t:|1611456688
|switch|p2a: Necrozma|Necrozma-Dusk-Mane|100/100|[from]move: U-turn
|
|upkeep
|turn|7
|
|t:|1611456695
|switch|p1a: Shuckle|Shuckle, M|100/100
|move|p2a: Necrozma|Stealth Rock|p1a: Shuckle
|-sidestart|p1: PainoGaming|move: Stealth Rock
|
|upkeep
|turn|8
|
|t:|1611456704
|switch|p2a: Eternatus|Eternatus|100/100
|-ability|p2a: Eternatus|Pressure
|move|p1a: Shuckle|Sticky Web|p2a: Eternatus
|-sidestart|p2: FearNeverDies|move: Sticky Web
|
|upkeep
|turn|9
|
|t:|1611456708
|move|p2a: Eternatus|Toxic|p1a: Shuckle
|-status|p1a: Shuckle|tox
|move|p1a: Shuckle|Stealth Rock|p2a: Eternatus
|-sidestart|p2: FearNeverDies|move: Stealth Rock
|
|-damage|p1a: Shuckle|94/100 tox|[from] psn
|upkeep
|turn|10
|
|t:|1611456712
|switch|p2a: Ho-Oh|Ho-Oh|100/100
|move|p1a: Shuckle|Encore||[still]
|-fail|p1a: Shuckle
|
|-damage|p1a: Shuckle|82/100 tox|[from] psn
|upkeep
|turn|11
|
|t:|1611456715
|move|p2a: Ho-Oh|Defog|p1a: Shuckle
|-unboost|p1a: Shuckle|evasion|1
|-sideend|p1: PainoGaming|Stealth Rock|[from] move: Defog|[of] p2a: Ho-Oh
|-sideend|p2: FearNeverDies|Stealth Rock|[from] move: Defog|[of] p2a: Ho-Oh
|-sideend|p2: FearNeverDies|Sticky Web|[from] move: Defog|[of] p2a: Ho-Oh
|move|p1a: Shuckle|Knock Off|p2a: Ho-Oh
|-damage|p2a: Ho-Oh|96/100
|-enditem|p2a: Ho-Oh|Heavy-Duty Boots|[from] move: Knock Off|[of] p1a: Shuckle
|
|-damage|p1a: Shuckle|64/100 tox|[from] psn
|upkeep
|turn|12
|
|t:|1611456723
|move|p2a: Ho-Oh|Earthquake|p1a: Shuckle
|-damage|p1a: Shuckle|48/100 tox
|move|p1a: Shuckle|Sticky Web|p2a: Ho-Oh
|-sidestart|p2: FearNeverDies|move: Sticky Web
|
|-damage|p1a: Shuckle|23/100 tox|[from] psn
|upkeep
|turn|13
|
|t:|1611456726
|move|p2a: Ho-Oh|Defog|p1a: Shuckle
|-unboost|p1a: Shuckle|evasion|1
|-sideend|p2: FearNeverDies|Sticky Web|[from] move: Defog|[of] p2a: Ho-Oh
|move|p1a: Shuckle|Sticky Web|p2a: Ho-Oh
|-sidestart|p2: FearNeverDies|move: Sticky Web
|
|-damage|p1a: Shuckle|0 fnt|[from] psn
|faint|p1a: Shuckle
|upkeep
|
|t:|1611456738
|switch|p1a: Groudon|Groudon|100/100
|-weather|SunnyDay|[from] ability: Drought|[of] p1a: Groudon
|turn|14
|inactive|PainoGaming has 270 seconds left.
|inactive|PainoGaming has 240 seconds left.
|
|t:|1611456807
|move|p1a: Groudon|Stone Edge|p2a: Ho-Oh
|-supereffective|p2a: Ho-Oh
|-damage|p2a: Ho-Oh|0 fnt
|-damage|p1a: Groudon|91/100|[from] item: Life Orb
|faint|p2a: Ho-Oh
|
|-weather|SunnyDay|[upkeep]
|upkeep
|
|t:|1611456810
|switch|p2a: Zygarde|Zygarde|71/100
|-activate|p2a: Zygarde|move: Sticky Web
|-unboost|p2a: Zygarde|spe|1
|turn|15
|inactive|PainoGaming has 240 seconds left.
|inactive|PainoGaming has 210 seconds left.
|
|t:|1611456862
|switch|p1a: Xerneas|Xerneas|93/100
|-ability|p1a: Xerneas|Fairy Aura
|move|p2a: Zygarde|Glare|p1a: Xerneas
|-status|p1a: Xerneas|par
|
|-weather|SunnyDay|[upkeep]
|-heal|p2a: Zygarde|77/100|[from] item: Leftovers
|upkeep
|turn|16
|
|t:|1611456866
|switch|p2a: Necrozma|Necrozma-Dusk-Mane|100/100
|-activate|p2a: Necrozma|move: Sticky Web
|-unboost|p2a: Necrozma|spe|1
|move|p1a: Xerneas|Aromatherapy|p1a: Xerneas
|-activate|p1a: Xerneas|move: Aromatherapy
|-curestatus|p1a: Xerneas|par|[msg]
|-curestatus|p1: Necrozma|par|[msg]
|
|-weather|SunnyDay|[upkeep]
|upkeep
|turn|17
|
|t:|1611456874
|switch|p1a: Groudon|Groudon|91/100
|move|p2a: Necrozma|Stealth Rock|p1a: Groudon
|-sidestart|p1: PainoGaming|move: Stealth Rock
|
|-weather|SunnyDay|[upkeep]
|upkeep
|turn|18
|
|t:|1611456881
|switch|p1a: Xerneas|Xerneas|93/100
|-damage|p1a: Xerneas|81/100|[from] Stealth Rock
|-ability|p1a: Xerneas|Fairy Aura
|switch|p2a: Zygarde|Zygarde|77/100
|-activate|p2a: Zygarde|move: Sticky Web
|-unboost|p2a: Zygarde|spe|1
|
|-weather|none
|-heal|p2a: Zygarde|84/100|[from] item: Leftovers
|upkeep
|turn|19
|inactive|PainoGaming has 210 seconds left.
|inactive|PainoGaming has 180 seconds left.
|
|t:|1611456937
|switch|p1a: Necrozma|Necrozma-Dusk-Mane|81/100
|-damage|p1a: Necrozma|75/100|[from] Stealth Rock
|switch|p2a: Necrozma|Necrozma-Dusk-Mane|100/100
|-activate|p2a: Necrozma|move: Sticky Web
|-unboost|p2a: Necrozma|spe|1
|
|upkeep
|turn|20
|inactive|PainoGaming has 180 seconds left.
|
|t:|1611456949
|switch|p1a: Xerneas|Xerneas|81/100
|-damage|p1a: Xerneas|69/100|[from] Stealth Rock
|-ability|p1a: Xerneas|Fairy Aura
|move|p2a: Necrozma|Knock Off|p1a: Xerneas
|-resisted|p1a: Xerneas
|-damage|p1a: Xerneas|56/100
|-enditem|p1a: Xerneas|Power Herb|[from] move: Knock Off|[of] p2a: Necrozma
|
|upkeep
|turn|21
|inactive|PainoGaming has 180 seconds left.
|
|t:|1611456956
|switch|p1a: Calyrex|Calyrex-Shadow|100/100
|-ability|p1a: Calyrex|As One
|-ability|p1a: Calyrex|Unnerve|p2: FearNeverDies
|move|p2a: Necrozma|Knock Off|p1a: Calyrex
|-supereffective|p1a: Calyrex
|-crit|p1a: Calyrex
|-damage|p1a: Calyrex|0 fnt
|-enditem|p1a: Calyrex|Heavy-Duty Boots|[from] move: Knock Off|[of] p2a: Necrozma
|faint|p1a: Calyrex
|
|upkeep
|inactive|PainoGaming has 180 seconds left.
|
|t:|1611456965
|switch|p1a: Yveltal|Yveltal|100/100
|-damage|p1a: Yveltal|76/100|[from] Stealth Rock
|-ability|p1a: Yveltal|Dark Aura
|turn|22
|inactive|PainoGaming has 180 seconds left.
|
|t:|1611456976
|switch|p2a: Yveltal|Yveltal|100/100
|-ability|p2a: Yveltal|Dark Aura
|move|p1a: Yveltal|Knock Off|p2a: Yveltal
|-resisted|p2a: Yveltal
|-damage|p2a: Yveltal|55/100
|-enditem|p2a: Yveltal|Choice Specs|[from] move: Knock Off|[of] p1a: Yveltal
|-damage|p1a: Yveltal|66/100|[from] item: Life Orb
|
|upkeep
|turn|23
|
|t:|1611456990
|move|p2a: Yveltal|Roost|p2a: Yveltal
|-heal|p2a: Yveltal|100/100
|-singleturn|p2a: Yveltal|move: Roost
|move|p1a: Yveltal|Roost|p1a: Yveltal
|-heal|p1a: Yveltal|100/100
|-singleturn|p1a: Yveltal|move: Roost
|
|upkeep
|turn|24
|
|t:|1611456993
|move|p2a: Yveltal|Knock Off|p1a: Yveltal
|-resisted|p1a: Yveltal
|-damage|p1a: Yveltal|79/100
|-enditem|p1a: Yveltal|Life Orb|[from] move: Knock Off|[of] p2a: Yveltal
|move|p1a: Yveltal|Knock Off|p2a: Yveltal
|-resisted|p2a: Yveltal
|-damage|p2a: Yveltal|79/100
|
|upkeep
|turn|25
|
|t:|1611456998
|move|p2a: Yveltal|Knock Off|p1a: Yveltal
|-resisted|p1a: Yveltal
|-damage|p1a: Yveltal|65/100
|move|p1a: Yveltal|Knock Off|p2a: Yveltal
|-resisted|p2a: Yveltal
|-damage|p2a: Yveltal|58/100
|
|upkeep
|turn|26
|
|t:|1611457027
|move|p2a: Yveltal|Roost|p2a: Yveltal
|-heal|p2a: Yveltal|100/100
|-singleturn|p2a: Yveltal|move: Roost
|move|p1a: Yveltal|Roost|p1a: Yveltal
|-heal|p1a: Yveltal|100/100
|-singleturn|p1a: Yveltal|move: Roost
|
|upkeep
|turn|27
|
|t:|1611457034
|move|p2a: Yveltal|Knock Off|p1a: Yveltal
|-resisted|p1a: Yveltal
|-damage|p1a: Yveltal|85/100
|move|p1a: Yveltal|Dual Wingbeat|p2a: Yveltal
|-damage|p2a: Yveltal|80/100
|-damage|p2a: Yveltal|60/100
|-hitcount|p2a: Yveltal|2
|
|upkeep
|turn|28
|
|t:|1611457042
|move|p2a: Yveltal|Roost|p2a: Yveltal
|-heal|p2a: Yveltal|100/100
|-singleturn|p2a: Yveltal|move: Roost
|move|p1a: Yveltal|Dual Wingbeat|p2a: Yveltal
|-damage|p2a: Yveltal|80/100
|-damage|p2a: Yveltal|59/100
|-hitcount|p2a: Yveltal|2
|
|upkeep
|turn|29
|
|t:|1611457048
|move|p2a: Yveltal|Roost|p2a: Yveltal
|-heal|p2a: Yveltal|100/100
|-singleturn|p2a: Yveltal|move: Roost
|move|p1a: Yveltal|Dual Wingbeat|p2a: Yveltal
|-damage|p2a: Yveltal|79/100
|-damage|p2a: Yveltal|58/100
|-hitcount|p2a: Yveltal|2
|
|upkeep
|turn|30
|inactive|PainoGaming has 210 seconds left.
|
|t:|1611457059
|move|p2a: Yveltal|U-turn|p1a: Yveltal
|-damage|p1a: Yveltal|69/100
|
|t:|1611457062
|switch|p2a: Eternatus|Eternatus|100/100|[from]move: U-turn
|-ability|p2a: Eternatus|Pressure
|move|p1a: Yveltal|Dual Wingbeat|p2a: Eternatus
|-damage|p2a: Eternatus|83/100
|-crit|p2a: Eternatus
|-damage|p2a: Eternatus|58/100
|-hitcount|p2a: Eternatus|2
|
|upkeep
|turn|31
|inactive|PainoGaming has 210 seconds left.
|
|t:|1611457076
|switch|p1a: Necrozma|Necrozma-Dusk-Mane|75/100
|-damage|p1a: Necrozma|69/100|[from] Stealth Rock
|move|p2a: Eternatus|Recover|p2a: Eternatus
|-heal|p2a: Eternatus|100/100
|
|upkeep
|turn|32
|inactive|PainoGaming has 210 seconds left.
|
|t:|1611457089
|switch|p2a: Zygarde|Zygarde|84/100
|-activate|p2a: Zygarde|move: Sticky Web
|-unboost|p2a: Zygarde|spe|1
|switch|p1a: Groudon|Groudon|91/100
|-damage|p1a: Groudon|84/100|[from] Stealth Rock
|-weather|SunnyDay|[from] ability: Drought|[of] p1a: Groudon
|
|-weather|SunnyDay|[upkeep]
|-heal|p2a: Zygarde|90/100|[from] item: Leftovers
|upkeep
|turn|33
|inactive|PainoGaming has 210 seconds left.
|
|t:|1611457122
|move|p1a: Groudon|Swords Dance|p1a: Groudon
|-boost|p1a: Groudon|atk|2
|move|p2a: Zygarde|Glare|p1a: Groudon
|-status|p1a: Groudon|par
|
|-weather|SunnyDay|[upkeep]
|-heal|p2a: Zygarde|96/100|[from] item: Leftovers
|upkeep
|turn|34
|
|t:|1611457128
|move|p1a: Groudon|Precipice Blades|p2a: Zygarde|[miss]
|-miss|p1a: Groudon|p2a: Zygarde
|move|p2a: Zygarde|Coil|p2a: Zygarde
|-boost|p2a: Zygarde|atk|1
|-boost|p2a: Zygarde|def|1
|-boost|p2a: Zygarde|accuracy|1
|
|-weather|SunnyDay|[upkeep]
|-heal|p2a: Zygarde|100/100|[from] item: Leftovers
|upkeep
|turn|35
|
|t:|1611457132
|move|p1a: Groudon|Precipice Blades|p2a: Zygarde
|-damage|p2a: Zygarde|39/100
|-damage|p1a: Groudon|74/100 par|[from] item: Life Orb
|move|p2a: Zygarde|Coil|p2a: Zygarde
|-boost|p2a: Zygarde|atk|1
|-boost|p2a: Zygarde|def|1
|-boost|p2a: Zygarde|accuracy|1
|
|-weather|SunnyDay|[upkeep]
|-heal|p2a: Zygarde|45/100|[from] item: Leftovers
|-activate|p2a: Zygarde|ability: Power Construct
|detailschange|p2a: Zygarde|Zygarde-Complete
|-heal|p2a: Zygarde|64/100|[silent]
|upkeep
|turn|36
|inactive|PainoGaming has 210 seconds left.
|
|t:|1611457138
|move|p1a: Groudon|Precipice Blades|p2a: Zygarde
|-damage|p2a: Zygarde|33/100
|-damage|p1a: Groudon|64/100 par|[from] item: Life Orb
|move|p2a: Zygarde|Thousand Arrows|p1a: Groudon
|-damage|p1a: Groudon|18/100 par
|
|-weather|none
|-heal|p2a: Zygarde|39/100|[from] item: Leftovers
|upkeep
|turn|37
|
|t:|1611457144
|move|p1a: Groudon|Precipice Blades|p2a: Zygarde|[miss]
|-miss|p1a: Groudon|p2a: Zygarde
|move|p2a: Zygarde|Rest|p2a: Zygarde
|-status|p2a: Zygarde|slp|[from] move: Rest
|-heal|p2a: Zygarde|100/100 slp|[silent]
|
|upkeep
|turn|38
|inactive|PainoGaming has 210 seconds left.
|inactive|PainoGaming has 180 seconds left.
|
|t:|1611457192
|move|p1a: Groudon|Swords Dance|p1a: Groudon
|-boost|p1a: Groudon|atk|2
|cant|p2a: Zygarde|slp
|
|upkeep
|turn|39
|
|t:|1611457195
|move|p1a: Groudon|Swords Dance|p1a: Groudon
|-boost|p1a: Groudon|atk|2
|cant|p2a: Zygarde|slp
|
|upkeep
|turn|40
|
|t:|1611457198
|move|p1a: Groudon|Precipice Blades|p2a: Zygarde|[miss]
|-miss|p1a: Groudon|p2a: Zygarde
|-curestatus|p2a: Zygarde|slp|[msg]
|move|p2a: Zygarde|Thousand Arrows|p1a: Groudon
|-damage|p1a: Groudon|0 fnt
|faint|p1a: Groudon
|
|upkeep
|c|☆FearNeverDies|srry for that
|c|☆PainoGaming|my trash luck lol
|
|t:|1611457217
|switch|p1a: Yveltal|Yveltal|69/100
|-damage|p1a: Yveltal|45/100|[from] Stealth Rock
|-ability|p1a: Yveltal|Dark Aura
|turn|41
|
|t:|1611457221
|move|p1a: Yveltal|Roost|p1a: Yveltal
|-heal|p1a: Yveltal|95/100
|-singleturn|p1a: Yveltal|move: Roost
|move|p2a: Zygarde|Glare|p1a: Yveltal
|-status|p1a: Yveltal|par
|
|upkeep
|turn|42
|
|t:|1611457227
|move|p1a: Yveltal|Knock Off|p2a: Zygarde
|-damage|p2a: Zygarde|87/100
|-enditem|p2a: Zygarde|Leftovers|[from] move: Knock Off|[of] p1a: Yveltal
|move|p2a: Zygarde|Thousand Arrows|p1a: Yveltal
|-damage|p1a: Yveltal|36/100 par
|-start|p1a: Yveltal|Smack Down
|
|upkeep
|turn|43
|inactive|PainoGaming has 210 seconds left.
|
|t:|1611457233
|cant|p1a: Yveltal|par
|move|p2a: Zygarde|Thousand Arrows|p1a: Yveltal
|-damage|p1a: Yveltal|0 fnt
|faint|p1a: Yveltal
|
|upkeep
|
|t:|1611457235
|switch|p1a: Xerneas|Xerneas|56/100
|-damage|p1a: Xerneas|43/100|[from] Stealth Rock
|-ability|p1a: Xerneas|Fairy Aura
|turn|44
|
|t:|1611457237
|switch|p2a: Necrozma|Necrozma-Dusk-Mane|100/100
|-activate|p2a: Necrozma|move: Sticky Web
|-unboost|p2a: Necrozma|spe|1
|move|p1a: Xerneas|Geomancy||[still]
|-prepare|p1a: Xerneas|Geomancy
|
|upkeep
|turn|45
|-message|PainoGaming forfeited.
|
|win|FearNeverDies
|c|☆FearNeverDies|gg
|c|☆PainoGaming|gg
