|inactive|Battle timer is ON: inactive players will automatically lose when time's up.
|t:|1624164481
|gametype|singles
|player|p1|Bushtush|102|
|player|p2|King Billu|rood|
|teamsize|p1|6
|teamsize|p2|6
|gen|8
|tier|[Gen 8] Ubers
|rule|Sleep Clause Mod: Limit one foe put to sleep
|rule|Species Clause: Limit one of each Pokémon
|rule|OHKO Clause: OHKO moves are banned
|rule|Evasion Moves Clause: Evasion moves are banned
|rule|Endless Battle Clause: Forcing endless battles is banned
|rule|HP Percentage Mod: HP is shown in percentages
|rule|Dynamax Clause: You cannot dynamax
|clearpoke
|poke|p1|Zekrom|
|poke|p1|Groudon|
|poke|p1|Yveltal|
|poke|p1|Necrozma-Dusk-Mane|
|poke|p1|Calyrex-Shadow|
|poke|p1|Eternatus|
|poke|p2|Yveltal|
|poke|p2|Marshadow|
|poke|p2|Necrozma-Dusk-Mane|
|poke|p2|Eternatus|
|poke|p2|Xerneas-*|
|poke|p2|Calyrex-Shadow|
|teampreview
|c|+ez|GO BUSHTUSH
|c|+ez|as in go home fucking loser
|c|☆King Billu|gl bro
|c|☆Bushtush|.
|inactive|Bushtush has 270 seconds left.
|inactive|King Billu has 270 seconds left.
|c|☆Bushtush|woah? hello
|c|☆Bushtush|ban him someone
|inactive|King Billu has 240 seconds left.
|c|+Fylkir Pudin|do we win?
|inactive|Bushtush has 240 seconds left.
|
|t:|1624164546
|start
|switch|p1a: Groudon|Groudon|100/100
|switch|p2a: Eternatus|Eternatus|100/100
|-ability|p2a: Eternatus|Pressure
|-weather|SunnyDay|[from] ability: Drought|[of] p1a: Groudon
|turn|1
|c|+BasedWhat?|hf both but im on billu's payroll
|c|+BasedWhat?|so go billu
|
|t:|1624164574
|switch|p2a: Yveltal|Yveltal|100/100
|-ability|p2a: Yveltal|Dark Aura
|move|p1a: Groudon|Thunder Wave|p2a: Yveltal
|-status|p2a: Yveltal|par
|
|-weather|SunnyDay|[upkeep]
|upkeep
|turn|2
|inactive|Bushtush has 270 seconds left.
|inactive|Bushtush has 240 seconds left.
|
|t:|1624164628
|move|p1a: Groudon|Stone Edge|p2a: Yveltal
|-supereffective|p2a: Yveltal
|-damage|p2a: Yveltal|29/100 par
|move|p2a: Yveltal|Knock Off|p1a: Groudon
|-damage|p1a: Groudon|58/100
|-enditem|p1a: Groudon|Leftovers|[from] move: Knock Off|[of] p2a: Yveltal
|
|-weather|SunnyDay|[upkeep]
|upkeep
|turn|3
|inactive|Bushtush has 240 seconds left.
|
|t:|1624164659
|switch|p2a: Xerneas|Xerneas|100/100
|-ability|p2a: Xerneas|Fairy Aura
|move|p1a: Groudon|Stone Edge|p2a: Xerneas
|-damage|p2a: Xerneas|76/100
|
|-weather|SunnyDay|[upkeep]
|-heal|p2a: Xerneas|82/100|[from] item: Leftovers
|upkeep
|turn|4
|
|t:|1624164668
|switch|p1a: Necrozma|Necrozma-Dusk-Mane|100/100
|move|p2a: Xerneas|Aromatherapy|p2a: Xerneas
|-activate|p2a: Xerneas|move: Aromatherapy
|-curestatus|p2: Yveltal|par|[msg]
|
|-weather|SunnyDay|[upkeep]
|-heal|p2a: Xerneas|88/100|[from] item: Leftovers
|upkeep
|turn|5
|inactive|Bushtush has 240 seconds left.
|
|t:|1624164677
|switch|p2a: Necrozma|Necrozma-Dusk-Mane|100/100
|move|p1a: Necrozma|Stealth Rock|p2a: Necrozma
|-sidestart|p2: King Billu|move: Stealth Rock
|
|-weather|none
|upkeep
|turn|6
|c|+Hayburner|Yo bush hurry up we gotta amq
|inactive|Bushtush has 240 seconds left.
|
|t:|1624164688
|switch|p1a: Calyrex|Calyrex-Shadow|100/100
|-ability|p1a: Calyrex|As One
|-ability|p1a: Calyrex|Unnerve
|move|p2a: Necrozma|Stealth Rock|p1a: Calyrex
|-sidestart|p1: Bushtush|move: Stealth Rock
|
|upkeep
|turn|7
|inactive|Bushtush has 240 seconds left.
|inactive|King Billu has 270 seconds left.
|inactive|King Billu has 240 seconds left.
|inactive|King Billu has 210 seconds left.
|c|+tjay|bush win or die
|
|t:|1624164782
|switch|p2a: Yveltal|Yveltal|29/100
|-ability|p2a: Yveltal|Dark Aura
|move|p1a: Calyrex|Astral Barrage|p2a: Yveltal
|-resisted|p2a: Yveltal
|-damage|p2a: Yveltal|6/100
|
|upkeep
|turn|8
|
|t:|1624164792
|move|p1a: Calyrex|Astral Barrage|p2a: Yveltal
|-resisted|p2a: Yveltal
|-damage|p2a: Yveltal|0 fnt
|faint|p2a: Yveltal
|-ability|p1a: Calyrex|Grim Neigh|boost
|-boost|p1a: Calyrex|spa|1
|
|upkeep
|
|t:|1624164797
|switch|p2a: Marshadow|Marshadow|100/100
|-damage|p2a: Marshadow|94/100|[from] Stealth Rock
|turn|9
|c|+Waves|tagpro rfn
|inactive|Bushtush has 210 seconds left.
|inactive|King Billu has 210 seconds left.
|
|t:|1624164841
|switch|p1a: Eternatus|Eternatus|100/100
|-damage|p1a: Eternatus|88/100|[from] Stealth Rock
|-ability|p1a: Eternatus|Pressure
|move|p2a: Marshadow|Shadow Sneak|p1a: Eternatus
|-damage|p1a: Eternatus|57/100
|
|upkeep
|turn|10
|inactive|King Billu has 210 seconds left.
|
|t:|1624164862
|move|p1a: Eternatus|Recover|p1a: Eternatus
|-heal|p1a: Eternatus|100/100
|move|p2a: Marshadow|Poltergeist|p1a: Eternatus|[miss]
|-miss|p2a: Marshadow|p1a: Eternatus
|
|upkeep
|turn|11
|
|t:|1624164870
|switch|p2a: Necrozma|Necrozma-Dusk-Mane|100/100
|-damage|p2a: Necrozma|94/100|[from] Stealth Rock
|move|p1a: Eternatus|Dragon Tail|p2a: Necrozma
|-resisted|p2a: Necrozma
|-damage|p2a: Necrozma|90/100
|drag|p2a: Calyrex|Calyrex-Shadow|100/100
|-ability|p2a: Calyrex|As One
|-ability|p2a: Calyrex|Unnerve
|-damage|p2a: Calyrex|88/100|[from] Stealth Rock
|
|upkeep
|turn|12
|inactive|Bushtush has 180 seconds left.
|
|t:|1624164898
|switch|p2a: Necrozma|Necrozma-Dusk-Mane|90/100
|-damage|p2a: Necrozma|84/100|[from] Stealth Rock
|move|p1a: Eternatus|Dragon Tail|p2a: Necrozma
|-resisted|p2a: Necrozma
|-damage|p2a: Necrozma|79/100
|drag|p2a: Xerneas|Xerneas|88/100
|-damage|p2a: Xerneas|76/100|[from] Stealth Rock
|-ability|p2a: Xerneas|Fairy Aura
|
|-heal|p2a: Xerneas|82/100|[from] item: Leftovers
|upkeep
|turn|13
|inactive|Bushtush has 180 seconds left.
|
|t:|1624164908
|switch|p1a: Necrozma|Necrozma-Dusk-Mane|100/100
|-damage|p1a: Necrozma|94/100|[from] Stealth Rock
|move|p2a: Xerneas|Moonblast|p1a: Necrozma
|-resisted|p1a: Necrozma
|-damage|p1a: Necrozma|78/100
|-unboost|p1a: Necrozma|spa|1
|
|-heal|p2a: Xerneas|88/100|[from] item: Leftovers
|-heal|p1a: Necrozma|84/100|[from] item: Leftovers
|upkeep
|turn|14
|inactive|Bushtush has 180 seconds left.
|
|t:|1624164916
|switch|p2a: Necrozma|Necrozma-Dusk-Mane|79/100
|-damage|p2a: Necrozma|73/100|[from] Stealth Rock
|move|p1a: Necrozma|Thunder Wave|p2a: Necrozma
|-status|p2a: Necrozma|par
|
|-heal|p1a: Necrozma|90/100|[from] item: Leftovers
|-heal|p2a: Necrozma|79/100 par|[from] item: Leftovers
|upkeep
|turn|15
|inactive|Bushtush has 180 seconds left.
|
|t:|1624164939
|switch|p2a: Marshadow|Marshadow|94/100
|-damage|p2a: Marshadow|88/100|[from] Stealth Rock
|move|p1a: Necrozma|Thunder Wave|p2a: Marshadow
|-status|p2a: Marshadow|par
|
|-heal|p1a: Necrozma|96/100|[from] item: Leftovers
|upkeep
|turn|16
|inactive|Bushtush has 180 seconds left.
|
|t:|1624164960
|switch|p1a: Yveltal|Yveltal|100/100
|-ability|p1a: Yveltal|Dark Aura
|switch|p2a: Necrozma|Necrozma-Dusk-Mane|79/100 par
|-damage|p2a: Necrozma|73/100 par|[from] Stealth Rock
|
|-heal|p2a: Necrozma|79/100 par|[from] item: Leftovers
|upkeep
|turn|17
|inactive|King Billu has 210 seconds left.
|
|t:|1624164978
|switch|p2a: Xerneas|Xerneas|88/100
|-damage|p2a: Xerneas|76/100|[from] Stealth Rock
|-ability|p2a: Xerneas|Fairy Aura
|move|p1a: Yveltal|Knock Off|p2a: Xerneas
|-resisted|p2a: Xerneas
|-damage|p2a: Xerneas|61/100
|-enditem|p2a: Xerneas|Leftovers|[from] move: Knock Off|[of] p1a: Yveltal
|
|upkeep
|turn|18
|
|t:|1624164983
|move|p1a: Yveltal|Taunt|p2a: Xerneas
|-start|p2a: Xerneas|move: Taunt
|cant|p2a: Xerneas|move: Taunt|Aromatherapy
|
|upkeep
|turn|19
|inactive|Bushtush has 180 seconds left.
|
|t:|1624164997
|switch|p1a: Necrozma|Necrozma-Dusk-Mane|96/100
|-damage|p1a: Necrozma|90/100|[from] Stealth Rock
|switch|p2a: Necrozma|Necrozma-Dusk-Mane|79/100 par
|-damage|p2a: Necrozma|73/100 par|[from] Stealth Rock
|
|-heal|p1a: Necrozma|96/100|[from] item: Leftovers
|-heal|p2a: Necrozma|79/100 par|[from] item: Leftovers
|upkeep
|turn|20
|inactive|Bushtush has 180 seconds left.
|
|t:|1624165008
|switch|p1a: Groudon|Groudon|58/100
|-damage|p1a: Groudon|52/100|[from] Stealth Rock
|-weather|SunnyDay|[from] ability: Drought|[of] p1a: Groudon
|move|p2a: Necrozma|Sunsteel Strike|p1a: Groudon
|-damage|p1a: Groudon|13/100
|
|-weather|SunnyDay|[upkeep]
|-heal|p2a: Necrozma|85/100 par|[from] item: Leftovers
|upkeep
|turn|21
|
|t:|1624165017
|move|p1a: Groudon|Precipice Blades|p2a: Necrozma|[miss]
|-miss|p1a: Groudon|p2a: Necrozma
|move|p2a: Necrozma|Sunsteel Strike|p1a: Groudon
|-damage|p1a: Groudon|0 fnt
|faint|p1a: Groudon
|
|-weather|SunnyDay|[upkeep]
|-heal|p2a: Necrozma|91/100 par|[from] item: Leftovers
|upkeep
|
|t:|1624165023
|switch|p1a: Calyrex|Calyrex-Shadow|100/100
|-ability|p1a: Calyrex|As One
|-ability|p1a: Calyrex|Unnerve
|-damage|p1a: Calyrex|88/100|[from] Stealth Rock
|turn|22
|c|+Waves|only way to beat bush
|inactive|King Billu has 240 seconds left.
|
|t:|1624165047
|move|p1a: Calyrex|Astral Barrage|p2a: Necrozma
|-supereffective|p2a: Necrozma
|-damage|p2a: Necrozma|11/100 par
|move|p2a: Necrozma|Thunder Wave|p1a: Calyrex
|-status|p1a: Calyrex|par
|
|-weather|SunnyDay|[upkeep]
|-heal|p2a: Necrozma|17/100 par|[from] item: Leftovers
|upkeep
|turn|23
|
|t:|1624165058
|switch|p2a: Eternatus|Eternatus|100/100
|-ability|p2a: Eternatus|Pressure
|move|p1a: Calyrex|Astral Barrage|p2a: Eternatus
|-damage|p2a: Eternatus|60/100
|
|-weather|SunnyDay|[upkeep]
|upkeep
|turn|24
|
|t:|1624165072
|switch|p1a: Eternatus|Eternatus|100/100
|-damage|p1a: Eternatus|88/100|[from] Stealth Rock
|-ability|p1a: Eternatus|Pressure
|move|p2a: Eternatus|Mystical Fire|p1a: Eternatus
|-resisted|p1a: Eternatus
|-damage|p1a: Eternatus|78/100
|-unboost|p1a: Eternatus|spa|1
|
|-weather|none
|upkeep
|turn|25
|
|t:|1624165081
|switch|p1a: Necrozma|Necrozma-Dusk-Mane|96/100
|-damage|p1a: Necrozma|90/100|[from] Stealth Rock
|move|p2a: Eternatus|Recover|p2a: Eternatus
|-heal|p2a: Eternatus|100/100
|
|-heal|p1a: Necrozma|96/100|[from] item: Leftovers
|upkeep
|turn|26
|inactive|King Billu has 240 seconds left.
|
|t:|1624165092
|move|p2a: Eternatus|Mystical Fire|p1a: Necrozma
|-supereffective|p1a: Necrozma
|-damage|p1a: Necrozma|73/100
|-unboost|p1a: Necrozma|spa|1
|move|p1a: Necrozma|Sunsteel Strike|p2a: Eternatus
|-damage|p2a: Eternatus|62/100
|
|-heal|p1a: Necrozma|79/100|[from] item: Leftovers
|upkeep
|turn|27
|inactive|King Billu has 240 seconds left.
|
|t:|1624165097
|switch|p2a: Necrozma|Necrozma-Dusk-Mane|17/100 par
|-damage|p2a: Necrozma|11/100 par|[from] Stealth Rock
|move|p1a: Necrozma|Thunder Wave|p2a: Necrozma
|-fail|p2a: Necrozma|par
|
|-heal|p1a: Necrozma|85/100|[from] item: Leftovers
|-heal|p2a: Necrozma|17/100 par|[from] item: Leftovers
|upkeep
|turn|28
|
|t:|1624165103
|switch|p1a: Zekrom|Zekrom|100/100
|-damage|p1a: Zekrom|88/100|[from] Stealth Rock
|-ability|p1a: Zekrom|Teravolt
|move|p2a: Necrozma|Morning Sun|p2a: Necrozma
|-heal|p2a: Necrozma|66/100 par
|
|-heal|p2a: Necrozma|73/100 par|[from] item: Leftovers
|upkeep
|turn|29
|inactive|King Billu has 240 seconds left.
|inactive|King Billu has 210 seconds left.
|inactive|King Billu has 180 seconds left.
|
|t:|1624165189
|switch|p2a: Xerneas|Xerneas|61/100
|-damage|p2a: Xerneas|49/100|[from] Stealth Rock
|-ability|p2a: Xerneas|Fairy Aura
|move|p1a: Zekrom|Dragon Dance|p1a: Zekrom
|-boost|p1a: Zekrom|atk|1
|-boost|p1a: Zekrom|spe|1
|
|upkeep
|turn|30
|inactive|King Billu has 180 seconds left.
|
|t:|1624165202
|move|p1a: Zekrom|Bolt Strike|p2a: Xerneas
|-damage|p2a: Xerneas|0 fnt
|faint|p2a: Xerneas
|-damage|p1a: Zekrom|78/100|[from] item: Life Orb
|
|upkeep
|inactive|King Billu has 150 seconds left.
|inactive|King Billu has 120 seconds left.
|inactive|King Billu has 90 seconds left.
|
|t:|1624165301
|switch|p2a: Marshadow|Marshadow|88/100 par
|-damage|p2a: Marshadow|82/100 par|[from] Stealth Rock
|turn|31
|
|t:|1624165306
|move|p2a: Marshadow|Shadow Sneak|p1a: Zekrom
|-damage|p1a: Zekrom|46/100
|move|p1a: Zekrom|Dragon Claw|p2a: Marshadow
|-crit|p2a: Marshadow
|-damage|p2a: Marshadow|0 fnt
|faint|p2a: Marshadow
|-damage|p1a: Zekrom|36/100|[from] item: Life Orb
|
|upkeep
|
|t:|1624165310
|switch|p2a: Calyrex|Calyrex-Shadow|88/100
|-ability|p2a: Calyrex|As One
|-ability|p2a: Calyrex|Unnerve
|-damage|p2a: Calyrex|76/100|[from] Stealth Rock
|turn|32
|
|t:|1624165327
|switch|p2a: Eternatus|Eternatus|62/100
|-ability|p2a: Eternatus|Pressure
|move|p1a: Zekrom|Dragon Claw|p2a: Eternatus
|-supereffective|p2a: Eternatus
|-damage|p2a: Eternatus|0 fnt
|faint|p2a: Eternatus
|-damage|p1a: Zekrom|26/100|[from] item: Life Orb
|
|upkeep
|
|t:|1624165330
|switch|p2a: Calyrex|Calyrex-Shadow|76/100
|-ability|p2a: Calyrex|As One
|-ability|p2a: Calyrex|Unnerve
|-damage|p2a: Calyrex|64/100|[from] Stealth Rock
|turn|33
|
|t:|1624165333
|move|p2a: Calyrex|Astral Barrage|p1a: Zekrom
|-damage|p1a: Zekrom|0 fnt
|faint|p1a: Zekrom
|-ability|p2a: Calyrex|Grim Neigh|boost
|-boost|p2a: Calyrex|spa|1
|
|upkeep
|inactive|Bushtush has 270 seconds left.
|
|t:|1624165339
|switch|p1a: Yveltal|Yveltal|100/100
|-ability|p1a: Yveltal|Dark Aura
|turn|34
|
|t:|1624165344
|move|p2a: Calyrex|Astral Barrage|p1a: Yveltal
|-resisted|p1a: Yveltal
|-damage|p1a: Yveltal|56/100
|move|p1a: Yveltal|Knock Off|p2a: Calyrex
|-supereffective|p2a: Calyrex
|-damage|p2a: Calyrex|0 fnt
|-enditem|p2a: Calyrex|Choice Scarf|[from] move: Knock Off|[of] p1a: Yveltal
|faint|p2a: Calyrex
|
|upkeep
|
|t:|1624165347
|switch|p2a: Necrozma|Necrozma-Dusk-Mane|73/100 par
|-damage|p2a: Necrozma|66/100 par|[from] Stealth Rock
|turn|35
|
|t:|1624165354
|move|p1a: Yveltal|Taunt|p2a: Necrozma
|-start|p2a: Necrozma|move: Taunt
|cant|p2a: Necrozma|move: Taunt|Thunder Wave
|
|-heal|p2a: Necrozma|73/100 par|[from] item: Leftovers
|upkeep
|turn|36
|c|☆King Billu|gg
|c|☆Bushtush|gg
|
|t:|1624165359
|move|p1a: Yveltal|Knock Off|p2a: Necrozma
|-supereffective|p2a: Necrozma
|-damage|p2a: Necrozma|28/100 par
|-enditem|p2a: Necrozma|Leftovers|[from] move: Knock Off|[of] p1a: Yveltal
|move|p2a: Necrozma|Sunsteel Strike|p1a: Yveltal
|-damage|p1a: Yveltal|13/100
|
|upkeep
|turn|37
|
|t:|1624165363
|move|p1a: Yveltal|Knock Off|p2a: Necrozma
|-supereffective|p2a: Necrozma
|-damage|p2a: Necrozma|0 fnt
|faint|p2a: Necrozma
|
|win|Bushtush
