|inactive|Battle timer is ON: inactive players will automatically lose when time's up.
|t:|1655357345
|gametype|singles
|player|p1|Skarph♫|lucas-gen4pt|
|player|p2|Trade|may|
|teamsize|p1|6
|teamsize|p2|6
|gen|8
|tier|[Gen 8] Ubers
|rule|Sleep Clause Mod: Limit one foe put to sleep
|rule|Species Clause: Limit one of each Pokémon
|rule|OHKO Clause: OHKO moves are banned
|rule|Evasion Moves Clause: Evasion moves are banned
|rule|Endless Battle Clause: Forcing endless battles is banned
|rule|HP Percentage Mod: HP is shown in percentages
|rule|Dynamax Clause: You cannot dynamax
|clearpoke
|poke|p1|Necrozma-Dusk-Mane|
|poke|p1|Pheromosa|
|poke|p1|Kyogre|
|poke|p1|Yveltal|
|poke|p1|Xerneas-*|
|poke|p1|Marshadow|
|poke|p2|Eternatus|
|poke|p2|Ferrothorn, F|
|poke|p2|Ho-Oh|
|poke|p2|Yveltal|
|poke|p2|Necrozma-Dusk-Mane|
|poke|p2|Calyrex-Shadow|
|teampreview
|c|☆Skarph♫|hf
|c|☆Trade|hf
|c|+Aberforth|upl?
|c|☆Trade|yea
|c|+Aberforth|i meant ult
|c|☆Skarph♫|ult actually ;
|c|☆Trade|no its actly a civil war
|inactive|Skarph♫ has 270 seconds left.
|c|+BALOOR|baloor
|
|t:|1655357386
|start
|switch|p1a: Kyogre|Kyogre|100/100
|switch|p2a: Ho-Oh|Ho-Oh|100/100
|-weather|RainDance|[from] ability: Drizzle|[of] p1a: Kyogre
|turn|1
|
|t:|1655357408
|switch|p2a: Eternatus|Eternatus|100/100
|-ability|p2a: Eternatus|Pressure
|move|p1a: Kyogre|Ice Beam|p2a: Eternatus
|-supereffective|p2a: Eternatus
|-damage|p2a: Eternatus|30/100
|
|-weather|RainDance|[upkeep]
|upkeep
|turn|2
|
|t:|1655357420
|move|p2a: Eternatus|Recover|p2a: Eternatus
|-heal|p2a: Eternatus|80/100
|move|p1a: Kyogre|Ice Beam|p2a: Eternatus
|-supereffective|p2a: Eternatus
|-damage|p2a: Eternatus|14/100
|
|-weather|RainDance|[upkeep]
|upkeep
|turn|3
|
|t:|1655357432
|move|p2a: Eternatus|Meteor Beam||[still]
|-prepare|p2a: Eternatus|Meteor Beam
|-boost|p2a: Eternatus|spa|1
|-enditem|p2a: Eternatus|Power Herb
|-anim|p2a: Eternatus|Meteor Beam|p1a: Kyogre
|-damage|p1a: Kyogre|51/100
|move|p1a: Kyogre|Ice Beam|p2a: Eternatus
|-supereffective|p2a: Eternatus
|-damage|p2a: Eternatus|0 fnt
|faint|p2a: Eternatus
|
|-weather|RainDance|[upkeep]
|upkeep
|
|t:|1655357438
|switch|p2a: Necrozma|Necrozma-Dusk-Mane|100/100
|turn|4
|-activate|p1a: Kyogre|item: Quick Claw
|
|t:|1655357444
|move|p1a: Kyogre|Origin Pulse|p2a: Necrozma
|-damage|p2a: Necrozma|34/100
|move|p2a: Necrozma|Stealth Rock|p1a: Kyogre
|-sidestart|p1: Skarph♫|move: Stealth Rock
|
|-weather|RainDance|[upkeep]
|upkeep
|turn|5
|
|t:|1655357448
|switch|p2a: Ferrothorn|Ferrothorn, F|100/100
|move|p1a: Kyogre|Origin Pulse|p2a: Ferrothorn
|-resisted|p2a: Ferrothorn
|-damage|p2a: Ferrothorn|66/100
|
|-weather|none
|-heal|p2a: Ferrothorn|72/100|[from] item: Leftovers
|upkeep
|turn|6
|inactive|Skarph♫ has 270 seconds left.
|
|t:|1655357493
|switch|p1a: Marshadow|Marshadow|100/100
|-damage|p1a: Marshadow|94/100|[from] Stealth Rock
|move|p2a: Ferrothorn|Leech Seed|p1a: Marshadow
|-start|p1a: Marshadow|move: Leech Seed
|
|-heal|p2a: Ferrothorn|79/100|[from] item: Leftovers
|-damage|p1a: Marshadow|82/100|[from] Leech Seed|[of] p2a: Ferrothorn
|-heal|p2a: Ferrothorn|90/100|[silent]
|upkeep
|turn|7
|
|t:|1655357500
|switch|p1a: Kyogre|Kyogre|51/100
|-damage|p1a: Kyogre|38/100|[from] Stealth Rock
|-weather|RainDance|[from] ability: Drizzle|[of] p1a: Kyogre
|move|p2a: Ferrothorn|Spikes|p1a: Kyogre
|-sidestart|p1: Skarph♫|Spikes
|
|-weather|RainDance|[upkeep]
|-heal|p2a: Ferrothorn|96/100|[from] item: Leftovers
|upkeep
|turn|8
|
|t:|1655357507
|move|p1a: Kyogre|Origin Pulse|p2a: Ferrothorn
|-resisted|p2a: Ferrothorn
|-damage|p2a: Ferrothorn|64/100
|move|p2a: Ferrothorn|Leech Seed|p1a: Kyogre
|-start|p1a: Kyogre|move: Leech Seed
|
|-weather|RainDance|[upkeep]
|-heal|p2a: Ferrothorn|71/100|[from] item: Leftovers
|-damage|p1a: Kyogre|26/100|[from] Leech Seed|[of] p2a: Ferrothorn
|-heal|p2a: Ferrothorn|83/100|[silent]
|upkeep
|turn|9
|-activate|p1a: Kyogre|item: Quick Claw
|
|t:|1655357509
|move|p1a: Kyogre|Origin Pulse|p2a: Ferrothorn
|-resisted|p2a: Ferrothorn
|-damage|p2a: Ferrothorn|50/100
|move|p2a: Ferrothorn|Leech Seed||[still]
|-fail|p2a: Ferrothorn
|
|-weather|RainDance|[upkeep]
|-heal|p2a: Ferrothorn|56/100|[from] item: Leftovers
|-damage|p1a: Kyogre|14/100|[from] Leech Seed|[of] p2a: Ferrothorn
|-heal|p2a: Ferrothorn|68/100|[silent]
|upkeep
|turn|10
|
|t:|1655357512
|switch|p1a: Xerneas|Xerneas|100/100
|-damage|p1a: Xerneas|88/100|[from] Stealth Rock
|-damage|p1a: Xerneas|76/100|[from] Spikes
|-ability|p1a: Xerneas|Fairy Aura
|move|p2a: Ferrothorn|Spikes|p1a: Xerneas
|-sidestart|p1: Skarph♫|Spikes
|
|-weather|RainDance|[upkeep]
|-heal|p2a: Ferrothorn|75/100|[from] item: Leftovers
|upkeep
|turn|11
|
|t:|1655357519
|move|p1a: Xerneas|Substitute|p1a: Xerneas
|-start|p1a: Xerneas|Substitute
|-damage|p1a: Xerneas|51/100
|move|p2a: Ferrothorn|Toxic||[still]
|-fail|p2a: Ferrothorn
|
|-weather|none
|-heal|p2a: Ferrothorn|81/100|[from] item: Leftovers
|upkeep
|turn|12
|
|t:|1655357525
|switch|p2a: Ho-Oh|Ho-Oh|100/100
|move|p1a: Xerneas|Geomancy||[still]
|-prepare|p1a: Xerneas|Geomancy
|-enditem|p1a: Xerneas|Power Herb
|-anim|p1a: Xerneas|Geomancy|p1a: Xerneas
|-boost|p1a: Xerneas|spa|2
|-boost|p1a: Xerneas|spd|2
|-boost|p1a: Xerneas|spe|2
|
|upkeep
|turn|13
|
|t:|1655357530
|move|p1a: Xerneas|Thunder|p2a: Ho-Oh
|-supereffective|p2a: Ho-Oh
|-damage|p2a: Ho-Oh|3/100
|move|p2a: Ho-Oh|Whirlwind|p1a: Xerneas
|drag|p1a: Marshadow|Marshadow|82/100
|-damage|p1a: Marshadow|76/100|[from] Stealth Rock
|-damage|p1a: Marshadow|59/100|[from] Spikes
|
|upkeep
|turn|14
|
|t:|1655357537
|switch|p2a: Necrozma|Necrozma-Dusk-Mane|34/100
|move|p1a: Marshadow|Low Kick|p2a: Necrozma
|-damage|p2a: Necrozma|0 fnt
|faint|p2a: Necrozma
|-damage|p1a: Marshadow|49/100|[from] item: Life Orb
|
|upkeep
|
|t:|1655357542
|switch|p2a: Yveltal|Yveltal|100/100
|-ability|p2a: Yveltal|Dark Aura
|turn|15
|
|t:|1655357545
|switch|p1a: Kyogre|Kyogre|14/100
|-damage|p1a: Kyogre|1/100|[from] Stealth Rock
|-damage|p1a: Kyogre|0 fnt|[from] Spikes
|faint|p1a: Kyogre
|move|p2a: Yveltal|Foul Play|p1: Kyogre|[notarget]
|-fail|p2a: Yveltal
|
|upkeep
|
|t:|1655357557
|switch|p1a: Xerneas|Xerneas|51/100
|-damage|p1a: Xerneas|38/100|[from] Stealth Rock
|-damage|p1a: Xerneas|22/100|[from] Spikes
|-ability|p1a: Xerneas|Fairy Aura
|turn|16
|
|t:|1655357562
|switch|p2a: Ferrothorn|Ferrothorn, F|81/100
|move|p1a: Xerneas|Moonblast|p2a: Ferrothorn
|-resisted|p2a: Ferrothorn
|-damage|p2a: Ferrothorn|56/100
|
|-heal|p2a: Ferrothorn|63/100|[from] item: Leftovers
|upkeep
|turn|17
|
|t:|1655357567
|move|p1a: Xerneas|Moonblast|p2a: Ferrothorn
|-resisted|p2a: Ferrothorn
|-damage|p2a: Ferrothorn|38/100
|move|p2a: Ferrothorn|Spikes|p1a: Xerneas
|-sidestart|p1: Skarph♫|Spikes
|
|-heal|p2a: Ferrothorn|45/100|[from] item: Leftovers
|upkeep
|turn|18
|
|t:|1655357570
|move|p1a: Xerneas|Moonblast|p2a: Ferrothorn
|-resisted|p2a: Ferrothorn
|-damage|p2a: Ferrothorn|22/100
|move|p2a: Ferrothorn|Leech Seed|p1a: Xerneas
|-start|p1a: Xerneas|move: Leech Seed
|
|-heal|p2a: Ferrothorn|28/100|[from] item: Leftovers
|-damage|p1a: Xerneas|9/100|[from] Leech Seed|[of] p2a: Ferrothorn
|-heal|p2a: Ferrothorn|42/100|[silent]
|upkeep
|turn|19
|
|t:|1655357582
|move|p1a: Xerneas|Moonblast|p2a: Ferrothorn
|-resisted|p2a: Ferrothorn
|-damage|p2a: Ferrothorn|19/100
|move|p2a: Ferrothorn|Bullet Seed|p1a: Xerneas
|-damage|p1a: Xerneas|3/100
|-damage|p1a: Xerneas|0 fnt
|faint|p1a: Xerneas
|-hitcount|p1: Xerneas|2
|
|-heal|p2a: Ferrothorn|25/100|[from] item: Leftovers
|upkeep
|inactive|Skarph♫ has 270 seconds left.
|
|t:|1655357614
|switch|p1a: Pheromosa|Pheromosa|100/100
|-damage|p1a: Pheromosa|88/100|[from] Stealth Rock
|-damage|p1a: Pheromosa|63/100|[from] Spikes
|turn|20
|
|t:|1655357618
|switch|p2a: Calyrex|Calyrex-Shadow|100/100
|-ability|p2a: Calyrex|As One
|-ability|p2a: Calyrex|Unnerve
|move|p1a: Pheromosa|Rapid Spin|p2a: Calyrex
|-immune|p2a: Calyrex
|
|upkeep
|turn|21
|
|t:|1655357621
|switch|p2a: Yveltal|Yveltal|100/100
|-ability|p2a: Yveltal|Dark Aura
|move|p1a: Pheromosa|U-turn|p2a: Yveltal
|-damage|p2a: Yveltal|60/100
|-damage|p1a: Pheromosa|54/100|[from] item: Life Orb
|
|t:|1655357638
|switch|p1a: Yveltal|Yveltal|100/100|[from]move: U-turn
|-damage|p1a: Yveltal|76/100|[from] Stealth Rock
|-ability|p1a: Yveltal|Dark Aura
|
|upkeep
|turn|22
|inactive|Skarph♫ has 270 seconds left.
|
|t:|1655357663
|move|p2a: Yveltal|U-turn|p1a: Yveltal
|-damage|p1a: Yveltal|57/100
|
|t:|1655357666
|switch|p2a: Ferrothorn|Ferrothorn, F|25/100|[from]move: U-turn
|move|p1a: Yveltal|Hone Claws|p1a: Yveltal
|-boost|p1a: Yveltal|atk|1
|-boost|p1a: Yveltal|accuracy|1
|
|-heal|p2a: Ferrothorn|31/100|[from] item: Leftovers
|upkeep
|turn|23
|
|t:|1655357674
|move|p1a: Yveltal|Knock Off|p2a: Ferrothorn
|-damage|p2a: Ferrothorn|0 fnt
|-damage|p1a: Yveltal|45/100|[from] ability: Iron Barbs|[of] p2a: Ferrothorn
|-enditem|p2a: Ferrothorn|Leftovers|[from] move: Knock Off|[of] p1a: Yveltal
|faint|p2a: Ferrothorn
|
|upkeep
|
|t:|1655357676
|switch|p2a: Calyrex|Calyrex-Shadow|100/100
|-ability|p2a: Calyrex|As One
|-ability|p2a: Calyrex|Unnerve
|turn|24
|
|t:|1655357704
|move|p2a: Calyrex|Astral Barrage|p1a: Yveltal
|-resisted|p1a: Yveltal
|-damage|p1a: Yveltal|0 fnt
|faint|p1a: Yveltal
|-ability|p2a: Calyrex|Grim Neigh|boost
|-boost|p2a: Calyrex|spa|1
|
|upkeep
|inactive|Skarph♫ has 270 seconds left.
|
|t:|1655357739
|switch|p1a: Pheromosa|Pheromosa|54/100
|-damage|p1a: Pheromosa|41/100|[from] Stealth Rock
|-damage|p1a: Pheromosa|16/100|[from] Spikes
|turn|25
|inactive|Skarph♫ has 240 seconds left.
|
|t:|1655357758
|switch|p2a: Ho-Oh|Ho-Oh|36/100
|move|p1a: Pheromosa|Rapid Spin|p2a: Ho-Oh
|-damage|p2a: Ho-Oh|18/100
|-boost|p1a: Pheromosa|spe|1
|-sideend|p1: Skarph♫|Spikes|[from] move: Rapid Spin|[of] p1a: Pheromosa
|-sideend|p1: Skarph♫|Stealth Rock|[from] move: Rapid Spin|[of] p1a: Pheromosa
|-damage|p1a: Pheromosa|7/100|[from] item: Life Orb
|
|upkeep
|turn|26
|inactive|Skarph♫ has 240 seconds left.
|
|t:|1655357773
|switch|p2a: Calyrex|Calyrex-Shadow|100/100
|-ability|p2a: Calyrex|As One
|-ability|p2a: Calyrex|Unnerve
|move|p1a: Pheromosa|Triple Axel|p2a: Calyrex|[miss]
|-miss|p1a: Pheromosa|p2a: Calyrex
|
|upkeep
|turn|27
|inactive|Skarph♫ has 240 seconds left.
|
|t:|1655357785
|switch|p2a: Ho-Oh|Ho-Oh|51/100
|move|p1a: Pheromosa|Triple Axel|p2a: Ho-Oh
|-crit|p2a: Ho-Oh
|-damage|p2a: Ho-Oh|39/100
|-hitcount|p2a: Ho-Oh|1
|-damage|p1a: Pheromosa|0 fnt|[from] item: Life Orb
|faint|p1a: Pheromosa
|
|upkeep
|
|t:|1655357788
|switch|p1a: Marshadow|Marshadow|49/100
|turn|28
|inactive|Skarph♫ has 240 seconds left.
|
|t:|1655357807
|move|p1a: Marshadow|Bulk Up|p1a: Marshadow
|-boost|p1a: Marshadow|atk|1
|-boost|p1a: Marshadow|def|1
|move|p2a: Ho-Oh|Brave Bird|p1a: Marshadow
|-supereffective|p1a: Marshadow
|-damage|p1a: Marshadow|0 fnt
|faint|p1a: Marshadow
|-damage|p2a: Ho-Oh|27/100|[from] Recoil
|
|upkeep
|
|t:|1655357809
|switch|p1a: Necrozma|Necrozma-Dusk-Mane|100/100
|turn|29
|
|t:|1655357816
|move|p2a: Ho-Oh|Sacred Fire|p1a: Necrozma
|-supereffective|p1a: Necrozma
|-damage|p1a: Necrozma|42/100
|move|p1a: Necrozma|Dragon Dance|p1a: Necrozma
|-boost|p1a: Necrozma|atk|1
|-boost|p1a: Necrozma|spe|1
|
|upkeep
|turn|30
|
|t:|1655357820
|move|p1a: Necrozma|Morning Sun|p1a: Necrozma
|-heal|p1a: Necrozma|92/100
|move|p2a: Ho-Oh|Thunder Wave|p1a: Necrozma
|-status|p1a: Necrozma|par
|-enditem|p1a: Necrozma|Lum Berry|[eat]
|-curestatus|p1a: Necrozma|par|[msg]
|
|upkeep
|turn|31
|inactive|Skarph♫ has 240 seconds left.
|
|t:|1655357855
|move|p1a: Necrozma|Dragon Dance|p1a: Necrozma
|-boost|p1a: Necrozma|atk|1
|-boost|p1a: Necrozma|spe|1
|move|p2a: Ho-Oh|Thunder Wave|p1a: Necrozma
|-status|p1a: Necrozma|par
|
|upkeep
|turn|32
|
|t:|1655357862
|switch|p2a: Calyrex|Calyrex-Shadow|100/100
|-ability|p2a: Calyrex|As One
|-ability|p2a: Calyrex|Unnerve
|move|p1a: Necrozma|Dragon Dance|p1a: Necrozma
|-boost|p1a: Necrozma|atk|1
|-boost|p1a: Necrozma|spe|1
|
|upkeep
|turn|33
|
|t:|1655357864
|move|p2a: Calyrex|Astral Barrage|p1a: Necrozma
|-supereffective|p1a: Necrozma
|-damage|p1a: Necrozma|0 fnt
|faint|p1a: Necrozma
|
|win|Trade
|c|☆Skarph♫|gg
|c|☆Trade|gg
|player|p2|Trade|may
