|inactive|Battle timer is ON: inactive players will automatically lose when time's up.
|t:|1667163184
|gametype|singles
|player|p1|Fc ❤|#lcplxiskittycommittee|
|player|p2|RichardMillePlain|266|
|teamsize|p1|6
|teamsize|p2|6
|gen|8
|tier|[Gen 8] Ubers
|rule|Sleep Clause Mod: Limit one foe put to sleep
|rule|Species Clause: Limit one of each Pokémon
|rule|OHKO Clause: OHKO moves are banned
|rule|Evasion Items Clause: Evasion items are banned
|rule|Evasion Moves Clause: Evasion moves are banned
|rule|Endless Battle Clause: Forcing endless battles is banned
|rule|HP Percentage Mod: HP is shown in percentages
|rule|Dynamax Clause: You cannot dynamax
|clearpoke
|poke|p1|Melmetal|
|poke|p1|Necrozma-Dusk-Mane|
|poke|p1|Yveltal|
|poke|p1|Eternatus|
|poke|p1|Ho-Oh|
|poke|p1|Kyogre|
|poke|p2|Xerneas-*|
|poke|p2|Necrozma-Dusk-Mane|
|poke|p2|Yveltal|
|poke|p2|Eternatus|
|poke|p2|Groudon|
|poke|p2|Calyrex-Shadow|
|teampreview
|raw|<div class="broadcast-red"><strong>Moderated chat was set to ☆!</strong><br />Only users of rank ☆ and higher can talk.</div>
|c|☆Fc ❤|hf
|c|☆RichardMillePlain|hf
|inactive|RichardMillePlain has 270 seconds left.
|
|t:|1667163215
|start
|switch|p1a: Necrozma|Necrozma-Dusk-Mane|100/100
|switch|p2a: Yveltal|Yveltal|100/100
|-ability|p2a: Yveltal|Dark Aura
|turn|1
|
|t:|1667163225
|switch|p1a: Eternatus|Eternatus|100/100
|-ability|p1a: Eternatus|Pressure
|move|p2a: Yveltal|U-turn|p1a: Eternatus
|-resisted|p1a: Eternatus
|-damage|p1a: Eternatus|94/100
|
|t:|1667163227
|switch|p2a: Groudon|Groudon|100/100|[from]move: U-turn
|-weather|SunnyDay|[from] ability: Drought|[of] p2a: Groudon
|
|-weather|SunnyDay|[upkeep]
|upkeep
|turn|2
|
|t:|1667163258
|switch|p1a: Kyogre|Kyogre|100/100
|-weather|RainDance|[from] ability: Drizzle|[of] p1a: Kyogre
|move|p2a: Groudon|Precipice Blades|p1a: Kyogre
|-damage|p1a: Kyogre|19/100
|
|-weather|RainDance|[upkeep]
|upkeep
|turn|3
|
|t:|1667163265
|switch|p2a: Yveltal|Yveltal|100/100
|-ability|p2a: Yveltal|Dark Aura
|move|p1a: Kyogre|Ice Beam|p2a: Yveltal
|-supereffective|p2a: Yveltal
|-damage|p2a: Yveltal|62/100
|
|-weather|RainDance|[upkeep]
|upkeep
|turn|4
|
|t:|1667163277
|move|p1a: Kyogre|Ice Beam|p2a: Yveltal
|-supereffective|p2a: Yveltal
|-damage|p2a: Yveltal|20/100
|move|p2a: Yveltal|Knock Off|p1a: Kyogre
|-damage|p1a: Kyogre|0 fnt
|-enditem|p1a: Kyogre|Choice Scarf|[from] move: Knock Off|[of] p2a: Yveltal
|faint|p1a: Kyogre
|
|-weather|RainDance|[upkeep]
|upkeep
|
|t:|1667163281
|switch|p1a: Eternatus|Eternatus|94/100
|-ability|p1a: Eternatus|Pressure
|turn|5
|
|t:|1667163285
|switch|p1a: Ho-Oh|Ho-Oh, shiny|100/100
|switch|p2a: Necrozma|Necrozma-Dusk-Mane|100/100
|
|-weather|RainDance|[upkeep]
|upkeep
|turn|6
|
|t:|1667163289
|move|p1a: Ho-Oh|Sacred Fire|p2a: Necrozma
|-supereffective|p2a: Necrozma
|-damage|p2a: Necrozma|73/100
|move|p2a: Necrozma|Thunder Wave|p1a: Ho-Oh
|-status|p1a: Ho-Oh|par
|
|-weather|none
|-heal|p2a: Necrozma|79/100|[from] item: Leftovers
|upkeep
|turn|7
|
|t:|1667163296
|switch|p2a: Xerneas|Xerneas|100/100
|-ability|p2a: Xerneas|Fairy Aura
|move|p1a: Ho-Oh|Sacred Fire|p2a: Xerneas
|-damage|p2a: Xerneas|69/100
|
|-heal|p2a: Xerneas|75/100|[from] item: Leftovers
|upkeep
|turn|8
|
|t:|1667163321
|move|p2a: Xerneas|Moonblast|p1a: Ho-Oh
|-resisted|p1a: Ho-Oh
|-damage|p1a: Ho-Oh|84/100 par
|move|p1a: Ho-Oh|Brave Bird|p2a: Xerneas
|-crit|p2a: Xerneas
|-damage|p2a: Xerneas|22/100
|-damage|p1a: Ho-Oh|63/100 par|[from] Recoil
|
|-heal|p2a: Xerneas|28/100|[from] item: Leftovers
|upkeep
|turn|9
|
|t:|1667163323
|switch|p1a: Necrozma|Necrozma-Dusk-Mane|100/100
|move|p2a: Xerneas|Rest|p2a: Xerneas
|-status|p2a: Xerneas|slp|[from] move: Rest
|-heal|p2a: Xerneas|100/100 slp|[silent]
|
|upkeep
|turn|10
|
|t:|1667163325
|switch|p2a: Groudon|Groudon|100/100
|-weather|SunnyDay|[from] ability: Drought|[of] p2a: Groudon
|move|p1a: Necrozma|Stealth Rock|p2a: Groudon
|-sidestart|p2: RichardMillePlain|move: Stealth Rock
|
|-weather|SunnyDay|[upkeep]
|upkeep
|turn|11
|
|t:|1667163329
|move|p1a: Necrozma|Toxic|p2a: Groudon
|-status|p2a: Groudon|tox
|move|p2a: Groudon|Bulk Up|p2a: Groudon
|-boost|p2a: Groudon|atk|1
|-boost|p2a: Groudon|def|1
|
|-weather|SunnyDay|[upkeep]
|-damage|p2a: Groudon|94/100 tox|[from] psn
|upkeep
|turn|12
|
|t:|1667163333
|move|p1a: Necrozma|Iron Head|p2a: Groudon
|-damage|p2a: Groudon|78/100 tox
|move|p2a: Groudon|Heat Crash|p1a: Necrozma
|-supereffective|p1a: Necrozma
|-damage|p1a: Necrozma|41/100
|
|-weather|SunnyDay|[upkeep]
|-heal|p2a: Groudon|85/100 tox|[from] item: Leftovers
|-heal|p1a: Necrozma|47/100|[from] item: Leftovers
|-damage|p2a: Groudon|72/100 tox|[from] psn
|upkeep
|turn|13
|
|t:|1667163335
|move|p1a: Necrozma|Moonlight|p1a: Necrozma
|-heal|p1a: Necrozma|100/100
|move|p2a: Groudon|Precipice Blades|p1a: Necrozma
|-supereffective|p1a: Necrozma
|-damage|p1a: Necrozma|0 fnt
|faint|p1a: Necrozma
|
|-weather|SunnyDay|[upkeep]
|-heal|p2a: Groudon|78/100 tox|[from] item: Leftovers
|-damage|p2a: Groudon|60/100 tox|[from] psn
|upkeep
|
|t:|1667163341
|switch|p1a: Eternatus|Eternatus|94/100
|-ability|p1a: Eternatus|Pressure
|turn|14
|
|t:|1667163343
|switch|p2a: Necrozma|Necrozma-Dusk-Mane|79/100
|-damage|p2a: Necrozma|73/100|[from] Stealth Rock
|move|p1a: Eternatus|Dragon Pulse|p2a: Necrozma
|-resisted|p2a: Necrozma
|-damage|p2a: Necrozma|61/100
|
|-weather|none
|-heal|p2a: Necrozma|67/100|[from] item: Leftovers
|upkeep
|turn|15
|
|t:|1667163347
|switch|p1a: Ho-Oh|Ho-Oh, shiny|97/100 par
|move|p2a: Necrozma|Stealth Rock|p1a: Ho-Oh
|-sidestart|p1: Fc ❤|move: Stealth Rock
|
|-heal|p2a: Necrozma|73/100|[from] item: Leftovers
|upkeep
|turn|16
|
|t:|1667163352
|switch|p2a: Eternatus|Eternatus|100/100
|-ability|p2a: Eternatus|Pressure
|cant|p1a: Ho-Oh|par
|
|upkeep
|turn|17
|
|t:|1667163354
|switch|p2a: Xerneas|Xerneas|100/100 slp
|-damage|p2a: Xerneas|88/100 slp|[from] Stealth Rock
|-ability|p2a: Xerneas|Fairy Aura
|move|p1a: Ho-Oh|Thunder Wave||[still]
|-fail|p1a: Ho-Oh
|
|-heal|p2a: Xerneas|94/100 slp|[from] item: Leftovers
|upkeep
|turn|18
|
|t:|1667163356
|cant|p2a: Xerneas|slp
|move|p2a: Xerneas|Sleep Talk|p2a: Xerneas
|move|p2a: Xerneas|Rest||[from]move: Sleep Talk|[still]
|-fail|p2a: Xerneas
|cant|p1a: Ho-Oh|par
|
|-heal|p2a: Xerneas|99/100 slp|[from] item: Leftovers
|upkeep
|turn|19
|
|t:|1667163359
|cant|p2a: Xerneas|slp
|move|p2a: Xerneas|Sleep Talk|p2a: Xerneas
|move|p2a: Xerneas|Aromatherapy|p2a: Xerneas|[from]move: Sleep Talk
|-activate|p2a: Xerneas|move: Aromatherapy
|-curestatus|p2a: Xerneas|slp|[msg]
|-curestatus|p2: Groudon|tox|[msg]
|move|p1a: Ho-Oh|Brave Bird|p2a: Xerneas
|-damage|p2a: Xerneas|61/100
|-damage|p1a: Ho-Oh|82/100 par|[from] Recoil
|
|-heal|p2a: Xerneas|67/100|[from] item: Leftovers
|upkeep
|turn|20
|
|t:|1667163364
|move|p2a: Xerneas|Moonblast|p1a: Ho-Oh
|-resisted|p1a: Ho-Oh
|-crit|p1a: Ho-Oh
|-damage|p1a: Ho-Oh|58/100 par
|cant|p1a: Ho-Oh|par
|
|-heal|p2a: Xerneas|74/100|[from] item: Leftovers
|upkeep
|turn|21
|
|t:|1667163367
|switch|p1a: Melmetal|Melmetal|100/100
|-damage|p1a: Melmetal|94/100|[from] Stealth Rock
|move|p2a: Xerneas|Moonblast|p1a: Melmetal
|-resisted|p1a: Melmetal
|-damage|p1a: Melmetal|60/100
|-unboost|p1a: Melmetal|spa|1
|
|-heal|p2a: Xerneas|80/100|[from] item: Leftovers
|upkeep
|turn|22
|
|t:|1667163372
|switch|p2a: Yveltal|Yveltal|20/100
|-ability|p2a: Yveltal|Dark Aura
|move|p1a: Melmetal|Double Iron Bash|p2a: Yveltal
|-damage|p2a: Yveltal|0 fnt
|faint|p2a: Yveltal
|-hitcount|p2: Yveltal|1
|
|upkeep
|
|t:|1667163374
|switch|p2a: Groudon|Groudon|60/100
|-damage|p2a: Groudon|53/100|[from] Stealth Rock
|-weather|SunnyDay|[from] ability: Drought|[of] p2a: Groudon
|turn|23
|
|t:|1667163376
|switch|p1a: Yveltal|Yveltal|100/100
|-ability|p1a: Yveltal|Dark Aura
|move|p2a: Groudon|Precipice Blades|p1a: Yveltal
|-immune|p1a: Yveltal
|
|-weather|SunnyDay|[upkeep]
|-heal|p2a: Groudon|60/100|[from] item: Leftovers
|upkeep
|turn|24
|
|t:|1667163379
|move|p1a: Yveltal|Knock Off|p2a: Groudon
|-damage|p2a: Groudon|27/100
|-enditem|p2a: Groudon|Leftovers|[from] move: Knock Off|[of] p1a: Yveltal
|move|p2a: Groudon|Heat Crash|p1a: Yveltal
|-damage|p1a: Yveltal|49/100
|
|-weather|SunnyDay|[upkeep]
|upkeep
|turn|25
|
|t:|1667163383
|move|p1a: Yveltal|Roost|p1a: Yveltal
|-heal|p1a: Yveltal|99/100
|-singleturn|p1a: Yveltal|move: Roost
|move|p2a: Groudon|Bulk Up|p2a: Groudon
|-boost|p2a: Groudon|atk|1
|-boost|p2a: Groudon|def|1
|
|-weather|SunnyDay|[upkeep]
|upkeep
|turn|26
|
|t:|1667163385
|move|p1a: Yveltal|Foul Play|p2a: Groudon
|-damage|p2a: Groudon|0 fnt
|faint|p2a: Groudon
|
|-weather|SunnyDay|[upkeep]
|upkeep
|
|t:|1667163388
|switch|p2a: Xerneas|Xerneas|80/100
|-damage|p2a: Xerneas|67/100|[from] Stealth Rock
|-ability|p2a: Xerneas|Fairy Aura
|turn|27
|
|t:|1667163391
|switch|p1a: Ho-Oh|Ho-Oh, shiny|92/100 par
|move|p2a: Xerneas|Moonblast|p1a: Ho-Oh
|-resisted|p1a: Ho-Oh
|-damage|p1a: Ho-Oh|74/100 par
|
|-weather|none
|-heal|p2a: Xerneas|73/100|[from] item: Leftovers
|upkeep
|turn|28
|
|t:|1667163392
|move|p2a: Xerneas|Moonblast|p1a: Ho-Oh
|-resisted|p1a: Ho-Oh
|-damage|p1a: Ho-Oh|58/100 par
|move|p1a: Ho-Oh|Sacred Fire|p2a: Xerneas
|-crit|p2a: Xerneas
|-damage|p2a: Xerneas|25/100
|-status|p2a: Xerneas|brn
|
|-heal|p2a: Xerneas|31/100 brn|[from] item: Leftovers
|-damage|p2a: Xerneas|25/100 brn|[from] brn
|upkeep
|turn|29
|
|t:|1667163394
|switch|p1a: Melmetal|Melmetal|60/100
|-damage|p1a: Melmetal|54/100|[from] Stealth Rock
|move|p2a: Xerneas|Rest|p2a: Xerneas
|-status|p2a: Xerneas|slp|[from] move: Rest
|-heal|p2a: Xerneas|100/100 slp|[silent]
|
|upkeep
|turn|30
|
|t:|1667163396
|switch|p2a: Necrozma|Necrozma-Dusk-Mane|73/100
|-damage|p2a: Necrozma|67/100|[from] Stealth Rock
|move|p1a: Melmetal|Earthquake|p2a: Necrozma
|-supereffective|p2a: Necrozma
|-damage|p2a: Necrozma|5/100
|
|-heal|p2a: Necrozma|11/100|[from] item: Leftovers
|upkeep
|turn|31
|
|t:|1667163399
|move|p2a: Necrozma|Moonlight|p2a: Necrozma
|-heal|p2a: Necrozma|61/100
|move|p1a: Melmetal|Earthquake|p2a: Necrozma
|-supereffective|p2a: Necrozma
|-damage|p2a: Necrozma|0 fnt
|faint|p2a: Necrozma
|
|upkeep
|
|t:|1667163401
|switch|p2a: Calyrex|Calyrex-Shadow|100/100
|-ability|p2a: Calyrex|As One
|-ability|p2a: Calyrex|Unnerve
|-damage|p2a: Calyrex|88/100|[from] Stealth Rock
|turn|32
|
|t:|1667163403
|switch|p1a: Yveltal|Yveltal|99/100
|-ability|p1a: Yveltal|Dark Aura
|move|p2a: Calyrex|Trick|p1a: Yveltal
|-activate|p2a: Calyrex|move: Trick|[of] p1a: Yveltal
|-item|p1a: Yveltal|Choice Specs|[from] move: Trick
|-item|p2a: Calyrex|Heavy-Duty Boots|[from] move: Trick
|
|upkeep
|turn|33
|
|t:|1667163406
|move|p2a: Calyrex|Protect|p2a: Calyrex
|-singleturn|p2a: Calyrex|Protect
|move|p1a: Yveltal|Defog|p2a: Calyrex
|-activate|p2a: Calyrex|move: Protect
|
|upkeep
|turn|34
|
|t:|1667163407
|move|p2a: Calyrex|Nasty Plot|p2a: Calyrex
|-boost|p2a: Calyrex|spa|2
|move|p1a: Yveltal|Defog|p2a: Calyrex
|-unboost|p2a: Calyrex|evasion|1
|-sideend|p2: RichardMillePlain|Stealth Rock|[from] move: Defog|[of] p1a: Yveltal
|-sideend|p1: Fc ❤|Stealth Rock|[from] move: Defog|[of] p1a: Yveltal
|
|upkeep
|turn|35
|
|t:|1667163412
|switch|p1a: Eternatus|Eternatus|94/100
|-ability|p1a: Eternatus|Pressure
|move|p2a: Calyrex|Nasty Plot|p2a: Calyrex
|-boost|p2a: Calyrex|spa|2
|
|upkeep
|turn|36
|
|t:|1667163415
|move|p2a: Calyrex|Astral Barrage|p1a: Eternatus
|-damage|p1a: Eternatus|0 fnt
|faint|p1a: Eternatus
|-ability|p2a: Calyrex|Grim Neigh|boost
|-boost|p2a: Calyrex|spa|1
|
|upkeep
|
|t:|1667163416
|switch|p1a: Yveltal|Yveltal|99/100
|-ability|p1a: Yveltal|Dark Aura
|turn|37
|
|t:|1667163444
|switch|p2a: Xerneas|Xerneas|100/100 slp
|-ability|p2a: Xerneas|Fairy Aura
|move|p1a: Yveltal|Knock Off|p2a: Xerneas
|-resisted|p2a: Xerneas
|-damage|p2a: Xerneas|84/100 slp
|-enditem|p2a: Xerneas|Leftovers|[from] move: Knock Off|[of] p1a: Yveltal
|
|upkeep
|turn|38
|
|t:|1667163449
|switch|p1a: Melmetal|Melmetal|54/100
|switch|p2a: Eternatus|Eternatus|100/100
|-ability|p2a: Eternatus|Pressure
|
|upkeep
|turn|39
|
|t:|1667163451
|switch|p1a: Ho-Oh|Ho-Oh, shiny|91/100 par
|move|p2a: Eternatus|Mystical Fire|p1a: Ho-Oh
|-resisted|p1a: Ho-Oh
|-damage|p1a: Ho-Oh|84/100 par
|-unboost|p1a: Ho-Oh|spa|1
|
|upkeep
|turn|40
|
|t:|1667163455
|switch|p2a: Xerneas|Xerneas|84/100 slp
|-ability|p2a: Xerneas|Fairy Aura
|move|p1a: Ho-Oh|Earthquake|p2a: Xerneas
|-damage|p2a: Xerneas|64/100 slp
|
|upkeep
|turn|41
|
|t:|1667163457
|switch|p1a: Melmetal|Melmetal|54/100
|cant|p2a: Xerneas|slp
|move|p2a: Xerneas|Sleep Talk|p2a: Xerneas
|move|p2a: Xerneas|Rest||[from]move: Sleep Talk|[still]
|-fail|p2a: Xerneas
|
|upkeep
|turn|42
|
|t:|1667163461
|cant|p2a: Xerneas|slp
|move|p2a: Xerneas|Sleep Talk|p2a: Xerneas
|move|p2a: Xerneas|Moonblast|p1a: Melmetal|[from]move: Sleep Talk
|-resisted|p1a: Melmetal
|-damage|p1a: Melmetal|20/100
|move|p1a: Melmetal|Double Iron Bash|p2a: Xerneas
|-supereffective|p2a: Xerneas
|-damage|p2a: Xerneas|0 fnt
|faint|p2a: Xerneas
|-hitcount|p2: Xerneas|1
|
|upkeep
|
|t:|1667163462
|switch|p2a: Calyrex|Calyrex-Shadow|88/100
|-ability|p2a: Calyrex|As One
|-ability|p2a: Calyrex|Unnerve
|turn|43
|
|t:|1667163465
|switch|p1a: Yveltal|Yveltal|99/100
|-ability|p1a: Yveltal|Dark Aura
|move|p2a: Calyrex|Astral Barrage|p1a: Yveltal
|-resisted|p1a: Yveltal
|-damage|p1a: Yveltal|75/100
|
|upkeep
|turn|44
|
|t:|1667163486
|switch|p2a: Eternatus|Eternatus|100/100
|-ability|p2a: Eternatus|Pressure
|move|p1a: Yveltal|Knock Off|p2a: Eternatus
|-damage|p2a: Eternatus|59/100
|-enditem|p2a: Eternatus|Heavy-Duty Boots|[from] move: Knock Off|[of] p1a: Yveltal
|
|upkeep
|turn|45
|
|t:|1667163489
|switch|p2a: Calyrex|Calyrex-Shadow|88/100
|-ability|p2a: Calyrex|As One
|-ability|p2a: Calyrex|Unnerve
|switch|p1a: Ho-Oh|Ho-Oh, shiny|100/100 par
|
|upkeep
|turn|46
|
|t:|1667163491
|switch|p1a: Yveltal|Yveltal|75/100
|-ability|p1a: Yveltal|Dark Aura
|move|p2a: Calyrex|Nasty Plot|p2a: Calyrex
|-boost|p2a: Calyrex|spa|2
|
|upkeep
|turn|47
|
|t:|1667163494
|switch|p2a: Eternatus|Eternatus|59/100
|-ability|p2a: Eternatus|Pressure
|move|p1a: Yveltal|Knock Off|p2a: Eternatus
|-damage|p2a: Eternatus|31/100
|
|upkeep
|turn|48
|
|t:|1667163496
|switch|p1a: Ho-Oh|Ho-Oh, shiny|100/100 par
|move|p2a: Eternatus|Recover|p2a: Eternatus
|-heal|p2a: Eternatus|81/100
|
|upkeep
|turn|49
|
|t:|1667163497
|move|p2a: Eternatus|Dynamax Cannon|p1a: Ho-Oh
|-damage|p1a: Ho-Oh|71/100 par
|cant|p1a: Ho-Oh|par
|
|upkeep
|turn|50
|
|t:|1667163499
|move|p2a: Eternatus|Dynamax Cannon|p1a: Ho-Oh
|-damage|p1a: Ho-Oh|44/100 par
|move|p1a: Ho-Oh|Thunder Wave|p2a: Eternatus
|-status|p2a: Eternatus|par
|
|upkeep
|turn|51
|
|t:|1667163502
|cant|p2a: Eternatus|par
|move|p1a: Ho-Oh|Earthquake|p2a: Eternatus
|-supereffective|p2a: Eternatus
|-damage|p2a: Eternatus|19/100 par
|
|upkeep
|turn|52
|
|t:|1667163504
|move|p2a: Eternatus|Recover|p2a: Eternatus
|-heal|p2a: Eternatus|69/100 par
|move|p1a: Ho-Oh|Earthquake|p2a: Eternatus
|-supereffective|p2a: Eternatus
|-damage|p2a: Eternatus|15/100 par
|
|upkeep
|turn|53
|
|t:|1667163505
|switch|p2a: Calyrex|Calyrex-Shadow|88/100
|-ability|p2a: Calyrex|As One
|-ability|p2a: Calyrex|Unnerve
|move|p1a: Ho-Oh|Earthquake|p2a: Calyrex
|-damage|p2a: Calyrex|40/100
|
|upkeep
|turn|54
|
|t:|1667163509
|switch|p1a: Yveltal|Yveltal|75/100
|-ability|p1a: Yveltal|Dark Aura
|move|p2a: Calyrex|Nasty Plot|p2a: Calyrex
|-boost|p2a: Calyrex|spa|2
|
|upkeep
|turn|55
|
|t:|1667163512
|move|p2a: Calyrex|Astral Barrage|p1a: Yveltal
|-resisted|p1a: Yveltal
|-damage|p1a: Yveltal|27/100
|move|p1a: Yveltal|Knock Off|p2a: Calyrex
|-supereffective|p2a: Calyrex
|-damage|p2a: Calyrex|0 fnt
|-enditem|p2a: Calyrex|Heavy-Duty Boots|[from] move: Knock Off|[of] p1a: Yveltal
|faint|p2a: Calyrex
|
|upkeep
|
|t:|1667163513
|switch|p2a: Eternatus|Eternatus|15/100 par
|-ability|p2a: Eternatus|Pressure
|turn|56
|
|t:|1667163514
|move|p1a: Yveltal|Knock Off|p2a: Eternatus
|-damage|p2a: Eternatus|0 fnt
|faint|p2a: Eternatus
|
|win|Fc ❤
|c|☆Fc ❤|gg
|c|☆RichardMillePlain|gg
|player|p2|RichardMillePlain|266
