|inactive|Battle timer is ON: inactive players will automatically lose when time's up.
|t:|1655221907
|gametype|singles
|player|p1|Trade|may|
|player|p2|pkmn cypher 2013|lyra|
|teamsize|p1|6
|teamsize|p2|6
|gen|8
|tier|[Gen 8] Ubers
|rule|Sleep Clause Mod: Limit one foe put to sleep
|rule|Species Clause: Limit one of each Pokémon
|rule|OHKO Clause: OHKO moves are banned
|rule|Evasion Moves Clause: Evasion moves are banned
|rule|Endless Battle Clause: Forcing endless battles is banned
|rule|HP Percentage Mod: HP is shown in percentages
|rule|Dynamax Clause: You cannot dynamax
|clearpoke
|poke|p1|Shuckle, F|
|poke|p1|Xerneas-*|
|poke|p1|Necrozma-Dusk-Mane|
|poke|p1|Yveltal|
|poke|p1|Eternatus|
|poke|p1|Marshadow|
|poke|p2|Necrozma-Dusk-Mane|
|poke|p2|Yveltal|
|poke|p2|Regieleki|
|poke|p2|Kyurem-Black|
|poke|p2|Blaziken, M|
|poke|p2|Calyrex-Shadow|
|teampreview
|c|☆pkmn cypher 2013|hf
|c|☆Trade|gl
|inactive|pkmn cypher 2013 has 270 seconds left.
|inactive|pkmn cypher 2013 has 240 seconds left.
|
|t:|1655221979
|start
|switch|p1a: Eternatus|Eternatus|100/100
|switch|p2a: Necrozma|Necrozma-Dusk-Mane|100/100
|-ability|p1a: Eternatus|Pressure
|turn|1
|
|t:|1655222006
|move|p1a: Eternatus|Meteor Beam||[still]
|-prepare|p1a: Eternatus|Meteor Beam
|-boost|p1a: Eternatus|spa|1
|-enditem|p1a: Eternatus|Power Herb
|-anim|p1a: Eternatus|Meteor Beam|p2a: Necrozma
|-resisted|p2a: Necrozma
|-damage|p2a: Necrozma|66/100
|move|p2a: Necrozma|Dragon Dance|p2a: Necrozma
|-boost|p2a: Necrozma|atk|1
|-boost|p2a: Necrozma|spe|1
|
|upkeep
|turn|2
|
|t:|1655222015
|move|p2a: Necrozma|Photon Geyser|p1a: Eternatus
|-supereffective|p1a: Eternatus
|-damage|p1a: Eternatus|0 fnt
|faint|p1a: Eternatus
|-damage|p2a: Necrozma|56/100|[from] item: Life Orb
|
|upkeep
|
|t:|1655222024
|switch|p1a: Yveltal|Yveltal|100/100
|-ability|p1a: Yveltal|Dark Aura
|turn|3
|inactive|pkmn cypher 2013 has 270 seconds left.
|
|t:|1655222082
|move|p1a: Yveltal|Sucker Punch||[still]
|-fail|p1a: Yveltal
|move|p2a: Necrozma|Dragon Dance|p2a: Necrozma
|-boost|p2a: Necrozma|atk|1
|-boost|p2a: Necrozma|spe|1
|
|upkeep
|turn|4
|
|t:|1655222088
|move|p1a: Yveltal|Sucker Punch||[still]
|-fail|p1a: Yveltal
|move|p2a: Necrozma|Dragon Dance|p2a: Necrozma
|-boost|p2a: Necrozma|atk|1
|-boost|p2a: Necrozma|spe|1
|
|upkeep
|turn|5
|
|t:|1655222099
|move|p2a: Necrozma|Dragon Dance|p2a: Necrozma
|-boost|p2a: Necrozma|atk|1
|-boost|p2a: Necrozma|spe|1
|move|p1a: Yveltal|Knock Off|p2a: Necrozma
|-supereffective|p2a: Necrozma
|-damage|p2a: Necrozma|0 fnt
|-enditem|p2a: Necrozma|Life Orb|[from] move: Knock Off|[of] p1a: Yveltal
|faint|p2a: Necrozma
|
|upkeep
|inactive|pkmn cypher 2013 has 240 seconds left.
|
|t:|1655222141
|switch|p2a: Kyurem|Kyurem-Black|100/100
|-ability|p2a: Kyurem|Teravolt
|turn|6
|
|t:|1655222150
|move|p1a: Yveltal|Knock Off|p2a: Kyurem
|-damage|p2a: Kyurem|24/100
|-enditem|p2a: Kyurem|TR43|[from] move: Knock Off|[of] p1a: Yveltal
|move|p2a: Kyurem|Dragon Dance|p2a: Kyurem
|-boost|p2a: Kyurem|atk|1
|-boost|p2a: Kyurem|spe|1
|
|upkeep
|turn|7
|
|t:|1655222158
|move|p1a: Yveltal|Sucker Punch|p2a: Kyurem
|-damage|p2a: Kyurem|0 fnt
|faint|p2a: Kyurem
|
|upkeep
|
|t:|1655222174
|switch|p2a: Regieleki|Regieleki|100/100
|turn|8
|inactive|Trade has 270 seconds left.
|
|t:|1655222214
|move|p2a: Regieleki|Wild Charge|p1a: Yveltal
|-supereffective|p1a: Yveltal
|-damage|p1a: Yveltal|0 fnt
|faint|p1a: Yveltal
|-damage|p2a: Regieleki|68/100|[from] Recoil
|
|upkeep
|
|t:|1655222217
|switch|p1a: Shuckle|Shuckle, F|100/100
|turn|9
|
|t:|1655222224
|move|p2a: Regieleki|Reflect|p2a: Regieleki
|-sidestart|p2: pkmn cypher 2013|Reflect
|move|p1a: Shuckle|Stealth Rock|p2a: Regieleki
|-sidestart|p2: pkmn cypher 2013|move: Stealth Rock
|
|upkeep
|turn|10
|
|t:|1655222227
|move|p2a: Regieleki|Rapid Spin|p1a: Shuckle
|-resisted|p1a: Shuckle
|-damage|p1a: Shuckle|96/100
|-boost|p2a: Regieleki|spe|1
|-sideend|p2: pkmn cypher 2013|Stealth Rock|[from] move: Rapid Spin|[of] p2a: Regieleki
|move|p1a: Shuckle|Encore|p2a: Regieleki
|-start|p2a: Regieleki|Encore
|
|upkeep
|turn|11
|
|t:|1655222239
|switch|p2a: Calyrex|Calyrex-Shadow|100/100
|-ability|p2a: Calyrex|As One
|-ability|p2a: Calyrex|Unnerve
|move|p1a: Shuckle|Stealth Rock|p2a: Calyrex
|-sidestart|p2: pkmn cypher 2013|move: Stealth Rock
|
|upkeep
|turn|12
|
|t:|1655222247
|move|p2a: Calyrex|Astral Barrage|p1a: Shuckle
|-damage|p1a: Shuckle|49/100
|move|p1a: Shuckle|Infestation|p2a: Calyrex
|-damage|p2a: Calyrex|99/100
|-activate|p2a: Calyrex|move: Infestation|[of] p1a: Shuckle
|
|-damage|p2a: Calyrex|86/100|[from] move: Infestation|[partiallytrapped]
|upkeep
|turn|13
|inactive|pkmn cypher 2013 has 270 seconds left.
|
|t:|1655222256
|move|p2a: Calyrex|Nasty Plot|p2a: Calyrex
|-boost|p2a: Calyrex|spa|2
|move|p1a: Shuckle|Encore|p2a: Calyrex
|-start|p2a: Calyrex|Encore
|
|-damage|p2a: Calyrex|74/100|[from] move: Infestation|[partiallytrapped]
|upkeep
|turn|14
|
|t:|1655222266
|switch|p2a: Regieleki|Regieleki|68/100
|-damage|p2a: Regieleki|56/100|[from] Stealth Rock
|switch|p1a: Xerneas|Xerneas|100/100
|-ability|p1a: Xerneas|Fairy Aura
|
|upkeep
|turn|15
|
|t:|1655222271
|move|p2a: Regieleki|Wild Charge|p1a: Xerneas
|-damage|p1a: Xerneas|45/100
|-damage|p2a: Regieleki|37/100|[from] Recoil
|move|p1a: Xerneas|Geomancy||[still]
|-prepare|p1a: Xerneas|Geomancy
|-enditem|p1a: Xerneas|Power Herb
|-anim|p1a: Xerneas|Geomancy|p1a: Xerneas
|-boost|p1a: Xerneas|spa|2
|-boost|p1a: Xerneas|spd|2
|-boost|p1a: Xerneas|spe|2
|
|upkeep
|turn|16
|
|t:|1655222273
|move|p1a: Xerneas|Moonblast|p2a: Regieleki
|-damage|p2a: Regieleki|0 fnt
|faint|p2a: Regieleki
|
|-sideend|p2: pkmn cypher 2013|Reflect
|upkeep
|
|t:|1655222279
|switch|p2a: Yveltal|Yveltal|100/100
|-damage|p2a: Yveltal|76/100|[from] Stealth Rock
|-ability|p2a: Yveltal|Dark Aura
|turn|17
|
|t:|1655222282
|move|p2a: Yveltal|Sucker Punch|p1a: Xerneas
|-resisted|p1a: Xerneas
|-damage|p1a: Xerneas|25/100
|-damage|p2a: Yveltal|66/100|[from] item: Life Orb
|move|p1a: Xerneas|Moonblast|p2a: Yveltal
|-supereffective|p2a: Yveltal
|-damage|p2a: Yveltal|0 fnt
|faint|p2a: Yveltal
|
|upkeep
|c|☆pkmn cypher 2013|gg
|-message|pkmn cypher 2013 forfeited.
|
|win|Trade
|c|☆Trade|gg
