|inactive|Battle timer is ON: inactive players will automatically lose when time's up.
|t:|1613256832
|player|p1|AtraX Madara|hilda|
|player|p2|FearNeverDies|lyra|
|teamsize|p1|6
|teamsize|p2|6
|gametype|singles
|gen|8
|tier|[Gen 8] Ubers
|clearpoke
|poke|p1|Shuckle, F|
|poke|p1|Regieleki|
|poke|p1|Kyogre|
|poke|p1|Yveltal|
|poke|p1|Calyrex-Shadow|
|poke|p1|Zacian|
|poke|p2|Eternatus|
|poke|p2|Groudon|
|poke|p2|Necrozma-Dusk-Mane|
|poke|p2|Giratina-Origin|
|poke|p2|Ho-Oh|
|poke|p2|Yveltal|
|rule|Sleep Clause Mod: Limit one foe put to sleep
|rule|Species Clause: Limit one of each Pokémon
|rule|OHKO Clause: OHKO moves are banned
|rule|Evasion Moves Clause: Evasion moves are banned
|rule|Endless Battle Clause: Forcing endless battles is banned
|rule|HP Percentage Mod: HP is shown in percentages
|rule|Dynamax Clause: You cannot dynamax
|teampreview
|c|☆FearNeverDies|gl
|c|☆AtraX Madara|gl
|inactive|AtraX Madara has 270 seconds left.
|
|t:|1613256863
|start
|switch|p1a: Calyrex|Calyrex-Shadow|100/100
|switch|p2a: Yveltal|Yveltal|100/100
|-ability|p1a: Calyrex|As One
|-ability|p1a: Calyrex|Unnerve|p2: FearNeverDies
|-ability|p2a: Yveltal|Dark Aura
|turn|1
|
|t:|1613256871
|switch|p1a: Yveltal|Yveltal|100/100
|-ability|p1a: Yveltal|Dark Aura
|move|p2a: Yveltal|Knock Off|p1a: Yveltal
|-resisted|p1a: Yveltal
|-damage|p1a: Yveltal|73/100
|-enditem|p1a: Yveltal|Life Orb|[from] move: Knock Off|[of] p2a: Yveltal
|
|upkeep
|turn|2
|
|t:|1613256879
|move|p2a: Yveltal|U-turn|p1a: Yveltal
|-damage|p1a: Yveltal|51/100
|
|t:|1613256881
|switch|p2a: Eternatus|Eternatus|100/100|[from]move: U-turn
|-ability|p2a: Eternatus|Pressure
|move|p1a: Yveltal|Oblivion Wing|p2a: Eternatus
|-damage|p2a: Eternatus|70/100
|-heal|p1a: Yveltal|79/100|[from] drain|[of] p2a: Eternatus
|
|-heal|p2a: Eternatus|76/100|[from] item: Black Sludge
|upkeep
|turn|3
|
|t:|1613256889
|move|p2a: Eternatus|Toxic|p1a: Yveltal
|-status|p1a: Yveltal|tox
|move|p1a: Yveltal|Taunt|p2a: Eternatus
|-start|p2a: Eternatus|move: Taunt
|
|-heal|p2a: Eternatus|82/100|[from] item: Black Sludge
|-damage|p1a: Yveltal|73/100 tox|[from] psn
|upkeep
|turn|4
|
|t:|1613256908
|switch|p2a: Ho-Oh|Ho-Oh|100/100
|switch|p1a: Kyogre|Kyogre|100/100
|-weather|RainDance|[from] ability: Drizzle|[of] p1a: Kyogre
|
|-weather|RainDance|[upkeep]
|upkeep
|turn|5
|
|t:|1613256913
|switch|p2a: Eternatus|Eternatus|82/100
|-ability|p2a: Eternatus|Pressure
|move|p1a: Kyogre|Water Spout|p2a: Eternatus
|-resisted|p2a: Eternatus
|-damage|p2a: Eternatus|18/100
|
|-weather|RainDance|[upkeep]
|-heal|p2a: Eternatus|25/100|[from] item: Black Sludge
|upkeep
|turn|6
|
|t:|1613256920
|move|p2a: Eternatus|Recover|p2a: Eternatus
|-heal|p2a: Eternatus|75/100
|move|p1a: Kyogre|Water Spout|p2a: Eternatus
|-resisted|p2a: Eternatus
|-damage|p2a: Eternatus|13/100
|
|-weather|RainDance|[upkeep]
|-heal|p2a: Eternatus|19/100|[from] item: Black Sludge
|upkeep
|turn|7
|
|t:|1613256923
|move|p2a: Eternatus|Recover|p2a: Eternatus
|-heal|p2a: Eternatus|69/100
|move|p1a: Kyogre|Water Spout|p2a: Eternatus
|-resisted|p2a: Eternatus
|-damage|p2a: Eternatus|14/100
|
|-weather|RainDance|[upkeep]
|-heal|p2a: Eternatus|20/100|[from] item: Black Sludge
|upkeep
|turn|8
|
|t:|1613256932
|switch|p1a: Calyrex|Calyrex-Shadow|100/100
|-ability|p1a: Calyrex|As One
|-ability|p1a: Calyrex|Unnerve|p2: FearNeverDies
|move|p2a: Eternatus|Recover|p2a: Eternatus
|-heal|p2a: Eternatus|70/100
|
|-weather|none
|-heal|p2a: Eternatus|76/100|[from] item: Black Sludge
|upkeep
|turn|9
|
|t:|1613256937
|switch|p2a: Yveltal|Yveltal|100/100
|-ability|p2a: Yveltal|Dark Aura
|move|p1a: Calyrex|Psyshock|p2a: Yveltal
|-immune|p2a: Yveltal
|
|upkeep
|turn|10
|
|t:|1613256945
|switch|p1a: Yveltal|Yveltal|73/100 tox
|-ability|p1a: Yveltal|Dark Aura
|move|p2a: Yveltal|U-turn|p1a: Yveltal
|-damage|p1a: Yveltal|52/100 tox
|
|t:|1613256963
|switch|p2a: Ho-Oh|Ho-Oh|100/100|[from]move: U-turn
|
|-damage|p1a: Yveltal|46/100 tox|[from] psn
|upkeep
|turn|11
|
|t:|1613256967
|move|p1a: Yveltal|Dark Pulse|p2a: Ho-Oh
|-damage|p2a: Ho-Oh|68/100
|cant|p2a: Ho-Oh|flinch
|
|-damage|p1a: Yveltal|34/100 tox|[from] psn
|upkeep
|turn|12
|
|t:|1613256972
|move|p1a: Yveltal|Dark Pulse|p2a: Ho-Oh
|-damage|p2a: Ho-Oh|33/100
|move|p2a: Ho-Oh|Brave Bird|p1a: Yveltal
|-damage|p1a: Yveltal|0 fnt
|-damage|p2a: Ho-Oh|22/100|[from] Recoil
|faint|p1a: Yveltal
|
|upkeep
|
|t:|1613256986
|switch|p1a: Zacian|Zacian|100/100
|-ability|p1a: Zacian|Intrepid Sword|boost
|-boost|p1a: Zacian|atk|1
|turn|13
|
|t:|1613256988
|switch|p2a: Necrozma|Necrozma-Dusk-Mane|100/100
|move|p1a: Zacian|Play Rough|p2a: Necrozma|[miss]
|-miss|p1a: Zacian|p2a: Necrozma
|
|upkeep
|turn|14
|
|t:|1613256998
|switch|p1a: Regieleki|Regieleki|100/100
|move|p2a: Necrozma|Knock Off|p1a: Regieleki
|-damage|p1a: Regieleki|35/100
|-enditem|p1a: Regieleki|Heavy-Duty Boots|[from] move: Knock Off|[of] p2a: Necrozma
|
|upkeep
|turn|15
|
|t:|1613257002
|switch|p2a: Groudon|Groudon|100/100
|-weather|SunnyDay|[from] ability: Drought|[of] p2a: Groudon
|move|p1a: Regieleki|Assurance|p2a: Groudon
|-damage|p2a: Groudon|90/100
|
|-weather|SunnyDay|[upkeep]
|-heal|p2a: Groudon|96/100|[from] item: Leftovers
|upkeep
|turn|16
|
|t:|1613257009
|move|p1a: Regieleki|Explosion|p2a: Groudon
|-damage|p2a: Groudon|47/100
|faint|p1a: Regieleki
|move|p2a: Groudon|Thunder Wave|p1: Regieleki|[notarget]
|-fail|p2a: Groudon
|
|-weather|SunnyDay|[upkeep]
|-heal|p2a: Groudon|53/100|[from] item: Leftovers
|upkeep
|
|t:|1613257032
|switch|p1a: Calyrex|Calyrex-Shadow|100/100
|-ability|p1a: Calyrex|As One
|-ability|p1a: Calyrex|Unnerve|p2: FearNeverDies
|turn|17
|
|t:|1613257035
|switch|p2a: Yveltal|Yveltal|100/100
|-ability|p2a: Yveltal|Dark Aura
|move|p1a: Calyrex|Astral Barrage|p2a: Yveltal
|-resisted|p2a: Yveltal
|-damage|p2a: Yveltal|76/100
|
|-weather|SunnyDay|[upkeep]
|upkeep
|turn|18
|
|t:|1613257043
|move|p1a: Calyrex|Nasty Plot|p1a: Calyrex
|-boost|p1a: Calyrex|spa|2
|move|p2a: Yveltal|Knock Off|p1a: Calyrex
|-supereffective|p1a: Calyrex
|-enditem|p1a: Calyrex|Focus Sash
|-damage|p1a: Calyrex|1/100
|
|-weather|SunnyDay|[upkeep]
|upkeep
|turn|19
|
|t:|1613257047
|move|p1a: Calyrex|Draining Kiss|p2a: Yveltal
|-supereffective|p2a: Yveltal
|-damage|p2a: Yveltal|16/100
|-heal|p1a: Calyrex|54/100|[from] drain|[of] p2a: Yveltal
|move|p2a: Yveltal|U-turn|p1a: Calyrex
|-damage|p1a: Calyrex|28/100
|
|t:|1613257059
|switch|p2a: Ho-Oh|Ho-Oh|56/100|[from]move: U-turn
|
|-weather|none
|upkeep
|turn|20
|
|t:|1613257061
|move|p1a: Calyrex|Astral Barrage|p2a: Ho-Oh
|-damage|p2a: Ho-Oh|0 fnt
|faint|p2a: Ho-Oh
|-ability|p1a: Calyrex|Grim Neigh|boost
|-boost|p1a: Calyrex|spa|1
|
|upkeep
|
|t:|1613257086
|switch|p2a: Yveltal|Yveltal|16/100
|-ability|p2a: Yveltal|Dark Aura
|turn|21
|
|t:|1613257088
|move|p1a: Calyrex|Draining Kiss|p2a: Yveltal
|-supereffective|p2a: Yveltal
|-damage|p2a: Yveltal|0 fnt
|-heal|p1a: Calyrex|42/100|[from] drain|[of] p2a: Yveltal
|faint|p2a: Yveltal
|-ability|p1a: Calyrex|Grim Neigh|boost
|-boost|p1a: Calyrex|spa|1
|
|upkeep
|-message|FearNeverDies forfeited.
|
|win|AtraX Madara
