|inactive|Battle timer is ON: inactive players will automatically lose when time's up.
|t:|1635541478
|gametype|singles
|player|p1|FearNeverDies|lyra|
|player|p2|Skysolo ❤|#pspl2019ubers|
|teamsize|p1|6
|teamsize|p2|6
|gen|8
|tier|[Gen 8] Ubers
|rule|Sleep Clause Mod: Limit one foe put to sleep
|rule|Species Clause: Limit one of each Pokémon
|rule|OHKO Clause: OHKO moves are banned
|rule|Evasion Moves Clause: Evasion moves are banned
|rule|Endless Battle Clause: Forcing endless battles is banned
|rule|HP Percentage Mod: HP is shown in percentages
|rule|Dynamax Clause: You cannot dynamax
|clearpoke
|poke|p1|Calyrex-Shadow|
|poke|p1|Ferrothorn, M|
|poke|p1|Necrozma-Dusk-Mane|
|poke|p1|Yveltal|
|poke|p1|Xerneas-*|
|poke|p1|Groudon|
|poke|p2|Darmanitan-Galar, F|
|poke|p2|Yveltal|
|poke|p2|Necrozma-Dusk-Mane|
|poke|p2|Marshadow|
|poke|p2|Zarude-Dada|
|poke|p2|Eternatus|
|teampreview
|c|☆Skysolo ❤|hf
|inactive|FearNeverDies has 270 seconds left.
|inactive|Skysolo ❤ has 270 seconds left.
|c|☆FearNeverDies|gl
|inactive|FearNeverDies has 240 seconds left.
|inactive|Skysolo ❤ has 240 seconds left.
|
|t:|1635541554
|start
|switch|p1a: Calyrex|Calyrex-Shadow|100/100
|switch|p2a: Darmanitan|Darmanitan-Galar, F|100/100
|-ability|p1a: Calyrex|As One
|-ability|p1a: Calyrex|Unnerve
|turn|1
|
|t:|1635541579
|switch|p2a: Yveltal|Yveltal|100/100
|-ability|p2a: Yveltal|Dark Aura
|move|p1a: Calyrex|Astral Barrage|p2a: Yveltal
|-resisted|p2a: Yveltal
|-damage|p2a: Yveltal|62/100
|
|upkeep
|turn|2
|inactive|Skysolo ❤ has 270 seconds left.
|inactive|FearNeverDies has 270 seconds left.
|inactive|Skysolo ❤ has 240 seconds left.
|inactive|FearNeverDies has 240 seconds left.
|inactive|FearNeverDies disconnected and has 300 seconds to reconnect!
|player|p1|
|inactive|FearNeverDies reconnected and has 240 seconds left.
|player|p1|FearNeverDies|lyra
|
|t:|1635541674
|switch|p1a: Xerneas|Xerneas|100/100
|-ability|p1a: Xerneas|Fairy Aura
|-item|p1a: Xerneas|Air Balloon
|move|p2a: Yveltal|U-turn|p1a: Xerneas
|-resisted|p1a: Xerneas
|-damage|p1a: Xerneas|95/100
|-enditem|p1a: Xerneas|Air Balloon
|inactive|Skysolo ❤ has 210 seconds left.
|inactive|FearNeverDies disconnected and has 285 seconds to reconnect!
|player|p1|
|inactive|FearNeverDies reconnected.
|player|p1|FearNeverDies|lyra
|
|t:|1635541709
|switch|p2a: Necrozma|Necrozma-Dusk-Mane|100/100|[from]move: U-turn
|
|upkeep
|turn|3
|inactive|FearNeverDies has 240 seconds left.
|
|t:|1635541722
|switch|p1a: Ferrothorn|Ferrothorn, M|100/100
|move|p2a: Necrozma|Stealth Rock|p1a: Ferrothorn
|-sidestart|p1: FearNeverDies|move: Stealth Rock
|
|upkeep
|turn|4
|
|t:|1635541729
|switch|p2a: Eternatus|Eternatus|100/100
|-ability|p2a: Eternatus|Pressure
|move|p1a: Ferrothorn|Spikes|p2a: Eternatus
|-sidestart|p2: Skysolo ❤|Spikes
|
|upkeep
|turn|5
|inactive|Skysolo ❤ has 210 seconds left.
|inactive|FearNeverDies has 240 seconds left.
|
|t:|1635541768
|switch|p1a: Necrozma|Necrozma-Dusk-Mane|100/100
|-damage|p1a: Necrozma|94/100|[from] Stealth Rock
|move|p2a: Eternatus|Flamethrower|p1a: Necrozma
|-supereffective|p1a: Necrozma
|-damage|p1a: Necrozma|57/100
|-status|p1a: Necrozma|brn
|
|-heal|p1a: Necrozma|63/100 brn|[from] item: Leftovers
|-damage|p1a: Necrozma|57/100 brn|[from] brn
|upkeep
|turn|6
|inactive|Skysolo ❤ has 210 seconds left.
|
|t:|1635541807
|move|p2a: Eternatus|Flamethrower|p1a: Necrozma
|-supereffective|p1a: Necrozma
|-crit|p1a: Necrozma
|-damage|p1a: Necrozma|9/100 brn
|move|p1a: Necrozma|Morning Sun|p1a: Necrozma
|-heal|p1a: Necrozma|59/100 brn
|
|-heal|p1a: Necrozma|65/100 brn|[from] item: Leftovers
|-damage|p1a: Necrozma|59/100 brn|[from] brn
|upkeep
|turn|7
|
|t:|1635541815
|move|p2a: Eternatus|Flamethrower|p1a: Necrozma
|-supereffective|p1a: Necrozma
|-damage|p1a: Necrozma|22/100 brn
|move|p1a: Necrozma|Morning Sun|p1a: Necrozma
|-heal|p1a: Necrozma|72/100 brn
|
|-heal|p1a: Necrozma|78/100 brn|[from] item: Leftovers
|-damage|p1a: Necrozma|72/100 brn|[from] brn
|upkeep
|turn|8
|
|t:|1635541829
|switch|p2a: Yveltal|Yveltal|62/100
|-ability|p2a: Yveltal|Dark Aura
|switch|p1a: Calyrex|Calyrex-Shadow|100/100
|-ability|p1a: Calyrex|As One
|-ability|p1a: Calyrex|Unnerve
|-damage|p1a: Calyrex|88/100|[from] Stealth Rock
|
|upkeep
|turn|9
|
|t:|1635541839
|switch|p1a: Xerneas|Xerneas|95/100
|-damage|p1a: Xerneas|82/100|[from] Stealth Rock
|-ability|p1a: Xerneas|Fairy Aura
|move|p2a: Yveltal|Roost|p2a: Yveltal
|-heal|p2a: Yveltal|100/100
|-singleturn|p2a: Yveltal|move: Roost
|
|upkeep
|turn|10
|
|t:|1635541845
|move|p2a: Yveltal|U-turn|p1a: Xerneas
|-resisted|p1a: Xerneas
|-damage|p1a: Xerneas|77/100
|
|t:|1635541855
|switch|p2a: Darmanitan|Darmanitan-Galar, F|100/100|[from]move: U-turn
|-damage|p2a: Darmanitan|88/100|[from] Spikes
|move|p1a: Xerneas|Aromatherapy|p1a: Xerneas
|-activate|p1a: Xerneas|move: Aromatherapy
|-curestatus|p1: Necrozma|brn|[msg]
|
|upkeep
|turn|11
|inactive|Skysolo ❤ has 210 seconds left.
|
|t:|1635541861
|move|p2a: Darmanitan|Icicle Crash|p1a: Xerneas
|-damage|p1a: Xerneas|18/100
|move|p1a: Xerneas|Moonblast|p2a: Darmanitan
|-damage|p2a: Darmanitan|5/100
|-unboost|p2a: Darmanitan|spa|1
|
|upkeep
|turn|12
|inactive|FearNeverDies has 270 seconds left.
|
|t:|1635541869
|switch|p1a: Ferrothorn|Ferrothorn, M|100/100
|-damage|p1a: Ferrothorn|94/100|[from] Stealth Rock
|move|p2a: Darmanitan|Icicle Crash|p1a: Ferrothorn|[miss]
|-miss|p2a: Darmanitan|p1a: Ferrothorn
|
|-heal|p1a: Ferrothorn|100/100|[from] item: Leftovers
|upkeep
|turn|13
|
|t:|1635541877
|move|p2a: Darmanitan|Icicle Crash|p1a: Ferrothorn
|-damage|p1a: Ferrothorn|13/100
|cant|p1a: Ferrothorn|flinch
|
|-heal|p1a: Ferrothorn|20/100|[from] item: Leftovers
|upkeep
|turn|14
|inactive|FearNeverDies has 270 seconds left.
|
|t:|1635541898
|move|p2a: Darmanitan|Icicle Crash|p1a: Ferrothorn
|-damage|p1a: Ferrothorn|0 fnt
|faint|p1a: Ferrothorn
|
|upkeep
|
|t:|1635541899
|switch|p1a: Calyrex|Calyrex-Shadow|88/100
|-ability|p1a: Calyrex|As One
|-ability|p1a: Calyrex|Unnerve
|-damage|p1a: Calyrex|76/100|[from] Stealth Rock
|turn|15
|inactive|Skysolo ❤ has 240 seconds left.
|
|t:|1635541905
|switch|p2a: Yveltal|Yveltal|100/100
|-ability|p2a: Yveltal|Dark Aura
|move|p1a: Calyrex|Astral Barrage|p2a: Yveltal
|-resisted|p2a: Yveltal
|-damage|p2a: Yveltal|59/100
|
|upkeep
|turn|16
|
|t:|1635541909
|switch|p1a: Yveltal|Yveltal|100/100
|-ability|p1a: Yveltal|Dark Aura
|move|p2a: Yveltal|Roost|p2a: Yveltal
|-heal|p2a: Yveltal|100/100
|-singleturn|p2a: Yveltal|move: Roost
|
|upkeep
|turn|17
|
|t:|1635541920
|move|p2a: Yveltal|Defog|p1a: Yveltal
|-unboost|p1a: Yveltal|evasion|1
|-sideend|p1: FearNeverDies|Stealth Rock|[from] move: Defog|[of] p2a: Yveltal
|-sideend|p2: Skysolo ❤|Spikes|[from] move: Defog|[of] p2a: Yveltal
|move|p1a: Yveltal|Toxic|p2a: Yveltal
|-status|p2a: Yveltal|tox
|
|-damage|p2a: Yveltal|94/100 tox|[from] psn
|upkeep
|turn|18
|
|t:|1635541927
|move|p2a: Yveltal|U-turn|p1a: Yveltal
|-damage|p1a: Yveltal|81/100
|
|t:|1635541929
|switch|p2a: Eternatus|Eternatus|100/100|[from]move: U-turn
|-ability|p2a: Eternatus|Pressure
|move|p1a: Yveltal|Knock Off|p2a: Eternatus
|-damage|p2a: Eternatus|64/100
|-enditem|p2a: Eternatus|Shuca Berry|[from] move: Knock Off|[of] p1a: Yveltal
|
|upkeep
|turn|19
|
|t:|1635541936
|switch|p2a: Darmanitan|Darmanitan-Galar, F|5/100
|switch|p1a: Groudon|Groudon|100/100
|-weather|SunnyDay|[from] ability: Drought|[of] p1a: Groudon
|
|-weather|SunnyDay|[upkeep]
|upkeep
|turn|20
|inactive|Skysolo ❤ has 270 seconds left.
|inactive|FearNeverDies disconnected and has 285 seconds to reconnect!
|player|p1|
|inactive|FearNeverDies reconnected and has 275 seconds left.
|player|p1|FearNeverDies|lyra
|inactive|FearNeverDies has 270 seconds left.
|
|t:|1635541975
|move|p2a: Darmanitan|Icicle Crash|p1a: Groudon
|-supereffective|p1a: Groudon
|-damage|p1a: Groudon|0 fnt
|faint|p1a: Groudon
|
|-weather|SunnyDay|[upkeep]
|upkeep
|
|t:|1635541977
|switch|p1a: Necrozma|Necrozma-Dusk-Mane|72/100
|turn|21
|
|t:|1635541983
|move|p2a: Darmanitan|Icicle Crash|p1a: Necrozma
|-resisted|p1a: Necrozma
|-damage|p1a: Necrozma|43/100
|cant|p1a: Necrozma|flinch
|
|-weather|SunnyDay|[upkeep]
|-heal|p1a: Necrozma|49/100|[from] item: Leftovers
|upkeep
|turn|22
|
|t:|1635541987
|move|p2a: Darmanitan|Icicle Crash|p1a: Necrozma
|-resisted|p1a: Necrozma
|-damage|p1a: Necrozma|20/100
|move|p1a: Necrozma|Morning Sun|p1a: Necrozma
|-heal|p1a: Necrozma|86/100
|
|-weather|SunnyDay|[upkeep]
|-heal|p1a: Necrozma|92/100|[from] item: Leftovers
|upkeep
|turn|23
|
|t:|1635541999
|switch|p2a: Necrozma|Necrozma-Dusk-Mane|100/100
|move|p1a: Necrozma|Sunsteel Strike|p2a: Necrozma
|-resisted|p2a: Necrozma
|-damage|p2a: Necrozma|84/100
|
|-weather|none
|-heal|p1a: Necrozma|98/100|[from] item: Leftovers
|-heal|p2a: Necrozma|90/100|[from] item: Leftovers
|upkeep
|turn|24
|
|t:|1635542006
|switch|p1a: Yveltal|Yveltal|81/100
|-ability|p1a: Yveltal|Dark Aura
|move|p2a: Necrozma|Thunder Wave|p1a: Yveltal
|-status|p1a: Yveltal|par
|
|-heal|p2a: Necrozma|96/100|[from] item: Leftovers
|upkeep
|turn|25
|
|t:|1635542011
|switch|p2a: Eternatus|Eternatus|64/100
|-ability|p2a: Eternatus|Pressure
|move|p1a: Yveltal|Knock Off|p2a: Eternatus
|-damage|p2a: Eternatus|37/100
|
|upkeep
|turn|26
|
|t:|1635542014
|switch|p1a: Calyrex|Calyrex-Shadow|76/100
|-ability|p1a: Calyrex|As One
|-ability|p1a: Calyrex|Unnerve
|move|p2a: Eternatus|Recover|p2a: Eternatus
|-heal|p2a: Eternatus|87/100
|
|upkeep
|turn|27
|inactive|FearNeverDies has 270 seconds left.
|inactive|Skysolo ❤ has 270 seconds left.
|inactive|FearNeverDies has 240 seconds left.
|
|t:|1635542100
|switch|p2a: Darmanitan|Darmanitan-Galar, F|5/100
|move|p1a: Calyrex|Trick|p2a: Darmanitan
|-activate|p1a: Calyrex|move: Trick|[of] p2a: Darmanitan
|-item|p2a: Darmanitan|Choice Specs|[from] move: Trick
|-item|p1a: Calyrex|Choice Band|[from] move: Trick
|
|upkeep
|turn|28
|
|t:|1635542111
|move|p1a: Calyrex|Psyshock|p2a: Darmanitan
|-damage|p2a: Darmanitan|0 fnt
|faint|p2a: Darmanitan
|-ability|p1a: Calyrex|Grim Neigh|boost
|-boost|p1a: Calyrex|spa|1
|
|upkeep
|
|t:|1635542123
|switch|p2a: Zarude|Zarude-Dada|100/100
|turn|29
|
|t:|1635542126
|switch|p1a: Yveltal|Yveltal|81/100 par
|-ability|p1a: Yveltal|Dark Aura
|move|p2a: Zarude|Bulk Up|p2a: Zarude
|-boost|p2a: Zarude|atk|1
|-boost|p2a: Zarude|def|1
|
|upkeep
|turn|30
|
|t:|1635542130
|move|p2a: Zarude|Bulk Up|p2a: Zarude
|-boost|p2a: Zarude|atk|1
|-boost|p2a: Zarude|def|1
|move|p1a: Yveltal|Toxic|p2a: Zarude
|-status|p2a: Zarude|tox
|
|-damage|p2a: Zarude|94/100 tox|[from] psn
|upkeep
|turn|31
|
|t:|1635542134
|switch|p1a: Xerneas|Xerneas|18/100
|-ability|p1a: Xerneas|Fairy Aura
|move|p2a: Zarude|Darkest Lariat|p1a: Xerneas
|-resisted|p1a: Xerneas
|-damage|p1a: Xerneas|0 fnt
|faint|p1a: Xerneas
|
|-heal|p2a: Zarude|100/100 tox|[from] item: Leftovers
|-damage|p2a: Zarude|88/100 tox|[from] psn
|upkeep
|c|☆FearNeverDies|gg
|-message|FearNeverDies forfeited.
|
|win|Skysolo ❤
|c|☆Skysolo ❤|gg
