|inactive|Battle timer is ON: inactive players will automatically lose when time's up.
|t:|1667578048
|gametype|singles
|player|p1|steel......SKITTY|#steelskitty|
|player|p2|ox04|red-gen7|
|teamsize|p1|6
|teamsize|p2|6
|gen|8
|tier|[Gen 8] Ubers
|rule|Sleep Clause Mod: Limit one foe put to sleep
|rule|Species Clause: Limit one of each Pokémon
|rule|OHKO Clause: OHKO moves are banned
|rule|Evasion Items Clause: Evasion items are banned
|rule|Evasion Moves Clause: Evasion moves are banned
|rule|Endless Battle Clause: Forcing endless battles is banned
|rule|HP Percentage Mod: HP is shown in percentages
|rule|Dynamax Clause: You cannot dynamax
|clearpoke
|poke|p1|Eternatus|
|poke|p1|Yveltal|
|poke|p1|Blissey, F|
|poke|p1|Kyogre|
|poke|p1|Ferrothorn, F|
|poke|p1|Dracovish|
|poke|p2|Marshadow|
|poke|p2|Yveltal|
|poke|p2|Pheromosa|
|poke|p2|Necrozma-Dusk-Mane|
|poke|p2|Groudon|
|poke|p2|Naganadel|
|teampreview
|c|☆steel......SKITTY|gl hf
|c|☆ox04|u2
|inactive|steel......SKITTY has 270 seconds left.
|
|t:|1667578107
|start
|switch|p1a: Subway Train|Kyogre|100/100
|switch|p2a: Pheromosa|Pheromosa|100/100
|-weather|RainDance|[from] ability: Drizzle|[of] p1a: Subway Train
|turn|1
|
|t:|1667578113
|move|p2a: Pheromosa|U-turn|p1a: Subway Train
|-crit|p1a: Subway Train
|-damage|p1a: Subway Train|59/100
|
|t:|1667578119
|switch|p2a: Naganadel|Naganadel, shiny|100/100|[from]move: U-turn
|move|p1a: Subway Train|Surf|p2a: Naganadel
|-resisted|p2a: Naganadel
|-damage|p2a: Naganadel|53/100
|
|-weather|RainDance|[upkeep]
|-heal|p1a: Subway Train|65/100|[from] item: Leftovers
|upkeep
|turn|2
|
|t:|1667578124
|move|p2a: Naganadel|Draco Meteor|p1a: Subway Train
|-damage|p1a: Subway Train|23/100
|-unboost|p2a: Naganadel|spa|2
|-enditem|p2a: Naganadel|Eject Pack
|
|t:|1667578129
|switch|p2a: Yveltal|Yveltal, shiny|100/100
|-ability|p2a: Yveltal|Dark Aura
|move|p1a: Subway Train|Thunder Wave|p2a: Yveltal
|-status|p2a: Yveltal|par
|
|-weather|RainDance|[upkeep]
|-heal|p1a: Subway Train|29/100|[from] item: Leftovers
|upkeep
|turn|3
|c|☆ox04|shit
|c|☆ox04|I was gonna go don
|c|☆ox04|I'm dumb
|inactive|steel......SKITTY has 270 seconds left.
|
|t:|1667578160
|move|p1a: Subway Train|Rest|p1a: Subway Train
|-status|p1a: Subway Train|slp|[from] move: Rest
|-heal|p1a: Subway Train|100/100 slp|[silent]
|cant|p2a: Yveltal|par
|
|-weather|RainDance|[upkeep]
|upkeep
|turn|4
|c|☆steel......SKITTY|oh that sucks
|inactive|steel......SKITTY has 270 seconds left.
|
|t:|1667578173
|switch|p1a: Pills|Yveltal, shiny|100/100
|-ability|p1a: Pills|Dark Aura
|move|p2a: Yveltal|Dark Pulse|p1a: Pills
|-resisted|p1a: Pills
|-damage|p1a: Pills|76/100
|-damage|p2a: Yveltal|91/100 par|[from] item: Life Orb
|
|-weather|RainDance|[upkeep]
|upkeep
|turn|5
|
|t:|1667578177
|move|p1a: Pills|Foul Play|p2a: Yveltal
|-resisted|p2a: Yveltal
|-damage|p2a: Yveltal|69/100 par
|move|p2a: Yveltal|Oblivion Wing|p1a: Pills
|-damage|p1a: Pills|36/100
|-heal|p2a: Yveltal|100/100 par|[from] drain|[of] p1a: Pills
|-damage|p2a: Yveltal|91/100 par|[from] item: Life Orb
|
|-weather|none
|upkeep
|turn|6
|
|t:|1667578180
|move|p1a: Pills|Roost|p1a: Pills
|-heal|p1a: Pills|86/100
|-singleturn|p1a: Pills|move: Roost
|move|p2a: Yveltal|Oblivion Wing|p1a: Pills
|-crit|p1a: Pills
|-damage|p1a: Pills|29/100
|-heal|p2a: Yveltal|100/100 par|[from] drain|[of] p1a: Pills
|-damage|p2a: Yveltal|91/100 par|[from] item: Life Orb
|
|upkeep
|turn|7
|
|t:|1667578184
|move|p1a: Pills|Roost|p1a: Pills
|-heal|p1a: Pills|79/100
|-singleturn|p1a: Pills|move: Roost
|cant|p2a: Yveltal|par
|
|upkeep
|turn|8
|
|t:|1667578188
|move|p1a: Pills|Foul Play|p2a: Yveltal
|-resisted|p2a: Yveltal
|-damage|p2a: Yveltal|69/100 par
|move|p2a: Yveltal|Taunt|p1a: Pills
|-start|p1a: Pills|move: Taunt
|
|upkeep
|turn|9
|
|t:|1667578193
|move|p1a: Pills|U-turn|p2a: Yveltal
|-damage|p2a: Yveltal|51/100 par
|
|t:|1667578196
|switch|p1a: Trash|Blissey, F, shiny|100/100|[from]move: U-turn
|cant|p2a: Yveltal|par
|
|upkeep
|turn|10
|
|t:|1667578199
|switch|p1a: Pills|Yveltal, shiny|79/100
|-ability|p1a: Pills|Dark Aura
|move|p2a: Yveltal|Taunt|p1a: Pills
|-start|p1a: Pills|move: Taunt
|
|upkeep
|turn|11
|
|t:|1667578204
|move|p1a: Pills|Foul Play|p2a: Yveltal
|-resisted|p2a: Yveltal
|-damage|p2a: Yveltal|27/100 par
|move|p2a: Yveltal|Oblivion Wing|p1a: Pills
|-damage|p1a: Pills|40/100
|-heal|p2a: Yveltal|61/100 par|[from] drain|[of] p1a: Pills
|-damage|p2a: Yveltal|51/100 par|[from] item: Life Orb
|
|upkeep
|turn|12
|
|t:|1667578208
|move|p1a: Pills|U-turn|p2a: Yveltal
|-damage|p2a: Yveltal|33/100 par
|
|t:|1667578210
|switch|p1a: Trash|Blissey, F, shiny|100/100|[from]move: U-turn
|move|p2a: Yveltal|Oblivion Wing|p1a: Trash
|-damage|p1a: Trash|86/100
|-heal|p2a: Yveltal|52/100 par|[from] drain|[of] p1a: Trash
|-damage|p2a: Yveltal|42/100 par|[from] item: Life Orb
|
|upkeep
|turn|13
|
|t:|1667578219
|move|p2a: Yveltal|Sucker Punch||[still]
|-fail|p2a: Yveltal
|move|p1a: Trash|Teleport|p1a: Trash
|
|t:|1667578224
|switch|p1a: Pills|Yveltal, shiny|40/100|[from]move: Teleport
|-ability|p1a: Pills|Dark Aura
|
|upkeep
|turn|14
|
|t:|1667578226
|move|p1a: Pills|Roost|p1a: Pills
|-heal|p1a: Pills|91/100
|-singleturn|p1a: Pills|move: Roost
|cant|p2a: Yveltal|par
|
|upkeep
|turn|15
|
|t:|1667578232
|move|p1a: Pills|Foul Play|p2a: Yveltal
|-resisted|p2a: Yveltal
|-damage|p2a: Yveltal|20/100 par
|move|p2a: Yveltal|Oblivion Wing|p1a: Pills
|-damage|p1a: Pills|53/100
|-heal|p2a: Yveltal|53/100 par|[from] drain|[of] p1a: Pills
|-damage|p2a: Yveltal|43/100 par|[from] item: Life Orb
|
|upkeep
|turn|16
|
|t:|1667578236
|move|p1a: Pills|Roost|p1a: Pills
|-heal|p1a: Pills|100/100
|-singleturn|p1a: Pills|move: Roost
|move|p2a: Yveltal|Oblivion Wing|p1a: Pills
|-damage|p1a: Pills|64/100
|-heal|p2a: Yveltal|74/100 par|[from] drain|[of] p1a: Pills
|-damage|p2a: Yveltal|64/100 par|[from] item: Life Orb
|
|upkeep
|turn|17
|
|t:|1667578239
|move|p1a: Pills|Roost|p1a: Pills
|-heal|p1a: Pills|100/100
|-singleturn|p1a: Pills|move: Roost
|move|p2a: Yveltal|Oblivion Wing|p1a: Pills
|-damage|p1a: Pills|60/100
|-heal|p2a: Yveltal|99/100 par|[from] drain|[of] p1a: Pills
|-damage|p2a: Yveltal|89/100 par|[from] item: Life Orb
|
|upkeep
|turn|18
|
|t:|1667578241
|move|p1a: Pills|Roost|p1a: Pills
|-heal|p1a: Pills|100/100
|-singleturn|p1a: Pills|move: Roost
|move|p2a: Yveltal|Taunt|p1a: Pills
|-start|p1a: Pills|move: Taunt
|
|upkeep
|turn|19
|
|t:|1667578246
|move|p1a: Pills|U-turn|p2a: Yveltal
|-damage|p2a: Yveltal|72/100 par
|
|t:|1667578247
|switch|p1a: Trash|Blissey, F, shiny|86/100|[from]move: U-turn
|move|p2a: Yveltal|Dark Pulse|p1a: Trash
|-damage|p1a: Trash|65/100
|-damage|p2a: Yveltal|62/100 par|[from] item: Life Orb
|
|upkeep
|turn|20
|
|t:|1667578249
|cant|p2a: Yveltal|par
|move|p1a: Trash|Soft-Boiled|p1a: Trash
|-heal|p1a: Trash|100/100
|
|upkeep
|turn|21
|
|t:|1667578253
|move|p2a: Yveltal|Taunt|p1a: Trash
|-start|p1a: Trash|move: Taunt
|cant|p1a: Trash|move: Taunt|Teleport
|
|upkeep
|turn|22
|
|t:|1667578257
|switch|p1a: Pills|Yveltal, shiny|100/100
|-ability|p1a: Pills|Dark Aura
|move|p2a: Yveltal|Oblivion Wing|p1a: Pills
|-damage|p1a: Pills|59/100
|-heal|p2a: Yveltal|98/100 par|[from] drain|[of] p1a: Pills
|-damage|p2a: Yveltal|88/100 par|[from] item: Life Orb
|
|upkeep
|turn|23
|
|t:|1667578259
|switch|p2a: Naganadel|Naganadel, shiny|53/100
|move|p1a: Pills|Roost|p1a: Pills
|-heal|p1a: Pills|100/100
|-singleturn|p1a: Pills|move: Roost
|
|upkeep
|turn|24
|
|t:|1667578264
|move|p2a: Naganadel|Sludge Bomb|p1a: Pills
|-damage|p1a: Pills|70/100
|move|p1a: Pills|Foul Play|p2a: Naganadel
|-damage|p2a: Naganadel|17/100
|
|upkeep
|turn|25
|
|t:|1667578269
|move|p2a: Naganadel|Sludge Bomb|p1a: Pills
|-damage|p1a: Pills|40/100
|-status|p1a: Pills|psn
|move|p1a: Pills|Foul Play|p2a: Naganadel
|-damage|p2a: Naganadel|0 fnt
|faint|p2a: Naganadel
|
|-damage|p1a: Pills|27/100 psn|[from] psn
|upkeep
|
|t:|1667578271
|switch|p2a: Pheromosa|Pheromosa|100/100
|turn|26
|
|t:|1667578275
|switch|p1a: Personality Crisis|Ferrothorn, F, shiny|100/100
|move|p2a: Pheromosa|Close Combat|p1a: Personality Crisis
|-supereffective|p1a: Personality Crisis
|-damage|p1a: Personality Crisis|18/100
|-unboost|p2a: Pheromosa|def|1
|-unboost|p2a: Pheromosa|spd|1
|-damage|p2a: Pheromosa|88/100|[from] ability: Iron Barbs|[of] p1a: Personality Crisis
|
|-heal|p1a: Personality Crisis|24/100|[from] item: Leftovers
|upkeep
|turn|27
|
|t:|1667578283
|switch|p1a: Subway Train|Kyogre|100/100 slp
|-weather|RainDance|[from] ability: Drizzle|[of] p1a: Subway Train
|move|p2a: Pheromosa|Close Combat|p1a: Subway Train
|-damage|p1a: Subway Train|58/100 slp
|-unboost|p2a: Pheromosa|def|1
|-unboost|p2a: Pheromosa|spd|1
|
|-weather|RainDance|[upkeep]
|-heal|p1a: Subway Train|64/100 slp|[from] item: Leftovers
|upkeep
|turn|28
|c|☆ox04|surf twave rest talk
|c|☆ox04|hmmmm
|
|t:|1667578298
|switch|p1a: Personality Crisis|Ferrothorn, F, shiny|24/100
|move|p2a: Pheromosa|U-turn|p1a: Personality Crisis
|-damage|p1a: Personality Crisis|3/100
|-damage|p2a: Pheromosa|76/100|[from] ability: Iron Barbs|[of] p1a: Personality Crisis
|
|t:|1667578307
|switch|p2a: Necrozma|Necrozma-Dusk-Mane|100/100|[from]move: U-turn
|
|-weather|RainDance|[upkeep]
|-heal|p1a: Personality Crisis|9/100|[from] item: Leftovers
|upkeep
|turn|29
|
|t:|1667578310
|move|p2a: Necrozma|Dragon Dance|p2a: Necrozma
|-boost|p2a: Necrozma|atk|1
|-boost|p2a: Necrozma|spe|1
|move|p1a: Personality Crisis|Leech Seed|p2a: Necrozma
|-start|p2a: Necrozma|move: Leech Seed
|
|-weather|RainDance|[upkeep]
|-heal|p1a: Personality Crisis|15/100|[from] item: Leftovers
|-damage|p2a: Necrozma|88/100|[from] Leech Seed|[of] p1a: Personality Crisis
|-heal|p1a: Personality Crisis|28/100|[silent]
|upkeep
|turn|30
|
|t:|1667578316
|move|p2a: Necrozma|Dragon Dance|p2a: Necrozma
|-boost|p2a: Necrozma|atk|1
|-boost|p2a: Necrozma|spe|1
|move|p1a: Personality Crisis|Curse|p1a: Personality Crisis
|-unboost|p1a: Personality Crisis|spe|1
|-boost|p1a: Personality Crisis|atk|1
|-boost|p1a: Personality Crisis|def|1
|
|-weather|RainDance|[upkeep]
|-heal|p2a: Necrozma|94/100|[from] item: Leftovers
|-heal|p1a: Personality Crisis|34/100|[from] item: Leftovers
|-damage|p2a: Necrozma|82/100|[from] Leech Seed|[of] p1a: Personality Crisis
|-heal|p1a: Personality Crisis|46/100|[silent]
|upkeep
|turn|31
|
|t:|1667578319
|move|p2a: Necrozma|Sunsteel Strike|p1a: Personality Crisis
|-resisted|p1a: Personality Crisis
|-damage|p1a: Personality Crisis|22/100
|-damage|p2a: Necrozma|70/100|[from] ability: Iron Barbs|[of] p1a: Personality Crisis
|move|p1a: Personality Crisis|Curse|p1a: Personality Crisis
|-unboost|p1a: Personality Crisis|spe|1
|-boost|p1a: Personality Crisis|atk|1
|-boost|p1a: Personality Crisis|def|1
|
|-weather|none
|-heal|p2a: Necrozma|76/100|[from] item: Leftovers
|-heal|p1a: Personality Crisis|28/100|[from] item: Leftovers
|-damage|p2a: Necrozma|63/100|[from] Leech Seed|[of] p1a: Personality Crisis
|-heal|p1a: Personality Crisis|41/100|[silent]
|upkeep
|turn|32
|
|t:|1667578323
|switch|p2a: Marshadow|Marshadow|100/100
|move|p1a: Personality Crisis|Leech Seed|p2a: Marshadow
|-start|p2a: Marshadow|move: Leech Seed
|
|-heal|p1a: Personality Crisis|47/100|[from] item: Leftovers
|-damage|p2a: Marshadow|88/100|[from] Leech Seed|[of] p1a: Personality Crisis
|-heal|p1a: Personality Crisis|59/100|[silent]
|upkeep
|turn|33
|
|t:|1667578329
|switch|p1a: Bad Girl|Eternatus|100/100
|-ability|p1a: Bad Girl|Pressure
|move|p2a: Marshadow|Spectral Thief|p1a: Bad Girl
|-damage|p1a: Bad Girl|59/100
|-damage|p2a: Marshadow|78/100|[from] item: Life Orb
|
|-damage|p2a: Marshadow|66/100|[from] Leech Seed|[of] p1a: Bad Girl
|-heal|p1a: Bad Girl|69/100|[silent]
|upkeep
|turn|34
|
|t:|1667578333
|switch|p2a: Groudon|Groudon|100/100
|-weather|SunnyDay|[from] ability: Drought|[of] p2a: Groudon
|move|p1a: Bad Girl|Flamethrower|p2a: Groudon
|-damage|p2a: Groudon|72/100
|
|-weather|SunnyDay|[upkeep]
|-heal|p2a: Groudon|78/100|[from] item: Leftovers
|upkeep
|turn|35
|
|t:|1667578337
|move|p1a: Bad Girl|Draco Meteor|p2a: Groudon|[miss]
|-miss|p1a: Bad Girl|p2a: Groudon
|move|p2a: Groudon|Swords Dance|p2a: Groudon
|-boost|p2a: Groudon|atk|2
|
|-weather|SunnyDay|[upkeep]
|-heal|p2a: Groudon|85/100|[from] item: Leftovers
|upkeep
|turn|36
|
|t:|1667578342
|switch|p1a: Pills|Yveltal, shiny|27/100 psn
|-ability|p1a: Pills|Dark Aura
|move|p2a: Groudon|Stone Edge|p1a: Pills
|-supereffective|p1a: Pills
|-damage|p1a: Pills|0 fnt
|faint|p1a: Pills
|
|-weather|SunnyDay|[upkeep]
|-heal|p2a: Groudon|91/100|[from] item: Leftovers
|upkeep
|
|t:|1667578349
|switch|p1a: Jet Boy|Dracovish|100/100
|turn|37
|
|t:|1667578351
|move|p1a: Jet Boy|Fishious Rend|p2a: Groudon
|-supereffective|p2a: Groudon
|-crit|p2a: Groudon
|-damage|p2a: Groudon|0 fnt
|faint|p2a: Groudon
|
|-weather|SunnyDay|[upkeep]
|upkeep
|c|+Inder|mh
|c|+RichardMillePlain|what is this for
|c|☆steel......SKITTY|no johns
|inactive|ox04 has 270 seconds left.
|c|+Inder|richard viens faire des games
|
|t:|1667578391
|switch|p2a: Pheromosa|Pheromosa|76/100
|turn|38
|
|t:|1667578413
|move|p2a: Pheromosa|U-turn|p1a: Jet Boy
|-damage|p1a: Jet Boy|58/100
|
|t:|1667578416
|switch|p2a: Yveltal|Yveltal, shiny|88/100 par|[from]move: U-turn
|-ability|p2a: Yveltal|Dark Aura
|move|p1a: Jet Boy|Fishious Rend|p2a: Yveltal
|-crit|p2a: Yveltal
|-damage|p2a: Yveltal|0 fnt
|faint|p2a: Yveltal
|
|-weather|none
|upkeep
|
|t:|1667578419
|switch|p2a: Pheromosa|Pheromosa|76/100
|turn|39
|c|☆ox04|bro
|c|☆steel......SKITTY|what
|c|☆ox04|I still don't know your set
|c|☆ox04|because of all the crits
|c|☆steel......SKITTY|oh
|c|☆ox04|or do I....
|c|☆steel......SKITTY|hm
|c|☆steel......SKITTY|yea
|c|☆steel......SKITTY|do you?
|c|☆steel......SKITTY|you maybe do
|c|☆steel......SKITTY|interesting question.
|inactive|steel......SKITTY has 270 seconds left.
|c|☆ox04|oh you are banded
|c|☆ox04|knew it
|c|☆steel......SKITTY|so you did know
|inactive|steel......SKITTY has 240 seconds left.
|c|☆ox04|not letting out any secrets...
|c|+Coalette|fishyus wend :3
|c|☆steel......SKITTY|fishy remd >:3
|inactive|steel......SKITTY has 210 seconds left.
|
|t:|1667578509
|switch|p1a: Trash|Blissey, F, shiny|100/100
|move|p2a: Pheromosa|Close Combat|p1a: Trash
|-supereffective|p1a: Trash
|-damage|p1a: Trash|0 fnt
|-unboost|p2a: Pheromosa|def|1
|-unboost|p2a: Pheromosa|spd|1
|faint|p1a: Trash
|-ability|p2a: Pheromosa|Beast Boost|boost
|-boost|p2a: Pheromosa|spe|1
|
|upkeep
|inactive|steel......SKITTY has 210 seconds left.
|c|☆ox04|fishy remd broken
|
|t:|1667578524
|switch|p1a: Subway Train|Kyogre|64/100 slp
|-weather|RainDance|[from] ability: Drizzle|[of] p1a: Subway Train
|turn|40
|
|t:|1667578527
|move|p2a: Pheromosa|U-turn|p1a: Subway Train
|-damage|p1a: Subway Train|39/100 slp
|
|t:|1667578530
|switch|p2a: Marshadow|Marshadow|66/100|[from]move: U-turn
|cant|p1a: Subway Train|slp
|
|-weather|RainDance|[upkeep]
|-heal|p1a: Subway Train|46/100 slp|[from] item: Leftovers
|upkeep
|turn|41
|c|☆ox04|ye you ain't stupid rest talk
|
|t:|1667578539
|move|p2a: Marshadow|Low Kick|p1a: Subway Train
|-damage|p1a: Subway Train|0 fnt
|faint|p1a: Subway Train
|-damage|p2a: Marshadow|56/100|[from] item: Life Orb
|
|-weather|RainDance|[upkeep]
|upkeep
|
|t:|1667578545
|switch|p1a: Bad Girl|Eternatus|69/100
|-ability|p1a: Bad Girl|Pressure
|turn|42
|
|t:|1667578550
|switch|p2a: Necrozma|Necrozma-Dusk-Mane|63/100
|move|p1a: Bad Girl|Draco Meteor|p2a: Necrozma|[miss]
|-miss|p1a: Bad Girl|p2a: Necrozma
|
|-weather|RainDance|[upkeep]
|-heal|p2a: Necrozma|69/100|[from] item: Leftovers
|upkeep
|turn|43
|
|t:|1667578555
|switch|p1a: Jet Boy|Dracovish|58/100
|move|p2a: Necrozma|Dragon Dance|p2a: Necrozma
|-boost|p2a: Necrozma|atk|1
|-boost|p2a: Necrozma|spe|1
|
|-weather|RainDance|[upkeep]
|-heal|p2a: Necrozma|75/100|[from] item: Leftovers
|upkeep
|turn|44
|c|☆ox04|go on
|
|t:|1667578559
|move|p2a: Necrozma|Sunsteel Strike|p1a: Jet Boy
|-resisted|p1a: Jet Boy
|-damage|p1a: Jet Boy|8/100
|move|p1a: Jet Boy|Fishious Rend|p2a: Necrozma
|-damage|p2a: Necrozma|0 fnt
|faint|p2a: Necrozma
|
|-weather|none
|upkeep
|c|☆ox04|oh
|
|t:|1667578567
|switch|p2a: Pheromosa|Pheromosa|76/100
|turn|45
|c|+Coalette|wended
|
|t:|1667578571
|move|p2a: Pheromosa|Close Combat|p1a: Jet Boy
|-damage|p1a: Jet Boy|0 fnt
|-unboost|p2a: Pheromosa|def|1
|-unboost|p2a: Pheromosa|spd|1
|faint|p1a: Jet Boy
|-ability|p2a: Pheromosa|Beast Boost|boost
|-boost|p2a: Pheromosa|spe|1
|
|upkeep
|
|t:|1667578574
|switch|p1a: Bad Girl|Eternatus|69/100
|-ability|p1a: Bad Girl|Pressure
|turn|46
|
|t:|1667578576
|move|p2a: Pheromosa|Triple Axel|p1a: Bad Girl|[miss]
|-miss|p2a: Pheromosa|p1a: Bad Girl
|move|p1a: Bad Girl|Recover|p1a: Bad Girl
|-heal|p1a: Bad Girl|100/100
|
|upkeep
|turn|47
|c|☆ox04|fuuuuuuuuuuuuuuuuuu
|
|t:|1667578584
|move|p2a: Pheromosa|Triple Axel|p1a: Bad Girl
|-supereffective|p1a: Bad Girl
|-damage|p1a: Bad Girl|91/100
|-hitcount|p1a: Bad Girl|1
|move|p1a: Bad Girl|Flamethrower|p2a: Pheromosa
|-supereffective|p2a: Pheromosa
|-damage|p2a: Pheromosa|0 fnt
|faint|p2a: Pheromosa
|
|upkeep
|c|☆steel......SKITTY|lol
|c|☆steel......SKITTY|goddamn
|
|t:|1667578588
|switch|p2a: Marshadow|Marshadow|56/100
|turn|48
|c|☆ox04|I just lost
|c|+Rhmsitb|lmao
|c|☆steel......SKITTY|haxy series
|c|☆ox04|because of that
|c|☆ox04|yea no shit
|c|+Coalette|a 9 hit means
|c|☆ox04|but draco misses also
|c|+Coalette|like sub 70 damage
|inactive|steel......SKITTY has 270 seconds left.
|c|+Coalette|doesnt it
|c|☆ox04|wtf was this match
|c|☆steel......SKITTY|it was certainly pokemon
|
|t:|1667578627
|move|p1a: Bad Girl|Flamethrower|p2a: Marshadow
|-damage|p2a: Marshadow|20/100
|move|p2a: Marshadow|Spectral Thief|p1a: Bad Girl
|-damage|p1a: Bad Girl|55/100
|-damage|p2a: Marshadow|10/100|[from] item: Life Orb
|
|upkeep
|turn|49
|
|t:|1667578633
|switch|p1a: Personality Crisis|Ferrothorn, F, shiny|59/100
|move|p2a: Marshadow|Shadow Sneak|p1a: Personality Crisis
|-damage|p1a: Personality Crisis|34/100
|-damage|p2a: Marshadow|0 fnt|[from] ability: Iron Barbs|[of] p1a: Personality Crisis
|faint|p2a: Marshadow
|
|win|steel......SKITTY
|c|☆ox04|gg
|c|☆steel......SKITTY|ggs ig lol
