|inactive|Battle timer is ON: inactive players will automatically lose when time's up.
|t:|1659895121
|gametype|singles
|player|p1|Skysolo ❤|#pspl2019ubers|
|player|p2|Exiline|juggler|
|teamsize|p1|6
|teamsize|p2|6
|gen|8
|tier|[Gen 8] Ubers
|rule|Sleep Clause Mod: Limit one foe put to sleep
|rule|Species Clause: Limit one of each Pokémon
|rule|OHKO Clause: OHKO moves are banned
|rule|Evasion Moves Clause: Evasion moves are banned
|rule|Endless Battle Clause: Forcing endless battles is banned
|rule|HP Percentage Mod: HP is shown in percentages
|rule|Dynamax Clause: You cannot dynamax
|clearpoke
|poke|p1|Groudon|
|poke|p1|Eternatus|
|poke|p1|Clefable, F|
|poke|p1|Calyrex-Shadow|
|poke|p1|Necrozma-Dusk-Mane|
|poke|p1|Yveltal|
|poke|p2|Darmanitan-Galar, M|
|poke|p2|Groudon|
|poke|p2|Yveltal|
|poke|p2|Ferrothorn, M|
|poke|p2|Xerneas-*|
|poke|p2|Ho-Oh|
|teampreview
|c|☆Skysolo ❤|hf
|inactive|Skysolo ❤ has 270 seconds left.
|c|☆Exiline|inch
|
|t:|1659895168
|start
|switch|p1a: Clefable|Clefable, F|100/100
|switch|p2a: Xerneas|Xerneas|100/100
|-ability|p2a: Xerneas|Fairy Aura
|turn|1
|
|t:|1659895186
|move|p2a: Xerneas|Moonblast|p1a: Clefable
|-damage|p1a: Clefable|40/100
|-unboost|p1a: Clefable|spa|1
|-enditem|p1a: Clefable|Sitrus Berry|[eat]
|-heal|p1a: Clefable|65/100|[from] item: Sitrus Berry
|move|p1a: Clefable|Stealth Rock|p2a: Xerneas
|-sidestart|p2: Exiline|move: Stealth Rock
|
|upkeep
|turn|2
|
|t:|1659895203
|switch|p2a: Ho-Oh|Ho-Oh|100/100
|switch|p1a: Groudon|Groudon|100/100
|-weather|SunnyDay|[from] ability: Drought|[of] p1a: Groudon
|
|-weather|SunnyDay|[upkeep]
|upkeep
|turn|3
|
|t:|1659895213
|switch|p2a: Yveltal|Yveltal|100/100
|-ability|p2a: Yveltal|Dark Aura
|move|p1a: Groudon|Rock Tomb|p2a: Yveltal
|-supereffective|p2a: Yveltal
|-damage|p2a: Yveltal|65/100
|-unboost|p2a: Yveltal|spe|1
|
|-weather|SunnyDay|[upkeep]
|upkeep
|turn|4
|
|t:|1659895220
|move|p1a: Groudon|Heat Crash|p2a: Yveltal
|-damage|p2a: Yveltal|23/100
|move|p2a: Yveltal|Roost|p2a: Yveltal
|-heal|p2a: Yveltal|73/100
|-singleturn|p2a: Yveltal|move: Roost
|
|-weather|SunnyDay|[upkeep]
|upkeep
|turn|5
|
|t:|1659895228
|move|p1a: Groudon|Heat Crash|p2a: Yveltal
|-damage|p2a: Yveltal|28/100
|move|p2a: Yveltal|Roost|p2a: Yveltal
|-heal|p2a: Yveltal|78/100
|-singleturn|p2a: Yveltal|move: Roost
|
|-weather|SunnyDay|[upkeep]
|upkeep
|turn|6
|
|t:|1659895237
|move|p1a: Groudon|Swords Dance|p1a: Groudon
|-boost|p1a: Groudon|atk|2
|move|p2a: Yveltal|Foul Play|p1a: Groudon
|-damage|p1a: Groudon|3/100
|
|-weather|none
|-heal|p1a: Groudon|9/100|[from] item: Leftovers
|upkeep
|turn|7
|
|t:|1659895258
|switch|p2a: Groudon|Groudon|100/100
|-damage|p2a: Groudon|94/100|[from] Stealth Rock
|-weather|SunnyDay|[from] ability: Drought|[of] p2a: Groudon
|move|p1a: Groudon|Rock Tomb|p2a: Groudon
|-resisted|p2a: Groudon
|-damage|p2a: Groudon|79/100
|-unboost|p2a: Groudon|spe|1
|
|-weather|SunnyDay|[upkeep]
|-heal|p1a: Groudon|16/100|[from] item: Leftovers
|-heal|p2a: Groudon|85/100|[from] item: Leftovers
|upkeep
|turn|8
|
|t:|1659895266
|move|p1a: Groudon|Earthquake|p2a: Groudon
|-damage|p2a: Groudon|6/100
|move|p2a: Groudon|Precipice Blades|p1a: Groudon
|-damage|p1a: Groudon|0 fnt
|faint|p1a: Groudon
|
|-weather|SunnyDay|[upkeep]
|-heal|p2a: Groudon|12/100|[from] item: Leftovers
|upkeep
|
|t:|1659895278
|switch|p1a: Calyrex|Calyrex-Shadow|100/100
|-ability|p1a: Calyrex|As One
|-ability|p1a: Calyrex|Unnerve
|turn|9
|
|t:|1659895285
|move|p1a: Calyrex|Astral Barrage|p2a: Groudon
|-damage|p2a: Groudon|0 fnt
|faint|p2a: Groudon
|-ability|p1a: Calyrex|Grim Neigh|boost
|-boost|p1a: Calyrex|spa|1
|
|-weather|SunnyDay|[upkeep]
|upkeep
|
|t:|1659895289
|switch|p2a: Yveltal|Yveltal|78/100
|-ability|p2a: Yveltal|Dark Aura
|turn|10
|
|t:|1659895316
|switch|p1a: Clefable|Clefable, F|65/100
|move|p2a: Yveltal|Defog|p1a: Clefable
|-unboost|p1a: Clefable|evasion|1
|-sideend|p2: Exiline|Stealth Rock|[from] move: Defog|[of] p2a: Yveltal
|
|-weather|SunnyDay|[upkeep]
|upkeep
|turn|11
|
|t:|1659895323
|move|p2a: Yveltal|U-turn|p1a: Clefable
|-resisted|p1a: Clefable
|-damage|p1a: Clefable|57/100
|
|t:|1659895326
|switch|p2a: Ho-Oh|Ho-Oh|100/100|[from]move: U-turn
|move|p1a: Clefable|Thunder Wave|p2a: Ho-Oh
|-status|p2a: Ho-Oh|par
|
|-weather|none
|upkeep
|turn|12
|
|t:|1659895334
|move|p1a: Clefable|Soft-Boiled|p1a: Clefable
|-heal|p1a: Clefable|100/100
|cant|p2a: Ho-Oh|par
|
|upkeep
|turn|13
|
|t:|1659895342
|move|p1a: Clefable|Stealth Rock|p2a: Ho-Oh
|-sidestart|p2: Exiline|move: Stealth Rock
|move|p2a: Ho-Oh|Thunder Wave|p1a: Clefable
|-status|p1a: Clefable|par
|
|upkeep
|turn|14
|
|t:|1659895354
|switch|p1a: Eternatus|Eternatus|100/100
|-ability|p1a: Eternatus|Pressure
|move|p2a: Ho-Oh|Thunder Wave|p1a: Eternatus
|-status|p1a: Eternatus|par
|
|upkeep
|turn|15
|
|t:|1659895362
|switch|p2a: Yveltal|Yveltal|78/100
|-ability|p2a: Yveltal|Dark Aura
|move|p1a: Eternatus|Dynamax Cannon|p2a: Yveltal
|-damage|p2a: Yveltal|41/100
|
|upkeep
|turn|16
|
|t:|1659895369
|move|p2a: Yveltal|Roost|p2a: Yveltal
|-heal|p2a: Yveltal|91/100
|-singleturn|p2a: Yveltal|move: Roost
|move|p1a: Eternatus|Toxic|p2a: Yveltal
|-status|p2a: Yveltal|tox
|
|-damage|p2a: Yveltal|85/100 tox|[from] psn
|upkeep
|turn|17
|
|t:|1659895380
|move|p2a: Yveltal|U-turn|p1a: Eternatus
|-resisted|p1a: Eternatus
|-damage|p1a: Eternatus|93/100 par
|
|t:|1659895384
|switch|p2a: Xerneas|Xerneas|100/100|[from]move: U-turn
|-damage|p2a: Xerneas|88/100|[from] Stealth Rock
|-ability|p2a: Xerneas|Fairy Aura
|cant|p1a: Eternatus|par
|
|upkeep
|turn|18
|
|t:|1659895388
|switch|p1a: Necrozma|Necrozma-Dusk-Mane|100/100
|move|p2a: Xerneas|Aromatherapy|p2a: Xerneas
|-activate|p2a: Xerneas|move: Aromatherapy
|-curestatus|p2: Ho-Oh|par|[msg]
|-curestatus|p2: Yveltal|tox|[msg]
|
|upkeep
|turn|19
|
|t:|1659895398
|switch|p2a: Ho-Oh|Ho-Oh|100/100
|move|p1a: Necrozma|Knock Off|p2a: Ho-Oh
|-damage|p2a: Ho-Oh|73/100
|-enditem|p2a: Ho-Oh|Heavy-Duty Boots|[from] move: Knock Off|[of] p1a: Necrozma
|
|upkeep
|turn|20
|
|t:|1659895410
|switch|p1a: Clefable|Clefable, F|100/100 par
|move|p2a: Ho-Oh|Sacred Fire|p1a: Clefable
|-damage|p1a: Clefable|56/100 par
|
|upkeep
|turn|21
|
|t:|1659895415
|move|p2a: Ho-Oh|Brave Bird|p1a: Clefable
|-damage|p1a: Clefable|7/100 par
|-damage|p2a: Ho-Oh|57/100|[from] Recoil
|move|p1a: Clefable|Thunder Wave|p2a: Ho-Oh
|-status|p2a: Ho-Oh|par
|
|upkeep
|turn|22
|
|t:|1659895425
|switch|p1a: Yveltal|Yveltal|100/100
|-ability|p1a: Yveltal|Dark Aura
|move|p2a: Ho-Oh|Brave Bird|p1a: Yveltal
|-damage|p1a: Yveltal|52/100
|-damage|p2a: Ho-Oh|40/100 par|[from] Recoil
|
|upkeep
|turn|23
|
|t:|1659895435
|switch|p2a: Yveltal|Yveltal|85/100
|-ability|p2a: Yveltal|Dark Aura
|move|p1a: Yveltal|Foul Play|p2a: Yveltal
|-resisted|p2a: Yveltal
|-damage|p2a: Yveltal|62/100
|
|upkeep
|turn|24
|
|t:|1659895445
|move|p2a: Yveltal|Defog|p1a: Yveltal
|-unboost|p1a: Yveltal|evasion|1
|-sideend|p2: Exiline|Stealth Rock|[from] move: Defog|[of] p2a: Yveltal
|move|p1a: Yveltal|Roost|p1a: Yveltal
|-heal|p1a: Yveltal|100/100
|-singleturn|p1a: Yveltal|move: Roost
|
|upkeep
|turn|25
|
|t:|1659895464
|move|p2a: Yveltal|Roost|p2a: Yveltal
|-heal|p2a: Yveltal|100/100
|-singleturn|p2a: Yveltal|move: Roost
|move|p1a: Yveltal|Foul Play|p2a: Yveltal
|-resisted|p2a: Yveltal
|-damage|p2a: Yveltal|77/100
|
|upkeep
|turn|26
|
|t:|1659895476
|move|p2a: Yveltal|U-turn|p1a: Yveltal
|-damage|p1a: Yveltal|85/100
|
|t:|1659895480
|switch|p2a: Xerneas|Xerneas|88/100|[from]move: U-turn
|-ability|p2a: Xerneas|Fairy Aura
|move|p1a: Yveltal|Foul Play|p2a: Xerneas
|-resisted|p2a: Xerneas
|-damage|p2a: Xerneas|68/100
|
|upkeep
|turn|27
|
|t:|1659895489
|switch|p2a: Yveltal|Yveltal|77/100
|-ability|p2a: Yveltal|Dark Aura
|switch|p1a: Calyrex|Calyrex-Shadow|100/100
|-ability|p1a: Calyrex|As One
|-ability|p1a: Calyrex|Unnerve
|
|upkeep
|turn|28
|
|t:|1659895503
|switch|p1a: Yveltal|Yveltal|85/100
|-ability|p1a: Yveltal|Dark Aura
|move|p2a: Yveltal|Foul Play|p1a: Yveltal
|-resisted|p1a: Yveltal
|-damage|p1a: Yveltal|62/100
|
|upkeep
|turn|29
|
|t:|1659895512
|move|p2a: Yveltal|U-turn|p1a: Yveltal
|-damage|p1a: Yveltal|46/100
|
|t:|1659895517
|switch|p2a: Ho-Oh|Ho-Oh|73/100 par|[from]move: U-turn
|move|p1a: Yveltal|Foul Play|p2a: Ho-Oh
|-damage|p2a: Ho-Oh|12/100 par
|
|upkeep
|turn|30
|
|t:|1659895526
|switch|p1a: Calyrex|Calyrex-Shadow|100/100
|-ability|p1a: Calyrex|As One
|-ability|p1a: Calyrex|Unnerve
|switch|p2a: Xerneas|Xerneas|68/100
|-ability|p2a: Xerneas|Fairy Aura
|
|upkeep
|turn|31
|
|t:|1659895534
|move|p2a: Xerneas|Moonblast|p1a: Calyrex
|-damage|p1a: Calyrex|30/100
|move|p1a: Calyrex|Astral Barrage|p2a: Xerneas
|-damage|p2a: Xerneas|0 fnt
|faint|p2a: Xerneas
|-ability|p1a: Calyrex|Grim Neigh|boost
|-boost|p1a: Calyrex|spa|1
|
|upkeep
|
|t:|1659895540
|switch|p2a: Yveltal|Yveltal|77/100
|-ability|p2a: Yveltal|Dark Aura
|turn|32
|
|t:|1659895560
|switch|p1a: Eternatus|Eternatus|93/100 par
|-ability|p1a: Eternatus|Pressure
|move|p2a: Yveltal|U-turn|p1a: Eternatus
|-resisted|p1a: Eternatus
|-damage|p1a: Eternatus|85/100 par
|
|t:|1659895578
|switch|p2a: Darmanitan|Darmanitan-Galar, M|100/100|[from]move: U-turn
|
|upkeep
|turn|33
|
|t:|1659895582
|switch|p1a: Clefable|Clefable, F|7/100 par
|move|p2a: Darmanitan|Icicle Crash|p1a: Clefable
|-damage|p1a: Clefable|0 fnt
|faint|p1a: Clefable
|
|upkeep
|
|t:|1659895588
|switch|p1a: Necrozma|Necrozma-Dusk-Mane|100/100
|turn|34
|inactive|Exiline has 270 seconds left.
|inactive|Skysolo ❤ has 270 seconds left.
|
|t:|1659895650
|switch|p2a: Yveltal|Yveltal|77/100
|-ability|p2a: Yveltal|Dark Aura
|move|p1a: Necrozma|Dragon Dance|p1a: Necrozma
|-boost|p1a: Necrozma|atk|1
|-boost|p1a: Necrozma|spe|1
|
|upkeep
|turn|35
|inactive|Skysolo ❤ has 240 seconds left.
|
|t:|1659895674
|move|p1a: Necrozma|Sunsteel Strike|p2a: Yveltal
|-damage|p2a: Yveltal|19/100
|move|p2a: Yveltal|Foul Play|p1a: Necrozma
|-supereffective|p1a: Necrozma
|-damage|p1a: Necrozma|0 fnt
|faint|p1a: Necrozma
|
|upkeep
|
|t:|1659895679
|switch|p1a: Calyrex|Calyrex-Shadow|30/100
|-ability|p1a: Calyrex|As One
|-ability|p1a: Calyrex|Unnerve
|turn|36
|
|t:|1659895695
|move|p1a: Calyrex|Astral Barrage|p2a: Yveltal
|-resisted|p2a: Yveltal
|-damage|p2a: Yveltal|0 fnt
|faint|p2a: Yveltal
|-ability|p1a: Calyrex|Grim Neigh|boost
|-boost|p1a: Calyrex|spa|1
|
|upkeep
|
|t:|1659895702
|switch|p2a: Darmanitan|Darmanitan-Galar, M|100/100
|turn|37
|
|t:|1659895706
|move|p2a: Darmanitan|U-turn|p1a: Calyrex
|-damage|p1a: Calyrex|0 fnt
|faint|p1a: Calyrex
|
|t:|1659895712
|switch|p2a: Ho-Oh|Ho-Oh|45/100 par|[from]move: U-turn
|
|upkeep
|
|t:|1659895718
|switch|p1a: Yveltal|Yveltal|46/100
|-ability|p1a: Yveltal|Dark Aura
|turn|38
|
|t:|1659895722
|switch|p2a: Ferrothorn|Ferrothorn, M|100/100
|move|p1a: Yveltal|Foul Play|p2a: Ferrothorn
|-damage|p2a: Ferrothorn|70/100
|-damage|p1a: Yveltal|34/100|[from] ability: Iron Barbs|[of] p2a: Ferrothorn
|
|-heal|p2a: Ferrothorn|77/100|[from] item: Leftovers
|upkeep
|turn|39
|
|t:|1659895727
|switch|p1a: Eternatus|Eternatus|85/100 par
|-ability|p1a: Eternatus|Pressure
|move|p2a: Ferrothorn|Leech Seed|p1a: Eternatus
|-start|p1a: Eternatus|move: Leech Seed
|
|-heal|p2a: Ferrothorn|83/100|[from] item: Leftovers
|-damage|p1a: Eternatus|73/100 par|[from] Leech Seed|[of] p2a: Ferrothorn
|-heal|p2a: Ferrothorn|99/100|[silent]
|upkeep
|turn|40
|
|t:|1659895751
|switch|p2a: Ho-Oh|Ho-Oh|78/100 par
|move|p1a: Eternatus|Toxic||[still]
|-fail|p1a: Eternatus
|
|-damage|p1a: Eternatus|60/100 par|[from] Leech Seed|[of] p2a: Ho-Oh
|-heal|p2a: Ho-Oh|92/100 par|[silent]
|upkeep
|turn|41
|
|t:|1659895756
|move|p1a: Eternatus|Recover|p1a: Eternatus
|-heal|p1a: Eternatus|100/100 par
|move|p2a: Ho-Oh|Brave Bird|p1a: Eternatus
|-damage|p1a: Eternatus|46/100 par
|-damage|p2a: Ho-Oh|72/100 par|[from] Recoil
|
|-damage|p1a: Eternatus|33/100 par|[from] Leech Seed|[of] p2a: Ho-Oh
|-heal|p2a: Ho-Oh|86/100 par|[silent]
|upkeep
|turn|42
|c|☆Skysolo ❤|ggs
|-message|Skysolo ❤ forfeited.
|
|win|Exiline
|c|☆Exiline|ggs
