|inactive|Battle timer is ON: inactive players will automatically lose when time's up.
|t:|1667134813
|gametype|singles
|player|p1|Steel S Kitty!|#steelskitty|
|player|p2|Aberforth|#aberforth|
|teamsize|p1|6
|teamsize|p2|6
|gen|8
|tier|[Gen 8] Ubers
|rule|Sleep Clause Mod: Limit one foe put to sleep
|rule|Species Clause: Limit one of each Pokémon
|rule|OHKO Clause: OHKO moves are banned
|rule|Evasion Items Clause: Evasion items are banned
|rule|Evasion Moves Clause: Evasion moves are banned
|rule|Endless Battle Clause: Forcing endless battles is banned
|rule|HP Percentage Mod: HP is shown in percentages
|rule|Dynamax Clause: You cannot dynamax
|clearpoke
|poke|p1|Zygarde|
|poke|p1|Necrozma-Dusk-Mane|
|poke|p1|Eternatus|
|poke|p1|Yveltal|
|poke|p1|Calyrex-Shadow|
|poke|p1|Kyogre|
|poke|p2|Pheromosa|
|poke|p2|Landorus-Therian, M|
|poke|p2|Kyogre|
|poke|p2|Eternatus|
|poke|p2|Yveltal|
|poke|p2|Necrozma-Dusk-Mane|
|teampreview
|c|☆Steel S Kitty!|GL HF
|c|+Lasen|SCL?
|c|☆Steel S Kitty!|jackie en scl
|c|☆Aberforth|u2
|c|+Lasen| enzonana en gscpl
|inactive|Steel S Kitty! has 270 seconds left.
|c|+Manaphy-- smog|name jeff
|c|+Aurora|go jackie
|c|+H.M.N.I.P|Mami Jackie
|inactive|Steel S Kitty! has 240 seconds left.
|raw|<div class="broadcast-red"><strong>Moderated chat was set to ☆!</strong><br />Only users of rank ☆ and higher can talk.</div>
|
|t:|1667134893
|start
|switch|p1a: The Kate|Kyogre|100/100
|switch|p2a: Eternatus|Eternatus|100/100
|-ability|p2a: Eternatus|Pressure
|-weather|RainDance|[from] ability: Drizzle|[of] p1a: The Kate
|turn|1
|
|t:|1667134915
|switch|p1a: Necrozma|Necrozma-Dusk-Mane|100/100
|move|p2a: Eternatus|Sludge Bomb|p1a: Necrozma
|-immune|p1a: Necrozma
|
|-weather|RainDance|[upkeep]
|upkeep
|turn|2
|
|t:|1667134933
|move|p2a: Eternatus|Draco Meteor|p1a: Necrozma
|-resisted|p1a: Necrozma
|-damage|p1a: Necrozma|84/100
|-unboost|p2a: Eternatus|spa|2
|-enditem|p2a: Eternatus|Eject Pack
|
|t:|1667134936
|switch|p2a: Landorus|Landorus-Therian, M|100/100
|-ability|p2a: Landorus|Intimidate|boost
|-unboost|p1a: Necrozma|atk|1
|move|p1a: Necrozma|Stealth Rock|p2a: Landorus
|-sidestart|p2: Aberforth|move: Stealth Rock
|
|-weather|RainDance|[upkeep]
|-heal|p1a: Necrozma|90/100|[from] item: Leftovers
|upkeep
|turn|3
|
|t:|1667134948
|switch|p1a: Yveltal|Yveltal|100/100
|-ability|p1a: Yveltal|Dark Aura
|move|p2a: Landorus|Toxic|p1a: Yveltal
|-status|p1a: Yveltal|tox
|
|-weather|RainDance|[upkeep]
|-damage|p1a: Yveltal|94/100 tox|[from] psn
|upkeep
|turn|4
|
|t:|1667134960
|switch|p1a: Calyrex|Calyrex-Shadow|100/100
|-ability|p1a: Calyrex|As One
|-ability|p1a: Calyrex|Unnerve
|switch|p2a: Eternatus|Eternatus|100/100
|-damage|p2a: Eternatus|88/100|[from] Stealth Rock
|-ability|p2a: Eternatus|Pressure
|
|-weather|RainDance|[upkeep]
|upkeep
|turn|5
|
|t:|1667134968
|switch|p2a: Yveltal|Yveltal|100/100
|-ability|p2a: Yveltal|Dark Aura
|move|p1a: Calyrex|Trick|p2a: Yveltal
|-activate|p1a: Calyrex|move: Trick|[of] p2a: Yveltal
|-item|p2a: Yveltal|Choice Specs|[from] move: Trick
|-item|p1a: Calyrex|Heavy-Duty Boots|[from] move: Trick
|
|-weather|none
|upkeep
|turn|6
|
|t:|1667134977
|switch|p1a: Eternatus|Eternatus|100/100
|-ability|p1a: Eternatus|Pressure
|move|p2a: Yveltal|Knock Off|p1a: Eternatus
|-damage|p1a: Eternatus|52/100
|-enditem|p1a: Eternatus|Haban Berry|[from] move: Knock Off|[of] p2a: Yveltal
|
|upkeep
|turn|7
|
|t:|1667134991
|switch|p1a: The Kate|Kyogre|100/100
|-weather|RainDance|[from] ability: Drizzle|[of] p1a: The Kate
|switch|p2a: Necrozma|Necrozma-Dusk-Mane|100/100
|-damage|p2a: Necrozma|94/100|[from] Stealth Rock
|
|-weather|RainDance|[upkeep]
|-heal|p2a: Necrozma|100/100|[from] item: Leftovers
|upkeep
|turn|8
|
|t:|1667134998
|switch|p2a: Eternatus|Eternatus|88/100
|-damage|p2a: Eternatus|76/100|[from] Stealth Rock
|-ability|p2a: Eternatus|Pressure
|move|p1a: The Kate|Calm Mind|p1a: The Kate
|-boost|p1a: The Kate|spa|1
|-boost|p1a: The Kate|spd|1
|
|-weather|RainDance|[upkeep]
|upkeep
|turn|9
|
|t:|1667135017
|move|p2a: Eternatus|Mystical Fire|p1a: The Kate
|-resisted|p1a: The Kate
|-damage|p1a: The Kate|97/100
|-unboost|p1a: The Kate|spa|1
|move|p1a: The Kate|Ice Beam|p2a: Eternatus
|-supereffective|p2a: Eternatus
|-damage|p2a: Eternatus|21/100
|
|-weather|RainDance|[upkeep]
|upkeep
|turn|10
|
|t:|1667135027
|move|p2a: Eternatus|Recover|p2a: Eternatus
|-heal|p2a: Eternatus|71/100
|move|p1a: The Kate|Ice Beam|p2a: Eternatus
|-supereffective|p2a: Eternatus
|-damage|p2a: Eternatus|17/100
|
|-weather|RainDance|[upkeep]
|upkeep
|turn|11
|
|t:|1667135036
|switch|p2a: Necrozma|Necrozma-Dusk-Mane|100/100
|-damage|p2a: Necrozma|94/100|[from] Stealth Rock
|move|p1a: The Kate|Ice Beam|p2a: Necrozma
|-resisted|p2a: Necrozma
|-damage|p2a: Necrozma|83/100
|
|-weather|none
|-heal|p2a: Necrozma|89/100|[from] item: Leftovers
|upkeep
|turn|12
|
|t:|1667135050
|switch|p1a: Zygarde|Zygarde|100/100
|move|p2a: Necrozma|Stealth Rock|p1a: Zygarde
|-sidestart|p1: Steel S Kitty!|move: Stealth Rock
|
|-heal|p2a: Necrozma|95/100|[from] item: Leftovers
|upkeep
|turn|13
|
|t:|1667135057
|switch|p2a: Landorus|Landorus-Therian, M|100/100
|-damage|p2a: Landorus|88/100|[from] Stealth Rock
|-ability|p2a: Landorus|Intimidate|boost
|-unboost|p1a: Zygarde|atk|1
|move|p1a: Zygarde|Glare|p2a: Landorus
|-status|p2a: Landorus|par
|
|-heal|p2a: Landorus|94/100 par|[from] item: Leftovers
|upkeep
|turn|14
|
|t:|1667135071
|switch|p1a: Yveltal|Yveltal|94/100 tox
|-ability|p1a: Yveltal|Dark Aura
|move|p2a: Landorus|U-turn|p1a: Yveltal
|-damage|p1a: Yveltal|78/100 tox
|
|t:|1667135077
|switch|p2a: Eternatus|Eternatus|17/100|[from]move: U-turn
|-damage|p2a: Eternatus|4/100|[from] Stealth Rock
|-ability|p2a: Eternatus|Pressure
|
|-damage|p1a: Yveltal|72/100 tox|[from] psn
|upkeep
|turn|15
|
|t:|1667135084
|switch|p1a: Calyrex|Calyrex-Shadow|100/100
|-ability|p1a: Calyrex|As One
|-ability|p1a: Calyrex|Unnerve
|move|p2a: Eternatus|Recover|p2a: Eternatus
|-heal|p2a: Eternatus|54/100
|
|upkeep
|turn|16
|
|t:|1667135101
|switch|p2a: Yveltal|Yveltal|100/100
|-damage|p2a: Yveltal|76/100|[from] Stealth Rock
|-ability|p2a: Yveltal|Dark Aura
|move|p1a: Calyrex|Aromatherapy|p1a: Calyrex
|-activate|p1a: Calyrex|move: Aromatherapy
|-curestatus|p1: Yveltal|tox|[msg]
|
|upkeep
|turn|17
|
|t:|1667135110
|switch|p1a: Eternatus|Eternatus|52/100
|-damage|p1a: Eternatus|40/100|[from] Stealth Rock
|-ability|p1a: Eternatus|Pressure
|switch|p2a: Pheromosa|Pheromosa|100/100
|-damage|p2a: Pheromosa|88/100|[from] Stealth Rock
|
|upkeep
|turn|18
|inactive|Aberforth has 270 seconds left.
|
|t:|1667135141
|switch|p1a: Necrozma|Necrozma-Dusk-Mane|90/100
|-damage|p1a: Necrozma|84/100|[from] Stealth Rock
|move|p2a: Pheromosa|Close Combat|p1a: Necrozma
|-damage|p1a: Necrozma|16/100
|-unboost|p2a: Pheromosa|def|1
|-unboost|p2a: Pheromosa|spd|1
|
|-heal|p1a: Necrozma|22/100|[from] item: Leftovers
|upkeep
|turn|19
|inactive|Steel S Kitty! has 270 seconds left.
|
|t:|1667135169
|move|p2a: Pheromosa|Close Combat|p1a: Necrozma
|-damage|p1a: Necrozma|0 fnt
|-unboost|p2a: Pheromosa|def|1
|-unboost|p2a: Pheromosa|spd|1
|faint|p1a: Necrozma
|-ability|p2a: Pheromosa|Beast Boost|boost
|-boost|p2a: Pheromosa|spe|1
|
|upkeep
|inactive|Steel S Kitty! has 270 seconds left.
|
|t:|1667135174
|switch|p1a: Calyrex|Calyrex-Shadow|100/100
|-ability|p1a: Calyrex|As One
|-ability|p1a: Calyrex|Unnerve
|turn|20
|
|t:|1667135183
|switch|p2a: Eternatus|Eternatus|54/100
|-damage|p2a: Eternatus|42/100|[from] Stealth Rock
|-ability|p2a: Eternatus|Pressure
|move|p1a: Calyrex|Astral Barrage|p2a: Eternatus
|-damage|p2a: Eternatus|0 fnt
|faint|p2a: Eternatus
|-ability|p1a: Calyrex|Grim Neigh|boost
|-boost|p1a: Calyrex|spa|1
|
|upkeep
|
|t:|1667135186
|switch|p2a: Pheromosa|Pheromosa|88/100
|-damage|p2a: Pheromosa|76/100|[from] Stealth Rock
|turn|21
|inactive|Steel S Kitty! has 270 seconds left.
|
|t:|1667135222
|switch|p1a: Yveltal|Yveltal|72/100
|-ability|p1a: Yveltal|Dark Aura
|move|p2a: Pheromosa|U-turn|p1a: Yveltal
|-damage|p1a: Yveltal|31/100
|
|t:|1667135241
|switch|p2a: Kyogre|Kyogre|100/100|[from]move: U-turn
|-damage|p2a: Kyogre|88/100|[from] Stealth Rock
|-weather|RainDance|[from] ability: Drizzle|[of] p2a: Kyogre
|
|-weather|RainDance|[upkeep]
|upkeep
|turn|22
|inactive|Steel S Kitty! has 270 seconds left.
|
|t:|1667135270
|switch|p1a: Eternatus|Eternatus|40/100
|-damage|p1a: Eternatus|27/100|[from] Stealth Rock
|-ability|p1a: Eternatus|Pressure
|move|p2a: Kyogre|Surf|p1a: Eternatus
|-resisted|p1a: Eternatus
|-damage|p1a: Eternatus|0 fnt
|faint|p1a: Eternatus
|
|-weather|RainDance|[upkeep]
|upkeep
|
|t:|1667135275
|switch|p1a: The Kate|Kyogre|97/100
|-damage|p1a: The Kate|85/100|[from] Stealth Rock
|turn|23
|
|t:|1667135281
|move|p2a: Kyogre|Water Spout|p1a: The Kate
|-resisted|p1a: The Kate
|-damage|p1a: The Kate|25/100
|move|p1a: The Kate|Thunder|p2a: Kyogre
|-supereffective|p2a: Kyogre
|-damage|p2a: Kyogre|0 fnt
|faint|p2a: Kyogre
|
|-weather|RainDance|[upkeep]
|upkeep
|inactive|Aberforth has 270 seconds left.
|inactive|Aberforth has 240 seconds left.
|
|t:|1667135356
|switch|p2a: Yveltal|Yveltal|76/100
|-damage|p2a: Yveltal|51/100|[from] Stealth Rock
|-ability|p2a: Yveltal|Dark Aura
|turn|24
|inactive|Steel S Kitty! has 240 seconds left.
|inactive|Steel S Kitty! has 210 seconds left.
|inactive|Steel S Kitty! has 180 seconds left.
|inactive|Steel S Kitty! has 150 seconds left.
|inactive|Steel S Kitty! has 120 seconds left.
|
|t:|1667135514
|switch|p1a: Calyrex|Calyrex-Shadow|100/100
|-ability|p1a: Calyrex|As One
|-ability|p1a: Calyrex|Unnerve
|move|p2a: Yveltal|Knock Off|p1a: Calyrex
|-supereffective|p1a: Calyrex
|-damage|p1a: Calyrex|0 fnt
|-enditem|p1a: Calyrex|Heavy-Duty Boots|[from] move: Knock Off|[of] p2a: Yveltal
|faint|p1a: Calyrex
|
|-weather|RainDance|[upkeep]
|upkeep
|
|t:|1667135521
|switch|p1a: Zygarde|Zygarde|100/100
|-damage|p1a: Zygarde|94/100|[from] Stealth Rock
|turn|25
|inactive|Steel S Kitty! has 120 seconds left.
|inactive|Aberforth has 240 seconds left.
|
|t:|1667135532
|move|p2a: Yveltal|Knock Off|p1a: Zygarde
|-damage|p1a: Zygarde|49/100
|-enditem|p1a: Zygarde|Leftovers|[from] move: Knock Off|[of] p2a: Yveltal
|move|p1a: Zygarde|Dragon Dance|p1a: Zygarde
|-boost|p1a: Zygarde|atk|1
|-boost|p1a: Zygarde|spe|1
|
|-weather|none
|-activate|p1a: Zygarde|ability: Power Construct
|detailschange|p1a: Zygarde|Zygarde-Complete
|-heal|p1a: Zygarde|68/100|[silent]
|upkeep
|turn|26
|
|t:|1667135541
|switch|p2a: Landorus|Landorus-Therian, M|94/100 par
|-damage|p2a: Landorus|82/100 par|[from] Stealth Rock
|-ability|p2a: Landorus|Intimidate|boost
|-unboost|p1a: Zygarde|atk|1
|move|p1a: Zygarde|Dragon Dance|p1a: Zygarde
|-boost|p1a: Zygarde|atk|1
|-boost|p1a: Zygarde|spe|1
|
|-heal|p2a: Landorus|88/100 par|[from] item: Leftovers
|upkeep
|turn|27
|inactive|Steel S Kitty! has 120 seconds left.
|inactive|Aberforth has 240 seconds left.
|
|t:|1667135566
|move|p1a: Zygarde|Dragon Dance|p1a: Zygarde
|-boost|p1a: Zygarde|atk|1
|-boost|p1a: Zygarde|spe|1
|move|p2a: Landorus|Earthquake|p1a: Zygarde
|-damage|p1a: Zygarde|47/100
|
|-heal|p2a: Landorus|94/100 par|[from] item: Leftovers
|upkeep
|turn|28
|inactive|Steel S Kitty! has 120 seconds left.
|
|t:|1667135580
|move|p1a: Zygarde|Substitute|p1a: Zygarde
|-start|p1a: Zygarde|Substitute
|-damage|p1a: Zygarde|22/100
|move|p2a: Landorus|Toxic||[still]
|-fail|p2a: Landorus
|
|-heal|p2a: Landorus|99/100 par|[from] item: Leftovers
|upkeep
|turn|29
|inactive|Steel S Kitty! has 120 seconds left.
|
|t:|1667135585
|move|p1a: Zygarde|Thousand Arrows|p2a: Landorus
|-damage|p2a: Landorus|50/100 par
|-start|p2a: Landorus|Smack Down
|move|p2a: Landorus|Earthquake|p1a: Zygarde
|-activate|p1a: Zygarde|move: Substitute|[damage]
|
|-heal|p2a: Landorus|56/100 par|[from] item: Leftovers
|upkeep
|turn|30
|inactive|Steel S Kitty! has 120 seconds left.
|
|t:|1667135597
|move|p1a: Zygarde|Dragon Dance|p1a: Zygarde
|-boost|p1a: Zygarde|atk|1
|-boost|p1a: Zygarde|spe|1
|move|p2a: Landorus|Earthquake|p1a: Zygarde
|-end|p1a: Zygarde|Substitute
|
|-heal|p2a: Landorus|62/100 par|[from] item: Leftovers
|upkeep
|turn|31
|
|t:|1667135604
|switch|p2a: Yveltal|Yveltal|51/100
|-damage|p2a: Yveltal|26/100|[from] Stealth Rock
|-ability|p2a: Yveltal|Dark Aura
|move|p1a: Zygarde|Thousand Arrows|p2a: Yveltal
|-damage|p2a: Yveltal|0 fnt
|faint|p2a: Yveltal
|
|upkeep
|
|t:|1667135606
|switch|p2a: Landorus|Landorus-Therian, M|62/100 par
|-damage|p2a: Landorus|50/100 par|[from] Stealth Rock
|-ability|p2a: Landorus|Intimidate|boost
|-unboost|p1a: Zygarde|atk|1
|turn|32
|
|t:|1667135613
|move|p1a: Zygarde|Thousand Arrows|p2a: Landorus
|-damage|p2a: Landorus|0 fnt
|faint|p2a: Landorus
|
|upkeep
|
|t:|1667135626
|switch|p2a: Necrozma|Necrozma-Dusk-Mane|95/100
|-damage|p2a: Necrozma|89/100|[from] Stealth Rock
|turn|33
|inactive|Steel S Kitty! has 150 seconds left.
|
|t:|1667135650
|move|p1a: Zygarde|Thousand Arrows|p2a: Necrozma
|-supereffective|p2a: Necrozma
|-damage|p2a: Necrozma|3/100
|move|p2a: Necrozma|Iron Head|p1a: Zygarde
|-damage|p1a: Zygarde|4/100
|
|-heal|p2a: Necrozma|9/100|[from] item: Leftovers
|upkeep
|turn|34
|
|t:|1667135656
|move|p1a: Zygarde|Thousand Arrows|p2a: Necrozma
|-supereffective|p2a: Necrozma
|-damage|p2a: Necrozma|0 fnt
|faint|p2a: Necrozma
|
|upkeep
|
|t:|1667135657
|switch|p2a: Pheromosa|Pheromosa|76/100
|-damage|p2a: Pheromosa|63/100|[from] Stealth Rock
|turn|35
|
|t:|1667135660
|move|p1a: Zygarde|Thousand Arrows|p2a: Pheromosa
|-resisted|p2a: Pheromosa
|-damage|p2a: Pheromosa|0 fnt
|faint|p2a: Pheromosa
|
|win|Steel S Kitty!
|c|☆Steel S Kitty!|Gg.
|c|☆Aberforth|gg
