|inactive|Battle timer is ON: inactive players will automatically lose when time's up.
|t:|1667042324
|gametype|singles
|player|p1|Inder|hilbert|
|player|p2|Aberforth|#aberforth|
|teamsize|p1|6
|teamsize|p2|6
|gen|8
|tier|[Gen 8] Ubers
|rule|Sleep Clause Mod: Limit one foe put to sleep
|rule|Species Clause: Limit one of each Pokémon
|rule|OHKO Clause: OHKO moves are banned
|rule|Evasion Items Clause: Evasion items are banned
|rule|Evasion Moves Clause: Evasion moves are banned
|rule|Endless Battle Clause: Forcing endless battles is banned
|rule|HP Percentage Mod: HP is shown in percentages
|rule|Dynamax Clause: You cannot dynamax
|clearpoke
|poke|p1|Calyrex-Shadow|
|poke|p1|Groudon|
|poke|p1|Necrozma-Dusk-Mane|
|poke|p1|Yveltal|
|poke|p1|Eternatus|
|poke|p1|Zekrom|
|poke|p2|Yveltal|
|poke|p2|Eternatus|
|poke|p2|Necrozma-Dusk-Mane|
|poke|p2|Calyrex-Shadow|
|poke|p2|Marshadow|
|poke|p2|Landorus-Therian, M|
|teampreview
|inactive|Inder also wants the timer to be on.
|c|☆Aberforth|hf
|c|☆Inder|hf
|inactive|Inder has 270 seconds left.
|inactive|Aberforth has 270 seconds left.
|c|+Lasen|go neither!
|c|☆Inder|:5
|inactive|Inder has 240 seconds left.
|c|%Eledyr|you're so mean Lasen...
|
|t:|1667042411
|start
|switch|p1a: Yveltal|Yveltal|100/100
|switch|p2a: Landorus|Landorus-Therian, M|100/100
|-ability|p1a: Yveltal|Dark Aura
|-ability|p2a: Landorus|Intimidate|boost
|-unboost|p1a: Yveltal|atk|1
|turn|1
|
|t:|1667042417
|move|p1a: Yveltal|Knock Off|p2a: Landorus
|-damage|p2a: Landorus|74/100
|-enditem|p2a: Landorus|Leftovers|[from] move: Knock Off|[of] p1a: Yveltal
|move|p2a: Landorus|Toxic|p1a: Yveltal|[miss]
|-miss|p2a: Landorus|p1a: Yveltal
|
|upkeep
|turn|2
|
|t:|1667042424
|move|p1a: Yveltal|U-turn|p2a: Landorus
|-resisted|p2a: Landorus
|-damage|p2a: Landorus|69/100
|
|t:|1667042438
|switch|p1a: Groudon|Groudon|100/100|[from]move: U-turn
|-weather|SunnyDay|[from] ability: Drought|[of] p1a: Groudon
|move|p2a: Landorus|U-turn|p1a: Groudon
|-damage|p1a: Groudon|86/100
|
|t:|1667042445
|switch|p2a: Calyrex|Calyrex-Shadow|100/100|[from]move: U-turn
|-ability|p2a: Calyrex|As One
|-ability|p2a: Calyrex|Unnerve
|
|-weather|SunnyDay|[upkeep]
|-heal|p1a: Groudon|92/100|[from] item: Leftovers
|upkeep
|turn|3
|
|t:|1667042451
|move|p2a: Calyrex|Astral Barrage|p1a: Groudon
|-damage|p1a: Groudon|0 fnt
|faint|p1a: Groudon
|-ability|p2a: Calyrex|Grim Neigh|boost
|-boost|p2a: Calyrex|spa|1
|
|-weather|SunnyDay|[upkeep]
|upkeep
|
|t:|1667042456
|switch|p1a: Yveltal|Yveltal|100/100
|-ability|p1a: Yveltal|Dark Aura
|turn|4
|
|t:|1667042460
|switch|p2a: Eternatus|Eternatus|100/100
|-ability|p2a: Eternatus|Pressure
|move|p1a: Yveltal|Knock Off|p2a: Eternatus
|-crit|p2a: Eternatus
|-damage|p2a: Eternatus|35/100
|-enditem|p2a: Eternatus|Heavy-Duty Boots|[from] move: Knock Off|[of] p1a: Yveltal
|
|-weather|SunnyDay|[upkeep]
|upkeep
|turn|5
|
|t:|1667042464
|move|p2a: Eternatus|Recover|p2a: Eternatus
|-heal|p2a: Eternatus|85/100
|move|p1a: Yveltal|U-turn|p2a: Eternatus
|-resisted|p2a: Eternatus
|-damage|p2a: Eternatus|78/100
|c|+Nael222|Inder on t'a dit de réfléchir
|
|t:|1667042472
|switch|p1a: Calyrex|Calyrex-Shadow|100/100|[from]move: U-turn
|-ability|p1a: Calyrex|As One
|-ability|p1a: Calyrex|Unnerve
|
|-weather|SunnyDay|[upkeep]
|upkeep
|turn|6
|c|☆Inder|j'ai réfléchis
|
|t:|1667042484
|switch|p2a: Yveltal|Yveltal|100/100
|-ability|p2a: Yveltal|Dark Aura
|move|p1a: Calyrex|Substitute|p1a: Calyrex
|-start|p1a: Calyrex|Substitute
|-damage|p1a: Calyrex|76/100
|
|-weather|none
|-heal|p1a: Calyrex|82/100|[from] item: Leftovers
|upkeep
|turn|7
|c|+Nael222|nan :paz:
|
|t:|1667042488
|move|p1a: Calyrex|Nasty Plot|p1a: Calyrex
|-boost|p1a: Calyrex|spa|2
|move|p2a: Yveltal|Knock Off|p1a: Calyrex
|-supereffective|p1a: Calyrex
|-end|p1a: Calyrex|Substitute
|
|-heal|p1a: Calyrex|88/100|[from] item: Leftovers
|upkeep
|turn|8
|
|t:|1667042492
|move|p1a: Calyrex|Disable|p2a: Yveltal
|-start|p2a: Yveltal|Disable|Knock Off
|move|p2a: Yveltal|Foul Play|p1a: Calyrex
|-supereffective|p1a: Calyrex
|-damage|p1a: Calyrex|0 fnt
|faint|p1a: Calyrex
|
|upkeep
|
|t:|1667042504
|switch|p1a: Zekrom|Zekrom|100/100
|-ability|p1a: Zekrom|Teravolt
|turn|9
|c|+Nael222|là aussi t'a pas réfléchi :paz:
|
|t:|1667042515
|move|p2a: Yveltal|Foul Play|p1a: Zekrom
|-crit|p1a: Zekrom
|-damage|p1a: Zekrom|12/100
|move|p1a: Zekrom|Bolt Strike|p2a: Yveltal
|-supereffective|p2a: Yveltal
|-damage|p2a: Yveltal|0 fnt
|faint|p2a: Yveltal
|
|upkeep
|
|t:|1667042529
|switch|p2a: Calyrex|Calyrex-Shadow|100/100
|-ability|p2a: Calyrex|As One
|-ability|p2a: Calyrex|Unnerve
|turn|10
|
|t:|1667042533
|switch|p1a: Yveltal|Yveltal|100/100
|-ability|p1a: Yveltal|Dark Aura
|move|p2a: Calyrex|Astral Barrage|p1a: Yveltal
|-resisted|p1a: Yveltal
|-damage|p1a: Yveltal|59/100
|
|upkeep
|turn|11
|
|t:|1667042536
|switch|p2a: Eternatus|Eternatus|78/100
|-ability|p2a: Eternatus|Pressure
|move|p1a: Yveltal|Roost|p1a: Yveltal
|-heal|p1a: Yveltal|100/100
|-singleturn|p1a: Yveltal|move: Roost
|
|upkeep
|turn|12
|
|t:|1667042541
|switch|p1a: Necrozma|Necrozma-Dusk-Mane|100/100
|move|p2a: Eternatus|Flamethrower|p1a: Necrozma
|-supereffective|p1a: Necrozma
|-damage|p1a: Necrozma|78/100
|
|-heal|p1a: Necrozma|84/100|[from] item: Leftovers
|upkeep
|turn|13
|
|t:|1667042552
|switch|p2a: Necrozma|Necrozma-Dusk-Mane|100/100
|switch|p1a: Eternatus|Eternatus|100/100
|-ability|p1a: Eternatus|Pressure
|
|upkeep
|turn|14
|
|t:|1667042566
|switch|p1a: Yveltal|Yveltal|100/100
|-ability|p1a: Yveltal|Dark Aura
|move|p2a: Necrozma|Stealth Rock|p1a: Yveltal
|-sidestart|p1: Inder|move: Stealth Rock
|
|upkeep
|turn|15
|
|t:|1667042574
|switch|p2a: Eternatus|Eternatus|78/100
|-ability|p2a: Eternatus|Pressure
|move|p1a: Yveltal|Knock Off|p2a: Eternatus
|-damage|p2a: Eternatus|50/100
|
|upkeep
|turn|16
|
|t:|1667042577
|move|p2a: Eternatus|Recover|p2a: Eternatus
|-heal|p2a: Eternatus|99/100
|move|p1a: Yveltal|Defog|p2a: Eternatus
|-unboost|p2a: Eternatus|evasion|1
|-sideend|p1: Inder|Stealth Rock|[from] move: Defog|[of] p1a: Yveltal
|
|upkeep
|turn|17
|
|t:|1667042580
|switch|p1a: Necrozma|Necrozma-Dusk-Mane|84/100
|move|p2a: Eternatus|Flamethrower|p1a: Necrozma
|-supereffective|p1a: Necrozma
|-damage|p1a: Necrozma|59/100
|
|-heal|p1a: Necrozma|65/100|[from] item: Leftovers
|upkeep
|turn|18
|
|t:|1667042584
|switch|p2a: Necrozma|Necrozma-Dusk-Mane|100/100
|move|p1a: Necrozma|Knock Off|p2a: Necrozma
|-supereffective|p2a: Necrozma
|-damage|p2a: Necrozma|64/100
|-enditem|p2a: Necrozma|Leftovers|[from] move: Knock Off|[of] p1a: Necrozma
|
|-heal|p1a: Necrozma|71/100|[from] item: Leftovers
|upkeep
|turn|19
|
|t:|1667042589
|switch|p1a: Zekrom|Zekrom|12/100
|-ability|p1a: Zekrom|Teravolt
|move|p2a: Necrozma|Stealth Rock|p1a: Zekrom
|-sidestart|p1: Inder|move: Stealth Rock
|
|upkeep
|turn|20
|
|t:|1667042593
|switch|p2a: Landorus|Landorus-Therian, M|69/100
|-ability|p2a: Landorus|Intimidate|boost
|-unboost|p1a: Zekrom|atk|1
|move|p1a: Zekrom|Roost|p1a: Zekrom
|-heal|p1a: Zekrom|62/100
|-singleturn|p1a: Zekrom|move: Roost
|
|upkeep
|turn|21
|inactive|Inder has 270 seconds left.
|
|t:|1667042652
|switch|p1a: Eternatus|Eternatus|100/100
|-ability|p1a: Eternatus|Pressure
|move|p2a: Landorus|U-turn|p1a: Eternatus
|-resisted|p1a: Eternatus
|-damage|p1a: Eternatus|92/100
|
|t:|1667042655
|switch|p2a: Calyrex|Calyrex-Shadow|100/100|[from]move: U-turn
|-ability|p2a: Calyrex|As One
|-ability|p2a: Calyrex|Unnerve
|
|upkeep
|turn|22
|
|t:|1667042659
|move|p2a: Calyrex|Trick|p1a: Eternatus
|-activate|p2a: Calyrex|move: Trick|[of] p1a: Eternatus
|-item|p1a: Eternatus|Choice Specs|[from] move: Trick
|-item|p2a: Calyrex|Heavy-Duty Boots|[from] move: Trick
|move|p1a: Eternatus|Draco Meteor|p2a: Calyrex
|-damage|p2a: Calyrex|13/100
|-unboost|p1a: Eternatus|spa|2
|
|upkeep
|turn|23
|
|t:|1667042668
|switch|p2a: Eternatus|Eternatus|99/100
|-ability|p2a: Eternatus|Pressure
|switch|p1a: Yveltal|Yveltal|100/100
|-ability|p1a: Yveltal|Dark Aura
|
|upkeep
|turn|24
|inactive|Inder has 270 seconds left.
|
|t:|1667042678
|move|p1a: Yveltal|Defog|p2a: Eternatus
|-unboost|p2a: Eternatus|evasion|1
|-sideend|p1: Inder|Stealth Rock|[from] move: Defog|[of] p1a: Yveltal
|move|p2a: Eternatus|Dragon Tail|p1a: Yveltal
|-damage|p1a: Yveltal|86/100
|drag|p1a: Eternatus|Eternatus|92/100
|-ability|p1a: Eternatus|Pressure
|
|upkeep
|turn|25
|
|t:|1667042687
|move|p1a: Eternatus|Draco Meteor|p2a: Eternatus
|-supereffective|p2a: Eternatus
|-damage|p2a: Eternatus|0 fnt
|-unboost|p1a: Eternatus|spa|2
|faint|p2a: Eternatus
|
|upkeep
|
|t:|1667042690
|switch|p2a: Necrozma|Necrozma-Dusk-Mane|64/100
|turn|26
|
|t:|1667042693
|switch|p1a: Zekrom|Zekrom|62/100
|-ability|p1a: Zekrom|Teravolt
|move|p2a: Necrozma|Stealth Rock|p1a: Zekrom
|-sidestart|p1: Inder|move: Stealth Rock
|
|upkeep
|turn|27
|
|t:|1667042706
|move|p1a: Zekrom|Dragon Claw|p2a: Necrozma
|-resisted|p2a: Necrozma
|-damage|p2a: Necrozma|46/100
|move|p2a: Necrozma|Knock Off|p1a: Zekrom
|-damage|p1a: Zekrom|35/100
|-enditem|p1a: Zekrom|Lum Berry|[from] move: Knock Off|[of] p2a: Necrozma
|
|upkeep
|turn|28
|
|t:|1667042715
|switch|p2a: Landorus|Landorus-Therian, M|69/100
|-ability|p2a: Landorus|Intimidate|boost
|-unboost|p1a: Zekrom|atk|1
|move|p1a: Zekrom|Bolt Strike|p2a: Landorus
|-immune|p2a: Landorus
|
|upkeep
|turn|29
|
|t:|1667042723
|switch|p1a: Yveltal|Yveltal|86/100
|-ability|p1a: Yveltal|Dark Aura
|move|p2a: Landorus|Earthquake|p1a: Yveltal
|-immune|p1a: Yveltal
|
|upkeep
|turn|30
|
|t:|1667042733
|move|p1a: Yveltal|U-turn|p2a: Landorus
|-resisted|p2a: Landorus
|-damage|p2a: Landorus|62/100
|
|t:|1667042735
|switch|p1a: Necrozma|Necrozma-Dusk-Mane|71/100|[from]move: U-turn
|-damage|p1a: Necrozma|65/100|[from] Stealth Rock
|move|p2a: Landorus|Toxic|p1a: Necrozma
|-immune|p1a: Necrozma
|
|-heal|p1a: Necrozma|71/100|[from] item: Leftovers
|upkeep
|turn|31
|
|t:|1667042740
|move|p2a: Landorus|Earthquake|p1a: Necrozma
|-supereffective|p1a: Necrozma
|-damage|p1a: Necrozma|22/100
|move|p1a: Necrozma|Sunsteel Strike|p2a: Landorus
|-damage|p2a: Landorus|24/100
|
|-heal|p1a: Necrozma|28/100|[from] item: Leftovers
|upkeep
|turn|32
|inactive|Inder has 270 seconds left.
|inactive|Inder has 240 seconds left.
|inactive|Inder has 210 seconds left.
|
|t:|1667042848
|switch|p1a: Yveltal|Yveltal|86/100
|-ability|p1a: Yveltal|Dark Aura
|move|p2a: Landorus|Earthquake|p1a: Yveltal
|-immune|p1a: Yveltal
|
|upkeep
|turn|33
|inactive|Inder has 180 seconds left.
|inactive|Inder has 150 seconds left.
|inactive|Inder has 120 seconds left.
|
|t:|1667042934
|move|p1a: Yveltal|Knock Off|p2a: Landorus
|-damage|p2a: Landorus|0 fnt
|faint|p2a: Landorus
|
|upkeep
|
|t:|1667042936
|switch|p2a: Marshadow|Marshadow|100/100
|turn|34
|inactive|Inder has 120 seconds left.
|
|t:|1667042967
|switch|p1a: Necrozma|Necrozma-Dusk-Mane|28/100
|-damage|p1a: Necrozma|22/100|[from] Stealth Rock
|move|p2a: Marshadow|Bulk Up|p2a: Marshadow
|-boost|p2a: Marshadow|atk|1
|-boost|p2a: Marshadow|def|1
|
|-heal|p1a: Necrozma|28/100|[from] item: Leftovers
|upkeep
|turn|35
|
|t:|1667042980
|move|p2a: Marshadow|Bulk Up|p2a: Marshadow
|-boost|p2a: Marshadow|atk|1
|-boost|p2a: Marshadow|def|1
|move|p1a: Necrozma|Sunsteel Strike|p2a: Marshadow
|-damage|p2a: Marshadow|65/100
|
|-heal|p1a: Necrozma|34/100|[from] item: Leftovers
|upkeep
|turn|36
|
|t:|1667042988
|move|p2a: Marshadow|Bulk Up|p2a: Marshadow
|-boost|p2a: Marshadow|atk|1
|-boost|p2a: Marshadow|def|1
|move|p1a: Necrozma|Sunsteel Strike|p2a: Marshadow
|-damage|p2a: Marshadow|38/100
|
|-heal|p1a: Necrozma|40/100|[from] item: Leftovers
|upkeep
|turn|37
|
|t:|1667043006
|move|p2a: Marshadow|Spectral Thief|p1a: Necrozma
|-supereffective|p1a: Necrozma
|-damage|p1a: Necrozma|0 fnt
|faint|p1a: Necrozma
|-damage|p2a: Marshadow|28/100|[from] item: Life Orb
|
|upkeep
|
|t:|1667043013
|switch|p1a: Eternatus|Eternatus|92/100
|-damage|p1a: Eternatus|79/100|[from] Stealth Rock
|-ability|p1a: Eternatus|Pressure
|turn|38
|
|t:|1667043018
|move|p2a: Marshadow|Shadow Sneak|p1a: Eternatus
|-damage|p1a: Eternatus|0 fnt
|faint|p1a: Eternatus
|-damage|p2a: Marshadow|18/100|[from] item: Life Orb
|
|upkeep
|
|t:|1667043022
|switch|p1a: Yveltal|Yveltal|86/100
|-ability|p1a: Yveltal|Dark Aura
|turn|39
|
|t:|1667043024
|switch|p1a: Zekrom|Zekrom|35/100
|-damage|p1a: Zekrom|23/100|[from] Stealth Rock
|-ability|p1a: Zekrom|Teravolt
|move|p2a: Marshadow|Low Kick|p1a: Zekrom
|-damage|p1a: Zekrom|0 fnt
|faint|p1a: Zekrom
|-damage|p2a: Marshadow|8/100|[from] item: Life Orb
|
|upkeep
|
|t:|1667043027
|switch|p1a: Yveltal|Yveltal|86/100
|-ability|p1a: Yveltal|Dark Aura
|turn|40
|c|☆Aberforth|gg
|c|☆Inder|jsuis une merde
|c|☆Inder|deso les gars
|c|☆Inder|gg
|
|t:|1667043036
|move|p2a: Marshadow|Low Kick|p1a: Yveltal
|-damage|p1a: Yveltal|0 fnt
|faint|p1a: Yveltal
|-damage|p2a: Marshadow|0 fnt|[from] item: Life Orb
|faint|p2a: Marshadow
|
|win|Aberforth
