|inactive|Battle timer is ON: inactive players will automatically lose when time's up.
|t:|1664665580
|gametype|singles
|player|p1|SOULWIND|#scl2dynamos|
|player|p2|Aberforth|#aberforth|
|teamsize|p1|6
|teamsize|p2|6
|gen|8
|tier|[Gen 8] Ubers
|rule|Sleep Clause Mod: Limit one foe put to sleep
|rule|Species Clause: Limit one of each Pokémon
|rule|OHKO Clause: OHKO moves are banned
|rule|Evasion Items Clause: Evasion items are banned
|rule|Evasion Moves Clause: Evasion moves are banned
|rule|Endless Battle Clause: Forcing endless battles is banned
|rule|HP Percentage Mod: HP is shown in percentages
|rule|Dynamax Clause: You cannot dynamax
|clearpoke
|poke|p1|Yveltal|
|poke|p1|Ho-Oh|
|poke|p1|Xerneas-*|
|poke|p1|Zygarde|
|poke|p1|Blissey, F|
|poke|p1|Excadrill, M|
|poke|p2|Urshifu-*, M|
|poke|p2|Xerneas-*|
|poke|p2|Necrozma-Dusk-Mane|
|poke|p2|Eternatus|
|poke|p2|Yveltal|
|poke|p2|Landorus-Therian, M|
|teampreview
|c|☆Aberforth|hf
|c|☆SOULWIND|hf
|raw|<div class="broadcast-red"><strong>Moderated chat was set to ☆!</strong><br />Only users of rank ☆ and higher can talk.</div>
|inactive|SOULWIND has 270 seconds left.
|inactive|Aberforth has 270 seconds left.
|inactive|SOULWIND has 240 seconds left.
|
|t:|1664665656
|start
|switch|p1a: Yveltal|Yveltal|100/100
|switch|p2a: Landorus|Landorus-Therian, M|100/100
|-ability|p2a: Landorus|Intimidate|boost
|-unboost|p1a: Yveltal|atk|1
|-ability|p1a: Yveltal|Dark Aura
|turn|1
|
|t:|1664665664
|move|p2a: Landorus|Stealth Rock|p1a: Yveltal
|-sidestart|p1: SOULWIND|move: Stealth Rock
|move|p1a: Yveltal|Knock Off|p2a: Landorus
|-damage|p2a: Landorus|55/100
|-enditem|p2a: Landorus|Focus Sash|[from] move: Knock Off|[of] p1a: Yveltal
|
|upkeep
|turn|2
|inactive|SOULWIND has 270 seconds left.
|
|t:|1664665703
|move|p2a: Landorus|Swords Dance|p2a: Landorus
|-boost|p2a: Landorus|atk|2
|move|p1a: Yveltal|Defog|p2a: Landorus
|-unboost|p2a: Landorus|evasion|1
|-sideend|p1: SOULWIND|Stealth Rock|[from] move: Defog|[of] p1a: Yveltal
|
|upkeep
|turn|3
|inactive|SOULWIND has 270 seconds left.
|inactive|SOULWIND has 240 seconds left.
|inactive|Aberforth has 270 seconds left.
|inactive|SOULWIND has 210 seconds left.
|inactive|Aberforth has 240 seconds left.
|inactive|SOULWIND has 180 seconds left.
|
|t:|1664665818
|switch|p1a: Ho-Oh|Ho-Oh|100/100
|move|p2a: Landorus|Stealth Rock|p1a: Ho-Oh
|-sidestart|p1: SOULWIND|move: Stealth Rock
|
|upkeep
|turn|4
|
|t:|1664665840
|move|p2a: Landorus|Rock Tomb|p1a: Ho-Oh
|-supereffective|p1a: Ho-Oh
|-damage|p1a: Ho-Oh|0 fnt
|faint|p1a: Ho-Oh
|
|upkeep
|inactive|SOULWIND has 150 seconds left.
|
|t:|1664665858
|switch|p1a: Zygarde|Zygarde|100/100
|-damage|p1a: Zygarde|94/100|[from] Stealth Rock
|turn|5
|inactive|Aberforth has 240 seconds left.
|
|t:|1664665873
|move|p2a: Landorus|Rock Tomb|p1a: Zygarde
|-resisted|p1a: Zygarde
|-damage|p1a: Zygarde|81/100
|-unboost|p1a: Zygarde|spe|1
|move|p1a: Zygarde|Glare|p2a: Landorus
|-status|p2a: Landorus|par
|
|-heal|p1a: Zygarde|88/100|[from] item: Leftovers
|upkeep
|turn|6
|
|t:|1664665881
|move|p1a: Zygarde|Thousand Arrows|p2a: Landorus
|-damage|p2a: Landorus|16/100 par
|-start|p2a: Landorus|Smack Down
|move|p2a: Landorus|Earthquake|p1a: Zygarde
|-damage|p1a: Zygarde|26/100
|
|-heal|p1a: Zygarde|32/100|[from] item: Leftovers
|-activate|p1a: Zygarde|ability: Power Construct
|detailschange|p1a: Zygarde|Zygarde-Complete
|-heal|p1a: Zygarde|55/100|[silent]
|upkeep
|turn|7
|inactive|SOULWIND has 150 seconds left.
|
|t:|1664665907
|move|p2a: Landorus|Rock Tomb|p1a: Zygarde
|-resisted|p1a: Zygarde
|-damage|p1a: Zygarde|47/100
|-unboost|p1a: Zygarde|spe|1
|move|p1a: Zygarde|Thousand Arrows|p2a: Landorus
|-damage|p2a: Landorus|0 fnt
|faint|p2a: Landorus
|
|-heal|p1a: Zygarde|54/100|[from] item: Leftovers
|upkeep
|
|t:|1664665913
|switch|p2a: Xerneas|Xerneas|100/100
|-ability|p2a: Xerneas|Fairy Aura
|turn|8
|
|t:|1664665920
|switch|p1a: Blissey|Blissey, F|100/100
|-damage|p1a: Blissey|88/100|[from] Stealth Rock
|move|p2a: Xerneas|Substitute|p2a: Xerneas
|-start|p2a: Xerneas|Substitute
|-damage|p2a: Xerneas|76/100
|
|upkeep
|turn|9
|
|t:|1664665932
|move|p2a: Xerneas|Geomancy||[still]
|-prepare|p2a: Xerneas|Geomancy
|-enditem|p2a: Xerneas|Power Herb
|-anim|p2a: Xerneas|Geomancy|p2a: Xerneas
|-boost|p2a: Xerneas|spa|2
|-boost|p2a: Xerneas|spd|2
|-boost|p2a: Xerneas|spe|2
|move|p1a: Blissey|Stealth Rock|p2a: Xerneas
|-sidestart|p2: Aberforth|move: Stealth Rock
|
|upkeep
|turn|10
|
|t:|1664665941
|move|p2a: Xerneas|Geomancy||[still]
|-prepare|p2a: Xerneas|Geomancy
|move|p1a: Blissey|Confide|p2a: Xerneas
|-unboost|p2a: Xerneas|spa|1
|
|upkeep
|turn|11
|
|t:|1664665946
|move|p2a: Xerneas|Geomancy|p2a: Xerneas|[from]lockedmove
|-boost|p2a: Xerneas|spa|2
|-boost|p2a: Xerneas|spd|2
|-boost|p2a: Xerneas|spe|2
|move|p1a: Blissey|Confide|p2a: Xerneas
|-unboost|p2a: Xerneas|spa|1
|
|upkeep
|turn|12
|inactive|SOULWIND has 180 seconds left.
|
|t:|1664665951
|move|p2a: Xerneas|Geomancy||[still]
|-prepare|p2a: Xerneas|Geomancy
|move|p1a: Blissey|Confide|p2a: Xerneas
|-unboost|p2a: Xerneas|spa|1
|
|upkeep
|turn|13
|
|t:|1664665953
|move|p2a: Xerneas|Geomancy|p2a: Xerneas|[from]lockedmove
|-boost|p2a: Xerneas|spa|2
|-boost|p2a: Xerneas|spd|2
|-boost|p2a: Xerneas|spe|2
|move|p1a: Blissey|Confide|p2a: Xerneas
|-unboost|p2a: Xerneas|spa|1
|
|upkeep
|turn|14
|
|t:|1664665955
|move|p2a: Xerneas|Geomancy||[still]
|-prepare|p2a: Xerneas|Geomancy
|move|p1a: Blissey|Confide|p2a: Xerneas
|-unboost|p2a: Xerneas|spa|1
|
|upkeep
|turn|15
|
|t:|1664665958
|move|p2a: Xerneas|Geomancy|p2a: Xerneas|[from]lockedmove
|-boost|p2a: Xerneas|spa|2
|-boost|p2a: Xerneas|spd|0
|-boost|p2a: Xerneas|spe|0
|move|p1a: Blissey|Confide|p2a: Xerneas
|-unboost|p2a: Xerneas|spa|1
|
|upkeep
|turn|16
|
|t:|1664665960
|move|p2a: Xerneas|Geomancy||[still]
|-prepare|p2a: Xerneas|Geomancy
|move|p1a: Blissey|Confide|p2a: Xerneas
|-unboost|p2a: Xerneas|spa|1
|
|upkeep
|turn|17
|
|t:|1664665963
|move|p2a: Xerneas|Geomancy|p2a: Xerneas|[from]lockedmove
|-boost|p2a: Xerneas|spa|2
|-boost|p2a: Xerneas|spd|0
|-boost|p2a: Xerneas|spe|0
|move|p1a: Blissey|Confide|p2a: Xerneas
|-unboost|p2a: Xerneas|spa|1
|
|upkeep
|turn|18
|
|t:|1664665966
|move|p2a: Xerneas|Geomancy||[still]
|-prepare|p2a: Xerneas|Geomancy
|move|p1a: Blissey|Confide|p2a: Xerneas
|-unboost|p2a: Xerneas|spa|1
|
|upkeep
|turn|19
|
|t:|1664665969
|move|p2a: Xerneas|Geomancy|p2a: Xerneas|[from]lockedmove
|-boost|p2a: Xerneas|spa|2
|-boost|p2a: Xerneas|spd|0
|-boost|p2a: Xerneas|spe|0
|move|p1a: Blissey|Confide|p2a: Xerneas
|-unboost|p2a: Xerneas|spa|1
|
|upkeep
|turn|20
|
|t:|1664665973
|move|p2a: Xerneas|Geomancy||[still]
|-prepare|p2a: Xerneas|Geomancy
|move|p1a: Blissey|Confide|p2a: Xerneas
|-unboost|p2a: Xerneas|spa|1
|
|upkeep
|turn|21
|
|t:|1664665975
|move|p2a: Xerneas|Geomancy|p2a: Xerneas|[from]lockedmove
|-boost|p2a: Xerneas|spa|2
|-boost|p2a: Xerneas|spd|0
|-boost|p2a: Xerneas|spe|0
|move|p1a: Blissey|Confide|p2a: Xerneas
|-unboost|p2a: Xerneas|spa|1
|
|upkeep
|turn|22
|
|t:|1664665981
|move|p2a: Xerneas|Moonblast|p1a: Blissey
|-damage|p1a: Blissey|42/100
|move|p1a: Blissey|Confide|p2a: Xerneas
|-unboost|p2a: Xerneas|spa|1
|
|upkeep
|turn|23
|
|t:|1664665985
|move|p2a: Xerneas|Geomancy||[still]
|-prepare|p2a: Xerneas|Geomancy
|move|p1a: Blissey|Soft-Boiled|p1a: Blissey
|-heal|p1a: Blissey|92/100
|
|upkeep
|turn|24
|
|t:|1664665987
|move|p2a: Xerneas|Geomancy|p2a: Xerneas|[from]lockedmove
|-boost|p2a: Xerneas|spa|2
|-boost|p2a: Xerneas|spd|0
|-boost|p2a: Xerneas|spe|0
|move|p1a: Blissey|Confide|p2a: Xerneas
|-unboost|p2a: Xerneas|spa|1
|
|upkeep
|turn|25
|
|t:|1664665990
|move|p2a: Xerneas|Moonblast|p1a: Blissey
|-damage|p1a: Blissey|46/100
|move|p1a: Blissey|Confide|p2a: Xerneas
|-unboost|p2a: Xerneas|spa|1
|
|upkeep
|turn|26
|
|t:|1664665993
|move|p2a: Xerneas|Geomancy||[still]
|-prepare|p2a: Xerneas|Geomancy
|move|p1a: Blissey|Soft-Boiled|p1a: Blissey
|-heal|p1a: Blissey|96/100
|
|upkeep
|turn|27
|
|t:|1664665995
|move|p2a: Xerneas|Geomancy|p2a: Xerneas|[from]lockedmove
|-boost|p2a: Xerneas|spa|2
|-boost|p2a: Xerneas|spd|0
|-boost|p2a: Xerneas|spe|0
|move|p1a: Blissey|Confide|p2a: Xerneas
|-unboost|p2a: Xerneas|spa|1
|
|upkeep
|turn|28
|
|t:|1664665997
|move|p2a: Xerneas|Moonblast|p1a: Blissey
|-damage|p1a: Blissey|52/100
|move|p1a: Blissey|Confide|p2a: Xerneas
|-unboost|p2a: Xerneas|spa|1
|
|upkeep
|turn|29
|
|t:|1664666003
|move|p2a: Xerneas|Geomancy||[still]
|-prepare|p2a: Xerneas|Geomancy
|move|p1a: Blissey|Soft-Boiled|p1a: Blissey
|-heal|p1a: Blissey|100/100
|
|upkeep
|turn|30
|
|t:|1664666006
|move|p2a: Xerneas|Geomancy|p2a: Xerneas|[from]lockedmove
|-boost|p2a: Xerneas|spa|2
|-boost|p2a: Xerneas|spd|0
|-boost|p2a: Xerneas|spe|0
|move|p1a: Blissey|Confide|p2a: Xerneas
|-unboost|p2a: Xerneas|spa|1
|
|upkeep
|turn|31
|
|t:|1664666008
|move|p2a: Xerneas|Endeavor|p1a: Blissey
|-damage|p1a: Blissey|47/100
|move|p1a: Blissey|Confide|p2a: Xerneas
|-unboost|p2a: Xerneas|spa|1
|
|upkeep
|turn|32
|
|t:|1664666023
|move|p2a: Xerneas|Geomancy||[still]
|-prepare|p2a: Xerneas|Geomancy
|move|p1a: Blissey|Soft-Boiled|p1a: Blissey
|-heal|p1a: Blissey|97/100
|
|upkeep
|turn|33
|
|t:|1664666027
|move|p2a: Xerneas|Geomancy|p2a: Xerneas|[from]lockedmove
|-boost|p2a: Xerneas|spa|2
|-boost|p2a: Xerneas|spd|0
|-boost|p2a: Xerneas|spe|0
|move|p1a: Blissey|Confide|p2a: Xerneas
|-unboost|p2a: Xerneas|spa|1
|
|upkeep
|turn|34
|
|t:|1664666032
|move|p2a: Xerneas|Endeavor|p1a: Blissey
|-damage|p1a: Blissey|47/100
|move|p1a: Blissey|Confide|p2a: Xerneas
|-unboost|p2a: Xerneas|spa|1
|
|upkeep
|turn|35
|
|t:|1664666036
|move|p2a: Xerneas|Geomancy||[still]
|-prepare|p2a: Xerneas|Geomancy
|move|p1a: Blissey|Soft-Boiled|p1a: Blissey
|-heal|p1a: Blissey|97/100
|
|upkeep
|turn|36
|
|t:|1664666039
|move|p2a: Xerneas|Geomancy|p2a: Xerneas|[from]lockedmove
|-boost|p2a: Xerneas|spa|2
|-boost|p2a: Xerneas|spd|0
|-boost|p2a: Xerneas|spe|0
|move|p1a: Blissey|Confide|p2a: Xerneas
|-unboost|p2a: Xerneas|spa|1
|
|upkeep
|turn|37
|
|t:|1664666042
|move|p2a: Xerneas|Endeavor|p1a: Blissey
|-damage|p1a: Blissey|47/100
|move|p1a: Blissey|Confide|p2a: Xerneas
|-unboost|p2a: Xerneas|spa|1
|
|upkeep
|turn|38
|
|t:|1664666045
|move|p2a: Xerneas|Geomancy||[still]
|-prepare|p2a: Xerneas|Geomancy
|move|p1a: Blissey|Soft-Boiled|p1a: Blissey
|-heal|p1a: Blissey|97/100
|
|upkeep
|turn|39
|
|t:|1664666064
|move|p2a: Xerneas|Geomancy|p2a: Xerneas|[from]lockedmove
|-boost|p2a: Xerneas|spa|2
|-boost|p2a: Xerneas|spd|0
|-boost|p2a: Xerneas|spe|0
|move|p1a: Blissey|Confide|p2a: Xerneas
|-unboost|p2a: Xerneas|spa|1
|
|upkeep
|turn|40
|
|t:|1664666068
|move|p2a: Xerneas|Endeavor|p1a: Blissey
|-damage|p1a: Blissey|47/100
|move|p1a: Blissey|Confide|p2a: Xerneas
|-unboost|p2a: Xerneas|spa|1
|
|upkeep
|turn|41
|
|t:|1664666072
|move|p2a: Xerneas|Moonblast|p1a: Blissey
|-damage|p1a: Blissey|16/100
|move|p1a: Blissey|Soft-Boiled|p1a: Blissey
|-heal|p1a: Blissey|67/100
|
|upkeep
|turn|42
|inactive|SOULWIND has 270 seconds left.
|
|t:|1664666119
|move|p2a: Xerneas|Geomancy||[still]
|-prepare|p2a: Xerneas|Geomancy
|move|p1a: Blissey|Soft-Boiled|p1a: Blissey
|-heal|p1a: Blissey|100/100
|
|upkeep
|turn|43
|
|t:|1664666122
|move|p2a: Xerneas|Geomancy|p2a: Xerneas|[from]lockedmove
|-boost|p2a: Xerneas|spa|2
|-boost|p2a: Xerneas|spd|0
|-boost|p2a: Xerneas|spe|0
|move|p1a: Blissey|Confide|p2a: Xerneas
|-unboost|p2a: Xerneas|spa|1
|
|upkeep
|turn|44
|
|t:|1664666131
|move|p2a: Xerneas|Moonblast|p1a: Blissey
|-damage|p1a: Blissey|56/100
|-unboost|p1a: Blissey|spa|1
|move|p1a: Blissey|Confide|p2a: Xerneas
|-unboost|p2a: Xerneas|spa|1
|
|upkeep
|turn|45
|
|t:|1664666135
|move|p2a: Xerneas|Geomancy||[still]
|-prepare|p2a: Xerneas|Geomancy
|move|p1a: Blissey|Confide|p2a: Xerneas
|-unboost|p2a: Xerneas|spa|1
|
|upkeep
|turn|46
|
|t:|1664666137
|move|p2a: Xerneas|Geomancy|p2a: Xerneas|[from]lockedmove
|-boost|p2a: Xerneas|spa|2
|-boost|p2a: Xerneas|spd|0
|-boost|p2a: Xerneas|spe|0
|move|p1a: Blissey|Confide|p2a: Xerneas
|-unboost|p2a: Xerneas|spa|1
|
|upkeep
|turn|47
|
|t:|1664666142
|move|p2a: Xerneas|Moonblast|p1a: Blissey
|-damage|p1a: Blissey|24/100
|move|p1a: Blissey|Soft-Boiled|p1a: Blissey
|-heal|p1a: Blissey|74/100
|
|upkeep
|turn|48
|
|t:|1664666171
|move|p2a: Xerneas|Moonblast|p1a: Blissey
|-damage|p1a: Blissey|44/100
|move|p1a: Blissey|Confide|p2a: Xerneas
|-unboost|p2a: Xerneas|spa|1
|
|upkeep
|turn|49
|
|t:|1664666174
|move|p2a: Xerneas|Geomancy||[still]
|-prepare|p2a: Xerneas|Geomancy
|move|p1a: Blissey|Soft-Boiled|p1a: Blissey
|-heal|p1a: Blissey|94/100
|
|upkeep
|turn|50
|
|t:|1664666181
|move|p2a: Xerneas|Geomancy|p2a: Xerneas|[from]lockedmove
|-boost|p2a: Xerneas|spa|2
|-boost|p2a: Xerneas|spd|0
|-boost|p2a: Xerneas|spe|0
|move|p1a: Blissey|Confide|p2a: Xerneas
|-unboost|p2a: Xerneas|spa|1
|
|upkeep
|turn|51
|
|t:|1664666186
|move|p2a: Xerneas|Endeavor|p1a: Blissey
|-damage|p1a: Blissey|47/100
|move|p1a: Blissey|Confide|p2a: Xerneas
|-unboost|p2a: Xerneas|spa|1
|
|upkeep
|turn|52
|
|t:|1664666190
|move|p2a: Xerneas|Moonblast|p1a: Blissey
|-damage|p1a: Blissey|27/100
|-unboost|p1a: Blissey|spa|1
|move|p1a: Blissey|Soft-Boiled|p1a: Blissey
|-heal|p1a: Blissey|77/100
|
|upkeep
|turn|53
|
|t:|1664666195
|move|p2a: Xerneas|Moonblast|p1a: Blissey
|-damage|p1a: Blissey|53/100
|move|p1a: Blissey|Thunder Wave||[still]
|-fail|p1a: Blissey
|
|upkeep
|turn|54
|
|t:|1664666199
|move|p2a: Xerneas|Moonblast|p1a: Blissey
|-damage|p1a: Blissey|30/100
|move|p1a: Blissey|Thunder Wave|p2a: Xerneas|[miss]
|-miss|p1a: Blissey|p2a: Xerneas
|
|upkeep
|turn|55
|
|t:|1664666202
|move|p2a: Xerneas|Moonblast|p1a: Blissey
|-damage|p1a: Blissey|7/100
|move|p1a: Blissey|Soft-Boiled|p1a: Blissey
|-heal|p1a: Blissey|57/100
|
|upkeep
|turn|56
|
|t:|1664666210
|move|p2a: Xerneas|Moonblast|p1a: Blissey
|-damage|p1a: Blissey|36/100
|-unboost|p1a: Blissey|spa|1
|move|p1a: Blissey|Soft-Boiled|p1a: Blissey
|-heal|p1a: Blissey|86/100
|
|upkeep
|turn|57
|
|t:|1664666215
|move|p2a: Xerneas|Endeavor|p1a: Blissey
|-damage|p1a: Blissey|47/100
|move|p1a: Blissey|Thunder Wave||[still]
|-fail|p1a: Blissey
|
|upkeep
|turn|58
|
|t:|1664666228
|move|p2a: Xerneas|Moonblast|p1a: Blissey
|-damage|p1a: Blissey|27/100
|move|p1a: Blissey|Soft-Boiled|p1a: Blissey
|-heal|p1a: Blissey|77/100
|
|upkeep
|turn|59
|inactive|SOULWIND has 270 seconds left.
|
|t:|1664666281
|move|p2a: Xerneas|Endeavor|p1a: Blissey
|-damage|p1a: Blissey|47/100
|move|p1a: Blissey|Thunder Wave||[still]
|-fail|p1a: Blissey
|
|upkeep
|turn|60
|
|t:|1664666286
|move|p2a: Xerneas|Moonblast|p1a: Blissey
|-damage|p1a: Blissey|26/100
|move|p1a: Blissey|Thunder Wave||[still]
|-fail|p1a: Blissey
|
|upkeep
|turn|61
|
|t:|1664666289
|move|p2a: Xerneas|Moonblast|p1a: Blissey
|-damage|p1a: Blissey|5/100
|-unboost|p1a: Blissey|spa|1
|move|p1a: Blissey|Soft-Boiled|p1a: Blissey
|-heal|p1a: Blissey|55/100
|
|upkeep
|turn|62
|inactive|SOULWIND has 270 seconds left.
|inactive|SOULWIND has 240 seconds left.
|
|t:|1664666344
|move|p2a: Xerneas|Substitute|p2a: Xerneas
|-fail|p2a: Xerneas|move: Substitute
|move|p1a: Blissey|Soft-Boiled|p1a: Blissey
|-heal|p1a: Blissey|100/100
|
|upkeep
|turn|63
|
|t:|1664666347
|switch|p1a: Excadrill|Excadrill, M|100/100
|-damage|p1a: Excadrill|97/100|[from] Stealth Rock
|-ability|p1a: Excadrill|Mold Breaker
|move|p2a: Xerneas|Endeavor|p1a: Excadrill
|-damage|p1a: Excadrill|73/100
|
|-heal|p1a: Excadrill|79/100|[from] item: Leftovers
|upkeep
|turn|64
|
|t:|1664666349
|move|p1a: Excadrill|Protect|p1a: Excadrill
|-singleturn|p1a: Excadrill|Protect
|move|p2a: Xerneas|Moonblast|p1a: Excadrill
|-activate|p1a: Excadrill|move: Protect
|
|-heal|p1a: Excadrill|85/100|[from] item: Leftovers
|upkeep
|turn|65
|
|t:|1664666351
|move|p2a: Xerneas|Moonblast|p1a: Excadrill
|-resisted|p1a: Excadrill
|-damage|p1a: Excadrill|48/100
|-unboost|p1a: Excadrill|spa|1
|move|p1a: Excadrill|Rapid Spin|p2a: Xerneas
|-activate|p2a: Xerneas|move: Substitute|[damage]
|-sideend|p1: SOULWIND|Stealth Rock|[from] move: Rapid Spin|[of] p1a: Excadrill
|-boost|p1a: Excadrill|spe|1
|
|-heal|p1a: Excadrill|54/100|[from] item: Leftovers
|upkeep
|turn|66
|
|t:|1664666355
|move|p1a: Excadrill|Protect|p1a: Excadrill
|-singleturn|p1a: Excadrill|Protect
|move|p2a: Xerneas|Moonblast|p1a: Excadrill
|-activate|p1a: Excadrill|move: Protect
|
|-heal|p1a: Excadrill|60/100|[from] item: Leftovers
|upkeep
|turn|67
|
|t:|1664666359
|move|p2a: Xerneas|Moonblast|p1a: Excadrill
|-resisted|p1a: Excadrill
|-damage|p1a: Excadrill|22/100
|move|p1a: Excadrill|Earthquake|p2a: Xerneas
|-end|p2a: Xerneas|Substitute
|
|-heal|p1a: Excadrill|29/100|[from] item: Leftovers
|upkeep
|turn|68
|
|t:|1664666373
|move|p1a: Excadrill|Protect|p1a: Excadrill
|-singleturn|p1a: Excadrill|Protect
|move|p2a: Xerneas|Moonblast|p1a: Excadrill
|-activate|p1a: Excadrill|move: Protect
|
|-heal|p1a: Excadrill|35/100|[from] item: Leftovers
|upkeep
|turn|69
|
|t:|1664666377
|switch|p1a: Blissey|Blissey, F|100/100
|move|p2a: Xerneas|Moonblast|p1a: Blissey
|-damage|p1a: Blissey|77/100
|-unboost|p1a: Blissey|spa|1
|
|upkeep
|turn|70
|
|t:|1664666380
|move|p2a: Xerneas|Substitute|p2a: Xerneas
|-start|p2a: Xerneas|Substitute
|-damage|p2a: Xerneas|51/100
|move|p1a: Blissey|Thunder Wave||[still]
|-fail|p1a: Blissey
|
|upkeep
|turn|71
|
|t:|1664666383
|move|p2a: Xerneas|Moonblast|p1a: Blissey
|-damage|p1a: Blissey|55/100
|move|p1a: Blissey|Thunder Wave||[still]
|-fail|p1a: Blissey
|
|upkeep
|turn|72
|inactive|SOULWIND has 270 seconds left.
|inactive|SOULWIND has 240 seconds left.
|
|t:|1664666453
|move|p2a: Xerneas|Moonblast|p1a: Blissey
|-damage|p1a: Blissey|35/100
|move|p1a: Blissey|Thunder Wave||[still]
|-fail|p1a: Blissey
|
|upkeep
|turn|73
|
|t:|1664666458
|switch|p1a: Excadrill|Excadrill, M|35/100
|-ability|p1a: Excadrill|Mold Breaker
|move|p2a: Xerneas|Moonblast|p1a: Excadrill
|-resisted|p1a: Excadrill
|-damage|p1a: Excadrill|0 fnt
|faint|p1a: Excadrill
|
|upkeep
|
|t:|1664666463
|switch|p1a: Zygarde|Zygarde-Complete|54/100
|turn|74
|
|t:|1664666470
|switch|p2a: Yveltal|Yveltal|100/100
|-damage|p2a: Yveltal|76/100|[from] Stealth Rock
|-ability|p2a: Yveltal|Dark Aura
|move|p1a: Zygarde|Glare|p2a: Yveltal
|-status|p2a: Yveltal|par
|
|-heal|p1a: Zygarde|60/100|[from] item: Leftovers
|upkeep
|turn|75
|
|t:|1664666493
|switch|p1a: Xerneas|Xerneas|100/100
|-ability|p1a: Xerneas|Fairy Aura
|move|p2a: Yveltal|Knock Off|p1a: Xerneas
|-resisted|p1a: Xerneas
|-damage|p1a: Xerneas|72/100
|-enditem|p1a: Xerneas|Heavy-Duty Boots|[from] move: Knock Off|[of] p2a: Yveltal
|-damage|p2a: Yveltal|66/100 par|[from] item: Life Orb
|
|upkeep
|turn|76
|
|t:|1664666507
|move|p2a: Yveltal|Sucker Punch|p1a: Xerneas
|-resisted|p1a: Xerneas
|-damage|p1a: Xerneas|52/100
|-damage|p2a: Yveltal|56/100 par|[from] item: Life Orb
|move|p1a: Xerneas|Moonblast|p2a: Yveltal
|-supereffective|p2a: Yveltal
|-damage|p2a: Yveltal|0 fnt
|faint|p2a: Yveltal
|
|upkeep
|
|t:|1664666513
|switch|p2a: Necrozma|Necrozma-Dusk-Mane|100/100
|-damage|p2a: Necrozma|94/100|[from] Stealth Rock
|turn|77
|
|t:|1664666521
|switch|p2a: Eternatus|Eternatus|100/100
|-damage|p2a: Eternatus|88/100|[from] Stealth Rock
|-ability|p2a: Eternatus|Pressure
|switch|p1a: Zygarde|Zygarde-Complete|60/100
|
|-heal|p1a: Zygarde|66/100|[from] item: Leftovers
|upkeep
|turn|78
|
|t:|1664666526
|switch|p1a: Xerneas|Xerneas|52/100
|-ability|p1a: Xerneas|Fairy Aura
|move|p2a: Eternatus|Dynamax Cannon|p1a: Xerneas
|-immune|p1a: Xerneas
|
|upkeep
|turn|79
|
|t:|1664666538
|switch|p1a: Blissey|Blissey, F|35/100
|move|p2a: Eternatus|Sludge Bomb|p1a: Blissey
|-damage|p1a: Blissey|20/100
|-status|p1a: Blissey|psn
|
|-damage|p1a: Blissey|8/100 psn|[from] psn
|upkeep
|turn|80
|inactive|SOULWIND has 270 seconds left.
|
|t:|1664666565
|move|p2a: Eternatus|Sludge Bomb|p1a: Blissey
|-damage|p1a: Blissey|0 fnt
|faint|p1a: Blissey
|
|upkeep
|
|t:|1664666580
|switch|p1a: Yveltal|Yveltal|100/100
|-ability|p1a: Yveltal|Dark Aura
|turn|81
|
|t:|1664666585
|move|p2a: Eternatus|Meteor Beam||[still]
|-prepare|p2a: Eternatus|Meteor Beam
|-boost|p2a: Eternatus|spa|1
|-enditem|p2a: Eternatus|Power Herb
|-anim|p2a: Eternatus|Meteor Beam|p1a: Yveltal
|-supereffective|p1a: Yveltal
|-damage|p1a: Yveltal|9/100
|move|p1a: Yveltal|Roost|p1a: Yveltal
|-heal|p1a: Yveltal|59/100
|-singleturn|p1a: Yveltal|move: Roost
|
|upkeep
|turn|82
|inactive|SOULWIND has 240 seconds left.
|inactive|Aberforth has 270 seconds left.
|inactive|SOULWIND has 210 seconds left.
|inactive|SOULWIND has 180 seconds left.
|
|t:|1664666692
|move|p2a: Eternatus|Dynamax Cannon|p1a: Yveltal
|-damage|p1a: Yveltal|8/100
|move|p1a: Yveltal|Snarl|p2a: Eternatus|[miss]
|-miss|p1a: Yveltal|p2a: Eternatus
|
|upkeep
|turn|83
|inactive|Aberforth has 270 seconds left.
|c|☆SOULWIND|gg
|c|☆Aberforth|gg
|-message|SOULWIND forfeited.
|
|win|Aberforth
