|inactive|Battle timer is ON: inactive players will automatically lose when time's up.
|t:|1644710677
|gametype|singles
|player|p1|Stallion|#wcop2021oceania|
|player|p2|Skarph♫|lucas-gen4pt|
|teamsize|p1|6
|teamsize|p2|6
|gen|8
|tier|[Gen 8] Ubers
|rule|Sleep Clause Mod: Limit one foe put to sleep
|rule|Species Clause: Limit one of each Pokémon
|rule|OHKO Clause: OHKO moves are banned
|rule|Evasion Moves Clause: Evasion moves are banned
|rule|Endless Battle Clause: Forcing endless battles is banned
|rule|HP Percentage Mod: HP is shown in percentages
|rule|Dynamax Clause: You cannot dynamax
|clearpoke
|poke|p1|Zekrom|
|poke|p1|Urshifu-*, M|
|poke|p1|Eternatus|
|poke|p1|Necrozma-Dusk-Mane|
|poke|p1|Yveltal|
|poke|p1|Zygarde|
|poke|p2|Yveltal|
|poke|p2|Necrozma-Dusk-Mane|
|poke|p2|Eternatus|
|poke|p2|Xerneas-*|
|poke|p2|Kyogre|
|poke|p2|Rayquaza|
|teampreview
|c|☆Skarph♫|hf
|inactive|Stallion has 270 seconds left.
|inactive|Skarph♫ has 270 seconds left.
|c|☆Stallion|u2 mate!
|
|t:|1644710736
|start
|switch|p1a: Eternatus|Eternatus|100/100
|switch|p2a: Eternatus|Eternatus|100/100
|-ability|p2a: Eternatus|Pressure
|-ability|p1a: Eternatus|Pressure
|turn|1
|
|t:|1644710752
|switch|p2a: Necrozma|Necrozma-Dusk-Mane|100/100
|switch|p1a: Necrozma|Necrozma-Dusk-Mane|100/100
|
|upkeep
|turn|2
|
|t:|1644710772
|switch|p1a: Zygarde|Zygarde|100/100
|switch|p2a: Kyogre|Kyogre|100/100
|-weather|RainDance|[from] ability: Drizzle|[of] p2a: Kyogre
|
|-weather|RainDance|[upkeep]
|upkeep
|turn|3
|
|t:|1644710781
|switch|p1a: Eternatus|Eternatus|100/100
|-ability|p1a: Eternatus|Pressure
|move|p2a: Kyogre|Thunder Wave|p1a: Eternatus
|-status|p1a: Eternatus|par
|
|-weather|RainDance|[upkeep]
|upkeep
|turn|4
|
|t:|1644710790
|switch|p1a: Necrozma|Necrozma-Dusk-Mane|100/100
|move|p2a: Kyogre|Calm Mind|p2a: Kyogre
|-boost|p2a: Kyogre|spa|1
|-boost|p2a: Kyogre|spd|1
|
|-weather|RainDance|[upkeep]
|upkeep
|turn|5
|
|t:|1644710800
|switch|p1a: Eternatus|Eternatus|100/100 par
|-ability|p1a: Eternatus|Pressure
|move|p2a: Kyogre|Ice Beam|p1a: Eternatus
|-supereffective|p1a: Eternatus
|-damage|p1a: Eternatus|29/100 par
|
|-weather|RainDance|[upkeep]
|upkeep
|turn|6
|
|t:|1644710806
|move|p2a: Kyogre|Ice Beam|p1a: Eternatus
|-supereffective|p1a: Eternatus
|-damage|p1a: Eternatus|0 fnt
|faint|p1a: Eternatus
|
|-weather|none
|upkeep
|
|t:|1644710809
|switch|p1a: Zekrom|Zekrom|100/100
|-ability|p1a: Zekrom|Teravolt
|turn|7
|inactive|Skarph♫ has 270 seconds left.
|
|t:|1644710867
|switch|p2a: Xerneas|Xerneas|100/100
|-ability|p2a: Xerneas|Fairy Aura
|-item|p2a: Xerneas|Air Balloon
|move|p1a: Zekrom|Bolt Strike|p2a: Xerneas
|-damage|p2a: Xerneas|50/100
|-status|p2a: Xerneas|par
|-enditem|p2a: Xerneas|Air Balloon
|-damage|p1a: Zekrom|91/100|[from] item: Life Orb
|
|upkeep
|turn|8
|inactive|Skarph♫ has 240 seconds left.
|
|t:|1644710886
|move|p1a: Zekrom|Bolt Strike|p2a: Xerneas|[miss]
|-miss|p1a: Zekrom|p2a: Xerneas
|move|p2a: Xerneas|Rest|p2a: Xerneas
|-status|p2a: Xerneas|slp|[from] move: Rest
|-heal|p2a: Xerneas|100/100 slp|[silent]
|
|upkeep
|turn|9
|c|☆Stallion|lol
|c|☆Stallion|i hate that move
|c|☆Skarph♫|true
|inactive|Skarph♫ has 240 seconds left.
|inactive|Stallion has 270 seconds left.
|
|t:|1644710919
|switch|p1a: Necrozma|Necrozma-Dusk-Mane|100/100
|cant|p2a: Xerneas|slp
|move|p2a: Xerneas|Sleep Talk|p2a: Xerneas
|move|p2a: Xerneas|Rest||[from]move: Sleep Talk|[still]
|-fail|p2a: Xerneas
|
|upkeep
|turn|10
|inactive|Skarph♫ has 240 seconds left.
|
|t:|1644710935
|switch|p2a: Yveltal|Yveltal|100/100
|-ability|p2a: Yveltal|Dark Aura
|move|p1a: Necrozma|Stealth Rock|p2a: Yveltal
|-sidestart|p2: Skarph♫|move: Stealth Rock
|
|upkeep
|turn|11
|
|t:|1644710942
|switch|p1a: Zygarde|Zygarde|100/100
|move|p2a: Yveltal|Defog|p1a: Zygarde
|-unboost|p1a: Zygarde|evasion|1
|-sideend|p2: Skarph♫|Stealth Rock|[from] move: Defog|[of] p2a: Yveltal
|
|upkeep
|turn|12
|inactive|Skarph♫ has 240 seconds left.
|
|t:|1644710964
|move|p2a: Yveltal|Knock Off|p1a: Zygarde
|-damage|p1a: Zygarde|69/100
|-enditem|p1a: Zygarde|Leftovers|[from] move: Knock Off|[of] p2a: Yveltal
|move|p1a: Zygarde|Thousand Arrows|p2a: Yveltal
|-damage|p2a: Yveltal|75/100
|-start|p2a: Yveltal|Smack Down
|
|upkeep
|turn|13
|inactive|Skarph♫ has 240 seconds left.
|inactive|Stallion has 270 seconds left.
|
|t:|1644710986
|switch|p2a: Xerneas|Xerneas|100/100 slp
|-ability|p2a: Xerneas|Fairy Aura
|move|p1a: Zygarde|Thousand Arrows|p2a: Xerneas
|-damage|p2a: Xerneas|83/100 slp
|
|upkeep
|turn|14
|inactive|Stallion has 270 seconds left.
|
|t:|1644710991
|switch|p1a: Necrozma|Necrozma-Dusk-Mane|100/100
|switch|p2a: Kyogre|Kyogre|100/100
|-weather|RainDance|[from] ability: Drizzle|[of] p2a: Kyogre
|
|-weather|RainDance|[upkeep]
|upkeep
|turn|15
|
|t:|1644710997
|move|p2a: Kyogre|Origin Pulse|p1a: Necrozma
|-damage|p1a: Necrozma|35/100
|move|p1a: Necrozma|Thunder Wave|p2a: Kyogre
|-status|p2a: Kyogre|par
|
|-weather|RainDance|[upkeep]
|-heal|p1a: Necrozma|41/100|[from] item: Leftovers
|upkeep
|turn|16
|
|t:|1644711012
|move|p1a: Necrozma|Stealth Rock|p2a: Kyogre
|-sidestart|p2: Skarph♫|move: Stealth Rock
|cant|p2a: Kyogre|par
|
|-weather|RainDance|[upkeep]
|-heal|p1a: Necrozma|47/100|[from] item: Leftovers
|upkeep
|turn|17
|
|t:|1644711016
|switch|p1a: Yveltal|Yveltal|100/100
|-ability|p1a: Yveltal|Dark Aura
|move|p2a: Kyogre|Origin Pulse|p1a: Yveltal
|-damage|p1a: Yveltal|36/100
|
|-weather|RainDance|[upkeep]
|upkeep
|turn|18
|inactive|Skarph♫ has 240 seconds left.
|inactive|Skarph♫ has 210 seconds left.
|
|t:|1644711081
|switch|p2a: Yveltal|Yveltal|75/100
|-ability|p2a: Yveltal|Dark Aura
|move|p1a: Yveltal|Knock Off|p2a: Yveltal
|-resisted|p2a: Yveltal
|-damage|p2a: Yveltal|54/100
|-enditem|p2a: Yveltal|Heavy-Duty Boots|[from] move: Knock Off|[of] p1a: Yveltal
|
|-weather|none
|upkeep
|turn|19
|
|t:|1644711088
|switch|p1a: Zekrom|Zekrom|91/100
|-ability|p1a: Zekrom|Teravolt
|move|p2a: Yveltal|Defog|p1a: Zekrom
|-unboost|p1a: Zekrom|evasion|1
|-sideend|p2: Skarph♫|Stealth Rock|[from] move: Defog|[of] p2a: Yveltal
|
|upkeep
|turn|20
|
|t:|1644711105
|move|p2a: Yveltal|Knock Off|p1a: Zekrom
|-damage|p1a: Zekrom|45/100
|-enditem|p1a: Zekrom|Life Orb|[from] move: Knock Off|[of] p2a: Yveltal
|move|p1a: Zekrom|Scale Shot|p2a: Yveltal
|-damage|p2a: Yveltal|43/100
|-damage|p2a: Yveltal|31/100
|-hitcount|p2a: Yveltal|2
|-unboost|p1a: Zekrom|def|1
|-boost|p1a: Zekrom|spe|1
|
|upkeep
|turn|21
|
|t:|1644711111
|move|p1a: Zekrom|Bolt Strike|p2a: Yveltal
|-supereffective|p2a: Yveltal
|-damage|p2a: Yveltal|0 fnt
|faint|p2a: Yveltal
|
|upkeep
|
|t:|1644711114
|switch|p2a: Rayquaza|Rayquaza|100/100
|-ability|p2a: Rayquaza|Air Lock
|turn|22
|inactive|Stallion has 270 seconds left.
|inactive|Skarph♫ has 210 seconds left.
|inactive|Skarph♫ has 180 seconds left.
|inactive|Stallion has 240 seconds left.
|
|t:|1644711184
|move|p2a: Rayquaza|Extreme Speed|p1a: Zekrom
|-damage|p1a: Zekrom|0 fnt
|faint|p1a: Zekrom
|
|upkeep
|inactive|Stallion has 240 seconds left.
|
|t:|1644711202
|switch|p1a: Zygarde|Zygarde|69/100
|turn|23
|inactive|Skarph♫ has 180 seconds left.
|
|t:|1644711217
|switch|p2a: Xerneas|Xerneas|83/100 slp
|-ability|p2a: Xerneas|Fairy Aura
|switch|p1a: Necrozma|Necrozma-Dusk-Mane|47/100
|
|-heal|p1a: Necrozma|54/100|[from] item: Leftovers
|upkeep
|turn|24
|
|t:|1644711221
|switch|p2a: Rayquaza|Rayquaza|100/100
|-ability|p2a: Rayquaza|Air Lock
|move|p1a: Necrozma|Stealth Rock|p2a: Rayquaza
|-sidestart|p2: Skarph♫|move: Stealth Rock
|
|-heal|p1a: Necrozma|60/100|[from] item: Leftovers
|upkeep
|turn|25
|
|t:|1644711228
|switch|p1a: Zygarde|Zygarde|69/100
|move|p2a: Rayquaza|Dragon Ascent|p1a: Zygarde
|-damage|p1a: Zygarde|8/100
|-unboost|p2a: Rayquaza|def|1
|-unboost|p2a: Rayquaza|spd|1
|
|-activate|p1a: Zygarde|ability: Power Construct
|detailschange|p1a: Zygarde|Zygarde-Complete
|-heal|p1a: Zygarde|40/100|[silent]
|upkeep
|turn|26
|inactive|Skarph♫ has 180 seconds left.
|inactive|Stallion has 240 seconds left.
|inactive|Stallion has 210 seconds left.
|
|t:|1644711288
|switch|p2a: Kyogre|Kyogre|100/100 par
|-damage|p2a: Kyogre|88/100 par|[from] Stealth Rock
|-weather|RainDance|[from] ability: Drizzle|[of] p2a: Kyogre
|move|p1a: Zygarde|Dragon Tail|p2a: Kyogre
|-damage|p2a: Kyogre|64/100 par
|drag|p2a: Eternatus|Eternatus|100/100
|-damage|p2a: Eternatus|88/100|[from] Stealth Rock
|-ability|p2a: Eternatus|Pressure
|
|-weather|RainDance|[upkeep]
|-heal|p2a: Eternatus|94/100|[from] item: Black Sludge
|upkeep
|turn|27
|
|t:|1644711297
|switch|p2a: Rayquaza|Rayquaza|100/100
|-damage|p2a: Rayquaza|76/100|[from] Stealth Rock
|-ability|p2a: Rayquaza|Air Lock
|switch|p1a: Necrozma|Necrozma-Dusk-Mane|60/100
|
|-weather|RainDance|[upkeep]
|-heal|p1a: Necrozma|66/100|[from] item: Leftovers
|upkeep
|turn|28
|inactive|Skarph♫ has 180 seconds left.
|
|t:|1644711308
|switch|p1a: Zygarde|Zygarde-Complete|40/100
|move|p2a: Rayquaza|V-create|p1a: Zygarde
|-resisted|p1a: Zygarde
|-damage|p1a: Zygarde|21/100
|-unboost|p2a: Rayquaza|spe|1
|-unboost|p2a: Rayquaza|def|1
|-unboost|p2a: Rayquaza|spd|1
|
|-weather|RainDance|[upkeep]
|upkeep
|turn|29
|inactive|Skarph♫ has 180 seconds left.
|
|t:|1644711322
|switch|p2a: Kyogre|Kyogre|64/100 par
|-damage|p2a: Kyogre|52/100 par|[from] Stealth Rock
|move|p1a: Zygarde|Rest|p1a: Zygarde
|-status|p1a: Zygarde|slp|[from] move: Rest
|-heal|p1a: Zygarde|100/100 slp|[silent]
|
|-weather|RainDance|[upkeep]
|-heal|p2a: Kyogre|58/100 par|[from] item: Leftovers
|upkeep
|turn|30
|
|t:|1644711327
|switch|p1a: Yveltal|Yveltal|36/100
|-ability|p1a: Yveltal|Dark Aura
|move|p2a: Kyogre|Origin Pulse|p1a: Yveltal
|-damage|p1a: Yveltal|0 fnt
|faint|p1a: Yveltal
|
|-weather|none
|-heal|p2a: Kyogre|64/100 par|[from] item: Leftovers
|upkeep
|
|t:|1644711330
|switch|p1a: Urshifu|Urshifu, M|100/100
|turn|31
|inactive|Stallion has 240 seconds left.
|inactive|Skarph♫ has 180 seconds left.
|inactive|Stallion has 210 seconds left.
|
|t:|1644711383
|switch|p2a: Necrozma|Necrozma-Dusk-Mane|100/100
|-damage|p2a: Necrozma|94/100|[from] Stealth Rock
|move|p1a: Urshifu|Wicked Blow|p2a: Necrozma
|-supereffective|p2a: Necrozma
|-crit|p2a: Necrozma
|-damage|p2a: Necrozma|0 fnt
|faint|p2a: Necrozma
|
|upkeep
|inactive|Skarph♫ has 150 seconds left.
|inactive|Skarph♫ has 120 seconds left.
|
|t:|1644711439
|switch|p2a: Xerneas|Xerneas|83/100 slp
|-damage|p2a: Xerneas|71/100 slp|[from] Stealth Rock
|-ability|p2a: Xerneas|Fairy Aura
|turn|32
|inactive|Stallion has 210 seconds left.
|
|t:|1644711447
|switch|p1a: Necrozma|Necrozma-Dusk-Mane|66/100
|cant|p2a: Xerneas|slp
|move|p2a: Xerneas|Sleep Talk|p2a: Xerneas
|move|p2a: Xerneas|Moonblast|p1a: Necrozma|[from]move: Sleep Talk
|-resisted|p1a: Necrozma
|-damage|p1a: Necrozma|48/100
|-unboost|p1a: Necrozma|spa|1
|
|-heal|p1a: Necrozma|54/100|[from] item: Leftovers
|upkeep
|turn|33
|inactive|Skarph♫ has 120 seconds left.
|inactive|Skarph♫ has 90 seconds left.
|
|t:|1644711501
|switch|p2a: Kyogre|Kyogre|64/100 par
|-damage|p2a: Kyogre|52/100 par|[from] Stealth Rock
|-weather|RainDance|[from] ability: Drizzle|[of] p2a: Kyogre
|move|p1a: Necrozma|Morning Sun|p1a: Necrozma
|-heal|p1a: Necrozma|79/100
|
|-weather|RainDance|[upkeep]
|-heal|p1a: Necrozma|85/100|[from] item: Leftovers
|-heal|p2a: Kyogre|58/100 par|[from] item: Leftovers
|upkeep
|turn|34
|inactive|Stallion has 210 seconds left.
|inactive|Stallion has 180 seconds left.
|
|t:|1644711554
|switch|p1a: Zygarde|Zygarde-Complete|100/100 slp
|move|p2a: Kyogre|Origin Pulse|p1a: Zygarde
|-damage|p1a: Zygarde|45/100 slp
|
|-weather|RainDance|[upkeep]
|-heal|p2a: Kyogre|64/100 par|[from] item: Leftovers
|upkeep
|turn|35
|inactive|Skarph♫ has 90 seconds left.
|
|t:|1644711570
|cant|p1a: Zygarde|slp
|cant|p2a: Kyogre|par
|
|-weather|RainDance|[upkeep]
|-heal|p2a: Kyogre|70/100 par|[from] item: Leftovers
|upkeep
|turn|36
|
|t:|1644711574
|cant|p1a: Zygarde|slp
|move|p2a: Kyogre|Ice Beam|p1a: Zygarde
|-supereffective|p1a: Zygarde
|-damage|p1a: Zygarde|0 fnt
|faint|p1a: Zygarde
|
|-weather|RainDance|[upkeep]
|-heal|p2a: Kyogre|76/100 par|[from] item: Leftovers
|upkeep
|
|t:|1644711577
|switch|p1a: Urshifu|Urshifu, M|100/100
|turn|37
|inactive|Skarph♫ has 90 seconds left.
|
|t:|1644711629
|switch|p2a: Eternatus|Eternatus|94/100
|-damage|p2a: Eternatus|82/100|[from] Stealth Rock
|-ability|p2a: Eternatus|Pressure
|move|p1a: Urshifu|Wicked Blow|p2a: Eternatus
|-crit|p2a: Eternatus
|-damage|p2a: Eternatus|18/100
|
|-weather|none
|-heal|p2a: Eternatus|24/100|[from] item: Black Sludge
|upkeep
|turn|38
|inactive|Skarph♫ has 60 seconds left.
|inactive|Skarph♫ has 30 seconds left.
|
|t:|1644711675
|switch|p1a: Necrozma|Necrozma-Dusk-Mane|85/100
|move|p2a: Eternatus|Recover|p2a: Eternatus
|-heal|p2a: Eternatus|74/100
|
|-heal|p2a: Eternatus|80/100|[from] item: Black Sludge
|-heal|p1a: Necrozma|91/100|[from] item: Leftovers
|upkeep
|turn|39
|
|t:|1644711682
|switch|p2a: Kyogre|Kyogre|76/100 par
|-damage|p2a: Kyogre|64/100 par|[from] Stealth Rock
|-weather|RainDance|[from] ability: Drizzle|[of] p2a: Kyogre
|switch|p1a: Urshifu|Urshifu, M|100/100
|
|-weather|RainDance|[upkeep]
|-heal|p2a: Kyogre|70/100 par|[from] item: Leftovers
|upkeep
|turn|40
|
|t:|1644711695
|switch|p2a: Xerneas|Xerneas|71/100 slp
|-damage|p2a: Xerneas|59/100 slp|[from] Stealth Rock
|-ability|p2a: Xerneas|Fairy Aura
|move|p1a: Urshifu|Wicked Blow|p2a: Xerneas
|-resisted|p2a: Xerneas
|-crit|p2a: Xerneas
|-damage|p2a: Xerneas|30/100 slp
|
|-weather|RainDance|[upkeep]
|upkeep
|turn|41
|
|t:|1644711706
|move|p1a: Urshifu|Wicked Blow|p2a: Xerneas
|-resisted|p2a: Xerneas
|-crit|p2a: Xerneas
|-damage|p2a: Xerneas|6/100 slp
|-curestatus|p2a: Xerneas|slp|[msg]
|move|p2a: Xerneas|Rest|p2a: Xerneas
|-status|p2a: Xerneas|slp|[from] move: Rest
|-heal|p2a: Xerneas|100/100 slp|[silent]
|
|-weather|RainDance|[upkeep]
|upkeep
|turn|42
|
|t:|1644711712
|switch|p1a: Necrozma|Necrozma-Dusk-Mane|91/100
|cant|p2a: Xerneas|slp
|move|p2a: Xerneas|Sleep Talk|p2a: Xerneas
|move|p2a: Xerneas|Aromatherapy|p2a: Xerneas|[from]move: Sleep Talk
|-activate|p2a: Xerneas|move: Aromatherapy
|-curestatus|p2a: Xerneas|slp|[msg]
|-curestatus|p2: Kyogre|par|[msg]
|
|-weather|RainDance|[upkeep]
|-heal|p1a: Necrozma|97/100|[from] item: Leftovers
|upkeep
|turn|43
|c|☆Stallion|what were those rolls? haha
|c|☆Stallion|giving me false hope
|inactive|Skarph♫ has 30 seconds left.
|
|t:|1644711738
|switch|p2a: Eternatus|Eternatus|80/100
|-damage|p2a: Eternatus|68/100|[from] Stealth Rock
|-ability|p2a: Eternatus|Pressure
|move|p1a: Necrozma|Thunder Wave|p2a: Eternatus
|-status|p2a: Eternatus|par
|
|-weather|none
|-heal|p1a: Necrozma|100/100|[from] item: Leftovers
|-heal|p2a: Eternatus|74/100 par|[from] item: Black Sludge
|upkeep
|turn|44
|inactive|Stallion has 240 seconds left.
|inactive|Skarph♫ has 30 seconds left.
|
|t:|1644711747
|switch|p2a: Kyogre|Kyogre|70/100
|-damage|p2a: Kyogre|58/100|[from] Stealth Rock
|-weather|RainDance|[from] ability: Drizzle|[of] p2a: Kyogre
|move|p1a: Necrozma|Iron Head|p2a: Kyogre
|-resisted|p2a: Kyogre
|-damage|p2a: Kyogre|35/100
|
|-weather|RainDance|[upkeep]
|-heal|p2a: Kyogre|41/100|[from] item: Leftovers
|upkeep
|turn|45
|
|t:|1644711751
|move|p2a: Kyogre|Origin Pulse|p1a: Necrozma
|-crit|p1a: Necrozma
|-damage|p1a: Necrozma|8/100
|move|p1a: Necrozma|Thunder Wave|p2a: Kyogre
|-status|p2a: Kyogre|par
|
|-weather|RainDance|[upkeep]
|-heal|p1a: Necrozma|14/100|[from] item: Leftovers
|-heal|p2a: Kyogre|47/100 par|[from] item: Leftovers
|upkeep
|turn|46
|
|t:|1644711755
|move|p1a: Necrozma|Iron Head|p2a: Kyogre
|-resisted|p2a: Kyogre
|-damage|p2a: Kyogre|24/100 par
|cant|p2a: Kyogre|flinch
|
|-weather|RainDance|[upkeep]
|-heal|p1a: Necrozma|20/100|[from] item: Leftovers
|-heal|p2a: Kyogre|30/100 par|[from] item: Leftovers
|upkeep
|turn|47
|
|t:|1644711760
|move|p1a: Necrozma|Iron Head|p2a: Kyogre
|-resisted|p2a: Kyogre
|-damage|p2a: Kyogre|10/100 par
|move|p2a: Kyogre|Origin Pulse|p1a: Necrozma
|-damage|p1a: Necrozma|0 fnt
|faint|p1a: Necrozma
|
|-weather|RainDance|[upkeep]
|-heal|p2a: Kyogre|16/100 par|[from] item: Leftovers
|upkeep
|inactive|Stallion has 270 seconds left.
|
|t:|1644711765
|switch|p1a: Urshifu|Urshifu, M|100/100
|turn|48
|c|☆Stallion|gg
|c|☆Skarph♫|gg
|c|☆Stallion|bolt miss sucked but it happens
|inactive|Stallion has 270 seconds left.
|
|t:|1644711787
|move|p1a: Urshifu|Poison Jab|p2a: Kyogre
|-damage|p2a: Kyogre|0 fnt
|faint|p2a: Kyogre
|
|-weather|none
|upkeep
|
|t:|1644711790
|switch|p2a: Xerneas|Xerneas|100/100
|-damage|p2a: Xerneas|88/100|[from] Stealth Rock
|-ability|p2a: Xerneas|Fairy Aura
|turn|49
|
|t:|1644711792
|move|p1a: Urshifu|Poison Jab|p2a: Xerneas
|-supereffective|p2a: Xerneas
|-damage|p2a: Xerneas|42/100
|-status|p2a: Xerneas|psn
|move|p2a: Xerneas|Moonblast|p1a: Urshifu
|-supereffective|p1a: Urshifu
|-damage|p1a: Urshifu|0 fnt
|faint|p1a: Urshifu
|
|win|Skarph♫
