|inactive|Battle timer is ON: inactive players will automatically lose when time's up.
|t:|1667154318
|gametype|singles
|player|p1|King Billu|rood|
|player|p2|fatfighter2|#uplxdurians|
|teamsize|p1|6
|teamsize|p2|6
|gen|8
|tier|[Gen 8] Ubers
|rule|Sleep Clause Mod: Limit one foe put to sleep
|rule|Species Clause: Limit one of each Pokémon
|rule|OHKO Clause: OHKO moves are banned
|rule|Evasion Items Clause: Evasion items are banned
|rule|Evasion Moves Clause: Evasion moves are banned
|rule|Endless Battle Clause: Forcing endless battles is banned
|rule|HP Percentage Mod: HP is shown in percentages
|rule|Dynamax Clause: You cannot dynamax
|clearpoke
|poke|p1|Necrozma-Dusk-Mane|
|poke|p1|Rayquaza|
|poke|p1|Ferrothorn, M|
|poke|p1|Eternatus|
|poke|p1|Yveltal|
|poke|p1|Kyogre|
|poke|p2|Eternatus|
|poke|p2|Darmanitan-Galar, F|
|poke|p2|Necrozma-Dusk-Mane|
|poke|p2|Yveltal|
|poke|p2|Kyogre|
|poke|p2|Landorus-Therian, M|
|teampreview
|c|+Exiline|nooooo
|c|+Exiline|you dropped the blissey
|c|☆fatfighter2|yes
|inactive|King Billu has 270 seconds left.
|inactive|fatfighter2 has 270 seconds left.
|c|☆fatfighter2|dont worry
|c|+baLOOR|u stink fat
|c|☆fatfighter2|.
|inactive|King Billu has 240 seconds left.
|c|+baLOOR|oh wait
|c|☆fatfighter2|</3
|c|+baLOOR|ur playing my team
|c|+baLOOR|you extra stink
|c|☆fatfighter2|wdym
|c|☆fatfighter2|u arent in canada
|c|+baLOOR|.
|inactive|King Billu has 210 seconds left.
|c|☆fatfighter2|is baloor actually on canada
|c|☆fatfighter2|wtf
|c|+baLOOR|Fc you see what this dude just said to me
|inactive|King Billu has 180 seconds left.
|
|t:|1667154440
|start
|switch|p1a: Eternatus|Eternatus|100/100
|switch|p2a: Yveltal|Yveltal|100/100
|-ability|p1a: Eternatus|Pressure
|-ability|p2a: Yveltal|Dark Aura
|turn|1
|c|+Fc ❤|ff2 wtf
|
|t:|1667154448
|switch|p2a: Necrozma|Necrozma-Dusk-Mane|100/100
|move|p1a: Eternatus|Meteor Beam||[still]
|-prepare|p1a: Eternatus|Meteor Beam
|-boost|p1a: Eternatus|spa|1
|-enditem|p1a: Eternatus|Power Herb
|-anim|p1a: Eternatus|Meteor Beam|p2a: Necrozma
|-resisted|p2a: Necrozma
|-damage|p2a: Necrozma|80/100
|
|-heal|p2a: Necrozma|86/100|[from] item: Leftovers
|upkeep
|turn|2
|c|+Fc ❤|that's my goat bench slot
|c|☆fatfighter2|np
|inactive|King Billu has 240 seconds left.
|c|+baLOOR|im the king of clicking
|c|+Highlord|ffgod
|inactive|King Billu has 210 seconds left.
|inactive|fatfighter2 has 270 seconds left.
|
|t:|1667154519
|move|p1a: Eternatus|Flamethrower|p2a: Necrozma
|-supereffective|p2a: Necrozma
|-damage|p2a: Necrozma|44/100
|move|p2a: Necrozma|Thunder Wave|p1a: Eternatus
|-status|p1a: Eternatus|par
|
|-heal|p2a: Necrozma|50/100|[from] item: Leftovers
|upkeep
|turn|3
|inactive|fatfighter2 has 270 seconds left.
|
|t:|1667154531
|switch|p1a: Ferrothorn|Ferrothorn, M|100/100
|move|p2a: Necrozma|Morning Sun|p2a: Necrozma
|-heal|p2a: Necrozma|99/100
|
|-heal|p2a: Necrozma|100/100|[from] item: Leftovers
|upkeep
|turn|4
|
|t:|1667154538
|switch|p2a: Yveltal|Yveltal|100/100
|-ability|p2a: Yveltal|Dark Aura
|move|p1a: Ferrothorn|Stealth Rock|p2a: Yveltal
|-sidestart|p2: fatfighter2|move: Stealth Rock
|
|upkeep
|turn|5
|
|t:|1667154543
|switch|p1a: Eternatus|Eternatus|100/100 par
|-ability|p1a: Eternatus|Pressure
|move|p2a: Yveltal|Defog|p1a: Eternatus
|-unboost|p1a: Eternatus|evasion|1
|-sideend|p2: fatfighter2|Stealth Rock|[from] move: Defog|[of] p2a: Yveltal
|
|upkeep
|turn|6
|
|t:|1667154560
|move|p2a: Yveltal|Knock Off|p1a: Eternatus
|-damage|p1a: Eternatus|71/100 par
|move|p1a: Eternatus|Dynamax Cannon|p2a: Yveltal
|-damage|p2a: Yveltal|70/100
|
|upkeep
|turn|7
|c|+Inder|King Billu is the Canadian 9
|c|+Inder|KB9
|
|t:|1667154572
|switch|p1a: Yveltal|Yveltal|100/100
|-ability|p1a: Yveltal|Dark Aura
|move|p2a: Yveltal|Knock Off|p1a: Yveltal
|-resisted|p1a: Yveltal
|-damage|p1a: Yveltal|78/100
|-enditem|p1a: Yveltal|Heavy-Duty Boots|[from] move: Knock Off|[of] p2a: Yveltal
|
|upkeep
|turn|8
|
|t:|1667154576
|move|p1a: Yveltal|Knock Off|p2a: Yveltal
|-resisted|p2a: Yveltal
|-damage|p2a: Yveltal|48/100
|-enditem|p2a: Yveltal|Heavy-Duty Boots|[from] move: Knock Off|[of] p1a: Yveltal
|move|p2a: Yveltal|U-turn|p1a: Yveltal
|-crit|p1a: Yveltal
|-damage|p1a: Yveltal|51/100
|
|t:|1667154579
|switch|p2a: Darmanitan|Darmanitan-Galar, F|100/100|[from]move: U-turn
|
|upkeep
|turn|9
|
|t:|1667154591
|move|p2a: Darmanitan|U-turn|p1a: Yveltal
|-damage|p1a: Yveltal|18/100
|
|t:|1667154593
|switch|p2a: Yveltal|Yveltal|48/100|[from]move: U-turn
|-ability|p2a: Yveltal|Dark Aura
|move|p1a: Yveltal|U-turn|p2a: Yveltal
|-damage|p2a: Yveltal|32/100
|inactive|King Billu has 210 seconds left.
|inactive|King Billu has 180 seconds left.
|
|t:|1667154639
|switch|p1a: Kyogre|Kyogre|100/100|[from]move: U-turn
|-weather|RainDance|[from] ability: Drizzle|[of] p1a: Kyogre
|
|-weather|RainDance|[upkeep]
|upkeep
|turn|10
|inactive|fatfighter2 has 270 seconds left.
|
|t:|1667154673
|switch|p2a: Eternatus|Eternatus|100/100
|-ability|p2a: Eternatus|Pressure
|move|p1a: Kyogre|Thunder|p2a: Eternatus
|-resisted|p2a: Eternatus
|-damage|p2a: Eternatus|88/100
|
|-weather|RainDance|[upkeep]
|-status|p2a: Eternatus|brn|[from] item: Flame Orb
|upkeep
|turn|11
|inactive|fatfighter2 has 270 seconds left.
|c|+Fc ❤|,
|
|t:|1667154692
|switch|p1a: Necrozma|Necrozma-Dusk-Mane|100/100
|move|p2a: Eternatus|Toxic|p1a: Necrozma
|-immune|p1a: Necrozma
|
|-weather|RainDance|[upkeep]
|-damage|p2a: Eternatus|82/100 brn|[from] brn
|upkeep
|turn|12
|inactive|fatfighter2 has 270 seconds left.
|
|t:|1667154700
|switch|p2a: Landorus|Landorus-Therian, M|100/100
|-ability|p2a: Landorus|Intimidate|boost
|-unboost|p1a: Necrozma|atk|1
|move|p1a: Necrozma|Knock Off|p2a: Landorus
|-damage|p2a: Landorus|86/100
|-enditem|p2a: Landorus|Leftovers|[from] move: Knock Off|[of] p1a: Necrozma
|
|-weather|RainDance|[upkeep]
|upkeep
|turn|13
|
|t:|1667154704
|switch|p1a: Ferrothorn|Ferrothorn, M|100/100
|move|p2a: Landorus|U-turn|p1a: Ferrothorn
|-damage|p1a: Ferrothorn|84/100
|-damage|p2a: Landorus|73/100|[from] ability: Iron Barbs|[of] p1a: Ferrothorn
|
|t:|1667154707
|switch|p2a: Darmanitan|Darmanitan-Galar, F|100/100|[from]move: U-turn
|
|-weather|none
|-heal|p1a: Ferrothorn|91/100|[from] item: Leftovers
|upkeep
|turn|14
|inactive|King Billu has 210 seconds left.
|
|t:|1667154725
|switch|p1a: Necrozma|Necrozma-Dusk-Mane|100/100
|move|p2a: Darmanitan|U-turn|p1a: Necrozma
|-damage|p1a: Necrozma|74/100
|
|t:|1667154727
|switch|p2a: Kyogre|Kyogre|100/100|[from]move: U-turn
|-weather|RainDance|[from] ability: Drizzle|[of] p2a: Kyogre
|
|-weather|RainDance|[upkeep]
|-heal|p1a: Necrozma|80/100|[from] item: Leftovers
|upkeep
|turn|15
|inactive|King Billu has 210 seconds left.
|
|t:|1667154733
|switch|p1a: Eternatus|Eternatus|71/100 par
|-ability|p1a: Eternatus|Pressure
|move|p2a: Kyogre|Water Spout|p1a: Eternatus
|-resisted|p1a: Eternatus
|-damage|p1a: Eternatus|0 fnt
|faint|p1a: Eternatus
|
|-weather|RainDance|[upkeep]
|upkeep
|inactive|King Billu has 210 seconds left.
|
|t:|1667154740
|switch|p1a: Rayquaza|Rayquaza|100/100
|-ability|p1a: Rayquaza|Air Lock
|turn|16
|inactive|King Billu has 210 seconds left.
|
|t:|1667154772
|switch|p2a: Yveltal|Yveltal|32/100
|-ability|p2a: Yveltal|Dark Aura
|move|p1a: Rayquaza|Dragon Ascent|p2a: Yveltal
|-damage|p2a: Yveltal|0 fnt
|-unboost|p1a: Rayquaza|def|1
|-unboost|p1a: Rayquaza|spd|1
|faint|p2a: Yveltal
|
|-weather|RainDance|[upkeep]
|upkeep
|
|t:|1667154781
|switch|p2a: Darmanitan|Darmanitan-Galar, F|100/100
|turn|17
|inactive|fatfighter2 has 270 seconds left.
|
|t:|1667154822
|switch|p1a: Yveltal|Yveltal|18/100
|-ability|p1a: Yveltal|Dark Aura
|move|p2a: Darmanitan|U-turn|p1a: Yveltal
|-damage|p1a: Yveltal|0 fnt
|faint|p1a: Yveltal
|inactive|fatfighter2 has 240 seconds left.
|
|t:|1667154837
|switch|p2a: Necrozma|Necrozma-Dusk-Mane|100/100|[from]move: U-turn
|
|-weather|RainDance|[upkeep]
|upkeep
|inactive|King Billu has 210 seconds left.
|
|t:|1667154860
|switch|p1a: Ferrothorn|Ferrothorn, M|91/100
|turn|18
|inactive|fatfighter2 has 240 seconds left.
|
|t:|1667154881
|switch|p2a: Darmanitan|Darmanitan-Galar, F|100/100
|move|p1a: Ferrothorn|Stealth Rock|p2a: Darmanitan
|-sidestart|p2: fatfighter2|move: Stealth Rock
|
|-weather|none
|-heal|p1a: Ferrothorn|97/100|[from] item: Leftovers
|upkeep
|turn|19
|c|+Luna's Bann3d Now|wait
|inactive|King Billu has 210 seconds left.
|inactive|fatfighter2 has 240 seconds left.
|c|+Luna's Bann3d Now|ff2 you really loaded that fucking etern
|c|+Luna's Bann3d Now|i hate you
|
|t:|1667154902
|switch|p1a: Necrozma|Necrozma-Dusk-Mane|80/100
|move|p2a: Darmanitan|Flare Blitz|p1a: Necrozma
|-supereffective|p1a: Necrozma
|-damage|p1a: Necrozma|5/100
|-damage|p2a: Darmanitan|73/100|[from] Recoil
|
|-heal|p1a: Necrozma|11/100|[from] item: Leftovers
|upkeep
|turn|20
|c|+Exiline|the para immune etern 
|c|+Exiline|damn
|inactive|fatfighter2 has 210 seconds left.
|
|t:|1667154944
|switch|p1a: Rayquaza|Rayquaza|100/100
|-ability|p1a: Rayquaza|Air Lock
|move|p2a: Darmanitan|Flare Blitz|p1a: Rayquaza
|-resisted|p1a: Rayquaza
|-damage|p1a: Rayquaza|65/100
|-damage|p2a: Darmanitan|61/100|[from] Recoil
|
|upkeep
|turn|21
|inactive|fatfighter2 has 180 seconds left.
|
|t:|1667155001
|switch|p2a: Landorus|Landorus-Therian, M|73/100
|-damage|p2a: Landorus|61/100|[from] Stealth Rock
|-ability|p2a: Landorus|Intimidate|boost
|-unboost|p1a: Rayquaza|atk|1
|switch|p1a: Kyogre|Kyogre|100/100
|-weather|RainDance|[from] ability: Drizzle|[of] p1a: Kyogre
|
|-weather|RainDance|[upkeep]
|upkeep
|turn|22
|inactive|fatfighter2 has 150 seconds left.
|
|t:|1667155046
|switch|p2a: Kyogre|Kyogre|100/100
|-damage|p2a: Kyogre|88/100|[from] Stealth Rock
|move|p1a: Kyogre|Water Spout|p2a: Kyogre
|-resisted|p2a: Kyogre
|-damage|p2a: Kyogre|42/100
|
|-weather|RainDance|[upkeep]
|upkeep
|turn|23
|
|t:|1667155053
|move|p1a: Kyogre|Water Spout|p2a: Kyogre
|-resisted|p2a: Kyogre
|-damage|p2a: Kyogre|0 fnt
|faint|p2a: Kyogre
|
|-weather|RainDance|[upkeep]
|upkeep
|inactive|fatfighter2 has 120 seconds left.
|inactive|fatfighter2 has 90 seconds left.
|inactive|fatfighter2 has 60 seconds left.
|
|t:|1667155155
|switch|p2a: Darmanitan|Darmanitan-Galar, F|61/100
|-damage|p2a: Darmanitan|36/100|[from] Stealth Rock
|turn|24
|inactive|King Billu has 210 seconds left.
|
|t:|1667155173
|switch|p1a: Ferrothorn|Ferrothorn, M|97/100
|move|p2a: Darmanitan|U-turn|p1a: Ferrothorn
|-damage|p1a: Ferrothorn|68/100
|-damage|p2a: Darmanitan|24/100|[from] ability: Iron Barbs|[of] p1a: Ferrothorn
|inactive|fatfighter2 has 30 seconds left.
|
|t:|1667155199
|switch|p2a: Landorus|Landorus-Therian, M|61/100|[from]move: U-turn
|-damage|p2a: Landorus|49/100|[from] Stealth Rock
|-ability|p2a: Landorus|Intimidate|boost
|-unboost|p1a: Ferrothorn|atk|1
|
|-weather|RainDance|[upkeep]
|-heal|p1a: Ferrothorn|74/100|[from] item: Leftovers
|upkeep
|turn|25
|inactive|King Billu has 210 seconds left.
|
|t:|1667155210
|move|p2a: Landorus|Defog|p1a: Ferrothorn
|-unboost|p1a: Ferrothorn|evasion|1
|-sideend|p2: fatfighter2|Stealth Rock|[from] move: Defog|[of] p2a: Landorus
|move|p1a: Ferrothorn|Leech Seed|p2a: Landorus
|-start|p2a: Landorus|move: Leech Seed
|
|-weather|none
|-heal|p1a: Ferrothorn|80/100|[from] item: Leftovers
|-damage|p2a: Landorus|36/100|[from] Leech Seed|[of] p1a: Ferrothorn
|-heal|p1a: Ferrothorn|94/100|[silent]
|upkeep
|turn|26
|inactive|King Billu has 210 seconds left.
|
|t:|1667155230
|switch|p2a: Eternatus|Eternatus|82/100 brn
|-ability|p2a: Eternatus|Pressure
|move|p1a: Ferrothorn|Knock Off|p2a: Eternatus
|-damage|p2a: Eternatus|72/100 brn
|-enditem|p2a: Eternatus|Flame Orb|[from] move: Knock Off|[of] p1a: Ferrothorn
|
|-heal|p1a: Ferrothorn|99/100|[from] item: Leftovers
|-damage|p2a: Eternatus|66/100 brn|[from] brn
|upkeep
|turn|27
|inactive|King Billu has 210 seconds left.
|
|t:|1667155252
|move|p2a: Eternatus|Mystical Fire|p1a: Ferrothorn
|-supereffective|p1a: Ferrothorn
|-damage|p1a: Ferrothorn|44/100
|-unboost|p1a: Ferrothorn|spa|1
|move|p1a: Ferrothorn|Knock Off|p2a: Eternatus
|-damage|p2a: Eternatus|59/100 brn
|
|-heal|p1a: Ferrothorn|50/100|[from] item: Leftovers
|-damage|p2a: Eternatus|53/100 brn|[from] brn
|upkeep
|turn|28
|inactive|King Billu has 180 seconds left.
|inactive|fatfighter2 has 30 seconds left.
|inactive|King Billu has 150 seconds left.
|inactive|fatfighter2 has 20 seconds left.
|inactive|fatfighter2 has 15 seconds left.
|
|t:|1667155317
|switch|p1a: Necrozma|Necrozma-Dusk-Mane|11/100
|move|p2a: Eternatus|Mystical Fire|p1a: Necrozma
|-supereffective|p1a: Necrozma
|-damage|p1a: Necrozma|0 fnt
|faint|p1a: Necrozma
|
|-damage|p2a: Eternatus|47/100 brn|[from] brn
|upkeep
|inactive|fatfighter2 has 20 seconds left this turn.
|inactive|King Billu has 150 seconds left.
|
|t:|1667155326
|switch|p1a: Kyogre|Kyogre|100/100
|-weather|RainDance|[from] ability: Drizzle|[of] p1a: Kyogre
|turn|29
|inactive|fatfighter2 has 30 seconds left this turn.
|
|t:|1667155331
|move|p1a: Kyogre|Ice Beam|p2a: Eternatus
|-supereffective|p2a: Eternatus
|-damage|p2a: Eternatus|4/100 brn
|move|p2a: Eternatus|Recover|p2a: Eternatus
|-heal|p2a: Eternatus|54/100 brn
|
|-weather|RainDance|[upkeep]
|-damage|p2a: Eternatus|48/100 brn|[from] brn
|upkeep
|turn|30
|
|t:|1667155337
|switch|p2a: Necrozma|Necrozma-Dusk-Mane|100/100
|move|p1a: Kyogre|Ice Beam|p2a: Necrozma
|-resisted|p2a: Necrozma
|-damage|p2a: Necrozma|90/100
|
|-weather|RainDance|[upkeep]
|-heal|p2a: Necrozma|96/100|[from] item: Leftovers
|upkeep
|turn|31
|inactive|fatfighter2 has 30 seconds left.
|
|t:|1667155352
|switch|p1a: Ferrothorn|Ferrothorn, M|50/100
|move|p2a: Necrozma|Thunder Wave|p1a: Ferrothorn
|-status|p1a: Ferrothorn|par
|
|-weather|RainDance|[upkeep]
|-heal|p2a: Necrozma|100/100|[from] item: Leftovers
|-heal|p1a: Ferrothorn|57/100 par|[from] item: Leftovers
|upkeep
|turn|32
|
|t:|1667155359
|switch|p2a: Eternatus|Eternatus|48/100 brn
|-ability|p2a: Eternatus|Pressure
|move|p1a: Ferrothorn|Stealth Rock|p2a: Eternatus
|-sidestart|p2: fatfighter2|move: Stealth Rock
|
|-weather|RainDance|[upkeep]
|-heal|p1a: Ferrothorn|63/100 par|[from] item: Leftovers
|-damage|p2a: Eternatus|42/100 brn|[from] brn
|upkeep
|turn|33
|inactive|King Billu has 180 seconds left.
|
|t:|1667155368
|move|p2a: Eternatus|Recover|p2a: Eternatus
|-heal|p2a: Eternatus|92/100 brn
|move|p1a: Ferrothorn|Leech Seed|p2a: Eternatus
|-start|p2a: Eternatus|move: Leech Seed
|
|-weather|none
|-heal|p1a: Ferrothorn|69/100 par|[from] item: Leftovers
|-damage|p2a: Eternatus|80/100 brn|[from] Leech Seed|[of] p1a: Ferrothorn
|-heal|p1a: Ferrothorn|86/100 par|[silent]
|-damage|p2a: Eternatus|74/100 brn|[from] brn
|upkeep
|turn|34
|inactive|King Billu has 180 seconds left.
|
|t:|1667155398
|switch|p1a: Kyogre|Kyogre|100/100
|-weather|RainDance|[from] ability: Drizzle|[of] p1a: Kyogre
|move|p2a: Eternatus|Dynamax Cannon|p1a: Kyogre
|-damage|p1a: Kyogre|68/100
|
|-weather|RainDance|[upkeep]
|-damage|p2a: Eternatus|61/100 brn|[from] Leech Seed|[of] p1a: Kyogre
|-heal|p1a: Kyogre|85/100|[silent]
|-damage|p2a: Eternatus|55/100 brn|[from] brn
|upkeep
|turn|35
|inactive|fatfighter2 has 30 seconds left.
|inactive|fatfighter2 has 20 seconds left.
|inactive|fatfighter2 has 15 seconds left.
|inactive|fatfighter2 has 10 seconds left.
|
|t:|1667155434
|switch|p2a: Darmanitan|Darmanitan-Galar, F|24/100
|-damage|p2a: Darmanitan|0 fnt|[from] Stealth Rock
|faint|p2a: Darmanitan
|move|p1a: Kyogre|Water Spout|p2: Darmanitan|[notarget]
|-fail|p1a: Kyogre
|
|-weather|RainDance|[upkeep]
|upkeep
|inactive|fatfighter2 has 15 seconds left this turn.
|
|t:|1667155438
|switch|p2a: Eternatus|Eternatus|55/100 brn
|-damage|p2a: Eternatus|43/100 brn|[from] Stealth Rock
|-ability|p2a: Eternatus|Pressure
|turn|36
|inactive|fatfighter2 has 25 seconds left this turn.
|inactive|King Billu has 180 seconds left.
|inactive|King Billu has 150 seconds left.
|
|t:|1667155475
|switch|p1a: Ferrothorn|Ferrothorn, M|86/100 par
|move|p2a: Eternatus|Recover|p2a: Eternatus
|-heal|p2a: Eternatus|93/100 brn
|
|-weather|RainDance|[upkeep]
|-heal|p1a: Ferrothorn|92/100 par|[from] item: Leftovers
|-damage|p2a: Eternatus|87/100 brn|[from] brn
|upkeep
|turn|37
|inactive|fatfighter2 has 30 seconds left.
|
|t:|1667155482
|move|p2a: Eternatus|Mystical Fire|p1a: Ferrothorn
|-supereffective|p1a: Ferrothorn
|-damage|p1a: Ferrothorn|63/100 par
|-unboost|p1a: Ferrothorn|spa|1
|move|p1a: Ferrothorn|Leech Seed|p2a: Eternatus
|-start|p2a: Eternatus|move: Leech Seed
|
|-weather|RainDance|[upkeep]
|-heal|p1a: Ferrothorn|69/100 par|[from] item: Leftovers
|-damage|p2a: Eternatus|75/100 brn|[from] Leech Seed|[of] p1a: Ferrothorn
|-heal|p1a: Ferrothorn|86/100 par|[silent]
|-damage|p2a: Eternatus|69/100 brn|[from] brn
|upkeep
|turn|38
|inactive|fatfighter2 has 30 seconds left.
|
|t:|1667155495
|switch|p1a: Kyogre|Kyogre|85/100
|move|p2a: Eternatus|Recover|p2a: Eternatus
|-heal|p2a: Eternatus|100/100 brn
|
|-weather|none
|-damage|p2a: Eternatus|88/100 brn|[from] Leech Seed|[of] p1a: Kyogre
|-heal|p1a: Kyogre|100/100|[silent]
|-damage|p2a: Eternatus|82/100 brn|[from] brn
|upkeep
|turn|39
|
|t:|1667155502
|switch|p2a: Necrozma|Necrozma-Dusk-Mane|100/100
|-damage|p2a: Necrozma|94/100|[from] Stealth Rock
|move|p1a: Kyogre|Ice Beam|p2a: Necrozma
|-resisted|p2a: Necrozma
|-damage|p2a: Necrozma|84/100
|
|-heal|p2a: Necrozma|90/100|[from] item: Leftovers
|upkeep
|turn|40
|inactive|fatfighter2 has 30 seconds left.
|
|t:|1667155526
|switch|p1a: Ferrothorn|Ferrothorn, M|86/100 par
|switch|p2a: Eternatus|Eternatus|82/100 brn
|-damage|p2a: Eternatus|70/100 brn|[from] Stealth Rock
|-ability|p2a: Eternatus|Pressure
|
|-heal|p1a: Ferrothorn|92/100 par|[from] item: Leftovers
|-damage|p2a: Eternatus|64/100 brn|[from] brn
|upkeep
|turn|41
|
|t:|1667155546
|move|p2a: Eternatus|Mystical Fire|p1a: Ferrothorn
|-supereffective|p1a: Ferrothorn
|-damage|p1a: Ferrothorn|28/100 par
|-unboost|p1a: Ferrothorn|spa|1
|move|p1a: Ferrothorn|Leech Seed|p2a: Eternatus
|-start|p2a: Eternatus|move: Leech Seed
|
|-heal|p1a: Ferrothorn|35/100 par|[from] item: Leftovers
|-damage|p2a: Eternatus|51/100 brn|[from] Leech Seed|[of] p1a: Ferrothorn
|-heal|p1a: Ferrothorn|51/100 par|[silent]
|-damage|p2a: Eternatus|45/100 brn|[from] brn
|upkeep
|turn|42
|inactive|fatfighter2 has 30 seconds left.
|inactive|fatfighter2 has 20 seconds left.
|inactive|fatfighter2 has 15 seconds left.
|
|t:|1667155580
|switch|p1a: Kyogre|Kyogre|100/100
|-weather|RainDance|[from] ability: Drizzle|[of] p1a: Kyogre
|move|p2a: Eternatus|Recover|p2a: Eternatus
|-heal|p2a: Eternatus|95/100 brn
|
|-weather|RainDance|[upkeep]
|-damage|p2a: Eternatus|83/100 brn|[from] Leech Seed|[of] p1a: Kyogre
|-damage|p2a: Eternatus|77/100 brn|[from] brn
|upkeep
|turn|43
|inactive|fatfighter2 has 25 seconds left this turn.
|inactive|fatfighter2 has 20 seconds left.
|inactive|fatfighter2 has 15 seconds left.
|
|t:|1667155595
|move|p1a: Kyogre|Ice Beam|p2a: Eternatus
|-supereffective|p2a: Eternatus
|-damage|p2a: Eternatus|34/100 brn
|move|p2a: Eternatus|Recover|p2a: Eternatus
|-heal|p2a: Eternatus|84/100 brn
|
|-weather|RainDance|[upkeep]
|-damage|p2a: Eternatus|72/100 brn|[from] Leech Seed|[of] p1a: Kyogre
|-damage|p2a: Eternatus|66/100 brn|[from] brn
|upkeep
|turn|44
|inactive|fatfighter2 has 25 seconds left this turn.
|inactive|King Billu has 150 seconds left.
|
|t:|1667155612
|switch|p2a: Necrozma|Necrozma-Dusk-Mane|90/100
|-damage|p2a: Necrozma|84/100|[from] Stealth Rock
|move|p1a: Kyogre|Ice Beam|p2a: Necrozma
|-resisted|p2a: Necrozma
|-damage|p2a: Necrozma|74/100
|
|-weather|RainDance|[upkeep]
|-heal|p2a: Necrozma|80/100|[from] item: Leftovers
|upkeep
|turn|45
|inactive|fatfighter2 has 30 seconds left.
|
|t:|1667155626
|switch|p1a: Ferrothorn|Ferrothorn, M|51/100 par
|move|p2a: Necrozma|Iron Head|p1a: Ferrothorn
|-resisted|p1a: Ferrothorn
|-damage|p1a: Ferrothorn|35/100 par
|-damage|p2a: Necrozma|68/100|[from] ability: Iron Barbs|[of] p1a: Ferrothorn
|
|-weather|RainDance|[upkeep]
|-heal|p2a: Necrozma|74/100|[from] item: Leftovers
|-heal|p1a: Ferrothorn|41/100 par|[from] item: Leftovers
|upkeep
|turn|46
|inactive|fatfighter2 has 30 seconds left.
|
|t:|1667155636
|switch|p2a: Eternatus|Eternatus|66/100 brn
|-damage|p2a: Eternatus|54/100 brn|[from] Stealth Rock
|-ability|p2a: Eternatus|Pressure
|move|p1a: Ferrothorn|Leech Seed|p2a: Eternatus
|-start|p2a: Eternatus|move: Leech Seed
|
|-weather|none
|-heal|p1a: Ferrothorn|48/100 par|[from] item: Leftovers
|-damage|p2a: Eternatus|41/100 brn|[from] Leech Seed|[of] p1a: Ferrothorn
|-heal|p1a: Ferrothorn|64/100 par|[silent]
|-damage|p2a: Eternatus|35/100 brn|[from] brn
|upkeep
|turn|47
|
|t:|1667155645
|switch|p1a: Kyogre|Kyogre|100/100
|-weather|RainDance|[from] ability: Drizzle|[of] p1a: Kyogre
|move|p2a: Eternatus|Recover|p2a: Eternatus
|-heal|p2a: Eternatus|85/100 brn
|
|-weather|RainDance|[upkeep]
|-damage|p2a: Eternatus|73/100 brn|[from] Leech Seed|[of] p1a: Kyogre
|-damage|p2a: Eternatus|67/100 brn|[from] brn
|upkeep
|turn|48
|
|t:|1667155659
|move|p1a: Kyogre|Ice Beam|p2a: Eternatus
|-supereffective|p2a: Eternatus
|-damage|p2a: Eternatus|28/100 brn
|move|p2a: Eternatus|Recover|p2a: Eternatus
|-heal|p2a: Eternatus|79/100 brn
|
|-weather|RainDance|[upkeep]
|-damage|p2a: Eternatus|66/100 brn|[from] Leech Seed|[of] p1a: Kyogre
|-damage|p2a: Eternatus|60/100 brn|[from] brn
|upkeep
|turn|49
|inactive|King Billu has 180 seconds left.
|
|t:|1667155666
|switch|p2a: Necrozma|Necrozma-Dusk-Mane|74/100
|-damage|p2a: Necrozma|68/100|[from] Stealth Rock
|move|p1a: Kyogre|Ice Beam|p2a: Necrozma
|-resisted|p2a: Necrozma
|-damage|p2a: Necrozma|58/100
|
|-weather|RainDance|[upkeep]
|-heal|p2a: Necrozma|64/100|[from] item: Leftovers
|upkeep
|turn|50
|
|t:|1667155690
|switch|p1a: Ferrothorn|Ferrothorn, M|64/100 par
|move|p2a: Necrozma|Morning Sun|p2a: Necrozma
|-heal|p2a: Necrozma|89/100
|
|-weather|RainDance|[upkeep]
|-heal|p2a: Necrozma|95/100|[from] item: Leftovers
|-heal|p1a: Ferrothorn|71/100 par|[from] item: Leftovers
|upkeep
|turn|51
|inactive|fatfighter2 has 30 seconds left.
|
|t:|1667155707
|move|p2a: Necrozma|Iron Head|p1a: Ferrothorn
|-resisted|p1a: Ferrothorn
|-damage|p1a: Ferrothorn|56/100 par
|-damage|p2a: Necrozma|83/100|[from] ability: Iron Barbs|[of] p1a: Ferrothorn
|cant|p1a: Ferrothorn|par
|
|-weather|none
|-heal|p2a: Necrozma|89/100|[from] item: Leftovers
|-heal|p1a: Ferrothorn|62/100 par|[from] item: Leftovers
|upkeep
|turn|52
|
|t:|1667155715
|move|p2a: Necrozma|Iron Head|p1a: Ferrothorn
|-resisted|p1a: Ferrothorn
|-damage|p1a: Ferrothorn|47/100 par
|-damage|p2a: Necrozma|76/100|[from] ability: Iron Barbs|[of] p1a: Ferrothorn
|move|p1a: Ferrothorn|Leech Seed|p2a: Necrozma
|-start|p2a: Necrozma|move: Leech Seed
|
|-heal|p2a: Necrozma|82/100|[from] item: Leftovers
|-heal|p1a: Ferrothorn|53/100 par|[from] item: Leftovers
|-damage|p2a: Necrozma|70/100|[from] Leech Seed|[of] p1a: Ferrothorn
|-heal|p1a: Ferrothorn|67/100 par|[silent]
|upkeep
|turn|53
|
|t:|1667155722
|switch|p2a: Landorus|Landorus-Therian, M|36/100
|-damage|p2a: Landorus|24/100|[from] Stealth Rock
|-ability|p2a: Landorus|Intimidate|boost
|-unboost|p1a: Ferrothorn|atk|1
|move|p1a: Ferrothorn|Leech Seed|p2a: Landorus
|-start|p2a: Landorus|move: Leech Seed
|
|-heal|p1a: Ferrothorn|74/100 par|[from] item: Leftovers
|-damage|p2a: Landorus|12/100|[from] Leech Seed|[of] p1a: Ferrothorn
|-heal|p1a: Ferrothorn|87/100 par|[silent]
|upkeep
|turn|54
|
|t:|1667155729
|switch|p2a: Eternatus|Eternatus|60/100 brn
|-damage|p2a: Eternatus|48/100 brn|[from] Stealth Rock
|-ability|p2a: Eternatus|Pressure
|move|p1a: Ferrothorn|Stealth Rock||[still]
|-fail|p1a: Ferrothorn
|
|-heal|p1a: Ferrothorn|93/100 par|[from] item: Leftovers
|-damage|p2a: Eternatus|42/100 brn|[from] brn
|upkeep
|turn|55
|
|t:|1667155734
|move|p2a: Eternatus|Recover|p2a: Eternatus
|-heal|p2a: Eternatus|92/100 brn
|move|p1a: Ferrothorn|Leech Seed|p2a: Eternatus
|-start|p2a: Eternatus|move: Leech Seed
|
|-heal|p1a: Ferrothorn|99/100 par|[from] item: Leftovers
|-damage|p2a: Eternatus|80/100 brn|[from] Leech Seed|[of] p1a: Ferrothorn
|-heal|p1a: Ferrothorn|100/100 par|[silent]
|-damage|p2a: Eternatus|74/100 brn|[from] brn
|upkeep
|turn|56
|
|t:|1667155742
|switch|p1a: Kyogre|Kyogre|100/100
|-weather|RainDance|[from] ability: Drizzle|[of] p1a: Kyogre
|move|p2a: Eternatus|Mystical Fire|p1a: Kyogre
|-resisted|p1a: Kyogre
|-damage|p1a: Kyogre|96/100
|-unboost|p1a: Kyogre|spa|1
|
|-weather|RainDance|[upkeep]
|-damage|p2a: Eternatus|61/100 brn|[from] Leech Seed|[of] p1a: Kyogre
|-heal|p1a: Kyogre|100/100|[silent]
|-damage|p2a: Eternatus|55/100 brn|[from] brn
|upkeep
|turn|57
|inactive|King Billu has 240 seconds left.
|
|t:|1667155763
|switch|p1a: Ferrothorn|Ferrothorn, M|100/100 par
|move|p2a: Eternatus|Recover|p2a: Eternatus
|-heal|p2a: Eternatus|100/100 brn
|
|-weather|RainDance|[upkeep]
|-damage|p2a: Eternatus|88/100 brn|[from] Leech Seed|[of] p1a: Ferrothorn
|-damage|p2a: Eternatus|82/100 brn|[from] brn
|upkeep
|turn|58
|inactive|fatfighter2 has 60 seconds left.
|
|t:|1667155804
|switch|p2a: Necrozma|Necrozma-Dusk-Mane|70/100
|-damage|p2a: Necrozma|64/100|[from] Stealth Rock
|switch|p1a: Kyogre|Kyogre|100/100
|
|-weather|RainDance|[upkeep]
|-heal|p2a: Necrozma|70/100|[from] item: Leftovers
|upkeep
|turn|59
|
|t:|1667155819
|switch|p2a: Landorus|Landorus-Therian, M|12/100
|-damage|p2a: Landorus|0 fnt|[from] Stealth Rock
|faint|p2a: Landorus
|move|p1a: Kyogre|Water Spout|p2: Landorus|[notarget]
|-fail|p1a: Kyogre
|
|-weather|RainDance|[upkeep]
|upkeep
|
|t:|1667155821
|switch|p2a: Eternatus|Eternatus|82/100 brn
|-damage|p2a: Eternatus|70/100 brn|[from] Stealth Rock
|-ability|p2a: Eternatus|Pressure
|turn|60
|
|t:|1667155830
|switch|p1a: Ferrothorn|Ferrothorn, M|100/100 par
|move|p2a: Eternatus|Recover|p2a: Eternatus
|-heal|p2a: Eternatus|100/100 brn
|
|-weather|none
|-damage|p2a: Eternatus|94/100 brn|[from] brn
|upkeep
|turn|61
|
|t:|1667155837
|move|p2a: Eternatus|Mystical Fire|p1a: Ferrothorn
|-supereffective|p1a: Ferrothorn
|-damage|p1a: Ferrothorn|44/100 par
|-unboost|p1a: Ferrothorn|spa|1
|move|p1a: Ferrothorn|Leech Seed|p2a: Eternatus
|-start|p2a: Eternatus|move: Leech Seed
|
|-heal|p1a: Ferrothorn|50/100 par|[from] item: Leftovers
|-damage|p2a: Eternatus|82/100 brn|[from] Leech Seed|[of] p1a: Ferrothorn
|-heal|p1a: Ferrothorn|67/100 par|[silent]
|-damage|p2a: Eternatus|76/100 brn|[from] brn
|upkeep
|turn|62
|inactive|King Billu has 240 seconds left.
|inactive|fatfighter2 has 60 seconds left.
|
|t:|1667155853
|move|p2a: Eternatus|Mystical Fire|p1a: Ferrothorn
|-supereffective|p1a: Ferrothorn
|-damage|p1a: Ferrothorn|3/100 par
|-unboost|p1a: Ferrothorn|spa|1
|move|p1a: Ferrothorn|Knock Off|p2a: Eternatus
|-damage|p2a: Eternatus|66/100 brn
|
|-heal|p1a: Ferrothorn|9/100 par|[from] item: Leftovers
|-damage|p2a: Eternatus|53/100 brn|[from] Leech Seed|[of] p1a: Ferrothorn
|-heal|p1a: Ferrothorn|26/100 par|[silent]
|-damage|p2a: Eternatus|47/100 brn|[from] brn
|upkeep
|turn|63
|inactive|King Billu has 240 seconds left.
|inactive|fatfighter2 has 60 seconds left.
|
|t:|1667155860
|switch|p1a: Kyogre|Kyogre|100/100
|-weather|RainDance|[from] ability: Drizzle|[of] p1a: Kyogre
|move|p2a: Eternatus|Recover|p2a: Eternatus
|-heal|p2a: Eternatus|97/100 brn
|
|-weather|RainDance|[upkeep]
|-damage|p2a: Eternatus|85/100 brn|[from] Leech Seed|[of] p1a: Kyogre
|-damage|p2a: Eternatus|79/100 brn|[from] brn
|upkeep
|turn|64
|inactive|King Billu has 240 seconds left.
|inactive|fatfighter2 has 60 seconds left.
|
|t:|1667155873
|switch|p2a: Necrozma|Necrozma-Dusk-Mane|70/100
|-damage|p2a: Necrozma|64/100|[from] Stealth Rock
|move|p1a: Kyogre|Ice Beam|p2a: Necrozma
|-resisted|p2a: Necrozma
|-damage|p2a: Necrozma|52/100
|-status|p2a: Necrozma|frz
|
|-weather|RainDance|[upkeep]
|-heal|p2a: Necrozma|58/100 frz|[from] item: Leftovers
|upkeep
|turn|65
|c|☆King Billu|mb
|
|t:|1667155880
|switch|p1a: Rayquaza|Rayquaza|65/100
|-ability|p1a: Rayquaza|Air Lock
|-curestatus|p2a: Necrozma|frz|[msg]
|move|p2a: Necrozma|Thunder Wave|p1a: Rayquaza
|-status|p1a: Rayquaza|par
|
|-weather|RainDance|[upkeep]
|-heal|p2a: Necrozma|64/100|[from] item: Leftovers
|upkeep
|turn|66
|c|+Highlord|.
|c|☆King Billu|thats an L
|inactive|King Billu has 240 seconds left.
|
|t:|1667155911
|move|p2a: Necrozma|Iron Head|p1a: Rayquaza
|-damage|p1a: Rayquaza|25/100 par
|cant|p1a: Rayquaza|flinch
|
|-weather|RainDance|[upkeep]
|-heal|p2a: Necrozma|71/100|[from] item: Leftovers
|upkeep
|turn|67
|
|t:|1667155917
|switch|p1a: Kyogre|Kyogre|100/100
|move|p2a: Necrozma|Iron Head|p1a: Kyogre
|-resisted|p1a: Kyogre
|-damage|p1a: Kyogre|79/100
|
|-weather|none
|-heal|p2a: Necrozma|77/100|[from] item: Leftovers
|upkeep
|turn|68
|inactive|King Billu has 240 seconds left.
|
|t:|1667155928
|switch|p1a: Ferrothorn|Ferrothorn, M|26/100 par
|move|p2a: Necrozma|Morning Sun|p2a: Necrozma
|-heal|p2a: Necrozma|100/100
|
|-heal|p1a: Ferrothorn|32/100 par|[from] item: Leftovers
|upkeep
|turn|69
|inactive|King Billu has 240 seconds left.
|
|t:|1667155935
|move|p2a: Necrozma|Iron Head|p1a: Ferrothorn
|-resisted|p1a: Ferrothorn
|-damage|p1a: Ferrothorn|16/100 par
|-damage|p2a: Necrozma|88/100|[from] ability: Iron Barbs|[of] p1a: Ferrothorn
|cant|p1a: Ferrothorn|par
|
|-heal|p2a: Necrozma|94/100|[from] item: Leftovers
|-heal|p1a: Ferrothorn|22/100 par|[from] item: Leftovers
|upkeep
|turn|70
|
|t:|1667155944
|move|p2a: Necrozma|Iron Head|p1a: Ferrothorn
|-resisted|p1a: Ferrothorn
|-damage|p1a: Ferrothorn|5/100 par
|-damage|p2a: Necrozma|82/100|[from] ability: Iron Barbs|[of] p1a: Ferrothorn
|cant|p1a: Ferrothorn|par
|
|-heal|p2a: Necrozma|88/100|[from] item: Leftovers
|-heal|p1a: Ferrothorn|12/100 par|[from] item: Leftovers
|upkeep
|turn|71
|
|t:|1667155952
|switch|p1a: Kyogre|Kyogre|79/100
|-weather|RainDance|[from] ability: Drizzle|[of] p1a: Kyogre
|move|p2a: Necrozma|Iron Head|p1a: Kyogre
|-resisted|p1a: Kyogre
|-damage|p1a: Kyogre|56/100
|
|-weather|RainDance|[upkeep]
|-heal|p2a: Necrozma|94/100|[from] item: Leftovers
|upkeep
|turn|72
|
|t:|1667155963
|move|p1a: Kyogre|Origin Pulse|p2a: Necrozma
|-damage|p2a: Necrozma|32/100
|move|p2a: Necrozma|Thunder Wave|p1a: Kyogre
|-status|p1a: Kyogre|par
|
|-weather|RainDance|[upkeep]
|-heal|p2a: Necrozma|38/100|[from] item: Leftovers
|upkeep
|turn|73
|
|t:|1667155968
|move|p1a: Kyogre|Origin Pulse|p2a: Necrozma
|-damage|p2a: Necrozma|0 fnt
|faint|p2a: Necrozma
|
|-weather|RainDance|[upkeep]
|upkeep
|
|t:|1667155970
|switch|p2a: Eternatus|Eternatus|79/100 brn
|-damage|p2a: Eternatus|67/100 brn|[from] Stealth Rock
|-ability|p2a: Eternatus|Pressure
|turn|74
|
|t:|1667155981
|switch|p1a: Ferrothorn|Ferrothorn, M|12/100 par
|move|p2a: Eternatus|Dynamax Cannon|p1a: Ferrothorn
|-resisted|p1a: Ferrothorn
|-damage|p1a: Ferrothorn|0 fnt
|faint|p1a: Ferrothorn
|
|-weather|RainDance|[upkeep]
|-damage|p2a: Eternatus|61/100 brn|[from] brn
|upkeep
|
|t:|1667155987
|switch|p1a: Kyogre|Kyogre|56/100 par
|turn|75
|
|t:|1667155995
|move|p2a: Eternatus|Recover|p2a: Eternatus
|-heal|p2a: Eternatus|100/100 brn
|move|p1a: Kyogre|Ice Beam|p2a: Eternatus
|-supereffective|p2a: Eternatus
|-crit|p2a: Eternatus
|-damage|p2a: Eternatus|40/100 brn
|
|-weather|none
|-damage|p2a: Eternatus|34/100 brn|[from] brn
|upkeep
|turn|76
|
|t:|1667156004
|move|p2a: Eternatus|Recover|p2a: Eternatus
|-heal|p2a: Eternatus|84/100 brn
|cant|p1a: Kyogre|par
|
|-damage|p2a: Eternatus|78/100 brn|[from] brn
|upkeep
|turn|77
|inactive|fatfighter2 has 150 seconds left.
|
|t:|1667156016
|move|p2a: Eternatus|Dynamax Cannon|p1a: Kyogre
|-damage|p1a: Kyogre|18/100 par
|move|p1a: Kyogre|Ice Beam|p2a: Eternatus
|-supereffective|p2a: Eternatus
|-damage|p2a: Eternatus|41/100 brn
|
|-damage|p2a: Eternatus|35/100 brn|[from] brn
|upkeep
|turn|78
|
|t:|1667156025
|move|p2a: Eternatus|Recover|p2a: Eternatus
|-heal|p2a: Eternatus|85/100 brn
|cant|p1a: Kyogre|par
|
|-damage|p2a: Eternatus|79/100 brn|[from] brn
|upkeep
|turn|79
|
|t:|1667156041
|move|p2a: Eternatus|Dynamax Cannon|p1a: Kyogre
|-damage|p1a: Kyogre|0 fnt
|faint|p1a: Kyogre
|
|-damage|p2a: Eternatus|73/100 brn|[from] brn
|upkeep
|
|t:|1667156043
|switch|p1a: Rayquaza|Rayquaza|25/100 par
|-ability|p1a: Rayquaza|Air Lock
|turn|80
|
|t:|1667156048
|move|p1a: Rayquaza|Extreme Speed|p2a: Eternatus
|-damage|p2a: Eternatus|38/100 brn
|move|p2a: Eternatus|Dynamax Cannon|p1a: Rayquaza
|-supereffective|p1a: Rayquaza
|-damage|p1a: Rayquaza|0 fnt
|faint|p1a: Rayquaza
|
|win|fatfighter2
|c|☆fatfighter2|gg
|c|☆King Billu|gg
|player|p2|fatfighter2|#uplxdurians
