|inactive|Battle timer is ON: inactive players will automatically lose when time's up.
|t:|1667769416
|gametype|singles
|player|p1|M Dragon|265|
|player|p2|RichardMillePlain|lucas|
|teamsize|p1|6
|teamsize|p2|6
|gen|8
|tier|[Gen 8] Ubers
|rule|Sleep Clause Mod: Limit one foe put to sleep
|rule|Species Clause: Limit one of each Pokémon
|rule|OHKO Clause: OHKO moves are banned
|rule|Evasion Items Clause: Evasion items are banned
|rule|Evasion Moves Clause: Evasion moves are banned
|rule|Endless Battle Clause: Forcing endless battles is banned
|rule|HP Percentage Mod: HP is shown in percentages
|rule|Dynamax Clause: You cannot dynamax
|clearpoke
|poke|p1|Groudon|
|poke|p1|Calyrex-Shadow|
|poke|p1|Yveltal|
|poke|p1|Eternatus|
|poke|p1|Necrozma-Dusk-Mane|
|poke|p1|Xerneas-*|
|poke|p2|Zekrom|
|poke|p2|Calyrex-Shadow|
|poke|p2|Eternatus|
|poke|p2|Necrozma-Dusk-Mane|
|poke|p2|Yveltal|
|poke|p2|Landorus-Therian, M|
|teampreview
|c|☆RichardMillePlain|hf
|c|☆M Dragon|=
|inactive|M Dragon has 270 seconds left.
|inactive|RichardMillePlain has 270 seconds left.
|
|t:|1667769457
|start
|switch|p1a: Yveltal|Yveltal|100/100
|switch|p2a: Necrozma|Necrozma-Dusk-Mane|100/100
|-ability|p1a: Yveltal|Dark Aura
|turn|1
|c|+Inder|Allez mon kho
|c|+Inder|faut concrétiser 
|
|t:|1667769471
|switch|p2a: Eternatus|Eternatus|100/100
|-ability|p2a: Eternatus|Pressure
|move|p1a: Yveltal|Knock Off|p2a: Eternatus
|-damage|p2a: Eternatus|55/100
|-enditem|p2a: Eternatus|Heavy-Duty Boots|[from] move: Knock Off|[of] p1a: Yveltal
|
|upkeep
|turn|2
|
|t:|1667769477
|switch|p2a: Landorus|Landorus-Therian, M|100/100
|-ability|p2a: Landorus|Intimidate|boost
|-unboost|p1a: Yveltal|atk|1
|switch|p1a: Necrozma|Necrozma-Dusk-Mane|100/100
|
|upkeep
|turn|3
|c|+ILoveMashing❤|vamos
|
|t:|1667769481
|move|p2a: Landorus|Stealth Rock|p1a: Necrozma
|-sidestart|p1: M Dragon|move: Stealth Rock
|move|p1a: Necrozma|Stealth Rock|p2a: Landorus
|-sidestart|p2: RichardMillePlain|move: Stealth Rock
|
|upkeep
|turn|4
|
|t:|1667769490
|move|p2a: Landorus|Earthquake|p1a: Necrozma
|-supereffective|p1a: Necrozma
|-damage|p1a: Necrozma|55/100
|move|p1a: Necrozma|Iron Head|p2a: Landorus
|-damage|p2a: Landorus|70/100
|
|-heal|p2a: Landorus|76/100|[from] item: Leftovers
|-heal|p1a: Necrozma|61/100|[from] item: Leftovers
|upkeep
|turn|5
|
|t:|1667769496
|move|p2a: Landorus|Earthquake|p1a: Necrozma
|-supereffective|p1a: Necrozma
|-damage|p1a: Necrozma|17/100
|move|p1a: Necrozma|Moonlight|p1a: Necrozma
|-heal|p1a: Necrozma|67/100
|
|-heal|p2a: Landorus|82/100|[from] item: Leftovers
|-heal|p1a: Necrozma|73/100|[from] item: Leftovers
|upkeep
|turn|6
|
|t:|1667769499
|switch|p1a: Yveltal|Yveltal|100/100
|-ability|p1a: Yveltal|Dark Aura
|move|p2a: Landorus|Earthquake|p1a: Yveltal
|-immune|p1a: Yveltal
|
|-heal|p2a: Landorus|88/100|[from] item: Leftovers
|upkeep
|turn|7
|c|+Inder|are u rooting for team France mashing
|
|t:|1667769503
|move|p1a: Yveltal|Knock Off|p2a: Landorus
|-damage|p2a: Landorus|50/100
|-enditem|p2a: Landorus|Leftovers|[from] move: Knock Off|[of] p1a: Yveltal
|move|p2a: Landorus|Stone Edge|p1a: Yveltal
|-supereffective|p1a: Yveltal
|-damage|p1a: Yveltal|41/100
|
|upkeep
|turn|8
|
|t:|1667769509
|move|p1a: Yveltal|U-turn|p2a: Landorus
|-resisted|p2a: Landorus
|-crit|p2a: Landorus
|-damage|p2a: Landorus|40/100
|
|t:|1667769516
|switch|p1a: Necrozma|Necrozma-Dusk-Mane|73/100|[from]move: U-turn
|-damage|p1a: Necrozma|67/100|[from] Stealth Rock
|move|p2a: Landorus|U-turn|p1a: Necrozma
|-damage|p1a: Necrozma|54/100
|
|t:|1667769518
|switch|p2a: Calyrex|Calyrex-Shadow|100/100|[from]move: U-turn
|-ability|p2a: Calyrex|As One
|-ability|p2a: Calyrex|Unnerve
|-damage|p2a: Calyrex|88/100|[from] Stealth Rock
|
|-heal|p1a: Necrozma|60/100|[from] item: Leftovers
|upkeep
|turn|9
|
|t:|1667769531
|switch|p1a: Eternatus|Eternatus|100/100
|-ability|p1a: Eternatus|Pressure
|move|p2a: Calyrex|Astral Barrage|p1a: Eternatus
|-damage|p1a: Eternatus|33/100
|
|upkeep
|turn|10
|
|t:|1667769537
|move|p2a: Calyrex|Astral Barrage|p1a: Eternatus
|-damage|p1a: Eternatus|0 fnt
|faint|p1a: Eternatus
|-ability|p2a: Calyrex|Grim Neigh|boost
|-boost|p2a: Calyrex|spa|1
|
|upkeep
|
|t:|1667769540
|switch|p1a: Yveltal|Yveltal|41/100
|-ability|p1a: Yveltal|Dark Aura
|turn|11
|
|t:|1667769542
|move|p1a: Yveltal|Sucker Punch|p2a: Calyrex
|-supereffective|p2a: Calyrex
|-damage|p2a: Calyrex|0 fnt
|faint|p2a: Calyrex
|
|upkeep
|
|t:|1667769545
|switch|p2a: Zekrom|Zekrom|100/100
|-damage|p2a: Zekrom|88/100|[from] Stealth Rock
|-ability|p2a: Zekrom|Teravolt
|turn|12
|
|t:|1667769552
|switch|p1a: Groudon|Groudon|100/100
|-damage|p1a: Groudon|94/100|[from] Stealth Rock
|-weather|SunnyDay|[from] ability: Drought|[of] p1a: Groudon
|move|p2a: Zekrom|Draco Meteor|p1a: Groudon
|-damage|p1a: Groudon|30/100
|-unboost|p2a: Zekrom|spa|2
|-damage|p2a: Zekrom|78/100|[from] item: Life Orb
|
|-weather|SunnyDay|[upkeep]
|-heal|p1a: Groudon|36/100|[from] item: Leftovers
|upkeep
|turn|13
|inactive|RichardMillePlain has 270 seconds left.
|
|t:|1667769595
|switch|p2a: Landorus|Landorus-Therian, M|40/100
|-damage|p2a: Landorus|28/100|[from] Stealth Rock
|-ability|p2a: Landorus|Intimidate|boost
|-unboost|p1a: Groudon|atk|1
|move|p1a: Groudon|Heat Crash|p2a: Landorus
|-damage|p2a: Landorus|0 fnt
|faint|p2a: Landorus
|
|-weather|SunnyDay|[upkeep]
|-heal|p1a: Groudon|43/100|[from] item: Leftovers
|upkeep
|
|t:|1667769603
|switch|p2a: Zekrom|Zekrom|78/100
|-damage|p2a: Zekrom|66/100|[from] Stealth Rock
|-ability|p2a: Zekrom|Teravolt
|turn|14
|
|t:|1667769608
|switch|p1a: Xerneas|Xerneas|100/100
|-damage|p1a: Xerneas|88/100|[from] Stealth Rock
|-ability|p1a: Xerneas|Fairy Aura
|move|p2a: Zekrom|Draco Meteor|p1a: Xerneas
|-immune|p1a: Xerneas
|
|-weather|SunnyDay|[upkeep]
|upkeep
|turn|15
|
|t:|1667769617
|switch|p1a: Groudon|Groudon|43/100
|-damage|p1a: Groudon|36/100|[from] Stealth Rock
|switch|p2a: Necrozma|Necrozma-Dusk-Mane|100/100
|-damage|p2a: Necrozma|94/100|[from] Stealth Rock
|
|-weather|SunnyDay|[upkeep]
|-heal|p1a: Groudon|43/100|[from] item: Leftovers
|-heal|p2a: Necrozma|100/100|[from] item: Leftovers
|upkeep
|turn|16
|
|t:|1667769621
|move|p1a: Groudon|Heat Crash|p2a: Necrozma
|-supereffective|p2a: Necrozma
|-damage|p2a: Necrozma|64/100
|move|p2a: Necrozma|Dragon Dance|p2a: Necrozma
|-boost|p2a: Necrozma|atk|1
|-boost|p2a: Necrozma|spe|1
|
|-weather|none
|-heal|p2a: Necrozma|70/100|[from] item: Leftovers
|-heal|p1a: Groudon|49/100|[from] item: Leftovers
|upkeep
|turn|17
|
|t:|1667769636
|move|p2a: Necrozma|Sunsteel Strike|p1a: Groudon
|-damage|p1a: Groudon|8/100
|move|p1a: Groudon|Precipice Blades|p2a: Necrozma|[miss]
|-miss|p1a: Groudon|p2a: Necrozma
|
|-heal|p2a: Necrozma|76/100|[from] item: Leftovers
|-heal|p1a: Groudon|14/100|[from] item: Leftovers
|upkeep
|turn|18
|
|t:|1667769641
|move|p2a: Necrozma|Sunsteel Strike|p1a: Groudon
|-damage|p1a: Groudon|0 fnt
|faint|p1a: Groudon
|
|-heal|p2a: Necrozma|82/100|[from] item: Leftovers
|upkeep
|
|t:|1667769650
|switch|p1a: Calyrex|Calyrex-Shadow|100/100
|-ability|p1a: Calyrex|As One
|-ability|p1a: Calyrex|Unnerve
|-damage|p1a: Calyrex|88/100|[from] Stealth Rock
|turn|19
|
|t:|1667769653
|switch|p2a: Yveltal|Yveltal|100/100
|-ability|p2a: Yveltal|Dark Aura
|move|p1a: Calyrex|Astral Barrage|p2a: Yveltal
|-resisted|p2a: Yveltal
|-damage|p2a: Yveltal|67/100
|
|upkeep
|turn|20
|
|t:|1667769657
|switch|p1a: Xerneas|Xerneas|88/100
|-damage|p1a: Xerneas|76/100|[from] Stealth Rock
|-ability|p1a: Xerneas|Fairy Aura
|move|p2a: Yveltal|Knock Off|p1a: Xerneas
|-resisted|p1a: Xerneas
|-damage|p1a: Xerneas|48/100
|-enditem|p1a: Xerneas|Choice Scarf|[from] move: Knock Off|[of] p2a: Yveltal
|
|upkeep
|turn|21
|c|%Eledyr|ok c'est scarf caly
|c|%Eledyr|oups
|c|%Eledyr|wrong chat soz
|c|☆RichardMillePlain|frerot
|
|t:|1667769677
|switch|p1a: Calyrex|Calyrex-Shadow|88/100
|-ability|p1a: Calyrex|As One
|-ability|p1a: Calyrex|Unnerve
|-damage|p1a: Calyrex|76/100|[from] Stealth Rock
|switch|p2a: Necrozma|Necrozma-Dusk-Mane|82/100
|-damage|p2a: Necrozma|76/100|[from] Stealth Rock
|
|-heal|p2a: Necrozma|82/100|[from] item: Leftovers
|upkeep
|turn|22
|c|+Nael222|adieu Eledyr
|c|+Nael222|ct un plaisir
|
|t:|1667769687
|switch|p2a: Eternatus|Eternatus|55/100
|-damage|p2a: Eternatus|43/100|[from] Stealth Rock
|-ability|p2a: Eternatus|Pressure
|move|p1a: Calyrex|Astral Barrage|p2a: Eternatus
|-damage|p2a: Eternatus|0 fnt
|faint|p2a: Eternatus
|-ability|p1a: Calyrex|Grim Neigh|boost
|-boost|p1a: Calyrex|spa|1
|
|upkeep
|
|t:|1667769689
|switch|p2a: Yveltal|Yveltal|67/100
|-ability|p2a: Yveltal|Dark Aura
|turn|23
|
|t:|1667769693
|switch|p1a: Xerneas|Xerneas|48/100
|-damage|p1a: Xerneas|36/100|[from] Stealth Rock
|-ability|p1a: Xerneas|Fairy Aura
|move|p2a: Yveltal|Roost|p2a: Yveltal
|-heal|p2a: Yveltal|100/100
|-singleturn|p2a: Yveltal|move: Roost
|
|upkeep
|turn|24
|
|t:|1667769704
|switch|p1a: Yveltal|Yveltal|41/100
|-ability|p1a: Yveltal|Dark Aura
|move|p2a: Yveltal|Knock Off|p1a: Yveltal
|-resisted|p1a: Yveltal
|-damage|p1a: Yveltal|15/100
|-enditem|p1a: Yveltal|Heavy-Duty Boots|[from] move: Knock Off|[of] p2a: Yveltal
|
|upkeep
|turn|25
|
|t:|1667769708
|move|p1a: Yveltal|Roost|p1a: Yveltal
|-heal|p1a: Yveltal|65/100
|-singleturn|p1a: Yveltal|move: Roost
|move|p2a: Yveltal|Knock Off|p1a: Yveltal
|-resisted|p1a: Yveltal
|-damage|p1a: Yveltal|49/100
|
|upkeep
|turn|26
|
|t:|1667769718
|switch|p2a: Zekrom|Zekrom|66/100
|-damage|p2a: Zekrom|54/100|[from] Stealth Rock
|-ability|p2a: Zekrom|Teravolt
|move|p1a: Yveltal|Knock Off|p2a: Zekrom
|-damage|p2a: Zekrom|1/100
|-enditem|p2a: Zekrom|Life Orb|[from] move: Knock Off|[of] p1a: Yveltal
|
|upkeep
|turn|27
|
|t:|1667769725
|move|p1a: Yveltal|Knock Off|p2a: Zekrom
|-damage|p2a: Zekrom|0 fnt
|faint|p2a: Zekrom
|
|upkeep
|
|t:|1667769727
|switch|p2a: Necrozma|Necrozma-Dusk-Mane|82/100
|-damage|p2a: Necrozma|76/100|[from] Stealth Rock
|turn|28
|
|t:|1667769731
|move|p1a: Yveltal|Knock Off|p2a: Necrozma
|-supereffective|p2a: Necrozma
|-damage|p2a: Necrozma|18/100
|-enditem|p2a: Necrozma|Leftovers|[from] move: Knock Off|[of] p1a: Yveltal
|move|p2a: Necrozma|Dragon Dance|p2a: Necrozma
|-boost|p2a: Necrozma|atk|1
|-boost|p2a: Necrozma|spe|1
|
|upkeep
|turn|29
|
|t:|1667769735
|move|p2a: Necrozma|Moonlight|p2a: Necrozma
|-heal|p2a: Necrozma|68/100
|move|p1a: Yveltal|U-turn|p2a: Necrozma
|-crit|p2a: Necrozma
|-damage|p2a: Necrozma|47/100
|
|t:|1667769740
|switch|p1a: Calyrex|Calyrex-Shadow|76/100|[from]move: U-turn
|-ability|p1a: Calyrex|As One
|-ability|p1a: Calyrex|Unnerve
|-damage|p1a: Calyrex|64/100|[from] Stealth Rock
|
|upkeep
|turn|30
|
|t:|1667769742
|switch|p2a: Yveltal|Yveltal|100/100
|-ability|p2a: Yveltal|Dark Aura
|move|p1a: Calyrex|Astral Barrage|p2a: Yveltal
|-resisted|p2a: Yveltal
|-damage|p2a: Yveltal|70/100
|
|upkeep
|turn|31
|
|t:|1667769747
|switch|p1a: Xerneas|Xerneas|36/100
|-damage|p1a: Xerneas|23/100|[from] Stealth Rock
|-ability|p1a: Xerneas|Fairy Aura
|move|p2a: Yveltal|Snarl|p1a: Xerneas
|-resisted|p1a: Xerneas
|-damage|p1a: Xerneas|10/100
|-unboost|p1a: Xerneas|spa|1
|
|upkeep
|turn|32
|
|t:|1667769753
|switch|p2a: Necrozma|Necrozma-Dusk-Mane|47/100
|-damage|p2a: Necrozma|41/100|[from] Stealth Rock
|move|p1a: Xerneas|Moonblast|p2a: Necrozma
|-resisted|p2a: Necrozma
|-damage|p2a: Necrozma|27/100
|
|upkeep
|turn|33
|
|t:|1667769756
|switch|p1a: Calyrex|Calyrex-Shadow|64/100
|-ability|p1a: Calyrex|As One
|-ability|p1a: Calyrex|Unnerve
|-damage|p1a: Calyrex|51/100|[from] Stealth Rock
|move|p2a: Necrozma|Moonlight|p2a: Necrozma
|-heal|p2a: Necrozma|77/100
|
|upkeep
|turn|34
|
|t:|1667769759
|switch|p2a: Yveltal|Yveltal|70/100
|-ability|p2a: Yveltal|Dark Aura
|move|p1a: Calyrex|Astral Barrage|p2a: Yveltal
|-resisted|p2a: Yveltal
|-damage|p2a: Yveltal|36/100
|
|upkeep
|turn|35
|
|t:|1667769769
|move|p1a: Calyrex|Astral Barrage|p2a: Yveltal
|-resisted|p2a: Yveltal
|-damage|p2a: Yveltal|6/100
|move|p2a: Yveltal|Roost|p2a: Yveltal
|-heal|p2a: Yveltal|56/100
|-singleturn|p2a: Yveltal|move: Roost
|
|upkeep
|turn|36
|
|t:|1667769774
|switch|p1a: Xerneas|Xerneas|10/100
|-damage|p1a: Xerneas|0 fnt|[from] Stealth Rock
|faint|p1a: Xerneas
|move|p2a: Yveltal|Roost|p2a: Yveltal
|-heal|p2a: Yveltal|100/100
|-singleturn|p2a: Yveltal|move: Roost
|
|upkeep
|
|t:|1667769776
|switch|p1a: Yveltal|Yveltal|49/100
|-damage|p1a: Yveltal|24/100|[from] Stealth Rock
|-ability|p1a: Yveltal|Dark Aura
|turn|37
|
|t:|1667769780
|move|p1a: Yveltal|Roost|p1a: Yveltal
|-heal|p1a: Yveltal|74/100
|-singleturn|p1a: Yveltal|move: Roost
|move|p2a: Yveltal|Knock Off|p1a: Yveltal
|-resisted|p1a: Yveltal
|-damage|p1a: Yveltal|57/100
|
|upkeep
|turn|38
|
|t:|1667769783
|move|p1a: Yveltal|Roost|p1a: Yveltal
|-heal|p1a: Yveltal|100/100
|-singleturn|p1a: Yveltal|move: Roost
|move|p2a: Yveltal|Knock Off|p1a: Yveltal
|-resisted|p1a: Yveltal
|-damage|p1a: Yveltal|85/100
|
|upkeep
|turn|39
|
|t:|1667769785
|move|p1a: Yveltal|Knock Off|p2a: Yveltal
|-resisted|p2a: Yveltal
|-damage|p2a: Yveltal|81/100
|-enditem|p2a: Yveltal|Heavy-Duty Boots|[from] move: Knock Off|[of] p1a: Yveltal
|move|p2a: Yveltal|Knock Off|p1a: Yveltal
|-resisted|p1a: Yveltal
|-damage|p1a: Yveltal|67/100
|
|upkeep
|turn|40
|
|t:|1667769787
|move|p1a: Yveltal|Knock Off|p2a: Yveltal
|-resisted|p2a: Yveltal
|-damage|p2a: Yveltal|67/100
|move|p2a: Yveltal|Knock Off|p1a: Yveltal
|-resisted|p1a: Yveltal
|-damage|p1a: Yveltal|51/100
|
|upkeep
|turn|41
|
|t:|1667769791
|move|p1a: Yveltal|Roost|p1a: Yveltal
|-heal|p1a: Yveltal|100/100
|-singleturn|p1a: Yveltal|move: Roost
|move|p2a: Yveltal|Defog|p1a: Yveltal
|-unboost|p1a: Yveltal|evasion|1
|-sideend|p1: M Dragon|Stealth Rock|[from] move: Defog|[of] p2a: Yveltal
|-sideend|p2: RichardMillePlain|Stealth Rock|[from] move: Defog|[of] p2a: Yveltal
|
|upkeep
|turn|42
|
|t:|1667769795
|move|p1a: Yveltal|Knock Off|p2a: Yveltal
|-resisted|p2a: Yveltal
|-damage|p2a: Yveltal|55/100
|move|p2a: Yveltal|Roost|p2a: Yveltal
|-heal|p2a: Yveltal|100/100
|-singleturn|p2a: Yveltal|move: Roost
|
|upkeep
|turn|43
|
|t:|1667769799
|move|p1a: Yveltal|Knock Off|p2a: Yveltal
|-resisted|p2a: Yveltal
|-damage|p2a: Yveltal|87/100
|move|p2a: Yveltal|Knock Off|p1a: Yveltal
|-resisted|p1a: Yveltal
|-damage|p1a: Yveltal|86/100
|
|upkeep
|turn|44
|
|t:|1667769803
|move|p1a: Yveltal|Knock Off|p2a: Yveltal
|-resisted|p2a: Yveltal
|-damage|p2a: Yveltal|73/100
|move|p2a: Yveltal|Knock Off|p1a: Yveltal
|-resisted|p1a: Yveltal
|-crit|p1a: Yveltal
|-damage|p1a: Yveltal|60/100
|
|upkeep
|turn|45
|
|t:|1667769825
|move|p1a: Yveltal|Roost|p1a: Yveltal
|-heal|p1a: Yveltal|100/100
|-singleturn|p1a: Yveltal|move: Roost
|move|p2a: Yveltal|Knock Off|p1a: Yveltal
|-resisted|p1a: Yveltal
|-damage|p1a: Yveltal|85/100
|
|upkeep
|turn|46
|
|t:|1667769830
|move|p1a: Yveltal|Knock Off|p2a: Yveltal
|-resisted|p2a: Yveltal
|-damage|p2a: Yveltal|60/100
|move|p2a: Yveltal|Knock Off|p1a: Yveltal
|-resisted|p1a: Yveltal
|-damage|p1a: Yveltal|68/100
|
|upkeep
|turn|47
|
|t:|1667769833
|move|p1a: Yveltal|U-turn|p2a: Yveltal
|-damage|p2a: Yveltal|45/100
|
|t:|1667769834
|switch|p1a: Necrozma|Necrozma-Dusk-Mane|60/100|[from]move: U-turn
|move|p2a: Yveltal|Knock Off|p1a: Necrozma
|-supereffective|p1a: Necrozma
|-damage|p1a: Necrozma|3/100
|-enditem|p1a: Necrozma|Leftovers|[from] move: Knock Off|[of] p2a: Yveltal
|
|upkeep
|turn|48
|
|t:|1667769839
|switch|p1a: Yveltal|Yveltal|68/100
|-ability|p1a: Yveltal|Dark Aura
|move|p2a: Yveltal|Knock Off|p1a: Yveltal
|-resisted|p1a: Yveltal
|-damage|p1a: Yveltal|53/100
|
|upkeep
|turn|49
|
|t:|1667769846
|move|p1a: Yveltal|Roost|p1a: Yveltal
|-heal|p1a: Yveltal|100/100
|-singleturn|p1a: Yveltal|move: Roost
|move|p2a: Yveltal|Roost|p2a: Yveltal
|-heal|p2a: Yveltal|95/100
|-singleturn|p2a: Yveltal|move: Roost
|
|upkeep
|turn|50
|
|t:|1667769851
|move|p1a: Yveltal|Knock Off|p2a: Yveltal
|-resisted|p2a: Yveltal
|-damage|p2a: Yveltal|80/100
|move|p2a: Yveltal|Snarl|p1a: Yveltal
|-resisted|p1a: Yveltal
|-damage|p1a: Yveltal|92/100
|-unboost|p1a: Yveltal|spa|1
|
|upkeep
|turn|51
|
|t:|1667769867
|move|p1a: Yveltal|Sucker Punch|p2a: Yveltal
|-resisted|p2a: Yveltal
|-damage|p2a: Yveltal|67/100
|move|p2a: Yveltal|Snarl|p1a: Yveltal
|-resisted|p1a: Yveltal
|-damage|p1a: Yveltal|82/100
|-unboost|p1a: Yveltal|spa|1
|
|upkeep
|turn|52
|
|t:|1667769871
|move|p1a: Yveltal|Sucker Punch|p2a: Yveltal
|-resisted|p2a: Yveltal
|-damage|p2a: Yveltal|51/100
|move|p2a: Yveltal|Snarl|p1a: Yveltal
|-resisted|p1a: Yveltal
|-damage|p1a: Yveltal|73/100
|-unboost|p1a: Yveltal|spa|1
|
|upkeep
|turn|53
|
|t:|1667769874
|move|p1a: Yveltal|Knock Off|p2a: Yveltal
|-resisted|p2a: Yveltal
|-damage|p2a: Yveltal|36/100
|move|p2a: Yveltal|Roost|p2a: Yveltal
|-heal|p2a: Yveltal|86/100
|-singleturn|p2a: Yveltal|move: Roost
|
|upkeep
|turn|54
|
|t:|1667769879
|switch|p2a: Necrozma|Necrozma-Dusk-Mane|77/100
|move|p1a: Yveltal|Roost|p1a: Yveltal
|-heal|p1a: Yveltal|100/100
|-singleturn|p1a: Yveltal|move: Roost
|
|upkeep
|turn|55
|
|t:|1667769883
|move|p1a: Yveltal|Knock Off|p2a: Necrozma
|-supereffective|p2a: Necrozma
|-damage|p2a: Necrozma|38/100
|move|p2a: Necrozma|Dragon Dance|p2a: Necrozma
|-boost|p2a: Necrozma|atk|1
|-boost|p2a: Necrozma|spe|1
|
|upkeep
|turn|56
|
|t:|1667769886
|move|p2a: Necrozma|Moonlight|p2a: Necrozma
|-heal|p2a: Necrozma|88/100
|move|p1a: Yveltal|U-turn|p2a: Necrozma
|-damage|p2a: Necrozma|72/100
|
|t:|1667769888
|switch|p1a: Calyrex|Calyrex-Shadow|51/100|[from]move: U-turn
|-ability|p1a: Calyrex|As One
|-ability|p1a: Calyrex|Unnerve
|
|upkeep
|turn|57
|
|t:|1667769895
|switch|p2a: Yveltal|Yveltal|86/100
|-ability|p2a: Yveltal|Dark Aura
|move|p1a: Calyrex|Trick|p2a: Yveltal
|-activate|p1a: Calyrex|move: Trick|[of] p2a: Yveltal
|-item|p2a: Yveltal|Choice Specs|[from] move: Trick
|-enditem|p1a: Calyrex|Choice Specs|[silent]|[from] move: Trick
|
|upkeep
|turn|58
|
|t:|1667769901
|switch|p1a: Yveltal|Yveltal|100/100
|-ability|p1a: Yveltal|Dark Aura
|switch|p2a: Necrozma|Necrozma-Dusk-Mane|72/100
|
|upkeep
|turn|59
|
|t:|1667769906
|move|p1a: Yveltal|U-turn|p2a: Necrozma
|-damage|p2a: Necrozma|58/100
|
|t:|1667769909
|switch|p1a: Necrozma|Necrozma-Dusk-Mane|3/100|[from]move: U-turn
|move|p2a: Necrozma|Sunsteel Strike|p1a: Necrozma
|-resisted|p1a: Necrozma
|-damage|p1a: Necrozma|0 fnt
|faint|p1a: Necrozma
|
|upkeep
|
|t:|1667769912
|switch|p1a: Calyrex|Calyrex-Shadow|51/100
|-ability|p1a: Calyrex|As One
|-ability|p1a: Calyrex|Unnerve
|turn|60
|
|t:|1667769928
|switch|p1a: Yveltal|Yveltal|100/100
|-ability|p1a: Yveltal|Dark Aura
|switch|p2a: Yveltal|Yveltal|86/100
|-ability|p2a: Yveltal|Dark Aura
|
|upkeep
|turn|61
|
|t:|1667769939
|switch|p2a: Necrozma|Necrozma-Dusk-Mane|58/100
|move|p1a: Yveltal|Sucker Punch||[still]
|-fail|p1a: Yveltal
|
|upkeep
|turn|62
|
|t:|1667769943
|move|p1a: Yveltal|U-turn|p2a: Necrozma
|-damage|p2a: Necrozma|43/100
|
|t:|1667769945
|switch|p1a: Calyrex|Calyrex-Shadow|51/100|[from]move: U-turn
|-ability|p1a: Calyrex|As One
|-ability|p1a: Calyrex|Unnerve
|move|p2a: Necrozma|Moonlight|p2a: Necrozma
|-heal|p2a: Necrozma|93/100
|
|upkeep
|turn|63
|
|t:|1667769957
|move|p1a: Calyrex|Astral Barrage|p2a: Necrozma
|-supereffective|p2a: Necrozma
|-damage|p2a: Necrozma|26/100
|move|p2a: Necrozma|Knock Off|p1a: Calyrex
|-supereffective|p1a: Calyrex
|-damage|p1a: Calyrex|0 fnt
|faint|p1a: Calyrex
|
|upkeep
|
|t:|1667769959
|switch|p1a: Yveltal|Yveltal|100/100
|-ability|p1a: Yveltal|Dark Aura
|turn|64
|inactive|M Dragon has 270 seconds left.
|inactive|RichardMillePlain has 270 seconds left.
|
|t:|1667769991
|switch|p2a: Yveltal|Yveltal|86/100
|-ability|p2a: Yveltal|Dark Aura
|move|p1a: Yveltal|U-turn|p2a: Yveltal
|-crit|p2a: Yveltal
|-damage|p2a: Yveltal|62/100
|
|upkeep
|turn|65
|
|t:|1667769999
|move|p1a: Yveltal|U-turn|p2a: Yveltal
|-damage|p2a: Yveltal|47/100
|move|p2a: Yveltal|Roost|p2a: Yveltal
|-heal|p2a: Yveltal|97/100
|-singleturn|p2a: Yveltal|move: Roost
|
|upkeep
|turn|66
|
|t:|1667770004
|move|p1a: Yveltal|U-turn|p2a: Yveltal
|-damage|p2a: Yveltal|83/100
|move|p2a: Yveltal|Roost|p2a: Yveltal
|-heal|p2a: Yveltal|100/100
|-singleturn|p2a: Yveltal|move: Roost
|
|upkeep
|turn|67
|
|t:|1667770007
|switch|p2a: Necrozma|Necrozma-Dusk-Mane|26/100
|move|p1a: Yveltal|U-turn|p2a: Necrozma
|-damage|p2a: Necrozma|11/100
|
|upkeep
|turn|68
|
|t:|1667770015
|move|p1a: Yveltal|U-turn|p2a: Necrozma
|-damage|p2a: Necrozma|0 fnt
|faint|p2a: Necrozma
|
|upkeep
|
|t:|1667770016
|switch|p2a: Yveltal|Yveltal|100/100
|-ability|p2a: Yveltal|Dark Aura
|turn|69
|
|t:|1667770023
|move|p1a: Yveltal|U-turn|p2a: Yveltal
|-damage|p2a: Yveltal|84/100
|move|p2a: Yveltal|Knock Off|p1a: Yveltal
|-resisted|p1a: Yveltal
|-damage|p1a: Yveltal|85/100
|
|upkeep
|turn|70
|
|t:|1667770025
|move|p1a: Yveltal|U-turn|p2a: Yveltal
|-damage|p2a: Yveltal|68/100
|move|p2a: Yveltal|Knock Off|p1a: Yveltal
|-resisted|p1a: Yveltal
|-damage|p1a: Yveltal|70/100
|
|upkeep
|turn|71
|
|t:|1667770028
|move|p1a: Yveltal|U-turn|p2a: Yveltal
|-damage|p2a: Yveltal|54/100
|move|p2a: Yveltal|Knock Off|p1a: Yveltal
|-resisted|p1a: Yveltal
|-damage|p1a: Yveltal|53/100
|
|upkeep
|turn|72
|
|t:|1667770030
|move|p1a: Yveltal|Roost|p1a: Yveltal
|-heal|p1a: Yveltal|100/100
|-singleturn|p1a: Yveltal|move: Roost
|move|p2a: Yveltal|Knock Off|p1a: Yveltal
|-resisted|p1a: Yveltal
|-damage|p1a: Yveltal|85/100
|
|upkeep
|turn|73
|
|t:|1667770032
|move|p1a: Yveltal|U-turn|p2a: Yveltal
|-damage|p2a: Yveltal|38/100
|move|p2a: Yveltal|Knock Off|p1a: Yveltal
|-resisted|p1a: Yveltal
|-damage|p1a: Yveltal|67/100
|
|upkeep
|turn|74
|c|☆RichardMillePlain|gg
|
|t:|1667770038
|move|p1a: Yveltal|Roost|p1a: Yveltal
|-heal|p1a: Yveltal|100/100
|-singleturn|p1a: Yveltal|move: Roost
|move|p2a: Yveltal|Knock Off|p1a: Yveltal
|-resisted|p1a: Yveltal
|-damage|p1a: Yveltal|84/100
|
|upkeep
|turn|75
|c|☆M Dragon|gg
|
|t:|1667770045
|move|p1a: Yveltal|U-turn|p2a: Yveltal
|-damage|p2a: Yveltal|23/100
|move|p2a: Yveltal|Knock Off|p1a: Yveltal
|-resisted|p1a: Yveltal
|-crit|p1a: Yveltal
|-damage|p1a: Yveltal|60/100
|
|upkeep
|turn|76
|
|t:|1667770047
|move|p1a: Yveltal|U-turn|p2a: Yveltal
|-damage|p2a: Yveltal|9/100
|move|p2a: Yveltal|Knock Off|p1a: Yveltal
|-resisted|p1a: Yveltal
|-damage|p1a: Yveltal|45/100
|
|upkeep
|turn|77
|
|t:|1667770049
|move|p1a: Yveltal|U-turn|p2a: Yveltal
|-damage|p2a: Yveltal|0 fnt
|faint|p2a: Yveltal
|
|win|M Dragon
