|inactive|Battle timer is ON: inactive players will automatically lose when time's up.
|t:|1612651160
|player|p1|FearNeverDies|lyra|
|player|p2|Cam|102|
|teamsize|p1|6
|teamsize|p2|6
|gametype|singles
|gen|8
|tier|[Gen 8] Ubers
|clearpoke
|poke|p1|Yveltal|
|poke|p1|Necrozma-Dusk-Mane|
|poke|p1|Landorus-Therian, M|
|poke|p1|Rillaboom, M|
|poke|p1|Reshiram|
|poke|p1|Magearna|
|poke|p2|Marshadow|
|poke|p2|Amoonguss, F|
|poke|p2|Obstagoon, M|
|poke|p2|Dialga|
|poke|p2|Necrozma-Dusk-Mane|
|poke|p2|Landorus-Therian, M|
|rule|Sleep Clause Mod: Limit one foe put to sleep
|rule|Species Clause: Limit one of each Pokémon
|rule|OHKO Clause: OHKO moves are banned
|rule|Evasion Moves Clause: Evasion moves are banned
|rule|Endless Battle Clause: Forcing endless battles is banned
|rule|HP Percentage Mod: HP is shown in percentages
|rule|Dynamax Clause: You cannot dynamax
|teampreview
|c|☆Cam|hf
|c|☆FearNeverDies|gl
|c|+Steel S Kitty|cam...
|c|+Steel S Kitty|gl.......................
|c|☆Cam|thx/
|inactive|Cam has 270 seconds left.
|
|t:|1612651191
|start
|switch|p1a: Yveltal|Yveltal|100/100
|switch|p2a: 7 - 7 = 0|Landorus-Therian, M|100/100
|-ability|p1a: Yveltal|Dark Aura
|-ability|p2a: 7 - 7 = 0|Intimidate|boost
|-unboost|p1a: Yveltal|atk|1
|turn|1
|
|t:|1612651209
|switch|p1a: Necrozma|Necrozma-Dusk-Mane|100/100
|switch|p2a: 33 - 1 = 32|Obstagoon, M|100/100
|
|upkeep
|turn|2
|
|t:|1612651220
|move|p2a: 33 - 1 = 32|Knock Off|p1a: Necrozma
|-supereffective|p1a: Necrozma
|-damage|p1a: Necrozma|78/100
|-enditem|p1a: Necrozma|Shed Shell|[from] move: Knock Off|[of] p2a: 33 - 1 = 32
|move|p1a: Necrozma|Stealth Rock|p2a: 33 - 1 = 32
|-sidestart|p2: Cam|move: Stealth Rock
|
|upkeep
|turn|3
|
|t:|1612651225
|switch|p2a: 32 - 10 = 22|Dialga|100/100
|-damage|p2a: 32 - 10 = 22|94/100|[from] Stealth Rock
|-ability|p2a: 32 - 10 = 22|Pressure
|move|p1a: Necrozma|Sunsteel Strike|p2a: 32 - 10 = 22
|-resisted|p2a: 32 - 10 = 22
|-damage|p2a: 32 - 10 = 22|76/100
|
|upkeep
|turn|4
|
|t:|1612651230
|switch|p1a: Magearna|Magearna|100/100
|move|p2a: 32 - 10 = 22|Stealth Rock|p1a: Magearna
|-sidestart|p1: FearNeverDies|move: Stealth Rock
|
|upkeep
|turn|5
|
|t:|1612651245
|switch|p2a: 38 - 5 = 33|Amoonguss, F|100/100
|-damage|p2a: 38 - 5 = 33|88/100|[from] Stealth Rock
|move|p1a: Magearna|Calm Mind|p1a: Magearna
|-boost|p1a: Magearna|spa|1
|-boost|p1a: Magearna|spd|1
|
|upkeep
|turn|6
|
|t:|1612651253
|move|p1a: Magearna|Iron Defense|p1a: Magearna
|-boost|p1a: Magearna|def|2
|move|p2a: 38 - 5 = 33|Spore|p1a: Magearna
|-status|p1a: Magearna|slp|[from] move: Spore
|
|upkeep
|turn|7
|
|t:|1612651256
|switch|p2a: 7 - 7 = 0|Landorus-Therian, M|100/100
|-damage|p2a: 7 - 7 = 0|88/100|[from] Stealth Rock
|-ability|p2a: 7 - 7 = 0|Intimidate|boost
|-unboost|p1a: Magearna|atk|1
|cant|p1a: Magearna|slp
|
|-heal|p2a: 7 - 7 = 0|94/100|[from] item: Leftovers
|upkeep
|turn|8
|
|t:|1612651271
|move|p2a: 7 - 7 = 0|Earthquake|p1a: Magearna
|-supereffective|p1a: Magearna
|-damage|p1a: Magearna|53/100 slp
|-curestatus|p1a: Magearna|slp|[msg]
|move|p1a: Magearna|Iron Defense|p1a: Magearna
|-boost|p1a: Magearna|def|2
|
|-heal|p2a: 7 - 7 = 0|99/100|[from] item: Leftovers
|-heal|p1a: Magearna|59/100|[from] item: Leftovers
|upkeep
|turn|9
|
|t:|1612651279
|move|p2a: 7 - 7 = 0|U-turn|p1a: Magearna
|-resisted|p1a: Magearna
|-damage|p1a: Magearna|57/100
|
|t:|1612651281
|switch|p2a: 33 - 1 = 32|Obstagoon, M|100/100|[from]move: U-turn
|move|p1a: Magearna|Draining Kiss|p2a: 33 - 1 = 32
|-supereffective|p2a: 33 - 1 = 32
|-damage|p2a: 33 - 1 = 32|38/100
|-heal|p1a: Magearna|100/100|[from] drain|[of] p2a: 33 - 1 = 32
|
|upkeep
|turn|10
|
|t:|1612651285
|move|p2a: 33 - 1 = 32|Knock Off|p1a: Magearna
|-resisted|p1a: Magearna
|-damage|p1a: Magearna|96/100
|-enditem|p1a: Magearna|Leftovers|[from] move: Knock Off|[of] p2a: 33 - 1 = 32
|move|p1a: Magearna|Draining Kiss|p2a: 33 - 1 = 32
|-supereffective|p2a: 33 - 1 = 32
|-damage|p2a: 33 - 1 = 32|0 fnt
|-heal|p1a: Magearna|100/100|[from] drain|[of] p2a: 33 - 1 = 32
|faint|p2a: 33 - 1 = 32
|-ability|p1a: Magearna|Soul-Heart|boost
|-boost|p1a: Magearna|spa|1
|
|upkeep
|
|t:|1612651301
|switch|p2a: 22 - 15 = 7|Necrozma-Dusk-Mane|100/100
|-damage|p2a: 22 - 15 = 7|94/100|[from] Stealth Rock
|turn|11
|
|t:|1612651304
|move|p2a: 22 - 15 = 7|Thunder Wave|p1a: Magearna
|-status|p1a: Magearna|par
|move|p1a: Magearna|Iron Defense|p1a: Magearna
|-boost|p1a: Magearna|def|2
|
|upkeep
|turn|12
|
|t:|1612651313
|move|p2a: 22 - 15 = 7|Earthquake|p1a: Magearna
|-supereffective|p1a: Magearna
|-damage|p1a: Magearna|87/100 par
|move|p1a: Magearna|Stored Power|p2a: 22 - 15 = 7
|-resisted|p2a: 22 - 15 = 7
|-damage|p2a: 22 - 15 = 7|72/100
|
|upkeep
|turn|13
|
|t:|1612651322
|move|p2a: 22 - 15 = 7|Earthquake|p1a: Magearna
|-supereffective|p1a: Magearna
|-damage|p1a: Magearna|72/100 par
|move|p1a: Magearna|Calm Mind|p1a: Magearna
|-boost|p1a: Magearna|spa|1
|-boost|p1a: Magearna|spd|1
|
|upkeep
|turn|14
|
|t:|1612651325
|move|p2a: 22 - 15 = 7|Earthquake|p1a: Magearna
|-supereffective|p1a: Magearna
|-damage|p1a: Magearna|58/100 par
|cant|p1a: Magearna|par
|
|upkeep
|turn|15
|
|t:|1612651328
|move|p2a: 22 - 15 = 7|Earthquake|p1a: Magearna
|-supereffective|p1a: Magearna
|-damage|p1a: Magearna|42/100 par
|cant|p1a: Magearna|par
|
|upkeep
|turn|16
|
|t:|1612651330
|move|p2a: 22 - 15 = 7|Earthquake|p1a: Magearna
|-supereffective|p1a: Magearna
|-crit|p1a: Magearna
|-damage|p1a: Magearna|0 fnt
|faint|p1a: Magearna
|
|upkeep
|
|t:|1612651333
|switch|p1a: Yveltal|Yveltal|100/100
|-ability|p1a: Yveltal|Dark Aura
|turn|17
|
|t:|1612651340
|switch|p2a: 38 - 5 = 33|Amoonguss, F|100/100
|-damage|p2a: 38 - 5 = 33|88/100|[from] Stealth Rock
|move|p1a: Yveltal|Knock Off|p2a: 38 - 5 = 33
|-damage|p2a: 38 - 5 = 33|48/100
|-damage|p1a: Yveltal|84/100|[from] item: Rocky Helmet|[of] p2a: 38 - 5 = 33
|-enditem|p2a: 38 - 5 = 33|Rocky Helmet|[from] move: Knock Off|[of] p1a: Yveltal
|
|upkeep
|turn|18
|
|t:|1612651344
|switch|p2a: 32 - 10 = 22|Dialga|76/100
|-damage|p2a: 32 - 10 = 22|70/100|[from] Stealth Rock
|-ability|p2a: 32 - 10 = 22|Pressure
|move|p1a: Yveltal|Taunt|p2a: 32 - 10 = 22
|-start|p2a: 32 - 10 = 22|move: Taunt
|
|upkeep
|turn|19
|
|t:|1612651348
|move|p1a: Yveltal|Knock Off|p2a: 32 - 10 = 22
|-damage|p2a: 32 - 10 = 22|31/100
|-enditem|p2a: 32 - 10 = 22|Utility Umbrella|[from] move: Knock Off|[of] p1a: Yveltal
|move|p2a: 32 - 10 = 22|Draco Meteor|p1a: Yveltal
|-damage|p1a: Yveltal|37/100
|-unboost|p2a: 32 - 10 = 22|spa|2
|
|upkeep
|turn|20
|
|t:|1612651356
|switch|p2a: 38 - 5 = 33|Amoonguss, F|82/100
|-damage|p2a: 38 - 5 = 33|69/100|[from] Stealth Rock
|move|p1a: Yveltal|Roost|p1a: Yveltal
|-heal|p1a: Yveltal|87/100
|-singleturn|p1a: Yveltal|move: Roost
|
|upkeep
|turn|21
|
|t:|1612651359
|move|p1a: Yveltal|Taunt|p2a: 38 - 5 = 33
|-start|p2a: 38 - 5 = 33|move: Taunt
|move|p2a: 38 - 5 = 33|Sludge Bomb|p1a: Yveltal
|-damage|p1a: Yveltal|70/100
|
|upkeep
|turn|22
|
|t:|1612651362
|move|p1a: Yveltal|U-turn|p2a: 38 - 5 = 33
|-damage|p2a: 38 - 5 = 33|55/100
|
|t:|1612651366
|switch|p1a: Necrozma|Necrozma-Dusk-Mane|78/100|[from]move: U-turn
|-damage|p1a: Necrozma|72/100|[from] Stealth Rock
|move|p2a: 38 - 5 = 33|Sludge Bomb|p1a: Necrozma
|-immune|p1a: Necrozma
|
|upkeep
|turn|23
|
|t:|1612651370
|switch|p2a: 22 - 15 = 7|Necrozma-Dusk-Mane|72/100
|-damage|p2a: 22 - 15 = 7|66/100|[from] Stealth Rock
|move|p1a: Necrozma|Sunsteel Strike|p2a: 22 - 15 = 7
|-resisted|p2a: 22 - 15 = 7
|-damage|p2a: 22 - 15 = 7|48/100
|
|upkeep
|turn|24
|
|t:|1612651373
|switch|p1a: Reshiram|Reshiram|100/100
|-damage|p1a: Reshiram|76/100|[from] Stealth Rock
|-ability|p1a: Reshiram|Turboblaze
|move|p2a: 22 - 15 = 7|Moonlight|p2a: 22 - 15 = 7
|-heal|p2a: 22 - 15 = 7|97/100
|
|upkeep
|turn|25
|
|t:|1612651386
|move|p1a: Reshiram|Blue Flare|p2a: 22 - 15 = 7
|-supereffective|p2a: 22 - 15 = 7
|-damage|p2a: 22 - 15 = 7|0 fnt
|faint|p2a: 22 - 15 = 7
|
|upkeep
|
|t:|1612651391
|switch|p2a: 7 - 7 = 0|Landorus-Therian, M|99/100
|-damage|p2a: 7 - 7 = 0|88/100|[from] Stealth Rock
|-ability|p2a: 7 - 7 = 0|Intimidate|boost
|-unboost|p1a: Reshiram|atk|1
|turn|26
|
|t:|1612651393
|move|p1a: Reshiram|Blue Flare|p2a: 7 - 7 = 0|[miss]
|-miss|p1a: Reshiram|p2a: 7 - 7 = 0
|move|p2a: 7 - 7 = 0|U-turn|p1a: Reshiram
|-resisted|p1a: Reshiram
|-damage|p1a: Reshiram|62/100
|
|t:|1612651399
|switch|p2a: 50 - 12 = 38|Marshadow|100/100|[from]move: U-turn
|-damage|p2a: 50 - 12 = 38|94/100|[from] Stealth Rock
|
|upkeep
|turn|27
|
|t:|1612651403
|switch|p1a: Landorus|Landorus-Therian, M|100/100
|-damage|p1a: Landorus|88/100|[from] Stealth Rock
|-ability|p1a: Landorus|Intimidate|boost
|-unboost|p2a: 50 - 12 = 38|atk|1
|move|p2a: 50 - 12 = 38|Poltergeist|p1a: Landorus
|-activate|p1a: Landorus|move: Poltergeist|Choice Scarf
|-damage|p1a: Landorus|27/100
|
|upkeep
|turn|28
|
|t:|1612651410
|switch|p2a: 7 - 7 = 0|Landorus-Therian, M|88/100
|-damage|p2a: 7 - 7 = 0|76/100|[from] Stealth Rock
|-ability|p2a: 7 - 7 = 0|Intimidate|boost
|-unboost|p1a: Landorus|atk|1
|move|p1a: Landorus|Explosion|p2a: 7 - 7 = 0
|-damage|p2a: 7 - 7 = 0|17/100
|faint|p1a: Landorus
|
|-heal|p2a: 7 - 7 = 0|23/100|[from] item: Leftovers
|upkeep
|
|t:|1612651415
|switch|p1a: Yveltal|Yveltal|70/100
|-ability|p1a: Yveltal|Dark Aura
|turn|29
|
|t:|1612651420
|switch|p2a: 32 - 10 = 22|Dialga|31/100
|-damage|p2a: 32 - 10 = 22|25/100|[from] Stealth Rock
|-ability|p2a: 32 - 10 = 22|Pressure
|move|p1a: Yveltal|U-turn|p2a: 32 - 10 = 22
|-resisted|p2a: 32 - 10 = 22
|-damage|p2a: 32 - 10 = 22|17/100
|
|t:|1612651429
|switch|p1a: Reshiram|Reshiram|62/100|[from]move: U-turn
|-damage|p1a: Reshiram|37/100|[from] Stealth Rock
|-ability|p1a: Reshiram|Turboblaze
|
|upkeep
|turn|30
|
|t:|1612651432
|move|p1a: Reshiram|Earth Power|p2a: 32 - 10 = 22
|-supereffective|p2a: 32 - 10 = 22
|-damage|p2a: 32 - 10 = 22|0 fnt
|faint|p2a: 32 - 10 = 22
|
|upkeep
|
|t:|1612651444
|switch|p2a: 50 - 12 = 38|Marshadow|94/100
|-damage|p2a: 50 - 12 = 38|88/100|[from] Stealth Rock
|turn|31
|
|t:|1612651449
|switch|p1a: Necrozma|Necrozma-Dusk-Mane|72/100
|-damage|p1a: Necrozma|66/100|[from] Stealth Rock
|move|p2a: 50 - 12 = 38|Bulk Up|p2a: 50 - 12 = 38
|-boost|p2a: 50 - 12 = 38|atk|1
|-boost|p2a: 50 - 12 = 38|def|1
|
|upkeep
|turn|32
|
|t:|1612651454
|move|p2a: 50 - 12 = 38|Poltergeist||[still]
|-fail|p2a: 50 - 12 = 38
|move|p1a: Necrozma|Thunder Wave|p2a: 50 - 12 = 38
|-status|p2a: 50 - 12 = 38|par
|
|upkeep
|turn|33
|c|☆Cam|oop
|
|t:|1612651460
|move|p1a: Necrozma|Sunsteel Strike|p2a: 50 - 12 = 38
|-damage|p2a: 50 - 12 = 38|45/100 par
|cant|p2a: 50 - 12 = 38|par
|
|upkeep
|turn|34
|
|t:|1612651464
|move|p1a: Necrozma|Sunsteel Strike|p2a: 50 - 12 = 38
|-damage|p2a: 50 - 12 = 38|0 fnt
|faint|p2a: 50 - 12 = 38
|
|upkeep
|c|☆FearNeverDies|gg
|
|t:|1612651470
|switch|p2a: 7 - 7 = 0|Landorus-Therian, M|23/100
|-damage|p2a: 7 - 7 = 0|10/100|[from] Stealth Rock
|-ability|p2a: 7 - 7 = 0|Intimidate|boost
|-unboost|p1a: Necrozma|atk|1
|turn|35
|
|t:|1612651473
|move|p2a: 7 - 7 = 0|Earthquake|p1a: Necrozma
|-supereffective|p1a: Necrozma
|-damage|p1a: Necrozma|26/100
|move|p1a: Necrozma|Morning Sun|p1a: Necrozma
|-heal|p1a: Necrozma|76/100
|
|-heal|p2a: 7 - 7 = 0|16/100|[from] item: Leftovers
|upkeep
|turn|36
|
|t:|1612651476
|move|p2a: 7 - 7 = 0|Earthquake|p1a: Necrozma
|-supereffective|p1a: Necrozma
|-damage|p1a: Necrozma|37/100
|move|p1a: Necrozma|Sunsteel Strike|p2a: 7 - 7 = 0
|-damage|p2a: 7 - 7 = 0|0 fnt
|faint|p2a: 7 - 7 = 0
|
|upkeep
|
|t:|1612651478
|switch|p2a: 38 - 5 = 33|Amoonguss, F|89/100
|-damage|p2a: 38 - 5 = 33|76/100|[from] Stealth Rock
|turn|37
|
|t:|1612651480
|move|p1a: Necrozma|Sunsteel Strike|p2a: 38 - 5 = 33
|-damage|p2a: 38 - 5 = 33|51/100
|move|p2a: 38 - 5 = 33|Spore|p1a: Necrozma
|-status|p1a: Necrozma|slp|[from] move: Spore
|
|upkeep
|turn|38
|c|☆Cam|kek
|c|☆Cam|forgot poltergeist didn't work with no item 
|c|☆Cam|gg
|-message|Cam forfeited.
|
|win|FearNeverDies
|c|☆FearNeverDies|gg
