|inactive|Battle timer is ON: inactive players will automatically lose when time's up.
|t:|1663726920
|gametype|singles
|player|p1|Aberforth|#aberforth|
|player|p2|skoma|#ompl2021spindawheels|
|teamsize|p1|6
|teamsize|p2|6
|gen|8
|tier|[Gen 8] Ubers
|rule|Sleep Clause Mod: Limit one foe put to sleep
|rule|Species Clause: Limit one of each Pokémon
|rule|OHKO Clause: OHKO moves are banned
|rule|Evasion Items Clause: Evasion items are banned
|rule|Evasion Moves Clause: Evasion moves are banned
|rule|Endless Battle Clause: Forcing endless battles is banned
|rule|HP Percentage Mod: HP is shown in percentages
|rule|Dynamax Clause: You cannot dynamax
|clearpoke
|poke|p1|Blaziken, M|
|poke|p1|Ho-Oh|
|poke|p1|Yveltal|
|poke|p1|Ditto|
|poke|p1|Necrozma-Dusk-Mane|
|poke|p1|Eternatus|
|poke|p2|Mewtwo|
|poke|p2|Kyogre|
|poke|p2|Yveltal|
|poke|p2|Eternatus|
|poke|p2|Necrozma-Dusk-Mane|
|poke|p2|Ditto|
|teampreview
|c|☆skoma|hf
|c|☆Aberforth|u2
|
|t:|1663726941
|start
|switch|p1a: Yveltal|Yveltal|100/100
|switch|p2a: Kyogre|Kyogre|100/100
|-ability|p1a: Yveltal|Dark Aura
|-weather|RainDance|[from] ability: Drizzle|[of] p2a: Kyogre
|turn|1
|
|t:|1663726946
|switch|p2a: Eternatus|Eternatus|100/100
|-ability|p2a: Eternatus|Pressure
|move|p1a: Yveltal|U-turn|p2a: Eternatus
|-resisted|p2a: Eternatus
|-damage|p2a: Eternatus|93/100
|
|t:|1663726956
|switch|p1a: Ditto|Ditto|100/100|[from]move: U-turn
|-transform|p1a: Ditto|p2a: Eternatus|[from] ability: Imposter
|-ability|p1a: Ditto|Pressure
|
|-weather|RainDance|[upkeep]
|upkeep
|turn|2
|c|☆Aberforth|ok i think i hate this set more than anything i've ever seen
|
|t:|1663726975
|switch|p1a: Necrozma|Necrozma-Dusk-Mane|100/100
|move|p2a: Eternatus|Toxic|p1a: Necrozma
|-immune|p1a: Necrozma
|
|-weather|RainDance|[upkeep]
|upkeep
|turn|3
|c|☆skoma|.
|c|☆skoma|this team
|c|☆skoma|was made
|c|☆skoma|last year ult
|c|☆skoma|when i started the tier
|c|☆Aberforth|so was mine
|
|t:|1663726990
|switch|p2a: Necrozma|Necrozma-Dusk-Mane|100/100
|move|p1a: Necrozma|Thunder Wave|p2a: Necrozma
|-status|p2a: Necrozma|par
|
|-weather|RainDance|[upkeep]
|upkeep
|turn|4
|c|☆Aberforth|this has a blaziken
|c|☆skoma|wait i was lying
|c|☆Aberforth|do you think i'm using my best teams?
|c|☆skoma|i have spdef ndm
|
|t:|1663727007
|switch|p1a: Ho-Oh|Ho-Oh|100/100
|move|p2a: Necrozma|Stealth Rock|p1a: Ho-Oh
|-sidestart|p1: Aberforth|move: Stealth Rock
|
|-weather|RainDance|[upkeep]
|upkeep
|turn|5
|c|☆skoma|i was telling u that in response of my set
|c|☆skoma|.-.
|
|t:|1663727028
|move|p1a: Ho-Oh|Defog|p2a: Necrozma
|-unboost|p2a: Necrozma|evasion|1
|-sideend|p1: Aberforth|Stealth Rock|[from] move: Defog|[of] p1a: Ho-Oh
|move|p2a: Necrozma|Thunder Wave|p1a: Ho-Oh
|-status|p1a: Ho-Oh|par
|
|-weather|none
|upkeep
|turn|6
|
|t:|1663727031
|move|p1a: Ho-Oh|Brave Bird|p2a: Necrozma
|-resisted|p2a: Necrozma
|-damage|p2a: Necrozma|82/100 par
|-damage|p1a: Ho-Oh|94/100 par|[from] Recoil
|move|p2a: Necrozma|Stealth Rock|p1a: Ho-Oh
|-sidestart|p1: Aberforth|move: Stealth Rock
|
|-heal|p2a: Necrozma|88/100 par|[from] item: Leftovers
|upkeep
|turn|7
|c|☆skoma|u could use ur best teams and get this L still tho bro.
|
|t:|1663727041
|switch|p2a: Kyogre|Kyogre|100/100
|-weather|RainDance|[from] ability: Drizzle|[of] p2a: Kyogre
|move|p1a: Ho-Oh|Defog|p2a: Kyogre
|-unboost|p2a: Kyogre|evasion|1
|-sideend|p1: Aberforth|Stealth Rock|[from] move: Defog|[of] p1a: Ho-Oh
|
|-weather|RainDance|[upkeep]
|upkeep
|turn|8
|
|t:|1663727048
|switch|p2a: Necrozma|Necrozma-Dusk-Mane|88/100 par
|switch|p1a: Eternatus|Eternatus|100/100
|-ability|p1a: Eternatus|Pressure
|
|-weather|RainDance|[upkeep]
|-heal|p2a: Necrozma|94/100 par|[from] item: Leftovers
|upkeep
|turn|9
|
|t:|1663727053
|switch|p1a: Ho-Oh|Ho-Oh|100/100 par
|cant|p2a: Necrozma|par
|
|-weather|RainDance|[upkeep]
|-heal|p2a: Necrozma|99/100 par|[from] item: Leftovers
|upkeep
|turn|10
|inactive|Aberforth has 270 seconds left.
|
|t:|1663727086
|switch|p1a: Blaziken|Blaziken, M|100/100
|move|p2a: Necrozma|Stealth Rock|p1a: Blaziken
|-sidestart|p1: Aberforth|move: Stealth Rock
|
|-weather|RainDance|[upkeep]
|-heal|p2a: Necrozma|100/100 par|[from] item: Leftovers
|upkeep
|turn|11
|
|t:|1663727096
|move|p1a: Blaziken|Swords Dance|p1a: Blaziken
|-boost|p1a: Blaziken|atk|2
|move|p2a: Necrozma|Thunder Wave|p1a: Blaziken
|-status|p1a: Blaziken|par
|
|-weather|none
|-ability|p1a: Blaziken|Speed Boost|boost
|-boost|p1a: Blaziken|spe|1
|upkeep
|turn|12
|
|t:|1663727105
|switch|p2a: Mewtwo|Mewtwo|100/100
|-ability|p2a: Mewtwo|Pressure
|cant|p1a: Blaziken|par
|
|-ability|p1a: Blaziken|Speed Boost|boost
|-boost|p1a: Blaziken|spe|1
|upkeep
|turn|13
|
|t:|1663727115
|move|p2a: Mewtwo|Psystrike|p1a: Blaziken
|-supereffective|p1a: Blaziken
|-enditem|p1a: Blaziken|Focus Sash
|-damage|p1a: Blaziken|1/100 par
|move|p1a: Blaziken|Knock Off|p2a: Mewtwo
|-supereffective|p2a: Mewtwo
|-damage|p2a: Mewtwo|0 fnt
|-enditem|p2a: Mewtwo|Leftovers|[from] move: Knock Off|[of] p1a: Blaziken
|faint|p2a: Mewtwo
|
|-ability|p1a: Blaziken|Speed Boost|boost
|-boost|p1a: Blaziken|spe|1
|upkeep
|
|t:|1663727119
|switch|p2a: Ditto|Ditto|100/100
|-transform|p2a: Ditto|p1a: Blaziken|[from] ability: Imposter
|turn|14
|
|t:|1663727128
|move|p1a: Blaziken|Endure|p1a: Blaziken
|-singleturn|p1a: Blaziken|move: Endure
|move|p2a: Ditto|Knock Off|p1a: Blaziken
|-resisted|p1a: Blaziken
|-activate|p1a: Blaziken|move: Endure
|-damage|p1a: Blaziken|1/100 par
|
|-ability|p2a: Ditto|Speed Boost|boost
|-boost|p2a: Ditto|spe|1
|-ability|p1a: Blaziken|Speed Boost|boost
|-boost|p1a: Blaziken|spe|1
|upkeep
|turn|15
|
|t:|1663727134
|switch|p1a: Ho-Oh|Ho-Oh|100/100 par
|move|p2a: Ditto|Knock Off|p1a: Ho-Oh
|-damage|p1a: Ho-Oh|50/100 par
|-enditem|p1a: Ho-Oh|Heavy-Duty Boots|[from] move: Knock Off|[of] p2a: Ditto
|
|-ability|p2a: Ditto|Speed Boost|boost
|-boost|p2a: Ditto|spe|1
|upkeep
|turn|16
|
|t:|1663727138
|move|p2a: Ditto|Knock Off|p1a: Ho-Oh
|-damage|p1a: Ho-Oh|19/100 par
|cant|p1a: Ho-Oh|par
|
|-ability|p2a: Ditto|Speed Boost|boost
|-boost|p2a: Ditto|spe|1
|upkeep
|turn|17
|
|t:|1663727143
|move|p2a: Ditto|Knock Off|p1a: Ho-Oh
|-damage|p1a: Ho-Oh|0 fnt
|faint|p1a: Ho-Oh
|
|upkeep
|
|t:|1663727148
|switch|p1a: Yveltal|Yveltal|100/100
|-damage|p1a: Yveltal|76/100|[from] Stealth Rock
|-ability|p1a: Yveltal|Dark Aura
|turn|18
|
|t:|1663727152
|switch|p2a: Eternatus|Eternatus|93/100
|-ability|p2a: Eternatus|Pressure
|move|p1a: Yveltal|Defog|p2a: Eternatus
|-unboost|p2a: Eternatus|evasion|1
|-sideend|p1: Aberforth|Stealth Rock|[from] move: Defog|[of] p1a: Yveltal
|
|upkeep
|turn|19
|inactive|Aberforth has 270 seconds left.
|
|t:|1663727187
|switch|p1a: Blaziken|Blaziken, M|1/100 par
|move|p2a: Eternatus|Flamethrower|p1a: Blaziken
|-resisted|p1a: Blaziken
|-damage|p1a: Blaziken|0 fnt
|faint|p1a: Blaziken
|
|upkeep
|inactive|Aberforth has 270 seconds left.
|
|t:|1663727197
|switch|p1a: Eternatus|Eternatus|100/100
|-ability|p1a: Eternatus|Pressure
|turn|20
|-message|Aberforth forfeited.
|
|win|skoma
