|inactive|Battle timer is ON: inactive players will automatically lose when time's up.
|t:|1636157909
|gametype|singles
|player|p1|64 squares|2|
|player|p2|Stallion|bruno|
|teamsize|p1|6
|teamsize|p2|6
|gen|8
|tier|[Gen 8] Ubers
|rule|Sleep Clause Mod: Limit one foe put to sleep
|rule|Species Clause: Limit one of each Pokémon
|rule|OHKO Clause: OHKO moves are banned
|rule|Evasion Moves Clause: Evasion moves are banned
|rule|Endless Battle Clause: Forcing endless battles is banned
|rule|HP Percentage Mod: HP is shown in percentages
|rule|Dynamax Clause: You cannot dynamax
|clearpoke
|poke|p1|Groudon|
|poke|p1|Calyrex-Shadow|
|poke|p1|Necrozma-Dusk-Mane|
|poke|p1|Ho-Oh|
|poke|p1|Yveltal|
|poke|p1|Eternatus|
|poke|p2|Necrozma-Dusk-Mane|
|poke|p2|Yveltal|
|poke|p2|Groudon|
|poke|p2|Zygarde|
|poke|p2|Eternatus|
|poke|p2|Ho-Oh|
|teampreview
|inactive|64 squares has 270 seconds left.
|inactive|Stallion has 270 seconds left.
|c|☆64 squares|glhf
|c|☆Stallion|you too mate :)
|raw|<div class="broadcast-red"><strong>Moderated chat was set to ☆!</strong><br />Only users of rank ☆ and higher can talk.</div>
|inactive|64 squares has 240 seconds left.
|inactive|64 squares has 210 seconds left.
|inactive|64 squares has 180 seconds left.
|
|t:|1636158048
|start
|switch|p1a: Eternatus|Eternatus|100/100
|switch|p2a: Ho-Oh|Ho-Oh|100/100
|-ability|p1a: Eternatus|Pressure
|turn|1
|inactive|64 squares has 210 seconds left.
|
|t:|1636158077
|switch|p2a: Necrozma|Necrozma-Dusk-Mane|100/100
|move|p1a: Eternatus|Toxic Spikes|p2a: Necrozma
|-sidestart|p2: Stallion|move: Toxic Spikes
|
|upkeep
|turn|2
|inactive|64 squares has 210 seconds left.
|inactive|Stallion has 270 seconds left.
|
|t:|1636158110
|switch|p1a: Groudon|Groudon|100/100
|-weather|SunnyDay|[from] ability: Drought|[of] p1a: Groudon
|switch|p2a: Eternatus|Eternatus|100/100
|-sideend|p2: Stallion|move: Toxic Spikes|[of] p2a: Eternatus
|-ability|p2a: Eternatus|Pressure
|
|-weather|SunnyDay|[upkeep]
|upkeep
|turn|3
|inactive|Stallion has 270 seconds left.
|inactive|64 squares has 180 seconds left.
|
|t:|1636158146
|switch|p2a: Groudon|Groudon|100/100
|switch|p1a: Eternatus|Eternatus|100/100
|-ability|p1a: Eternatus|Pressure
|
|-weather|SunnyDay|[upkeep]
|upkeep
|turn|4
|inactive|Stallion has 270 seconds left.
|
|t:|1636158167
|move|p1a: Eternatus|Dynamax Cannon|p2a: Groudon
|-damage|p2a: Groudon|52/100
|move|p2a: Groudon|Earthquake|p1a: Eternatus
|-supereffective|p1a: Eternatus
|-enditem|p1a: Eternatus|Shuca Berry|[eat]
|-enditem|p1a: Eternatus|Shuca Berry|[weaken]
|-damage|p1a: Eternatus|64/100
|
|-weather|SunnyDay|[upkeep]
|-heal|p2a: Groudon|58/100|[from] item: Leftovers
|upkeep
|turn|5
|inactive|64 squares has 150 seconds left.
|
|t:|1636158211
|switch|p1a: Yveltal|Yveltal|100/100
|-ability|p1a: Yveltal|Dark Aura
|switch|p2a: Ho-Oh|Ho-Oh|100/100
|
|-weather|SunnyDay|[upkeep]
|upkeep
|turn|6
|
|t:|1636158230
|move|p1a: Yveltal|Foul Play|p2a: Ho-Oh
|-damage|p2a: Ho-Oh|30/100
|move|p2a: Ho-Oh|Sacred Fire|p1a: Yveltal
|-damage|p1a: Yveltal|26/100
|
|-weather|none
|upkeep
|turn|7
|
|t:|1636158240
|switch|p2a: Eternatus|Eternatus|100/100
|-ability|p2a: Eternatus|Pressure
|move|p1a: Yveltal|Roost|p1a: Yveltal
|-heal|p1a: Yveltal|76/100
|-singleturn|p1a: Yveltal|move: Roost
|
|upkeep
|turn|8
|inactive|Stallion has 270 seconds left.
|
|t:|1636158263
|switch|p2a: Zygarde|Zygarde|100/100
|switch|p1a: Ho-Oh|Ho-Oh|100/100
|
|upkeep
|turn|9
|
|t:|1636158282
|switch|p2a: Eternatus|Eternatus|100/100
|-ability|p2a: Eternatus|Pressure
|switch|p1a: Yveltal|Yveltal|76/100
|-ability|p1a: Yveltal|Dark Aura
|
|upkeep
|turn|10
|
|t:|1636158294
|switch|p1a: Ho-Oh|Ho-Oh|100/100
|move|p2a: Eternatus|Meteor Beam||[still]
|-prepare|p2a: Eternatus|Meteor Beam
|-boost|p2a: Eternatus|spa|1
|-enditem|p2a: Eternatus|Power Herb
|-anim|p2a: Eternatus|Meteor Beam|p1a: Ho-Oh
|-supereffective|p1a: Ho-Oh
|-damage|p1a: Ho-Oh|0 fnt
|faint|p1a: Ho-Oh
|
|upkeep
|
|t:|1636158307
|switch|p1a: Groudon|Groudon|100/100
|-weather|SunnyDay|[from] ability: Drought|[of] p1a: Groudon
|turn|11
|
|t:|1636158314
|switch|p2a: Ho-Oh|Ho-Oh|64/100
|move|p1a: Groudon|Swords Dance|p1a: Groudon
|-boost|p1a: Groudon|atk|2
|
|-weather|SunnyDay|[upkeep]
|upkeep
|turn|12
|
|t:|1636158327
|switch|p2a: Groudon|Groudon|58/100
|move|p1a: Groudon|Rock Slide|p2a: Groudon
|-resisted|p2a: Groudon
|-crit|p2a: Groudon
|-damage|p2a: Groudon|35/100
|
|-weather|SunnyDay|[upkeep]
|-heal|p2a: Groudon|41/100|[from] item: Leftovers
|upkeep
|turn|13
|
|t:|1636158332
|move|p1a: Groudon|Heat Crash|p2a: Groudon
|-damage|p2a: Groudon|15/100
|move|p2a: Groudon|Dragon Tail|p1a: Groudon
|-damage|p1a: Groudon|89/100
|drag|p1a: Calyrex|Calyrex-Shadow|100/100
|-ability|p1a: Calyrex|As One
|-ability|p1a: Calyrex|Unnerve
|
|-weather|SunnyDay|[upkeep]
|-heal|p2a: Groudon|21/100|[from] item: Leftovers
|upkeep
|turn|14
|
|t:|1636158340
|switch|p2a: Yveltal|Yveltal|100/100
|-ability|p2a: Yveltal|Dark Aura
|move|p1a: Calyrex|Astral Barrage|p2a: Yveltal
|-resisted|p2a: Yveltal
|-damage|p2a: Yveltal|59/100
|
|-weather|SunnyDay|[upkeep]
|upkeep
|turn|15
|
|t:|1636158353
|switch|p1a: Eternatus|Eternatus|64/100
|-ability|p1a: Eternatus|Pressure
|move|p2a: Yveltal|Roost|p2a: Yveltal
|-heal|p2a: Yveltal|100/100
|-singleturn|p2a: Yveltal|move: Roost
|
|-weather|none
|upkeep
|turn|16
|
|t:|1636158359
|switch|p2a: Ho-Oh|Ho-Oh|97/100
|move|p1a: Eternatus|Toxic Spikes|p2a: Ho-Oh
|-sidestart|p2: Stallion|move: Toxic Spikes
|
|upkeep
|turn|17
|
|t:|1636158367
|switch|p1a: Groudon|Groudon|89/100
|-weather|SunnyDay|[from] ability: Drought|[of] p1a: Groudon
|move|p2a: Ho-Oh|Defog|p1a: Groudon
|-unboost|p1a: Groudon|evasion|1
|-sideend|p2: Stallion|Toxic Spikes|[from] move: Defog|[of] p2a: Ho-Oh
|
|-weather|SunnyDay|[upkeep]
|-heal|p1a: Groudon|95/100|[from] item: Leftovers
|upkeep
|turn|18
|
|t:|1636158379
|switch|p2a: Groudon|Groudon|21/100
|move|p1a: Groudon|Rock Slide|p2a: Groudon
|-resisted|p2a: Groudon
|-damage|p2a: Groudon|13/100
|
|-weather|SunnyDay|[upkeep]
|-heal|p2a: Groudon|19/100|[from] item: Leftovers
|-heal|p1a: Groudon|100/100|[from] item: Leftovers
|upkeep
|turn|19
|
|t:|1636158385
|move|p1a: Groudon|Earthquake|p2a: Groudon
|-damage|p2a: Groudon|0 fnt
|faint|p2a: Groudon
|
|-weather|SunnyDay|[upkeep]
|upkeep
|
|t:|1636158391
|switch|p2a: Zygarde|Zygarde|100/100
|turn|20
|inactive|64 squares has 180 seconds left.
|
|t:|1636158399
|switch|p1a: Yveltal|Yveltal|76/100
|-ability|p1a: Yveltal|Dark Aura
|move|p2a: Zygarde|Dragon Dance|p2a: Zygarde
|-boost|p2a: Zygarde|atk|1
|-boost|p2a: Zygarde|spe|1
|
|-weather|SunnyDay|[upkeep]
|upkeep
|turn|21
|inactive|64 squares has 180 seconds left.
|
|t:|1636158427
|move|p2a: Zygarde|Outrage|p1a: Yveltal
|-damage|p1a: Yveltal|0 fnt
|faint|p1a: Yveltal
|-damage|p2a: Zygarde|91/100|[from] item: Life Orb
|
|-weather|none
|upkeep
|inactive|64 squares has 150 seconds left.
|inactive|64 squares has 120 seconds left.
|
|t:|1636158492
|switch|p1a: Calyrex|Calyrex-Shadow|100/100
|-ability|p1a: Calyrex|As One
|-ability|p1a: Calyrex|Unnerve
|turn|22
|
|t:|1636158497
|move|p1a: Calyrex|Astral Barrage|p2a: Zygarde
|-damage|p2a: Zygarde|0 fnt
|faint|p2a: Zygarde
|-ability|p1a: Calyrex|Grim Neigh|boost
|-boost|p1a: Calyrex|spa|1
|
|upkeep
|
|t:|1636158500
|switch|p2a: Yveltal|Yveltal|100/100
|-ability|p2a: Yveltal|Dark Aura
|turn|23
|inactive|64 squares has 120 seconds left.
|
|t:|1636158517
|switch|p1a: Eternatus|Eternatus|64/100
|-ability|p1a: Eternatus|Pressure
|move|p2a: Yveltal|Foul Play|p1a: Eternatus
|-damage|p1a: Eternatus|41/100
|
|upkeep
|turn|24
|inactive|64 squares has 120 seconds left.
|inactive|64 squares has 90 seconds left.
|
|t:|1636158575
|switch|p1a: Groudon|Groudon|100/100
|-weather|SunnyDay|[from] ability: Drought|[of] p1a: Groudon
|switch|p2a: Ho-Oh|Ho-Oh|100/100
|
|-weather|SunnyDay|[upkeep]
|upkeep
|turn|25
|inactive|Stallion has 270 seconds left.
|
|t:|1636158626
|move|p2a: Ho-Oh|Sacred Fire|p1a: Groudon
|-damage|p1a: Groudon|44/100
|move|p1a: Groudon|Rock Slide|p2a: Ho-Oh
|-supereffective|p2a: Ho-Oh
|-damage|p2a: Ho-Oh|0 fnt
|faint|p2a: Ho-Oh
|
|-weather|SunnyDay|[upkeep]
|-heal|p1a: Groudon|50/100|[from] item: Leftovers
|upkeep
|c|☆Stallion|Of course I don't get the burn
|c|☆Stallion|I never do
|
|t:|1636158640
|switch|p2a: Yveltal|Yveltal|100/100
|-ability|p2a: Yveltal|Dark Aura
|turn|26
|
|t:|1636158669
|switch|p2a: Necrozma|Necrozma-Dusk-Mane|100/100
|switch|p1a: Eternatus|Eternatus|41/100
|-ability|p1a: Eternatus|Pressure
|
|-weather|SunnyDay|[upkeep]
|upkeep
|turn|27
|inactive|64 squares has 60 seconds left.
|
|t:|1636158686
|switch|p1a: Groudon|Groudon|50/100
|move|p2a: Necrozma|Stealth Rock|p1a: Groudon
|-sidestart|p1: 64 squares|move: Stealth Rock
|
|-weather|SunnyDay|[upkeep]
|-heal|p1a: Groudon|57/100|[from] item: Leftovers
|upkeep
|turn|28
|inactive|64 squares has 60 seconds left.
|
|t:|1636158705
|switch|p2a: Yveltal|Yveltal|100/100
|-ability|p2a: Yveltal|Dark Aura
|move|p1a: Groudon|Earthquake|p2a: Yveltal
|-immune|p2a: Yveltal
|
|-weather|none
|-heal|p1a: Groudon|63/100|[from] item: Leftovers
|upkeep
|turn|29
|inactive|64 squares has 60 seconds left.
|inactive|64 squares has 30 seconds left.
|inactive|64 squares has 20 seconds left.
|
|t:|1636158751
|switch|p1a: Eternatus|Eternatus|41/100
|-damage|p1a: Eternatus|29/100|[from] Stealth Rock
|-ability|p1a: Eternatus|Pressure
|move|p2a: Yveltal|Foul Play|p1a: Eternatus
|-damage|p1a: Eternatus|8/100
|
|upkeep
|turn|30
|inactive|64 squares has 30 seconds left this turn.
|inactive|Stallion has 240 seconds left.
|
|t:|1636158785
|switch|p2a: Necrozma|Necrozma-Dusk-Mane|100/100
|move|p1a: Eternatus|Recover|p1a: Eternatus
|-heal|p1a: Eternatus|58/100
|
|upkeep
|turn|31
|inactive|Stallion has 240 seconds left.
|
|t:|1636158797
|switch|p1a: Necrozma|Necrozma-Dusk-Mane|100/100
|-damage|p1a: Necrozma|94/100|[from] Stealth Rock
|move|p2a: Necrozma|Iron Head|p1a: Necrozma
|-resisted|p1a: Necrozma
|-damage|p1a: Necrozma|79/100
|
|-heal|p1a: Necrozma|85/100|[from] item: Leftovers
|upkeep
|turn|32
|inactive|Stallion has 240 seconds left.
|
|t:|1636158806
|move|p2a: Necrozma|Thunder Wave|p1a: Necrozma
|-status|p1a: Necrozma|par
|move|p1a: Necrozma|Stealth Rock|p2a: Necrozma
|-sidestart|p2: Stallion|move: Stealth Rock
|
|-heal|p1a: Necrozma|91/100 par|[from] item: Leftovers
|upkeep
|turn|33
|
|t:|1636158811
|switch|p2a: Eternatus|Eternatus|100/100
|-damage|p2a: Eternatus|88/100|[from] Stealth Rock
|-ability|p2a: Eternatus|Pressure
|move|p1a: Necrozma|Knock Off|p2a: Eternatus
|-damage|p2a: Eternatus|72/100
|
|-heal|p1a: Necrozma|97/100 par|[from] item: Leftovers
|upkeep
|turn|34
|
|t:|1636158823
|move|p2a: Eternatus|Cosmic Power|p2a: Eternatus
|-boost|p2a: Eternatus|def|1
|-boost|p2a: Eternatus|spd|1
|cant|p1a: Necrozma|par
|
|-heal|p1a: Necrozma|100/100 par|[from] item: Leftovers
|upkeep
|turn|35
|inactive|Stallion has 240 seconds left.
|
|t:|1636158856
|move|p2a: Eternatus|Cosmic Power|p2a: Eternatus
|-boost|p2a: Eternatus|def|1
|-boost|p2a: Eternatus|spd|1
|move|p1a: Necrozma|Sunsteel Strike|p2a: Eternatus
|-damage|p2a: Eternatus|52/100
|
|upkeep
|turn|36
|
|t:|1636158862
|switch|p1a: Calyrex|Calyrex-Shadow|100/100
|-ability|p1a: Calyrex|As One
|-ability|p1a: Calyrex|Unnerve
|-damage|p1a: Calyrex|88/100|[from] Stealth Rock
|move|p2a: Eternatus|Recover|p2a: Eternatus
|-heal|p2a: Eternatus|100/100
|
|upkeep
|turn|37
|inactive|Stallion has 240 seconds left.
|inactive|64 squares has 30 seconds left.
|
|t:|1636158898
|move|p1a: Calyrex|Trick|p2a: Eternatus
|-activate|p1a: Calyrex|move: Trick|[of] p2a: Eternatus
|-item|p2a: Eternatus|Choice Specs|[from] move: Trick
|-enditem|p1a: Calyrex|Choice Specs|[silent]|[from] move: Trick
|move|p2a: Eternatus|Dragon Pulse|p1a: Calyrex
|-damage|p1a: Calyrex|28/100
|
|upkeep
|turn|38
|inactive|64 squares has 30 seconds left.
|
|t:|1636158912
|switch|p1a: Necrozma|Necrozma-Dusk-Mane|100/100 par
|-damage|p1a: Necrozma|94/100 par|[from] Stealth Rock
|move|p2a: Eternatus|Dragon Pulse|p1a: Necrozma
|-resisted|p1a: Necrozma
|-damage|p1a: Necrozma|78/100 par
|
|-heal|p1a: Necrozma|84/100 par|[from] item: Leftovers
|upkeep
|turn|39
|inactive|64 squares has 30 seconds left.
|
|t:|1636158921
|move|p2a: Eternatus|Dragon Pulse|p1a: Necrozma
|-resisted|p1a: Necrozma
|-damage|p1a: Necrozma|66/100 par
|move|p1a: Necrozma|Stealth Rock||[still]
|-fail|p1a: Necrozma
|
|-heal|p1a: Necrozma|72/100 par|[from] item: Leftovers
|upkeep
|turn|40
|
|t:|1636158924
|move|p2a: Eternatus|Dragon Pulse|p1a: Necrozma
|-resisted|p1a: Necrozma
|-damage|p1a: Necrozma|55/100 par
|move|p1a: Necrozma|Morning Sun|p1a: Necrozma
|-heal|p1a: Necrozma|100/100 par
|
|upkeep
|turn|41
|
|t:|1636158932
|move|p2a: Eternatus|Dragon Pulse|p1a: Necrozma
|-resisted|p1a: Necrozma
|-damage|p1a: Necrozma|82/100 par
|move|p1a: Necrozma|Stealth Rock||[still]
|-fail|p1a: Necrozma
|
|-heal|p1a: Necrozma|88/100 par|[from] item: Leftovers
|upkeep
|turn|42
|
|t:|1636158940
|move|p2a: Eternatus|Dragon Pulse|p1a: Necrozma
|-resisted|p1a: Necrozma
|-damage|p1a: Necrozma|72/100 par
|move|p1a: Necrozma|Stealth Rock||[still]
|-fail|p1a: Necrozma
|
|-heal|p1a: Necrozma|78/100 par|[from] item: Leftovers
|upkeep
|turn|43
|
|t:|1636158944
|move|p2a: Eternatus|Dragon Pulse|p1a: Necrozma
|-resisted|p1a: Necrozma
|-damage|p1a: Necrozma|60/100 par
|cant|p1a: Necrozma|par
|
|-heal|p1a: Necrozma|66/100 par|[from] item: Leftovers
|upkeep
|turn|44
|
|t:|1636158949
|move|p2a: Eternatus|Dragon Pulse|p1a: Necrozma
|-resisted|p1a: Necrozma
|-damage|p1a: Necrozma|48/100 par
|move|p1a: Necrozma|Morning Sun|p1a: Necrozma
|-heal|p1a: Necrozma|98/100 par
|
|-heal|p1a: Necrozma|100/100 par|[from] item: Leftovers
|upkeep
|turn|45
|
|t:|1636158955
|switch|p2a: Yveltal|Yveltal|100/100
|-ability|p2a: Yveltal|Dark Aura
|move|p1a: Necrozma|Stealth Rock||[still]
|-fail|p1a: Necrozma
|
|upkeep
|turn|46
|
|t:|1636158961
|switch|p1a: Eternatus|Eternatus|58/100
|-damage|p1a: Eternatus|46/100|[from] Stealth Rock
|-ability|p1a: Eternatus|Pressure
|move|p2a: Yveltal|Foul Play|p1a: Eternatus
|-damage|p1a: Eternatus|23/100
|
|upkeep
|turn|47
|
|t:|1636158967
|switch|p2a: Necrozma|Necrozma-Dusk-Mane|100/100
|-damage|p2a: Necrozma|94/100|[from] Stealth Rock
|move|p1a: Eternatus|Recover|p1a: Eternatus
|-heal|p1a: Eternatus|73/100
|
|-heal|p2a: Necrozma|100/100|[from] item: Leftovers
|upkeep
|turn|48
|inactive|64 squares has 90 seconds left.
|
|t:|1636158989
|switch|p1a: Groudon|Groudon|63/100
|-damage|p1a: Groudon|57/100|[from] Stealth Rock
|-weather|SunnyDay|[from] ability: Drought|[of] p1a: Groudon
|move|p2a: Necrozma|Iron Head|p1a: Groudon
|-damage|p1a: Groudon|30/100
|
|-weather|SunnyDay|[upkeep]
|-heal|p1a: Groudon|36/100|[from] item: Leftovers
|upkeep
|turn|49
|
|t:|1636159003
|switch|p2a: Yveltal|Yveltal|100/100
|-ability|p2a: Yveltal|Dark Aura
|move|p1a: Groudon|Earthquake|p2a: Yveltal
|-immune|p2a: Yveltal
|
|-weather|SunnyDay|[upkeep]
|-heal|p1a: Groudon|43/100|[from] item: Leftovers
|upkeep
|turn|50
|
|t:|1636159017
|switch|p2a: Necrozma|Necrozma-Dusk-Mane|100/100
|-damage|p2a: Necrozma|94/100|[from] Stealth Rock
|switch|p1a: Eternatus|Eternatus|73/100
|-damage|p1a: Eternatus|61/100|[from] Stealth Rock
|-ability|p1a: Eternatus|Pressure
|
|-weather|SunnyDay|[upkeep]
|-heal|p2a: Necrozma|100/100|[from] item: Leftovers
|upkeep
|turn|51
|
|t:|1636159025
|move|p1a: Eternatus|Flamethrower|p2a: Necrozma
|-supereffective|p2a: Necrozma
|-damage|p2a: Necrozma|61/100
|move|p2a: Necrozma|Iron Head|p1a: Eternatus
|-damage|p1a: Eternatus|32/100
|
|-weather|SunnyDay|[upkeep]
|-heal|p2a: Necrozma|67/100|[from] item: Leftovers
|upkeep
|turn|52
|inactive|64 squares has 90 seconds left.
|
|t:|1636159040
|move|p1a: Eternatus|Recover|p1a: Eternatus
|-heal|p1a: Eternatus|82/100
|move|p2a: Necrozma|Thunder Wave|p1a: Eternatus
|-status|p1a: Eternatus|par
|
|-weather|none
|-heal|p2a: Necrozma|73/100|[from] item: Leftovers
|upkeep
|turn|53
|inactive|64 squares has 90 seconds left.
|
|t:|1636159046
|move|p2a: Necrozma|Iron Head|p1a: Eternatus
|-damage|p1a: Eternatus|54/100 par
|move|p1a: Eternatus|Recover|p1a: Eternatus
|-heal|p1a: Eternatus|100/100 par
|
|-heal|p2a: Necrozma|79/100|[from] item: Leftovers
|upkeep
|turn|54
|
|t:|1636159054
|move|p2a: Necrozma|Iron Head|p1a: Eternatus
|-damage|p1a: Eternatus|70/100 par
|cant|p1a: Eternatus|flinch
|
|-heal|p2a: Necrozma|85/100|[from] item: Leftovers
|upkeep
|turn|55
|
|t:|1636159058
|move|p2a: Necrozma|Iron Head|p1a: Eternatus
|-damage|p1a: Eternatus|40/100 par
|cant|p1a: Eternatus|flinch
|
|-heal|p2a: Necrozma|91/100|[from] item: Leftovers
|upkeep
|turn|56
|
|t:|1636159061
|move|p2a: Necrozma|Iron Head|p1a: Eternatus
|-damage|p1a: Eternatus|11/100 par
|move|p1a: Eternatus|Recover|p1a: Eternatus
|-heal|p1a: Eternatus|61/100 par
|
|-heal|p2a: Necrozma|97/100|[from] item: Leftovers
|upkeep
|turn|57
|inactive|64 squares has 120 seconds left.
|
|t:|1636159079
|move|p2a: Necrozma|Iron Head|p1a: Eternatus
|-damage|p1a: Eternatus|31/100 par
|cant|p1a: Eternatus|par
|
|-heal|p2a: Necrozma|100/100|[from] item: Leftovers
|upkeep
|turn|58
|
|t:|1636159084
|move|p2a: Necrozma|Iron Head|p1a: Eternatus
|-damage|p1a: Eternatus|0 fnt
|faint|p1a: Eternatus
|
|upkeep
|
|t:|1636159087
|switch|p1a: Calyrex|Calyrex-Shadow|28/100
|-ability|p1a: Calyrex|As One
|-ability|p1a: Calyrex|Unnerve
|-damage|p1a: Calyrex|16/100|[from] Stealth Rock
|turn|59
|
|t:|1636159109
|switch|p2a: Eternatus|Eternatus|100/100
|-damage|p2a: Eternatus|88/100|[from] Stealth Rock
|-ability|p2a: Eternatus|Pressure
|move|p1a: Calyrex|Astral Barrage|p2a: Eternatus
|-damage|p2a: Eternatus|43/100
|
|upkeep
|turn|60
|
|t:|1636159117
|switch|p2a: Yveltal|Yveltal|100/100
|-ability|p2a: Yveltal|Dark Aura
|move|p1a: Calyrex|Astral Barrage|p2a: Yveltal
|-resisted|p2a: Yveltal
|-damage|p2a: Yveltal|75/100
|
|upkeep
|turn|61
|inactive|64 squares has 120 seconds left.
|
|t:|1636159162
|move|p2a: Yveltal|Sucker Punch|p1a: Calyrex
|-supereffective|p1a: Calyrex
|-damage|p1a: Calyrex|0 fnt
|faint|p1a: Calyrex
|
|upkeep
|
|t:|1636159165
|switch|p1a: Necrozma|Necrozma-Dusk-Mane|100/100 par
|-damage|p1a: Necrozma|94/100 par|[from] Stealth Rock
|turn|62
|
|t:|1636159170
|move|p2a: Yveltal|Foul Play|p1a: Necrozma
|-supereffective|p1a: Necrozma
|-damage|p1a: Necrozma|27/100 par
|cant|p1a: Necrozma|par
|
|-heal|p1a: Necrozma|33/100 par|[from] item: Leftovers
|upkeep
|turn|63
|c|☆64 squares|gg
|-message|64 squares forfeited.
|
|win|Stallion
|c|☆Stallion|gg
