|inactive|Battle timer is ON: inactive players will automatically lose when time's up.
|t:|1664630166
|gametype|singles
|player|p1|Inder|lucas|
|player|p2|entrocefalo|doctor|
|teamsize|p1|6
|teamsize|p2|6
|gen|8
|tier|[Gen 8] Ubers
|rule|Sleep Clause Mod: Limit one foe put to sleep
|rule|Species Clause: Limit one of each Pokémon
|rule|OHKO Clause: OHKO moves are banned
|rule|Evasion Items Clause: Evasion items are banned
|rule|Evasion Moves Clause: Evasion moves are banned
|rule|Endless Battle Clause: Forcing endless battles is banned
|rule|HP Percentage Mod: HP is shown in percentages
|rule|Dynamax Clause: You cannot dynamax
|clearpoke
|poke|p1|Necrozma-Dusk-Mane|
|poke|p1|Landorus-Therian, M|
|poke|p1|Zekrom|
|poke|p1|Yveltal|
|poke|p1|Eternatus|
|poke|p1|Kyogre|
|poke|p2|Ho-Oh|
|poke|p2|Groudon|
|poke|p2|Xatu, F|
|poke|p2|Yveltal|
|poke|p2|Eternatus|
|poke|p2|Lunala|
|teampreview
|inactive|Inder also wants the timer to be on.
|c|☆entrocefalo|hf
|c|%TDR|lgi inder
|c|+Lunala|who won g1
|c|☆Inder|hf
|c|+Hoennseptile|Entro
|c|+Lunala|ty
|c|+Micciu20250|Inder win ça 
|inactive|Inder has 270 seconds left.
|inactive|entrocefalo has 270 seconds left.
|inactive|entrocefalo has 240 seconds left.
|c|☆Inder|inshallah
|
|t:|1664630253
|start
|switch|p1a: Landorus|Landorus-Therian, M|100/100
|switch|p2a: Eternatus|Eternatus|100/100
|-ability|p2a: Eternatus|Pressure
|-ability|p1a: Landorus|Intimidate|boost
|-unboost|p2a: Eternatus|atk|1
|turn|1
|
|t:|1664630260
|switch|p2a: Xatu|Xatu, F|100/100
|switch|p1a: Necrozma|Necrozma-Dusk-Mane|100/100
|
|upkeep
|turn|2
|
|t:|1664630271
|switch|p2a: Groudon|Groudon|100/100
|-weather|SunnyDay|[from] ability: Drought|[of] p2a: Groudon
|move|p1a: Necrozma|Knock Off|p2a: Groudon
|-damage|p2a: Groudon|86/100
|-enditem|p2a: Groudon|Leftovers|[from] move: Knock Off|[of] p1a: Necrozma
|
|-weather|SunnyDay|[upkeep]
|upkeep
|turn|3
|
|t:|1664630276
|switch|p1a: Kyogre|Kyogre|100/100
|-weather|RainDance|[from] ability: Drizzle|[of] p1a: Kyogre
|move|p2a: Groudon|Stealth Rock|p1a: Kyogre
|-sidestart|p1: Inder|move: Stealth Rock
|
|-weather|RainDance|[upkeep]
|upkeep
|turn|4
|c|+Rhmsitb|Go inder goat
|
|t:|1664630285
|switch|p2a: Eternatus|Eternatus|100/100
|-ability|p2a: Eternatus|Pressure
|move|p1a: Kyogre|Ice Beam|p2a: Eternatus
|-supereffective|p2a: Eternatus
|-damage|p2a: Eternatus|34/100
|
|-weather|RainDance|[upkeep]
|-heal|p2a: Eternatus|40/100|[from] item: Black Sludge
|upkeep
|turn|5
|
|t:|1664630289
|move|p2a: Eternatus|Recover|p2a: Eternatus
|-heal|p2a: Eternatus|90/100
|move|p1a: Kyogre|Ice Beam|p2a: Eternatus
|-supereffective|p2a: Eternatus
|-damage|p2a: Eternatus|16/100
|
|-weather|RainDance|[upkeep]
|-heal|p2a: Eternatus|22/100|[from] item: Black Sludge
|upkeep
|turn|6
|
|t:|1664630294
|switch|p2a: Ho-Oh|Ho-Oh|100/100
|-ability|p2a: Ho-Oh|Pressure
|move|p1a: Kyogre|Ice Beam|p2a: Ho-Oh
|-damage|p2a: Ho-Oh|64/100
|
|-weather|RainDance|[upkeep]
|upkeep
|turn|7
|
|t:|1664630300
|switch|p1a: Landorus|Landorus-Therian, M|100/100
|-damage|p1a: Landorus|88/100|[from] Stealth Rock
|-ability|p1a: Landorus|Intimidate|boost
|-unboost|p2a: Ho-Oh|atk|1
|move|p2a: Ho-Oh|Brave Bird|p1a: Landorus
|-damage|p1a: Landorus|42/100
|-damage|p2a: Ho-Oh|48/100|[from] Recoil
|
|-weather|none
|-heal|p1a: Landorus|48/100|[from] item: Leftovers
|upkeep
|turn|8
|
|t:|1664630310
|switch|p2a: Xatu|Xatu, F|100/100
|switch|p1a: Yveltal|Yveltal|100/100
|-ability|p1a: Yveltal|Dark Aura
|
|upkeep
|turn|9
|inactive|entrocefalo has 270 seconds left.
|
|t:|1664630345
|move|p1a: Yveltal|Defog|p2a: Xatu
|move|p2a: Xatu|Defog|p1a: Yveltal|[from]ability: Magic Bounce
|-unboost|p1a: Yveltal|evasion|1
|-sideend|p1: Inder|Stealth Rock|[from] move: Defog|[of] p2a: Xatu
|move|p2a: Xatu|Toxic|p1a: Yveltal
|-status|p1a: Yveltal|tox
|
|-damage|p1a: Yveltal|94/100 tox|[from] psn
|upkeep
|turn|10
|inactive|entrocefalo has 270 seconds left.
|inactive|entrocefalo has 240 seconds left.
|
|t:|1664630386
|switch|p1a: Landorus|Landorus-Therian, M|48/100
|-ability|p1a: Landorus|Intimidate|boost
|-unboost|p2a: Xatu|atk|1
|switch|p2a: Groudon|Groudon|86/100
|-weather|SunnyDay|[from] ability: Drought|[of] p2a: Groudon
|
|-weather|SunnyDay|[upkeep]
|-heal|p1a: Landorus|54/100|[from] item: Leftovers
|upkeep
|turn|11
|inactive|entrocefalo has 240 seconds left.
|
|t:|1664630397
|switch|p2a: Xatu|Xatu, F|100/100
|move|p1a: Landorus|Stealth Rock|p2a: Xatu
|move|p2a: Xatu|Stealth Rock|p1a: Landorus|[from]ability: Magic Bounce
|-sidestart|p1: Inder|move: Stealth Rock
|
|-weather|SunnyDay|[upkeep]
|-heal|p1a: Landorus|60/100|[from] item: Leftovers
|upkeep
|turn|12
|
|t:|1664630403
|move|p1a: Landorus|Stone Edge|p2a: Xatu|[miss]
|-miss|p1a: Landorus|p2a: Xatu
|move|p2a: Xatu|Teleport|p2a: Xatu
|
|t:|1664630412
|switch|p2a: Lunala|Lunala|100/100|[from]move: Teleport
|
|-weather|SunnyDay|[upkeep]
|-heal|p1a: Landorus|66/100|[from] item: Leftovers
|upkeep
|turn|13
|
|t:|1664630418
|switch|p1a: Necrozma|Necrozma-Dusk-Mane|100/100
|-damage|p1a: Necrozma|94/100|[from] Stealth Rock
|move|p2a: Lunala|Ice Beam|p1a: Necrozma
|-resisted|p1a: Necrozma
|-damage|p1a: Necrozma|84/100
|
|-weather|SunnyDay|[upkeep]
|upkeep
|turn|14
|
|t:|1664630426
|switch|p2a: Groudon|Groudon|86/100
|switch|p1a: Yveltal|Yveltal|94/100 tox
|-ability|p1a: Yveltal|Dark Aura
|
|-weather|none
|-damage|p1a: Yveltal|88/100 tox|[from] psn
|upkeep
|turn|15
|inactive|entrocefalo has 270 seconds left.
|
|t:|1664630435
|switch|p1a: Landorus|Landorus-Therian, M|66/100
|-damage|p1a: Landorus|54/100|[from] Stealth Rock
|-ability|p1a: Landorus|Intimidate|boost
|-unboost|p2a: Groudon|atk|1
|switch|p2a: Eternatus|Eternatus|22/100
|-ability|p2a: Eternatus|Pressure
|
|-heal|p2a: Eternatus|28/100|[from] item: Black Sludge
|-heal|p1a: Landorus|60/100|[from] item: Leftovers
|upkeep
|turn|16
|inactive|entrocefalo has 270 seconds left.
|
|t:|1664630459
|switch|p1a: Necrozma|Necrozma-Dusk-Mane|84/100
|-damage|p1a: Necrozma|78/100|[from] Stealth Rock
|move|p2a: Eternatus|Dynamax Cannon|p1a: Necrozma
|-resisted|p1a: Necrozma
|-damage|p1a: Necrozma|65/100
|
|-heal|p2a: Eternatus|34/100|[from] item: Black Sludge
|upkeep
|turn|17
|
|t:|1664630469
|switch|p2a: Groudon|Groudon|86/100
|-weather|SunnyDay|[from] ability: Drought|[of] p2a: Groudon
|move|p1a: Necrozma|Morning Sun|p1a: Necrozma
|-heal|p1a: Necrozma|100/100
|
|-weather|SunnyDay|[upkeep]
|upkeep
|turn|18
|inactive|entrocefalo has 270 seconds left.
|
|t:|1664630476
|move|p2a: Groudon|Lava Plume|p1a: Necrozma
|-supereffective|p1a: Necrozma
|-damage|p1a: Necrozma|77/100
|move|p1a: Necrozma|Knock Off|p2a: Groudon
|-damage|p2a: Groudon|74/100
|
|-weather|SunnyDay|[upkeep]
|upkeep
|turn|19
|
|t:|1664630492
|switch|p1a: Eternatus|Eternatus|100/100
|-ability|p1a: Eternatus|Pressure
|move|p2a: Groudon|Earthquake|p1a: Eternatus
|-supereffective|p1a: Eternatus
|-damage|p1a: Eternatus|23/100
|
|-weather|SunnyDay|[upkeep]
|upkeep
|turn|20
|inactive|entrocefalo has 270 seconds left.
|
|t:|1664630507
|switch|p1a: Yveltal|Yveltal|88/100 tox
|-ability|p1a: Yveltal|Dark Aura
|move|p2a: Groudon|Earthquake|p1a: Yveltal
|-immune|p1a: Yveltal
|
|-weather|SunnyDay|[upkeep]
|-damage|p1a: Yveltal|82/100 tox|[from] psn
|upkeep
|turn|21
|inactive|entrocefalo has 270 seconds left.
|
|t:|1664630527
|switch|p2a: Yveltal|Yveltal|100/100
|-ability|p2a: Yveltal|Dark Aura
|move|p1a: Yveltal|Defog|p2a: Yveltal
|-unboost|p2a: Yveltal|evasion|1
|-sideend|p1: Inder|Stealth Rock|[from] move: Defog|[of] p1a: Yveltal
|
|-weather|none
|-damage|p1a: Yveltal|70/100 tox|[from] psn
|upkeep
|turn|22
|
|t:|1664630536
|switch|p1a: Landorus|Landorus-Therian, M|60/100
|-ability|p1a: Landorus|Intimidate|boost
|-unboost|p2a: Yveltal|atk|1
|move|p2a: Yveltal|Knock Off|p1a: Landorus
|-damage|p1a: Landorus|33/100
|-enditem|p1a: Landorus|Leftovers|[from] move: Knock Off|[of] p2a: Yveltal
|
|upkeep
|turn|23
|inactive|entrocefalo has 270 seconds left.
|
|t:|1664630554
|move|p2a: Yveltal|Taunt|p1a: Landorus
|-start|p1a: Landorus|move: Taunt
|move|p1a: Landorus|Stone Edge|p2a: Yveltal
|-supereffective|p2a: Yveltal
|-damage|p2a: Yveltal|40/100
|
|upkeep
|turn|24
|
|t:|1664630558
|switch|p1a: Zekrom|Zekrom|100/100
|-ability|p1a: Zekrom|Teravolt
|move|p2a: Yveltal|Roost|p2a: Yveltal
|-heal|p2a: Yveltal|90/100
|-singleturn|p2a: Yveltal|move: Roost
|
|upkeep
|turn|25
|
|t:|1664630571
|move|p2a: Yveltal|Knock Off|p1a: Zekrom
|-crit|p1a: Zekrom
|-damage|p1a: Zekrom|30/100
|-enditem|p1a: Zekrom|Life Orb|[from] move: Knock Off|[of] p2a: Yveltal
|move|p1a: Zekrom|Dragon Claw|p2a: Yveltal
|-damage|p2a: Yveltal|46/100
|
|upkeep
|turn|26
|
|t:|1664630578
|switch|p2a: Lunala|Lunala|100/100
|switch|p1a: Landorus|Landorus-Therian, M|33/100
|-ability|p1a: Landorus|Intimidate|boost
|-unboost|p2a: Lunala|atk|1
|
|upkeep
|turn|27
|
|t:|1664630585
|switch|p1a: Necrozma|Necrozma-Dusk-Mane|77/100
|move|p2a: Lunala|Moongeist Beam|p1a: Necrozma
|-supereffective|p1a: Necrozma
|-damage|p1a: Necrozma|25/100
|
|upkeep
|turn|28
|
|t:|1664630597
|switch|p1a: Yveltal|Yveltal|70/100 tox
|-ability|p1a: Yveltal|Dark Aura
|move|p2a: Lunala|Moongeist Beam|p1a: Yveltal
|-resisted|p1a: Yveltal
|-damage|p1a: Yveltal|52/100 tox
|
|-damage|p1a: Yveltal|46/100 tox|[from] psn
|upkeep
|turn|29
|inactive|entrocefalo has 270 seconds left.
|inactive|entrocefalo has 240 seconds left.
|c|+Astreau|LETS GO INDER
|inactive|entrocefalo has 210 seconds left.
|c|☆Inder|frere c chaud la
|inactive|entrocefalo has 180 seconds left.
|
|t:|1664630735
|move|p1a: Yveltal|Roost|p1a: Yveltal
|-heal|p1a: Yveltal|96/100 tox
|-singleturn|p1a: Yveltal|move: Roost
|move|p2a: Lunala|Meteor Beam||[still]
|-prepare|p2a: Lunala|Meteor Beam
|-boost|p2a: Lunala|spa|1
|-enditem|p2a: Lunala|Power Herb
|-anim|p2a: Lunala|Meteor Beam|p1a: Yveltal
|-damage|p1a: Yveltal|47/100 tox
|
|-damage|p1a: Yveltal|34/100 tox|[from] psn
|upkeep
|turn|30
|
|t:|1664630757
|move|p1a: Yveltal|Foul Play|p2a: Lunala
|-supereffective|p2a: Lunala
|-damage|p2a: Lunala|47/100
|move|p2a: Lunala|Ice Beam|p1a: Yveltal
|-supereffective|p1a: Yveltal
|-damage|p1a: Yveltal|0 fnt
|faint|p1a: Yveltal
|
|upkeep
|
|t:|1664630772
|switch|p1a: Eternatus|Eternatus|23/100
|-ability|p1a: Eternatus|Pressure
|turn|31
|inactive|entrocefalo has 150 seconds left.
|inactive|entrocefalo has 120 seconds left.
|
|t:|1664630833
|move|p1a: Eternatus|Draco Meteor|p2a: Lunala
|-damage|p2a: Lunala|0 fnt
|-unboost|p1a: Eternatus|spa|2
|faint|p2a: Lunala
|
|upkeep
|
|t:|1664630848
|switch|p2a: Ho-Oh|Ho-Oh|48/100
|-ability|p2a: Ho-Oh|Pressure
|turn|32
|c|☆entrocefalo|pressure lol 
|c|☆Inder|just saw it
|inactive|Inder has 270 seconds left.
|inactive|entrocefalo has 90 seconds left.
|
|t:|1664630907
|switch|p1a: Landorus|Landorus-Therian, M|33/100
|-ability|p1a: Landorus|Intimidate|boost
|-unboost|p2a: Ho-Oh|atk|1
|move|p2a: Ho-Oh|Brave Bird|p1a: Landorus
|-damage|p1a: Landorus|0 fnt
|faint|p1a: Landorus
|-damage|p2a: Ho-Oh|36/100|[from] Recoil
|
|upkeep
|
|t:|1664630915
|switch|p1a: Necrozma|Necrozma-Dusk-Mane|25/100
|turn|33
|inactive|entrocefalo has 90 seconds left.
|
|t:|1664630944
|move|p2a: Ho-Oh|Brave Bird|p1a: Necrozma
|-resisted|p1a: Necrozma
|-damage|p1a: Necrozma|0 fnt
|faint|p1a: Necrozma
|-damage|p2a: Ho-Oh|27/100|[from] Recoil
|
|upkeep
|
|t:|1664630958
|switch|p1a: Kyogre|Kyogre|100/100
|-weather|RainDance|[from] ability: Drizzle|[of] p1a: Kyogre
|turn|34
|
|t:|1664630982
|move|p1a: Kyogre|Water Spout|p2a: Ho-Oh
|-supereffective|p2a: Ho-Oh
|-damage|p2a: Ho-Oh|0 fnt
|faint|p2a: Ho-Oh
|
|-weather|RainDance|[upkeep]
|upkeep
|inactive|entrocefalo has 60 seconds left.
|inactive|entrocefalo has 30 seconds left.
|inactive|entrocefalo has 20 seconds left.
|
|t:|1664631035
|switch|p2a: Eternatus|Eternatus|34/100
|-ability|p2a: Eternatus|Pressure
|turn|35
|inactive|entrocefalo has 30 seconds left this turn.
|
|t:|1664631040
|switch|p2a: Xatu|Xatu, F|100/100
|move|p1a: Kyogre|Water Spout|p2a: Xatu
|-damage|p2a: Xatu|0 fnt
|faint|p2a: Xatu
|
|-weather|RainDance|[upkeep]
|upkeep
|inactive|entrocefalo has 30 seconds left.
|
|t:|1664631045
|switch|p2a: Eternatus|Eternatus|34/100
|-ability|p2a: Eternatus|Pressure
|turn|36
|
|t:|1664631051
|move|p2a: Eternatus|Recover|p2a: Eternatus
|-heal|p2a: Eternatus|84/100
|move|p1a: Kyogre|Water Spout|p2a: Eternatus
|-resisted|p2a: Eternatus
|-damage|p2a: Eternatus|19/100
|
|-weather|RainDance|[upkeep]
|-heal|p2a: Eternatus|25/100|[from] item: Black Sludge
|upkeep
|turn|37
|
|t:|1664631056
|move|p2a: Eternatus|Recover|p2a: Eternatus
|-heal|p2a: Eternatus|75/100
|move|p1a: Kyogre|Water Spout|p2a: Eternatus
|-resisted|p2a: Eternatus
|-damage|p2a: Eternatus|14/100
|
|-weather|RainDance|[upkeep]
|-heal|p2a: Eternatus|21/100|[from] item: Black Sludge
|upkeep
|turn|38
|
|t:|1664631065
|switch|p1a: Eternatus|Eternatus|23/100
|-ability|p1a: Eternatus|Pressure
|move|p2a: Eternatus|Recover|p2a: Eternatus
|-heal|p2a: Eternatus|71/100
|
|-weather|none
|-heal|p2a: Eternatus|77/100|[from] item: Black Sludge
|upkeep
|turn|39
|
|t:|1664631072
|move|p1a: Eternatus|Draco Meteor|p2a: Eternatus
|-supereffective|p2a: Eternatus
|-damage|p2a: Eternatus|4/100
|-unboost|p1a: Eternatus|spa|2
|move|p2a: Eternatus|Dynamax Cannon|p1a: Eternatus
|-supereffective|p1a: Eternatus
|-damage|p1a: Eternatus|0 fnt
|faint|p1a: Eternatus
|
|-heal|p2a: Eternatus|10/100|[from] item: Black Sludge
|upkeep
|
|t:|1664631084
|switch|p1a: Kyogre|Kyogre|100/100
|-weather|RainDance|[from] ability: Drizzle|[of] p1a: Kyogre
|turn|40
|
|t:|1664631092
|move|p2a: Eternatus|Dynamax Cannon|p1a: Kyogre
|-damage|p1a: Kyogre|64/100
|move|p1a: Kyogre|Ice Beam|p2a: Eternatus
|-supereffective|p2a: Eternatus
|-damage|p2a: Eternatus|0 fnt
|faint|p2a: Eternatus
|
|-weather|RainDance|[upkeep]
|upkeep
|inactive|entrocefalo has 60 seconds left.
|
|t:|1664631103
|switch|p2a: Yveltal|Yveltal|46/100
|-ability|p2a: Yveltal|Dark Aura
|turn|41
|inactive|entrocefalo has 60 seconds left.
|
|t:|1664631123
|move|p2a: Yveltal|Roost|p2a: Yveltal
|-heal|p2a: Yveltal|96/100
|-singleturn|p2a: Yveltal|move: Roost
|move|p1a: Kyogre|Ice Beam|p2a: Yveltal
|-damage|p2a: Yveltal|56/100
|
|-weather|RainDance|[upkeep]
|upkeep
|turn|42
|inactive|entrocefalo has 60 seconds left.
|
|t:|1664631132
|move|p2a: Yveltal|Roost|p2a: Yveltal
|-heal|p2a: Yveltal|100/100
|-singleturn|p2a: Yveltal|move: Roost
|move|p1a: Kyogre|Ice Beam|p2a: Yveltal
|-damage|p2a: Yveltal|62/100
|-status|p2a: Yveltal|frz
|
|-weather|RainDance|[upkeep]
|upkeep
|turn|43
|
|t:|1664631135
|cant|p2a: Yveltal|frz
|move|p1a: Kyogre|Ice Beam|p2a: Yveltal
|-supereffective|p2a: Yveltal
|-damage|p2a: Yveltal|0 fnt
|faint|p2a: Yveltal
|
|-weather|RainDance|[upkeep]
|upkeep
|
|t:|1664631137
|switch|p2a: Groudon|Groudon|74/100
|-weather|SunnyDay|[from] ability: Drought|[of] p2a: Groudon
|turn|44
|c|%Eledyr|only way
|c|☆entrocefalo|yepp
|c|☆Inder|not the cleanest game ever
|
|t:|1664631159
|move|p1a: Kyogre|Ice Beam|p2a: Groudon
|-supereffective|p2a: Groudon
|-damage|p2a: Groudon|0 fnt
|faint|p2a: Groudon
|
|win|Inder
|c|☆entrocefalo|gg
|c|☆Inder|gg
