|inactive|Battle timer is ON: inactive players will automatically lose when time's up.
|t:|1644506684
|gametype|singles
|player|p1|Sage|phoebe-gen3|
|player|p2|Ballfire|#ndpl2crying|
|teamsize|p1|6
|teamsize|p2|6
|gen|8
|tier|[Gen 8] Ubers
|rule|Sleep Clause Mod: Limit one foe put to sleep
|rule|Species Clause: Limit one of each Pokémon
|rule|OHKO Clause: OHKO moves are banned
|rule|Evasion Moves Clause: Evasion moves are banned
|rule|Endless Battle Clause: Forcing endless battles is banned
|rule|HP Percentage Mod: HP is shown in percentages
|rule|Dynamax Clause: You cannot dynamax
|clearpoke
|poke|p1|Marshadow|
|poke|p1|Ferrothorn, M|
|poke|p1|Eternatus|
|poke|p1|Zygarde|
|poke|p1|Yveltal|
|poke|p1|Necrozma-Dusk-Mane|
|poke|p2|Slurpuff, F|
|poke|p2|Weavile, M|
|poke|p2|Marshadow|
|poke|p2|Yveltal|
|poke|p2|Calyrex-Shadow|
|poke|p2|Necrozma-Dusk-Mane|
|teampreview
|inactive|Ballfire also wants the timer to be on.
|c|☆Ballfire|HF
|c|☆Sage|y2
|inactive|Sage has 270 seconds left.
|inactive|Ballfire has 270 seconds left.
|c|+Highlord|Ball of Fire 
|inactive|Sage has 240 seconds left.
|inactive|Ballfire has 240 seconds left.
|c|☆Ballfire|Hi lord
|inactive|Sage has 210 seconds left.
|c|+QWILY|ballfire!!
|inactive|Ballfire has 210 seconds left.
|
|t:|1644506788
|start
|switch|p1a: Necrozma|Necrozma-Dusk-Mane|100/100
|switch|p2a: Slurpuff|Slurpuff, F|100/100
|turn|1
|inactive|Sage has 270 seconds left.
|
|t:|1644506804
|move|p2a: Slurpuff|Magic Coat|p2a: Slurpuff
|-singleturn|p2a: Slurpuff|move: Magic Coat
|move|p1a: Necrozma|Stealth Rock|p2a: Slurpuff
|move|p2a: Slurpuff|Stealth Rock|p1a: Necrozma|[from]Magic Coat
|-sidestart|p1: Sage|move: Stealth Rock
|
|upkeep
|turn|2
|c|☆Ballfire|Hi qwily
|
|t:|1644506813
|move|p2a: Slurpuff|Sticky Web|p1a: Necrozma
|-sidestart|p1: Sage|move: Sticky Web
|move|p1a: Necrozma|Stealth Rock|p2a: Slurpuff
|-sidestart|p2: Ballfire|move: Stealth Rock
|
|upkeep
|turn|3
|
|t:|1644506816
|move|p2a: Slurpuff|Yawn|p1a: Necrozma
|-start|p1a: Necrozma|move: Yawn|[of] p2a: Slurpuff
|move|p1a: Necrozma|Sunsteel Strike|p2a: Slurpuff
|-supereffective|p2a: Slurpuff
|-enditem|p2a: Slurpuff|Focus Sash
|-damage|p2a: Slurpuff|1/100
|
|upkeep
|turn|4
|
|t:|1644506820
|switch|p1a: Ferrothorn|Ferrothorn, M|100/100
|-damage|p1a: Ferrothorn|94/100|[from] Stealth Rock
|-activate|p1a: Ferrothorn|move: Sticky Web
|-unboost|p1a: Ferrothorn|spe|1
|move|p2a: Slurpuff|Yawn|p1a: Ferrothorn
|-start|p1a: Ferrothorn|move: Yawn|[of] p2a: Slurpuff
|
|-heal|p1a: Ferrothorn|100/100|[from] item: Leftovers
|upkeep
|turn|5
|inactive|Sage has 270 seconds left.
|inactive|Sage has 240 seconds left.
|
|t:|1644506884
|switch|p1a: Necrozma|Necrozma-Dusk-Mane|100/100
|-damage|p1a: Necrozma|94/100|[from] Stealth Rock
|-activate|p1a: Necrozma|move: Sticky Web
|-unboost|p1a: Necrozma|spe|1
|move|p2a: Slurpuff|Yawn|p1a: Necrozma
|-start|p1a: Necrozma|move: Yawn|[of] p2a: Slurpuff
|
|-heal|p1a: Necrozma|100/100|[from] item: Leftovers
|upkeep
|turn|6
|
|t:|1644506890
|move|p2a: Slurpuff|Yawn||[still]
|-fail|p2a: Slurpuff
|move|p1a: Necrozma|Sunsteel Strike|p2a: Slurpuff
|-supereffective|p2a: Slurpuff
|-damage|p2a: Slurpuff|0 fnt
|faint|p2a: Slurpuff
|
|-end|p1a: Necrozma|move: Yawn|[silent]
|-status|p1a: Necrozma|slp
|upkeep
|
|t:|1644506915
|switch|p2a: Calyrex|Calyrex-Shadow|100/100
|-ability|p2a: Calyrex|As One
|-ability|p2a: Calyrex|Unnerve
|-damage|p2a: Calyrex|88/100|[from] Stealth Rock
|turn|7
|
|t:|1644506927
|switch|p1a: Yveltal|Yveltal|100/100
|-ability|p1a: Yveltal|Dark Aura
|move|p2a: Calyrex|Nasty Plot|p2a: Calyrex
|-boost|p2a: Calyrex|spa|2
|
|upkeep
|turn|8
|
|t:|1644506932
|move|p2a: Calyrex|Draining Kiss|p1a: Yveltal
|-supereffective|p1a: Yveltal
|-damage|p1a: Yveltal|42/100
|-heal|p2a: Calyrex|100/100|[from] drain|[of] p1a: Yveltal
|move|p1a: Yveltal|Knock Off|p2a: Calyrex
|-supereffective|p2a: Calyrex
|-enditem|p2a: Calyrex|Focus Sash
|-damage|p2a: Calyrex|1/100
|
|upkeep
|turn|9
|
|t:|1644506938
|switch|p1a: Ferrothorn|Ferrothorn, M|100/100
|-activate|p1a: Ferrothorn|move: Sticky Web
|-unboost|p1a: Ferrothorn|spe|1
|-damage|p1a: Ferrothorn|94/100|[from] Stealth Rock
|move|p2a: Calyrex|Draining Kiss|p1a: Ferrothorn
|-resisted|p1a: Ferrothorn
|-damage|p1a: Ferrothorn|77/100
|-heal|p2a: Calyrex|14/100|[from] drain|[of] p1a: Ferrothorn
|-damage|p2a: Calyrex|1/100|[from] ability: Iron Barbs|[of] p1a: Ferrothorn
|
|-heal|p1a: Ferrothorn|84/100|[from] item: Leftovers
|upkeep
|turn|10
|inactive|Sage has 270 seconds left.
|
|t:|1644506947
|switch|p1a: Yveltal|Yveltal|42/100
|-ability|p1a: Yveltal|Dark Aura
|move|p2a: Calyrex|Astral Barrage|p1a: Yveltal
|-resisted|p1a: Yveltal
|-damage|p1a: Yveltal|0 fnt
|faint|p1a: Yveltal
|-ability|p2a: Calyrex|Grim Neigh|boost
|-boost|p2a: Calyrex|spa|1
|
|upkeep
|
|t:|1644506949
|switch|p1a: Marshadow|Marshadow|100/100
|-damage|p1a: Marshadow|94/100|[from] Stealth Rock
|-activate|p1a: Marshadow|move: Sticky Web
|-unboost|p1a: Marshadow|spe|1
|turn|11
|
|t:|1644506956
|move|p1a: Marshadow|Shadow Sneak|p2a: Calyrex
|-supereffective|p2a: Calyrex
|-damage|p2a: Calyrex|0 fnt
|faint|p2a: Calyrex
|
|upkeep
|
|t:|1644506978
|switch|p2a: Yveltal|Yveltal|100/100
|-damage|p2a: Yveltal|76/100|[from] Stealth Rock
|-ability|p2a: Yveltal|Dark Aura
|turn|12
|
|t:|1644506997
|switch|p1a: Eternatus|Eternatus|100/100
|-ability|p1a: Eternatus|Pressure
|move|p2a: Yveltal|Oblivion Wing|p1a: Eternatus
|-damage|p1a: Eternatus|68/100
|-heal|p2a: Yveltal|100/100|[from] drain|[of] p1a: Eternatus
|-damage|p2a: Yveltal|91/100|[from] item: Life Orb
|
|upkeep
|turn|13
|
|t:|1644507007
|move|p1a: Eternatus|Dynamax Cannon|p2a: Yveltal
|-damage|p2a: Yveltal|48/100
|move|p2a: Yveltal|Knock Off|p1a: Eternatus
|-damage|p1a: Eternatus|10/100
|-enditem|p1a: Eternatus|Heavy-Duty Boots|[from] move: Knock Off|[of] p2a: Yveltal
|-damage|p2a: Yveltal|38/100|[from] item: Life Orb
|
|upkeep
|turn|14
|inactive|Sage has 270 seconds left.
|inactive|Sage has 240 seconds left.
|
|t:|1644507078
|move|p1a: Eternatus|Recover|p1a: Eternatus
|-heal|p1a: Eternatus|60/100
|move|p2a: Yveltal|Oblivion Wing|p1a: Eternatus
|-damage|p1a: Eternatus|29/100
|-heal|p2a: Yveltal|66/100|[from] drain|[of] p1a: Eternatus
|-damage|p2a: Yveltal|56/100|[from] item: Life Orb
|
|upkeep
|turn|15
|inactive|Sage has 240 seconds left.
|
|t:|1644507085
|move|p1a: Eternatus|Recover|p1a: Eternatus
|-heal|p1a: Eternatus|79/100
|move|p2a: Yveltal|Oblivion Wing|p1a: Eternatus
|-damage|p1a: Eternatus|47/100
|-heal|p2a: Yveltal|83/100|[from] drain|[of] p1a: Eternatus
|-damage|p2a: Yveltal|74/100|[from] item: Life Orb
|
|upkeep
|turn|16
|
|t:|1644507093
|move|p1a: Eternatus|Recover|p1a: Eternatus
|-heal|p1a: Eternatus|97/100
|move|p2a: Yveltal|Oblivion Wing|p1a: Eternatus
|-damage|p1a: Eternatus|67/100
|-heal|p2a: Yveltal|100/100|[from] drain|[of] p1a: Eternatus
|-damage|p2a: Yveltal|91/100|[from] item: Life Orb
|
|upkeep
|turn|17
|
|t:|1644507103
|move|p1a: Eternatus|Recover|p1a: Eternatus
|-heal|p1a: Eternatus|100/100
|move|p2a: Yveltal|Oblivion Wing|p1a: Eternatus
|-damage|p1a: Eternatus|65/100
|-heal|p2a: Yveltal|100/100|[from] drain|[of] p1a: Eternatus
|-damage|p2a: Yveltal|91/100|[from] item: Life Orb
|
|upkeep
|turn|18
|
|t:|1644507110
|move|p1a: Eternatus|Recover|p1a: Eternatus
|-heal|p1a: Eternatus|100/100
|move|p2a: Yveltal|Taunt|p1a: Eternatus
|-start|p1a: Eternatus|move: Taunt
|
|upkeep
|turn|19
|
|t:|1644507117
|move|p1a: Eternatus|Dynamax Cannon|p2a: Yveltal
|-damage|p2a: Yveltal|51/100
|move|p2a: Yveltal|Oblivion Wing|p1a: Eternatus
|-damage|p1a: Eternatus|70/100
|-heal|p2a: Yveltal|78/100|[from] drain|[of] p1a: Eternatus
|-damage|p2a: Yveltal|68/100|[from] item: Life Orb
|
|upkeep
|turn|20
|inactive|Sage has 270 seconds left.
|
|t:|1644507134
|move|p1a: Eternatus|Dynamax Cannon|p2a: Yveltal
|-damage|p2a: Yveltal|26/100
|move|p2a: Yveltal|Oblivion Wing|p1a: Eternatus
|-damage|p1a: Eternatus|39/100
|-heal|p2a: Yveltal|53/100|[from] drain|[of] p1a: Eternatus
|-damage|p2a: Yveltal|43/100|[from] item: Life Orb
|
|upkeep
|turn|21
|
|t:|1644507149
|move|p2a: Yveltal|Sucker Punch|p1a: Eternatus
|-damage|p1a: Eternatus|1/100
|-damage|p2a: Yveltal|33/100|[from] item: Life Orb
|move|p1a: Eternatus|Dynamax Cannon|p2a: Yveltal
|-damage|p2a: Yveltal|0 fnt
|faint|p2a: Yveltal
|
|-end|p1a: Eternatus|move: Taunt
|upkeep
|inactive|Ballfire has 270 seconds left.
|
|t:|1644507183
|switch|p2a: Marshadow|Marshadow|100/100
|-damage|p2a: Marshadow|94/100|[from] Stealth Rock
|turn|22
|inactive|Ballfire has 270 seconds left.
|
|t:|1644507195
|move|p2a: Marshadow|Shadow Sneak|p1a: Eternatus
|-damage|p1a: Eternatus|0 fnt
|faint|p1a: Eternatus
|-damage|p2a: Marshadow|84/100|[from] item: Life Orb
|
|upkeep
|inactive|Sage has 240 seconds left.
|inactive|Sage has 210 seconds left.
|
|t:|1644507251
|switch|p1a: Zygarde|Zygarde|100/100
|-damage|p1a: Zygarde|94/100|[from] Stealth Rock
|-activate|p1a: Zygarde|move: Sticky Web
|-unboost|p1a: Zygarde|spe|1
|turn|23
|inactive|Ballfire has 270 seconds left.
|
|t:|1644507267
|move|p2a: Marshadow|Bulk Up|p2a: Marshadow
|-boost|p2a: Marshadow|atk|1
|-boost|p2a: Marshadow|def|1
|move|p1a: Zygarde|Glare|p2a: Marshadow
|-status|p2a: Marshadow|par
|
|-heal|p1a: Zygarde|100/100|[from] item: Leftovers
|upkeep
|turn|24
|
|t:|1644507286
|cant|p2a: Marshadow|par
|move|p1a: Zygarde|Thousand Arrows|p2a: Marshadow
|-damage|p2a: Marshadow|57/100 par
|
|upkeep
|turn|25
|
|t:|1644507292
|move|p2a: Marshadow|Low Kick|p1a: Zygarde
|-damage|p1a: Zygarde|33/100
|-damage|p2a: Marshadow|47/100 par|[from] item: Life Orb
|move|p1a: Zygarde|Thousand Arrows|p2a: Marshadow
|-damage|p2a: Marshadow|22/100 par
|
|-heal|p1a: Zygarde|39/100|[from] item: Leftovers
|-activate|p1a: Zygarde|ability: Power Construct
|detailschange|p1a: Zygarde|Zygarde-Complete
|-heal|p1a: Zygarde|61/100|[silent]
|upkeep
|turn|26
|
|t:|1644507305
|switch|p1a: Necrozma|Necrozma-Dusk-Mane|100/100 slp
|-damage|p1a: Necrozma|94/100 slp|[from] Stealth Rock
|-activate|p1a: Necrozma|move: Sticky Web
|-unboost|p1a: Necrozma|spe|1
|move|p2a: Marshadow|Low Kick|p1a: Necrozma
|-damage|p1a: Necrozma|8/100 slp
|-damage|p2a: Marshadow|12/100 par|[from] item: Life Orb
|
|-heal|p1a: Necrozma|14/100 slp|[from] item: Leftovers
|upkeep
|turn|27
|
|t:|1644507310
|move|p2a: Marshadow|Low Kick|p1a: Necrozma
|-damage|p1a: Necrozma|0 fnt
|faint|p1a: Necrozma
|-damage|p2a: Marshadow|2/100 par|[from] item: Life Orb
|
|upkeep
|
|t:|1644507326
|switch|p1a: Zygarde|Zygarde-Complete|61/100
|-activate|p1a: Zygarde|move: Sticky Web
|-unboost|p1a: Zygarde|spe|1
|-damage|p1a: Zygarde|54/100|[from] Stealth Rock
|turn|28
|
|t:|1644507329
|move|p2a: Marshadow|Low Kick|p1a: Zygarde
|-damage|p1a: Zygarde|10/100
|-damage|p2a: Marshadow|0 fnt|[from] item: Life Orb
|faint|p2a: Marshadow
|move|p1a: Zygarde|Thousand Arrows|p2: Marshadow|[notarget]
|-fail|p1a: Zygarde
|
|-heal|p1a: Zygarde|17/100|[from] item: Leftovers
|upkeep
|
|t:|1644507336
|switch|p2a: Weavile|Weavile, M|100/100
|-damage|p2a: Weavile|76/100|[from] Stealth Rock
|-ability|p2a: Weavile|Pressure
|turn|29
|
|t:|1644507341
|move|p2a: Weavile|Knock Off|p1a: Zygarde
|-damage|p1a: Zygarde|0 fnt
|-enditem|p1a: Zygarde|Leftovers|[from] move: Knock Off|[of] p2a: Weavile
|faint|p1a: Zygarde
|
|upkeep
|
|t:|1644507343
|switch|p1a: Ferrothorn|Ferrothorn, M|84/100
|-activate|p1a: Ferrothorn|move: Sticky Web
|-unboost|p1a: Ferrothorn|spe|1
|-damage|p1a: Ferrothorn|77/100|[from] Stealth Rock
|turn|30
|
|t:|1644507352
|move|p2a: Weavile|Knock Off|p1a: Ferrothorn
|-damage|p1a: Ferrothorn|49/100
|-damage|p2a: Weavile|63/100|[from] ability: Iron Barbs|[of] p1a: Ferrothorn
|-enditem|p1a: Ferrothorn|Leftovers|[from] move: Knock Off|[of] p2a: Weavile
|move|p1a: Ferrothorn|Body Press|p2a: Weavile
|-supereffective|p2a: Weavile
|-damage|p2a: Weavile|0 fnt
|faint|p2a: Weavile
|
|upkeep
|
|t:|1644507364
|switch|p2a: Necrozma|Necrozma-Dusk-Mane|100/100
|-damage|p2a: Necrozma|95/100|[from] Stealth Rock
|turn|31
|inactive|Sage has 240 seconds left.
|inactive|Ballfire has 270 seconds left.
|inactive|Ballfire has 240 seconds left.
|inactive|Ballfire has 210 seconds left.
|inactive|Ballfire has 180 seconds left.
|
|t:|1644507501
|move|p2a: Necrozma|Earthquake|p1a: Ferrothorn
|-crit|p1a: Ferrothorn
|-damage|p1a: Ferrothorn|9/100
|move|p1a: Ferrothorn|Iron Defense|p1a: Ferrothorn
|-boost|p1a: Ferrothorn|def|2
|
|upkeep
|turn|32
|c|☆Sage|fuuuck
|c|+Highlord|ballfire ur a cheater
|c|☆Ballfire|Mb
|inactive|Ballfire has 150 seconds left.
|inactive|Ballfire has 120 seconds left.
|inactive|Sage has 210 seconds left.
|inactive|Ballfire has 90 seconds left.
|
|t:|1644507598
|move|p2a: Necrozma|Earthquake|p1a: Ferrothorn
|-damage|p1a: Ferrothorn|0 fnt
|faint|p1a: Ferrothorn
|
|upkeep
|
|t:|1644507602
|switch|p1a: Marshadow|Marshadow|94/100
|-activate|p1a: Marshadow|move: Sticky Web
|-unboost|p1a: Marshadow|spe|1
|-damage|p1a: Marshadow|88/100|[from] Stealth Rock
|turn|33
|inactive|Sage has 210 seconds left.
|inactive|Ballfire has 90 seconds left.
|inactive|Sage has 180 seconds left.
|inactive|Ballfire has 60 seconds left.
|inactive|Sage has 150 seconds left.
|
|t:|1644507689
|move|p1a: Marshadow|Low Kick|p2a: Necrozma
|-damage|p2a: Necrozma|13/100
|move|p2a: Necrozma|Sunsteel Strike|p1a: Marshadow
|-damage|p1a: Marshadow|5/100
|
|upkeep
|turn|34
|c|☆Sage|gg
|
|t:|1644507696
|move|p1a: Marshadow|Low Kick|p2a: Necrozma
|-damage|p2a: Necrozma|0 fnt
|faint|p2a: Necrozma
|
|win|Sage
|c|☆Ballfire|GG
