|inactive|Battle timer is ON: inactive players will automatically lose when time's up.
|t:|1655358002
|gametype|singles
|player|p1|Skarph♫|lucas-gen4pt|
|player|p2|Trade|may|
|teamsize|p1|6
|teamsize|p2|6
|gen|8
|tier|[Gen 8] Ubers
|rule|Sleep Clause Mod: Limit one foe put to sleep
|rule|Species Clause: Limit one of each Pokémon
|rule|OHKO Clause: OHKO moves are banned
|rule|Evasion Moves Clause: Evasion moves are banned
|rule|Endless Battle Clause: Forcing endless battles is banned
|rule|HP Percentage Mod: HP is shown in percentages
|rule|Dynamax Clause: You cannot dynamax
|clearpoke
|poke|p1|Yveltal|
|poke|p1|Necrozma-Dusk-Mane|
|poke|p1|Weavile, F|
|poke|p1|Eternatus|
|poke|p1|Ferrothorn, M|
|poke|p1|Calyrex-Shadow|
|poke|p2|Lunala|
|poke|p2|Calyrex-Shadow|
|poke|p2|Yveltal|
|poke|p2|Necrozma-Dusk-Mane|
|poke|p2|Eternatus|
|poke|p2|Marshadow|
|teampreview
|c|☆Skarph♫|hf
|c|☆Trade|hf
|
|t:|1655358022
|start
|switch|p1a: Yveltal|Yveltal|100/100
|switch|p2a: Necrozma|Necrozma-Dusk-Mane|100/100
|-ability|p1a: Yveltal|Dark Aura
|turn|1
|
|t:|1655358047
|switch|p1a: Ferrothorn|Ferrothorn, M|100/100
|switch|p2a: Eternatus|Eternatus|100/100
|-ability|p2a: Eternatus|Pressure
|
|upkeep
|turn|2
|
|t:|1655358058
|switch|p2a: Lunala|Lunala|100/100
|switch|p1a: Necrozma|Necrozma-Dusk-Mane|100/100
|
|upkeep
|turn|3
|
|t:|1655358068
|switch|p1a: Ferrothorn|Ferrothorn, M|100/100
|move|p2a: Lunala|Moongeist Beam|p1a: Ferrothorn
|-damage|p1a: Ferrothorn|51/100
|
|-heal|p1a: Ferrothorn|57/100|[from] item: Leftovers
|upkeep
|turn|4
|
|t:|1655358086
|switch|p1a: Weavile|Weavile, F|100/100
|-ability|p1a: Weavile|Pressure
|move|p2a: Lunala|Moongeist Beam|p1a: Weavile
|-resisted|p1a: Weavile
|-damage|p1a: Weavile|65/100
|
|upkeep
|turn|5
|
|t:|1655358106
|switch|p2a: Necrozma|Necrozma-Dusk-Mane|100/100
|move|p1a: Weavile|Knock Off|p2a: Necrozma
|-supereffective|p2a: Necrozma
|-damage|p2a: Necrozma|33/100
|-damage|p1a: Weavile|48/100|[from] item: Rocky Helmet|[of] p2a: Necrozma
|-enditem|p2a: Necrozma|Rocky Helmet|[from] move: Knock Off|[of] p1a: Weavile
|-damage|p1a: Weavile|38/100|[from] item: Life Orb
|
|upkeep
|turn|6
|
|t:|1655358112
|move|p1a: Weavile|Knock Off|p2a: Necrozma
|-supereffective|p2a: Necrozma
|-damage|p2a: Necrozma|0 fnt
|faint|p2a: Necrozma
|-damage|p1a: Weavile|28/100|[from] item: Life Orb
|
|upkeep
|
|t:|1655358116
|switch|p2a: Calyrex|Calyrex-Shadow|100/100
|-ability|p2a: Calyrex|As One
|-ability|p2a: Calyrex|Unnerve
|turn|7
|
|t:|1655358123
|switch|p1a: Yveltal|Yveltal|100/100
|-ability|p1a: Yveltal|Dark Aura
|move|p2a: Calyrex|Astral Barrage|p1a: Yveltal
|-resisted|p1a: Yveltal
|-damage|p1a: Yveltal|75/100
|
|upkeep
|turn|8
|
|t:|1655358126
|switch|p2a: Eternatus|Eternatus|100/100
|-ability|p2a: Eternatus|Pressure
|move|p1a: Yveltal|Roost|p1a: Yveltal
|-heal|p1a: Yveltal|100/100
|-singleturn|p1a: Yveltal|move: Roost
|
|upkeep
|turn|9
|
|t:|1655358133
|switch|p1a: Calyrex|Calyrex-Shadow|100/100
|-ability|p1a: Calyrex|As One
|-ability|p1a: Calyrex|Unnerve
|move|p2a: Eternatus|Toxic|p1a: Calyrex
|-status|p1a: Calyrex|tox
|
|-damage|p1a: Calyrex|94/100 tox|[from] psn
|upkeep
|turn|10
|
|t:|1655358138
|switch|p1a: Weavile|Weavile, F|28/100
|-ability|p1a: Weavile|Pressure
|move|p2a: Eternatus|Dynamax Cannon|p1a: Weavile
|-damage|p1a: Weavile|0 fnt
|faint|p1a: Weavile
|
|upkeep
|
|t:|1655358142
|switch|p1a: Necrozma|Necrozma-Dusk-Mane|100/100
|turn|11
|
|t:|1655358148
|switch|p2a: Lunala|Lunala|100/100
|move|p1a: Necrozma|Sunsteel Strike|p2a: Lunala
|-damage|p2a: Lunala|79/100
|
|upkeep
|turn|12
|
|t:|1655358175
|move|p2a: Lunala|Meteor Beam||[still]
|-prepare|p2a: Lunala|Meteor Beam
|-boost|p2a: Lunala|spa|1
|-enditem|p2a: Lunala|Power Herb
|-anim|p2a: Lunala|Meteor Beam|p1a: Necrozma
|-resisted|p1a: Necrozma
|-damage|p1a: Necrozma|80/100
|move|p1a: Necrozma|Dragon Dance|p1a: Necrozma
|-boost|p1a: Necrozma|atk|1
|-boost|p1a: Necrozma|spe|1
|
|-heal|p1a: Necrozma|86/100|[from] item: Leftovers
|upkeep
|turn|13
|inactive|Skarph♫ has 270 seconds left.
|
|t:|1655358199
|switch|p1a: Ferrothorn|Ferrothorn, M|57/100
|move|p2a: Lunala|Moongeist Beam|p1a: Ferrothorn
|-damage|p1a: Ferrothorn|0 fnt
|faint|p1a: Ferrothorn
|
|upkeep
|
|t:|1655358201
|switch|p1a: Calyrex|Calyrex-Shadow|94/100 tox
|-ability|p1a: Calyrex|As One
|-ability|p1a: Calyrex|Unnerve
|turn|14
|
|t:|1655358203
|switch|p2a: Yveltal|Yveltal|100/100
|-ability|p2a: Yveltal|Dark Aura
|move|p1a: Calyrex|Astral Barrage|p2a: Yveltal
|-resisted|p2a: Yveltal
|-damage|p2a: Yveltal|65/100
|
|-damage|p1a: Calyrex|88/100 tox|[from] psn
|upkeep
|turn|15
|
|t:|1655358208
|switch|p1a: Eternatus|Eternatus|100/100
|-ability|p1a: Eternatus|Pressure
|move|p2a: Yveltal|Roost|p2a: Yveltal
|-heal|p2a: Yveltal|100/100
|-singleturn|p2a: Yveltal|move: Roost
|
|upkeep
|turn|16
|
|t:|1655358223
|move|p1a: Eternatus|Toxic|p2a: Yveltal
|-status|p2a: Yveltal|tox
|move|p2a: Yveltal|U-turn|p1a: Eternatus
|-resisted|p1a: Eternatus
|-damage|p1a: Eternatus|93/100
|
|t:|1655358225
|switch|p2a: Lunala|Lunala|79/100|[from]move: U-turn
|
|upkeep
|turn|17
|
|t:|1655358246
|switch|p1a: Yveltal|Yveltal|100/100
|-ability|p1a: Yveltal|Dark Aura
|move|p2a: Lunala|Ice Beam|p1a: Yveltal
|-supereffective|p1a: Yveltal
|-damage|p1a: Yveltal|55/100
|
|upkeep
|turn|18
|
|t:|1655358254
|move|p1a: Yveltal|Roost|p1a: Yveltal
|-heal|p1a: Yveltal|100/100
|-singleturn|p1a: Yveltal|move: Roost
|move|p2a: Lunala|Ice Beam|p1a: Yveltal
|-damage|p1a: Yveltal|78/100
|
|upkeep
|turn|19
|
|t:|1655358259
|switch|p2a: Eternatus|Eternatus|100/100
|-ability|p2a: Eternatus|Pressure
|move|p1a: Yveltal|Roost|p1a: Yveltal
|-heal|p1a: Yveltal|100/100
|-singleturn|p1a: Yveltal|move: Roost
|
|upkeep
|turn|20
|
|t:|1655358265
|switch|p1a: Necrozma|Necrozma-Dusk-Mane|86/100
|move|p2a: Eternatus|Flamethrower|p1a: Necrozma
|-supereffective|p1a: Necrozma
|-damage|p1a: Necrozma|61/100
|
|-heal|p1a: Necrozma|67/100|[from] item: Leftovers
|upkeep
|turn|21
|
|t:|1655358273
|move|p2a: Eternatus|Flamethrower|p1a: Necrozma
|-supereffective|p1a: Necrozma
|-damage|p1a: Necrozma|39/100
|-status|p1a: Necrozma|brn
|move|p1a: Necrozma|Sunsteel Strike|p2a: Eternatus
|-crit|p2a: Eternatus
|-damage|p2a: Eternatus|72/100
|
|-heal|p1a: Necrozma|45/100 brn|[from] item: Leftovers
|-damage|p1a: Necrozma|39/100 brn|[from] brn
|upkeep
|turn|22
|
|t:|1655358277
|switch|p2a: Lunala|Lunala|79/100
|move|p1a: Necrozma|Moonlight|p1a: Necrozma
|-heal|p1a: Necrozma|89/100 brn
|
|-heal|p1a: Necrozma|95/100 brn|[from] item: Leftovers
|-damage|p1a: Necrozma|89/100 brn|[from] brn
|upkeep
|turn|23
|
|t:|1655358282
|switch|p1a: Yveltal|Yveltal|100/100
|-ability|p1a: Yveltal|Dark Aura
|move|p2a: Lunala|Ice Beam|p1a: Yveltal
|-supereffective|p1a: Yveltal
|-damage|p1a: Yveltal|53/100
|
|upkeep
|turn|24
|
|t:|1655358284
|switch|p2a: Eternatus|Eternatus|72/100
|-ability|p2a: Eternatus|Pressure
|move|p1a: Yveltal|Roost|p1a: Yveltal
|-heal|p1a: Yveltal|100/100
|-singleturn|p1a: Yveltal|move: Roost
|
|upkeep
|turn|25
|
|t:|1655358292
|switch|p2a: Lunala|Lunala|79/100
|switch|p1a: Necrozma|Necrozma-Dusk-Mane|89/100 brn
|
|-heal|p1a: Necrozma|95/100 brn|[from] item: Leftovers
|-damage|p1a: Necrozma|89/100 brn|[from] brn
|upkeep
|turn|26
|
|t:|1655358297
|switch|p1a: Yveltal|Yveltal|100/100
|-ability|p1a: Yveltal|Dark Aura
|move|p2a: Lunala|Ice Beam|p1a: Yveltal
|-supereffective|p1a: Yveltal
|-damage|p1a: Yveltal|52/100
|
|upkeep
|turn|27
|
|t:|1655358300
|switch|p2a: Eternatus|Eternatus|72/100
|-ability|p2a: Eternatus|Pressure
|move|p1a: Yveltal|Roost|p1a: Yveltal
|-heal|p1a: Yveltal|100/100
|-singleturn|p1a: Yveltal|move: Roost
|
|upkeep
|turn|28
|
|t:|1655358302
|switch|p1a: Necrozma|Necrozma-Dusk-Mane|89/100 brn
|move|p2a: Eternatus|Toxic||[still]
|-fail|p2a: Eternatus
|
|-heal|p1a: Necrozma|95/100 brn|[from] item: Leftovers
|-damage|p1a: Necrozma|89/100 brn|[from] brn
|upkeep
|turn|29
|
|t:|1655358306
|switch|p2a: Lunala|Lunala|79/100
|switch|p1a: Calyrex|Calyrex-Shadow|88/100 tox
|-ability|p1a: Calyrex|As One
|-ability|p1a: Calyrex|Unnerve
|
|-damage|p1a: Calyrex|82/100 tox|[from] psn
|upkeep
|turn|30
|
|t:|1655358314
|switch|p2a: Yveltal|Yveltal|100/100 tox
|-ability|p2a: Yveltal|Dark Aura
|move|p1a: Calyrex|Astral Barrage|p2a: Yveltal
|-resisted|p2a: Yveltal
|-damage|p2a: Yveltal|65/100 tox
|
|-damage|p1a: Calyrex|70/100 tox|[from] psn
|-damage|p2a: Yveltal|59/100 tox|[from] psn
|upkeep
|turn|31
|
|t:|1655358318
|switch|p1a: Eternatus|Eternatus|93/100
|-ability|p1a: Eternatus|Pressure
|move|p2a: Yveltal|Roost|p2a: Yveltal
|-heal|p2a: Yveltal|100/100 tox
|-singleturn|p2a: Yveltal|move: Roost
|
|-damage|p2a: Yveltal|88/100 tox|[from] psn
|upkeep
|turn|32
|
|t:|1655358321
|move|p1a: Eternatus|Dynamax Cannon|p2a: Yveltal
|-damage|p2a: Yveltal|64/100 tox
|move|p2a: Yveltal|U-turn|p1a: Eternatus
|-resisted|p1a: Eternatus
|-crit|p1a: Eternatus
|-damage|p1a: Eternatus|82/100
|
|t:|1655358328
|switch|p2a: Calyrex|Calyrex-Shadow|100/100|[from]move: U-turn
|-ability|p2a: Calyrex|As One
|-ability|p2a: Calyrex|Unnerve
|
|upkeep
|turn|33
|
|t:|1655358331
|switch|p1a: Yveltal|Yveltal|100/100
|-ability|p1a: Yveltal|Dark Aura
|move|p2a: Calyrex|Trick|p1a: Yveltal
|-activate|p2a: Calyrex|move: Trick|[of] p1a: Yveltal
|-item|p1a: Yveltal|Choice Scarf|[from] move: Trick
|-item|p2a: Calyrex|Heavy-Duty Boots|[from] move: Trick
|
|upkeep
|turn|34
|
|t:|1655358334
|switch|p1a: Calyrex|Calyrex-Shadow|70/100 tox
|-ability|p1a: Calyrex|As One
|-ability|p1a: Calyrex|Unnerve
|switch|p2a: Eternatus|Eternatus|72/100
|-ability|p2a: Eternatus|Pressure
|
|-damage|p1a: Calyrex|64/100 tox|[from] psn
|upkeep
|turn|35
|
|t:|1655358349
|switch|p2a: Lunala|Lunala|79/100
|move|p1a: Calyrex|Astral Barrage|p2a: Lunala
|-supereffective|p2a: Lunala
|-crit|p2a: Lunala
|-damage|p2a: Lunala|0 fnt
|faint|p2a: Lunala
|-ability|p1a: Calyrex|Grim Neigh|boost
|-boost|p1a: Calyrex|spa|1
|
|-damage|p1a: Calyrex|51/100 tox|[from] psn
|upkeep
|
|t:|1655358359
|switch|p2a: Yveltal|Yveltal|64/100 tox
|-ability|p2a: Yveltal|Dark Aura
|turn|36
|inactive|Skarph♫ disconnected and has 300 seconds to reconnect!
|player|p1|
|inactive|Skarph♫ reconnected and has 290 seconds left.
|player|p1|Skarph♫|lucas-gen4pt
|inactive|Skarph♫ has 270 seconds left.
|
|t:|1655358406
|switch|p1a: Yveltal|Yveltal|100/100
|-ability|p1a: Yveltal|Dark Aura
|move|p2a: Yveltal|U-turn|p1a: Yveltal
|-damage|p1a: Yveltal|84/100
|
|t:|1655358411
|switch|p2a: Eternatus|Eternatus|72/100|[from]move: U-turn
|-ability|p2a: Eternatus|Pressure
|
|upkeep
|turn|37
|
|t:|1655358414
|switch|p1a: Necrozma|Necrozma-Dusk-Mane|89/100 brn
|move|p2a: Eternatus|Recover|p2a: Eternatus
|-heal|p2a: Eternatus|100/100
|
|-heal|p1a: Necrozma|95/100 brn|[from] item: Leftovers
|-damage|p1a: Necrozma|89/100 brn|[from] brn
|upkeep
|turn|38
|
|t:|1655358427
|switch|p2a: Calyrex|Calyrex-Shadow|100/100
|-ability|p2a: Calyrex|As One
|-ability|p2a: Calyrex|Unnerve
|move|p1a: Necrozma|Sunsteel Strike|p2a: Calyrex
|-damage|p2a: Calyrex|68/100
|
|-heal|p1a: Necrozma|95/100 brn|[from] item: Leftovers
|-damage|p1a: Necrozma|89/100 brn|[from] brn
|upkeep
|turn|39
|
|t:|1655358431
|switch|p1a: Yveltal|Yveltal|84/100
|-ability|p1a: Yveltal|Dark Aura
|move|p2a: Calyrex|Astral Barrage|p1a: Yveltal
|-resisted|p1a: Yveltal
|-damage|p1a: Yveltal|55/100
|
|upkeep
|turn|40
|
|t:|1655358439
|switch|p2a: Eternatus|Eternatus|100/100
|-ability|p2a: Eternatus|Pressure
|move|p1a: Yveltal|Roost|p1a: Yveltal
|-heal|p1a: Yveltal|100/100
|-singleturn|p1a: Yveltal|move: Roost
|
|upkeep
|turn|41
|
|t:|1655358448
|switch|p1a: Necrozma|Necrozma-Dusk-Mane|89/100 brn
|switch|p2a: Marshadow|Marshadow|100/100
|
|-heal|p1a: Necrozma|95/100 brn|[from] item: Leftovers
|-damage|p1a: Necrozma|89/100 brn|[from] brn
|upkeep
|turn|42
|
|t:|1655358460
|switch|p1a: Eternatus|Eternatus|82/100
|-ability|p1a: Eternatus|Pressure
|move|p2a: Marshadow|Bulk Up|p2a: Marshadow
|-boost|p2a: Marshadow|atk|1
|-boost|p2a: Marshadow|def|1
|
|upkeep
|turn|43
|inactive|Skarph♫ has 270 seconds left.
|
|t:|1655358505
|move|p1a: Eternatus|Dynamax Cannon|p2a: Marshadow
|-damage|p2a: Marshadow|42/100
|move|p2a: Marshadow|Poltergeist|p1a: Eternatus
|-activate|p1a: Eternatus|move: Poltergeist|Heavy-Duty Boots
|-damage|p1a: Eternatus|0 fnt
|faint|p1a: Eternatus
|-damage|p2a: Marshadow|32/100|[from] item: Life Orb
|
|upkeep
|
|t:|1655358515
|switch|p1a: Yveltal|Yveltal|100/100
|-ability|p1a: Yveltal|Dark Aura
|turn|44
|
|t:|1655358534
|switch|p1a: Calyrex|Calyrex-Shadow|51/100 tox
|-ability|p1a: Calyrex|As One
|-ability|p1a: Calyrex|Unnerve
|switch|p2a: Eternatus|Eternatus|100/100
|-ability|p2a: Eternatus|Pressure
|
|-damage|p1a: Calyrex|45/100 tox|[from] psn
|upkeep
|turn|45
|inactive|Skarph♫ has 240 seconds left.
|inactive|Trade has 270 seconds left.
|inactive|Skarph♫ has 210 seconds left.
|inactive|Trade has 240 seconds left.
|
|t:|1655358606
|switch|p2a: Yveltal|Yveltal|64/100 tox
|-ability|p2a: Yveltal|Dark Aura
|move|p1a: Calyrex|Psyshock|p2a: Yveltal
|-immune|p2a: Yveltal
|
|-damage|p1a: Calyrex|33/100 tox|[from] psn
|-damage|p2a: Yveltal|57/100 tox|[from] psn
|upkeep
|turn|46
|
|t:|1655358616
|switch|p1a: Yveltal|Yveltal|100/100
|-ability|p1a: Yveltal|Dark Aura
|move|p2a: Yveltal|U-turn|p1a: Yveltal
|-damage|p1a: Yveltal|86/100
|
|t:|1655358620
|switch|p2a: Marshadow|Marshadow|32/100|[from]move: U-turn
|
|upkeep
|turn|47
|
|t:|1655358622
|switch|p2a: Eternatus|Eternatus|100/100
|-ability|p2a: Eternatus|Pressure
|move|p1a: Yveltal|Foul Play|p2a: Eternatus
|-damage|p2a: Eternatus|79/100
|
|upkeep
|turn|48
|
|t:|1655358627
|switch|p1a: Necrozma|Necrozma-Dusk-Mane|89/100 brn
|move|p2a: Eternatus|Flamethrower|p1a: Necrozma
|-supereffective|p1a: Necrozma
|-damage|p1a: Necrozma|63/100 brn
|
|-heal|p1a: Necrozma|69/100 brn|[from] item: Leftovers
|-damage|p1a: Necrozma|63/100 brn|[from] brn
|upkeep
|turn|49
|inactive|Trade has 270 seconds left.
|
|t:|1655358638
|switch|p2a: Calyrex|Calyrex-Shadow|68/100
|-ability|p2a: Calyrex|As One
|-ability|p2a: Calyrex|Unnerve
|move|p1a: Necrozma|Earthquake|p2a: Calyrex
|-damage|p2a: Calyrex|48/100
|
|-heal|p1a: Necrozma|69/100 brn|[from] item: Leftovers
|-damage|p1a: Necrozma|63/100 brn|[from] brn
|upkeep
|turn|50
|
|t:|1655358645
|switch|p1a: Yveltal|Yveltal|86/100
|-ability|p1a: Yveltal|Dark Aura
|move|p2a: Calyrex|Aromatherapy|p2a: Calyrex
|-activate|p2a: Calyrex|move: Aromatherapy
|-curestatus|p2: Yveltal|tox|[msg]
|
|upkeep
|turn|51
|inactive|Skarph♫ has 240 seconds left.
|
|t:|1655358658
|switch|p1a: Calyrex|Calyrex-Shadow|33/100 tox
|-ability|p1a: Calyrex|As One
|-ability|p1a: Calyrex|Unnerve
|move|p2a: Calyrex|Astral Barrage|p1a: Calyrex
|-supereffective|p1a: Calyrex
|-damage|p1a: Calyrex|0 fnt
|faint|p1a: Calyrex
|-ability|p2a: Calyrex|Grim Neigh|boost
|-boost|p2a: Calyrex|spa|1
|
|upkeep
|c|☆Trade|gg
|
|t:|1655358664
|switch|p1a: Yveltal|Yveltal|86/100
|-ability|p1a: Yveltal|Dark Aura
|turn|52
|inactive|Skarph♫ has 240 seconds left.
|
|t:|1655358671
|switch|p1a: Necrozma|Necrozma-Dusk-Mane|63/100 brn
|switch|p2a: Eternatus|Eternatus|79/100
|-ability|p2a: Eternatus|Pressure
|
|-heal|p1a: Necrozma|69/100 brn|[from] item: Leftovers
|-damage|p1a: Necrozma|63/100 brn|[from] brn
|upkeep
|turn|53
|
|t:|1655358679
|switch|p2a: Yveltal|Yveltal|57/100
|-ability|p2a: Yveltal|Dark Aura
|move|p1a: Necrozma|Dragon Dance|p1a: Necrozma
|-boost|p1a: Necrozma|atk|1
|-boost|p1a: Necrozma|spe|1
|
|-heal|p1a: Necrozma|69/100 brn|[from] item: Leftovers
|-damage|p1a: Necrozma|63/100 brn|[from] brn
|upkeep
|turn|54
|inactive|Skarph♫ has 240 seconds left.
|
|t:|1655358707
|move|p1a: Necrozma|Sunsteel Strike|p2a: Yveltal
|-damage|p2a: Yveltal|30/100
|move|p2a: Yveltal|Foul Play|p1a: Necrozma
|-supereffective|p1a: Necrozma
|-damage|p1a: Necrozma|0 fnt
|faint|p1a: Necrozma
|
|upkeep
|-message|Skarph♫ forfeited.
|
|win|Trade
|c|☆Skarph♫|gg
|c|☆Trade|thank god i was def yveltal
|c|☆Trade|gg
