|inactive|Battle timer is ON: inactive players will automatically lose when time's up.
|t:|1668309388
|gametype|singles
|player|p1|SiTuM.|buck|
|player|p2|Aberforth|#aberforth|
|teamsize|p1|6
|teamsize|p2|6
|gen|8
|tier|[Gen 8] Ubers
|rule|Sleep Clause Mod: Limit one foe put to sleep
|rule|Species Clause: Limit one of each Pokémon
|rule|OHKO Clause: OHKO moves are banned
|rule|Evasion Items Clause: Evasion items are banned
|rule|Evasion Moves Clause: Evasion moves are banned
|rule|Endless Battle Clause: Forcing endless battles is banned
|rule|HP Percentage Mod: HP is shown in percentages
|rule|Dynamax Clause: You cannot dynamax
|clearpoke
|poke|p1|Abomasnow, F|
|poke|p1|Arctozolt|
|poke|p1|Xatu, M|
|poke|p1|Sandslash-Alola, F|
|poke|p1|Yveltal|
|poke|p1|Blissey, F|
|poke|p2|Tyranitar, F|
|poke|p2|Ho-Oh|
|poke|p2|Eternatus|
|poke|p2|Yveltal|
|poke|p2|Necrozma-Dusk-Mane|
|poke|p2|Marshadow|
|teampreview
|inactive|SiTuM. also wants the timer to be on.
|c|☆Aberforth|hf
|c|☆SiTuM.|have fun
|c|+keys|wtf is that
|c|+keys|hail shit
|
|t:|1668309401
|start
|switch|p1a: Abomasnow|Abomasnow, F|100/100
|switch|p2a: Ho-Oh|Ho-Oh|100/100
|-weather|Hail|[from] ability: Snow Warning|[of] p1a: Abomasnow
|turn|1
|c|☆SiTuM.|the new meta
|c|+fatfighter2|go hail user
|
|t:|1668309409
|move|p1a: Abomasnow|Protect|p1a: Abomasnow
|-singleturn|p1a: Abomasnow|Protect
|move|p2a: Ho-Oh|Sacred Fire|p1a: Abomasnow
|-activate|p1a: Abomasnow|move: Protect
|
|-weather|Hail|[upkeep]
|-damage|p2a: Ho-Oh|94/100|[from] Hail
|upkeep
|turn|2
|c|+fatfighter2|welp
|c|☆Aberforth|!showset 2
|c|+Aberforth|/raw <div class="infobox">Ho-Oh @ Heavy-Duty Boots  <br />Ability: Regenerator  <br />EVs: 4 HP &#x2f; 252 Atk &#x2f; 252 Spe  <br />Adamant Nature  <br />- Brave Bird  <br />- Sacred Fire  <br />- Thunder Wave  <br />- Earthquake  <br /><br /></div>
|c|+fatfighter2|you lose you ho oh
|c|+fatfighter2|gg
|c|+Fc ❤|tryhard aberforth loading tyranitar ho-oh into hail
|c|+keys|ff2
|
|t:|1668309422
|switch|p1a: Yveltal|Yveltal|100/100
|-ability|p1a: Yveltal|Dark Aura
|move|p2a: Ho-Oh|Sacred Fire|p1a: Yveltal
|-damage|p1a: Yveltal|55/100
|
|-weather|Hail|[upkeep]
|-damage|p2a: Ho-Oh|88/100|[from] Hail
|-damage|p1a: Yveltal|49/100|[from] Hail
|upkeep
|turn|3
|c|+keys|do u wanna play rn
|c|+fatfighter2|no
|c|+Fc ❤|rfn
|c|+keys|oh
|
|t:|1668309431
|switch|p1a: Sandslash|Sandslash-Alola, F|100/100
|move|p2a: Ho-Oh|Sacred Fire|p1a: Sandslash
|-supereffective|p1a: Sandslash
|-damage|p1a: Sandslash|0 fnt
|faint|p1a: Sandslash
|
|-weather|Hail|[upkeep]
|-damage|p2a: Ho-Oh|82/100|[from] Hail
|upkeep
|c|+keys|ok
|c|+keys|normal time it is then
|c|☆SiTuM.|why not brave bird
|c|+fatfighter2|interesting
|c|☆Aberforth|fish for burn
|
|t:|1668309448
|switch|p1a: Arctozolt|Arctozolt|100/100
|turn|4
|
|t:|1668309453
|switch|p2a: Eternatus|Eternatus|100/100
|-ability|p2a: Eternatus|Pressure
|move|p1a: Arctozolt|Substitute|p1a: Arctozolt
|-start|p1a: Arctozolt|Substitute
|-damage|p1a: Arctozolt|76/100
|
|-weather|Hail|[upkeep]
|-damage|p2a: Eternatus|94/100|[from] Hail
|-heal|p1a: Arctozolt|82/100|[from] item: Leftovers
|upkeep
|turn|5
|
|t:|1668309461
|switch|p2a: Tyranitar|Tyranitar, F|100/100
|-weather|Sandstorm|[from] ability: Sand Stream|[of] p2a: Tyranitar
|move|p1a: Arctozolt|Icicle Crash|p2a: Tyranitar
|-damage|p2a: Tyranitar|66/100
|
|-weather|Sandstorm|[upkeep]
|-damage|p1a: Arctozolt|76/100|[from] Sandstorm
|-heal|p1a: Arctozolt|82/100|[from] item: Leftovers
|-heal|p2a: Tyranitar|73/100|[from] item: Leftovers
|upkeep
|turn|6
|c|+keys|I just got finished
|c|+keys|w/ my prep ff2
|
|t:|1668309464
|switch|p2a: Eternatus|Eternatus|94/100
|-ability|p2a: Eternatus|Pressure
|move|p1a: Arctozolt|Bolt Beak|p2a: Eternatus
|-resisted|p2a: Eternatus
|-damage|p2a: Eternatus|71/100
|
|-weather|Sandstorm|[upkeep]
|-damage|p2a: Eternatus|65/100|[from] Sandstorm
|-damage|p1a: Arctozolt|76/100|[from] Sandstorm
|-heal|p1a: Arctozolt|82/100|[from] item: Leftovers
|upkeep
|turn|7
|
|t:|1668309468
|move|p2a: Eternatus|Recover|p2a: Eternatus
|-heal|p2a: Eternatus|100/100
|move|p1a: Arctozolt|Icicle Crash|p2a: Eternatus
|-supereffective|p2a: Eternatus
|-damage|p2a: Eternatus|49/100
|
|-weather|Sandstorm|[upkeep]
|-damage|p2a: Eternatus|43/100|[from] Sandstorm
|-damage|p1a: Arctozolt|76/100|[from] Sandstorm
|-heal|p1a: Arctozolt|82/100|[from] item: Leftovers
|upkeep
|turn|8
|
|t:|1668309473
|move|p2a: Eternatus|Recover|p2a: Eternatus
|-heal|p2a: Eternatus|93/100
|move|p1a: Arctozolt|Icicle Crash|p2a: Eternatus
|-supereffective|p2a: Eternatus
|-damage|p2a: Eternatus|46/100
|
|-weather|Sandstorm|[upkeep]
|-damage|p2a: Eternatus|40/100|[from] Sandstorm
|-damage|p1a: Arctozolt|76/100|[from] Sandstorm
|-heal|p1a: Arctozolt|82/100|[from] item: Leftovers
|upkeep
|turn|9
|c|+fatfighter2|ok keys
|
|t:|1668309477
|move|p2a: Eternatus|Recover|p2a: Eternatus
|-heal|p2a: Eternatus|90/100
|move|p1a: Arctozolt|Icicle Crash|p2a: Eternatus
|-supereffective|p2a: Eternatus
|-damage|p2a: Eternatus|41/100
|
|-weather|none
|-heal|p1a: Arctozolt|88/100|[from] item: Leftovers
|upkeep
|turn|10
|
|t:|1668309479
|move|p2a: Eternatus|Recover|p2a: Eternatus
|-heal|p2a: Eternatus|91/100
|move|p1a: Arctozolt|Icicle Crash|p2a: Eternatus
|-supereffective|p2a: Eternatus
|-damage|p2a: Eternatus|42/100
|
|-heal|p1a: Arctozolt|94/100|[from] item: Leftovers
|upkeep
|turn|11
|
|t:|1668309482
|move|p2a: Eternatus|Recover|p2a: Eternatus
|-heal|p2a: Eternatus|92/100
|move|p1a: Arctozolt|Blizzard|p2a: Eternatus
|-supereffective|p2a: Eternatus
|-damage|p2a: Eternatus|49/100
|
|-heal|p1a: Arctozolt|100/100|[from] item: Leftovers
|upkeep
|turn|12
|
|t:|1668309486
|move|p2a: Eternatus|Recover|p2a: Eternatus
|-heal|p2a: Eternatus|99/100
|move|p1a: Arctozolt|Blizzard|p2a: Eternatus|[miss]
|-miss|p1a: Arctozolt|p2a: Eternatus
|
|upkeep
|turn|13
|c|+fatfighter2|arctozolt walled by eternaus
|
|t:|1668309489
|move|p2a: Eternatus|Flamethrower|p1a: Arctozolt
|-supereffective|p1a: Arctozolt
|-end|p1a: Arctozolt|Substitute
|move|p1a: Arctozolt|Icicle Crash|p2a: Eternatus
|-supereffective|p2a: Eternatus
|-damage|p2a: Eternatus|47/100
|
|upkeep
|turn|14
|c|+fatfighter2|so sad
|
|t:|1668309494
|switch|p1a: Blissey|Blissey, F|100/100
|move|p2a: Eternatus|Recover|p2a: Eternatus
|-heal|p2a: Eternatus|97/100
|
|upkeep
|turn|15
|
|t:|1668309499
|switch|p2a: Ho-Oh|Ho-Oh|100/100
|move|p1a: Blissey|Seismic Toss|p2a: Ho-Oh
|-damage|p2a: Ho-Oh|72/100
|
|upkeep
|turn|16
|
|t:|1668309504
|move|p2a: Ho-Oh|Brave Bird|p1a: Blissey
|-damage|p1a: Blissey|28/100
|-damage|p2a: Ho-Oh|28/100|[from] Recoil
|move|p1a: Blissey|Seismic Toss|p2a: Ho-Oh
|-damage|p2a: Ho-Oh|0 fnt
|faint|p2a: Ho-Oh
|
|upkeep
|c|☆SiTuM.|gone
|
|t:|1668309508
|switch|p2a: Tyranitar|Tyranitar, F|73/100
|-weather|Sandstorm|[from] ability: Sand Stream|[of] p2a: Tyranitar
|turn|17
|c|+fatfighter2|,
|
|t:|1668309513
|switch|p1a: Xatu|Xatu, M|100/100
|move|p2a: Tyranitar|Dragon Dance|p2a: Tyranitar
|-boost|p2a: Tyranitar|atk|1
|-boost|p2a: Tyranitar|spe|1
|
|-weather|Sandstorm|[upkeep]
|-damage|p1a: Xatu|95/100|[from] Sandstorm
|-heal|p2a: Tyranitar|79/100|[from] item: Leftovers
|upkeep
|turn|18
|c|+keys|pursuit
|c|+keys|here
|c|+fatfighter2|please situm win
|c|☆SiTuM.|oh.
|c|+Luna's Bann3d Now|oh my god
|
|t:|1668309523
|move|p2a: Tyranitar|Dragon Dance|p2a: Tyranitar
|-boost|p2a: Tyranitar|atk|1
|-boost|p2a: Tyranitar|spe|1
|move|p1a: Xatu|Feather Dance|p2a: Tyranitar
|-unboost|p2a: Tyranitar|atk|2
|
|-weather|Sandstorm|[upkeep]
|-damage|p1a: Xatu|89/100|[from] Sandstorm
|-heal|p2a: Tyranitar|85/100|[from] item: Leftovers
|upkeep
|turn|19
|c|+Luna's Bann3d Now|aber slide me this team k thnx-
|c|+fatfighter2|the goat
|c|+Luna's Bann3d Now|LOL
|c|☆Aberforth|u bitch
|
|t:|1668309532
|move|p2a: Tyranitar|Crunch|p1a: Xatu
|-supereffective|p1a: Xatu
|-damage|p1a: Xatu|8/100
|-damage|p2a: Tyranitar|68/100|[from] item: Rocky Helmet|[of] p1a: Xatu
|move|p1a: Xatu|Feather Dance|p2a: Tyranitar
|-unboost|p2a: Tyranitar|atk|2
|
|-weather|Sandstorm|[upkeep]
|-damage|p1a: Xatu|2/100|[from] Sandstorm
|-heal|p2a: Tyranitar|75/100|[from] item: Leftovers
|upkeep
|turn|20
|c|+fatfighter2|THE GOAT
|c|+fatfighter2|xatu is a ttar wall too
|
|t:|1668309541
|switch|p1a: Abomasnow|Abomasnow, F|100/100
|-weather|Hail|[from] ability: Snow Warning|[of] p1a: Abomasnow
|move|p2a: Tyranitar|Crunch|p1a: Abomasnow
|-damage|p1a: Abomasnow|74/100
|
|-weather|Hail|[upkeep]
|-damage|p2a: Tyranitar|68/100|[from] Hail
|-heal|p2a: Tyranitar|75/100|[from] item: Leftovers
|upkeep
|turn|21
|c|+fatfighter2|and a caly ice wall
|c|+fatfighter2|wtf
|
|t:|1668309546
|switch|p2a: Necrozma|Necrozma-Dusk-Mane|100/100
|move|p1a: Abomasnow|Leech Seed|p2a: Necrozma
|-start|p2a: Necrozma|move: Leech Seed
|
|-weather|Hail|[upkeep]
|-damage|p2a: Necrozma|94/100|[from] Hail
|-heal|p2a: Necrozma|100/100|[from] item: Leftovers
|-damage|p2a: Necrozma|88/100|[from] Leech Seed|[of] p1a: Abomasnow
|-heal|p1a: Abomasnow|87/100|[silent]
|upkeep
|turn|22
|
|t:|1668309552
|switch|p2a: Tyranitar|Tyranitar, F|75/100
|-weather|Sandstorm|[from] ability: Sand Stream|[of] p2a: Tyranitar
|move|p1a: Abomasnow|Earthquake|p2a: Tyranitar
|-supereffective|p2a: Tyranitar
|-damage|p2a: Tyranitar|35/100
|
|-weather|Sandstorm|[upkeep]
|-damage|p1a: Abomasnow|81/100|[from] Sandstorm
|-heal|p2a: Tyranitar|41/100|[from] item: Leftovers
|upkeep
|turn|23
|c|☆SiTuM.|how
|c|☆SiTuM.|does he do it
|c|+fatfighter2|incredible
|c|+holy ghost|.
|
|t:|1668309568
|switch|p1a: Xatu|Xatu, M|2/100
|move|p2a: Tyranitar|Stone Edge|p1a: Xatu
|-supereffective|p1a: Xatu
|-crit|p1a: Xatu
|-damage|p1a: Xatu|0 fnt
|faint|p1a: Xatu
|
|-weather|Sandstorm|[upkeep]
|-heal|p2a: Tyranitar|47/100|[from] item: Leftovers
|upkeep
|
|t:|1668309573
|switch|p1a: Abomasnow|Abomasnow, F|81/100
|-weather|Hail|[from] ability: Snow Warning|[of] p1a: Abomasnow
|turn|24
|
|t:|1668309578
|switch|p2a: Marshadow|Marshadow|100/100
|switch|p1a: Yveltal|Yveltal|49/100
|-ability|p1a: Yveltal|Dark Aura
|
|-weather|Hail|[upkeep]
|-damage|p2a: Marshadow|94/100|[from] Hail
|-damage|p1a: Yveltal|43/100|[from] Hail
|upkeep
|turn|25
|
|t:|1668309582
|move|p2a: Marshadow|Low Kick|p1a: Yveltal
|-damage|p1a: Yveltal|0 fnt
|faint|p1a: Yveltal
|
|-weather|Hail|[upkeep]
|-damage|p2a: Marshadow|88/100|[from] Hail
|upkeep
|
|t:|1668309583
|switch|p1a: Arctozolt|Arctozolt|100/100
|turn|26
|
|t:|1668309588
|move|p1a: Arctozolt|Bolt Beak|p2a: Marshadow
|-damage|p2a: Marshadow|0 fnt
|faint|p2a: Marshadow
|
|-weather|Hail|[upkeep]
|upkeep
|
|t:|1668309591
|switch|p2a: Tyranitar|Tyranitar, F|47/100
|-weather|Sandstorm|[from] ability: Sand Stream|[of] p2a: Tyranitar
|turn|27
|
|t:|1668309596
|switch|p2a: Eternatus|Eternatus|97/100
|-ability|p2a: Eternatus|Pressure
|move|p1a: Arctozolt|Bolt Beak|p2a: Eternatus
|-resisted|p2a: Eternatus
|-damage|p2a: Eternatus|71/100
|
|-weather|Sandstorm|[upkeep]
|-damage|p2a: Eternatus|65/100|[from] Sandstorm
|-damage|p1a: Arctozolt|94/100|[from] Sandstorm
|-heal|p1a: Arctozolt|100/100|[from] item: Leftovers
|upkeep
|turn|28
|
|t:|1668309602
|switch|p1a: Blissey|Blissey, F|28/100
|move|p2a: Eternatus|Dragon Tail|p1a: Blissey
|-damage|p1a: Blissey|11/100
|drag|p1a: Arctozolt|Arctozolt|100/100
|
|-weather|Sandstorm|[upkeep]
|-damage|p2a: Eternatus|59/100|[from] Sandstorm
|-damage|p1a: Arctozolt|94/100|[from] Sandstorm
|-heal|p1a: Arctozolt|100/100|[from] item: Leftovers
|upkeep
|turn|29
|
|t:|1668309610
|move|p2a: Eternatus|Recover|p2a: Eternatus
|-heal|p2a: Eternatus|100/100
|move|p1a: Arctozolt|Icicle Crash|p2a: Eternatus
|-supereffective|p2a: Eternatus
|-damage|p2a: Eternatus|52/100
|
|-weather|Sandstorm|[upkeep]
|-damage|p2a: Eternatus|45/100|[from] Sandstorm
|-damage|p1a: Arctozolt|94/100|[from] Sandstorm
|-heal|p1a: Arctozolt|100/100|[from] item: Leftovers
|upkeep
|turn|30
|
|t:|1668309614
|switch|p1a: Abomasnow|Abomasnow, F|81/100
|-weather|Hail|[from] ability: Snow Warning|[of] p1a: Abomasnow
|move|p2a: Eternatus|Recover|p2a: Eternatus
|-heal|p2a: Eternatus|96/100
|
|-weather|Hail|[upkeep]
|-damage|p2a: Eternatus|89/100|[from] Hail
|upkeep
|turn|31
|
|t:|1668309617
|switch|p1a: Blissey|Blissey, F|11/100
|move|p2a: Eternatus|Flamethrower|p1a: Blissey
|-damage|p1a: Blissey|2/100
|
|-weather|Hail|[upkeep]
|-damage|p2a: Eternatus|83/100|[from] Hail
|-damage|p1a: Blissey|0 fnt|[from] Hail
|faint|p1a: Blissey
|upkeep
|
|t:|1668309618
|switch|p1a: Arctozolt|Arctozolt|100/100
|turn|32
|
|t:|1668309621
|switch|p2a: Tyranitar|Tyranitar, F|47/100
|-weather|Sandstorm|[from] ability: Sand Stream|[of] p2a: Tyranitar
|move|p1a: Arctozolt|Substitute|p1a: Arctozolt
|-start|p1a: Arctozolt|Substitute
|-damage|p1a: Arctozolt|76/100
|
|-weather|Sandstorm|[upkeep]
|-damage|p1a: Arctozolt|69/100|[from] Sandstorm
|-heal|p1a: Arctozolt|76/100|[from] item: Leftovers
|-heal|p2a: Tyranitar|53/100|[from] item: Leftovers
|upkeep
|turn|33
|
|t:|1668309626
|switch|p2a: Eternatus|Eternatus|83/100
|-ability|p2a: Eternatus|Pressure
|move|p1a: Arctozolt|Icicle Crash|p2a: Eternatus|[miss]
|-miss|p1a: Arctozolt|p2a: Eternatus
|
|-weather|Sandstorm|[upkeep]
|-damage|p2a: Eternatus|77/100|[from] Sandstorm
|-damage|p1a: Arctozolt|69/100|[from] Sandstorm
|-heal|p1a: Arctozolt|76/100|[from] item: Leftovers
|upkeep
|turn|34
|c|☆SiTuM.|never rewarded
|
|t:|1668309632
|move|p2a: Eternatus|Recover|p2a: Eternatus
|-heal|p2a: Eternatus|100/100
|move|p1a: Arctozolt|Blizzard|p2a: Eternatus
|-supereffective|p2a: Eternatus
|-damage|p2a: Eternatus|55/100
|
|-weather|Sandstorm|[upkeep]
|-damage|p2a: Eternatus|48/100|[from] Sandstorm
|-damage|p1a: Arctozolt|69/100|[from] Sandstorm
|-heal|p1a: Arctozolt|76/100|[from] item: Leftovers
|upkeep
|turn|35
|
|t:|1668309637
|move|p2a: Eternatus|Recover|p2a: Eternatus
|-heal|p2a: Eternatus|98/100
|move|p1a: Arctozolt|Blizzard|p2a: Eternatus
|-supereffective|p2a: Eternatus
|-damage|p2a: Eternatus|51/100
|
|-weather|Sandstorm|[upkeep]
|-damage|p2a: Eternatus|45/100|[from] Sandstorm
|-damage|p1a: Arctozolt|69/100|[from] Sandstorm
|-heal|p1a: Arctozolt|76/100|[from] item: Leftovers
|upkeep
|turn|36
|
|t:|1668309640
|switch|p1a: Abomasnow|Abomasnow, F|81/100
|-weather|Hail|[from] ability: Snow Warning|[of] p1a: Abomasnow
|move|p2a: Eternatus|Recover|p2a: Eternatus
|-heal|p2a: Eternatus|95/100
|
|-weather|Hail|[upkeep]
|-damage|p2a: Eternatus|89/100|[from] Hail
|upkeep
|turn|37
|
|t:|1668309643
|move|p2a: Eternatus|Flamethrower|p1a: Abomasnow
|-supereffective|p1a: Abomasnow
|-crit|p1a: Abomasnow
|-damage|p1a: Abomasnow|0 fnt
|faint|p1a: Abomasnow
|
|-weather|Hail|[upkeep]
|-damage|p2a: Eternatus|83/100|[from] Hail
|upkeep
|
|t:|1668309644
|switch|p1a: Arctozolt|Arctozolt|76/100
|turn|38
|c|+fatfighter2|no justice
|
|t:|1668309647
|move|p1a: Arctozolt|Substitute|p1a: Arctozolt
|-start|p1a: Arctozolt|Substitute
|-damage|p1a: Arctozolt|51/100
|move|p2a: Eternatus|Flamethrower|p1a: Arctozolt
|-supereffective|p1a: Arctozolt
|-end|p1a: Arctozolt|Substitute
|
|-weather|Hail|[upkeep]
|-damage|p2a: Eternatus|76/100|[from] Hail
|-heal|p1a: Arctozolt|57/100|[from] item: Leftovers
|upkeep
|turn|39
|
|t:|1668309650
|move|p1a: Arctozolt|Icicle Crash|p2a: Eternatus
|-supereffective|p2a: Eternatus
|-crit|p2a: Eternatus
|-damage|p2a: Eternatus|7/100
|cant|p2a: Eternatus|flinch
|
|-weather|Hail|[upkeep]
|-damage|p2a: Eternatus|0 fnt|[from] Hail
|faint|p2a: Eternatus
|-heal|p1a: Arctozolt|63/100|[from] item: Leftovers
|upkeep
|c|+fatfighter2|hey
|
|t:|1668309656
|switch|p2a: Tyranitar|Tyranitar, F|53/100
|-weather|Sandstorm|[from] ability: Sand Stream|[of] p2a: Tyranitar
|turn|40
|c|+fatfighter2|thats not so bad
|
|t:|1668309660
|move|p1a: Arctozolt|Bolt Beak|p2a: Tyranitar
|-damage|p2a: Tyranitar|0 fnt
|faint|p2a: Tyranitar
|
|-weather|Sandstorm|[upkeep]
|-damage|p1a: Arctozolt|57/100|[from] Sandstorm
|-heal|p1a: Arctozolt|63/100|[from] item: Leftovers
|upkeep
|c|+fatfighter2|ayo?
|
|t:|1668309664
|switch|p2a: Yveltal|Yveltal|100/100
|-ability|p2a: Yveltal|Dark Aura
|turn|41
|
|t:|1668309667
|move|p2a: Yveltal|Knock Off|p1a: Arctozolt
|-damage|p1a: Arctozolt|0 fnt
|-enditem|p1a: Arctozolt|Leftovers|[from] move: Knock Off|[of] p2a: Yveltal
|faint|p1a: Arctozolt
|
|win|Aberforth
