|inactive|Battle timer is ON: inactive players will automatically lose when time's up.
|t:|1666212044
|gametype|singles
|player|p1|RichardMillePlain|169|
|player|p2|ILoveMashing❤|waitress|
|teamsize|p1|6
|teamsize|p2|6
|gen|8
|tier|[Gen 8] Ubers
|rule|Sleep Clause Mod: Limit one foe put to sleep
|rule|Species Clause: Limit one of each Pokémon
|rule|OHKO Clause: OHKO moves are banned
|rule|Evasion Items Clause: Evasion items are banned
|rule|Evasion Moves Clause: Evasion moves are banned
|rule|Endless Battle Clause: Forcing endless battles is banned
|rule|HP Percentage Mod: HP is shown in percentages
|rule|Dynamax Clause: You cannot dynamax
|clearpoke
|poke|p1|Zekrom|
|poke|p1|Eternatus|
|poke|p1|Necrozma-Dusk-Mane|
|poke|p1|Yveltal|
|poke|p1|Ho-Oh|
|poke|p1|Groudon|
|poke|p2|Eternatus|
|poke|p2|Yveltal|
|poke|p2|Blissey, F|
|poke|p2|Ho-Oh|
|poke|p2|Giratina|
|poke|p2|Ferrothorn, F|
|teampreview
|c|☆RichardMillePlain|hf
|inactive|RichardMillePlain has 270 seconds left.
|c|☆ILoveMashing❤|hf
|
|t:|1666212077
|start
|switch|p1a: Groudon|Groudon|100/100
|switch|p2a: Yveltal|Yveltal|100/100
|-ability|p2a: Yveltal|Dark Aura
|-weather|SunnyDay|[from] ability: Drought|[of] p1a: Groudon
|turn|1
|
|t:|1666212084
|switch|p1a: Eternatus|Eternatus|100/100
|-ability|p1a: Eternatus|Pressure
|move|p2a: Yveltal|Knock Off|p1a: Eternatus
|-damage|p1a: Eternatus|57/100
|-enditem|p1a: Eternatus|Heavy-Duty Boots|[from] move: Knock Off|[of] p2a: Yveltal
|
|-weather|SunnyDay|[upkeep]
|upkeep
|turn|2
|
|t:|1666212087
|switch|p2a: Ho-Oh|Ho-Oh|100/100
|move|p1a: Eternatus|Recover|p1a: Eternatus
|-heal|p1a: Eternatus|100/100
|
|-weather|SunnyDay|[upkeep]
|upkeep
|turn|3
|
|t:|1666212093
|move|p1a: Eternatus|Toxic|p2a: Ho-Oh
|-status|p2a: Ho-Oh|tox
|move|p2a: Ho-Oh|Brave Bird|p1a: Eternatus
|-damage|p1a: Eternatus|25/100
|-damage|p2a: Ho-Oh|68/100 tox|[from] Recoil
|
|-weather|SunnyDay|[upkeep]
|-damage|p2a: Ho-Oh|62/100 tox|[from] psn
|upkeep
|turn|4
|
|t:|1666212099
|switch|p1a: Necrozma|Necrozma-Dusk-Mane|100/100
|move|p2a: Ho-Oh|Brave Bird|p1a: Necrozma
|-resisted|p1a: Necrozma
|-damage|p1a: Necrozma|62/100
|-damage|p2a: Ho-Oh|48/100 tox|[from] Recoil
|
|-weather|SunnyDay|[upkeep]
|-heal|p1a: Necrozma|68/100|[from] item: Leftovers
|-damage|p2a: Ho-Oh|35/100 tox|[from] psn
|upkeep
|turn|5
|
|t:|1666212110
|switch|p2a: Yveltal|Yveltal|100/100
|-ability|p2a: Yveltal|Dark Aura
|move|p1a: Necrozma|Knock Off|p2a: Yveltal
|-resisted|p2a: Yveltal
|-damage|p2a: Yveltal|85/100
|-enditem|p2a: Yveltal|Heavy-Duty Boots|[from] move: Knock Off|[of] p1a: Necrozma
|
|-weather|none
|-heal|p1a: Necrozma|74/100|[from] item: Leftovers
|upkeep
|turn|6
|
|t:|1666212122
|switch|p1a: Zekrom|Zekrom|100/100
|-ability|p1a: Zekrom|Teravolt
|move|p2a: Yveltal|Knock Off|p1a: Zekrom
|-damage|p1a: Zekrom|49/100
|-enditem|p1a: Zekrom|Life Orb|[from] move: Knock Off|[of] p2a: Yveltal
|
|upkeep
|turn|7
|
|t:|1666212148
|switch|p2a: Ferrothorn|Ferrothorn, F|100/100
|move|p1a: Zekrom|Roost|p1a: Zekrom
|-heal|p1a: Zekrom|99/100
|-singleturn|p1a: Zekrom|move: Roost
|
|upkeep
|turn|8
|
|t:|1666212155
|switch|p1a: Groudon|Groudon|100/100
|-weather|SunnyDay|[from] ability: Drought|[of] p1a: Groudon
|move|p2a: Ferrothorn|Spikes|p1a: Groudon
|-sidestart|p1: RichardMillePlain|Spikes
|
|-weather|SunnyDay|[upkeep]
|upkeep
|turn|9
|
|t:|1666212158
|switch|p2a: Giratina|Giratina|100/100
|-ability|p2a: Giratina|Pressure
|move|p1a: Groudon|Toxic|p2a: Giratina
|-status|p2a: Giratina|tox
|
|-weather|SunnyDay|[upkeep]
|-damage|p2a: Giratina|94/100 tox|[from] psn
|upkeep
|turn|10
|
|t:|1666212165
|move|p1a: Groudon|Stealth Rock|p2a: Giratina
|-sidestart|p2: ILoveMashing❤|move: Stealth Rock
|move|p2a: Giratina|Will-O-Wisp|p1a: Groudon
|-status|p1a: Groudon|brn
|
|-weather|SunnyDay|[upkeep]
|-heal|p2a: Giratina|100/100 tox|[from] item: Leftovers
|-damage|p2a: Giratina|88/100 tox|[from] psn
|-damage|p1a: Groudon|94/100 brn|[from] brn
|upkeep
|turn|11
|
|t:|1666212173
|move|p1a: Groudon|Stone Edge|p2a: Giratina
|-damage|p2a: Giratina|81/100 tox
|move|p2a: Giratina|Dragon Pulse|p1a: Groudon
|-damage|p1a: Groudon|67/100 brn
|
|-weather|SunnyDay|[upkeep]
|-heal|p1a: Groudon|73/100 brn|[from] item: Leftovers
|-heal|p2a: Giratina|87/100 tox|[from] item: Leftovers
|-damage|p2a: Giratina|69/100 tox|[from] psn
|-damage|p1a: Groudon|67/100 brn|[from] brn
|upkeep
|turn|12
|
|t:|1666212182
|move|p1a: Groudon|Precipice Blades|p2a: Giratina
|-damage|p2a: Giratina|56/100 tox
|move|p2a: Giratina|Dragon Pulse|p1a: Groudon
|-damage|p1a: Groudon|41/100 brn
|
|-weather|none
|-heal|p1a: Groudon|47/100 brn|[from] item: Leftovers
|-heal|p2a: Giratina|62/100 tox|[from] item: Leftovers
|-damage|p2a: Giratina|38/100 tox|[from] psn
|-damage|p1a: Groudon|41/100 brn|[from] brn
|upkeep
|turn|13
|
|t:|1666212195
|switch|p1a: Eternatus|Eternatus|25/100
|-damage|p1a: Eternatus|13/100|[from] Spikes
|-ability|p1a: Eternatus|Pressure
|move|p2a: Giratina|Rest|p2a: Giratina
|-status|p2a: Giratina|slp|[from] move: Rest
|-heal|p2a: Giratina|100/100 slp|[silent]
|
|upkeep
|turn|14
|
|t:|1666212207
|switch|p2a: Blissey|Blissey, F|100/100
|-damage|p2a: Blissey|88/100|[from] Stealth Rock
|move|p1a: Eternatus|Recover|p1a: Eternatus
|-heal|p1a: Eternatus|63/100
|
|upkeep
|turn|15
|
|t:|1666212211
|move|p1a: Eternatus|Recover|p1a: Eternatus
|-heal|p1a: Eternatus|100/100
|move|p2a: Blissey|Stealth Rock|p1a: Eternatus
|-sidestart|p1: RichardMillePlain|move: Stealth Rock
|
|upkeep
|turn|16
|
|t:|1666212214
|move|p1a: Eternatus|Toxic|p2a: Blissey
|-status|p2a: Blissey|tox
|move|p2a: Blissey|Aromatherapy|p2a: Blissey
|-activate|p2a: Blissey|move: Aromatherapy
|-curestatus|p2a: Blissey|tox|[msg]
|-curestatus|p2: Giratina|slp|[msg]
|-curestatus|p2: Ho-Oh|tox|[msg]
|
|upkeep
|turn|17
|
|t:|1666212225
|move|p1a: Eternatus|Dynamax Cannon|p2a: Blissey
|-damage|p2a: Blissey|72/100
|move|p2a: Blissey|Confide|p1a: Eternatus
|-unboost|p1a: Eternatus|spa|1
|
|upkeep
|turn|18
|
|t:|1666212229
|switch|p1a: Ho-Oh|Ho-Oh|100/100
|move|p2a: Blissey|Soft-Boiled|p2a: Blissey
|-heal|p2a: Blissey|100/100
|
|upkeep
|turn|19
|
|t:|1666212233
|switch|p2a: Giratina|Giratina|100/100
|-damage|p2a: Giratina|88/100|[from] Stealth Rock
|-ability|p2a: Giratina|Pressure
|move|p1a: Ho-Oh|Brave Bird|p2a: Giratina
|-damage|p2a: Giratina|60/100
|-damage|p1a: Ho-Oh|89/100|[from] Recoil
|
|-heal|p2a: Giratina|66/100|[from] item: Leftovers
|upkeep
|turn|20
|
|t:|1666212249
|switch|p1a: Yveltal|Yveltal|100/100
|-ability|p1a: Yveltal|Dark Aura
|move|p2a: Giratina|Will-O-Wisp|p1a: Yveltal
|-status|p1a: Yveltal|brn
|
|-heal|p2a: Giratina|72/100|[from] item: Leftovers
|-damage|p1a: Yveltal|94/100 brn|[from] brn
|upkeep
|turn|21
|
|t:|1666212258
|switch|p1a: Ho-Oh|Ho-Oh|100/100
|switch|p2a: Yveltal|Yveltal|85/100
|-damage|p2a: Yveltal|60/100|[from] Stealth Rock
|-ability|p2a: Yveltal|Dark Aura
|
|upkeep
|turn|22
|
|t:|1666212261
|move|p2a: Yveltal|Knock Off|p1a: Ho-Oh
|-damage|p1a: Ho-Oh|50/100
|-enditem|p1a: Ho-Oh|Heavy-Duty Boots|[from] move: Knock Off|[of] p2a: Yveltal
|move|p1a: Ho-Oh|Thunder Wave|p2a: Yveltal
|-status|p2a: Yveltal|par
|
|upkeep
|turn|23
|
|t:|1666212287
|move|p1a: Ho-Oh|Sacred Fire|p2a: Yveltal
|-damage|p2a: Yveltal|15/100 par
|move|p2a: Yveltal|Roost|p2a: Yveltal
|-heal|p2a: Yveltal|65/100 par
|-singleturn|p2a: Yveltal|move: Roost
|
|upkeep
|turn|24
|
|t:|1666212292
|switch|p2a: Eternatus|Eternatus|100/100
|-ability|p2a: Eternatus|Pressure
|move|p1a: Ho-Oh|Sacred Fire|p2a: Eternatus
|-resisted|p2a: Eternatus
|-damage|p2a: Eternatus|85/100
|
|upkeep
|turn|25
|
|t:|1666212302
|move|p2a: Eternatus|Toxic|p1a: Ho-Oh
|-status|p1a: Ho-Oh|tox
|move|p1a: Ho-Oh|Thunder Wave|p2a: Eternatus
|-status|p2a: Eternatus|par
|
|-damage|p1a: Ho-Oh|44/100 tox|[from] psn
|upkeep
|turn|26
|c|+Lord Thorx|Llegué
|
|t:|1666212310
|switch|p1a: Necrozma|Necrozma-Dusk-Mane|74/100
|-damage|p1a: Necrozma|62/100|[from] Spikes
|-damage|p1a: Necrozma|56/100|[from] Stealth Rock
|move|p2a: Eternatus|Flamethrower|p1a: Necrozma
|-supereffective|p1a: Necrozma
|-damage|p1a: Necrozma|26/100
|
|-heal|p1a: Necrozma|32/100|[from] item: Leftovers
|upkeep
|turn|27
|
|t:|1666212330
|move|p1a: Necrozma|Moonlight|p1a: Necrozma
|-heal|p1a: Necrozma|82/100
|move|p2a: Eternatus|Flamethrower|p1a: Necrozma
|-supereffective|p1a: Necrozma
|-damage|p1a: Necrozma|55/100
|
|-heal|p1a: Necrozma|61/100|[from] item: Leftovers
|upkeep
|turn|28
|
|t:|1666212336
|switch|p2a: Ferrothorn|Ferrothorn, F|100/100
|-damage|p2a: Ferrothorn|94/100|[from] Stealth Rock
|move|p1a: Necrozma|Knock Off|p2a: Ferrothorn
|-damage|p2a: Ferrothorn|75/100
|-damage|p1a: Necrozma|49/100|[from] ability: Iron Barbs|[of] p2a: Ferrothorn
|-enditem|p2a: Ferrothorn|Leftovers|[from] move: Knock Off|[of] p1a: Necrozma
|
|-heal|p1a: Necrozma|55/100|[from] item: Leftovers
|upkeep
|turn|29
|
|t:|1666212342
|move|p1a: Necrozma|Moonlight|p1a: Necrozma
|-heal|p1a: Necrozma|100/100
|move|p2a: Ferrothorn|Leech Seed|p1a: Necrozma
|-start|p1a: Necrozma|move: Leech Seed
|
|-damage|p1a: Necrozma|88/100|[from] Leech Seed|[of] p2a: Ferrothorn
|-heal|p2a: Ferrothorn|89/100|[silent]
|upkeep
|turn|30
|
|t:|1666212349
|move|p1a: Necrozma|Dragon Dance|p1a: Necrozma
|-boost|p1a: Necrozma|atk|1
|-boost|p1a: Necrozma|spe|1
|move|p2a: Ferrothorn|Body Press|p1a: Necrozma
|-damage|p1a: Necrozma|66/100
|
|-heal|p1a: Necrozma|72/100|[from] item: Leftovers
|-damage|p1a: Necrozma|60/100|[from] Leech Seed|[of] p2a: Ferrothorn
|-heal|p2a: Ferrothorn|100/100|[silent]
|upkeep
|turn|31
|
|t:|1666212352
|move|p1a: Necrozma|Dragon Dance|p1a: Necrozma
|-boost|p1a: Necrozma|atk|1
|-boost|p1a: Necrozma|spe|1
|move|p2a: Ferrothorn|Iron Defense|p2a: Ferrothorn
|-boost|p2a: Ferrothorn|def|2
|
|-heal|p1a: Necrozma|66/100|[from] item: Leftovers
|-damage|p1a: Necrozma|54/100|[from] Leech Seed|[of] p2a: Ferrothorn
|upkeep
|turn|32
|
|t:|1666212354
|switch|p1a: Eternatus|Eternatus|100/100
|-damage|p1a: Eternatus|88/100|[from] Spikes
|-damage|p1a: Eternatus|76/100|[from] Stealth Rock
|-ability|p1a: Eternatus|Pressure
|move|p2a: Ferrothorn|Body Press|p1a: Eternatus
|-resisted|p1a: Eternatus
|-damage|p1a: Eternatus|52/100
|
|upkeep
|turn|33
|
|t:|1666212361
|switch|p2a: Blissey|Blissey, F|100/100
|-damage|p2a: Blissey|88/100|[from] Stealth Rock
|move|p1a: Eternatus|Recover|p1a: Eternatus
|-heal|p1a: Eternatus|100/100
|
|upkeep
|turn|34
|
|t:|1666212369
|switch|p1a: Zekrom|Zekrom|99/100
|-damage|p1a: Zekrom|87/100|[from] Spikes
|-damage|p1a: Zekrom|75/100|[from] Stealth Rock
|-ability|p1a: Zekrom|Teravolt
|move|p2a: Blissey|Aromatherapy|p2a: Blissey
|-activate|p2a: Blissey|move: Aromatherapy
|-curestatus|p2: Yveltal|par|[msg]
|-curestatus|p2: Eternatus|par|[msg]
|
|upkeep
|turn|35
|
|t:|1666212374
|switch|p2a: Ferrothorn|Ferrothorn, F|100/100
|-damage|p2a: Ferrothorn|94/100|[from] Stealth Rock
|move|p1a: Zekrom|Bolt Strike|p2a: Ferrothorn
|-resisted|p2a: Ferrothorn
|-damage|p2a: Ferrothorn|74/100
|-damage|p1a: Zekrom|62/100|[from] ability: Iron Barbs|[of] p2a: Ferrothorn
|
|upkeep
|turn|36
|
|t:|1666212382
|move|p1a: Zekrom|Draco Meteor|p2a: Ferrothorn
|-resisted|p2a: Ferrothorn
|-damage|p2a: Ferrothorn|53/100
|-unboost|p1a: Zekrom|spa|2
|move|p2a: Ferrothorn|Leech Seed|p1a: Zekrom
|-start|p1a: Zekrom|move: Leech Seed
|
|-damage|p1a: Zekrom|50/100|[from] Leech Seed|[of] p2a: Ferrothorn
|-heal|p2a: Ferrothorn|65/100|[silent]
|upkeep
|turn|37
|
|t:|1666212389
|move|p1a: Zekrom|Roost|p1a: Zekrom
|-heal|p1a: Zekrom|99/100
|-singleturn|p1a: Zekrom|move: Roost
|move|p2a: Ferrothorn|Body Press|p1a: Zekrom
|-damage|p1a: Zekrom|74/100
|
|-damage|p1a: Zekrom|61/100|[from] Leech Seed|[of] p2a: Ferrothorn
|-heal|p2a: Ferrothorn|77/100|[silent]
|upkeep
|turn|38
|
|t:|1666212398
|switch|p1a: Eternatus|Eternatus|100/100
|-damage|p1a: Eternatus|88/100|[from] Spikes
|-damage|p1a: Eternatus|76/100|[from] Stealth Rock
|-ability|p1a: Eternatus|Pressure
|move|p2a: Ferrothorn|Spikes|p1a: Eternatus
|-sidestart|p1: RichardMillePlain|Spikes
|
|upkeep
|turn|39
|
|t:|1666212409
|switch|p1a: Yveltal|Yveltal|94/100 brn
|-ability|p1a: Yveltal|Dark Aura
|switch|p2a: Blissey|Blissey, F|88/100
|-damage|p2a: Blissey|76/100|[from] Stealth Rock
|
|-damage|p1a: Yveltal|88/100 brn|[from] brn
|upkeep
|turn|40
|
|t:|1666212424
|switch|p1a: Zekrom|Zekrom|61/100
|-damage|p1a: Zekrom|45/100|[from] Spikes
|-damage|p1a: Zekrom|32/100|[from] Stealth Rock
|-ability|p1a: Zekrom|Teravolt
|switch|p2a: Yveltal|Yveltal|65/100
|-damage|p2a: Yveltal|40/100|[from] Stealth Rock
|-ability|p2a: Yveltal|Dark Aura
|
|upkeep
|turn|41
|
|t:|1666212442
|move|p2a: Yveltal|Knock Off|p1a: Zekrom
|-damage|p1a: Zekrom|3/100
|move|p1a: Zekrom|Draco Meteor|p2a: Yveltal
|-damage|p2a: Yveltal|0 fnt
|-unboost|p1a: Zekrom|spa|2
|faint|p2a: Yveltal
|
|upkeep
|
|t:|1666212450
|switch|p2a: Eternatus|Eternatus|85/100
|-ability|p2a: Eternatus|Pressure
|turn|42
|
|t:|1666212457
|switch|p1a: Yveltal|Yveltal|88/100 brn
|-ability|p1a: Yveltal|Dark Aura
|move|p2a: Eternatus|Dynamax Cannon|p1a: Yveltal
|-damage|p1a: Yveltal|56/100 brn
|
|-damage|p1a: Yveltal|50/100 brn|[from] brn
|upkeep
|turn|43
|
|t:|1666212464
|move|p2a: Eternatus|Dynamax Cannon|p1a: Yveltal
|-damage|p1a: Yveltal|19/100 brn
|move|p1a: Yveltal|Roost|p1a: Yveltal
|-heal|p1a: Yveltal|70/100 brn
|-singleturn|p1a: Yveltal|move: Roost
|
|-damage|p1a: Yveltal|63/100 brn|[from] brn
|upkeep
|turn|44
|
|t:|1666212466
|move|p2a: Eternatus|Dynamax Cannon|p1a: Yveltal
|-damage|p1a: Yveltal|32/100 brn
|move|p1a: Yveltal|Roost|p1a: Yveltal
|-heal|p1a: Yveltal|82/100 brn
|-singleturn|p1a: Yveltal|move: Roost
|
|-damage|p1a: Yveltal|76/100 brn|[from] brn
|upkeep
|turn|45
|
|t:|1666212469
|move|p2a: Eternatus|Dynamax Cannon|p1a: Yveltal
|-damage|p1a: Yveltal|44/100 brn
|move|p1a: Yveltal|Roost|p1a: Yveltal
|-heal|p1a: Yveltal|94/100 brn
|-singleturn|p1a: Yveltal|move: Roost
|
|-damage|p1a: Yveltal|88/100 brn|[from] brn
|upkeep
|turn|46
|
|t:|1666212472
|move|p2a: Eternatus|Flamethrower|p1a: Yveltal
|-damage|p1a: Yveltal|69/100 brn
|move|p1a: Yveltal|Roost|p1a: Yveltal
|-heal|p1a: Yveltal|100/100 brn
|-singleturn|p1a: Yveltal|move: Roost
|
|-damage|p1a: Yveltal|94/100 brn|[from] brn
|upkeep
|turn|47
|
|t:|1666212475
|move|p2a: Eternatus|Flamethrower|p1a: Yveltal
|-damage|p1a: Yveltal|74/100 brn
|move|p1a: Yveltal|Knock Off|p2a: Eternatus
|-damage|p2a: Eternatus|68/100
|-enditem|p2a: Eternatus|Heavy-Duty Boots|[from] move: Knock Off|[of] p1a: Yveltal
|
|-damage|p1a: Yveltal|68/100 brn|[from] brn
|upkeep
|turn|48
|
|t:|1666212477
|move|p2a: Eternatus|Recover|p2a: Eternatus
|-heal|p2a: Eternatus|100/100
|move|p1a: Yveltal|Roost|p1a: Yveltal
|-heal|p1a: Yveltal|100/100 brn
|-singleturn|p1a: Yveltal|move: Roost
|
|-damage|p1a: Yveltal|94/100 brn|[from] brn
|upkeep
|turn|49
|
|t:|1666212496
|move|p2a: Eternatus|Flamethrower|p1a: Yveltal
|-damage|p1a: Yveltal|76/100 brn
|move|p1a: Yveltal|Defog|p2a: Eternatus
|-unboost|p2a: Eternatus|evasion|1
|-sideend|p2: ILoveMashing❤|Stealth Rock|[from] move: Defog|[of] p1a: Yveltal
|-sideend|p1: RichardMillePlain|Spikes|[from] move: Defog|[of] p1a: Yveltal
|-sideend|p1: RichardMillePlain|Stealth Rock|[from] move: Defog|[of] p1a: Yveltal
|
|-damage|p1a: Yveltal|70/100 brn|[from] brn
|upkeep
|turn|50
|
|t:|1666212504
|switch|p1a: Zekrom|Zekrom|3/100
|-ability|p1a: Zekrom|Teravolt
|move|p2a: Eternatus|Dynamax Cannon|p1a: Zekrom
|-supereffective|p1a: Zekrom
|-damage|p1a: Zekrom|0 fnt
|faint|p1a: Zekrom
|
|upkeep
|
|t:|1666212508
|switch|p1a: Necrozma|Necrozma-Dusk-Mane|54/100
|turn|51
|
|t:|1666212525
|switch|p2a: Ferrothorn|Ferrothorn, F|77/100
|switch|p1a: Ho-Oh|Ho-Oh|78/100 tox
|
|-damage|p1a: Ho-Oh|72/100 tox|[from] psn
|upkeep
|turn|52
|
|t:|1666212532
|switch|p2a: Giratina|Giratina|72/100
|-ability|p2a: Giratina|Pressure
|move|p1a: Ho-Oh|Brave Bird|p2a: Giratina
|-damage|p2a: Giratina|44/100
|-damage|p1a: Ho-Oh|60/100 tox|[from] Recoil
|
|-heal|p2a: Giratina|50/100|[from] item: Leftovers
|-damage|p1a: Ho-Oh|48/100 tox|[from] psn
|upkeep
|turn|53
|
|t:|1666212538
|switch|p1a: Groudon|Groudon|41/100 brn
|-weather|SunnyDay|[from] ability: Drought|[of] p1a: Groudon
|move|p2a: Giratina|Rest|p2a: Giratina
|-status|p2a: Giratina|slp|[from] move: Rest
|-heal|p2a: Giratina|100/100 slp|[silent]
|
|-weather|SunnyDay|[upkeep]
|-heal|p1a: Groudon|47/100 brn|[from] item: Leftovers
|-damage|p1a: Groudon|41/100 brn|[from] brn
|upkeep
|turn|54
|
|t:|1666212548
|move|p1a: Groudon|Stealth Rock|p2a: Giratina
|-sidestart|p2: ILoveMashing❤|move: Stealth Rock
|cant|p2a: Giratina|slp
|
|-weather|SunnyDay|[upkeep]
|-heal|p1a: Groudon|47/100 brn|[from] item: Leftovers
|-damage|p1a: Groudon|41/100 brn|[from] brn
|upkeep
|turn|55
|
|t:|1666212551
|switch|p1a: Eternatus|Eternatus|76/100
|-ability|p1a: Eternatus|Pressure
|cant|p2a: Giratina|slp
|
|-weather|SunnyDay|[upkeep]
|upkeep
|turn|56
|
|t:|1666212555
|switch|p2a: Blissey|Blissey, F|76/100
|-damage|p2a: Blissey|63/100|[from] Stealth Rock
|move|p1a: Eternatus|Dynamax Cannon|p2a: Blissey
|-damage|p2a: Blissey|50/100
|
|-weather|SunnyDay|[upkeep]
|upkeep
|turn|57
|
|t:|1666212563
|switch|p1a: Ho-Oh|Ho-Oh|81/100 tox
|move|p2a: Blissey|Soft-Boiled|p2a: Blissey
|-heal|p2a: Blissey|99/100
|
|-weather|none
|-damage|p1a: Ho-Oh|75/100 tox|[from] psn
|upkeep
|turn|58
|
|t:|1666212566
|switch|p2a: Giratina|Giratina|100/100 slp
|-damage|p2a: Giratina|88/100 slp|[from] Stealth Rock
|-ability|p2a: Giratina|Pressure
|move|p1a: Ho-Oh|Whirlwind|p2a: Giratina
|drag|p2a: Eternatus|Eternatus|100/100
|-damage|p2a: Eternatus|88/100|[from] Stealth Rock
|-ability|p2a: Eternatus|Pressure
|
|-damage|p1a: Ho-Oh|63/100 tox|[from] psn
|upkeep
|turn|59
|
|t:|1666212573
|move|p2a: Eternatus|Dynamax Cannon|p1a: Ho-Oh
|-damage|p1a: Ho-Oh|39/100 tox
|move|p1a: Ho-Oh|Whirlwind|p2a: Eternatus
|drag|p2a: Ho-Oh|Ho-Oh|68/100
|-damage|p2a: Ho-Oh|18/100|[from] Stealth Rock
|
|-damage|p1a: Ho-Oh|21/100 tox|[from] psn
|upkeep
|turn|60
|
|t:|1666212585
|switch|p1a: Eternatus|Eternatus|76/100
|-ability|p1a: Eternatus|Pressure
|move|p2a: Ho-Oh|Sacred Fire|p1a: Eternatus
|-resisted|p1a: Eternatus
|-damage|p1a: Eternatus|46/100
|-status|p1a: Eternatus|brn
|
|-damage|p1a: Eternatus|39/100 brn|[from] brn
|upkeep
|turn|61
|
|t:|1666212590
|switch|p1a: Ho-Oh|Ho-Oh|54/100 tox
|switch|p2a: Blissey|Blissey, F|99/100
|-damage|p2a: Blissey|87/100|[from] Stealth Rock
|
|-damage|p1a: Ho-Oh|48/100 tox|[from] psn
|upkeep
|turn|62
|
|t:|1666212594
|switch|p2a: Eternatus|Eternatus|88/100
|-damage|p2a: Eternatus|76/100|[from] Stealth Rock
|-ability|p2a: Eternatus|Pressure
|move|p1a: Ho-Oh|Brave Bird|p2a: Eternatus
|-damage|p2a: Eternatus|39/100
|-damage|p1a: Ho-Oh|35/100 tox|[from] Recoil
|
|-damage|p1a: Ho-Oh|23/100 tox|[from] psn
|upkeep
|turn|63
|
|t:|1666212601
|switch|p1a: Necrozma|Necrozma-Dusk-Mane|54/100
|move|p2a: Eternatus|Recover|p2a: Eternatus
|-heal|p2a: Eternatus|89/100
|
|-heal|p1a: Necrozma|60/100|[from] item: Leftovers
|upkeep
|turn|64
|
|t:|1666212604
|switch|p2a: Ferrothorn|Ferrothorn, F|77/100
|-damage|p2a: Ferrothorn|71/100|[from] Stealth Rock
|move|p1a: Necrozma|Dragon Dance|p1a: Necrozma
|-boost|p1a: Necrozma|atk|1
|-boost|p1a: Necrozma|spe|1
|
|-heal|p1a: Necrozma|66/100|[from] item: Leftovers
|upkeep
|turn|65
|
|t:|1666212608
|switch|p1a: Ho-Oh|Ho-Oh|56/100 tox
|move|p2a: Ferrothorn|Leech Seed|p1a: Ho-Oh|[miss]
|-miss|p2a: Ferrothorn|p1a: Ho-Oh
|
|-damage|p1a: Ho-Oh|50/100 tox|[from] psn
|upkeep
|turn|66
|
|t:|1666212616
|switch|p2a: Eternatus|Eternatus|89/100
|-damage|p2a: Eternatus|76/100|[from] Stealth Rock
|-ability|p2a: Eternatus|Pressure
|move|p1a: Ho-Oh|Thunder Wave|p2a: Eternatus|[miss]
|-miss|p1a: Ho-Oh|p2a: Eternatus
|
|-damage|p1a: Ho-Oh|38/100 tox|[from] psn
|upkeep
|turn|67
|
|t:|1666212624
|switch|p2a: Giratina|Giratina|88/100 slp
|-damage|p2a: Giratina|75/100 slp|[from] Stealth Rock
|-ability|p2a: Giratina|Pressure
|switch|p1a: Necrozma|Necrozma-Dusk-Mane|66/100
|
|-heal|p1a: Necrozma|72/100|[from] item: Leftovers
|-heal|p2a: Giratina|82/100 slp|[from] item: Leftovers
|upkeep
|turn|68
|
|t:|1666212633
|switch|p1a: Yveltal|Yveltal|70/100 brn
|-ability|p1a: Yveltal|Dark Aura
|-curestatus|p2a: Giratina|slp|[msg]
|move|p2a: Giratina|Will-O-Wisp|p1a: Yveltal|[miss]
|-miss|p2a: Giratina|p1a: Yveltal
|
|-heal|p2a: Giratina|88/100|[from] item: Leftovers
|-damage|p1a: Yveltal|64/100 brn|[from] brn
|upkeep
|turn|69
|
|t:|1666212640
|switch|p2a: Eternatus|Eternatus|76/100
|-damage|p2a: Eternatus|64/100|[from] Stealth Rock
|-ability|p2a: Eternatus|Pressure
|move|p1a: Yveltal|Knock Off|p2a: Eternatus
|-damage|p2a: Eternatus|53/100
|
|-damage|p1a: Yveltal|58/100 brn|[from] brn
|upkeep
|turn|70
|
|t:|1666212642
|switch|p1a: Necrozma|Necrozma-Dusk-Mane|72/100
|move|p2a: Eternatus|Recover|p2a: Eternatus
|-heal|p2a: Eternatus|100/100
|
|-heal|p1a: Necrozma|78/100|[from] item: Leftovers
|upkeep
|turn|71
|
|t:|1666212648
|switch|p2a: Ferrothorn|Ferrothorn, F|71/100
|-damage|p2a: Ferrothorn|65/100|[from] Stealth Rock
|switch|p1a: Ho-Oh|Ho-Oh|71/100 tox
|
|-damage|p1a: Ho-Oh|65/100 tox|[from] psn
|upkeep
|turn|72
|
|t:|1666212650
|switch|p2a: Eternatus|Eternatus|100/100
|-damage|p2a: Eternatus|88/100|[from] Stealth Rock
|-ability|p2a: Eternatus|Pressure
|move|p1a: Ho-Oh|Thunder Wave|p2a: Eternatus
|-status|p2a: Eternatus|par
|
|-damage|p1a: Ho-Oh|53/100 tox|[from] psn
|upkeep
|turn|73
|
|t:|1666212655
|move|p1a: Ho-Oh|Sacred Fire|p2a: Eternatus
|-resisted|p2a: Eternatus
|-damage|p2a: Eternatus|71/100 par
|move|p2a: Eternatus|Flamethrower|p1a: Ho-Oh
|-resisted|p1a: Ho-Oh
|-damage|p1a: Ho-Oh|45/100 tox
|
|-damage|p1a: Ho-Oh|27/100 tox|[from] psn
|upkeep
|turn|74
|
|t:|1666212657
|switch|p1a: Necrozma|Necrozma-Dusk-Mane|78/100
|move|p2a: Eternatus|Recover|p2a: Eternatus
|-heal|p2a: Eternatus|100/100 par
|
|-heal|p1a: Necrozma|84/100|[from] item: Leftovers
|upkeep
|turn|75
|
|t:|1666212669
|switch|p1a: Ho-Oh|Ho-Oh|60/100 tox
|switch|p2a: Ferrothorn|Ferrothorn, F|65/100
|-damage|p2a: Ferrothorn|58/100|[from] Stealth Rock
|
|-damage|p1a: Ho-Oh|54/100 tox|[from] psn
|upkeep
|turn|76
|
|t:|1666212673
|switch|p2a: Eternatus|Eternatus|100/100 par
|-damage|p2a: Eternatus|88/100 par|[from] Stealth Rock
|-ability|p2a: Eternatus|Pressure
|move|p1a: Ho-Oh|Brave Bird|p2a: Eternatus
|-damage|p2a: Eternatus|45/100 par
|-damage|p1a: Ho-Oh|38/100 tox|[from] Recoil
|
|-damage|p1a: Ho-Oh|26/100 tox|[from] psn
|upkeep
|turn|77
|
|t:|1666212677
|switch|p1a: Necrozma|Necrozma-Dusk-Mane|84/100
|move|p2a: Eternatus|Recover|p2a: Eternatus
|-heal|p2a: Eternatus|95/100 par
|
|-heal|p1a: Necrozma|90/100|[from] item: Leftovers
|upkeep
|turn|78
|
|t:|1666212679
|switch|p1a: Ho-Oh|Ho-Oh|59/100 tox
|switch|p2a: Giratina|Giratina|88/100
|-damage|p2a: Giratina|75/100|[from] Stealth Rock
|-ability|p2a: Giratina|Pressure
|
|-heal|p2a: Giratina|81/100|[from] item: Leftovers
|-damage|p1a: Ho-Oh|53/100 tox|[from] psn
|upkeep
|turn|79
|
|t:|1666212683
|move|p1a: Ho-Oh|Brave Bird|p2a: Giratina
|-damage|p2a: Giratina|55/100
|-damage|p1a: Ho-Oh|42/100 tox|[from] Recoil
|move|p2a: Giratina|Defog|p1a: Ho-Oh
|-unboost|p1a: Ho-Oh|evasion|1
|-sideend|p2: ILoveMashing❤|Stealth Rock|[from] move: Defog|[of] p2a: Giratina
|
|-heal|p2a: Giratina|61/100|[from] item: Leftovers
|-damage|p1a: Ho-Oh|30/100 tox|[from] psn
|upkeep
|turn|80
|
|t:|1666212691
|switch|p1a: Yveltal|Yveltal|58/100 brn
|-ability|p1a: Yveltal|Dark Aura
|move|p2a: Giratina|Dragon Pulse|p1a: Yveltal
|-damage|p1a: Yveltal|37/100 brn
|
|-heal|p2a: Giratina|67/100|[from] item: Leftovers
|-damage|p1a: Yveltal|30/100 brn|[from] brn
|upkeep
|turn|81
|
|t:|1666212720
|switch|p2a: Ho-Oh|Ho-Oh|51/100
|move|p1a: Yveltal|Roost|p1a: Yveltal
|-heal|p1a: Yveltal|81/100 brn
|-singleturn|p1a: Yveltal|move: Roost
|
|-damage|p1a: Yveltal|75/100 brn|[from] brn
|upkeep
|turn|82
|
|t:|1666212730
|move|p1a: Yveltal|Sucker Punch|p2a: Ho-Oh
|-damage|p2a: Ho-Oh|32/100
|move|p2a: Ho-Oh|Sacred Fire|p1a: Yveltal
|-damage|p1a: Yveltal|0 fnt
|faint|p1a: Yveltal
|
|upkeep
|
|t:|1666212736
|switch|p1a: Eternatus|Eternatus|39/100 brn
|-ability|p1a: Eternatus|Pressure
|turn|83
|
|t:|1666212741
|switch|p1a: Groudon|Groudon|41/100 brn
|-weather|SunnyDay|[from] ability: Drought|[of] p1a: Groudon
|switch|p2a: Blissey|Blissey, F|87/100
|
|-weather|SunnyDay|[upkeep]
|-heal|p1a: Groudon|47/100 brn|[from] item: Leftovers
|-damage|p1a: Groudon|41/100 brn|[from] brn
|upkeep
|turn|84
|
|t:|1666212743
|move|p1a: Groudon|Stone Edge|p2a: Blissey
|-damage|p2a: Blissey|71/100
|move|p2a: Blissey|Stealth Rock|p1a: Groudon
|-sidestart|p1: RichardMillePlain|move: Stealth Rock
|
|-weather|SunnyDay|[upkeep]
|-heal|p1a: Groudon|47/100 brn|[from] item: Leftovers
|-damage|p1a: Groudon|41/100 brn|[from] brn
|upkeep
|turn|85
|
|t:|1666212759
|switch|p2a: Giratina|Giratina|67/100
|-ability|p2a: Giratina|Pressure
|move|p1a: Groudon|Stealth Rock|p2a: Giratina
|-sidestart|p2: ILoveMashing❤|move: Stealth Rock
|
|-weather|SunnyDay|[upkeep]
|-heal|p1a: Groudon|47/100 brn|[from] item: Leftovers
|-heal|p2a: Giratina|73/100|[from] item: Leftovers
|-damage|p1a: Groudon|41/100 brn|[from] brn
|upkeep
|turn|86
|
|t:|1666212769
|move|p1a: Groudon|Toxic|p2a: Giratina
|-status|p2a: Giratina|tox
|move|p2a: Giratina|Dragon Pulse|p1a: Groudon
|-damage|p1a: Groudon|14/100 brn
|
|-weather|SunnyDay|[upkeep]
|-heal|p1a: Groudon|21/100 brn|[from] item: Leftovers
|-heal|p2a: Giratina|79/100 tox|[from] item: Leftovers
|-damage|p2a: Giratina|73/100 tox|[from] psn
|-damage|p1a: Groudon|14/100 brn|[from] brn
|upkeep
|turn|87
|
|t:|1666212773
|switch|p1a: Necrozma|Necrozma-Dusk-Mane|90/100
|-damage|p1a: Necrozma|84/100|[from] Stealth Rock
|move|p2a: Giratina|Dragon Pulse|p1a: Necrozma
|-resisted|p1a: Necrozma
|-damage|p1a: Necrozma|74/100
|
|-weather|none
|-heal|p1a: Necrozma|80/100|[from] item: Leftovers
|-heal|p2a: Giratina|79/100 tox|[from] item: Leftovers
|-damage|p2a: Giratina|67/100 tox|[from] psn
|upkeep
|turn|88
|
|t:|1666212782
|switch|p1a: Eternatus|Eternatus|39/100 brn
|-damage|p1a: Eternatus|27/100 brn|[from] Stealth Rock
|-ability|p1a: Eternatus|Pressure
|move|p2a: Giratina|Will-O-Wisp|p1a: Eternatus
|-fail|p1a: Eternatus|brn
|
|-heal|p2a: Giratina|73/100 tox|[from] item: Leftovers
|-damage|p2a: Giratina|55/100 tox|[from] psn
|-damage|p1a: Eternatus|21/100 brn|[from] brn
|upkeep
|turn|89
|
|t:|1666212789
|switch|p2a: Blissey|Blissey, F|71/100
|-damage|p2a: Blissey|58/100|[from] Stealth Rock
|move|p1a: Eternatus|Recover|p1a: Eternatus
|-heal|p1a: Eternatus|71/100 brn
|
|-damage|p1a: Eternatus|65/100 brn|[from] brn
|upkeep
|turn|90
|
|t:|1666212795
|switch|p1a: Necrozma|Necrozma-Dusk-Mane|80/100
|-damage|p1a: Necrozma|74/100|[from] Stealth Rock
|move|p2a: Blissey|Aromatherapy|p2a: Blissey
|-activate|p2a: Blissey|move: Aromatherapy
|-curestatus|p2: Giratina|tox|[msg]
|-curestatus|p2: Eternatus|par|[msg]
|
|-heal|p1a: Necrozma|80/100|[from] item: Leftovers
|upkeep
|turn|91
|
|t:|1666212801
|switch|p1a: Eternatus|Eternatus|65/100 brn
|-damage|p1a: Eternatus|53/100 brn|[from] Stealth Rock
|-ability|p1a: Eternatus|Pressure
|switch|p2a: Ferrothorn|Ferrothorn, F|58/100
|-damage|p2a: Ferrothorn|52/100|[from] Stealth Rock
|
|-damage|p1a: Eternatus|47/100 brn|[from] brn
|upkeep
|turn|92
|
|t:|1666212824
|switch|p2a: Eternatus|Eternatus|95/100
|-damage|p2a: Eternatus|83/100|[from] Stealth Rock
|-ability|p2a: Eternatus|Pressure
|move|p1a: Eternatus|Recover|p1a: Eternatus
|-heal|p1a: Eternatus|97/100 brn
|
|-damage|p1a: Eternatus|91/100 brn|[from] brn
|upkeep
|turn|93
|
|t:|1666212836
|move|p2a: Eternatus|Dynamax Cannon|p1a: Eternatus
|-supereffective|p1a: Eternatus
|-damage|p1a: Eternatus|33/100 brn
|move|p1a: Eternatus|Dynamax Cannon|p2a: Eternatus
|-supereffective|p2a: Eternatus
|-damage|p2a: Eternatus|9/100
|
|-damage|p1a: Eternatus|27/100 brn|[from] brn
|upkeep
|turn|94
|
|t:|1666212848
|switch|p2a: Blissey|Blissey, F|58/100
|-damage|p2a: Blissey|46/100|[from] Stealth Rock
|move|p1a: Eternatus|Recover|p1a: Eternatus
|-heal|p1a: Eternatus|77/100 brn
|
|-damage|p1a: Eternatus|71/100 brn|[from] brn
|upkeep
|turn|95
|
|t:|1666212850
|switch|p1a: Necrozma|Necrozma-Dusk-Mane|80/100
|-damage|p1a: Necrozma|74/100|[from] Stealth Rock
|move|p2a: Blissey|Soft-Boiled|p2a: Blissey
|-heal|p2a: Blissey|96/100
|
|-heal|p1a: Necrozma|80/100|[from] item: Leftovers
|upkeep
|turn|96
|
|t:|1666212857
|switch|p1a: Eternatus|Eternatus|71/100 brn
|-damage|p1a: Eternatus|59/100 brn|[from] Stealth Rock
|-ability|p1a: Eternatus|Pressure
|switch|p2a: Eternatus|Eternatus|9/100
|-damage|p2a: Eternatus|0 fnt|[from] Stealth Rock
|faint|p2a: Eternatus
|
|-damage|p1a: Eternatus|52/100 brn|[from] brn
|upkeep
|
|t:|1666212863
|switch|p2a: Blissey|Blissey, F|96/100
|-damage|p2a: Blissey|83/100|[from] Stealth Rock
|turn|97
|
|t:|1666212865
|move|p1a: Eternatus|Recover|p1a: Eternatus
|-heal|p1a: Eternatus|100/100 brn
|move|p2a: Blissey|Confide|p1a: Eternatus
|-unboost|p1a: Eternatus|spa|1
|
|-damage|p1a: Eternatus|94/100 brn|[from] brn
|upkeep
|turn|98
|
|t:|1666212878
|move|p1a: Eternatus|Toxic|p2a: Blissey
|-status|p2a: Blissey|tox
|move|p2a: Blissey|Confide|p1a: Eternatus
|-unboost|p1a: Eternatus|spa|1
|
|-damage|p2a: Blissey|77/100 tox|[from] psn
|-damage|p1a: Eternatus|88/100 brn|[from] brn
|upkeep
|turn|99
|inactive|ILoveMashing❤ has 270 seconds left.
|inactive|ILoveMashing❤ has 240 seconds left.
|
|t:|1666212942
|switch|p1a: Necrozma|Necrozma-Dusk-Mane|80/100
|-damage|p1a: Necrozma|74/100|[from] Stealth Rock
|-curestatus|p2a: Blissey|tox|[from] ability: Natural Cure
|switch|p2a: Ferrothorn|Ferrothorn, F|52/100
|-damage|p2a: Ferrothorn|46/100|[from] Stealth Rock
|
|-heal|p1a: Necrozma|80/100|[from] item: Leftovers
|upkeep
|turn|100
|
|t:|1666212947
|switch|p1a: Groudon|Groudon|14/100 brn
|-damage|p1a: Groudon|8/100 brn|[from] Stealth Rock
|-weather|SunnyDay|[from] ability: Drought|[of] p1a: Groudon
|move|p2a: Ferrothorn|Leech Seed|p1a: Groudon
|-start|p1a: Groudon|move: Leech Seed
|
|-weather|SunnyDay|[upkeep]
|-heal|p1a: Groudon|14/100 brn|[from] item: Leftovers
|-damage|p1a: Groudon|2/100 brn|[from] Leech Seed|[of] p2a: Ferrothorn
|-heal|p2a: Ferrothorn|60/100|[silent]
|-damage|p1a: Groudon|0 fnt|[from] brn
|faint|p1a: Groudon
|upkeep
|
|t:|1666212949
|switch|p1a: Eternatus|Eternatus|88/100 brn
|-damage|p1a: Eternatus|76/100 brn|[from] Stealth Rock
|-ability|p1a: Eternatus|Pressure
|turn|101
|
|t:|1666212967
|switch|p2a: Blissey|Blissey, F|77/100
|-damage|p2a: Blissey|65/100|[from] Stealth Rock
|move|p1a: Eternatus|Mystical Fire|p2a: Blissey
|-damage|p2a: Blissey|58/100
|-unboost|p2a: Blissey|spa|1
|
|-weather|SunnyDay|[upkeep]
|-damage|p1a: Eternatus|70/100 brn|[from] brn
|upkeep
|turn|102
|inactive|ILoveMashing❤ has 240 seconds left.
|
|t:|1666212988
|switch|p1a: Necrozma|Necrozma-Dusk-Mane|80/100
|-damage|p1a: Necrozma|74/100|[from] Stealth Rock
|move|p2a: Blissey|Confide|p1a: Necrozma
|-unboost|p1a: Necrozma|spa|1
|
|-weather|SunnyDay|[upkeep]
|-heal|p1a: Necrozma|80/100|[from] item: Leftovers
|upkeep
|turn|103
|inactive|ILoveMashing❤ has 240 seconds left.
|
|t:|1666213002
|switch|p1a: Eternatus|Eternatus|70/100 brn
|-damage|p1a: Eternatus|58/100 brn|[from] Stealth Rock
|-ability|p1a: Eternatus|Pressure
|switch|p2a: Ferrothorn|Ferrothorn, F|60/100
|-damage|p2a: Ferrothorn|54/100|[from] Stealth Rock
|
|-weather|SunnyDay|[upkeep]
|-damage|p1a: Eternatus|52/100 brn|[from] brn
|upkeep
|turn|104
|
|t:|1666213006
|switch|p2a: Blissey|Blissey, F|58/100
|-damage|p2a: Blissey|45/100|[from] Stealth Rock
|move|p1a: Eternatus|Mystical Fire|p2a: Blissey
|-damage|p2a: Blissey|38/100
|-unboost|p2a: Blissey|spa|1
|
|-weather|none
|-damage|p1a: Eternatus|46/100 brn|[from] brn
|upkeep
|turn|105
|
|t:|1666213018
|move|p1a: Eternatus|Recover|p1a: Eternatus
|-heal|p1a: Eternatus|96/100 brn
|move|p2a: Blissey|Soft-Boiled|p2a: Blissey
|-heal|p2a: Blissey|88/100
|
|-damage|p1a: Eternatus|89/100 brn|[from] brn
|upkeep
|turn|106
|inactive|ILoveMashing❤ has 240 seconds left.
|
|t:|1666213048
|switch|p2a: Giratina|Giratina|55/100
|-damage|p2a: Giratina|42/100|[from] Stealth Rock
|-ability|p2a: Giratina|Pressure
|move|p1a: Eternatus|Toxic|p2a: Giratina
|-status|p2a: Giratina|tox
|
|-heal|p2a: Giratina|48/100 tox|[from] item: Leftovers
|-damage|p2a: Giratina|42/100 tox|[from] psn
|-damage|p1a: Eternatus|83/100 brn|[from] brn
|upkeep
|turn|107
|
|t:|1666213067
|switch|p2a: Blissey|Blissey, F|88/100
|-damage|p2a: Blissey|76/100|[from] Stealth Rock
|move|p1a: Eternatus|Dynamax Cannon|p2a: Blissey
|-damage|p2a: Blissey|61/100
|
|-damage|p1a: Eternatus|77/100 brn|[from] brn
|upkeep
|turn|108
|
|t:|1666213070
|switch|p1a: Necrozma|Necrozma-Dusk-Mane|80/100
|-damage|p1a: Necrozma|74/100|[from] Stealth Rock
|move|p2a: Blissey|Aromatherapy|p2a: Blissey
|-activate|p2a: Blissey|move: Aromatherapy
|-curestatus|p2: Giratina|tox|[msg]
|
|-heal|p1a: Necrozma|80/100|[from] item: Leftovers
|upkeep
|turn|109
|
|t:|1666213077
|switch|p1a: Eternatus|Eternatus|77/100 brn
|-damage|p1a: Eternatus|65/100 brn|[from] Stealth Rock
|-ability|p1a: Eternatus|Pressure
|switch|p2a: Giratina|Giratina|42/100
|-damage|p2a: Giratina|30/100|[from] Stealth Rock
|-ability|p2a: Giratina|Pressure
|
|-heal|p2a: Giratina|36/100|[from] item: Leftovers
|-damage|p1a: Eternatus|59/100 brn|[from] brn
|upkeep
|turn|110
|
|t:|1666213089
|switch|p2a: Blissey|Blissey, F|61/100
|-damage|p2a: Blissey|49/100|[from] Stealth Rock
|move|p1a: Eternatus|Toxic|p2a: Blissey
|-status|p2a: Blissey|tox
|
|-damage|p2a: Blissey|43/100 tox|[from] psn
|-damage|p1a: Eternatus|53/100 brn|[from] brn
|upkeep
|turn|111
|
|t:|1666213092
|move|p1a: Eternatus|Recover|p1a: Eternatus
|-heal|p1a: Eternatus|100/100 brn
|move|p2a: Blissey|Soft-Boiled|p2a: Blissey
|-heal|p2a: Blissey|93/100 tox
|
|-damage|p2a: Blissey|81/100 tox|[from] psn
|-damage|p1a: Eternatus|94/100 brn|[from] brn
|upkeep
|turn|112
|
|t:|1666213095
|move|p1a: Eternatus|Mystical Fire|p2a: Blissey
|-damage|p2a: Blissey|73/100 tox
|-unboost|p2a: Blissey|spa|1
|move|p2a: Blissey|Aromatherapy|p2a: Blissey
|-activate|p2a: Blissey|move: Aromatherapy
|-curestatus|p2a: Blissey|tox|[msg]
|
|-damage|p1a: Eternatus|88/100 brn|[from] brn
|upkeep
|turn|113
|inactive|ILoveMashing❤ has 270 seconds left.
|
|t:|1666213111
|move|p1a: Eternatus|Toxic|p2a: Blissey
|-status|p2a: Blissey|tox
|move|p2a: Blissey|Confide|p1a: Eternatus
|-unboost|p1a: Eternatus|spa|1
|
|-damage|p2a: Blissey|67/100 tox|[from] psn
|-damage|p1a: Eternatus|82/100 brn|[from] brn
|upkeep
|turn|114
|inactive|ILoveMashing❤ has 270 seconds left.
|
|t:|1666213118
|move|p1a: Eternatus|Mystical Fire|p2a: Blissey
|-damage|p2a: Blissey|62/100 tox
|-unboost|p2a: Blissey|spa|1
|move|p2a: Blissey|Soft-Boiled|p2a: Blissey
|-heal|p2a: Blissey|100/100 tox
|
|-damage|p2a: Blissey|88/100 tox|[from] psn
|-damage|p1a: Eternatus|76/100 brn|[from] brn
|upkeep
|turn|115
|inactive|ILoveMashing❤ has 270 seconds left.
|
|t:|1666213135
|move|p1a: Eternatus|Mystical Fire|p2a: Blissey
|-damage|p2a: Blissey|83/100 tox
|-unboost|p2a: Blissey|spa|1
|move|p2a: Blissey|Aromatherapy|p2a: Blissey
|-activate|p2a: Blissey|move: Aromatherapy
|-curestatus|p2a: Blissey|tox|[msg]
|
|-damage|p1a: Eternatus|70/100 brn|[from] brn
|upkeep
|turn|116
|inactive|ILoveMashing❤ has 270 seconds left.
|
|t:|1666213145
|move|p1a: Eternatus|Toxic|p2a: Blissey
|-status|p2a: Blissey|tox
|move|p2a: Blissey|Stealth Rock||[still]
|-fail|p2a: Blissey
|
|-damage|p2a: Blissey|77/100 tox|[from] psn
|-damage|p1a: Eternatus|64/100 brn|[from] brn
|upkeep
|turn|117
|
|t:|1666213151
|move|p1a: Eternatus|Mystical Fire|p2a: Blissey
|-damage|p2a: Blissey|72/100 tox
|-unboost|p2a: Blissey|spa|1
|move|p2a: Blissey|Confide|p1a: Eternatus
|-unboost|p1a: Eternatus|spa|1
|
|-damage|p2a: Blissey|60/100 tox|[from] psn
|-damage|p1a: Eternatus|58/100 brn|[from] brn
|upkeep
|turn|118
|
|t:|1666213156
|move|p1a: Eternatus|Dynamax Cannon|p2a: Blissey
|-damage|p2a: Blissey|53/100 tox
|move|p2a: Blissey|Soft-Boiled|p2a: Blissey
|-heal|p2a: Blissey|100/100 tox
|
|-damage|p2a: Blissey|82/100 tox|[from] psn
|-damage|p1a: Eternatus|52/100 brn|[from] brn
|upkeep
|turn|119
|
|t:|1666213167
|move|p1a: Eternatus|Recover|p1a: Eternatus
|-heal|p1a: Eternatus|100/100 brn
|move|p2a: Blissey|Aromatherapy|p2a: Blissey
|-activate|p2a: Blissey|move: Aromatherapy
|-curestatus|p2a: Blissey|tox|[msg]
|
|-damage|p1a: Eternatus|94/100 brn|[from] brn
|upkeep
|turn|120
|
|t:|1666213169
|move|p1a: Eternatus|Toxic|p2a: Blissey
|-status|p2a: Blissey|tox
|move|p2a: Blissey|Confide|p1a: Eternatus
|-unboost|p1a: Eternatus|spa|1
|
|-damage|p2a: Blissey|76/100 tox|[from] psn
|-damage|p1a: Eternatus|88/100 brn|[from] brn
|upkeep
|turn|121
|
|t:|1666213181
|move|p1a: Eternatus|Mystical Fire|p2a: Blissey
|-damage|p2a: Blissey|73/100 tox
|-unboost|p2a: Blissey|spa|1
|move|p2a: Blissey|Stealth Rock||[still]
|-fail|p2a: Blissey
|
|-damage|p2a: Blissey|61/100 tox|[from] psn
|-damage|p1a: Eternatus|82/100 brn|[from] brn
|upkeep
|turn|122
|
|t:|1666213184
|switch|p1a: Necrozma|Necrozma-Dusk-Mane|80/100
|-damage|p1a: Necrozma|74/100|[from] Stealth Rock
|move|p2a: Blissey|Soft-Boiled|p2a: Blissey
|-heal|p2a: Blissey|100/100 tox
|
|-heal|p1a: Necrozma|80/100|[from] item: Leftovers
|-damage|p2a: Blissey|82/100 tox|[from] psn
|upkeep
|turn|123
|
|t:|1666213191
|-curestatus|p2a: Blissey|tox|[from] ability: Natural Cure
|switch|p2a: Ferrothorn|Ferrothorn, F|54/100
|-damage|p2a: Ferrothorn|48/100|[from] Stealth Rock
|move|p1a: Necrozma|Sunsteel Strike|p2a: Ferrothorn
|-resisted|p2a: Ferrothorn
|-crit|p2a: Ferrothorn
|-damage|p2a: Ferrothorn|25/100
|-damage|p1a: Necrozma|68/100|[from] ability: Iron Barbs|[of] p2a: Ferrothorn
|
|-heal|p1a: Necrozma|74/100|[from] item: Leftovers
|upkeep
|turn|124
|
|t:|1666213196
|switch|p1a: Ho-Oh|Ho-Oh|63/100 tox
|-damage|p1a: Ho-Oh|14/100 tox|[from] Stealth Rock
|move|p2a: Ferrothorn|Leech Seed|p1a: Ho-Oh
|-start|p1a: Ho-Oh|move: Leech Seed
|
|-damage|p1a: Ho-Oh|1/100 tox|[from] Leech Seed|[of] p2a: Ferrothorn
|-heal|p2a: Ferrothorn|39/100|[silent]
|-damage|p1a: Ho-Oh|0 fnt|[from] psn
|faint|p1a: Ho-Oh
|upkeep
|
|t:|1666213198
|switch|p1a: Eternatus|Eternatus|82/100 brn
|-damage|p1a: Eternatus|70/100 brn|[from] Stealth Rock
|-ability|p1a: Eternatus|Pressure
|turn|125
|
|t:|1666213224
|switch|p2a: Blissey|Blissey, F|82/100
|-damage|p2a: Blissey|70/100|[from] Stealth Rock
|move|p1a: Eternatus|Mystical Fire|p2a: Blissey
|-damage|p2a: Blissey|62/100
|-unboost|p2a: Blissey|spa|1
|
|-damage|p1a: Eternatus|64/100 brn|[from] brn
|upkeep
|turn|126
|
|t:|1666213229
|move|p1a: Eternatus|Toxic|p2a: Blissey
|-status|p2a: Blissey|tox
|move|p2a: Blissey|Confide|p1a: Eternatus
|-unboost|p1a: Eternatus|spa|1
|
|-damage|p2a: Blissey|56/100 tox|[from] psn
|-damage|p1a: Eternatus|58/100 brn|[from] brn
|upkeep
|turn|127
|
|t:|1666213236
|-curestatus|p2a: Blissey|tox|[from] ability: Natural Cure
|switch|p2a: Giratina|Giratina|36/100
|-damage|p2a: Giratina|23/100|[from] Stealth Rock
|-ability|p2a: Giratina|Pressure
|move|p1a: Eternatus|Recover|p1a: Eternatus
|-heal|p1a: Eternatus|100/100 brn
|
|-heal|p2a: Giratina|29/100|[from] item: Leftovers
|-damage|p1a: Eternatus|94/100 brn|[from] brn
|upkeep
|turn|128
|
|t:|1666213248
|switch|p2a: Blissey|Blissey, F|56/100
|-damage|p2a: Blissey|44/100|[from] Stealth Rock
|move|p1a: Eternatus|Dynamax Cannon|p2a: Blissey
|-damage|p2a: Blissey|35/100
|
|-damage|p1a: Eternatus|88/100 brn|[from] brn
|upkeep
|turn|129
|
|t:|1666213252
|move|p1a: Eternatus|Toxic|p2a: Blissey
|-status|p2a: Blissey|tox
|move|p2a: Blissey|Soft-Boiled|p2a: Blissey
|-heal|p2a: Blissey|85/100 tox
|
|-damage|p2a: Blissey|79/100 tox|[from] psn
|-damage|p1a: Eternatus|82/100 brn|[from] brn
|upkeep
|turn|130
|inactive|RichardMillePlain has 270 seconds left.
|
|t:|1666213285
|switch|p1a: Necrozma|Necrozma-Dusk-Mane|74/100
|-damage|p1a: Necrozma|68/100|[from] Stealth Rock
|-curestatus|p2a: Blissey|tox|[from] ability: Natural Cure
|switch|p2a: Giratina|Giratina|29/100
|-damage|p2a: Giratina|17/100|[from] Stealth Rock
|-ability|p2a: Giratina|Pressure
|
|-heal|p1a: Necrozma|74/100|[from] item: Leftovers
|-heal|p2a: Giratina|23/100|[from] item: Leftovers
|upkeep
|turn|131
|
|t:|1666213293
|move|p1a: Necrozma|Knock Off|p2a: Giratina
|-supereffective|p2a: Giratina
|-damage|p2a: Giratina|0 fnt
|-enditem|p2a: Giratina|Leftovers|[from] move: Knock Off|[of] p1a: Necrozma
|faint|p2a: Giratina
|
|-heal|p1a: Necrozma|80/100|[from] item: Leftovers
|upkeep
|
|t:|1666213299
|switch|p2a: Ho-Oh|Ho-Oh|65/100
|-damage|p2a: Ho-Oh|15/100|[from] Stealth Rock
|turn|132
|
|t:|1666213308
|move|p2a: Ho-Oh|Earthquake|p1a: Necrozma
|-supereffective|p1a: Necrozma
|-damage|p1a: Necrozma|16/100
|move|p1a: Necrozma|Knock Off|p2a: Ho-Oh
|-damage|p2a: Ho-Oh|0 fnt
|-enditem|p2a: Ho-Oh|Choice Band|[from] move: Knock Off|[of] p1a: Necrozma
|faint|p2a: Ho-Oh
|
|-heal|p1a: Necrozma|22/100|[from] item: Leftovers
|upkeep
|
|t:|1666213314
|switch|p2a: Ferrothorn|Ferrothorn, F|39/100
|-damage|p2a: Ferrothorn|33/100|[from] Stealth Rock
|turn|133
|
|t:|1666213318
|switch|p1a: Eternatus|Eternatus|82/100 brn
|-damage|p1a: Eternatus|70/100 brn|[from] Stealth Rock
|-ability|p1a: Eternatus|Pressure
|move|p2a: Ferrothorn|Body Press|p1a: Eternatus
|-resisted|p1a: Eternatus
|-damage|p1a: Eternatus|58/100 brn
|
|-damage|p1a: Eternatus|52/100 brn|[from] brn
|upkeep
|turn|134
|
|t:|1666213327
|switch|p2a: Blissey|Blissey, F|79/100
|-damage|p2a: Blissey|66/100|[from] Stealth Rock
|move|p1a: Eternatus|Mystical Fire|p2a: Blissey
|-damage|p2a: Blissey|59/100
|-unboost|p2a: Blissey|spa|1
|
|-damage|p1a: Eternatus|46/100 brn|[from] brn
|upkeep
|turn|135
|
|t:|1666213336
|move|p1a: Eternatus|Recover|p1a: Eternatus
|-heal|p1a: Eternatus|96/100 brn
|move|p2a: Blissey|Confide|p1a: Eternatus
|-unboost|p1a: Eternatus|spa|1
|
|-damage|p1a: Eternatus|89/100 brn|[from] brn
|upkeep
|turn|136
|
|t:|1666213348
|move|p1a: Eternatus|Toxic|p2a: Blissey
|-status|p2a: Blissey|tox
|move|p2a: Blissey|Confide|p1a: Eternatus
|-unboost|p1a: Eternatus|spa|1
|
|-damage|p2a: Blissey|52/100 tox|[from] psn
|-damage|p1a: Eternatus|83/100 brn|[from] brn
|upkeep
|turn|137
|
|t:|1666213355
|switch|p1a: Necrozma|Necrozma-Dusk-Mane|22/100
|-damage|p1a: Necrozma|16/100|[from] Stealth Rock
|move|p2a: Blissey|Aromatherapy|p2a: Blissey
|-activate|p2a: Blissey|move: Aromatherapy
|-curestatus|p2a: Blissey|tox|[msg]
|
|-heal|p1a: Necrozma|22/100|[from] item: Leftovers
|upkeep
|turn|138
|
|t:|1666213358
|switch|p2a: Ferrothorn|Ferrothorn, F|33/100
|-damage|p2a: Ferrothorn|27/100|[from] Stealth Rock
|move|p1a: Necrozma|Knock Off|p2a: Ferrothorn
|-damage|p2a: Ferrothorn|14/100
|-damage|p1a: Necrozma|10/100|[from] ability: Iron Barbs|[of] p2a: Ferrothorn
|
|-heal|p1a: Necrozma|16/100|[from] item: Leftovers
|upkeep
|turn|139
|
|t:|1666213363
|move|p1a: Necrozma|Knock Off|p2a: Ferrothorn
|-damage|p2a: Ferrothorn|2/100
|-damage|p1a: Necrozma|4/100|[from] ability: Iron Barbs|[of] p2a: Ferrothorn
|move|p2a: Ferrothorn|Leech Seed|p1a: Necrozma
|-start|p1a: Necrozma|move: Leech Seed
|
|-heal|p1a: Necrozma|10/100|[from] item: Leftovers
|-damage|p1a: Necrozma|0 fnt|[from] Leech Seed|[of] p2a: Ferrothorn
|-heal|p2a: Ferrothorn|12/100|[silent]
|faint|p1a: Necrozma
|upkeep
|
|t:|1666213364
|switch|p1a: Eternatus|Eternatus|83/100 brn
|-damage|p1a: Eternatus|71/100 brn|[from] Stealth Rock
|-ability|p1a: Eternatus|Pressure
|turn|140
|
|t:|1666213375
|move|p1a: Eternatus|Mystical Fire|p2a: Ferrothorn
|-supereffective|p2a: Ferrothorn
|-damage|p2a: Ferrothorn|0 fnt
|faint|p2a: Ferrothorn
|
|-damage|p1a: Eternatus|65/100 brn|[from] brn
|upkeep
|
|t:|1666213378
|switch|p2a: Blissey|Blissey, F|52/100
|-damage|p2a: Blissey|40/100|[from] Stealth Rock
|turn|141
|c|☆RichardMillePlain|ggs
|c|☆ILoveMashing❤|ggs
|
|t:|1666213387
|move|p1a: Eternatus|Toxic|p2a: Blissey
|-status|p2a: Blissey|tox
|move|p2a: Blissey|Soft-Boiled|p2a: Blissey
|-heal|p2a: Blissey|90/100 tox
|
|-damage|p2a: Blissey|84/100 tox|[from] psn
|-damage|p1a: Eternatus|59/100 brn|[from] brn
|upkeep
|turn|142
|inactive|ILoveMashing❤ has 270 seconds left.
|-message|ILoveMashing❤ forfeited.
|
|win|RichardMillePlain
