|inactive|Battle timer is ON: inactive players will automatically lose when time's up.
|t:|1667077508
|gametype|singles
|player|p1|Kate|#scl2dynamos|
|player|p2|Poek|#poek|
|teamsize|p1|6
|teamsize|p2|6
|gen|8
|tier|[Gen 8] Ubers
|rule|Sleep Clause Mod: Limit one foe put to sleep
|rule|Species Clause: Limit one of each Pokémon
|rule|OHKO Clause: OHKO moves are banned
|rule|Evasion Items Clause: Evasion items are banned
|rule|Evasion Moves Clause: Evasion moves are banned
|rule|Endless Battle Clause: Forcing endless battles is banned
|rule|HP Percentage Mod: HP is shown in percentages
|rule|Dynamax Clause: You cannot dynamax
|clearpoke
|poke|p1|Zygarde|
|poke|p1|Eternatus|
|poke|p1|Yveltal|
|poke|p1|Necrozma-Dusk-Mane|
|poke|p1|Marshadow|
|poke|p1|Xerneas-*|
|poke|p2|Groudon|
|poke|p2|Xerneas-*|
|poke|p2|Necrozma-Dusk-Mane|
|poke|p2|Eternatus|
|poke|p2|Mewtwo|
|poke|p2|Yveltal|
|teampreview
|c|+Enzonana|KATE
|c|☆Kate|Hf
|c|☆Poek|u2
|c|+Excal|Kate
|inactive|Kate has 270 seconds left.
|inactive|Poek has 270 seconds left.
|
|t:|1667077546
|start
|switch|p1a: Yveltal|Yveltal|100/100
|switch|p2a: Mewtwo|Mewtwo|100/100
|-ability|p2a: Mewtwo|Pressure
|-ability|p1a: Yveltal|Dark Aura
|turn|1
|
|t:|1667077555
|move|p2a: Mewtwo|Will-O-Wisp|p1a: Yveltal
|-status|p1a: Yveltal|brn
|move|p1a: Yveltal|Knock Off|p2a: Mewtwo
|-supereffective|p2a: Mewtwo
|-damage|p2a: Mewtwo|57/100
|-enditem|p2a: Mewtwo|Leftovers|[from] move: Knock Off|[of] p1a: Yveltal
|
|-damage|p1a: Yveltal|94/100 brn|[from] brn
|upkeep
|turn|2
|
|t:|1667077578
|switch|p1a: Eternatus|Eternatus|100/100
|-ability|p1a: Eternatus|Pressure
|move|p2a: Mewtwo|Recover|p2a: Mewtwo
|-heal|p2a: Mewtwo|100/100
|
|upkeep
|turn|3
|inactive|Poek has 270 seconds left.
|inactive|Poek has 240 seconds left.
|inactive|Poek has 210 seconds left.
|
|t:|1667077666
|switch|p2a: Necrozma|Necrozma-Dusk-Mane|100/100
|move|p1a: Eternatus|Sludge Bomb|p2a: Necrozma
|-immune|p2a: Necrozma
|
|upkeep
|turn|4
|inactive|Poek has 210 seconds left.
|
|t:|1667077673
|move|p1a: Eternatus|Flamethrower|p2a: Necrozma
|-supereffective|p2a: Necrozma
|-damage|p2a: Necrozma|72/100
|move|p2a: Necrozma|Stealth Rock|p1a: Eternatus
|-sidestart|p1: Kate|move: Stealth Rock
|
|-heal|p2a: Necrozma|78/100|[from] item: Leftovers
|upkeep
|turn|5
|inactive|Poek has 210 seconds left.
|
|t:|1667077685
|move|p1a: Eternatus|Flamethrower|p2a: Necrozma
|-supereffective|p2a: Necrozma
|-damage|p2a: Necrozma|44/100
|move|p2a: Necrozma|Knock Off|p1a: Eternatus
|-damage|p1a: Eternatus|76/100
|-enditem|p1a: Eternatus|Metronome|[from] move: Knock Off|[of] p2a: Necrozma
|
|-heal|p2a: Necrozma|50/100|[from] item: Leftovers
|upkeep
|turn|6
|
|t:|1667077688
|move|p1a: Eternatus|Flamethrower|p2a: Necrozma
|-supereffective|p2a: Necrozma
|-damage|p2a: Necrozma|22/100
|move|p2a: Necrozma|Morning Sun|p2a: Necrozma
|-heal|p2a: Necrozma|72/100
|
|-heal|p2a: Necrozma|78/100|[from] item: Leftovers
|upkeep
|turn|7
|
|t:|1667077699
|move|p1a: Eternatus|Flamethrower|p2a: Necrozma
|-supereffective|p2a: Necrozma
|-damage|p2a: Necrozma|53/100
|move|p2a: Necrozma|Morning Sun|p2a: Necrozma
|-heal|p2a: Necrozma|100/100
|
|upkeep
|turn|8
|inactive|Poek has 210 seconds left.
|
|t:|1667077729
|switch|p2a: Mewtwo|Mewtwo|100/100
|-ability|p2a: Mewtwo|Pressure
|move|p1a: Eternatus|Dynamax Cannon|p2a: Mewtwo
|-damage|p2a: Mewtwo|58/100
|
|upkeep
|turn|9
|inactive|Poek has 210 seconds left.
|
|t:|1667077741
|move|p2a: Mewtwo|Psystrike|p1a: Eternatus
|-supereffective|p1a: Eternatus
|-crit|p1a: Eternatus
|-damage|p1a: Eternatus|0 fnt
|faint|p1a: Eternatus
|
|upkeep
|raw|<div class="broadcast-red"><strong>Moderated chat was set to ☆!</strong><br />Only users of rank ☆ and higher can talk.</div>
|
|t:|1667077752
|switch|p1a: Marshadow|Marshadow|100/100
|-damage|p1a: Marshadow|94/100|[from] Stealth Rock
|turn|10
|inactive|Poek has 210 seconds left.
|inactive|Kate has 270 seconds left.
|inactive|Poek has 180 seconds left.
|
|t:|1667077817
|switch|p2a: Eternatus|Eternatus|100/100
|-ability|p2a: Eternatus|Pressure
|switch|p1a: Necrozma|Necrozma-Dusk-Mane|100/100
|-damage|p1a: Necrozma|94/100|[from] Stealth Rock
|
|-heal|p1a: Necrozma|100/100|[from] item: Leftovers
|upkeep
|turn|11
|inactive|Poek has 150 seconds left.
|
|t:|1667077850
|move|p2a: Eternatus|Substitute|p2a: Eternatus
|-start|p2a: Eternatus|Substitute
|-damage|p2a: Eternatus|76/100
|move|p1a: Necrozma|Stealth Rock|p2a: Eternatus
|-sidestart|p2: Poek|move: Stealth Rock
|
|-heal|p2a: Eternatus|82/100|[from] item: Black Sludge
|upkeep
|turn|12
|
|t:|1667077871
|move|p2a: Eternatus|Meteor Beam||[still]
|-prepare|p2a: Eternatus|Meteor Beam
|-boost|p2a: Eternatus|spa|1
|move|p1a: Necrozma|Sunsteel Strike|p2a: Eternatus
|-end|p2a: Eternatus|Substitute
|
|-heal|p2a: Eternatus|88/100|[from] item: Black Sludge
|upkeep
|turn|13
|
|t:|1667077876
|move|p2a: Eternatus|Meteor Beam|p1a: Necrozma|[from]lockedmove
|-resisted|p1a: Necrozma
|-damage|p1a: Necrozma|84/100
|move|p1a: Necrozma|Photon Geyser|p2a: Eternatus
|-supereffective|p2a: Eternatus
|-damage|p2a: Eternatus|13/100
|
|-heal|p2a: Eternatus|19/100|[from] item: Black Sludge
|-heal|p1a: Necrozma|90/100|[from] item: Leftovers
|upkeep
|turn|14
|
|t:|1667077893
|switch|p2a: Yveltal|Yveltal|100/100
|-ability|p2a: Yveltal|Dark Aura
|move|p1a: Necrozma|Photon Geyser|p2a: Yveltal
|-immune|p2a: Yveltal
|
|-heal|p1a: Necrozma|96/100|[from] item: Leftovers
|upkeep
|turn|15
|
|t:|1667077903
|switch|p1a: Yveltal|Yveltal|94/100 brn
|-ability|p1a: Yveltal|Dark Aura
|move|p2a: Yveltal|Knock Off|p1a: Yveltal
|-resisted|p1a: Yveltal
|-damage|p1a: Yveltal|68/100 brn
|-enditem|p1a: Yveltal|Heavy-Duty Boots|[from] move: Knock Off|[of] p2a: Yveltal
|
|-damage|p1a: Yveltal|61/100 brn|[from] brn
|upkeep
|turn|16
|inactive|Poek has 120 seconds left.
|
|t:|1667077927
|switch|p2a: Mewtwo|Mewtwo|58/100
|-damage|p2a: Mewtwo|46/100|[from] Stealth Rock
|-ability|p2a: Mewtwo|Pressure
|move|p1a: Yveltal|Knock Off|p2a: Mewtwo
|-supereffective|p2a: Mewtwo
|-damage|p2a: Mewtwo|16/100
|
|-damage|p1a: Yveltal|55/100 brn|[from] brn
|upkeep
|turn|17
|
|t:|1667077935
|switch|p1a: Xerneas|Xerneas|100/100
|-damage|p1a: Xerneas|88/100|[from] Stealth Rock
|-ability|p1a: Xerneas|Fairy Aura
|move|p2a: Mewtwo|Recover|p2a: Mewtwo
|-heal|p2a: Mewtwo|66/100
|
|upkeep
|turn|18
|inactive|Poek has 120 seconds left.
|
|t:|1667077962
|switch|p2a: Necrozma|Necrozma-Dusk-Mane|100/100
|-damage|p2a: Necrozma|94/100|[from] Stealth Rock
|move|p1a: Xerneas|Play Rough|p2a: Necrozma
|-resisted|p2a: Necrozma
|-damage|p2a: Necrozma|61/100
|
|-heal|p2a: Necrozma|67/100|[from] item: Leftovers
|upkeep
|turn|19
|
|t:|1667077979
|switch|p1a: Yveltal|Yveltal|55/100 brn
|-damage|p1a: Yveltal|30/100 brn|[from] Stealth Rock
|-ability|p1a: Yveltal|Dark Aura
|move|p2a: Necrozma|Morning Sun|p2a: Necrozma
|-heal|p2a: Necrozma|100/100
|
|-damage|p1a: Yveltal|24/100 brn|[from] brn
|upkeep
|turn|20
|inactive|Poek has 90 seconds left.
|
|t:|1667078005
|switch|p2a: Mewtwo|Mewtwo|66/100
|-damage|p2a: Mewtwo|53/100|[from] Stealth Rock
|-ability|p2a: Mewtwo|Pressure
|move|p1a: Yveltal|Knock Off|p2a: Mewtwo
|-supereffective|p2a: Mewtwo
|-damage|p2a: Mewtwo|23/100
|
|-damage|p1a: Yveltal|18/100 brn|[from] brn
|upkeep
|turn|21
|
|t:|1667078014
|switch|p1a: Xerneas|Xerneas|88/100
|-damage|p1a: Xerneas|76/100|[from] Stealth Rock
|-ability|p1a: Xerneas|Fairy Aura
|move|p2a: Mewtwo|Recover|p2a: Mewtwo
|-heal|p2a: Mewtwo|74/100
|
|upkeep
|turn|22
|inactive|Poek has 90 seconds left.
|
|t:|1667078060
|move|p2a: Mewtwo|Will-O-Wisp|p1a: Xerneas|[miss]
|-miss|p2a: Mewtwo|p1a: Xerneas
|move|p1a: Xerneas|Thunder Wave|p2a: Mewtwo
|-status|p2a: Mewtwo|par
|
|upkeep
|turn|23
|inactive|Poek has 60 seconds left.
|
|t:|1667078087
|switch|p1a: Yveltal|Yveltal|18/100 brn
|-damage|p1a: Yveltal|0 fnt|[from] Stealth Rock
|faint|p1a: Yveltal
|cant|p2a: Mewtwo|par
|
|upkeep
|
|t:|1667078095
|switch|p1a: Marshadow|Marshadow|94/100
|-damage|p1a: Marshadow|88/100|[from] Stealth Rock
|turn|24
|inactive|Poek has 60 seconds left.
|
|t:|1667078107
|switch|p1a: Xerneas|Xerneas|76/100
|-damage|p1a: Xerneas|63/100|[from] Stealth Rock
|-ability|p1a: Xerneas|Fairy Aura
|cant|p2a: Mewtwo|par
|
|upkeep
|turn|25
|inactive|Poek has 60 seconds left.
|
|t:|1667078120
|switch|p2a: Necrozma|Necrozma-Dusk-Mane|100/100
|-damage|p2a: Necrozma|94/100|[from] Stealth Rock
|move|p1a: Xerneas|Play Rough|p2a: Necrozma
|-resisted|p2a: Necrozma
|-damage|p2a: Necrozma|62/100
|-unboost|p2a: Necrozma|atk|1
|
|-heal|p2a: Necrozma|68/100|[from] item: Leftovers
|upkeep
|turn|26
|inactive|Poek has 60 seconds left.
|
|t:|1667078141
|switch|p1a: Zygarde|Zygarde|100/100
|-damage|p1a: Zygarde|94/100|[from] Stealth Rock
|move|p2a: Necrozma|Knock Off|p1a: Zygarde
|-damage|p1a: Zygarde|75/100
|-enditem|p1a: Zygarde|Weakness Policy|[from] move: Knock Off|[of] p2a: Necrozma
|
|-heal|p2a: Necrozma|74/100|[from] item: Leftovers
|upkeep
|turn|27
|
|t:|1667078154
|switch|p2a: Xerneas|Xerneas|100/100
|-damage|p2a: Xerneas|88/100|[from] Stealth Rock
|-ability|p2a: Xerneas|Fairy Aura
|move|p1a: Zygarde|Dragon Dance|p1a: Zygarde
|-boost|p1a: Zygarde|atk|1
|-boost|p1a: Zygarde|spe|1
|
|upkeep
|turn|28
|
|t:|1667078163
|move|p1a: Zygarde|Iron Tail|p2a: Xerneas
|-supereffective|p2a: Xerneas
|-damage|p2a: Xerneas|24/100
|move|p2a: Xerneas|Moonblast|p1a: Zygarde
|-supereffective|p1a: Zygarde
|-damage|p1a: Zygarde|0 fnt
|faint|p1a: Zygarde
|
|upkeep
|
|t:|1667078185
|switch|p1a: Xerneas|Xerneas|63/100
|-damage|p1a: Xerneas|51/100|[from] Stealth Rock
|-ability|p1a: Xerneas|Fairy Aura
|turn|29
|inactive|Poek has 60 seconds left.
|
|t:|1667078215
|move|p1a: Xerneas|Play Rough|p2a: Xerneas
|-damage|p2a: Xerneas|0 fnt
|faint|p2a: Xerneas
|
|upkeep
|inactive|Poek has 30 seconds left.
|
|t:|1667078231
|switch|p2a: Necrozma|Necrozma-Dusk-Mane|74/100
|-damage|p2a: Necrozma|68/100|[from] Stealth Rock
|turn|30
|inactive|Poek has 30 seconds left.
|inactive|Kate has 270 seconds left.
|inactive|Kate has 240 seconds left.
|
|t:|1667078284
|switch|p1a: Necrozma|Necrozma-Dusk-Mane|96/100
|-damage|p1a: Necrozma|90/100|[from] Stealth Rock
|move|p2a: Necrozma|Sunsteel Strike|p1a: Necrozma
|-resisted|p1a: Necrozma
|-damage|p1a: Necrozma|72/100
|
|-heal|p1a: Necrozma|78/100|[from] item: Leftovers
|-heal|p2a: Necrozma|74/100|[from] item: Leftovers
|upkeep
|turn|31
|inactive|Poek has 30 seconds left.
|inactive|Kate has 240 seconds left.
|inactive|Poek has 20 seconds left.
|
|t:|1667078300
|move|p1a: Necrozma|Sunsteel Strike|p2a: Necrozma
|-resisted|p2a: Necrozma
|-damage|p2a: Necrozma|58/100
|move|p2a: Necrozma|Sunsteel Strike|p1a: Necrozma
|-resisted|p1a: Necrozma
|-damage|p1a: Necrozma|61/100
|
|-heal|p1a: Necrozma|67/100|[from] item: Leftovers
|-heal|p2a: Necrozma|64/100|[from] item: Leftovers
|upkeep
|turn|32
|inactive|Poek has 30 seconds left this turn.
|inactive|Kate has 240 seconds left.
|
|t:|1667078335
|move|p1a: Necrozma|Moonlight|p1a: Necrozma
|-heal|p1a: Necrozma|100/100
|move|p2a: Necrozma|Knock Off|p1a: Necrozma
|-supereffective|p1a: Necrozma
|-crit|p1a: Necrozma
|-damage|p1a: Necrozma|50/100
|-enditem|p1a: Necrozma|Leftovers|[from] move: Knock Off|[of] p2a: Necrozma
|
|-heal|p2a: Necrozma|70/100|[from] item: Leftovers
|upkeep
|turn|33
|inactive|Poek has 30 seconds left.
|inactive|Kate has 210 seconds left.
|
|t:|1667078355
|switch|p2a: Eternatus|Eternatus|19/100
|-damage|p2a: Eternatus|7/100|[from] Stealth Rock
|-ability|p2a: Eternatus|Pressure
|move|p1a: Necrozma|Sunsteel Strike|p2a: Eternatus
|-damage|p2a: Eternatus|0 fnt
|faint|p2a: Eternatus
|
|upkeep
|inactive|Poek has 30 seconds left this turn.
|
|t:|1667078360
|switch|p2a: Groudon|Groudon|100/100
|-damage|p2a: Groudon|94/100|[from] Stealth Rock
|-weather|SunnyDay|[from] ability: Drought|[of] p2a: Groudon
|turn|34
|
|t:|1667078368
|move|p2a: Groudon|Rock Polish|p2a: Groudon
|-boost|p2a: Groudon|spe|2
|move|p1a: Necrozma|Photon Geyser|p2a: Groudon
|-damage|p2a: Groudon|59/100
|
|-weather|SunnyDay|[upkeep]
|upkeep
|turn|35
|
|t:|1667078377
|move|p2a: Groudon|Earthquake|p1a: Necrozma
|-supereffective|p1a: Necrozma
|-damage|p1a: Necrozma|0 fnt
|faint|p1a: Necrozma
|
|-weather|SunnyDay|[upkeep]
|upkeep
|
|t:|1667078380
|switch|p1a: Marshadow|Marshadow|88/100
|-damage|p1a: Marshadow|82/100|[from] Stealth Rock
|turn|36
|
|t:|1667078386
|move|p1a: Marshadow|Shadow Sneak|p2a: Groudon
|-damage|p2a: Groudon|32/100
|-damage|p1a: Marshadow|72/100|[from] item: Life Orb
|move|p2a: Groudon|Earthquake|p1a: Marshadow
|-damage|p1a: Marshadow|0 fnt
|faint|p1a: Marshadow
|
|-weather|SunnyDay|[upkeep]
|upkeep
|
|t:|1667078389
|switch|p1a: Xerneas|Xerneas|51/100
|-damage|p1a: Xerneas|38/100|[from] Stealth Rock
|-ability|p1a: Xerneas|Fairy Aura
|turn|37
|
|t:|1667078391
|move|p2a: Groudon|Earthquake|p1a: Xerneas
|-damage|p1a: Xerneas|0 fnt
|faint|p1a: Xerneas
|
|win|Poek
|c|☆Poek|gg
