|inactive|Battle timer is ON: inactive players will automatically lose when time's up.
|t:|1659894002
|gametype|singles
|player|p1|Exiline|juggler|
|player|p2|Skysolo ❤|#pspl2019ubers|
|teamsize|p1|6
|teamsize|p2|6
|gen|8
|tier|[Gen 8] Ubers
|rule|Sleep Clause Mod: Limit one foe put to sleep
|rule|Species Clause: Limit one of each Pokémon
|rule|OHKO Clause: OHKO moves are banned
|rule|Evasion Moves Clause: Evasion moves are banned
|rule|Endless Battle Clause: Forcing endless battles is banned
|rule|HP Percentage Mod: HP is shown in percentages
|rule|Dynamax Clause: You cannot dynamax
|clearpoke
|poke|p1|Landorus-Therian, M|
|poke|p1|Zekrom|
|poke|p1|Eternatus|
|poke|p1|Yveltal|
|poke|p1|Necrozma-Dusk-Mane|
|poke|p1|Calyrex-Shadow|
|poke|p2|Landorus, M|
|poke|p2|Calyrex-Shadow|
|poke|p2|Yveltal|
|poke|p2|Kyogre|
|poke|p2|Necrozma-Dusk-Mane|
|poke|p2|Eternatus|
|teampreview
|c|☆Exiline|h_f
|c|☆Skysolo ❤|u2
|inactive|Skysolo ❤ has 270 seconds left.
|inactive|Exiline has 270 seconds left.
|
|t:|1659894057
|start
|switch|p1a: Yveltal|Yveltal|100/100
|switch|p2a: Kyogre|Kyogre|100/100
|-ability|p1a: Yveltal|Dark Aura
|-weather|RainDance|[from] ability: Drizzle|[of] p2a: Kyogre
|turn|1
|
|t:|1659894067
|switch|p1a: Eternatus|Eternatus|100/100
|-ability|p1a: Eternatus|Pressure
|move|p2a: Kyogre|Thunder|p1a: Eternatus
|-resisted|p1a: Eternatus
|-damage|p1a: Eternatus|86/100
|-status|p1a: Eternatus|par
|
|-weather|RainDance|[upkeep]
|upkeep
|turn|2
|
|t:|1659894087
|switch|p2a: Necrozma|Necrozma-Dusk-Mane|100/100
|switch|p1a: Yveltal|Yveltal|100/100
|-ability|p1a: Yveltal|Dark Aura
|
|-weather|RainDance|[upkeep]
|upkeep
|turn|3
|inactive|Skysolo ❤ has 270 seconds left.
|
|t:|1659894120
|switch|p2a: Eternatus|Eternatus|100/100
|-ability|p2a: Eternatus|Pressure
|move|p1a: Yveltal|Knock Off|p2a: Eternatus
|-damage|p2a: Eternatus|58/100
|-enditem|p2a: Eternatus|Haban Berry|[from] move: Knock Off|[of] p1a: Yveltal
|
|-weather|RainDance|[upkeep]
|upkeep
|turn|4
|
|t:|1659894132
|switch|p1a: Necrozma|Necrozma-Dusk-Mane|100/100
|move|p2a: Eternatus|Recover|p2a: Eternatus
|-heal|p2a: Eternatus|100/100
|
|-weather|RainDance|[upkeep]
|upkeep
|turn|5
|
|t:|1659894138
|switch|p2a: Necrozma|Necrozma-Dusk-Mane|100/100
|move|p1a: Necrozma|Knock Off|p2a: Necrozma
|-supereffective|p2a: Necrozma
|-damage|p2a: Necrozma|68/100
|-enditem|p2a: Necrozma|Leftovers|[from] move: Knock Off|[of] p1a: Necrozma
|
|-weather|none
|upkeep
|turn|6
|
|t:|1659894150
|switch|p1a: Zekrom|Zekrom|100/100
|-ability|p1a: Zekrom|Teravolt
|move|p2a: Necrozma|Stealth Rock|p1a: Zekrom
|-sidestart|p1: Exiline|move: Stealth Rock
|
|upkeep
|turn|7
|
|t:|1659894172
|move|p1a: Zekrom|Scale Shot|p2a: Necrozma
|-resisted|p2a: Necrozma
|-damage|p2a: Necrozma|61/100
|-resisted|p2a: Necrozma
|-damage|p2a: Necrozma|55/100
|-resisted|p2a: Necrozma
|-damage|p2a: Necrozma|48/100
|-hitcount|p2a: Necrozma|3
|-unboost|p1a: Zekrom|def|1
|-boost|p1a: Zekrom|spe|1
|-damage|p1a: Zekrom|91/100|[from] item: Life Orb
|move|p2a: Necrozma|Earthquake|p1a: Zekrom
|-supereffective|p1a: Zekrom
|-damage|p1a: Zekrom|2/100
|
|upkeep
|turn|8
|
|t:|1659894183
|move|p1a: Zekrom|Bolt Strike|p2a: Necrozma
|-damage|p2a: Necrozma|0 fnt
|faint|p2a: Necrozma
|-damage|p1a: Zekrom|0 fnt|[from] item: Life Orb
|faint|p1a: Zekrom
|
|upkeep
|
|t:|1659894203
|switch|p1a: Yveltal|Yveltal|100/100
|switch|p2a: Kyogre|Kyogre|100/100
|-ability|p1a: Yveltal|Dark Aura
|-weather|RainDance|[from] ability: Drizzle|[of] p2a: Kyogre
|turn|9
|
|t:|1659894208
|move|p1a: Yveltal|Knock Off|p2a: Kyogre
|-damage|p2a: Kyogre|51/100
|-enditem|p2a: Kyogre|Leftovers|[from] move: Knock Off|[of] p1a: Yveltal
|move|p2a: Kyogre|Thunder|p1a: Yveltal
|-supereffective|p1a: Yveltal
|-damage|p1a: Yveltal|39/100
|-status|p1a: Yveltal|par
|
|-weather|RainDance|[upkeep]
|upkeep
|turn|10
|
|t:|1659894229
|move|p2a: Kyogre|Thunder|p1a: Yveltal
|-supereffective|p1a: Yveltal
|-damage|p1a: Yveltal|0 fnt
|faint|p1a: Yveltal
|
|-weather|RainDance|[upkeep]
|upkeep
|
|t:|1659894233
|switch|p1a: Calyrex|Calyrex-Shadow|100/100
|-ability|p1a: Calyrex|As One
|-ability|p1a: Calyrex|Unnerve
|-damage|p1a: Calyrex|88/100|[from] Stealth Rock
|turn|11
|
|t:|1659894238
|switch|p2a: Yveltal|Yveltal|100/100
|-ability|p2a: Yveltal|Dark Aura
|move|p1a: Calyrex|Trick|p2a: Yveltal
|-activate|p1a: Calyrex|move: Trick|[of] p2a: Yveltal
|-item|p2a: Yveltal|Choice Specs|[from] move: Trick
|-item|p1a: Calyrex|Heavy-Duty Boots|[from] move: Trick
|
|-weather|RainDance|[upkeep]
|upkeep
|turn|12
|
|t:|1659894245
|move|p1a: Calyrex|Aromatherapy|p1a: Calyrex
|-activate|p1a: Calyrex|move: Aromatherapy
|-curestatus|p1: Eternatus|par|[msg]
|move|p2a: Yveltal|Knock Off|p1a: Calyrex
|-supereffective|p1a: Calyrex
|-damage|p1a: Calyrex|0 fnt
|-enditem|p1a: Calyrex|Heavy-Duty Boots|[from] move: Knock Off|[of] p2a: Yveltal
|faint|p1a: Calyrex
|
|-weather|RainDance|[upkeep]
|upkeep
|
|t:|1659894253
|switch|p1a: Eternatus|Eternatus|86/100
|-damage|p1a: Eternatus|74/100|[from] Stealth Rock
|-ability|p1a: Eternatus|Pressure
|turn|13
|
|t:|1659894259
|move|p1a: Eternatus|Dynamax Cannon|p2a: Yveltal
|-damage|p2a: Yveltal|67/100
|move|p2a: Yveltal|Knock Off|p1a: Eternatus
|-damage|p1a: Eternatus|31/100
|-damage|p2a: Yveltal|51/100|[from] item: Rocky Helmet|[of] p1a: Eternatus
|-enditem|p1a: Eternatus|Rocky Helmet|[from] move: Knock Off|[of] p2a: Yveltal
|
|-weather|none
|upkeep
|turn|14
|
|t:|1659894273
|switch|p2a: Landorus|Landorus, M|100/100
|move|p1a: Eternatus|Recover|p1a: Eternatus
|-heal|p1a: Eternatus|81/100
|
|upkeep
|turn|15
|
|t:|1659894282
|switch|p1a: Landorus|Landorus-Therian, M|100/100
|-damage|p1a: Landorus|88/100|[from] Stealth Rock
|-ability|p1a: Landorus|Intimidate|boost
|-unboost|p2a: Landorus|atk|1
|move|p2a: Landorus|Earth Power|p1a: Landorus
|-immune|p1a: Landorus
|
|-heal|p1a: Landorus|94/100|[from] item: Leftovers
|upkeep
|turn|16
|
|t:|1659894297
|switch|p2a: Kyogre|Kyogre|51/100
|-weather|RainDance|[from] ability: Drizzle|[of] p2a: Kyogre
|move|p1a: Landorus|Stealth Rock|p2a: Kyogre
|-sidestart|p2: Skysolo ❤|move: Stealth Rock
|
|-weather|RainDance|[upkeep]
|-heal|p1a: Landorus|99/100|[from] item: Leftovers
|upkeep
|turn|17
|
|t:|1659894316
|move|p2a: Kyogre|Ice Beam|p1a: Landorus
|-supereffective|p1a: Landorus
|-damage|p1a: Landorus|0 fnt
|faint|p1a: Landorus
|
|-weather|RainDance|[upkeep]
|upkeep
|inactive|Exiline has 270 seconds left.
|inactive|Exiline has 240 seconds left.
|
|t:|1659894380
|switch|p1a: Eternatus|Eternatus|81/100
|-damage|p1a: Eternatus|68/100|[from] Stealth Rock
|-ability|p1a: Eternatus|Pressure
|turn|18
|
|t:|1659894384
|move|p1a: Eternatus|Dynamax Cannon|p2a: Kyogre
|-damage|p2a: Kyogre|19/100
|move|p2a: Kyogre|Ice Beam|p1a: Eternatus
|-supereffective|p1a: Eternatus
|-damage|p1a: Eternatus|25/100
|
|-weather|RainDance|[upkeep]
|upkeep
|turn|19
|
|t:|1659894390
|move|p1a: Eternatus|Recover|p1a: Eternatus
|-heal|p1a: Eternatus|75/100
|move|p2a: Kyogre|Ice Beam|p1a: Eternatus
|-supereffective|p1a: Eternatus
|-damage|p1a: Eternatus|29/100
|-status|p1a: Eternatus|frz
|
|-weather|RainDance|[upkeep]
|upkeep
|turn|20
|
|t:|1659894394
|switch|p2a: Calyrex|Calyrex-Shadow|100/100
|-ability|p2a: Calyrex|As One
|-ability|p2a: Calyrex|Unnerve
|-damage|p2a: Calyrex|88/100|[from] Stealth Rock
|cant|p1a: Eternatus|frz
|
|-weather|none
|upkeep
|turn|21
|c|☆Exiline|wp
|inactive|Exiline has 240 seconds left.
|-message|Exiline forfeited.
|
|win|Skysolo ❤
|c|☆Skysolo ❤|gg
|c|☆Exiline|lol
