|inactive|Battle timer is ON: inactive players will automatically lose when time's up.
|t:|1658503155
|gametype|singles
|player|p1|Exiline|juggler|
|player|p2|Holy Flatemo|evelyn|
|teamsize|p1|6
|teamsize|p2|6
|gen|8
|tier|[Gen 8] Ubers
|rule|Sleep Clause Mod: Limit one foe put to sleep
|rule|Species Clause: Limit one of each Pokémon
|rule|OHKO Clause: OHKO moves are banned
|rule|Evasion Moves Clause: Evasion moves are banned
|rule|Endless Battle Clause: Forcing endless battles is banned
|rule|HP Percentage Mod: HP is shown in percentages
|rule|Dynamax Clause: You cannot dynamax
|clearpoke
|poke|p1|Landorus-Therian, M|
|poke|p1|Zekrom|
|poke|p1|Eternatus|
|poke|p1|Yveltal|
|poke|p1|Necrozma-Dusk-Mane|
|poke|p1|Calyrex-Shadow|
|poke|p2|Ho-Oh|
|poke|p2|Groudon|
|poke|p2|Calyrex-Shadow|
|poke|p2|Eternatus|
|poke|p2|Yveltal|
|poke|p2|Necrozma-Dusk-Mane|
|teampreview
|inactive|Holy Flatemo also wants the timer to be on.
|c|☆Exiline|h_f 
|c|☆Holy Flatemo|u2
|inactive|Holy Flatemo has 270 seconds left.
|
|t:|1658503201
|start
|switch|p1a: Zekrom|Zekrom|100/100
|switch|p2a: Eternatus|Eternatus|100/100
|-ability|p2a: Eternatus|Pressure
|-ability|p1a: Zekrom|Teravolt
|turn|1
|
|t:|1658503212
|switch|p1a: Necrozma|Necrozma-Dusk-Mane|100/100
|move|p2a: Eternatus|Draco Meteor|p1a: Necrozma
|-resisted|p1a: Necrozma
|-damage|p1a: Necrozma|82/100
|-unboost|p2a: Eternatus|spa|2
|
|-heal|p1a: Necrozma|88/100|[from] item: Leftovers
|upkeep
|turn|2
|inactive|Holy Flatemo has 270 seconds left.
|
|t:|1658503259
|switch|p2a: Groudon|Groudon, shiny|100/100
|-weather|SunnyDay|[from] ability: Drought|[of] p2a: Groudon
|move|p1a: Necrozma|Knock Off|p2a: Groudon
|-damage|p2a: Groudon|84/100
|-enditem|p2a: Groudon|Leftovers|[from] move: Knock Off|[of] p1a: Necrozma
|
|-weather|SunnyDay|[upkeep]
|-heal|p1a: Necrozma|94/100|[from] item: Leftovers
|upkeep
|turn|3
|
|t:|1658503267
|switch|p1a: Landorus|Landorus-Therian, M|100/100
|-ability|p1a: Landorus|Intimidate|boost
|-unboost|p2a: Groudon|atk|1
|move|p2a: Groudon|Toxic|p1a: Landorus
|-status|p1a: Landorus|tox
|
|-weather|SunnyDay|[upkeep]
|-damage|p1a: Landorus|94/100 tox|[from] psn
|upkeep
|turn|4
|inactive|Holy Flatemo has 270 seconds left.
|
|t:|1658503274
|move|p2a: Groudon|Stealth Rock|p1a: Landorus
|-sidestart|p1: Exiline|move: Stealth Rock
|move|p1a: Landorus|Earthquake|p2a: Groudon
|-damage|p2a: Groudon|60/100
|
|-weather|SunnyDay|[upkeep]
|-heal|p1a: Landorus|100/100 tox|[from] item: Leftovers
|-damage|p1a: Landorus|88/100 tox|[from] psn
|upkeep
|turn|5
|
|t:|1658503280
|switch|p2a: Calyrex|Calyrex-Shadow|100/100
|-ability|p2a: Calyrex|As One
|-ability|p2a: Calyrex|Unnerve
|move|p1a: Landorus|Stealth Rock|p2a: Calyrex
|-sidestart|p2: Holy Flatemo|move: Stealth Rock
|
|-weather|SunnyDay|[upkeep]
|-heal|p1a: Landorus|94/100 tox|[from] item: Leftovers
|-damage|p1a: Landorus|76/100 tox|[from] psn
|upkeep
|turn|6
|
|t:|1658503287
|switch|p1a: Yveltal|Yveltal|100/100
|-ability|p1a: Yveltal|Dark Aura
|move|p2a: Calyrex|Trick|p1a: Yveltal
|-activate|p2a: Calyrex|move: Trick|[of] p1a: Yveltal
|-item|p1a: Yveltal|Choice Specs|[from] move: Trick
|-item|p2a: Calyrex|Heavy-Duty Boots|[from] move: Trick
|
|-weather|none
|upkeep
|turn|7
|
|t:|1658503295
|switch|p2a: Eternatus|Eternatus|100/100
|-damage|p2a: Eternatus|88/100|[from] Stealth Rock
|-ability|p2a: Eternatus|Pressure
|move|p1a: Yveltal|Knock Off|p2a: Eternatus
|-damage|p2a: Eternatus|48/100
|-enditem|p2a: Eternatus|Black Sludge|[from] move: Knock Off|[of] p1a: Yveltal
|
|upkeep
|turn|8
|
|t:|1658503308
|switch|p1a: Necrozma|Necrozma-Dusk-Mane|94/100
|-damage|p1a: Necrozma|88/100|[from] Stealth Rock
|move|p2a: Eternatus|Flamethrower|p1a: Necrozma
|-supereffective|p1a: Necrozma
|-damage|p1a: Necrozma|60/100
|
|-heal|p1a: Necrozma|66/100|[from] item: Leftovers
|upkeep
|turn|9
|
|t:|1658503315
|move|p2a: Eternatus|Recover|p2a: Eternatus
|-heal|p2a: Eternatus|98/100
|move|p1a: Necrozma|Dragon Dance|p1a: Necrozma
|-boost|p1a: Necrozma|atk|1
|-boost|p1a: Necrozma|spe|1
|
|-heal|p1a: Necrozma|72/100|[from] item: Leftovers
|upkeep
|turn|10
|inactive|Holy Flatemo has 270 seconds left.
|inactive|Exiline has 270 seconds left.
|inactive|Exiline has 240 seconds left.
|
|t:|1658503389
|move|p1a: Necrozma|Sunsteel Strike|p2a: Eternatus
|-damage|p2a: Eternatus|47/100
|move|p2a: Eternatus|Flamethrower|p1a: Necrozma
|-supereffective|p1a: Necrozma
|-damage|p1a: Necrozma|44/100
|-status|p1a: Necrozma|brn
|
|-heal|p1a: Necrozma|50/100 brn|[from] item: Leftovers
|-damage|p1a: Necrozma|44/100 brn|[from] brn
|upkeep
|turn|11
|inactive|Exiline has 240 seconds left.
|
|t:|1658503400
|move|p1a: Necrozma|Dragon Dance|p1a: Necrozma
|-boost|p1a: Necrozma|atk|1
|-boost|p1a: Necrozma|spe|1
|move|p2a: Eternatus|Recover|p2a: Eternatus
|-heal|p2a: Eternatus|97/100
|
|-heal|p1a: Necrozma|50/100 brn|[from] item: Leftovers
|-damage|p1a: Necrozma|44/100 brn|[from] brn
|upkeep
|turn|12
|
|t:|1658503406
|switch|p2a: Ho-Oh|Ho-Oh, shiny|100/100
|move|p1a: Necrozma|Knock Off|p2a: Ho-Oh
|-damage|p2a: Ho-Oh|69/100
|-enditem|p2a: Ho-Oh|Heavy-Duty Boots|[from] move: Knock Off|[of] p1a: Necrozma
|
|-heal|p1a: Necrozma|50/100 brn|[from] item: Leftovers
|-damage|p1a: Necrozma|44/100 brn|[from] brn
|upkeep
|turn|13
|
|t:|1658503412
|switch|p1a: Eternatus|Eternatus|100/100
|-damage|p1a: Eternatus|88/100|[from] Stealth Rock
|-ability|p1a: Eternatus|Pressure
|move|p2a: Ho-Oh|Sacred Fire|p1a: Eternatus
|-resisted|p1a: Eternatus
|-damage|p1a: Eternatus|69/100
|
|upkeep
|turn|14
|
|t:|1658503424
|move|p1a: Eternatus|Toxic|p2a: Ho-Oh
|-status|p2a: Ho-Oh|tox
|move|p2a: Ho-Oh|Thunder Wave|p1a: Eternatus
|-status|p1a: Eternatus|par
|
|-damage|p2a: Ho-Oh|63/100 tox|[from] psn
|upkeep
|turn|15
|
|t:|1658503437
|switch|p2a: Necrozma|Necrozma-Dusk-Mane, shiny|100/100
|-damage|p2a: Necrozma|94/100|[from] Stealth Rock
|move|p1a: Eternatus|Recover|p1a: Eternatus
|-heal|p1a: Eternatus|100/100 par
|
|upkeep
|turn|16
|inactive|Exiline has 270 seconds left.
|
|t:|1658503454
|switch|p1a: Zekrom|Zekrom|100/100
|-damage|p1a: Zekrom|88/100|[from] Stealth Rock
|-ability|p1a: Zekrom|Teravolt
|move|p2a: Necrozma|Sunsteel Strike|p1a: Zekrom
|-resisted|p1a: Zekrom
|-damage|p1a: Zekrom|64/100
|
|upkeep
|turn|17
|inactive|Exiline has 270 seconds left.
|inactive|Holy Flatemo has 270 seconds left.
|
|t:|1658503493
|move|p1a: Zekrom|Roost|p1a: Zekrom
|-heal|p1a: Zekrom|100/100
|-singleturn|p1a: Zekrom|move: Roost
|move|p2a: Necrozma|Dragon Dance|p2a: Necrozma
|-boost|p2a: Necrozma|atk|1
|-boost|p2a: Necrozma|spe|1
|
|upkeep
|turn|18
|
|t:|1658503497
|move|p2a: Necrozma|Earthquake|p1a: Zekrom
|-supereffective|p1a: Zekrom
|-damage|p1a: Zekrom|1/100
|move|p1a: Zekrom|Bolt Strike|p2a: Necrozma
|-damage|p2a: Necrozma|25/100
|-status|p2a: Necrozma|par
|-enditem|p2a: Necrozma|Lum Berry|[eat]
|-curestatus|p2a: Necrozma|par|[msg]
|-damage|p1a: Zekrom|0 fnt|[from] item: Life Orb
|faint|p1a: Zekrom
|
|upkeep
|
|t:|1658503505
|switch|p1a: Calyrex|Calyrex-Shadow|100/100
|-ability|p1a: Calyrex|As One
|-ability|p1a: Calyrex|Unnerve
|-damage|p1a: Calyrex|88/100|[from] Stealth Rock
|turn|19
|
|t:|1658503510
|switch|p2a: Yveltal|Yveltal, shiny|100/100
|-ability|p2a: Yveltal|Dark Aura
|move|p1a: Calyrex|Astral Barrage|p2a: Yveltal
|-resisted|p2a: Yveltal
|-crit|p2a: Yveltal
|-damage|p2a: Yveltal|40/100
|
|upkeep
|turn|20
|inactive|Holy Flatemo has 270 seconds left.
|inactive|Holy Flatemo has 240 seconds left.
|
|t:|1658503565
|switch|p1a: Yveltal|Yveltal|100/100
|-damage|p1a: Yveltal|76/100|[from] Stealth Rock
|-ability|p1a: Yveltal|Dark Aura
|move|p2a: Yveltal|Roost|p2a: Yveltal
|-heal|p2a: Yveltal|90/100
|-singleturn|p2a: Yveltal|move: Roost
|
|upkeep
|turn|21
|
|t:|1658503572
|switch|p2a: Eternatus|Eternatus|97/100
|-damage|p2a: Eternatus|85/100|[from] Stealth Rock
|-ability|p2a: Eternatus|Pressure
|move|p1a: Yveltal|Knock Off|p2a: Eternatus
|-damage|p2a: Eternatus|60/100
|
|upkeep
|turn|22
|
|t:|1658503577
|switch|p1a: Calyrex|Calyrex-Shadow|88/100
|-ability|p1a: Calyrex|As One
|-ability|p1a: Calyrex|Unnerve
|-damage|p1a: Calyrex|76/100|[from] Stealth Rock
|move|p2a: Eternatus|Flamethrower|p1a: Calyrex
|-damage|p1a: Calyrex|49/100
|
|upkeep
|turn|23
|
|t:|1658503584
|switch|p2a: Yveltal|Yveltal, shiny|90/100
|-ability|p2a: Yveltal|Dark Aura
|move|p1a: Calyrex|Astral Barrage|p2a: Yveltal
|-resisted|p2a: Yveltal
|-damage|p2a: Yveltal|53/100
|
|upkeep
|turn|24
|
|t:|1658503590
|move|p1a: Calyrex|Astral Barrage|p2a: Yveltal
|-resisted|p2a: Yveltal
|-damage|p2a: Yveltal|17/100
|move|p2a: Yveltal|Roost|p2a: Yveltal
|-heal|p2a: Yveltal|67/100
|-singleturn|p2a: Yveltal|move: Roost
|
|upkeep
|turn|25
|
|t:|1658503596
|switch|p1a: Yveltal|Yveltal|76/100
|-damage|p1a: Yveltal|51/100|[from] Stealth Rock
|-ability|p1a: Yveltal|Dark Aura
|move|p2a: Yveltal|Roost|p2a: Yveltal
|-heal|p2a: Yveltal|100/100
|-singleturn|p2a: Yveltal|move: Roost
|
|upkeep
|turn|26
|
|t:|1658503601
|switch|p2a: Eternatus|Eternatus|60/100
|-damage|p2a: Eternatus|47/100|[from] Stealth Rock
|-ability|p2a: Eternatus|Pressure
|move|p1a: Yveltal|Roost|p1a: Yveltal
|-heal|p1a: Yveltal|100/100
|-singleturn|p1a: Yveltal|move: Roost
|
|upkeep
|turn|27
|
|t:|1658503604
|switch|p1a: Necrozma|Necrozma-Dusk-Mane|44/100 brn
|-damage|p1a: Necrozma|38/100 brn|[from] Stealth Rock
|move|p2a: Eternatus|Recover|p2a: Eternatus
|-heal|p2a: Eternatus|97/100
|
|-heal|p1a: Necrozma|44/100 brn|[from] item: Leftovers
|-damage|p1a: Necrozma|38/100 brn|[from] brn
|upkeep
|turn|28
|
|t:|1658503608
|move|p2a: Eternatus|Flamethrower|p1a: Necrozma
|-supereffective|p1a: Necrozma
|-damage|p1a: Necrozma|12/100 brn
|move|p1a: Necrozma|Moonlight|p1a: Necrozma
|-heal|p1a: Necrozma|62/100 brn
|
|-heal|p1a: Necrozma|68/100 brn|[from] item: Leftovers
|-damage|p1a: Necrozma|62/100 brn|[from] brn
|upkeep
|turn|29
|
|t:|1658503614
|switch|p2a: Ho-Oh|Ho-Oh, shiny|96/100 tox
|-damage|p2a: Ho-Oh|46/100 tox|[from] Stealth Rock
|move|p1a: Necrozma|Moonlight|p1a: Necrozma
|-heal|p1a: Necrozma|100/100 brn
|
|-damage|p2a: Ho-Oh|40/100 tox|[from] psn
|-damage|p1a: Necrozma|94/100 brn|[from] brn
|upkeep
|turn|30
|
|t:|1658503627
|switch|p1a: Landorus|Landorus-Therian, M|76/100 tox
|-damage|p1a: Landorus|64/100 tox|[from] Stealth Rock
|-ability|p1a: Landorus|Intimidate|boost
|-unboost|p2a: Ho-Oh|atk|1
|move|p2a: Ho-Oh|Sacred Fire|p1a: Landorus
|-damage|p1a: Landorus|38/100 tox
|
|-heal|p1a: Landorus|44/100 tox|[from] item: Leftovers
|-damage|p2a: Ho-Oh|28/100 tox|[from] psn
|-damage|p1a: Landorus|38/100 tox|[from] psn
|upkeep
|turn|31
|
|t:|1658503633
|move|p2a: Ho-Oh|Brave Bird|p1a: Landorus
|-damage|p1a: Landorus|7/100 tox
|-damage|p2a: Ho-Oh|18/100 tox|[from] Recoil
|move|p1a: Landorus|U-turn|p2a: Ho-Oh
|-resisted|p2a: Ho-Oh
|-damage|p2a: Ho-Oh|13/100 tox
|
|t:|1658503653
|switch|p1a: Eternatus|Eternatus|100/100 par|[from]move: U-turn
|-damage|p1a: Eternatus|88/100 par|[from] Stealth Rock
|-ability|p1a: Eternatus|Pressure
|
|-damage|p2a: Ho-Oh|0 fnt|[from] psn
|faint|p2a: Ho-Oh
|upkeep
|
|t:|1658503657
|switch|p2a: Necrozma|Necrozma-Dusk-Mane, shiny|25/100
|-damage|p2a: Necrozma|19/100|[from] Stealth Rock
|turn|32
|
|t:|1658503661
|switch|p1a: Yveltal|Yveltal|100/100
|-damage|p1a: Yveltal|76/100|[from] Stealth Rock
|-ability|p1a: Yveltal|Dark Aura
|move|p2a: Necrozma|Moonlight|p2a: Necrozma
|-heal|p2a: Necrozma|69/100
|
|upkeep
|turn|33
|
|t:|1658503672
|switch|p1a: Calyrex|Calyrex-Shadow|49/100
|-ability|p1a: Calyrex|As One
|-ability|p1a: Calyrex|Unnerve
|-damage|p1a: Calyrex|36/100|[from] Stealth Rock
|move|p2a: Necrozma|Dragon Dance|p2a: Necrozma
|-boost|p2a: Necrozma|atk|1
|-boost|p2a: Necrozma|spe|1
|
|upkeep
|turn|34
|
|t:|1658503681
|switch|p2a: Yveltal|Yveltal, shiny|100/100
|-ability|p2a: Yveltal|Dark Aura
|move|p1a: Calyrex|Trick|p2a: Yveltal
|-activate|p1a: Calyrex|move: Trick|[of] p2a: Yveltal
|-item|p2a: Yveltal|Choice Specs|[from] move: Trick
|-item|p1a: Calyrex|Heavy-Duty Boots|[from] move: Trick
|
|upkeep
|turn|35
|
|t:|1658503689
|move|p1a: Calyrex|Aromatherapy|p1a: Calyrex
|-activate|p1a: Calyrex|move: Aromatherapy
|-curestatus|p1: Eternatus|par|[msg]
|-curestatus|p1: Necrozma|brn|[msg]
|-curestatus|p1: Landorus|tox|[msg]
|move|p2a: Yveltal|Defog|p1a: Calyrex
|-unboost|p1a: Calyrex|evasion|1
|-sideend|p1: Exiline|Stealth Rock|[from] move: Defog|[of] p2a: Yveltal
|-sideend|p2: Holy Flatemo|Stealth Rock|[from] move: Defog|[of] p2a: Yveltal
|
|upkeep
|turn|36
|
|t:|1658503703
|switch|p2a: Eternatus|Eternatus|97/100
|-ability|p2a: Eternatus|Pressure
|move|p1a: Calyrex|Psyshock|p2a: Eternatus
|-supereffective|p2a: Eternatus
|-damage|p2a: Eternatus|30/100
|
|upkeep
|turn|37
|
|t:|1658503715
|switch|p2a: Yveltal|Yveltal, shiny|100/100
|-ability|p2a: Yveltal|Dark Aura
|move|p1a: Calyrex|Psyshock|p2a: Yveltal
|-immune|p2a: Yveltal
|
|upkeep
|turn|38
|
|t:|1658503729
|move|p2a: Yveltal|Sucker Punch|p1a: Calyrex
|-supereffective|p1a: Calyrex
|-damage|p1a: Calyrex|0 fnt
|faint|p1a: Calyrex
|
|upkeep
|
|t:|1658503736
|switch|p1a: Necrozma|Necrozma-Dusk-Mane|94/100
|turn|39
|
|t:|1658503744
|switch|p2a: Groudon|Groudon, shiny|60/100
|-weather|SunnyDay|[from] ability: Drought|[of] p2a: Groudon
|move|p1a: Necrozma|Dragon Dance|p1a: Necrozma
|-boost|p1a: Necrozma|atk|1
|-boost|p1a: Necrozma|spe|1
|
|-weather|SunnyDay|[upkeep]
|-heal|p1a: Necrozma|100/100|[from] item: Leftovers
|upkeep
|turn|40
|
|t:|1658503749
|move|p1a: Necrozma|Dragon Dance|p1a: Necrozma
|-boost|p1a: Necrozma|atk|1
|-boost|p1a: Necrozma|spe|1
|move|p2a: Groudon|Precipice Blades|p1a: Necrozma
|-supereffective|p1a: Necrozma
|-damage|p1a: Necrozma|43/100
|
|-weather|SunnyDay|[upkeep]
|-heal|p1a: Necrozma|49/100|[from] item: Leftovers
|upkeep
|turn|41
|
|t:|1658503754
|move|p1a: Necrozma|Moonlight|p1a: Necrozma
|-heal|p1a: Necrozma|100/100
|move|p2a: Groudon|Precipice Blades|p1a: Necrozma
|-supereffective|p1a: Necrozma
|-crit|p1a: Necrozma
|-damage|p1a: Necrozma|5/100
|
|-weather|SunnyDay|[upkeep]
|-heal|p1a: Necrozma|11/100|[from] item: Leftovers
|upkeep
|turn|42
|
|t:|1658503758
|move|p1a: Necrozma|Moonlight|p1a: Necrozma
|-heal|p1a: Necrozma|78/100
|move|p2a: Groudon|Precipice Blades|p1a: Necrozma
|-supereffective|p1a: Necrozma
|-crit|p1a: Necrozma
|-damage|p1a: Necrozma|0 fnt
|faint|p1a: Necrozma
|
|-weather|SunnyDay|[upkeep]
|upkeep
|c|☆Exiline|come the fuck on
|
|t:|1658503768
|switch|p1a: Landorus|Landorus-Therian, M|7/100
|-ability|p1a: Landorus|Intimidate|boost
|-unboost|p2a: Groudon|atk|1
|turn|43
|c|☆Holy Flatemo|mb
|
|t:|1658503772
|move|p2a: Groudon|Stealth Rock|p1a: Landorus
|-sidestart|p1: Exiline|move: Stealth Rock
|move|p1a: Landorus|Stealth Rock|p2a: Groudon
|-sidestart|p2: Holy Flatemo|move: Stealth Rock
|
|-weather|none
|-heal|p1a: Landorus|13/100|[from] item: Leftovers
|upkeep
|turn|44
|
|t:|1658503778
|move|p1a: Landorus|Toxic|p2a: Groudon
|-status|p2a: Groudon|tox
|move|p2a: Groudon|Stone Edge|p1a: Landorus
|-damage|p1a: Landorus|0 fnt
|faint|p1a: Landorus
|
|-damage|p2a: Groudon|54/100 tox|[from] psn
|upkeep
|
|t:|1658503783
|switch|p1a: Eternatus|Eternatus|88/100
|-damage|p1a: Eternatus|76/100|[from] Stealth Rock
|-ability|p1a: Eternatus|Pressure
|turn|45
|
|t:|1658503786
|move|p1a: Eternatus|Dynamax Cannon|p2a: Groudon
|-damage|p2a: Groudon|8/100 tox
|move|p2a: Groudon|Precipice Blades|p1a: Eternatus
|-supereffective|p1a: Eternatus
|-damage|p1a: Eternatus|15/100
|
|-damage|p2a: Groudon|0 fnt|[from] psn
|faint|p2a: Groudon
|upkeep
|
|t:|1658503792
|switch|p2a: Calyrex|Calyrex-Shadow|100/100
|-ability|p2a: Calyrex|As One
|-ability|p2a: Calyrex|Unnerve
|turn|46
|
|t:|1658503796
|switch|p1a: Yveltal|Yveltal|76/100
|-damage|p1a: Yveltal|51/100|[from] Stealth Rock
|-ability|p1a: Yveltal|Dark Aura
|move|p2a: Calyrex|Astral Barrage|p1a: Yveltal
|-resisted|p1a: Yveltal
|-damage|p1a: Yveltal|20/100
|
|upkeep
|turn|47
|
|t:|1658503802
|switch|p2a: Eternatus|Eternatus|30/100
|-damage|p2a: Eternatus|17/100|[from] Stealth Rock
|-ability|p2a: Eternatus|Pressure
|move|p1a: Yveltal|Knock Off|p2a: Eternatus
|-damage|p2a: Eternatus|0 fnt
|faint|p2a: Eternatus
|
|upkeep
|
|t:|1658503804
|switch|p2a: Calyrex|Calyrex-Shadow|100/100
|-ability|p2a: Calyrex|As One
|-ability|p2a: Calyrex|Unnerve
|turn|48
|-message|Exiline forfeited.
|
|win|Holy Flatemo
