|inactive|Battle timer is ON: inactive players will automatically lose when time's up.
|t:|1666201935
|gametype|singles
|player|p1|Nael222|101|
|player|p2|Liberty Garden Fog|lucas|
|teamsize|p1|6
|teamsize|p2|6
|gen|8
|tier|[Gen 8] Ubers
|rule|Sleep Clause Mod: Limit one foe put to sleep
|rule|Species Clause: Limit one of each Pokémon
|rule|OHKO Clause: OHKO moves are banned
|rule|Evasion Items Clause: Evasion items are banned
|rule|Evasion Moves Clause: Evasion moves are banned
|rule|Endless Battle Clause: Forcing endless battles is banned
|rule|HP Percentage Mod: HP is shown in percentages
|rule|Dynamax Clause: You cannot dynamax
|clearpoke
|poke|p1|Shuckle, F|
|poke|p1|Kyogre|
|poke|p1|Calyrex-Shadow|
|poke|p1|Yveltal|
|poke|p1|Necrozma-Dusk-Mane|
|poke|p1|Dracovish|
|poke|p2|Groudon|
|poke|p2|Ho-Oh|
|poke|p2|Yveltal|
|poke|p2|Eternatus|
|poke|p2|Necrozma-Dusk-Mane|
|poke|p2|Abomasnow, M|
|teampreview
|c|☆Liberty Garden Fog|hf
|c|☆Nael222|hf
|inactive|Liberty Garden Fog has 270 seconds left.
|
|t:|1666201985
|start
|switch|p1a: Shuckle|Shuckle, F|100/100
|switch|p2a: STRIKE BACK|Groudon|100/100
|-weather|SunnyDay|[from] ability: Drought|[of] p2a: STRIKE BACK
|turn|1
|
|t:|1666201993
|move|p2a: STRIKE BACK|Stealth Rock|p1a: Shuckle
|-sidestart|p1: Nael222|move: Stealth Rock
|move|p1a: Shuckle|Encore|p2a: STRIKE BACK
|-start|p2a: STRIKE BACK|Encore
|
|-weather|SunnyDay|[upkeep]
|upkeep
|turn|2
|
|t:|1666202000
|switch|p2a: Tentou|Necrozma-Dusk-Mane|100/100
|move|p1a: Shuckle|Sticky Web|p2a: Tentou
|-sidestart|p2: Liberty Garden Fog|move: Sticky Web
|
|-weather|SunnyDay|[upkeep]
|upkeep
|turn|3
|
|t:|1666202005
|move|p2a: Tentou|Sunsteel Strike|p1a: Shuckle
|-supereffective|p1a: Shuckle
|-damage|p1a: Shuckle|44/100
|move|p1a: Shuckle|Encore|p2a: Tentou
|-start|p2a: Tentou|Encore
|
|-weather|SunnyDay|[upkeep]
|upkeep
|turn|4
|
|t:|1666202014
|move|p2a: Tentou|Sunsteel Strike|p1a: Shuckle
|-supereffective|p1a: Shuckle
|-damage|p1a: Shuckle|0 fnt
|faint|p1a: Shuckle
|
|-weather|SunnyDay|[upkeep]
|upkeep
|
|t:|1666202042
|switch|p1a: Yveltal|Yveltal|100/100
|-damage|p1a: Yveltal|76/100|[from] Stealth Rock
|-ability|p1a: Yveltal|Dark Aura
|turn|5
|
|t:|1666202052
|move|p1a: Yveltal|Snarl|p2a: Tentou
|-supereffective|p2a: Tentou
|-damage|p2a: Tentou|66/100
|-unboost|p2a: Tentou|spa|1
|-enditem|p1a: Yveltal|Throat Spray
|-boost|p1a: Yveltal|spa|1|[from] item: Throat Spray
|move|p2a: Tentou|Sunsteel Strike|p1a: Yveltal
|-damage|p1a: Yveltal|33/100
|
|-weather|none
|-heal|p2a: Tentou|72/100|[from] item: Leftovers
|upkeep
|turn|6
|
|t:|1666202063
|move|p1a: Yveltal|Dark Pulse|p2a: Tentou
|-supereffective|p2a: Tentou
|-damage|p2a: Tentou|0 fnt
|faint|p2a: Tentou
|
|upkeep
|
|t:|1666202086
|switch|p2a: Crazy Rainbow|Ho-Oh|100/100
|turn|7
|
|t:|1666202098
|move|p1a: Yveltal|Oblivion Wing|p2a: Crazy Rainbow
|-crit|p2a: Crazy Rainbow
|-damage|p2a: Crazy Rainbow|49/100
|-heal|p1a: Yveltal|71/100|[from] drain|[of] p2a: Crazy Rainbow
|move|p2a: Crazy Rainbow|Thunder Wave|p1a: Yveltal
|-status|p1a: Yveltal|par
|
|upkeep
|turn|8
|
|t:|1666202105
|move|p2a: Crazy Rainbow|Brave Bird|p1a: Yveltal
|-crit|p1a: Yveltal
|-damage|p1a: Yveltal|0 fnt
|faint|p1a: Yveltal
|-damage|p2a: Crazy Rainbow|26/100|[from] Recoil
|
|upkeep
|
|t:|1666202113
|switch|p1a: Dracovish|Dracovish|100/100
|-damage|p1a: Dracovish|88/100|[from] Stealth Rock
|turn|9
|
|t:|1666202122
|move|p1a: Dracovish|Fishious Rend|p2a: Crazy Rainbow
|-supereffective|p2a: Crazy Rainbow
|-damage|p2a: Crazy Rainbow|0 fnt
|faint|p2a: Crazy Rainbow
|
|upkeep
|
|t:|1666202143
|switch|p2a: Again|Eternatus|100/100
|-activate|p2a: Again|move: Sticky Web
|-unboost|p2a: Again|spe|1
|-ability|p2a: Again|Pressure
|turn|10
|
|t:|1666202157
|switch|p1a: Calyrex|Calyrex-Shadow|100/100
|-ability|p1a: Calyrex|As One
|-ability|p1a: Calyrex|Unnerve
|-damage|p1a: Calyrex|88/100|[from] Stealth Rock
|move|p2a: Again|Dynamax Cannon|p1a: Calyrex
|-damage|p1a: Calyrex|32/100
|
|upkeep
|turn|11
|
|t:|1666202162
|switch|p2a: HOLLOW HUNGER|Yveltal|100/100
|-ability|p2a: HOLLOW HUNGER|Dark Aura
|move|p1a: Calyrex|Astral Barrage|p2a: HOLLOW HUNGER
|-resisted|p2a: HOLLOW HUNGER
|-damage|p2a: HOLLOW HUNGER|76/100
|
|upkeep
|turn|12
|
|t:|1666202175
|move|p1a: Calyrex|Nasty Plot|p1a: Calyrex
|-boost|p1a: Calyrex|spa|2
|move|p2a: HOLLOW HUNGER|Knock Off|p1a: Calyrex
|-supereffective|p1a: Calyrex
|-damage|p1a: Calyrex|0 fnt
|-enditem|p1a: Calyrex|Focus Sash|[from] move: Knock Off|[of] p2a: HOLLOW HUNGER
|faint|p1a: Calyrex
|
|upkeep
|
|t:|1666202180
|switch|p1a: Dracovish|Dracovish|88/100
|-damage|p1a: Dracovish|76/100|[from] Stealth Rock
|turn|13
|
|t:|1666202191
|move|p2a: HOLLOW HUNGER|Sucker Punch|p1a: Dracovish
|-damage|p1a: Dracovish|36/100
|move|p1a: Dracovish|Fishious Rend|p2a: HOLLOW HUNGER
|-damage|p2a: HOLLOW HUNGER|33/100
|
|upkeep
|turn|14
|
|t:|1666202197
|move|p2a: HOLLOW HUNGER|Sucker Punch|p1a: Dracovish
|-damage|p1a: Dracovish|0 fnt
|faint|p1a: Dracovish
|
|upkeep
|
|t:|1666202202
|switch|p1a: Kyogre|Kyogre|100/100
|-damage|p1a: Kyogre|88/100|[from] Stealth Rock
|-weather|RainDance|[from] ability: Drizzle|[of] p1a: Kyogre
|turn|15
|
|t:|1666202218
|switch|p2a: Storyteller|Abomasnow, M|100/100
|-activate|p2a: Storyteller|move: Sticky Web
|-unboost|p2a: Storyteller|spe|1
|-weather|Hail|[from] ability: Snow Warning|[of] p2a: Storyteller
|move|p1a: Kyogre|Ice Beam|p2a: Storyteller
|-damage|p2a: Storyteller|61/100
|
|-weather|Hail|[upkeep]
|-damage|p1a: Kyogre|82/100|[from] Hail
|-heal|p2a: Storyteller|67/100|[from] item: Leftovers
|upkeep
|turn|16
|
|t:|1666202223
|move|p1a: Kyogre|Ice Beam|p2a: Storyteller
|-damage|p2a: Storyteller|29/100
|move|p2a: Storyteller|Leech Seed|p1a: Kyogre
|-start|p1a: Kyogre|move: Leech Seed
|
|-weather|Hail|[upkeep]
|-damage|p1a: Kyogre|76/100|[from] Hail
|-heal|p2a: Storyteller|35/100|[from] item: Leftovers
|-damage|p1a: Kyogre|64/100|[from] Leech Seed|[of] p2a: Storyteller
|-heal|p2a: Storyteller|46/100|[silent]
|upkeep
|turn|17
|
|t:|1666202254
|switch|p1a: Necrozma|Necrozma-Dusk-Mane|100/100
|-damage|p1a: Necrozma|95/100|[from] Stealth Rock
|move|p2a: Storyteller|Leech Seed|p1a: Necrozma
|-start|p1a: Necrozma|move: Leech Seed
|
|-weather|Hail|[upkeep]
|-damage|p1a: Necrozma|89/100|[from] Hail
|-heal|p2a: Storyteller|52/100|[from] item: Leftovers
|-damage|p1a: Necrozma|76/100|[from] Leech Seed|[of] p2a: Storyteller
|-heal|p2a: Storyteller|63/100|[silent]
|upkeep
|turn|18
|
|t:|1666202261
|switch|p2a: STRIKE BACK|Groudon|100/100
|-activate|p2a: STRIKE BACK|move: Sticky Web
|-unboost|p2a: STRIKE BACK|spe|1
|-weather|SunnyDay|[from] ability: Drought|[of] p2a: STRIKE BACK
|move|p1a: Necrozma|Sunsteel Strike|p2a: STRIKE BACK
|-damage|p2a: STRIKE BACK|52/100
|-damage|p1a: Necrozma|66/100|[from] item: Life Orb
|
|-weather|SunnyDay|[upkeep]
|-heal|p2a: STRIKE BACK|58/100|[from] item: Leftovers
|-damage|p1a: Necrozma|54/100|[from] Leech Seed|[of] p2a: STRIKE BACK
|-heal|p2a: STRIKE BACK|68/100|[silent]
|upkeep
|turn|19
|
|t:|1666202269
|move|p1a: Necrozma|Dragon Dance|p1a: Necrozma
|-boost|p1a: Necrozma|atk|1
|-boost|p1a: Necrozma|spe|1
|move|p2a: STRIKE BACK|Precipice Blades|p1a: Necrozma
|-supereffective|p1a: Necrozma
|-damage|p1a: Necrozma|0 fnt
|faint|p1a: Necrozma
|
|-weather|SunnyDay|[upkeep]
|-heal|p2a: STRIKE BACK|74/100|[from] item: Leftovers
|upkeep
|
|t:|1666202271
|switch|p1a: Kyogre|Kyogre|64/100
|-damage|p1a: Kyogre|51/100|[from] Stealth Rock
|-weather|RainDance|[from] ability: Drizzle|[of] p1a: Kyogre
|turn|20
|
|t:|1666202274
|move|p1a: Kyogre|Ice Beam|p2a: STRIKE BACK
|-supereffective|p2a: STRIKE BACK
|-damage|p2a: STRIKE BACK|0 fnt
|faint|p2a: STRIKE BACK
|
|-weather|RainDance|[upkeep]
|upkeep
|
|t:|1666202276
|switch|p2a: Storyteller|Abomasnow, M|63/100
|-activate|p2a: Storyteller|move: Sticky Web
|-unboost|p2a: Storyteller|spe|1
|-weather|Hail|[from] ability: Snow Warning|[of] p2a: Storyteller
|turn|21
|
|t:|1666202279
|move|p1a: Kyogre|Ice Beam|p2a: Storyteller
|-damage|p2a: Storyteller|25/100
|move|p2a: Storyteller|Grass Knot|p1a: Kyogre
|-supereffective|p1a: Kyogre
|-damage|p1a: Kyogre|0 fnt
|faint|p1a: Kyogre
|
|win|Liberty Garden Fog
|c|☆Nael222|gg
|c|☆Liberty Garden Fog|gg
