|inactive|Battle timer is ON: inactive players will automatically lose when time's up.
|t:|1664112683
|gametype|singles
|player|p1|Zenadark|cyrus-masters|
|player|p2|Scavet|102|
|teamsize|p1|6
|teamsize|p2|6
|gen|8
|tier|[Gen 8] Ubers
|rule|Sleep Clause Mod: Limit one foe put to sleep
|rule|Species Clause: Limit one of each Pokémon
|rule|OHKO Clause: OHKO moves are banned
|rule|Evasion Items Clause: Evasion items are banned
|rule|Evasion Moves Clause: Evasion moves are banned
|rule|Endless Battle Clause: Forcing endless battles is banned
|rule|HP Percentage Mod: HP is shown in percentages
|rule|Dynamax Clause: You cannot dynamax
|clearpoke
|poke|p1|Kyogre|
|poke|p1|Dracovish|
|poke|p1|Landorus-Therian, M|
|poke|p1|Yveltal|
|poke|p1|Necrozma-Dusk-Mane|
|poke|p1|Eternatus|
|poke|p2|Marshadow|
|poke|p2|Kyogre|
|poke|p2|Urshifu-*, F|
|poke|p2|Yveltal|
|poke|p2|Necrozma-Dusk-Mane|
|poke|p2|Eternatus|
|teampreview
|c|☆Scavet|hf !
|inactive|Zenadark has 270 seconds left.
|inactive|Scavet has 270 seconds left.
|c|☆Zenadark|hf 
|inactive|Scavet has 240 seconds left.
|
|t:|1664112746
|start
|switch|p1a: Kyogre|Kyogre|100/100
|switch|p2a: Yveltal|Yveltal|100/100
|-ability|p2a: Yveltal|Dark Aura
|-weather|RainDance|[from] ability: Drizzle|[of] p1a: Kyogre
|turn|1
|inactive|Scavet has 270 seconds left.
|
|t:|1664112776
|move|p2a: Yveltal|Knock Off|p1a: Kyogre
|-damage|p1a: Kyogre|48/100
|-enditem|p1a: Kyogre|Leftovers|[from] move: Knock Off|[of] p2a: Yveltal
|move|p1a: Kyogre|Thunder Wave|p2a: Yveltal
|-status|p2a: Yveltal|par
|
|-weather|RainDance|[upkeep]
|upkeep
|turn|2
|inactive|Scavet has 270 seconds left.
|
|t:|1664112802
|switch|p1a: Yveltal|Yveltal, shiny|100/100
|-ability|p1a: Yveltal|Dark Aura
|move|p2a: Yveltal|Taunt|p1a: Yveltal
|-start|p1a: Yveltal|move: Taunt
|
|-weather|RainDance|[upkeep]
|upkeep
|turn|3
|
|t:|1664112817
|move|p1a: Yveltal|Knock Off|p2a: Yveltal
|-resisted|p2a: Yveltal
|-crit|p2a: Yveltal
|-damage|p2a: Yveltal|60/100 par
|-enditem|p2a: Yveltal|Heavy-Duty Boots|[from] move: Knock Off|[of] p1a: Yveltal
|cant|p2a: Yveltal|par
|
|-weather|RainDance|[upkeep]
|upkeep
|turn|4
|
|t:|1664112824
|move|p1a: Yveltal|U-turn|p2a: Yveltal
|-crit|p2a: Yveltal
|-damage|p2a: Yveltal|33/100 par
|
|t:|1664112828
|switch|p1a: Necrozma|Necrozma-Dusk-Mane, shiny|100/100|[from]move: U-turn
|move|p2a: Yveltal|Roost|p2a: Yveltal
|-heal|p2a: Yveltal|83/100 par
|-singleturn|p2a: Yveltal|move: Roost
|
|-weather|RainDance|[upkeep]
|upkeep
|turn|5
|
|t:|1664112836
|move|p1a: Necrozma|Iron Head|p2a: Yveltal
|-damage|p2a: Yveltal|45/100 par
|move|p2a: Yveltal|Taunt|p1a: Necrozma
|-start|p1a: Necrozma|move: Taunt
|
|-weather|none
|upkeep
|turn|6
|inactive|Scavet has 270 seconds left.
|
|t:|1664112841
|switch|p2a: Urshifu|Urshifu, F|100/100
|move|p1a: Necrozma|Iron Head|p2a: Urshifu
|-damage|p2a: Urshifu|61/100
|
|upkeep
|turn|7
|inactive|Scavet has 270 seconds left.
|
|t:|1664112873
|switch|p1a: Kyogre|Kyogre|48/100
|-weather|RainDance|[from] ability: Drizzle|[of] p1a: Kyogre
|move|p2a: Urshifu|Wicked Blow|p1a: Kyogre
|-crit|p1a: Kyogre
|-damage|p1a: Kyogre|0 fnt
|faint|p1a: Kyogre
|
|-weather|RainDance|[upkeep]
|upkeep
|
|t:|1664112889
|switch|p1a: Eternatus|Eternatus|100/100
|-ability|p1a: Eternatus|Pressure
|turn|8
|
|t:|1664112894
|switch|p1a: Yveltal|Yveltal, shiny|100/100
|-ability|p1a: Yveltal|Dark Aura
|switch|p2a: Eternatus|Eternatus|100/100
|-ability|p2a: Eternatus|Pressure
|
|-weather|RainDance|[upkeep]
|upkeep
|turn|9
|
|t:|1664112915
|switch|p2a: Yveltal|Yveltal|45/100 par
|-ability|p2a: Yveltal|Dark Aura
|move|p1a: Yveltal|Knock Off|p2a: Yveltal
|-resisted|p2a: Yveltal
|-damage|p2a: Yveltal|28/100 par
|
|-weather|RainDance|[upkeep]
|upkeep
|turn|10
|
|t:|1664112923
|move|p1a: Yveltal|U-turn|p2a: Yveltal
|-damage|p2a: Yveltal|10/100 par
|
|t:|1664112926
|switch|p1a: Necrozma|Necrozma-Dusk-Mane, shiny|100/100|[from]move: U-turn
|move|p2a: Yveltal|Knock Off|p1a: Necrozma
|-supereffective|p1a: Necrozma
|-damage|p1a: Necrozma|32/100
|-enditem|p1a: Necrozma|Leftovers|[from] move: Knock Off|[of] p2a: Yveltal
|
|-weather|RainDance|[upkeep]
|upkeep
|turn|11
|
|t:|1664112932
|move|p1a: Necrozma|Stealth Rock|p2a: Yveltal
|-sidestart|p2: Scavet|move: Stealth Rock
|cant|p2a: Yveltal|par
|
|-weather|none
|upkeep
|turn|12
|inactive|Scavet has 270 seconds left.
|
|t:|1664112940
|move|p1a: Necrozma|Morning Sun|p1a: Necrozma
|-heal|p1a: Necrozma|82/100
|cant|p2a: Yveltal|par
|
|upkeep
|turn|13
|inactive|Scavet has 270 seconds left.
|
|t:|1664112950
|move|p1a: Necrozma|Iron Head|p2a: Yveltal
|-damage|p2a: Yveltal|0 fnt
|faint|p2a: Yveltal
|
|upkeep
|
|t:|1664112951
|switch|p2a: Urshifu|Urshifu, F|61/100
|-damage|p2a: Urshifu|55/100|[from] Stealth Rock
|turn|14
|
|t:|1664112957
|switch|p1a: Yveltal|Yveltal, shiny|100/100
|-ability|p1a: Yveltal|Dark Aura
|move|p2a: Urshifu|Wicked Blow|p1a: Yveltal
|-resisted|p1a: Yveltal
|-crit|p1a: Yveltal
|-damage|p1a: Yveltal|44/100
|
|upkeep
|turn|15
|
|t:|1664112961
|move|p1a: Yveltal|Knock Off|p2a: Urshifu
|-resisted|p2a: Urshifu
|-damage|p2a: Urshifu|42/100
|-enditem|p2a: Urshifu|Choice Band|[from] move: Knock Off|[of] p1a: Yveltal
|move|p2a: Urshifu|Wicked Blow|p1a: Yveltal
|-resisted|p1a: Yveltal
|-crit|p1a: Yveltal
|-damage|p1a: Yveltal|4/100
|
|upkeep
|turn|16
|
|t:|1664112969
|move|p1a: Yveltal|Roost|p1a: Yveltal
|-heal|p1a: Yveltal|54/100
|-singleturn|p1a: Yveltal|move: Roost
|move|p2a: Urshifu|U-turn|p1a: Yveltal
|-supereffective|p1a: Yveltal
|-damage|p1a: Yveltal|2/100
|
|t:|1664112985
|switch|p2a: Marshadow|Marshadow|100/100|[from]move: U-turn
|-damage|p2a: Marshadow|94/100|[from] Stealth Rock
|
|upkeep
|turn|17
|
|t:|1664112997
|move|p2a: Marshadow|Spectral Thief|p1a: Yveltal
|-resisted|p1a: Yveltal
|-damage|p1a: Yveltal|0 fnt
|faint|p1a: Yveltal
|
|upkeep
|
|t:|1664113001
|switch|p1a: Eternatus|Eternatus|100/100
|-ability|p1a: Eternatus|Pressure
|turn|18
|
|t:|1664113016
|switch|p2a: Necrozma|Necrozma-Dusk-Mane|100/100
|-damage|p2a: Necrozma|94/100|[from] Stealth Rock
|move|p1a: Eternatus|Mystical Fire|p2a: Necrozma
|-supereffective|p2a: Necrozma
|-damage|p2a: Necrozma|73/100
|-unboost|p2a: Necrozma|spa|1
|
|-heal|p2a: Necrozma|79/100|[from] item: Leftovers
|upkeep
|turn|19
|
|t:|1664113041
|switch|p1a: Dracovish|Dracovish|100/100
|move|p2a: Necrozma|Earthquake|p1a: Dracovish
|-damage|p1a: Dracovish|67/100
|
|-heal|p2a: Necrozma|85/100|[from] item: Leftovers
|upkeep
|turn|20
|inactive|Scavet has 270 seconds left.
|
|t:|1664113065
|switch|p2a: Eternatus|Eternatus|100/100
|-damage|p2a: Eternatus|88/100|[from] Stealth Rock
|-ability|p2a: Eternatus|Pressure
|move|p1a: Dracovish|Fishious Rend|p2a: Eternatus
|-resisted|p2a: Eternatus
|-damage|p2a: Eternatus|20/100
|
|upkeep
|turn|21
|
|t:|1664113072
|switch|p1a: Landorus|Landorus-Therian, M|100/100
|-ability|p1a: Landorus|Intimidate|boost
|-unboost|p2a: Eternatus|atk|1
|move|p2a: Eternatus|Recover|p2a: Eternatus
|-heal|p2a: Eternatus|70/100
|
|upkeep
|turn|22
|inactive|Scavet has 270 seconds left.
|
|t:|1664113099
|switch|p2a: Kyogre|Kyogre|100/100
|-damage|p2a: Kyogre|88/100|[from] Stealth Rock
|-weather|RainDance|[from] ability: Drizzle|[of] p2a: Kyogre
|move|p1a: Landorus|Earthquake|p2a: Kyogre
|-damage|p2a: Kyogre|48/100
|
|-weather|RainDance|[upkeep]
|-heal|p2a: Kyogre|54/100|[from] item: Leftovers
|upkeep
|turn|23
|
|t:|1664113119
|switch|p1a: Eternatus|Eternatus|100/100
|-ability|p1a: Eternatus|Pressure
|move|p2a: Kyogre|Thunder Wave|p1a: Eternatus
|-status|p1a: Eternatus|par
|
|-weather|RainDance|[upkeep]
|-heal|p2a: Kyogre|60/100|[from] item: Leftovers
|upkeep
|turn|24
|inactive|Scavet has 270 seconds left.
|inactive|Scavet has 240 seconds left.
|
|t:|1664113161
|switch|p2a: Necrozma|Necrozma-Dusk-Mane|85/100
|-damage|p2a: Necrozma|79/100|[from] Stealth Rock
|move|p1a: Eternatus|Toxic|p2a: Necrozma
|-immune|p2a: Necrozma
|
|-weather|RainDance|[upkeep]
|-heal|p2a: Necrozma|85/100|[from] item: Leftovers
|upkeep
|turn|25
|inactive|Scavet has 240 seconds left.
|
|t:|1664113173
|switch|p2a: Urshifu|Urshifu, F|42/100
|-damage|p2a: Urshifu|35/100|[from] Stealth Rock
|switch|p1a: Necrozma|Necrozma-Dusk-Mane, shiny|82/100
|
|-weather|RainDance|[upkeep]
|upkeep
|turn|26
|
|t:|1664113179
|move|p2a: Urshifu|Wicked Blow|p1a: Necrozma
|-supereffective|p1a: Necrozma
|-crit|p1a: Necrozma
|-damage|p1a: Necrozma|9/100
|move|p1a: Necrozma|Iron Head|p2a: Urshifu
|-damage|p2a: Urshifu|0 fnt
|faint|p2a: Urshifu
|
|-weather|none
|upkeep
|inactive|Scavet has 240 seconds left.
|inactive|Scavet has 210 seconds left.
|inactive|Scavet has 180 seconds left.
|inactive|Scavet has 150 seconds left.
|c|☆Zenadark|t as des souci de co 
|inactive|Scavet has 120 seconds left.
|inactive|Scavet has 90 seconds left.
|c|☆Scavet|ah dsl
|
|t:|1664113349
|switch|p2a: Kyogre|Kyogre|60/100
|-damage|p2a: Kyogre|48/100|[from] Stealth Rock
|-weather|RainDance|[from] ability: Drizzle|[of] p2a: Kyogre
|turn|27
|
|t:|1664113359
|move|p1a: Necrozma|Thunder Wave|p2a: Kyogre
|-status|p2a: Kyogre|par
|cant|p2a: Kyogre|par
|
|-weather|RainDance|[upkeep]
|-heal|p2a: Kyogre|54/100 par|[from] item: Leftovers
|upkeep
|turn|28
|inactive|Scavet has 90 seconds left.
|
|t:|1664113364
|switch|p1a: Eternatus|Eternatus|100/100 par
|-ability|p1a: Eternatus|Pressure
|move|p2a: Kyogre|Thunder Wave|p1a: Eternatus
|-fail|p1a: Eternatus|par
|
|-weather|RainDance|[upkeep]
|-heal|p2a: Kyogre|60/100 par|[from] item: Leftovers
|upkeep
|turn|29
|inactive|Scavet has 90 seconds left.
|
|t:|1664113378
|switch|p2a: Necrozma|Necrozma-Dusk-Mane|85/100
|-damage|p2a: Necrozma|79/100|[from] Stealth Rock
|move|p1a: Eternatus|Dynamax Cannon|p2a: Necrozma
|-resisted|p2a: Necrozma
|-damage|p2a: Necrozma|65/100
|
|-weather|RainDance|[upkeep]
|-heal|p2a: Necrozma|71/100|[from] item: Leftovers
|upkeep
|turn|30
|inactive|Scavet has 90 seconds left.
|
|t:|1664113389
|switch|p2a: Eternatus|Eternatus|70/100
|-damage|p2a: Eternatus|58/100|[from] Stealth Rock
|-ability|p2a: Eternatus|Pressure
|switch|p1a: Necrozma|Necrozma-Dusk-Mane, shiny|9/100
|
|-weather|RainDance|[upkeep]
|upkeep
|turn|31
|inactive|Scavet has 90 seconds left.
|
|t:|1664113405
|move|p2a: Eternatus|Dragon Pulse|p1a: Necrozma
|-resisted|p1a: Necrozma
|-damage|p1a: Necrozma|0 fnt
|faint|p1a: Necrozma
|
|-weather|none
|upkeep
|
|t:|1664113417
|switch|p1a: Landorus|Landorus-Therian, M|100/100
|-ability|p1a: Landorus|Intimidate|boost
|-unboost|p2a: Eternatus|atk|1
|turn|32
|inactive|Scavet has 90 seconds left.
|
|t:|1664113443
|switch|p2a: Kyogre|Kyogre|60/100 par
|-damage|p2a: Kyogre|48/100 par|[from] Stealth Rock
|-weather|RainDance|[from] ability: Drizzle|[of] p2a: Kyogre
|move|p1a: Landorus|Earthquake|p2a: Kyogre
|-damage|p2a: Kyogre|12/100 par
|
|-weather|RainDance|[upkeep]
|-heal|p2a: Kyogre|18/100 par|[from] item: Leftovers
|upkeep
|turn|33
|inactive|Zenadark has 270 seconds left.
|
|t:|1664113473
|move|p1a: Landorus|Earthquake|p2a: Kyogre
|-damage|p2a: Kyogre|0 fnt
|faint|p2a: Kyogre
|
|-weather|RainDance|[upkeep]
|upkeep
|inactive|Scavet has 60 seconds left.
|
|t:|1664113512
|switch|p2a: Necrozma|Necrozma-Dusk-Mane|71/100
|-damage|p2a: Necrozma|65/100|[from] Stealth Rock
|turn|34
|
|t:|1664113520
|move|p1a: Landorus|Earthquake|p2a: Necrozma
|-supereffective|p2a: Necrozma
|-damage|p2a: Necrozma|4/100
|move|p2a: Necrozma|Sunsteel Strike|p1a: Landorus
|-damage|p1a: Landorus|37/100
|
|-weather|RainDance|[upkeep]
|-heal|p2a: Necrozma|11/100|[from] item: Leftovers
|upkeep
|turn|35
|
|t:|1664113533
|move|p1a: Landorus|Earthquake|p2a: Necrozma
|-supereffective|p2a: Necrozma
|-damage|p2a: Necrozma|0 fnt
|faint|p2a: Necrozma
|
|-weather|RainDance|[upkeep]
|upkeep
|
|t:|1664113543
|switch|p2a: Marshadow|Marshadow|94/100
|-damage|p2a: Marshadow|88/100|[from] Stealth Rock
|turn|36
|
|t:|1664113548
|switch|p1a: Eternatus|Eternatus|100/100 par
|-ability|p1a: Eternatus|Pressure
|move|p2a: Marshadow|Shadow Sneak|p1a: Eternatus
|-damage|p1a: Eternatus|74/100 par
|
|-weather|none
|upkeep
|turn|37
|inactive|Scavet has 60 seconds left.
|inactive|Scavet has 30 seconds left.
|inactive|Scavet has 20 seconds left.
|
|t:|1664113610
|move|p2a: Marshadow|Bulk Up|p2a: Marshadow
|-boost|p2a: Marshadow|atk|1
|-boost|p2a: Marshadow|def|1
|move|p1a: Eternatus|Recover|p1a: Eternatus
|-heal|p1a: Eternatus|100/100 par
|
|upkeep
|turn|38
|inactive|Scavet has 30 seconds left this turn.
|
|t:|1664113624
|move|p2a: Marshadow|Spectral Thief|p1a: Eternatus
|-damage|p1a: Eternatus|40/100 par
|move|p1a: Eternatus|Dynamax Cannon|p2a: Marshadow
|-damage|p2a: Marshadow|35/100
|
|upkeep
|turn|39
|
|t:|1664113630
|move|p2a: Marshadow|Spectral Thief|p1a: Eternatus
|-damage|p1a: Eternatus|0 fnt
|faint|p1a: Eternatus
|
|upkeep
|
|t:|1664113635
|switch|p1a: Landorus|Landorus-Therian, M|37/100
|-ability|p1a: Landorus|Intimidate|boost
|-unboost|p2a: Marshadow|atk|1
|turn|40
|
|t:|1664113640
|switch|p1a: Dracovish|Dracovish|67/100
|move|p2a: Marshadow|Shadow Sneak|p1a: Dracovish
|-damage|p1a: Dracovish|27/100
|
|upkeep
|turn|41
|
|t:|1664113661
|move|p2a: Marshadow|Spectral Thief|p1a: Dracovish
|-damage|p1a: Dracovish|0 fnt
|faint|p1a: Dracovish
|
|upkeep
|
|t:|1664113664
|switch|p1a: Landorus|Landorus-Therian, M|37/100
|-ability|p1a: Landorus|Intimidate|boost
|-unboost|p2a: Marshadow|atk|1
|turn|42
|
|t:|1664113667
|switch|p2a: Eternatus|Eternatus|58/100
|-damage|p2a: Eternatus|46/100|[from] Stealth Rock
|-ability|p2a: Eternatus|Pressure
|move|p1a: Landorus|Earthquake|p2a: Eternatus
|-supereffective|p2a: Eternatus
|-damage|p2a: Eternatus|0 fnt
|faint|p2a: Eternatus
|
|upkeep
|
|t:|1664113669
|switch|p2a: Marshadow|Marshadow|35/100
|-damage|p2a: Marshadow|29/100|[from] Stealth Rock
|turn|43
|
|t:|1664113672
|move|p2a: Marshadow|Shadow Sneak|p1a: Landorus
|-crit|p1a: Landorus
|-damage|p1a: Landorus|0 fnt
|faint|p1a: Landorus
|
|win|Scavet
|c|☆Scavet|gg
|c|☆Zenadark|oui gg
