|inactive|Battle timer is ON: inactive players will automatically lose when time's up.
|t:|1668982414
|gametype|singles
|player|p1|Fc ❤|#lcplxiskittycommittee|
|player|p2|RichardMillePlain|265|
|teamsize|p1|6
|teamsize|p2|6
|gen|8
|tier|[Gen 8] Ubers
|rule|Sleep Clause Mod: Limit one foe put to sleep
|rule|Species Clause: Limit one of each Pokémon
|rule|OHKO Clause: OHKO moves are banned
|rule|Evasion Items Clause: Evasion items are banned
|rule|Evasion Moves Clause: Evasion moves are banned
|rule|Endless Battle Clause: Forcing endless battles is banned
|rule|HP Percentage Mod: HP is shown in percentages
|rule|Dynamax Clause: You cannot dynamax
|clearpoke
|poke|p1|Pheromosa|
|poke|p1|Yveltal|
|poke|p1|Eternatus|
|poke|p1|Necrozma-Dusk-Mane|
|poke|p1|Zekrom|
|poke|p1|Groudon|
|poke|p2|Groudon|
|poke|p2|Necrozma-Dusk-Mane|
|poke|p2|Yveltal|
|poke|p2|Eternatus|
|poke|p2|Clefable, M|
|poke|p2|Calyrex-Shadow|
|teampreview
|raw|<div class="broadcast-red"><strong>Moderated chat was set to ☆!</strong><br />Only users of rank ☆ and higher can talk.</div>
|c|☆Fc ❤|hf
|c|☆RichardMillePlain|hf
|inactive|Fc ❤ has 270 seconds left.
|inactive|RichardMillePlain has 270 seconds left.
|
|t:|1668982478
|start
|switch|p1a: Yveltal|Yveltal|100/100
|switch|p2a: Groudon|Groudon|100/100
|-ability|p1a: Yveltal|Dark Aura
|-weather|SunnyDay|[from] ability: Drought|[of] p2a: Groudon
|turn|1
|
|t:|1668982492
|move|p1a: Yveltal|Knock Off|p2a: Groudon
|-damage|p2a: Groudon|65/100
|-enditem|p2a: Groudon|Leftovers|[from] move: Knock Off|[of] p1a: Yveltal
|move|p2a: Groudon|Rock Tomb|p1a: Yveltal
|-supereffective|p1a: Yveltal
|-damage|p1a: Yveltal|58/100
|-unboost|p1a: Yveltal|spe|1
|
|-weather|SunnyDay|[upkeep]
|upkeep
|turn|2
|
|t:|1668982497
|switch|p1a: Groudon|Groudon|100/100
|move|p2a: Groudon|Heat Crash|p1a: Groudon
|-damage|p1a: Groudon|89/100
|
|-weather|SunnyDay|[upkeep]
|-heal|p1a: Groudon|95/100|[from] item: Leftovers
|upkeep
|turn|3
|
|t:|1668982502
|switch|p2a: Yveltal|Yveltal|100/100
|-ability|p2a: Yveltal|Dark Aura
|move|p1a: Groudon|Toxic|p2a: Yveltal
|-status|p2a: Yveltal|tox
|
|-weather|SunnyDay|[upkeep]
|-heal|p1a: Groudon|100/100|[from] item: Leftovers
|-damage|p2a: Yveltal|94/100 tox|[from] psn
|upkeep
|turn|4
|
|t:|1668982504
|move|p2a: Yveltal|Foul Play|p1a: Groudon
|-damage|p1a: Groudon|69/100
|move|p1a: Groudon|Stealth Rock|p2a: Yveltal
|-sidestart|p2: RichardMillePlain|move: Stealth Rock
|
|-weather|SunnyDay|[upkeep]
|-heal|p1a: Groudon|75/100|[from] item: Leftovers
|-damage|p2a: Yveltal|82/100 tox|[from] psn
|upkeep
|turn|5
|
|t:|1668982508
|switch|p2a: Clefable|Clefable, M|100/100
|move|p1a: Groudon|Stone Edge|p2a: Clefable|[miss]
|-miss|p1a: Groudon|p2a: Clefable
|
|-weather|none
|-heal|p1a: Groudon|81/100|[from] item: Leftovers
|upkeep
|turn|6
|
|t:|1668982514
|move|p1a: Groudon|Precipice Blades|p2a: Clefable
|-damage|p2a: Clefable|53/100
|move|p2a: Clefable|Stealth Rock|p1a: Groudon
|-sidestart|p1: Fc ❤|move: Stealth Rock
|
|-heal|p1a: Groudon|88/100|[from] item: Leftovers
|-heal|p2a: Clefable|59/100|[from] item: Leftovers
|upkeep
|turn|7
|
|t:|1668982516
|switch|p1a: Necrozma|Necrozma-Dusk-Mane|100/100
|-damage|p1a: Necrozma|94/100|[from] Stealth Rock
|move|p2a: Clefable|Soft-Boiled|p2a: Clefable
|-heal|p2a: Clefable|100/100
|
|-heal|p1a: Necrozma|100/100|[from] item: Leftovers
|upkeep
|turn|8
|
|t:|1668982523
|move|p1a: Necrozma|Knock Off|p2a: Clefable
|-resisted|p2a: Clefable
|-damage|p2a: Clefable|89/100
|-enditem|p2a: Clefable|Leftovers|[from] move: Knock Off|[of] p1a: Necrozma
|move|p2a: Clefable|Thunder Wave|p1a: Necrozma
|-status|p1a: Necrozma|par
|
|upkeep
|turn|9
|
|t:|1668982540
|switch|p2a: Yveltal|Yveltal|82/100 tox
|-ability|p2a: Yveltal|Dark Aura
|switch|p1a: Groudon|Groudon|88/100
|-damage|p1a: Groudon|81/100|[from] Stealth Rock
|-weather|SunnyDay|[from] ability: Drought|[of] p1a: Groudon
|
|-weather|SunnyDay|[upkeep]
|-heal|p1a: Groudon|88/100|[from] item: Leftovers
|-damage|p2a: Yveltal|76/100 tox|[from] psn
|upkeep
|turn|10
|
|t:|1668982556
|move|p2a: Yveltal|Foul Play|p1a: Groudon
|-damage|p1a: Groudon|58/100
|move|p1a: Groudon|Precipice Blades|p2a: Yveltal
|-immune|p2a: Yveltal
|
|-weather|SunnyDay|[upkeep]
|-heal|p1a: Groudon|64/100|[from] item: Leftovers
|-damage|p2a: Yveltal|64/100 tox|[from] psn
|upkeep
|turn|11
|
|t:|1668982563
|move|p2a: Yveltal|Roost|p2a: Yveltal
|-heal|p2a: Yveltal|100/100 tox
|-singleturn|p2a: Yveltal|move: Roost
|move|p1a: Groudon|Precipice Blades|p2a: Yveltal
|-damage|p2a: Yveltal|50/100 tox
|
|-weather|SunnyDay|[upkeep]
|-heal|p1a: Groudon|70/100|[from] item: Leftovers
|-damage|p2a: Yveltal|32/100 tox|[from] psn
|upkeep
|turn|12
|
|t:|1668982571
|switch|p2a: Clefable|Clefable, M|89/100
|move|p1a: Groudon|Stone Edge|p2a: Clefable|[miss]
|-miss|p1a: Groudon|p2a: Clefable
|
|-weather|SunnyDay|[upkeep]
|-heal|p1a: Groudon|76/100|[from] item: Leftovers
|upkeep
|turn|13
|
|t:|1668982574
|move|p1a: Groudon|Precipice Blades|p2a: Clefable|[miss]
|-miss|p1a: Groudon|p2a: Clefable
|move|p2a: Clefable|Soft-Boiled|p2a: Clefable
|-heal|p2a: Clefable|100/100
|
|-weather|none
|-heal|p1a: Groudon|83/100|[from] item: Leftovers
|upkeep
|turn|14
|
|t:|1668982578
|move|p1a: Groudon|Precipice Blades|p2a: Clefable
|-damage|p2a: Clefable|53/100
|move|p2a: Clefable|Moonblast|p1a: Groudon
|-damage|p1a: Groudon|53/100
|-unboost|p1a: Groudon|spa|1
|
|-heal|p1a: Groudon|59/100|[from] item: Leftovers
|upkeep
|turn|15
|
|t:|1668982580
|move|p1a: Groudon|Precipice Blades|p2a: Clefable|[miss]
|-miss|p1a: Groudon|p2a: Clefable
|move|p2a: Clefable|Soft-Boiled|p2a: Clefable
|-heal|p2a: Clefable|100/100
|
|-heal|p1a: Groudon|65/100|[from] item: Leftovers
|upkeep
|turn|16
|
|t:|1668982582
|switch|p1a: Necrozma|Necrozma-Dusk-Mane|100/100 par
|-damage|p1a: Necrozma|94/100 par|[from] Stealth Rock
|move|p2a: Clefable|Moonblast|p1a: Necrozma
|-resisted|p1a: Necrozma
|-damage|p1a: Necrozma|85/100 par
|-unboost|p1a: Necrozma|spa|1
|
|-heal|p1a: Necrozma|91/100 par|[from] item: Leftovers
|upkeep
|turn|17
|
|t:|1668982591
|switch|p2a: Groudon|Groudon|65/100
|-damage|p2a: Groudon|59/100|[from] Stealth Rock
|-weather|SunnyDay|[from] ability: Drought|[of] p2a: Groudon
|move|p1a: Necrozma|Sunsteel Strike|p2a: Groudon
|-damage|p2a: Groudon|24/100
|
|-weather|SunnyDay|[upkeep]
|-heal|p1a: Necrozma|97/100 par|[from] item: Leftovers
|upkeep
|turn|18
|
|t:|1668982599
|switch|p1a: Groudon|Groudon|65/100
|-damage|p1a: Groudon|59/100|[from] Stealth Rock
|move|p2a: Groudon|Precipice Blades|p1a: Groudon
|-damage|p1a: Groudon|28/100
|
|-weather|SunnyDay|[upkeep]
|-heal|p1a: Groudon|34/100|[from] item: Leftovers
|upkeep
|turn|19
|
|t:|1668982601
|move|p2a: Groudon|Precipice Blades|p1a: Groudon
|-crit|p1a: Groudon
|-damage|p1a: Groudon|0 fnt
|faint|p1a: Groudon
|
|-weather|SunnyDay|[upkeep]
|upkeep
|inactive|Fc ❤ has 270 seconds left.
|
|t:|1668982635
|switch|p1a: Pheromosa|Pheromosa, shiny|100/100
|-damage|p1a: Pheromosa|88/100|[from] Stealth Rock
|turn|20
|
|t:|1668982648
|switch|p2a: Yveltal|Yveltal|32/100 tox
|-ability|p2a: Yveltal|Dark Aura
|move|p1a: Pheromosa|U-turn|p2a: Yveltal
|-damage|p2a: Yveltal|0 fnt
|faint|p2a: Yveltal
|-ability|p1a: Pheromosa|Beast Boost|boost
|-boost|p1a: Pheromosa|spe|1
|
|t:|1668982651
|switch|p1a: Yveltal|Yveltal|58/100|[from]move: U-turn
|-ability|p1a: Yveltal|Dark Aura
|
|-weather|SunnyDay|[upkeep]
|upkeep
|
|t:|1668982659
|switch|p2a: Clefable|Clefable, M|100/100
|turn|21
|
|t:|1668982663
|move|p1a: Yveltal|U-turn|p2a: Clefable
|-resisted|p2a: Clefable
|-crit|p2a: Clefable
|-damage|p2a: Clefable|90/100
|
|t:|1668982664
|switch|p1a: Necrozma|Necrozma-Dusk-Mane|97/100 par|[from]move: U-turn
|-damage|p1a: Necrozma|91/100 par|[from] Stealth Rock
|move|p2a: Clefable|Moonblast|p1a: Necrozma
|-resisted|p1a: Necrozma
|-damage|p1a: Necrozma|81/100 par
|
|-weather|none
|-heal|p1a: Necrozma|87/100 par|[from] item: Leftovers
|upkeep
|turn|22
|
|t:|1668982672
|switch|p2a: Necrozma|Necrozma-Dusk-Mane|100/100
|-damage|p2a: Necrozma|94/100|[from] Stealth Rock
|move|p1a: Necrozma|Sunsteel Strike|p2a: Necrozma
|-resisted|p2a: Necrozma
|-damage|p2a: Necrozma|76/100
|
|-heal|p2a: Necrozma|82/100|[from] item: Leftovers
|-heal|p1a: Necrozma|93/100 par|[from] item: Leftovers
|upkeep
|turn|23
|
|t:|1668982677
|switch|p1a: Zekrom|Zekrom, shiny|100/100
|-damage|p1a: Zekrom|88/100|[from] Stealth Rock
|-ability|p1a: Zekrom|Teravolt
|move|p2a: Necrozma|Dragon Dance|p2a: Necrozma
|-boost|p2a: Necrozma|atk|1
|-boost|p2a: Necrozma|spe|1
|
|-heal|p2a: Necrozma|88/100|[from] item: Leftovers
|upkeep
|turn|24
|
|t:|1668982680
|move|p2a: Necrozma|Knock Off|p1a: Zekrom
|-damage|p1a: Zekrom|42/100
|-enditem|p1a: Zekrom|Life Orb|[from] move: Knock Off|[of] p2a: Necrozma
|move|p1a: Zekrom|Bolt Strike|p2a: Necrozma
|-damage|p2a: Necrozma|39/100
|
|-heal|p2a: Necrozma|45/100|[from] item: Leftovers
|upkeep
|turn|25
|
|t:|1668982686
|move|p2a: Necrozma|Morning Sun|p2a: Necrozma
|-heal|p2a: Necrozma|95/100
|move|p1a: Zekrom|Bolt Strike|p2a: Necrozma
|-damage|p2a: Necrozma|42/100
|-status|p2a: Necrozma|par
|
|-heal|p2a: Necrozma|48/100 par|[from] item: Leftovers
|upkeep
|turn|26
|
|t:|1668982691
|switch|p2a: Eternatus|Eternatus|100/100
|-ability|p2a: Eternatus|Pressure
|move|p1a: Zekrom|Roost|p1a: Zekrom
|-heal|p1a: Zekrom|92/100
|-singleturn|p1a: Zekrom|move: Roost
|
|upkeep
|turn|27
|
|t:|1668982696
|switch|p2a: Calyrex|Calyrex-Shadow|100/100
|-ability|p2a: Calyrex|As One
|-ability|p2a: Calyrex|Unnerve
|-damage|p2a: Calyrex|88/100|[from] Stealth Rock
|switch|p1a: Necrozma|Necrozma-Dusk-Mane|93/100 par
|-damage|p1a: Necrozma|87/100 par|[from] Stealth Rock
|
|-heal|p1a: Necrozma|93/100 par|[from] item: Leftovers
|upkeep
|turn|28
|
|t:|1668982709
|move|p2a: Calyrex|Astral Barrage|p1a: Necrozma
|-supereffective|p1a: Necrozma
|-damage|p1a: Necrozma|0 fnt
|faint|p1a: Necrozma
|-ability|p2a: Calyrex|Grim Neigh|boost
|-boost|p2a: Calyrex|spa|1
|
|upkeep
|
|t:|1668982711
|switch|p1a: Pheromosa|Pheromosa, shiny|88/100
|-damage|p1a: Pheromosa|76/100|[from] Stealth Rock
|turn|29
|
|t:|1668982736
|switch|p2a: Clefable|Clefable, M|90/100
|move|p1a: Pheromosa|U-turn|p2a: Clefable
|-resisted|p2a: Clefable
|-damage|p2a: Clefable|67/100
|
|t:|1668982749
|switch|p1a: Zekrom|Zekrom, shiny|92/100|[from]move: U-turn
|-damage|p1a: Zekrom|79/100|[from] Stealth Rock
|-ability|p1a: Zekrom|Teravolt
|
|upkeep
|turn|30
|inactive|RichardMillePlain has 270 seconds left.
|
|t:|1668982779
|move|p1a: Zekrom|Bolt Strike|p2a: Clefable
|-damage|p2a: Clefable|9/100
|move|p2a: Clefable|Soft-Boiled|p2a: Clefable
|-heal|p2a: Clefable|59/100
|
|upkeep
|turn|31
|inactive|RichardMillePlain has 270 seconds left.
|
|t:|1668982792
|switch|p2a: Eternatus|Eternatus|100/100
|-ability|p2a: Eternatus|Pressure
|move|p1a: Zekrom|Bolt Strike|p2a: Eternatus
|-resisted|p2a: Eternatus
|-damage|p2a: Eternatus|72/100
|
|upkeep
|turn|32
|
|t:|1668982796
|switch|p1a: Eternatus|Eternatus|100/100
|-damage|p1a: Eternatus|88/100|[from] Stealth Rock
|-ability|p1a: Eternatus|Pressure
|move|p2a: Eternatus|Dynamax Cannon|p1a: Eternatus
|-supereffective|p1a: Eternatus
|-enditem|p1a: Eternatus|Haban Berry|[eat]
|-enditem|p1a: Eternatus|Haban Berry|[weaken]
|-damage|p1a: Eternatus|55/100
|
|upkeep
|turn|33
|
|t:|1668982805
|switch|p2a: Groudon|Groudon|24/100
|-damage|p2a: Groudon|18/100|[from] Stealth Rock
|-weather|SunnyDay|[from] ability: Drought|[of] p2a: Groudon
|move|p1a: Eternatus|Dynamax Cannon|p2a: Groudon
|-damage|p2a: Groudon|0 fnt
|faint|p2a: Groudon
|
|-weather|SunnyDay|[upkeep]
|upkeep
|
|t:|1668982806
|switch|p2a: Calyrex|Calyrex-Shadow|88/100
|-ability|p2a: Calyrex|As One
|-ability|p2a: Calyrex|Unnerve
|-damage|p2a: Calyrex|76/100|[from] Stealth Rock
|turn|34
|
|t:|1668982829
|switch|p1a: Yveltal|Yveltal|58/100
|-ability|p1a: Yveltal|Dark Aura
|move|p2a: Calyrex|Astral Barrage|p1a: Yveltal
|-resisted|p1a: Yveltal
|-damage|p1a: Yveltal|22/100
|
|-weather|SunnyDay|[upkeep]
|upkeep
|turn|35
|
|t:|1668982833
|move|p2a: Calyrex|Astral Barrage|p1a: Yveltal
|-resisted|p1a: Yveltal
|-damage|p1a: Yveltal|0 fnt
|faint|p1a: Yveltal
|-ability|p2a: Calyrex|Grim Neigh|boost
|-boost|p2a: Calyrex|spa|1
|
|-weather|SunnyDay|[upkeep]
|upkeep
|
|t:|1668982834
|switch|p1a: Pheromosa|Pheromosa, shiny|76/100
|-damage|p1a: Pheromosa|63/100|[from] Stealth Rock
|turn|36
|
|t:|1668982863
|move|p1a: Pheromosa|Triple Axel|p2a: Calyrex
|-damage|p2a: Calyrex|63/100
|-damage|p2a: Calyrex|37/100
|-damage|p2a: Calyrex|0 fnt
|faint|p2a: Calyrex
|-ability|p1a: Pheromosa|Beast Boost|boost
|-boost|p1a: Pheromosa|spe|1
|-hitcount|p2: Calyrex|3
|
|-weather|SunnyDay|[upkeep]
|upkeep
|
|t:|1668982865
|switch|p2a: Necrozma|Necrozma-Dusk-Mane|48/100 par
|-damage|p2a: Necrozma|42/100 par|[from] Stealth Rock
|turn|37
|
|t:|1668982868
|switch|p1a: Zekrom|Zekrom, shiny|79/100
|-damage|p1a: Zekrom|67/100|[from] Stealth Rock
|-ability|p1a: Zekrom|Teravolt
|move|p2a: Necrozma|Morning Sun|p2a: Necrozma
|-heal|p2a: Necrozma|100/100 par
|
|-weather|none
|upkeep
|turn|38
|
|t:|1668982874
|move|p1a: Zekrom|Bolt Strike|p2a: Necrozma
|-damage|p2a: Necrozma|50/100 par
|move|p2a: Necrozma|Dragon Dance|p2a: Necrozma
|-boost|p2a: Necrozma|atk|1
|-boost|p2a: Necrozma|spe|1
|
|-heal|p2a: Necrozma|56/100 par|[from] item: Leftovers
|upkeep
|turn|39
|
|t:|1668982878
|switch|p1a: Pheromosa|Pheromosa, shiny|63/100
|-damage|p1a: Pheromosa|51/100|[from] Stealth Rock
|switch|p2a: Eternatus|Eternatus|72/100
|-ability|p2a: Eternatus|Pressure
|
|upkeep
|turn|40
|
|t:|1668982893
|switch|p2a: Necrozma|Necrozma-Dusk-Mane|56/100 par
|-damage|p2a: Necrozma|50/100 par|[from] Stealth Rock
|move|p1a: Pheromosa|Triple Axel|p2a: Necrozma
|-resisted|p2a: Necrozma
|-damage|p2a: Necrozma|46/100 par
|-hitcount|p2a: Necrozma|1
|
|-heal|p2a: Necrozma|52/100 par|[from] item: Leftovers
|upkeep
|turn|41
|
|t:|1668982897
|switch|p1a: Zekrom|Zekrom, shiny|67/100
|-damage|p1a: Zekrom|55/100|[from] Stealth Rock
|-ability|p1a: Zekrom|Teravolt
|move|p2a: Necrozma|Morning Sun|p2a: Necrozma
|-heal|p2a: Necrozma|100/100 par
|
|upkeep
|turn|42
|
|t:|1668982900
|move|p1a: Zekrom|Roost|p1a: Zekrom
|-heal|p1a: Zekrom|100/100
|-singleturn|p1a: Zekrom|move: Roost
|move|p2a: Necrozma|Dragon Dance|p2a: Necrozma
|-boost|p2a: Necrozma|atk|1
|-boost|p2a: Necrozma|spe|1
|
|upkeep
|turn|43
|
|t:|1668982904
|move|p1a: Zekrom|Bolt Strike|p2a: Necrozma|[miss]
|-miss|p1a: Zekrom|p2a: Necrozma
|move|p2a: Necrozma|Dragon Dance|p2a: Necrozma
|-boost|p2a: Necrozma|atk|1
|-boost|p2a: Necrozma|spe|1
|
|upkeep
|turn|44
|
|t:|1668982906
|switch|p1a: Eternatus|Eternatus|55/100
|-damage|p1a: Eternatus|43/100|[from] Stealth Rock
|-ability|p1a: Eternatus|Pressure
|cant|p2a: Necrozma|par
|
|upkeep
|turn|45
|
|t:|1668982907
|move|p1a: Eternatus|Recover|p1a: Eternatus
|-heal|p1a: Eternatus|93/100
|move|p2a: Necrozma|Dragon Dance|p2a: Necrozma
|-boost|p2a: Necrozma|atk|1
|-boost|p2a: Necrozma|spe|1
|
|upkeep
|turn|46
|
|t:|1668982908
|move|p1a: Eternatus|Mystical Fire|p2a: Necrozma
|-supereffective|p2a: Necrozma
|-damage|p2a: Necrozma|70/100 par
|-unboost|p2a: Necrozma|spa|1
|move|p2a: Necrozma|Dragon Dance|p2a: Necrozma
|-boost|p2a: Necrozma|atk|1
|-boost|p2a: Necrozma|spe|1
|
|-heal|p2a: Necrozma|76/100 par|[from] item: Leftovers
|upkeep
|turn|47
|
|t:|1668982911
|move|p1a: Eternatus|Mystical Fire|p2a: Necrozma
|-supereffective|p2a: Necrozma
|-damage|p2a: Necrozma|49/100 par
|-unboost|p2a: Necrozma|spa|1
|move|p2a: Necrozma|Dragon Dance|p2a: Necrozma
|-boost|p2a: Necrozma|atk|1
|-boost|p2a: Necrozma|spe|1
|
|-heal|p2a: Necrozma|55/100 par|[from] item: Leftovers
|upkeep
|turn|48
|
|t:|1668982925
|move|p1a: Eternatus|Mystical Fire|p2a: Necrozma
|-supereffective|p2a: Necrozma
|-damage|p2a: Necrozma|28/100 par
|-unboost|p2a: Necrozma|spa|1
|move|p2a: Necrozma|Morning Sun|p2a: Necrozma
|-heal|p2a: Necrozma|78/100 par
|
|-heal|p2a: Necrozma|84/100 par|[from] item: Leftovers
|upkeep
|turn|49
|
|t:|1668982930
|move|p1a: Eternatus|Mystical Fire|p2a: Necrozma
|-supereffective|p2a: Necrozma
|-crit|p2a: Necrozma
|-damage|p2a: Necrozma|43/100 par
|-unboost|p2a: Necrozma|spa|1
|move|p2a: Necrozma|Sunsteel Strike|p1a: Eternatus
|-damage|p1a: Eternatus|0 fnt
|faint|p1a: Eternatus
|
|-heal|p2a: Necrozma|49/100 par|[from] item: Leftovers
|upkeep
|
|t:|1668982931
|switch|p1a: Pheromosa|Pheromosa, shiny|51/100
|-damage|p1a: Pheromosa|39/100|[from] Stealth Rock
|turn|50
|
|t:|1668982958
|switch|p2a: Clefable|Clefable, M|59/100
|move|p1a: Pheromosa|Close Combat|p2a: Clefable
|-resisted|p2a: Clefable
|-damage|p2a: Clefable|23/100
|-unboost|p1a: Pheromosa|def|1
|-unboost|p1a: Pheromosa|spd|1
|
|upkeep
|turn|51
|
|t:|1668982964
|move|p1a: Pheromosa|Close Combat|p2a: Clefable
|-resisted|p2a: Clefable
|-damage|p2a: Clefable|0 fnt
|-unboost|p1a: Pheromosa|def|1
|-unboost|p1a: Pheromosa|spd|1
|faint|p2a: Clefable
|-ability|p1a: Pheromosa|Beast Boost|boost
|-boost|p1a: Pheromosa|spe|1
|
|upkeep
|
|t:|1668982966
|switch|p2a: Eternatus|Eternatus|72/100
|-ability|p2a: Eternatus|Pressure
|turn|52
|inactive|Fc ❤ has 270 seconds left.
|
|t:|1668982999
|switch|p1a: Zekrom|Zekrom, shiny|100/100
|-damage|p1a: Zekrom|88/100|[from] Stealth Rock
|-ability|p1a: Zekrom|Teravolt
|move|p2a: Eternatus|Dynamax Cannon|p1a: Zekrom
|-supereffective|p1a: Zekrom
|-damage|p1a: Zekrom|0 fnt
|faint|p1a: Zekrom
|
|upkeep
|
|t:|1668983000
|switch|p1a: Pheromosa|Pheromosa, shiny|39/100
|-damage|p1a: Pheromosa|26/100|[from] Stealth Rock
|turn|53
|
|t:|1668983001
|move|p1a: Pheromosa|Triple Axel|p2a: Eternatus
|-supereffective|p2a: Eternatus
|-damage|p2a: Eternatus|55/100
|-supereffective|p2a: Eternatus
|-damage|p2a: Eternatus|24/100
|-supereffective|p2a: Eternatus
|-damage|p2a: Eternatus|0 fnt
|faint|p2a: Eternatus
|-ability|p1a: Pheromosa|Beast Boost|boost
|-boost|p1a: Pheromosa|spe|1
|-hitcount|p2: Eternatus|3
|
|upkeep
|
|t:|1668983002
|switch|p2a: Necrozma|Necrozma-Dusk-Mane|49/100 par
|-damage|p2a: Necrozma|43/100 par|[from] Stealth Rock
|turn|54
|
|t:|1668983004
|move|p1a: Pheromosa|Triple Axel|p2a: Necrozma
|-resisted|p2a: Necrozma
|-damage|p2a: Necrozma|39/100 par
|-resisted|p2a: Necrozma
|-damage|p2a: Necrozma|32/100 par
|-resisted|p2a: Necrozma
|-damage|p2a: Necrozma|22/100 par
|-hitcount|p2a: Necrozma|3
|cant|p2a: Necrozma|par
|
|-heal|p2a: Necrozma|28/100 par|[from] item: Leftovers
|upkeep
|turn|55
|
|t:|1668983007
|move|p1a: Pheromosa|Triple Axel|p2a: Necrozma
|-resisted|p2a: Necrozma
|-damage|p2a: Necrozma|24/100 par
|-resisted|p2a: Necrozma
|-damage|p2a: Necrozma|16/100 par
|-resisted|p2a: Necrozma
|-damage|p2a: Necrozma|6/100 par
|-hitcount|p2a: Necrozma|3
|move|p2a: Necrozma|Sunsteel Strike|p1a: Pheromosa
|-damage|p1a: Pheromosa|0 fnt
|faint|p1a: Pheromosa
|
|win|RichardMillePlain
|c|☆RichardMillePlain|gg
|c|☆Fc ❤|tough
|c|☆Fc ❤|gg
|player|p2|RichardMillePlain|265
