|inactive|Battle timer is ON: inactive players will automatically lose when time's up.
|t:|1643543615
|gametype|singles
|player|p1|Ballfire|#ndpl2crying|
|player|p2|baconeatinassassin|iris-gen5bw2|
|teamsize|p1|6
|teamsize|p2|6
|gen|8
|tier|[Gen 8] Ubers
|rule|Sleep Clause Mod: Limit one foe put to sleep
|rule|Species Clause: Limit one of each Pokémon
|rule|OHKO Clause: OHKO moves are banned
|rule|Evasion Moves Clause: Evasion moves are banned
|rule|Endless Battle Clause: Forcing endless battles is banned
|rule|HP Percentage Mod: HP is shown in percentages
|rule|Dynamax Clause: You cannot dynamax
|clearpoke
|poke|p1|Yveltal|
|poke|p1|Necrozma-Dusk-Mane|
|poke|p1|Landorus-Therian, M|
|poke|p1|Kyogre|
|poke|p1|Eternatus|
|poke|p1|Dracovish|
|poke|p2|Slurpuff, M|
|poke|p2|Yveltal|
|poke|p2|Calyrex-Shadow|
|poke|p2|Weavile, F|
|poke|p2|Xerneas-*|
|poke|p2|Necrozma-Dusk-Mane|
|teampreview
|inactive|Ballfire also wants the timer to be on.
|c|☆baconeatinassassin|hf
|c|☆Ballfire|hf
|inactive|Ballfire has 270 seconds left.
|inactive|baconeatinassassin has 270 seconds left.
|inactive|Ballfire has 240 seconds left.
|inactive|baconeatinassassin has 240 seconds left.
|inactive|Ballfire has 210 seconds left.
|inactive|baconeatinassassin has 210 seconds left.
|
|t:|1643543719
|start
|switch|p1a: Landorus|Landorus-Therian, M|100/100
|switch|p2a: Slurpuff|Slurpuff, M|100/100
|-ability|p1a: Landorus|Intimidate|boost
|-unboost|p2a: Slurpuff|atk|1
|turn|1
|
|t:|1643543722
|move|p2a: Slurpuff|Sticky Web|p1a: Landorus
|-sidestart|p1: Ballfire|move: Sticky Web
|move|p1a: Landorus|Stealth Rock|p2a: Slurpuff
|-sidestart|p2: baconeatinassassin|move: Stealth Rock
|
|upkeep
|turn|2
|
|t:|1643543734
|move|p2a: Slurpuff|Misty Explosion|p1a: Landorus
|-damage|p1a: Landorus|60/100
|faint|p2a: Slurpuff
|move|p1a: Landorus|Earthquake|p2: Slurpuff|[notarget]
|-fail|p1a: Landorus
|
|-heal|p1a: Landorus|66/100|[from] item: Leftovers
|upkeep
|inactive|baconeatinassassin has 270 seconds left.
|inactive|baconeatinassassin has 240 seconds left.
|inactive|baconeatinassassin has 210 seconds left.
|
|t:|1643543817
|switch|p2a: Yveltal|Yveltal|100/100
|-damage|p2a: Yveltal|76/100|[from] Stealth Rock
|-ability|p2a: Yveltal|Dark Aura
|turn|3
|inactive|Ballfire has 270 seconds left.
|
|t:|1643543852
|switch|p1a: Eternatus|Eternatus|100/100
|-activate|p1a: Eternatus|move: Sticky Web
|-unboost|p1a: Eternatus|spe|1
|-enditem|p1a: Eternatus|Eject Pack
|-ability|p1a: Eternatus|Pressure
|c|☆Ballfire|huh
|c|☆baconeatinassassin|lol
|inactive|Ballfire has 240 seconds left.
|
|t:|1643543885
|switch|p1a: Yveltal|Yveltal|100/100
|-ability|p1a: Yveltal|Dark Aura
|move|p2a: Yveltal|Oblivion Wing|p1a: Yveltal
|-damage|p1a: Yveltal|70/100
|-heal|p2a: Yveltal|100/100|[from] drain|[of] p1a: Yveltal
|-damage|p2a: Yveltal|91/100|[from] item: Life Orb
|
|upkeep
|turn|4
|inactive|Ballfire has 240 seconds left.
|
|t:|1643543903
|switch|p1a: Eternatus|Eternatus|100/100
|-activate|p1a: Eternatus|move: Sticky Web
|-unboost|p1a: Eternatus|spe|1
|-ability|p1a: Eternatus|Pressure
|move|p2a: Yveltal|Oblivion Wing|p1a: Eternatus
|-damage|p1a: Eternatus|65/100
|-heal|p2a: Yveltal|100/100|[from] drain|[of] p1a: Eternatus
|-damage|p2a: Yveltal|91/100|[from] item: Life Orb
|
|upkeep
|turn|5
|
|t:|1643543922
|move|p2a: Yveltal|Taunt|p1a: Eternatus
|-start|p1a: Eternatus|move: Taunt
|cant|p1a: Eternatus|move: Taunt|Recover
|
|upkeep
|turn|6
|
|t:|1643543931
|move|p2a: Yveltal|Oblivion Wing|p1a: Eternatus
|-damage|p1a: Eternatus|31/100
|-heal|p2a: Yveltal|100/100|[from] drain|[of] p1a: Eternatus
|-damage|p2a: Yveltal|91/100|[from] item: Life Orb
|move|p1a: Eternatus|Draco Meteor|p2a: Yveltal
|-damage|p2a: Yveltal|33/100
|-unboost|p1a: Eternatus|spa|2
|
|upkeep
|turn|7
|
|t:|1643543938
|move|p2a: Yveltal|Oblivion Wing|p1a: Eternatus
|-damage|p1a: Eternatus|0 fnt
|-heal|p2a: Yveltal|62/100|[from] drain|[of] p1a: Eternatus
|faint|p1a: Eternatus
|-damage|p2a: Yveltal|52/100|[from] item: Life Orb
|
|upkeep
|inactive|Ballfire has 240 seconds left.
|
|t:|1643543964
|switch|p1a: Kyogre|Kyogre|100/100
|-activate|p1a: Kyogre|move: Sticky Web
|-unboost|p1a: Kyogre|spe|1
|-weather|RainDance|[from] ability: Drizzle|[of] p1a: Kyogre
|turn|8
|
|t:|1643543969
|move|p2a: Yveltal|Knock Off|p1a: Kyogre
|-damage|p1a: Kyogre|28/100
|-enditem|p1a: Kyogre|Choice Specs|[from] move: Knock Off|[of] p2a: Yveltal
|-damage|p2a: Yveltal|42/100|[from] item: Life Orb
|move|p1a: Kyogre|Origin Pulse|p2a: Yveltal
|-damage|p2a: Yveltal|0 fnt
|faint|p2a: Yveltal
|
|-weather|RainDance|[upkeep]
|upkeep
|inactive|baconeatinassassin has 240 seconds left.
|inactive|baconeatinassassin has 210 seconds left.
|inactive|baconeatinassassin has 180 seconds left.
|inactive|baconeatinassassin has 150 seconds left.
|inactive|baconeatinassassin has 120 seconds left.
|
|t:|1643544125
|switch|p2a: Xerneas|Xerneas|100/100
|-damage|p2a: Xerneas|88/100|[from] Stealth Rock
|-ability|p2a: Xerneas|Fairy Aura
|turn|9
|inactive|Ballfire has 240 seconds left.
|inactive|baconeatinassassin has 90 seconds left.
|inactive|Ballfire has 210 seconds left.
|inactive|Ballfire has 180 seconds left.
|inactive|Ballfire has 150 seconds left.
|
|t:|1643544227
|switch|p1a: Necrozma|Necrozma-Dusk-Mane|100/100
|-activate|p1a: Necrozma|move: Sticky Web
|-unboost|p1a: Necrozma|spe|1
|move|p2a: Xerneas|Geomancy||[still]
|-prepare|p2a: Xerneas|Geomancy
|-enditem|p2a: Xerneas|Power Herb
|-anim|p2a: Xerneas|Geomancy|p2a: Xerneas
|-boost|p2a: Xerneas|spa|2
|-boost|p2a: Xerneas|spd|2
|-boost|p2a: Xerneas|spe|2
|
|-weather|RainDance|[upkeep]
|upkeep
|turn|10
|
|t:|1643544236
|move|p2a: Xerneas|Thunder|p1a: Necrozma
|-damage|p1a: Necrozma|42/100
|move|p1a: Necrozma|Sunsteel Strike|p2a: Xerneas
|-supereffective|p2a: Xerneas
|-damage|p2a: Xerneas|10/100
|
|-weather|RainDance|[upkeep]
|upkeep
|turn|11
|c|+Lasen|bacon who are top 3 SS AG players rn
|c|+Cam|bacon, eatin and assassin
|inactive|Ballfire has 150 seconds left.
|c|+Lasen|fair.
|
|t:|1643544263
|move|p2a: Xerneas|Thunder|p1a: Necrozma
|-damage|p1a: Necrozma|0 fnt
|faint|p1a: Necrozma
|
|-weather|RainDance|[upkeep]
|upkeep
|c|☆baconeatinassassin|not fardin
|
|t:|1643544283
|switch|p1a: Landorus|Landorus-Therian, M|66/100
|-ability|p1a: Landorus|Intimidate|boost
|-unboost|p2a: Xerneas|atk|1
|turn|12
|
|t:|1643544287
|move|p2a: Xerneas|Moonblast|p1a: Landorus
|-damage|p1a: Landorus|0 fnt
|faint|p1a: Landorus
|
|-weather|none
|upkeep
|
|t:|1643544289
|switch|p1a: Kyogre|Kyogre|28/100
|-activate|p1a: Kyogre|move: Sticky Web
|-unboost|p1a: Kyogre|spe|1
|-weather|RainDance|[from] ability: Drizzle|[of] p1a: Kyogre
|turn|13
|
|t:|1643544291
|move|p2a: Xerneas|Moonblast|p1a: Kyogre
|-damage|p1a: Kyogre|0 fnt
|faint|p1a: Kyogre
|
|-weather|RainDance|[upkeep]
|upkeep
|
|t:|1643544292
|switch|p1a: Yveltal|Yveltal|70/100
|-ability|p1a: Yveltal|Dark Aura
|turn|14
|
|t:|1643544294
|move|p2a: Xerneas|Moonblast|p1a: Yveltal
|-supereffective|p1a: Yveltal
|-damage|p1a: Yveltal|0 fnt
|faint|p1a: Yveltal
|
|-weather|RainDance|[upkeep]
|upkeep
|
|t:|1643544295
|switch|p1a: Dracovish|Dracovish|100/100
|-activate|p1a: Dracovish|move: Sticky Web
|-unboost|p1a: Dracovish|spe|1
|turn|15
|c|☆baconeatinassassin|g_g
|c|☆Ballfire|gg
|
|t:|1643544299
|move|p2a: Xerneas|Moonblast|p1a: Dracovish
|-supereffective|p1a: Dracovish
|-damage|p1a: Dracovish|0 fnt
|faint|p1a: Dracovish
|
|win|baconeatinassassin
