|inactive|Battle timer is ON: inactive players will automatically lose when time's up.
|t:|1667070159
|gametype|singles
|player|p1|G00GLE ME|265|
|player|p2|ox04|red-gen7|
|teamsize|p1|6
|teamsize|p2|6
|gen|8
|tier|[Gen 8] Ubers
|rule|Sleep Clause Mod: Limit one foe put to sleep
|rule|Species Clause: Limit one of each Pokémon
|rule|OHKO Clause: OHKO moves are banned
|rule|Evasion Items Clause: Evasion items are banned
|rule|Evasion Moves Clause: Evasion moves are banned
|rule|Endless Battle Clause: Forcing endless battles is banned
|rule|HP Percentage Mod: HP is shown in percentages
|rule|Dynamax Clause: You cannot dynamax
|clearpoke
|poke|p1|Hatterene, F|
|poke|p1|Dracovish|
|poke|p1|Kyogre|
|poke|p1|Porygon2|
|poke|p1|Magearna|
|poke|p1|Calyrex-Ice|
|poke|p2|Marshadow|
|poke|p2|Yveltal|
|poke|p2|Urshifu-*, M|
|poke|p2|Lunala|
|poke|p2|Necrozma-Dusk-Mane|
|poke|p2|Eternatus|
|teampreview
|c|☆G00GLE ME|Hf bro
|c|☆ox04|u2
|inactive|G00GLE ME has 270 seconds left.
|inactive|ox04 has 270 seconds left.
|inactive|ox04 has 240 seconds left.
|
|t:|1667070229
|start
|switch|p1a: Hatterene|Hatterene, F|100/100
|switch|p2a: Urshifu|Urshifu, M|100/100
|turn|1
|
|t:|1667070240
|move|p2a: Urshifu|U-turn|p1a: Hatterene
|-damage|p1a: Hatterene|59/100
|
|t:|1667070243
|switch|p2a: Lunala|Lunala|100/100|[from]move: U-turn
|move|p1a: Hatterene|Trick Room|p1a: Hatterene
|-fieldstart|move: Trick Room|[of] p1a: Hatterene
|
|upkeep
|turn|2
|inactive|G00GLE ME has 270 seconds left.
|inactive|G00GLE ME has 240 seconds left.
|
|t:|1667070317
|move|p1a: Hatterene|Healing Wish|p1a: Hatterene
|faint|p1a: Hatterene
|move|p2a: Lunala|Roost||[still]
|-fail|p2a: Lunala|heal
|
|upkeep
|
|t:|1667070319
|switch|p1a: Kyogre|Kyogre|100/100
|-weather|RainDance|[from] ability: Drizzle|[of] p1a: Kyogre
|turn|3
|inactive|G00GLE ME has 240 seconds left.
|inactive|G00GLE ME has 210 seconds left.
|
|t:|1667070373
|move|p1a: Kyogre|Water Spout|p2a: Lunala
|-damage|p2a: Lunala|27/100
|move|p2a: Lunala|Moongeist Beam|p1a: Kyogre
|-damage|p1a: Kyogre|63/100
|
|-weather|RainDance|[upkeep]
|upkeep
|turn|4
|inactive|ox04 has 270 seconds left.
|inactive|ox04 has 240 seconds left.
|inactive|ox04 has 210 seconds left.
|inactive|ox04 has 180 seconds left.
|inactive|ox04 has 150 seconds left.
|
|t:|1667070514
|switch|p2a: Eternatus|Eternatus|100/100
|-ability|p2a: Eternatus|Pressure
|move|p1a: Kyogre|Water Spout|p2a: Eternatus
|-resisted|p2a: Eternatus
|-damage|p2a: Eternatus|53/100
|
|-weather|RainDance|[upkeep]
|upkeep
|turn|5
|inactive|G00GLE ME has 180 seconds left.
|inactive|ox04 has 150 seconds left.
|inactive|G00GLE ME has 150 seconds left.
|inactive|G00GLE ME has 120 seconds left.
|
|t:|1667070607
|move|p1a: Kyogre|Water Spout|p2a: Eternatus
|-resisted|p2a: Eternatus
|-damage|p2a: Eternatus|6/100
|move|p2a: Eternatus|Recover|p2a: Eternatus
|-heal|p2a: Eternatus|56/100
|
|-weather|RainDance|[upkeep]
|-fieldend|move: Trick Room
|upkeep
|turn|6
|inactive|ox04 has 120 seconds left.
|inactive|G00GLE ME has 90 seconds left.
|
|t:|1667070649
|switch|p1a: Calyrex|Calyrex-Ice|100/100
|-ability|p1a: Calyrex|As One
|-ability|p1a: Calyrex|Unnerve
|move|p2a: Eternatus|Flamethrower|p1a: Calyrex
|-supereffective|p1a: Calyrex
|-damage|p1a: Calyrex|81/100
|
|-weather|RainDance|[upkeep]
|upkeep
|turn|7
|inactive|ox04 has 120 seconds left.
|
|t:|1667070655
|move|p2a: Eternatus|Sludge Bomb|p1a: Calyrex
|-damage|p1a: Calyrex|51/100
|-status|p1a: Calyrex|psn
|move|p1a: Calyrex|Trick Room|p1a: Calyrex
|-fieldstart|move: Trick Room|[of] p1a: Calyrex
|
|-weather|none
|-damage|p1a: Calyrex|38/100 psn|[from] psn
|upkeep
|turn|8
|inactive|ox04 has 120 seconds left.
|
|t:|1667070669
|switch|p2a: Lunala|Lunala|27/100
|move|p1a: Calyrex|Glacial Lance|p2a: Lunala
|-damage|p2a: Lunala|0 fnt
|faint|p2a: Lunala
|-ability|p1a: Calyrex|Chilling Neigh|boost
|-boost|p1a: Calyrex|atk|1
|
|-damage|p1a: Calyrex|26/100 psn|[from] psn
|upkeep
|inactive|ox04 has 120 seconds left.
|
|t:|1667070676
|switch|p2a: Marshadow|Marshadow|100/100
|turn|9
|
|t:|1667070684
|move|p2a: Marshadow|Shadow Sneak|p1a: Calyrex
|-supereffective|p1a: Calyrex
|-damage|p1a: Calyrex|0 fnt
|faint|p1a: Calyrex
|-damage|p2a: Marshadow|91/100|[from] item: Life Orb
|
|upkeep
|
|t:|1667070693
|switch|p1a: Dracovish|Dracovish|100/100
|turn|10
|inactive|ox04 has 120 seconds left.
|inactive|ox04 has 90 seconds left.
|inactive|ox04 has 60 seconds left.
|
|t:|1667070800
|switch|p2a: Necrozma|Necrozma-Dusk-Mane|100/100
|move|p1a: Dracovish|Fishious Rend|p2a: Necrozma
|-damage|p2a: Necrozma|0 fnt
|faint|p2a: Necrozma
|
|upkeep
|
|t:|1667070802
|switch|p2a: Yveltal|Yveltal, shiny|100/100
|-ability|p2a: Yveltal|Dark Aura
|turn|11
|inactive|G00GLE ME has 120 seconds left.
|
|t:|1667070824
|move|p2a: Yveltal|Sucker Punch|p1a: Dracovish
|-damage|p1a: Dracovish|58/100
|-damage|p2a: Yveltal|91/100|[from] item: Life Orb
|move|p1a: Dracovish|Fishious Rend|p2a: Yveltal
|-damage|p2a: Yveltal|12/100
|
|-fieldend|move: Trick Room
|upkeep
|turn|12
|inactive|G00GLE ME has 120 seconds left.
|
|t:|1667070836
|switch|p1a: Magearna|Magearna|100/100
|move|p2a: Yveltal|Oblivion Wing|p1a: Magearna
|-resisted|p1a: Magearna
|-damage|p1a: Magearna|82/100
|-heal|p2a: Yveltal|24/100|[from] drain|[of] p1a: Magearna
|-damage|p2a: Yveltal|14/100|[from] item: Life Orb
|
|upkeep
|turn|13
|inactive|G00GLE ME has 120 seconds left.
|
|t:|1667070843
|move|p2a: Yveltal|Taunt|p1a: Magearna
|-start|p1a: Magearna|move: Taunt
|-enditem|p1a: Magearna|Mental Herb
|-end|p1a: Magearna|move: Taunt
|move|p1a: Magearna|Trick Room|p1a: Magearna
|-fieldstart|move: Trick Room|[of] p1a: Magearna
|
|upkeep
|turn|14
|inactive|G00GLE ME has 120 seconds left.
|inactive|ox04 has 60 seconds left.
|c|+pop smoke|gg
|inactive|ox04 has 30 seconds left.
|inactive|G00GLE ME has 90 seconds left.
|inactive|G00GLE ME has 60 seconds left.
|
|t:|1667070965
|switch|p2a: Marshadow|Marshadow|91/100
|move|p1a: Magearna|Fleur Cannon|p2a: Marshadow
|-supereffective|p2a: Marshadow
|-damage|p2a: Marshadow|0 fnt
|-unboost|p1a: Magearna|spa|2
|faint|p2a: Marshadow
|-ability|p1a: Magearna|Soul-Heart|boost
|-boost|p1a: Magearna|spa|1
|
|upkeep
|inactive|ox04 has 30 seconds left this turn.
|
|t:|1667070970
|switch|p2a: Eternatus|Eternatus|56/100
|-ability|p2a: Eternatus|Pressure
|turn|15
|
|t:|1667070981
|move|p1a: Magearna|Fleur Cannon|p2a: Eternatus
|-damage|p2a: Eternatus|30/100
|-unboost|p1a: Magearna|spa|2
|move|p2a: Eternatus|Dynamax Cannon|p1a: Magearna
|-immune|p1a: Magearna
|
|upkeep
|turn|16
|inactive|ox04 has 30 seconds left.
|
|t:|1667071012
|move|p1a: Magearna|Encore||[still]
|-fail|p1a: Magearna
|move|p2a: Eternatus|Flamethrower|p1a: Magearna
|-supereffective|p1a: Magearna
|-damage|p1a: Magearna|45/100
|-status|p1a: Magearna|brn
|
|-damage|p1a: Magearna|39/100 brn|[from] brn
|upkeep
|turn|17
|inactive|ox04 has 30 seconds left.
|inactive|G00GLE ME has 30 seconds left.
|c|☆ox04|I didn't know that 
|inactive|G00GLE ME has 20 seconds left.
|
|t:|1667071044
|move|p1a: Magearna|Misty Explosion|p2a: Eternatus
|-damage|p2a: Eternatus|18/100
|faint|p1a: Magearna
|move|p2a: Eternatus|Dynamax Cannon|p1: Magearna|[notarget]
|-fail|p2a: Eternatus
|
|-fieldend|move: Trick Room
|upkeep
|inactive|G00GLE ME has 25 seconds left this turn.
|
|t:|1667071046
|switch|p1a: Porygon2|Porygon2|100/100
|turn|18
|
|t:|1667071049
|move|p2a: Eternatus|Recover|p2a: Eternatus
|-heal|p2a: Eternatus|68/100
|move|p1a: Porygon2|Trick Room|p1a: Porygon2
|-fieldstart|move: Trick Room|[of] p1a: Porygon2
|
|upkeep
|turn|19
|
|t:|1667071057
|move|p2a: Eternatus|Recover|p2a: Eternatus
|-heal|p2a: Eternatus|100/100
|move|p1a: Porygon2|Teleport|p1a: Porygon2
|inactive|G00GLE ME has 30 seconds left.
|inactive|G00GLE ME has 20 seconds left.
|inactive|G00GLE ME has 15 seconds left.
|inactive|G00GLE ME has 10 seconds left.
|
|t:|1667071095
|switch|p1a: Kyogre|Kyogre|63/100|[from]move: Teleport
|-heal|p1a: Kyogre|100/100|[from] move: Healing Wish
|-weather|RainDance|[from] ability: Drizzle|[of] p1a: Kyogre
|
|-weather|RainDance|[upkeep]
|upkeep
|turn|20
|inactive|G00GLE ME has 20 seconds left this turn.
|inactive|ox04 has 60 seconds left.
|inactive|G00GLE ME has 15 seconds left.
|inactive|ox04 has 30 seconds left.
|
|t:|1667071140
|move|p1a: Kyogre|Ice Beam|p2a: Eternatus
|-supereffective|p2a: Eternatus
|-damage|p2a: Eternatus|27/100
|move|p2a: Eternatus|Recover|p2a: Eternatus
|-heal|p2a: Eternatus|77/100
|
|-weather|RainDance|[upkeep]
|upkeep
|turn|21
|inactive|G00GLE ME has 25 seconds left this turn.
|inactive|G00GLE ME has 20 seconds left.
|inactive|ox04 has 30 seconds left.
|
|t:|1667071145
|move|p1a: Kyogre|Ice Beam|p2a: Eternatus
|-supereffective|p2a: Eternatus
|-damage|p2a: Eternatus|2/100
|move|p2a: Eternatus|Recover|p2a: Eternatus
|-heal|p2a: Eternatus|52/100
|
|-weather|RainDance|[upkeep]
|upkeep
|turn|22
|inactive|G00GLE ME has 30 seconds left this turn.
|
|t:|1667071151
|switch|p2a: Urshifu|Urshifu, M|100/100
|move|p1a: Kyogre|Ice Beam|p2a: Urshifu
|-damage|p2a: Urshifu|20/100
|
|-weather|RainDance|[upkeep]
|-fieldend|move: Trick Room
|upkeep
|turn|23
|inactive|G00GLE ME has 30 seconds left.
|
|t:|1667071162
|move|p2a: Urshifu|Low Kick|p1a: Kyogre
|-damage|p1a: Kyogre|15/100
|move|p1a: Kyogre|Ice Beam|p2a: Urshifu
|-damage|p2a: Urshifu|0 fnt
|faint|p2a: Urshifu
|
|-weather|none
|upkeep
|inactive|G00GLE ME has 30 seconds left this turn.
|
|t:|1667071167
|switch|p2a: Yveltal|Yveltal, shiny|14/100
|-ability|p2a: Yveltal|Dark Aura
|turn|24
|inactive|G00GLE ME has 30 seconds left.
|
|t:|1667071181
|move|p2a: Yveltal|Oblivion Wing|p1a: Kyogre
|-damage|p1a: Kyogre|0 fnt
|-heal|p2a: Yveltal|26/100|[from] drain|[of] p1a: Kyogre
|faint|p1a: Kyogre
|-damage|p2a: Yveltal|16/100|[from] item: Life Orb
|
|upkeep
|c|☆ox04|you better not fucking have ice beam
|
|t:|1667071183
|switch|p1a: Porygon2|Porygon2|100/100
|turn|25
|
|t:|1667071202
|move|p2a: Yveltal|Oblivion Wing|p1a: Porygon2
|-damage|p1a: Porygon2|65/100
|-heal|p2a: Yveltal|41/100|[from] drain|[of] p1a: Porygon2
|-damage|p2a: Yveltal|32/100|[from] item: Life Orb
|move|p1a: Porygon2|Foul Play|p2a: Yveltal
|-resisted|p2a: Yveltal
|-damage|p2a: Yveltal|11/100
|
|upkeep
|turn|26
|
|t:|1667071205
|move|p2a: Yveltal|Taunt|p1a: Porygon2
|-start|p1a: Porygon2|move: Taunt
|cant|p1a: Porygon2|move: Taunt|Trick Room
|
|upkeep
|turn|27
|
|t:|1667071210
|move|p2a: Yveltal|Oblivion Wing|p1a: Porygon2
|-damage|p1a: Porygon2|29/100
|-heal|p2a: Yveltal|37/100|[from] drain|[of] p1a: Porygon2
|-damage|p2a: Yveltal|27/100|[from] item: Life Orb
|move|p1a: Porygon2|Foul Play|p2a: Yveltal
|-resisted|p2a: Yveltal
|-damage|p2a: Yveltal|8/100
|
|upkeep
|turn|28
|
|t:|1667071212
|move|p2a: Yveltal|Oblivion Wing|p1a: Porygon2
|-damage|p1a: Porygon2|0 fnt
|-heal|p2a: Yveltal|28/100|[from] drain|[of] p1a: Porygon2
|faint|p1a: Porygon2
|-damage|p2a: Yveltal|19/100|[from] item: Life Orb
|
|upkeep
|
|t:|1667071214
|switch|p1a: Dracovish|Dracovish|58/100
|turn|29
|
|t:|1667071217
|move|p2a: Yveltal|Oblivion Wing|p1a: Dracovish
|-damage|p1a: Dracovish|0 fnt
|-heal|p2a: Yveltal|60/100|[from] drain|[of] p1a: Dracovish
|faint|p1a: Dracovish
|-damage|p2a: Yveltal|50/100|[from] item: Life Orb
|
|win|ox04
|c|☆ox04|gg
|c|☆G00GLE ME|Gg
