|inactive|Battle timer is ON: inactive players will automatically lose when time's up.
|t:|1646003254
|gametype|singles
|player|p1|TrueNora|kahili|
|player|p2|Ballfire|#ndpl2crying|
|teamsize|p1|6
|teamsize|p2|6
|gen|8
|tier|[Gen 8] Ubers
|rule|Sleep Clause Mod: Limit one foe put to sleep
|rule|Species Clause: Limit one of each Pokémon
|rule|OHKO Clause: OHKO moves are banned
|rule|Evasion Moves Clause: Evasion moves are banned
|rule|Endless Battle Clause: Forcing endless battles is banned
|rule|HP Percentage Mod: HP is shown in percentages
|rule|Dynamax Clause: You cannot dynamax
|clearpoke
|poke|p1|Eternatus|
|poke|p1|Yveltal|
|poke|p1|Marshadow|
|poke|p1|Kyurem|
|poke|p1|Rotom-Wash|
|poke|p1|Necrozma-Dusk-Mane|
|poke|p2|Xatu, M|
|poke|p2|Yveltal|
|poke|p2|Dialga|
|poke|p2|Toxapex, F|
|poke|p2|Audino, M|
|poke|p2|Shedinja|
|teampreview
|inactive|Ballfire also wants the timer to be on.
|c|☆Ballfire|hf
|c|☆TrueNora|hf
|inactive|TrueNora has 270 seconds left.
|c|☆TrueNora|does sub kyurem
|c|☆TrueNora|beat pex
|c|☆TrueNora|oh wait
|c|☆TrueNora|shed
|
|t:|1646003304
|start
|switch|p1a: Marshadow|Marshadow|100/100
|switch|p2a: Toxapex|Toxapex, F|100/100
|turn|1
|
|t:|1646003310
|switch|p1a: Yveltal|Yveltal|100/100
|-ability|p1a: Yveltal|Dark Aura
|move|p2a: Toxapex|Scald|p1a: Yveltal
|-damage|p1a: Yveltal|89/100
|-status|p1a: Yveltal|brn
|
|-damage|p1a: Yveltal|82/100 brn|[from] brn
|upkeep
|turn|2
|
|t:|1646003330
|switch|p2a: Yveltal|Yveltal|100/100
|-ability|p2a: Yveltal|Dark Aura
|move|p1a: Yveltal|Knock Off|p2a: Yveltal
|-resisted|p2a: Yveltal
|-damage|p2a: Yveltal|91/100
|-enditem|p2a: Yveltal|Leftovers|[from] move: Knock Off|[of] p1a: Yveltal
|
|-damage|p1a: Yveltal|76/100 brn|[from] brn
|upkeep
|turn|3
|
|t:|1646003340
|move|p2a: Yveltal|Foul Play|p1a: Yveltal
|-resisted|p1a: Yveltal
|-damage|p1a: Yveltal|57/100 brn
|move|p1a: Yveltal|U-turn|p2a: Yveltal
|-damage|p2a: Yveltal|83/100
|
|t:|1646003347
|switch|p1a: Rotom|Rotom-Wash|100/100|[from]move: U-turn
|
|upkeep
|turn|4
|
|t:|1646003356
|move|p2a: Yveltal|Toxic|p1a: Rotom
|-status|p1a: Rotom|tox
|move|p1a: Rotom|Volt Switch|p2a: Yveltal
|-supereffective|p2a: Yveltal
|-damage|p2a: Yveltal|42/100
|
|t:|1646003361
|switch|p1a: Marshadow|Marshadow|100/100|[from]move: Volt Switch
|
|upkeep
|turn|5
|
|t:|1646003372
|switch|p2a: Toxapex|Toxapex, F|100/100
|move|p1a: Marshadow|Spectral Thief|p2a: Toxapex
|-damage|p2a: Toxapex|60/100
|-damage|p1a: Marshadow|84/100|[from] item: Rocky Helmet|[of] p2a: Toxapex
|
|upkeep
|turn|6
|
|t:|1646003380
|switch|p1a: Kyurem|Kyurem|100/100
|-ability|p1a: Kyurem|Pressure
|move|p2a: Toxapex|Recover|p2a: Toxapex
|-heal|p2a: Toxapex|100/100
|
|upkeep
|turn|7
|
|t:|1646003390
|switch|p1a: Eternatus|Eternatus|100/100
|-ability|p1a: Eternatus|Pressure
|move|p2a: Toxapex|Toxic Spikes|p1a: Eternatus
|-sidestart|p1: TrueNora|move: Toxic Spikes
|
|upkeep
|turn|8
|
|t:|1646003396
|move|p1a: Eternatus|Flamethrower|p2a: Toxapex
|-resisted|p2a: Toxapex
|-damage|p2a: Toxapex|89/100
|move|p2a: Toxapex|Scald|p1a: Eternatus
|-resisted|p1a: Eternatus
|-damage|p1a: Eternatus|95/100
|
|-heal|p1a: Eternatus|100/100|[from] item: Black Sludge
|upkeep
|turn|9
|
|t:|1646003402
|move|p1a: Eternatus|Flamethrower|p2a: Toxapex
|-resisted|p2a: Toxapex
|-damage|p2a: Toxapex|76/100
|move|p2a: Toxapex|Scald|p1a: Eternatus
|-resisted|p1a: Eternatus
|-damage|p1a: Eternatus|95/100
|
|-heal|p1a: Eternatus|100/100|[from] item: Black Sludge
|upkeep
|turn|10
|
|t:|1646003406
|move|p1a: Eternatus|Flamethrower|p2a: Toxapex
|-resisted|p2a: Toxapex
|-damage|p2a: Toxapex|65/100
|move|p2a: Toxapex|Scald|p1a: Eternatus
|-resisted|p1a: Eternatus
|-damage|p1a: Eternatus|95/100
|
|-heal|p1a: Eternatus|100/100|[from] item: Black Sludge
|upkeep
|turn|11
|
|t:|1646003420
|switch|p2a: Audino|Audino, M|100/100
|move|p1a: Eternatus|Flamethrower|p2a: Audino
|-damage|p2a: Audino|76/100
|
|-heal|p2a: Audino|82/100|[from] item: Leftovers
|upkeep
|turn|12
|
|t:|1646003427
|switch|p1a: Necrozma|Necrozma-Dusk-Mane|100/100
|move|p2a: Audino|Knock Off|p1a: Necrozma
|-supereffective|p1a: Necrozma
|-damage|p1a: Necrozma|86/100
|-enditem|p1a: Necrozma|Leftovers|[from] move: Knock Off|[of] p2a: Audino
|
|-heal|p2a: Audino|88/100|[from] item: Leftovers
|upkeep
|turn|13
|
|t:|1646003439
|switch|p1a: Eternatus|Eternatus|100/100
|-sideend|p1: TrueNora|move: Toxic Spikes|[of] p1a: Eternatus
|-ability|p1a: Eternatus|Pressure
|switch|p2a: Xatu|Xatu, M|100/100
|
|upkeep
|turn|14
|
|t:|1646003449
|move|p1a: Eternatus|Flamethrower|p2a: Xatu
|-damage|p2a: Xatu|62/100
|move|p2a: Xatu|Thunder Wave|p1a: Eternatus
|-status|p1a: Eternatus|par
|
|-heal|p2a: Xatu|68/100|[from] item: Leftovers
|upkeep
|turn|15
|
|t:|1646003467
|switch|p2a: Dialga|Dialga|100/100
|-ability|p2a: Dialga|Pressure
|cant|p1a: Eternatus|par
|
|upkeep
|turn|16
|
|t:|1646003471
|switch|p1a: Necrozma|Necrozma-Dusk-Mane|86/100
|move|p2a: Dialga|Stealth Rock|p1a: Necrozma
|-sidestart|p1: TrueNora|move: Stealth Rock
|
|upkeep
|turn|17
|
|t:|1646003475
|switch|p2a: Xatu|Xatu, M|68/100
|move|p1a: Necrozma|Sunsteel Strike|p2a: Xatu
|-damage|p2a: Xatu|20/100
|
|-heal|p2a: Xatu|26/100|[from] item: Leftovers
|upkeep
|turn|18
|
|t:|1646003479
|move|p2a: Xatu|Roost|p2a: Xatu
|-heal|p2a: Xatu|76/100
|-singleturn|p2a: Xatu|move: Roost
|move|p1a: Necrozma|Sunsteel Strike|p2a: Xatu
|-damage|p2a: Xatu|27/100
|
|-heal|p2a: Xatu|33/100|[from] item: Leftovers
|upkeep
|turn|19
|
|t:|1646003482
|move|p2a: Xatu|Roost|p2a: Xatu
|-heal|p2a: Xatu|83/100
|-singleturn|p2a: Xatu|move: Roost
|move|p1a: Necrozma|Sunsteel Strike|p2a: Xatu
|-damage|p2a: Xatu|39/100
|
|-heal|p2a: Xatu|45/100|[from] item: Leftovers
|upkeep
|turn|20
|
|t:|1646003486
|switch|p1a: Marshadow|Marshadow|84/100
|-damage|p1a: Marshadow|78/100|[from] Stealth Rock
|move|p2a: Xatu|Roost|p2a: Xatu
|-heal|p2a: Xatu|95/100
|-singleturn|p2a: Xatu|move: Roost
|
|-heal|p2a: Xatu|100/100|[from] item: Leftovers
|upkeep
|turn|21
|
|t:|1646003491
|switch|p1a: Rotom|Rotom-Wash|100/100 tox
|-damage|p1a: Rotom|88/100 tox|[from] Stealth Rock
|switch|p2a: Toxapex|Toxapex, F|98/100
|
|-heal|p1a: Rotom|94/100 tox|[from] item: Leftovers
|-damage|p1a: Rotom|88/100 tox|[from] psn
|upkeep
|turn|22
|
|t:|1646003504
|switch|p2a: Audino|Audino, M|100/100
|move|p1a: Rotom|Defog|p2a: Audino
|-unboost|p2a: Audino|evasion|1
|-sideend|p1: TrueNora|Stealth Rock|[from] move: Defog|[of] p1a: Rotom
|
|-heal|p1a: Rotom|94/100 tox|[from] item: Leftovers
|-damage|p1a: Rotom|82/100 tox|[from] psn
|upkeep
|turn|23
|
|t:|1646003511
|switch|p1a: Necrozma|Necrozma-Dusk-Mane|86/100
|move|p2a: Audino|Knock Off|p1a: Necrozma
|-supereffective|p1a: Necrozma
|-damage|p1a: Necrozma|76/100
|
|upkeep
|turn|24
|
|t:|1646003518
|switch|p1a: Yveltal|Yveltal|57/100 brn
|-ability|p1a: Yveltal|Dark Aura
|switch|p2a: Xatu|Xatu, M|100/100
|
|-damage|p1a: Yveltal|50/100 brn|[from] brn
|upkeep
|turn|25
|
|t:|1646003524
|switch|p2a: Yveltal|Yveltal|42/100
|-ability|p2a: Yveltal|Dark Aura
|move|p1a: Yveltal|U-turn|p2a: Yveltal
|-damage|p2a: Yveltal|35/100
|
|t:|1646003532
|switch|p1a: Kyurem|Kyurem|100/100|[from]move: U-turn
|-ability|p1a: Kyurem|Pressure
|
|upkeep
|turn|26
|
|t:|1646003540
|move|p2a: Yveltal|Roost|p2a: Yveltal
|-heal|p2a: Yveltal|85/100
|-singleturn|p2a: Yveltal|move: Roost
|move|p1a: Kyurem|Icicle Spear|p2a: Yveltal
|-damage|p2a: Yveltal|76/100
|-damage|p2a: Yveltal|68/100
|-damage|p2a: Yveltal|59/100
|-hitcount|p2a: Yveltal|3
|
|upkeep
|turn|27
|
|t:|1646003549
|switch|p1a: Yveltal|Yveltal|50/100 brn
|-ability|p1a: Yveltal|Dark Aura
|move|p2a: Yveltal|Roost|p2a: Yveltal
|-heal|p2a: Yveltal|100/100
|-singleturn|p2a: Yveltal|move: Roost
|
|-damage|p1a: Yveltal|44/100 brn|[from] brn
|upkeep
|turn|28
|
|t:|1646003552
|move|p2a: Yveltal|Taunt|p1a: Yveltal
|-start|p1a: Yveltal|move: Taunt
|move|p1a: Yveltal|U-turn|p2a: Yveltal
|-damage|p2a: Yveltal|93/100
|
|t:|1646003559
|switch|p1a: Rotom|Rotom-Wash|82/100 tox|[from]move: U-turn
|
|-heal|p1a: Rotom|88/100 tox|[from] item: Leftovers
|-damage|p1a: Rotom|82/100 tox|[from] psn
|upkeep
|turn|29
|
|t:|1646003567
|switch|p2a: Audino|Audino, M|100/100
|move|p1a: Rotom|Will-O-Wisp|p2a: Audino
|-status|p2a: Audino|brn
|
|-heal|p1a: Rotom|88/100 tox|[from] item: Leftovers
|-damage|p1a: Rotom|75/100 tox|[from] psn
|-damage|p2a: Audino|94/100 brn|[from] brn
|upkeep
|turn|30
|
|t:|1646003572
|move|p1a: Rotom|Volt Switch|p2a: Audino
|-damage|p2a: Audino|72/100 brn
|
|t:|1646003575
|switch|p1a: Yveltal|Yveltal|44/100 brn|[from]move: Volt Switch
|-ability|p1a: Yveltal|Dark Aura
|move|p2a: Audino|Knock Off|p1a: Yveltal
|-resisted|p1a: Yveltal
|-damage|p1a: Yveltal|40/100 brn
|-enditem|p1a: Yveltal|Heavy-Duty Boots|[from] move: Knock Off|[of] p2a: Audino
|
|-heal|p2a: Audino|78/100 brn|[from] item: Leftovers
|-damage|p1a: Yveltal|34/100 brn|[from] brn
|-damage|p2a: Audino|72/100 brn|[from] brn
|upkeep
|turn|31
|
|t:|1646003582
|switch|p2a: Yveltal|Yveltal|93/100
|-ability|p2a: Yveltal|Dark Aura
|move|p1a: Yveltal|Roost|p1a: Yveltal
|-heal|p1a: Yveltal|84/100 brn
|-singleturn|p1a: Yveltal|move: Roost
|
|-damage|p1a: Yveltal|78/100 brn|[from] brn
|upkeep
|turn|32
|
|t:|1646003586
|move|p2a: Yveltal|Foul Play|p1a: Yveltal
|-resisted|p1a: Yveltal
|-damage|p1a: Yveltal|56/100 brn
|move|p1a: Yveltal|U-turn|p2a: Yveltal
|-damage|p2a: Yveltal|86/100
|
|t:|1646003588
|switch|p1a: Rotom|Rotom-Wash|75/100 tox|[from]move: U-turn
|
|-heal|p1a: Rotom|82/100 tox|[from] item: Leftovers
|-damage|p1a: Rotom|75/100 tox|[from] psn
|upkeep
|turn|33
|
|t:|1646003592
|switch|p2a: Audino|Audino, M|100/100 brn
|move|p1a: Rotom|Volt Switch|p2a: Audino
|-damage|p2a: Audino|75/100 brn
|
|t:|1646003595
|switch|p1a: Kyurem|Kyurem|100/100|[from]move: Volt Switch
|-ability|p1a: Kyurem|Pressure
|
|-heal|p2a: Audino|81/100 brn|[from] item: Leftovers
|-damage|p2a: Audino|75/100 brn|[from] brn
|upkeep
|turn|34
|
|t:|1646003611
|switch|p2a: Toxapex|Toxapex, F|100/100
|move|p1a: Kyurem|Substitute|p1a: Kyurem
|-start|p1a: Kyurem|Substitute
|-damage|p1a: Kyurem|76/100
|
|-heal|p1a: Kyurem|82/100|[from] item: Leftovers
|upkeep
|turn|35
|
|t:|1646003622
|switch|p2a: Shedinja|Shedinja|100/100
|move|p1a: Kyurem|Dragon Dance|p1a: Kyurem
|-boost|p1a: Kyurem|atk|1
|-boost|p1a: Kyurem|spe|1
|
|-heal|p1a: Kyurem|88/100|[from] item: Leftovers
|upkeep
|turn|36
|
|t:|1646003625
|switch|p2a: Toxapex|Toxapex, F|100/100
|move|p1a: Kyurem|Dragon Dance|p1a: Kyurem
|-boost|p1a: Kyurem|atk|1
|-boost|p1a: Kyurem|spe|1
|
|-heal|p1a: Kyurem|94/100|[from] item: Leftovers
|upkeep
|turn|37
|
|t:|1646003627
|move|p1a: Kyurem|Dragon Dance|p1a: Kyurem
|-boost|p1a: Kyurem|atk|1
|-boost|p1a: Kyurem|spe|1
|move|p2a: Toxapex|Haze|p2a: Toxapex
|-clearallboost
|
|-heal|p1a: Kyurem|99/100|[from] item: Leftovers
|upkeep
|turn|38
|
|t:|1646003639
|switch|p2a: Shedinja|Shedinja|100/100
|move|p1a: Kyurem|Icicle Spear|p2a: Shedinja
|-immune|p2a: Shedinja|[from] ability: Wonder Guard
|
|-heal|p1a: Kyurem|100/100|[from] item: Leftovers
|upkeep
|turn|39
|
|t:|1646003649
|switch|p1a: Necrozma|Necrozma-Dusk-Mane|76/100
|switch|p2a: Toxapex|Toxapex, F|100/100
|
|upkeep
|turn|40
|
|t:|1646003653
|switch|p2a: Xatu|Xatu, M|100/100
|move|p1a: Necrozma|Earthquake|p2a: Xatu
|-immune|p2a: Xatu
|
|upkeep
|turn|41
|
|t:|1646003662
|switch|p1a: Eternatus|Eternatus|100/100 par
|-ability|p1a: Eternatus|Pressure
|move|p2a: Xatu|Substitute|p2a: Xatu
|-start|p2a: Xatu|Substitute
|-damage|p2a: Xatu|76/100
|
|-heal|p2a: Xatu|82/100|[from] item: Leftovers
|upkeep
|turn|42
|
|t:|1646003668
|move|p2a: Xatu|Night Shade|p1a: Eternatus
|-damage|p1a: Eternatus|80/100 par
|move|p1a: Eternatus|Flamethrower|p2a: Xatu
|-end|p2a: Xatu|Substitute
|
|-heal|p2a: Xatu|88/100|[from] item: Leftovers
|-heal|p1a: Eternatus|86/100 par|[from] item: Black Sludge
|upkeep
|turn|43
|
|t:|1646003675
|switch|p2a: Dialga|Dialga|100/100
|-ability|p2a: Dialga|Pressure
|move|p1a: Eternatus|Flamethrower|p2a: Dialga
|-damage|p2a: Dialga|83/100
|
|-heal|p2a: Dialga|90/100|[from] item: Leftovers
|-heal|p1a: Eternatus|92/100 par|[from] item: Black Sludge
|upkeep
|turn|44
|
|t:|1646003683
|move|p2a: Dialga|Stealth Rock|p1a: Eternatus
|-sidestart|p1: TrueNora|move: Stealth Rock
|move|p1a: Eternatus|Draco Meteor|p2a: Dialga
|-damage|p2a: Dialga|54/100
|-unboost|p1a: Eternatus|spa|2
|
|-heal|p2a: Dialga|61/100|[from] item: Leftovers
|-heal|p1a: Eternatus|98/100 par|[from] item: Black Sludge
|upkeep
|turn|45
|
|t:|1646003692
|switch|p1a: Necrozma|Necrozma-Dusk-Mane|76/100
|-damage|p1a: Necrozma|70/100|[from] Stealth Rock
|move|p2a: Dialga|Dragon Pulse|p1a: Necrozma
|-resisted|p1a: Necrozma
|-damage|p1a: Necrozma|57/100
|
|-heal|p2a: Dialga|67/100|[from] item: Leftovers
|upkeep
|turn|46
|
|t:|1646003697
|switch|p2a: Xatu|Xatu, M|88/100
|switch|p1a: Rotom|Rotom-Wash|75/100 tox
|-damage|p1a: Rotom|63/100 tox|[from] Stealth Rock
|
|-heal|p2a: Xatu|94/100|[from] item: Leftovers
|-heal|p1a: Rotom|69/100 tox|[from] item: Leftovers
|-damage|p1a: Rotom|63/100 tox|[from] psn
|upkeep
|turn|47
|
|t:|1646003703
|switch|p2a: Dialga|Dialga|67/100
|-ability|p2a: Dialga|Pressure
|move|p1a: Rotom|Defog|p2a: Dialga
|-unboost|p2a: Dialga|evasion|1
|-sideend|p1: TrueNora|Stealth Rock|[from] move: Defog|[of] p1a: Rotom
|
|-heal|p2a: Dialga|73/100|[from] item: Leftovers
|-heal|p1a: Rotom|69/100 tox|[from] item: Leftovers
|-damage|p1a: Rotom|57/100 tox|[from] psn
|upkeep
|turn|48
|
|t:|1646003706
|move|p2a: Dialga|Stealth Rock|p1a: Rotom
|-sidestart|p1: TrueNora|move: Stealth Rock
|move|p1a: Rotom|Will-O-Wisp|p2a: Dialga
|-status|p2a: Dialga|brn
|
|-heal|p2a: Dialga|79/100 brn|[from] item: Leftovers
|-heal|p1a: Rotom|63/100 tox|[from] item: Leftovers
|-damage|p1a: Rotom|44/100 tox|[from] psn
|-damage|p2a: Dialga|73/100 brn|[from] brn
|upkeep
|turn|49
|
|t:|1646003711
|switch|p1a: Necrozma|Necrozma-Dusk-Mane|57/100
|-damage|p1a: Necrozma|51/100|[from] Stealth Rock
|move|p2a: Dialga|Dragon Pulse|p1a: Necrozma
|-resisted|p1a: Necrozma
|-damage|p1a: Necrozma|37/100
|
|-heal|p2a: Dialga|79/100 brn|[from] item: Leftovers
|-damage|p2a: Dialga|73/100 brn|[from] brn
|upkeep
|turn|50
|
|t:|1646003717
|switch|p2a: Xatu|Xatu, M|94/100
|move|p1a: Necrozma|Stealth Rock|p2a: Xatu
|move|p2a: Xatu|Stealth Rock||[from]ability: Magic Bounce|[still]
|-fail|p2a: Xatu
|
|-heal|p2a: Xatu|99/100|[from] item: Leftovers
|upkeep
|turn|51
|
|t:|1646003722
|move|p2a: Xatu|Night Shade|p1a: Necrozma
|-damage|p1a: Necrozma|12/100
|move|p1a: Necrozma|Morning Sun|p1a: Necrozma
|-heal|p1a: Necrozma|62/100
|
|-heal|p2a: Xatu|100/100|[from] item: Leftovers
|upkeep
|turn|52
|
|t:|1646003727
|switch|p1a: Kyurem|Kyurem|100/100
|-damage|p1a: Kyurem|76/100|[from] Stealth Rock
|-ability|p1a: Kyurem|Pressure
|move|p2a: Xatu|Night Shade|p1a: Kyurem
|-damage|p1a: Kyurem|51/100
|
|-heal|p1a: Kyurem|57/100|[from] item: Leftovers
|upkeep
|turn|53
|
|t:|1646003739
|switch|p2a: Audino|Audino, M|100/100 brn
|move|p1a: Kyurem|Substitute|p1a: Kyurem
|-start|p1a: Kyurem|Substitute
|-damage|p1a: Kyurem|32/100
|
|-heal|p1a: Kyurem|38/100|[from] item: Leftovers
|-damage|p2a: Audino|94/100 brn|[from] brn
|upkeep
|turn|54
|
|t:|1646003742
|switch|p2a: Toxapex|Toxapex, F|100/100
|move|p1a: Kyurem|Roost|p1a: Kyurem
|-heal|p1a: Kyurem|88/100
|-singleturn|p1a: Kyurem|move: Roost
|
|-heal|p1a: Kyurem|95/100|[from] item: Leftovers
|upkeep
|turn|55
|
|t:|1646003747
|switch|p1a: Rotom|Rotom-Wash|44/100 tox
|-damage|p1a: Rotom|32/100 tox|[from] Stealth Rock
|switch|p2a: Shedinja|Shedinja|100/100
|
|-heal|p1a: Rotom|38/100 tox|[from] item: Leftovers
|-damage|p1a: Rotom|32/100 tox|[from] psn
|upkeep
|turn|56
|
|t:|1646003756
|move|p2a: Shedinja|Protect|p2a: Shedinja
|-singleturn|p2a: Shedinja|Protect
|move|p1a: Rotom|Pain Split|p2a: Shedinja
|-activate|p2a: Shedinja|move: Protect
|
|-heal|p1a: Rotom|38/100 tox|[from] item: Leftovers
|-damage|p1a: Rotom|25/100 tox|[from] psn
|upkeep
|turn|57
|
|t:|1646003783
|switch|p2a: Yveltal|Yveltal|86/100
|-ability|p2a: Yveltal|Dark Aura
|move|p1a: Rotom|Pain Split|p2a: Yveltal
|-sethp|p2a: Yveltal|53/100|[from] move: Pain Split|[silent]
|-sethp|p1a: Rotom|68/100 tox|[from] move: Pain Split
|
|-heal|p1a: Rotom|75/100 tox|[from] item: Leftovers
|-damage|p1a: Rotom|56/100 tox|[from] psn
|upkeep
|turn|58
|
|t:|1646003790
|move|p2a: Yveltal|Foul Play|p1a: Rotom
|-damage|p1a: Rotom|38/100 tox
|move|p1a: Rotom|Will-O-Wisp|p2a: Yveltal|[miss]
|-miss|p1a: Rotom|p2a: Yveltal
|
|-heal|p1a: Rotom|44/100 tox|[from] item: Leftovers
|-damage|p1a: Rotom|19/100 tox|[from] psn
|upkeep
|turn|59
|
|t:|1646003800
|switch|p1a: Eternatus|Eternatus|98/100 par
|-damage|p1a: Eternatus|86/100 par|[from] Stealth Rock
|-ability|p1a: Eternatus|Pressure
|move|p2a: Yveltal|Foul Play|p1a: Eternatus
|-damage|p1a: Eternatus|65/100 par
|
|-heal|p1a: Eternatus|71/100 par|[from] item: Black Sludge
|upkeep
|turn|60
|
|t:|1646003807
|move|p2a: Yveltal|Roost|p2a: Yveltal
|-heal|p2a: Yveltal|100/100
|-singleturn|p2a: Yveltal|move: Roost
|move|p1a: Eternatus|Toxic|p2a: Yveltal
|-status|p2a: Yveltal|tox
|
|-heal|p1a: Eternatus|77/100 par|[from] item: Black Sludge
|-damage|p2a: Yveltal|94/100 tox|[from] psn
|upkeep
|turn|61
|
|t:|1646003811
|switch|p2a: Audino|Audino, M|100/100 brn
|move|p1a: Eternatus|Flamethrower|p2a: Audino
|-damage|p2a: Audino|71/100 brn
|
|-heal|p1a: Eternatus|84/100 par|[from] item: Black Sludge
|-heal|p2a: Audino|77/100 brn|[from] item: Leftovers
|-damage|p2a: Audino|71/100 brn|[from] brn
|upkeep
|turn|62
|
|t:|1646003817
|switch|p1a: Kyurem|Kyurem|95/100
|-damage|p1a: Kyurem|70/100|[from] Stealth Rock
|-ability|p1a: Kyurem|Pressure
|move|p2a: Audino|Heal Bell|p2a: Audino
|-activate|p2a: Audino|move: Heal Bell
|-curestatus|p2a: Audino|brn|[msg]
|-curestatus|p2: Yveltal|tox|[msg]
|-curestatus|p2: Dialga|brn|[msg]
|
|-heal|p1a: Kyurem|76/100|[from] item: Leftovers
|-heal|p2a: Audino|77/100|[from] item: Leftovers
|upkeep
|turn|63
|
|t:|1646003831
|switch|p1a: Eternatus|Eternatus|84/100 par
|-damage|p1a: Eternatus|71/100 par|[from] Stealth Rock
|-ability|p1a: Eternatus|Pressure
|switch|p2a: Toxapex|Toxapex, F|100/100
|
|-heal|p1a: Eternatus|77/100 par|[from] item: Black Sludge
|upkeep
|turn|64
|
|t:|1646003845
|switch|p1a: Yveltal|Yveltal|56/100 brn
|-damage|p1a: Yveltal|31/100 brn|[from] Stealth Rock
|-ability|p1a: Yveltal|Dark Aura
|switch|p2a: Dialga|Dialga|73/100
|-ability|p2a: Dialga|Pressure
|
|-heal|p2a: Dialga|79/100|[from] item: Leftovers
|-damage|p1a: Yveltal|25/100 brn|[from] brn
|upkeep
|turn|65
|
|t:|1646003853
|move|p1a: Yveltal|Roost|p1a: Yveltal
|-heal|p1a: Yveltal|75/100 brn
|-singleturn|p1a: Yveltal|move: Roost
|move|p2a: Dialga|Thunder|p1a: Yveltal
|-damage|p1a: Yveltal|49/100 brn
|
|-heal|p2a: Dialga|85/100|[from] item: Leftovers
|-damage|p1a: Yveltal|43/100 brn|[from] brn
|upkeep
|turn|66
|
|t:|1646003871
|switch|p2a: Yveltal|Yveltal|94/100
|-ability|p2a: Yveltal|Dark Aura
|move|p1a: Yveltal|Roost|p1a: Yveltal
|-heal|p1a: Yveltal|93/100 brn
|-singleturn|p1a: Yveltal|move: Roost
|
|-damage|p1a: Yveltal|87/100 brn|[from] brn
|upkeep
|turn|67
|
|t:|1646003878
|move|p2a: Yveltal|Taunt|p1a: Yveltal
|-start|p1a: Yveltal|move: Taunt
|cant|p1a: Yveltal|move: Taunt|Defog
|
|-damage|p1a: Yveltal|81/100 brn|[from] brn
|upkeep
|turn|68
|
|t:|1646003884
|move|p1a: Yveltal|U-turn|p2a: Yveltal
|-crit|p2a: Yveltal
|-damage|p2a: Yveltal|83/100
|
|t:|1646003889
|switch|p1a: Eternatus|Eternatus|77/100 par|[from]move: U-turn
|-damage|p1a: Eternatus|65/100 par|[from] Stealth Rock
|-ability|p1a: Eternatus|Pressure
|move|p2a: Yveltal|Foul Play|p1a: Eternatus
|-damage|p1a: Eternatus|44/100 par
|
|-heal|p1a: Eternatus|50/100 par|[from] item: Black Sludge
|upkeep
|turn|69
|
|t:|1646003903
|switch|p2a: Dialga|Dialga|85/100
|-ability|p2a: Dialga|Pressure
|move|p1a: Eternatus|Recover|p1a: Eternatus
|-heal|p1a: Eternatus|100/100 par
|
|-heal|p2a: Dialga|92/100|[from] item: Leftovers
|upkeep
|turn|70
|
|t:|1646003921
|switch|p2a: Audino|Audino, M|100/100
|switch|p1a: Necrozma|Necrozma-Dusk-Mane|62/100
|-damage|p1a: Necrozma|56/100|[from] Stealth Rock
|
|upkeep
|turn|71
|
|t:|1646003929
|switch|p1a: Yveltal|Yveltal|81/100 brn
|-damage|p1a: Yveltal|56/100 brn|[from] Stealth Rock
|-ability|p1a: Yveltal|Dark Aura
|switch|p2a: Xatu|Xatu, M|100/100
|
|-damage|p1a: Yveltal|50/100 brn|[from] brn
|upkeep
|turn|72
|
|t:|1646003937
|switch|p2a: Yveltal|Yveltal|83/100
|-ability|p2a: Yveltal|Dark Aura
|move|p1a: Yveltal|Defog|p2a: Yveltal
|-unboost|p2a: Yveltal|evasion|1
|-sideend|p1: TrueNora|Stealth Rock|[from] move: Defog|[of] p1a: Yveltal
|
|-damage|p1a: Yveltal|44/100 brn|[from] brn
|upkeep
|turn|73
|
|t:|1646003943
|move|p2a: Yveltal|Taunt|p1a: Yveltal
|-start|p1a: Yveltal|move: Taunt
|move|p1a: Yveltal|U-turn|p2a: Yveltal
|-damage|p2a: Yveltal|75/100
|
|t:|1646003945
|switch|p1a: Marshadow|Marshadow|78/100|[from]move: U-turn
|
|upkeep
|turn|74
|
|t:|1646003954
|switch|p1a: Rotom|Rotom-Wash|19/100 tox
|switch|p2a: Toxapex|Toxapex, F|100/100
|
|-heal|p1a: Rotom|25/100 tox|[from] item: Leftovers
|-damage|p1a: Rotom|19/100 tox|[from] psn
|upkeep
|turn|75
|
|t:|1646003961
|switch|p2a: Shedinja|Shedinja|100/100
|move|p1a: Rotom|Pain Split|p2a: Shedinja
|-sethp|p2a: Shedinja|100/100|[from] move: Pain Split|[silent]
|-sethp|p1a: Rotom|10/100 tox|[from] move: Pain Split
|
|-heal|p1a: Rotom|16/100 tox|[from] item: Leftovers
|-damage|p1a: Rotom|3/100 tox|[from] psn
|upkeep
|turn|76
|
|t:|1646003972
|switch|p1a: Necrozma|Necrozma-Dusk-Mane|56/100
|move|p2a: Shedinja|Shadow Sneak|p1a: Necrozma
|-supereffective|p1a: Necrozma
|-damage|p1a: Necrozma|40/100
|
|upkeep
|turn|77
|
|t:|1646003983
|switch|p1a: Kyurem|Kyurem|76/100
|-ability|p1a: Kyurem|Pressure
|switch|p2a: Xatu|Xatu, M|100/100
|
|-heal|p1a: Kyurem|82/100|[from] item: Leftovers
|upkeep
|turn|78
|
|t:|1646003996
|switch|p1a: Yveltal|Yveltal|44/100 brn
|-ability|p1a: Yveltal|Dark Aura
|switch|p2a: Dialga|Dialga|92/100
|-ability|p2a: Dialga|Pressure
|
|-heal|p2a: Dialga|98/100|[from] item: Leftovers
|-damage|p1a: Yveltal|37/100 brn|[from] brn
|upkeep
|turn|79
|
|t:|1646004001
|move|p1a: Yveltal|Knock Off|p2a: Dialga
|-damage|p2a: Dialga|78/100
|-enditem|p2a: Dialga|Leftovers|[from] move: Knock Off|[of] p1a: Yveltal
|move|p2a: Dialga|Stealth Rock|p1a: Yveltal
|-sidestart|p1: TrueNora|move: Stealth Rock
|
|-damage|p1a: Yveltal|31/100 brn|[from] brn
|upkeep
|turn|80
|
|t:|1646004005
|move|p1a: Yveltal|Roost|p1a: Yveltal
|-heal|p1a: Yveltal|81/100 brn
|-singleturn|p1a: Yveltal|move: Roost
|move|p2a: Dialga|Thunder|p1a: Yveltal
|-damage|p1a: Yveltal|55/100 brn
|
|-damage|p1a: Yveltal|49/100 brn|[from] brn
|upkeep
|turn|81
|
|t:|1646004009
|move|p1a: Yveltal|Roost|p1a: Yveltal
|-heal|p1a: Yveltal|99/100 brn
|-singleturn|p1a: Yveltal|move: Roost
|move|p2a: Dialga|Dragon Pulse|p1a: Yveltal
|-damage|p1a: Yveltal|67/100 brn
|
|-damage|p1a: Yveltal|60/100 brn|[from] brn
|upkeep
|turn|82
|
|t:|1646004014
|move|p1a: Yveltal|Defog|p2a: Dialga
|-unboost|p2a: Dialga|evasion|1
|-sideend|p1: TrueNora|Stealth Rock|[from] move: Defog|[of] p1a: Yveltal
|move|p2a: Dialga|Thunder|p1a: Yveltal|[miss]
|-miss|p2a: Dialga|p1a: Yveltal
|
|-damage|p1a: Yveltal|54/100 brn|[from] brn
|upkeep
|turn|83
|
|t:|1646004019
|switch|p1a: Marshadow|Marshadow|78/100
|move|p2a: Dialga|Stealth Rock|p1a: Marshadow
|-sidestart|p1: TrueNora|move: Stealth Rock
|
|upkeep
|turn|84
|
|t:|1646004023
|switch|p1a: Yveltal|Yveltal|54/100 brn
|-damage|p1a: Yveltal|30/100 brn|[from] Stealth Rock
|-ability|p1a: Yveltal|Dark Aura
|switch|p2a: Toxapex|Toxapex, F|100/100
|
|-damage|p1a: Yveltal|23/100 brn|[from] brn
|upkeep
|turn|85
|
|t:|1646004027
|switch|p2a: Dialga|Dialga|78/100
|-ability|p2a: Dialga|Pressure
|move|p1a: Yveltal|Defog|p2a: Dialga
|-unboost|p2a: Dialga|evasion|1
|-sideend|p1: TrueNora|Stealth Rock|[from] move: Defog|[of] p1a: Yveltal
|
|-damage|p1a: Yveltal|17/100 brn|[from] brn
|upkeep
|turn|86
|
|t:|1646004029
|move|p1a: Yveltal|Roost|p1a: Yveltal
|-heal|p1a: Yveltal|67/100 brn
|-singleturn|p1a: Yveltal|move: Roost
|move|p2a: Dialga|Stealth Rock|p1a: Yveltal
|-sidestart|p1: TrueNora|move: Stealth Rock
|
|-damage|p1a: Yveltal|61/100 brn|[from] brn
|upkeep
|turn|87
|
|t:|1646004034
|move|p1a: Yveltal|Defog|p2a: Dialga
|-unboost|p2a: Dialga|evasion|1
|-sideend|p1: TrueNora|Stealth Rock|[from] move: Defog|[of] p1a: Yveltal
|move|p2a: Dialga|Thunder|p1a: Yveltal|[miss]
|-miss|p2a: Dialga|p1a: Yveltal
|
|-damage|p1a: Yveltal|55/100 brn|[from] brn
|upkeep
|turn|88
|
|t:|1646004037
|move|p1a: Yveltal|U-turn|p2a: Dialga
|-resisted|p2a: Dialga
|-damage|p2a: Dialga|75/100
|
|t:|1646004042
|switch|p1a: Marshadow|Marshadow|78/100|[from]move: U-turn
|move|p2a: Dialga|Stealth Rock|p1a: Marshadow
|-sidestart|p1: TrueNora|move: Stealth Rock
|
|upkeep
|turn|89
|
|t:|1646004052
|switch|p1a: Yveltal|Yveltal|55/100 brn
|-damage|p1a: Yveltal|30/100 brn|[from] Stealth Rock
|-ability|p1a: Yveltal|Dark Aura
|switch|p2a: Toxapex|Toxapex, F|100/100
|
|-damage|p1a: Yveltal|24/100 brn|[from] brn
|upkeep
|turn|90
|
|t:|1646004057
|switch|p2a: Dialga|Dialga|75/100
|-ability|p2a: Dialga|Pressure
|move|p1a: Yveltal|Defog|p2a: Dialga
|-unboost|p2a: Dialga|evasion|1
|-sideend|p1: TrueNora|Stealth Rock|[from] move: Defog|[of] p1a: Yveltal
|
|-damage|p1a: Yveltal|18/100 brn|[from] brn
|upkeep
|turn|91
|
|t:|1646004060
|move|p1a: Yveltal|Roost|p1a: Yveltal
|-heal|p1a: Yveltal|68/100 brn
|-singleturn|p1a: Yveltal|move: Roost
|move|p2a: Dialga|Stealth Rock|p1a: Yveltal
|-sidestart|p1: TrueNora|move: Stealth Rock
|
|-damage|p1a: Yveltal|62/100 brn|[from] brn
|upkeep
|turn|92
|inactive|Ballfire has 270 seconds left.
|
|t:|1646004091
|move|p1a: Yveltal|Defog|p2a: Dialga
|-unboost|p2a: Dialga|evasion|1
|-sideend|p1: TrueNora|Stealth Rock|[from] move: Defog|[of] p1a: Yveltal
|move|p2a: Dialga|Thunder|p1a: Yveltal
|-supereffective|p1a: Yveltal
|-damage|p1a: Yveltal|4/100 brn
|
|-damage|p1a: Yveltal|0 fnt|[from] brn
|faint|p1a: Yveltal
|upkeep
|
|t:|1646004096
|switch|p1a: Rotom|Rotom-Wash|3/100 tox
|turn|93
|
|t:|1646004101
|move|p2a: Dialga|Dragon Pulse|p1a: Rotom
|-damage|p1a: Rotom|0 fnt
|faint|p1a: Rotom
|
|upkeep
|
|t:|1646004106
|switch|p1a: Marshadow|Marshadow|78/100
|turn|94
|
|t:|1646004117
|switch|p2a: Toxapex|Toxapex, F|100/100
|move|p1a: Marshadow|Low Kick|p2a: Toxapex
|-resisted|p2a: Toxapex
|-damage|p2a: Toxapex|86/100
|-damage|p1a: Marshadow|61/100|[from] item: Rocky Helmet|[of] p2a: Toxapex
|
|upkeep
|turn|95
|
|t:|1646004126
|switch|p1a: Necrozma|Necrozma-Dusk-Mane|40/100
|move|p2a: Toxapex|Scald|p1a: Necrozma
|-damage|p1a: Necrozma|29/100
|-status|p1a: Necrozma|brn
|
|-damage|p1a: Necrozma|23/100 brn|[from] brn
|upkeep
|turn|96
|
|t:|1646004133
|switch|p1a: Kyurem|Kyurem|82/100
|-ability|p1a: Kyurem|Pressure
|switch|p2a: Xatu|Xatu, M|100/100
|
|-heal|p1a: Kyurem|88/100|[from] item: Leftovers
|upkeep
|turn|97
|
|t:|1646004137
|switch|p2a: Shedinja|Shedinja|100/100
|move|p1a: Kyurem|Substitute|p1a: Kyurem
|-start|p1a: Kyurem|Substitute
|-damage|p1a: Kyurem|63/100
|
|-heal|p1a: Kyurem|69/100|[from] item: Leftovers
|upkeep
|turn|98
|
|t:|1646004144
|switch|p2a: Toxapex|Toxapex, F|100/100
|move|p1a: Kyurem|Icicle Spear|p2a: Toxapex
|-resisted|p2a: Toxapex
|-crit|p2a: Toxapex
|-damage|p2a: Toxapex|95/100
|-resisted|p2a: Toxapex
|-damage|p2a: Toxapex|92/100
|-resisted|p2a: Toxapex
|-damage|p2a: Toxapex|89/100
|-resisted|p2a: Toxapex
|-damage|p2a: Toxapex|85/100
|-hitcount|p2a: Toxapex|4
|
|-heal|p1a: Kyurem|76/100|[from] item: Leftovers
|upkeep
|turn|99
|
|t:|1646004166
|switch|p2a: Shedinja|Shedinja|100/100
|move|p1a: Kyurem|Dragon Dance|p1a: Kyurem
|-boost|p1a: Kyurem|atk|1
|-boost|p1a: Kyurem|spe|1
|
|-heal|p1a: Kyurem|82/100|[from] item: Leftovers
|upkeep
|turn|100
|c|☆TrueNora|gg
|c|☆Ballfire|gg
|-message|TrueNora forfeited.
|
|win|Ballfire
