|inactive|Battle timer is ON: inactive players will automatically lose when time's up.
|t:|1667163186
|gametype|singles
|player|p1|Exiline|#scl2islanders|
|player|p2|Fogbound Lake|#scl2terrors|
|teamsize|p1|6
|teamsize|p2|6
|gen|8
|tier|[Gen 8] Ubers
|rule|Sleep Clause Mod: Limit one foe put to sleep
|rule|Species Clause: Limit one of each Pokémon
|rule|OHKO Clause: OHKO moves are banned
|rule|Evasion Items Clause: Evasion items are banned
|rule|Evasion Moves Clause: Evasion moves are banned
|rule|Endless Battle Clause: Forcing endless battles is banned
|rule|HP Percentage Mod: HP is shown in percentages
|rule|Dynamax Clause: You cannot dynamax
|clearpoke
|poke|p1|Pheromosa|
|poke|p1|Kyogre|
|poke|p1|Landorus-Therian, M|
|poke|p1|Necrozma-Dusk-Mane|
|poke|p1|Eternatus|
|poke|p1|Yveltal|
|poke|p2|Slurpuff, F|
|poke|p2|Garchomp, M|
|poke|p2|Yveltal|
|poke|p2|Calyrex-Shadow|
|poke|p2|Rayquaza|
|poke|p2|Necrozma-Dusk-Mane|
|teampreview
|c|☆Exiline|h_f
|c|☆Fogbound Lake|u2
|c|☆Fogbound Lake|noo getting mosad
|inactive|Exiline has 270 seconds left.
|inactive|Fogbound Lake has 270 seconds left.
|inactive|Exiline has 240 seconds left.
|inactive|Fogbound Lake has 240 seconds left.
|raw|<div class="broadcast-red"><strong>Moderated chat was set to ☆!</strong><br />Only users of rank ☆ and higher can talk.</div>
|inactive|Exiline has 210 seconds left.
|inactive|Fogbound Lake has 210 seconds left.
|inactive|Fogbound Lake has 180 seconds left.
|inactive|Exiline has 180 seconds left.
|inactive|Fogbound Lake has 150 seconds left.
|inactive|Exiline has 150 seconds left.
|inactive|Exiline has 120 seconds left.
|
|t:|1667163378
|start
|switch|p1a: :bilel:|Pheromosa|100/100
|switch|p2a: Kibou no Uta|Slurpuff, F|100/100
|turn|1
|inactive|Exiline has 180 seconds left.
|
|t:|1667163386
|switch|p2a: Identity|Necrozma-Dusk-Mane|100/100
|move|p1a: :bilel:|U-turn|p2a: Identity
|-damage|p2a: Identity|56/100
|inactive|Exiline has 180 seconds left.
|
|t:|1667163396
|switch|p1a: Yveltal|Yveltal|100/100|[from]move: U-turn
|-ability|p1a: Yveltal|Dark Aura
|
|upkeep
|turn|2
|inactive|Exiline has 180 seconds left.
|
|t:|1667163414
|switch|p2a: EVERYBODY! x2|Yveltal|100/100
|-ability|p2a: EVERYBODY! x2|Dark Aura
|move|p1a: Yveltal|U-turn|p2a: EVERYBODY! x2
|-damage|p2a: EVERYBODY! x2|79/100
|inactive|Exiline has 150 seconds left.
|
|t:|1667163447
|switch|p1a: :bilel:|Pheromosa|100/100|[from]move: U-turn
|
|upkeep
|turn|3
|inactive|Exiline has 150 seconds left.
|
|t:|1667163476
|move|p2a: EVERYBODY! x2|Sucker Punch|p1a: :bilel:
|-resisted|p1a: :bilel:
|-damage|p1a: :bilel:|38/100
|-damage|p2a: EVERYBODY! x2|69/100|[from] item: Life Orb
|move|p1a: :bilel:|Triple Axel|p2a: EVERYBODY! x2
|-supereffective|p2a: EVERYBODY! x2
|-damage|p2a: EVERYBODY! x2|47/100
|-supereffective|p2a: EVERYBODY! x2
|-crit|p2a: EVERYBODY! x2
|-damage|p2a: EVERYBODY! x2|0 fnt
|faint|p2a: EVERYBODY! x2
|-ability|p1a: :bilel:|Beast Boost|boost
|-boost|p1a: :bilel:|spe|1
|-hitcount|p2: EVERYBODY! x2|2
|
|upkeep
|
|t:|1667163485
|switch|p2a: Identity|Necrozma-Dusk-Mane|56/100
|turn|4
|inactive|Exiline has 150 seconds left.
|inactive|Fogbound Lake has 180 seconds left.
|
|t:|1667163511
|switch|p1a: Landorus|Landorus-Therian, M|100/100
|-ability|p1a: Landorus|Intimidate|boost
|-unboost|p2a: Identity|atk|1
|switch|p2a: Kibou no Uta|Slurpuff, F|100/100
|
|upkeep
|turn|5
|inactive|Exiline has 150 seconds left.
|
|t:|1667163522
|move|p2a: Kibou no Uta|Sticky Web|p1a: Landorus
|-sidestart|p1: Exiline|move: Sticky Web
|move|p1a: Landorus|Earthquake|p2a: Kibou no Uta
|-damage|p2a: Kibou no Uta|18/100
|
|upkeep
|turn|6
|inactive|Exiline has 150 seconds left.
|inactive|Fogbound Lake has 180 seconds left.
|
|t:|1667163545
|switch|p1a: Necrozma|Necrozma-Dusk-Mane|100/100
|-activate|p1a: Necrozma|move: Sticky Web
|-unboost|p1a: Necrozma|spe|1
|move|p2a: Kibou no Uta|Misty Explosion|p1a: Necrozma
|-resisted|p1a: Necrozma
|-damage|p1a: Necrozma|88/100
|faint|p2a: Kibou no Uta
|
|-heal|p1a: Necrozma|94/100|[from] item: Leftovers
|upkeep
|
|t:|1667163564
|switch|p2a: Gekijouron|Garchomp, M, shiny|100/100
|turn|7
|inactive|Exiline has 150 seconds left.
|
|t:|1667163582
|switch|p1a: Landorus|Landorus-Therian, M|100/100
|-ability|p1a: Landorus|Intimidate|boost
|-unboost|p2a: Gekijouron|atk|1
|move|p2a: Gekijouron|Swords Dance|p2a: Gekijouron
|-boost|p2a: Gekijouron|atk|2
|
|upkeep
|turn|8
|
|t:|1667163587
|move|p2a: Gekijouron|Swords Dance|p2a: Gekijouron
|-boost|p2a: Gekijouron|atk|2
|move|p1a: Landorus|Earthquake|p2a: Gekijouron
|-damage|p2a: Gekijouron|57/100
|
|upkeep
|turn|9
|inactive|Exiline has 150 seconds left.
|inactive|Fogbound Lake has 150 seconds left.
|
|t:|1667163639
|switch|p1a: Eternatus|Eternatus|100/100
|-activate|p1a: Eternatus|move: Sticky Web
|-unboost|p1a: Eternatus|spe|1
|-ability|p1a: Eternatus|Pressure
|move|p2a: Gekijouron|Swords Dance|p2a: Gekijouron
|-boost|p2a: Gekijouron|atk|2
|
|upkeep
|turn|10
|
|t:|1667163648
|move|p2a: Gekijouron|Earthquake|p1a: Eternatus
|-supereffective|p1a: Eternatus
|-damage|p1a: Eternatus|0 fnt
|faint|p1a: Eternatus
|
|upkeep
|
|t:|1667163650
|switch|p1a: Landorus|Landorus-Therian, M|100/100
|-ability|p1a: Landorus|Intimidate|boost
|-unboost|p2a: Gekijouron|atk|1
|turn|11
|
|t:|1667163661
|move|p2a: Gekijouron|Swords Dance|p2a: Gekijouron
|-boost|p2a: Gekijouron|atk|2
|move|p1a: Landorus|Defog|p2a: Gekijouron
|-unboost|p2a: Gekijouron|evasion|1
|-sideend|p1: Exiline|Sticky Web|[from] move: Defog|[of] p1a: Landorus
|
|upkeep
|turn|12
|
|t:|1667163673
|switch|p1a: Necrozma|Necrozma-Dusk-Mane|94/100
|move|p2a: Gekijouron|Scale Shot|p1a: Necrozma
|-resisted|p1a: Necrozma
|-damage|p1a: Necrozma|77/100
|-resisted|p1a: Necrozma
|-damage|p1a: Necrozma|58/100
|-hitcount|p1a: Necrozma|2
|-unboost|p2a: Gekijouron|def|1
|-boost|p2a: Gekijouron|spe|1
|
|-heal|p1a: Necrozma|64/100|[from] item: Leftovers
|upkeep
|turn|13
|
|t:|1667163683
|switch|p1a: Landorus|Landorus-Therian, M|100/100
|-ability|p1a: Landorus|Intimidate|boost
|-unboost|p2a: Gekijouron|atk|1
|move|p2a: Gekijouron|Earthquake|p1a: Landorus
|-immune|p1a: Landorus
|
|upkeep
|turn|14
|
|t:|1667163688
|move|p2a: Gekijouron|Scale Shot|p1a: Landorus
|-damage|p1a: Landorus|69/100
|-damage|p1a: Landorus|36/100
|-damage|p1a: Landorus|5/100
|-hitcount|p1a: Landorus|3
|-unboost|p2a: Gekijouron|def|1
|-boost|p2a: Gekijouron|spe|1
|move|p1a: Landorus|Earthquake|p2a: Gekijouron
|-damage|p2a: Gekijouron|0 fnt
|faint|p2a: Gekijouron
|
|-heal|p1a: Landorus|11/100|[from] item: Leftovers
|upkeep
|inactive|Fogbound Lake has 150 seconds left.
|inactive|Fogbound Lake has 120 seconds left.
|inactive|Fogbound Lake has 90 seconds left.
|inactive|Fogbound Lake has 60 seconds left.
|
|t:|1667163818
|switch|p2a: Ichizu Recipe|Rayquaza|100/100
|-ability|p2a: Ichizu Recipe|Air Lock
|turn|15
|
|t:|1667163821
|move|p2a: Ichizu Recipe|Swords Dance|p2a: Ichizu Recipe
|-boost|p2a: Ichizu Recipe|atk|2
|move|p1a: Landorus|Toxic|p2a: Ichizu Recipe
|-status|p2a: Ichizu Recipe|tox
|
|-heal|p1a: Landorus|17/100|[from] item: Leftovers
|-damage|p2a: Ichizu Recipe|95/100 tox|[from] psn
|upkeep
|turn|16
|
|t:|1667163837
|switch|p1a: Necrozma|Necrozma-Dusk-Mane|64/100
|move|p2a: Ichizu Recipe|Extreme Speed|p1a: Necrozma
|-resisted|p1a: Necrozma
|-damage|p1a: Necrozma|42/100
|
|-heal|p1a: Necrozma|48/100|[from] item: Leftovers
|-damage|p2a: Ichizu Recipe|83/100 tox|[from] psn
|upkeep
|turn|17
|inactive|Fogbound Lake has 30 seconds left.
|inactive|Fogbound Lake has 20 seconds left.
|inactive|Fogbound Lake has 15 seconds left.
|inactive|Fogbound Lake has 10 seconds left.
|
|t:|1667163884
|move|p2a: Ichizu Recipe|Dragon Ascent|p1a: Necrozma
|-resisted|p1a: Necrozma
|-damage|p1a: Necrozma|0 fnt
|-unboost|p2a: Ichizu Recipe|def|1
|-unboost|p2a: Ichizu Recipe|spd|1
|faint|p1a: Necrozma
|
|-damage|p2a: Ichizu Recipe|65/100 tox|[from] psn
|upkeep
|inactive|Fogbound Lake has 15 seconds left this turn.
|
|t:|1667163892
|switch|p1a: Landorus|Landorus-Therian, M|17/100
|-ability|p1a: Landorus|Intimidate|boost
|-unboost|p2a: Ichizu Recipe|atk|1
|turn|18
|inactive|Fogbound Lake has 25 seconds left this turn.
|inactive|Fogbound Lake has 20 seconds left.
|
|t:|1667163903
|switch|p1a: Kyogre|Kyogre|100/100
|-weather|RainDance|[from] ability: Drizzle|[of] p1a: Kyogre
|move|p2a: Ichizu Recipe|Dragon Ascent|p1a: Kyogre
|-damage|p1a: Kyogre|0 fnt
|-unboost|p2a: Ichizu Recipe|def|1
|-unboost|p2a: Ichizu Recipe|spd|1
|faint|p1a: Kyogre
|
|-weather|RainDance|[upkeep]
|-damage|p2a: Ichizu Recipe|41/100 tox|[from] psn
|upkeep
|inactive|Fogbound Lake has 25 seconds left this turn.
|
|t:|1667163911
|switch|p1a: Landorus|Landorus-Therian, M|17/100
|-ability|p1a: Landorus|Intimidate|boost
|-unboost|p2a: Ichizu Recipe|atk|1
|turn|19
|inactive|Fogbound Lake has 30 seconds left.
|
|t:|1667163923
|move|p2a: Ichizu Recipe|Dragon Ascent|p1a: Landorus
|-crit|p1a: Landorus
|-damage|p1a: Landorus|0 fnt
|-unboost|p2a: Ichizu Recipe|def|1
|-unboost|p2a: Ichizu Recipe|spd|1
|faint|p1a: Landorus
|
|-weather|RainDance|[upkeep]
|-damage|p2a: Ichizu Recipe|11/100 tox|[from] psn
|upkeep
|inactive|Fogbound Lake has 30 seconds left this turn.
|
|t:|1667163925
|switch|p1a: Yveltal|Yveltal|100/100
|-ability|p1a: Yveltal|Dark Aura
|turn|20
|inactive|Fogbound Lake has 30 seconds left.
|inactive|Exiline has 210 seconds left.
|inactive|Fogbound Lake has 20 seconds left.
|inactive|Fogbound Lake has 15 seconds left.
|inactive|Fogbound Lake has 10 seconds left.
|
|t:|1667163959
|move|p2a: Ichizu Recipe|Dragon Ascent|p1a: Yveltal
|-damage|p1a: Yveltal|37/100
|-unboost|p2a: Ichizu Recipe|def|1
|-unboost|p2a: Ichizu Recipe|spd|1
|move|p1a: Yveltal|Roost|p1a: Yveltal
|-heal|p1a: Yveltal|87/100
|-singleturn|p1a: Yveltal|move: Roost
|
|-weather|RainDance|[upkeep]
|-damage|p2a: Ichizu Recipe|0 fnt|[from] psn
|faint|p2a: Ichizu Recipe
|upkeep
|inactive|Fogbound Lake has 15 seconds left this turn.
|inactive|Fogbound Lake has 10 seconds left.
|
|t:|1667163969
|switch|p2a: Identity|Necrozma-Dusk-Mane|56/100
|turn|21
|inactive|Fogbound Lake has 20 seconds left this turn.
|inactive|Fogbound Lake has 15 seconds left.
|inactive|Exiline has 210 seconds left.
|
|t:|1667164007
|move|p2a: Identity|Sunsteel Strike|p1a: Yveltal
|-damage|p1a: Yveltal|26/100
|-damage|p2a: Identity|46/100|[from] item: Life Orb
|move|p1a: Yveltal|U-turn|p2a: Identity
|-damage|p2a: Identity|30/100
|inactive|Fogbound Lake has 20 seconds left this turn.
|
|t:|1667164011
|switch|p1a: :bilel:|Pheromosa|38/100|[from]move: U-turn
|
|-weather|RainDance|[upkeep]
|upkeep
|turn|22
|inactive|Fogbound Lake has 30 seconds left this turn.
|inactive|Fogbound Lake has 20 seconds left.
|inactive|Fogbound Lake has 15 seconds left.
|inactive|Fogbound Lake has 10 seconds left.
|
|t:|1667164036
|move|p1a: :bilel:|U-turn|p2a: Identity
|-damage|p2a: Identity|0 fnt
|faint|p2a: Identity
|-ability|p1a: :bilel:|Beast Boost|boost
|-boost|p1a: :bilel:|spe|1
|inactive|Fogbound Lake has 15 seconds left this turn.
|
|t:|1667164039
|switch|p1a: Yveltal|Yveltal|26/100|[from]move: U-turn
|-ability|p1a: Yveltal|Dark Aura
|
|-weather|none
|upkeep
|inactive|Fogbound Lake has 20 seconds left this turn.
|
|t:|1667164043
|switch|p2a: Seven Doors|Calyrex-Shadow|100/100
|-ability|p2a: Seven Doors|As One
|-ability|p2a: Seven Doors|Unnerve
|turn|23
|inactive|Fogbound Lake has 30 seconds left this turn.
|inactive|Exiline has 210 seconds left.
|
|t:|1667164049
|move|p2a: Seven Doors|Draining Kiss|p1a: Yveltal
|-supereffective|p1a: Yveltal
|-damage|p1a: Yveltal|2/100
|move|p1a: Yveltal|Knock Off|p2a: Seven Doors
|-supereffective|p2a: Seven Doors
|-enditem|p2a: Seven Doors|Focus Sash
|-damage|p2a: Seven Doors|1/100
|
|upkeep
|turn|24
|
|t:|1667164054
|move|p2a: Seven Doors|Draining Kiss|p1a: Yveltal
|-supereffective|p1a: Yveltal
|-damage|p1a: Yveltal|0 fnt
|-heal|p2a: Seven Doors|3/100|[from] drain|[of] p1a: Yveltal
|faint|p1a: Yveltal
|-ability|p2a: Seven Doors|Grim Neigh|boost
|-boost|p2a: Seven Doors|spa|1
|
|upkeep
|
|t:|1667164056
|switch|p1a: :bilel:|Pheromosa|38/100
|turn|25
|
|t:|1667164059
|move|p1a: :bilel:|U-turn|p2a: Seven Doors
|-damage|p2a: Seven Doors|0 fnt
|faint|p2a: Seven Doors
|
|win|Exiline
|c|☆Exiline|g_g
|c|☆Fogbound Lake|gg
