|inactive|Battle timer is ON: inactive players will automatically lose when time's up.
|t:|1635557252
|gametype|singles
|player|p1|Stallion|bruno|
|player|p2|Sabella|#sabella|
|teamsize|p1|6
|teamsize|p2|6
|gen|8
|tier|[Gen 8] Ubers
|rule|Sleep Clause Mod: Limit one foe put to sleep
|rule|Species Clause: Limit one of each Pokémon
|rule|OHKO Clause: OHKO moves are banned
|rule|Evasion Moves Clause: Evasion moves are banned
|rule|Endless Battle Clause: Forcing endless battles is banned
|rule|HP Percentage Mod: HP is shown in percentages
|rule|Dynamax Clause: You cannot dynamax
|clearpoke
|poke|p1|Marshadow|
|poke|p1|Necrozma-Dusk-Mane|
|poke|p1|Groudon|
|poke|p1|Kyogre|
|poke|p1|Yveltal|
|poke|p1|Eternatus|
|poke|p2|Xerneas-*|
|poke|p2|Magnezone|
|poke|p2|Eternatus|
|poke|p2|Yveltal|
|poke|p2|Necrozma-Dusk-Mane|
|poke|p2|Lunala|
|teampreview
|inactive|Stallion has 270 seconds left.
|inactive|Sabella has 270 seconds left.
|
|t:|1635557299
|start
|switch|p1a: Marshadow|Marshadow|100/100
|switch|p2a: Eternatus|Eternatus|100/100
|-ability|p2a: Eternatus|Pressure
|turn|1
|
|t:|1635557333
|switch|p1a: Yveltal|Yveltal|100/100
|-ability|p1a: Yveltal|Dark Aura
|move|p2a: Eternatus|Recover||[still]
|-fail|p2a: Eternatus|heal
|
|upkeep
|turn|2
|
|t:|1635557342
|switch|p2a: Yveltal|Yveltal|100/100
|-ability|p2a: Yveltal|Dark Aura
|move|p1a: Yveltal|U-turn|p2a: Yveltal
|-damage|p2a: Yveltal|83/100
|
|t:|1635557348
|switch|p1a: Eternatus|Eternatus|100/100|[from]move: U-turn
|-ability|p1a: Eternatus|Pressure
|
|upkeep
|turn|3
|
|t:|1635557356
|switch|p2a: Necrozma|Necrozma-Dusk-Mane|100/100
|move|p1a: Eternatus|Meteor Beam||[still]
|-prepare|p1a: Eternatus|Meteor Beam
|-boost|p1a: Eternatus|spa|1
|-enditem|p1a: Eternatus|Power Herb
|-anim|p1a: Eternatus|Meteor Beam|p2a: Necrozma
|-resisted|p2a: Necrozma
|-damage|p2a: Necrozma|84/100
|
|-heal|p2a: Necrozma|90/100|[from] item: Leftovers
|upkeep
|turn|4
|
|t:|1635557362
|switch|p1a: Groudon|Groudon|100/100
|-weather|SunnyDay|[from] ability: Drought|[of] p1a: Groudon
|move|p2a: Necrozma|Stealth Rock|p1a: Groudon
|-sidestart|p1: Stallion|move: Stealth Rock
|
|-weather|SunnyDay|[upkeep]
|-heal|p2a: Necrozma|96/100|[from] item: Leftovers
|upkeep
|turn|5
|
|t:|1635557369
|switch|p2a: Lunala|Lunala|100/100
|move|p1a: Groudon|Stealth Rock|p2a: Lunala
|-sidestart|p2: Sabella|move: Stealth Rock
|
|-weather|SunnyDay|[upkeep]
|upkeep
|turn|6
|
|t:|1635557379
|switch|p1a: Yveltal|Yveltal|100/100
|-ability|p1a: Yveltal|Dark Aura
|move|p2a: Lunala|Will-O-Wisp|p1a: Yveltal
|-status|p1a: Yveltal|brn
|
|-weather|SunnyDay|[upkeep]
|-damage|p1a: Yveltal|94/100 brn|[from] brn
|upkeep
|turn|7
|
|t:|1635557395
|switch|p2a: Yveltal|Yveltal|83/100
|-ability|p2a: Yveltal|Dark Aura
|move|p1a: Yveltal|U-turn|p2a: Yveltal
|-damage|p2a: Yveltal|74/100
|
|t:|1635557402
|switch|p1a: Eternatus|Eternatus|100/100|[from]move: U-turn
|-damage|p1a: Eternatus|88/100|[from] Stealth Rock
|-ability|p1a: Eternatus|Pressure
|
|-weather|SunnyDay|[upkeep]
|upkeep
|turn|8
|
|t:|1635557414
|switch|p2a: Necrozma|Necrozma-Dusk-Mane|96/100
|-damage|p2a: Necrozma|90/100|[from] Stealth Rock
|move|p1a: Eternatus|Cosmic Power|p1a: Eternatus
|-boost|p1a: Eternatus|def|1
|-boost|p1a: Eternatus|spd|1
|
|-weather|none
|-heal|p2a: Necrozma|96/100|[from] item: Leftovers
|upkeep
|turn|9
|
|t:|1635557420
|move|p1a: Eternatus|Cosmic Power|p1a: Eternatus
|-boost|p1a: Eternatus|def|1
|-boost|p1a: Eternatus|spd|1
|move|p2a: Necrozma|Thunder Wave|p1a: Eternatus
|-status|p1a: Eternatus|par
|
|-heal|p2a: Necrozma|100/100|[from] item: Leftovers
|upkeep
|turn|10
|
|t:|1635557449
|move|p2a: Necrozma|Iron Head|p1a: Eternatus
|-damage|p1a: Eternatus|72/100 par
|move|p1a: Eternatus|Cosmic Power|p1a: Eternatus
|-boost|p1a: Eternatus|def|1
|-boost|p1a: Eternatus|spd|1
|
|upkeep
|turn|11
|
|t:|1635557454
|move|p2a: Necrozma|Iron Head|p1a: Eternatus
|-damage|p1a: Eternatus|59/100 par
|move|p1a: Eternatus|Cosmic Power|p1a: Eternatus
|-boost|p1a: Eternatus|def|1
|-boost|p1a: Eternatus|spd|1
|
|upkeep
|turn|12
|
|t:|1635557458
|move|p2a: Necrozma|Iron Head|p1a: Eternatus
|-damage|p1a: Eternatus|49/100 par
|cant|p1a: Eternatus|par
|
|upkeep
|turn|13
|
|t:|1635557463
|move|p2a: Necrozma|Iron Head|p1a: Eternatus
|-damage|p1a: Eternatus|38/100 par
|cant|p1a: Eternatus|par
|
|upkeep
|turn|14
|c|☆Stallion|please don't
|c|☆Stallion|lol
|
|t:|1635557476
|switch|p2a: Yveltal|Yveltal|74/100
|-ability|p2a: Yveltal|Dark Aura
|move|p1a: Eternatus|Recover|p1a: Eternatus
|-heal|p1a: Eternatus|88/100 par
|
|upkeep
|turn|15
|
|t:|1635557484
|move|p2a: Yveltal|Taunt|p1a: Eternatus
|-start|p1a: Eternatus|move: Taunt
|move|p1a: Eternatus|Meteor Beam||[still]
|-prepare|p1a: Eternatus|Meteor Beam
|-boost|p1a: Eternatus|spa|1
|
|upkeep
|turn|16
|
|t:|1635557494
|switch|p2a: Necrozma|Necrozma-Dusk-Mane|100/100
|-damage|p2a: Necrozma|94/100|[from] Stealth Rock
|move|p1a: Eternatus|Meteor Beam|p2a: Necrozma|[from]lockedmove
|-resisted|p2a: Necrozma
|-damage|p2a: Necrozma|78/100
|
|-heal|p2a: Necrozma|84/100|[from] item: Leftovers
|upkeep
|turn|17
|
|t:|1635557513
|switch|p2a: Eternatus|Eternatus|100/100
|-damage|p2a: Eternatus|88/100|[from] Stealth Rock
|-ability|p2a: Eternatus|Pressure
|cant|p1a: Eternatus|par
|
|-end|p1a: Eternatus|move: Taunt
|upkeep
|turn|18
|
|t:|1635557524
|move|p2a: Eternatus|Cosmic Power|p2a: Eternatus
|-boost|p2a: Eternatus|def|1
|-boost|p2a: Eternatus|spd|1
|move|p1a: Eternatus|Dragon Pulse|p2a: Eternatus
|-supereffective|p2a: Eternatus
|-damage|p2a: Eternatus|30/100
|
|upkeep
|turn|19
|
|t:|1635557529
|move|p2a: Eternatus|Recover|p2a: Eternatus
|-heal|p2a: Eternatus|80/100
|move|p1a: Eternatus|Dragon Pulse|p2a: Eternatus
|-supereffective|p2a: Eternatus
|-damage|p2a: Eternatus|22/100
|
|upkeep
|turn|20
|
|t:|1635557534
|move|p2a: Eternatus|Recover|p2a: Eternatus
|-heal|p2a: Eternatus|72/100
|move|p1a: Eternatus|Dragon Pulse|p2a: Eternatus
|-supereffective|p2a: Eternatus
|-damage|p2a: Eternatus|16/100
|
|upkeep
|turn|21
|
|t:|1635557538
|move|p2a: Eternatus|Recover|p2a: Eternatus
|-heal|p2a: Eternatus|66/100
|cant|p1a: Eternatus|par
|
|upkeep
|turn|22
|
|t:|1635557543
|move|p2a: Eternatus|Cosmic Power|p2a: Eternatus
|-boost|p2a: Eternatus|def|1
|-boost|p2a: Eternatus|spd|1
|move|p1a: Eternatus|Meteor Beam||[still]
|-prepare|p1a: Eternatus|Meteor Beam
|-boost|p1a: Eternatus|spa|1
|
|upkeep
|turn|23
|
|t:|1635557550
|move|p2a: Eternatus|Cosmic Power|p2a: Eternatus
|-boost|p2a: Eternatus|def|1
|-boost|p2a: Eternatus|spd|1
|move|p1a: Eternatus|Meteor Beam|p2a: Eternatus|[from]lockedmove
|-damage|p2a: Eternatus|43/100
|
|upkeep
|turn|24
|
|t:|1635557556
|move|p2a: Eternatus|Recover|p2a: Eternatus
|-heal|p2a: Eternatus|93/100
|move|p1a: Eternatus|Meteor Beam||[still]
|-prepare|p1a: Eternatus|Meteor Beam
|-boost|p1a: Eternatus|spa|1
|
|upkeep
|turn|25
|
|t:|1635557561
|move|p2a: Eternatus|Cosmic Power|p2a: Eternatus
|-boost|p2a: Eternatus|def|1
|-boost|p2a: Eternatus|spd|1
|move|p1a: Eternatus|Meteor Beam|p2a: Eternatus|[from]lockedmove
|-damage|p2a: Eternatus|72/100
|
|upkeep
|turn|26
|
|t:|1635557566
|move|p2a: Eternatus|Cosmic Power|p2a: Eternatus
|-boost|p2a: Eternatus|def|1
|-boost|p2a: Eternatus|spd|1
|move|p1a: Eternatus|Dragon Pulse|p2a: Eternatus
|-supereffective|p2a: Eternatus
|-damage|p2a: Eternatus|32/100
|
|upkeep
|turn|27
|
|t:|1635557571
|move|p2a: Eternatus|Recover|p2a: Eternatus
|-heal|p2a: Eternatus|82/100
|cant|p1a: Eternatus|par
|
|upkeep
|turn|28
|
|t:|1635557574
|move|p2a: Eternatus|Cosmic Power|p2a: Eternatus
|-boost|p2a: Eternatus|def|1
|-boost|p2a: Eternatus|spd|1
|move|p1a: Eternatus|Cosmic Power|p1a: Eternatus
|-boost|p1a: Eternatus|def|1
|-boost|p1a: Eternatus|spd|1
|
|upkeep
|turn|29
|
|t:|1635557578
|move|p2a: Eternatus|Meteor Beam||[still]
|-prepare|p2a: Eternatus|Meteor Beam
|-boost|p2a: Eternatus|spa|1
|-enditem|p2a: Eternatus|Power Herb
|-anim|p2a: Eternatus|Meteor Beam|p1a: Eternatus
|-damage|p1a: Eternatus|78/100 par
|move|p1a: Eternatus|Cosmic Power|p1a: Eternatus
|-boost|p1a: Eternatus|def|1
|-boost|p1a: Eternatus|spd|1
|
|upkeep
|turn|30
|
|t:|1635557585
|move|p2a: Eternatus|Meteor Beam||[still]
|-prepare|p2a: Eternatus|Meteor Beam
|-boost|p2a: Eternatus|spa|1
|cant|p1a: Eternatus|par
|
|upkeep
|turn|31
|
|t:|1635557589
|move|p2a: Eternatus|Meteor Beam|p1a: Eternatus|[from]lockedmove
|-damage|p1a: Eternatus|67/100 par
|move|p1a: Eternatus|Meteor Beam||[still]
|-prepare|p1a: Eternatus|Meteor Beam
|-boost|p1a: Eternatus|spa|1
|
|upkeep
|turn|32
|
|t:|1635557598
|move|p2a: Eternatus|Dragon Pulse|p1a: Eternatus
|-supereffective|p1a: Eternatus
|-damage|p1a: Eternatus|41/100 par
|cant|p1a: Eternatus|par
|
|upkeep
|turn|33
|c|☆Stallion|fuck me
|
|t:|1635557602
|move|p2a: Eternatus|Dragon Pulse|p1a: Eternatus
|-supereffective|p1a: Eternatus
|-damage|p1a: Eternatus|15/100 par
|move|p1a: Eternatus|Recover|p1a: Eternatus
|-heal|p1a: Eternatus|65/100 par
|
|upkeep
|turn|34
|
|t:|1635557608
|move|p2a: Eternatus|Meteor Beam||[still]
|-prepare|p2a: Eternatus|Meteor Beam
|-boost|p2a: Eternatus|spa|1
|cant|p1a: Eternatus|par
|
|upkeep
|turn|35
|
|t:|1635557613
|move|p2a: Eternatus|Meteor Beam|p1a: Eternatus|[from]lockedmove
|-damage|p1a: Eternatus|49/100 par
|move|p1a: Eternatus|Dragon Pulse|p2a: Eternatus
|-supereffective|p2a: Eternatus
|-damage|p2a: Eternatus|41/100
|
|upkeep
|turn|36
|
|t:|1635557624
|move|p2a: Eternatus|Recover|p2a: Eternatus
|-heal|p2a: Eternatus|91/100
|move|p1a: Eternatus|Recover|p1a: Eternatus
|-heal|p1a: Eternatus|99/100 par
|
|upkeep
|turn|37
|
|t:|1635557630
|move|p2a: Eternatus|Dragon Pulse|p1a: Eternatus
|-supereffective|p1a: Eternatus
|-damage|p1a: Eternatus|65/100 par
|cant|p1a: Eternatus|par
|
|upkeep
|turn|38
|
|t:|1635557634
|move|p2a: Eternatus|Dragon Pulse|p1a: Eternatus
|-supereffective|p1a: Eternatus
|-damage|p1a: Eternatus|34/100 par
|cant|p1a: Eternatus|par
|
|upkeep
|turn|39
|
|t:|1635557641
|move|p2a: Eternatus|Dragon Pulse|p1a: Eternatus
|-supereffective|p1a: Eternatus
|-damage|p1a: Eternatus|0 fnt
|faint|p1a: Eternatus
|
|upkeep
|c|☆Stallion|hahaha
|c|☆Stallion|I never win these exchanges
|
|t:|1635557651
|switch|p1a: Necrozma|Necrozma-Dusk-Mane|100/100
|-damage|p1a: Necrozma|94/100|[from] Stealth Rock
|turn|40
|c|☆Stallion|It wasn't in my favour
|c|☆Stallion|But fuck me
|inactive|Sabella has 270 seconds left.
|
|t:|1635557683
|move|p2a: Eternatus|Dragon Pulse|p1a: Necrozma
|-resisted|p1a: Necrozma
|-damage|p1a: Necrozma|65/100
|move|p1a: Necrozma|Swords Dance|p1a: Necrozma
|-boost|p1a: Necrozma|atk|2
|
|-heal|p1a: Necrozma|71/100|[from] item: Leftovers
|upkeep
|turn|41
|
|t:|1635557693
|move|p2a: Eternatus|Dragon Pulse|p1a: Necrozma
|-resisted|p1a: Necrozma
|-damage|p1a: Necrozma|39/100
|move|p1a: Necrozma|Swords Dance|p1a: Necrozma
|-boost|p1a: Necrozma|atk|2
|
|-heal|p1a: Necrozma|45/100|[from] item: Leftovers
|upkeep
|turn|42
|
|t:|1635557696
|move|p2a: Eternatus|Dragon Pulse|p1a: Necrozma
|-resisted|p1a: Necrozma
|-damage|p1a: Necrozma|17/100
|move|p1a: Necrozma|Morning Sun|p1a: Necrozma
|-heal|p1a: Necrozma|67/100
|
|-heal|p1a: Necrozma|73/100|[from] item: Leftovers
|upkeep
|turn|43
|
|t:|1635557715
|move|p2a: Eternatus|Dragon Pulse|p1a: Necrozma
|-resisted|p1a: Necrozma
|-damage|p1a: Necrozma|42/100
|move|p1a: Necrozma|Morning Sun|p1a: Necrozma
|-heal|p1a: Necrozma|92/100
|
|-heal|p1a: Necrozma|98/100|[from] item: Leftovers
|upkeep
|turn|44
|
|t:|1635557722
|switch|p2a: Yveltal|Yveltal|74/100
|-ability|p2a: Yveltal|Dark Aura
|move|p1a: Necrozma|Swords Dance|p1a: Necrozma
|-boost|p1a: Necrozma|atk|2
|
|-heal|p1a: Necrozma|100/100|[from] item: Leftovers
|upkeep
|turn|45
|
|t:|1635557731
|switch|p1a: Yveltal|Yveltal|94/100 brn
|-ability|p1a: Yveltal|Dark Aura
|move|p2a: Yveltal|Foul Play|p1a: Yveltal
|-resisted|p1a: Yveltal
|-damage|p1a: Yveltal|71/100 brn
|
|-damage|p1a: Yveltal|65/100 brn|[from] brn
|upkeep
|turn|46
|
|t:|1635557736
|move|p2a: Yveltal|Taunt|p1a: Yveltal
|-start|p1a: Yveltal|move: Taunt
|move|p1a: Yveltal|U-turn|p2a: Yveltal
|-damage|p2a: Yveltal|64/100
|
|t:|1635557740
|switch|p1a: Kyogre|Kyogre|100/100|[from]move: U-turn
|-damage|p1a: Kyogre|88/100|[from] Stealth Rock
|-weather|RainDance|[from] ability: Drizzle|[of] p1a: Kyogre
|
|-weather|RainDance|[upkeep]
|-heal|p1a: Kyogre|94/100|[from] item: Leftovers
|upkeep
|turn|47
|
|t:|1635557747
|switch|p2a: Eternatus|Eternatus|91/100
|-damage|p2a: Eternatus|79/100|[from] Stealth Rock
|-ability|p2a: Eternatus|Pressure
|move|p1a: Kyogre|Thunder Wave|p2a: Eternatus
|-status|p2a: Eternatus|par
|
|-weather|RainDance|[upkeep]
|-heal|p1a: Kyogre|100/100|[from] item: Leftovers
|upkeep
|turn|48
|
|t:|1635557769
|switch|p1a: Groudon|Groudon|100/100
|-damage|p1a: Groudon|94/100|[from] Stealth Rock
|-weather|SunnyDay|[from] ability: Drought|[of] p1a: Groudon
|switch|p2a: Necrozma|Necrozma-Dusk-Mane|84/100
|-damage|p2a: Necrozma|78/100|[from] Stealth Rock
|
|-weather|SunnyDay|[upkeep]
|-heal|p1a: Groudon|100/100|[from] item: Leftovers
|-heal|p2a: Necrozma|84/100|[from] item: Leftovers
|upkeep
|turn|49
|
|t:|1635557777
|switch|p2a: Lunala|Lunala|100/100
|move|p1a: Groudon|Precipice Blades|p2a: Lunala
|-damage|p2a: Lunala|76/100
|
|-weather|SunnyDay|[upkeep]
|upkeep
|turn|50
|
|t:|1635557787
|switch|p1a: Yveltal|Yveltal|65/100 brn
|-ability|p1a: Yveltal|Dark Aura
|move|p2a: Lunala|Ice Beam|p1a: Yveltal
|-supereffective|p1a: Yveltal
|-damage|p1a: Yveltal|31/100 brn
|
|-weather|SunnyDay|[upkeep]
|-damage|p1a: Yveltal|25/100 brn|[from] brn
|upkeep
|turn|51
|
|t:|1635557808
|move|p2a: Lunala|Ice Beam|p1a: Yveltal
|-supereffective|p1a: Yveltal
|-damage|p1a: Yveltal|0 fnt
|faint|p1a: Yveltal
|
|-weather|SunnyDay|[upkeep]
|upkeep
|
|t:|1635557811
|switch|p1a: Marshadow|Marshadow|100/100
|-damage|p1a: Marshadow|94/100|[from] Stealth Rock
|turn|52
|
|t:|1635557822
|switch|p2a: Eternatus|Eternatus|79/100 par
|-damage|p2a: Eternatus|67/100 par|[from] Stealth Rock
|-ability|p2a: Eternatus|Pressure
|move|p1a: Marshadow|Spectral Thief|p2a: Eternatus
|-damage|p2a: Eternatus|10/100 par
|
|-weather|none
|upkeep
|turn|53
|
|t:|1635557829
|move|p1a: Marshadow|Spectral Thief|p2a: Eternatus
|-damage|p2a: Eternatus|0 fnt
|faint|p2a: Eternatus
|
|upkeep
|
|t:|1635557844
|switch|p2a: Yveltal|Yveltal|64/100
|-ability|p2a: Yveltal|Dark Aura
|turn|54
|
|t:|1635557851
|switch|p1a: Kyogre|Kyogre|100/100
|-damage|p1a: Kyogre|88/100|[from] Stealth Rock
|-weather|RainDance|[from] ability: Drizzle|[of] p1a: Kyogre
|move|p2a: Yveltal|Roost|p2a: Yveltal
|-heal|p2a: Yveltal|100/100
|-singleturn|p2a: Yveltal|move: Roost
|
|-weather|RainDance|[upkeep]
|-heal|p1a: Kyogre|94/100|[from] item: Leftovers
|upkeep
|turn|55
|
|t:|1635557882
|switch|p2a: Necrozma|Necrozma-Dusk-Mane|84/100
|-damage|p2a: Necrozma|78/100|[from] Stealth Rock
|move|p1a: Kyogre|Surf|p2a: Necrozma
|-damage|p2a: Necrozma|36/100
|
|-weather|RainDance|[upkeep]
|-heal|p1a: Kyogre|100/100|[from] item: Leftovers
|-heal|p2a: Necrozma|42/100|[from] item: Leftovers
|upkeep
|turn|56
|
|t:|1635557889
|move|p1a: Kyogre|Substitute|p1a: Kyogre
|-start|p1a: Kyogre|Substitute
|-damage|p1a: Kyogre|75/100
|move|p2a: Necrozma|Thunder Wave||[still]
|-fail|p2a: Necrozma
|
|-weather|RainDance|[upkeep]
|-heal|p1a: Kyogre|82/100|[from] item: Leftovers
|-heal|p2a: Necrozma|48/100|[from] item: Leftovers
|upkeep
|turn|57
|
|t:|1635557897
|switch|p2a: Xerneas|Xerneas|100/100
|-damage|p2a: Xerneas|88/100|[from] Stealth Rock
|-ability|p2a: Xerneas|Fairy Aura
|move|p1a: Kyogre|Calm Mind|p1a: Kyogre
|-boost|p1a: Kyogre|spa|1
|-boost|p1a: Kyogre|spd|1
|
|-weather|RainDance|[upkeep]
|-heal|p1a: Kyogre|88/100|[from] item: Leftovers
|upkeep
|turn|58
|
|t:|1635557917
|move|p1a: Kyogre|Surf|p2a: Xerneas
|-damage|p2a: Xerneas|15/100
|move|p2a: Xerneas|Geomancy||[still]
|-prepare|p2a: Xerneas|Geomancy
|-enditem|p2a: Xerneas|Power Herb
|-anim|p2a: Xerneas|Geomancy|p2a: Xerneas
|-boost|p2a: Xerneas|spa|2
|-boost|p2a: Xerneas|spd|2
|-boost|p2a: Xerneas|spe|2
|
|-weather|none
|-heal|p1a: Kyogre|94/100|[from] item: Leftovers
|upkeep
|turn|59
|
|t:|1635557925
|move|p2a: Xerneas|Rest|p2a: Xerneas
|-status|p2a: Xerneas|slp|[from] move: Rest
|-heal|p2a: Xerneas|100/100 slp|[silent]
|move|p1a: Kyogre|Surf|p2a: Xerneas
|-crit|p2a: Xerneas
|-damage|p2a: Xerneas|26/100 slp
|
|-heal|p1a: Kyogre|99/100|[from] item: Leftovers
|upkeep
|turn|60
|c|☆Stallion|sorry
|
|t:|1635557932
|cant|p2a: Xerneas|slp
|move|p1a: Kyogre|Surf|p2a: Xerneas
|-damage|p2a: Xerneas|2/100 slp
|
|-heal|p1a: Kyogre|100/100|[from] item: Leftovers
|upkeep
|turn|61
|c|☆Sabella|ouch
|c|☆Sabella|yea that blows
|
|t:|1635557946
|cant|p2a: Xerneas|slp
|move|p1a: Kyogre|Surf|p2a: Xerneas
|-damage|p2a: Xerneas|0 fnt
|faint|p2a: Xerneas
|
|upkeep
|c|☆Sabella|gg
|c|☆Stallion|I think Kyogre was still in a good spot but like, that definitely took away your best shot
|
|t:|1635557961
|switch|p2a: Yveltal|Yveltal|100/100
|-ability|p2a: Yveltal|Dark Aura
|turn|62
|
|t:|1635557967
|move|p1a: Kyogre|Surf|p2a: Yveltal
|-damage|p2a: Yveltal|62/100
|move|p2a: Yveltal|Knock Off|p1a: Kyogre
|-end|p1a: Kyogre|Substitute
|
|upkeep
|turn|63
|
|t:|1635557985
|move|p1a: Kyogre|Thunder Wave|p2a: Yveltal
|-status|p2a: Yveltal|par
|move|p2a: Yveltal|Knock Off|p1a: Kyogre
|-damage|p1a: Kyogre|59/100
|-enditem|p1a: Kyogre|Leftovers|[from] move: Knock Off|[of] p2a: Yveltal
|
|upkeep
|turn|64
|
|t:|1635557992
|move|p1a: Kyogre|Surf|p2a: Yveltal
|-damage|p2a: Yveltal|21/100 par
|move|p2a: Yveltal|Knock Off|p1a: Kyogre
|-damage|p1a: Kyogre|29/100
|
|upkeep
|turn|65
|
|t:|1635557996
|move|p1a: Kyogre|Surf|p2a: Yveltal
|-damage|p2a: Yveltal|0 fnt
|faint|p2a: Yveltal
|
|upkeep
|
|t:|1635558000
|switch|p2a: Lunala|Lunala|76/100
|turn|66
|
|t:|1635558004
|move|p2a: Lunala|Will-O-Wisp|p1a: Kyogre
|-status|p1a: Kyogre|brn
|move|p1a: Kyogre|Substitute|p1a: Kyogre
|-start|p1a: Kyogre|Substitute
|-damage|p1a: Kyogre|4/100 brn
|
|-damage|p1a: Kyogre|0 fnt|[from] brn
|faint|p1a: Kyogre
|upkeep
|
|t:|1635558007
|switch|p1a: Marshadow|Marshadow|94/100
|-damage|p1a: Marshadow|88/100|[from] Stealth Rock
|turn|67
|c|☆Stallion|oh fast
|c|☆Stallion|lol
|
|t:|1635558018
|switch|p2a: Necrozma|Necrozma-Dusk-Mane|48/100
|-damage|p2a: Necrozma|42/100|[from] Stealth Rock
|move|p1a: Marshadow|Spectral Thief|p2a: Necrozma
|-supereffective|p2a: Necrozma
|-damage|p2a: Necrozma|0 fnt
|faint|p2a: Necrozma
|
|upkeep
|
|t:|1635558022
|switch|p2a: Magnezone|Magnezone|100/100
|-damage|p2a: Magnezone|94/100|[from] Stealth Rock
|-item|p2a: Magnezone|Air Balloon
|turn|68
|
|t:|1635558046
|move|p1a: Marshadow|Spectral Thief|p2a: Magnezone
|-damage|p2a: Magnezone|30/100
|-enditem|p2a: Magnezone|Air Balloon
|move|p2a: Magnezone|Thunder Wave|p1a: Marshadow|[miss]
|-miss|p2a: Magnezone|p1a: Marshadow
|
|upkeep
|turn|69
|
|t:|1635558054
|move|p1a: Marshadow|Spectral Thief|p2a: Magnezone
|-damage|p2a: Magnezone|0 fnt
|faint|p2a: Magnezone
|
|upkeep
|
|t:|1635558056
|switch|p2a: Lunala|Lunala|76/100
|turn|70
|
|t:|1635558059
|move|p1a: Marshadow|Spectral Thief|p2a: Lunala
|-supereffective|p2a: Lunala
|-damage|p2a: Lunala|0 fnt
|faint|p2a: Lunala
|
|win|Stallion
|c|☆Sabella|gg
|c|☆Stallion|gg
|c|☆Stallion|sorry for the luck later on
