|inactive|Battle timer is ON: inactive players will automatically lose when time's up.
|t:|1667005522
|gametype|singles
|player|p1|Aberforth|#aberforth|
|player|p2|edgar|winona|
|teamsize|p1|6
|teamsize|p2|6
|gen|8
|tier|[Gen 8] Ubers
|rule|Sleep Clause Mod: Limit one foe put to sleep
|rule|Species Clause: Limit one of each Pokémon
|rule|OHKO Clause: OHKO moves are banned
|rule|Evasion Items Clause: Evasion items are banned
|rule|Evasion Moves Clause: Evasion moves are banned
|rule|Endless Battle Clause: Forcing endless battles is banned
|rule|HP Percentage Mod: HP is shown in percentages
|rule|Dynamax Clause: You cannot dynamax
|clearpoke
|poke|p1|Kyogre|
|poke|p1|Landorus-Therian, M|
|poke|p1|Eternatus|
|poke|p1|Yveltal|
|poke|p1|Necrozma-Dusk-Mane|
|poke|p1|Pheromosa|
|poke|p2|Calyrex-Ice|
|poke|p2|Xerneas-*|
|poke|p2|Necrozma-Dusk-Mane|
|poke|p2|Yveltal|
|poke|p2|Eternatus|
|poke|p2|Landorus-Therian, M|
|teampreview
|c|☆Aberforth|hf
|c|+Lasen|them
|c|☆edgar|same
|inactive|edgar has 270 seconds left.
|inactive|edgar has 240 seconds left.
|inactive|edgar has 210 seconds left.
|inactive|edgar has 180 seconds left.
|
|t:|1667005649
|start
|switch|p1a: Kyogre|Kyogre|100/100
|switch|p2a: Landorus|Landorus-Therian, M|100/100
|-ability|p2a: Landorus|Intimidate|boost
|-unboost|p1a: Kyogre|atk|1
|-weather|RainDance|[from] ability: Drizzle|[of] p1a: Kyogre
|turn|1
|inactive|edgar has 240 seconds left.
|
|t:|1667005665
|move|p2a: Landorus|U-turn|p1a: Kyogre
|-damage|p1a: Kyogre|69/100
|
|t:|1667005669
|switch|p2a: Eternatus|Eternatus|100/100|[from]move: U-turn
|-ability|p2a: Eternatus|Pressure
|move|p1a: Kyogre|Water Spout|p2a: Eternatus
|-resisted|p2a: Eternatus
|-damage|p2a: Eternatus|60/100
|
|-weather|RainDance|[upkeep]
|upkeep
|turn|2
|
|t:|1667005678
|move|p2a: Eternatus|Recover|p2a: Eternatus
|-heal|p2a: Eternatus|100/100
|move|p1a: Kyogre|Thunder Wave|p2a: Eternatus
|-status|p2a: Eternatus|par
|
|-weather|RainDance|[upkeep]
|upkeep
|turn|3
|
|t:|1667005689
|switch|p1a: Necrozma|Necrozma-Dusk-Mane|100/100
|cant|p2a: Eternatus|par
|
|-weather|RainDance|[upkeep]
|upkeep
|turn|4
|
|t:|1667005705
|switch|p2a: Necrozma|Necrozma-Dusk-Mane|100/100
|move|p1a: Necrozma|Stealth Rock|p2a: Necrozma
|-sidestart|p2: edgar|move: Stealth Rock
|
|-weather|RainDance|[upkeep]
|upkeep
|turn|5
|
|t:|1667005713
|switch|p1a: Landorus|Landorus-Therian, M|100/100
|-ability|p1a: Landorus|Intimidate|boost
|-unboost|p2a: Necrozma|atk|1
|move|p2a: Necrozma|Stealth Rock|p1a: Landorus
|-sidestart|p1: Aberforth|move: Stealth Rock
|
|-weather|none
|upkeep
|turn|6
|
|t:|1667005721
|switch|p2a: Landorus|Landorus-Therian, M|100/100
|-damage|p2a: Landorus|88/100|[from] Stealth Rock
|-ability|p2a: Landorus|Intimidate|boost
|-unboost|p1a: Landorus|atk|1
|move|p1a: Landorus|Toxic|p2a: Landorus
|-status|p2a: Landorus|tox
|
|-damage|p2a: Landorus|82/100 tox|[from] psn
|upkeep
|turn|7
|
|t:|1667005732
|switch|p1a: Yveltal|Yveltal|100/100
|-ability|p1a: Yveltal|Dark Aura
|move|p2a: Landorus|Knock Off|p1a: Yveltal
|-resisted|p1a: Yveltal
|-damage|p1a: Yveltal|81/100
|-enditem|p1a: Yveltal|Heavy-Duty Boots|[from] move: Knock Off|[of] p2a: Landorus
|
|-damage|p2a: Landorus|70/100 tox|[from] psn
|upkeep
|turn|8
|
|t:|1667005743
|switch|p2a: Eternatus|Eternatus|100/100 par
|-damage|p2a: Eternatus|88/100 par|[from] Stealth Rock
|-ability|p2a: Eternatus|Pressure
|move|p1a: Yveltal|Knock Off|p2a: Eternatus
|-damage|p2a: Eternatus|47/100 par
|-enditem|p2a: Eternatus|Power Herb|[from] move: Knock Off|[of] p1a: Yveltal
|
|upkeep
|turn|9
|
|t:|1667005751
|move|p1a: Yveltal|Taunt|p2a: Eternatus
|-start|p2a: Eternatus|move: Taunt
|cant|p2a: Eternatus|move: Taunt|Recover
|
|upkeep
|turn|10
|
|t:|1667005762
|switch|p2a: Yveltal|Yveltal|100/100
|-ability|p2a: Yveltal|Dark Aura
|move|p1a: Yveltal|Knock Off|p2a: Yveltal
|-resisted|p2a: Yveltal
|-damage|p2a: Yveltal|74/100
|-enditem|p2a: Yveltal|Heavy-Duty Boots|[from] move: Knock Off|[of] p1a: Yveltal
|
|upkeep
|turn|11
|inactive|edgar has 240 seconds left.
|
|t:|1667005800
|switch|p1a: Landorus|Landorus-Therian, M|100/100
|-damage|p1a: Landorus|88/100|[from] Stealth Rock
|-ability|p1a: Landorus|Intimidate|boost
|-unboost|p2a: Yveltal|atk|1
|move|p2a: Yveltal|Taunt|p1a: Landorus
|-start|p1a: Landorus|move: Taunt
|
|-heal|p1a: Landorus|94/100|[from] item: Leftovers
|upkeep
|turn|12
|inactive|edgar has 240 seconds left.
|
|t:|1667005809
|move|p2a: Yveltal|Knock Off|p1a: Landorus
|-damage|p1a: Landorus|67/100
|-enditem|p1a: Landorus|Leftovers|[from] move: Knock Off|[of] p2a: Yveltal
|move|p1a: Landorus|U-turn|p2a: Yveltal
|-damage|p2a: Yveltal|54/100
|
|t:|1667005812
|switch|p1a: Pheromosa|Pheromosa|100/100|[from]move: U-turn
|-damage|p1a: Pheromosa|88/100|[from] Stealth Rock
|
|upkeep
|turn|13
|inactive|edgar has 240 seconds left.
|c|+fatfighter2|go LA
|inactive|edgar has 210 seconds left.
|inactive|Aberforth has 270 seconds left.
|inactive|edgar has 180 seconds left.
|
|t:|1667005897
|switch|p2a: Eternatus|Eternatus|47/100 par
|-damage|p2a: Eternatus|35/100 par|[from] Stealth Rock
|-ability|p2a: Eternatus|Pressure
|move|p1a: Pheromosa|U-turn|p2a: Eternatus
|-resisted|p2a: Eternatus
|-damage|p2a: Eternatus|14/100 par
|inactive|Aberforth has 270 seconds left.
|
|t:|1667005908
|switch|p1a: Necrozma|Necrozma-Dusk-Mane|100/100|[from]move: U-turn
|-damage|p1a: Necrozma|94/100|[from] Stealth Rock
|
|-heal|p1a: Necrozma|100/100|[from] item: Leftovers
|upkeep
|turn|14
|inactive|edgar has 180 seconds left.
|
|t:|1667005921
|switch|p2a: Necrozma|Necrozma-Dusk-Mane|100/100
|-damage|p2a: Necrozma|94/100|[from] Stealth Rock
|move|p1a: Necrozma|Iron Head|p2a: Necrozma
|-resisted|p2a: Necrozma
|-damage|p2a: Necrozma|81/100
|
|-heal|p2a: Necrozma|87/100|[from] item: Leftovers
|upkeep
|turn|15
|
|t:|1667005928
|switch|p1a: Landorus|Landorus-Therian, M|67/100
|-damage|p1a: Landorus|54/100|[from] Stealth Rock
|-ability|p1a: Landorus|Intimidate|boost
|-unboost|p2a: Necrozma|atk|1
|move|p2a: Necrozma|Thunder Wave|p1a: Landorus
|-immune|p1a: Landorus
|
|-heal|p2a: Necrozma|93/100|[from] item: Leftovers
|upkeep
|turn|16
|
|t:|1667005941
|move|p2a: Necrozma|Morning Sun|p2a: Necrozma
|-heal|p2a: Necrozma|100/100
|move|p1a: Landorus|Earthquake|p2a: Necrozma
|-supereffective|p2a: Necrozma
|-damage|p2a: Necrozma|50/100
|
|-heal|p2a: Necrozma|56/100|[from] item: Leftovers
|upkeep
|turn|17
|inactive|edgar has 180 seconds left.
|
|t:|1667005970
|move|p2a: Necrozma|Morning Sun|p2a: Necrozma
|-heal|p2a: Necrozma|100/100
|move|p1a: Landorus|U-turn|p2a: Necrozma
|-damage|p2a: Necrozma|84/100
|
|t:|1667005972
|switch|p1a: Kyogre|Kyogre|69/100|[from]move: U-turn
|-damage|p1a: Kyogre|57/100|[from] Stealth Rock
|-weather|RainDance|[from] ability: Drizzle|[of] p1a: Kyogre
|
|-weather|RainDance|[upkeep]
|-heal|p2a: Necrozma|90/100|[from] item: Leftovers
|upkeep
|turn|18
|inactive|edgar has 180 seconds left.
|
|t:|1667005992
|switch|p2a: Eternatus|Eternatus|14/100 par
|-damage|p2a: Eternatus|2/100 par|[from] Stealth Rock
|-ability|p2a: Eternatus|Pressure
|move|p1a: Kyogre|Surf|p2a: Eternatus
|-resisted|p2a: Eternatus
|-crit|p2a: Eternatus
|-damage|p2a: Eternatus|0 fnt
|faint|p2a: Eternatus
|
|-weather|RainDance|[upkeep]
|upkeep
|inactive|edgar has 150 seconds left.
|
|t:|1667006018
|switch|p2a: Yveltal|Yveltal|54/100
|-damage|p2a: Yveltal|29/100|[from] Stealth Rock
|-ability|p2a: Yveltal|Dark Aura
|turn|19
|inactive|edgar has 150 seconds left.
|inactive|Aberforth has 270 seconds left.
|inactive|edgar has 120 seconds left.
|inactive|edgar has 90 seconds left.
|
|t:|1667006101
|move|p2a: Yveltal|Roost|p2a: Yveltal
|-heal|p2a: Yveltal|79/100
|-singleturn|p2a: Yveltal|move: Roost
|move|p1a: Kyogre|Thunder Wave|p2a: Yveltal|[miss]
|-miss|p1a: Kyogre|p2a: Yveltal
|
|-weather|RainDance|[upkeep]
|upkeep
|turn|20
|inactive|edgar has 90 seconds left.
|
|t:|1667006114
|switch|p1a: Landorus|Landorus-Therian, M|54/100
|-damage|p1a: Landorus|42/100|[from] Stealth Rock
|-ability|p1a: Landorus|Intimidate|boost
|-unboost|p2a: Yveltal|atk|1
|move|p2a: Yveltal|Knock Off|p1a: Landorus
|-damage|p1a: Landorus|25/100
|
|-weather|RainDance|[upkeep]
|upkeep
|turn|21
|inactive|edgar has 90 seconds left.
|
|t:|1667006138
|move|p2a: Yveltal|Taunt|p1a: Landorus
|-start|p1a: Landorus|move: Taunt
|move|p1a: Landorus|U-turn|p2a: Yveltal
|-damage|p2a: Yveltal|60/100
|
|t:|1667006142
|switch|p1a: Pheromosa|Pheromosa|88/100|[from]move: U-turn
|-damage|p1a: Pheromosa|76/100|[from] Stealth Rock
|
|-weather|none
|upkeep
|turn|22
|inactive|edgar has 90 seconds left.
|inactive|edgar has 60 seconds left.
|
|t:|1667006192
|move|p1a: Pheromosa|Close Combat|p2a: Yveltal
|-damage|p2a: Yveltal|0 fnt
|-unboost|p1a: Pheromosa|def|1
|-unboost|p1a: Pheromosa|spd|1
|faint|p2a: Yveltal
|-ability|p1a: Pheromosa|Beast Boost|boost
|-boost|p1a: Pheromosa|spe|1
|
|upkeep
|
|t:|1667006197
|switch|p2a: Xerneas|Xerneas|100/100
|-damage|p2a: Xerneas|88/100|[from] Stealth Rock
|-ability|p2a: Xerneas|Fairy Aura
|turn|23
|inactive|edgar has 60 seconds left.
|
|t:|1667006211
|move|p1a: Pheromosa|Close Combat|p2a: Xerneas
|-resisted|p2a: Xerneas
|-damage|p2a: Xerneas|48/100
|-unboost|p1a: Pheromosa|def|1
|-unboost|p1a: Pheromosa|spd|1
|move|p2a: Xerneas|Geomancy||[still]
|-prepare|p2a: Xerneas|Geomancy
|-enditem|p2a: Xerneas|Power Herb
|-anim|p2a: Xerneas|Geomancy|p2a: Xerneas
|-boost|p2a: Xerneas|spa|2
|-boost|p2a: Xerneas|spd|2
|-boost|p2a: Xerneas|spe|2
|
|upkeep
|turn|24
|
|t:|1667006228
|switch|p1a: Landorus|Landorus-Therian, M|25/100
|-damage|p1a: Landorus|13/100|[from] Stealth Rock
|-ability|p1a: Landorus|Intimidate|boost
|-unboost|p2a: Xerneas|atk|1
|move|p2a: Xerneas|Moonblast|p1a: Landorus
|-damage|p1a: Landorus|0 fnt
|faint|p1a: Landorus
|
|upkeep
|
|t:|1667006229
|switch|p1a: Necrozma|Necrozma-Dusk-Mane|100/100
|-damage|p1a: Necrozma|94/100|[from] Stealth Rock
|turn|25
|
|t:|1667006234
|move|p2a: Xerneas|Substitute|p2a: Xerneas
|-start|p2a: Xerneas|Substitute
|-damage|p2a: Xerneas|23/100
|move|p1a: Necrozma|Iron Head|p2a: Xerneas
|-supereffective|p2a: Xerneas
|-end|p2a: Xerneas|Substitute
|
|-heal|p1a: Necrozma|100/100|[from] item: Leftovers
|upkeep
|turn|26
|
|t:|1667006242
|move|p2a: Xerneas|Endeavor|p1a: Necrozma
|-damage|p1a: Necrozma|23/100
|move|p1a: Necrozma|Iron Head|p2a: Xerneas
|-supereffective|p2a: Xerneas
|-damage|p2a: Xerneas|0 fnt
|faint|p2a: Xerneas
|
|-heal|p1a: Necrozma|29/100|[from] item: Leftovers
|upkeep
|
|t:|1667006248
|switch|p2a: Landorus|Landorus-Therian, M|70/100 tox
|-damage|p2a: Landorus|58/100 tox|[from] Stealth Rock
|-ability|p2a: Landorus|Intimidate|boost
|-unboost|p1a: Necrozma|atk|1
|turn|27
|inactive|edgar has 90 seconds left.
|
|t:|1667006272
|move|p2a: Landorus|Stone Edge|p1a: Necrozma|[miss]
|-miss|p2a: Landorus|p1a: Necrozma
|move|p1a: Necrozma|Morning Sun|p1a: Necrozma
|-heal|p1a: Necrozma|79/100
|
|-heal|p1a: Necrozma|85/100|[from] item: Leftovers
|-damage|p2a: Landorus|52/100 tox|[from] psn
|upkeep
|turn|28
|
|t:|1667006281
|switch|p2a: Necrozma|Necrozma-Dusk-Mane|90/100
|-damage|p2a: Necrozma|84/100|[from] Stealth Rock
|switch|p1a: Eternatus|Eternatus|100/100
|-damage|p1a: Eternatus|88/100|[from] Stealth Rock
|-ability|p1a: Eternatus|Pressure
|
|-heal|p2a: Necrozma|90/100|[from] item: Leftovers
|upkeep
|turn|29
|
|t:|1667006287
|move|p1a: Eternatus|Draco Meteor|p2a: Necrozma
|-resisted|p2a: Necrozma
|-damage|p2a: Necrozma|71/100
|-unboost|p1a: Eternatus|spa|2
|-enditem|p1a: Eternatus|Eject Pack
|
|t:|1667006290
|switch|p1a: Kyogre|Kyogre|57/100
|-damage|p1a: Kyogre|44/100|[from] Stealth Rock
|-weather|RainDance|[from] ability: Drizzle|[of] p1a: Kyogre
|move|p2a: Necrozma|Thunder Wave|p1a: Kyogre
|-status|p1a: Kyogre|par
|
|-weather|RainDance|[upkeep]
|-heal|p2a: Necrozma|77/100|[from] item: Leftovers
|upkeep
|turn|30
|inactive|edgar has 90 seconds left.
|
|t:|1667006310
|move|p2a: Necrozma|Sunsteel Strike|p1a: Kyogre
|-resisted|p1a: Kyogre
|-damage|p1a: Kyogre|16/100 par
|move|p1a: Kyogre|Surf|p2a: Necrozma
|-damage|p2a: Necrozma|14/100
|
|-weather|RainDance|[upkeep]
|-heal|p2a: Necrozma|20/100|[from] item: Leftovers
|upkeep
|turn|31
|inactive|edgar has 90 seconds left.
|
|t:|1667006322
|move|p2a: Necrozma|Sunsteel Strike|p1a: Kyogre
|-resisted|p1a: Kyogre
|-damage|p1a: Kyogre|0 fnt
|faint|p1a: Kyogre
|
|-weather|RainDance|[upkeep]
|-heal|p2a: Necrozma|26/100|[from] item: Leftovers
|upkeep
|
|t:|1667006336
|switch|p1a: Pheromosa|Pheromosa|76/100
|-damage|p1a: Pheromosa|63/100|[from] Stealth Rock
|turn|32
|inactive|edgar has 90 seconds left.
|inactive|Aberforth has 270 seconds left.
|
|t:|1667006383
|switch|p2a: Landorus|Landorus-Therian, M|52/100 tox
|-damage|p2a: Landorus|40/100 tox|[from] Stealth Rock
|-ability|p2a: Landorus|Intimidate|boost
|-unboost|p1a: Pheromosa|atk|1
|move|p1a: Pheromosa|Foul Play|p2a: Landorus
|-damage|p2a: Landorus|0 fnt
|faint|p2a: Landorus
|-ability|p1a: Pheromosa|Beast Boost|boost
|-boost|p1a: Pheromosa|spe|1
|
|-weather|RainDance|[upkeep]
|upkeep
|
|t:|1667006398
|switch|p2a: Calyrex|Calyrex-Ice|100/100
|-ability|p2a: Calyrex|As One
|-ability|p2a: Calyrex|Unnerve
|turn|33
|
|t:|1667006404
|move|p1a: Pheromosa|Foul Play|p2a: Calyrex
|-supereffective|p2a: Calyrex
|-damage|p2a: Calyrex|16/100
|move|p2a: Calyrex|Glacial Lance|p1a: Pheromosa
|-damage|p1a: Pheromosa|0 fnt
|faint|p1a: Pheromosa
|-ability|p2a: Calyrex|Chilling Neigh|boost
|-boost|p2a: Calyrex|atk|1
|
|-weather|none
|upkeep
|inactive|Aberforth has 270 seconds left.
|
|t:|1667006426
|switch|p1a: Eternatus|Eternatus|88/100
|-damage|p1a: Eternatus|76/100|[from] Stealth Rock
|-ability|p1a: Eternatus|Pressure
|turn|34
|inactive|edgar has 90 seconds left.
|
|t:|1667006435
|move|p1a: Eternatus|Mystical Fire|p2a: Calyrex
|-supereffective|p2a: Calyrex
|-damage|p2a: Calyrex|0 fnt
|faint|p2a: Calyrex
|
|upkeep
|
|t:|1667006440
|switch|p2a: Necrozma|Necrozma-Dusk-Mane|26/100
|-damage|p2a: Necrozma|20/100|[from] Stealth Rock
|turn|35
|
|t:|1667006445
|move|p1a: Eternatus|Mystical Fire|p2a: Necrozma
|-supereffective|p2a: Necrozma
|-damage|p2a: Necrozma|0 fnt
|faint|p2a: Necrozma
|
|win|Aberforth
|c|☆edgar|gg
|c|☆Aberforth|gg
