|inactive|Battle timer is ON: inactive players will automatically lose when time's up.
|t:|1645124148
|gametype|singles
|player|p1|Ballfire|#ndpl2crying|
|player|p2|sparksblade|clair|
|teamsize|p1|6
|teamsize|p2|6
|gen|8
|tier|[Gen 8] Ubers
|rule|Sleep Clause Mod: Limit one foe put to sleep
|rule|Species Clause: Limit one of each Pokémon
|rule|OHKO Clause: OHKO moves are banned
|rule|Evasion Moves Clause: Evasion moves are banned
|rule|Endless Battle Clause: Forcing endless battles is banned
|rule|HP Percentage Mod: HP is shown in percentages
|rule|Dynamax Clause: You cannot dynamax
|clearpoke
|poke|p1|Xatu, F|
|poke|p1|Blissey, F|
|poke|p1|Xerneas-*|
|poke|p1|Yveltal|
|poke|p1|Toxapex, M|
|poke|p1|Lunala|
|poke|p2|Eternatus|
|poke|p2|Necrozma-Dusk-Mane|
|poke|p2|Yveltal|
|poke|p2|Groudon|
|poke|p2|Ferrothorn, M|
|poke|p2|Marshadow|
|teampreview
|inactive|Ballfire also wants the timer to be on.
|c|☆sparksblade|hf
|c|☆Ballfire|hf
|c|☆sparksblade|wow you brought xatu and espeon
|c|☆Ballfire|!dt espeon
|raw|<div class="message"><ul class="utilichart"><li class="result"><span class="col numcol">PU</span> <span class="col iconcol"><psicon pokemon="espeon"/></span> <span class="col pokemonnamecol" style="white-space:nowrap"><a href="https://dex.pokemonshowdown.com/pokemon/espeon" target="_blank">Espeon</a></span> <span class="col typecol"><img src="https://play.pokemonshowdown.com/sprites/types/Psychic.png" alt="Psychic" height="14" width="32"></span> <span style="float:left;min-height:26px"><span class="col abilitycol">Synchronize</span><span class="col abilitycol"><em>Magic Bounce</em></span></span><span style="float:left;min-height:26px"><span class="col statcol"><em>HP</em><br />65</span> <span class="col statcol"><em>Atk</em><br />65</span> <span class="col statcol"><em>Def</em><br />60</span> <span class="col statcol"><em>SpA</em><br />130</span> <span class="col statcol"><em>SpD</em><br />95</span> <span class="col statcol"><em>Spe</em><br />110</span> <span class="col bstcol"><em>BST<br />525</em></span> </span></li><li style="clear:both"></li></ul></div>
|raw|<font size="1"><font color="#686868">Dex#:</font> 196&nbsp;|&ThickSpace;<font color="#686868">Gen:</font> 2&nbsp;|&ThickSpace;<font color="#686868">Height:</font> 0.9 m&nbsp;|&ThickSpace;<font color="#686868">Weight:</font> 26.5 kg <em>(60 BP)</em>&nbsp;|&ThickSpace;<font color="#686868">Dex Colour:</font> Purple&nbsp;|&ThickSpace;<font color="#686868">Egg Group(s):</font> Field&nbsp;|&ThickSpace;<font color="#686868">Does Not Evolve</font></font>

|inactive|Ballfire has 270 seconds left.
|inactive|sparksblade has 270 seconds left.
|
|t:|1645124195
|start
|switch|p1a: Prédastérie|Toxapex, M|100/100
|switch|p2a: Yveltal|Yveltal|100/100
|-ability|p2a: Yveltal|Dark Aura
|turn|1
|c|+Inder|bring shuri stall is nasty ballfire :o
|c|+Pohjis|ballfire against sparksblade
|c|+Pohjis|ballfire needs the win at all cost
|c|+Pohjis|so he is stalling with no flying resists
|c|☆Ballfire|inder why prep if i can bring shuwris evil teams
|inactive|Ballfire has 270 seconds left.
|
|t:|1645124230
|move|p2a: Yveltal|U-turn|p1a: Prédastérie
|-resisted|p1a: Prédastérie
|-damage|p1a: Prédastérie|94/100
|-damage|p2a: Yveltal|84/100|[from] item: Rocky Helmet|[of] p1a: Prédastérie
|c|+Pohjis|or rock resists
|
|t:|1645124237
|switch|p2a: Eternatus|Eternatus|100/100|[from]move: U-turn
|-ability|p2a: Eternatus|Pressure
|move|p1a: Prédastérie|Knock Off|p2a: Eternatus
|-damage|p2a: Eternatus|90/100
|-enditem|p2a: Eternatus|Heavy-Duty Boots|[from] move: Knock Off|[of] p1a: Prédastérie
|
|upkeep
|turn|2
|inactive|Ballfire has 270 seconds left.
|c|☆Ballfire|pohjis direct all complaints to my assistant (shuwri)
|c|+Inder|you are right 
|
|t:|1645124270
|switch|p2a: Ferrothorn|Ferrothorn, M|100/100
|move|p1a: Prédastérie|Scald|p2a: Ferrothorn
|-resisted|p2a: Ferrothorn
|-damage|p2a: Ferrothorn|95/100
|
|-heal|p2a: Ferrothorn|100/100|[from] item: Leftovers
|upkeep
|turn|3
|
|t:|1645124278
|move|p1a: Prédastérie|Knock Off|p2a: Ferrothorn
|-damage|p2a: Ferrothorn|90/100
|-damage|p1a: Prédastérie|81/100|[from] ability: Iron Barbs|[of] p2a: Ferrothorn
|-enditem|p2a: Ferrothorn|Leftovers|[from] move: Knock Off|[of] p1a: Prédastérie
|move|p2a: Ferrothorn|Knock Off|p1a: Prédastérie
|-damage|p1a: Prédastérie|68/100
|-damage|p2a: Ferrothorn|73/100|[from] item: Rocky Helmet|[of] p1a: Prédastérie
|-enditem|p1a: Prédastérie|Rocky Helmet|[from] move: Knock Off|[of] p2a: Ferrothorn
|
|upkeep
|turn|4
|c|+Inder|imagine have a rock resist 
|
|t:|1645124283
|switch|p1a: Xatu|Xatu, F|100/100
|move|p2a: Ferrothorn|Knock Off|p1a: Xatu
|-supereffective|p1a: Xatu
|-damage|p1a: Xatu|59/100
|-enditem|p1a: Xatu|Leftovers|[from] move: Knock Off|[of] p2a: Ferrothorn
|
|upkeep
|turn|5
|c|+Inder|when you have redacted 
|inactive|Ballfire has 270 seconds left.
|c|☆Ballfire|so true inder
|
|t:|1645124301
|switch|p2a: Eternatus|Eternatus|90/100
|-ability|p2a: Eternatus|Pressure
|move|p1a: Xatu|Roost|p1a: Xatu
|-heal|p1a: Xatu|100/100
|-singleturn|p1a: Xatu|move: Roost
|
|upkeep
|turn|6
|c|+Inder|o_o
|
|t:|1645124309
|switch|p1a: Prédastérie|Toxapex, M|100/100
|move|p2a: Eternatus|Sludge Bomb|p1a: Prédastérie
|-resisted|p1a: Prédastérie
|-damage|p1a: Prédastérie|83/100
|
|upkeep
|turn|7
|inactive|Ballfire has 270 seconds left.
|
|t:|1645124321
|move|p2a: Eternatus|Flamethrower|p1a: Prédastérie
|-resisted|p1a: Prédastérie
|-damage|p1a: Prédastérie|72/100
|move|p1a: Prédastérie|Scald|p2a: Eternatus
|-resisted|p2a: Eternatus
|-damage|p2a: Eternatus|85/100
|
|upkeep
|turn|8
|
|t:|1645124325
|move|p2a: Eternatus|Flamethrower|p1a: Prédastérie
|-resisted|p1a: Prédastérie
|-damage|p1a: Prédastérie|62/100
|move|p1a: Prédastérie|Scald|p2a: Eternatus
|-resisted|p2a: Eternatus
|-damage|p2a: Eternatus|80/100
|-status|p2a: Eternatus|brn
|
|-damage|p2a: Eternatus|74/100 brn|[from] brn
|upkeep
|turn|9
|
|t:|1645124329
|switch|p1a: Leuphorie|Blissey, F|100/100
|move|p2a: Eternatus|Flamethrower|p1a: Leuphorie
|-damage|p1a: Leuphorie|91/100
|-status|p1a: Leuphorie|brn
|
|-heal|p1a: Leuphorie|98/100 brn|[from] item: Leftovers
|-damage|p2a: Eternatus|68/100 brn|[from] brn
|-damage|p1a: Leuphorie|91/100 brn|[from] brn
|upkeep
|turn|10
|
|t:|1645124335
|switch|p2a: Yveltal|Yveltal|84/100
|-ability|p2a: Yveltal|Dark Aura
|move|p1a: Leuphorie|Stealth Rock|p2a: Yveltal
|-sidestart|p2: sparksblade|move: Stealth Rock
|
|-heal|p1a: Leuphorie|98/100 brn|[from] item: Leftovers
|-damage|p1a: Leuphorie|91/100 brn|[from] brn
|upkeep
|turn|11
|
|t:|1645124341
|-curestatus|p1a: Leuphorie|brn|[from] ability: Natural Cure
|switch|p1a: Prédastérie|Toxapex, M|95/100
|move|p2a: Yveltal|Knock Off|p1a: Prédastérie
|-damage|p1a: Prédastérie|66/100
|
|upkeep
|turn|12
|
|t:|1645124346
|move|p2a: Yveltal|Defog|p1a: Prédastérie
|-unboost|p1a: Prédastérie|evasion|1
|-sideend|p2: sparksblade|Stealth Rock|[from] move: Defog|[of] p2a: Yveltal
|move|p1a: Prédastérie|Knock Off|p2a: Yveltal
|-resisted|p2a: Yveltal
|-damage|p2a: Yveltal|75/100
|-enditem|p2a: Yveltal|Heavy-Duty Boots|[from] move: Knock Off|[of] p1a: Prédastérie
|
|upkeep
|turn|13
|
|t:|1645124351
|move|p2a: Yveltal|U-turn|p1a: Prédastérie
|-resisted|p1a: Prédastérie
|-damage|p1a: Prédastérie|59/100
|
|t:|1645124353
|switch|p2a: Eternatus|Eternatus|68/100 brn|[from]move: U-turn
|-ability|p2a: Eternatus|Pressure
|move|p1a: Prédastérie|Scald|p2a: Eternatus
|-resisted|p2a: Eternatus
|-damage|p2a: Eternatus|62/100 brn
|
|-damage|p2a: Eternatus|56/100 brn|[from] brn
|upkeep
|turn|14
|
|t:|1645124357
|switch|p1a: Leuphorie|Blissey, F|91/100
|move|p2a: Eternatus|Recover|p2a: Eternatus
|-heal|p2a: Eternatus|100/100 brn
|
|-heal|p1a: Leuphorie|98/100|[from] item: Leftovers
|-damage|p2a: Eternatus|94/100 brn|[from] brn
|upkeep
|turn|15
|
|t:|1645124363
|switch|p2a: Yveltal|Yveltal|75/100
|-ability|p2a: Yveltal|Dark Aura
|move|p1a: Leuphorie|Stealth Rock|p2a: Yveltal
|-sidestart|p2: sparksblade|move: Stealth Rock
|
|-heal|p1a: Leuphorie|100/100|[from] item: Leftovers
|upkeep
|turn|16
|
|t:|1645124367
|move|p2a: Yveltal|Defog|p1a: Leuphorie
|-unboost|p1a: Leuphorie|evasion|1
|-sideend|p2: sparksblade|Stealth Rock|[from] move: Defog|[of] p2a: Yveltal
|move|p1a: Leuphorie|Toxic|p2a: Yveltal
|-status|p2a: Yveltal|tox
|
|-damage|p2a: Yveltal|69/100 tox|[from] psn
|upkeep
|turn|17
|
|t:|1645124370
|switch|p1a: Prédastérie|Toxapex, M|93/100
|move|p2a: Yveltal|U-turn|p1a: Prédastérie
|-resisted|p1a: Prédastérie
|-damage|p1a: Prédastérie|85/100
|
|t:|1645124376
|switch|p2a: Groudon|Groudon|100/100|[from]move: U-turn
|-weather|SunnyDay|[from] ability: Drought|[of] p2a: Groudon
|
|-weather|SunnyDay|[upkeep]
|upkeep
|turn|18
|
|t:|1645124384
|switch|p1a: Lunala|Lunala|100/100
|move|p2a: Groudon|Precipice Blades|p1a: Lunala|[miss]
|-miss|p2a: Groudon|p1a: Lunala
|
|-weather|SunnyDay|[upkeep]
|upkeep
|turn|19
|c|☆Ballfire|sorry
|
|t:|1645124394
|switch|p2a: Ferrothorn|Ferrothorn, M|73/100
|move|p1a: Lunala|Will-O-Wisp|p2a: Ferrothorn
|-status|p2a: Ferrothorn|brn
|
|-weather|SunnyDay|[upkeep]
|-damage|p2a: Ferrothorn|67/100 brn|[from] brn
|upkeep
|turn|20
|
|t:|1645124416
|switch|p1a: Xatu|Xatu, F|100/100
|move|p2a: Ferrothorn|Leech Seed|p1a: Xatu
|move|p1a: Xatu|Leech Seed|p2a: Ferrothorn|[from]ability: Magic Bounce
|-immune|p2a: Ferrothorn
|
|-weather|SunnyDay|[upkeep]
|-damage|p2a: Ferrothorn|61/100 brn|[from] brn
|upkeep
|turn|21
|
|t:|1645124424
|switch|p2a: Eternatus|Eternatus|94/100 brn
|-ability|p2a: Eternatus|Pressure
|move|p1a: Xatu|Heat Wave|p2a: Eternatus
|-resisted|p2a: Eternatus
|-damage|p2a: Eternatus|84/100 brn
|
|-weather|none
|-damage|p2a: Eternatus|78/100 brn|[from] brn
|upkeep
|turn|22
|
|t:|1645124431
|switch|p2a: Yveltal|Yveltal|69/100 tox
|-ability|p2a: Yveltal|Dark Aura
|move|p1a: Xatu|Night Shade|p2a: Yveltal
|-damage|p2a: Yveltal|44/100 tox
|
|-damage|p2a: Yveltal|38/100 tox|[from] psn
|upkeep
|turn|23
|
|t:|1645124438
|switch|p1a: Prédastérie|Toxapex, M|100/100
|move|p2a: Yveltal|Roost|p2a: Yveltal
|-heal|p2a: Yveltal|88/100 tox
|-singleturn|p2a: Yveltal|move: Roost
|
|-damage|p2a: Yveltal|76/100 tox|[from] psn
|upkeep
|turn|24
|
|t:|1645124447
|move|p2a: Yveltal|U-turn|p1a: Prédastérie
|-resisted|p1a: Prédastérie
|-damage|p1a: Prédastérie|94/100
|
|t:|1645124450
|switch|p2a: Eternatus|Eternatus|78/100 brn|[from]move: U-turn
|-ability|p2a: Eternatus|Pressure
|move|p1a: Prédastérie|Knock Off|p2a: Eternatus
|-damage|p2a: Eternatus|71/100 brn
|
|-damage|p2a: Eternatus|65/100 brn|[from] brn
|upkeep
|turn|25
|
|t:|1645124460
|switch|p2a: Yveltal|Yveltal|76/100 tox
|-ability|p2a: Yveltal|Dark Aura
|move|p1a: Prédastérie|Knock Off|p2a: Yveltal
|-resisted|p2a: Yveltal
|-damage|p2a: Yveltal|70/100 tox
|
|-damage|p2a: Yveltal|64/100 tox|[from] psn
|upkeep
|turn|26
|
|t:|1645124468
|switch|p1a: Xerneas|Xerneas|100/100
|-ability|p1a: Xerneas|Fairy Aura
|move|p2a: Yveltal|Roost|p2a: Yveltal
|-heal|p2a: Yveltal|100/100 tox
|-singleturn|p2a: Yveltal|move: Roost
|
|-damage|p2a: Yveltal|88/100 tox|[from] psn
|upkeep
|turn|27
|
|t:|1645124474
|switch|p2a: Necrozma|Necrozma-Dusk-Mane|100/100
|switch|p1a: Prédastérie|Toxapex, M|100/100
|
|upkeep
|turn|28
|
|t:|1645124480
|switch|p2a: Eternatus|Eternatus|65/100 brn
|-ability|p2a: Eternatus|Pressure
|move|p1a: Prédastérie|Scald|p2a: Eternatus
|-resisted|p2a: Eternatus
|-damage|p2a: Eternatus|60/100 brn
|
|-damage|p2a: Eternatus|54/100 brn|[from] brn
|upkeep
|turn|29
|
|t:|1645124485
|switch|p2a: Yveltal|Yveltal|88/100 tox
|-ability|p2a: Yveltal|Dark Aura
|switch|p1a: Leuphorie|Blissey, F|100/100
|
|-damage|p2a: Yveltal|82/100 tox|[from] psn
|upkeep
|turn|30
|
|t:|1645124492
|switch|p1a: Prédastérie|Toxapex, M|100/100
|move|p2a: Yveltal|Knock Off|p1a: Prédastérie
|-damage|p1a: Prédastérie|72/100
|
|-damage|p2a: Yveltal|70/100 tox|[from] psn
|upkeep
|turn|31
|
|t:|1645124497
|switch|p1a: Leuphorie|Blissey, F|100/100
|move|p2a: Yveltal|U-turn|p1a: Leuphorie
|-crit|p1a: Leuphorie
|-damage|p1a: Leuphorie|65/100
|c|☆Ballfire|oh my
|
|t:|1645124502
|switch|p2a: Necrozma|Necrozma-Dusk-Mane|100/100|[from]move: U-turn
|
|-heal|p1a: Leuphorie|72/100|[from] item: Leftovers
|upkeep
|turn|32
|
|t:|1645124510
|switch|p1a: Prédastérie|Toxapex, M|100/100
|move|p2a: Necrozma|Knock Off|p1a: Prédastérie
|-damage|p1a: Prédastérie|87/100
|
|upkeep
|turn|33
|c|+Pohjis|ballfire
|
|t:|1645124525
|switch|p2a: Eternatus|Eternatus|54/100 brn
|-ability|p2a: Eternatus|Pressure
|move|p1a: Prédastérie|Knock Off|p2a: Eternatus
|-damage|p2a: Eternatus|47/100 brn
|
|-damage|p2a: Eternatus|41/100 brn|[from] brn
|upkeep
|turn|34
|c|☆Ballfire|hmm?
|c|+Pohjis|do you know what predasterie means
|c|☆Ballfire|no idea
|c|+Inder|bruh
|
|t:|1645124539
|switch|p1a: Leuphorie|Blissey, F|72/100
|move|p2a: Eternatus|Recover|p2a: Eternatus
|-heal|p2a: Eternatus|91/100 brn
|
|-heal|p1a: Leuphorie|78/100|[from] item: Leftovers
|-damage|p2a: Eternatus|85/100 brn|[from] brn
|upkeep
|turn|35
|c|+Pohjis|toxapex in french
|c|+Pohjis|-_-
|c|☆Ballfire|LOL
|
|t:|1645124549
|switch|p2a: Groudon|Groudon|100/100
|-weather|SunnyDay|[from] ability: Drought|[of] p2a: Groudon
|move|p1a: Leuphorie|Stealth Rock|p2a: Groudon
|-sidestart|p2: sparksblade|move: Stealth Rock
|
|-weather|SunnyDay|[upkeep]
|-heal|p1a: Leuphorie|84/100|[from] item: Leftovers
|upkeep
|turn|36
|
|t:|1645124558
|switch|p1a: Lunala|Lunala|100/100
|move|p2a: Groudon|Stealth Rock|p1a: Lunala
|-sidestart|p1: Ballfire|move: Stealth Rock
|
|-weather|SunnyDay|[upkeep]
|upkeep
|turn|37
|
|t:|1645124567
|switch|p2a: Eternatus|Eternatus|85/100 brn
|-damage|p2a: Eternatus|73/100 brn|[from] Stealth Rock
|-ability|p2a: Eternatus|Pressure
|move|p1a: Lunala|Defog|p2a: Eternatus
|-unboost|p2a: Eternatus|evasion|1
|-sideend|p2: sparksblade|Stealth Rock|[from] move: Defog|[of] p1a: Lunala
|-sideend|p1: Ballfire|Stealth Rock|[from] move: Defog|[of] p1a: Lunala
|
|-weather|SunnyDay|[upkeep]
|-damage|p2a: Eternatus|67/100 brn|[from] brn
|upkeep
|turn|38
|c|+Inder|it’s the same for all nicks
|c|+Inder|:o
|
|t:|1645124577
|switch|p2a: Necrozma|Necrozma-Dusk-Mane|100/100
|switch|p1a: Prédastérie|Toxapex, M|100/100
|
|-weather|SunnyDay|[upkeep]
|upkeep
|turn|39
|
|t:|1645124590
|switch|p2a: Eternatus|Eternatus|67/100 brn
|-ability|p2a: Eternatus|Pressure
|move|p1a: Prédastérie|Knock Off|p2a: Eternatus
|-damage|p2a: Eternatus|60/100 brn
|
|-weather|none
|-damage|p2a: Eternatus|53/100 brn|[from] brn
|upkeep
|turn|40
|
|t:|1645124594
|switch|p2a: Yveltal|Yveltal|70/100 tox
|-ability|p2a: Yveltal|Dark Aura
|switch|p1a: Leuphorie|Blissey, F|84/100
|
|-heal|p1a: Leuphorie|90/100|[from] item: Leftovers
|-damage|p2a: Yveltal|64/100 tox|[from] psn
|upkeep
|turn|41
|c|+Pohjis|i am sure he thought they were like anime characters
|
|t:|1645124600
|switch|p1a: Prédastérie|Toxapex, M|100/100
|move|p2a: Yveltal|Knock Off|p1a: Prédastérie
|-damage|p1a: Prédastérie|75/100
|
|-damage|p2a: Yveltal|52/100 tox|[from] psn
|upkeep
|turn|42
|c|☆Ballfire|i did
|
|t:|1645124610
|switch|p1a: Xerneas|Xerneas|100/100
|-ability|p1a: Xerneas|Fairy Aura
|move|p2a: Yveltal|Roost|p2a: Yveltal
|-heal|p2a: Yveltal|100/100 tox
|-singleturn|p2a: Yveltal|move: Roost
|
|-damage|p2a: Yveltal|82/100 tox|[from] psn
|upkeep
|turn|43
|
|t:|1645124627
|move|p2a: Yveltal|U-turn|p1a: Xerneas
|-resisted|p1a: Xerneas
|-damage|p1a: Xerneas|94/100
|
|t:|1645124630
|switch|p2a: Necrozma|Necrozma-Dusk-Mane|100/100|[from]move: U-turn
|move|p1a: Xerneas|Moonblast|p2a: Necrozma
|-resisted|p2a: Necrozma
|-damage|p2a: Necrozma|84/100
|
|-heal|p1a: Xerneas|99/100|[from] item: Leftovers
|-heal|p2a: Necrozma|90/100|[from] item: Leftovers
|upkeep
|turn|44
|
|t:|1645124640
|switch|p1a: Prédastérie|Toxapex, M|100/100
|move|p2a: Necrozma|Knock Off|p1a: Prédastérie
|-damage|p1a: Prédastérie|86/100
|
|-heal|p2a: Necrozma|96/100|[from] item: Leftovers
|upkeep
|turn|45
|
|t:|1645124654
|switch|p2a: Eternatus|Eternatus|53/100 brn
|-ability|p2a: Eternatus|Pressure
|switch|p1a: Yveltal|Yveltal|100/100
|-ability|p1a: Yveltal|Dark Aura
|
|-damage|p2a: Eternatus|47/100 brn|[from] brn
|upkeep
|turn|46
|
|t:|1645124659
|switch|p1a: Prédastérie|Toxapex, M|100/100
|move|p2a: Eternatus|Recover|p2a: Eternatus
|-heal|p2a: Eternatus|97/100 brn
|
|-damage|p2a: Eternatus|91/100 brn|[from] brn
|upkeep
|turn|47
|
|t:|1645124664
|switch|p2a: Yveltal|Yveltal|82/100 tox
|-ability|p2a: Yveltal|Dark Aura
|switch|p1a: Leuphorie|Blissey, F|90/100
|
|-heal|p1a: Leuphorie|96/100|[from] item: Leftovers
|-damage|p2a: Yveltal|76/100 tox|[from] psn
|upkeep
|turn|48
|
|t:|1645124670
|switch|p1a: Prédastérie|Toxapex, M|100/100
|move|p2a: Yveltal|U-turn|p1a: Prédastérie
|-resisted|p1a: Prédastérie
|-damage|p1a: Prédastérie|93/100
|
|t:|1645124673
|switch|p2a: Groudon|Groudon|100/100|[from]move: U-turn
|-weather|SunnyDay|[from] ability: Drought|[of] p2a: Groudon
|
|-weather|SunnyDay|[upkeep]
|upkeep
|turn|49
|
|t:|1645124682
|switch|p1a: Xatu|Xatu, F|100/100
|move|p2a: Groudon|Precipice Blades|p1a: Xatu
|-immune|p1a: Xatu
|
|-weather|SunnyDay|[upkeep]
|upkeep
|turn|50
|
|t:|1645124690
|switch|p2a: Eternatus|Eternatus|91/100 brn
|-ability|p2a: Eternatus|Pressure
|move|p1a: Xatu|Substitute|p1a: Xatu
|-start|p1a: Xatu|Substitute
|-damage|p1a: Xatu|76/100
|
|-weather|SunnyDay|[upkeep]
|-damage|p2a: Eternatus|85/100 brn|[from] brn
|upkeep
|turn|51
|c|☆Ballfire|legend spammer destroyed with toxapex
|
|t:|1645124699
|move|p2a: Eternatus|Flamethrower|p1a: Xatu
|-end|p1a: Xatu|Substitute
|move|p1a: Xatu|Night Shade|p2a: Eternatus
|-damage|p2a: Eternatus|64/100 brn
|
|-weather|SunnyDay|[upkeep]
|-damage|p2a: Eternatus|58/100 brn|[from] brn
|upkeep
|turn|52
|c|+Inder|sub xatu
|
|t:|1645124707
|move|p2a: Eternatus|Recover|p2a: Eternatus
|-heal|p2a: Eternatus|100/100 brn
|move|p1a: Xatu|Roost|p1a: Xatu
|-heal|p1a: Xatu|100/100
|-singleturn|p1a: Xatu|move: Roost
|
|-weather|none
|-damage|p2a: Eternatus|94/100 brn|[from] brn
|upkeep
|turn|53
|
|t:|1645124711
|switch|p2a: Yveltal|Yveltal|76/100 tox
|-ability|p2a: Yveltal|Dark Aura
|switch|p1a: Leuphorie|Blissey, F|96/100
|
|-heal|p1a: Leuphorie|100/100|[from] item: Leftovers
|-damage|p2a: Yveltal|70/100 tox|[from] psn
|upkeep
|turn|54
|
|t:|1645124717
|switch|p1a: Prédastérie|Toxapex, M|100/100
|move|p2a: Yveltal|Roost|p2a: Yveltal
|-heal|p2a: Yveltal|100/100 tox
|-singleturn|p2a: Yveltal|move: Roost
|
|-damage|p2a: Yveltal|88/100 tox|[from] psn
|upkeep
|turn|55
|
|t:|1645124724
|switch|p1a: Xerneas|Xerneas|99/100
|-ability|p1a: Xerneas|Fairy Aura
|move|p2a: Yveltal|U-turn|p1a: Xerneas
|-resisted|p1a: Xerneas
|-damage|p1a: Xerneas|93/100
|
|t:|1645124732
|switch|p2a: Necrozma|Necrozma-Dusk-Mane|96/100|[from]move: U-turn
|
|-heal|p1a: Xerneas|99/100|[from] item: Leftovers
|-heal|p2a: Necrozma|100/100|[from] item: Leftovers
|upkeep
|turn|56
|
|t:|1645124737
|switch|p1a: Prédastérie|Toxapex, M|100/100
|move|p2a: Necrozma|Knock Off|p1a: Prédastérie
|-damage|p1a: Prédastérie|86/100
|
|upkeep
|turn|57
|
|t:|1645124747
|switch|p2a: Yveltal|Yveltal|88/100 tox
|-ability|p2a: Yveltal|Dark Aura
|switch|p1a: Yveltal|Yveltal|100/100
|-ability|p1a: Yveltal|Dark Aura
|
|-damage|p2a: Yveltal|82/100 tox|[from] psn
|upkeep
|turn|58
|
|t:|1645124757
|switch|p1a: Prédastérie|Toxapex, M|100/100
|switch|p2a: Eternatus|Eternatus|94/100 brn
|-ability|p2a: Eternatus|Pressure
|
|-damage|p2a: Eternatus|88/100 brn|[from] brn
|upkeep
|turn|59
|
|t:|1645124761
|switch|p2a: Yveltal|Yveltal|82/100 tox
|-ability|p2a: Yveltal|Dark Aura
|switch|p1a: Leuphorie|Blissey, F|100/100
|
|-damage|p2a: Yveltal|76/100 tox|[from] psn
|upkeep
|turn|60
|
|t:|1645124765
|switch|p1a: Prédastérie|Toxapex, M|100/100
|move|p2a: Yveltal|Knock Off|p1a: Prédastérie
|-damage|p1a: Prédastérie|75/100
|
|-damage|p2a: Yveltal|64/100 tox|[from] psn
|upkeep
|turn|61
|
|t:|1645124769
|switch|p1a: Yveltal|Yveltal|100/100
|-ability|p1a: Yveltal|Dark Aura
|move|p2a: Yveltal|Roost|p2a: Yveltal
|-heal|p2a: Yveltal|100/100 tox
|-singleturn|p2a: Yveltal|move: Roost
|
|-damage|p2a: Yveltal|82/100 tox|[from] psn
|upkeep
|turn|62
|
|t:|1645124774
|switch|p1a: Prédastérie|Toxapex, M|100/100
|move|p2a: Yveltal|U-turn|p1a: Prédastérie
|-resisted|p1a: Prédastérie
|-damage|p1a: Prédastérie|93/100
|
|t:|1645124777
|switch|p2a: Groudon|Groudon|100/100|[from]move: U-turn
|-weather|SunnyDay|[from] ability: Drought|[of] p2a: Groudon
|
|-weather|SunnyDay|[upkeep]
|upkeep
|turn|63
|
|t:|1645124788
|switch|p1a: Xatu|Xatu, F|100/100
|move|p2a: Groudon|Precipice Blades|p1a: Xatu
|-immune|p1a: Xatu
|
|-weather|SunnyDay|[upkeep]
|upkeep
|turn|64
|
|t:|1645124794
|switch|p2a: Eternatus|Eternatus|88/100 brn
|-ability|p2a: Eternatus|Pressure
|move|p1a: Xatu|Night Shade|p2a: Eternatus
|-damage|p2a: Eternatus|67/100 brn
|
|-weather|SunnyDay|[upkeep]
|-damage|p2a: Eternatus|61/100 brn|[from] brn
|upkeep
|turn|65
|
|t:|1645124802
|switch|p1a: Prédastérie|Toxapex, M|100/100
|move|p2a: Eternatus|Flamethrower|p1a: Prédastérie
|-resisted|p1a: Prédastérie
|-damage|p1a: Prédastérie|85/100
|
|-weather|SunnyDay|[upkeep]
|-damage|p2a: Eternatus|55/100 brn|[from] brn
|upkeep
|turn|66
|
|t:|1645124808
|switch|p2a: Yveltal|Yveltal|82/100 tox
|-ability|p2a: Yveltal|Dark Aura
|switch|p1a: Yveltal|Yveltal|100/100
|-ability|p1a: Yveltal|Dark Aura
|
|-weather|none
|-damage|p2a: Yveltal|76/100 tox|[from] psn
|upkeep
|turn|67
|
|t:|1645124813
|switch|p1a: Prédastérie|Toxapex, M|100/100
|move|p2a: Yveltal|Knock Off|p1a: Prédastérie
|-damage|p1a: Prédastérie|74/100
|
|-damage|p2a: Yveltal|64/100 tox|[from] psn
|upkeep
|turn|68
|
|t:|1645124818
|switch|p1a: Leuphorie|Blissey, F|100/100
|move|p2a: Yveltal|U-turn|p1a: Leuphorie
|-crit|p1a: Leuphorie
|-damage|p1a: Leuphorie|68/100
|
|t:|1645124834
|switch|p2a: Groudon|Groudon|100/100|[from]move: U-turn
|-weather|SunnyDay|[from] ability: Drought|[of] p2a: Groudon
|
|-weather|SunnyDay|[upkeep]
|-heal|p1a: Leuphorie|74/100|[from] item: Leftovers
|upkeep
|turn|69
|
|t:|1645124842
|switch|p1a: Xatu|Xatu, F|100/100
|move|p2a: Groudon|Stone Edge|p1a: Xatu
|-supereffective|p1a: Xatu
|-damage|p1a: Xatu|38/100
|
|-weather|SunnyDay|[upkeep]
|upkeep
|turn|70
|
|t:|1645124850
|switch|p2a: Marshadow|Marshadow|100/100
|move|p1a: Xatu|Substitute|p1a: Xatu
|-start|p1a: Xatu|Substitute
|-damage|p1a: Xatu|13/100
|
|-weather|SunnyDay|[upkeep]
|upkeep
|turn|71
|
|t:|1645124867
|switch|p1a: Prédastérie|Toxapex, M|100/100
|move|p2a: Marshadow|Spectral Thief|p1a: Prédastérie
|-damage|p1a: Prédastérie|55/100
|
|-weather|SunnyDay|[upkeep]
|upkeep
|turn|72
|inactive|Ballfire has 270 seconds left.
|
|t:|1645124894
|switch|p1a: Leuphorie|Blissey, F|74/100
|move|p2a: Marshadow|Spectral Thief|p1a: Leuphorie
|-immune|p1a: Leuphorie
|
|-weather|none
|-heal|p1a: Leuphorie|80/100|[from] item: Leftovers
|upkeep
|turn|73
|
|t:|1645124902
|switch|p2a: Groudon|Groudon|100/100
|-weather|SunnyDay|[from] ability: Drought|[of] p2a: Groudon
|move|p1a: Leuphorie|Stealth Rock|p2a: Groudon
|-sidestart|p2: sparksblade|move: Stealth Rock
|
|-weather|SunnyDay|[upkeep]
|-heal|p1a: Leuphorie|87/100|[from] item: Leftovers
|upkeep
|turn|74
|
|t:|1645124911
|switch|p1a: Lunala|Lunala|100/100
|move|p2a: Groudon|Stealth Rock|p1a: Lunala
|-sidestart|p1: Ballfire|move: Stealth Rock
|
|-weather|SunnyDay|[upkeep]
|upkeep
|turn|75
|
|t:|1645124919
|switch|p2a: Ferrothorn|Ferrothorn, M|61/100 brn
|-damage|p2a: Ferrothorn|54/100 brn|[from] Stealth Rock
|move|p1a: Lunala|Defog|p2a: Ferrothorn
|-unboost|p2a: Ferrothorn|evasion|1
|-sideend|p2: sparksblade|Stealth Rock|[from] move: Defog|[of] p1a: Lunala
|-sideend|p1: Ballfire|Stealth Rock|[from] move: Defog|[of] p1a: Lunala
|
|-weather|SunnyDay|[upkeep]
|-damage|p2a: Ferrothorn|48/100 brn|[from] brn
|upkeep
|turn|76
|
|t:|1645124947
|move|p1a: Lunala|Hex|p2a: Ferrothorn
|-damage|p2a: Ferrothorn|11/100 brn
|move|p2a: Ferrothorn|Knock Off|p1a: Lunala
|-supereffective|p1a: Lunala
|-damage|p1a: Lunala|85/100
|-enditem|p1a: Lunala|Leftovers|[from] move: Knock Off|[of] p2a: Ferrothorn
|
|-weather|SunnyDay|[upkeep]
|-damage|p2a: Ferrothorn|5/100 brn|[from] brn
|upkeep
|turn|77
|
|t:|1645124957
|switch|p2a: Yveltal|Yveltal|64/100 tox
|-ability|p2a: Yveltal|Dark Aura
|move|p1a: Lunala|Hex|p2a: Yveltal
|-resisted|p2a: Yveltal
|-damage|p2a: Yveltal|42/100 tox
|
|-weather|none
|-damage|p2a: Yveltal|36/100 tox|[from] psn
|upkeep
|turn|78
|
|t:|1645124961
|switch|p1a: Prédastérie|Toxapex, M|88/100
|move|p2a: Yveltal|Roost|p2a: Yveltal
|-heal|p2a: Yveltal|86/100 tox
|-singleturn|p2a: Yveltal|move: Roost
|
|-damage|p2a: Yveltal|74/100 tox|[from] psn
|upkeep
|turn|79
|
|t:|1645124973
|move|p2a: Yveltal|U-turn|p1a: Prédastérie
|-resisted|p1a: Prédastérie
|-damage|p1a: Prédastérie|80/100
|
|t:|1645124976
|switch|p2a: Eternatus|Eternatus|55/100 brn|[from]move: U-turn
|-ability|p2a: Eternatus|Pressure
|move|p1a: Prédastérie|Knock Off|p2a: Eternatus
|-damage|p2a: Eternatus|47/100 brn
|
|-damage|p2a: Eternatus|41/100 brn|[from] brn
|upkeep
|turn|80
|
|t:|1645124990
|switch|p1a: Leuphorie|Blissey, F|87/100
|move|p2a: Eternatus|Recover|p2a: Eternatus
|-heal|p2a: Eternatus|91/100 brn
|
|-heal|p1a: Leuphorie|93/100|[from] item: Leftovers
|-damage|p2a: Eternatus|85/100 brn|[from] brn
|upkeep
|turn|81
|
|t:|1645124998
|switch|p2a: Groudon|Groudon|100/100
|-weather|SunnyDay|[from] ability: Drought|[of] p2a: Groudon
|move|p1a: Leuphorie|Toxic|p2a: Groudon
|-status|p2a: Groudon|tox
|
|-weather|SunnyDay|[upkeep]
|-heal|p1a: Leuphorie|99/100|[from] item: Leftovers
|-damage|p2a: Groudon|94/100 tox|[from] psn
|upkeep
|turn|82
|c|☆Ballfire|right
|
|t:|1645125007
|switch|p1a: Lunala|Lunala|85/100
|move|p2a: Groudon|Stone Edge|p1a: Lunala
|-damage|p1a: Lunala|57/100
|
|-weather|SunnyDay|[upkeep]
|-heal|p2a: Groudon|100/100 tox|[from] item: Leftovers
|-damage|p2a: Groudon|88/100 tox|[from] psn
|upkeep
|turn|83
|c|☆Ballfire|i forgot i have other buttons
|
|t:|1645125022
|move|p1a: Lunala|Roost|p1a: Lunala
|-heal|p1a: Lunala|100/100
|-singleturn|p1a: Lunala|move: Roost
|move|p2a: Groudon|Stealth Rock|p1a: Lunala
|-sidestart|p1: Ballfire|move: Stealth Rock
|
|-weather|SunnyDay|[upkeep]
|-heal|p2a: Groudon|94/100 tox|[from] item: Leftovers
|-damage|p2a: Groudon|76/100 tox|[from] psn
|upkeep
|turn|84
|
|t:|1645125031
|switch|p2a: Yveltal|Yveltal|74/100 tox
|-ability|p2a: Yveltal|Dark Aura
|move|p1a: Lunala|Defog|p2a: Yveltal
|-unboost|p2a: Yveltal|evasion|1
|-sideend|p1: Ballfire|Stealth Rock|[from] move: Defog|[of] p1a: Lunala
|
|-weather|SunnyDay|[upkeep]
|-damage|p2a: Yveltal|67/100 tox|[from] psn
|upkeep
|turn|85
|
|t:|1645125060
|switch|p1a: Prédastérie|Toxapex, M|100/100
|move|p2a: Yveltal|U-turn|p1a: Prédastérie
|-resisted|p1a: Prédastérie
|-damage|p1a: Prédastérie|93/100
|
|t:|1645125068
|switch|p2a: Eternatus|Eternatus|85/100 brn|[from]move: U-turn
|-ability|p2a: Eternatus|Pressure
|
|-weather|none
|-damage|p2a: Eternatus|79/100 brn|[from] brn
|upkeep
|turn|86
|
|t:|1645125079
|switch|p2a: Yveltal|Yveltal|67/100 tox
|-ability|p2a: Yveltal|Dark Aura
|switch|p1a: Leuphorie|Blissey, F|99/100
|
|-heal|p1a: Leuphorie|100/100|[from] item: Leftovers
|-damage|p2a: Yveltal|61/100 tox|[from] psn
|upkeep
|turn|87
|
|t:|1645125083
|switch|p1a: Prédastérie|Toxapex, M|100/100
|move|p2a: Yveltal|Knock Off|p1a: Prédastérie
|-damage|p1a: Prédastérie|76/100
|
|-damage|p2a: Yveltal|49/100 tox|[from] psn
|upkeep
|turn|88
|
|t:|1645125093
|switch|p1a: Xerneas|Xerneas|99/100
|-ability|p1a: Xerneas|Fairy Aura
|move|p2a: Yveltal|Roost|p2a: Yveltal
|-heal|p2a: Yveltal|99/100 tox
|-singleturn|p2a: Yveltal|move: Roost
|
|-heal|p1a: Xerneas|100/100|[from] item: Leftovers
|-damage|p2a: Yveltal|81/100 tox|[from] psn
|upkeep
|turn|89
|
|t:|1645125101
|switch|p1a: Prédastérie|Toxapex, M|100/100
|move|p2a: Yveltal|U-turn|p1a: Prédastérie
|-resisted|p1a: Prédastérie
|-damage|p1a: Prédastérie|93/100
|
|t:|1645125109
|switch|p2a: Groudon|Groudon|76/100 tox|[from]move: U-turn
|-weather|SunnyDay|[from] ability: Drought|[of] p2a: Groudon
|
|-weather|SunnyDay|[upkeep]
|-heal|p2a: Groudon|82/100 tox|[from] item: Leftovers
|-damage|p2a: Groudon|76/100 tox|[from] psn
|upkeep
|turn|90
|
|t:|1645125121
|switch|p2a: Marshadow|Marshadow|100/100
|switch|p1a: Xatu|Xatu, F|13/100
|
|-weather|SunnyDay|[upkeep]
|upkeep
|turn|91
|
|t:|1645125131
|switch|p1a: Prédastérie|Toxapex, M|100/100
|move|p2a: Marshadow|Spectral Thief|p1a: Prédastérie
|-damage|p1a: Prédastérie|56/100
|
|-weather|SunnyDay|[upkeep]
|upkeep
|turn|92
|
|t:|1645125142
|switch|p2a: Groudon|Groudon|76/100 tox
|move|p1a: Prédastérie|Scald|p2a: Groudon
|-supereffective|p2a: Groudon
|-damage|p2a: Groudon|60/100 tox
|
|-weather|SunnyDay|[upkeep]
|-heal|p2a: Groudon|66/100 tox|[from] item: Leftovers
|-damage|p2a: Groudon|60/100 tox|[from] psn
|upkeep
|turn|93
|
|t:|1645125149
|switch|p2a: Marshadow|Marshadow|100/100
|switch|p1a: Lunala|Lunala|100/100
|
|-weather|none
|upkeep
|turn|94
|
|t:|1645125161
|switch|p1a: Prédastérie|Toxapex, M|89/100
|move|p2a: Marshadow|Spectral Thief|p1a: Prédastérie
|-damage|p1a: Prédastérie|46/100
|
|upkeep
|turn|95
|
|t:|1645125186
|switch|p1a: Leuphorie|Blissey, F|100/100
|move|p2a: Marshadow|Spectral Thief|p1a: Leuphorie
|-immune|p1a: Leuphorie
|
|upkeep
|turn|96
|
|t:|1645125197
|switch|p2a: Groudon|Groudon|60/100 tox
|-weather|SunnyDay|[from] ability: Drought|[of] p2a: Groudon
|switch|p1a: Prédastérie|Toxapex, M|79/100
|
|-weather|SunnyDay|[upkeep]
|-heal|p2a: Groudon|66/100 tox|[from] item: Leftovers
|-damage|p2a: Groudon|60/100 tox|[from] psn
|upkeep
|turn|97
|
|t:|1645125208
|switch|p1a: Xatu|Xatu, F|13/100
|move|p2a: Groudon|Precipice Blades|p1a: Xatu
|-immune|p1a: Xatu
|
|-weather|SunnyDay|[upkeep]
|-heal|p2a: Groudon|66/100 tox|[from] item: Leftovers
|-damage|p2a: Groudon|54/100 tox|[from] psn
|upkeep
|turn|98
|
|t:|1645125228
|switch|p2a: Marshadow|Marshadow|100/100
|move|p1a: Xatu|Roost|p1a: Xatu
|-heal|p1a: Xatu|63/100
|-singleturn|p1a: Xatu|move: Roost
|
|-weather|SunnyDay|[upkeep]
|upkeep
|turn|99
|
|t:|1645125236
|switch|p1a: Prédastérie|Toxapex, M|100/100
|move|p2a: Marshadow|Spectral Thief|p1a: Prédastérie
|-damage|p1a: Prédastérie|54/100
|
|-weather|SunnyDay|[upkeep]
|upkeep
|turn|100
|
|t:|1645125241
|switch|p2a: Groudon|Groudon|54/100 tox
|switch|p1a: Leuphorie|Blissey, F|100/100
|
|-weather|none
|-heal|p2a: Groudon|60/100 tox|[from] item: Leftovers
|-damage|p2a: Groudon|54/100 tox|[from] psn
|upkeep
|turn|101
|
|t:|1645125248
|switch|p2a: Marshadow|Marshadow|100/100
|switch|p1a: Lunala|Lunala|100/100
|
|upkeep
|turn|102
|
|t:|1645125253
|switch|p1a: Prédastérie|Toxapex, M|87/100
|move|p2a: Marshadow|Spectral Thief|p1a: Prédastérie
|-damage|p1a: Prédastérie|38/100
|
|upkeep
|turn|103
|
|t:|1645125262
|switch|p2a: Yveltal|Yveltal|81/100 tox
|-ability|p2a: Yveltal|Dark Aura
|switch|p1a: Leuphorie|Blissey, F|100/100
|
|-damage|p2a: Yveltal|75/100 tox|[from] psn
|upkeep
|turn|104
|
|t:|1645125268
|switch|p1a: Prédastérie|Toxapex, M|72/100
|move|p2a: Yveltal|U-turn|p1a: Prédastérie
|-resisted|p1a: Prédastérie
|-damage|p1a: Prédastérie|65/100
|
|t:|1645125271
|switch|p2a: Groudon|Groudon|54/100 tox|[from]move: U-turn
|-weather|SunnyDay|[from] ability: Drought|[of] p2a: Groudon
|
|-weather|SunnyDay|[upkeep]
|-heal|p2a: Groudon|60/100 tox|[from] item: Leftovers
|-damage|p2a: Groudon|54/100 tox|[from] psn
|upkeep
|turn|105
|
|t:|1645125290
|switch|p1a: Lunala|Lunala|100/100
|move|p2a: Groudon|Stealth Rock|p1a: Lunala
|-sidestart|p1: Ballfire|move: Stealth Rock
|
|-weather|SunnyDay|[upkeep]
|-heal|p2a: Groudon|60/100 tox|[from] item: Leftovers
|-damage|p2a: Groudon|48/100 tox|[from] psn
|upkeep
|turn|106
|
|t:|1645125310
|move|p1a: Lunala|Defog|p2a: Groudon
|-unboost|p2a: Groudon|evasion|1
|-sideend|p1: Ballfire|Stealth Rock|[from] move: Defog|[of] p1a: Lunala
|move|p2a: Groudon|Stealth Rock|p1a: Lunala
|-sidestart|p1: Ballfire|move: Stealth Rock
|
|-weather|SunnyDay|[upkeep]
|-heal|p2a: Groudon|54/100 tox|[from] item: Leftovers
|-damage|p2a: Groudon|35/100 tox|[from] psn
|upkeep
|turn|107
|inactive|sparksblade has 270 seconds left.
|
|t:|1645125338
|switch|p2a: Eternatus|Eternatus|79/100 brn
|-ability|p2a: Eternatus|Pressure
|move|p1a: Lunala|Defog|p2a: Eternatus
|-unboost|p2a: Eternatus|evasion|1
|-sideend|p1: Ballfire|Stealth Rock|[from] move: Defog|[of] p1a: Lunala
|
|-weather|SunnyDay|[upkeep]
|-damage|p2a: Eternatus|73/100 brn|[from] brn
|upkeep
|turn|108
|inactive|sparksblade has 270 seconds left.
|
|t:|1645125348
|switch|p2a: Yveltal|Yveltal|75/100 tox
|-ability|p2a: Yveltal|Dark Aura
|switch|p1a: Leuphorie|Blissey, F|100/100
|
|-weather|none
|-damage|p2a: Yveltal|69/100 tox|[from] psn
|upkeep
|turn|109
|
|t:|1645125355
|switch|p1a: Prédastérie|Toxapex, M|98/100
|move|p2a: Yveltal|U-turn|p1a: Prédastérie
|-resisted|p1a: Prédastérie
|-damage|p1a: Prédastérie|91/100
|
|t:|1645125358
|switch|p2a: Groudon|Groudon|35/100 tox|[from]move: U-turn
|-weather|SunnyDay|[from] ability: Drought|[of] p2a: Groudon
|
|-weather|SunnyDay|[upkeep]
|-heal|p2a: Groudon|41/100 tox|[from] item: Leftovers
|-damage|p2a: Groudon|35/100 tox|[from] psn
|upkeep
|turn|110
|
|t:|1645125371
|switch|p2a: Yveltal|Yveltal|69/100 tox
|-ability|p2a: Yveltal|Dark Aura
|switch|p1a: Xatu|Xatu, F|63/100
|
|-weather|SunnyDay|[upkeep]
|-damage|p2a: Yveltal|63/100 tox|[from] psn
|upkeep
|turn|111
|
|t:|1645125380
|switch|p1a: Prédastérie|Toxapex, M|100/100
|move|p2a: Yveltal|Knock Off|p1a: Prédastérie
|-damage|p1a: Prédastérie|72/100
|
|-weather|SunnyDay|[upkeep]
|-damage|p2a: Yveltal|50/100 tox|[from] psn
|upkeep
|turn|112
|
|t:|1645125388
|move|p2a: Yveltal|Roost|p2a: Yveltal
|-heal|p2a: Yveltal|100/100 tox
|-singleturn|p2a: Yveltal|move: Roost
|move|p1a: Prédastérie|Knock Off|p2a: Yveltal
|-resisted|p2a: Yveltal
|-crit|p2a: Yveltal
|-damage|p2a: Yveltal|92/100 tox
|
|-weather|SunnyDay|[upkeep]
|-damage|p2a: Yveltal|74/100 tox|[from] psn
|upkeep
|turn|113
|
|t:|1645125397
|move|p2a: Yveltal|U-turn|p1a: Prédastérie
|-resisted|p1a: Prédastérie
|-damage|p1a: Prédastérie|64/100
|
|t:|1645125401
|switch|p2a: Eternatus|Eternatus|73/100 brn|[from]move: U-turn
|-ability|p2a: Eternatus|Pressure
|move|p1a: Prédastérie|Scald|p2a: Eternatus
|-resisted|p2a: Eternatus
|-damage|p2a: Eternatus|70/100 brn
|
|-weather|none
|-damage|p2a: Eternatus|64/100 brn|[from] brn
|upkeep
|turn|114
|
|t:|1645125407
|switch|p2a: Yveltal|Yveltal|74/100 tox
|-ability|p2a: Yveltal|Dark Aura
|switch|p1a: Xatu|Xatu, F|63/100
|
|-damage|p2a: Yveltal|67/100 tox|[from] psn
|upkeep
|turn|115
|
|t:|1645125413
|switch|p1a: Prédastérie|Toxapex, M|97/100
|move|p2a: Yveltal|U-turn|p1a: Prédastérie
|-resisted|p1a: Prédastérie
|-damage|p1a: Prédastérie|90/100
|
|t:|1645125416
|switch|p2a: Groudon|Groudon|35/100 tox|[from]move: U-turn
|-weather|SunnyDay|[from] ability: Drought|[of] p2a: Groudon
|
|-weather|SunnyDay|[upkeep]
|-heal|p2a: Groudon|41/100 tox|[from] item: Leftovers
|-damage|p2a: Groudon|35/100 tox|[from] psn
|upkeep
|turn|116
|
|t:|1645125425
|switch|p2a: Yveltal|Yveltal|67/100 tox
|-ability|p2a: Yveltal|Dark Aura
|switch|p1a: Xatu|Xatu, F|63/100
|
|-weather|SunnyDay|[upkeep]
|-damage|p2a: Yveltal|61/100 tox|[from] psn
|upkeep
|turn|117
|
|t:|1645125431
|switch|p1a: Prédastérie|Toxapex, M|100/100
|move|p2a: Yveltal|Knock Off|p1a: Prédastérie
|-damage|p1a: Prédastérie|73/100
|
|-weather|SunnyDay|[upkeep]
|-damage|p2a: Yveltal|49/100 tox|[from] psn
|upkeep
|turn|118
|
|t:|1645125435
|switch|p1a: Xerneas|Xerneas|100/100
|-ability|p1a: Xerneas|Fairy Aura
|move|p2a: Yveltal|Knock Off|p1a: Xerneas
|-resisted|p1a: Xerneas
|-damage|p1a: Xerneas|81/100
|-enditem|p1a: Xerneas|Leftovers|[from] move: Knock Off|[of] p2a: Yveltal
|
|-weather|SunnyDay|[upkeep]
|-damage|p2a: Yveltal|31/100 tox|[from] psn
|upkeep
|turn|119
|
|t:|1645125441
|move|p2a: Yveltal|U-turn|p1a: Xerneas
|-resisted|p1a: Xerneas
|-damage|p1a: Xerneas|74/100
|c|☆Ballfire|:(
|
|t:|1645125444
|switch|p2a: Necrozma|Necrozma-Dusk-Mane|100/100|[from]move: U-turn
|move|p1a: Xerneas|Moonblast|p2a: Necrozma
|-resisted|p2a: Necrozma
|-damage|p2a: Necrozma|83/100
|
|-weather|none
|-heal|p2a: Necrozma|89/100|[from] item: Leftovers
|upkeep
|turn|120
|
|t:|1645125459
|switch|p1a: Prédastérie|Toxapex, M|100/100
|move|p2a: Necrozma|Swords Dance|p2a: Necrozma
|-boost|p2a: Necrozma|atk|2
|
|-heal|p2a: Necrozma|95/100|[from] item: Leftovers
|upkeep
|turn|121
|inactive|Ballfire has 270 seconds left.
|
|t:|1645125494
|switch|p2a: Eternatus|Eternatus|64/100 brn
|-ability|p2a: Eternatus|Pressure
|move|p1a: Prédastérie|Knock Off|p2a: Eternatus
|-damage|p2a: Eternatus|57/100 brn
|
|-damage|p2a: Eternatus|51/100 brn|[from] brn
|upkeep
|turn|122
|inactive|Ballfire has 270 seconds left.
|
|t:|1645125513
|switch|p2a: Yveltal|Yveltal|31/100 tox
|-ability|p2a: Yveltal|Dark Aura
|switch|p1a: Leuphorie|Blissey, F|100/100
|
|-damage|p2a: Yveltal|25/100 tox|[from] psn
|upkeep
|turn|123
|inactive|Ballfire has 270 seconds left.
|
|t:|1645125535
|switch|p1a: Prédastérie|Toxapex, M|100/100
|move|p2a: Yveltal|Knock Off|p1a: Prédastérie
|-damage|p1a: Prédastérie|74/100
|
|-damage|p2a: Yveltal|12/100 tox|[from] psn
|upkeep
|turn|124
|
|t:|1645125543
|switch|p1a: Leuphorie|Blissey, F|100/100
|move|p2a: Yveltal|Roost|p2a: Yveltal
|-heal|p2a: Yveltal|63/100 tox
|-singleturn|p2a: Yveltal|move: Roost
|
|-damage|p2a: Yveltal|44/100 tox|[from] psn
|upkeep
|turn|125
|
|t:|1645125551
|switch|p1a: Prédastérie|Toxapex, M|100/100
|move|p2a: Yveltal|U-turn|p1a: Prédastérie
|-resisted|p1a: Prédastérie
|-damage|p1a: Prédastérie|94/100
|
|t:|1645125559
|switch|p2a: Groudon|Groudon|35/100 tox|[from]move: U-turn
|-weather|SunnyDay|[from] ability: Drought|[of] p2a: Groudon
|
|-weather|SunnyDay|[upkeep]
|-heal|p2a: Groudon|41/100 tox|[from] item: Leftovers
|-damage|p2a: Groudon|35/100 tox|[from] psn
|upkeep
|turn|126
|
|t:|1645125565
|switch|p2a: Marshadow|Marshadow|100/100
|switch|p1a: Xatu|Xatu, F|63/100
|
|-weather|SunnyDay|[upkeep]
|upkeep
|turn|127
|
|t:|1645125571
|switch|p2a: Groudon|Groudon|35/100 tox
|switch|p1a: Prédastérie|Toxapex, M|100/100
|
|-weather|SunnyDay|[upkeep]
|-heal|p2a: Groudon|41/100 tox|[from] item: Leftovers
|-damage|p2a: Groudon|35/100 tox|[from] psn
|upkeep
|turn|128
|
|t:|1645125586
|switch|p1a: Xatu|Xatu, F|63/100
|move|p2a: Groudon|Stone Edge|p1a: Xatu
|-supereffective|p1a: Xatu
|-crit|p1a: Xatu
|-damage|p1a: Xatu|0 fnt
|faint|p1a: Xatu
|
|-weather|SunnyDay|[upkeep]
|-heal|p2a: Groudon|41/100 tox|[from] item: Leftovers
|-damage|p2a: Groudon|29/100 tox|[from] psn
|upkeep
|
|t:|1645125593
|switch|p1a: Lunala|Lunala|100/100
|turn|129
|c|☆sparksblade|1 down
|c|☆Ballfire|true!
|
|t:|1645125621
|switch|p2a: Eternatus|Eternatus|51/100 brn
|-ability|p2a: Eternatus|Pressure
|move|p1a: Lunala|Hex|p2a: Eternatus
|-damage|p2a: Eternatus|16/100 brn
|
|-weather|none
|-damage|p2a: Eternatus|10/100 brn|[from] brn
|upkeep
|turn|130
|
|t:|1645125628
|switch|p1a: Leuphorie|Blissey, F|100/100
|move|p2a: Eternatus|Recover|p2a: Eternatus
|-heal|p2a: Eternatus|60/100 brn
|
|-damage|p2a: Eternatus|54/100 brn|[from] brn
|upkeep
|turn|131
|
|t:|1645125636
|switch|p2a: Groudon|Groudon|29/100 tox
|-weather|SunnyDay|[from] ability: Drought|[of] p2a: Groudon
|move|p1a: Leuphorie|Stealth Rock|p2a: Groudon
|-sidestart|p2: sparksblade|move: Stealth Rock
|
|-weather|SunnyDay|[upkeep]
|-heal|p2a: Groudon|35/100 tox|[from] item: Leftovers
|-damage|p2a: Groudon|29/100 tox|[from] psn
|upkeep
|turn|132
|
|t:|1645125642
|switch|p1a: Lunala|Lunala|100/100
|move|p2a: Groudon|Stealth Rock|p1a: Lunala
|-sidestart|p1: Ballfire|move: Stealth Rock
|
|-weather|SunnyDay|[upkeep]
|-heal|p2a: Groudon|35/100 tox|[from] item: Leftovers
|-damage|p2a: Groudon|23/100 tox|[from] psn
|upkeep
|turn|133
|
|t:|1645125649
|switch|p2a: Eternatus|Eternatus|54/100 brn
|-damage|p2a: Eternatus|41/100 brn|[from] Stealth Rock
|-ability|p2a: Eternatus|Pressure
|move|p1a: Lunala|Hex|p2a: Eternatus
|-damage|p2a: Eternatus|8/100 brn
|
|-weather|SunnyDay|[upkeep]
|-damage|p2a: Eternatus|2/100 brn|[from] brn
|upkeep
|turn|134
|
|t:|1645125671
|move|p2a: Eternatus|Recover|p2a: Eternatus
|-heal|p2a: Eternatus|52/100 brn
|move|p1a: Lunala|Defog|p2a: Eternatus
|-unboost|p2a: Eternatus|evasion|1
|-sideend|p2: sparksblade|Stealth Rock|[from] move: Defog|[of] p1a: Lunala
|-sideend|p1: Ballfire|Stealth Rock|[from] move: Defog|[of] p1a: Lunala
|
|-weather|SunnyDay|[upkeep]
|-damage|p2a: Eternatus|46/100 brn|[from] brn
|upkeep
|turn|135
|
|t:|1645125680
|switch|p1a: Leuphorie|Blissey, F|100/100
|move|p2a: Eternatus|Recover|p2a: Eternatus
|-heal|p2a: Eternatus|96/100 brn
|
|-weather|none
|-damage|p2a: Eternatus|90/100 brn|[from] brn
|upkeep
|turn|136
|
|t:|1645125692
|switch|p2a: Groudon|Groudon|23/100 tox
|-weather|SunnyDay|[from] ability: Drought|[of] p2a: Groudon
|switch|p1a: Lunala|Lunala|100/100
|
|-weather|SunnyDay|[upkeep]
|-heal|p2a: Groudon|29/100 tox|[from] item: Leftovers
|-damage|p2a: Groudon|23/100 tox|[from] psn
|upkeep
|turn|137
|
|t:|1645125700
|switch|p1a: Yveltal|Yveltal|100/100
|-ability|p1a: Yveltal|Dark Aura
|switch|p2a: Eternatus|Eternatus|90/100 brn
|-ability|p2a: Eternatus|Pressure
|
|-weather|SunnyDay|[upkeep]
|-damage|p2a: Eternatus|84/100 brn|[from] brn
|upkeep
|turn|138
|
|t:|1645125709
|switch|p1a: Prédastérie|Toxapex, M|100/100
|move|p2a: Eternatus|Flamethrower|p1a: Prédastérie
|-resisted|p1a: Prédastérie
|-damage|p1a: Prédastérie|83/100
|
|-weather|SunnyDay|[upkeep]
|-damage|p2a: Eternatus|78/100 brn|[from] brn
|upkeep
|turn|139
|
|t:|1645125718
|switch|p1a: Leuphorie|Blissey, F|100/100
|move|p2a: Eternatus|Flamethrower|p1a: Leuphorie
|-damage|p1a: Leuphorie|85/100
|
|-weather|SunnyDay|[upkeep]
|-heal|p1a: Leuphorie|91/100|[from] item: Leftovers
|-damage|p2a: Eternatus|71/100 brn|[from] brn
|upkeep
|turn|140
|
|t:|1645125722
|switch|p2a: Groudon|Groudon|23/100 tox
|move|p1a: Leuphorie|Stealth Rock|p2a: Groudon
|-sidestart|p2: sparksblade|move: Stealth Rock
|
|-weather|none
|-heal|p2a: Groudon|29/100 tox|[from] item: Leftovers
|-heal|p1a: Leuphorie|98/100|[from] item: Leftovers
|-damage|p2a: Groudon|23/100 tox|[from] psn
|upkeep
|turn|141
|
|t:|1645125726
|switch|p1a: Lunala|Lunala|100/100
|move|p2a: Groudon|Stealth Rock|p1a: Lunala
|-sidestart|p1: Ballfire|move: Stealth Rock
|
|-heal|p2a: Groudon|29/100 tox|[from] item: Leftovers
|-damage|p2a: Groudon|16/100 tox|[from] psn
|upkeep
|turn|142
|
|t:|1645125734
|move|p1a: Lunala|Defog|p2a: Groudon
|-unboost|p2a: Groudon|evasion|1
|-sideend|p2: sparksblade|Stealth Rock|[from] move: Defog|[of] p1a: Lunala
|-sideend|p1: Ballfire|Stealth Rock|[from] move: Defog|[of] p1a: Lunala
|move|p2a: Groudon|Stealth Rock|p1a: Lunala
|-sidestart|p1: Ballfire|move: Stealth Rock
|
|-heal|p2a: Groudon|23/100 tox|[from] item: Leftovers
|-damage|p2a: Groudon|4/100 tox|[from] psn
|upkeep
|turn|143
|
|t:|1645125748
|move|p1a: Lunala|Defog|p2a: Groudon
|-unboost|p2a: Groudon|evasion|1
|-sideend|p1: Ballfire|Stealth Rock|[from] move: Defog|[of] p1a: Lunala
|move|p2a: Groudon|Stealth Rock|p1a: Lunala
|-sidestart|p1: Ballfire|move: Stealth Rock
|
|-heal|p2a: Groudon|10/100 tox|[from] item: Leftovers
|-damage|p2a: Groudon|0 fnt|[from] psn
|faint|p2a: Groudon
|upkeep
|
|t:|1645125753
|switch|p2a: Marshadow|Marshadow|100/100
|turn|144
|
|t:|1645125759
|switch|p1a: Prédastérie|Toxapex, M|100/100
|-damage|p1a: Prédastérie|88/100|[from] Stealth Rock
|move|p2a: Marshadow|Ice Punch|p1a: Prédastérie
|-resisted|p1a: Prédastérie
|-damage|p1a: Prédastérie|76/100
|
|upkeep
|turn|145
|
|t:|1645125772
|move|p2a: Marshadow|Ice Punch|p1a: Prédastérie
|-resisted|p1a: Prédastérie
|-damage|p1a: Prédastérie|64/100
|move|p1a: Prédastérie|Scald|p2a: Marshadow
|-damage|p2a: Marshadow|83/100
|
|upkeep
|turn|146
|
|t:|1645125783
|move|p2a: Marshadow|Ice Punch|p1a: Prédastérie
|-resisted|p1a: Prédastérie
|-damage|p1a: Prédastérie|50/100
|move|p1a: Prédastérie|Recover|p1a: Prédastérie
|-heal|p1a: Prédastérie|100/100
|
|upkeep
|turn|147
|
|t:|1645125795
|switch|p2a: Yveltal|Yveltal|44/100 tox
|-ability|p2a: Yveltal|Dark Aura
|move|p1a: Prédastérie|Scald|p2a: Yveltal
|-damage|p2a: Yveltal|31/100 tox
|
|-damage|p2a: Yveltal|25/100 tox|[from] psn
|upkeep
|turn|148
|
|t:|1645125800
|switch|p1a: Yveltal|Yveltal|100/100
|-damage|p1a: Yveltal|76/100|[from] Stealth Rock
|-ability|p1a: Yveltal|Dark Aura
|move|p2a: Yveltal|U-turn|p1a: Yveltal
|-damage|p1a: Yveltal|56/100
|
|t:|1645125803
|switch|p2a: Marshadow|Marshadow|83/100|[from]move: U-turn
|
|upkeep
|turn|149
|
|t:|1645125817
|move|p1a: Yveltal|Foul Play|p2a: Marshadow
|-damage|p2a: Marshadow|0 fnt
|faint|p2a: Marshadow
|
|upkeep
|c|☆sparksblade|aha
|c|☆sparksblade|why did i ignore
|c|☆sparksblade|the rocks
|c|☆sparksblade|we'll never knoc
|c|☆Ballfire|;
|inactive|sparksblade has 270 seconds left.
|
|t:|1645125843
|switch|p2a: Eternatus|Eternatus|71/100 brn
|-ability|p2a: Eternatus|Pressure
|turn|150
|c|+Inder|broken 
|inactive|sparksblade has 270 seconds left.
|
|t:|1645125856
|switch|p1a: Leuphorie|Blissey, F|98/100
|-damage|p1a: Leuphorie|85/100|[from] Stealth Rock
|switch|p2a: Yveltal|Yveltal|25/100 tox
|-ability|p2a: Yveltal|Dark Aura
|
|-heal|p1a: Leuphorie|91/100|[from] item: Leftovers
|-damage|p2a: Yveltal|19/100 tox|[from] psn
|upkeep
|turn|151
|
|t:|1645125866
|switch|p1a: Yveltal|Yveltal|56/100
|-damage|p1a: Yveltal|31/100|[from] Stealth Rock
|-ability|p1a: Yveltal|Dark Aura
|move|p2a: Yveltal|Roost|p2a: Yveltal
|-heal|p2a: Yveltal|69/100 tox
|-singleturn|p2a: Yveltal|move: Roost
|
|-damage|p2a: Yveltal|57/100 tox|[from] psn
|upkeep
|turn|152
|
|t:|1645125872
|move|p1a: Yveltal|Defog|p2a: Yveltal
|-unboost|p2a: Yveltal|evasion|1
|-sideend|p1: Ballfire|Stealth Rock|[from] move: Defog|[of] p1a: Yveltal
|move|p2a: Yveltal|U-turn|p1a: Yveltal
|-damage|p1a: Yveltal|15/100
|
|t:|1645125878
|switch|p2a: Necrozma|Necrozma-Dusk-Mane|95/100|[from]move: U-turn
|
|-heal|p2a: Necrozma|100/100|[from] item: Leftovers
|upkeep
|turn|153
|
|t:|1645125885
|switch|p1a: Prédastérie|Toxapex, M|100/100
|move|p2a: Necrozma|Swords Dance|p2a: Necrozma
|-boost|p2a: Necrozma|atk|2
|
|upkeep
|turn|154
|
|t:|1645125911
|move|p2a: Necrozma|Knock Off|p1a: Prédastérie
|-damage|p1a: Prédastérie|74/100
|move|p1a: Prédastérie|Haze|p1a: Prédastérie
|-clearallboost
|
|upkeep
|turn|155
|inactive|sparksblade has 270 seconds left.
|
|t:|1645125936
|move|p2a: Necrozma|Swords Dance|p2a: Necrozma
|-boost|p2a: Necrozma|atk|2
|move|p1a: Prédastérie|Knock Off|p2a: Necrozma
|-supereffective|p2a: Necrozma
|-damage|p2a: Necrozma|87/100
|-enditem|p2a: Necrozma|Leftovers|[from] move: Knock Off|[of] p1a: Prédastérie
|
|upkeep
|turn|156
|
|t:|1645125945
|switch|p2a: Eternatus|Eternatus|71/100 brn
|-ability|p2a: Eternatus|Pressure
|move|p1a: Prédastérie|Haze|p1a: Prédastérie
|-clearallboost
|
|-damage|p2a: Eternatus|65/100 brn|[from] brn
|upkeep
|turn|157
|
|t:|1645125959
|switch|p2a: Necrozma|Necrozma-Dusk-Mane|87/100
|switch|p1a: Leuphorie|Blissey, F|91/100
|
|-heal|p1a: Leuphorie|98/100|[from] item: Leftovers
|upkeep
|turn|158
|
|t:|1645125965
|switch|p1a: Prédastérie|Toxapex, M|100/100
|move|p2a: Necrozma|Swords Dance|p2a: Necrozma
|-boost|p2a: Necrozma|atk|2
|
|upkeep
|turn|159
|
|t:|1645125971
|switch|p2a: Eternatus|Eternatus|65/100 brn
|-ability|p2a: Eternatus|Pressure
|move|p1a: Prédastérie|Haze|p1a: Prédastérie
|-clearallboost
|
|-damage|p2a: Eternatus|59/100 brn|[from] brn
|upkeep
|turn|160
|
|t:|1645125977
|switch|p2a: Necrozma|Necrozma-Dusk-Mane|87/100
|switch|p1a: Leuphorie|Blissey, F|98/100
|
|-heal|p1a: Leuphorie|100/100|[from] item: Leftovers
|upkeep
|turn|161
|
|t:|1645125988
|move|p2a: Necrozma|Swords Dance|p2a: Necrozma
|-boost|p2a: Necrozma|atk|2
|move|p1a: Leuphorie|Stealth Rock|p2a: Necrozma
|-sidestart|p2: sparksblade|move: Stealth Rock
|
|upkeep
|turn|162
|
|t:|1645125996
|switch|p1a: Prédastérie|Toxapex, M|100/100
|move|p2a: Necrozma|Swords Dance|p2a: Necrozma
|-boost|p2a: Necrozma|atk|2
|
|upkeep
|turn|163
|
|t:|1645126001
|move|p2a: Necrozma|Knock Off|p1a: Prédastérie
|-damage|p1a: Prédastérie|54/100
|move|p1a: Prédastérie|Haze|p1a: Prédastérie
|-clearallboost
|
|upkeep
|turn|164
|
|t:|1645126012
|switch|p2a: Eternatus|Eternatus|59/100 brn
|-damage|p2a: Eternatus|47/100 brn|[from] Stealth Rock
|-ability|p2a: Eternatus|Pressure
|move|p1a: Prédastérie|Recover|p1a: Prédastérie
|-heal|p1a: Prédastérie|100/100
|
|-damage|p2a: Eternatus|41/100 brn|[from] brn
|upkeep
|turn|165
|
|t:|1645126020
|switch|p1a: Leuphorie|Blissey, F|100/100
|move|p2a: Eternatus|Recover|p2a: Eternatus
|-heal|p2a: Eternatus|91/100 brn
|
|-damage|p2a: Eternatus|85/100 brn|[from] brn
|upkeep
|turn|166
|
|t:|1645126025
|switch|p1a: Yveltal|Yveltal|15/100
|-ability|p1a: Yveltal|Dark Aura
|move|p2a: Eternatus|Sludge Bomb|p1a: Yveltal
|-damage|p1a: Yveltal|0 fnt
|faint|p1a: Yveltal
|
|-damage|p2a: Eternatus|79/100 brn|[from] brn
|upkeep
|c|☆Ballfire|whoops
|
|t:|1645126038
|switch|p1a: Leuphorie|Blissey, F|100/100
|turn|167
|
|t:|1645126045
|switch|p1a: Prédastérie|Toxapex, M|100/100
|move|p2a: Eternatus|Flamethrower|p1a: Prédastérie
|-resisted|p1a: Prédastérie
|-damage|p1a: Prédastérie|88/100
|
|-damage|p2a: Eternatus|73/100 brn|[from] brn
|upkeep
|turn|168
|
|t:|1645126048
|switch|p1a: Leuphorie|Blissey, F|100/100
|move|p2a: Eternatus|Flamethrower|p1a: Leuphorie
|-crit|p1a: Leuphorie
|-damage|p1a: Leuphorie|85/100
|
|-heal|p1a: Leuphorie|91/100|[from] item: Leftovers
|-damage|p2a: Eternatus|67/100 brn|[from] brn
|upkeep
|turn|169
|
|t:|1645126051
|switch|p1a: Prédastérie|Toxapex, M|100/100
|move|p2a: Eternatus|Flamethrower|p1a: Prédastérie
|-resisted|p1a: Prédastérie
|-damage|p1a: Prédastérie|89/100
|
|-damage|p2a: Eternatus|61/100 brn|[from] brn
|upkeep
|turn|170
|
|t:|1645126054
|switch|p1a: Leuphorie|Blissey, F|91/100
|move|p2a: Eternatus|Flamethrower|p1a: Leuphorie
|-damage|p1a: Leuphorie|82/100
|
|-heal|p1a: Leuphorie|88/100|[from] item: Leftovers
|-damage|p2a: Eternatus|55/100 brn|[from] brn
|upkeep
|turn|171
|
|t:|1645126058
|move|p2a: Eternatus|Flamethrower|p1a: Leuphorie
|-damage|p1a: Leuphorie|78/100
|move|p1a: Leuphorie|Confide|p2a: Eternatus
|-unboost|p2a: Eternatus|spa|1
|
|-heal|p1a: Leuphorie|84/100|[from] item: Leftovers
|-damage|p2a: Eternatus|48/100 brn|[from] brn
|upkeep
|turn|172
|
|t:|1645126063
|switch|p1a: Prédastérie|Toxapex, M|100/100
|move|p2a: Eternatus|Flamethrower|p1a: Prédastérie
|-resisted|p1a: Prédastérie
|-damage|p1a: Prédastérie|93/100
|
|-damage|p2a: Eternatus|42/100 brn|[from] brn
|upkeep
|turn|173
|
|t:|1645126069
|switch|p1a: Leuphorie|Blissey, F|84/100
|move|p2a: Eternatus|Flamethrower|p1a: Leuphorie
|-damage|p1a: Leuphorie|78/100
|
|-heal|p1a: Leuphorie|84/100|[from] item: Leftovers
|-damage|p2a: Eternatus|36/100 brn|[from] brn
|upkeep
|turn|174
|
|t:|1645126072
|move|p2a: Eternatus|Recover|p2a: Eternatus
|-heal|p2a: Eternatus|86/100 brn
|move|p1a: Leuphorie|Confide|p2a: Eternatus
|-unboost|p2a: Eternatus|spa|1
|
|-heal|p1a: Leuphorie|90/100|[from] item: Leftovers
|-damage|p2a: Eternatus|80/100 brn|[from] brn
|upkeep
|turn|175
|
|t:|1645126077
|switch|p1a: Prédastérie|Toxapex, M|100/100
|move|p2a: Eternatus|Flamethrower|p1a: Prédastérie
|-resisted|p1a: Prédastérie
|-damage|p1a: Prédastérie|94/100
|
|-damage|p2a: Eternatus|74/100 brn|[from] brn
|upkeep
|turn|176
|
|t:|1645126080
|switch|p1a: Leuphorie|Blissey, F|90/100
|move|p2a: Eternatus|Sludge Bomb|p1a: Leuphorie
|-damage|p1a: Leuphorie|82/100
|
|-heal|p1a: Leuphorie|88/100|[from] item: Leftovers
|-damage|p2a: Eternatus|68/100 brn|[from] brn
|upkeep
|turn|177
|
|t:|1645126083
|switch|p1a: Prédastérie|Toxapex, M|100/100
|move|p2a: Eternatus|Flamethrower|p1a: Prédastérie
|-resisted|p1a: Prédastérie
|-damage|p1a: Prédastérie|95/100
|
|-damage|p2a: Eternatus|62/100 brn|[from] brn
|upkeep
|turn|178
|
|t:|1645126087
|switch|p2a: Necrozma|Necrozma-Dusk-Mane|87/100
|-damage|p2a: Necrozma|81/100|[from] Stealth Rock
|switch|p1a: Leuphorie|Blissey, F|88/100
|
|-heal|p1a: Leuphorie|95/100|[from] item: Leftovers
|upkeep
|turn|179
|
|t:|1645126091
|switch|p1a: Prédastérie|Toxapex, M|100/100
|move|p2a: Necrozma|Swords Dance|p2a: Necrozma
|-boost|p2a: Necrozma|atk|2
|
|upkeep
|turn|180
|
|t:|1645126099
|move|p2a: Necrozma|Knock Off|p1a: Prédastérie
|-damage|p1a: Prédastérie|75/100
|move|p1a: Prédastérie|Haze|p1a: Prédastérie
|-clearallboost
|
|upkeep
|turn|181
|
|t:|1645126105
|switch|p2a: Eternatus|Eternatus|62/100 brn
|-damage|p2a: Eternatus|50/100 brn|[from] Stealth Rock
|-ability|p2a: Eternatus|Pressure
|switch|p1a: Lunala|Lunala|100/100
|
|-damage|p2a: Eternatus|44/100 brn|[from] brn
|upkeep
|turn|182
|
|t:|1645126111
|switch|p1a: Leuphorie|Blissey, F|95/100
|move|p2a: Eternatus|Recover|p2a: Eternatus
|-heal|p2a: Eternatus|94/100 brn
|
|-heal|p1a: Leuphorie|100/100|[from] item: Leftovers
|-damage|p2a: Eternatus|88/100 brn|[from] brn
|upkeep
|turn|183
|
|t:|1645126115
|switch|p1a: Prédastérie|Toxapex, M|100/100
|move|p2a: Eternatus|Flamethrower|p1a: Prédastérie
|-resisted|p1a: Prédastérie
|-damage|p1a: Prédastérie|88/100
|
|-damage|p2a: Eternatus|82/100 brn|[from] brn
|upkeep
|turn|184
|
|t:|1645126120
|switch|p2a: Necrozma|Necrozma-Dusk-Mane|81/100
|-damage|p2a: Necrozma|75/100|[from] Stealth Rock
|switch|p1a: Leuphorie|Blissey, F|100/100
|
|upkeep
|turn|185
|
|t:|1645126124
|switch|p1a: Prédastérie|Toxapex, M|100/100
|move|p2a: Necrozma|Knock Off|p1a: Prédastérie
|-damage|p1a: Prédastérie|85/100
|
|upkeep
|turn|186
|
|t:|1645126131
|switch|p1a: Lunala|Lunala|100/100
|move|p2a: Necrozma|Knock Off|p1a: Lunala
|-supereffective|p1a: Lunala
|-damage|p1a: Lunala|67/100
|
|upkeep
|turn|187
|
|t:|1645126137
|switch|p2a: Eternatus|Eternatus|82/100 brn
|-damage|p2a: Eternatus|69/100 brn|[from] Stealth Rock
|-ability|p2a: Eternatus|Pressure
|move|p1a: Lunala|Will-O-Wisp|p2a: Eternatus
|-fail|p2a: Eternatus|brn
|
|-damage|p2a: Eternatus|63/100 brn|[from] brn
|upkeep
|turn|188
|
|t:|1645126142
|move|p2a: Eternatus|Sludge Bomb|p1a: Lunala
|-resisted|p1a: Lunala
|-damage|p1a: Lunala|51/100
|move|p1a: Lunala|Roost|p1a: Lunala
|-heal|p1a: Lunala|100/100
|-singleturn|p1a: Lunala|move: Roost
|
|-damage|p2a: Eternatus|57/100 brn|[from] brn
|upkeep
|turn|189
|
|t:|1645126147
|switch|p2a: Necrozma|Necrozma-Dusk-Mane|75/100
|-damage|p2a: Necrozma|69/100|[from] Stealth Rock
|switch|p1a: Leuphorie|Blissey, F|100/100
|
|upkeep
|turn|190
|
|t:|1645126152
|switch|p1a: Prédastérie|Toxapex, M|100/100
|move|p2a: Necrozma|Swords Dance|p2a: Necrozma
|-boost|p2a: Necrozma|atk|2
|
|upkeep
|turn|191
|
|t:|1645126155
|switch|p2a: Eternatus|Eternatus|57/100 brn
|-damage|p2a: Eternatus|45/100 brn|[from] Stealth Rock
|-ability|p2a: Eternatus|Pressure
|move|p1a: Prédastérie|Haze|p1a: Prédastérie
|-clearallboost
|
|-damage|p2a: Eternatus|39/100 brn|[from] brn
|upkeep
|turn|192
|
|t:|1645126160
|switch|p1a: Leuphorie|Blissey, F|100/100
|move|p2a: Eternatus|Sludge Bomb|p1a: Leuphorie
|-damage|p1a: Leuphorie|86/100
|
|-heal|p1a: Leuphorie|92/100|[from] item: Leftovers
|-damage|p2a: Eternatus|33/100 brn|[from] brn
|upkeep
|turn|193
|
|t:|1645126163
|switch|p1a: Prédastérie|Toxapex, M|100/100
|move|p2a: Eternatus|Recover|p2a: Eternatus
|-heal|p2a: Eternatus|83/100 brn
|
|-damage|p2a: Eternatus|77/100 brn|[from] brn
|upkeep
|turn|194
|
|t:|1645126168
|switch|p2a: Necrozma|Necrozma-Dusk-Mane|69/100
|-damage|p2a: Necrozma|63/100|[from] Stealth Rock
|switch|p1a: Leuphorie|Blissey, F|92/100
|
|-heal|p1a: Leuphorie|98/100|[from] item: Leftovers
|upkeep
|turn|195
|
|t:|1645126172
|switch|p1a: Prédastérie|Toxapex, M|100/100
|move|p2a: Necrozma|Swords Dance|p2a: Necrozma
|-boost|p2a: Necrozma|atk|2
|
|upkeep
|turn|196
|
|t:|1645126177
|move|p2a: Necrozma|Knock Off|p1a: Prédastérie
|-crit|p1a: Prédastérie
|-damage|p1a: Prédastérie|58/100
|move|p1a: Prédastérie|Haze|p1a: Prédastérie
|-clearallboost
|
|upkeep
|turn|197
|
|t:|1645126185
|move|p2a: Necrozma|Swords Dance|p2a: Necrozma
|-boost|p2a: Necrozma|atk|2
|move|p1a: Prédastérie|Knock Off|p2a: Necrozma
|-supereffective|p2a: Necrozma
|-damage|p2a: Necrozma|53/100
|
|upkeep
|turn|198
|
|t:|1645126192
|switch|p2a: Eternatus|Eternatus|77/100 brn
|-damage|p2a: Eternatus|64/100 brn|[from] Stealth Rock
|-ability|p2a: Eternatus|Pressure
|move|p1a: Prédastérie|Recover|p1a: Prédastérie
|-heal|p1a: Prédastérie|100/100
|
|-damage|p2a: Eternatus|58/100 brn|[from] brn
|upkeep
|turn|199
|
|t:|1645126198
|switch|p2a: Necrozma|Necrozma-Dusk-Mane|53/100
|-damage|p2a: Necrozma|47/100|[from] Stealth Rock
|switch|p1a: Leuphorie|Blissey, F|98/100
|
|-heal|p1a: Leuphorie|100/100|[from] item: Leftovers
|upkeep
|turn|200
|
|t:|1645126205
|switch|p1a: Prédastérie|Toxapex, M|100/100
|move|p2a: Necrozma|Morning Sun|p2a: Necrozma
|-heal|p2a: Necrozma|97/100
|
|upkeep
|turn|201
|
|t:|1645126216
|move|p2a: Necrozma|Knock Off|p1a: Prédastérie
|-damage|p1a: Prédastérie|86/100
|move|p1a: Prédastérie|Scald|p2a: Necrozma
|-damage|p2a: Necrozma|87/100
|-status|p2a: Necrozma|brn
|
|-damage|p2a: Necrozma|81/100 brn|[from] brn
|upkeep
|turn|202
|c|☆sparksblade|alas
|c|☆sparksblade|gg
|c|☆Ballfire|gg
|-message|sparksblade forfeited.
|
|win|Ballfire
