|inactive|Battle timer is ON: inactive players will automatically lose when time's up.
|t:|1667163565
|gametype|singles
|player|p1|Fc ❤|#lcplxiskittycommittee|
|player|p2|RichardMillePlain|266|
|teamsize|p1|6
|teamsize|p2|6
|gen|8
|tier|[Gen 8] Ubers
|rule|Sleep Clause Mod: Limit one foe put to sleep
|rule|Species Clause: Limit one of each Pokémon
|rule|OHKO Clause: OHKO moves are banned
|rule|Evasion Items Clause: Evasion items are banned
|rule|Evasion Moves Clause: Evasion moves are banned
|rule|Endless Battle Clause: Forcing endless battles is banned
|rule|HP Percentage Mod: HP is shown in percentages
|rule|Dynamax Clause: You cannot dynamax
|clearpoke
|poke|p1|Aerodactyl, F|
|poke|p1|Calyrex-Shadow|
|poke|p1|Lunala|
|poke|p1|Yveltal|
|poke|p1|Necrozma-Dusk-Mane|
|poke|p1|Zekrom|
|poke|p2|Eternatus|
|poke|p2|Magnezone|
|poke|p2|Xerneas-*|
|poke|p2|Necrozma-Dusk-Mane|
|poke|p2|Yveltal|
|poke|p2|Kyurem-Black|
|teampreview
|raw|<div class="broadcast-red"><strong>Moderated chat was set to ☆!</strong><br />Only users of rank ☆ and higher can talk.</div>
|c|☆Fc ❤|hf
|
|t:|1667163570
|start
|switch|p1a: Aerodactyl|Aerodactyl, F|100/100
|switch|p2a: Kyurem|Kyurem-Black|100/100
|-ability|p1a: Aerodactyl|Pressure
|-ability|p2a: Kyurem|Teravolt
|turn|1
|c|☆RichardMillePlain|hf
|
|t:|1667163580
|move|p1a: Aerodactyl|Stealth Rock|p2a: Kyurem
|-sidestart|p2: RichardMillePlain|move: Stealth Rock
|move|p2a: Kyurem|Dragon Dance|p2a: Kyurem
|-boost|p2a: Kyurem|atk|1
|-boost|p2a: Kyurem|spe|1
|
|upkeep
|turn|2
|
|t:|1667163582
|move|p2a: Kyurem|Icicle Spear|p1a: Aerodactyl
|-supereffective|p1a: Aerodactyl
|-damage|p1a: Aerodactyl|27/100
|-supereffective|p1a: Aerodactyl
|-damage|p1a: Aerodactyl|0 fnt
|faint|p1a: Aerodactyl
|-hitcount|p1: Aerodactyl|2
|
|upkeep
|
|t:|1667163584
|switch|p1a: Necrozma|Necrozma-Dusk-Mane|100/100
|turn|3
|
|t:|1667163586
|move|p2a: Kyurem|Fusion Bolt|p1a: Necrozma
|-damage|p1a: Necrozma|45/100
|move|p1a: Necrozma|Sunsteel Strike|p2a: Kyurem
|-supereffective|p2a: Kyurem
|-damage|p2a: Kyurem|0 fnt
|faint|p2a: Kyurem
|
|upkeep
|
|t:|1667163588
|switch|p2a: Magnezone|Magnezone|100/100
|-damage|p2a: Magnezone|94/100|[from] Stealth Rock
|-item|p2a: Magnezone|Air Balloon
|turn|4
|
|t:|1667163591
|move|p1a: Necrozma|Knock Off|p2a: Magnezone
|-damage|p2a: Magnezone|60/100
|-enditem|p2a: Magnezone|Air Balloon
|move|p2a: Magnezone|Iron Defense|p2a: Magnezone
|-boost|p2a: Magnezone|def|2
|
|upkeep
|turn|5
|
|t:|1667163594
|move|p1a: Necrozma|Dragon Dance|p1a: Necrozma
|-boost|p1a: Necrozma|atk|1
|-boost|p1a: Necrozma|spe|1
|move|p2a: Magnezone|Body Press|p1a: Necrozma
|-damage|p1a: Necrozma|3/100
|
|upkeep
|turn|6
|
|t:|1667163596
|move|p1a: Necrozma|Knock Off|p2a: Magnezone
|-crit|p2a: Magnezone
|-damage|p2a: Magnezone|5/100
|move|p2a: Magnezone|Body Press|p1a: Necrozma
|-damage|p1a: Necrozma|0 fnt
|faint|p1a: Necrozma
|
|upkeep
|
|t:|1667163621
|switch|p1a: Lunala|Lunala|100/100
|turn|7
|
|t:|1667163624
|move|p1a: Lunala|Moongeist Beam|p2a: Magnezone
|-damage|p2a: Magnezone|0 fnt
|faint|p2a: Magnezone
|
|upkeep
|
|t:|1667163626
|switch|p2a: Yveltal|Yveltal|100/100
|-ability|p2a: Yveltal|Dark Aura
|turn|8
|
|t:|1667163629
|move|p2a: Yveltal|Knock Off|p1a: Lunala
|-supereffective|p1a: Lunala
|-damage|p1a: Lunala|7/100
|-enditem|p1a: Lunala|Power Herb|[from] move: Knock Off|[of] p2a: Yveltal
|move|p1a: Lunala|Meteor Beam||[still]
|-prepare|p1a: Lunala|Meteor Beam
|-boost|p1a: Lunala|spa|1
|
|upkeep
|turn|9
|
|t:|1667163640
|switch|p2a: Necrozma|Necrozma-Dusk-Mane|100/100
|-damage|p2a: Necrozma|94/100|[from] Stealth Rock
|move|p1a: Lunala|Meteor Beam|p2a: Necrozma|[from]lockedmove
|-resisted|p2a: Necrozma
|-damage|p2a: Necrozma|75/100
|
|-heal|p2a: Necrozma|81/100|[from] item: Leftovers
|upkeep
|turn|10
|
|t:|1667163641
|move|p1a: Lunala|Moongeist Beam|p2a: Necrozma
|-supereffective|p2a: Necrozma
|-damage|p2a: Necrozma|4/100
|move|p2a: Necrozma|Stealth Rock|p1a: Lunala
|-sidestart|p1: Fc ❤|move: Stealth Rock
|
|-heal|p2a: Necrozma|10/100|[from] item: Leftovers
|upkeep
|turn|11
|
|t:|1667163644
|move|p1a: Lunala|Ice Beam|p2a: Necrozma
|-resisted|p2a: Necrozma
|-damage|p2a: Necrozma|0 fnt
|faint|p2a: Necrozma
|
|upkeep
|
|t:|1667163650
|switch|p2a: Eternatus|Eternatus|100/100
|-damage|p2a: Eternatus|88/100|[from] Stealth Rock
|-ability|p2a: Eternatus|Pressure
|turn|12
|
|t:|1667163651
|move|p2a: Eternatus|Dynamax Cannon|p1a: Lunala
|-crit|p1a: Lunala
|-damage|p1a: Lunala|0 fnt
|faint|p1a: Lunala
|
|upkeep
|
|t:|1667163655
|switch|p1a: Calyrex|Calyrex-Shadow|100/100
|-ability|p1a: Calyrex|As One
|-ability|p1a: Calyrex|Unnerve
|-damage|p1a: Calyrex|88/100|[from] Stealth Rock
|turn|13
|
|t:|1667163657
|switch|p2a: Yveltal|Yveltal|100/100
|-ability|p2a: Yveltal|Dark Aura
|move|p1a: Calyrex|Nasty Plot|p1a: Calyrex
|-boost|p1a: Calyrex|spa|2
|
|upkeep
|turn|14
|
|t:|1667163659
|move|p2a: Yveltal|Sucker Punch|p1a: Calyrex
|-supereffective|p1a: Calyrex
|-damage|p1a: Calyrex|0 fnt
|faint|p1a: Calyrex
|
|upkeep
|
|t:|1667163660
|switch|p1a: Yveltal|Yveltal|100/100
|-damage|p1a: Yveltal|76/100|[from] Stealth Rock
|-ability|p1a: Yveltal|Dark Aura
|turn|15
|
|t:|1667163662
|move|p2a: Yveltal|Knock Off|p1a: Yveltal
|-resisted|p1a: Yveltal
|-damage|p1a: Yveltal|45/100
|-enditem|p1a: Yveltal|Life Orb|[from] move: Knock Off|[of] p2a: Yveltal
|move|p1a: Yveltal|Oblivion Wing|p2a: Yveltal
|-damage|p2a: Yveltal|76/100
|-heal|p1a: Yveltal|63/100|[from] drain|[of] p2a: Yveltal
|
|upkeep
|turn|16
|
|t:|1667163664
|switch|p2a: Eternatus|Eternatus|88/100
|-damage|p2a: Eternatus|76/100|[from] Stealth Rock
|-ability|p2a: Eternatus|Pressure
|move|p1a: Yveltal|Oblivion Wing|p2a: Eternatus
|-damage|p2a: Eternatus|44/100
|-heal|p1a: Yveltal|89/100|[from] drain|[of] p2a: Eternatus
|
|upkeep
|turn|17
|
|t:|1667163666
|move|p2a: Eternatus|Meteor Beam||[still]
|-prepare|p2a: Eternatus|Meteor Beam
|-boost|p2a: Eternatus|spa|1
|-enditem|p2a: Eternatus|Power Herb
|-anim|p2a: Eternatus|Meteor Beam|p1a: Yveltal
|-supereffective|p1a: Yveltal
|-damage|p1a: Yveltal|0 fnt
|faint|p1a: Yveltal
|
|upkeep
|
|t:|1667163668
|switch|p1a: Zekrom|Zekrom|100/100
|-damage|p1a: Zekrom|88/100|[from] Stealth Rock
|-ability|p1a: Zekrom|Teravolt
|turn|18
|
|t:|1667163670
|move|p2a: Eternatus|Dynamax Cannon|p1a: Zekrom
|-supereffective|p1a: Zekrom
|-damage|p1a: Zekrom|0 fnt
|faint|p1a: Zekrom
|
|win|RichardMillePlain
|c|☆Fc ❤|gg
|c|☆RichardMillePlain|gg
