|raw|<div class="broadcast-blue"><strong>This battle is required to be public due to a player having a name starting with 'sl21vx'.</div>
|j|☆lonietzzz
|j|☆SL21VXJqlove
|t:|1641104706
|gametype|singles
|player|p1|lonietzzz|swimmerf-gen4dp|1461
|player|p2|SL21VXJqlove|jqlove.png|1327
|teamsize|p1|6
|teamsize|p2|6
|gen|8
|tier|[Gen 8] OU
|rated|
|rule|Sleep Clause Mod: Limit one foe put to sleep
|rule|Species Clause: Limit one of each Pokémon
|rule|OHKO Clause: OHKO moves are banned
|rule|Evasion Moves Clause: Evasion moves are banned
|rule|Endless Battle Clause: Forcing endless battles is banned
|rule|HP Percentage Mod: HP is shown in percentages
|rule|Dynamax Clause: You cannot dynamax
|clearpoke
|poke|p1|Excadrill, F|
|poke|p1|Garchomp, M|
|poke|p1|Kartana|
|poke|p1|Toxapex, F|
|poke|p1|Tyranitar, M|
|poke|p1|Landorus-Therian, M|
|poke|p2|Marowak-Alola, F|
|poke|p2|Hatterene, F|
|poke|p2|Crawdaunt, F|
|poke|p2|Melmetal|
|poke|p2|Porygon2|
|poke|p2|Cresselia, F|
|teampreview
|j| SL21VX wandebucuo
|j| SL21VX hybone
|inactive|Battle timer is ON: inactive players will automatically lose when time's up. (requested by SL21VXJqlove)
|
|t:|1641104715
|start
|switch|p1a: Excadrill|Excadrill, F|100/100
|switch|p2a: Hatterene|Hatterene, F|100/100
|turn|1
|j| sl21vxkhl
|
|t:|1641104722
|move|p1a: Excadrill|Iron Head|p2a: Hatterene
|-supereffective|p2a: Hatterene
|-crit|p2a: Hatterene
|-enditem|p2a: Hatterene|Focus Sash
|-damage|p2a: Hatterene|1/100
|move|p2a: Hatterene|Trick Room|p2a: Hatterene
|-fieldstart|move: Trick Room|[of] p2a: Hatterene
|
|upkeep
|turn|2
|
|t:|1641104732
|switch|p1a: Tyranitar|Tyranitar, M|100/100
|-weather|Sandstorm|[from] ability: Sand Stream|[of] p1a: Tyranitar
|move|p2a: Hatterene|Healing Wish|p2a: Hatterene
|faint|p2a: Hatterene
|
|-weather|Sandstorm|[upkeep]
|upkeep
|j| Cure bball
|
|t:|1641104749
|switch|p2a: Melmetal|Melmetal|100/100
|turn|3
|
|t:|1641104754
|move|p1a: Tyranitar|Protect|p1a: Tyranitar
|-singleturn|p1a: Tyranitar|Protect
|move|p2a: Melmetal|Double Iron Bash|p1a: Tyranitar
|-activate|p1a: Tyranitar|move: Protect
|
|-weather|Sandstorm|[upkeep]
|upkeep
|turn|4
|l| SL21VX wandebucuo
|
|t:|1641104761
|switch|p1a: Toxapex|Toxapex, F|100/100
|move|p2a: Melmetal|Double Iron Bash|p1a: Toxapex
|-resisted|p1a: Toxapex
|-damage|p1a: Toxapex|80/100
|-damage|p2a: Melmetal|84/100|[from] item: Rocky Helmet|[of] p1a: Toxapex
|-resisted|p1a: Toxapex
|-damage|p1a: Toxapex|60/100
|-damage|p2a: Melmetal|67/100|[from] item: Rocky Helmet|[of] p1a: Toxapex
|-hitcount|p1a: Toxapex|2
|
|-weather|Sandstorm|[upkeep]
|-damage|p1a: Toxapex|54/100|[from] Sandstorm
|upkeep
|turn|5
|j| Ratio hecate II
|
|t:|1641104782
|switch|p2a: Porygon2|Porygon2|100/100
|-ability|p2a: Porygon2|Download|boost
|-boost|p2a: Porygon2|spa|1
|move|p1a: Toxapex|Recover|p1a: Toxapex
|-heal|p1a: Toxapex|100/100
|
|-weather|Sandstorm|[upkeep]
|-damage|p1a: Toxapex|95/100|[from] Sandstorm
|-damage|p2a: Porygon2|94/100|[from] Sandstorm
|-fieldend|move: Trick Room
|upkeep
|turn|6
|
|t:|1641104791
|move|p1a: Toxapex|Toxic Spikes|p2a: Porygon2
|-sidestart|p2: SL21VXJqlove|move: Toxic Spikes
|move|p2a: Porygon2|Trick Room|p2a: Porygon2
|-fieldstart|move: Trick Room|[of] p2a: Porygon2
|
|-weather|none
|upkeep
|turn|7
|j| peak clownery
|
|t:|1641104796
|switch|p1a: Tyranitar|Tyranitar, M|100/100
|-weather|Sandstorm|[from] ability: Sand Stream|[of] p1a: Tyranitar
|move|p2a: Porygon2|Thunderbolt|p1a: Tyranitar
|-damage|p1a: Tyranitar|83/100
|
|-weather|Sandstorm|[upkeep]
|-damage|p2a: Porygon2|88/100|[from] Sandstorm
|-heal|p1a: Tyranitar|89/100|[from] item: Leftovers
|upkeep
|turn|8
|
|t:|1641104801
|move|p1a: Tyranitar|Stealth Rock|p2a: Porygon2
|-sidestart|p2: SL21VXJqlove|move: Stealth Rock
|move|p2a: Porygon2|Teleport|p2a: Porygon2
|
|t:|1641104814
|switch|p2a: Melmetal|Melmetal|67/100|[from]move: Teleport
|-heal|p2a: Melmetal|100/100|[from] move: Healing Wish
|-damage|p2a: Melmetal|94/100|[from] Stealth Rock
|
|-weather|Sandstorm|[upkeep]
|-heal|p1a: Tyranitar|95/100|[from] item: Leftovers
|upkeep
|turn|9
|
|t:|1641104820
|move|p1a: Tyranitar|Protect|p1a: Tyranitar
|-singleturn|p1a: Tyranitar|Protect
|move|p2a: Melmetal|Double Iron Bash|p1a: Tyranitar
|-activate|p1a: Tyranitar|move: Protect
|
|-weather|Sandstorm|[upkeep]
|-heal|p1a: Tyranitar|100/100|[from] item: Leftovers
|upkeep
|turn|10
|
|t:|1641104831
|switch|p2a: Porygon2|Porygon2|88/100
|-status|p2a: Porygon2|psn
|-damage|p2a: Porygon2|76/100 psn|[from] Stealth Rock
|-ability|p2a: Porygon2|Download|boost
|-boost|p2a: Porygon2|atk|1
|switch|p1a: Toxapex|Toxapex, F|100/100
|
|-weather|Sandstorm|[upkeep]
|-damage|p1a: Toxapex|95/100|[from] Sandstorm
|-damage|p2a: Porygon2|70/100 psn|[from] Sandstorm
|-damage|p2a: Porygon2|57/100 psn|[from] psn
|-fieldend|move: Trick Room
|upkeep
|turn|11
|
|t:|1641104839
|switch|p1a: Excadrill|Excadrill, F|100/100
|move|p2a: Porygon2|Trick Room|p2a: Porygon2
|-fieldstart|move: Trick Room|[of] p2a: Porygon2
|
|-weather|none
|-damage|p2a: Porygon2|45/100 psn|[from] psn
|upkeep
|turn|12
|
|t:|1641104844
|switch|p1a: Tyranitar|Tyranitar, M|100/100
|-weather|Sandstorm|[from] ability: Sand Stream|[of] p1a: Tyranitar
|move|p2a: Porygon2|Teleport|p2a: Porygon2
|
|t:|1641104845
|switch|p2a: Crawdaunt|Crawdaunt, F|100/100|[from]move: Teleport
|-damage|p2a: Crawdaunt|88/100|[from] Stealth Rock
|-status|p2a: Crawdaunt|psn
|
|-weather|Sandstorm|[upkeep]
|-damage|p2a: Crawdaunt|82/100 psn|[from] Sandstorm
|-damage|p2a: Crawdaunt|70/100 psn|[from] psn
|upkeep
|turn|13
|
|t:|1641104852
|switch|p1a: Landorus|Landorus-Therian, M|100/100
|-ability|p1a: Landorus|Intimidate|boost
|-unboost|p2a: Crawdaunt|atk|1
|move|p2a: Crawdaunt|Swords Dance|p2a: Crawdaunt
|-boost|p2a: Crawdaunt|atk|2
|
|-weather|Sandstorm|[upkeep]
|-damage|p2a: Crawdaunt|64/100 psn|[from] Sandstorm
|-damage|p2a: Crawdaunt|51/100 psn|[from] psn
|upkeep
|turn|14
|j| SL21VX wandebucuo
|j| XPSH
|
|t:|1641104871
|switch|p1a: Excadrill|Excadrill, F|100/100
|move|p2a: Crawdaunt|Knock Off|p1a: Excadrill
|-damage|p1a: Excadrill|0 fnt
|-enditem|p1a: Excadrill|Leftovers|[from] move: Knock Off|[of] p2a: Crawdaunt
|faint|p1a: Excadrill
|-damage|p2a: Crawdaunt|41/100 psn|[from] item: Life Orb
|
|-weather|Sandstorm|[upkeep]
|-damage|p2a: Crawdaunt|35/100 psn|[from] Sandstorm
|-damage|p2a: Crawdaunt|23/100 psn|[from] psn
|upkeep
|j| SL21VX jitousb
|
|t:|1641104877
|switch|p1a: Tyranitar|Tyranitar, M|100/100
|turn|15
|
|t:|1641104885
|move|p1a: Tyranitar|Protect|p1a: Tyranitar
|-singleturn|p1a: Tyranitar|Protect
|move|p2a: Crawdaunt|Swords Dance|p2a: Crawdaunt
|-boost|p2a: Crawdaunt|atk|2
|
|-weather|Sandstorm|[upkeep]
|-damage|p2a: Crawdaunt|17/100 psn|[from] Sandstorm
|-damage|p2a: Crawdaunt|4/100 psn|[from] psn
|-fieldend|move: Trick Room
|upkeep
|turn|16
|
|t:|1641104899
|switch|p1a: Garchomp|Garchomp, M|100/100
|move|p2a: Crawdaunt|Knock Off|p1a: Garchomp
|-damage|p1a: Garchomp|0 fnt
|-damage|p2a: Crawdaunt|0 fnt|[from] ability: Rough Skin|[of] p1a: Garchomp
|faint|p1a: Garchomp
|faint|p2a: Crawdaunt
|
|-weather|none
|upkeep
|j| Women Fist
|
|t:|1641104911
|switch|p1a: Kartana|Kartana|100/100
|switch|p2a: Cresselia|Cresselia, F|100/100
|-damage|p2a: Cresselia|88/100|[from] Stealth Rock
|turn|17
|
|t:|1641104915
|move|p1a: Kartana|Knock Off|p2a: Cresselia
|-supereffective|p2a: Cresselia
|-damage|p2a: Cresselia|27/100
|-enditem|p2a: Cresselia|Mental Herb|[from] move: Knock Off|[of] p1a: Kartana
|-damage|p1a: Kartana|91/100|[from] item: Life Orb
|move|p2a: Cresselia|Trick Room|p2a: Cresselia
|-fieldstart|move: Trick Room|[of] p2a: Cresselia
|
|upkeep
|turn|18
|
|t:|1641104920
|switch|p1a: Tyranitar|Tyranitar, M|100/100
|-weather|Sandstorm|[from] ability: Sand Stream|[of] p1a: Tyranitar
|move|p2a: Cresselia|Lunar Dance|p2a: Cresselia
|faint|p2a: Cresselia
|
|-weather|Sandstorm|[upkeep]
|upkeep
|l| SL21VX jitousb
|
|t:|1641104923
|switch|p2a: Marowak|Marowak-Alola, F|100/100
|-damage|p2a: Marowak|75/100|[from] Stealth Rock
|-status|p2a: Marowak|psn
|turn|19
|
|t:|1641104930
|switch|p1a: Landorus|Landorus-Therian, M|100/100
|-ability|p1a: Landorus|Intimidate|boost
|-unboost|p2a: Marowak|atk|1
|move|p2a: Marowak|Swords Dance|p2a: Marowak
|-boost|p2a: Marowak|atk|2
|
|-weather|Sandstorm|[upkeep]
|-damage|p2a: Marowak|69/100 psn|[from] Sandstorm
|-damage|p2a: Marowak|57/100 psn|[from] psn
|upkeep
|turn|20
|j| SL21VX jitousb
|
|t:|1641104937
|switch|p1a: Toxapex|Toxapex, F|100/100
|move|p2a: Marowak|Brick Break|p1a: Toxapex
|-resisted|p1a: Toxapex
|-damage|p1a: Toxapex|83/100
|-damage|p2a: Marowak|40/100 psn|[from] item: Rocky Helmet|[of] p1a: Toxapex
|
|-weather|Sandstorm|[upkeep]
|-damage|p2a: Marowak|34/100 psn|[from] Sandstorm
|-damage|p1a: Toxapex|77/100|[from] Sandstorm
|-damage|p2a: Marowak|22/100 psn|[from] psn
|upkeep
|turn|21
|
|t:|1641104942
|switch|p1a: Landorus|Landorus-Therian, M|100/100
|-ability|p1a: Landorus|Intimidate|boost
|-unboost|p2a: Marowak|atk|1
|move|p2a: Marowak|Poltergeist|p1a: Landorus
|-activate|p1a: Landorus|move: Poltergeist|Rocky Helmet
|-damage|p1a: Landorus|34/100
|
|-weather|Sandstorm|[upkeep]
|-damage|p2a: Marowak|16/100 psn|[from] Sandstorm
|-damage|p2a: Marowak|3/100 psn|[from] psn
|-fieldend|move: Trick Room
|upkeep
|turn|22
|
|t:|1641104951
|move|p1a: Landorus|U-turn|p2a: Marowak
|-resisted|p2a: Marowak
|-damage|p2a: Marowak|0 fnt
|faint|p2a: Marowak
|
|t:|1641104952
|switch|p1a: Kartana|Kartana|91/100|[from]move: U-turn
|
|-weather|none
|upkeep
|
|t:|1641104954
|switch|p2a: Melmetal|Melmetal|94/100
|-heal|p2a: Melmetal|100/100|[from] move: Lunar Dance
|-damage|p2a: Melmetal|94/100|[from] Stealth Rock
|turn|23
|
|t:|1641104963
|switch|p1a: Toxapex|Toxapex, F|100/100
|move|p2a: Melmetal|Double Iron Bash|p1a: Toxapex
|-resisted|p1a: Toxapex
|-damage|p1a: Toxapex|80/100
|-damage|p2a: Melmetal|78/100|[from] item: Rocky Helmet|[of] p1a: Toxapex
|-resisted|p1a: Toxapex
|-damage|p1a: Toxapex|60/100
|-damage|p2a: Melmetal|61/100|[from] item: Rocky Helmet|[of] p1a: Toxapex
|-hitcount|p1a: Toxapex|2
|
|upkeep
|turn|24
|
|t:|1641104970
|move|p1a: Toxapex|Recover|p1a: Toxapex
|-heal|p1a: Toxapex|100/100
|move|p2a: Melmetal|Double Iron Bash|p1a: Toxapex
|-resisted|p1a: Toxapex
|-damage|p1a: Toxapex|82/100
|-damage|p2a: Melmetal|44/100|[from] item: Rocky Helmet|[of] p1a: Toxapex
|-resisted|p1a: Toxapex
|-damage|p1a: Toxapex|64/100
|-damage|p2a: Melmetal|28/100|[from] item: Rocky Helmet|[of] p1a: Toxapex
|-hitcount|p1a: Toxapex|2
|
|upkeep
|turn|25
|-message|SL21VXJqlove forfeited.
|
|win|lonietzzz
|raw|lonietzzz's rating: 1461 &rarr; <strong>1473</strong><br />(+12 for winning)
|raw|SL21VXJqlove's rating: 1327 &rarr; <strong>1317</strong><br />(-10 for losing)
|l|☆SL21VXJqlove
|l| peak clownery
