|raw|<div class="broadcast-blue"><strong>This battle is required to be public due to a player having a name starting with 'sl21vx'.</div>
|j|☆SL21VX hybone
|j|☆lonietzzz
|t:|1641041720
|gametype|singles
|player|p1|SL21VX hybone|jogger|1332
|player|p2|lonietzzz|swimmerf-gen4dp|1417
|teamsize|p1|6
|teamsize|p2|6
|gen|8
|tier|[Gen 8] OU
|rated|
|rule|Sleep Clause Mod: Limit one foe put to sleep
|rule|Species Clause: Limit one of each Pokémon
|rule|OHKO Clause: OHKO moves are banned
|rule|Evasion Moves Clause: Evasion moves are banned
|rule|Endless Battle Clause: Forcing endless battles is banned
|rule|HP Percentage Mod: HP is shown in percentages
|rule|Dynamax Clause: You cannot dynamax
|clearpoke
|poke|p1|Garchomp, F|
|poke|p1|Aegislash, F|
|poke|p1|Dragapult, F|
|poke|p1|Urshifu-*, M|
|poke|p1|Rillaboom, M|
|poke|p1|Bisharp, F|
|poke|p2|Excadrill, M|
|poke|p2|Garchomp, F|
|poke|p2|Kartana|
|poke|p2|Toxapex, M|
|poke|p2|Tyranitar, F|
|poke|p2|Landorus-Therian, M|
|teampreview
|inactive|Battle timer is ON: inactive players will automatically lose when time's up. (requested by lonietzzz)
|
|t:|1641041727
|start
|switch|p1a: Urshifu|Urshifu-Rapid-Strike, M|100/100
|switch|p2a: Landorus|Landorus-Therian, M|100/100
|-ability|p2a: Landorus|Intimidate|boost
|-unboost|p1a: Urshifu|atk|1
|turn|1
|j| zacharoff
|
|t:|1641041740
|switch|p2a: Toxapex|Toxapex, M|100/100
|move|p1a: Urshifu|Surging Strikes|p2a: Toxapex
|-resisted|p2a: Toxapex
|-crit|p2a: Toxapex
|-damage|p2a: Toxapex|94/100
|-resisted|p2a: Toxapex
|-crit|p2a: Toxapex
|-damage|p2a: Toxapex|87/100
|-resisted|p2a: Toxapex
|-crit|p2a: Toxapex
|-damage|p2a: Toxapex|81/100
|-hitcount|p2a: Toxapex|3
|
|upkeep
|turn|2
|
|t:|1641041746
|move|p1a: Urshifu|U-turn|p2a: Toxapex
|-resisted|p2a: Toxapex
|-damage|p2a: Toxapex|76/100
|
|t:|1641041747
|switch|p1a: Garchomp|Garchomp, F|100/100|[from]move: U-turn
|move|p2a: Toxapex|Toxic Spikes|p1a: Garchomp
|-sidestart|p1: SL21VX hybone|move: Toxic Spikes
|
|upkeep
|turn|3
|
|t:|1641041751
|switch|p2a: Landorus|Landorus-Therian, M|100/100
|-ability|p2a: Landorus|Intimidate|boost
|-unboost|p1a: Garchomp|atk|1
|move|p1a: Garchomp|Stealth Rock|p2a: Landorus
|-sidestart|p2: lonietzzz|move: Stealth Rock
|
|upkeep
|turn|4
|
|t:|1641041755
|move|p1a: Garchomp|Toxic|p2a: Landorus
|-status|p2a: Landorus|tox
|move|p2a: Landorus|Toxic|p1a: Garchomp
|-status|p1a: Garchomp|tox
|
|-damage|p1a: Garchomp|94/100 tox|[from] psn
|-damage|p2a: Landorus|94/100 tox|[from] psn
|upkeep
|turn|5
|
|t:|1641041760
|switch|p1a: Urshifu|Urshifu-Rapid-Strike, M|100/100
|-status|p1a: Urshifu|psn
|move|p2a: Landorus|Earthquake|p1a: Urshifu
|-damage|p1a: Urshifu|57/100 psn
|
|-damage|p1a: Urshifu|44/100 psn|[from] psn
|-damage|p2a: Landorus|82/100 tox|[from] psn
|upkeep
|turn|6
|
|t:|1641041764
|switch|p2a: Toxapex|Toxapex, M|100/100
|-damage|p2a: Toxapex|88/100|[from] Stealth Rock
|move|p1a: Urshifu|U-turn|p2a: Toxapex
|-resisted|p2a: Toxapex
|-damage|p2a: Toxapex|80/100
|
|t:|1641041768
|switch|p1a: Aegislash|Aegislash, F|100/100|[from]move: U-turn
|
|upkeep
|turn|7
|
|t:|1641041794
|switch|p2a: Tyranitar|Tyranitar, F|100/100
|-damage|p2a: Tyranitar|88/100|[from] Stealth Rock
|-weather|Sandstorm|[from] ability: Sand Stream|[of] p2a: Tyranitar
|-formechange|p1a: Aegislash|Aegislash-Blade||[from] ability: Stance Change
|move|p1a: Aegislash|Shadow Ball|p2a: Tyranitar
|-resisted|p2a: Tyranitar
|-damage|p2a: Tyranitar|73/100
|
|-weather|Sandstorm|[upkeep]
|-heal|p2a: Tyranitar|79/100|[from] item: Leftovers
|upkeep
|turn|8
|
|t:|1641041804
|switch|p1a: Garchomp|Garchomp, F|94/100 tox
|switch|p2a: Landorus|Landorus-Therian, M|82/100 tox
|-damage|p2a: Landorus|70/100 tox|[from] Stealth Rock
|-ability|p2a: Landorus|Intimidate|boost
|-unboost|p1a: Garchomp|atk|1
|
|-weather|Sandstorm|[upkeep]
|-damage|p1a: Garchomp|88/100 tox|[from] psn
|-damage|p2a: Landorus|64/100 tox|[from] psn
|upkeep
|turn|9
|
|t:|1641041810
|switch|p1a: Rillaboom|Rillaboom, M|100/100
|-status|p1a: Rillaboom|psn
|-fieldstart|move: Grassy Terrain|[from] ability: Grassy Surge|[of] p1a: Rillaboom
|move|p2a: Landorus|Earthquake|p1a: Rillaboom
|-resisted|p1a: Rillaboom
|-damage|p1a: Rillaboom|88/100 psn
|
|-weather|Sandstorm|[upkeep]
|-damage|p1a: Rillaboom|81/100 psn|[from] Sandstorm
|-heal|p1a: Rillaboom|88/100 psn|[from] Grassy Terrain
|-damage|p1a: Rillaboom|75/100 psn|[from] psn
|-damage|p2a: Landorus|52/100 tox|[from] psn
|upkeep
|turn|10
|
|t:|1641041819
|switch|p2a: Garchomp|Garchomp, F|100/100
|-damage|p2a: Garchomp|94/100|[from] Stealth Rock
|move|p1a: Rillaboom|Grassy Glide|p2a: Garchomp
|-damage|p2a: Garchomp|31/100
|-damage|p1a: Rillaboom|63/100 psn|[from] ability: Rough Skin|[of] p2a: Garchomp
|-damage|p1a: Rillaboom|53/100 psn|[from] item: Life Orb
|
|-weather|Sandstorm|[upkeep]
|-damage|p1a: Rillaboom|47/100 psn|[from] Sandstorm
|-heal|p2a: Garchomp|37/100|[from] Grassy Terrain
|-heal|p2a: Garchomp|43/100|[from] item: Leftovers
|-heal|p1a: Rillaboom|53/100 psn|[from] Grassy Terrain
|-damage|p1a: Rillaboom|41/100 psn|[from] psn
|upkeep
|turn|11
|
|t:|1641041827
|switch|p2a: Kartana|Kartana|100/100
|-damage|p2a: Kartana|94/100|[from] Stealth Rock
|move|p1a: Rillaboom|Grassy Glide|p2a: Kartana
|-resisted|p2a: Kartana
|-damage|p2a: Kartana|77/100
|-damage|p1a: Rillaboom|31/100 psn|[from] item: Life Orb
|
|-weather|none
|-heal|p2a: Kartana|84/100|[from] Grassy Terrain
|-heal|p1a: Rillaboom|37/100 psn|[from] Grassy Terrain
|-damage|p1a: Rillaboom|25/100 psn|[from] psn
|upkeep
|turn|12
|
|t:|1641041841
|switch|p1a: Garchomp|Garchomp, F|88/100 tox
|move|p2a: Kartana|Swords Dance|p2a: Kartana
|-boost|p2a: Kartana|atk|2
|
|-heal|p2a: Kartana|90/100|[from] Grassy Terrain
|-heal|p1a: Garchomp|94/100 tox|[from] Grassy Terrain
|-damage|p1a: Garchomp|88/100 tox|[from] psn
|upkeep
|turn|13
|
|t:|1641041860
|switch|p1a: Urshifu|Urshifu-Rapid-Strike, M|44/100 psn
|move|p2a: Kartana|Leaf Blade|p1a: Urshifu
|-supereffective|p1a: Urshifu
|-damage|p1a: Urshifu|0 fnt
|faint|p1a: Urshifu
|-ability|p2a: Kartana|Beast Boost|boost
|-boost|p2a: Kartana|atk|1
|-damage|p2a: Kartana|80/100|[from] item: Life Orb
|
|-heal|p2a: Kartana|86/100|[from] Grassy Terrain
|-fieldend|move: Grassy Terrain
|upkeep
|
|t:|1641041861
|switch|p1a: Dragapult|Dragapult, F|100/100
|-status|p1a: Dragapult|psn
|turn|14
|
|t:|1641041874
|switch|p2a: Tyranitar|Tyranitar, F|79/100
|-damage|p2a: Tyranitar|67/100|[from] Stealth Rock
|-weather|Sandstorm|[from] ability: Sand Stream|[of] p2a: Tyranitar
|move|p1a: Dragapult|Shadow Ball|p2a: Tyranitar
|-resisted|p2a: Tyranitar
|-damage|p2a: Tyranitar|54/100
|
|-weather|Sandstorm|[upkeep]
|-damage|p1a: Dragapult|95/100 psn|[from] Sandstorm
|-heal|p2a: Tyranitar|61/100|[from] item: Leftovers
|-damage|p1a: Dragapult|82/100 psn|[from] psn
|upkeep
|turn|15
|
|t:|1641041880
|switch|p1a: Garchomp|Garchomp, F|88/100 tox
|switch|p2a: Excadrill|Excadrill, M|100/100
|-damage|p2a: Excadrill|97/100|[from] Stealth Rock
|
|-weather|Sandstorm|[upkeep]
|-heal|p2a: Excadrill|100/100|[from] item: Leftovers
|-damage|p1a: Garchomp|82/100 tox|[from] psn
|upkeep
|turn|16
|
|t:|1641041885
|switch|p2a: Landorus|Landorus-Therian, M|52/100 tox
|-damage|p2a: Landorus|40/100 tox|[from] Stealth Rock
|-ability|p2a: Landorus|Intimidate|boost
|-unboost|p1a: Garchomp|atk|1
|move|p1a: Garchomp|Earthquake|p2a: Landorus
|-immune|p2a: Landorus
|
|-weather|Sandstorm|[upkeep]
|-damage|p1a: Garchomp|70/100 tox|[from] psn
|-damage|p2a: Landorus|34/100 tox|[from] psn
|upkeep
|turn|17
|
|t:|1641041892
|switch|p1a: Rillaboom|Rillaboom, M|25/100 psn
|-fieldstart|move: Grassy Terrain|[from] ability: Grassy Surge|[of] p1a: Rillaboom
|move|p2a: Landorus|Earthquake|p1a: Rillaboom
|-resisted|p1a: Rillaboom
|-damage|p1a: Rillaboom|12/100 psn
|
|-weather|Sandstorm|[upkeep]
|-damage|p1a: Rillaboom|6/100 psn|[from] Sandstorm
|-heal|p1a: Rillaboom|12/100 psn|[from] Grassy Terrain
|-damage|p1a: Rillaboom|0 fnt|[from] psn
|faint|p1a: Rillaboom
|-damage|p2a: Landorus|21/100 tox|[from] psn
|upkeep
|
|t:|1641041911
|switch|p1a: Bisharp|Bisharp, F|100/100
|turn|18
|
|t:|1641041918
|move|p1a: Bisharp|Sucker Punch|p2a: Landorus
|-damage|p2a: Landorus|0 fnt
|-damage|p1a: Bisharp|84/100|[from] item: Rocky Helmet|[of] p2a: Landorus
|faint|p2a: Landorus
|-damage|p1a: Bisharp|74/100|[from] item: Life Orb
|
|-weather|none
|-heal|p1a: Bisharp|80/100|[from] Grassy Terrain
|upkeep
|
|t:|1641041931
|switch|p2a: Kartana|Kartana|86/100
|-damage|p2a: Kartana|80/100|[from] Stealth Rock
|turn|19
|
|t:|1641041940
|switch|p1a: Dragapult|Dragapult, F|82/100 psn
|move|p2a: Kartana|Sacred Sword|p1a: Dragapult
|-immune|p1a: Dragapult
|
|-heal|p1a: Dragapult|88/100 psn|[from] Grassy Terrain
|-heal|p2a: Kartana|86/100|[from] Grassy Terrain
|-damage|p1a: Dragapult|76/100 psn|[from] psn
|upkeep
|turn|20
|
|t:|1641041949
|switch|p2a: Toxapex|Toxapex, M|100/100
|-damage|p2a: Toxapex|88/100|[from] Stealth Rock
|move|p1a: Dragapult|U-turn|p2a: Toxapex
|-resisted|p2a: Toxapex
|-damage|p2a: Toxapex|83/100
|-damage|p1a: Dragapult|59/100 psn|[from] item: Rocky Helmet|[of] p2a: Toxapex
|
|t:|1641041960
|switch|p1a: Aegislash|Aegislash, F|100/100|[from]move: U-turn
|
|-heal|p2a: Toxapex|89/100|[from] Grassy Terrain
|upkeep
|turn|21
|
|t:|1641041971
|switch|p2a: Tyranitar|Tyranitar, F|61/100
|-damage|p2a: Tyranitar|48/100|[from] Stealth Rock
|-weather|Sandstorm|[from] ability: Sand Stream|[of] p2a: Tyranitar
|-formechange|p1a: Aegislash|Aegislash-Blade||[from] ability: Stance Change
|move|p1a: Aegislash|Shadow Ball|p2a: Tyranitar
|-resisted|p2a: Tyranitar
|-damage|p2a: Tyranitar|34/100
|-unboost|p2a: Tyranitar|spd|1
|
|-weather|Sandstorm|[upkeep]
|-heal|p2a: Tyranitar|40/100|[from] Grassy Terrain
|-heal|p2a: Tyranitar|47/100|[from] item: Leftovers
|-fieldend|move: Grassy Terrain
|upkeep
|turn|22
|
|t:|1641041982
|move|p1a: Aegislash|Shadow Ball|p2a: Tyranitar
|-resisted|p2a: Tyranitar
|-damage|p2a: Tyranitar|26/100
|move|p2a: Tyranitar|Stealth Rock|p1a: Aegislash
|-sidestart|p1: SL21VX hybone|move: Stealth Rock
|
|-weather|Sandstorm|[upkeep]
|-heal|p2a: Tyranitar|32/100|[from] item: Leftovers
|upkeep
|turn|23
|
|t:|1641041986
|move|p1a: Aegislash|Shadow Ball|p2a: Tyranitar
|-resisted|p2a: Tyranitar
|-damage|p2a: Tyranitar|9/100
|move|p2a: Tyranitar|Rock Blast|p1a: Aegislash|[miss]
|-miss|p2a: Tyranitar|p1a: Aegislash
|
|-weather|Sandstorm|[upkeep]
|-heal|p2a: Tyranitar|15/100|[from] item: Leftovers
|upkeep
|turn|24
|
|t:|1641042015
|switch|p1a: Bisharp|Bisharp, F|80/100
|-damage|p1a: Bisharp|74/100|[from] Stealth Rock
|switch|p2a: Garchomp|Garchomp, F|43/100
|-damage|p2a: Garchomp|37/100|[from] Stealth Rock
|
|-weather|Sandstorm|[upkeep]
|-heal|p2a: Garchomp|43/100|[from] item: Leftovers
|upkeep
|turn|25
|
|t:|1641042035
|move|p1a: Bisharp|Sucker Punch||[still]
|-fail|p1a: Bisharp
|move|p2a: Garchomp|Substitute|p2a: Garchomp
|-start|p2a: Garchomp|Substitute
|-damage|p2a: Garchomp|18/100
|
|-weather|none
|-heal|p2a: Garchomp|24/100|[from] item: Leftovers
|upkeep
|turn|26
|
|t:|1641042039
|move|p1a: Bisharp|Sucker Punch|p2a: Garchomp
|-end|p2a: Garchomp|Substitute
|-damage|p1a: Bisharp|64/100|[from] item: Life Orb
|move|p2a: Garchomp|Earthquake|p1a: Bisharp
|-supereffective|p1a: Bisharp
|-damage|p1a: Bisharp|0 fnt
|faint|p1a: Bisharp
|
|-heal|p2a: Garchomp|30/100|[from] item: Leftovers
|upkeep
|
|t:|1641042042
|switch|p1a: Dragapult|Dragapult, F|59/100 psn
|-damage|p1a: Dragapult|47/100 psn|[from] Stealth Rock
|turn|27
|inactive|lonietzzz has 120 seconds left.
|
|t:|1641042073
|switch|p2a: Tyranitar|Tyranitar, F|15/100
|-damage|p2a: Tyranitar|3/100|[from] Stealth Rock
|-weather|Sandstorm|[from] ability: Sand Stream|[of] p2a: Tyranitar
|move|p1a: Dragapult|Shadow Ball|p2a: Tyranitar
|-resisted|p2a: Tyranitar
|-damage|p2a: Tyranitar|0 fnt
|faint|p2a: Tyranitar
|
|-weather|Sandstorm|[upkeep]
|-damage|p1a: Dragapult|41/100 psn|[from] Sandstorm
|-damage|p1a: Dragapult|29/100 psn|[from] psn
|upkeep
|
|t:|1641042076
|switch|p2a: Excadrill|Excadrill, M|100/100
|-damage|p2a: Excadrill|97/100|[from] Stealth Rock
|turn|28
|c|☆SL21VX hybone|点快了，忘了多龙穿透
|j| hxyong
|c|☆SL21VX hybone|这下寄了
|inactive|SL21VX hybone has 120 seconds left.
|
|t:|1641042109
|move|p2a: Excadrill|Earthquake|p1a: Dragapult
|-damage|p1a: Dragapult|0 fnt
|faint|p1a: Dragapult
|
|-weather|Sandstorm|[upkeep]
|-heal|p2a: Excadrill|100/100|[from] item: Leftovers
|upkeep
|
|t:|1641042111
|switch|p1a: Garchomp|Garchomp, F|70/100 tox
|-damage|p1a: Garchomp|63/100 tox|[from] Stealth Rock
|turn|29
|
|t:|1641042118
|move|p2a: Excadrill|Earthquake|p1a: Garchomp
|-damage|p1a: Garchomp|22/100 tox
|move|p1a: Garchomp|Earthquake|p2a: Excadrill
|-supereffective|p2a: Excadrill
|-damage|p2a: Excadrill|0 fnt
|faint|p2a: Excadrill
|
|-weather|Sandstorm|[upkeep]
|-damage|p1a: Garchomp|16/100 tox|[from] psn
|upkeep
|
|t:|1641042122
|switch|p2a: Kartana|Kartana|86/100
|-damage|p2a: Kartana|80/100|[from] Stealth Rock
|turn|30
|
|t:|1641042129
|switch|p1a: Aegislash|Aegislash, F|100/100
|-damage|p1a: Aegislash|94/100|[from] Stealth Rock
|move|p2a: Kartana|Knock Off|p1a: Aegislash
|-supereffective|p1a: Aegislash
|-damage|p1a: Aegislash|0 fnt
|-enditem|p1a: Aegislash|Choice Specs|[from] move: Knock Off|[of] p2a: Kartana
|faint|p1a: Aegislash
|-ability|p2a: Kartana|Beast Boost|boost
|-boost|p2a: Kartana|atk|1
|-damage|p2a: Kartana|70/100|[from] item: Life Orb
|
|-weather|Sandstorm|[upkeep]
|upkeep
|-message|SL21VX hybone forfeited.
|
|win|lonietzzz
|raw|SL21VX hybone's rating: 1332 &rarr; <strong>1320</strong><br />(-12 for losing)
|raw|lonietzzz's rating: 1417 &rarr; <strong>1432</strong><br />(+15 for winning)
|l|☆SL21VX hybone
|l| hxyong
