|raw|<div class="broadcast-blue"><strong>This battle is required to be public due to a player having a name starting with 'sl21vx'.</div>
|j|☆lonietzzz
|j|☆SL21VX hybone
|t:|1641101350
|gametype|singles
|player|p1|lonietzzz|swimmerf-gen4dp|1446
|player|p2|SL21VX hybone|jogger|1356
|teamsize|p1|6
|teamsize|p2|6
|gen|8
|tier|[Gen 8] OU
|rated|
|rule|Sleep Clause Mod: Limit one foe put to sleep
|rule|Species Clause: Limit one of each Pokémon
|rule|OHKO Clause: OHKO moves are banned
|rule|Evasion Moves Clause: Evasion moves are banned
|rule|Endless Battle Clause: Forcing endless battles is banned
|rule|HP Percentage Mod: HP is shown in percentages
|rule|Dynamax Clause: You cannot dynamax
|clearpoke
|poke|p1|Excadrill, F|
|poke|p1|Garchomp, M|
|poke|p1|Kartana|
|poke|p1|Toxapex, F|
|poke|p1|Tyranitar, M|
|poke|p1|Landorus-Therian, M|
|poke|p2|Slowking-Galar, M|
|poke|p2|Garchomp, M|
|poke|p2|Urshifu-*, F|
|poke|p2|Kartana|
|poke|p2|Corviknight, F|
|poke|p2|Weavile, F|
|teampreview
|j| SL21VX QQ农场
|
|t:|1641101363
|start
|switch|p1a: Landorus|Landorus-Therian, M|100/100
|switch|p2a: Kartana|Kartana|100/100
|-ability|p1a: Landorus|Intimidate|boost
|-unboost|p2a: Kartana|atk|1
|turn|1
|inactive|Battle timer is ON: inactive players will automatically lose when time's up. (requested by lonietzzz)
|
|t:|1641101369
|switch|p2a: Corviknight|Corviknight, F|100/100
|-ability|p2a: Corviknight|Pressure
|move|p1a: Landorus|Stealth Rock|p2a: Corviknight
|-sidestart|p2: SL21VX hybone|move: Stealth Rock
|
|upkeep
|turn|2
|
|t:|1641101377
|switch|p1a: Garchomp|Garchomp, M|100/100
|move|p2a: Corviknight|Defog|p1a: Garchomp
|-unboost|p1a: Garchomp|evasion|1
|-sideend|p2: SL21VX hybone|Stealth Rock|[from] move: Defog|[of] p2a: Corviknight
|
|upkeep
|turn|3
|
|t:|1641101387
|move|p1a: Garchomp|Substitute|p1a: Garchomp
|-start|p1a: Garchomp|Substitute
|-damage|p1a: Garchomp|76/100
|move|p2a: Corviknight|U-turn|p1a: Garchomp
|-crit|p1a: Garchomp
|-activate|p1a: Garchomp|move: Substitute|[damage]
|j|&starmind
|
|t:|1641101392
|switch|p2a: Weavile|Weavile, F|100/100|[from]move: U-turn
|-ability|p2a: Weavile|Pressure
|
|-heal|p1a: Garchomp|82/100|[from] item: Leftovers
|upkeep
|turn|4
|
|t:|1641101395
|switch|p1a: Toxapex|Toxapex, F|100/100
|move|p2a: Weavile|Triple Axel|p1a: Toxapex
|-resisted|p1a: Toxapex
|-damage|p1a: Toxapex|98/100
|-damage|p2a: Weavile|84/100|[from] item: Rocky Helmet|[of] p1a: Toxapex
|-resisted|p1a: Toxapex
|-damage|p1a: Toxapex|92/100
|-damage|p2a: Weavile|68/100|[from] item: Rocky Helmet|[of] p1a: Toxapex
|-hitcount|p1a: Toxapex|2
|
|upkeep
|turn|5
|
|t:|1641101399
|move|p2a: Weavile|Knock Off|p1a: Toxapex
|-damage|p1a: Toxapex|63/100
|-damage|p2a: Weavile|51/100|[from] item: Rocky Helmet|[of] p1a: Toxapex
|-enditem|p1a: Toxapex|Rocky Helmet|[from] move: Knock Off|[of] p2a: Weavile
|move|p1a: Toxapex|Knock Off|p2a: Weavile
|-resisted|p2a: Weavile
|-damage|p2a: Weavile|39/100
|-enditem|p2a: Weavile|Heavy-Duty Boots|[from] move: Knock Off|[of] p1a: Toxapex
|
|upkeep
|turn|6
|j| SL21VXJqlove
|
|t:|1641101408
|switch|p2a: Garchomp|Garchomp, M, shiny|100/100
|switch|p1a: Landorus|Landorus-Therian, M|100/100
|-ability|p1a: Landorus|Intimidate|boost
|-unboost|p2a: Garchomp|atk|1
|
|upkeep
|turn|7
|j| peak clownery
|
|t:|1641101418
|move|p2a: Garchomp|Toxic|p1a: Landorus
|-status|p1a: Landorus|tox
|move|p1a: Landorus|Stealth Rock|p2a: Garchomp
|-sidestart|p2: SL21VX hybone|move: Stealth Rock
|
|-damage|p1a: Landorus|94/100 tox|[from] psn
|upkeep
|turn|8
|
|t:|1641101425
|switch|p1a: Toxapex|Toxapex, F|96/100
|move|p2a: Garchomp|Protect||[still]
|-fail|p2a: Garchomp
|
|upkeep
|turn|9
|
|t:|1641101433
|switch|p1a: Landorus|Landorus-Therian, M|94/100 tox
|-ability|p1a: Landorus|Intimidate|boost
|-unboost|p2a: Garchomp|atk|1
|move|p2a: Garchomp|Earthquake|p1a: Landorus
|-immune|p1a: Landorus
|
|-damage|p1a: Landorus|88/100 tox|[from] psn
|upkeep
|turn|10
|
|t:|1641101438
|switch|p2a: Corviknight|Corviknight, F|100/100
|-damage|p2a: Corviknight|88/100|[from] Stealth Rock
|-ability|p2a: Corviknight|Pressure
|switch|p1a: Kartana|Kartana|100/100
|
|-heal|p2a: Corviknight|94/100|[from] item: Leftovers
|upkeep
|turn|11
|j| abksdr
|
|t:|1641101441
|move|p1a: Kartana|Swords Dance|p1a: Kartana
|-boost|p1a: Kartana|atk|2
|move|p2a: Corviknight|Defog|p1a: Kartana
|-unboost|p1a: Kartana|evasion|1
|-sideend|p2: SL21VX hybone|Stealth Rock|[from] move: Defog|[of] p2a: Corviknight
|
|-heal|p2a: Corviknight|100/100|[from] item: Leftovers
|upkeep
|turn|12
|
|t:|1641101448
|move|p1a: Kartana|Knock Off|p2a: Corviknight
|-damage|p2a: Corviknight|24/100
|-enditem|p2a: Corviknight|Leftovers|[from] move: Knock Off|[of] p1a: Kartana
|-damage|p1a: Kartana|91/100|[from] item: Life Orb
|move|p2a: Corviknight|U-turn|p1a: Kartana
|-damage|p1a: Kartana|75/100
|
|t:|1641101454
|switch|p2a: Urshifu|Urshifu-Rapid-Strike, F|100/100|[from]move: U-turn
|
|upkeep
|turn|13
|
|t:|1641101467
|switch|p1a: Toxapex|Toxapex, F|100/100
|move|p2a: Urshifu|Close Combat|p1a: Toxapex
|-resisted|p1a: Toxapex
|-crit|p1a: Toxapex
|-damage|p1a: Toxapex|72/100
|-unboost|p2a: Urshifu|def|1
|-unboost|p2a: Urshifu|spd|1
|
|upkeep
|turn|14
|
|t:|1641101472
|switch|p2a: Corviknight|Corviknight, F|24/100
|-ability|p2a: Corviknight|Pressure
|switch|p1a: Kartana|Kartana|75/100
|
|upkeep
|turn|15
|
|t:|1641101482
|switch|p2a: Garchomp|Garchomp, M, shiny|100/100
|move|p1a: Kartana|Knock Off|p2a: Garchomp
|-damage|p2a: Garchomp|62/100
|-damage|p1a: Kartana|63/100|[from] ability: Rough Skin|[of] p2a: Garchomp
|-enditem|p2a: Garchomp|Leftovers|[from] move: Knock Off|[of] p1a: Kartana
|-damage|p1a: Kartana|53/100|[from] item: Life Orb
|
|upkeep
|turn|16
|
|t:|1641101491
|switch|p1a: Garchomp|Garchomp, M|82/100
|move|p2a: Garchomp|Earthquake|p1a: Garchomp
|-damage|p1a: Garchomp|40/100
|
|-heal|p1a: Garchomp|46/100|[from] item: Leftovers
|upkeep
|turn|17
|
|t:|1641101506
|switch|p2a: Kartana|Kartana|100/100
|move|p1a: Garchomp|Swords Dance|p1a: Garchomp
|-boost|p1a: Garchomp|atk|2
|
|-heal|p1a: Garchomp|52/100|[from] item: Leftovers
|upkeep
|turn|18
|
|t:|1641101513
|switch|p1a: Landorus|Landorus-Therian, M|88/100 tox
|-ability|p1a: Landorus|Intimidate|boost
|-unboost|p2a: Kartana|atk|1
|move|p2a: Kartana|Leaf Blade|p1a: Landorus
|-damage|p1a: Landorus|44/100 tox
|-damage|p2a: Kartana|84/100|[from] item: Rocky Helmet|[of] p1a: Landorus
|
|-damage|p1a: Landorus|38/100 tox|[from] psn
|upkeep
|turn|19
|
|t:|1641101518
|switch|p1a: Toxapex|Toxapex, F|100/100
|move|p2a: Kartana|Leaf Blade|p1a: Toxapex
|-damage|p1a: Toxapex|65/100
|
|upkeep
|turn|20
|
|t:|1641101522
|switch|p2a: Corviknight|Corviknight, F|24/100
|-ability|p2a: Corviknight|Pressure
|switch|p1a: Landorus|Landorus-Therian, M|38/100 tox
|-ability|p1a: Landorus|Intimidate|boost
|-unboost|p2a: Corviknight|atk|1
|
|-damage|p1a: Landorus|32/100 tox|[from] psn
|upkeep
|turn|21
|j| SL21VXwangyu
|
|t:|1641101539
|switch|p1a: Toxapex|Toxapex, F|98/100
|move|p2a: Corviknight|Roost|p2a: Corviknight
|-heal|p2a: Corviknight|74/100
|-singleturn|p2a: Corviknight|move: Roost
|
|upkeep
|turn|22
|
|t:|1641101552
|move|p2a: Corviknight|U-turn|p1a: Toxapex
|-resisted|p1a: Toxapex
|-damage|p1a: Toxapex|95/100
|
|t:|1641101553
|switch|p2a: Slowking|Slowking-Galar, M, shiny|100/100|[from]move: U-turn
|move|p1a: Toxapex|Toxic Spikes|p2a: Slowking
|-sidestart|p2: SL21VX hybone|move: Toxic Spikes
|
|upkeep
|turn|23
|
|t:|1641101556
|switch|p1a: Excadrill|Excadrill, F|100/100
|move|p2a: Slowking|Future Sight|p1a: Excadrill
|-start|p2a: Slowking|move: Future Sight
|
|upkeep
|turn|24
|l|&starmind
|
|t:|1641101568
|switch|p2a: Corviknight|Corviknight, F|74/100
|-ability|p2a: Corviknight|Pressure
|move|p1a: Excadrill|Swords Dance|p1a: Excadrill
|-boost|p1a: Excadrill|atk|2
|
|upkeep
|turn|25
|
|t:|1641101577
|move|p1a: Excadrill|Rapid Spin|p2a: Corviknight
|-resisted|p2a: Corviknight
|-damage|p2a: Corviknight|61/100
|-boost|p1a: Excadrill|spe|1
|move|p2a: Corviknight|U-turn|p1a: Excadrill
|-resisted|p1a: Excadrill
|-damage|p1a: Excadrill|90/100
|
|t:|1641101582
|switch|p2a: Urshifu|Urshifu-Rapid-Strike, F|100/100|[from]move: U-turn
|-status|p2a: Urshifu|psn
|
|-end|p1a: Excadrill|move: Future Sight
|-resisted|p1a: Excadrill
|-damage|p1a: Excadrill|52/100
|-heal|p1a: Excadrill|58/100|[from] item: Leftovers
|-damage|p2a: Urshifu|88/100 psn|[from] psn
|upkeep
|turn|26
|
|t:|1641101588
|switch|p1a: Toxapex|Toxapex, F|100/100
|move|p2a: Urshifu|Surging Strikes|p1a: Toxapex
|-resisted|p1a: Toxapex
|-crit|p1a: Toxapex
|-damage|p1a: Toxapex|95/100
|-resisted|p1a: Toxapex
|-crit|p1a: Toxapex
|-damage|p1a: Toxapex|89/100
|-resisted|p1a: Toxapex
|-crit|p1a: Toxapex
|-damage|p1a: Toxapex|82/100
|-hitcount|p1a: Toxapex|3
|
|-damage|p2a: Urshifu|76/100 psn|[from] psn
|upkeep
|turn|27
|l| SL21VXwangyu
|
|t:|1641101597
|switch|p2a: Slowking|Slowking-Galar, M, shiny|100/100
|-sideend|p2: SL21VX hybone|move: Toxic Spikes|[of] p2a: Slowking
|move|p1a: Toxapex|Knock Off|p2a: Slowking
|-supereffective|p2a: Slowking
|-damage|p2a: Slowking|68/100
|-enditem|p2a: Slowking|Assault Vest|[from] move: Knock Off|[of] p1a: Toxapex
|
|upkeep
|turn|28
|
|t:|1641101600
|switch|p1a: Tyranitar|Tyranitar, M|100/100
|-weather|Sandstorm|[from] ability: Sand Stream|[of] p1a: Tyranitar
|move|p2a: Slowking|Future Sight|p1a: Tyranitar
|-start|p2a: Slowking|move: Future Sight
|
|-weather|Sandstorm|[upkeep]
|-damage|p2a: Slowking|62/100|[from] Sandstorm
|upkeep
|turn|29
|
|t:|1641101605
|switch|p2a: Garchomp|Garchomp, M, shiny|62/100
|move|p1a: Tyranitar|Stealth Rock|p2a: Garchomp
|-sidestart|p2: SL21VX hybone|move: Stealth Rock
|
|-weather|Sandstorm|[upkeep]
|upkeep
|turn|30
|
|t:|1641101615
|move|p1a: Tyranitar|Protect|p1a: Tyranitar
|-singleturn|p1a: Tyranitar|Protect
|move|p2a: Garchomp|Earthquake|p1a: Tyranitar
|-activate|p1a: Tyranitar|move: Protect
|
|-weather|Sandstorm|[upkeep]
|-end|p1a: Tyranitar|move: Future Sight
|-immune|p1a: Tyranitar
|upkeep
|turn|31
|
|t:|1641101623
|move|p2a: Garchomp|Stealth Rock|p1a: Tyranitar
|-sidestart|p1: lonietzzz|move: Stealth Rock
|move|p1a: Tyranitar|Toxic|p2a: Garchomp
|-status|p2a: Garchomp|tox
|
|-weather|Sandstorm|[upkeep]
|-damage|p2a: Garchomp|56/100 tox|[from] psn
|upkeep
|turn|32
|j| quicklyuuuooo
|
|t:|1641101636
|switch|p2a: Kartana|Kartana|84/100
|-damage|p2a: Kartana|78/100|[from] Stealth Rock
|move|p1a: Tyranitar|Protect||[still]
|-fail|p1a: Tyranitar
|
|-weather|none
|upkeep
|turn|33
|
|t:|1641101643
|move|p1a: Tyranitar|Protect|p1a: Tyranitar
|-singleturn|p1a: Tyranitar|Protect
|move|p2a: Kartana|Leaf Blade|p1a: Tyranitar
|-activate|p1a: Tyranitar|move: Protect
|
|upkeep
|turn|34
|
|t:|1641101646
|switch|p1a: Landorus|Landorus-Therian, M|32/100 tox
|-damage|p1a: Landorus|20/100 tox|[from] Stealth Rock
|-ability|p1a: Landorus|Intimidate|boost
|-unboost|p2a: Kartana|atk|1
|move|p2a: Kartana|Leaf Blade|p1a: Landorus
|-damage|p1a: Landorus|0 fnt
|-damage|p2a: Kartana|61/100|[from] item: Rocky Helmet|[of] p1a: Landorus
|faint|p1a: Landorus
|-ability|p2a: Kartana|Beast Boost|boost
|-boost|p2a: Kartana|atk|1
|
|upkeep
|
|t:|1641101652
|switch|p1a: Kartana|Kartana|53/100
|-damage|p1a: Kartana|47/100|[from] Stealth Rock
|turn|35
|
|t:|1641101665
|switch|p2a: Corviknight|Corviknight, F|61/100
|-damage|p2a: Corviknight|49/100|[from] Stealth Rock
|-ability|p2a: Corviknight|Pressure
|move|p1a: Kartana|Swords Dance|p1a: Kartana
|-boost|p1a: Kartana|atk|2
|
|upkeep
|turn|36
|
|t:|1641101672
|switch|p2a: Weavile|Weavile, F|39/100
|-damage|p2a: Weavile|14/100|[from] Stealth Rock
|-ability|p2a: Weavile|Pressure
|move|p1a: Kartana|Sacred Sword|p2a: Weavile
|-supereffective|p2a: Weavile
|-damage|p2a: Weavile|0 fnt
|faint|p2a: Weavile
|-ability|p1a: Kartana|Beast Boost|boost
|-boost|p1a: Kartana|atk|1
|-damage|p1a: Kartana|37/100|[from] item: Life Orb
|
|upkeep
|
|t:|1641101674
|switch|p2a: Urshifu|Urshifu-Rapid-Strike, F|76/100 psn
|-damage|p2a: Urshifu|70/100 psn|[from] Stealth Rock
|turn|37
|
|t:|1641101681
|move|p2a: Urshifu|Close Combat|p1a: Kartana
|-supereffective|p1a: Kartana
|-damage|p1a: Kartana|0 fnt
|-unboost|p2a: Urshifu|def|1
|-unboost|p2a: Urshifu|spd|1
|faint|p1a: Kartana
|
|-damage|p2a: Urshifu|57/100 psn|[from] psn
|upkeep
|
|t:|1641101683
|switch|p1a: Toxapex|Toxapex, F|100/100
|-damage|p1a: Toxapex|88/100|[from] Stealth Rock
|turn|38
|
|t:|1641101691
|switch|p2a: Slowking|Slowking-Galar, M, shiny|95/100
|-damage|p2a: Slowking|83/100|[from] Stealth Rock
|switch|p1a: Garchomp|Garchomp, M|52/100
|-damage|p1a: Garchomp|46/100|[from] Stealth Rock
|
|-heal|p1a: Garchomp|52/100|[from] item: Leftovers
|upkeep
|turn|39
|
|t:|1641101712
|move|p1a: Garchomp|Swords Dance|p1a: Garchomp
|-boost|p1a: Garchomp|atk|2
|move|p2a: Slowking|Scald|p1a: Garchomp
|-damage|p1a: Garchomp|24/100
|
|-heal|p1a: Garchomp|30/100|[from] item: Leftovers
|upkeep
|turn|40
|
|t:|1641101718
|switch|p2a: Garchomp|Garchomp, M, shiny|56/100 tox
|-damage|p2a: Garchomp|50/100 tox|[from] Stealth Rock
|move|p1a: Garchomp|Scale Shot|p2a: Garchomp
|-supereffective|p2a: Garchomp
|-damage|p2a: Garchomp|8/100 tox
|-supereffective|p2a: Garchomp
|-damage|p2a: Garchomp|0 fnt
|faint|p2a: Garchomp
|-hitcount|p2: Garchomp|2
|-unboost|p1a: Garchomp|def|1
|-boost|p1a: Garchomp|spe|1
|
|-heal|p1a: Garchomp|36/100|[from] item: Leftovers
|upkeep
|
|t:|1641101726
|switch|p2a: Corviknight|Corviknight, F|49/100
|-damage|p2a: Corviknight|36/100|[from] Stealth Rock
|-ability|p2a: Corviknight|Pressure
|turn|41
|
|t:|1641101731
|switch|p1a: Toxapex|Toxapex, F|100/100
|-damage|p1a: Toxapex|88/100|[from] Stealth Rock
|move|p2a: Corviknight|Roost|p2a: Corviknight
|-heal|p2a: Corviknight|86/100
|-singleturn|p2a: Corviknight|move: Roost
|
|upkeep
|turn|42
|
|t:|1641101745
|switch|p2a: Slowking|Slowking-Galar, M, shiny|100/100
|-damage|p2a: Slowking|88/100|[from] Stealth Rock
|move|p1a: Toxapex|Scald|p2a: Slowking
|-damage|p2a: Slowking|75/100
|
|upkeep
|turn|43
|
|t:|1641101750
|switch|p1a: Tyranitar|Tyranitar, M|100/100
|-damage|p1a: Tyranitar|88/100|[from] Stealth Rock
|-weather|Sandstorm|[from] ability: Sand Stream|[of] p1a: Tyranitar
|move|p2a: Slowking|Future Sight|p1a: Tyranitar
|-start|p2a: Slowking|move: Future Sight
|
|-weather|Sandstorm|[upkeep]
|-damage|p2a: Slowking|69/100|[from] Sandstorm
|-heal|p1a: Tyranitar|94/100|[from] item: Leftovers
|upkeep
|turn|44
|
|t:|1641101757
|switch|p2a: Urshifu|Urshifu-Rapid-Strike, F|57/100 psn
|-damage|p2a: Urshifu|51/100 psn|[from] Stealth Rock
|move|p1a: Tyranitar|Rock Blast|p2a: Urshifu
|-resisted|p2a: Urshifu
|-damage|p2a: Urshifu|46/100 psn
|-resisted|p2a: Urshifu
|-damage|p2a: Urshifu|40/100 psn
|-resisted|p2a: Urshifu
|-damage|p2a: Urshifu|34/100 psn
|-hitcount|p2a: Urshifu|3
|
|-weather|Sandstorm|[upkeep]
|-damage|p2a: Urshifu|27/100 psn|[from] Sandstorm
|-heal|p1a: Tyranitar|100/100|[from] item: Leftovers
|-damage|p2a: Urshifu|15/100 psn|[from] psn
|upkeep
|turn|45
|
|t:|1641101770
|switch|p1a: Garchomp|Garchomp, M|36/100
|-damage|p1a: Garchomp|30/100|[from] Stealth Rock
|move|p2a: Urshifu|Close Combat|p1a: Garchomp
|-damage|p1a: Garchomp|0 fnt
|-unboost|p2a: Urshifu|def|1
|-unboost|p2a: Urshifu|spd|1
|-damage|p2a: Urshifu|3/100 psn|[from] ability: Rough Skin|[of] p1a: Garchomp
|faint|p1a: Garchomp
|
|-weather|Sandstorm|[upkeep]
|-damage|p2a: Urshifu|0 fnt|[from] Sandstorm
|faint|p2a: Urshifu
|-hint|Future Sight did not hit because the target is fainted.
|upkeep
|
|t:|1641101783
|switch|p1a: Excadrill|Excadrill, F|58/100
|switch|p2a: Corviknight|Corviknight, F|86/100
|-damage|p1a: Excadrill|55/100|[from] Stealth Rock
|-damage|p2a: Corviknight|74/100|[from] Stealth Rock
|-ability|p2a: Corviknight|Pressure
|turn|46
|
|t:|1641101789
|move|p1a: Excadrill|Swords Dance|p1a: Excadrill
|-boost|p1a: Excadrill|atk|2
|move|p2a: Corviknight|Brave Bird|p1a: Excadrill
|-resisted|p1a: Excadrill
|-crit|p1a: Excadrill
|-damage|p1a: Excadrill|19/100
|-damage|p2a: Corviknight|63/100|[from] Recoil
|
|-weather|Sandstorm|[upkeep]
|-heal|p1a: Excadrill|25/100|[from] item: Leftovers
|upkeep
|turn|47
|
|t:|1641101794
|move|p1a: Excadrill|Iron Head|p2a: Corviknight
|-resisted|p2a: Corviknight
|-damage|p2a: Corviknight|31/100
|cant|p2a: Corviknight|flinch
|
|-weather|none
|-heal|p1a: Excadrill|31/100|[from] item: Leftovers
|upkeep
|turn|48
|j| SL21VX tangkeke
|
|t:|1641101810
|move|p1a: Excadrill|Rapid Spin|p2a: Corviknight
|-resisted|p2a: Corviknight
|-damage|p2a: Corviknight|20/100
|-boost|p1a: Excadrill|spe|1
|-sideend|p1: lonietzzz|Stealth Rock|[from] move: Rapid Spin|[of] p1a: Excadrill
|move|p2a: Corviknight|Roost|p2a: Corviknight
|-heal|p2a: Corviknight|70/100
|-singleturn|p2a: Corviknight|move: Roost
|
|-heal|p1a: Excadrill|37/100|[from] item: Leftovers
|upkeep
|turn|49
|
|t:|1641101813
|move|p1a: Excadrill|Iron Head|p2a: Corviknight
|-resisted|p2a: Corviknight
|-damage|p2a: Corviknight|40/100
|cant|p2a: Corviknight|flinch
|
|-heal|p1a: Excadrill|43/100|[from] item: Leftovers
|upkeep
|turn|50
|
|t:|1641101816
|move|p1a: Excadrill|Iron Head|p2a: Corviknight
|-resisted|p2a: Corviknight
|-damage|p2a: Corviknight|8/100
|move|p2a: Corviknight|Roost|p2a: Corviknight
|-heal|p2a: Corviknight|58/100
|-singleturn|p2a: Corviknight|move: Roost
|
|-heal|p1a: Excadrill|50/100|[from] item: Leftovers
|upkeep
|turn|51
|
|t:|1641101818
|move|p1a: Excadrill|Iron Head|p2a: Corviknight
|-resisted|p2a: Corviknight
|-damage|p2a: Corviknight|30/100
|move|p2a: Corviknight|Roost|p2a: Corviknight
|-heal|p2a: Corviknight|80/100
|-singleturn|p2a: Corviknight|move: Roost
|
|-heal|p1a: Excadrill|56/100|[from] item: Leftovers
|upkeep
|turn|52
|
|t:|1641101821
|move|p1a: Excadrill|Swords Dance|p1a: Excadrill
|-boost|p1a: Excadrill|atk|2
|move|p2a: Corviknight|Brave Bird|p1a: Excadrill
|-resisted|p1a: Excadrill
|-damage|p1a: Excadrill|32/100
|-damage|p2a: Corviknight|73/100|[from] Recoil
|
|-heal|p1a: Excadrill|38/100|[from] item: Leftovers
|upkeep
|turn|53
|
|t:|1641101826
|move|p1a: Excadrill|Iron Head|p2a: Corviknight
|-resisted|p2a: Corviknight
|-damage|p2a: Corviknight|26/100
|cant|p2a: Corviknight|flinch
|
|-heal|p1a: Excadrill|44/100|[from] item: Leftovers
|upkeep
|turn|54
|
|t:|1641101829
|move|p1a: Excadrill|Iron Head|p2a: Corviknight
|-resisted|p2a: Corviknight
|-damage|p2a: Corviknight|0 fnt
|faint|p2a: Corviknight
|
|-heal|p1a: Excadrill|50/100|[from] item: Leftovers
|upkeep
|-message|SL21VX hybone forfeited.
|
|win|lonietzzz
|raw|lonietzzz's rating: 1446 &rarr; <strong>1461</strong><br />(+15 for winning)
|raw|SL21VX hybone's rating: 1356 &rarr; <strong>1341</strong><br />(-15 for losing)
|l|☆SL21VX hybone
