|j|☆Swordsman.N
|j|☆lunan0713
|t:|1644127892
|gametype|singles
|player|p1|Swordsman.N|caitlin|
|player|p2|lunan0713|volkner|
|teamsize|p1|6
|teamsize|p2|6
|gen|8
|tier|[Gen 8] OU
|rule|Sleep Clause Mod: Limit one foe put to sleep
|rule|Species Clause: Limit one of each Pokémon
|rule|OHKO Clause: OHKO moves are banned
|rule|Evasion Moves Clause: Evasion moves are banned
|rule|Endless Battle Clause: Forcing endless battles is banned
|rule|HP Percentage Mod: HP is shown in percentages
|rule|Dynamax Clause: You cannot dynamax
|clearpoke
|poke|p1|Ferrothorn, F|
|poke|p1|Tapu Koko|
|poke|p1|Slowking-Galar, F|
|poke|p1|Dragonite, M|
|poke|p1|Clefable, M|
|poke|p1|Landorus-Therian, M|
|poke|p2|Volcanion|
|poke|p2|Landorus-Therian, M|
|poke|p2|Heatran, F|
|poke|p2|Rillaboom, F|
|poke|p2|Corviknight, M|
|poke|p2|Conkeldurr, M|
|teampreview
|j| Reiner. Sit Down.
|c|☆lunan0713|不好啊不好
|
|t:|1644127933
|start
|switch|p1a: Clefable|Clefable, M|100/100
|switch|p2a: Landorus|Landorus-Therian, M|100/100
|-ability|p2a: Landorus|Intimidate|boost
|-unboost|p1a: Clefable|atk|1
|turn|1
|
|t:|1644127939
|move|p2a: Landorus|Stealth Rock|p1a: Clefable
|-sidestart|p1: Swordsman.N|move: Stealth Rock
|move|p1a: Clefable|Stealth Rock|p2a: Landorus
|-sidestart|p2: lunan0713|move: Stealth Rock
|
|upkeep
|turn|2
|
|t:|1644127967
|move|p2a: Landorus|U-turn|p1a: Clefable
|-resisted|p1a: Clefable
|-damage|p1a: Clefable|90/100
|
|t:|1644127970
|switch|p2a: Rillaboom|Rillaboom, F|100/100|[from]move: U-turn
|-damage|p2a: Rillaboom|88/100|[from] Stealth Rock
|-fieldstart|move: Grassy Terrain|[from] ability: Grassy Surge|[of] p2a: Rillaboom
|move|p1a: Clefable|Trick|p2a: Rillaboom
|-activate|p1a: Clefable|move: Trick|[of] p2a: Rillaboom
|-item|p2a: Rillaboom|Sticky Barb|[from] move: Trick
|-item|p1a: Clefable|Choice Band|[from] move: Trick
|
|-heal|p2a: Rillaboom|94/100|[from] Grassy Terrain
|-heal|p1a: Clefable|96/100|[from] Grassy Terrain
|-damage|p2a: Rillaboom|82/100|[from] item: Sticky Barb
|upkeep
|turn|3
|
|t:|1644128007
|move|p2a: Rillaboom|U-turn|p1a: Clefable
|-resisted|p1a: Clefable
|-crit|p1a: Clefable
|-damage|p1a: Clefable|79/100
|
|t:|1644128022
|switch|p2a: Landorus|Landorus-Therian, M|100/100|[from]move: U-turn
|-damage|p2a: Landorus|88/100|[from] Stealth Rock
|-ability|p2a: Landorus|Intimidate|boost
|-unboost|p1a: Clefable|atk|1
|move|p1a: Clefable|Soft-Boiled|p1a: Clefable
|-heal|p1a: Clefable|100/100
|
|-heal|p2a: Landorus|94/100|[from] item: Leftovers
|upkeep
|turn|4
|
|t:|1644128031
|switch|p1a: Landorus|Landorus-Therian, M|100/100
|-damage|p1a: Landorus|88/100|[from] Stealth Rock
|-ability|p1a: Landorus|Intimidate|boost
|-unboost|p2a: Landorus|atk|1
|move|p2a: Landorus|U-turn|p1a: Landorus
|-resisted|p1a: Landorus
|-damage|p1a: Landorus|79/100
|
|t:|1644128045
|switch|p2a: Conkeldurr|Conkeldurr, M|100/100|[from]move: U-turn
|-damage|p2a: Conkeldurr|94/100|[from] Stealth Rock
|
|-heal|p2a: Conkeldurr|100/100|[from] Grassy Terrain
|-status|p2a: Conkeldurr|brn|[from] item: Flame Orb
|upkeep
|turn|5
|j| FiniFiniLove
|
|t:|1644128057
|move|p1a: Landorus|U-turn|p2a: Conkeldurr
|-resisted|p2a: Conkeldurr
|-damage|p2a: Conkeldurr|83/100 brn
|
|t:|1644128071
|switch|p1a: Clefable|Clefable, M|100/100|[from]move: U-turn
|move|p2a: Conkeldurr|Knock Off|p1a: Clefable
|-resisted|p1a: Clefable
|-damage|p1a: Clefable|72/100
|-enditem|p1a: Clefable|Choice Band|[from] move: Knock Off|[of] p2a: Conkeldurr
|
|-heal|p2a: Conkeldurr|89/100 brn|[from] Grassy Terrain
|-heal|p1a: Clefable|78/100|[from] Grassy Terrain
|-damage|p2a: Conkeldurr|83/100 brn|[from] brn
|upkeep
|turn|6
|l| Reiner. Sit Down.
|
|t:|1644128090
|move|p2a: Conkeldurr|Facade|p1a: Clefable
|-damage|p1a: Clefable|5/100
|move|p1a: Clefable|Moonblast|p2a: Conkeldurr
|-supereffective|p2a: Conkeldurr
|-damage|p2a: Conkeldurr|0 fnt
|faint|p2a: Conkeldurr
|
|-heal|p1a: Clefable|11/100|[from] Grassy Terrain
|-fieldend|move: Grassy Terrain
|upkeep
|j| woflw
|
|t:|1644128105
|switch|p2a: Heatran|Heatran, F|100/100
|-damage|p2a: Heatran|88/100|[from] Stealth Rock
|turn|7
|c|☆lunan0713|草场害人啊草场害人
|
|t:|1644128132
|switch|p1a: Dragonite|Dragonite, M|100/100
|move|p2a: Heatran|Magma Storm|p1a: Dragonite|[miss]
|-miss|p2a: Heatran|p1a: Dragonite
|
|-heal|p2a: Heatran|94/100|[from] item: Leftovers
|upkeep
|turn|8
|
|t:|1644128155
|switch|p2a: Corviknight|Corviknight, M|100/100
|-damage|p2a: Corviknight|88/100|[from] Stealth Rock
|-ability|p2a: Corviknight|Pressure
|move|p1a: Dragonite|Dragon Dance|p1a: Dragonite
|-boost|p1a: Dragonite|atk|1
|-boost|p1a: Dragonite|spe|1
|
|upkeep
|turn|9
|l| woflw
|
|t:|1644128180
|switch|p1a: Slowking|Slowking-Galar, F|100/100
|-damage|p1a: Slowking|88/100|[from] Stealth Rock
|move|p2a: Corviknight|U-turn|p1a: Slowking
|-damage|p1a: Slowking|77/100
|j| woflw
|j| NoBravery
|
|t:|1644128196
|switch|p2a: Landorus|Landorus-Therian, M|94/100|[from]move: U-turn
|-damage|p2a: Landorus|82/100|[from] Stealth Rock
|-ability|p2a: Landorus|Intimidate|boost
|-unboost|p1a: Slowking|atk|1
|
|-heal|p2a: Landorus|88/100|[from] item: Leftovers
|upkeep
|turn|10
|
|t:|1644128218
|switch|p1a: Landorus|Landorus-Therian, M|79/100
|-damage|p1a: Landorus|67/100|[from] Stealth Rock
|-ability|p1a: Landorus|Intimidate|boost
|-unboost|p2a: Landorus|atk|1
|move|p2a: Landorus|Toxic|p1a: Landorus
|-status|p1a: Landorus|tox
|
|-heal|p2a: Landorus|94/100|[from] item: Leftovers
|-damage|p1a: Landorus|61/100 tox|[from] psn
|upkeep
|turn|11
|
|t:|1644128234
|switch|p2a: Corviknight|Corviknight, M|88/100
|-damage|p2a: Corviknight|76/100|[from] Stealth Rock
|-ability|p2a: Corviknight|Pressure
|move|p1a: Landorus|Knock Off|p2a: Corviknight
|-damage|p2a: Corviknight|42/100
|-damage|p1a: Landorus|45/100 tox|[from] item: Rocky Helmet|[of] p2a: Corviknight
|-enditem|p2a: Corviknight|Rocky Helmet|[from] move: Knock Off|[of] p1a: Landorus
|
|-damage|p1a: Landorus|33/100 tox|[from] psn
|upkeep
|turn|12
|
|t:|1644128245
|switch|p1a: Tapu Koko|Tapu Koko|100/100
|-fieldstart|move: Electric Terrain|[from] ability: Electric Surge|[of] p1a: Tapu Koko
|move|p2a: Corviknight|Roost|p2a: Corviknight
|-heal|p2a: Corviknight|92/100
|-singleturn|p2a: Corviknight|move: Roost
|
|upkeep
|turn|13
|
|t:|1644128254
|switch|p2a: Landorus|Landorus-Therian, M|94/100
|-damage|p2a: Landorus|82/100|[from] Stealth Rock
|-ability|p2a: Landorus|Intimidate|boost
|-unboost|p1a: Tapu Koko|atk|1
|move|p1a: Tapu Koko|Dazzling Gleam|p2a: Landorus
|-damage|p2a: Landorus|53/100
|
|-heal|p2a: Landorus|59/100|[from] item: Leftovers
|upkeep
|turn|14
|
|t:|1644128271
|switch|p1a: Ferrothorn|Ferrothorn, F|100/100
|-damage|p1a: Ferrothorn|95/100|[from] Stealth Rock
|move|p2a: Landorus|Earthquake|p1a: Ferrothorn
|-damage|p1a: Ferrothorn|64/100
|
|-heal|p2a: Landorus|65/100|[from] item: Leftovers
|upkeep
|turn|15
|
|t:|1644128289
|switch|p2a: Heatran|Heatran, F|94/100
|-damage|p2a: Heatran|82/100|[from] Stealth Rock
|move|p1a: Ferrothorn|Knock Off|p2a: Heatran
|-damage|p2a: Heatran|65/100
|-enditem|p2a: Heatran|Leftovers|[from] move: Knock Off|[of] p1a: Ferrothorn
|
|upkeep
|turn|16
|
|t:|1644128327
|switch|p1a: Clefable|Clefable, M|11/100
|move|p2a: Heatran|Magma Storm|p1a: Clefable
|-damage|p1a: Clefable|0 fnt
|faint|p1a: Clefable
|
|-fieldend|move: Electric Terrain
|upkeep
|
|t:|1644128344
|switch|p1a: Landorus|Landorus-Therian, M|33/100 tox
|-damage|p1a: Landorus|21/100 tox|[from] Stealth Rock
|-ability|p1a: Landorus|Intimidate|boost
|-unboost|p2a: Heatran|atk|1
|turn|17
|
|t:|1644128350
|switch|p2a: Corviknight|Corviknight, M|92/100
|-damage|p2a: Corviknight|80/100|[from] Stealth Rock
|-ability|p2a: Corviknight|Pressure
|move|p1a: Landorus|Stone Edge|p2a: Corviknight
|-crit|p2a: Corviknight
|-damage|p2a: Corviknight|28/100
|
|-damage|p1a: Landorus|15/100 tox|[from] psn
|upkeep
|turn|18
|
|t:|1644128362
|move|p1a: Landorus|Stone Edge|p2a: Corviknight
|-damage|p2a: Corviknight|0 fnt
|faint|p2a: Corviknight
|
|-damage|p1a: Landorus|3/100 tox|[from] psn
|upkeep
|
|t:|1644128371
|switch|p2a: Landorus|Landorus-Therian, M|65/100
|-damage|p2a: Landorus|53/100|[from] Stealth Rock
|-ability|p2a: Landorus|Intimidate|boost
|-unboost|p1a: Landorus|atk|1
|turn|19
|j| Sruai6
|
|t:|1644128389
|move|p1a: Landorus|Stone Edge|p2a: Landorus
|-damage|p2a: Landorus|18/100
|move|p2a: Landorus|U-turn|p1a: Landorus
|-resisted|p1a: Landorus
|-damage|p1a: Landorus|0 fnt
|faint|p1a: Landorus
|
|t:|1644128398
|switch|p2a: Heatran|Heatran, F|65/100|[from]move: U-turn
|-damage|p2a: Heatran|52/100|[from] Stealth Rock
|
|upkeep
|
|t:|1644128407
|switch|p1a: Slowking|Slowking-Galar, F|100/100
|-damage|p1a: Slowking|88/100|[from] Stealth Rock
|turn|20
|
|t:|1644128415
|move|p2a: Heatran|Magma Storm|p1a: Slowking|[miss]
|-miss|p2a: Heatran|p1a: Slowking
|move|p1a: Slowking|Calm Mind|p1a: Slowking
|-boost|p1a: Slowking|spa|1
|-boost|p1a: Slowking|spd|1
|
|upkeep
|turn|21
|
|t:|1644128420
|move|p2a: Heatran|Taunt|p1a: Slowking
|-start|p1a: Slowking|move: Taunt
|move|p1a: Slowking|Scald|p2a: Heatran
|-supereffective|p2a: Heatran
|-damage|p2a: Heatran|12/100
|
|upkeep
|turn|22
|
|t:|1644128432
|move|p2a: Heatran|Earth Power|p1a: Slowking
|-supereffective|p1a: Slowking
|-damage|p1a: Slowking|61/100
|move|p1a: Slowking|Scald|p2a: Heatran
|-supereffective|p2a: Heatran
|-damage|p2a: Heatran|0 fnt
|faint|p2a: Heatran
|
|upkeep
|
|t:|1644128437
|switch|p2a: Landorus|Landorus-Therian, M|18/100
|-damage|p2a: Landorus|5/100|[from] Stealth Rock
|-ability|p2a: Landorus|Intimidate|boost
|-unboost|p1a: Slowking|atk|1
|turn|23
|
|t:|1644128454
|move|p2a: Landorus|Earthquake|p1a: Slowking
|-supereffective|p1a: Slowking
|-damage|p1a: Slowking|0 fnt
|faint|p1a: Slowking
|
|-heal|p2a: Landorus|12/100|[from] item: Leftovers
|upkeep
|
|t:|1644128459
|switch|p1a: Tapu Koko|Tapu Koko|100/100
|-fieldstart|move: Electric Terrain|[from] ability: Electric Surge|[of] p1a: Tapu Koko
|turn|24
|
|t:|1644128477
|move|p1a: Tapu Koko|Dazzling Gleam|p2a: Landorus
|-damage|p2a: Landorus|0 fnt
|faint|p2a: Landorus
|
|upkeep
|
|t:|1644128479
|switch|p2a: Rillaboom|Rillaboom, F|82/100
|-damage|p2a: Rillaboom|70/100|[from] Stealth Rock
|-fieldstart|move: Grassy Terrain|[from] ability: Grassy Surge|[of] p2a: Rillaboom
|turn|25
|l| FiniFiniLove
|j| Narita Taishin
|
|t:|1644128488
|move|p2a: Rillaboom|Grassy Glide|p1a: Tapu Koko
|-damage|p1a: Tapu Koko|28/100
|move|p1a: Tapu Koko|Dazzling Gleam|p2a: Rillaboom
|-damage|p2a: Rillaboom|24/100
|
|-heal|p1a: Tapu Koko|34/100|[from] Grassy Terrain
|-heal|p2a: Rillaboom|31/100|[from] Grassy Terrain
|-damage|p2a: Rillaboom|18/100|[from] item: Sticky Barb
|upkeep
|turn|26
|
|t:|1644128501
|move|p2a: Rillaboom|Grassy Glide|p1a: Tapu Koko
|-damage|p1a: Tapu Koko|0 fnt
|faint|p1a: Tapu Koko
|
|-heal|p2a: Rillaboom|24/100|[from] Grassy Terrain
|-damage|p2a: Rillaboom|12/100|[from] item: Sticky Barb
|upkeep
|
|t:|1644128512
|switch|p1a: Ferrothorn|Ferrothorn, F|64/100
|-damage|p1a: Ferrothorn|58/100|[from] Stealth Rock
|turn|27
|j| rami3e
|
|t:|1644128522
|move|p2a: Rillaboom|Knock Off|p1a: Ferrothorn
|-damage|p1a: Ferrothorn|38/100
|-damage|p2a: Rillaboom|0 fnt|[from] ability: Iron Barbs|[of] p1a: Ferrothorn
|faint|p2a: Rillaboom
|move|p1a: Ferrothorn|Knock Off|p2: Rillaboom|[notarget]
|-fail|p1a: Ferrothorn
|
|-heal|p1a: Ferrothorn|44/100|[from] Grassy Terrain
|upkeep
|j| Lightchanseyy
|
|t:|1644128529
|switch|p2a: Volcanion|Volcanion|100/100
|-damage|p2a: Volcanion|76/100|[from] Stealth Rock
|turn|28
|
|t:|1644128534
|move|p2a: Volcanion|Flamethrower|p1a: Ferrothorn
|-supereffective|p1a: Ferrothorn
|-damage|p1a: Ferrothorn|0 fnt
|faint|p1a: Ferrothorn
|
|-heal|p2a: Volcanion|82/100|[from] Grassy Terrain
|upkeep
|
|t:|1644128540
|switch|p1a: Dragonite|Dragonite, M|100/100
|turn|29
|c|☆lunan0713|gg
|l| Lightchanseyy
|c|☆Swordsman.N|gg
|
|t:|1644128548
|move|p2a: Volcanion|Flamethrower|p1a: Dragonite
|-resisted|p1a: Dragonite
|-crit|p1a: Dragonite
|-damage|p1a: Dragonite|76/100
|move|p1a: Dragonite|Dragon Dance|p1a: Dragonite
|-boost|p1a: Dragonite|atk|1
|-boost|p1a: Dragonite|spe|1
|
|-heal|p2a: Volcanion|88/100|[from] Grassy Terrain
|-fieldend|move: Grassy Terrain
|upkeep
|turn|30
|
|t:|1644128556
|move|p1a: Dragonite|Earthquake|p2a: Volcanion
|-supereffective|p2a: Volcanion
|-damage|p2a: Volcanion|0 fnt
|faint|p2a: Volcanion
|
|win|Swordsman.N
