|uhtml|report-battle|<b>将对战链接公开到:</b> <button class="button" name="send" value="/reportto skypillar">Sky Pillar</button><button class="button" name="send" value="/reportto shinx">Shinx</button>
|j|☆shuo硕德er
|j|☆AlIoutdragadarts
|inactive|Battle timer is ON: inactive players will automatically lose when time's up.
|t:|1661693491
|gametype|singles
|player|p1|shuo硕德er|shuoer.jpg|
|player|p2|AlIoutdragadarts|acerola-masters|
|teamsize|p1|6
|teamsize|p2|6
|gen|8
|tier|[Gen 8] OU
|rated|Tournament battle
|rule|Sleep Clause Mod: Limit one foe put to sleep
|rule|Species Clause: Limit one of each Pokémon
|rule|OHKO Clause: OHKO moves are banned
|rule|Evasion Items Clause: Evasion items are banned
|rule|Evasion Moves Clause: Evasion moves are banned
|rule|Endless Battle Clause: Forcing endless battles is banned
|rule|HP Percentage Mod: HP is shown in percentages
|rule|Dynamax Clause: You cannot dynamax
|clearpoke
|poke|p1|Mew|
|poke|p1|Ninetales-Alola, M|
|poke|p1|Barbaracle, M|
|poke|p1|Kommo-o, M|
|poke|p1|Polteageist|
|poke|p1|Slowbro-Galar, M|
|poke|p2|Landorus-Therian, M|
|poke|p2|Weavile, F|
|poke|p2|Tapu Fini|
|poke|p2|Melmetal|
|poke|p2|Zapdos|
|poke|p2|Buzzwole|
|teampreview
|j| bellight
|l| bellight
|j| wdzkz
|
|t:|1661693513
|start
|switch|p1a: 就像那残酷的天使|Mew|100/100
|switch|p2a: Landorus|Landorus-Therian, M|100/100
|-ability|p2a: Landorus|Intimidate|boost
|-unboost|p1a: 就像那残酷的天使|atk|1
|turn|1
|
|t:|1661693520
|move|p1a: 就像那残酷的天使|Stealth Rock|p2a: Landorus
|-sidestart|p2: AlIoutdragadarts|move: Stealth Rock
|move|p2a: Landorus|U-turn|p1a: 就像那残酷的天使
|-supereffective|p1a: 就像那残酷的天使
|-damage|p1a: 就像那残酷的天使|62/100
|
|t:|1661693523
|switch|p2a: Weavile|Weavile, F|100/100|[from]move: U-turn
|-ability|p2a: Weavile|Pressure
|
|upkeep
|turn|2
|
|t:|1661693527
|move|p2a: Weavile|Knock Off|p1a: 就像那残酷的天使
|-supereffective|p1a: 就像那残酷的天使
|-enditem|p1a: 就像那残酷的天使|Colbur Berry|[eat]
|-enditem|p1a: 就像那残酷的天使|Colbur Berry|[weaken]
|-damage|p1a: 就像那残酷的天使|17/100
|move|p1a: 就像那残酷的天使|Close Combat|p2a: Weavile
|-supereffective|p2a: Weavile
|-damage|p2a: Weavile|0 fnt
|-unboost|p1a: 就像那残酷的天使|def|1
|-unboost|p1a: 就像那残酷的天使|spd|1
|faint|p2a: Weavile
|
|upkeep
|
|t:|1661693533
|switch|p2a: Zapdos|Zapdos|100/100
|turn|3
|
|t:|1661693539
|move|p1a: 就像那残酷的天使|Taunt|p2a: Zapdos
|-start|p2a: Zapdos|move: Taunt
|move|p2a: Zapdos|Hurricane|p1a: 就像那残酷的天使
|-damage|p1a: 就像那残酷的天使|0 fnt
|faint|p1a: 就像那残酷的天使
|
|upkeep
|
|t:|1661693544
|switch|p1a: 少年啊，成为神话吧|Ninetales-Alola, M|100/100
|-weather|Hail|[from] ability: Snow Warning|[of] p1a: 少年啊，成为神话吧
|turn|4
|
|t:|1661693547
|move|p1a: 少年啊，成为神话吧|Aurora Veil|p1a: 少年啊，成为神话吧
|-sidestart|p1: shuo硕德er|move: Aurora Veil
|move|p2a: Zapdos|Volt Switch|p1a: 少年啊，成为神话吧
|-damage|p1a: 少年啊，成为神话吧|86/100
|
|t:|1661693549
|switch|p2a: Melmetal|Melmetal|100/100|[from]move: Volt Switch
|-damage|p2a: Melmetal|94/100|[from] Stealth Rock
|
|-weather|Hail|[upkeep]
|-damage|p2a: Melmetal|88/100|[from] Hail
|-heal|p2a: Melmetal|94/100|[from] item: Leftovers
|upkeep
|turn|5
|
|t:|1661693558
|switch|p2a: Zapdos|Zapdos|100/100
|move|p1a: 少年啊，成为神话吧|Safeguard|p1a: 少年啊，成为神话吧
|-sidestart|p1: shuo硕德er|Safeguard
|
|-weather|Hail|[upkeep]
|-damage|p2a: Zapdos|94/100|[from] Hail
|upkeep
|turn|6
|
|t:|1661693564
|switch|p1a: 但你只凝视我，对我微笑|Kommo-o, M|100/100
|move|p2a: Zapdos|Defog|p1a: 但你只凝视我，对我微笑
|-unboost|p1a: 但你只凝视我，对我微笑|evasion|1
|-sideend|p1: shuo硕德er|move: Aurora Veil
|-sideend|p1: shuo硕德er|Safeguard
|-sideend|p2: AlIoutdragadarts|Stealth Rock|[from] move: Defog|[of] p2a: Zapdos
|
|-weather|Hail|[upkeep]
|-damage|p2a: Zapdos|88/100|[from] Hail
|-damage|p1a: 但你只凝视我，对我微笑|94/100|[from] Hail
|upkeep
|turn|7
|
|t:|1661693570
|switch|p1a: 少年啊，成为神话吧|Ninetales-Alola, M|86/100
|move|p2a: Zapdos|Hurricane|p1a: 少年啊，成为神话吧
|-damage|p1a: 少年啊，成为神话吧|41/100
|
|-weather|Hail|[upkeep]
|-damage|p2a: Zapdos|82/100|[from] Hail
|upkeep
|turn|8
|
|t:|1661693579
|move|p1a: 少年啊，成为神话吧|Aurora Veil|p1a: 少年啊，成为神话吧
|-sidestart|p1: shuo硕德er|move: Aurora Veil
|move|p2a: Zapdos|Defog|p1a: 少年啊，成为神话吧
|-unboost|p1a: 少年啊，成为神话吧|evasion|1
|-sideend|p1: shuo硕德er|move: Aurora Veil
|
|-weather|none
|upkeep
|turn|9
|
|t:|1661693585
|switch|p1a: 但你只凝视我，对我微笑|Kommo-o, M|94/100
|move|p2a: Zapdos|Volt Switch|p1a: 但你只凝视我，对我微笑
|-resisted|p1a: 但你只凝视我，对我微笑
|-damage|p1a: 但你只凝视我，对我微笑|76/100
|
|t:|1661693590
|switch|p2a: Buzzwole|Buzzwole|100/100|[from]move: Volt Switch
|
|upkeep
|turn|10
|
|t:|1661693600
|switch|p1a: 少年啊，成为神话吧|Ninetales-Alola, M|41/100
|-weather|Hail|[from] ability: Snow Warning|[of] p1a: 少年啊，成为神话吧
|move|p2a: Buzzwole|Close Combat|p1a: 少年啊，成为神话吧
|-damage|p1a: 少年啊，成为神话吧|0 fnt
|-unboost|p2a: Buzzwole|def|1
|-unboost|p2a: Buzzwole|spd|1
|faint|p1a: 少年啊，成为神话吧
|-ability|p2a: Buzzwole|Beast Boost|boost
|-boost|p2a: Buzzwole|atk|1
|
|-weather|Hail|[upkeep]
|-damage|p2a: Buzzwole|95/100|[from] Hail
|upkeep
|
|t:|1661693603
|switch|p1a: 指尖的轻触，为之执着，为之痴狂|Polteageist|100/100
|turn|11
|j| igiegie
|
|t:|1661693613
|switch|p2a: Melmetal|Melmetal|94/100
|move|p1a: 指尖的轻触，为之执着，为之痴狂|Shell Smash|p1a: 指尖的轻触，为之执着，为之痴狂
|-unboost|p1a: 指尖的轻触，为之执着，为之痴狂|def|1
|-unboost|p1a: 指尖的轻触，为之执着，为之痴狂|spd|1
|-boost|p1a: 指尖的轻触，为之执着，为之痴狂|atk|2
|-boost|p1a: 指尖的轻触，为之执着，为之痴狂|spa|2
|-boost|p1a: 指尖的轻触，为之执着，为之痴狂|spe|2
|-enditem|p1a: 指尖的轻触，为之执着，为之痴狂|White Herb
|-clearnegativeboost|p1a: 指尖的轻触，为之执着，为之痴狂|[silent]
|
|-weather|Hail|[upkeep]
|-damage|p1a: 指尖的轻触，为之执着，为之痴狂|94/100|[from] Hail
|-damage|p2a: Melmetal|88/100|[from] Hail
|-heal|p2a: Melmetal|94/100|[from] item: Leftovers
|upkeep
|turn|12
|
|t:|1661693617
|move|p1a: 指尖的轻触，为之执着，为之痴狂|Strength Sap|p2a: Melmetal
|-unboost|p2a: Melmetal|atk|1
|-heal|p1a: 指尖的轻触，为之执着，为之痴狂|100/100
|move|p2a: Melmetal|Double Iron Bash|p1a: 指尖的轻触，为之执着，为之痴狂
|-damage|p1a: 指尖的轻触，为之执着，为之痴狂|60/100
|-damage|p1a: 指尖的轻触，为之执着，为之痴狂|14/100
|-hitcount|p1a: 指尖的轻触，为之执着，为之痴狂|2
|
|-weather|Hail|[upkeep]
|-damage|p1a: 指尖的轻触，为之执着，为之痴狂|8/100|[from] Hail
|-damage|p2a: Melmetal|88/100|[from] Hail
|-heal|p2a: Melmetal|94/100|[from] item: Leftovers
|upkeep
|turn|13
|j| zibuyu
|
|t:|1661693621
|move|p2a: Melmetal|Protect|p2a: Melmetal
|-singleturn|p2a: Melmetal|Protect
|move|p1a: 指尖的轻触，为之执着，为之痴狂|Strength Sap|p2a: Melmetal
|-activate|p2a: Melmetal|move: Protect
|
|-weather|Hail|[upkeep]
|-damage|p1a: 指尖的轻触，为之执着，为之痴狂|2/100|[from] Hail
|-damage|p2a: Melmetal|88/100|[from] Hail
|-heal|p2a: Melmetal|94/100|[from] item: Leftovers
|upkeep
|turn|14
|
|t:|1661693626
|move|p1a: 指尖的轻触，为之执着，为之痴狂|Strength Sap|p2a: Melmetal
|-unboost|p2a: Melmetal|atk|1
|-heal|p1a: 指尖的轻触，为之执着，为之痴狂|94/100
|move|p2a: Melmetal|Double Iron Bash|p1a: 指尖的轻触，为之执着，为之痴狂
|-damage|p1a: 指尖的轻触，为之执着，为之痴狂|62/100
|-damage|p1a: 指尖的轻触，为之执着，为之痴狂|33/100
|-hitcount|p1a: 指尖的轻触，为之执着，为之痴狂|2
|
|-weather|none
|-heal|p2a: Melmetal|100/100|[from] item: Leftovers
|upkeep
|turn|15
|
|t:|1661693634
|move|p1a: 指尖的轻触，为之执着，为之痴狂|Strength Sap|p2a: Melmetal
|-unboost|p2a: Melmetal|atk|1
|-heal|p1a: 指尖的轻触，为之执着，为之痴狂|100/100
|move|p2a: Melmetal|Double Iron Bash|p1a: 指尖的轻触，为之执着，为之痴狂
|-damage|p1a: 指尖的轻触，为之执着，为之痴狂|74/100
|-damage|p1a: 指尖的轻触，为之执着，为之痴狂|46/100
|-hitcount|p1a: 指尖的轻触，为之执着，为之痴狂|2
|
|upkeep
|turn|16
|
|t:|1661693640
|move|p1a: 指尖的轻触，为之执着，为之痴狂|Strength Sap|p2a: Melmetal
|-unboost|p2a: Melmetal|atk|1
|-heal|p1a: 指尖的轻触，为之执着，为之痴狂|100/100
|move|p2a: Melmetal|Double Iron Bash|p1a: 指尖的轻触，为之执着，为之痴狂
|-damage|p1a: 指尖的轻触，为之执着，为之痴狂|80/100
|-crit|p1a: 指尖的轻触，为之执着，为之痴狂
|-damage|p1a: 指尖的轻触，为之执着，为之痴狂|0 fnt
|faint|p1a: 指尖的轻触，为之执着，为之痴狂
|-hitcount|p1: 指尖的轻触，为之执着，为之痴狂|2
|
|upkeep
|c|☆shuo硕德er|？
|c| igiegie|羁绊
|
|t:|1661693662
|switch|p1a: 但你只凝视我，对我微笑|Kommo-o, M|76/100
|turn|17
|c|☆AlIoutdragadarts|==
|c| zibuyu|”组织之躯真的有30%吗“
|
|t:|1661693682
|move|p1a: 但你只凝视我，对我微笑|Belly Drum|p1a: 但你只凝视我，对我微笑
|-damage|p1a: 但你只凝视我，对我微笑|26/100
|-setboost|p1a: 但你只凝视我，对我微笑|atk|6|[from] move: Belly Drum
|-enditem|p1a: 但你只凝视我，对我微笑|Sitrus Berry|[eat]
|-heal|p1a: 但你只凝视我，对我微笑|51/100|[from] item: Sitrus Berry
|move|p2a: Melmetal|Toxic|p1a: 但你只凝视我，对我微笑
|-status|p1a: 但你只凝视我，对我微笑|tox
|
|-damage|p1a: 但你只凝视我，对我微笑|45/100 tox|[from] psn
|upkeep
|turn|18
|
|t:|1661693692
|move|p2a: Melmetal|Protect|p2a: Melmetal
|-singleturn|p2a: Melmetal|Protect
|move|p1a: 但你只凝视我，对我微笑|Drain Punch|p2a: Melmetal
|-activate|p2a: Melmetal|move: Protect
|
|-damage|p1a: 但你只凝视我，对我微笑|33/100 tox|[from] psn
|upkeep
|turn|19
|
|t:|1661693704
|switch|p2a: Landorus|Landorus-Therian, M|100/100
|-ability|p2a: Landorus|Intimidate|boost
|-unboost|p1a: 但你只凝视我，对我微笑|atk|1
|move|p1a: 但你只凝视我，对我微笑|Poison Jab|p2a: Landorus
|-resisted|p2a: Landorus
|-damage|p2a: Landorus|58/100
|-status|p2a: Landorus|psn
|
|-heal|p2a: Landorus|64/100 psn|[from] item: Leftovers
|-damage|p1a: 但你只凝视我，对我微笑|14/100 tox|[from] psn
|-damage|p2a: Landorus|52/100 psn|[from] psn
|upkeep
|turn|20
|
|t:|1661693710
|move|p1a: 但你只凝视我，对我微笑|Poison Jab|p2a: Landorus
|-resisted|p2a: Landorus
|-damage|p2a: Landorus|9/100 psn
|move|p2a: Landorus|Stealth Rock|p1a: 但你只凝视我，对我微笑
|-sidestart|p1: shuo硕德er|move: Stealth Rock
|
|-heal|p2a: Landorus|15/100 psn|[from] item: Leftovers
|-damage|p1a: 但你只凝视我，对我微笑|0 fnt|[from] psn
|faint|p1a: 但你只凝视我，对我微笑
|-damage|p2a: Landorus|3/100 psn|[from] psn
|upkeep
|
|t:|1661693714
|switch|p1a: 在此刻、苍蓝的风，轻轻敲击着我的心|Barbaracle, M|100/100
|-damage|p1a: 在此刻、苍蓝的风，轻轻敲击着我的心|88/100|[from] Stealth Rock
|turn|21
|
|t:|1661693717
|move|p1a: 在此刻、苍蓝的风，轻轻敲击着我的心|Liquidation|p2a: Landorus
|-supereffective|p2a: Landorus
|-damage|p2a: Landorus|0 fnt
|faint|p2a: Landorus
|
|upkeep
|
|t:|1661693720
|switch|p2a: Buzzwole|Buzzwole|95/100
|turn|22
|l| igiegie
|
|t:|1661693739
|move|p1a: 在此刻、苍蓝的风，轻轻敲击着我的心|Stone Edge|p2a: Buzzwole|[miss]
|-miss|p1a: 在此刻、苍蓝的风，轻轻敲击着我的心|p2a: Buzzwole
|move|p2a: Buzzwole|Earthquake|p1a: 在此刻、苍蓝的风，轻轻敲击着我的心
|-supereffective|p1a: 在此刻、苍蓝的风，轻轻敲击着我的心
|-damage|p1a: 在此刻、苍蓝的风，轻轻敲击着我的心|0 fnt
|faint|p1a: 在此刻、苍蓝的风，轻轻敲击着我的心
|-ability|p2a: Buzzwole|Beast Boost|boost
|-boost|p2a: Buzzwole|atk|1
|
|upkeep
|
|t:|1661693740
|switch|p1a: 连那命运也未曾谋面的，稚嫩双眸|Slowbro-Galar, M|100/100
|-damage|p1a: 连那命运也未曾谋面的，稚嫩双眸|88/100|[from] Stealth Rock
|turn|23
|
|t:|1661693744
|move|p2a: Buzzwole|Earthquake|p1a: 连那命运也未曾谋面的，稚嫩双眸
|-supereffective|p1a: 连那命运也未曾谋面的，稚嫩双眸
|-damage|p1a: 连那命运也未曾谋面的，稚嫩双眸|0 fnt
|faint|p1a: 连那命运也未曾谋面的，稚嫩双眸
|
|win|AlIoutdragadarts
|n|☆shuo硕德er|shuoer
|n|☆AlIoutdragadarts|alioutdragadarts
|n| wdzkz|wdzkz
|n| zibuyu|zibuyu
