|j|☆Swordsman.N
|j|☆KrumiS
|t:|1651249677
|gametype|singles
|player|p1|Swordsman.N|caitlin|
|player|p2|KrumiS|102|
|teamsize|p1|6
|teamsize|p2|6
|gen|8
|tier|[Gen 8] OU
|rule|Sleep Clause Mod: Limit one foe put to sleep
|rule|Species Clause: Limit one of each Pokémon
|rule|OHKO Clause: OHKO moves are banned
|rule|Evasion Moves Clause: Evasion moves are banned
|rule|Endless Battle Clause: Forcing endless battles is banned
|rule|HP Percentage Mod: HP is shown in percentages
|rule|Dynamax Clause: You cannot dynamax
|clearpoke
|poke|p1|Zapdos-Galar|
|poke|p1|Sandslash-Alola, F|
|poke|p1|Polteageist|
|poke|p1|Diggersby, F|
|poke|p1|Salamence, F|
|poke|p1|Lucario, M|
|poke|p2|Thundurus, M|
|poke|p2|Vileplume, M|
|poke|p2|Regieleki|
|poke|p2|Dragapult, M|
|poke|p2|Diancie|
|poke|p2|Gengar, F|
|teampreview
|j| syelza
|j| lunan0713
|j| rami3e
|l| syelza
|j| syelza
|j| yuudachi0811夕立
|j| Altaria-GX
|
|t:|1651249792
|start
|switch|p1a: Sandslash|Sandslash-Alola, F|100/100
|switch|p2a: Regieleki|Regieleki|100/100
|turn|1
|
|t:|1651249807
|move|p2a: Regieleki|Volt Switch|p1a: Sandslash
|-enditem|p1a: Sandslash|Focus Sash
|-damage|p1a: Sandslash|1/100
|
|t:|1651249811
|switch|p2a: Diancie|Diancie|100/100|[from]move: Volt Switch
|move|p1a: Sandslash|Stealth Rock|p2a: Diancie
|-sidestart|p2: KrumiS|move: Stealth Rock
|
|upkeep
|turn|2
|j| vusty fans3
|
|t:|1651249843
|switch|p2a: Regieleki|Regieleki|100/100
|-damage|p2a: Regieleki|88/100|[from] Stealth Rock
|move|p1a: Sandslash|Triple Axel|p2a: Regieleki
|-damage|p2a: Regieleki|65/100
|-damage|p2a: Regieleki|21/100
|-damage|p2a: Regieleki|0 fnt
|faint|p2a: Regieleki
|-hitcount|p2: Regieleki|3
|
|upkeep
|
|t:|1651249855
|switch|p2a: Dragapult|Dragapult, M|100/100
|-damage|p2a: Dragapult|88/100|[from] Stealth Rock
|turn|3
|
|t:|1651249863
|move|p2a: Dragapult|Dragon Darts|p1a: Sandslash
|-resisted|p1a: Sandslash
|-damage|p1a: Sandslash|0 fnt
|faint|p1a: Sandslash
|
|upkeep
|
|t:|1651249870
|switch|p1a: Lucario|Lucario, M|100/100
|turn|4
|
|t:|1651249891
|move|p2a: Dragapult|Dragon Dance|p2a: Dragapult
|-boost|p2a: Dragapult|atk|1
|-boost|p2a: Dragapult|spe|1
|move|p1a: Lucario|Meteor Mash|p2a: Dragapult
|-damage|p2a: Dragapult|9/100
|-damage|p1a: Lucario|91/100|[from] item: Life Orb
|
|upkeep
|turn|5
|
|t:|1651249906
|move|p1a: Lucario|Bullet Punch|p2a: Dragapult
|-damage|p2a: Dragapult|0 fnt
|faint|p2a: Dragapult
|-damage|p1a: Lucario|81/100|[from] item: Life Orb
|
|upkeep
|
|t:|1651249918
|switch|p2a: Thundurus|Thundurus, M|100/100
|-damage|p2a: Thundurus|76/100|[from] Stealth Rock
|turn|6
|
|t:|1651249939
|switch|p1a: Diggersby|Diggersby, F|100/100
|move|p2a: Thundurus|Bulk Up|p2a: Thundurus
|-boost|p2a: Thundurus|atk|1
|-boost|p2a: Thundurus|def|1
|
|upkeep
|turn|7
|
|t:|1651249965
|switch|p1a: Salamence|Salamence, F|100/100
|move|p2a: Thundurus|Fly||[still]
|-prepare|p2a: Thundurus|Fly
|-enditem|p2a: Thundurus|Power Herb
|-anim|p2a: Thundurus|Fly|p1a: Salamence
|-damage|p1a: Salamence|27/100
|
|upkeep
|turn|8
|
|t:|1651249987
|move|p2a: Thundurus|Fly||[still]
|-prepare|p2a: Thundurus|Fly
|move|p1a: Salamence|Dragon Claw|p2a: Thundurus|[miss]
|-miss|p1a: Salamence|p2a: Thundurus
|
|upkeep
|turn|9
|
|t:|1651249993
|move|p2a: Thundurus|Fly|p1a: Salamence|[from]lockedmove
|-damage|p1a: Salamence|0 fnt
|faint|p1a: Salamence
|
|upkeep
|
|t:|1651249998
|switch|p1a: Diggersby|Diggersby, F|100/100
|turn|10
|
|t:|1651250009
|move|p2a: Thundurus|Knock Off|p1a: Diggersby
|-damage|p1a: Diggersby|40/100
|-enditem|p1a: Diggersby|Life Orb|[from] move: Knock Off|[of] p2a: Thundurus
|move|p1a: Diggersby|Body Slam|p2a: Thundurus
|-damage|p2a: Thundurus|18/100
|
|upkeep
|turn|11
|
|t:|1651250030
|move|p2a: Thundurus|Fly||[still]
|-prepare|p2a: Thundurus|Fly
|move|p1a: Diggersby|Body Slam|p2a: Thundurus|[miss]
|-miss|p1a: Diggersby|p2a: Thundurus
|
|upkeep
|turn|12
|
|t:|1651250034
|move|p2a: Thundurus|Fly|p1a: Diggersby|[from]lockedmove
|-damage|p1a: Diggersby|0 fnt
|faint|p1a: Diggersby
|
|upkeep
|
|t:|1651250038
|switch|p1a: Lucario|Lucario, M|81/100
|turn|13
|
|t:|1651250042
|move|p1a: Lucario|Extreme Speed|p2a: Thundurus
|-damage|p2a: Thundurus|0 fnt
|faint|p2a: Thundurus
|-damage|p1a: Lucario|71/100|[from] item: Life Orb
|
|upkeep
|
|t:|1651250053
|switch|p2a: Gengar|Gengar, F|100/100
|-damage|p2a: Gengar|88/100|[from] Stealth Rock
|turn|14
|
|t:|1651250089
|switch|p1a: Zapdos|Zapdos-Galar|100/100
|move|p2a: Gengar|Substitute|p2a: Gengar
|-start|p2a: Gengar|Substitute
|-damage|p2a: Gengar|63/100
|
|-heal|p2a: Gengar|69/100|[from] item: Leftovers
|upkeep
|turn|15
|
|t:|1651250120
|move|p1a: Zapdos|Brave Bird|p2a: Gengar
|-end|p2a: Gengar|Substitute
|-damage|p1a: Zapdos|94/100|[from] Recoil|[of] p2a: Gengar
|move|p2a: Gengar|Sludge Wave|p1a: Zapdos
|-damage|p1a: Zapdos|37/100
|
|-heal|p2a: Gengar|76/100|[from] item: Leftovers
|upkeep
|turn|16
|
|t:|1651250167
|move|p1a: Zapdos|Brave Bird|p2a: Gengar
|-damage|p2a: Gengar|0 fnt
|-start|p1a: Zapdos|Disable|Brave Bird|[from] ability: Cursed Body|[of] p2a: Gengar
|faint|p2a: Gengar
|-damage|p1a: Zapdos|16/100|[from] Recoil
|
|upkeep
|
|t:|1651250174
|switch|p2a: Diancie|Diancie|100/100
|-damage|p2a: Diancie|88/100|[from] Stealth Rock
|turn|17
|
|t:|1651250178
|-activate|p1a: Zapdos|move: Struggle
|move|p1a: Zapdos|Struggle|p2a: Diancie
|-damage|p2a: Diancie|72/100
|-damage|p1a: Zapdos|0 fnt|[from] recoil
|faint|p1a: Zapdos
|move|p2a: Diancie|Reflect|p2a: Diancie
|-sidestart|p2: KrumiS|Reflect
|
|upkeep
|
|t:|1651250201
|switch|p1a: Lucario|Lucario, M|71/100
|turn|18
|
|t:|1651250205
|switch|p2a: Vileplume|Vileplume, M|100/100
|-damage|p2a: Vileplume|88/100|[from] Stealth Rock
|move|p1a: Lucario|Meteor Mash|p2a: Vileplume
|-damage|p2a: Vileplume|64/100
|-damage|p1a: Lucario|55/100|[from] item: Rocky Helmet|[of] p2a: Vileplume
|-status|p1a: Lucario|slp|[from] ability: Effect Spore|[of] p2a: Vileplume
|-damage|p1a: Lucario|45/100 slp|[from] item: Life Orb
|
|upkeep
|turn|19
|c|☆Swordsman.N|好孢子
|
|t:|1651250222
|switch|p1a: Polteageist|Polteageist|100/100
|move|p2a: Vileplume|Leech Seed|p1a: Polteageist
|-start|p1a: Polteageist|move: Leech Seed
|
|-damage|p1a: Polteageist|88/100|[from] Leech Seed|[of] p2a: Vileplume
|-heal|p2a: Vileplume|73/100|[silent]
|upkeep
|turn|20
|c| Altaria-GX|好孢子
|
|t:|1651250236
|move|p1a: Polteageist|Shell Smash|p1a: Polteageist
|-unboost|p1a: Polteageist|def|1
|-unboost|p1a: Polteageist|spd|1
|-boost|p1a: Polteageist|atk|2
|-boost|p1a: Polteageist|spa|2
|-boost|p1a: Polteageist|spe|2
|-enditem|p1a: Polteageist|White Herb
|-clearnegativeboost|p1a: Polteageist|[silent]
|move|p2a: Vileplume|Strength Sap|p1a: Polteageist
|-unboost|p1a: Polteageist|atk|1
|-heal|p2a: Vileplume|100/100
|
|-damage|p1a: Polteageist|76/100|[from] Leech Seed|[of] p2a: Vileplume
|upkeep
|turn|21
|
|t:|1651250256
|move|p1a: Polteageist|Shell Smash|p1a: Polteageist
|-unboost|p1a: Polteageist|def|1
|-unboost|p1a: Polteageist|spd|1
|-boost|p1a: Polteageist|atk|2
|-boost|p1a: Polteageist|spa|2
|-boost|p1a: Polteageist|spe|2
|move|p2a: Vileplume|Strength Sap|p1a: Polteageist
|-unboost|p1a: Polteageist|atk|1
|
|-damage|p1a: Polteageist|64/100|[from] Leech Seed|[of] p2a: Vileplume
|upkeep
|turn|22
|
|t:|1651250277
|switch|p2a: Diancie|Diancie|72/100
|-damage|p2a: Diancie|60/100|[from] Stealth Rock
|move|p1a: Polteageist|Shell Smash|p1a: Polteageist
|-unboost|p1a: Polteageist|def|1
|-unboost|p1a: Polteageist|spd|1
|-boost|p1a: Polteageist|atk|2
|-boost|p1a: Polteageist|spa|2
|-boost|p1a: Polteageist|spe|2
|
|-damage|p1a: Polteageist|51/100|[from] Leech Seed|[of] p2a: Diancie
|-heal|p2a: Diancie|71/100|[silent]
|upkeep
|turn|23
|
|t:|1651250287
|move|p1a: Polteageist|Shadow Ball|p2a: Diancie
|-damage|p2a: Diancie|0 fnt
|faint|p2a: Diancie
|
|upkeep
|
|t:|1651250290
|switch|p2a: Vileplume|Vileplume, M|100/100
|-damage|p2a: Vileplume|88/100|[from] Stealth Rock
|turn|24
|
|t:|1651250297
|move|p1a: Polteageist|Shadow Ball|p2a: Vileplume
|-damage|p2a: Vileplume|0 fnt
|faint|p2a: Vileplume
|
|win|Swordsman.N
|l| syelza
