|uhtml|report-battle|<b>将对战链接公开到:</b> <button class="button" name="send" value="/reportto skypillar">Sky Pillar</button><button class="button" name="send" value="/reportto shinx">Shinx</button>
|j|☆AlIoutdragadarts
|j|☆zigza
|inactive|Battle timer is ON: inactive players will automatically lose when time's up.
|t:|1662797174
|gametype|singles
|player|p1|AlIoutdragadarts|lucas|
|player|p2|zigza|266|
|teamsize|p1|6
|teamsize|p2|6
|gen|8
|tier|[Gen 8] OU
|rated|Tournament battle
|rule|Sleep Clause Mod: Limit one foe put to sleep
|rule|Species Clause: Limit one of each Pokémon
|rule|OHKO Clause: OHKO moves are banned
|rule|Evasion Items Clause: Evasion items are banned
|rule|Evasion Moves Clause: Evasion moves are banned
|rule|Endless Battle Clause: Forcing endless battles is banned
|rule|HP Percentage Mod: HP is shown in percentages
|rule|Dynamax Clause: You cannot dynamax
|clearpoke
|poke|p1|Clefable, F|
|poke|p1|Garchomp, M|
|poke|p1|Slowking-Galar, M|
|poke|p1|Rotom-Wash|
|poke|p1|Tornadus-Therian, M|
|poke|p1|Ferrothorn, M|
|poke|p2|Hawlucha, F|
|poke|p2|Tapu Koko|
|poke|p2|Urshifu-*, F|
|poke|p2|Kartana|
|poke|p2|Melmetal|
|poke|p2|Tapu Fini|
|teampreview
|c|☆zigza|啧
|c|☆zigza|就俩人吗
|inactive|zigza has 120 seconds left.
|
|t:|1662797215
|start
|switch|p1a: Garchomp|Garchomp, M, shiny|100/100
|switch|p2a: Tapu Koko|Tapu Koko|100/100
|-fieldstart|move: Electric Terrain|[from] ability: Electric Surge|[of] p2a: Tapu Koko
|turn|1
|
|t:|1662797223
|move|p2a: Tapu Koko|Dazzling Gleam|p1a: Garchomp
|-supereffective|p1a: Garchomp
|-damage|p1a: Garchomp|60/100
|move|p1a: Garchomp|Stealth Rock|p2a: Tapu Koko
|-sidestart|p2: zigza|move: Stealth Rock
|
|-heal|p1a: Garchomp|67/100|[from] item: Leftovers
|upkeep
|turn|2
|
|t:|1662797231
|switch|p2a: Tapu Fini|Tapu Fini|100/100
|-damage|p2a: Tapu Fini|88/100|[from] Stealth Rock
|-fieldstart|move: Misty Terrain|[from] ability: Misty Surge|[of] p2a: Tapu Fini
|move|p1a: Garchomp|Earthquake|p2a: Tapu Fini
|-damage|p2a: Tapu Fini|60/100
|
|-heal|p1a: Garchomp|73/100|[from] item: Leftovers
|-heal|p2a: Tapu Fini|66/100|[from] item: Leftovers
|upkeep
|turn|3
|
|t:|1662797241
|switch|p1a: Tornadus|Tornadus-Therian, M, shiny|100/100
|move|p2a: Tapu Fini|Whirlpool|p1a: Tornadus
|-damage|p1a: Tornadus|89/100
|-activate|p1a: Tornadus|move: Whirlpool|[of] p2a: Tapu Fini
|
|-heal|p2a: Tapu Fini|72/100|[from] item: Leftovers
|-damage|p1a: Tornadus|76/100|[from] move: Whirlpool|[partiallytrapped]
|upkeep
|turn|4
|
|t:|1662797252
|move|p1a: Tornadus|Knock Off|p2a: Tapu Fini
|-resisted|p2a: Tapu Fini
|-crit|p2a: Tapu Fini
|-damage|p2a: Tapu Fini|63/100
|-enditem|p2a: Tapu Fini|Leftovers|[from] move: Knock Off|[of] p1a: Tornadus
|move|p2a: Tapu Fini|Knock Off|p1a: Tornadus
|-damage|p1a: Tornadus|57/100
|-enditem|p1a: Tornadus|Heavy-Duty Boots|[from] move: Knock Off|[of] p2a: Tapu Fini
|
|-damage|p1a: Tornadus|45/100|[from] move: Whirlpool|[partiallytrapped]
|upkeep
|turn|5
|
|t:|1662797266
|move|p1a: Tornadus|U-turn|p2a: Tapu Fini
|-resisted|p2a: Tapu Fini
|-damage|p2a: Tapu Fini|58/100
|j| zhw
|
|t:|1662797290
|switch|p1a: Slowking|Slowking-Galar, M, shiny|100/100|[from]move: U-turn
|move|p2a: Tapu Fini|Nature's Madness|p1a: Slowking
|-damage|p1a: Slowking|51/100
|
|-heal|p1a: Slowking|57/100|[from] item: Black Sludge
|upkeep
|turn|6
|j| lingyun444
|
|t:|1662797299
|move|p2a: Tapu Fini|Whirlpool|p1a: Slowking
|-damage|p1a: Slowking|46/100
|-activate|p1a: Slowking|move: Whirlpool|[of] p2a: Tapu Fini
|move|p1a: Slowking|Sludge Bomb|p2a: Tapu Fini
|-supereffective|p2a: Tapu Fini
|-damage|p2a: Tapu Fini|9/100
|
|-heal|p1a: Slowking|52/100|[from] item: Black Sludge
|-damage|p1a: Slowking|40/100|[from] move: Whirlpool|[partiallytrapped]
|-fieldend|Misty Terrain
|upkeep
|turn|7
|
|t:|1662797305
|move|p2a: Tapu Fini|Knock Off|p1a: Slowking
|-supereffective|p1a: Slowking
|-damage|p1a: Slowking|12/100
|-enditem|p1a: Slowking|Black Sludge|[from] move: Knock Off|[of] p2a: Tapu Fini
|move|p1a: Slowking|Sludge Bomb|p2a: Tapu Fini
|-supereffective|p2a: Tapu Fini
|-damage|p2a: Tapu Fini|0 fnt
|faint|p2a: Tapu Fini
|
|-end|p1a: Slowking|Whirlpool|[partiallytrapped]|[silent]
|upkeep
|
|t:|1662797313
|switch|p2a: Kartana|Kartana|100/100
|-damage|p2a: Kartana|94/100|[from] Stealth Rock
|turn|8
|
|t:|1662797325
|switch|p2a: Urshifu|Urshifu-Rapid-Strike, F|100/100
|-damage|p2a: Urshifu|94/100|[from] Stealth Rock
|switch|p1a: Tornadus|Tornadus-Therian, M, shiny|78/100
|
|upkeep
|turn|9
|
|t:|1662797340
|switch|p2a: Tapu Koko|Tapu Koko|100/100
|-fieldstart|move: Electric Terrain|[from] ability: Electric Surge|[of] p2a: Tapu Koko
|move|p1a: Tornadus|Hurricane|p2a: Tapu Koko|[miss]
|-miss|p1a: Tornadus|p2a: Tapu Koko
|
|upkeep
|turn|10
|
|t:|1662797348
|switch|p1a: Ferrothorn|Ferrothorn, M, shiny|100/100
|move|p2a: Tapu Koko|Dazzling Gleam|p1a: Ferrothorn
|-resisted|p1a: Ferrothorn
|-damage|p1a: Ferrothorn|85/100
|
|-heal|p1a: Ferrothorn|92/100|[from] item: Leftovers
|upkeep
|turn|11
|
|t:|1662797378
|move|p2a: Tapu Koko|U-turn|p1a: Ferrothorn
|-damage|p1a: Ferrothorn|83/100
|-damage|p2a: Tapu Koko|88/100|[from] ability: Iron Barbs|[of] p1a: Ferrothorn
|
|t:|1662797380
|switch|p2a: Hawlucha|Hawlucha, F|100/100|[from]move: U-turn
|-damage|p2a: Hawlucha|88/100|[from] Stealth Rock
|-enditem|p2a: Hawlucha|Electric Seed
|-boost|p2a: Hawlucha|def|1|[from] item: Electric Seed
|move|p1a: Ferrothorn|Spikes|p2a: Hawlucha
|-sidestart|p2: zigza|Spikes
|
|-heal|p1a: Ferrothorn|89/100|[from] item: Leftovers
|upkeep
|turn|12
|
|t:|1662797385
|switch|p1a: Clefable|Clefable, F, shiny|100/100
|move|p2a: Hawlucha|Taunt|p1a: Clefable
|-start|p1a: Clefable|move: Taunt
|
|upkeep
|turn|13
|
|t:|1662797388
|move|p2a: Hawlucha|Acrobatics|p1a: Clefable
|-damage|p1a: Clefable|62/100
|-damage|p2a: Hawlucha|72/100|[from] item: Rocky Helmet|[of] p1a: Clefable
|move|p1a: Clefable|Moonblast|p2a: Hawlucha
|-supereffective|p2a: Hawlucha
|-damage|p2a: Hawlucha|0 fnt
|faint|p2a: Hawlucha
|
|-fieldend|move: Electric Terrain
|upkeep
|
|t:|1662797394
|switch|p2a: Urshifu|Urshifu-Rapid-Strike, F|94/100
|-damage|p2a: Urshifu|88/100|[from] Stealth Rock
|-damage|p2a: Urshifu|76/100|[from] Spikes
|turn|14
|
|t:|1662797397
|move|p2a: Urshifu|Close Combat|p1a: Clefable
|-resisted|p1a: Clefable
|-damage|p1a: Clefable|24/100
|-unboost|p2a: Urshifu|def|1
|-unboost|p2a: Urshifu|spd|1
|-damage|p2a: Urshifu|59/100|[from] item: Rocky Helmet|[of] p1a: Clefable
|move|p1a: Clefable|Moonblast|p2a: Urshifu
|-supereffective|p2a: Urshifu
|-damage|p2a: Urshifu|0 fnt
|faint|p2a: Urshifu
|
|-end|p1a: Clefable|move: Taunt
|upkeep
|
|t:|1662797399
|switch|p2a: Kartana|Kartana|94/100
|-damage|p2a: Kartana|88/100|[from] Stealth Rock
|-damage|p2a: Kartana|76/100|[from] Spikes
|turn|15
|
|t:|1662797403
|move|p2a: Kartana|Sacred Sword|p1a: Clefable
|-resisted|p1a: Clefable
|-damage|p1a: Clefable|8/100
|-damage|p2a: Kartana|59/100|[from] item: Rocky Helmet|[of] p1a: Clefable
|move|p1a: Clefable|Moonblast|p2a: Kartana
|-resisted|p2a: Kartana
|-damage|p2a: Kartana|9/100
|-unboost|p2a: Kartana|spa|1
|
|upkeep
|turn|16
|
|t:|1662797405
|move|p2a: Kartana|Sacred Sword|p1a: Clefable
|-resisted|p1a: Clefable
|-damage|p1a: Clefable|0 fnt
|-damage|p2a: Kartana|0 fnt|[from] item: Rocky Helmet|[of] p1a: Clefable
|faint|p1a: Clefable
|faint|p2a: Kartana
|
|upkeep
|
|t:|1662797409
|switch|p2a: Melmetal|Melmetal|100/100
|switch|p1a: Rotom|Rotom-Wash, shiny|100/100
|-damage|p2a: Melmetal|94/100|[from] Stealth Rock
|-damage|p2a: Melmetal|82/100|[from] Spikes
|turn|17
|
|t:|1662797412
|switch|p2a: Tapu Koko|Tapu Koko|88/100
|-fieldstart|move: Electric Terrain|[from] ability: Electric Surge|[of] p2a: Tapu Koko
|move|p1a: Rotom|Will-O-Wisp|p2a: Tapu Koko
|-status|p2a: Tapu Koko|brn
|
|-damage|p2a: Tapu Koko|82/100 brn|[from] brn
|upkeep
|turn|18
|l| lingyun444
|
|t:|1662797417
|switch|p1a: Garchomp|Garchomp, M, shiny|73/100
|move|p2a: Tapu Koko|U-turn|p1a: Garchomp
|-damage|p1a: Garchomp|66/100
|-damage|p2a: Tapu Koko|70/100 brn|[from] ability: Rough Skin|[of] p1a: Garchomp
|
|t:|1662797418
|switch|p2a: Melmetal|Melmetal|82/100|[from]move: U-turn
|-damage|p2a: Melmetal|76/100|[from] Stealth Rock
|-damage|p2a: Melmetal|63/100|[from] Spikes
|
|-heal|p1a: Garchomp|73/100|[from] item: Leftovers
|upkeep
|turn|19
|c|☆zigza|乐
|inactive|zigza has 120 seconds left.
|c|☆zigza|再琢磨
|-message|zigza forfeited.
|
|win|AlIoutdragadarts
|n|☆AlIoutdragadarts|alioutdragadarts
|n|☆zigza|zigza
|n| zhw|zhw
