|j|☆swordsman.n
|j|☆vusty fans3
|t:|1643369803
|gametype|singles
|player|p1|swordsman.n|caitlin|
|player|p2|vusty fans3|vustyfans3.png|
|teamsize|p1|6
|teamsize|p2|6
|gen|8
|tier|[Gen 8] OU
|rule|Sleep Clause Mod: Limit one foe put to sleep
|rule|Species Clause: Limit one of each Pokémon
|rule|OHKO Clause: OHKO moves are banned
|rule|Evasion Moves Clause: Evasion moves are banned
|rule|Endless Battle Clause: Forcing endless battles is banned
|rule|HP Percentage Mod: HP is shown in percentages
|rule|Dynamax Clause: You cannot dynamax
|clearpoke
|poke|p1|Munchlax, F|
|poke|p1|Magmortar, M|
|poke|p1|Clefable, F|
|poke|p1|Miltank, F|
|poke|p1|Grimmsnarl, M|
|poke|p1|Diancie|
|poke|p2|Mesprit|
|poke|p2|Alakazam, F|
|poke|p2|Magmortar, M|
|poke|p2|Magmar, F|
|poke|p2|Electabuzz, F|
|poke|p2|Poliwhirl, F|
|teampreview
|
|t:|1643369841
|start
|switch|p1a: Clefable|Clefable, F|100/100
|switch|p2a: Mesprit|Mesprit|100/100
|turn|1
|
|t:|1643369845
|move|p2a: Mesprit|Metronome|p2a: Mesprit
|move|p2a: Mesprit|Take Down|p1a: Clefable|[from]move: Metronome
|-damage|p1a: Clefable|74/100
|-damage|p2a: Mesprit|93/100|[from] Recoil
|move|p1a: Clefable|Metronome|p1a: Clefable
|move|p1a: Clefable|Force Palm|p2a: Mesprit|[from]move: Metronome
|-resisted|p2a: Mesprit
|-damage|p2a: Mesprit|86/100
|
|upkeep
|turn|2
|
|t:|1643369853
|move|p2a: Mesprit|Metronome|p2a: Mesprit
|move|p2a: Mesprit|Gastro Acid|p1a: Clefable|[from]move: Metronome
|-endability|p1a: Clefable
|move|p1a: Clefable|Metronome|p1a: Clefable
|move|p1a: Clefable|Discharge|p2a: Mesprit|[from]move: Metronome
|-damage|p2a: Mesprit|55/100
|-damage|p1a: Clefable|64/100|[from] item: Life Orb
|
|upkeep
|turn|3
|
|t:|1643369860
|move|p2a: Mesprit|Metronome|p2a: Mesprit
|move|p2a: Mesprit|Shadow Bone|p1a: Clefable|[from]move: Metronome
|-damage|p1a: Clefable|41/100
|move|p1a: Clefable|Metronome|p1a: Clefable
|move|p1a: Clefable|Submission|p2a: Mesprit|[from]move: Metronome
|-resisted|p2a: Mesprit
|-damage|p2a: Mesprit|46/100
|-damage|p1a: Clefable|39/100|[from] Recoil
|-damage|p1a: Clefable|29/100|[from] item: Life Orb
|
|upkeep
|turn|4
|
|t:|1643369870
|move|p2a: Mesprit|Metronome|p2a: Mesprit
|move|p2a: Mesprit|Clanging Scales|p1a: Clefable|[from]move: Metronome
|-immune|p1a: Clefable
|move|p1a: Clefable|Metronome|p1a: Clefable
|move|p1a: Clefable|Whirlwind|p2a: Mesprit|[from]move: Metronome
|drag|p2a: Magmar|Magmar, F|100/100
|
|upkeep
|turn|5
|
|t:|1643369882
|move|p2a: Magmar|Metronome|p2a: Magmar
|move|p2a: Magmar|Megahorn|p1a: Clefable|[from]move: Metronome
|-resisted|p1a: Clefable
|-damage|p1a: Clefable|14/100
|move|p1a: Clefable|Metronome|p1a: Clefable
|move|p1a: Clefable|Draining Kiss|p2a: Magmar|[from]move: Metronome
|-resisted|p2a: Magmar
|-damage|p2a: Magmar|88/100
|-heal|p1a: Clefable|21/100|[from] drain|[of] p2a: Magmar
|-damage|p1a: Clefable|11/100|[from] item: Life Orb
|
|upkeep
|turn|6
|j| scpSeptember鬼灯
|
|t:|1643369891
|move|p2a: Magmar|Metronome|p2a: Magmar
|move|p2a: Magmar|Razor Shell|p1a: Clefable|[from]move: Metronome
|-crit|p1a: Clefable
|-damage|p1a: Clefable|0 fnt
|faint|p1a: Clefable
|
|upkeep
|
|t:|1643369897
|switch|p1a: Grimmsnarl|Grimmsnarl, M|100/100
|turn|7
|
|t:|1643369900
|move|p1a: Grimmsnarl|Metronome|p1a: Grimmsnarl
|move|p1a: Grimmsnarl|Power Split|p2a: Magmar|[from]move: Metronome
|-activate|p1a: Grimmsnarl|move: Power Split|[of] p2a: Magmar
|move|p2a: Magmar|Metronome|p2a: Magmar
|move|p2a: Magmar|Heat Wave|p1a: Grimmsnarl|[from]move: Metronome
|-damage|p1a: Grimmsnarl|59/100
|
|upkeep
|turn|8
|
|t:|1643369907
|move|p1a: Grimmsnarl|Metronome|p1a: Grimmsnarl
|move|p1a: Grimmsnarl|Smokescreen|p2a: Magmar|[from]move: Metronome
|-unboost|p2a: Magmar|accuracy|1
|move|p2a: Magmar|Metronome|p2a: Magmar
|move|p2a: Magmar|Fly||[from]move: Metronome|[still]
|-prepare|p2a: Magmar|Fly
|
|upkeep
|turn|9
|j| yuudachi0811夕立
|
|t:|1643369913
|move|p1a: Grimmsnarl|Metronome|p1a: Grimmsnarl
|move|p1a: Grimmsnarl|Haze|p1a: Grimmsnarl|[from]move: Metronome
|-clearallboost
|move|p2a: Magmar|Fly|p1a: Grimmsnarl|[from]lockedmove
|-damage|p1a: Grimmsnarl|25/100
|
|upkeep
|turn|10
|
|t:|1643369921
|move|p1a: Grimmsnarl|Metronome|p1a: Grimmsnarl
|move|p1a: Grimmsnarl|Ice Punch|p2a: Magmar|[from]move: Metronome
|-resisted|p2a: Magmar
|-damage|p2a: Magmar|68/100
|move|p2a: Magmar|Metronome|p2a: Magmar
|move|p2a: Magmar|Dragon Tail|p1a: Grimmsnarl|[from]move: Metronome
|-immune|p1a: Grimmsnarl
|
|upkeep
|turn|11
|
|t:|1643369928
|move|p1a: Grimmsnarl|Metronome|p1a: Grimmsnarl
|move|p1a: Grimmsnarl|Aurora Beam|p2a: Magmar|[from]move: Metronome
|-resisted|p2a: Magmar
|-damage|p2a: Magmar|60/100
|move|p2a: Magmar|Metronome|p2a: Magmar
|move|p2a: Magmar|Storm Throw|p1a: Grimmsnarl|[from]move: Metronome
|-crit|p1a: Grimmsnarl
|-damage|p1a: Grimmsnarl|0 fnt
|faint|p1a: Grimmsnarl
|
|upkeep
|
|t:|1643369938
|switch|p1a: Munchlax|Munchlax, F|100/100
|turn|12
|
|t:|1643369941
|move|p2a: Magmar|Metronome|p2a: Magmar
|move|p2a: Magmar|Swords Dance|p2a: Magmar|[from]move: Metronome
|-boost|p2a: Magmar|atk|2
|move|p1a: Munchlax|Metronome|p1a: Munchlax
|move|p1a: Munchlax|Calm Mind|p1a: Munchlax|[from]move: Metronome
|-boost|p1a: Munchlax|spa|1
|-boost|p1a: Munchlax|spd|1
|
|upkeep
|turn|13
|l| yuudachi0811夕立
|
|t:|1643369948
|move|p2a: Magmar|Metronome|p2a: Magmar
|move|p2a: Magmar|Tackle|p1a: Munchlax|[from]move: Metronome
|-damage|p1a: Munchlax|84/100
|move|p1a: Munchlax|Metronome|p1a: Munchlax
|move|p1a: Munchlax|Fairy Wind|p2a: Magmar|[from]move: Metronome
|-resisted|p2a: Magmar
|-damage|p2a: Magmar|57/100
|
|upkeep
|turn|14
|c|☆vusty fans3|有点不对劲
|j| Cinderoar
|
|t:|1643369957
|move|p2a: Magmar|Metronome|p2a: Magmar
|move|p2a: Magmar|Rising Voltage|p1a: Munchlax|[from]move: Metronome
|-crit|p1a: Munchlax
|-damage|p1a: Munchlax|71/100
|move|p1a: Munchlax|Metronome|p1a: Munchlax
|move|p1a: Munchlax|Razor Leaf|p2a: Magmar|[from]move: Metronome
|-resisted|p2a: Magmar
|-damage|p2a: Magmar|51/100
|
|upkeep
|turn|15
|
|t:|1643369965
|move|p2a: Magmar|Metronome|p2a: Magmar
|move|p2a: Magmar|Venom Drench||[from]move: Metronome|[still]
|-fail|p2a: Magmar
|move|p1a: Munchlax|Metronome|p1a: Munchlax
|move|p1a: Munchlax|Toxic Spikes|p2a: Magmar|[from]move: Metronome
|-sidestart|p2: vusty fans3|move: Toxic Spikes
|
|upkeep
|turn|16
|j|@Metallica126
|c|☆swordsman.n|好耶
|
|t:|1643369977
|move|p2a: Magmar|Metronome|p2a: Magmar
|move|p2a: Magmar|Sparkling Aria|p1a: Munchlax|[from]move: Metronome
|-damage|p1a: Munchlax|63/100
|move|p1a: Munchlax|Metronome|p1a: Munchlax
|move|p1a: Munchlax|Storm Throw|p2a: Magmar|[from]move: Metronome
|-crit|p2a: Magmar
|-damage|p2a: Magmar|29/100
|
|upkeep
|turn|17
|c|☆vusty fans3|妈耶
|
|t:|1643369984
|move|p2a: Magmar|Metronome|p2a: Magmar
|move|p2a: Magmar|Forest's Curse|p1a: Munchlax|[from]move: Metronome
|-start|p1a: Munchlax|typeadd|Grass|[from] move: Forest's Curse
|move|p1a: Munchlax|Metronome|p1a: Munchlax
|move|p1a: Munchlax|Ingrain|p1a: Munchlax|[from]move: Metronome
|-start|p1a: Munchlax|move: Ingrain
|
|-heal|p1a: Munchlax|69/100|[from] Ingrain
|upkeep
|turn|18
|
|t:|1643369992
|move|p2a: Magmar|Metronome|p2a: Magmar
|move|p2a: Magmar|Storm Throw|p1a: Munchlax|[from]move: Metronome
|-supereffective|p1a: Munchlax
|-crit|p1a: Munchlax
|-damage|p1a: Munchlax|0 fnt
|faint|p1a: Munchlax
|
|upkeep
|
|t:|1643370001
|switch|p1a: Miltank|Miltank, F|100/100
|turn|19
|
|t:|1643370004
|move|p1a: Miltank|Metronome|p1a: Miltank
|move|p1a: Miltank|Zen Headbutt|p2a: Magmar|[from]move: Metronome
|-damage|p2a: Magmar|12/100
|cant|p2a: Magmar|flinch
|
|upkeep
|turn|20
|
|t:|1643370009
|move|p1a: Miltank|Metronome|p1a: Miltank
|move|p1a: Miltank|Fusion Bolt|p2a: Magmar|[from]move: Metronome
|-damage|p2a: Magmar|0 fnt
|faint|p2a: Magmar
|
|upkeep
|c|☆vusty fans3|卧槽
|
|t:|1643370017
|switch|p2a: Mesprit|Mesprit|46/100
|turn|21
|
|t:|1643370020
|move|p1a: Miltank|Metronome|p1a: Miltank
|move|p1a: Miltank|Sing|p2a: Mesprit|[from]move: Metronome
|-status|p2a: Mesprit|slp|[from] move: Sing
|cant|p2a: Mesprit|slp
|
|upkeep
|turn|22
|c|☆vusty fans3|？？？
|c|☆vusty fans3|睡了不能换吧
|
|t:|1643370038
|move|p1a: Miltank|Metronome|p1a: Miltank
|move|p1a: Miltank|Charge|p1a: Miltank|[from]move: Metronome
|-boost|p1a: Miltank|spd|1
|-activate|p1a: Miltank|move: Charge
|cant|p2a: Mesprit|slp
|
|upkeep
|turn|23
|
|t:|1643370044
|move|p1a: Miltank|Metronome|p1a: Miltank
|move|p1a: Miltank|Poison Fang|p2a: Mesprit|[from]move: Metronome
|-damage|p2a: Mesprit|37/100 slp
|-curestatus|p2a: Mesprit|slp|[msg]
|move|p2a: Mesprit|Metronome|p2a: Mesprit
|move|p2a: Mesprit|Dragon Tail|p1a: Miltank|[from]move: Metronome
|-damage|p1a: Miltank|90/100
|drag|p1a: Diancie|Diancie|100/100
|
|upkeep
|turn|24
|
|t:|1643370053
|move|p2a: Mesprit|Metronome|p2a: Mesprit
|move|p2a: Mesprit|Shell Side Arm|p1a: Diancie|[from]move: Metronome|[anim] Shell Side Arm Special
|-damage|p1a: Diancie|72/100
|-hint|Special Shell Side Arm
|move|p1a: Diancie|Metronome|p1a: Diancie
|move|p1a: Diancie|Crunch|p2a: Mesprit|[from]move: Metronome
|-supereffective|p2a: Mesprit
|-damage|p2a: Mesprit|5/100
|
|upkeep
|turn|25
|
|t:|1643370060
|move|p2a: Mesprit|Metronome|p2a: Mesprit
|move|p2a: Mesprit|Dig||[from]move: Metronome|[still]
|-prepare|p2a: Mesprit|Dig
|move|p1a: Diancie|Metronome|p1a: Diancie
|move|p1a: Diancie|Clanging Scales|p2a: Mesprit|[from]move: Metronome|[miss]
|-miss|p1a: Diancie|p2a: Mesprit
|
|upkeep
|turn|26
|
|t:|1643370066
|move|p2a: Mesprit|Dig||[still]
|-fail|p2a: Mesprit
|move|p1a: Diancie|Metronome|p1a: Diancie
|move|p1a: Diancie|Shore Up|p1a: Diancie|[from]move: Metronome
|-heal|p1a: Diancie|100/100
|
|upkeep
|turn|27
|
|t:|1643370072
|move|p2a: Mesprit|Metronome|p2a: Mesprit
|move|p2a: Mesprit|Rock Smash|p1a: Diancie|[from]move: Metronome
|-damage|p1a: Diancie|93/100
|move|p1a: Diancie|Metronome|p1a: Diancie
|move|p1a: Diancie|Rock Blast|p2a: Mesprit|[from]move: Metronome
|-damage|p2a: Mesprit|0 fnt
|faint|p2a: Mesprit
|-hitcount|p2: Mesprit|1
|
|upkeep
|j| emzzf
|
|t:|1643370091
|switch|p2a: Poliwhirl|Poliwhirl, F|100/100
|-status|p2a: Poliwhirl|psn
|turn|28
|
|t:|1643370095
|move|p2a: Poliwhirl|Metronome|p2a: Poliwhirl
|move|p2a: Poliwhirl|Bounce||[from]move: Metronome|[still]
|-prepare|p2a: Poliwhirl|Bounce
|move|p1a: Diancie|Metronome|p1a: Diancie
|move|p1a: Diancie|Night Slash|p2a: Poliwhirl|[from]move: Metronome|[miss]
|-miss|p1a: Diancie|p2a: Poliwhirl
|
|-damage|p2a: Poliwhirl|88/100 psn|[from] psn
|upkeep
|turn|29
|c|☆vusty fans3|真不对劲了
|
|t:|1643370103
|move|p2a: Poliwhirl|Bounce|p1a: Diancie|[from]lockedmove
|-resisted|p1a: Diancie
|-damage|p1a: Diancie|86/100
|move|p1a: Diancie|Metronome|p1a: Diancie
|move|p1a: Diancie|Entrainment|p2a: Poliwhirl|[from]move: Metronome
|-endability|p2a: Poliwhirl|Water Absorb|[from] move: Entrainment
|-ability|p2a: Poliwhirl|Clear Body|[from] move: Entrainment
|
|-damage|p2a: Poliwhirl|76/100 psn|[from] psn
|upkeep
|turn|30
|
|t:|1643370110
|move|p2a: Poliwhirl|Metronome|p2a: Poliwhirl
|move|p2a: Poliwhirl|Accelerock|p1a: Diancie|[from]move: Metronome
|-damage|p1a: Diancie|80/100
|move|p1a: Diancie|Metronome|p1a: Diancie
|move|p1a: Diancie|Rock Tomb|p2a: Poliwhirl|[from]move: Metronome
|-damage|p2a: Poliwhirl|53/100 psn
|
|-damage|p2a: Poliwhirl|41/100 psn|[from] psn
|upkeep
|turn|31
|
|t:|1643370118
|move|p2a: Poliwhirl|Metronome|p2a: Poliwhirl
|move|p2a: Poliwhirl|Disable|p1a: Diancie|[from]move: Metronome
|-start|p1a: Diancie|Disable|Metronome
|cant|p1a: Diancie|Disable|Metronome
|
|-damage|p2a: Poliwhirl|28/100 psn|[from] psn
|upkeep
|turn|32
|c|☆vusty fans3|绝了
|
|t:|1643370127
|switch|p1a: Miltank|Miltank, F|90/100
|move|p2a: Poliwhirl|Metronome|p2a: Poliwhirl
|move|p2a: Poliwhirl|Simple Beam|p1a: Miltank|[from]move: Metronome
|-endability|p1a: Miltank|Thick Fat|[from] move: Simple Beam
|-ability|p1a: Miltank|Simple|[from] move: Simple Beam
|
|-damage|p2a: Poliwhirl|16/100 psn|[from] psn
|upkeep
|turn|33
|
|t:|1643370135
|move|p1a: Miltank|Metronome|p1a: Miltank
|move|p1a: Miltank|Stored Power|p2a: Poliwhirl|[from]move: Metronome
|-damage|p2a: Poliwhirl|14/100 psn
|move|p2a: Poliwhirl|Metronome|p2a: Poliwhirl
|move|p2a: Poliwhirl|Rapid Spin|p1a: Miltank|[from]move: Metronome
|-damage|p1a: Miltank|83/100
|-boost|p2a: Poliwhirl|spe|1
|-sideend|p2: vusty fans3|Toxic Spikes|[from] move: Rapid Spin|[of] p2a: Poliwhirl
|
|-damage|p2a: Poliwhirl|1/100 psn|[from] psn
|upkeep
|turn|34
|c|☆swordsman.n|？
|c|☆vusty fans3|牛逼
|
|t:|1643370148
|move|p2a: Poliwhirl|Metronome|p2a: Poliwhirl
|move|p2a: Poliwhirl|Poison Powder|p1a: Miltank|[from]move: Metronome
|-status|p1a: Miltank|psn
|move|p1a: Miltank|Metronome|p1a: Miltank
|move|p1a: Miltank|Fire Blast|p2a: Poliwhirl|[from]move: Metronome
|-resisted|p2a: Poliwhirl
|-damage|p2a: Poliwhirl|0 fnt
|faint|p2a: Poliwhirl
|
|-damage|p1a: Miltank|71/100 psn|[from] psn
|upkeep
|
|t:|1643370166
|switch|p2a: Electabuzz|Electabuzz, F|100/100
|turn|35
|
|t:|1643370169
|move|p2a: Electabuzz|Metronome|p2a: Electabuzz
|move|p2a: Electabuzz|Entrainment|p1a: Miltank|[from]move: Metronome
|-endability|p1a: Miltank|Simple|[from] move: Entrainment
|-ability|p1a: Miltank|Vital Spirit|[from] move: Entrainment
|move|p1a: Miltank|Metronome|p1a: Miltank
|move|p1a: Miltank|Thunderbolt|p2a: Electabuzz|[from]move: Metronome
|-resisted|p2a: Electabuzz
|-damage|p2a: Electabuzz|97/100
|
|-damage|p1a: Miltank|58/100 psn|[from] psn
|upkeep
|turn|36
|
|t:|1643370178
|move|p2a: Electabuzz|Metronome|p2a: Electabuzz
|move|p2a: Electabuzz|Surf|p1a: Miltank|[from]move: Metronome
|-damage|p1a: Miltank|28/100 psn
|move|p1a: Miltank|Metronome|p1a: Miltank
|move|p1a: Miltank|Low Sweep|p2a: Electabuzz|[from]move: Metronome
|-damage|p2a: Electabuzz|81/100
|-unboost|p2a: Electabuzz|spe|1
|
|-damage|p1a: Miltank|16/100 psn|[from] psn
|upkeep
|turn|37
|
|t:|1643370186
|move|p1a: Miltank|Metronome|p1a: Miltank
|move|p1a: Miltank|Pay Day|p2a: Electabuzz|[from]move: Metronome
|-damage|p2a: Electabuzz|66/100
|-fieldactivate|move: Pay Day
|move|p2a: Electabuzz|Metronome|p2a: Electabuzz
|move|p2a: Electabuzz|Gunk Shot|p1a: Miltank|[from]move: Metronome
|-damage|p1a: Miltank|0 fnt
|faint|p1a: Miltank
|
|upkeep
|l|@Metallica126
|
|t:|1643370195
|switch|p1a: Magmortar|Magmortar, M|100/100
|turn|38
|
|t:|1643370199
|move|p1a: Magmortar|Metronome|p1a: Magmortar
|move|p1a: Magmortar|Acid Armor|p1a: Magmortar|[from]move: Metronome
|-boost|p1a: Magmortar|def|2
|move|p2a: Electabuzz|Metronome|p2a: Electabuzz
|move|p2a: Electabuzz|Seed Bomb|p1a: Magmortar|[from]move: Metronome
|-resisted|p1a: Magmortar
|-damage|p1a: Magmortar|95/100
|
|upkeep
|turn|39
|
|t:|1643370206
|move|p1a: Magmortar|Metronome|p1a: Magmortar
|move|p1a: Magmortar|Vise Grip|p2a: Electabuzz|[from]move: Metronome
|-damage|p2a: Electabuzz|53/100
|move|p2a: Electabuzz|Metronome|p2a: Electabuzz
|move|p2a: Electabuzz|Cross Chop|p1a: Magmortar|[from]move: Metronome
|-damage|p1a: Magmortar|79/100
|
|upkeep
|turn|40
|
|t:|1643370213
|move|p1a: Magmortar|Metronome|p1a: Magmortar
|move|p1a: Magmortar|Circle Throw|p2a: Electabuzz|[from]move: Metronome
|-damage|p2a: Electabuzz|36/100
|drag|p2a: Magmortar|Magmortar, M|100/100
|
|upkeep
|turn|41
|
|t:|1643370219
|move|p1a: Magmortar|Metronome|p1a: Magmortar
|move|p1a: Magmortar|Night Daze|p2a: Magmortar|[from]move: Metronome
|-damage|p2a: Magmortar|51/100
|-unboost|p2a: Magmortar|accuracy|1
|move|p2a: Magmortar|Metronome|p2a: Magmortar
|move|p2a: Magmortar|Seismic Toss|p1a: Magmortar|[from]move: Metronome
|-damage|p1a: Magmortar|51/100
|
|upkeep
|turn|42
|
|t:|1643370227
|move|p1a: Magmortar|Metronome|p1a: Magmortar
|move|p1a: Magmortar|Wood Hammer|p2a: Magmortar|[from]move: Metronome
|-resisted|p2a: Magmortar
|-damage|p2a: Magmortar|34/100
|-damage|p1a: Magmortar|46/100|[from] Recoil
|move|p2a: Magmortar|Metronome|p2a: Magmortar
|move|p2a: Magmortar|Boomburst|p1a: Magmortar|[from]move: Metronome
|-damage|p1a: Magmortar|0 fnt
|faint|p1a: Magmortar
|
|upkeep
|l| emzzf
|
|t:|1643370236
|switch|p1a: Diancie|Diancie|80/100
|turn|43
|
|t:|1643370239
|move|p2a: Magmortar|Metronome|p2a: Magmortar
|move|p2a: Magmortar|Shadow Punch|p1a: Diancie|[from]move: Metronome
|-damage|p1a: Diancie|70/100
|move|p1a: Diancie|Metronome|p1a: Diancie
|move|p1a: Diancie|Avalanche|p2a: Magmortar|[from]move: Metronome
|-resisted|p2a: Magmortar
|-damage|p2a: Magmortar|16/100
|
|upkeep
|turn|44
|
|t:|1643370246
|move|p2a: Magmortar|Metronome|p2a: Magmortar
|move|p2a: Magmortar|Leaf Blade|p1a: Diancie|[from]move: Metronome
|-supereffective|p1a: Diancie
|-damage|p1a: Diancie|44/100
|move|p1a: Diancie|Metronome|p1a: Diancie
|move|p1a: Diancie|Mean Look|p2a: Magmortar|[from]move: Metronome
|-activate|p2a: Magmortar|trapped
|
|upkeep
|turn|45
|
|t:|1643370253
|move|p2a: Magmortar|Metronome|p2a: Magmortar
|move|p2a: Magmortar|Flare Blitz|p1a: Diancie|[from]move: Metronome
|-resisted|p1a: Diancie
|-damage|p1a: Diancie|31/100
|-status|p1a: Diancie|brn
|-damage|p2a: Magmortar|12/100|[from] Recoil
|move|p1a: Diancie|Metronome|p1a: Diancie
|move|p1a: Diancie|Defog|p2a: Magmortar|[from]move: Metronome
|-unboost|p2a: Magmortar|evasion|1
|
|-damage|p1a: Diancie|25/100 brn|[from] brn
|upkeep
|turn|46
|c|☆swordsman.n|寄
|j| Lightchanseyy
|c|☆vusty fans3|卧槽
|
|t:|1643370265
|move|p2a: Magmortar|Metronome|p2a: Magmortar
|move|p2a: Magmortar|Flower Shield||[from]move: Metronome|[still]
|-fail|p2a: Magmortar
|move|p1a: Diancie|Metronome|p1a: Diancie
|move|p1a: Diancie|Thunder|p2a: Magmortar|[from]move: Metronome
|-damage|p2a: Magmortar|0 fnt
|faint|p2a: Magmortar
|
|-damage|p1a: Diancie|19/100 brn|[from] brn
|upkeep
|
|t:|1643370273
|switch|p2a: Electabuzz|Electabuzz, F|36/100
|turn|47
|
|t:|1643370275
|move|p2a: Electabuzz|Metronome|p2a: Electabuzz
|move|p2a: Electabuzz|Lick|p1a: Diancie|[from]move: Metronome
|-damage|p1a: Diancie|14/100 brn
|move|p1a: Diancie|Metronome|p1a: Diancie
|move|p1a: Diancie|Recover|p1a: Diancie|[from]move: Metronome
|-heal|p1a: Diancie|64/100 brn
|
|-damage|p1a: Diancie|58/100 brn|[from] brn
|upkeep
|turn|48
|
|t:|1643370283
|move|p2a: Electabuzz|Metronome|p2a: Electabuzz
|move|p2a: Electabuzz|Octolock|p1a: Diancie|[from]move: Metronome
|-start|p1a: Diancie|move: Octolock|[of] p2a: Electabuzz
|move|p1a: Diancie|Metronome|p1a: Diancie
|move|p1a: Diancie|Inferno|p2a: Electabuzz|[from]move: Metronome|[miss]
|-miss|p1a: Diancie|p2a: Electabuzz
|
|-damage|p1a: Diancie|52/100 brn|[from] brn
|upkeep
|turn|49
|
|t:|1643370291
|move|p2a: Electabuzz|Metronome|p2a: Electabuzz
|move|p2a: Electabuzz|Coil|p2a: Electabuzz|[from]move: Metronome
|-boost|p2a: Electabuzz|atk|1
|-boost|p2a: Electabuzz|def|1
|-boost|p2a: Electabuzz|accuracy|1
|move|p1a: Diancie|Metronome|p1a: Diancie
|move|p1a: Diancie|Skill Swap|p2a: Electabuzz|[from]move: Metronome
|-activate|p1a: Diancie|move: Skill Swap|Vital Spirit|Clear Body|[of] p2a: Electabuzz
|
|-damage|p1a: Diancie|46/100 brn|[from] brn
|-unboost|p1a: Diancie|def|1
|-unboost|p1a: Diancie|spd|1
|upkeep
|turn|50
|l| Lightchanseyy
|
|t:|1643370301
|move|p2a: Electabuzz|Metronome|p2a: Electabuzz
|move|p2a: Electabuzz|Round|p1a: Diancie|[from]move: Metronome
|-resisted|p1a: Diancie
|-damage|p1a: Diancie|37/100 brn
|move|p1a: Diancie|Metronome|p1a: Diancie
|move|p1a: Diancie|Aerial Ace|p2a: Electabuzz|[from]move: Metronome
|-resisted|p2a: Electabuzz
|-damage|p2a: Electabuzz|33/100
|
|-damage|p1a: Diancie|31/100 brn|[from] brn
|-unboost|p1a: Diancie|def|1
|-unboost|p1a: Diancie|spd|1
|upkeep
|turn|51
|j|@Northumberland
|
|t:|1643370312
|move|p2a: Electabuzz|Metronome|p2a: Electabuzz
|move|p2a: Electabuzz|Leaf Blade|p1a: Diancie|[from]move: Metronome
|-supereffective|p1a: Diancie
|-damage|p1a: Diancie|0 fnt
|faint|p1a: Diancie
|
|win|vusty fans3
