|uhtml|report-battle|<b>将对战链接公开到:</b> <button class="button" name="send" value="/reportto skypillar">Sky Pillar</button><button class="button" name="send" value="/reportto shinx">Shinx</button>
|j|☆AquaRotom
|j|☆AlIoutdragadarts
|inactive|Battle timer is ON: inactive players will automatically lose when time's up.
|t:|1660983592
|gametype|singles
|player|p1|AquaRotom|dawn-masters|
|player|p2|AlIoutdragadarts|battlegirl-gen4|
|teamsize|p1|6
|teamsize|p2|6
|gen|8
|tier|[Gen 8] OU
|rated|Tournament battle
|rule|Sleep Clause Mod: Limit one foe put to sleep
|rule|Species Clause: Limit one of each Pokémon
|rule|OHKO Clause: OHKO moves are banned
|rule|Evasion Items Clause: Evasion items are banned
|rule|Evasion Moves Clause: Evasion moves are banned
|rule|Endless Battle Clause: Forcing endless battles is banned
|rule|HP Percentage Mod: HP is shown in percentages
|rule|Dynamax Clause: You cannot dynamax
|clearpoke
|poke|p1|Slowking-Galar, M|
|poke|p1|Mandibuzz, F|
|poke|p1|Tapu Lele|
|poke|p1|Ferrothorn, M|
|poke|p1|Rotom-Wash|
|poke|p1|Garchomp, M|
|poke|p2|Zeraora|
|poke|p2|Stakataka|
|poke|p2|Weavile, M|
|poke|p2|Volcanion|
|poke|p2|Kartana|
|poke|p2|Landorus-Therian, M|
|teampreview
|j| rachel19738
|inactive|AquaRotom has 120 seconds left.
|inactive|AlIoutdragadarts has 120 seconds left.
|inactive|AlIoutdragadarts has 90 seconds left.
|j| crycups
|c|☆AlIoutdragadarts|1
|inactive|AquaRotom has 90 seconds left.
|c|☆AquaRotom|2
|
|t:|1660983697
|start
|switch|p1a: Garchomp|Garchomp, M, shiny|100/100
|switch|p2a: Landorus|Landorus-Therian, M, shiny|100/100
|-ability|p2a: Landorus|Intimidate|boost
|-unboost|p1a: Garchomp|atk|1
|turn|1
|c|☆AlIoutdragadarts|以为我卡了
|
|t:|1660983710
|move|p2a: Landorus|Earthquake|p1a: Garchomp
|-damage|p1a: Garchomp|54/100
|move|p1a: Garchomp|Toxic|p2a: Landorus
|-status|p2a: Landorus|tox
|
|-heal|p1a: Garchomp|60/100|[from] item: Leftovers
|-damage|p2a: Landorus|95/100 tox|[from] psn
|upkeep
|turn|2
|
|t:|1660983717
|move|p1a: Garchomp|Protect|p1a: Garchomp
|-singleturn|p1a: Garchomp|Protect
|move|p2a: Landorus|Stealth Rock|p1a: Garchomp
|-sidestart|p1: AquaRotom|move: Stealth Rock
|
|-heal|p1a: Garchomp|66/100|[from] item: Leftovers
|-damage|p2a: Landorus|83/100 tox|[from] psn
|upkeep
|turn|3
|
|t:|1660983721
|move|p2a: Landorus|Explosion|p1a: Garchomp
|-enditem|p2a: Landorus|Normal Gem|[from] gem
|-damage|p1a: Garchomp|0 fnt
|faint|p2a: Landorus
|faint|p1a: Garchomp
|
|upkeep
|c| rachel19738|草
|
|t:|1660983743
|switch|p2a: Weavile|Weavile, M, shiny|100/100
|switch|p1a: Ferrothorn|Ferrothorn, M|100/100
|-ability|p2a: Weavile|Pressure
|-damage|p1a: Ferrothorn|95/100|[from] Stealth Rock
|turn|4
|j| wdzkz
|c| rachel19738|gen8怎麼還有這種土貓
|
|t:|1660983761
|switch|p2a: Volcanion|Volcanion|100/100
|move|p1a: Ferrothorn|Body Press|p2a: Volcanion
|-damage|p2a: Volcanion|72/100
|
|upkeep
|turn|5
|
|t:|1660983776
|switch|p1a: Rotom|Rotom-Wash|100/100
|-damage|p1a: Rotom|88/100|[from] Stealth Rock
|move|p2a: Volcanion|Explosion|p1a: Rotom
|-enditem|p2a: Volcanion|Normal Gem|[from] gem
|-damage|p1a: Rotom|0 fnt
|faint|p2a: Volcanion
|faint|p1a: Rotom
|
|upkeep
|c| crycups|草
|c| rachel19738|???????
|j| XZzhang
|inactive|AlIoutdragadarts has 120 seconds left.
|j| LT91BB color
|l| LT91BB color
|
|t:|1660983815
|switch|p1a: Tapu Lele|Tapu Lele, shiny|100/100
|switch|p2a: Zeraora|Zeraora, shiny|100/100
|-damage|p1a: Tapu Lele|88/100|[from] Stealth Rock
|-fieldstart|move: Psychic Terrain|[from] ability: Psychic Surge|[of] p1a: Tapu Lele
|turn|6
|inactive|AlIoutdragadarts has 120 seconds left.
|
|t:|1660983826
|switch|p1a: Ferrothorn|Ferrothorn, M|95/100
|-damage|p1a: Ferrothorn|89/100|[from] Stealth Rock
|move|p2a: Zeraora|Plasma Fists|p1a: Ferrothorn
|-resisted|p1a: Ferrothorn
|-damage|p1a: Ferrothorn|74/100
|-fieldactivate|move: Ion Deluge
|-hint|Normal-type moves become Electric-type after using Plasma Fists.
|-damage|p2a: Zeraora|88/100|[from] ability: Iron Barbs|[of] p1a: Ferrothorn
|-damage|p2a: Zeraora|72/100|[from] item: Rocky Helmet|[of] p1a: Ferrothorn
|
|upkeep
|turn|7
|inactive|AlIoutdragadarts has 120 seconds left.
|
|t:|1660983839
|move|p2a: Zeraora|Bulk Up|p2a: Zeraora
|-boost|p2a: Zeraora|atk|1
|-boost|p2a: Zeraora|def|1
|move|p1a: Ferrothorn|Body Press|p2a: Zeraora
|-damage|p2a: Zeraora|43/100
|
|upkeep
|turn|8
|inactive|AlIoutdragadarts has 120 seconds left.
|
|t:|1660983847
|switch|p1a: Slowking|Slowking-Galar, M|100/100
|-damage|p1a: Slowking|88/100|[from] Stealth Rock
|move|p2a: Zeraora|Close Combat|p1a: Slowking
|-resisted|p1a: Slowking
|-damage|p1a: Slowking|78/100
|-unboost|p2a: Zeraora|def|1
|-unboost|p2a: Zeraora|spd|1
|-enditem|p2a: Zeraora|Eject Pack
|inactive|AlIoutdragadarts has 120 seconds left.
|
|t:|1660983856
|switch|p2a: Weavile|Weavile, M, shiny|100/100
|-ability|p2a: Weavile|Pressure
|
|-heal|p1a: Slowking|84/100|[from] item: Black Sludge
|upkeep
|turn|9
|
|t:|1660983861
|move|p2a: Weavile|Swords Dance|p2a: Weavile
|-boost|p2a: Weavile|atk|2
|move|p1a: Slowking|Sludge Bomb|p2a: Weavile
|-damage|p2a: Weavile|50/100
|
|-heal|p1a: Slowking|90/100|[from] item: Black Sludge
|upkeep
|turn|10
|
|t:|1660983865
|move|p2a: Weavile|Knock Off|p1a: Slowking
|-supereffective|p1a: Slowking
|-damage|p1a: Slowking|0 fnt
|-enditem|p1a: Slowking|Black Sludge|[from] move: Knock Off|[of] p2a: Weavile
|faint|p1a: Slowking
|
|-fieldend|move: Psychic Terrain
|upkeep
|
|t:|1660983869
|switch|p1a: Tapu Lele|Tapu Lele, shiny|88/100
|-damage|p1a: Tapu Lele|76/100|[from] Stealth Rock
|-fieldstart|move: Psychic Terrain|[from] ability: Psychic Surge|[of] p1a: Tapu Lele
|turn|11
|
|t:|1660983877
|move|p1a: Tapu Lele|Focus Blast|p2a: Weavile|[miss]
|-miss|p1a: Tapu Lele|p2a: Weavile
|move|p2a: Weavile|Knock Off|p1a: Tapu Lele
|-damage|p1a: Tapu Lele|0 fnt
|-enditem|p1a: Tapu Lele|Choice Scarf|[from] move: Knock Off|[of] p2a: Weavile
|faint|p1a: Tapu Lele
|
|upkeep
|-message|AquaRotom forfeited.
|
|win|AlIoutdragadarts
|n|☆AquaRotom|aquarotom
|n|☆AlIoutdragadarts|alioutdragadarts
|n| rachel19738|rachel19738
|n| crycups|crycups
|n| wdzkz|wdzkz
|n| XZzhang|xzzhang
