|uhtml|report-battle|<b>将对战链接公开到:</b> <button class="button" name="send" value="/reportto skypillar">Sky Pillar</button><button class="button" name="send" value="/reportto shinx">Shinx</button>
|j|☆AlIou+tdraga~darts
|j|☆ox the hax
|inactive|Battle timer is ON: inactive players will automatically lose when time's up.
|t:|1661776417
|gametype|singles
|player|p1|AlIou+tdraga~darts|acerola-masters|
|player|p2|ox the hax|clown|
|teamsize|p1|6
|teamsize|p2|6
|gen|8
|tier|[Gen 8] OU
|rated|Tournament battle
|rule|Sleep Clause Mod: Limit one foe put to sleep
|rule|Species Clause: Limit one of each Pokémon
|rule|OHKO Clause: OHKO moves are banned
|rule|Evasion Items Clause: Evasion items are banned
|rule|Evasion Moves Clause: Evasion moves are banned
|rule|Endless Battle Clause: Forcing endless battles is banned
|rule|HP Percentage Mod: HP is shown in percentages
|rule|Dynamax Clause: You cannot dynamax
|clearpoke
|poke|p1|Bronzong|
|poke|p1|Clefable, F|
|poke|p1|Tangrowth, M|
|poke|p1|Toxapex, M|
|poke|p1|Zapdos|
|poke|p1|Tyranitar, M|
|poke|p2|Weavile, F|
|poke|p2|Kartana|
|poke|p2|Dragapult, M|
|poke|p2|Blacephalon|
|poke|p2|Tornadus-Therian, M|
|poke|p2|Landorus-Therian, M|
|teampreview
|
|t:|1661776428
|start
|switch|p1a: Bronzong|Bronzong, shiny|100/100
|switch|p2a: Weavile|Weavile, F|100/100
|-ability|p2a: Weavile|Pressure
|turn|1
|
|t:|1661776434
|switch|p1a: Toxapex|Toxapex, M, shiny|100/100
|move|p2a: Weavile|Beat Up|p1a: Toxapex
|-damage|p1a: Toxapex|92/100
|-damage|p1a: Toxapex|80/100
|-damage|p1a: Toxapex|72/100
|-damage|p1a: Toxapex|63/100
|-damage|p1a: Toxapex|56/100
|-damage|p1a: Toxapex|47/100
|-hitcount|p1a: Toxapex|6
|
|upkeep
|turn|2
|
|t:|1661776437
|switch|p1a: Clefable|Clefable, F, shiny|100/100
|move|p2a: Weavile|Beat Up|p1a: Clefable
|-resisted|p1a: Clefable
|-damage|p1a: Clefable|95/100
|-resisted|p1a: Clefable
|-damage|p1a: Clefable|88/100
|-resisted|p1a: Clefable
|-damage|p1a: Clefable|83/100
|-resisted|p1a: Clefable
|-damage|p1a: Clefable|77/100
|-resisted|p1a: Clefable
|-damage|p1a: Clefable|73/100
|-resisted|p1a: Clefable
|-damage|p1a: Clefable|67/100
|-hitcount|p1a: Clefable|6
|
|upkeep
|turn|3
|
|t:|1661776440
|move|p2a: Weavile|Beat Up|p1a: Clefable
|-resisted|p1a: Clefable
|-damage|p1a: Clefable|61/100
|-resisted|p1a: Clefable
|-damage|p1a: Clefable|54/100
|-resisted|p1a: Clefable
|-damage|p1a: Clefable|48/100
|-resisted|p1a: Clefable
|-damage|p1a: Clefable|43/100
|-resisted|p1a: Clefable
|-damage|p1a: Clefable|38/100
|-resisted|p1a: Clefable
|-damage|p1a: Clefable|31/100
|-hitcount|p1a: Clefable|6
|move|p1a: Clefable|Soft-Boiled|p1a: Clefable
|-heal|p1a: Clefable|81/100
|
|upkeep
|turn|4
|
|t:|1661776444
|switch|p2a: Landorus|Landorus-Therian, M|100/100
|-ability|p2a: Landorus|Intimidate|boost
|-unboost|p1a: Clefable|atk|1
|move|p1a: Clefable|Soft-Boiled|p1a: Clefable
|-heal|p1a: Clefable|100/100
|
|upkeep
|turn|5
|
|t:|1661776453
|switch|p1a: Bronzong|Bronzong, shiny|100/100
|move|p2a: Landorus|Stealth Rock|p1a: Bronzong
|-sidestart|p1: AlIou+tdraga~darts|move: Stealth Rock
|
|upkeep
|turn|6
|
|t:|1661776456
|move|p2a: Landorus|U-turn|p1a: Bronzong
|-damage|p1a: Bronzong|81/100
|
|t:|1661776458
|switch|p2a: Weavile|Weavile, F|100/100|[from]move: U-turn
|-ability|p2a: Weavile|Pressure
|move|p1a: Bronzong|Stealth Rock|p2a: Weavile
|-sidestart|p2: ox the hax|move: Stealth Rock
|
|-heal|p1a: Bronzong|87/100|[from] item: Leftovers
|upkeep
|turn|7
|j| cbz123
|
|t:|1661776465
|move|p1a: Bronzong|Protect|p1a: Bronzong
|-singleturn|p1a: Bronzong|Protect
|move|p2a: Weavile|Triple Axel|p1a: Bronzong
|-activate|p1a: Bronzong|move: Protect
|
|-heal|p1a: Bronzong|93/100|[from] item: Leftovers
|upkeep
|turn|8
|
|t:|1661776470
|switch|p2a: Dragapult|Dragapult, M|100/100
|-damage|p2a: Dragapult|88/100|[from] Stealth Rock
|switch|p1a: Toxapex|Toxapex, M, shiny|80/100
|-damage|p1a: Toxapex|67/100|[from] Stealth Rock
|
|upkeep
|turn|9
|j| bellight
|l| bellight
|
|t:|1661776481
|switch|p1a: Clefable|Clefable, F, shiny|100/100
|move|p2a: Dragapult|Draco Meteor|p1a: Clefable
|-immune|p1a: Clefable
|
|upkeep
|turn|10
|
|t:|1661776484
|switch|p2a: Landorus|Landorus-Therian, M|100/100
|-damage|p2a: Landorus|88/100|[from] Stealth Rock
|-ability|p2a: Landorus|Intimidate|boost
|-unboost|p1a: Clefable|atk|1
|move|p1a: Clefable|Moonblast|p2a: Landorus
|-damage|p2a: Landorus|59/100
|
|-heal|p2a: Landorus|65/100|[from] item: Leftovers
|upkeep
|turn|11
|
|t:|1661776487
|move|p2a: Landorus|U-turn|p1a: Clefable
|-resisted|p1a: Clefable
|-damage|p1a: Clefable|91/100
|
|t:|1661776491
|switch|p2a: Tornadus|Tornadus-Therian, M|100/100|[from]move: U-turn
|move|p1a: Clefable|Calm Mind|p1a: Clefable
|-boost|p1a: Clefable|spa|1
|-boost|p1a: Clefable|spd|1
|
|upkeep
|turn|12
|
|t:|1661776494
|move|p2a: Tornadus|Knock Off|p1a: Clefable
|-resisted|p1a: Clefable
|-damage|p1a: Clefable|84/100
|-enditem|p1a: Clefable|Life Orb|[from] move: Knock Off|[of] p2a: Tornadus
|move|p1a: Clefable|Moonblast|p2a: Tornadus
|-damage|p2a: Tornadus|48/100
|
|upkeep
|turn|13
|
|t:|1661776500
|move|p2a: Tornadus|U-turn|p1a: Clefable
|-resisted|p1a: Clefable
|-damage|p1a: Clefable|78/100
|
|t:|1661776502
|switch|p2a: Blacephalon|Blacephalon|100/100|[from]move: U-turn
|-damage|p2a: Blacephalon|76/100|[from] Stealth Rock
|move|p1a: Clefable|Moonblast|p2a: Blacephalon
|-resisted|p2a: Blacephalon
|-damage|p2a: Blacephalon|39/100
|
|upkeep
|turn|14
|
|t:|1661776508
|switch|p1a: Toxapex|Toxapex, M, shiny|100/100
|-damage|p1a: Toxapex|88/100|[from] Stealth Rock
|move|p2a: Blacephalon|Mind Blown|p1a: Toxapex
|-resisted|p1a: Toxapex
|-damage|p1a: Toxapex|51/100
|-damage|p2a: Blacephalon|0 fnt|[from] mindblown
|faint|p2a: Blacephalon
|
|upkeep
|
|t:|1661776511
|switch|p2a: Kartana|Kartana|100/100
|-damage|p2a: Kartana|94/100|[from] Stealth Rock
|turn|15
|
|t:|1661776516
|move|p2a: Kartana|Knock Off|p1a: Toxapex
|-damage|p1a: Toxapex|24/100
|-enditem|p1a: Toxapex|Mental Herb|[from] move: Knock Off|[of] p2a: Kartana
|move|p1a: Toxapex|Recover|p1a: Toxapex
|-heal|p1a: Toxapex|74/100
|
|upkeep
|turn|16
|
|t:|1661776524
|switch|p2a: Dragapult|Dragapult, M|88/100
|-damage|p2a: Dragapult|76/100|[from] Stealth Rock
|move|p1a: Toxapex|Knock Off|p2a: Dragapult
|-supereffective|p2a: Dragapult
|-damage|p2a: Dragapult|39/100
|-enditem|p2a: Dragapult|Choice Specs|[from] move: Knock Off|[of] p1a: Toxapex
|
|upkeep
|turn|17
|
|t:|1661776527
|move|p2a: Dragapult|Shadow Ball|p1a: Toxapex
|-damage|p1a: Toxapex|46/100
|move|p1a: Toxapex|Recover|p1a: Toxapex
|-heal|p1a: Toxapex|96/100
|
|upkeep
|turn|18
|
|t:|1661776530
|move|p2a: Dragapult|Shadow Ball|p1a: Toxapex
|-damage|p1a: Toxapex|65/100
|move|p1a: Toxapex|Toxic Spikes|p2a: Dragapult
|-sidestart|p2: ox the hax|move: Toxic Spikes
|
|upkeep
|turn|19
|-message|ox the hax forfeited.
|
|win|AlIou+tdraga~darts
|n|☆AlIou+tdraga~darts|alioutdragadarts
|n|☆ox the hax|oxthehax
|n| cbz123|cbz123
