|j|☆Shootingwolf
|j|☆EDG KANGRI
|t:|1624612823
|gametype|singles
|player|p1|Shootingwolf|lady|
|player|p2|EDG KANGRI|kangri.png|
|teamsize|p1|6
|teamsize|p2|6
|gen|8
|tier|[Gen 8] OU
|rule|Sleep Clause Mod: Limit one foe put to sleep
|rule|Species Clause: Limit one of each Pokémon
|rule|OHKO Clause: OHKO moves are banned
|rule|Evasion Moves Clause: Evasion moves are banned
|rule|Endless Battle Clause: Forcing endless battles is banned
|rule|HP Percentage Mod: HP is shown in percentages
|rule|Dynamax Clause: You cannot dynamax
|clearpoke
|poke|p1|Hippowdon, M|
|poke|p1|Excadrill, F|
|poke|p1|Garchomp, F|
|poke|p1|Volcarona, M|
|poke|p1|Toxapex, M|
|poke|p1|Hydreigon, M|
|poke|p2|Ninetales-Alola, M|
|poke|p2|Rillaboom, F|
|poke|p2|Hawlucha, M|
|poke|p2|Garchomp, F|
|poke|p2|Corviknight, F|
|poke|p2|Arctozolt|
|teampreview
|inactive|Battle timer is ON: inactive players will automatically lose when time's up. (requested by EDG KANGRI)
|
|t:|1624612837
|start
|switch|p1a: Volcarona|Volcarona, M|100/100
|switch|p2a: Ninetales|Ninetales-Alola, M, shiny|100/100
|-weather|Hail|[from] ability: Snow Warning|[of] p2a: Ninetales
|turn|1
|
|t:|1624612844
|switch|p1a: Hippowdon|Hippowdon, M|100/100
|-weather|Sandstorm|[from] ability: Sand Stream|[of] p1a: Hippowdon
|move|p2a: Ninetales|Aurora Veil||[still]
|-fail|p2a: Ninetales
|
|-weather|Sandstorm|[upkeep]
|-damage|p2a: Ninetales|94/100|[from] Sandstorm
|upkeep
|turn|2
|
|t:|1624612849
|move|p2a: Ninetales|Hail|p2a: Ninetales
|-weather|Hail
|move|p1a: Hippowdon|Stealth Rock|p2a: Ninetales
|-sidestart|p2: EDG KANGRI|move: Stealth Rock
|
|-weather|Hail|[upkeep]
|-damage|p1a: Hippowdon|94/100|[from] Hail
|upkeep
|turn|3
|
|t:|1624612854
|switch|p1a: Toxapex|Toxapex, M|100/100
|move|p2a: Ninetales|Aurora Veil|p2a: Ninetales
|-sidestart|p2: EDG KANGRI|move: Aurora Veil
|
|-weather|Hail|[upkeep]
|-damage|p1a: Toxapex|95/100|[from] Hail
|upkeep
|turn|4
|
|t:|1624612869
|switch|p2a: Garchomp|Garchomp, F, shiny|100/100
|-damage|p2a: Garchomp|94/100|[from] Stealth Rock
|move|p1a: Toxapex|Scald|p2a: Garchomp
|-damage|p2a: Garchomp|85/100
|
|-weather|Hail|[upkeep]
|-damage|p2a: Garchomp|79/100|[from] Hail
|-damage|p1a: Toxapex|89/100|[from] Hail
|upkeep
|turn|5
|
|t:|1624612880
|move|p2a: Garchomp|Earthquake|p1a: Toxapex
|-supereffective|p1a: Toxapex
|-damage|p1a: Toxapex|0 fnt
|faint|p1a: Toxapex
|-damage|p2a: Garchomp|69/100|[from] item: Life Orb
|
|-weather|Hail|[upkeep]
|-damage|p2a: Garchomp|63/100|[from] Hail
|upkeep
|
|t:|1624612885
|switch|p1a: Hippowdon|Hippowdon, M|94/100
|-weather|Sandstorm|[from] ability: Sand Stream|[of] p1a: Hippowdon
|turn|6
|
|t:|1624612891
|move|p2a: Garchomp|Earthquake|p1a: Hippowdon
|-damage|p1a: Hippowdon|61/100
|-damage|p2a: Garchomp|53/100|[from] item: Life Orb
|move|p1a: Hippowdon|Roar|p2a: Garchomp
|drag|p2a: Corviknight|Corviknight, F, shiny|100/100
|-damage|p2a: Corviknight|88/100|[from] Stealth Rock
|
|-weather|Sandstorm|[upkeep]
|upkeep
|turn|7
|
|t:|1624612903
|switch|p2a: Rillaboom|Rillaboom, F|100/100
|-damage|p2a: Rillaboom|88/100|[from] Stealth Rock
|-fieldstart|move: Grassy Terrain|[from] ability: Grassy Surge|[of] p2a: Rillaboom
|switch|p1a: Volcarona|Volcarona, M|100/100
|
|-weather|Sandstorm|[upkeep]
|-damage|p1a: Volcarona|94/100|[from] Sandstorm
|-damage|p2a: Rillaboom|82/100|[from] Sandstorm
|-heal|p1a: Volcarona|100/100|[from] Grassy Terrain
|-heal|p2a: Rillaboom|88/100|[from] Grassy Terrain
|upkeep
|turn|8
|
|t:|1624612914
|move|p1a: Volcarona|Fiery Dance|p2a: Rillaboom
|-supereffective|p2a: Rillaboom
|-damage|p2a: Rillaboom|26/100
|-boost|p1a: Volcarona|spa|1
|move|p2a: Rillaboom|Knock Off|p1a: Volcarona
|-damage|p1a: Volcarona|37/100
|-status|p2a: Rillaboom|brn|[from] ability: Flame Body|[of] p1a: Volcarona
|-enditem|p1a: Volcarona|Heavy-Duty Boots|[from] move: Knock Off|[of] p2a: Rillaboom
|-damage|p2a: Rillaboom|16/100 brn|[from] item: Life Orb
|
|-weather|Sandstorm|[upkeep]
|-damage|p1a: Volcarona|31/100|[from] Sandstorm
|-damage|p2a: Rillaboom|10/100 brn|[from] Sandstorm
|-heal|p1a: Volcarona|37/100|[from] Grassy Terrain
|-heal|p2a: Rillaboom|16/100 brn|[from] Grassy Terrain
|-damage|p2a: Rillaboom|10/100 brn|[from] brn
|upkeep
|turn|9
|
|t:|1624612924
|move|p1a: Volcarona|Giga Drain|p2a: Rillaboom
|-resisted|p2a: Rillaboom
|-damage|p2a: Rillaboom|0 fnt
|-heal|p1a: Volcarona|42/100|[from] drain|[of] p2a: Rillaboom
|faint|p2a: Rillaboom
|
|-weather|Sandstorm|[upkeep]
|-damage|p1a: Volcarona|36/100|[from] Sandstorm
|-heal|p1a: Volcarona|42/100|[from] Grassy Terrain
|upkeep
|
|t:|1624612926
|switch|p2a: Hawlucha|Hawlucha, M, shiny|100/100
|-damage|p2a: Hawlucha|88/100|[from] Stealth Rock
|-enditem|p2a: Hawlucha|Grassy Seed
|-boost|p2a: Hawlucha|def|1|[from] item: Grassy Seed
|turn|10
|
|t:|1624612932
|move|p2a: Hawlucha|Acrobatics|p1a: Volcarona
|-supereffective|p1a: Volcarona
|-damage|p1a: Volcarona|0 fnt
|faint|p1a: Volcarona
|
|-weather|Sandstorm|[upkeep]
|-damage|p2a: Hawlucha|82/100|[from] Sandstorm
|-sideend|p2: EDG KANGRI|move: Aurora Veil
|upkeep
|
|t:|1624612936
|switch|p1a: Hippowdon|Hippowdon, M|61/100
|turn|11
|
|t:|1624612941
|move|p2a: Hawlucha|Swords Dance|p2a: Hawlucha
|-boost|p2a: Hawlucha|atk|2
|move|p1a: Hippowdon|Slack Off|p1a: Hippowdon
|-heal|p1a: Hippowdon|100/100
|
|-weather|Sandstorm|[upkeep]
|-damage|p2a: Hawlucha|76/100|[from] Sandstorm
|-fieldend|move: Grassy Terrain
|upkeep
|turn|12
|
|t:|1624612946
|move|p2a: Hawlucha|Encore|p1a: Hippowdon
|-start|p1a: Hippowdon|Encore
|move|p1a: Hippowdon|Slack Off||[still]
|-fail|p1a: Hippowdon|heal
|
|-weather|Sandstorm|[upkeep]
|-damage|p2a: Hawlucha|70/100|[from] Sandstorm
|upkeep
|turn|13
|
|t:|1624612952
|move|p2a: Hawlucha|Swords Dance|p2a: Hawlucha
|-boost|p2a: Hawlucha|atk|2
|move|p1a: Hippowdon|Slack Off||[still]
|-fail|p1a: Hippowdon|heal
|
|-weather|none
|upkeep
|turn|14
|
|t:|1624612958
|switch|p1a: Hydreigon|Hydreigon, M|100/100
|move|p2a: Hawlucha|Acrobatics|p1a: Hydreigon
|-damage|p1a: Hydreigon|0 fnt
|faint|p1a: Hydreigon
|
|upkeep
|
|t:|1624612961
|switch|p1a: Hippowdon|Hippowdon, M|100/100
|-weather|Sandstorm|[from] ability: Sand Stream|[of] p1a: Hippowdon
|turn|15
|
|t:|1624612966
|move|p2a: Hawlucha|Acrobatics|p1a: Hippowdon
|-damage|p1a: Hippowdon|29/100
|move|p1a: Hippowdon|Roar|p2a: Hawlucha
|drag|p2a: Garchomp|Garchomp, F, shiny|53/100
|-damage|p2a: Garchomp|47/100|[from] Stealth Rock
|
|-weather|Sandstorm|[upkeep]
|upkeep
|turn|16
|
|t:|1624612975
|move|p2a: Garchomp|Earthquake|p1a: Hippowdon
|-damage|p1a: Hippowdon|0 fnt
|faint|p1a: Hippowdon
|-damage|p2a: Garchomp|37/100|[from] item: Life Orb
|
|-weather|Sandstorm|[upkeep]
|upkeep
|
|t:|1624612984
|switch|p1a: Garchomp|Garchomp, F|100/100
|turn|17
|
|t:|1624612991
|move|p1a: Garchomp|Scale Shot|p2a: Garchomp
|-supereffective|p2a: Garchomp
|-damage|p2a: Garchomp|2/100
|-supereffective|p2a: Garchomp
|-damage|p2a: Garchomp|0 fnt
|faint|p2a: Garchomp
|-hitcount|p2: Garchomp|2
|-unboost|p1a: Garchomp|def|1
|-boost|p1a: Garchomp|spe|1
|-damage|p1a: Garchomp|91/100|[from] item: Life Orb
|
|-weather|Sandstorm|[upkeep]
|upkeep
|
|t:|1624613000
|switch|p2a: Ninetales|Ninetales-Alola, M, shiny|94/100
|-damage|p2a: Ninetales|70/100|[from] Stealth Rock
|-weather|Hail|[from] ability: Snow Warning|[of] p2a: Ninetales
|turn|18
|
|t:|1624613009
|move|p1a: Garchomp|Fire Fang|p2a: Ninetales
|-supereffective|p2a: Ninetales
|-damage|p2a: Ninetales|0 fnt
|faint|p2a: Ninetales
|-damage|p1a: Garchomp|81/100|[from] item: Life Orb
|
|-weather|Hail|[upkeep]
|-damage|p1a: Garchomp|75/100|[from] Hail
|upkeep
|
|t:|1624613012
|switch|p2a: Corviknight|Corviknight, F, shiny|88/100
|-damage|p2a: Corviknight|75/100|[from] Stealth Rock
|turn|19
|
|t:|1624613023
|move|p1a: Garchomp|Swords Dance|p1a: Garchomp
|-boost|p1a: Garchomp|atk|2
|move|p2a: Corviknight|Agility|p2a: Corviknight
|-boost|p2a: Corviknight|spe|2
|
|-weather|Hail|[upkeep]
|-damage|p1a: Garchomp|69/100|[from] Hail
|-damage|p2a: Corviknight|69/100|[from] Hail
|upkeep
|turn|20
|j| The Bronze Shadow
|
|t:|1624613027
|move|p1a: Garchomp|Fire Fang|p2a: Corviknight
|-supereffective|p2a: Corviknight
|-damage|p2a: Corviknight|0 fnt
|faint|p2a: Corviknight
|-damage|p1a: Garchomp|59/100|[from] item: Life Orb
|
|-weather|Hail|[upkeep]
|-damage|p1a: Garchomp|53/100|[from] Hail
|upkeep
|
|t:|1624613031
|switch|p2a: Arctozolt|Arctozolt, shiny|100/100
|-damage|p2a: Arctozolt|76/100|[from] Stealth Rock
|turn|21
|
|t:|1624613034
|move|p1a: Garchomp|Earthquake|p2a: Arctozolt
|-supereffective|p2a: Arctozolt
|-damage|p2a: Arctozolt|0 fnt
|faint|p2a: Arctozolt
|-damage|p1a: Garchomp|43/100|[from] item: Life Orb
|
|-weather|Hail|[upkeep]
|-damage|p1a: Garchomp|37/100|[from] Hail
|upkeep
|
|t:|1624613037
|switch|p2a: Hawlucha|Hawlucha, M, shiny|70/100
|-damage|p2a: Hawlucha|57/100|[from] Stealth Rock
|turn|22
|l| The Bronze Shadow
|
|t:|1624613040
|move|p1a: Garchomp|Scale Shot|p2a: Hawlucha
|-damage|p2a: Hawlucha|6/100
|-damage|p2a: Hawlucha|0 fnt
|faint|p2a: Hawlucha
|-hitcount|p2: Hawlucha|2
|-damage|p1a: Garchomp|27/100|[from] item: Life Orb
|
|win|Shootingwolf
