|j|☆Swordsman.N
|j|☆toiletight
|t:|1618132339
|gametype|singles
|player|p1|Swordsman.N|249|
|player|p2|toiletight|277|
|teamsize|p1|6
|teamsize|p2|6
|gen|8
|tier|[Gen 8] OU
|clearpoke
|poke|p1|Heatran, F|
|poke|p1|Landorus-Therian, M|
|poke|p1|Slowking, F|
|poke|p1|Weavile, F|
|poke|p1|Corviknight, M|
|poke|p1|Zeraora|
|poke|p2|Urshifu-*, F|
|poke|p2|Rillaboom, F|
|poke|p2|Heatran, M|
|poke|p2|Nidoking, M|
|poke|p2|Zeraora|
|poke|p2|Blissey, F|
|rule|Sleep Clause Mod: Limit one foe put to sleep
|rule|Species Clause: Limit one of each Pokémon
|rule|OHKO Clause: OHKO moves are banned
|rule|Evasion Moves Clause: Evasion moves are banned
|rule|Endless Battle Clause: Forcing endless battles is banned
|rule|HP Percentage Mod: HP is shown in percentages
|rule|Dynamax Clause: You cannot dynamax
|teampreview
|
|t:|1618132375
|start
|switch|p1a: Landorus|Landorus-Therian, M|100/100
|switch|p2a: Urshifu|Urshifu-Rapid-Strike, F|100/100
|-ability|p1a: Landorus|Intimidate|boost
|-unboost|p2a: Urshifu|atk|1
|turn|1
|
|t:|1618132384
|switch|p1a: Slowking|Slowking, F|100/100
|move|p2a: Urshifu|Surging Strikes|p1a: Slowking
|-resisted|p1a: Slowking
|-crit|p1a: Slowking
|-damage|p1a: Slowking|86/100
|-resisted|p1a: Slowking
|-crit|p1a: Slowking
|-damage|p1a: Slowking|72/100
|-resisted|p1a: Slowking
|-crit|p1a: Slowking
|-damage|p1a: Slowking|59/100
|-hitcount|p1a: Slowking|3
|
|upkeep
|turn|2
|j| XPSH
|
|t:|1618132410
|switch|p2a: Blissey|Blissey, F|100/100
|move|p1a: Slowking|Teleport|p1a: Slowking
|j| lunan0713
|
|t:|1618132420
|switch|p1a: Landorus|Landorus-Therian, M|100/100|[from]move: Teleport
|-ability|p1a: Landorus|Intimidate|boost
|-unboost|p2a: Blissey|atk|1
|
|upkeep
|turn|3
|
|t:|1618132439
|switch|p2a: Urshifu|Urshifu-Rapid-Strike, F|100/100
|move|p1a: Landorus|U-turn|p2a: Urshifu
|-resisted|p2a: Urshifu
|-damage|p2a: Urshifu|80/100
|
|t:|1618132445
|switch|p1a: Zeraora|Zeraora|100/100|[from]move: U-turn
|
|upkeep
|turn|4
|
|t:|1618132456
|switch|p2a: Nidoking|Nidoking, M|100/100
|move|p1a: Zeraora|Knock Off|p2a: Nidoking
|-damage|p2a: Nidoking|58/100
|-enditem|p2a: Nidoking|Life Orb|[from] move: Knock Off|[of] p1a: Zeraora
|
|upkeep
|turn|5
|
|t:|1618132467
|switch|p1a: Slowking|Slowking, F|92/100
|move|p2a: Nidoking|Earth Power|p1a: Slowking
|-damage|p1a: Slowking|65/100
|
|upkeep
|turn|6
|
|t:|1618132477
|move|p2a: Nidoking|Thunderbolt|p1a: Slowking
|-supereffective|p1a: Slowking
|-damage|p1a: Slowking|25/100
|move|p1a: Slowking|Future Sight|p2a: Nidoking
|-start|p1a: Slowking|move: Future Sight
|
|upkeep
|turn|7
|
|t:|1618132493
|switch|p1a: Weavile|Weavile, F|100/100
|-ability|p1a: Weavile|Pressure
|move|p2a: Nidoking|Thunderbolt|p1a: Weavile
|-damage|p1a: Weavile|59/100
|
|upkeep
|turn|8
|
|t:|1618132516
|switch|p2a: Zeraora|Zeraora|100/100
|move|p1a: Weavile|Knock Off|p2a: Zeraora
|-damage|p2a: Zeraora|23/100
|-enditem|p2a: Zeraora|Life Orb|[from] move: Knock Off|[of] p1a: Weavile
|
|-end|p2a: Zeraora|move: Future Sight
|-damage|p2a: Zeraora|0 fnt
|upkeep
|faint|p2a: Zeraora
|
|t:|1618132530
|switch|p2a: Urshifu|Urshifu-Rapid-Strike, F|80/100
|turn|9
|
|t:|1618132550
|move|p1a: Weavile|Knock Off|p2a: Urshifu
|-resisted|p2a: Urshifu
|-damage|p2a: Urshifu|54/100
|-enditem|p2a: Urshifu|Choice Band|[from] move: Knock Off|[of] p1a: Weavile
|move|p2a: Urshifu|U-turn|p1a: Weavile
|-supereffective|p1a: Weavile
|-damage|p1a: Weavile|0 fnt
|faint|p1a: Weavile
|
|t:|1618132567
|switch|p2a: Rillaboom|Rillaboom, F|100/100|[from]move: U-turn
|-fieldstart|move: Grassy Terrain|[from] ability: Grassy Surge|[of] p2a: Rillaboom
|
|upkeep
|
|t:|1618132577
|switch|p1a: Landorus|Landorus-Therian, M|100/100
|-ability|p1a: Landorus|Intimidate|boost
|-unboost|p2a: Rillaboom|atk|1
|turn|10
|
|t:|1618132591
|move|p1a: Landorus|U-turn|p2a: Rillaboom
|-supereffective|p2a: Rillaboom
|-damage|p2a: Rillaboom|28/100
|j| SyReacll
|
|t:|1618132593
|switch|p1a: Corviknight|Corviknight, M|100/100|[from]move: U-turn
|-ability|p1a: Corviknight|Pressure
|move|p2a: Rillaboom|U-turn|p1a: Corviknight
|-resisted|p1a: Corviknight
|-damage|p1a: Corviknight|96/100
|-damage|p2a: Rillaboom|11/100|[from] item: Rocky Helmet|[of] p1a: Corviknight
|
|t:|1618132615
|switch|p2a: Nidoking|Nidoking, M|58/100|[from]move: U-turn
|
|-heal|p2a: Nidoking|64/100|[from] Grassy Terrain
|upkeep
|turn|11
|
|t:|1618132627
|move|p2a: Nidoking|Ice Beam|p1a: Corviknight
|-damage|p1a: Corviknight|70/100
|move|p1a: Corviknight|U-turn|p2a: Nidoking
|-resisted|p2a: Nidoking
|-damage|p2a: Nidoking|53/100
|
|t:|1618132637
|switch|p1a: Slowking|Slowking, F|58/100|[from]move: U-turn
|
|-heal|p2a: Nidoking|59/100|[from] Grassy Terrain
|-heal|p1a: Slowking|64/100|[from] Grassy Terrain
|upkeep
|turn|12
|j| burstbean
|
|t:|1618132645
|switch|p2a: Blissey|Blissey, F|100/100
|move|p1a: Slowking|Slack Off|p1a: Slowking
|-heal|p1a: Slowking|100/100
|
|upkeep
|turn|13
|
|t:|1618132655
|move|p1a: Slowking|Future Sight|p2a: Blissey
|-start|p1a: Slowking|move: Future Sight
|move|p2a: Blissey|Teleport|p2a: Blissey
|
|t:|1618132666
|switch|p2a: Rillaboom|Rillaboom, F|11/100|[from]move: Teleport
|
|-heal|p2a: Rillaboom|17/100|[from] Grassy Terrain
|-fieldend|move: Grassy Terrain
|upkeep
|turn|14
|
|t:|1618132687
|switch|p1a: Corviknight|Corviknight, M|70/100
|-ability|p1a: Corviknight|Pressure
|move|p2a: Rillaboom|Wood Hammer|p1a: Corviknight
|-resisted|p1a: Corviknight
|-damage|p1a: Corviknight|54/100
|-damage|p2a: Rillaboom|0 fnt|[from] item: Rocky Helmet|[of] p1a: Corviknight
|faint|p2a: Rillaboom
|
|upkeep
|
|t:|1618132700
|switch|p2a: Heatran|Heatran, M|100/100
|turn|15
|
|t:|1618132710
|move|p2a: Heatran|Magma Storm|p1a: Corviknight
|-supereffective|p1a: Corviknight
|-damage|p1a: Corviknight|0 fnt
|faint|p1a: Corviknight
|
|-end|p2a: Heatran|move: Future Sight
|-resisted|p2a: Heatran
|-damage|p2a: Heatran|84/100
|upkeep
|
|t:|1618132718
|switch|p1a: Landorus|Landorus-Therian, M|100/100
|-ability|p1a: Landorus|Intimidate|boost
|-unboost|p2a: Heatran|atk|1
|turn|16
|
|t:|1618132740
|switch|p2a: Blissey|Blissey, F|100/100
|move|p1a: Landorus|Earthquake|p2a: Blissey
|-damage|p2a: Blissey|0 fnt
|faint|p2a: Blissey
|
|upkeep
|
|t:|1618132747
|switch|p2a: Urshifu|Urshifu-Rapid-Strike, F|54/100
|turn|17
|c| lunan0713|我怀疑这土猫CB的
|
|t:|1618132764
|switch|p1a: Slowking|Slowking, F|100/100
|move|p2a: Urshifu|Surging Strikes|p1a: Slowking
|-resisted|p1a: Slowking
|-crit|p1a: Slowking
|-damage|p1a: Slowking|91/100
|-resisted|p1a: Slowking
|-crit|p1a: Slowking
|-damage|p1a: Slowking|82/100
|-resisted|p1a: Slowking
|-crit|p1a: Slowking
|-damage|p1a: Slowking|73/100
|-hitcount|p1a: Slowking|3
|
|upkeep
|turn|18
|c| lunan0713|但我没有证据
|j| lo Hedgewitch
|
|t:|1618132777
|move|p2a: Urshifu|Thunder Punch|p1a: Slowking
|-supereffective|p1a: Slowking
|-damage|p1a: Slowking|25/100
|-status|p1a: Slowking|par
|cant|p1a: Slowking|par
|
|upkeep
|turn|19
|c|☆Swordsman.N|想想
|
|t:|1618132826
|switch|p1a: Heatran|Heatran, F|100/100
|move|p2a: Urshifu|U-turn|p1a: Heatran
|-resisted|p1a: Heatran
|-damage|p1a: Heatran|96/100
|
|t:|1618132855
|switch|p2a: Nidoking|Nidoking, M|59/100|[from]move: U-turn
|
|-heal|p1a: Heatran|100/100|[from] item: Leftovers
|upkeep
|turn|20
|
|t:|1618132864
|move|p2a: Nidoking|Earth Power|p1a: Heatran
|-supereffective|p1a: Heatran
|-damage|p1a: Heatran|0 fnt
|faint|p1a: Heatran
|
|upkeep
|
|t:|1618132869
|switch|p1a: Landorus|Landorus-Therian, M|100/100
|-ability|p1a: Landorus|Intimidate|boost
|-unboost|p2a: Nidoking|atk|1
|turn|21
|
|t:|1618132876
|switch|p2a: Heatran|Heatran, M|84/100
|move|p1a: Landorus|Earthquake|p2a: Heatran
|-supereffective|p2a: Heatran
|-damage|p2a: Heatran|0 fnt
|faint|p2a: Heatran
|
|upkeep
|
|t:|1618132882
|switch|p2a: Urshifu|Urshifu-Rapid-Strike, F|54/100
|turn|22
|
|t:|1618132907
|switch|p1a: Zeraora|Zeraora|100/100
|move|p2a: Urshifu|Surging Strikes|p1a: Zeraora
|-crit|p1a: Zeraora
|-damage|p1a: Zeraora|76/100
|-crit|p1a: Zeraora
|-damage|p1a: Zeraora|48/100
|-crit|p1a: Zeraora
|-damage|p1a: Zeraora|22/100
|-hitcount|p1a: Zeraora|3
|
|-heal|p1a: Zeraora|28/100|[from] item: Leftovers
|upkeep
|turn|23
|
|t:|1618132946
|move|p1a: Zeraora|Plasma Fists|p2a: Urshifu
|-supereffective|p2a: Urshifu
|-damage|p2a: Urshifu|0 fnt
|-fieldactivate|move: Ion Deluge
|faint|p2a: Urshifu
|
|-heal|p1a: Zeraora|34/100|[from] item: Leftovers
|upkeep
|c|☆Swordsman.N|gg
|c|☆toiletight|可恶
|
|t:|1618132957
|switch|p2a: Nidoking|Nidoking, M|59/100
|turn|24
|
|t:|1618132969
|move|p1a: Zeraora|Knock Off|p2a: Nidoking
|-damage|p2a: Nidoking|29/100
|move|p2a: Nidoking|Ice Beam|p1a: Zeraora
|-damage|p1a: Zeraora|0 fnt
|faint|p1a: Zeraora
|
|upkeep
|
|t:|1618132975
|switch|p1a: Landorus|Landorus-Therian, M|100/100
|-ability|p1a: Landorus|Intimidate|boost
|-unboost|p2a: Nidoking|atk|1
|turn|25
|
|t:|1618132979
|move|p1a: Landorus|Earthquake|p2a: Nidoking
|-supereffective|p2a: Nidoking
|-damage|p2a: Nidoking|0 fnt
|faint|p2a: Nidoking
|
|win|Swordsman.N
|c| lunan0713|土猫不会真是CB的吧
