|raw|<div class="broadcast-blue"><strong>This battle is required to be public due to a player having a name starting with 'sl21vx'.</div>
|j|☆sl21vxkhl
|j|☆lonietzzz
|t:|1641105134
|gametype|singles
|player|p1|sl21vxkhl|dawn|1416
|player|p2|lonietzzz|swimmerf-gen4dp|1473
|teamsize|p1|6
|teamsize|p2|6
|gen|8
|tier|[Gen 8] OU
|rated|
|rule|Sleep Clause Mod: Limit one foe put to sleep
|rule|Species Clause: Limit one of each Pokémon
|rule|OHKO Clause: OHKO moves are banned
|rule|Evasion Moves Clause: Evasion moves are banned
|rule|Endless Battle Clause: Forcing endless battles is banned
|rule|HP Percentage Mod: HP is shown in percentages
|rule|Dynamax Clause: You cannot dynamax
|clearpoke
|poke|p1|Rotom-Wash|
|poke|p1|Melmetal|
|poke|p1|Magnezone|
|poke|p1|Scyther, M|
|poke|p1|Landorus-Therian, M|
|poke|p1|Dragapult, M|
|poke|p2|Excadrill, M|
|poke|p2|Garchomp, F|
|poke|p2|Kartana|
|poke|p2|Toxapex, M|
|poke|p2|Tyranitar, F|
|poke|p2|Landorus-Therian, M|
|teampreview
|j| SL21VXwangyu
|j| Ratio hecate II
|inactive|Battle timer is ON: inactive players will automatically lose when time's up. (requested by lonietzzz)
|
|t:|1641105160
|start
|switch|p1a: Scyther|Scyther, M|100/100
|switch|p2a: Toxapex|Toxapex, M|100/100
|turn|1
|j| Cure bball
|
|t:|1641105167
|move|p1a: Scyther|Swords Dance|p1a: Scyther
|-boost|p1a: Scyther|atk|2
|move|p2a: Toxapex|Knock Off|p1a: Scyther
|-damage|p1a: Scyther|87/100
|-enditem|p1a: Scyther|Eviolite|[from] move: Knock Off|[of] p2a: Toxapex
|
|upkeep
|turn|2
|
|t:|1641105171
|move|p1a: Scyther|Knock Off|p2a: Toxapex
|-damage|p2a: Toxapex|64/100
|-damage|p1a: Scyther|70/100|[from] item: Rocky Helmet|[of] p2a: Toxapex
|-enditem|p2a: Toxapex|Rocky Helmet|[from] move: Knock Off|[of] p1a: Scyther
|move|p2a: Toxapex|Scald|p1a: Scyther
|-damage|p1a: Scyther|45/100
|
|upkeep
|turn|3
|
|t:|1641105180
|move|p1a: Scyther|Dual Wingbeat|p2a: Toxapex
|-damage|p2a: Toxapex|31/100
|-damage|p2a: Toxapex|0 fnt
|faint|p2a: Toxapex
|-hitcount|p2: Toxapex|2
|
|upkeep
|j| peak clownery
|
|t:|1641105188
|switch|p2a: Kartana|Kartana|100/100
|turn|4
|l| SL21VXwangyu
|
|t:|1641105212
|move|p2a: Kartana|Knock Off|p1a: Scyther
|-damage|p1a: Scyther|0 fnt
|faint|p1a: Scyther
|-ability|p2a: Kartana|Beast Boost|boost
|-boost|p2a: Kartana|atk|1
|-damage|p2a: Kartana|91/100|[from] item: Life Orb
|
|upkeep
|
|t:|1641105215
|switch|p1a: Magnezone|Magnezone|100/100
|turn|5
|
|t:|1641105219
|move|p2a: Kartana|Sacred Sword|p1a: Magnezone
|-supereffective|p1a: Magnezone
|-enditem|p1a: Magnezone|Chople Berry|[eat]
|-enditem|p1a: Magnezone|Chople Berry|[weaken]
|-damage|p1a: Magnezone|43/100
|-damage|p2a: Kartana|81/100|[from] item: Life Orb
|move|p1a: Magnezone|Thunder Wave|p2a: Kartana|[miss]
|-miss|p1a: Magnezone|p2a: Kartana
|
|upkeep
|turn|6
|j| SL21VX jitousb
|j| SL21VXJqlove
|inactive|sl21vxkhl has 120 seconds left.
|
|t:|1641105252
|switch|p1a: Landorus|Landorus-Therian, M|100/100
|-ability|p1a: Landorus|Intimidate|boost
|-unboost|p2a: Kartana|atk|1
|move|p2a: Kartana|Sacred Sword|p1a: Landorus
|-resisted|p1a: Landorus
|-damage|p1a: Landorus|76/100
|-damage|p2a: Kartana|72/100|[from] item: Life Orb
|
|-heal|p1a: Landorus|82/100|[from] item: Leftovers
|upkeep
|turn|7
|inactive|sl21vxkhl has 120 seconds left.
|
|t:|1641105263
|move|p2a: Kartana|Leaf Blade|p1a: Landorus
|-damage|p1a: Landorus|13/100
|-damage|p2a: Kartana|62/100|[from] item: Life Orb
|move|p1a: Landorus|U-turn|p2a: Kartana
|-damage|p2a: Kartana|38/100
|inactive|sl21vxkhl has 120 seconds left.
|
|t:|1641105277
|switch|p1a: Dragapult|Dragapult, M|100/100|[from]move: U-turn
|
|upkeep
|turn|8
|
|t:|1641105283
|switch|p2a: Landorus|Landorus-Therian, M|100/100
|-ability|p2a: Landorus|Intimidate|boost
|-fail|p1a: Dragapult|unboost|[from] ability: Clear Body|[of] p1a: Dragapult
|move|p1a: Dragapult|U-turn|p2a: Landorus
|-resisted|p2a: Landorus
|-damage|p2a: Landorus|88/100
|-damage|p1a: Dragapult|84/100|[from] item: Rocky Helmet|[of] p2a: Landorus
|inactive|sl21vxkhl has 120 seconds left.
|j| SL21VX AlI
|inactive|sl21vxkhl has 90 seconds left.
|j| XPSH
|
|t:|1641105338
|switch|p1a: Melmetal|Melmetal|100/100|[from]move: U-turn
|
|upkeep
|turn|9
|l| SL21VX jitousb
|
|t:|1641105353
|move|p2a: Landorus|Earthquake|p1a: Melmetal
|-supereffective|p1a: Melmetal
|-damage|p1a: Melmetal|42/100
|move|p1a: Melmetal|Double Iron Bash|p2a: Landorus
|-damage|p2a: Landorus|58/100
|-damage|p1a: Melmetal|25/100|[from] item: Rocky Helmet|[of] p2a: Landorus
|-damage|p2a: Landorus|28/100
|-damage|p1a: Melmetal|9/100|[from] item: Rocky Helmet|[of] p2a: Landorus
|-hitcount|p2a: Landorus|2
|
|-heal|p1a: Melmetal|15/100|[from] item: Leftovers
|upkeep
|turn|10
|
|t:|1641105361
|move|p2a: Landorus|Stealth Rock|p1a: Melmetal
|-sidestart|p1: sl21vxkhl|move: Stealth Rock
|move|p1a: Melmetal|Double Iron Bash|p2a: Landorus
|-damage|p2a: Landorus|0 fnt
|-damage|p1a: Melmetal|0 fnt|[from] item: Rocky Helmet|[of] p2a: Landorus
|faint|p2a: Landorus
|faint|p1a: Melmetal
|-hitcount|p2: Landorus|1
|
|upkeep
|
|t:|1641105377
|switch|p2a: Garchomp|Garchomp, F|100/100
|switch|p1a: Dragapult|Dragapult, M|84/100
|-damage|p1a: Dragapult|72/100|[from] Stealth Rock
|turn|11
|inactive|lonietzzz has 120 seconds left.
|
|t:|1641105420
|switch|p2a: Kartana|Kartana|38/100
|move|p1a: Dragapult|Dragon Darts|p2a: Kartana
|-resisted|p2a: Kartana
|-damage|p2a: Kartana|17/100
|-anim|p1a: Dragapult|Dragon Darts|p2a: Kartana
|-resisted|p2a: Kartana
|-damage|p2a: Kartana|0 fnt
|faint|p2a: Kartana
|
|upkeep
|
|t:|1641105427
|switch|p2a: Tyranitar|Tyranitar, F|100/100
|-weather|Sandstorm|[from] ability: Sand Stream|[of] p2a: Tyranitar
|turn|12
|inactive|sl21vxkhl has 120 seconds left.
|j| SL21VXwangyu
|j| SL21VX hybone
|inactive|sl21vxkhl has 90 seconds left.
|
|t:|1641105466
|switch|p1a: Rotom|Rotom-Wash|100/100
|-damage|p1a: Rotom|88/100|[from] Stealth Rock
|switch|p2a: Garchomp|Garchomp, F|100/100
|
|-weather|Sandstorm|[upkeep]
|-damage|p1a: Rotom|82/100|[from] Sandstorm
|-heal|p1a: Rotom|88/100|[from] item: Leftovers
|upkeep
|turn|13
|j| SL21VX jitousb
|inactive|sl21vxkhl has 90 seconds left.
|
|t:|1641105478
|switch|p1a: Landorus|Landorus-Therian, M|13/100
|-damage|p1a: Landorus|0 fnt|[from] Stealth Rock
|faint|p1a: Landorus
|move|p2a: Garchomp|Substitute|p2a: Garchomp
|-start|p2a: Garchomp|Substitute
|-damage|p2a: Garchomp|76/100
|
|-weather|Sandstorm|[upkeep]
|-heal|p2a: Garchomp|82/100|[from] item: Leftovers
|upkeep
|
|t:|1641105481
|switch|p1a: Dragapult|Dragapult, M|72/100
|-damage|p1a: Dragapult|59/100|[from] Stealth Rock
|turn|14
|j| luck_yue
|
|t:|1641105489
|switch|p2a: Excadrill|Excadrill, M|100/100
|move|p1a: Dragapult|Dragon Darts|p2a: Excadrill
|-resisted|p2a: Excadrill
|-damage|p2a: Excadrill|72/100
|-anim|p1a: Dragapult|Dragon Darts|p2a: Excadrill
|-resisted|p2a: Excadrill
|-damage|p2a: Excadrill|46/100
|
|-weather|Sandstorm|[upkeep]
|-damage|p1a: Dragapult|53/100|[from] Sandstorm
|-heal|p2a: Excadrill|52/100|[from] item: Leftovers
|upkeep
|turn|15
|
|t:|1641105495
|move|p2a: Excadrill|Iron Head|p1a: Dragapult
|-damage|p1a: Dragapult|0 fnt
|faint|p1a: Dragapult
|
|-weather|Sandstorm|[upkeep]
|-heal|p2a: Excadrill|58/100|[from] item: Leftovers
|upkeep
|-message|sl21vxkhl forfeited.
|
|win|lonietzzz
|raw|sl21vxkhl's rating: 1416 &rarr; <strong>1399</strong><br />(-17 for losing)
|raw|lonietzzz's rating: 1473 &rarr; <strong>1490</strong><br />(+17 for winning)
|l| luck_yue
|l|☆sl21vxkhl
