|uhtml|report-battle|<b>将对战链接公开到:</b> <button class="button" name="send" value="/reportto skypillar">Sky Pillar</button><button class="button" name="send" value="/reportto shinx">Shinx</button>
|j|☆AlIoutdragadarts
|j|☆wdzkz
|inactive|Battle timer is ON: inactive players will automatically lose when time's up.
|t:|1659962570
|gametype|singles
|player|p1|AlIoutdragadarts|dawn|
|player|p2|wdzkz|nate|
|teamsize|p1|6
|teamsize|p2|6
|gen|8
|tier|[Gen 8] OU
|rated|Tournament battle
|rule|Sleep Clause Mod: Limit one foe put to sleep
|rule|Species Clause: Limit one of each Pokémon
|rule|OHKO Clause: OHKO moves are banned
|rule|Evasion Moves Clause: Evasion moves are banned
|rule|Endless Battle Clause: Forcing endless battles is banned
|rule|HP Percentage Mod: HP is shown in percentages
|rule|Dynamax Clause: You cannot dynamax
|clearpoke
|poke|p1|Hippowdon, M|
|poke|p1|Corviknight, M|
|poke|p1|Toxapex, M|
|poke|p1|Clefable, F|
|poke|p1|Tornadus-Therian, M|
|poke|p1|Blissey, F|
|poke|p2|Zapdos|
|poke|p2|Weavile, F|
|poke|p2|Kartana|
|poke|p2|Landorus-Therian, M|
|poke|p2|Volcanion|
|poke|p2|Melmetal|
|teampreview
|j| igiegie
|c|☆AlIoutdragadarts|我就知道是这个队
|inactive|AlIoutdragadarts has 120 seconds left.
|
|t:|1659962602
|start
|switch|p1a: Toxapex|Toxapex, M, shiny|100/100
|switch|p2a: Weavile|Weavile, F|100/100
|-ability|p2a: Weavile|Pressure
|turn|1
|
|t:|1659962606
|move|p2a: Weavile|Beat Up|p1a: Toxapex
|-damage|p1a: Toxapex|93/100
|-damage|p1a: Toxapex|86/100
|-damage|p1a: Toxapex|75/100
|-damage|p1a: Toxapex|66/100
|-damage|p1a: Toxapex|59/100
|-damage|p1a: Toxapex|50/100
|-hitcount|p1a: Toxapex|6
|move|p1a: Toxapex|Toxic|p2a: Weavile
|-status|p2a: Weavile|tox
|
|-damage|p2a: Weavile|94/100 tox|[from] psn
|upkeep
|turn|2
|
|t:|1659962609
|switch|p1a: Clefable|Clefable, F, shiny|100/100
|move|p2a: Weavile|Beat Up|p1a: Clefable
|-resisted|p1a: Clefable
|-crit|p1a: Clefable
|-damage|p1a: Clefable|93/100
|-resisted|p1a: Clefable
|-damage|p1a: Clefable|89/100
|-resisted|p1a: Clefable
|-damage|p1a: Clefable|82/100
|-resisted|p1a: Clefable
|-damage|p1a: Clefable|76/100
|-resisted|p1a: Clefable
|-damage|p1a: Clefable|72/100
|-resisted|p1a: Clefable
|-damage|p1a: Clefable|66/100
|-hitcount|p1a: Clefable|6
|
|-damage|p2a: Weavile|82/100 tox|[from] psn
|upkeep
|turn|3
|
|t:|1659962614
|switch|p2a: Melmetal|Melmetal|100/100
|move|p1a: Clefable|Soft-Boiled|p1a: Clefable
|-heal|p1a: Clefable|100/100
|
|upkeep
|turn|4
|
|t:|1659962619
|switch|p1a: Toxapex|Toxapex, M, shiny|83/100
|move|p2a: Melmetal|Thunder Punch|p1a: Toxapex
|-supereffective|p1a: Toxapex
|-damage|p1a: Toxapex|17/100
|
|upkeep
|turn|5
|
|t:|1659962623
|switch|p2a: Kartana|Kartana|100/100
|switch|p1a: Hippowdon|Hippowdon, M, shiny|100/100
|-weather|Sandstorm|[from] ability: Sand Stream|[of] p1a: Hippowdon
|
|-weather|Sandstorm|[upkeep]
|upkeep
|turn|6
|
|t:|1659962630
|switch|p1a: Tornadus|Tornadus-Therian, M, shiny|100/100
|move|p2a: Kartana|Knock Off|p1a: Tornadus
|-damage|p1a: Tornadus|54/100
|-enditem|p1a: Tornadus|Heavy-Duty Boots|[from] move: Knock Off|[of] p2a: Kartana
|
|-weather|Sandstorm|[upkeep]
|-damage|p1a: Tornadus|48/100|[from] Sandstorm
|upkeep
|turn|7
|
|t:|1659962633
|switch|p2a: Zapdos|Zapdos|100/100
|switch|p1a: Toxapex|Toxapex, M, shiny|51/100
|
|-weather|Sandstorm|[upkeep]
|-damage|p2a: Zapdos|94/100|[from] Sandstorm
|-damage|p1a: Toxapex|45/100|[from] Sandstorm
|upkeep
|turn|8
|
|t:|1659962638
|switch|p1a: Hippowdon|Hippowdon, M, shiny|100/100
|move|p2a: Zapdos|Hurricane|p1a: Hippowdon
|-damage|p1a: Hippowdon|55/100
|
|-weather|Sandstorm|[upkeep]
|-damage|p2a: Zapdos|88/100|[from] Sandstorm
|-heal|p1a: Hippowdon|61/100|[from] item: Leftovers
|upkeep
|turn|9
|
|t:|1659962645
|switch|p2a: Melmetal|Melmetal|100/100
|move|p1a: Hippowdon|Slack Off|p1a: Hippowdon
|-heal|p1a: Hippowdon|100/100
|
|-weather|none
|upkeep
|turn|10
|j| fBing_Feng冰葑
|
|t:|1659962648
|switch|p1a: Corviknight|Corviknight, M, shiny|100/100
|-ability|p1a: Corviknight|Pressure
|move|p2a: Melmetal|Double Iron Bash|p1a: Corviknight
|-resisted|p1a: Corviknight
|-damage|p1a: Corviknight|79/100
|-resisted|p1a: Corviknight
|-damage|p1a: Corviknight|60/100
|-hitcount|p1a: Corviknight|2
|
|-heal|p1a: Corviknight|67/100|[from] item: Leftovers
|upkeep
|turn|11
|l| fBing_Feng冰葑
|
|t:|1659962661
|switch|p2a: Volcanion|Volcanion|100/100
|move|p1a: Corviknight|Roost|p1a: Corviknight
|-heal|p1a: Corviknight|100/100
|-singleturn|p1a: Corviknight|move: Roost
|
|upkeep
|turn|12
|
|t:|1659962671
|switch|p1a: Blissey|Blissey, F|100/100
|move|p2a: Volcanion|Steam Eruption|p1a: Blissey
|-damage|p1a: Blissey|64/100
|-status|p1a: Blissey|brn
|
|-damage|p1a: Blissey|58/100 brn|[from] brn
|upkeep
|turn|13
|
|t:|1659962676
|switch|p2a: Melmetal|Melmetal|100/100
|move|p1a: Blissey|Soft-Boiled|p1a: Blissey
|-heal|p1a: Blissey|100/100 brn
|
|-damage|p1a: Blissey|94/100 brn|[from] brn
|upkeep
|turn|14
|j| cbz123
|
|t:|1659962682
|-curestatus|p1a: Blissey|brn|[from] ability: Natural Cure
|switch|p1a: Hippowdon|Hippowdon, M, shiny|100/100
|-weather|Sandstorm|[from] ability: Sand Stream|[of] p1a: Hippowdon
|move|p2a: Melmetal|Thunder Punch|p1a: Hippowdon
|-immune|p1a: Hippowdon
|
|-weather|Sandstorm|[upkeep]
|upkeep
|turn|15
|
|t:|1659962690
|switch|p2a: Kartana|Kartana|100/100
|move|p1a: Hippowdon|Stealth Rock|p2a: Kartana
|-sidestart|p2: wdzkz|move: Stealth Rock
|
|-weather|Sandstorm|[upkeep]
|upkeep
|turn|16
|n| f冰葑Bing_Feng|igiegie
|
|t:|1659962696
|switch|p1a: Toxapex|Toxapex, M, shiny|78/100
|move|p2a: Kartana|Leaf Blade|p1a: Toxapex
|-damage|p1a: Toxapex|41/100
|
|-weather|Sandstorm|[upkeep]
|-damage|p1a: Toxapex|35/100|[from] Sandstorm
|upkeep
|turn|17
|
|t:|1659962700
|switch|p1a: Corviknight|Corviknight, M, shiny|100/100
|-ability|p1a: Corviknight|Pressure
|move|p2a: Kartana|Leaf Blade|p1a: Corviknight
|-resisted|p1a: Corviknight
|-damage|p1a: Corviknight|91/100
|
|-weather|Sandstorm|[upkeep]
|-heal|p1a: Corviknight|98/100|[from] item: Leftovers
|upkeep
|turn|18
|
|t:|1659962708
|switch|p2a: Landorus|Landorus-Therian, M|100/100
|-damage|p2a: Landorus|88/100|[from] Stealth Rock
|-ability|p2a: Landorus|Intimidate|boost
|-unboost|p1a: Corviknight|atk|1
|switch|p1a: Toxapex|Toxapex, M, shiny|69/100
|
|-weather|none
|-heal|p2a: Landorus|94/100|[from] item: Leftovers
|upkeep
|turn|19
|
|t:|1659962716
|move|p2a: Landorus|Earthquake|p1a: Toxapex
|-supereffective|p1a: Toxapex
|-damage|p1a: Toxapex|7/100
|move|p1a: Toxapex|Recover|p1a: Toxapex
|-heal|p1a: Toxapex|57/100
|
|-heal|p2a: Landorus|99/100|[from] item: Leftovers
|upkeep
|turn|20
|
|t:|1659962720
|switch|p1a: Tornadus|Tornadus-Therian, M, shiny|81/100
|move|p2a: Landorus|Stealth Rock|p1a: Tornadus
|-sidestart|p1: AlIoutdragadarts|move: Stealth Rock
|
|-heal|p2a: Landorus|100/100|[from] item: Leftovers
|upkeep
|turn|21
|l|fbingfeng
|
|t:|1659962723
|move|p1a: Tornadus|Hurricane|p2a: Landorus
|-damage|p2a: Landorus|69/100
|move|p2a: Landorus|U-turn|p1a: Tornadus
|-resisted|p1a: Tornadus
|-damage|p1a: Tornadus|69/100
|
|t:|1659962728
|switch|p2a: Weavile|Weavile, F|82/100 tox|[from]move: U-turn
|-damage|p2a: Weavile|57/100 tox|[from] Stealth Rock
|-ability|p2a: Weavile|Pressure
|
|-damage|p2a: Weavile|51/100 tox|[from] psn
|upkeep
|turn|22
|
|t:|1659962733
|switch|p1a: Toxapex|Toxapex, M, shiny|90/100
|-damage|p1a: Toxapex|78/100|[from] Stealth Rock
|move|p2a: Weavile|Knock Off|p1a: Toxapex
|-damage|p1a: Toxapex|33/100
|-enditem|p1a: Toxapex|Shed Shell|[from] move: Knock Off|[of] p2a: Weavile
|
|-damage|p2a: Weavile|39/100 tox|[from] psn
|upkeep
|turn|23
|
|t:|1659962738
|move|p2a: Weavile|Knock Off|p1a: Toxapex
|-damage|p1a: Toxapex|2/100
|move|p1a: Toxapex|Recover|p1a: Toxapex
|-heal|p1a: Toxapex|52/100
|
|-damage|p2a: Weavile|21/100 tox|[from] psn
|upkeep
|turn|24
|
|t:|1659962746
|switch|p2a: Zapdos|Zapdos|88/100
|move|p1a: Toxapex|Recover|p1a: Toxapex
|-heal|p1a: Toxapex|100/100
|
|upkeep
|turn|25
|
|t:|1659962749
|switch|p1a: Hippowdon|Hippowdon, M, shiny|100/100
|-damage|p1a: Hippowdon|94/100|[from] Stealth Rock
|-weather|Sandstorm|[from] ability: Sand Stream|[of] p1a: Hippowdon
|move|p2a: Zapdos|Thunderbolt|p1a: Hippowdon
|-immune|p1a: Hippowdon
|
|-weather|Sandstorm|[upkeep]
|-damage|p2a: Zapdos|82/100|[from] Sandstorm
|-heal|p1a: Hippowdon|100/100|[from] item: Leftovers
|upkeep
|turn|26
|
|t:|1659962760
|switch|p2a: Weavile|Weavile, F|21/100 tox
|-damage|p2a: Weavile|0 fnt|[from] Stealth Rock
|faint|p2a: Weavile
|move|p1a: Hippowdon|Toxic|p2: Weavile|[notarget]
|-fail|p1a: Hippowdon
|
|-weather|Sandstorm|[upkeep]
|upkeep
|
|t:|1659962766
|switch|p2a: Volcanion|Volcanion|100/100
|-damage|p2a: Volcanion|76/100|[from] Stealth Rock
|turn|27
|
|t:|1659962769
|switch|p1a: Toxapex|Toxapex, M, shiny|100/100
|-damage|p1a: Toxapex|88/100|[from] Stealth Rock
|move|p2a: Volcanion|Steam Eruption|p1a: Toxapex
|-resisted|p1a: Toxapex
|-damage|p1a: Toxapex|49/100
|-status|p1a: Toxapex|brn
|
|-weather|Sandstorm|[upkeep]
|-damage|p2a: Volcanion|70/100|[from] Sandstorm
|-damage|p1a: Toxapex|43/100 brn|[from] Sandstorm
|-damage|p1a: Toxapex|37/100 brn|[from] brn
|upkeep
|turn|28
|
|t:|1659962773
|switch|p1a: Blissey|Blissey, F|94/100
|move|p2a: Volcanion|Steam Eruption|p1a: Blissey
|-damage|p1a: Blissey|60/100
|
|-weather|Sandstorm|[upkeep]
|-damage|p2a: Volcanion|64/100|[from] Sandstorm
|-damage|p1a: Blissey|54/100|[from] Sandstorm
|upkeep
|turn|29
|
|t:|1659962779
|switch|p2a: Melmetal|Melmetal|100/100
|-damage|p2a: Melmetal|94/100|[from] Stealth Rock
|move|p1a: Blissey|Soft-Boiled|p1a: Blissey
|-heal|p1a: Blissey|100/100
|
|-weather|none
|upkeep
|turn|30
|
|t:|1659962782
|switch|p1a: Corviknight|Corviknight, M, shiny|98/100
|-damage|p1a: Corviknight|85/100|[from] Stealth Rock
|-ability|p1a: Corviknight|Pressure
|move|p2a: Melmetal|Double Iron Bash|p1a: Corviknight
|-resisted|p1a: Corviknight
|-damage|p1a: Corviknight|66/100
|-resisted|p1a: Corviknight
|-damage|p1a: Corviknight|46/100
|-hitcount|p1a: Corviknight|2
|
|-heal|p1a: Corviknight|52/100|[from] item: Leftovers
|upkeep
|turn|31
|
|t:|1659962792
|switch|p2a: Zapdos|Zapdos|82/100
|move|p1a: Corviknight|Roost|p1a: Corviknight
|-heal|p1a: Corviknight|100/100
|-singleturn|p1a: Corviknight|move: Roost
|
|upkeep
|turn|32
|
|t:|1659962796
|switch|p2a: Volcanion|Volcanion|64/100
|-damage|p2a: Volcanion|39/100|[from] Stealth Rock
|switch|p1a: Hippowdon|Hippowdon, M, shiny|100/100
|-damage|p1a: Hippowdon|94/100|[from] Stealth Rock
|-weather|Sandstorm|[from] ability: Sand Stream|[of] p1a: Hippowdon
|
|-weather|Sandstorm|[upkeep]
|-damage|p2a: Volcanion|33/100|[from] Sandstorm
|-heal|p1a: Hippowdon|100/100|[from] item: Leftovers
|upkeep
|turn|33
|
|t:|1659962803
|switch|p1a: Blissey|Blissey, F|100/100
|move|p2a: Volcanion|Steam Eruption|p1a: Blissey
|-damage|p1a: Blissey|65/100
|
|-weather|Sandstorm|[upkeep]
|-damage|p2a: Volcanion|27/100|[from] Sandstorm
|-damage|p1a: Blissey|59/100|[from] Sandstorm
|upkeep
|turn|34
|
|t:|1659962807
|switch|p2a: Melmetal|Melmetal|94/100
|-damage|p2a: Melmetal|88/100|[from] Stealth Rock
|move|p1a: Blissey|Soft-Boiled|p1a: Blissey
|-heal|p1a: Blissey|100/100
|
|-weather|Sandstorm|[upkeep]
|-damage|p1a: Blissey|94/100|[from] Sandstorm
|upkeep
|turn|35
|
|t:|1659962818
|switch|p1a: Corviknight|Corviknight, M, shiny|100/100
|-damage|p1a: Corviknight|88/100|[from] Stealth Rock
|-ability|p1a: Corviknight|Pressure
|move|p2a: Melmetal|Ice Punch|p1a: Corviknight
|-damage|p1a: Corviknight|54/100
|
|-weather|Sandstorm|[upkeep]
|-heal|p1a: Corviknight|61/100|[from] item: Leftovers
|upkeep
|turn|36
|
|t:|1659962821
|move|p1a: Corviknight|Roost|p1a: Corviknight
|-heal|p1a: Corviknight|100/100
|-singleturn|p1a: Corviknight|move: Roost
|move|p2a: Melmetal|Ice Punch|p1a: Corviknight
|-resisted|p1a: Corviknight
|-damage|p1a: Corviknight|84/100
|
|-weather|none
|-heal|p1a: Corviknight|91/100|[from] item: Leftovers
|upkeep
|turn|37
|
|t:|1659962825
|switch|p1a: Toxapex|Toxapex, M, shiny|70/100 brn
|-damage|p1a: Toxapex|58/100 brn|[from] Stealth Rock
|switch|p2a: Zapdos|Zapdos|82/100
|
|-damage|p1a: Toxapex|52/100 brn|[from] brn
|upkeep
|turn|38
|
|t:|1659962828
|switch|p1a: Hippowdon|Hippowdon, M, shiny|100/100
|-damage|p1a: Hippowdon|94/100|[from] Stealth Rock
|-weather|Sandstorm|[from] ability: Sand Stream|[of] p1a: Hippowdon
|move|p2a: Zapdos|Hurricane|p1a: Hippowdon
|-damage|p1a: Hippowdon|48/100
|
|-weather|Sandstorm|[upkeep]
|-damage|p2a: Zapdos|76/100|[from] Sandstorm
|-heal|p1a: Hippowdon|55/100|[from] item: Leftovers
|upkeep
|turn|39
|
|t:|1659962835
|move|p2a: Zapdos|Hurricane|p1a: Hippowdon
|-damage|p1a: Hippowdon|11/100
|move|p1a: Hippowdon|Slack Off|p1a: Hippowdon
|-heal|p1a: Hippowdon|61/100
|
|-weather|Sandstorm|[upkeep]
|-damage|p2a: Zapdos|69/100|[from] Sandstorm
|-heal|p1a: Hippowdon|67/100|[from] item: Leftovers
|upkeep
|turn|40
|
|t:|1659962838
|move|p2a: Zapdos|Hurricane|p1a: Hippowdon
|-damage|p1a: Hippowdon|20/100
|move|p1a: Hippowdon|Slack Off|p1a: Hippowdon
|-heal|p1a: Hippowdon|70/100
|
|-weather|Sandstorm|[upkeep]
|-damage|p2a: Zapdos|63/100|[from] Sandstorm
|-heal|p1a: Hippowdon|76/100|[from] item: Leftovers
|upkeep
|turn|41
|
|t:|1659962842
|move|p2a: Zapdos|Hurricane|p1a: Hippowdon
|-damage|p1a: Hippowdon|33/100
|move|p1a: Hippowdon|Slack Off|p1a: Hippowdon
|-heal|p1a: Hippowdon|83/100
|
|-weather|Sandstorm|[upkeep]
|-damage|p2a: Zapdos|57/100|[from] Sandstorm
|-heal|p1a: Hippowdon|89/100|[from] item: Leftovers
|upkeep
|turn|42
|
|t:|1659962850
|switch|p2a: Melmetal|Melmetal|88/100
|-damage|p2a: Melmetal|82/100|[from] Stealth Rock
|move|p1a: Hippowdon|Earthquake|p2a: Melmetal
|-supereffective|p2a: Melmetal
|-damage|p2a: Melmetal|36/100
|
|-weather|none
|-heal|p1a: Hippowdon|95/100|[from] item: Leftovers
|upkeep
|turn|43
|
|t:|1659962858
|switch|p1a: Toxapex|Toxapex, M, shiny|85/100 brn
|-damage|p1a: Toxapex|73/100 brn|[from] Stealth Rock
|move|p2a: Melmetal|Double Iron Bash|p1a: Toxapex
|-resisted|p1a: Toxapex
|-damage|p1a: Toxapex|53/100 brn
|-resisted|p1a: Toxapex
|-damage|p1a: Toxapex|33/100 brn
|-hitcount|p1a: Toxapex|2
|
|-damage|p1a: Toxapex|27/100 brn|[from] brn
|upkeep
|turn|44
|
|t:|1659962861
|switch|p1a: Corviknight|Corviknight, M, shiny|91/100
|-damage|p1a: Corviknight|78/100|[from] Stealth Rock
|-ability|p1a: Corviknight|Pressure
|move|p2a: Melmetal|Double Iron Bash|p1a: Corviknight
|-resisted|p1a: Corviknight
|-damage|p1a: Corviknight|59/100
|-resisted|p1a: Corviknight
|-damage|p1a: Corviknight|37/100
|-hitcount|p1a: Corviknight|2
|
|-heal|p1a: Corviknight|43/100|[from] item: Leftovers
|upkeep
|turn|45
|
|t:|1659962864
|move|p1a: Corviknight|Roost|p1a: Corviknight
|-heal|p1a: Corviknight|93/100
|-singleturn|p1a: Corviknight|move: Roost
|move|p2a: Melmetal|Double Iron Bash|p1a: Corviknight
|-resisted|p1a: Corviknight
|-damage|p1a: Corviknight|71/100
|-resisted|p1a: Corviknight
|-damage|p1a: Corviknight|50/100
|-hitcount|p1a: Corviknight|2
|
|-heal|p1a: Corviknight|56/100|[from] item: Leftovers
|upkeep
|turn|46
|
|t:|1659962871
|switch|p2a: Zapdos|Zapdos|57/100
|move|p1a: Corviknight|Roost|p1a: Corviknight
|-heal|p1a: Corviknight|100/100
|-singleturn|p1a: Corviknight|move: Roost
|
|upkeep
|turn|47
|
|t:|1659962876
|switch|p1a: Blissey|Blissey, F|94/100
|move|p2a: Zapdos|Hurricane|p1a: Blissey|[miss]
|-miss|p2a: Zapdos|p1a: Blissey
|
|upkeep
|turn|48
|
|t:|1659962881
|move|p2a: Zapdos|Roost|p2a: Zapdos
|-heal|p2a: Zapdos|100/100
|-singleturn|p2a: Zapdos|move: Roost
|move|p1a: Blissey|Soft-Boiled|p1a: Blissey
|-heal|p1a: Blissey|100/100
|
|upkeep
|turn|49
|
|t:|1659962884
|move|p2a: Zapdos|Volt Switch|p1a: Blissey
|-damage|p1a: Blissey|87/100
|
|t:|1659962886
|switch|p2a: Kartana|Kartana|100/100|[from]move: Volt Switch
|-damage|p2a: Kartana|94/100|[from] Stealth Rock
|move|p1a: Blissey|Seismic Toss|p2a: Kartana
|-damage|p2a: Kartana|56/100
|
|upkeep
|turn|50
|
|t:|1659962891
|switch|p1a: Toxapex|Toxapex, M, shiny|61/100 brn
|-damage|p1a: Toxapex|48/100 brn|[from] Stealth Rock
|move|p2a: Kartana|Knock Off|p1a: Toxapex
|-damage|p1a: Toxapex|30/100 brn
|
|-damage|p1a: Toxapex|24/100 brn|[from] brn
|upkeep
|turn|51
|
|t:|1659962894
|move|p2a: Kartana|Knock Off|p1a: Toxapex
|-damage|p1a: Toxapex|6/100 brn
|move|p1a: Toxapex|Recover|p1a: Toxapex
|-heal|p1a: Toxapex|56/100 brn
|
|-damage|p1a: Toxapex|50/100 brn|[from] brn
|upkeep
|turn|52
|
|t:|1659962898
|switch|p2a: Zapdos|Zapdos|100/100
|move|p1a: Toxapex|Recover|p1a: Toxapex
|-heal|p1a: Toxapex|99/100 brn
|
|-damage|p1a: Toxapex|94/100 brn|[from] brn
|upkeep
|turn|53
|
|t:|1659962901
|switch|p1a: Hippowdon|Hippowdon, M, shiny|95/100
|-damage|p1a: Hippowdon|89/100|[from] Stealth Rock
|-weather|Sandstorm|[from] ability: Sand Stream|[of] p1a: Hippowdon
|move|p2a: Zapdos|Volt Switch|p1a: Hippowdon
|-immune|p1a: Hippowdon
|
|-weather|Sandstorm|[upkeep]
|-damage|p2a: Zapdos|94/100|[from] Sandstorm
|-heal|p1a: Hippowdon|95/100|[from] item: Leftovers
|upkeep
|turn|54
|
|t:|1659962905
|switch|p2a: Kartana|Kartana|56/100
|-damage|p2a: Kartana|50/100|[from] Stealth Rock
|move|p1a: Hippowdon|Toxic|p2a: Kartana
|-immune|p2a: Kartana
|
|-weather|Sandstorm|[upkeep]
|-heal|p1a: Hippowdon|100/100|[from] item: Leftovers
|upkeep
|turn|55
|
|t:|1659962909
|switch|p1a: Tornadus|Tornadus-Therian, M, shiny|100/100
|-damage|p1a: Tornadus|76/100|[from] Stealth Rock
|move|p2a: Kartana|Leaf Blade|p1a: Tornadus
|-resisted|p1a: Tornadus
|-damage|p1a: Tornadus|44/100
|
|-weather|Sandstorm|[upkeep]
|-damage|p1a: Tornadus|38/100|[from] Sandstorm
|upkeep
|turn|56
|
|t:|1659962913
|switch|p1a: Corviknight|Corviknight, M, shiny|100/100
|-damage|p1a: Corviknight|88/100|[from] Stealth Rock
|-ability|p1a: Corviknight|Pressure
|move|p2a: Kartana|Leaf Blade|p1a: Corviknight
|-resisted|p1a: Corviknight
|-damage|p1a: Corviknight|79/100
|
|-weather|Sandstorm|[upkeep]
|-heal|p1a: Corviknight|85/100|[from] item: Leftovers
|upkeep
|turn|57
|j| rachel19738
|
|t:|1659962926
|switch|p2a: Zapdos|Zapdos|94/100
|move|p1a: Corviknight|Defog|p2a: Zapdos
|-unboost|p2a: Zapdos|evasion|1
|-sideend|p2: wdzkz|Stealth Rock|[from] move: Defog|[of] p1a: Corviknight
|-sideend|p1: AlIoutdragadarts|Stealth Rock|[from] move: Defog|[of] p1a: Corviknight
|
|-weather|none
|-heal|p1a: Corviknight|91/100|[from] item: Leftovers
|upkeep
|turn|58
|
|t:|1659962930
|switch|p1a: Hippowdon|Hippowdon, M, shiny|100/100
|-weather|Sandstorm|[from] ability: Sand Stream|[of] p1a: Hippowdon
|move|p2a: Zapdos|Hurricane|p1a: Hippowdon
|-damage|p1a: Hippowdon|57/100
|
|-weather|Sandstorm|[upkeep]
|-damage|p2a: Zapdos|88/100|[from] Sandstorm
|-heal|p1a: Hippowdon|64/100|[from] item: Leftovers
|upkeep
|turn|59
|
|t:|1659962960
|switch|p2a: Kartana|Kartana|50/100
|move|p1a: Hippowdon|Slack Off|p1a: Hippowdon
|-heal|p1a: Hippowdon|100/100
|
|-weather|Sandstorm|[upkeep]
|upkeep
|turn|60
|
|t:|1659962971
|switch|p2a: Zapdos|Zapdos|88/100
|switch|p1a: Toxapex|Toxapex, M, shiny|100/100 brn
|
|-weather|Sandstorm|[upkeep]
|-damage|p2a: Zapdos|82/100|[from] Sandstorm
|-damage|p1a: Toxapex|95/100 brn|[from] Sandstorm
|-damage|p1a: Toxapex|89/100 brn|[from] brn
|upkeep
|turn|61
|
|t:|1659962975
|switch|p1a: Hippowdon|Hippowdon, M, shiny|100/100
|move|p2a: Zapdos|Thunderbolt|p1a: Hippowdon
|-immune|p1a: Hippowdon
|
|-weather|Sandstorm|[upkeep]
|-damage|p2a: Zapdos|76/100|[from] Sandstorm
|upkeep
|turn|62
|
|t:|1659962989
|switch|p2a: Landorus|Landorus-Therian, M|69/100
|-ability|p2a: Landorus|Intimidate|boost
|-unboost|p1a: Hippowdon|atk|1
|move|p1a: Hippowdon|Stealth Rock|p2a: Landorus
|-sidestart|p2: wdzkz|move: Stealth Rock
|
|-weather|none
|-heal|p2a: Landorus|75/100|[from] item: Leftovers
|upkeep
|turn|63
|
|t:|1659962993
|move|p2a: Landorus|Stealth Rock|p1a: Hippowdon
|-sidestart|p1: AlIoutdragadarts|move: Stealth Rock
|move|p1a: Hippowdon|Toxic|p2a: Landorus
|-status|p2a: Landorus|tox
|
|-heal|p2a: Landorus|82/100 tox|[from] item: Leftovers
|-damage|p2a: Landorus|75/100 tox|[from] psn
|upkeep
|turn|64
|
|t:|1659962996
|move|p2a: Landorus|U-turn|p1a: Hippowdon
|-damage|p1a: Hippowdon|84/100
|
|t:|1659963015
|switch|p2a: Zapdos|Zapdos|76/100|[from]move: U-turn
|move|p1a: Hippowdon|Earthquake|p2a: Zapdos
|-immune|p2a: Zapdos
|
|-heal|p1a: Hippowdon|90/100|[from] item: Leftovers
|upkeep
|turn|65
|
|t:|1659963021
|switch|p2a: Landorus|Landorus-Therian, M|75/100 tox
|-damage|p2a: Landorus|63/100 tox|[from] Stealth Rock
|-ability|p2a: Landorus|Intimidate|boost
|-unboost|p1a: Hippowdon|atk|1
|move|p1a: Hippowdon|Toxic|p2a: Landorus
|-fail|p2a: Landorus|tox
|
|-heal|p2a: Landorus|69/100 tox|[from] item: Leftovers
|-heal|p1a: Hippowdon|96/100|[from] item: Leftovers
|-damage|p2a: Landorus|63/100 tox|[from] psn
|upkeep
|turn|66
|c| rachel19738|草
|c| rachel19738|ali怎麼在玩受
|
|t:|1659963038
|switch|p1a: Clefable|Clefable, F, shiny|100/100
|move|p2a: Landorus|Defog|p1a: Clefable
|-unboost|p1a: Clefable|evasion|1
|-sideend|p1: AlIoutdragadarts|Stealth Rock|[from] move: Defog|[of] p2a: Landorus
|-sideend|p2: wdzkz|Stealth Rock|[from] move: Defog|[of] p2a: Landorus
|
|-heal|p2a: Landorus|69/100 tox|[from] item: Leftovers
|-damage|p2a: Landorus|57/100 tox|[from] psn
|upkeep
|turn|67
|j| bingoaha
|
|t:|1659963047
|switch|p1a: Corviknight|Corviknight, M, shiny|91/100
|-ability|p1a: Corviknight|Pressure
|move|p2a: Landorus|U-turn|p1a: Corviknight
|-resisted|p1a: Corviknight
|-crit|p1a: Corviknight
|-damage|p1a: Corviknight|86/100
|
|t:|1659963052
|switch|p2a: Volcanion|Volcanion|27/100|[from]move: U-turn
|
|-heal|p1a: Corviknight|92/100|[from] item: Leftovers
|upkeep
|turn|68
|
|t:|1659963057
|switch|p2a: Melmetal|Melmetal|36/100
|switch|p1a: Toxapex|Toxapex, M, shiny|100/100 brn
|
|-damage|p1a: Toxapex|95/100 brn|[from] brn
|upkeep
|turn|69
|
|t:|1659963065
|move|p2a: Melmetal|Thunder Punch|p1a: Toxapex
|-supereffective|p1a: Toxapex
|-damage|p1a: Toxapex|27/100 brn
|move|p1a: Toxapex|Knock Off|p2a: Melmetal
|-damage|p2a: Melmetal|32/100
|-enditem|p2a: Melmetal|Choice Band|[from] move: Knock Off|[of] p1a: Toxapex
|
|-damage|p1a: Toxapex|21/100 brn|[from] brn
|upkeep
|turn|70
|
|t:|1659963072
|switch|p1a: Clefable|Clefable, F, shiny|100/100
|move|p2a: Melmetal|Ice Punch|p1a: Clefable
|-damage|p1a: Clefable|68/100
|
|upkeep
|turn|71
|c| rachel19738|hhh
|j| shuoer
|
|t:|1659963088
|switch|p2a: Volcanion|Volcanion|27/100
|move|p1a: Clefable|Soft-Boiled|p1a: Clefable
|-heal|p1a: Clefable|100/100
|
|upkeep
|turn|72
|
|t:|1659963093
|switch|p1a: Blissey|Blissey, F|87/100
|move|p2a: Volcanion|Sludge Bomb|p1a: Blissey
|-damage|p1a: Blissey|68/100
|
|upkeep
|turn|73
|
|t:|1659963096
|move|p2a: Volcanion|Sludge Bomb|p1a: Blissey
|-damage|p1a: Blissey|49/100
|-status|p1a: Blissey|psn
|move|p1a: Blissey|Soft-Boiled|p1a: Blissey
|-heal|p1a: Blissey|99/100 psn
|
|-damage|p1a: Blissey|87/100 psn|[from] psn
|upkeep
|turn|74
|c| shuoer|手臂真是
|l| bingoaha
|
|t:|1659963108
|switch|p2a: Zapdos|Zapdos|76/100
|-curestatus|p1a: Blissey|psn|[from] ability: Natural Cure
|switch|p1a: Toxapex|Toxapex, M, shiny|55/100 brn
|
|-damage|p1a: Toxapex|49/100 brn|[from] brn
|upkeep
|turn|75
|
|t:|1659963117
|switch|p1a: Hippowdon|Hippowdon, M, shiny|96/100
|-weather|Sandstorm|[from] ability: Sand Stream|[of] p1a: Hippowdon
|move|p2a: Zapdos|Hurricane|p1a: Hippowdon|[miss]
|-miss|p2a: Zapdos|p1a: Hippowdon
|
|-weather|Sandstorm|[upkeep]
|-damage|p2a: Zapdos|69/100|[from] Sandstorm
|-heal|p1a: Hippowdon|100/100|[from] item: Leftovers
|upkeep
|turn|76
|
|t:|1659963132
|switch|p2a: Landorus|Landorus-Therian, M|57/100 tox
|-ability|p2a: Landorus|Intimidate|boost
|-unboost|p1a: Hippowdon|atk|1
|move|p1a: Hippowdon|Stealth Rock|p2a: Landorus
|-sidestart|p2: wdzkz|move: Stealth Rock
|
|-weather|Sandstorm|[upkeep]
|-heal|p2a: Landorus|63/100 tox|[from] item: Leftovers
|-damage|p2a: Landorus|57/100 tox|[from] psn
|upkeep
|turn|77
|
|t:|1659963137
|switch|p1a: Tornadus|Tornadus-Therian, M, shiny|71/100
|move|p2a: Landorus|Stealth Rock|p1a: Tornadus
|-sidestart|p1: AlIoutdragadarts|move: Stealth Rock
|
|-weather|Sandstorm|[upkeep]
|-damage|p1a: Tornadus|65/100|[from] Sandstorm
|-heal|p2a: Landorus|63/100 tox|[from] item: Leftovers
|-damage|p2a: Landorus|51/100 tox|[from] psn
|upkeep
|turn|78
|
|t:|1659963140
|move|p1a: Tornadus|Hurricane|p2a: Landorus
|-damage|p2a: Landorus|20/100 tox
|move|p2a: Landorus|U-turn|p1a: Tornadus
|-resisted|p1a: Tornadus
|-damage|p1a: Tornadus|53/100
|
|t:|1659963145
|switch|p2a: Zapdos|Zapdos|69/100|[from]move: U-turn
|
|-weather|Sandstorm|[upkeep]
|-damage|p1a: Tornadus|47/100|[from] Sandstorm
|-damage|p2a: Zapdos|63/100|[from] Sandstorm
|upkeep
|turn|79
|
|t:|1659963148
|move|p1a: Tornadus|Substitute|p1a: Tornadus
|-start|p1a: Tornadus|Substitute
|-damage|p1a: Tornadus|22/100
|move|p2a: Zapdos|Hurricane|p1a: Tornadus
|-end|p1a: Tornadus|Substitute
|
|-weather|none
|upkeep
|turn|80
|
|t:|1659963158
|switch|p1a: Hippowdon|Hippowdon, M, shiny|100/100
|-damage|p1a: Hippowdon|94/100|[from] Stealth Rock
|-weather|Sandstorm|[from] ability: Sand Stream|[of] p1a: Hippowdon
|move|p2a: Zapdos|Thunderbolt|p1a: Hippowdon
|-immune|p1a: Hippowdon
|
|-weather|Sandstorm|[upkeep]
|-damage|p2a: Zapdos|57/100|[from] Sandstorm
|-heal|p1a: Hippowdon|100/100|[from] item: Leftovers
|upkeep
|turn|81
|
|t:|1659963169
|move|p2a: Zapdos|Hurricane|p1a: Hippowdon
|-damage|p1a: Hippowdon|55/100
|move|p1a: Hippowdon|Earthquake|p2a: Zapdos
|-immune|p2a: Zapdos
|
|-weather|Sandstorm|[upkeep]
|-damage|p2a: Zapdos|51/100|[from] Sandstorm
|-heal|p1a: Hippowdon|61/100|[from] item: Leftovers
|upkeep
|turn|82
|
|t:|1659963175
|switch|p2a: Landorus|Landorus-Therian, M|20/100 tox
|-damage|p2a: Landorus|8/100 tox|[from] Stealth Rock
|-ability|p2a: Landorus|Intimidate|boost
|-unboost|p1a: Hippowdon|atk|1
|move|p1a: Hippowdon|Slack Off|p1a: Hippowdon
|-heal|p1a: Hippowdon|100/100
|
|-weather|Sandstorm|[upkeep]
|-heal|p2a: Landorus|14/100 tox|[from] item: Leftovers
|-damage|p2a: Landorus|8/100 tox|[from] psn
|upkeep
|turn|83
|
|t:|1659963178
|move|p2a: Landorus|Defog|p1a: Hippowdon
|-unboost|p1a: Hippowdon|evasion|1
|-sideend|p1: AlIoutdragadarts|Stealth Rock|[from] move: Defog|[of] p2a: Landorus
|-sideend|p2: wdzkz|Stealth Rock|[from] move: Defog|[of] p2a: Landorus
|move|p1a: Hippowdon|Stealth Rock|p2a: Landorus
|-sidestart|p2: wdzkz|move: Stealth Rock
|
|-weather|Sandstorm|[upkeep]
|-heal|p2a: Landorus|14/100 tox|[from] item: Leftovers
|-damage|p2a: Landorus|2/100 tox|[from] psn
|upkeep
|turn|84
|
|t:|1659963181
|move|p2a: Landorus|Defog|p1a: Hippowdon
|-unboost|p1a: Hippowdon|evasion|1
|-sideend|p2: wdzkz|Stealth Rock|[from] move: Defog|[of] p2a: Landorus
|move|p1a: Hippowdon|Stealth Rock|p2a: Landorus
|-sidestart|p2: wdzkz|move: Stealth Rock
|
|-weather|none
|-heal|p2a: Landorus|8/100 tox|[from] item: Leftovers
|-damage|p2a: Landorus|0 fnt|[from] psn
|faint|p2a: Landorus
|upkeep
|l| shuoer
|
|t:|1659963200
|switch|p2a: Kartana|Kartana|50/100
|-damage|p2a: Kartana|43/100|[from] Stealth Rock
|turn|85
|
|t:|1659963216
|switch|p1a: Toxapex|Toxapex, M, shiny|82/100 brn
|move|p2a: Kartana|Knock Off|p1a: Toxapex
|-damage|p1a: Toxapex|65/100 brn
|
|-damage|p1a: Toxapex|59/100 brn|[from] brn
|upkeep
|turn|86
|
|t:|1659963224
|switch|p2a: Zapdos|Zapdos|51/100
|move|p1a: Toxapex|Recover|p1a: Toxapex
|-heal|p1a: Toxapex|100/100 brn
|
|-damage|p1a: Toxapex|95/100 brn|[from] brn
|upkeep
|turn|87
|
|t:|1659963228
|switch|p1a: Blissey|Blissey, F|87/100
|move|p2a: Zapdos|Roost|p2a: Zapdos
|-heal|p2a: Zapdos|100/100
|-singleturn|p2a: Zapdos|move: Roost
|
|upkeep
|turn|88
|
|t:|1659963231
|move|p2a: Zapdos|Volt Switch|p1a: Blissey
|-damage|p1a: Blissey|73/100
|
|t:|1659963241
|switch|p2a: Kartana|Kartana|43/100|[from]move: Volt Switch
|-damage|p2a: Kartana|37/100|[from] Stealth Rock
|move|p1a: Blissey|Soft-Boiled|p1a: Blissey
|-heal|p1a: Blissey|100/100
|
|upkeep
|turn|89
|
|t:|1659963250
|switch|p1a: Toxapex|Toxapex, M, shiny|100/100 brn
|move|p2a: Kartana|Leaf Blade|p1a: Toxapex
|-crit|p1a: Toxapex
|-damage|p1a: Toxapex|46/100 brn
|
|-damage|p1a: Toxapex|40/100 brn|[from] brn
|upkeep
|turn|90
|
|t:|1659963257
|switch|p2a: Zapdos|Zapdos|100/100
|switch|p1a: Tornadus|Tornadus-Therian, M, shiny|55/100
|
|upkeep
|turn|91
|
|t:|1659963261
|switch|p1a: Blissey|Blissey, F|100/100
|move|p2a: Zapdos|Hurricane|p1a: Blissey
|-damage|p1a: Blissey|76/100
|-start|p1a: Blissey|confusion
|
|upkeep
|turn|92
|
|t:|1659963265
|move|p2a: Zapdos|Volt Switch|p1a: Blissey
|-damage|p1a: Blissey|61/100
|
|t:|1659963269
|switch|p2a: Kartana|Kartana|37/100|[from]move: Volt Switch
|-damage|p2a: Kartana|31/100|[from] Stealth Rock
|-activate|p1a: Blissey|confusion
|move|p1a: Blissey|Soft-Boiled|p1a: Blissey
|-heal|p1a: Blissey|100/100
|
|upkeep
|turn|93
|
|t:|1659963278
|switch|p1a: Tornadus|Tornadus-Therian, M, shiny|89/100
|move|p2a: Kartana|Leaf Blade|p1a: Tornadus
|-resisted|p1a: Tornadus
|-damage|p1a: Tornadus|60/100
|
|upkeep
|turn|94
|
|t:|1659963286
|switch|p2a: Zapdos|Zapdos|100/100
|move|p1a: Tornadus|Hurricane|p2a: Zapdos
|-resisted|p2a: Zapdos
|-damage|p2a: Zapdos|76/100
|-start|p2a: Zapdos|confusion
|
|upkeep
|turn|95
|
|t:|1659963293
|switch|p1a: Hippowdon|Hippowdon, M, shiny|100/100
|-weather|Sandstorm|[from] ability: Sand Stream|[of] p1a: Hippowdon
|-activate|p2a: Zapdos|confusion
|move|p2a: Zapdos|Hurricane|p1a: Hippowdon
|-damage|p1a: Hippowdon|53/100
|
|-weather|Sandstorm|[upkeep]
|-damage|p2a: Zapdos|70/100|[from] Sandstorm
|-heal|p1a: Hippowdon|59/100|[from] item: Leftovers
|upkeep
|turn|96
|
|t:|1659963299
|-activate|p2a: Zapdos|confusion
|-damage|p2a: Zapdos|61/100|[from] confusion
|move|p1a: Hippowdon|Slack Off|p1a: Hippowdon
|-heal|p1a: Hippowdon|100/100
|
|-weather|Sandstorm|[upkeep]
|-damage|p2a: Zapdos|55/100|[from] Sandstorm
|upkeep
|turn|97
|
|t:|1659963302
|-end|p2a: Zapdos|confusion
|move|p2a: Zapdos|Hurricane|p1a: Hippowdon
|-damage|p1a: Hippowdon|55/100
|move|p1a: Hippowdon|Toxic|p2a: Zapdos
|-status|p2a: Zapdos|tox
|
|-weather|Sandstorm|[upkeep]
|-damage|p2a: Zapdos|49/100 tox|[from] Sandstorm
|-heal|p1a: Hippowdon|61/100|[from] item: Leftovers
|-damage|p2a: Zapdos|43/100 tox|[from] psn
|upkeep
|turn|98
|
|t:|1659963309
|move|p2a: Zapdos|Hurricane|p1a: Hippowdon
|-damage|p1a: Hippowdon|16/100
|move|p1a: Hippowdon|Slack Off|p1a: Hippowdon
|-heal|p1a: Hippowdon|66/100
|
|-weather|Sandstorm|[upkeep]
|-damage|p2a: Zapdos|36/100 tox|[from] Sandstorm
|-heal|p1a: Hippowdon|72/100|[from] item: Leftovers
|-damage|p2a: Zapdos|24/100 tox|[from] psn
|upkeep
|turn|99
|
|t:|1659963314
|move|p2a: Zapdos|Hurricane|p1a: Hippowdon
|-damage|p1a: Hippowdon|25/100
|-start|p1a: Hippowdon|confusion
|-activate|p1a: Hippowdon|confusion
|move|p1a: Hippowdon|Slack Off|p1a: Hippowdon
|-heal|p1a: Hippowdon|75/100
|
|-weather|none
|-heal|p1a: Hippowdon|81/100|[from] item: Leftovers
|-damage|p2a: Zapdos|5/100 tox|[from] psn
|upkeep
|turn|100
|
|t:|1659963318
|move|p2a: Zapdos|Roost|p2a: Zapdos
|-heal|p2a: Zapdos|55/100 tox
|-singleturn|p2a: Zapdos|move: Roost
|-activate|p1a: Hippowdon|confusion
|move|p1a: Hippowdon|Slack Off|p1a: Hippowdon
|-heal|p1a: Hippowdon|100/100
|
|-damage|p2a: Zapdos|30/100 tox|[from] psn
|upkeep
|turn|101
|
|t:|1659963321
|move|p2a: Zapdos|Hurricane|p1a: Hippowdon
|-damage|p1a: Hippowdon|53/100
|-activate|p1a: Hippowdon|confusion
|move|p1a: Hippowdon|Earthquake|p2a: Zapdos
|-immune|p2a: Zapdos
|
|-heal|p1a: Hippowdon|60/100|[from] item: Leftovers
|-damage|p2a: Zapdos|0 fnt|[from] psn
|faint|p2a: Zapdos
|upkeep
|
|t:|1659963329
|switch|p2a: Kartana|Kartana|31/100
|-damage|p2a: Kartana|25/100|[from] Stealth Rock
|turn|102
|
|t:|1659963341
|move|p2a: Kartana|Leaf Blade|p1a: Hippowdon
|-supereffective|p1a: Hippowdon
|-damage|p1a: Hippowdon|0 fnt
|faint|p1a: Hippowdon
|-ability|p2a: Kartana|Beast Boost|boost
|-boost|p2a: Kartana|atk|1
|
|upkeep
|
|t:|1659963343
|switch|p1a: Corviknight|Corviknight, M, shiny|92/100
|-ability|p1a: Corviknight|Pressure
|turn|103
|
|t:|1659963346
|move|p2a: Kartana|Leaf Blade|p1a: Corviknight
|-resisted|p1a: Corviknight
|-damage|p1a: Corviknight|79/100
|move|p1a: Corviknight|Body Press|p2a: Kartana
|-supereffective|p2a: Kartana
|-damage|p2a: Kartana|0 fnt
|faint|p2a: Kartana
|
|-heal|p1a: Corviknight|85/100|[from] item: Leftovers
|upkeep
|
|t:|1659963351
|switch|p2a: Melmetal|Melmetal|32/100
|-damage|p2a: Melmetal|25/100|[from] Stealth Rock
|turn|104
|
|t:|1659963355
|move|p1a: Corviknight|Body Press|p2a: Melmetal
|-supereffective|p2a: Melmetal
|-damage|p2a: Melmetal|0 fnt
|faint|p2a: Melmetal
|
|-heal|p1a: Corviknight|91/100|[from] item: Leftovers
|upkeep
|
|t:|1659963357
|switch|p2a: Volcanion|Volcanion|27/100
|-damage|p2a: Volcanion|2/100|[from] Stealth Rock
|turn|105
|
|t:|1659963360
|move|p2a: Volcanion|Steam Eruption|p1a: Corviknight
|-damage|p1a: Corviknight|1/100
|move|p1a: Corviknight|Body Press|p2a: Volcanion
|-damage|p2a: Volcanion|0 fnt
|faint|p2a: Volcanion
|
|win|AlIoutdragadarts
|n|☆AlIoutdragadarts|alioutdragadarts
|n|☆wdzkz|wdzkz
|n| cbz123|cbz123
|n| rachel19738|rachel19738
