|uhtml|report-battle|<b>将对战链接公开到:</b> <button class="button" name="send" value="/reportto skypillar">Sky Pillar</button><button class="button" name="send" value="/reportto shinx">Shinx</button>
|j|☆yokobaby
|j|☆zerodragon123
|t:|1664798913
|gametype|singles
|player|p1|yokobaby|cynthia-masters|
|player|p2|zerodragon123|zerodragon123.jpg|
|teamsize|p1|6
|teamsize|p2|6
|gen|8
|tier|[Gen 8] OU
|rule|Sleep Clause Mod: Limit one foe put to sleep
|rule|Species Clause: Limit one of each Pokémon
|rule|OHKO Clause: OHKO moves are banned
|rule|Evasion Items Clause: Evasion items are banned
|rule|Evasion Moves Clause: Evasion moves are banned
|rule|Endless Battle Clause: Forcing endless battles is banned
|rule|HP Percentage Mod: HP is shown in percentages
|rule|Dynamax Clause: You cannot dynamax
|clearpoke
|poke|p1|Nihilego|
|poke|p1|Zapdos-Galar|
|poke|p1|Kartana|
|poke|p1|Celesteela|
|poke|p1|Garchomp, F|
|poke|p1|Tapu Fini|
|poke|p2|Zapdos|
|poke|p2|Clefable, M|
|poke|p2|Toxapex, F|
|poke|p2|Skarmory, F|
|poke|p2|Quagsire, M|
|poke|p2|Cresselia, F|
|teampreview
|inactive|Battle timer is ON: inactive players will automatically lose when time's up. (requested by yokobaby)
|j|♚yinshang
|inactive|zerodragon123 has 270 seconds left.
|
|t:|1664798951
|start
|switch|p1a: Tapu Fini|Tapu Fini|100/100
|switch|p2a: Clefable|Clefable, M|100/100
|-fieldstart|move: Misty Terrain|[from] ability: Misty Surge|[of] p1a: Tapu Fini
|turn|1
|j| SquirrelQWQ
|
|t:|1664798977
|move|p1a: Tapu Fini|Taunt|p2a: Clefable
|-start|p2a: Clefable|move: Taunt
|cant|p2a: Clefable|move: Taunt|Stealth Rock
|
|upkeep
|turn|2
|j| xing-ggggg
|
|t:|1664798983
|switch|p2a: Toxapex|Toxapex, F|100/100
|move|p1a: Tapu Fini|Calm Mind|p1a: Tapu Fini
|-boost|p1a: Tapu Fini|spa|1
|-boost|p1a: Tapu Fini|spd|1
|
|upkeep
|turn|3
|c| xing-ggggg|玲珑生气了
|
|t:|1664799001
|move|p1a: Tapu Fini|Taunt|p2a: Toxapex
|-start|p2a: Toxapex|move: Taunt
|move|p2a: Toxapex|Knock Off|p1a: Tapu Fini
|-resisted|p1a: Tapu Fini
|-crit|p1a: Tapu Fini
|-damage|p1a: Tapu Fini|92/100
|-enditem|p1a: Tapu Fini|Leftovers|[from] move: Knock Off|[of] p2a: Toxapex
|
|upkeep
|turn|4
|j| adreamew
|j| badslowking
|l| xing-ggggg
|c|♚yinshang|开受了
|j| xing-ggggg
|inactive|zerodragon123 has 270 seconds left.
|
|t:|1664799029
|switch|p1a: Garchomp|Garchomp, F|100/100
|switch|p2a: Zapdos|Zapdos|100/100
|-ability|p2a: Zapdos|Pressure
|
|upkeep
|turn|5
|l| badslowking
|inactive|zerodragon123 has 270 seconds left.
|
|t:|1664799040
|switch|p2a: Clefable|Clefable, M|100/100
|move|p1a: Garchomp|Stealth Rock|p2a: Clefable
|-sidestart|p2: zerodragon123|move: Stealth Rock
|
|-fieldend|Misty Terrain
|upkeep
|turn|6
|inactive|zerodragon123 has 270 seconds left.
|l| xing-ggggg
|
|t:|1664799060
|switch|p1a: Kartana|Kartana|100/100
|move|p2a: Clefable|Stealth Rock|p1a: Kartana
|-sidestart|p1: yokobaby|move: Stealth Rock
|
|upkeep
|turn|7
|
|t:|1664799070
|switch|p2a: Skarmory|Skarmory, F|100/100
|-damage|p2a: Skarmory|88/100|[from] Stealth Rock
|move|p1a: Kartana|Knock Off|p2a: Skarmory
|-damage|p2a: Skarmory|64/100
|-damage|p1a: Kartana|84/100|[from] item: Rocky Helmet|[of] p2a: Skarmory
|-enditem|p2a: Skarmory|Rocky Helmet|[from] move: Knock Off|[of] p1a: Kartana
|
|upkeep
|turn|8
|
|t:|1664799077
|switch|p1a: Celesteela|Celesteela|100/100
|-damage|p1a: Celesteela|88/100|[from] Stealth Rock
|move|p2a: Skarmory|Roost|p2a: Skarmory
|-heal|p2a: Skarmory|100/100
|-singleturn|p2a: Skarmory|move: Roost
|
|upkeep
|turn|9
|j| xing-ggggg
|
|t:|1664799091
|switch|p2a: Toxapex|Toxapex, F|100/100
|-damage|p2a: Toxapex|88/100|[from] Stealth Rock
|move|p1a: Celesteela|Autotomize|p1a: Celesteela
|-boost|p1a: Celesteela|spe|2
|-start|p1a: Celesteela|Autotomize
|
|upkeep
|turn|10
|
|t:|1664799096
|move|p1a: Celesteela|Air Slash|p2a: Toxapex
|-damage|p2a: Toxapex|66/100
|cant|p2a: Toxapex|flinch
|
|upkeep
|turn|11
|c| xing-ggggg|我超
|c| xing-ggggg|hax
|
|t:|1664799109
|move|p1a: Celesteela|Air Slash|p2a: Toxapex
|-damage|p2a: Toxapex|42/100
|move|p2a: Toxapex|Recover|p2a: Toxapex
|-heal|p2a: Toxapex|92/100
|
|upkeep
|turn|12
|
|t:|1664799114
|move|p1a: Celesteela|Air Slash|p2a: Toxapex
|-damage|p2a: Toxapex|70/100
|move|p2a: Toxapex|Haze|p2a: Toxapex
|-clearallboost
|
|upkeep
|turn|13
|c| xing-ggggg|还好
|
|t:|1664799118
|move|p1a: Celesteela|Air Slash|p2a: Toxapex
|-damage|p2a: Toxapex|46/100
|move|p2a: Toxapex|Recover|p2a: Toxapex
|-heal|p2a: Toxapex|96/100
|
|upkeep
|turn|14
|
|t:|1664799122
|move|p1a: Celesteela|Air Slash|p2a: Toxapex
|-damage|p2a: Toxapex|70/100
|cant|p2a: Toxapex|flinch
|
|upkeep
|turn|15
|
|t:|1664799126
|move|p1a: Celesteela|Air Slash|p2a: Toxapex
|-damage|p2a: Toxapex|44/100
|move|p2a: Toxapex|Recover|p2a: Toxapex
|-heal|p2a: Toxapex|95/100
|
|upkeep
|turn|16
|
|t:|1664799129
|move|p1a: Celesteela|Air Slash|p2a: Toxapex
|-damage|p2a: Toxapex|69/100
|cant|p2a: Toxapex|flinch
|
|upkeep
|turn|17
|
|t:|1664799133
|move|p1a: Celesteela|Air Slash|p2a: Toxapex
|-damage|p2a: Toxapex|47/100
|cant|p2a: Toxapex|flinch
|
|upkeep
|turn|18
|c| xing-ggggg|草
|
|t:|1664799142
|switch|p2a: Quagsire|Quagsire, M|100/100
|-damage|p2a: Quagsire|94/100|[from] Stealth Rock
|move|p1a: Celesteela|Meteor Beam||[still]
|-prepare|p1a: Celesteela|Meteor Beam
|-boost|p1a: Celesteela|spa|1
|-enditem|p1a: Celesteela|Power Herb
|-anim|p1a: Celesteela|Meteor Beam|p2a: Quagsire
|-resisted|p2a: Quagsire
|-damage|p2a: Quagsire|70/100
|
|-heal|p2a: Quagsire|76/100|[from] item: Leftovers
|upkeep
|turn|19
|
|t:|1664799148
|move|p1a: Celesteela|Air Slash|p2a: Quagsire
|-damage|p2a: Quagsire|30/100
|move|p2a: Quagsire|Recover|p2a: Quagsire
|-heal|p2a: Quagsire|80/100
|
|-heal|p2a: Quagsire|87/100|[from] item: Leftovers
|upkeep
|turn|20
|
|t:|1664799161
|move|p1a: Celesteela|Meteor Beam||[still]
|-prepare|p1a: Celesteela|Meteor Beam
|-boost|p1a: Celesteela|spa|1
|move|p2a: Quagsire|Haze|p2a: Quagsire
|-clearallboost
|
|-heal|p2a: Quagsire|93/100|[from] item: Leftovers
|upkeep
|turn|21
|
|t:|1664799169
|move|p1a: Celesteela|Meteor Beam|p2a: Quagsire|[from]lockedmove
|-resisted|p2a: Quagsire
|-damage|p2a: Quagsire|67/100
|move|p2a: Quagsire|Recover|p2a: Quagsire
|-heal|p2a: Quagsire|100/100
|
|upkeep
|turn|22
|
|t:|1664799173
|switch|p2a: Zapdos|Zapdos|100/100
|-ability|p2a: Zapdos|Pressure
|move|p1a: Celesteela|Air Slash|p2a: Zapdos
|-resisted|p2a: Zapdos
|-damage|p2a: Zapdos|88/100
|
|upkeep
|turn|23
|
|t:|1664799179
|switch|p1a: Nihilego|Nihilego|100/100
|-damage|p1a: Nihilego|88/100|[from] Stealth Rock
|move|p2a: Zapdos|Volt Switch|p1a: Nihilego
|-damage|p1a: Nihilego|65/100
|j| ACATM
|
|t:|1664799190
|switch|p2a: Quagsire|Quagsire, M|100/100|[from]move: Volt Switch
|-damage|p2a: Quagsire|94/100|[from] Stealth Rock
|
|-heal|p2a: Quagsire|100/100|[from] item: Leftovers
|upkeep
|turn|24
|
|t:|1664799201
|switch|p1a: Zapdos|Zapdos-Galar|100/100
|-damage|p1a: Zapdos|88/100|[from] Stealth Rock
|move|p2a: Quagsire|Earthquake|p1a: Zapdos
|-immune|p1a: Zapdos
|
|upkeep
|turn|25
|
|t:|1664799216
|switch|p2a: Zapdos|Zapdos|88/100
|-ability|p2a: Zapdos|Pressure
|move|p1a: Zapdos|U-turn|p2a: Zapdos
|-resisted|p2a: Zapdos
|-damage|p2a: Zapdos|70/100
|
|t:|1664799221
|switch|p1a: Nihilego|Nihilego|65/100|[from]move: U-turn
|-damage|p1a: Nihilego|52/100|[from] Stealth Rock
|
|upkeep
|turn|26
|
|t:|1664799226
|switch|p2a: Quagsire|Quagsire, M|100/100
|-damage|p2a: Quagsire|94/100|[from] Stealth Rock
|move|p1a: Nihilego|Meteor Beam||[still]
|-prepare|p1a: Nihilego|Meteor Beam
|-boost|p1a: Nihilego|spa|1
|-enditem|p1a: Nihilego|Power Herb
|-anim|p1a: Nihilego|Meteor Beam|p2a: Quagsire
|-resisted|p2a: Quagsire
|-damage|p2a: Quagsire|59/100
|
|-heal|p2a: Quagsire|65/100|[from] item: Leftovers
|upkeep
|turn|27
|
|t:|1664799231
|move|p1a: Nihilego|Grass Knot|p2a: Quagsire
|-supereffective|p2a: Quagsire
|-damage|p2a: Quagsire|0 fnt
|faint|p2a: Quagsire
|-ability|p1a: Nihilego|Beast Boost|boost
|-boost|p1a: Nihilego|spe|1
|
|upkeep
|j| AlIoutdragadarts
|
|t:|1664799242
|switch|p2a: Toxapex|Toxapex, F|80/100
|-damage|p2a: Toxapex|68/100|[from] Stealth Rock
|turn|28
|c| xing-ggggg|你在干嘛啊
|
|t:|1664799249
|move|p1a: Nihilego|Power Gem|p2a: Toxapex
|-damage|p2a: Toxapex|28/100
|move|p2a: Toxapex|Recover|p2a: Toxapex
|-heal|p2a: Toxapex|78/100
|
|upkeep
|turn|29
|
|t:|1664799254
|move|p1a: Nihilego|Meteor Beam||[still]
|-prepare|p1a: Nihilego|Meteor Beam
|-boost|p1a: Nihilego|spa|1
|move|p2a: Toxapex|Recover|p2a: Toxapex
|-heal|p2a: Toxapex|100/100
|
|upkeep
|turn|30
|c| xing-ggggg|有草芥的qwq
|
|t:|1664799257
|move|p1a: Nihilego|Meteor Beam|p2a: Toxapex|[from]lockedmove
|-damage|p2a: Toxapex|24/100
|move|p2a: Toxapex|Haze|p2a: Toxapex
|-clearallboost
|
|upkeep
|turn|31
|l| xing-ggggg
|
|t:|1664799281
|switch|p2a: Cresselia|Cresselia, F|100/100
|-damage|p2a: Cresselia|88/100|[from] Stealth Rock
|move|p1a: Nihilego|Meteor Beam||[still]
|-prepare|p1a: Nihilego|Meteor Beam
|-boost|p1a: Nihilego|spa|1
|
|-heal|p2a: Cresselia|94/100|[from] item: Leftovers
|upkeep
|turn|32
|
|t:|1664799288
|move|p2a: Cresselia|Protect|p2a: Cresselia
|-singleturn|p2a: Cresselia|Protect
|move|p1a: Nihilego|Meteor Beam|p2a: Cresselia|[from]lockedmove
|-activate|p2a: Cresselia|move: Protect
|
|-heal|p2a: Cresselia|99/100|[from] item: Leftovers
|upkeep
|turn|33
|inactive|zerodragon123 has 270 seconds left.
|j|%Separation
|
|t:|1664799329
|move|p1a: Nihilego|Meteor Beam||[still]
|-prepare|p1a: Nihilego|Meteor Beam
|-boost|p1a: Nihilego|spa|1
|move|p2a: Cresselia|Ice Beam|p1a: Nihilego
|-damage|p1a: Nihilego|39/100
|
|-heal|p2a: Cresselia|100/100|[from] item: Leftovers
|upkeep
|turn|34
|j| xing-ggggg
|
|t:|1664799336
|move|p2a: Cresselia|Protect|p2a: Cresselia
|-singleturn|p2a: Cresselia|Protect
|move|p1a: Nihilego|Meteor Beam|p2a: Cresselia|[from]lockedmove
|-activate|p2a: Cresselia|move: Protect
|
|upkeep
|turn|35
|
|t:|1664799347
|move|p1a: Nihilego|Sludge Wave|p2a: Cresselia
|-damage|p2a: Cresselia|59/100
|-status|p2a: Cresselia|psn
|move|p2a: Cresselia|Ice Beam|p1a: Nihilego
|-damage|p1a: Nihilego|26/100
|
|-heal|p2a: Cresselia|65/100 psn|[from] item: Leftovers
|-damage|p2a: Cresselia|52/100 psn|[from] psn
|upkeep
|turn|36
|c| xing-ggggg|草
|c| xing-ggggg|中毒
|inactive|zerodragon123 has 270 seconds left.
|
|t:|1664799357
|move|p1a: Nihilego|Meteor Beam||[still]
|-prepare|p1a: Nihilego|Meteor Beam
|-boost|p1a: Nihilego|spa|1
|move|p2a: Cresselia|Moonlight|p2a: Cresselia
|-heal|p2a: Cresselia|100/100 psn
|
|-damage|p2a: Cresselia|88/100 psn|[from] psn
|upkeep
|turn|37
|
|t:|1664799362
|move|p2a: Cresselia|Protect|p2a: Cresselia
|-singleturn|p2a: Cresselia|Protect
|move|p1a: Nihilego|Meteor Beam|p2a: Cresselia|[from]lockedmove
|-activate|p2a: Cresselia|move: Protect
|
|-heal|p2a: Cresselia|94/100 psn|[from] item: Leftovers
|-damage|p2a: Cresselia|82/100 psn|[from] psn
|upkeep
|turn|38
|
|t:|1664799373
|move|p1a: Nihilego|Sludge Wave|p2a: Cresselia
|-damage|p2a: Cresselia|26/100 psn
|move|p2a: Cresselia|Ice Beam|p1a: Nihilego
|-damage|p1a: Nihilego|15/100
|
|-heal|p2a: Cresselia|32/100 psn|[from] item: Leftovers
|-damage|p2a: Cresselia|20/100 psn|[from] psn
|upkeep
|turn|39
|
|t:|1664799382
|move|p1a: Nihilego|Power Gem|p2a: Cresselia
|-damage|p2a: Cresselia|0 fnt
|faint|p2a: Cresselia
|-ability|p1a: Nihilego|Beast Boost|boost
|-boost|p1a: Nihilego|spe|1
|
|upkeep
|
|t:|1664799387
|switch|p2a: Toxapex|Toxapex, F|58/100
|-damage|p2a: Toxapex|45/100|[from] Stealth Rock
|turn|40
|j| badslowking
|c| xing-ggggg|觉寄
|
|t:|1664799406
|switch|p2a: Zapdos|Zapdos|70/100
|-ability|p2a: Zapdos|Pressure
|move|p1a: Nihilego|Power Gem|p2a: Zapdos
|-supereffective|p2a: Zapdos
|-damage|p2a: Zapdos|0 fnt
|faint|p2a: Zapdos
|-ability|p1a: Nihilego|Beast Boost|boost
|-boost|p1a: Nihilego|spe|1
|
|upkeep
|
|t:|1664799408
|switch|p2a: Toxapex|Toxapex, F|79/100
|-damage|p2a: Toxapex|67/100|[from] Stealth Rock
|turn|41
|
|t:|1664799412
|move|p1a: Nihilego|Power Gem|p2a: Toxapex
|-damage|p2a: Toxapex|9/100
|move|p2a: Toxapex|Knock Off|p1a: Nihilego
|-damage|p1a: Nihilego|0 fnt
|faint|p1a: Nihilego
|
|upkeep
|
|t:|1664799418
|switch|p1a: Celesteela|Celesteela|88/100
|-damage|p1a: Celesteela|76/100|[from] Stealth Rock
|turn|42
|l| xing-ggggg
|j| xing-ggggg
|
|t:|1664799428
|switch|p2a: Skarmory|Skarmory, F|100/100
|-damage|p2a: Skarmory|88/100|[from] Stealth Rock
|move|p1a: Celesteela|Meteor Beam||[still]
|-prepare|p1a: Celesteela|Meteor Beam
|-boost|p1a: Celesteela|spa|1
|
|upkeep
|turn|43
|
|t:|1664799445
|move|p1a: Celesteela|Meteor Beam|p2a: Skarmory|[from]lockedmove
|-damage|p2a: Skarmory|1/100
|move|p2a: Skarmory|Body Press|p1a: Celesteela
|-damage|p1a: Celesteela|42/100
|
|upkeep
|turn|44
|j| Abyss_Eligh
|
|t:|1664799453
|move|p1a: Celesteela|Flamethrower|p2a: Skarmory
|-supereffective|p2a: Skarmory
|-damage|p2a: Skarmory|0 fnt
|faint|p2a: Skarmory
|-ability|p1a: Celesteela|Beast Boost|boost
|-boost|p1a: Celesteela|spa|1
|
|upkeep
|
|t:|1664799454
|switch|p2a: Toxapex|Toxapex, F|42/100
|-damage|p2a: Toxapex|30/100|[from] Stealth Rock
|turn|45
|
|t:|1664799457
|switch|p2a: Clefable|Clefable, M|100/100
|move|p1a: Celesteela|Air Slash|p2a: Clefable
|-damage|p2a: Clefable|49/100
|
|upkeep
|turn|46
|
|t:|1664799461
|move|p1a: Celesteela|Air Slash|p2a: Clefable
|-damage|p2a: Clefable|0 fnt
|faint|p2a: Clefable
|-ability|p1a: Celesteela|Beast Boost|boost
|-boost|p1a: Celesteela|spa|1
|
|upkeep
|
|t:|1664799462
|switch|p2a: Toxapex|Toxapex, F|63/100
|-damage|p2a: Toxapex|51/100|[from] Stealth Rock
|turn|47
|
|t:|1664799464
|move|p1a: Celesteela|Air Slash|p2a: Toxapex
|-damage|p2a: Toxapex|0 fnt
|faint|p2a: Toxapex
|
|win|yokobaby
|c|♚yinshang|芜湖
|l|%Separation
|l| badslowking
|l| xing-ggggg
|l| ACATM
|l|yokobaby
|l| SquirrelQWQ
|l|☆zerodragon123
|j|☆yokobaby
|player|p1|yokobaby|cynthia-masters
|l| Abyss_Eligh
|l| adreamew
