|j|☆WenFeiv20
|j|☆Swordsman.N
|t:|1616756665
|player|p1|WenFeiv20|lady-gen4|
|player|p2|Swordsman.N|249|
|teamsize|p1|6
|teamsize|p2|6
|gametype|singles
|gen|8
|tier|[Gen 8] OU
|clearpoke
|poke|p1|Victini|
|poke|p1|Ferrothorn, M|
|poke|p1|Mandibuzz, F|
|poke|p1|Garchomp, F|
|poke|p1|Tapu Koko|
|poke|p1|Slowking, F|
|poke|p2|Skarmory, M|
|poke|p2|Tyranitar, F|
|poke|p2|Clefable, M|
|poke|p2|Garchomp, F|
|poke|p2|Toxapex, M|
|poke|p2|Excadrill, M|
|rule|Sleep Clause Mod: Limit one foe put to sleep
|rule|Species Clause: Limit one of each Pokémon
|rule|OHKO Clause: OHKO moves are banned
|rule|Evasion Moves Clause: Evasion moves are banned
|rule|Endless Battle Clause: Forcing endless battles is banned
|rule|HP Percentage Mod: HP is shown in percentages
|rule|Dynamax Clause: You cannot dynamax
|teampreview
|c|☆WenFeiv20|hf
|
|t:|1616756691
|start
|switch|p1a: Garchomp|Garchomp, F|100/100
|switch|p2a: Garchomp|Garchomp, F|100/100
|turn|1
|c|☆Swordsman.N|u2
|
|t:|1616756712
|move|p2a: Garchomp|Scale Shot|p1a: Garchomp
|-supereffective|p1a: Garchomp
|-damage|p1a: Garchomp|85/100
|-supereffective|p1a: Garchomp
|-damage|p1a: Garchomp|69/100
|-hitcount|p1a: Garchomp|2
|-unboost|p2a: Garchomp|def|1
|-boost|p2a: Garchomp|spe|1
|move|p1a: Garchomp|Toxic|p2a: Garchomp
|-status|p2a: Garchomp|tox
|
|-heal|p1a: Garchomp|75/100|[from] item: Leftovers
|-damage|p2a: Garchomp|94/100 tox|[from] psn
|upkeep
|turn|2
|
|t:|1616756726
|switch|p2a: Skarmory|Skarmory, M|100/100
|switch|p1a: Mandibuzz|Mandibuzz, F|100/100
|
|upkeep
|turn|3
|
|t:|1616756739
|switch|p1a: Ferrothorn|Ferrothorn, M|100/100
|move|p2a: Skarmory|Spikes|p1a: Ferrothorn
|-sidestart|p1: WenFeiv20|Spikes
|
|upkeep
|turn|4
|
|t:|1616756745
|move|p2a: Skarmory|Body Press|p1a: Ferrothorn
|-supereffective|p1a: Ferrothorn
|-damage|p1a: Ferrothorn|59/100
|-damage|p2a: Skarmory|88/100|[from] ability: Iron Barbs|[of] p1a: Ferrothorn
|move|p1a: Ferrothorn|Spikes|p2a: Skarmory
|-sidestart|p2: Swordsman.N|Spikes
|
|-heal|p1a: Ferrothorn|65/100|[from] item: Leftovers
|upkeep
|turn|5
|
|t:|1616756753
|move|p2a: Skarmory|Body Press|p1a: Ferrothorn
|-supereffective|p1a: Ferrothorn
|-damage|p1a: Ferrothorn|19/100
|-damage|p2a: Skarmory|76/100|[from] ability: Iron Barbs|[of] p1a: Ferrothorn
|move|p1a: Ferrothorn|Leech Seed|p2a: Skarmory
|-start|p2a: Skarmory|move: Leech Seed
|
|-heal|p1a: Ferrothorn|25/100|[from] item: Leftovers
|-damage|p2a: Skarmory|64/100|[from] Leech Seed|[of] p1a: Ferrothorn
|-heal|p1a: Ferrothorn|37/100|[silent]
|upkeep
|turn|6
|
|t:|1616756770
|switch|p2a: Toxapex|Toxapex, M|100/100
|-damage|p2a: Toxapex|88/100|[from] Spikes
|switch|p1a: Garchomp|Garchomp, F|75/100
|-damage|p1a: Garchomp|63/100|[from] Spikes
|
|-heal|p1a: Garchomp|69/100|[from] item: Leftovers
|-heal|p2a: Toxapex|94/100|[from] item: Leftovers
|upkeep
|turn|7
|
|t:|1616756781
|move|p1a: Garchomp|Stealth Rock|p2a: Toxapex
|-sidestart|p2: Swordsman.N|move: Stealth Rock
|move|p2a: Toxapex|Knock Off|p1a: Garchomp
|-damage|p1a: Garchomp|60/100
|-damage|p2a: Toxapex|82/100|[from] ability: Rough Skin|[of] p1a: Garchomp
|-enditem|p1a: Garchomp|Leftovers|[from] move: Knock Off|[of] p2a: Toxapex
|
|-heal|p2a: Toxapex|88/100|[from] item: Leftovers
|upkeep
|turn|8
|
|t:|1616756799
|move|p2a: Toxapex|Scald|p1a: Garchomp
|-damage|p1a: Garchomp|44/100
|move|p1a: Garchomp|Roar|p2a: Toxapex
|drag|p2a: Skarmory|Skarmory, M|64/100
|-damage|p2a: Skarmory|51/100|[from] Stealth Rock
|
|upkeep
|turn|9
|
|t:|1616756811
|switch|p1a: Slowking|Slowking, F|100/100
|move|p2a: Skarmory|Roost|p2a: Skarmory
|-heal|p2a: Skarmory|100/100
|-singleturn|p2a: Skarmory|move: Roost
|
|upkeep
|turn|10
|
|t:|1616756817
|move|p2a: Skarmory|Toxic|p1a: Slowking
|-status|p1a: Slowking|tox
|move|p1a: Slowking|Future Sight|p2a: Skarmory
|-start|p1a: Slowking|move: Future Sight
|
|-damage|p1a: Slowking|94/100 tox|[from] psn
|upkeep
|turn|11
|
|t:|1616756837
|switch|p2a: Clefable|Clefable, M|100/100
|move|p1a: Slowking|Teleport|p1a: Slowking
|
|t:|1616756842
|switch|p1a: Victini|Victini|100/100|[from]move: Teleport
|-damage|p1a: Victini|88/100|[from] Spikes
|
|upkeep
|turn|12
|
|t:|1616756847
|switch|p2a: Tyranitar|Tyranitar, F|100/100
|-damage|p2a: Tyranitar|88/100|[from] Spikes
|-damage|p2a: Tyranitar|76/100|[from] Stealth Rock
|-weather|Sandstorm|[from] ability: Sand Stream|[of] p2a: Tyranitar
|move|p1a: Victini|V-create|p2a: Tyranitar
|-resisted|p2a: Tyranitar
|-damage|p2a: Tyranitar|30/100
|-unboost|p1a: Victini|spe|1
|-unboost|p1a: Victini|def|1
|-unboost|p1a: Victini|spd|1
|
|-weather|Sandstorm|[upkeep]
|-damage|p1a: Victini|82/100|[from] Sandstorm
|-end|p2a: Tyranitar|move: Future Sight
|-immune|p2a: Tyranitar
|-heal|p2a: Tyranitar|36/100|[from] item: Leftovers
|upkeep
|turn|13
|
|t:|1616756866
|switch|p2a: Toxapex|Toxapex, M|100/100
|-damage|p2a: Toxapex|88/100|[from] Stealth Rock
|-damage|p2a: Toxapex|75/100|[from] Spikes
|move|p1a: Victini|V-create|p2a: Toxapex
|-resisted|p2a: Toxapex
|-damage|p2a: Toxapex|37/100
|-unboost|p1a: Victini|spe|1
|-unboost|p1a: Victini|def|1
|-unboost|p1a: Victini|spd|1
|
|-weather|Sandstorm|[upkeep]
|-damage|p1a: Victini|76/100|[from] Sandstorm
|-damage|p2a: Toxapex|31/100|[from] Sandstorm
|-heal|p2a: Toxapex|37/100|[from] item: Leftovers
|upkeep
|turn|14
|
|t:|1616756886
|switch|p1a: Tapu Koko|Tapu Koko|100/100
|-fieldstart|move: Electric Terrain|[from] ability: Electric Surge|[of] p1a: Tapu Koko
|switch|p2a: Garchomp|Garchomp, F|94/100 tox
|-damage|p2a: Garchomp|88/100 tox|[from] Stealth Rock
|-damage|p2a: Garchomp|76/100 tox|[from] Spikes
|
|-weather|Sandstorm|[upkeep]
|-damage|p1a: Tapu Koko|94/100|[from] Sandstorm
|-heal|p2a: Garchomp|82/100 tox|[from] item: Leftovers
|-damage|p2a: Garchomp|76/100 tox|[from] psn
|upkeep
|turn|15
|
|t:|1616756905
|switch|p2a: Excadrill|Excadrill, M|100/100
|-damage|p2a: Excadrill|88/100|[from] Spikes
|-damage|p2a: Excadrill|85/100|[from] Stealth Rock
|move|p1a: Tapu Koko|U-turn|p2a: Excadrill
|-resisted|p2a: Excadrill
|-damage|p2a: Excadrill|74/100
|
|t:|1616756910
|switch|p1a: Mandibuzz|Mandibuzz, F|100/100|[from]move: U-turn
|
|-weather|Sandstorm|[upkeep]
|-heal|p2a: Excadrill|81/100|[from] item: Leftovers
|upkeep
|turn|16
|
|t:|1616756920
|switch|p2a: Toxapex|Toxapex, M|71/100
|-damage|p2a: Toxapex|58/100|[from] Stealth Rock
|-damage|p2a: Toxapex|46/100|[from] Spikes
|move|p1a: Mandibuzz|Foul Play|p2a: Toxapex
|-damage|p2a: Toxapex|33/100
|
|-weather|none
|-heal|p2a: Toxapex|39/100|[from] item: Leftovers
|upkeep
|turn|17
|
|t:|1616756929
|move|p1a: Mandibuzz|U-turn|p2a: Toxapex
|-resisted|p2a: Toxapex
|-damage|p2a: Toxapex|36/100
|
|t:|1616756933
|switch|p1a: Slowking|Slowking, F|100/100 tox|[from]move: U-turn
|move|p2a: Toxapex|Recover|p2a: Toxapex
|-heal|p2a: Toxapex|86/100
|
|-heal|p2a: Toxapex|92/100|[from] item: Leftovers
|-damage|p1a: Slowking|94/100 tox|[from] psn
|upkeep
|turn|18
|j| XPSH
|
|t:|1616756945
|move|p1a: Slowking|Future Sight|p2a: Toxapex
|-start|p1a: Slowking|move: Future Sight
|move|p2a: Toxapex|Knock Off|p1a: Slowking
|-supereffective|p1a: Slowking
|-damage|p1a: Slowking|73/100 tox
|-enditem|p1a: Slowking|Heavy-Duty Boots|[from] move: Knock Off|[of] p2a: Toxapex
|
|-heal|p2a: Toxapex|98/100|[from] item: Leftovers
|-damage|p1a: Slowking|61/100 tox|[from] psn
|-fieldend|move: Electric Terrain
|upkeep
|turn|19
|
|t:|1616756953
|move|p2a: Toxapex|Toxic Spikes|p1a: Slowking
|-sidestart|p1: WenFeiv20|move: Toxic Spikes
|move|p1a: Slowking|Teleport|p1a: Slowking
|
|t:|1616756960
|switch|p1a: Tapu Koko|Tapu Koko|94/100|[from]move: Teleport
|-fieldstart|move: Electric Terrain|[from] ability: Electric Surge|[of] p1a: Tapu Koko
|
|-heal|p2a: Toxapex|100/100|[from] item: Leftovers
|upkeep
|turn|20
|
|t:|1616756971
|switch|p2a: Excadrill|Excadrill, M|81/100
|-damage|p2a: Excadrill|78/100|[from] Stealth Rock
|-damage|p2a: Excadrill|65/100|[from] Spikes
|move|p1a: Tapu Koko|Thunderbolt|p2a: Excadrill
|-immune|p2a: Excadrill
|
|-end|p2a: Excadrill|move: Future Sight
|-resisted|p2a: Excadrill
|-damage|p2a: Excadrill|36/100
|-heal|p2a: Excadrill|42/100|[from] item: Leftovers
|upkeep
|turn|21
|
|t:|1616756981
|move|p1a: Tapu Koko|U-turn|p2a: Excadrill
|-resisted|p2a: Excadrill
|-damage|p2a: Excadrill|30/100
|
|t:|1616756986
|switch|p1a: Mandibuzz|Mandibuzz, F|100/100|[from]move: U-turn
|move|p2a: Excadrill|Rapid Spin|p1a: Mandibuzz
|-damage|p1a: Mandibuzz|89/100
|-boost|p2a: Excadrill|spe|1
|-sideend|p2: Swordsman.N|Spikes|[from] move: Rapid Spin|[of] p2a: Excadrill
|-sideend|p2: Swordsman.N|Stealth Rock|[from] move: Rapid Spin|[of] p2a: Excadrill
|
|-heal|p2a: Excadrill|36/100|[from] item: Leftovers
|upkeep
|turn|22
|
|t:|1616757004
|switch|p2a: Clefable|Clefable, M|100/100
|move|p1a: Mandibuzz|Defog|p2a: Clefable
|-unboost|p2a: Clefable|evasion|1
|-sideend|p1: WenFeiv20|Spikes|[from] move: Defog|[of] p1a: Mandibuzz
|-sideend|p1: WenFeiv20|Toxic Spikes|[from] move: Defog|[of] p1a: Mandibuzz
|-fieldend|move: Electric Terrain
|
|upkeep
|turn|23
|
|t:|1616757013
|switch|p1a: Slowking|Slowking, F|94/100 tox
|move|p2a: Clefable|Calm Mind|p2a: Clefable
|-boost|p2a: Clefable|spa|1
|-boost|p2a: Clefable|spd|1
|
|-damage|p1a: Slowking|88/100 tox|[from] psn
|upkeep
|turn|24
|
|t:|1616757020
|move|p2a: Clefable|Thunder|p1a: Slowking
|-supereffective|p1a: Slowking
|-damage|p1a: Slowking|34/100 tox
|move|p1a: Slowking|Future Sight|p2a: Clefable
|-start|p1a: Slowking|move: Future Sight
|
|-damage|p1a: Slowking|22/100 tox|[from] psn
|upkeep
|turn|25
|
|t:|1616757030
|switch|p1a: Garchomp|Garchomp, F|44/100
|move|p2a: Clefable|Moonblast|p1a: Garchomp
|-supereffective|p1a: Garchomp
|-crit|p1a: Garchomp
|-damage|p1a: Garchomp|0 fnt
|faint|p1a: Garchomp
|
|upkeep
|
|t:|1616757032
|switch|p1a: Victini|Victini|76/100
|turn|26
|j| ghost888
|
|t:|1616757054
|switch|p2a: Garchomp|Garchomp, F|76/100 tox
|move|p1a: Victini|Bolt Strike|p2a: Garchomp
|-immune|p2a: Garchomp
|
|-end|p2a: Garchomp|move: Future Sight
|-damage|p2a: Garchomp|29/100 tox
|-heal|p2a: Garchomp|36/100 tox|[from] item: Leftovers
|-damage|p2a: Garchomp|29/100 tox|[from] psn
|upkeep
|turn|27
|l| XPSH
|
|t:|1616757063
|switch|p2a: Tyranitar|Tyranitar, F|36/100
|-weather|Sandstorm|[from] ability: Sand Stream|[of] p2a: Tyranitar
|switch|p1a: Mandibuzz|Mandibuzz, F|89/100
|
|-weather|Sandstorm|[upkeep]
|-heal|p2a: Tyranitar|42/100|[from] item: Leftovers
|upkeep
|turn|28
|
|t:|1616757073
|move|p1a: Mandibuzz|U-turn|p2a: Tyranitar
|-supereffective|p2a: Tyranitar
|-damage|p2a: Tyranitar|24/100
|
|t:|1616757077
|switch|p1a: Ferrothorn|Ferrothorn, M|37/100|[from]move: U-turn
|move|p2a: Tyranitar|Stealth Rock|p1a: Ferrothorn
|-sidestart|p1: WenFeiv20|move: Stealth Rock
|
|-weather|Sandstorm|[upkeep]
|-heal|p2a: Tyranitar|30/100|[from] item: Leftovers
|-heal|p1a: Ferrothorn|43/100|[from] item: Leftovers
|upkeep
|turn|29
|l| ghost888
|
|t:|1616757085
|switch|p2a: Clefable|Clefable, M|100/100
|move|p1a: Ferrothorn|Knock Off|p2a: Clefable
|-resisted|p2a: Clefable
|-damage|p2a: Clefable|93/100
|-enditem|p2a: Clefable|Leftovers|[from] move: Knock Off|[of] p1a: Ferrothorn
|
|-weather|Sandstorm|[upkeep]
|-heal|p1a: Ferrothorn|50/100|[from] item: Leftovers
|upkeep
|turn|30
|
|t:|1616757094
|move|p2a: Clefable|Calm Mind|p2a: Clefable
|-boost|p2a: Clefable|spa|1
|-boost|p2a: Clefable|spd|1
|move|p1a: Ferrothorn|Gyro Ball|p2a: Clefable
|-supereffective|p2a: Clefable
|-damage|p2a: Clefable|43/100
|
|-weather|Sandstorm|[upkeep]
|-heal|p1a: Ferrothorn|56/100|[from] item: Leftovers
|upkeep
|turn|31
|
|t:|1616757101
|move|p2a: Clefable|Soft-Boiled|p2a: Clefable
|-heal|p2a: Clefable|93/100
|move|p1a: Ferrothorn|Gyro Ball|p2a: Clefable
|-supereffective|p2a: Clefable
|-damage|p2a: Clefable|40/100
|
|-weather|none
|-heal|p1a: Ferrothorn|62/100|[from] item: Leftovers
|upkeep
|turn|32
|
|t:|1616757108
|move|p2a: Clefable|Soft-Boiled|p2a: Clefable
|-heal|p2a: Clefable|90/100
|move|p1a: Ferrothorn|Gyro Ball|p2a: Clefable
|-supereffective|p2a: Clefable
|-damage|p2a: Clefable|34/100
|
|-heal|p1a: Ferrothorn|68/100|[from] item: Leftovers
|upkeep
|turn|33
|
|t:|1616757115
|move|p2a: Clefable|Soft-Boiled|p2a: Clefable
|-heal|p2a: Clefable|84/100
|move|p1a: Ferrothorn|Gyro Ball|p2a: Clefable
|-supereffective|p2a: Clefable
|-damage|p2a: Clefable|36/100
|
|-heal|p1a: Ferrothorn|75/100|[from] item: Leftovers
|upkeep
|turn|34
|
|t:|1616757121
|move|p2a: Clefable|Soft-Boiled|p2a: Clefable
|-heal|p2a: Clefable|86/100
|move|p1a: Ferrothorn|Gyro Ball|p2a: Clefable
|-supereffective|p2a: Clefable
|-damage|p2a: Clefable|30/100
|
|-heal|p1a: Ferrothorn|81/100|[from] item: Leftovers
|upkeep
|turn|35
|
|t:|1616757128
|move|p2a: Clefable|Soft-Boiled|p2a: Clefable
|-heal|p2a: Clefable|80/100
|move|p1a: Ferrothorn|Gyro Ball|p2a: Clefable
|-supereffective|p2a: Clefable
|-damage|p2a: Clefable|32/100
|
|-heal|p1a: Ferrothorn|87/100|[from] item: Leftovers
|upkeep
|turn|36
|
|t:|1616757134
|move|p2a: Clefable|Soft-Boiled|p2a: Clefable
|-heal|p2a: Clefable|82/100
|move|p1a: Ferrothorn|Gyro Ball|p2a: Clefable
|-supereffective|p2a: Clefable
|-damage|p2a: Clefable|33/100
|
|-heal|p1a: Ferrothorn|93/100|[from] item: Leftovers
|upkeep
|turn|37
|
|t:|1616757141
|switch|p1a: Victini|Victini|76/100
|-damage|p1a: Victini|51/100|[from] Stealth Rock
|move|p2a: Clefable|Soft-Boiled|p2a: Clefable
|-heal|p2a: Clefable|83/100
|
|upkeep
|turn|38
|
|t:|1616757154
|switch|p2a: Toxapex|Toxapex, M|100/100
|move|p1a: Victini|V-create|p2a: Toxapex
|-resisted|p2a: Toxapex
|-damage|p2a: Toxapex|66/100
|-unboost|p1a: Victini|spe|1
|-unboost|p1a: Victini|def|1
|-unboost|p1a: Victini|spd|1
|
|-heal|p2a: Toxapex|72/100|[from] item: Leftovers
|upkeep
|turn|39
|
|t:|1616757174
|switch|p1a: Slowking|Slowking, F|55/100 tox
|-damage|p1a: Slowking|43/100 tox|[from] Stealth Rock
|switch|p2a: Tyranitar|Tyranitar, F|30/100
|-weather|Sandstorm|[from] ability: Sand Stream|[of] p2a: Tyranitar
|
|-weather|Sandstorm|[upkeep]
|-damage|p1a: Slowking|37/100 tox|[from] Sandstorm
|-heal|p2a: Tyranitar|36/100|[from] item: Leftovers
|-damage|p1a: Slowking|31/100 tox|[from] psn
|upkeep
|turn|40
|
|t:|1616757189
|move|p2a: Tyranitar|Thunder Wave|p1a: Slowking|[miss]
|-miss|p2a: Tyranitar|p1a: Slowking
|move|p1a: Slowking|Teleport|p1a: Slowking
|
|t:|1616757199
|switch|p1a: Mandibuzz|Mandibuzz, F|89/100|[from]move: Teleport
|
|-weather|Sandstorm|[upkeep]
|-heal|p2a: Tyranitar|43/100|[from] item: Leftovers
|upkeep
|turn|41
|
|t:|1616757206
|move|p1a: Mandibuzz|Defog|p2a: Tyranitar
|-unboost|p2a: Tyranitar|evasion|1
|-sideend|p1: WenFeiv20|Stealth Rock|[from] move: Defog|[of] p1a: Mandibuzz
|move|p2a: Tyranitar|Thunder Wave|p1a: Mandibuzz
|-status|p1a: Mandibuzz|par
|
|-weather|Sandstorm|[upkeep]
|-heal|p2a: Tyranitar|49/100|[from] item: Leftovers
|upkeep
|turn|42
|
|t:|1616757213
|move|p2a: Tyranitar|Rock Blast|p1a: Mandibuzz
|-supereffective|p1a: Mandibuzz
|-damage|p1a: Mandibuzz|75/100 par
|-supereffective|p1a: Mandibuzz
|-damage|p1a: Mandibuzz|61/100 par
|-hitcount|p1a: Mandibuzz|2
|cant|p1a: Mandibuzz|par
|
|-weather|Sandstorm|[upkeep]
|-heal|p2a: Tyranitar|55/100|[from] item: Leftovers
|upkeep
|turn|43
|
|t:|1616757221
|move|p2a: Tyranitar|Stealth Rock|p1a: Mandibuzz
|-sidestart|p1: WenFeiv20|move: Stealth Rock
|cant|p1a: Mandibuzz|par
|
|-weather|none
|-heal|p2a: Tyranitar|61/100|[from] item: Leftovers
|upkeep
|turn|44
|
|t:|1616757229
|move|p2a: Tyranitar|Rock Blast|p1a: Mandibuzz
|-supereffective|p1a: Mandibuzz
|-damage|p1a: Mandibuzz|47/100 par
|-supereffective|p1a: Mandibuzz
|-crit|p1a: Mandibuzz
|-damage|p1a: Mandibuzz|24/100 par
|-supereffective|p1a: Mandibuzz
|-damage|p1a: Mandibuzz|11/100 par
|-hitcount|p1a: Mandibuzz|3
|move|p1a: Mandibuzz|Defog|p2a: Tyranitar
|-unboost|p2a: Tyranitar|evasion|1
|-sideend|p1: WenFeiv20|Stealth Rock|[from] move: Defog|[of] p1a: Mandibuzz
|
|-heal|p2a: Tyranitar|68/100|[from] item: Leftovers
|upkeep
|turn|45
|
|t:|1616757243
|move|p2a: Tyranitar|Stealth Rock|p1a: Mandibuzz
|-sidestart|p1: WenFeiv20|move: Stealth Rock
|move|p1a: Mandibuzz|Roost|p1a: Mandibuzz
|-heal|p1a: Mandibuzz|61/100 par
|-singleturn|p1a: Mandibuzz|move: Roost
|
|-heal|p2a: Tyranitar|74/100|[from] item: Leftovers
|upkeep
|turn|46
|
|t:|1616757249
|move|p2a: Tyranitar|Rock Blast|p1a: Mandibuzz
|-supereffective|p1a: Mandibuzz
|-crit|p1a: Mandibuzz
|-damage|p1a: Mandibuzz|40/100 par
|-supereffective|p1a: Mandibuzz
|-damage|p1a: Mandibuzz|27/100 par
|-hitcount|p1a: Mandibuzz|2
|move|p1a: Mandibuzz|Roost|p1a: Mandibuzz
|-heal|p1a: Mandibuzz|77/100 par
|-singleturn|p1a: Mandibuzz|move: Roost
|
|-heal|p2a: Tyranitar|80/100|[from] item: Leftovers
|upkeep
|turn|47
|
|t:|1616757260
|move|p2a: Tyranitar|Rock Blast|p1a: Mandibuzz
|-supereffective|p1a: Mandibuzz
|-damage|p1a: Mandibuzz|62/100 par
|-supereffective|p1a: Mandibuzz
|-damage|p1a: Mandibuzz|48/100 par
|-supereffective|p1a: Mandibuzz
|-damage|p1a: Mandibuzz|35/100 par
|-supereffective|p1a: Mandibuzz
|-damage|p1a: Mandibuzz|22/100 par
|-supereffective|p1a: Mandibuzz
|-damage|p1a: Mandibuzz|9/100 par
|-hitcount|p1a: Mandibuzz|5
|move|p1a: Mandibuzz|Defog|p2a: Tyranitar
|-unboost|p2a: Tyranitar|evasion|1
|-sideend|p1: WenFeiv20|Stealth Rock|[from] move: Defog|[of] p1a: Mandibuzz
|
|-heal|p2a: Tyranitar|86/100|[from] item: Leftovers
|upkeep
|turn|48
|
|t:|1616757273
|switch|p1a: Ferrothorn|Ferrothorn, M|93/100
|move|p2a: Tyranitar|Stealth Rock|p1a: Ferrothorn
|-sidestart|p1: WenFeiv20|move: Stealth Rock
|
|-heal|p2a: Tyranitar|93/100|[from] item: Leftovers
|-heal|p1a: Ferrothorn|99/100|[from] item: Leftovers
|upkeep
|turn|49
|
|t:|1616757285
|switch|p2a: Clefable|Clefable, M|83/100
|switch|p1a: Victini|Victini|51/100
|-damage|p1a: Victini|26/100|[from] Stealth Rock
|
|upkeep
|turn|50
|
|t:|1616757297
|switch|p2a: Garchomp|Garchomp, F|29/100 tox
|move|p1a: Victini|U-turn|p2a: Garchomp
|-damage|p2a: Garchomp|0 fnt
|faint|p2a: Garchomp
|
|t:|1616757310
|switch|p1a: Tapu Koko|Tapu Koko|94/100|[from]move: U-turn
|-fieldstart|move: Electric Terrain|[from] ability: Electric Surge|[of] p1a: Tapu Koko
|
|upkeep
|
|t:|1616757317
|switch|p2a: Excadrill|Excadrill, M|36/100
|turn|51
|
|t:|1616757324
|move|p1a: Tapu Koko|U-turn|p2a: Excadrill
|-resisted|p2a: Excadrill
|-damage|p2a: Excadrill|24/100
|
|t:|1616757329
|switch|p1a: Mandibuzz|Mandibuzz, F|9/100 par|[from]move: U-turn
|move|p2a: Excadrill|Earthquake|p1a: Mandibuzz
|-immune|p1a: Mandibuzz
|
|-heal|p2a: Excadrill|30/100|[from] item: Leftovers
|upkeep
|turn|52
|
|t:|1616757338
|switch|p1a: Ferrothorn|Ferrothorn, M|99/100
|-damage|p1a: Ferrothorn|93/100|[from] Stealth Rock
|move|p2a: Excadrill|Iron Head|p1a: Ferrothorn
|-resisted|p1a: Ferrothorn
|-damage|p1a: Ferrothorn|79/100
|-damage|p2a: Excadrill|18/100|[from] ability: Iron Barbs|[of] p1a: Ferrothorn
|
|-heal|p2a: Excadrill|24/100|[from] item: Leftovers
|-heal|p1a: Ferrothorn|85/100|[from] item: Leftovers
|upkeep
|turn|53
|
|t:|1616757349
|switch|p2a: Clefable|Clefable, M|83/100
|move|p1a: Ferrothorn|Gyro Ball|p2a: Clefable
|-supereffective|p2a: Clefable
|-damage|p2a: Clefable|36/100
|
|-heal|p1a: Ferrothorn|91/100|[from] item: Leftovers
|upkeep
|turn|54
|
|t:|1616757356
|switch|p1a: Tapu Koko|Tapu Koko|94/100
|move|p2a: Clefable|Soft-Boiled|p2a: Clefable
|-heal|p2a: Clefable|86/100
|
|-fieldend|move: Electric Terrain
|upkeep
|turn|55
|
|t:|1616757363
|move|p1a: Tapu Koko|U-turn|p2a: Clefable
|-resisted|p2a: Clefable
|-damage|p2a: Clefable|80/100
|
|t:|1616757364
|switch|p1a: Victini|Victini|26/100|[from]move: U-turn
|-damage|p1a: Victini|1/100|[from] Stealth Rock
|move|p2a: Clefable|Soft-Boiled|p2a: Clefable
|-heal|p2a: Clefable|100/100
|
|upkeep
|turn|56
|
|t:|1616757372
|switch|p2a: Tyranitar|Tyranitar, F|93/100
|-weather|Sandstorm|[from] ability: Sand Stream|[of] p2a: Tyranitar
|move|p1a: Victini|U-turn|p2a: Tyranitar
|-supereffective|p2a: Tyranitar
|-damage|p2a: Tyranitar|48/100
|
|t:|1616757377
|switch|p1a: Mandibuzz|Mandibuzz, F|9/100 par|[from]move: U-turn
|
|-weather|Sandstorm|[upkeep]
|-heal|p2a: Tyranitar|54/100|[from] item: Leftovers
|upkeep
|turn|57
|
|t:|1616757382
|move|p2a: Tyranitar|Rock Blast|p1a: Mandibuzz
|-supereffective|p1a: Mandibuzz
|-damage|p1a: Mandibuzz|0 fnt
|-hitcount|p1a: Mandibuzz|1
|faint|p1a: Mandibuzz
|
|-weather|Sandstorm|[upkeep]
|-heal|p2a: Tyranitar|60/100|[from] item: Leftovers
|upkeep
|
|t:|1616757388
|switch|p1a: Tapu Koko|Tapu Koko|94/100
|-fieldstart|move: Electric Terrain|[from] ability: Electric Surge|[of] p1a: Tapu Koko
|turn|58
|
|t:|1616757397
|move|p1a: Tapu Koko|Dazzling Gleam|p2a: Tyranitar
|-supereffective|p2a: Tyranitar
|-crit|p2a: Tyranitar
|-damage|p2a: Tyranitar|16/100
|move|p2a: Tyranitar|Rest||[still]
|-activate|p2a: Tyranitar|move: Electric Terrain
|-fail|p2a: Tyranitar
|
|-weather|Sandstorm|[upkeep]
|-damage|p1a: Tapu Koko|88/100|[from] Sandstorm
|-heal|p2a: Tyranitar|22/100|[from] item: Leftovers
|upkeep
|turn|59
|
|t:|1616757414
|switch|p2a: Excadrill|Excadrill, M|24/100
|move|p1a: Tapu Koko|Thunderbolt|p2a: Excadrill
|-immune|p2a: Excadrill
|
|-weather|Sandstorm|[upkeep]
|-damage|p1a: Tapu Koko|82/100|[from] Sandstorm
|-heal|p2a: Excadrill|30/100|[from] item: Leftovers
|upkeep
|turn|60
|
|t:|1616757422
|switch|p1a: Ferrothorn|Ferrothorn, M|91/100
|-damage|p1a: Ferrothorn|85/100|[from] Stealth Rock
|move|p2a: Excadrill|Earthquake|p1a: Ferrothorn
|-damage|p1a: Ferrothorn|48/100
|
|-weather|none
|-heal|p2a: Excadrill|36/100|[from] item: Leftovers
|-heal|p1a: Ferrothorn|54/100|[from] item: Leftovers
|upkeep
|turn|61
|
|t:|1616757432
|switch|p2a: Clefable|Clefable, M|100/100
|switch|p1a: Tapu Koko|Tapu Koko|82/100
|
|upkeep
|turn|62
|
|t:|1616757437
|move|p1a: Tapu Koko|Dazzling Gleam|p2a: Clefable
|-damage|p2a: Clefable|69/100
|move|p2a: Clefable|Soft-Boiled|p2a: Clefable
|-heal|p2a: Clefable|100/100
|
|-fieldend|move: Electric Terrain
|upkeep
|turn|63
|
|t:|1616757443
|move|p1a: Tapu Koko|Thunderbolt|p2a: Clefable
|-damage|p2a: Clefable|62/100
|move|p2a: Clefable|Calm Mind|p2a: Clefable
|-boost|p2a: Clefable|spa|1
|-boost|p2a: Clefable|spd|1
|
|upkeep
|turn|64
|
|t:|1616757448
|move|p1a: Tapu Koko|Thunderbolt|p2a: Clefable
|-damage|p2a: Clefable|39/100
|move|p2a: Clefable|Soft-Boiled|p2a: Clefable
|-heal|p2a: Clefable|89/100
|
|upkeep
|turn|65
|
|t:|1616757454
|move|p1a: Tapu Koko|Thunderbolt|p2a: Clefable
|-damage|p2a: Clefable|66/100
|move|p2a: Clefable|Calm Mind|p2a: Clefable
|-boost|p2a: Clefable|spa|1
|-boost|p2a: Clefable|spd|1
|
|upkeep
|turn|66
|
|t:|1616757459
|move|p1a: Tapu Koko|Thunderbolt|p2a: Clefable
|-crit|p2a: Clefable
|-damage|p2a: Clefable|16/100
|move|p2a: Clefable|Soft-Boiled|p2a: Clefable
|-heal|p2a: Clefable|66/100
|
|upkeep
|turn|67
|
|t:|1616757466
|move|p1a: Tapu Koko|Thunderbolt|p2a: Clefable
|-damage|p2a: Clefable|47/100
|move|p2a: Clefable|Soft-Boiled|p2a: Clefable
|-heal|p2a: Clefable|97/100
|
|upkeep
|turn|68
|
|t:|1616757471
|move|p1a: Tapu Koko|Thunderbolt|p2a: Clefable
|-damage|p2a: Clefable|79/100
|move|p2a: Clefable|Moonblast|p1a: Tapu Koko
|-damage|p1a: Tapu Koko|0 fnt
|faint|p1a: Tapu Koko
|
|upkeep
|-message|WenFeiv20 forfeited.
|
|win|Swordsman.N
