|raw|<div class="broadcast-blue"><strong>This battle is required to be public due to a player having a name starting with 'sl21vx'.</div>
|j|☆lonietzzz
|j|☆SL21VX hybone
|t:|1641034796
|gametype|singles
|player|p1|lonietzzz|swimmerf-gen4dp|1358
|player|p2|SL21VX hybone|jogger|1303
|teamsize|p1|6
|teamsize|p2|6
|gen|8
|tier|[Gen 8] OU
|rated|
|rule|Sleep Clause Mod: Limit one foe put to sleep
|rule|Species Clause: Limit one of each Pokémon
|rule|OHKO Clause: OHKO moves are banned
|rule|Evasion Moves Clause: Evasion moves are banned
|rule|Endless Battle Clause: Forcing endless battles is banned
|rule|HP Percentage Mod: HP is shown in percentages
|rule|Dynamax Clause: You cannot dynamax
|clearpoke
|poke|p1|Excadrill, F|
|poke|p1|Garchomp, F|
|poke|p1|Kartana|
|poke|p1|Toxapex, F|
|poke|p1|Tyranitar, M|
|poke|p1|Landorus-Therian, M|
|poke|p2|Tapu Fini|
|poke|p2|Magnezone|
|poke|p2|Blissey, F|
|poke|p2|Melmetal|
|poke|p2|Dragapult, M|
|poke|p2|Landorus-Therian, M|
|teampreview
|j|♚cscl
|inactive|Battle timer is ON: inactive players will automatically lose when time's up. (requested by lonietzzz)
|
|t:|1641034821
|start
|switch|p1a: Landorus|Landorus-Therian, M|100/100
|switch|p2a: Dragapult|Dragapult, M|100/100
|-ability|p1a: Landorus|Intimidate|boost
|-unboost|p2a: Dragapult|atk|1
|turn|1
|
|t:|1641034827
|move|p2a: Dragapult|Draco Meteor|p1a: Landorus
|-damage|p1a: Landorus|12/100
|-unboost|p2a: Dragapult|spa|2
|move|p1a: Landorus|Stealth Rock|p2a: Dragapult
|-sidestart|p2: SL21VX hybone|move: Stealth Rock
|
|upkeep
|turn|2
|
|t:|1641034834
|switch|p2a: Landorus|Landorus-Therian, M|100/100
|-damage|p2a: Landorus|88/100|[from] Stealth Rock
|-ability|p2a: Landorus|Intimidate|boost
|-unboost|p1a: Landorus|atk|1
|move|p1a: Landorus|U-turn|p2a: Landorus
|-resisted|p2a: Landorus
|-damage|p2a: Landorus|82/100
|-damage|p1a: Landorus|0 fnt|[from] item: Rocky Helmet|[of] p2a: Landorus
|faint|p1a: Landorus
|
|upkeep
|
|t:|1641034837
|switch|p1a: Kartana|Kartana|100/100
|turn|3
|
|t:|1641034844
|move|p1a: Kartana|Leaf Blade|p2a: Landorus
|-damage|p2a: Landorus|19/100
|-damage|p1a: Kartana|84/100|[from] item: Rocky Helmet|[of] p2a: Landorus
|-damage|p1a: Kartana|74/100|[from] item: Life Orb
|move|p2a: Landorus|Earthquake|p1a: Kartana
|-damage|p1a: Kartana|29/100
|
|upkeep
|turn|4
|
|t:|1641034860
|switch|p2a: Magnezone|Magnezone|100/100
|-damage|p2a: Magnezone|94/100|[from] Stealth Rock
|move|p1a: Kartana|Knock Off|p2a: Magnezone
|-damage|p2a: Magnezone|45/100
|-enditem|p2a: Magnezone|Leftovers|[from] move: Knock Off|[of] p1a: Kartana
|-damage|p1a: Kartana|19/100|[from] item: Life Orb
|
|upkeep
|turn|5
|
|t:|1641034868
|move|p1a: Kartana|Sacred Sword|p2a: Magnezone
|-supereffective|p2a: Magnezone
|-damage|p2a: Magnezone|0 fnt
|faint|p2a: Magnezone
|-ability|p1a: Kartana|Beast Boost|boost
|-boost|p1a: Kartana|atk|1
|-damage|p1a: Kartana|9/100|[from] item: Life Orb
|
|upkeep
|
|t:|1641034870
|switch|p2a: Dragapult|Dragapult, M|100/100
|-damage|p2a: Dragapult|88/100|[from] Stealth Rock
|turn|6
|
|t:|1641034881
|switch|p1a: Toxapex|Toxapex, F|100/100
|move|p2a: Dragapult|U-turn|p1a: Toxapex
|-resisted|p1a: Toxapex
|-damage|p1a: Toxapex|96/100
|-damage|p2a: Dragapult|72/100|[from] item: Rocky Helmet|[of] p1a: Toxapex
|
|t:|1641034884
|switch|p2a: Landorus|Landorus-Therian, M|19/100|[from]move: U-turn
|-damage|p2a: Landorus|6/100|[from] Stealth Rock
|-ability|p2a: Landorus|Intimidate|boost
|-unboost|p1a: Toxapex|atk|1
|
|upkeep
|turn|7
|
|t:|1641034888
|move|p2a: Landorus|Earthquake|p1a: Toxapex
|-supereffective|p1a: Toxapex
|-damage|p1a: Toxapex|40/100
|move|p1a: Toxapex|Scald|p2a: Landorus
|-supereffective|p2a: Landorus
|-damage|p2a: Landorus|0 fnt
|faint|p2a: Landorus
|
|upkeep
|
|t:|1641034892
|switch|p2a: Melmetal|Melmetal|100/100
|-damage|p2a: Melmetal|94/100|[from] Stealth Rock
|turn|8
|inactive|lonietzzz has 120 seconds left.
|
|t:|1641034925
|switch|p1a: Kartana|Kartana|9/100
|move|p2a: Melmetal|Earthquake|p1a: Kartana
|-damage|p1a: Kartana|0 fnt
|faint|p1a: Kartana
|
|upkeep
|
|t:|1641034929
|switch|p1a: Garchomp|Garchomp, F|100/100
|turn|9
|l|♚cscl
|
|t:|1641034941
|switch|p2a: Blissey|Blissey, F|100/100
|move|p1a: Garchomp|Earthquake|p2a: Blissey
|-damage|p2a: Blissey|52/100
|
|upkeep
|turn|10
|
|t:|1641034945
|move|p1a: Garchomp|Earthquake|p2a: Blissey
|-damage|p2a: Blissey|6/100
|move|p2a: Blissey|Seismic Toss|p1a: Garchomp
|-damage|p1a: Garchomp|72/100
|-damage|p2a: Blissey|0 fnt|[from] ability: Rough Skin|[of] p1a: Garchomp
|faint|p2a: Blissey
|
|-heal|p1a: Garchomp|79/100|[from] item: Leftovers
|upkeep
|
|t:|1641034950
|switch|p2a: Dragapult|Dragapult, M|72/100
|-damage|p2a: Dragapult|59/100|[from] Stealth Rock
|turn|11
|j| JAMKRE
|
|t:|1641034969
|move|p2a: Dragapult|Draco Meteor|p1a: Garchomp
|-supereffective|p1a: Garchomp
|-damage|p1a: Garchomp|0 fnt
|-unboost|p2a: Dragapult|spa|2
|faint|p1a: Garchomp
|
|upkeep
|
|t:|1641034973
|switch|p1a: Excadrill|Excadrill, F|100/100
|turn|12
|j| sl21vxtunstr
|
|t:|1641035002
|move|p2a: Dragapult|Draco Meteor|p1a: Excadrill
|-resisted|p1a: Excadrill
|-damage|p1a: Excadrill|74/100
|-unboost|p2a: Dragapult|spa|2
|move|p1a: Excadrill|Swords Dance|p1a: Excadrill
|-boost|p1a: Excadrill|atk|2
|
|-heal|p1a: Excadrill|80/100|[from] item: Leftovers
|upkeep
|turn|13
|inactive|SL21VX hybone has 120 seconds left.
|
|t:|1641035032
|switch|p2a: Melmetal|Melmetal|94/100
|-damage|p2a: Melmetal|88/100|[from] Stealth Rock
|move|p1a: Excadrill|Rapid Spin|p2a: Melmetal
|-resisted|p2a: Melmetal
|-damage|p2a: Melmetal|77/100
|-boost|p1a: Excadrill|spe|1
|
|-heal|p1a: Excadrill|86/100|[from] item: Leftovers
|upkeep
|turn|14
|-message|SL21VX hybone forfeited.
|
|win|lonietzzz
|raw|lonietzzz's rating: 1372 &rarr; <strong>1388</strong><br />(+16 for winning)
|raw|SL21VX hybone's rating: 1303 &rarr; <strong>1291</strong><br />(-12 for losing)
|l|☆SL21VX hybone
