|j|☆Swordsman.N
|j|☆lunan0713
|t:|1652622824
|gametype|singles
|player|p1|Swordsman.N|caitlin|
|player|p2|lunan0713|volkner|
|teamsize|p1|6
|teamsize|p2|6
|gen|8
|tier|[Gen 8] OU
|rule|Sleep Clause Mod: Limit one foe put to sleep
|rule|Species Clause: Limit one of each Pokémon
|rule|OHKO Clause: OHKO moves are banned
|rule|Evasion Moves Clause: Evasion moves are banned
|rule|Endless Battle Clause: Forcing endless battles is banned
|rule|HP Percentage Mod: HP is shown in percentages
|rule|Dynamax Clause: You cannot dynamax
|clearpoke
|poke|p1|Salamence, M|
|poke|p1|Decidueye, F|
|poke|p1|Tapu Fini|
|poke|p1|Diggersby, F|
|poke|p1|Toxtricity, F|
|poke|p1|Cobalion|
|poke|p2|Starmie|
|poke|p2|Excadrill, F|
|poke|p2|Dragapult, M|
|poke|p2|Celebi|
|poke|p2|Heatran, M|
|poke|p2|Hydreigon, M|
|teampreview
|j| vusty fans3
|
|t:|1652622846
|start
|switch|p1a: Diggersby|Diggersby, F|100/100
|switch|p2a: 蓝蔷薇追猎者|Hydreigon, M|100/100
|turn|1
|j| rami3e
|
|t:|1652622876
|move|p2a: 蓝蔷薇追猎者|U-turn|p1a: Diggersby
|-damage|p1a: Diggersby|81/100
|
|t:|1652622881
|switch|p2a: 不沉舰，拔锚！|Dragapult, M|100/100|[from]move: U-turn
|move|p1a: Diggersby|U-turn|p2a: 不沉舰，拔锚！
|-resisted|p2a: 不沉舰，拔锚！
|-damage|p2a: 不沉舰，拔锚！|81/100
|
|t:|1652622896
|switch|p1a: tksFiniFiniLove|Tapu Fini|100/100|[from]move: U-turn
|-fieldstart|move: Misty Terrain|[from] ability: Misty Surge|[of] p1a: tksFiniFiniLove
|
|upkeep
|turn|2
|
|t:|1652622921
|switch|p2a: 花绚机动|Celebi|100/100
|move|p1a: tksFiniFiniLove|Calm Mind|p1a: tksFiniFiniLove
|-boost|p1a: tksFiniFiniLove|spa|1
|-boost|p1a: tksFiniFiniLove|spd|1
|
|upkeep
|turn|3
|
|t:|1652622933
|switch|p1a: Decidueye|Decidueye, F|100/100
|move|p2a: 花绚机动|Leaf Storm|p1a: Decidueye
|-resisted|p1a: Decidueye
|-damage|p1a: Decidueye|70/100
|-unboost|p2a: 花绚机动|spa|2
|
|upkeep
|turn|4
|
|t:|1652622945
|switch|p2a: 蓝蔷薇追猎者|Hydreigon, M|100/100
|move|p1a: Decidueye|U-turn|p2a: 蓝蔷薇追猎者
|-supereffective|p2a: 蓝蔷薇追猎者
|-damage|p2a: 蓝蔷薇追猎者|14/100
|
|t:|1652622973
|switch|p1a: tksFiniFiniLove|Tapu Fini|100/100|[from]move: U-turn
|
|upkeep
|turn|5
|
|t:|1652622983
|switch|p1a: Cobalion|Cobalion|100/100
|move|p2a: 蓝蔷薇追猎者|U-turn|p1a: Cobalion
|-resisted|p1a: Cobalion
|-damage|p1a: Cobalion|98/100
|-damage|p2a: 蓝蔷薇追猎者|0 fnt|[from] item: Rocky Helmet|[of] p1a: Cobalion
|faint|p2a: 蓝蔷薇追猎者
|
|-fieldend|Misty Terrain
|upkeep
|c| vusty fans3|好，只会ut的恶龙
|j| youke
|
|t:|1652623015
|switch|p2a: 胜利的鼓动|Starmie|100/100
|turn|6
|
|t:|1652623036
|move|p2a: 胜利的鼓动|Surf|p1a: Cobalion
|-damage|p1a: Cobalion|47/100
|move|p1a: Cobalion|Stealth Rock|p2a: 胜利的鼓动
|-sidestart|p2: lunan0713|move: Stealth Rock
|
|upkeep
|turn|7
|
|t:|1652623072
|move|p2a: 胜利的鼓动|Surf|p1a: Cobalion
|-damage|p1a: Cobalion|2/100
|move|p1a: Cobalion|Close Combat|p2a: 胜利的鼓动
|-resisted|p2a: 胜利的鼓动
|-damage|p2a: 胜利的鼓动|65/100
|-unboost|p1a: Cobalion|def|1
|-unboost|p1a: Cobalion|spd|1
|
|upkeep
|turn|8
|
|t:|1652623082
|move|p2a: 胜利的鼓动|Surf|p1a: Cobalion
|-damage|p1a: Cobalion|0 fnt
|faint|p1a: Cobalion
|
|upkeep
|
|t:|1652623088
|switch|p1a: Diggersby|Diggersby, F|81/100
|turn|9
|c|☆lunan0713|陷入长考
|c|☆Swordsman.N|那么，我是不是眼镜呢
|c| vusty fans3|计算器on
|c|☆lunan0713|我觉得是
|c|☆Swordsman.N|那就是吧
|player|p2|svvordsnnam|volkner
|n|☆svvordsnnam|lunan0713
|player|p2|svvordsnnam|volkner|
|l| youke
|
|t:|1652623352
|move|p1a: Diggersby|Knock Off|p2a: 胜利的鼓动
|-supereffective|p2a: 胜利的鼓动
|-damage|p2a: 胜利的鼓动|0 fnt
|-enditem|p2a: 胜利的鼓动|Expert Belt|[from] move: Knock Off|[of] p1a: Diggersby
|faint|p2a: 胜利的鼓动
|
|upkeep
|j|+XPSH
|j| halili
|l| halili
|
|t:|1652623413
|switch|p2a: 睥睨八方|Excadrill, F|100/100
|-damage|p2a: 睥睨八方|97/100|[from] Stealth Rock
|-ability|p2a: 睥睨八方|Mold Breaker
|turn|10
|
|t:|1652623430
|switch|p1a: Salamence|Salamence, M|100/100
|-ability|p1a: Salamence|Intimidate|boost
|-unboost|p2a: 睥睨八方|atk|1
|switch|p2a: キラキラ☆STARDOM|Heatran, M|100/100
|-damage|p2a: キラキラ☆STARDOM|88/100|[from] Stealth Rock
|
|upkeep
|turn|11
|c| vusty fans3|这不是气球火刚吗
|c|☆svvordsnnam|不是哟
|c|☆Swordsman.N|可怕
|c| vusty fans3|我猜眼镜
|
|t:|1652623476
|move|p1a: Salamence|Earthquake|p2a: キラキラ☆STARDOM
|-supereffective|p2a: キラキラ☆STARDOM
|-damage|p2a: キラキラ☆STARDOM|0 fnt
|faint|p2a: キラキラ☆STARDOM
|
|upkeep
|
|t:|1652623479
|switch|p2a: 不沉舰，拔锚！|Dragapult, M|81/100
|-damage|p2a: 不沉舰，拔锚！|69/100|[from] Stealth Rock
|turn|12
|
|t:|1652623487
|switch|p1a: Toxtricity|Toxtricity, F|100/100
|move|p2a: 不沉舰，拔锚！|Shadow Ball|p1a: Toxtricity
|-damage|p1a: Toxtricity|25/100
|
|upkeep
|turn|13
|
|t:|1652623494
|move|p2a: 不沉舰，拔锚！|Shadow Ball|p1a: Toxtricity
|-damage|p1a: Toxtricity|0 fnt
|faint|p1a: Toxtricity
|
|upkeep
|
|t:|1652623498
|switch|p1a: Diggersby|Diggersby, F|81/100
|turn|14
|
|t:|1652623536
|switch|p2a: 花绚机动|Celebi|100/100
|-damage|p2a: 花绚机动|88/100|[from] Stealth Rock
|move|p1a: Diggersby|Knock Off|p2a: 花绚机动
|-supereffective|p2a: 花绚机动
|-damage|p2a: 花绚机动|15/100
|-enditem|p2a: 花绚机动|Leftovers|[from] move: Knock Off|[of] p1a: Diggersby
|
|upkeep
|turn|15
|
|t:|1652623543
|move|p1a: Diggersby|Knock Off|p2a: 花绚机动
|-supereffective|p2a: 花绚机动
|-damage|p2a: 花绚机动|0 fnt
|faint|p2a: 花绚机动
|
|upkeep
|
|t:|1652623547
|switch|p2a: 睥睨八方|Excadrill, F|97/100
|-damage|p2a: 睥睨八方|94/100|[from] Stealth Rock
|-ability|p2a: 睥睨八方|Mold Breaker
|turn|16
|
|t:|1652623556
|move|p1a: Diggersby|Knock Off|p2a: 睥睨八方
|-damage|p2a: 睥睨八方|40/100
|-enditem|p2a: 睥睨八方|Chople Berry|[from] move: Knock Off|[of] p1a: Diggersby
|move|p2a: 睥睨八方|Rapid Spin|p1a: Diggersby
|-damage|p1a: Diggersby|56/100
|-boost|p2a: 睥睨八方|spe|1
|-sideend|p2: svvordsnnam|Stealth Rock|[from] move: Rapid Spin|[of] p2a: 睥睨八方
|
|upkeep
|turn|17
|
|t:|1652623574
|switch|p1a: Salamence|Salamence, M|100/100
|-ability|p1a: Salamence|Intimidate|boost
|-unboost|p2a: 睥睨八方|atk|1
|move|p2a: 睥睨八方|Rapid Spin|p1a: Salamence
|-damage|p1a: Salamence|89/100
|-boost|p2a: 睥睨八方|spe|1
|
|upkeep
|turn|18
|
|t:|1652623582
|move|p2a: 睥睨八方|Rock Slide|p1a: Salamence
|-supereffective|p1a: Salamence
|-damage|p1a: Salamence|53/100
|cant|p1a: Salamence|flinch
|
|upkeep
|turn|19
|c| vusty fans3|有挂
|
|t:|1652623588
|move|p2a: 睥睨八方|Rock Slide|p1a: Salamence
|-supereffective|p1a: Salamence
|-damage|p1a: Salamence|15/100
|move|p1a: Salamence|Roost|p1a: Salamence
|-heal|p1a: Salamence|65/100
|-singleturn|p1a: Salamence|move: Roost
|
|upkeep
|turn|20
|
|t:|1652623601
|switch|p1a: Decidueye|Decidueye, F|70/100
|move|p2a: 睥睨八方|Rock Slide|p1a: Decidueye|[miss]
|-miss|p2a: 睥睨八方|p1a: Decidueye
|
|upkeep
|turn|21
|
|t:|1652623623
|move|p1a: Decidueye|Shadow Sneak|p2a: 睥睨八方
|-damage|p2a: 睥睨八方|0 fnt
|faint|p2a: 睥睨八方
|
|upkeep
|
|t:|1652623628
|switch|p2a: 不沉舰，拔锚！|Dragapult, M|69/100
|turn|22
|c|☆Swordsman.N|g
|
|t:|1652623632
|move|p1a: Decidueye|Shadow Sneak|p2a: 不沉舰，拔锚！
|-supereffective|p2a: 不沉舰，拔锚！
|-damage|p2a: 不沉舰，拔锚！|0 fnt
|faint|p2a: 不沉舰，拔锚！
|
|win|Swordsman.N
|c|☆svvordsnnam|g
