|uhtml|report-battle|<b>将对战链接公开到:</b> <button class="button" name="send" value="/reportto skypillar">Sky Pillar</button><button class="button" name="send" value="/reportto shinx">Shinx</button>
|j|☆yokobaby
|j|☆rakukeika
|t:|1666181423
|gametype|singles
|player|p1|yokobaby|cynthia-masters|
|player|p2|rakukeika|rakukeika.png|
|teamsize|p1|6
|teamsize|p2|6
|gen|8
|tier|[Gen 8] OU
|rule|Sleep Clause Mod: Limit one foe put to sleep
|rule|Species Clause: Limit one of each Pokémon
|rule|OHKO Clause: OHKO moves are banned
|rule|Evasion Items Clause: Evasion items are banned
|rule|Evasion Moves Clause: Evasion moves are banned
|rule|Endless Battle Clause: Forcing endless battles is banned
|rule|HP Percentage Mod: HP is shown in percentages
|rule|Dynamax Clause: You cannot dynamax
|clearpoke
|poke|p1|Volcanion|
|poke|p1|Ninetales-Alola, M|
|poke|p1|Corviknight, F|
|poke|p1|Arctozolt|
|poke|p1|Landorus-Therian, M|
|poke|p1|Tornadus-Therian, M|
|poke|p2|Zapdos|
|poke|p2|Weavile, F|
|poke|p2|Kartana|
|poke|p2|Landorus-Therian, M|
|poke|p2|Volcanion|
|poke|p2|Melmetal|
|teampreview
|j| yiyue
|
|t:|1666181467
|start
|switch|p1a: Ninetales|Ninetales-Alola, M|100/100
|switch|p2a: Melmetal|Melmetal|100/100
|-weather|Hail|[from] ability: Snow Warning|[of] p1a: Ninetales
|turn|1
|c| yiyue|你们不是打bo3吗
|c| yiyue|怎么还是8OU
|c| yiyue|不应该678？
|c|☆rakukeika|bo3 8ou
|c|☆rakukeika|是这样的
|c| yiyue|原来如此
|c|☆rakukeika|这不是shinx
|c| yiyue|好的
|
|t:|1666181511
|switch|p1a: Corviknight|Corviknight, F|100/100
|-ability|p1a: Corviknight|Pressure
|switch|p2a: Zapdos|Zapdos|100/100
|
|-weather|Hail|[upkeep]
|-damage|p2a: Zapdos|94/100|[from] Hail
|-damage|p1a: Corviknight|94/100|[from] Hail
|upkeep
|turn|2
|j|@XPSH
|j| Yaeiko
|
|t:|1666181517
|switch|p1a: Landorus|Landorus-Therian, M|100/100
|-ability|p1a: Landorus|Intimidate|boost
|-unboost|p2a: Zapdos|atk|1
|move|p2a: Zapdos|Hurricane|p1a: Landorus
|-damage|p1a: Landorus|55/100
|
|-weather|Hail|[upkeep]
|-damage|p2a: Zapdos|88/100|[from] Hail
|-damage|p1a: Landorus|49/100|[from] Hail
|-heal|p1a: Landorus|55/100|[from] item: Leftovers
|upkeep
|turn|3
|
|t:|1666181528
|move|p2a: Zapdos|Hurricane|p1a: Landorus
|-damage|p1a: Landorus|6/100
|move|p1a: Landorus|U-turn|p2a: Zapdos
|-resisted|p2a: Zapdos
|-damage|p2a: Zapdos|75/100
|
|t:|1666181534
|switch|p1a: Arctozolt|Arctozolt|100/100|[from]move: U-turn
|
|-weather|Hail|[upkeep]
|-damage|p2a: Zapdos|69/100|[from] Hail
|upkeep
|turn|4
|inactive|Battle timer is ON: inactive players will automatically lose when time's up. (requested by yokobaby)
|inactiveoff|Battle timer is now OFF.
|inactive|Battle timer is ON: inactive players will automatically lose when time's up. (requested by XPSH)
|c|☆rakukeika|啥呀
|c|☆rakukeika|个人赛你也管
|inactive|rakukeika has 270 seconds left.
|c|@XPSH|你看看裁判是谁
|j| kaifengyyds
|j| Yoyoko233
|
|t:|1666181630
|switch|p2a: Landorus|Landorus-Therian, M|100/100
|-ability|p2a: Landorus|Intimidate|boost
|-unboost|p1a: Arctozolt|atk|1
|move|p1a: Arctozolt|Bolt Beak|p2a: Landorus
|-immune|p2a: Landorus
|
|-weather|Hail|[upkeep]
|-damage|p2a: Landorus|94/100|[from] Hail
|-heal|p2a: Landorus|100/100|[from] item: Leftovers
|upkeep
|turn|5
|
|t:|1666181638
|switch|p2a: Melmetal|Melmetal|100/100
|move|p1a: Arctozolt|Bolt Beak|p2a: Melmetal
|-damage|p2a: Melmetal|74/100
|
|-weather|Hail|[upkeep]
|-damage|p2a: Melmetal|68/100|[from] Hail
|upkeep
|turn|6
|
|t:|1666181669
|switch|p1a: Corviknight|Corviknight, F|94/100
|-ability|p1a: Corviknight|Pressure
|move|p2a: Melmetal|Superpower|p1a: Corviknight
|-damage|p1a: Corviknight|49/100
|-unboost|p2a: Melmetal|atk|1
|-unboost|p2a: Melmetal|def|1
|-damage|p2a: Melmetal|52/100|[from] item: Rocky Helmet|[of] p1a: Corviknight
|
|-weather|Hail|[upkeep]
|-damage|p2a: Melmetal|46/100|[from] Hail
|-damage|p1a: Corviknight|43/100|[from] Hail
|upkeep
|turn|7
|inactive|yokobaby has 270 seconds left.
|
|t:|1666181686
|switch|p2a: Zapdos|Zapdos|69/100
|move|p1a: Corviknight|Roost|p1a: Corviknight
|-heal|p1a: Corviknight|93/100
|-singleturn|p1a: Corviknight|move: Roost
|
|-weather|Hail|[upkeep]
|-damage|p2a: Zapdos|62/100|[from] Hail
|-damage|p1a: Corviknight|87/100|[from] Hail
|upkeep
|turn|8
|
|t:|1666181691
|switch|p1a: Landorus|Landorus-Therian, M|6/100
|-ability|p1a: Landorus|Intimidate|boost
|-unboost|p2a: Zapdos|atk|1
|move|p2a: Zapdos|Thunderbolt|p1a: Landorus
|-immune|p1a: Landorus
|
|-weather|none
|-heal|p1a: Landorus|12/100|[from] item: Leftovers
|upkeep
|turn|9
|l| Yoyoko233
|
|t:|1666181697
|move|p2a: Zapdos|Hurricane|p1a: Landorus|[miss]
|-miss|p2a: Zapdos|p1a: Landorus
|move|p1a: Landorus|Toxic|p2a: Zapdos
|-status|p2a: Zapdos|tox
|
|-heal|p1a: Landorus|18/100|[from] item: Leftovers
|-damage|p2a: Zapdos|56/100 tox|[from] psn
|upkeep
|turn|10
|
|t:|1666181701
|move|p2a: Zapdos|Hurricane|p1a: Landorus
|-damage|p1a: Landorus|0 fnt
|faint|p1a: Landorus
|
|-damage|p2a: Zapdos|44/100 tox|[from] psn
|upkeep
|
|t:|1666181706
|switch|p1a: Ninetales|Ninetales-Alola, M|100/100
|-weather|Hail|[from] ability: Snow Warning|[of] p1a: Ninetales
|turn|11
|j| nightsuwu
|
|t:|1666181724
|switch|p2a: Kartana|Kartana|100/100
|move|p1a: Ninetales|Aurora Veil|p1a: Ninetales
|-sidestart|p1: yokobaby|move: Aurora Veil
|
|-weather|Hail|[upkeep]
|-damage|p2a: Kartana|94/100|[from] Hail
|upkeep
|turn|12
|
|t:|1666181733
|switch|p2a: Landorus|Landorus-Therian, M|100/100
|-ability|p2a: Landorus|Intimidate|boost
|-unboost|p1a: Ninetales|atk|1
|switch|p1a: Corviknight|Corviknight, F|87/100
|-ability|p1a: Corviknight|Pressure
|
|-weather|Hail|[upkeep]
|-damage|p2a: Landorus|94/100|[from] Hail
|-damage|p1a: Corviknight|81/100|[from] Hail
|-heal|p2a: Landorus|100/100|[from] item: Leftovers
|upkeep
|turn|13
|
|t:|1666181753
|move|p2a: Landorus|Stealth Rock|p1a: Corviknight
|-sidestart|p1: yokobaby|move: Stealth Rock
|move|p1a: Corviknight|U-turn|p2a: Landorus
|-resisted|p2a: Landorus
|-damage|p2a: Landorus|94/100
|
|t:|1666181770
|switch|p1a: Arctozolt|Arctozolt|100/100|[from]move: U-turn
|-damage|p1a: Arctozolt|76/100|[from] Stealth Rock
|
|-weather|Hail|[upkeep]
|-damage|p2a: Landorus|88/100|[from] Hail
|-heal|p1a: Arctozolt|82/100|[from] item: Leftovers
|-heal|p2a: Landorus|94/100|[from] item: Leftovers
|upkeep
|turn|14
|inactive|rakukeika has 270 seconds left.
|l| nightsuwu
|
|t:|1666181808
|switch|p2a: Melmetal|Melmetal|46/100
|move|p1a: Arctozolt|Blizzard|p2a: Melmetal
|-resisted|p2a: Melmetal
|-damage|p2a: Melmetal|24/100
|
|-weather|Hail|[upkeep]
|-damage|p2a: Melmetal|18/100|[from] Hail
|-heal|p1a: Arctozolt|88/100|[from] item: Leftovers
|upkeep
|turn|15
|j| nightsuwu
|
|t:|1666181818
|move|p1a: Arctozolt|Bolt Beak|p2a: Melmetal
|-damage|p2a: Melmetal|0 fnt
|faint|p2a: Melmetal
|
|-weather|Hail|[upkeep]
|-heal|p1a: Arctozolt|94/100|[from] item: Leftovers
|-sideend|p1: yokobaby|move: Aurora Veil
|upkeep
|
|t:|1666181837
|switch|p2a: Kartana|Kartana|94/100
|turn|16
|
|t:|1666181842
|switch|p2a: Zapdos|Zapdos|44/100 tox
|switch|p1a: Tornadus|Tornadus-Therian, M|100/100
|-damage|p1a: Tornadus|76/100|[from] Stealth Rock
|
|-weather|Hail|[upkeep]
|-damage|p1a: Tornadus|69/100|[from] Hail
|-damage|p2a: Zapdos|38/100 tox|[from] Hail
|-damage|p2a: Zapdos|31/100 tox|[from] psn
|upkeep
|turn|17
|inactive|rakukeika has 270 seconds left.
|c|☆rakukeika|为什么啊
|c|☆rakukeika|啊
|c|@XPSH|你先别急
|c|☆rakukeika|为什么为什么为什么
|c|☆rakukeika|啊啊啊啊
|
|t:|1666181870
|switch|p2a: Weavile|Weavile, F|100/100
|-ability|p2a: Weavile|Pressure
|move|p1a: Tornadus|Heat Wave|p2a: Weavile
|-supereffective|p2a: Weavile
|-damage|p2a: Weavile|30/100
|
|-weather|Hail|[upkeep]
|-damage|p1a: Tornadus|63/100|[from] Hail
|upkeep
|turn|18
|
|t:|1666181883
|switch|p1a: Corviknight|Corviknight, F|81/100
|-damage|p1a: Corviknight|69/100|[from] Stealth Rock
|-ability|p1a: Corviknight|Pressure
|move|p2a: Weavile|Knock Off|p1a: Corviknight
|-damage|p1a: Corviknight|23/100
|-damage|p2a: Weavile|14/100|[from] item: Rocky Helmet|[of] p1a: Corviknight
|-enditem|p1a: Corviknight|Rocky Helmet|[from] move: Knock Off|[of] p2a: Weavile
|
|-weather|none
|upkeep
|turn|19
|
|t:|1666181889
|move|p2a: Weavile|Knock Off|p1a: Corviknight
|-damage|p1a: Corviknight|0 fnt
|faint|p1a: Corviknight
|
|upkeep
|
|t:|1666181893
|switch|p1a: Ninetales|Ninetales-Alola, M|100/100
|-damage|p1a: Ninetales|75/100|[from] Stealth Rock
|-weather|Hail|[from] ability: Snow Warning|[of] p1a: Ninetales
|turn|20
|inactive|rakukeika has 270 seconds left.
|
|t:|1666181911
|move|p2a: Weavile|Knock Off|p1a: Ninetales
|-resisted|p1a: Ninetales
|-damage|p1a: Ninetales|34/100
|-enditem|p1a: Ninetales|Icy Rock|[from] move: Knock Off|[of] p2a: Weavile
|move|p1a: Ninetales|Freeze-Dry|p2a: Weavile
|-resisted|p2a: Weavile
|-damage|p2a: Weavile|0 fnt
|faint|p2a: Weavile
|
|-weather|Hail|[upkeep]
|upkeep
|
|t:|1666181916
|switch|p2a: Kartana|Kartana|94/100
|turn|21
|inactive|rakukeika has 270 seconds left.
|
|t:|1666181923
|switch|p1a: Tornadus|Tornadus-Therian, M|97/100
|-damage|p1a: Tornadus|72/100|[from] Stealth Rock
|move|p2a: Kartana|Smart Strike|p1a: Tornadus
|-damage|p1a: Tornadus|20/100
|
|-weather|Hail|[upkeep]
|-damage|p2a: Kartana|88/100|[from] Hail
|-damage|p1a: Tornadus|14/100|[from] Hail
|upkeep
|turn|22
|
|t:|1666181929
|switch|p1a: Volcanion|Volcanion|100/100
|-damage|p1a: Volcanion|76/100|[from] Stealth Rock
|move|p2a: Kartana|Smart Strike|p1a: Volcanion
|-resisted|p1a: Volcanion
|-damage|p1a: Volcanion|65/100
|
|-weather|Hail|[upkeep]
|-damage|p2a: Kartana|82/100|[from] Hail
|-damage|p1a: Volcanion|59/100|[from] Hail
|upkeep
|turn|23
|
|t:|1666181938
|switch|p2a: Landorus|Landorus-Therian, M|94/100
|-ability|p2a: Landorus|Intimidate|boost
|-unboost|p1a: Volcanion|atk|1
|move|p1a: Volcanion|Earth Power|p2a: Landorus
|-immune|p2a: Landorus
|
|-weather|Hail|[upkeep]
|-damage|p1a: Volcanion|53/100|[from] Hail
|-damage|p2a: Landorus|88/100|[from] Hail
|-heal|p2a: Landorus|94/100|[from] item: Leftovers
|upkeep
|turn|24
|
|t:|1666181948
|switch|p1a: Tornadus|Tornadus-Therian, M|47/100
|-damage|p1a: Tornadus|22/100|[from] Stealth Rock
|move|p2a: Landorus|U-turn|p1a: Tornadus
|-resisted|p1a: Tornadus
|-damage|p1a: Tornadus|10/100
|
|t:|1666181950
|switch|p2a: Kartana|Kartana|82/100|[from]move: U-turn
|
|-weather|Hail|[upkeep]
|-damage|p2a: Kartana|76/100|[from] Hail
|-damage|p1a: Tornadus|4/100|[from] Hail
|upkeep
|turn|25
|
|t:|1666181965
|move|p2a: Kartana|Leaf Blade|p1a: Tornadus
|-resisted|p1a: Tornadus
|-damage|p1a: Tornadus|0 fnt
|faint|p1a: Tornadus
|-ability|p2a: Kartana|Beast Boost|boost
|-boost|p2a: Kartana|atk|1
|
|-weather|Hail|[upkeep]
|-damage|p2a: Kartana|70/100|[from] Hail
|upkeep
|c|@XPSH|帅啊，阿洛
|
|t:|1666181977
|switch|p1a: Arctozolt|Arctozolt|94/100
|-damage|p1a: Arctozolt|69/100|[from] Stealth Rock
|turn|26
|c|☆rakukeika|你寄吧谁
|
|t:|1666181983
|move|p2a: Kartana|Leaf Blade|p1a: Arctozolt
|-crit|p1a: Arctozolt
|-damage|p1a: Arctozolt|0 fnt
|faint|p1a: Arctozolt
|-ability|p2a: Kartana|Beast Boost|boost
|-boost|p2a: Kartana|atk|1
|
|-weather|Hail|[upkeep]
|-damage|p2a: Kartana|63/100|[from] Hail
|upkeep
|-message|yokobaby forfeited.
|
|win|rakukeika
|l| nightsuwu
|l| kaifengyyds
|l|@XPSH
|j|@XPSH
|l| yiyue
|l|☆yokobaby
|l| Yaeiko
