|uhtml|report-battle|<b>将对战链接公开到:</b> <button class="button" name="send" value="/reportto skypillar">Sky Pillar</button><button class="button" name="send" value="/reportto shinx">Shinx</button>
|j|☆XZzhang
|j|☆AlIoutdragadarts
|inactive|Battle timer is ON: inactive players will automatically lose when time's up.
|t:|1659274451
|gametype|singles
|player|p1|XZzhang|red|
|player|p2|AlIoutdragadarts|lucas|
|teamsize|p1|6
|teamsize|p2|6
|gen|8
|tier|[Gen 8] OU
|rated|Tournament battle
|rule|Sleep Clause Mod: Limit one foe put to sleep
|rule|Species Clause: Limit one of each Pokémon
|rule|OHKO Clause: OHKO moves are banned
|rule|Evasion Moves Clause: Evasion moves are banned
|rule|Endless Battle Clause: Forcing endless battles is banned
|rule|HP Percentage Mod: HP is shown in percentages
|rule|Dynamax Clause: You cannot dynamax
|clearpoke
|poke|p1|Ninetales-Alola, F|
|poke|p1|Arctozolt|
|poke|p1|Landorus-Therian, M|
|poke|p1|Kartana|
|poke|p1|Volcanion|
|poke|p1|Rotom-Heat|
|poke|p2|Clefable, F|
|poke|p2|Skarmory, M|
|poke|p2|Toxapex, M|
|poke|p2|Excadrill, M|
|poke|p2|Tyranitar, M|
|poke|p2|Rotom-Wash|
|teampreview
|inactive|XZzhang also wants the timer to be on.
|j| wdzkz
|inactive|XZzhang has 120 seconds left.
|j|♚baibaiats
|l|♚baibaiats
|
|t:|1659274497
|start
|switch|p1a: Kartana|Kartana|100/100
|switch|p2a: Clefable|Clefable, F, shiny|100/100
|turn|1
|inactive|AlIoutdragadarts has 120 seconds left.
|
|t:|1659274546
|switch|p1a: Rotom|Rotom-Heat|100/100
|switch|p2a: Skarmory|Skarmory, M, shiny|100/100
|
|upkeep
|turn|2
|
|t:|1659274550
|switch|p2a: Tyranitar|Tyranitar, M, shiny|100/100
|-weather|Sandstorm|[from] ability: Sand Stream|[of] p2a: Tyranitar
|move|p1a: Rotom|Will-O-Wisp|p2a: Tyranitar
|-status|p2a: Tyranitar|brn
|
|-weather|Sandstorm|[upkeep]
|-damage|p1a: Rotom|95/100|[from] Sandstorm
|-damage|p2a: Tyranitar|94/100 brn|[from] brn
|upkeep
|turn|3
|inactive|AlIoutdragadarts has 120 seconds left.
|j| Si分ri崩Ce离le析bi
|inactive|AlIoutdragadarts has 90 seconds left.
|
|t:|1659274610
|switch|p1a: Kartana|Kartana|100/100
|move|p2a: Tyranitar|Stone Edge|p1a: Kartana|[miss]
|-miss|p2a: Tyranitar|p1a: Kartana
|
|-weather|Sandstorm|[upkeep]
|-damage|p2a: Tyranitar|88/100 brn|[from] brn
|upkeep
|turn|4
|inactive|XZzhang has 120 seconds left.
|j| igiegie
|inactive|AlIoutdragadarts has 60 seconds left.
|l| Si分ri崩Ce离le析bi
|j| Si分ri崩Ce离le析bi
|
|t:|1659274660
|switch|p2a: Skarmory|Skarmory, M, shiny|100/100
|move|p1a: Kartana|Knock Off|p2a: Skarmory
|-crit|p2a: Skarmory
|-damage|p2a: Skarmory|60/100
|-damage|p1a: Kartana|84/100|[from] item: Rocky Helmet|[of] p2a: Skarmory
|-enditem|p2a: Skarmory|Rocky Helmet|[from] move: Knock Off|[of] p1a: Kartana
|
|-weather|Sandstorm|[upkeep]
|upkeep
|turn|5
|inactive|XZzhang has 120 seconds left.
|
|t:|1659274671
|switch|p1a: Rotom|Rotom-Heat|95/100
|move|p2a: Skarmory|Roost|p2a: Skarmory
|-heal|p2a: Skarmory|100/100
|-singleturn|p2a: Skarmory|move: Roost
|
|-weather|Sandstorm|[upkeep]
|-damage|p1a: Rotom|89/100|[from] Sandstorm
|upkeep
|turn|6
|
|t:|1659274681
|switch|p2a: Clefable|Clefable, F, shiny|100/100
|move|p1a: Rotom|Volt Switch|p2a: Clefable
|-damage|p2a: Clefable|77/100
|
|t:|1659274687
|switch|p1a: Miss or Eruption|Volcanion|100/100|[from]move: Volt Switch
|
|-weather|none
|-heal|p2a: Clefable|83/100|[from] item: Leftovers
|upkeep
|turn|7
|
|t:|1659274699
|switch|p2a: S/O JOESTAR|Toxapex, M, shiny|100/100
|move|p1a: Miss or Eruption|Overheat|p2a: S/O JOESTAR|[miss]
|-miss|p1a: Miss or Eruption|p2a: S/O JOESTAR
|
|upkeep
|turn|8
|
|t:|1659274711
|switch|p1a: Ninetales|Ninetales-Alola, F|100/100
|-weather|Hail|[from] ability: Snow Warning|[of] p1a: Ninetales
|move|p2a: S/O JOESTAR|Toxic|p1a: Ninetales
|-status|p1a: Ninetales|tox
|
|-weather|Hail|[upkeep]
|-damage|p2a: S/O JOESTAR|94/100|[from] Hail
|-damage|p1a: Ninetales|94/100 tox|[from] psn
|upkeep
|turn|9
|inactive|XZzhang has 120 seconds left.
|
|t:|1659274735
|switch|p2a: Tyranitar|Tyranitar, M, shiny|88/100 brn
|-weather|Sandstorm|[from] ability: Sand Stream|[of] p2a: Tyranitar
|move|p1a: Ninetales|Aurora Veil||[still]
|-fail|p1a: Ninetales
|
|-weather|Sandstorm|[upkeep]
|-damage|p1a: Ninetales|88/100 tox|[from] Sandstorm
|-damage|p1a: Ninetales|76/100 tox|[from] psn
|-damage|p2a: Tyranitar|82/100 brn|[from] brn
|upkeep
|turn|10
|inactive|XZzhang has 120 seconds left.
|
|t:|1659274746
|switch|p1a: Kartana|Kartana|84/100
|move|p2a: Tyranitar|Fire Punch|p1a: Kartana
|-supereffective|p1a: Kartana
|-damage|p1a: Kartana|0 fnt
|faint|p1a: Kartana
|
|-weather|Sandstorm|[upkeep]
|-damage|p2a: Tyranitar|76/100 brn|[from] brn
|upkeep
|
|t:|1659274755
|switch|p1a: Arctozolt|Arctozolt|100/100
|turn|11
|inactive|XZzhang has 120 seconds left.
|inactive|AlIoutdragadarts has 90 seconds left.
|
|t:|1659274796
|switch|p1a: Miss or Eruption|Volcanion|100/100
|switch|p2a: Rotom|Rotom-Wash, shiny|100/100
|
|-weather|Sandstorm|[upkeep]
|-damage|p2a: Rotom|94/100|[from] Sandstorm
|-damage|p1a: Miss or Eruption|94/100|[from] Sandstorm
|-heal|p2a: Rotom|100/100|[from] item: Leftovers
|upkeep
|turn|12
|inactive|XZzhang has 120 seconds left.
|
|t:|1659274811
|switch|p1a: Landorus|Landorus-Therian, M|100/100
|-ability|p1a: Landorus|Intimidate|boost
|-unboost|p2a: Rotom|atk|1
|move|p2a: Rotom|Volt Switch|p1a: Landorus
|-immune|p1a: Landorus
|
|-weather|Sandstorm|[upkeep]
|-damage|p2a: Rotom|94/100|[from] Sandstorm
|-heal|p2a: Rotom|100/100|[from] item: Leftovers
|upkeep
|turn|13
|inactive|XZzhang has 120 seconds left.
|
|t:|1659274824
|switch|p1a: Miss or Eruption|Volcanion|94/100
|move|p2a: Rotom|Hydro Pump|p1a: Miss or Eruption
|-heal|p1a: Miss or Eruption|100/100|[from] ability: Water Absorb|[of] p2a: Rotom
|
|-weather|none
|upkeep
|turn|14
|inactive|XZzhang has 120 seconds left.
|inactive|AlIoutdragadarts has 90 seconds left.
|inactive|AlIoutdragadarts has 60 seconds left.
|
|t:|1659274860
|switch|p1a: Arctozolt|Arctozolt|100/100
|move|p2a: Rotom|Volt Switch|p1a: Arctozolt
|-resisted|p1a: Arctozolt
|-damage|p1a: Arctozolt|82/100
|
|t:|1659274865
|switch|p2a: john Cena|Excadrill, M, shiny|100/100|[from]move: Volt Switch
|
|upkeep
|turn|15
|inactive|XZzhang has 120 seconds left.
|
|t:|1659274871
|switch|p2a: Clefable|Clefable, F, shiny|83/100
|switch|p1a: Landorus|Landorus-Therian, M|100/100
|-ability|p1a: Landorus|Intimidate|boost
|-unboost|p2a: Clefable|atk|1
|
|-heal|p2a: Clefable|90/100|[from] item: Leftovers
|upkeep
|turn|16
|
|t:|1659274881
|move|p1a: Landorus|U-turn|p2a: Clefable
|-resisted|p2a: Clefable
|-damage|p2a: Clefable|81/100
|
|t:|1659274883
|switch|p1a: Miss or Eruption|Volcanion|100/100|[from]move: U-turn
|move|p2a: Clefable|Stealth Rock|p1a: Miss or Eruption
|-sidestart|p1: XZzhang|move: Stealth Rock
|
|-heal|p2a: Clefable|87/100|[from] item: Leftovers
|upkeep
|turn|17
|-message|XZzhang forfeited.
|
|win|AlIoutdragadarts
|n|☆XZzhang|xzzhang
|n|☆AlIoutdragadarts|alioutdragadarts
|n| wdzkz|wdzkz
|n| igiegie|igiegie
|n| Si分ri崩Ce离le析bi|siricelebi
