|raw|<div class="broadcast-blue"><strong>This battle is required to be public due to a player having a name starting with 'sl21vx'.</div>
|j|☆SL21VX jitousb
|j|☆lonietzzz
|t:|1641096513
|gametype|singles
|player|p1|SL21VX jitousb|feida.png|1342
|player|p2|lonietzzz|swimmerf-gen4dp|1454
|teamsize|p1|6
|teamsize|p2|6
|gen|8
|tier|[Gen 8] OU
|rated|
|rule|Sleep Clause Mod: Limit one foe put to sleep
|rule|Species Clause: Limit one of each Pokémon
|rule|OHKO Clause: OHKO moves are banned
|rule|Evasion Moves Clause: Evasion moves are banned
|rule|Endless Battle Clause: Forcing endless battles is banned
|rule|HP Percentage Mod: HP is shown in percentages
|rule|Dynamax Clause: You cannot dynamax
|clearpoke
|poke|p1|Tapu Lele|
|poke|p1|Heatran, F|
|poke|p1|Slowbro, L99, M|
|poke|p1|Landorus-Therian, M|
|poke|p1|Weavile, F|
|poke|p1|Bisharp, M|
|poke|p2|Excadrill, M|
|poke|p2|Garchomp, M|
|poke|p2|Kartana|
|poke|p2|Toxapex, M|
|poke|p2|Tyranitar, F|
|poke|p2|Landorus-Therian, M|
|teampreview
|j| peak clownery
|inactive|Battle timer is ON: inactive players will automatically lose when time's up. (requested by lonietzzz)
|j| SL21VXwangyu
|inactive|SL21VX jitousb has 120 seconds left.
|
|t:|1641096569
|start
|switch|p1a: Heatran|Heatran, F|100/100
|switch|p2a: Landorus|Landorus-Therian, M|100/100
|-ability|p2a: Landorus|Intimidate|boost
|-unboost|p1a: Heatran|atk|1
|turn|1
|
|t:|1641096574
|switch|p1a: Landorus|Landorus-Therian, M|100/100
|-ability|p1a: Landorus|Intimidate|boost
|-unboost|p2a: Landorus|atk|1
|move|p2a: Landorus|Stealth Rock|p1a: Landorus
|-sidestart|p1: SL21VX jitousb|move: Stealth Rock
|
|upkeep
|turn|2
|l| SL21VXwangyu
|
|t:|1641096588
|move|p2a: Landorus|Toxic|p1a: Landorus
|-status|p1a: Landorus|tox
|move|p1a: Landorus|Knock Off|p2a: Landorus
|-crit|p2a: Landorus
|-damage|p2a: Landorus|68/100
|-damage|p1a: Landorus|84/100 tox|[from] item: Rocky Helmet|[of] p2a: Landorus
|-enditem|p2a: Landorus|Rocky Helmet|[from] move: Knock Off|[of] p1a: Landorus
|
|-heal|p1a: Landorus|90/100 tox|[from] item: Leftovers
|-damage|p1a: Landorus|84/100 tox|[from] psn
|upkeep
|turn|3
|
|t:|1641096594
|move|p1a: Landorus|Defog|p2a: Landorus
|-unboost|p2a: Landorus|evasion|1
|-sideend|p1: SL21VX jitousb|Stealth Rock|[from] move: Defog|[of] p1a: Landorus
|move|p2a: Landorus|U-turn|p1a: Landorus
|-resisted|p1a: Landorus
|-damage|p1a: Landorus|78/100 tox
|
|t:|1641096597
|switch|p2a: Kartana|Kartana|100/100|[from]move: U-turn
|
|-heal|p1a: Landorus|84/100 tox|[from] item: Leftovers
|-damage|p1a: Landorus|72/100 tox|[from] psn
|upkeep
|turn|4
|
|t:|1641096623
|move|p2a: Kartana|Leaf Blade|p1a: Landorus
|-damage|p1a: Landorus|12/100 tox
|-damage|p2a: Kartana|91/100|[from] item: Life Orb
|move|p1a: Landorus|Earthquake|p2a: Kartana
|-damage|p2a: Kartana|45/100
|
|-heal|p1a: Landorus|18/100 tox|[from] item: Leftovers
|-damage|p1a: Landorus|0 fnt|[from] psn
|faint|p1a: Landorus
|upkeep
|
|t:|1641096628
|switch|p1a: Weavile|Weavile, F|100/100
|-ability|p1a: Weavile|Pressure
|turn|5
|
|t:|1641096637
|switch|p1a: Tapu Lele|Tapu Lele|100/100
|-fieldstart|move: Psychic Terrain|[from] ability: Psychic Surge|[of] p1a: Tapu Lele
|switch|p2a: Toxapex|Toxapex, M|100/100
|
|upkeep
|turn|6
|
|t:|1641096657
|switch|p2a: Tyranitar|Tyranitar, F|100/100
|-weather|Sandstorm|[from] ability: Sand Stream|[of] p2a: Tyranitar
|move|p1a: Tapu Lele|Psychic|p2a: Tyranitar
|-immune|p2a: Tyranitar
|
|-weather|Sandstorm|[upkeep]
|-damage|p1a: Tapu Lele|94/100|[from] Sandstorm
|upkeep
|turn|7
|j| XPSH
|
|t:|1641096661
|switch|p1a: Heatran|Heatran, F|100/100
|move|p2a: Tyranitar|Stealth Rock|p1a: Heatran
|-sidestart|p1: SL21VX jitousb|move: Stealth Rock
|
|-weather|Sandstorm|[upkeep]
|upkeep
|turn|8
|
|t:|1641096667
|switch|p2a: Garchomp|Garchomp, M|100/100
|move|p1a: Heatran|Stealth Rock|p2a: Garchomp
|-sidestart|p2: lonietzzz|move: Stealth Rock
|
|-weather|Sandstorm|[upkeep]
|upkeep
|turn|9
|
|t:|1641096680
|switch|p2a: Kartana|Kartana|45/100
|-damage|p2a: Kartana|39/100|[from] Stealth Rock
|switch|p1a: Weavile|Weavile, F|100/100
|-ability|p1a: Weavile|Pressure
|
|-weather|Sandstorm|[upkeep]
|-damage|p1a: Weavile|94/100|[from] Sandstorm
|-fieldend|move: Psychic Terrain
|upkeep
|turn|10
|
|t:|1641096694
|switch|p2a: Toxapex|Toxapex, M|100/100
|-damage|p2a: Toxapex|88/100|[from] Stealth Rock
|move|p1a: Weavile|Swords Dance|p1a: Weavile
|-boost|p1a: Weavile|atk|2
|
|-weather|none
|upkeep
|turn|11
|j|&starmind
|
|t:|1641096702
|switch|p2a: Landorus|Landorus-Therian, M|68/100
|-damage|p2a: Landorus|56/100|[from] Stealth Rock
|-ability|p2a: Landorus|Intimidate|boost
|-unboost|p1a: Weavile|atk|1
|move|p1a: Weavile|Knock Off|p2a: Landorus
|-damage|p2a: Landorus|24/100
|
|upkeep
|turn|12
|
|t:|1641096719
|switch|p2a: Toxapex|Toxapex, M|100/100
|-damage|p2a: Toxapex|88/100|[from] Stealth Rock
|move|p1a: Weavile|Swords Dance|p1a: Weavile
|-boost|p1a: Weavile|atk|2
|
|upkeep
|turn|13
|
|t:|1641096724
|move|p1a: Weavile|Knock Off|p2a: Toxapex
|-damage|p2a: Toxapex|17/100
|-damage|p1a: Weavile|78/100|[from] item: Rocky Helmet|[of] p2a: Toxapex
|-enditem|p2a: Toxapex|Rocky Helmet|[from] move: Knock Off|[of] p1a: Weavile
|move|p2a: Toxapex|Scald|p1a: Weavile
|-damage|p1a: Weavile|54/100
|
|upkeep
|turn|14
|
|t:|1641096732
|switch|p2a: Tyranitar|Tyranitar, F|100/100
|-damage|p2a: Tyranitar|88/100|[from] Stealth Rock
|-weather|Sandstorm|[from] ability: Sand Stream|[of] p2a: Tyranitar
|move|p1a: Weavile|Knock Off|p2a: Tyranitar
|-resisted|p2a: Tyranitar
|-crit|p2a: Tyranitar
|-damage|p2a: Tyranitar|13/100
|-enditem|p2a: Tyranitar|Leftovers|[from] move: Knock Off|[of] p1a: Weavile
|
|-weather|Sandstorm|[upkeep]
|-damage|p1a: Weavile|48/100|[from] Sandstorm
|upkeep
|turn|15
|
|t:|1641096737
|switch|p2a: Landorus|Landorus-Therian, M|24/100
|-damage|p2a: Landorus|12/100|[from] Stealth Rock
|-ability|p2a: Landorus|Intimidate|boost
|-unboost|p1a: Weavile|atk|1
|move|p1a: Weavile|Knock Off|p2a: Landorus
|-damage|p2a: Landorus|0 fnt
|faint|p2a: Landorus
|
|-weather|Sandstorm|[upkeep]
|-damage|p1a: Weavile|42/100|[from] Sandstorm
|upkeep
|j| solitary dream
|
|t:|1641096738
|switch|p2a: Excadrill|Excadrill, M|100/100
|-damage|p2a: Excadrill|97/100|[from] Stealth Rock
|turn|16
|
|t:|1641096742
|switch|p1a: Slowbro|Slowbro, L99, M|100/100
|-damage|p1a: Slowbro|88/100|[from] Stealth Rock
|move|p2a: Excadrill|Earthquake|p1a: Slowbro
|-damage|p1a: Slowbro|54/100
|
|-weather|Sandstorm|[upkeep]
|-damage|p1a: Slowbro|48/100|[from] Sandstorm
|-heal|p2a: Excadrill|100/100|[from] item: Leftovers
|upkeep
|turn|17
|
|t:|1641096758
|move|p2a: Excadrill|Swords Dance|p2a: Excadrill
|-boost|p2a: Excadrill|atk|2
|move|p1a: Slowbro|Slack Off|p1a: Slowbro
|-heal|p1a: Slowbro|98/100
|
|-weather|Sandstorm|[upkeep]
|-damage|p1a: Slowbro|92/100|[from] Sandstorm
|upkeep
|turn|18
|
|t:|1641096761
|move|p2a: Excadrill|Earthquake|p1a: Slowbro
|-damage|p1a: Slowbro|25/100
|move|p1a: Slowbro|Scald|p2a: Excadrill
|-supereffective|p2a: Excadrill
|-damage|p2a: Excadrill|35/100
|
|-weather|none
|-heal|p2a: Excadrill|41/100|[from] item: Leftovers
|upkeep
|turn|19
|j|&WwlWss
|
|t:|1641096787
|switch|p1a: Heatran|Heatran, F|100/100
|-damage|p1a: Heatran|88/100|[from] Stealth Rock
|move|p2a: Excadrill|Earthquake|p1a: Heatran
|-supereffective|p1a: Heatran
|-damage|p1a: Heatran|0 fnt
|faint|p1a: Heatran
|
|-heal|p2a: Excadrill|47/100|[from] item: Leftovers
|upkeep
|inactive|SL21VX jitousb has 120 seconds left.
|
|t:|1641096832
|switch|p1a: Weavile|Weavile, F|42/100
|-ability|p1a: Weavile|Pressure
|turn|20
|
|t:|1641096834
|switch|p2a: Tyranitar|Tyranitar, F|13/100
|-damage|p2a: Tyranitar|0 fnt|[from] Stealth Rock
|faint|p2a: Tyranitar
|move|p1a: Weavile|Knock Off|p2: Tyranitar|[notarget]
|-fail|p1a: Weavile
|
|upkeep
|
|t:|1641096839
|switch|p2a: Toxapex|Toxapex, M|50/100
|-damage|p2a: Toxapex|38/100|[from] Stealth Rock
|turn|21
|inactive|SL21VX jitousb has 120 seconds left.
|
|t:|1641096876
|switch|p1a: Tapu Lele|Tapu Lele|94/100
|-damage|p1a: Tapu Lele|82/100|[from] Stealth Rock
|-fieldstart|move: Psychic Terrain|[from] ability: Psychic Surge|[of] p1a: Tapu Lele
|move|p2a: Toxapex|Scald|p1a: Tapu Lele
|-damage|p1a: Tapu Lele|63/100
|
|upkeep
|turn|22
|
|t:|1641096883
|switch|p2a: Excadrill|Excadrill, M|47/100
|-damage|p2a: Excadrill|44/100|[from] Stealth Rock
|move|p1a: Tapu Lele|Psychic|p2a: Excadrill
|-resisted|p2a: Excadrill
|-damage|p2a: Excadrill|0 fnt
|faint|p2a: Excadrill
|
|upkeep
|
|t:|1641096891
|switch|p2a: Kartana|Kartana|39/100
|-damage|p2a: Kartana|33/100|[from] Stealth Rock
|turn|23
|inactive|SL21VX jitousb has 120 seconds left.
|
|t:|1641096917
|switch|p1a: Slowbro|Slowbro, L99, M|58/100
|-damage|p1a: Slowbro|46/100|[from] Stealth Rock
|move|p2a: Kartana|Leaf Blade|p1a: Slowbro
|-supereffective|p1a: Slowbro
|-damage|p1a: Slowbro|0 fnt
|-damage|p2a: Kartana|16/100|[from] item: Rocky Helmet|[of] p1a: Slowbro
|faint|p1a: Slowbro
|-ability|p2a: Kartana|Beast Boost|boost
|-boost|p2a: Kartana|atk|1
|-damage|p2a: Kartana|7/100|[from] item: Life Orb
|
|upkeep
|
|t:|1641096918
|switch|p1a: Weavile|Weavile, F|42/100
|-ability|p1a: Weavile|Pressure
|turn|24
|
|t:|1641096924
|move|p1a: Weavile|Knock Off|p2a: Kartana
|-damage|p2a: Kartana|0 fnt
|-enditem|p2a: Kartana|Life Orb|[from] move: Knock Off|[of] p1a: Weavile
|faint|p2a: Kartana
|
|upkeep
|
|t:|1641096925
|switch|p2a: Toxapex|Toxapex, M|71/100
|-damage|p2a: Toxapex|59/100|[from] Stealth Rock
|turn|25
|inactive|SL21VX jitousb has 120 seconds left.
|
|t:|1641096943
|switch|p1a: Bisharp|Bisharp, M|100/100
|-damage|p1a: Bisharp|95/100|[from] Stealth Rock
|move|p2a: Toxapex|Scald|p1a: Bisharp
|-damage|p1a: Bisharp|69/100
|-status|p1a: Bisharp|brn
|
|-damage|p1a: Bisharp|63/100 brn|[from] brn
|-fieldend|move: Psychic Terrain
|upkeep
|turn|26
|inactive|SL21VX jitousb has 120 seconds left.
|
|t:|1641096954
|switch|p1a: Tapu Lele|Tapu Lele|63/100
|-damage|p1a: Tapu Lele|50/100|[from] Stealth Rock
|-fieldstart|move: Psychic Terrain|[from] ability: Psychic Surge|[of] p1a: Tapu Lele
|switch|p2a: Garchomp|Garchomp, M|100/100
|-damage|p2a: Garchomp|94/100|[from] Stealth Rock
|
|-heal|p2a: Garchomp|100/100|[from] item: Leftovers
|upkeep
|turn|27
|
|t:|1641096958
|switch|p1a: Bisharp|Bisharp, M|63/100 brn
|-damage|p1a: Bisharp|57/100 brn|[from] Stealth Rock
|move|p2a: Garchomp|Earthquake|p1a: Bisharp
|-supereffective|p1a: Bisharp
|-damage|p1a: Bisharp|0 fnt
|faint|p1a: Bisharp
|
|upkeep
|j| SL21VXwangyu
|
|t:|1641096959
|switch|p1a: Weavile|Weavile, F|42/100
|-ability|p1a: Weavile|Pressure
|turn|28
|
|t:|1641096962
|switch|p1a: Tapu Lele|Tapu Lele|50/100
|-damage|p1a: Tapu Lele|38/100|[from] Stealth Rock
|move|p2a: Garchomp|Earthquake|p1a: Tapu Lele
|-damage|p1a: Tapu Lele|0 fnt
|faint|p1a: Tapu Lele
|
|upkeep
|
|t:|1641096964
|switch|p1a: Weavile|Weavile, F|42/100
|-ability|p1a: Weavile|Pressure
|turn|29
|
|t:|1641096966
|move|p1a: Weavile|Triple Axel|p2a: Garchomp
|-supereffective|p2a: Garchomp
|-damage|p2a: Garchomp|56/100
|-damage|p1a: Weavile|30/100|[from] ability: Rough Skin|[of] p2a: Garchomp
|-supereffective|p2a: Garchomp
|-damage|p2a: Garchomp|0 fnt
|-damage|p1a: Weavile|17/100|[from] ability: Rough Skin|[of] p2a: Garchomp
|faint|p2a: Garchomp
|-hitcount|p2: Garchomp|2
|
|upkeep
|
|t:|1641096969
|switch|p2a: Toxapex|Toxapex, M|93/100
|-damage|p2a: Toxapex|80/100|[from] Stealth Rock
|turn|30
|
|t:|1641096985
|move|p1a: Weavile|Swords Dance|p1a: Weavile
|-boost|p1a: Weavile|atk|2
|move|p2a: Toxapex|Scald|p1a: Weavile
|-damage|p1a: Weavile|0 fnt
|faint|p1a: Weavile
|
|win|lonietzzz
|raw|SL21VX jitousb's rating: 1342 &rarr; <strong>1330</strong><br />(-12 for losing)
|raw|lonietzzz's rating: 1431 &rarr; <strong>1446</strong><br />(+15 for winning)
|l| XPSH
|l|&WwlWss
|l| peak clownery
|l|☆SL21VX jitousb
|l| solitary dream
|j| SL21VX Dream
|l| SL21VX Dream
|l|&starmind
|l| SL21VXwangyu
|j|☆SL21VX jitousb
|player|p1|SL21VX jitousb|feida.png
