|uhtml|report-battle|<b>将对战链接公开到:</b> <button class="button" name="send" value="/reportto skypillar">Sky Pillar</button><button class="button" name="send" value="/reportto shinx">Shinx</button>
|j|☆cbz123
|j|☆AlIoutdragadarts
|inactive|Battle timer is ON: inactive players will automatically lose when time's up.
|t:|1658669343
|gametype|singles
|player|p1|cbz123|coronzon333.png|
|player|p2|AlIoutdragadarts|tuber-gen6|
|teamsize|p1|6
|teamsize|p2|6
|gen|8
|tier|[Gen 8] OU
|rated|Tournament battle
|rule|Sleep Clause Mod: Limit one foe put to sleep
|rule|Species Clause: Limit one of each Pokémon
|rule|OHKO Clause: OHKO moves are banned
|rule|Evasion Moves Clause: Evasion moves are banned
|rule|Endless Battle Clause: Forcing endless battles is banned
|rule|HP Percentage Mod: HP is shown in percentages
|rule|Dynamax Clause: You cannot dynamax
|clearpoke
|poke|p1|Toxapex, M|
|poke|p1|Tapu Lele|
|poke|p1|Urshifu-*, M|
|poke|p1|Zapdos|
|poke|p1|Kartana|
|poke|p1|Landorus-Therian, M|
|poke|p2|Weavile, M|
|poke|p2|Garchomp, M|
|poke|p2|Corviknight, M|
|poke|p2|Slowking-Galar, F|
|poke|p2|Urshifu-*, F|
|poke|p2|Melmetal|
|teampreview
|j| st_cccc
|
|t:|1658669367
|start
|switch|p1a: Urshifu|Urshifu-Rapid-Strike, M|100/100
|switch|p2a: Garchomp|Garchomp, M|100/100
|turn|1
|j| shuo硕德er
|
|t:|1658669378
|switch|p2a: Corviknight|Corviknight, M|100/100
|-ability|p2a: Corviknight|Pressure
|move|p1a: Urshifu|U-turn|p2a: Corviknight
|-resisted|p2a: Corviknight
|-damage|p2a: Corviknight|95/100
|-damage|p1a: Urshifu|84/100|[from] item: Rocky Helmet|[of] p2a: Corviknight
|
|t:|1658669382
|switch|p1a: Zapdos|Zapdos|100/100|[from]move: U-turn
|
|upkeep
|turn|2
|
|t:|1658669388
|switch|p2a: Garchomp|Garchomp, M|100/100
|move|p1a: Zapdos|Hurricane|p2a: Garchomp|[miss]
|-miss|p1a: Zapdos|p2a: Garchomp
|
|upkeep
|turn|3
|
|t:|1658669393
|move|p1a: Zapdos|Hurricane|p2a: Garchomp
|-damage|p2a: Garchomp|57/100
|move|p2a: Garchomp|Stealth Rock|p1a: Zapdos
|-sidestart|p1: cbz123|move: Stealth Rock
|
|-heal|p2a: Garchomp|63/100|[from] item: Leftovers
|upkeep
|turn|4
|j| wdzkz
|
|t:|1658669414
|switch|p1a: Kartana|Kartana|100/100
|-damage|p1a: Kartana|94/100|[from] Stealth Rock
|move|p2a: Garchomp|Toxic|p1a: Kartana
|-immune|p1a: Kartana
|
|-heal|p2a: Garchomp|69/100|[from] item: Leftovers
|upkeep
|turn|5
|j| luck_yue
|
|t:|1658669422
|switch|p1a: Landorus|Landorus-Therian, M|100/100
|-damage|p1a: Landorus|88/100|[from] Stealth Rock
|-ability|p1a: Landorus|Intimidate|boost
|-unboost|p2a: Garchomp|atk|1
|switch|p2a: Corviknight|Corviknight, M|95/100
|-ability|p2a: Corviknight|Pressure
|
|-heal|p1a: Landorus|94/100|[from] item: Leftovers
|upkeep
|turn|6
|
|t:|1658669429
|move|p1a: Landorus|Stealth Rock|p2a: Corviknight
|-sidestart|p2: AlIoutdragadarts|move: Stealth Rock
|move|p2a: Corviknight|U-turn|p1a: Landorus
|-resisted|p1a: Landorus
|-damage|p1a: Landorus|87/100
|j| NineColored Deer
|
|t:|1658669438
|switch|p2a: Urshifu|Urshifu-Rapid-Strike, F|100/100|[from]move: U-turn
|-damage|p2a: Urshifu|94/100|[from] Stealth Rock
|
|-heal|p1a: Landorus|93/100|[from] item: Leftovers
|upkeep
|turn|7
|
|t:|1658669441
|switch|p1a: Toxapex|Toxapex, M|100/100
|-damage|p1a: Toxapex|88/100|[from] Stealth Rock
|move|p2a: Urshifu|U-turn|p1a: Toxapex
|-resisted|p1a: Toxapex
|-damage|p1a: Toxapex|78/100
|-damage|p2a: Urshifu|78/100|[from] item: Rocky Helmet|[of] p1a: Toxapex
|
|t:|1658669444
|switch|p2a: Slowking|Slowking-Galar, F|100/100|[from]move: U-turn
|-damage|p2a: Slowking|88/100|[from] Stealth Rock
|
|upkeep
|turn|8
|l| luck_yue
|
|t:|1658669466
|move|p1a: Toxapex|Knock Off|p2a: Slowking
|-supereffective|p2a: Slowking
|-damage|p2a: Slowking|55/100
|-enditem|p2a: Slowking|Assault Vest|[from] move: Knock Off|[of] p1a: Toxapex
|move|p2a: Slowking|Future Sight|p1a: Toxapex
|-start|p2a: Slowking|move: Future Sight
|
|upkeep
|turn|9
|
|t:|1658669485
|switch|p1a: Landorus|Landorus-Therian, M|93/100
|-damage|p1a: Landorus|81/100|[from] Stealth Rock
|-ability|p1a: Landorus|Intimidate|boost
|-unboost|p2a: Slowking|atk|1
|switch|p2a: Urshifu|Urshifu-Rapid-Strike, F|78/100
|-damage|p2a: Urshifu|72/100|[from] Stealth Rock
|
|-heal|p1a: Landorus|87/100|[from] item: Leftovers
|upkeep
|turn|10
|
|t:|1658669499
|move|p2a: Urshifu|Surging Strikes|p1a: Landorus
|-supereffective|p1a: Landorus
|-crit|p1a: Landorus
|-damage|p1a: Landorus|31/100
|-supereffective|p1a: Landorus
|-crit|p1a: Landorus
|-damage|p1a: Landorus|0 fnt
|faint|p1a: Landorus
|-hitcount|p1: Landorus|2
|
|-hint|Future Sight did not hit because the target is fainted.
|upkeep
|
|t:|1658669502
|switch|p1a: Zapdos|Zapdos|100/100
|turn|11
|
|t:|1658669513
|switch|p2a: Slowking|Slowking-Galar, F|88/100
|-damage|p2a: Slowking|76/100|[from] Stealth Rock
|move|p1a: Zapdos|Hurricane|p2a: Slowking
|-damage|p2a: Slowking|36/100
|-start|p2a: Slowking|confusion
|
|upkeep
|turn|12
|
|t:|1658669519
|switch|p2a: Melmetal|Melmetal|100/100
|-damage|p2a: Melmetal|94/100|[from] Stealth Rock
|move|p1a: Zapdos|Hurricane|p2a: Melmetal|[miss]
|-miss|p1a: Zapdos|p2a: Melmetal
|
|-heal|p2a: Melmetal|100/100|[from] item: Leftovers
|upkeep
|turn|13
|
|t:|1658669527
|move|p1a: Zapdos|Heat Wave|p2a: Melmetal
|-supereffective|p2a: Melmetal
|-damage|p2a: Melmetal|46/100
|move|p2a: Melmetal|Thunder Punch|p1a: Zapdos
|-damage|p1a: Zapdos|58/100
|
|-heal|p2a: Melmetal|53/100|[from] item: Leftovers
|upkeep
|turn|14
|
|t:|1658669541
|switch|p2a: Garchomp|Garchomp, M|69/100
|-damage|p2a: Garchomp|63/100|[from] Stealth Rock
|move|p1a: Zapdos|Heat Wave|p2a: Garchomp
|-resisted|p2a: Garchomp
|-damage|p2a: Garchomp|50/100
|-status|p2a: Garchomp|brn
|
|-heal|p2a: Garchomp|56/100 brn|[from] item: Leftovers
|-damage|p2a: Garchomp|50/100 brn|[from] brn
|upkeep
|turn|15
|c|☆cbz123|sry
|
|t:|1658669549
|move|p1a: Zapdos|Roost|p1a: Zapdos
|-heal|p1a: Zapdos|100/100
|-singleturn|p1a: Zapdos|move: Roost
|move|p2a: Garchomp|Toxic|p1a: Zapdos
|-status|p1a: Zapdos|tox
|
|-heal|p2a: Garchomp|56/100 brn|[from] item: Leftovers
|-damage|p1a: Zapdos|94/100 tox|[from] psn
|-damage|p2a: Garchomp|50/100 brn|[from] brn
|upkeep
|turn|16
|j| zigza
|c|☆AlIoutdragadarts|np
|
|t:|1658669565
|switch|p2a: Weavile|Weavile, M|100/100
|-ability|p2a: Weavile|Pressure
|move|p1a: Zapdos|Hurricane|p2a: Weavile|[miss]
|-miss|p1a: Zapdos|p2a: Weavile
|
|-damage|p1a: Zapdos|82/100 tox|[from] psn
|upkeep
|turn|17
|
|t:|1658669571
|switch|p1a: Toxapex|Toxapex, M|100/100
|-damage|p1a: Toxapex|88/100|[from] Stealth Rock
|move|p2a: Weavile|Knock Off|p1a: Toxapex
|-crit|p1a: Toxapex
|-damage|p1a: Toxapex|40/100
|-damage|p2a: Weavile|84/100|[from] item: Rocky Helmet|[of] p1a: Toxapex
|-enditem|p1a: Toxapex|Rocky Helmet|[from] move: Knock Off|[of] p2a: Weavile
|
|upkeep
|turn|18
|
|t:|1658669581
|move|p2a: Weavile|Swords Dance|p2a: Weavile
|-boost|p2a: Weavile|atk|2
|move|p1a: Toxapex|Recover|p1a: Toxapex
|-heal|p1a: Toxapex|90/100
|
|upkeep
|turn|19
|j| Thunderstormech
|
|t:|1658669591
|switch|p2a: Slowking|Slowking-Galar, F|69/100
|-damage|p2a: Slowking|56/100|[from] Stealth Rock
|move|p1a: Toxapex|Scald|p2a: Slowking
|-damage|p2a: Slowking|45/100
|
|upkeep
|turn|20
|j| rachel19738
|
|t:|1658669609
|switch|p1a: Kartana|Kartana|94/100
|-damage|p1a: Kartana|88/100|[from] Stealth Rock
|move|p2a: Slowking|Future Sight|p1a: Kartana
|-start|p2a: Slowking|move: Future Sight
|
|upkeep
|turn|21
|
|t:|1658669621
|switch|p2a: Urshifu|Urshifu-Rapid-Strike, F|72/100
|-damage|p2a: Urshifu|66/100|[from] Stealth Rock
|move|p1a: Kartana|Knock Off|p2a: Urshifu
|-resisted|p2a: Urshifu
|-damage|p2a: Urshifu|42/100
|-enditem|p2a: Urshifu|Choice Band|[from] move: Knock Off|[of] p1a: Kartana
|
|upkeep
|turn|22
|
|t:|1658669630
|switch|p2a: Corviknight|Corviknight, M|95/100
|-damage|p2a: Corviknight|83/100|[from] Stealth Rock
|-ability|p2a: Corviknight|Pressure
|move|p1a: Kartana|Leaf Blade|p2a: Corviknight
|-resisted|p2a: Corviknight
|-damage|p2a: Corviknight|73/100
|-damage|p1a: Kartana|72/100|[from] item: Rocky Helmet|[of] p2a: Corviknight
|
|-end|p1a: Kartana|move: Future Sight
|-resisted|p1a: Kartana
|-damage|p1a: Kartana|0 fnt
|faint|p1a: Kartana
|upkeep
|
|t:|1658669632
|switch|p1a: Zapdos|Zapdos|82/100 tox
|turn|23
|
|t:|1658669640
|switch|p2a: Garchomp|Garchomp, M|50/100 brn
|-damage|p2a: Garchomp|44/100 brn|[from] Stealth Rock
|move|p1a: Zapdos|Hurricane|p2a: Garchomp
|-damage|p2a: Garchomp|2/100 brn
|-start|p2a: Garchomp|confusion
|
|-heal|p2a: Garchomp|8/100 brn|[from] item: Leftovers
|-damage|p1a: Zapdos|76/100 tox|[from] psn
|-damage|p2a: Garchomp|2/100 brn|[from] brn
|upkeep
|turn|24
|
|t:|1658669643
|move|p1a: Zapdos|Heat Wave|p2a: Garchomp
|-resisted|p2a: Garchomp
|-damage|p2a: Garchomp|0 fnt
|faint|p2a: Garchomp
|
|-damage|p1a: Zapdos|63/100 tox|[from] psn
|upkeep
|
|t:|1658669645
|switch|p2a: Weavile|Weavile, M|84/100
|-ability|p2a: Weavile|Pressure
|turn|25
|l| zigza
|
|t:|1658669651
|switch|p1a: Toxapex|Toxapex, M|100/100
|-damage|p1a: Toxapex|88/100|[from] Stealth Rock
|move|p2a: Weavile|Knock Off|p1a: Toxapex
|-damage|p1a: Toxapex|65/100
|
|upkeep
|turn|26
|l| Thunderstormech
|
|t:|1658669662
|switch|p2a: Slowking|Slowking-Galar, F|78/100
|-damage|p2a: Slowking|65/100|[from] Stealth Rock
|move|p1a: Toxapex|Scald|p2a: Slowking
|-damage|p2a: Slowking|55/100
|-status|p2a: Slowking|brn
|
|-damage|p2a: Slowking|49/100 brn|[from] brn
|upkeep
|turn|27
|
|t:|1658669669
|switch|p1a: Urshifu|Urshifu-Rapid-Strike, M|84/100
|-damage|p1a: Urshifu|78/100|[from] Stealth Rock
|move|p2a: Slowking|Future Sight|p1a: Urshifu
|-start|p2a: Slowking|move: Future Sight
|
|-damage|p2a: Slowking|43/100 brn|[from] brn
|upkeep
|turn|28
|
|t:|1658669675
|switch|p2a: Corviknight|Corviknight, M|73/100
|-damage|p2a: Corviknight|61/100|[from] Stealth Rock
|-ability|p2a: Corviknight|Pressure
|move|p1a: Urshifu|Surging Strikes|p2a: Corviknight
|-crit|p2a: Corviknight
|-damage|p2a: Corviknight|43/100
|-damage|p1a: Urshifu|61/100|[from] item: Rocky Helmet|[of] p2a: Corviknight
|-crit|p2a: Corviknight
|-damage|p2a: Corviknight|24/100
|-damage|p1a: Urshifu|45/100|[from] item: Rocky Helmet|[of] p2a: Corviknight
|-crit|p2a: Corviknight
|-damage|p2a: Corviknight|5/100
|-damage|p1a: Urshifu|29/100|[from] item: Rocky Helmet|[of] p2a: Corviknight
|-hitcount|p2a: Corviknight|3
|
|upkeep
|turn|29
|j| luck_yue
|
|t:|1658669695
|switch|p1a: Zapdos|Zapdos|63/100 tox
|move|p2a: Corviknight|Roost|p2a: Corviknight
|-heal|p2a: Corviknight|55/100
|-singleturn|p2a: Corviknight|move: Roost
|
|-end|p1a: Zapdos|move: Future Sight
|-damage|p1a: Zapdos|0 fnt
|faint|p1a: Zapdos
|upkeep
|
|t:|1658669704
|switch|p1a: Tapu Lele|Tapu Lele|100/100
|-damage|p1a: Tapu Lele|88/100|[from] Stealth Rock
|-fieldstart|move: Psychic Terrain|[from] ability: Psychic Surge|[of] p1a: Tapu Lele
|turn|30
|inactive|AlIoutdragadarts has 120 seconds left.
|
|t:|1658669740
|move|p1a: Tapu Lele|Psychic|p2a: Corviknight
|-resisted|p2a: Corviknight
|-damage|p2a: Corviknight|24/100
|move|p2a: Corviknight|Roost|p2a: Corviknight
|-heal|p2a: Corviknight|74/100
|-singleturn|p2a: Corviknight|move: Roost
|
|upkeep
|turn|31
|inactive|AlIoutdragadarts has 120 seconds left.
|
|t:|1658669747
|move|p1a: Tapu Lele|Psychic|p2a: Corviknight
|-resisted|p2a: Corviknight
|-damage|p2a: Corviknight|44/100
|move|p2a: Corviknight|Roost|p2a: Corviknight
|-heal|p2a: Corviknight|94/100
|-singleturn|p2a: Corviknight|move: Roost
|
|upkeep
|turn|32
|inactive|AlIoutdragadarts has 120 seconds left.
|
|t:|1658669758
|switch|p1a: Toxapex|Toxapex, M|99/100
|-damage|p1a: Toxapex|86/100|[from] Stealth Rock
|move|p2a: Corviknight|Roost|p2a: Corviknight
|-heal|p2a: Corviknight|100/100
|-singleturn|p2a: Corviknight|move: Roost
|
|upkeep
|turn|33
|
|t:|1658669763
|move|p2a: Corviknight|U-turn|p1a: Toxapex
|-resisted|p1a: Toxapex
|-damage|p1a: Toxapex|82/100
|j| Thunderstormech
|
|t:|1658669768
|switch|p2a: Slowking|Slowking-Galar, F|76/100 brn|[from]move: U-turn
|-damage|p2a: Slowking|63/100 brn|[from] Stealth Rock
|move|p1a: Toxapex|Knock Off|p2a: Slowking
|-supereffective|p2a: Slowking
|-crit|p2a: Slowking
|-damage|p2a: Slowking|33/100 brn
|
|-damage|p2a: Slowking|27/100 brn|[from] brn
|upkeep
|turn|34
|
|t:|1658669783
|switch|p2a: Urshifu|Urshifu-Rapid-Strike, F|42/100
|-damage|p2a: Urshifu|36/100|[from] Stealth Rock
|move|p1a: Toxapex|Knock Off|p2a: Urshifu
|-resisted|p2a: Urshifu
|-damage|p2a: Urshifu|31/100
|
|-fieldend|move: Psychic Terrain
|upkeep
|turn|35
|
|t:|1658669800
|move|p2a: Urshifu|U-turn|p1a: Toxapex
|-resisted|p1a: Toxapex
|-damage|p1a: Toxapex|75/100
|
|t:|1658669802
|switch|p2a: Melmetal|Melmetal|53/100|[from]move: U-turn
|-damage|p2a: Melmetal|46/100|[from] Stealth Rock
|move|p1a: Toxapex|Knock Off|p2a: Melmetal
|-damage|p2a: Melmetal|37/100
|-enditem|p2a: Melmetal|Leftovers|[from] move: Knock Off|[of] p1a: Toxapex
|
|upkeep
|turn|36
|l| Thunderstormech
|
|t:|1658669809
|move|p2a: Melmetal|Double Iron Bash|p1a: Toxapex
|-resisted|p1a: Toxapex
|-damage|p1a: Toxapex|61/100
|-resisted|p1a: Toxapex
|-damage|p1a: Toxapex|47/100
|-hitcount|p1a: Toxapex|2
|cant|p1a: Toxapex|flinch
|
|upkeep
|turn|37
|
|t:|1658669815
|switch|p1a: Urshifu|Urshifu-Rapid-Strike, M|29/100
|-damage|p1a: Urshifu|22/100|[from] Stealth Rock
|move|p2a: Melmetal|Double Iron Bash|p1a: Urshifu
|-resisted|p1a: Urshifu
|-damage|p1a: Urshifu|1/100
|-resisted|p1a: Urshifu
|-damage|p1a: Urshifu|0 fnt
|faint|p1a: Urshifu
|-hitcount|p1: Urshifu|2
|
|upkeep
|
|t:|1658669817
|switch|p1a: Tapu Lele|Tapu Lele|88/100
|-damage|p1a: Tapu Lele|76/100|[from] Stealth Rock
|-fieldstart|move: Psychic Terrain|[from] ability: Psychic Surge|[of] p1a: Tapu Lele
|turn|38
|
|t:|1658669827
|switch|p2a: Urshifu|Urshifu-Rapid-Strike, F|31/100
|-damage|p2a: Urshifu|25/100|[from] Stealth Rock
|move|p1a: Tapu Lele|Psychic|p2a: Urshifu
|-supereffective|p2a: Urshifu
|-damage|p2a: Urshifu|0 fnt
|faint|p2a: Urshifu
|
|upkeep
|
|t:|1658669831
|switch|p2a: Corviknight|Corviknight, M|100/100
|-damage|p2a: Corviknight|88/100|[from] Stealth Rock
|-ability|p2a: Corviknight|Pressure
|turn|39
|
|t:|1658669835
|move|p1a: Tapu Lele|Psychic|p2a: Corviknight
|-resisted|p2a: Corviknight
|-damage|p2a: Corviknight|60/100
|move|p2a: Corviknight|Defog|p1a: Tapu Lele
|-unboost|p1a: Tapu Lele|evasion|1
|-sideend|p1: cbz123|Stealth Rock|[from] move: Defog|[of] p2a: Corviknight
|-sideend|p2: AlIoutdragadarts|Stealth Rock|[from] move: Defog|[of] p2a: Corviknight
|-fieldend|move: Psychic Terrain
|
|upkeep
|turn|40
|
|t:|1658669839
|switch|p1a: Toxapex|Toxapex, M|80/100
|move|p2a: Corviknight|Roost|p2a: Corviknight
|-heal|p2a: Corviknight|100/100
|-singleturn|p2a: Corviknight|move: Roost
|
|upkeep
|turn|41
|
|t:|1658669845
|move|p2a: Corviknight|U-turn|p1a: Toxapex
|-resisted|p1a: Toxapex
|-crit|p1a: Toxapex
|-damage|p1a: Toxapex|73/100
|
|t:|1658669856
|switch|p2a: Slowking|Slowking-Galar, F|60/100 brn|[from]move: U-turn
|move|p1a: Toxapex|Scald|p2a: Slowking
|-damage|p2a: Slowking|49/100 brn
|
|-damage|p2a: Slowking|43/100 brn|[from] brn
|upkeep
|turn|42
|
|t:|1658669861
|move|p1a: Toxapex|Knock Off|p2a: Slowking
|-supereffective|p2a: Slowking
|-damage|p2a: Slowking|21/100 brn
|move|p2a: Slowking|Sludge Bomb|p1a: Toxapex
|-resisted|p1a: Toxapex
|-damage|p1a: Toxapex|55/100
|
|-damage|p2a: Slowking|14/100 brn|[from] brn
|upkeep
|turn|43
|
|t:|1658669869
|switch|p1a: Tapu Lele|Tapu Lele|76/100
|-fieldstart|move: Psychic Terrain|[from] ability: Psychic Surge|[of] p1a: Tapu Lele
|switch|p2a: Corviknight|Corviknight, M|100/100
|-ability|p2a: Corviknight|Pressure
|
|upkeep
|turn|44
|
|t:|1658669877
|move|p1a: Tapu Lele|Focus Blast|p2a: Corviknight|[miss]
|-miss|p1a: Tapu Lele|p2a: Corviknight
|move|p2a: Corviknight|U-turn|p1a: Tapu Lele
|-damage|p1a: Tapu Lele|53/100
|
|t:|1658669880
|switch|p2a: Slowking|Slowking-Galar, F|48/100 brn|[from]move: U-turn
|
|-damage|p2a: Slowking|42/100 brn|[from] brn
|upkeep
|turn|45
|
|t:|1658669882
|switch|p1a: Toxapex|Toxapex, M|88/100
|move|p2a: Slowking|Sludge Bomb|p1a: Toxapex
|-resisted|p1a: Toxapex
|-damage|p1a: Toxapex|69/100
|
|-damage|p2a: Slowking|36/100 brn|[from] brn
|upkeep
|turn|46
|
|t:|1658669886
|move|p1a: Toxapex|Scald|p2a: Slowking
|-damage|p2a: Slowking|25/100 brn
|move|p2a: Slowking|Future Sight|p1a: Toxapex
|-start|p2a: Slowking|move: Future Sight
|
|-damage|p2a: Slowking|19/100 brn|[from] brn
|upkeep
|turn|47
|
|t:|1658669898
|switch|p2a: Melmetal|Melmetal|37/100
|move|p1a: Toxapex|Scald|p2a: Melmetal
|-damage|p2a: Melmetal|24/100
|
|-fieldend|move: Psychic Terrain
|upkeep
|turn|48
|
|t:|1658669904
|move|p2a: Melmetal|Double Iron Bash|p1a: Toxapex
|-resisted|p1a: Toxapex
|-damage|p1a: Toxapex|57/100
|-resisted|p1a: Toxapex
|-damage|p1a: Toxapex|43/100
|-hitcount|p1a: Toxapex|2
|cant|p1a: Toxapex|flinch
|
|-end|p1a: Toxapex|move: Future Sight
|-supereffective|p1a: Toxapex
|-damage|p1a: Toxapex|0 fnt
|faint|p1a: Toxapex
|upkeep
|
|t:|1658669906
|switch|p1a: Tapu Lele|Tapu Lele|53/100
|-fieldstart|move: Psychic Terrain|[from] ability: Psychic Surge|[of] p1a: Tapu Lele
|turn|49
|
|t:|1658669908
|move|p1a: Tapu Lele|Psychic|p2a: Melmetal
|-resisted|p2a: Melmetal
|-crit|p2a: Melmetal
|-damage|p2a: Melmetal|0 fnt
|faint|p2a: Melmetal
|
|upkeep
|
|t:|1658669910
|switch|p2a: Weavile|Weavile, M|84/100
|-ability|p2a: Weavile|Pressure
|turn|50
|
|t:|1658669912
|move|p1a: Tapu Lele|Psychic|p2a: Weavile
|-immune|p2a: Weavile
|move|p2a: Weavile|Knock Off|p1a: Tapu Lele
|-damage|p1a: Tapu Lele|0 fnt
|-enditem|p1a: Tapu Lele|Choice Scarf|[from] move: Knock Off|[of] p2a: Weavile
|faint|p1a: Tapu Lele
|
|win|AlIoutdragadarts
|n|☆cbz123|cbz123
|n|☆AlIoutdragadarts|alioutdragadarts
|n| st_cccc|stcccc
|n| shuo硕德er|shuoer
|n| wdzkz|wdzkz
|n| NineColored Deer|ninecoloreddeer
|n| rachel19738|rachel19738
|n| luck_yue|luckyue
|l|☆AlIoutdragadarts
|l|☆cbz123
|l| wdzkz
