|uhtml|report-battle|<b>将对战链接公开到:</b> <button class="button" name="send" value="/reportto skypillar">Sky Pillar</button><button class="button" name="send" value="/reportto shinx">Shinx</button>
|j|☆AlIoutdragadarts
|j|☆YANZUI
|inactive|Battle timer is ON: inactive players will automatically lose when time's up.
|t:|1664716682
|gametype|singles
|player|p1|AlIoutdragadarts|dawn|
|player|p2|YANZUI|elesa-masters|
|teamsize|p1|6
|teamsize|p2|6
|gen|8
|tier|[Gen 8] OU
|rated|Tournament battle
|rule|Sleep Clause Mod: Limit one foe put to sleep
|rule|Species Clause: Limit one of each Pokémon
|rule|OHKO Clause: OHKO moves are banned
|rule|Evasion Items Clause: Evasion items are banned
|rule|Evasion Moves Clause: Evasion moves are banned
|rule|Endless Battle Clause: Forcing endless battles is banned
|rule|HP Percentage Mod: HP is shown in percentages
|rule|Dynamax Clause: You cannot dynamax
|clearpoke
|poke|p1|Torkoal, M|
|poke|p1|Shiftry, M|
|poke|p1|Tapu Fini|
|poke|p1|Venusaur, M|
|poke|p1|Landorus-Therian, M|
|poke|p1|Blaziken, M|
|poke|p2|Zeraora|
|poke|p2|Tapu Lele|
|poke|p2|Melmetal|
|poke|p2|Landorus-Therian, M|
|poke|p2|Dragonite, F|
|poke|p2|Urshifu-*, M|
|teampreview
|
|t:|1664716697
|start
|switch|p1a: Torkoal|Torkoal, M, shiny|100/100
|switch|p2a: Landorus|Landorus-Therian, M|100/100
|-ability|p2a: Landorus|Intimidate|boost
|-unboost|p1a: Torkoal|atk|1
|-weather|SunnyDay|[from] ability: Drought|[of] p1a: Torkoal
|turn|1
|
|t:|1664716702
|switch|p1a: Landorus|Landorus-Therian, M, shiny|100/100
|-ability|p1a: Landorus|Intimidate|boost
|-unboost|p2a: Landorus|atk|1
|move|p2a: Landorus|Earthquake|p1a: Landorus
|-immune|p1a: Landorus
|
|-weather|SunnyDay|[upkeep]
|upkeep
|turn|2
|
|t:|1664716705
|move|p1a: Landorus|U-turn|p2a: Landorus
|-resisted|p2a: Landorus
|-crit|p2a: Landorus
|-damage|p2a: Landorus|82/100
|
|t:|1664716706
|switch|p1a: Tapu Fini|Tapu Fini, shiny|100/100|[from]move: U-turn
|-fieldstart|move: Misty Terrain|[from] ability: Misty Surge|[of] p1a: Tapu Fini
|move|p2a: Landorus|Stealth Rock|p1a: Tapu Fini
|-sidestart|p1: AlIoutdragadarts|move: Stealth Rock
|
|-weather|SunnyDay|[upkeep]
|upkeep
|turn|3
|
|t:|1664716711
|move|p2a: Landorus|U-turn|p1a: Tapu Fini
|-resisted|p1a: Tapu Fini
|-damage|p1a: Tapu Fini|93/100
|-enditem|p1a: Tapu Fini|Eject Button
|
|t:|1664716714
|switch|p1a: Venusaur|Venusaur, M, shiny|100/100
|-damage|p1a: Venusaur|88/100|[from] Stealth Rock
|
|-weather|SunnyDay|[upkeep]
|upkeep
|turn|4
|
|t:|1664716720
|move|p1a: Venusaur|Weather Ball|p2a: Landorus
|-damage|p2a: Landorus|16/100
|-damage|p1a: Venusaur|78/100|[from] item: Life Orb
|move|p2a: Landorus|Earthquake|p1a: Venusaur
|-damage|p1a: Venusaur|20/100
|
|-weather|SunnyDay|[upkeep]
|upkeep
|turn|5
|
|t:|1664716731
|move|p1a: Venusaur|Giga Drain|p2a: Landorus
|-damage|p2a: Landorus|0 fnt
|-heal|p1a: Venusaur|30/100|[from] drain|[of] p2a: Landorus
|faint|p2a: Landorus
|-damage|p1a: Venusaur|20/100|[from] item: Life Orb
|
|-weather|SunnyDay|[upkeep]
|upkeep
|
|t:|1664716736
|switch|p2a: Dragonite|Dragonite, F|100/100
|turn|6
|
|t:|1664716748
|switch|p1a: Landorus|Landorus-Therian, M, shiny|100/100
|-damage|p1a: Landorus|88/100|[from] Stealth Rock
|-ability|p1a: Landorus|Intimidate|boost
|-unboost|p2a: Dragonite|atk|1
|switch|p2a: Urshifu|Urshifu-Rapid-Strike, M|100/100
|
|-weather|SunnyDay|[upkeep]
|-fieldend|Misty Terrain
|upkeep
|turn|7
|
|t:|1664716755
|move|p1a: Landorus|U-turn|p2a: Urshifu
|-resisted|p2a: Urshifu
|-damage|p2a: Urshifu|89/100
|
|t:|1664716757
|switch|p1a: Tapu Fini|Tapu Fini, shiny|93/100|[from]move: U-turn
|-damage|p1a: Tapu Fini|80/100|[from] Stealth Rock
|-fieldstart|move: Misty Terrain|[from] ability: Misty Surge|[of] p1a: Tapu Fini
|move|p2a: Urshifu|Surging Strikes|p1a: Tapu Fini
|-resisted|p1a: Tapu Fini
|-crit|p1a: Tapu Fini
|-damage|p1a: Tapu Fini|74/100
|-resisted|p1a: Tapu Fini
|-crit|p1a: Tapu Fini
|-damage|p1a: Tapu Fini|67/100
|-resisted|p1a: Tapu Fini
|-crit|p1a: Tapu Fini
|-damage|p1a: Tapu Fini|61/100
|-hitcount|p1a: Tapu Fini|3
|
|-weather|SunnyDay|[upkeep]
|upkeep
|turn|8
|
|t:|1664716767
|switch|p2a: Zeraora|Zeraora|100/100
|move|p1a: Tapu Fini|Defog|p2a: Zeraora
|-unboost|p2a: Zeraora|evasion|1
|-sideend|p1: AlIoutdragadarts|Stealth Rock|[from] move: Defog|[of] p1a: Tapu Fini
|-fieldend|Misty Terrain
|
|-weather|none
|upkeep
|turn|9
|j| china_ooa
|
|t:|1664716781
|switch|p1a: Landorus|Landorus-Therian, M, shiny|88/100
|-ability|p1a: Landorus|Intimidate|boost
|-unboost|p2a: Zeraora|atk|1
|move|p2a: Zeraora|Bulk Up|p2a: Zeraora
|-boost|p2a: Zeraora|atk|1
|-boost|p2a: Zeraora|def|1
|
|upkeep
|turn|10
|
|t:|1664716790
|move|p1a: Landorus|Earthquake|p2a: Zeraora
|-supereffective|p2a: Zeraora
|-damage|p2a: Zeraora|9/100
|move|p2a: Zeraora|Knock Off|p1a: Landorus
|-crit|p1a: Landorus
|-damage|p1a: Landorus|43/100
|-enditem|p1a: Landorus|Choice Scarf|[from] move: Knock Off|[of] p2a: Zeraora
|
|upkeep
|turn|11
|
|t:|1664716800
|switch|p2a: Dragonite|Dragonite, F|100/100
|move|p1a: Landorus|U-turn|p2a: Dragonite
|-resisted|p2a: Dragonite
|-damage|p2a: Dragonite|95/100
|
|t:|1664716807
|switch|p1a: Tapu Fini|Tapu Fini, shiny|61/100|[from]move: U-turn
|-fieldstart|move: Misty Terrain|[from] ability: Misty Surge|[of] p1a: Tapu Fini
|
|upkeep
|turn|12
|
|t:|1664716811
|move|p2a: Dragonite|Earthquake|p1a: Tapu Fini
|-damage|p1a: Tapu Fini|37/100
|move|p1a: Tapu Fini|Moonblast|p2a: Dragonite
|-supereffective|p2a: Dragonite
|-damage|p2a: Dragonite|35/100
|-unboost|p2a: Dragonite|spa|1
|
|upkeep
|turn|13
|
|t:|1664716823
|move|p2a: Dragonite|Dual Wingbeat|p1a: Tapu Fini
|-damage|p1a: Tapu Fini|21/100
|-damage|p1a: Tapu Fini|4/100
|-hitcount|p1a: Tapu Fini|2
|move|p1a: Tapu Fini|Moonblast|p2a: Dragonite
|-supereffective|p2a: Dragonite
|-damage|p2a: Dragonite|0 fnt
|faint|p2a: Dragonite
|
|upkeep
|
|t:|1664716840
|switch|p2a: Urshifu|Urshifu-Rapid-Strike, M|89/100
|turn|14
|
|t:|1664716854
|switch|p1a: Torkoal|Torkoal, M, shiny|100/100
|-weather|SunnyDay|[from] ability: Drought|[of] p1a: Torkoal
|move|p2a: Urshifu|U-turn|p1a: Torkoal
|-resisted|p1a: Torkoal
|-damage|p1a: Torkoal|89/100
|
|t:|1664716859
|switch|p2a: Tapu Lele|Tapu Lele|100/100|[from]move: U-turn
|-fieldstart|move: Psychic Terrain|[from] ability: Psychic Surge|[of] p2a: Tapu Lele
|
|-weather|SunnyDay|[upkeep]
|upkeep
|turn|15
|inactive|AlIoutdragadarts has 120 seconds left.
|inactive|YANZUI has 120 seconds left.
|
|t:|1664716908
|switch|p1a: Tapu Fini|Tapu Fini, shiny|4/100
|-fieldstart|move: Misty Terrain|[from] ability: Misty Surge|[of] p1a: Tapu Fini
|move|p2a: Tapu Lele|Psychic|p1a: Tapu Fini
|-damage|p1a: Tapu Fini|0 fnt
|faint|p1a: Tapu Fini
|
|-weather|SunnyDay|[upkeep]
|upkeep
|
|t:|1664716910
|switch|p1a: Shiftry|Shiftry, M, shiny|100/100
|turn|16
|
|t:|1664716923
|switch|p2a: Zeraora|Zeraora|9/100
|move|p1a: Shiftry|Growth|p1a: Shiftry
|-boost|p1a: Shiftry|atk|2
|-boost|p1a: Shiftry|spa|2
|
|-weather|SunnyDay|[upkeep]
|upkeep
|turn|17
|
|t:|1664716927
|move|p1a: Shiftry|Knock Off|p2a: Zeraora
|-damage|p2a: Zeraora|0 fnt
|-enditem|p2a: Zeraora|Heavy-Duty Boots|[from] move: Knock Off|[of] p1a: Shiftry
|faint|p2a: Zeraora
|-damage|p1a: Shiftry|91/100|[from] item: Life Orb
|
|-weather|SunnyDay|[upkeep]
|upkeep
|
|t:|1664716933
|switch|p2a: Melmetal|Melmetal|100/100
|turn|18
|inactive|AlIoutdragadarts has 120 seconds left.
|
|t:|1664716958
|switch|p1a: Landorus|Landorus-Therian, M, shiny|43/100
|-ability|p1a: Landorus|Intimidate|boost
|-unboost|p2a: Melmetal|atk|1
|move|p2a: Melmetal|Double Iron Bash|p1a: Landorus
|-damage|p1a: Landorus|0 fnt
|faint|p1a: Landorus
|-hitcount|p1: Landorus|1
|
|-weather|SunnyDay|[upkeep]
|upkeep
|
|t:|1664716963
|switch|p1a: Blaziken|Blaziken, M, shiny|100/100
|turn|19
|
|t:|1664716970
|switch|p2a: Tapu Lele|Tapu Lele|100/100
|-fieldstart|move: Psychic Terrain|[from] ability: Psychic Surge|[of] p2a: Tapu Lele
|move|p1a: Blaziken|Flare Blitz|p2a: Tapu Lele
|-damage|p2a: Tapu Lele|0 fnt
|faint|p2a: Tapu Lele
|-damage|p1a: Blaziken|72/100|[from] Recoil
|
|-weather|SunnyDay|[upkeep]
|-heal|p1a: Blaziken|78/100|[from] item: Leftovers
|-ability|p1a: Blaziken|Speed Boost|boost
|-boost|p1a: Blaziken|spe|1
|upkeep
|j| shuo硕德er
|
|t:|1664716972
|switch|p2a: Urshifu|Urshifu-Rapid-Strike, M|89/100
|turn|20
|inactive|AlIoutdragadarts has 120 seconds left.
|l| shuo硕德er
|j| shuo硕德er
|
|t:|1664716994
|move|p1a: Blaziken|Close Combat|p2a: Urshifu
|-damage|p2a: Urshifu|27/100
|-unboost|p1a: Blaziken|def|1
|-unboost|p1a: Blaziken|spd|1
|move|p2a: Urshifu|Surging Strikes|p1a: Blaziken
|-supereffective|p1a: Blaziken
|-crit|p1a: Blaziken
|-damage|p1a: Blaziken|15/100
|-supereffective|p1a: Blaziken
|-crit|p1a: Blaziken
|-damage|p1a: Blaziken|0 fnt
|faint|p1a: Blaziken
|-hitcount|p1: Blaziken|2
|
|-weather|SunnyDay|[upkeep]
|upkeep
|
|t:|1664717000
|switch|p1a: Venusaur|Venusaur, M, shiny|20/100
|turn|21
|j| yiyue
|l| yiyue
|
|t:|1664717008
|move|p1a: Venusaur|Weather Ball|p2a: Urshifu
|-resisted|p2a: Urshifu
|-crit|p2a: Urshifu
|-damage|p2a: Urshifu|0 fnt
|faint|p2a: Urshifu
|-damage|p1a: Venusaur|10/100|[from] item: Life Orb
|
|-weather|none
|upkeep
|
|t:|1664717009
|switch|p2a: Melmetal|Melmetal|100/100
|turn|22
|c| shuo硕德er|好精场
|j| Pichiu
|j|%Cure★Persona
|inactive|AlIoutdragadarts has 120 seconds left.
|
|t:|1664717048
|move|p1a: Venusaur|Earth Power|p2a: Melmetal
|-supereffective|p2a: Melmetal
|-damage|p2a: Melmetal|23/100
|-damage|p1a: Venusaur|0 fnt|[from] item: Life Orb
|faint|p1a: Venusaur
|move|p2a: Melmetal|Earthquake|p1: Venusaur|[notarget]
|-fail|p2a: Melmetal
|
|upkeep
|j| Buried butterfly
|
|t:|1664717053
|switch|p1a: Shiftry|Shiftry, M, shiny|91/100
|turn|23
|
|t:|1664717055
|move|p1a: Shiftry|Knock Off|p2a: Melmetal
|-damage|p2a: Melmetal|0 fnt
|-enditem|p2a: Melmetal|Choice Band|[from] move: Knock Off|[of] p1a: Shiftry
|faint|p2a: Melmetal
|-damage|p1a: Shiftry|81/100|[from] item: Life Orb
|
|win|AlIoutdragadarts
|n|☆AlIoutdragadarts|alioutdragadarts
|n|☆YANZUI|yanzui
|n| china_ooa|chinaooa
|n| shuo硕德er|shuoer
|n| Pichiu|pichiu
|n|%Cure★Persona|curepersona
|n| Buried butterfly|buriedbutterfly
