|j|☆peyko
|j|☆Swordsman.N
|t:|1651833333
|gametype|singles
|player|p1|peyko|blackbelt-gen4dp|
|player|p2|Swordsman.N|caitlin|
|teamsize|p1|6
|teamsize|p2|6
|gen|8
|tier|[Gen 8] OU
|rule|Sleep Clause Mod: Limit one foe put to sleep
|rule|Species Clause: Limit one of each Pokémon
|rule|OHKO Clause: OHKO moves are banned
|rule|Evasion Moves Clause: Evasion moves are banned
|rule|Endless Battle Clause: Forcing endless battles is banned
|rule|HP Percentage Mod: HP is shown in percentages
|rule|Dynamax Clause: You cannot dynamax
|clearpoke
|poke|p1|Togekiss, M|
|poke|p1|Zygarde-10%|
|poke|p1|Weavile, F|
|poke|p1|Dragalge, F|
|poke|p1|Mienshao, F|
|poke|p1|Steelix, M|
|poke|p2|Tsareena, F|
|poke|p2|Slowbro-Galar, F|
|poke|p2|Necrozma|
|poke|p2|Latios, M|
|poke|p2|Urshifu-*, F|
|poke|p2|Cobalion|
|teampreview
|
|t:|1651833375
|start
|switch|p1a: Togekiss|Togekiss, M|100/100
|switch|p2a: Cobalion|Cobalion|100/100
|turn|1
|j| yuudachi0811夕立
|
|t:|1651833392
|move|p2a: Cobalion|Stealth Rock|p1a: Togekiss
|-sidestart|p1: peyko|move: Stealth Rock
|move|p1a: Togekiss|Yawn|p2a: Cobalion
|-start|p2a: Cobalion|move: Yawn|[of] p1a: Togekiss
|
|upkeep
|turn|2
|
|t:|1651833415
|switch|p2a: Slowbro|Slowbro-Galar, F|100/100
|move|p1a: Togekiss|Air Slash|p2a: Slowbro
|-damage|p2a: Slowbro|68/100
|
|upkeep
|turn|3
|
|t:|1651833430
|move|p1a: Togekiss|Air Slash|p2a: Slowbro
|-crit|p2a: Slowbro
|-damage|p2a: Slowbro|16/100
|move|p2a: Slowbro|Sludge Bomb|p1a: Togekiss
|-supereffective|p1a: Togekiss
|-damage|p1a: Togekiss|53/100
|
|upkeep
|turn|4
|
|t:|1651833437
|switch|p2a: Cobalion|Cobalion|100/100
|move|p1a: Togekiss|Roost|p1a: Togekiss
|-heal|p1a: Togekiss|100/100
|-singleturn|p1a: Togekiss|move: Roost
|
|upkeep
|turn|5
|
|t:|1651833455
|switch|p1a: Steelix|Steelix, M|100/100
|-damage|p1a: Steelix|97/100|[from] Stealth Rock
|move|p2a: Cobalion|Iron Head|p1a: Steelix
|-resisted|p1a: Steelix
|-damage|p1a: Steelix|93/100
|
|-heal|p1a: Steelix|99/100|[from] item: Leftovers
|upkeep
|turn|6
|j|@Nyarlathotepwolf
|
|t:|1651833468
|move|p2a: Cobalion|Focus Blast|p1a: Steelix
|-supereffective|p1a: Steelix
|-damage|p1a: Steelix|0 fnt
|faint|p1a: Steelix
|
|upkeep
|
|t:|1651833474
|switch|p1a: Mienshao|Mienshao, F|100/100
|turn|7
|
|t:|1651833482
|move|p2a: Cobalion|Volt Switch|p1a: Mienshao
|-damage|p1a: Mienshao|72/100
|
|t:|1651833487
|switch|p2a: Slowbro|Slowbro-Galar, F|49/100|[from]move: Volt Switch
|move|p1a: Mienshao|Swords Dance|p1a: Mienshao
|-boost|p1a: Mienshao|atk|2
|
|upkeep
|turn|8
|
|t:|1651833517
|move|p1a: Mienshao|Knock Off|p2a: Slowbro
|-supereffective|p2a: Slowbro
|-enditem|p2a: Slowbro|Colbur Berry|[eat]
|-enditem|p2a: Slowbro|Colbur Berry|[weaken]
|-damage|p2a: Slowbro|8/100
|move|p2a: Slowbro|Psychic|p1a: Mienshao
|-supereffective|p1a: Mienshao
|-damage|p1a: Mienshao|0 fnt
|faint|p1a: Mienshao
|
|upkeep
|
|t:|1651833535
|switch|p1a: Togekiss|Togekiss, M|100/100
|-damage|p1a: Togekiss|76/100|[from] Stealth Rock
|turn|9
|
|t:|1651833543
|switch|p2a: Cobalion|Cobalion|100/100
|move|p1a: Togekiss|Yawn|p2a: Cobalion
|-start|p2a: Cobalion|move: Yawn|[of] p1a: Togekiss
|
|upkeep
|turn|10
|
|t:|1651833554
|switch|p2a: Slowbro|Slowbro-Galar, F|41/100
|move|p1a: Togekiss|Roost|p1a: Togekiss
|-heal|p1a: Togekiss|100/100
|-singleturn|p1a: Togekiss|move: Roost
|
|upkeep
|turn|11
|
|t:|1651833561
|switch|p2a: Cobalion|Cobalion|100/100
|move|p1a: Togekiss|Air Slash|p2a: Cobalion
|-damage|p2a: Cobalion|65/100
|
|-heal|p2a: Cobalion|72/100|[from] item: Leftovers
|upkeep
|turn|12
|
|t:|1651833571
|move|p2a: Cobalion|Iron Head|p1a: Togekiss
|-supereffective|p1a: Togekiss
|-damage|p1a: Togekiss|67/100
|-damage|p2a: Cobalion|55/100|[from] item: Rocky Helmet|[of] p1a: Togekiss
|move|p1a: Togekiss|Air Slash|p2a: Cobalion
|-damage|p2a: Cobalion|23/100
|
|-heal|p2a: Cobalion|29/100|[from] item: Leftovers
|upkeep
|turn|13
|
|t:|1651833580
|move|p2a: Cobalion|Iron Head|p1a: Togekiss
|-supereffective|p1a: Togekiss
|-damage|p1a: Togekiss|36/100
|-damage|p2a: Cobalion|12/100|[from] item: Rocky Helmet|[of] p1a: Togekiss
|move|p1a: Togekiss|Air Slash|p2a: Cobalion
|-damage|p2a: Cobalion|0 fnt
|faint|p2a: Cobalion
|
|upkeep
|
|t:|1651833595
|switch|p2a: Necrozma|Necrozma|100/100
|turn|14
|
|t:|1651833599
|move|p2a: Necrozma|Dragon Dance|p2a: Necrozma
|-boost|p2a: Necrozma|atk|1
|-boost|p2a: Necrozma|spe|1
|move|p1a: Togekiss|Encore|p2a: Necrozma
|-start|p2a: Necrozma|Encore
|
|upkeep
|turn|15
|
|t:|1651833651
|switch|p2a: Slowbro|Slowbro-Galar, F|74/100
|move|p1a: Togekiss|Yawn|p2a: Slowbro
|-start|p2a: Slowbro|move: Yawn|[of] p1a: Togekiss
|
|upkeep
|turn|16
|
|t:|1651833660
|move|p1a: Togekiss|Roost|p1a: Togekiss
|-heal|p1a: Togekiss|86/100
|-singleturn|p1a: Togekiss|move: Roost
|move|p2a: Slowbro|Sludge Bomb|p1a: Togekiss
|-supereffective|p1a: Togekiss
|-crit|p1a: Togekiss
|-damage|p1a: Togekiss|6/100
|
|-end|p2a: Slowbro|move: Yawn|[silent]
|-status|p2a: Slowbro|slp
|upkeep
|turn|17
|
|t:|1651833682
|switch|p2a: Necrozma|Necrozma|100/100
|move|p1a: Togekiss|Roost|p1a: Togekiss
|-heal|p1a: Togekiss|56/100
|-singleturn|p1a: Togekiss|move: Roost
|
|upkeep
|turn|18
|
|t:|1651833692
|switch|p1a: Dragalge|Dragalge, F|100/100
|-damage|p1a: Dragalge|88/100|[from] Stealth Rock
|move|p2a: Necrozma|Photon Geyser|p1a: Dragalge
|-supereffective|p1a: Dragalge
|-damage|p1a: Dragalge|0 fnt
|faint|p1a: Dragalge
|
|upkeep
|
|t:|1651833701
|switch|p1a: Weavile|Weavile, F|100/100
|turn|19
|
|t:|1651833723
|switch|p2a: Urshifu|Urshifu-Rapid-Strike, F|100/100
|move|p1a: Weavile|Knock Off|p2a: Urshifu
|-resisted|p2a: Urshifu
|-damage|p2a: Urshifu|79/100
|-enditem|p2a: Urshifu|Choice Band|[from] move: Knock Off|[of] p1a: Weavile
|
|upkeep
|turn|20
|
|t:|1651833733
|switch|p1a: Togekiss|Togekiss, M|56/100
|-damage|p1a: Togekiss|31/100|[from] Stealth Rock
|move|p2a: Urshifu|Surging Strikes|p1a: Togekiss
|-crit|p1a: Togekiss
|-damage|p1a: Togekiss|17/100
|-damage|p2a: Urshifu|62/100|[from] item: Rocky Helmet|[of] p1a: Togekiss
|-crit|p1a: Togekiss
|-damage|p1a: Togekiss|3/100
|-damage|p2a: Urshifu|46/100|[from] item: Rocky Helmet|[of] p1a: Togekiss
|-crit|p1a: Togekiss
|-damage|p1a: Togekiss|0 fnt
|-damage|p2a: Urshifu|29/100|[from] item: Rocky Helmet|[of] p1a: Togekiss
|faint|p1a: Togekiss
|-hitcount|p1: Togekiss|3
|
|upkeep
|
|t:|1651833751
|switch|p1a: Zygarde|Zygarde-10%|100/100
|-damage|p1a: Zygarde|94/100|[from] Stealth Rock
|-ability|p1a: Zygarde|Aura Break
|turn|21
|
|t:|1651833774
|switch|p2a: Tsareena|Tsareena, F|100/100
|move|p1a: Zygarde|Thousand Arrows|p2a: Tsareena
|-resisted|p2a: Tsareena
|-crit|p2a: Tsareena
|-damage|p2a: Tsareena|78/100
|
|-heal|p1a: Zygarde|100/100|[from] item: Leftovers
|-heal|p2a: Tsareena|85/100|[from] item: Leftovers
|upkeep
|turn|22
|
|t:|1651833788
|switch|p1a: Weavile|Weavile, F|100/100
|move|p2a: Tsareena|U-turn|p1a: Weavile
|-supereffective|p1a: Weavile
|-damage|p1a: Weavile|41/100
|
|t:|1651833794
|switch|p2a: Latios|Latios, M|100/100|[from]move: U-turn
|
|upkeep
|turn|23
|
|t:|1651833809
|move|p1a: Weavile|Ice Shard|p2a: Latios
|-supereffective|p2a: Latios
|-damage|p2a: Latios|50/100
|move|p2a: Latios|Draco Meteor|p1a: Weavile|[miss]
|-miss|p2a: Latios|p1a: Weavile
|
|upkeep
|turn|24
|
|t:|1651833836
|switch|p2a: Necrozma|Necrozma|100/100
|move|p1a: Weavile|Ice Shard|p2a: Necrozma
|-damage|p2a: Necrozma|81/100
|
|upkeep
|turn|25
|
|t:|1651833842
|move|p1a: Weavile|Knock Off|p2a: Necrozma
|-supereffective|p2a: Necrozma
|-damage|p2a: Necrozma|4/100
|-enditem|p2a: Necrozma|Lum Berry|[from] move: Knock Off|[of] p1a: Weavile
|move|p2a: Necrozma|Earthquake|p1a: Weavile
|-damage|p1a: Weavile|0 fnt
|faint|p1a: Weavile
|
|upkeep
|
|t:|1651833849
|switch|p1a: Zygarde|Zygarde-10%|100/100
|-damage|p1a: Zygarde|94/100|[from] Stealth Rock
|-ability|p1a: Zygarde|Aura Break
|turn|26
|
|t:|1651833856
|move|p1a: Zygarde|Coil|p1a: Zygarde
|-boost|p1a: Zygarde|atk|1
|-boost|p1a: Zygarde|def|1
|-boost|p1a: Zygarde|accuracy|1
|move|p2a: Necrozma|Photon Geyser|p1a: Zygarde
|-damage|p1a: Zygarde|39/100
|
|-heal|p1a: Zygarde|45/100|[from] item: Leftovers
|upkeep
|turn|27
|
|t:|1651833869
|move|p1a: Zygarde|Stone Edge|p2a: Necrozma
|-damage|p2a: Necrozma|0 fnt
|faint|p2a: Necrozma
|
|-heal|p1a: Zygarde|51/100|[from] item: Leftovers
|upkeep
|
|t:|1651833874
|switch|p2a: Latios|Latios, M|50/100
|turn|28
|c|☆Swordsman.N|不能还不中吧
|
|t:|1651833883
|move|p2a: Latios|Draco Meteor|p1a: Zygarde
|-supereffective|p1a: Zygarde
|-damage|p1a: Zygarde|0 fnt
|-unboost|p2a: Latios|spa|2
|faint|p1a: Zygarde
|
|win|Swordsman.N
|c|☆peyko|这俩打落的力度怎么这么鸡
