|uhtml|report-battle|<b>将对战链接公开到:</b> <button class="button" name="send" value="/reportto skypillar">Sky Pillar</button><button class="button" name="send" value="/reportto shinx">Shinx</button>
|j|☆yokobaby
|j|☆zerodragon123
|t:|1664798319
|gametype|singles
|player|p1|yokobaby|cynthia-masters|
|player|p2|zerodragon123|zerodragon123.jpg|
|teamsize|p1|6
|teamsize|p2|6
|gen|8
|tier|[Gen 8] OU
|rule|Sleep Clause Mod: Limit one foe put to sleep
|rule|Species Clause: Limit one of each Pokémon
|rule|OHKO Clause: OHKO moves are banned
|rule|Evasion Items Clause: Evasion items are banned
|rule|Evasion Moves Clause: Evasion moves are banned
|rule|Endless Battle Clause: Forcing endless battles is banned
|rule|HP Percentage Mod: HP is shown in percentages
|rule|Dynamax Clause: You cannot dynamax
|clearpoke
|poke|p1|Nihilego|
|poke|p1|Zapdos-Galar|
|poke|p1|Kartana|
|poke|p1|Celesteela|
|poke|p1|Garchomp, F|
|poke|p1|Tapu Fini|
|poke|p2|Magnezone|
|poke|p2|Garchomp, M|
|poke|p2|Landorus-Therian, M|
|poke|p2|Tapu Fini|
|poke|p2|Kartana|
|poke|p2|Tapu Lele|
|teampreview
|inactive|Battle timer is ON: inactive players will automatically lose when time's up. (requested by yokobaby)
|j| zhzhh
|
|t:|1664798343
|start
|switch|p1a: Garchomp|Garchomp, F|100/100
|switch|p2a: Landorus|Landorus-Therian, M|100/100
|-ability|p2a: Landorus|Intimidate|boost
|-unboost|p1a: Garchomp|atk|1
|turn|1
|
|t:|1664798348
|move|p1a: Garchomp|Toxic|p2a: Landorus
|-status|p2a: Landorus|tox
|move|p2a: Landorus|Stealth Rock|p1a: Garchomp
|-sidestart|p1: yokobaby|move: Stealth Rock
|
|-damage|p2a: Landorus|95/100 tox|[from] psn
|upkeep
|turn|2
|
|t:|1664798353
|move|p1a: Garchomp|Stealth Rock|p2a: Landorus
|-sidestart|p2: zerodragon123|move: Stealth Rock
|move|p2a: Landorus|Knock Off|p1a: Garchomp
|-damage|p1a: Garchomp|71/100
|-damage|p2a: Landorus|82/100 tox|[from] ability: Rough Skin|[of] p1a: Garchomp
|-damage|p2a: Landorus|66/100 tox|[from] item: Rocky Helmet|[of] p1a: Garchomp
|-enditem|p1a: Garchomp|Rocky Helmet|[from] move: Knock Off|[of] p2a: Landorus
|
|-damage|p2a: Landorus|54/100 tox|[from] psn
|upkeep
|turn|3
|
|t:|1664798365
|move|p1a: Garchomp|Fire Blast|p2a: Landorus
|-damage|p2a: Landorus|29/100 tox
|move|p2a: Landorus|Explosion|p1a: Garchomp
|-enditem|p2a: Landorus|Normal Gem|[from] gem
|-damage|p1a: Garchomp|0 fnt
|faint|p2a: Landorus
|faint|p1a: Garchomp
|
|upkeep
|j| adreamew
|j| xing-ggggg
|c| xing-ggggg|玲珑加油
|
|t:|1664798390
|switch|p1a: Tapu Fini|Tapu Fini|100/100
|switch|p2a: Magnezone|Magnezone|100/100
|-damage|p1a: Tapu Fini|88/100|[from] Stealth Rock
|-fieldstart|move: Misty Terrain|[from] ability: Misty Surge|[of] p1a: Tapu Fini
|-damage|p2a: Magnezone|94/100|[from] Stealth Rock
|turn|4
|c| xing-ggggg|我曾经薄纱ai
|
|t:|1664798399
|move|p1a: Tapu Fini|Calm Mind|p1a: Tapu Fini
|-boost|p1a: Tapu Fini|spa|1
|-boost|p1a: Tapu Fini|spd|1
|move|p2a: Magnezone|Thunderbolt|p1a: Tapu Fini
|-supereffective|p1a: Tapu Fini
|-damage|p1a: Tapu Fini|45/100
|
|-heal|p1a: Tapu Fini|51/100|[from] item: Leftovers
|upkeep
|turn|5
|j| Swimming fish
|
|t:|1664798412
|move|p1a: Tapu Fini|Scald|p2a: Magnezone
|-damage|p2a: Magnezone|49/100
|move|p2a: Magnezone|Thunderbolt|p1a: Tapu Fini
|-supereffective|p1a: Tapu Fini
|-damage|p1a: Tapu Fini|7/100
|
|-heal|p1a: Tapu Fini|13/100|[from] item: Leftovers
|upkeep
|turn|6
|
|t:|1664798418
|move|p1a: Tapu Fini|Scald|p2a: Magnezone
|-damage|p2a: Magnezone|4/100
|move|p2a: Magnezone|Thunderbolt|p1a: Tapu Fini
|-supereffective|p1a: Tapu Fini
|-damage|p1a: Tapu Fini|0 fnt
|faint|p1a: Tapu Fini
|
|upkeep
|
|t:|1664798423
|switch|p1a: Kartana|Kartana|100/100
|-damage|p1a: Kartana|94/100|[from] Stealth Rock
|turn|7
|inactive|zerodragon123 has 270 seconds left.
|
|t:|1664798470
|switch|p2a: Tapu Fini|Tapu Fini|100/100
|-damage|p2a: Tapu Fini|88/100|[from] Stealth Rock
|move|p1a: Kartana|Leaf Blade|p2a: Tapu Fini
|-supereffective|p2a: Tapu Fini
|-damage|p2a: Tapu Fini|0 fnt
|faint|p2a: Tapu Fini
|-ability|p1a: Kartana|Beast Boost|boost
|-boost|p1a: Kartana|atk|1
|
|upkeep
|
|t:|1664798476
|switch|p2a: Kartana|Kartana|100/100
|-damage|p2a: Kartana|94/100|[from] Stealth Rock
|turn|8
|
|t:|1664798488
|switch|p1a: Zapdos|Zapdos-Galar|100/100
|-damage|p1a: Zapdos|88/100|[from] Stealth Rock
|move|p2a: Kartana|Sacred Sword|p1a: Zapdos
|-resisted|p1a: Zapdos
|-damage|p1a: Zapdos|63/100
|
|-fieldend|Misty Terrain
|upkeep
|turn|9
|j| ban123456
|
|t:|1664798500
|switch|p2a: Magnezone|Magnezone|4/100
|-damage|p2a: Magnezone|0 fnt|[from] Stealth Rock
|faint|p2a: Magnezone
|move|p1a: Zapdos|U-turn|p2: Magnezone|[notarget]
|-fail|p1a: Zapdos
|
|upkeep
|j| AlIoutdragadarts
|j| SquirrelQWQ
|c| xing-ggggg|感觉这局有点46了
|inactive|zerodragon123 has 240 seconds left.
|
|t:|1664798527
|switch|p2a: Garchomp|Garchomp, M|100/100
|-damage|p2a: Garchomp|94/100|[from] Stealth Rock
|turn|10
|c| xing-ggggg|龙箭都来了
|inactive|zerodragon123 has 240 seconds left.
|inactive|zerodragon123 has 210 seconds left.
|j| valuee
|l| Swimming fish
|j|♚yinshang
|l| xing-ggggg
|
|t:|1664798590
|move|p2a: Garchomp|Swords Dance|p2a: Garchomp
|-boost|p2a: Garchomp|atk|2
|move|p1a: Zapdos|U-turn|p2a: Garchomp
|-damage|p2a: Garchomp|57/100
|-damage|p1a: Zapdos|51/100|[from] ability: Rough Skin|[of] p2a: Garchomp
|
|t:|1664798594
|switch|p1a: Kartana|Kartana|94/100|[from]move: U-turn
|-damage|p1a: Kartana|88/100|[from] Stealth Rock
|
|-heal|p2a: Garchomp|63/100|[from] item: Leftovers
|upkeep
|turn|11
|c| SquirrelQWQ|草 好多人
|j| xing-ggggg
|inactive|zerodragon123 has 180 seconds left.
|l| ban123456
|l| zhzhh
|
|t:|1664798646
|switch|p2a: Kartana|Kartana|94/100
|-damage|p2a: Kartana|88/100|[from] Stealth Rock
|move|p1a: Kartana|Leaf Blade|p2a: Kartana
|-resisted|p2a: Kartana
|-damage|p2a: Kartana|72/100
|
|upkeep
|turn|12
|inactive|zerodragon123 has 150 seconds left.
|c| xing-ggggg|好精彩的先读
|
|t:|1664798670
|switch|p1a: Zapdos|Zapdos-Galar|51/100
|-damage|p1a: Zapdos|38/100|[from] Stealth Rock
|move|p2a: Kartana|Knock Off|p1a: Zapdos
|-resisted|p1a: Zapdos
|-damage|p1a: Zapdos|14/100
|-enditem|p1a: Zapdos|Choice Band|[from] move: Knock Off|[of] p2a: Kartana
|
|upkeep
|turn|13
|
|t:|1664798679
|move|p2a: Kartana|Knock Off|p1a: Zapdos
|-resisted|p1a: Zapdos
|-damage|p1a: Zapdos|0 fnt
|faint|p1a: Zapdos
|-ability|p2a: Kartana|Beast Boost|boost
|-boost|p2a: Kartana|atk|1
|
|upkeep
|
|t:|1664798683
|switch|p1a: Celesteela|Celesteela|100/100
|-damage|p1a: Celesteela|88/100|[from] Stealth Rock
|turn|14
|
|t:|1664798701
|switch|p2a: Garchomp|Garchomp, M|63/100
|-damage|p2a: Garchomp|57/100|[from] Stealth Rock
|move|p1a: Celesteela|Flamethrower|p2a: Garchomp
|-resisted|p2a: Garchomp
|-damage|p2a: Garchomp|40/100
|
|-heal|p2a: Garchomp|46/100|[from] item: Leftovers
|upkeep
|turn|15
|
|t:|1664798707
|move|p2a: Garchomp|Scale Shot|p1a: Celesteela|[miss]
|-miss|p2a: Garchomp|p1a: Celesteela
|move|p1a: Celesteela|Autotomize|p1a: Celesteela
|-boost|p1a: Celesteela|spe|2
|-start|p1a: Celesteela|Autotomize
|
|-heal|p2a: Garchomp|53/100|[from] item: Leftovers
|upkeep
|turn|16
|c| xing-ggggg|阿哲
|
|t:|1664798715
|move|p1a: Celesteela|Air Slash|p2a: Garchomp
|-damage|p2a: Garchomp|11/100
|move|p2a: Garchomp|Scale Shot|p1a: Celesteela
|-resisted|p1a: Celesteela
|-damage|p1a: Celesteela|81/100
|-resisted|p1a: Celesteela
|-damage|p1a: Celesteela|75/100
|-resisted|p1a: Celesteela
|-damage|p1a: Celesteela|69/100
|-resisted|p1a: Celesteela
|-damage|p1a: Celesteela|62/100
|-hitcount|p1a: Celesteela|4
|-unboost|p2a: Garchomp|def|1
|-boost|p2a: Garchomp|spe|1
|
|-heal|p2a: Garchomp|17/100|[from] item: Leftovers
|upkeep
|turn|17
|c| xing-ggggg|嘶
|
|t:|1664798720
|move|p2a: Garchomp|Scale Shot|p1a: Celesteela|[miss]
|-miss|p2a: Garchomp|p1a: Celesteela
|move|p1a: Celesteela|Autotomize|p1a: Celesteela
|-boost|p1a: Celesteela|spe|2
|-start|p1a: Celesteela|Autotomize
|
|-heal|p2a: Garchomp|23/100|[from] item: Leftovers
|upkeep
|turn|18
|
|t:|1664798724
|move|p1a: Celesteela|Air Slash|p2a: Garchomp
|-damage|p2a: Garchomp|0 fnt
|faint|p2a: Garchomp
|-ability|p1a: Celesteela|Beast Boost|boost
|-boost|p1a: Celesteela|spa|1
|
|upkeep
|
|t:|1664798726
|switch|p2a: Kartana|Kartana|72/100
|-damage|p2a: Kartana|66/100|[from] Stealth Rock
|turn|19
|
|t:|1664798728
|move|p1a: Celesteela|Flamethrower|p2a: Kartana
|-supereffective|p2a: Kartana
|-damage|p2a: Kartana|0 fnt
|faint|p2a: Kartana
|-ability|p1a: Celesteela|Beast Boost|boost
|-boost|p1a: Celesteela|spa|1
|
|upkeep
|
|t:|1664798730
|switch|p2a: Tapu Lele|Tapu Lele|100/100
|-damage|p2a: Tapu Lele|88/100|[from] Stealth Rock
|-fieldstart|move: Psychic Terrain|[from] ability: Psychic Surge|[of] p2a: Tapu Lele
|turn|20
|
|t:|1664798733
|move|p1a: Celesteela|Meteor Beam||[still]
|-prepare|p1a: Celesteela|Meteor Beam
|-boost|p1a: Celesteela|spa|1
|-enditem|p1a: Celesteela|Power Herb
|-anim|p1a: Celesteela|Meteor Beam|p2a: Tapu Lele|[miss]
|-miss|p1a: Celesteela|p2a: Tapu Lele
|move|p2a: Tapu Lele|Focus Blast|p1a: Celesteela|[miss]
|-miss|p2a: Tapu Lele|p1a: Celesteela
|
|upkeep
|turn|21
|c|☆yokobaby|sry
|
|t:|1664798736
|move|p1a: Celesteela|Air Slash|p2a: Tapu Lele
|-damage|p2a: Tapu Lele|1/100
|move|p2a: Tapu Lele|Focus Blast|p1a: Celesteela|[miss]
|-miss|p2a: Tapu Lele|p1a: Celesteela
|
|upkeep
|turn|22
|
|t:|1664798739
|move|p1a: Celesteela|Flamethrower|p2a: Tapu Lele
|-damage|p2a: Tapu Lele|0 fnt
|faint|p2a: Tapu Lele
|
|win|yokobaby
|l|☆zerodragon123
|c| xing-ggggg|这
|l| xing-ggggg
|l|yokobaby
|j|☆yokobaby
|c| SquirrelQWQ|草
|player|p1|yokobaby|cynthia-masters
|l| SquirrelQWQ
|j| SquirrelQWQ
|l| SquirrelQWQ
|j| xing-ggggg
|l| xing-ggggg
|l| valuee
|l|yokobaby
|j|☆yokobaby
|l| adreamew
