|raw|<div class="broadcast-blue"><strong>This battle is required to be public due to a player having a name starting with 'sl21cc'.</div>
|j|☆SL21CC KFC疯狂星期四
|j|☆lonietzzz
|t:|1641439120
|gametype|singles
|player|p1|SL21CC KFC疯狂星期四|starmind.gif|1275
|player|p2|lonietzzz|swimmerf-gen4dp|1393
|teamsize|p1|6
|teamsize|p2|6
|gen|8
|tier|[Gen 8] OU
|rated|
|rule|Sleep Clause Mod: Limit one foe put to sleep
|rule|Species Clause: Limit one of each Pokémon
|rule|OHKO Clause: OHKO moves are banned
|rule|Evasion Moves Clause: Evasion moves are banned
|rule|Endless Battle Clause: Forcing endless battles is banned
|rule|HP Percentage Mod: HP is shown in percentages
|rule|Dynamax Clause: You cannot dynamax
|clearpoke
|poke|p1|Hatterene, F|
|poke|p1|Porygon2|
|poke|p1|Cresselia, F|
|poke|p1|Melmetal|
|poke|p1|Marowak-Alola, M|
|poke|p1|Crawdaunt, M|
|poke|p2|Moltres-Galar|
|poke|p2|Nihilego|
|poke|p2|Regieleki|
|poke|p2|Dragapult, M|
|poke|p2|Zapdos-Galar|
|poke|p2|Mew|
|teampreview
|j| SL21CC XIAOBAO
|j|♚Chizuru mizuhara
|inactive|Battle timer is ON: inactive players will automatically lose when time's up. (requested by SL21CC KFC疯狂星期四)
|
|t:|1641439129
|start
|switch|p1a: Hatterene|Hatterene, F|100/100
|switch|p2a: Regieleki|Regieleki|100/100
|turn|1
|j| SL21CC tangkeke
|j| dbsjvyjgj
|
|t:|1641439148
|move|p2a: Regieleki|Light Screen|p2a: Regieleki
|-sidestart|p2: lonietzzz|move: Light Screen
|move|p1a: Hatterene|Trick Room|p1a: Hatterene
|-fieldstart|move: Trick Room|[of] p1a: Hatterene
|
|upkeep
|turn|2
|j| k1toothe
|
|t:|1641439154
|switch|p1a: Melmetal|Melmetal|100/100
|move|p2a: Regieleki|Reflect|p2a: Regieleki
|-sidestart|p2: lonietzzz|Reflect
|
|upkeep
|turn|3
|
|t:|1641439160
|move|p1a: Melmetal|Double Iron Bash|p2a: Regieleki
|-resisted|p2a: Regieleki
|-damage|p2a: Regieleki|67/100
|-resisted|p2a: Regieleki
|-damage|p2a: Regieleki|33/100
|-hitcount|p2a: Regieleki|2
|cant|p2a: Regieleki|flinch
|
|upkeep
|turn|4
|j| SL21CC 东方不败
|
|t:|1641439175
|switch|p2a: Mew|Mew|100/100
|move|p1a: Melmetal|Double Iron Bash|p2a: Mew
|-damage|p2a: Mew|70/100
|-damage|p2a: Mew|43/100
|-hitcount|p2a: Mew|2
|
|upkeep
|turn|5
|
|t:|1641439202
|move|p1a: Melmetal|Double Iron Bash|p2a: Mew
|-damage|p2a: Mew|17/100
|-damage|p2a: Mew|0 fnt
|faint|p2a: Mew
|-hitcount|p2: Mew|2
|
|-fieldend|move: Trick Room
|upkeep
|
|t:|1641439207
|switch|p2a: Moltres|Moltres-Galar|100/100
|turn|6
|inactive|SL21CC KFC疯狂星期四 has 120 seconds left.
|
|t:|1641439234
|switch|p1a: Hatterene|Hatterene, F|100/100
|move|p2a: Moltres|Nasty Plot|p2a: Moltres
|-boost|p2a: Moltres|spa|2
|
|upkeep
|turn|7
|
|t:|1641439237
|move|p2a: Moltres|Fiery Wrath|p1a: Hatterene
|-damage|p1a: Hatterene|6/100
|cant|p1a: Hatterene|flinch
|
|upkeep
|turn|8
|
|t:|1641439241
|move|p2a: Moltres|Fiery Wrath|p1a: Hatterene
|-damage|p1a: Hatterene|0 fnt
|faint|p1a: Hatterene
|
|-sideend|p2: lonietzzz|move: Light Screen
|upkeep
|
|t:|1641439242
|switch|p1a: Porygon2|Porygon2|100/100
|-ability|p1a: Porygon2|Download|boost
|-boost|p1a: Porygon2|atk|1
|turn|9
|
|t:|1641439244
|move|p2a: Moltres|Fiery Wrath|p1a: Porygon2
|-damage|p1a: Porygon2|43/100
|move|p1a: Porygon2|Trick Room|p1a: Porygon2
|-fieldstart|move: Trick Room|[of] p1a: Porygon2
|
|-sideend|p2: lonietzzz|Reflect
|upkeep
|turn|10
|
|t:|1641439257
|switch|p1a: Crawdaunt|Crawdaunt, M|100/100
|move|p2a: Moltres|Hurricane|p1a: Crawdaunt
|-damage|p1a: Crawdaunt|0 fnt
|faint|p1a: Crawdaunt
|
|upkeep
|
|t:|1641439262
|switch|p1a: Melmetal|Melmetal|100/100
|turn|11
|
|t:|1641439272
|switch|p2a: Nihilego|Nihilego|100/100
|move|p1a: Melmetal|Double Iron Bash|p2a: Nihilego
|-supereffective|p2a: Nihilego
|-damage|p2a: Nihilego|0 fnt
|faint|p2a: Nihilego
|-hitcount|p2: Nihilego|1
|
|upkeep
|
|t:|1641439275
|switch|p2a: Dragapult|Dragapult, M|100/100
|turn|12
|
|t:|1641439287
|move|p1a: Melmetal|Double Iron Bash|p2a: Dragapult
|-damage|p2a: Dragapult|15/100
|-crit|p2a: Dragapult
|-damage|p2a: Dragapult|0 fnt
|faint|p2a: Dragapult
|-hitcount|p2: Dragapult|2
|
|upkeep
|
|t:|1641439289
|switch|p2a: Zapdos|Zapdos-Galar|100/100
|turn|13
|
|t:|1641439291
|move|p1a: Melmetal|Double Iron Bash|p2a: Zapdos
|-damage|p2a: Zapdos|27/100
|-damage|p2a: Zapdos|0 fnt
|faint|p2a: Zapdos
|-hitcount|p2: Zapdos|2
|
|-fieldend|move: Trick Room
|upkeep
|
|t:|1641439292
|switch|p2a: Regieleki|Regieleki|33/100
|turn|14
|
|t:|1641439295
|move|p2a: Regieleki|Reflect|p2a: Regieleki
|-sidestart|p2: lonietzzz|Reflect
|move|p1a: Melmetal|Double Iron Bash|p2a: Regieleki
|-resisted|p2a: Regieleki
|-damage|p2a: Regieleki|0 fnt
|faint|p2a: Regieleki
|-hitcount|p2: Regieleki|1
|
|upkeep
|
|t:|1641439297
|switch|p2a: Moltres|Moltres-Galar|100/100
|turn|15
|
|t:|1641439305
|switch|p1a: Porygon2|Porygon2|43/100
|-ability|p1a: Porygon2|Download|boost
|-boost|p1a: Porygon2|atk|1
|move|p2a: Moltres|Nasty Plot|p2a: Moltres
|-boost|p2a: Moltres|spa|2
|
|upkeep
|turn|16
|
|t:|1641439309
|move|p2a: Moltres|Fiery Wrath|p1a: Porygon2
|-damage|p1a: Porygon2|0 fnt
|faint|p1a: Porygon2
|
|upkeep
|
|t:|1641439311
|switch|p1a: Cresselia|Cresselia, F|100/100
|turn|17
|
|t:|1641439312
|move|p2a: Moltres|Fiery Wrath|p1a: Cresselia
|-supereffective|p1a: Cresselia
|-damage|p1a: Cresselia|0 fnt
|faint|p1a: Cresselia
|
|upkeep
|
|t:|1641439316
|switch|p1a: Melmetal|Melmetal|100/100
|turn|18
|
|t:|1641439318
|move|p2a: Moltres|Fiery Wrath|p1a: Melmetal
|-damage|p1a: Melmetal|21/100
|move|p1a: Melmetal|Double Iron Bash|p2a: Moltres
|-damage|p2a: Moltres|65/100
|-damage|p2a: Moltres|28/100
|-hitcount|p2a: Moltres|2
|-ability|p2a: Moltres|Berserk|boost
|-boost|p2a: Moltres|spa|1
|
|upkeep
|turn|19
|l|♚Chizuru mizuhara
|-message|SL21CC KFC疯狂星期四 forfeited.
|
|win|lonietzzz
|raw|SL21CC KFC疯狂星期四's rating: 1275 &rarr; <strong>1264</strong><br />(-11 for losing)
|raw|lonietzzz's rating: 1407 &rarr; <strong>1420</strong><br />(+13 for winning)
|l|☆SL21CC KFC疯狂星期四
