|j|☆lonietzzz
|j|☆chickwayne
|inactive|Battle timer is ON: inactive players will automatically lose when time's up.
|t:|1625402244
|gametype|singles
|player|p1|lonietzzz|pokemonbreederf|
|player|p2|chickwayne|chickwayne.gif|
|teamsize|p1|6
|teamsize|p2|6
|gen|8
|tier|[Gen 8] OU
|rated|Tournament battle
|rule|Sleep Clause Mod: Limit one foe put to sleep
|rule|Species Clause: Limit one of each Pokémon
|rule|OHKO Clause: OHKO moves are banned
|rule|Evasion Moves Clause: Evasion moves are banned
|rule|Endless Battle Clause: Forcing endless battles is banned
|rule|HP Percentage Mod: HP is shown in percentages
|rule|Dynamax Clause: You cannot dynamax
|clearpoke
|poke|p1|Landorus-Therian, M|
|poke|p1|Magnezone|
|poke|p1|Slowking-Galar, M|
|poke|p1|Tapu Fini|
|poke|p1|Kommo-o, F|
|poke|p1|Corviknight, F|
|poke|p2|Tapu Lele|
|poke|p2|Landorus-Therian, M|
|poke|p2|Toxapex, M|
|poke|p2|Zeraora|
|poke|p2|Corviknight, F|
|poke|p2|Weavile, M|
|teampreview
|c|☆chickwayne|把你的灵魂关在永远锁上的躯壳！
|inactive|chickwayne has 120 seconds left.
|j| Zisheng_ky
|c|☆lonietzzz|蝶蝶把我打烂
|j| There is a fire
|l| Zisheng_ky
|
|t:|1625402293
|start
|switch|p1a: Landorus|Landorus-Therian, M|100/100
|switch|p2a: Toxapex|Toxapex, M|100/100
|-ability|p1a: Landorus|Intimidate|boost
|-unboost|p2a: Toxapex|atk|1
|turn|1
|
|t:|1625402302
|move|p1a: Landorus|Substitute|p1a: Landorus
|-start|p1a: Landorus|Substitute
|-damage|p1a: Landorus|76/100
|move|p2a: Toxapex|Knock Off|p1a: Landorus
|-activate|p1a: Landorus|move: Substitute|[damage]
|
|-heal|p1a: Landorus|82/100|[from] item: Leftovers
|upkeep
|turn|2
|
|t:|1625402306
|switch|p2a: Corviknight|Corviknight, F|100/100
|-ability|p2a: Corviknight|Pressure
|move|p1a: Landorus|Earthquake|p2a: Corviknight
|-immune|p2a: Corviknight
|
|-heal|p1a: Landorus|88/100|[from] item: Leftovers
|upkeep
|turn|3
|j|♚Allen-xia
|
|t:|1625402309
|move|p1a: Landorus|Knock Off|p2a: Corviknight
|-damage|p2a: Corviknight|73/100
|-enditem|p2a: Corviknight|Leftovers|[from] move: Knock Off|[of] p1a: Landorus
|move|p2a: Corviknight|U-turn|p1a: Landorus
|-resisted|p1a: Landorus
|-activate|p1a: Landorus|move: Substitute|[damage]
|
|t:|1625402313
|switch|p2a: Weavile|Weavile, M|100/100|[from]move: U-turn
|
|-heal|p1a: Landorus|94/100|[from] item: Leftovers
|upkeep
|turn|4
|c|☆lonietzzz|必定只中一发
|
|t:|1625402333
|switch|p1a: Corviknight|Corviknight, F|100/100
|-ability|p1a: Corviknight|Pressure
|move|p2a: Weavile|Knock Off|p1a: Corviknight
|-damage|p1a: Corviknight|57/100
|-enditem|p1a: Corviknight|Leftovers|[from] move: Knock Off|[of] p2a: Weavile
|
|upkeep
|turn|5
|c|☆chickwayne|cn三旋！
|j| DingTalk
|j|#WwlWss
|
|t:|1625402352
|switch|p2a: Toxapex|Toxapex, M|100/100
|move|p1a: Corviknight|Roost|p1a: Corviknight
|-heal|p1a: Corviknight|100/100
|-singleturn|p1a: Corviknight|move: Roost
|
|upkeep
|turn|6
|
|t:|1625402357
|switch|p1a: Slowking|Slowking-Galar, M|100/100
|move|p2a: Toxapex|Toxic Spikes|p1a: Slowking
|-sidestart|p1: lonietzzz|move: Toxic Spikes
|
|upkeep
|turn|7
|
|t:|1625402367
|switch|p2a: Corviknight|Corviknight, F|73/100
|-ability|p2a: Corviknight|Pressure
|move|p1a: Slowking|Future Sight|p2a: Corviknight
|-start|p1a: Slowking|move: Future Sight
|
|upkeep
|turn|8
|
|t:|1625402384
|move|p2a: Corviknight|U-turn|p1a: Slowking
|-damage|p1a: Slowking|86/100
|
|t:|1625402387
|switch|p2a: Toxapex|Toxapex, M|100/100|[from]move: U-turn
|move|p1a: Slowking|Flamethrower|p2a: Toxapex
|-resisted|p2a: Toxapex
|-damage|p2a: Toxapex|92/100
|
|upkeep
|turn|9
|j|♚popoling
|
|t:|1625402407
|switch|p1a: Corviknight|Corviknight, F|100/100
|-ability|p1a: Corviknight|Pressure
|move|p2a: Toxapex|Knock Off|p1a: Corviknight
|-damage|p1a: Corviknight|92/100
|
|-end|p2a: Toxapex|move: Future Sight
|-supereffective|p2a: Toxapex
|-damage|p2a: Toxapex|18/100
|upkeep
|turn|10
|j| hdahd
|l| hdahd
|
|t:|1625402417
|switch|p2a: Landorus|Landorus-Therian, M|100/100
|-ability|p2a: Landorus|Intimidate|boost
|-unboost|p1a: Corviknight|atk|1
|move|p1a: Corviknight|U-turn|p2a: Landorus
|-resisted|p2a: Landorus
|-damage|p2a: Landorus|97/100
|
|t:|1625402420
|switch|p1a: Slowking|Slowking-Galar, M|100/100|[from]move: U-turn
|-sideend|p1: lonietzzz|move: Toxic Spikes|[of] p1a: Slowking
|
|-heal|p2a: Landorus|100/100|[from] item: Leftovers
|upkeep
|turn|11
|
|t:|1625402427
|switch|p1a: Corviknight|Corviknight, F|92/100
|-ability|p1a: Corviknight|Pressure
|move|p2a: Landorus|Earthquake|p1a: Corviknight
|-immune|p1a: Corviknight
|
|upkeep
|turn|12
|
|t:|1625402432
|move|p2a: Landorus|Stealth Rock|p1a: Corviknight
|-sidestart|p1: lonietzzz|move: Stealth Rock
|move|p1a: Corviknight|Brave Bird|p2a: Landorus
|-damage|p2a: Landorus|72/100
|-damage|p1a: Corviknight|83/100|[from] Recoil
|
|-heal|p2a: Landorus|78/100|[from] item: Leftovers
|upkeep
|turn|13
|
|t:|1625402436
|move|p2a: Landorus|U-turn|p1a: Corviknight
|-resisted|p1a: Corviknight
|-damage|p1a: Corviknight|79/100
|
|t:|1625402440
|switch|p2a: Toxapex|Toxapex, M|51/100|[from]move: U-turn
|move|p1a: Corviknight|Defog|p2a: Toxapex
|-unboost|p2a: Toxapex|evasion|1
|-sideend|p1: lonietzzz|Stealth Rock|[from] move: Defog|[of] p1a: Corviknight
|
|upkeep
|turn|14
|
|t:|1625402459
|move|p1a: Corviknight|U-turn|p2a: Toxapex
|-resisted|p2a: Toxapex
|-damage|p2a: Toxapex|46/100
|j| aaa_skd
|
|t:|1625402464
|switch|p1a: Slowking|Slowking-Galar, M|100/100|[from]move: U-turn
|move|p2a: Toxapex|Recover|p2a: Toxapex
|-heal|p2a: Toxapex|97/100
|
|upkeep
|turn|15
|
|t:|1625402469
|move|p2a: Toxapex|Knock Off|p1a: Slowking
|-supereffective|p1a: Slowking
|-damage|p1a: Slowking|72/100
|-enditem|p1a: Slowking|Assault Vest|[from] move: Knock Off|[of] p2a: Toxapex
|move|p1a: Slowking|Future Sight|p2a: Toxapex
|-start|p1a: Slowking|move: Future Sight
|
|upkeep
|turn|16
|
|t:|1625402481
|switch|p2a: Tapu Lele|Tapu Lele|100/100
|-fieldstart|move: Psychic Terrain|[from] ability: Psychic Surge|[of] p2a: Tapu Lele
|switch|p1a: Kommo-o|Kommo-o, F|100/100
|
|upkeep
|turn|17
|
|t:|1625402491
|switch|p1a: Corviknight|Corviknight, F|79/100
|-ability|p1a: Corviknight|Pressure
|move|p2a: Tapu Lele|Future Sight|p1a: Corviknight
|-start|p2a: Tapu Lele|move: Future Sight
|
|-end|p2a: Tapu Lele|move: Future Sight
|-resisted|p2a: Tapu Lele
|-damage|p2a: Tapu Lele|77/100
|upkeep
|turn|18
|j| speechwhite晶哥
|l| speechwhite晶哥
|
|t:|1625402503
|move|p2a: Tapu Lele|Focus Blast|p1a: Corviknight
|-crit|p1a: Corviknight
|-damage|p1a: Corviknight|29/100
|move|p1a: Corviknight|U-turn|p2a: Tapu Lele
|-damage|p2a: Tapu Lele|54/100
|
|t:|1625402520
|switch|p1a: Tapu Fini|Tapu Fini|100/100|[from]move: U-turn
|-fieldstart|move: Misty Terrain|[from] ability: Misty Surge|[of] p1a: Tapu Fini
|
|upkeep
|turn|19
|j| LifeLive
|j| Renwu
|
|t:|1625402531
|move|p2a: Tapu Lele|Moonblast|p1a: Tapu Fini
|-damage|p1a: Tapu Fini|59/100
|move|p1a: Tapu Fini|Surf|p2a: Tapu Lele
|-damage|p2a: Tapu Lele|33/100
|
|-end|p1a: Tapu Fini|move: Future Sight
|-damage|p1a: Tapu Fini|8/100
|-heal|p1a: Tapu Fini|14/100|[from] item: Leftovers
|upkeep
|turn|20
|j|%kitoothe
|
|t:|1625402542
|switch|p1a: Slowking|Slowking-Galar, M|100/100
|move|p2a: Tapu Lele|Psyshock|p1a: Slowking
|-damage|p1a: Slowking|53/100
|
|upkeep
|turn|21
|j|♚lzaaaaa
|
|t:|1625402554
|switch|p2a: Landorus|Landorus-Therian, M|78/100
|-ability|p2a: Landorus|Intimidate|boost
|-unboost|p1a: Slowking|atk|1
|move|p1a: Slowking|Sludge Bomb|p2a: Landorus
|-resisted|p2a: Landorus
|-damage|p2a: Landorus|60/100
|-status|p2a: Landorus|psn
|
|-heal|p2a: Landorus|66/100 psn|[from] item: Leftovers
|-damage|p2a: Landorus|54/100 psn|[from] psn
|upkeep
|turn|22
|
|t:|1625402559
|move|p2a: Landorus|U-turn|p1a: Slowking
|-damage|p1a: Slowking|30/100
|
|t:|1625402562
|switch|p2a: Weavile|Weavile, M|100/100|[from]move: U-turn
|move|p1a: Slowking|Future Sight|p2a: Weavile
|-start|p1a: Slowking|move: Future Sight
|
|-fieldend|Misty Terrain
|upkeep
|turn|23
|
|t:|1625402568
|switch|p1a: Tapu Fini|Tapu Fini|14/100
|-fieldstart|move: Misty Terrain|[from] ability: Misty Surge|[of] p1a: Tapu Fini
|move|p2a: Weavile|Knock Off|p1a: Tapu Fini
|-resisted|p1a: Tapu Fini
|-damage|p1a: Tapu Fini|0 fnt
|-enditem|p1a: Tapu Fini|Leftovers|[from] move: Knock Off|[of] p2a: Weavile
|faint|p1a: Tapu Fini
|
|upkeep
|
|t:|1625402571
|switch|p1a: Magnezone|Magnezone|100/100
|turn|24
|j| quicklyuuuooo
|j|♚chengduoldsuperbro
|l| quicklyuuuooo
|inactive|chickwayne has 120 seconds left.
|inactive|chickwayne has 90 seconds left.
|
|t:|1625402632
|switch|p2a: Toxapex|Toxapex, M|100/100
|move|p1a: Magnezone|Body Press|p2a: Toxapex
|-resisted|p2a: Toxapex
|-damage|p2a: Toxapex|92/100
|
|-end|p2a: Toxapex|move: Future Sight
|-supereffective|p2a: Toxapex
|-damage|p2a: Toxapex|18/100
|upkeep
|turn|25
|j| Jqlove
|inactive|lonietzzz has 120 seconds left.
|inactive|chickwayne has 90 seconds left.
|
|t:|1625402688
|switch|p1a: Landorus|Landorus-Therian, M|94/100
|-ability|p1a: Landorus|Intimidate|boost
|-unboost|p2a: Toxapex|atk|1
|switch|p2a: Zeraora|Zeraora|100/100
|
|-heal|p1a: Landorus|99/100|[from] item: Leftovers
|upkeep
|turn|26
|inactive|lonietzzz has 90 seconds left.
|
|t:|1625402713
|switch|p2a: Landorus|Landorus-Therian, M|54/100 psn
|-ability|p2a: Landorus|Intimidate|boost
|-unboost|p1a: Landorus|atk|1
|switch|p1a: Magnezone|Magnezone|100/100
|
|-heal|p2a: Landorus|60/100 psn|[from] item: Leftovers
|-damage|p2a: Landorus|48/100 psn|[from] psn
|upkeep
|turn|27
|j| Pokeqaq
|
|t:|1625402721
|move|p1a: Magnezone|Flash Cannon|p2a: Landorus
|-damage|p2a: Landorus|13/100 psn
|move|p2a: Landorus|Stealth Rock|p1a: Magnezone
|-sidestart|p1: lonietzzz|move: Stealth Rock
|
|-heal|p2a: Landorus|19/100 psn|[from] item: Leftovers
|-damage|p2a: Landorus|7/100 psn|[from] psn
|-fieldend|Misty Terrain
|upkeep
|turn|28
|l| Pokeqaq
|inactive|lonietzzz has 90 seconds left.
|inactive|chickwayne has 90 seconds left.
|
|t:|1625402736
|move|p1a: Magnezone|Flash Cannon|p2a: Landorus
|-damage|p2a: Landorus|0 fnt
|faint|p2a: Landorus
|
|upkeep
|j| LigrAtients
|
|t:|1625402757
|switch|p2a: Tapu Lele|Tapu Lele|33/100
|-fieldstart|move: Psychic Terrain|[from] ability: Psychic Surge|[of] p2a: Tapu Lele
|turn|29
|j| menhera chan
|inactive|lonietzzz has 90 seconds left.
|j| Rampagewebber
|
|t:|1625402790
|switch|p1a: Corviknight|Corviknight, F|29/100
|-damage|p1a: Corviknight|17/100|[from] Stealth Rock
|-ability|p1a: Corviknight|Pressure
|move|p2a: Tapu Lele|Focus Blast|p1a: Corviknight|[miss]
|-miss|p2a: Tapu Lele|p1a: Corviknight
|
|upkeep
|turn|30
|
|t:|1625402798
|move|p2a: Tapu Lele|Psyshock|p1a: Corviknight
|-resisted|p1a: Corviknight
|-damage|p1a: Corviknight|0 fnt
|faint|p1a: Corviknight
|
|upkeep
|
|t:|1625402800
|switch|p1a: Slowking|Slowking-Galar, M|63/100
|-damage|p1a: Slowking|50/100|[from] Stealth Rock
|turn|31
|c|☆chickwayne|我把爱烧成了落叶
|inactive|chickwayne has 90 seconds left.
|
|t:|1625402820
|switch|p2a: Toxapex|Toxapex, M|51/100
|switch|p1a: Magnezone|Magnezone|100/100
|-damage|p1a: Magnezone|94/100|[from] Stealth Rock
|
|-heal|p1a: Magnezone|100/100|[from] item: Leftovers
|upkeep
|turn|32
|j| Wind of Schilt
|inactive|chickwayne has 90 seconds left.
|inactive|lonietzzz has 60 seconds left.
|c|♚chengduoldsuperbro|你换不回谁
|j| xiezhouqun
|c|☆lonietzzz|缓缓飘落的枫叶像思念
|inactive|lonietzzz has 30 seconds left.
|
|t:|1625402872
|move|p1a: Magnezone|Thunderbolt|p2a: Toxapex
|-supereffective|p2a: Toxapex
|-damage|p2a: Toxapex|0 fnt
|faint|p2a: Toxapex
|
|upkeep
|
|t:|1625402877
|switch|p2a: Tapu Lele|Tapu Lele|33/100
|turn|33
|j|♚DYWY❀
|l| aaa_skd
|inactive|lonietzzz has 30 seconds left.
|inactive|lonietzzz has 20 seconds left.
|inactive|lonietzzz has 15 seconds left.
|
|t:|1625402907
|move|p2a: Tapu Lele|Psyshock|p1a: Magnezone
|-resisted|p1a: Magnezone
|-damage|p1a: Magnezone|74/100
|move|p1a: Magnezone|Flash Cannon|p2a: Tapu Lele
|-supereffective|p2a: Tapu Lele
|-damage|p2a: Tapu Lele|0 fnt
|faint|p2a: Tapu Lele
|
|-heal|p1a: Magnezone|80/100|[from] item: Leftovers
|-fieldend|move: Psychic Terrain
|upkeep
|inactive|lonietzzz has 20 seconds left this turn.
|
|t:|1625402911
|switch|p2a: Zeraora|Zeraora|100/100
|turn|34
|inactive|lonietzzz has 30 seconds left this turn.
|l| Rampagewebber
|j|#starmind
|
|t:|1625402917
|switch|p1a: Landorus|Landorus-Therian, M|99/100
|-damage|p1a: Landorus|88/100|[from] Stealth Rock
|-ability|p1a: Landorus|Intimidate|boost
|-unboost|p2a: Zeraora|atk|1
|move|p2a: Zeraora|Knock Off|p1a: Landorus
|-damage|p1a: Landorus|68/100
|-enditem|p1a: Landorus|Leftovers|[from] move: Knock Off|[of] p2a: Zeraora
|
|upkeep
|turn|35
|inactive|lonietzzz has 30 seconds left.
|inactive|lonietzzz has 20 seconds left.
|inactive|lonietzzz has 15 seconds left.
|
|t:|1625402938
|switch|p1a: Magnezone|Magnezone|80/100
|-damage|p1a: Magnezone|74/100|[from] Stealth Rock
|move|p2a: Zeraora|Close Combat|p1a: Magnezone
|-supereffective|p1a: Magnezone
|-damage|p1a: Magnezone|28/100
|-unboost|p2a: Zeraora|def|1
|-unboost|p2a: Zeraora|spd|1
|
|-heal|p1a: Magnezone|34/100|[from] item: Leftovers
|upkeep
|turn|36
|inactive|lonietzzz has 25 seconds left this turn.
|inactive|lonietzzz has 20 seconds left.
|c|♚lzaaaaa|厉害
|inactive|lonietzzz has 15 seconds left.
|
|t:|1625402949
|move|p2a: Zeraora|Close Combat|p1a: Magnezone
|-supereffective|p1a: Magnezone
|-damage|p1a: Magnezone|0 fnt
|-unboost|p2a: Zeraora|def|1
|-unboost|p2a: Zeraora|spd|1
|faint|p1a: Magnezone
|
|upkeep
|inactive|lonietzzz has 20 seconds left this turn.
|
|t:|1625402950
|switch|p1a: Kommo-o|Kommo-o, F|100/100
|-damage|p1a: Kommo-o|94/100|[from] Stealth Rock
|turn|37
|inactive|lonietzzz has 30 seconds left this turn.
|c|%kitoothe|脚本
|c|♚lzaaaaa|把辅助关一下吧
|c|☆chickwayne|别夸我
|
|t:|1625402960
|switch|p2a: Corviknight|Corviknight, F|73/100
|-ability|p2a: Corviknight|Pressure
|move|p1a: Kommo-o|Iron Defense|p1a: Kommo-o
|-boost|p1a: Kommo-o|def|2
|
|upkeep
|turn|38
|c|☆chickwayne|我擦
|c|♚lzaaaaa|呃
|
|t:|1625402974
|move|p1a: Kommo-o|Iron Defense|p1a: Kommo-o
|-boost|p1a: Kommo-o|def|2
|move|p2a: Corviknight|Body Press|p1a: Kommo-o
|-damage|p1a: Kommo-o|89/100
|-damage|p2a: Corviknight|57/100|[from] item: Rocky Helmet|[of] p1a: Kommo-o
|
|upkeep
|turn|39
|c|♚chengduoldsuperbro|关了吧，没意思
|c|%kitoothe|was fun
|
|t:|1625402978
|move|p1a: Kommo-o|Body Press|p2a: Corviknight
|-damage|p2a: Corviknight|0 fnt
|faint|p2a: Corviknight
|
|upkeep
|c|♚lzaaaaa|刮痧呢
|
|t:|1625402983
|switch|p2a: Zeraora|Zeraora|100/100
|turn|40
|
|t:|1625402990
|move|p2a: Zeraora|Knock Off|p1a: Kommo-o
|-resisted|p1a: Kommo-o
|-damage|p1a: Kommo-o|86/100
|-damage|p2a: Zeraora|84/100|[from] item: Rocky Helmet|[of] p1a: Kommo-o
|-enditem|p1a: Kommo-o|Rocky Helmet|[from] move: Knock Off|[of] p2a: Zeraora
|move|p1a: Kommo-o|Body Press|p2a: Zeraora
|-crit|p2a: Zeraora
|-damage|p2a: Zeraora|0 fnt
|faint|p2a: Zeraora
|
|upkeep
|
|t:|1625402994
|switch|p2a: Weavile|Weavile, M|100/100
|turn|41
|c|☆lonietzzz|三个ct死了
|c|☆chickwayne|cn三旋鸡！
|j| AlIoutdragadarts
|
|t:|1625403007
|move|p2a: Weavile|Triple Axel|p1a: Kommo-o|[miss]
|-miss|p2a: Weavile|p1a: Kommo-o
|move|p1a: Kommo-o|Body Press|p2a: Weavile
|-supereffective|p2a: Weavile
|-damage|p2a: Weavile|0 fnt
|faint|p2a: Weavile
|
|win|lonietzzz
|n|☆lonietzzz|lonietzzz
|n|☆chickwayne|chickwayne
|n| There is a fire|thereisafire
|n|♚Allen-xia|allenxia
|n| DingTalk|dingtalk
|n|&WwlWss|wwlwss
|n|♚popoling|popoling
|n| LifeLive|lifelive
|n| Renwu|renwu
|n|%kitoothe|kitoothe
|n|♚lzaaaaa|lzaaaaa
|n|♚chengduoldsuperbro|chengduoldsuperbro
|n| Jqlove|jqlove
|n| LigrAtients|ligratients
|n| menhera chan|menherachan
|n| Wind of Schilt|windofschilt
|n| xiezhouqun|xiezhouqun
|n|♚DYWY❀|dywy
|n|&starmind|starmind
|n| AlIoutdragadarts|alioutdragadarts
|c|☆chickwayne|真nm
|c|♚chengduoldsuperbro|？
|l| menhera chan
|c| Jqlove|哈哈哈哈
|l| DingTalk
|c|☆chickwayne|CN三旋鸡
|c| Jqlove|妙啊
