|j|☆Swordsman.N
|j|☆syelza
|t:|1647605421
|gametype|singles
|player|p1|Swordsman.N|caitlin|
|player|p2|syelza|pokemonrangerf-gen4|
|teamsize|p1|6
|teamsize|p2|6
|gen|8
|tier|[Gen 8] OU
|rule|Sleep Clause Mod: Limit one foe put to sleep
|rule|Species Clause: Limit one of each Pokémon
|rule|OHKO Clause: OHKO moves are banned
|rule|Evasion Moves Clause: Evasion moves are banned
|rule|Endless Battle Clause: Forcing endless battles is banned
|rule|HP Percentage Mod: HP is shown in percentages
|rule|Dynamax Clause: You cannot dynamax
|clearpoke
|poke|p1|Buzzwole|
|poke|p1|Hippowdon, F|
|poke|p1|Tapu Koko|
|poke|p1|Toxapex, M|
|poke|p1|Corviknight, F|
|poke|p1|Magnezone|
|poke|p2|Mew|
|poke|p2|Ninetales-Alola, F|
|poke|p2|Garchomp, F|
|poke|p2|Heatran, M|
|poke|p2|Scizor, F|
|poke|p2|Dragapult, F|
|teampreview
|j| rami3e
|j| woflw
|
|t:|1647605446
|start
|switch|p1a: Tapu Koko|Tapu Koko|100/100
|switch|p2a: 啊对对对|Ninetales-Alola, F|100/100
|-fieldstart|move: Electric Terrain|[from] ability: Electric Surge|[of] p1a: Tapu Koko
|-weather|Hail|[from] ability: Snow Warning|[of] p2a: 啊对对对
|turn|1
|
|t:|1647605456
|move|p1a: Tapu Koko|Thunderbolt|p2a: 啊对对对
|-damage|p2a: 啊对对对|48/100
|move|p2a: 啊对对对|Hypnosis|p1a: Tapu Koko|[miss]
|-miss|p2a: 啊对对对|p1a: Tapu Koko
|
|-weather|Hail|[upkeep]
|-damage|p1a: Tapu Koko|94/100|[from] Hail
|upkeep
|turn|2
|
|t:|1647605468
|switch|p2a: 莫邪效果~特招token|Garchomp, F|100/100
|move|p1a: Tapu Koko|Thunderbolt|p2a: 莫邪效果~特招token
|-immune|p2a: 莫邪效果~特招token
|
|-weather|Hail|[upkeep]
|-damage|p1a: Tapu Koko|88/100|[from] Hail
|-damage|p2a: 莫邪效果~特招token|94/100|[from] Hail
|-heal|p2a: 莫邪效果~特招token|100/100|[from] item: Leftovers
|upkeep
|turn|3
|
|t:|1647605478
|switch|p1a: Buzzwole|Buzzwole|100/100
|move|p2a: 莫邪效果~特招token|Swords Dance|p2a: 莫邪效果~特招token
|-boost|p2a: 莫邪效果~特招token|atk|2
|
|-weather|Hail|[upkeep]
|-damage|p2a: 莫邪效果~特招token|94/100|[from] Hail
|-damage|p1a: Buzzwole|94/100|[from] Hail
|-heal|p2a: 莫邪效果~特招token|100/100|[from] item: Leftovers
|upkeep
|turn|4
|j| yuudachi0811夕立
|
|t:|1647605488
|move|p2a: 莫邪效果~特招token|Earthquake|p1a: Buzzwole
|-resisted|p1a: Buzzwole
|-damage|p1a: Buzzwole|62/100
|move|p1a: Buzzwole|Ice Punch|p2a: 莫邪效果~特招token
|-supereffective|p2a: 莫邪效果~特招token
|-damage|p2a: 莫邪效果~特招token|0 fnt
|-damage|p1a: Buzzwole|50/100|[from] ability: Rough Skin|[of] p2a: 莫邪效果~特招token
|faint|p2a: 莫邪效果~特招token
|-ability|p1a: Buzzwole|Beast Boost|boost
|-boost|p1a: Buzzwole|atk|1
|
|-weather|Hail|[upkeep]
|-damage|p1a: Buzzwole|44/100|[from] Hail
|upkeep
|c| yuudachi0811夕立|燕返！
|
|t:|1647605499
|switch|p2a: 接下来，近身战很有用|Mew|100/100
|turn|5
|
|t:|1647605509
|move|p2a: 接下来，近身战很有用|Dragon Dance|p2a: 接下来，近身战很有用
|-boost|p2a: 接下来，近身战很有用|atk|1
|-boost|p2a: 接下来，近身战很有用|spe|1
|move|p1a: Buzzwole|Leech Life|p2a: 接下来，近身战很有用
|-supereffective|p2a: 接下来，近身战很有用
|-damage|p2a: 接下来，近身战很有用|0 fnt
|-heal|p1a: Buzzwole|85/100|[from] drain|[of] p2a: 接下来，近身战很有用
|faint|p2a: 接下来，近身战很有用
|-ability|p1a: Buzzwole|Beast Boost|boost
|-boost|p1a: Buzzwole|atk|1
|
|-weather|none
|-fieldend|move: Electric Terrain
|upkeep
|
|t:|1647605517
|switch|p2a: 攻击力3000的强力怪兽|Heatran, M|100/100
|-item|p2a: 攻击力3000的强力怪兽|Air Balloon
|turn|6
|
|t:|1647605556
|switch|p1a: Hippowdon|Hippowdon, F|100/100
|-weather|Sandstorm|[from] ability: Sand Stream|[of] p1a: Hippowdon
|move|p2a: 攻击力3000的强力怪兽|Stealth Rock|p1a: Hippowdon
|-sidestart|p1: Swordsman.N|move: Stealth Rock
|
|-weather|Sandstorm|[upkeep]
|upkeep
|turn|7
|
|t:|1647605564
|move|p2a: 攻击力3000的强力怪兽|Eruption|p1a: Hippowdon
|-damage|p1a: Hippowdon|47/100
|move|p1a: Hippowdon|Stealth Rock|p2a: 攻击力3000的强力怪兽
|-sidestart|p2: syelza|move: Stealth Rock
|
|-weather|Sandstorm|[upkeep]
|-heal|p1a: Hippowdon|53/100|[from] item: Leftovers
|upkeep
|turn|8
|
|t:|1647605572
|move|p2a: 攻击力3000的强力怪兽|Eruption|p1a: Hippowdon
|-damage|p1a: Hippowdon|1/100
|move|p1a: Hippowdon|Slack Off|p1a: Hippowdon
|-heal|p1a: Hippowdon|51/100
|
|-weather|Sandstorm|[upkeep]
|-heal|p1a: Hippowdon|57/100|[from] item: Leftovers
|upkeep
|turn|9
|
|t:|1647605580
|move|p2a: 攻击力3000的强力怪兽|Eruption|p1a: Hippowdon
|-damage|p1a: Hippowdon|4/100
|move|p1a: Hippowdon|Slack Off|p1a: Hippowdon
|-heal|p1a: Hippowdon|54/100
|
|-weather|Sandstorm|[upkeep]
|-heal|p1a: Hippowdon|60/100|[from] item: Leftovers
|upkeep
|turn|10
|
|t:|1647605587
|move|p2a: 攻击力3000的强力怪兽|Eruption|p1a: Hippowdon
|-damage|p1a: Hippowdon|5/100
|move|p1a: Hippowdon|Slack Off|p1a: Hippowdon
|-heal|p1a: Hippowdon|55/100
|
|-weather|none
|-heal|p1a: Hippowdon|62/100|[from] item: Leftovers
|upkeep
|turn|11
|
|t:|1647605595
|move|p2a: 攻击力3000的强力怪兽|Magma Storm|p1a: Hippowdon
|-damage|p1a: Hippowdon|26/100
|-activate|p1a: Hippowdon|move: Magma Storm|[of] p2a: 攻击力3000的强力怪兽
|move|p1a: Hippowdon|Slack Off|p1a: Hippowdon
|-heal|p1a: Hippowdon|76/100
|
|-heal|p1a: Hippowdon|83/100|[from] item: Leftovers
|-damage|p1a: Hippowdon|70/100|[from] move: Magma Storm|[partiallytrapped]
|upkeep
|turn|12
|
|t:|1647605603
|move|p2a: 攻击力3000的强力怪兽|Eruption|p1a: Hippowdon
|-damage|p1a: Hippowdon|15/100
|move|p1a: Hippowdon|Slack Off|p1a: Hippowdon
|-heal|p1a: Hippowdon|65/100
|
|-heal|p1a: Hippowdon|71/100|[from] item: Leftovers
|-damage|p1a: Hippowdon|59/100|[from] move: Magma Storm|[partiallytrapped]
|upkeep
|turn|13
|
|t:|1647605611
|move|p2a: 攻击力3000的强力怪兽|Eruption|p1a: Hippowdon
|-damage|p1a: Hippowdon|0 fnt
|faint|p1a: Hippowdon
|
|upkeep
|
|t:|1647605628
|switch|p1a: Tapu Koko|Tapu Koko|88/100
|-fieldstart|move: Electric Terrain|[from] ability: Electric Surge|[of] p1a: Tapu Koko
|turn|14
|c| yuudachi0811夕立|原来有一个随机数能杀啊？
|c| woflw|还有59这么高
|
|t:|1647605650
|move|p1a: Tapu Koko|Thunderbolt|p2a: 攻击力3000的强力怪兽
|-damage|p2a: 攻击力3000的强力怪兽|51/100
|-enditem|p2a: 攻击力3000的强力怪兽|Air Balloon
|move|p2a: 攻击力3000的强力怪兽|Magma Storm|p1a: Tapu Koko
|-damage|p1a: Tapu Koko|4/100
|-activate|p1a: Tapu Koko|move: Magma Storm|[of] p2a: 攻击力3000的强力怪兽
|
|-damage|p1a: Tapu Koko|0 fnt|[from] move: Magma Storm|[partiallytrapped]
|faint|p1a: Tapu Koko
|upkeep
|c| yuudachi0811夕立|我以为55是最高了
|
|t:|1647605664
|switch|p1a: Toxapex|Toxapex, M|100/100
|-damage|p1a: Toxapex|88/100|[from] Stealth Rock
|turn|15
|c| woflw|之前都在演 混时长
|
|t:|1647605681
|move|p2a: 攻击力3000的强力怪兽|Magma Storm|p1a: Toxapex
|-resisted|p1a: Toxapex
|-damage|p1a: Toxapex|66/100
|-activate|p1a: Toxapex|move: Magma Storm|[of] p2a: 攻击力3000的强力怪兽
|move|p1a: Toxapex|Toxic Spikes|p2a: 攻击力3000的强力怪兽
|-sidestart|p2: syelza|move: Toxic Spikes
|
|-heal|p1a: Toxapex|73/100|[from] item: Black Sludge
|-damage|p1a: Toxapex|60/100|[from] move: Magma Storm|[partiallytrapped]
|upkeep
|turn|16
|c| yuudachi0811夕立|他太懂直播了！
|
|t:|1647605689
|move|p2a: 攻击力3000的强力怪兽|Earth Power|p1a: Toxapex
|-supereffective|p1a: Toxapex
|-damage|p1a: Toxapex|9/100
|move|p1a: Toxapex|Recover|p1a: Toxapex
|-heal|p1a: Toxapex|59/100
|
|-heal|p1a: Toxapex|65/100|[from] item: Black Sludge
|-damage|p1a: Toxapex|52/100|[from] move: Magma Storm|[partiallytrapped]
|upkeep
|turn|17
|
|t:|1647605697
|move|p2a: 攻击力3000的强力怪兽|Earth Power|p1a: Toxapex
|-supereffective|p1a: Toxapex
|-damage|p1a: Toxapex|1/100
|move|p1a: Toxapex|Recover|p1a: Toxapex
|-heal|p1a: Toxapex|51/100
|
|-heal|p1a: Toxapex|57/100|[from] item: Black Sludge
|-damage|p1a: Toxapex|45/100|[from] move: Magma Storm|[partiallytrapped]
|upkeep
|turn|18
|
|t:|1647605707
|move|p2a: 攻击力3000的强力怪兽|Earth Power|p1a: Toxapex
|-supereffective|p1a: Toxapex
|-damage|p1a: Toxapex|0 fnt
|faint|p1a: Toxapex
|
|-fieldend|move: Electric Terrain
|upkeep
|
|t:|1647605711
|switch|p1a: Buzzwole|Buzzwole|85/100
|-damage|p1a: Buzzwole|73/100|[from] Stealth Rock
|turn|19
|
|t:|1647605716
|move|p2a: 攻击力3000的强力怪兽|Magma Storm|p1a: Buzzwole
|-supereffective|p1a: Buzzwole
|-damage|p1a: Buzzwole|0 fnt
|faint|p1a: Buzzwole
|
|upkeep
|c| yuudachi0811夕立|传下去，N给喷火火钢打一队
|
|t:|1647605725
|switch|p1a: Magnezone|Magnezone|100/100
|-damage|p1a: Magnezone|94/100|[from] Stealth Rock
|turn|20
|c| rami3e|为什么他的容颜风暴不会空啊
|
|t:|1647605733
|move|p2a: 攻击力3000的强力怪兽|Earth Power|p1a: Magnezone
|-supereffective|p1a: Magnezone
|-crit|p1a: Magnezone
|-damage|p1a: Magnezone|0 fnt
|faint|p1a: Magnezone
|
|upkeep
|
|t:|1647605738
|switch|p1a: Corviknight|Corviknight, F|100/100
|-damage|p1a: Corviknight|88/100|[from] Stealth Rock
|-ability|p1a: Corviknight|Pressure
|turn|21
|c| yuudachi0811夕立|我不道啊
|
|t:|1647605742
|move|p2a: 攻击力3000的强力怪兽|Magma Storm|p1a: Corviknight
|-supereffective|p1a: Corviknight
|-damage|p1a: Corviknight|13/100
|-activate|p1a: Corviknight|move: Magma Storm|[of] p2a: 攻击力3000的强力怪兽
|move|p1a: Corviknight|Brave Bird|p2a: 攻击力3000的强力怪兽
|-resisted|p2a: 攻击力3000的强力怪兽
|-damage|p2a: 攻击力3000的强力怪兽|33/100
|-damage|p1a: Corviknight|8/100|[from] Recoil
|
|-heal|p1a: Corviknight|15/100|[from] item: Leftovers
|-damage|p1a: Corviknight|2/100|[from] move: Magma Storm|[partiallytrapped]
|upkeep
|turn|22
|
|t:|1647605753
|move|p2a: 攻击力3000的强力怪兽|Eruption|p1a: Corviknight
|-supereffective|p1a: Corviknight
|-damage|p1a: Corviknight|0 fnt
|faint|p1a: Corviknight
|
|win|syelza
