|j|☆swordsman.n
|j|☆vusty fans3
|t:|1643370870
|gametype|singles
|player|p1|swordsman.n|caitlin|
|player|p2|vusty fans3|vustyfans3.png|
|teamsize|p1|6
|teamsize|p2|6
|gen|8
|tier|[Gen 8] OU
|rule|Sleep Clause Mod: Limit one foe put to sleep
|rule|Species Clause: Limit one of each Pokémon
|rule|OHKO Clause: OHKO moves are banned
|rule|Evasion Moves Clause: Evasion moves are banned
|rule|Endless Battle Clause: Forcing endless battles is banned
|rule|HP Percentage Mod: HP is shown in percentages
|rule|Dynamax Clause: You cannot dynamax
|clearpoke
|poke|p1|Munchlax, M|
|poke|p1|Magmortar, F|
|poke|p1|Clefable, M|
|poke|p1|Miltank, F|
|poke|p1|Grimmsnarl, M|
|poke|p1|Diancie|
|poke|p2|Mesprit|
|poke|p2|Alakazam, F|
|poke|p2|Magmortar, M|
|poke|p2|Magmar, F|
|poke|p2|Electabuzz, M|
|poke|p2|Poliwhirl, F|
|teampreview
|
|t:|1643370880
|start
|switch|p1a: Clefable|Clefable, M|100/100
|switch|p2a: Poliwhirl|Poliwhirl, F|100/100
|turn|1
|c|☆vusty fans3|皮克西看你了
|
|t:|1643370893
|move|p2a: Poliwhirl|Metronome|p2a: Poliwhirl
|move|p2a: Poliwhirl|Megahorn|p1a: Clefable|[from]move: Metronome
|-resisted|p1a: Clefable
|-damage|p1a: Clefable|85/100
|move|p1a: Clefable|Metronome|p1a: Clefable
|move|p1a: Clefable|Boomburst|p2a: Poliwhirl|[from]move: Metronome
|-damage|p2a: Poliwhirl|36/100
|
|upkeep
|turn|2
|j| woflw
|
|t:|1643370901
|move|p2a: Poliwhirl|Metronome|p2a: Poliwhirl
|move|p2a: Poliwhirl|Icicle Spear|p1a: Clefable|[from]move: Metronome
|-damage|p1a: Clefable|78/100
|-damage|p1a: Clefable|72/100
|-damage|p1a: Clefable|65/100
|-hitcount|p1a: Clefable|3
|move|p1a: Clefable|Metronome|p1a: Clefable
|move|p1a: Clefable|Clear Smog|p2a: Poliwhirl|[from]move: Metronome
|-damage|p2a: Poliwhirl|15/100
|-clearboost|p2a: Poliwhirl
|
|upkeep
|turn|3
|
|t:|1643370911
|move|p2a: Poliwhirl|Metronome|p2a: Poliwhirl
|move|p2a: Poliwhirl|Swallow||[from]move: Metronome|[still]
|-fail|p2a: Poliwhirl
|move|p1a: Clefable|Metronome|p1a: Clefable
|move|p1a: Clefable|Gravity|p1a: Clefable|[from]move: Metronome
|-fieldstart|move: Gravity
|
|upkeep
|turn|4
|
|t:|1643370917
|move|p2a: Poliwhirl|Metronome|p2a: Poliwhirl
|move|p2a: Poliwhirl|Rising Voltage|p1a: Clefable|[from]move: Metronome
|-damage|p1a: Clefable|54/100
|move|p1a: Clefable|Metronome|p1a: Clefable
|move|p1a: Clefable|Draco Meteor|p2a: Poliwhirl|[from]move: Metronome
|-damage|p2a: Poliwhirl|0 fnt
|-unboost|p1a: Clefable|spa|2
|faint|p2a: Poliwhirl
|
|upkeep
|c|☆vusty fans3|卧槽
|c|☆swordsman.n|帅
|
|t:|1643370937
|switch|p2a: Mesprit|Mesprit|100/100
|turn|5
|
|t:|1643370939
|move|p2a: Mesprit|Metronome|p2a: Mesprit
|move|p2a: Mesprit|Hold Back|p1a: Clefable|[from]move: Metronome
|-damage|p1a: Clefable|43/100
|move|p1a: Clefable|Metronome|p1a: Clefable
|move|p1a: Clefable|Electroweb|p2a: Mesprit|[from]move: Metronome
|-damage|p2a: Mesprit|89/100
|-unboost|p2a: Mesprit|spe|1
|
|upkeep
|turn|6
|
|t:|1643370947
|move|p1a: Clefable|Metronome|p1a: Clefable
|move|p1a: Clefable|Howl|p1a: Clefable|[from]move: Metronome
|-boost|p1a: Clefable|atk|1
|move|p2a: Mesprit|Metronome|p2a: Mesprit
|move|p2a: Mesprit|Milk Drink|p2a: Mesprit|[from]move: Metronome
|-heal|p2a: Mesprit|100/100
|
|upkeep
|turn|7
|
|t:|1643370953
|move|p1a: Clefable|Metronome|p1a: Clefable
|move|p1a: Clefable|Teeter Dance|p2a: Mesprit|[from]move: Metronome
|-start|p2a: Mesprit|confusion
|-activate|p2a: Mesprit|confusion
|-damage|p2a: Mesprit|90/100|[from] confusion
|
|-fieldend|move: Gravity
|upkeep
|turn|8
|c|☆vusty fans3|不对劲
|
|t:|1643370962
|move|p1a: Clefable|Metronome|p1a: Clefable
|move|p1a: Clefable|Swords Dance|p1a: Clefable|[from]move: Metronome
|-boost|p1a: Clefable|atk|2
|-end|p2a: Mesprit|confusion
|move|p2a: Mesprit|Metronome|p2a: Mesprit
|move|p2a: Mesprit|Morning Sun|p2a: Mesprit|[from]move: Metronome
|-heal|p2a: Mesprit|100/100
|
|upkeep
|turn|9
|j| yuudachi0811夕立
|
|t:|1643370970
|move|p1a: Clefable|Metronome|p1a: Clefable
|move|p1a: Clefable|Psychic|p2a: Mesprit|[from]move: Metronome
|-resisted|p2a: Mesprit
|-damage|p2a: Mesprit|92/100
|move|p2a: Mesprit|Metronome|p2a: Mesprit
|move|p2a: Mesprit|Aromatic Mist|null|[from]move: Metronome|[notarget]
|-fail|p2a: Mesprit
|
|upkeep
|turn|10
|
|t:|1643370976
|move|p1a: Clefable|Metronome|p1a: Clefable
|move|p1a: Clefable|Bolt Strike|p2a: Mesprit|[from]move: Metronome
|-damage|p2a: Mesprit|18/100
|-status|p2a: Mesprit|par
|move|p2a: Mesprit|Metronome|p2a: Mesprit
|move|p2a: Mesprit|Last Resort||[from]move: Metronome|[still]
|-fail|p2a: Mesprit
|
|upkeep
|turn|11
|c|☆vusty fans3|？？？
|c|☆swordsman.n|太帅了
|
|t:|1643370987
|move|p1a: Clefable|Metronome|p1a: Clefable
|move|p1a: Clefable|Poison Gas||[from]move: Metronome|[still]
|-fail|p1a: Clefable
|move|p2a: Mesprit|Metronome|p2a: Mesprit
|move|p2a: Mesprit|Icicle Spear|p1a: Clefable|[from]move: Metronome
|-damage|p1a: Clefable|36/100
|-damage|p1a: Clefable|29/100
|-hitcount|p1a: Clefable|2
|
|upkeep
|turn|12
|
|t:|1643370994
|move|p1a: Clefable|Metronome|p1a: Clefable
|move|p1a: Clefable|Psychic Fangs|p2a: Mesprit|[from]move: Metronome
|-resisted|p2a: Mesprit
|-damage|p2a: Mesprit|0 fnt
|faint|p2a: Mesprit
|
|upkeep
|
|t:|1643371006
|switch|p2a: Alakazam|Alakazam, F|100/100
|turn|13
|
|t:|1643371008
|move|p2a: Alakazam|Metronome|p2a: Alakazam
|move|p2a: Alakazam|Tailwind|p2a: Alakazam|[from]move: Metronome
|-sidestart|p2: vusty fans3|move: Tailwind
|move|p1a: Clefable|Metronome|p1a: Clefable
|move|p1a: Clefable|Swagger|p2a: Alakazam|[from]move: Metronome
|-boost|p2a: Alakazam|atk|2
|-start|p2a: Alakazam|confusion
|
|upkeep
|turn|14
|c|☆vusty fans3|太可怕了
|
|t:|1643371015
|-activate|p2a: Alakazam|confusion
|move|p2a: Alakazam|Metronome|p2a: Alakazam
|move|p2a: Alakazam|Conversion|p2a: Alakazam|[from]move: Metronome
|-start|p2a: Alakazam|typechange|Normal
|move|p1a: Clefable|Metronome|p1a: Clefable
|move|p1a: Clefable|Sweet Scent|p2a: Alakazam|[from]move: Metronome
|-unboost|p2a: Alakazam|evasion|2
|
|upkeep
|turn|15
|
|t:|1643371022
|-activate|p2a: Alakazam|confusion
|move|p2a: Alakazam|Metronome|p2a: Alakazam
|move|p2a: Alakazam|Pay Day|p1a: Clefable|[from]move: Metronome
|-damage|p1a: Clefable|5/100
|-fieldactivate|move: Pay Day
|move|p1a: Clefable|Metronome|p1a: Clefable
|move|p1a: Clefable|Extrasensory|p2a: Alakazam|[from]move: Metronome
|-damage|p2a: Alakazam|76/100
|
|upkeep
|turn|16
|
|t:|1643371029
|-end|p2a: Alakazam|confusion
|move|p2a: Alakazam|Metronome|p2a: Alakazam
|move|p2a: Alakazam|Razor Shell|p1a: Clefable|[from]move: Metronome
|-damage|p1a: Clefable|0 fnt
|faint|p1a: Clefable
|
|-sideend|p2: vusty fans3|move: Tailwind
|upkeep
|
|t:|1643371036
|switch|p1a: Grimmsnarl|Grimmsnarl, M|100/100
|turn|17
|
|t:|1643371038
|move|p1a: Grimmsnarl|Metronome|p1a: Grimmsnarl
|move|p1a: Grimmsnarl|Poison Fang|p2a: Alakazam|[from]move: Metronome
|-damage|p2a: Alakazam|26/100
|move|p2a: Alakazam|Metronome|p2a: Alakazam
|move|p2a: Alakazam|Fire Fang|p1a: Grimmsnarl|[from]move: Metronome
|-damage|p1a: Grimmsnarl|74/100
|
|upkeep
|turn|18
|
|t:|1643371045
|move|p1a: Grimmsnarl|Metronome|p1a: Grimmsnarl
|move|p1a: Grimmsnarl|Mist Ball|p2a: Alakazam|[from]move: Metronome
|-damage|p2a: Alakazam|5/100
|-unboost|p2a: Alakazam|spa|1
|move|p2a: Alakazam|Metronome|p2a: Alakazam
|move|p2a: Alakazam|Lick|p1a: Grimmsnarl|[from]move: Metronome
|-resisted|p1a: Grimmsnarl
|-damage|p1a: Grimmsnarl|68/100
|
|upkeep
|turn|19
|
|t:|1643371053
|move|p1a: Grimmsnarl|Metronome|p1a: Grimmsnarl
|move|p1a: Grimmsnarl|Reflect Type|p2a: Alakazam|[from]move: Metronome
|-start|p1a: Grimmsnarl|typechange|[from] move: Reflect Type|[of] p2a: Alakazam
|move|p2a: Alakazam|Metronome|p2a: Alakazam
|move|p2a: Alakazam|Disable|p1a: Grimmsnarl|[from]move: Metronome
|-start|p1a: Grimmsnarl|Disable|Metronome
|
|upkeep
|turn|20
|
|t:|1643371059
|switch|p1a: Munchlax|Munchlax, M|100/100
|move|p2a: Alakazam|Metronome|p2a: Alakazam
|move|p2a: Alakazam|Bone Rush|p1a: Munchlax|[from]move: Metronome
|-damage|p1a: Munchlax|94/100
|-damage|p1a: Munchlax|87/100
|-hitcount|p1a: Munchlax|2
|
|upkeep
|turn|21
|
|t:|1643371068
|move|p2a: Alakazam|Metronome|p2a: Alakazam
|move|p2a: Alakazam|Coil|p2a: Alakazam|[from]move: Metronome
|-boost|p2a: Alakazam|atk|1
|-boost|p2a: Alakazam|def|1
|-boost|p2a: Alakazam|accuracy|1
|move|p1a: Munchlax|Metronome|p1a: Munchlax
|move|p1a: Munchlax|Ally Switch||[from]move: Metronome|[still]
|-fail|p1a: Munchlax
|
|upkeep
|turn|22
|
|t:|1643371075
|move|p2a: Alakazam|Metronome|p2a: Alakazam
|move|p2a: Alakazam|Mist|p2a: Alakazam|[from]move: Metronome
|-sidestart|p2: vusty fans3|Mist
|move|p1a: Munchlax|Metronome|p1a: Munchlax
|move|p1a: Munchlax|Mega Punch|p2a: Alakazam|[from]move: Metronome
|-damage|p2a: Alakazam|0 fnt
|faint|p2a: Alakazam
|
|upkeep
|
|t:|1643371084
|switch|p2a: Magmar|Magmar, F|100/100
|turn|23
|
|t:|1643371087
|move|p2a: Magmar|Metronome|p2a: Magmar
|move|p2a: Magmar|Dream Eater|p1a: Munchlax|[from]move: Metronome
|-immune|p1a: Munchlax
|move|p1a: Munchlax|Metronome|p1a: Munchlax
|move|p1a: Munchlax|Vacuum Wave|p2a: Magmar|[from]move: Metronome
|-damage|p2a: Magmar|96/100
|
|upkeep
|turn|24
|
|t:|1643371096
|move|p2a: Magmar|Metronome|p2a: Magmar
|move|p2a: Magmar|Bullet Punch|p1a: Munchlax|[from]move: Metronome
|-damage|p1a: Munchlax|80/100
|move|p1a: Munchlax|Metronome|p1a: Munchlax
|move|p1a: Munchlax|Fishious Rend|p2a: Magmar|[from]move: Metronome
|-supereffective|p2a: Magmar
|-damage|p2a: Magmar|57/100
|
|upkeep
|turn|25
|
|t:|1643371103
|move|p2a: Magmar|Metronome|p2a: Magmar
|move|p2a: Magmar|Steel Wing|p1a: Munchlax|[from]move: Metronome
|-damage|p1a: Munchlax|69/100
|move|p1a: Munchlax|Metronome|p1a: Munchlax
|move|p1a: Munchlax|Magic Room|p1a: Munchlax|[from]move: Metronome
|-fieldstart|move: Magic Room|[of] p1a: Munchlax
|
|upkeep
|turn|26
|
|t:|1643371109
|move|p2a: Magmar|Metronome|p2a: Magmar
|move|p2a: Magmar|Blast Burn|p1a: Munchlax|[from]move: Metronome
|-damage|p1a: Munchlax|46/100
|-mustrecharge|p2a: Magmar
|move|p1a: Munchlax|Metronome|p1a: Munchlax
|move|p1a: Munchlax|Heavy Slam|p2a: Magmar|[from]move: Metronome
|-resisted|p2a: Magmar
|-damage|p2a: Magmar|46/100
|
|-sideend|p2: vusty fans3|Mist
|upkeep
|turn|27
|
|t:|1643371117
|cant|p2a: Magmar|recharge
|move|p1a: Munchlax|Metronome|p1a: Munchlax
|move|p1a: Munchlax|Gyro Ball|p2a: Magmar|[from]move: Metronome
|-resisted|p2a: Magmar
|-damage|p2a: Magmar|25/100
|
|upkeep
|turn|28
|
|t:|1643371125
|move|p2a: Magmar|Metronome|p2a: Magmar
|move|p2a: Magmar|Flip Turn|p1a: Munchlax|[from]move: Metronome
|-damage|p1a: Munchlax|32/100
|
|t:|1643371129
|switch|p2a: Electabuzz|Electabuzz, M|100/100|[from]move: Flip Turn
|move|p1a: Munchlax|Metronome|p1a: Munchlax
|move|p1a: Munchlax|Entrainment|p2a: Electabuzz|[from]move: Metronome
|-endability|p2a: Electabuzz|Vital Spirit|[from] move: Entrainment
|-ability|p2a: Electabuzz|Thick Fat|[from] move: Entrainment
|
|upkeep
|turn|29
|
|t:|1643371135
|move|p2a: Electabuzz|Metronome|p2a: Electabuzz
|move|p2a: Electabuzz|Play Nice|p1a: Munchlax|[from]move: Metronome
|-unboost|p1a: Munchlax|atk|1
|move|p1a: Munchlax|Metronome|p1a: Munchlax
|move|p1a: Munchlax|Autotomize|p1a: Munchlax|[from]move: Metronome
|-boost|p1a: Munchlax|spe|2
|-start|p1a: Munchlax|Autotomize
|
|-fieldend|move: Magic Room|[of] p1a: Munchlax
|upkeep
|turn|30
|
|t:|1643371144
|move|p2a: Electabuzz|Metronome|p2a: Electabuzz
|move|p2a: Electabuzz|Water Pulse|p1a: Munchlax|[from]move: Metronome
|-damage|p1a: Munchlax|23/100
|move|p1a: Munchlax|Metronome|p1a: Munchlax
|move|p1a: Munchlax|Coil|p1a: Munchlax|[from]move: Metronome
|-boost|p1a: Munchlax|atk|1
|-boost|p1a: Munchlax|def|1
|-boost|p1a: Munchlax|accuracy|1
|
|upkeep
|turn|31
|
|t:|1643371151
|move|p2a: Electabuzz|Metronome|p2a: Electabuzz
|move|p2a: Electabuzz|Expanding Force|p1a: Munchlax|[from]move: Metronome
|-damage|p1a: Munchlax|11/100
|move|p1a: Munchlax|Metronome|p1a: Munchlax
|move|p1a: Munchlax|Fiery Dance|p2a: Electabuzz|[from]move: Metronome
|-damage|p2a: Electabuzz|96/100
|-boost|p1a: Munchlax|spa|1
|
|upkeep
|turn|32
|
|t:|1643371159
|move|p2a: Electabuzz|Metronome|p2a: Electabuzz
|move|p2a: Electabuzz|Slash|p1a: Munchlax|[from]move: Metronome
|-damage|p1a: Munchlax|4/100
|move|p1a: Munchlax|Metronome|p1a: Munchlax
|move|p1a: Munchlax|Sand Tomb|p2a: Electabuzz|[from]move: Metronome
|-supereffective|p2a: Electabuzz
|-damage|p2a: Electabuzz|80/100
|-activate|p2a: Electabuzz|move: Sand Tomb|[of] p1a: Munchlax
|
|-damage|p2a: Electabuzz|68/100|[from] move: Sand Tomb|[partiallytrapped]
|upkeep
|turn|33
|
|t:|1643371169
|move|p2a: Electabuzz|Metronome|p2a: Electabuzz
|move|p2a: Electabuzz|Laser Focus|p2a: Electabuzz|[from]move: Metronome
|-start|p2a: Electabuzz|move: Laser Focus
|move|p1a: Munchlax|Metronome|p1a: Munchlax
|move|p1a: Munchlax|String Shot|p2a: Electabuzz|[from]move: Metronome
|-unboost|p2a: Electabuzz|spe|2
|
|-damage|p2a: Electabuzz|56/100|[from] move: Sand Tomb|[partiallytrapped]
|upkeep
|turn|34
|
|t:|1643371176
|move|p2a: Electabuzz|Metronome|p2a: Electabuzz
|move|p2a: Electabuzz|Fire Pledge|p1a: Munchlax|[from]move: Metronome
|-crit|p1a: Munchlax
|-damage|p1a: Munchlax|0 fnt
|faint|p1a: Munchlax
|
|-end|p2a: Electabuzz|Sand Tomb|[partiallytrapped]|[silent]
|-end|p2a: Electabuzz|move: Laser Focus|[silent]
|upkeep
|
|t:|1643371182
|switch|p1a: Grimmsnarl|Grimmsnarl, M|68/100
|turn|35
|
|t:|1643371185
|move|p1a: Grimmsnarl|Metronome|p1a: Grimmsnarl
|move|p1a: Grimmsnarl|Howl|p1a: Grimmsnarl|[from]move: Metronome
|-boost|p1a: Grimmsnarl|atk|1
|move|p2a: Electabuzz|Metronome|p2a: Electabuzz
|move|p2a: Electabuzz|Boomburst|p1a: Grimmsnarl|[from]move: Metronome
|-crit|p1a: Grimmsnarl
|-damage|p1a: Grimmsnarl|0 fnt
|faint|p1a: Grimmsnarl
|
|upkeep
|c|☆vusty fans3|好
|c|☆swordsman.n|坏
|
|t:|1643371198
|switch|p1a: Miltank|Miltank, F|100/100
|turn|36
|
|t:|1643371201
|move|p1a: Miltank|Metronome|p1a: Miltank
|move|p1a: Miltank|Torment|p2a: Electabuzz|[from]move: Metronome
|-start|p2a: Electabuzz|Torment
|move|p2a: Electabuzz|Metronome|p2a: Electabuzz
|move|p2a: Electabuzz|Meteor Mash|p1a: Miltank|[from]move: Metronome
|-damage|p1a: Miltank|88/100
|
|upkeep
|turn|37
|
|t:|1643371208
|switch|p2a: Magmar|Magmar, F|25/100
|move|p1a: Miltank|Metronome|p1a: Miltank
|move|p1a: Miltank|Giga Impact|p2a: Magmar|[from]move: Metronome
|-damage|p2a: Magmar|0 fnt
|-mustrecharge|p1a: Miltank
|faint|p2a: Magmar
|
|upkeep
|
|t:|1643371215
|switch|p2a: Electabuzz|Electabuzz, M|56/100
|turn|38
|c| woflw|星
|c|☆vusty fans3|坏了
|
|t:|1643371223
|move|p2a: Electabuzz|Metronome|p2a: Electabuzz
|move|p2a: Electabuzz|Amnesia|p2a: Electabuzz|[from]move: Metronome
|-boost|p2a: Electabuzz|spd|2
|cant|p1a: Miltank|recharge
|
|upkeep
|turn|39
|
|t:|1643371228
|move|p2a: Electabuzz|Metronome|p2a: Electabuzz
|move|p2a: Electabuzz|Flare Blitz|p1a: Miltank|[from]move: Metronome
|-damage|p1a: Miltank|80/100
|-damage|p2a: Electabuzz|52/100|[from] Recoil
|move|p1a: Miltank|Metronome|p1a: Miltank
|move|p1a: Miltank|Mach Punch|p2a: Electabuzz|[from]move: Metronome
|-damage|p2a: Electabuzz|43/100
|
|upkeep
|turn|40
|l| yuudachi0811夕立
|
|t:|1643371235
|move|p2a: Electabuzz|Metronome|p2a: Electabuzz
|move|p2a: Electabuzz|Absorb|p1a: Miltank|[from]move: Metronome
|-crit|p1a: Miltank
|-damage|p1a: Miltank|70/100
|-heal|p2a: Electabuzz|50/100|[from] drain|[of] p1a: Miltank
|move|p1a: Miltank|Metronome|p1a: Miltank
|move|p1a: Miltank|Gunk Shot|p2a: Electabuzz|[from]move: Metronome
|-damage|p2a: Electabuzz|23/100
|
|upkeep
|turn|41
|
|t:|1643371243
|move|p2a: Electabuzz|Metronome|p2a: Electabuzz
|move|p2a: Electabuzz|Roar|p1a: Miltank|[from]move: Metronome
|drag|p1a: Diancie|Diancie|100/100
|
|upkeep
|turn|42
|
|t:|1643371247
|move|p2a: Electabuzz|Metronome|p2a: Electabuzz
|move|p2a: Electabuzz|Glare|p1a: Diancie|[from]move: Metronome
|-status|p1a: Diancie|par
|cant|p1a: Diancie|par
|
|upkeep
|turn|43
|
|t:|1643371252
|move|p2a: Electabuzz|Metronome|p2a: Electabuzz
|move|p2a: Electabuzz|Nasty Plot|p2a: Electabuzz|[from]move: Metronome
|-boost|p2a: Electabuzz|spa|2
|move|p1a: Diancie|Metronome|p1a: Diancie
|move|p1a: Diancie|Swift|p2a: Electabuzz|[from]move: Metronome
|-damage|p2a: Electabuzz|17/100
|
|upkeep
|turn|44
|
|t:|1643371260
|move|p2a: Electabuzz|Metronome|p2a: Electabuzz
|move|p2a: Electabuzz|High Horsepower|p1a: Diancie|[from]move: Metronome
|-supereffective|p1a: Diancie
|-damage|p1a: Diancie|69/100 par
|move|p1a: Diancie|Metronome|p1a: Diancie
|move|p1a: Diancie|Supersonic|p2a: Electabuzz|[from]move: Metronome|[miss]
|-miss|p1a: Diancie|p2a: Electabuzz
|
|upkeep
|turn|45
|
|t:|1643371267
|move|p2a: Electabuzz|Metronome|p2a: Electabuzz
|move|p2a: Electabuzz|Ice Punch|p1a: Diancie|[from]move: Metronome
|-damage|p1a: Diancie|56/100 par
|move|p1a: Diancie|Metronome|p1a: Diancie
|move|p1a: Diancie|Skull Bash||[from]move: Metronome|[still]
|-prepare|p1a: Diancie|Skull Bash
|-boost|p1a: Diancie|def|1
|
|upkeep
|turn|46
|
|t:|1643371273
|-activate|p2a: Electabuzz|move: Struggle
|move|p2a: Electabuzz|Struggle|p1a: Diancie
|-damage|p1a: Diancie|51/100 par
|-damage|p2a: Electabuzz|0 fnt|[from] recoil
|faint|p2a: Electabuzz
|move|p1a: Diancie|Skull Bash|p2: Electabuzz|[from]lockedmove|[notarget]
|-fail|p1a: Diancie
|
|upkeep
|j| Lightchanseyy
|
|t:|1643371276
|switch|p2a: Magmortar|Magmortar, M|100/100
|turn|47
|l| Lightchanseyy
|c|☆vusty fans3|坏了
|
|t:|1643371283
|move|p2a: Magmortar|Metronome|p2a: Magmortar
|move|p2a: Magmortar|Shadow Bone|p1a: Diancie|[from]move: Metronome
|-damage|p1a: Diancie|42/100 par
|move|p1a: Diancie|Metronome|p1a: Diancie
|move|p1a: Diancie|Horn Drill|p2a: Magmortar|[from]move: Metronome|[miss]
|-miss|p1a: Diancie|p2a: Magmortar
|
|upkeep
|turn|48
|
|t:|1643371290
|move|p2a: Magmortar|Metronome|p2a: Magmortar
|move|p2a: Magmortar|Bubble Beam|p1a: Diancie|[from]move: Metronome
|-supereffective|p1a: Diancie
|-damage|p1a: Diancie|0 fnt
|faint|p1a: Diancie
|
|upkeep
|
|t:|1643371295
|switch|p1a: Miltank|Miltank, F|70/100
|turn|49
|c|☆vusty fans3|能不能来个绝0啊
|
|t:|1643371302
|move|p1a: Miltank|Metronome|p1a: Miltank
|move|p1a: Miltank|Steel Roller||[from]move: Metronome|[still]
|-fail|p1a: Miltank
|move|p2a: Magmortar|Metronome|p2a: Magmortar
|move|p2a: Magmortar|Teatime|p2a: Magmortar|[from]move: Metronome
|-enditem|p1a: Miltank|Leppa Berry|[eat]
|-activate|p1a: Miltank|item: Leppa Berry|Metronome|[consumed]
|
|upkeep
|turn|50
|
|t:|1643371308
|move|p1a: Miltank|Metronome|p1a: Miltank
|move|p1a: Miltank|Pluck|p2a: Magmortar|[from]move: Metronome
|-damage|p2a: Magmortar|87/100
|move|p2a: Magmortar|Metronome|p2a: Magmortar
|move|p2a: Magmortar|Poison Powder|p1a: Miltank|[from]move: Metronome
|-status|p1a: Miltank|psn
|
|-damage|p1a: Miltank|58/100 psn|[from] psn
|upkeep
|turn|51
|
|t:|1643371316
|move|p1a: Miltank|Metronome|p1a: Miltank
|move|p1a: Miltank|Aqua Tail|p2a: Magmortar|[from]move: Metronome
|-supereffective|p2a: Magmortar
|-damage|p2a: Magmortar|46/100
|move|p2a: Magmortar|Metronome|p2a: Magmortar
|move|p2a: Magmortar|Bug Bite|p1a: Miltank|[from]move: Metronome
|-damage|p1a: Miltank|49/100 psn
|
|-damage|p1a: Miltank|37/100 psn|[from] psn
|upkeep
|turn|52
|
|t:|1643371325
|move|p1a: Miltank|Metronome|p1a: Miltank
|move|p1a: Miltank|Crabhammer|p2a: Magmortar|[from]move: Metronome|[miss]
|-miss|p1a: Miltank|p2a: Magmortar
|move|p2a: Magmortar|Metronome|p2a: Magmortar
|move|p2a: Magmortar|Pound|p1a: Miltank|[from]move: Metronome
|-damage|p1a: Miltank|31/100 psn
|
|-damage|p1a: Miltank|19/100 psn|[from] psn
|upkeep
|turn|53
|c|☆vusty fans3|卧槽
|c|☆vusty fans3|有毒吧
|
|t:|1643371333
|move|p1a: Miltank|Metronome|p1a: Miltank
|move|p1a: Miltank|Spit Up||[from]move: Metronome|[still]
|-fail|p1a: Miltank
|move|p2a: Magmortar|Metronome|p2a: Magmortar
|move|p2a: Magmortar|Mystical Fire|p1a: Miltank|[from]move: Metronome
|-damage|p1a: Miltank|0 fnt
|faint|p1a: Miltank
|
|upkeep
|
|t:|1643371340
|switch|p1a: Magmortar|Magmortar, F|100/100
|turn|54
|
|t:|1643371343
|move|p1a: Magmortar|Metronome|p1a: Magmortar
|move|p1a: Magmortar|Fury Attack|p2a: Magmortar|[from]move: Metronome
|-damage|p2a: Magmortar|42/100
|-damage|p2a: Magmortar|38/100
|-damage|p2a: Magmortar|33/100
|-hitcount|p2a: Magmortar|3
|move|p2a: Magmortar|Metronome|p2a: Magmortar
|move|p2a: Magmortar|Toxic Spikes|p1a: Magmortar|[from]move: Metronome
|-sidestart|p1: swordsman.n|move: Toxic Spikes
|
|upkeep
|turn|55
|
|t:|1643371352
|move|p1a: Magmortar|Metronome|p1a: Magmortar
|move|p1a: Magmortar|Eerie Spell|p2a: Magmortar|[from]move: Metronome
|-damage|p2a: Magmortar|0 fnt
|faint|p2a: Magmortar
|
|win|swordsman.n
