|j|☆Swordsman.N
|j|☆rami3e
|t:|1650785555
|gametype|singles
|player|p1|Swordsman.N|caitlin|
|player|p2|rami3e|265|
|teamsize|p1|6
|teamsize|p2|6
|gen|8
|tier|[Gen 8] OU
|rule|Sleep Clause Mod: Limit one foe put to sleep
|rule|Species Clause: Limit one of each Pokémon
|rule|OHKO Clause: OHKO moves are banned
|rule|Evasion Moves Clause: Evasion moves are banned
|rule|Endless Battle Clause: Forcing endless battles is banned
|rule|HP Percentage Mod: HP is shown in percentages
|rule|Dynamax Clause: You cannot dynamax
|clearpoke
|poke|p1|Blissey, F|
|poke|p1|Nidoking, M|
|poke|p1|Celebi|
|poke|p1|Garchomp, F|
|poke|p1|Buzzwole|
|poke|p1|Slowbro-Galar, M|
|poke|p2|Cresselia, F|
|poke|p2|Urshifu-*, M|
|poke|p2|Excadrill, M|
|poke|p2|Trevenant, M|
|poke|p2|Hydreigon, M|
|poke|p2|Blissey, F|
|teampreview
|
|t:|1650785610
|start
|switch|p1a: Buzzwole|Buzzwole|100/100
|switch|p2a: Hydreigon|Hydreigon, M|100/100
|turn|1
|
|t:|1650785618
|switch|p1a: Blissey|Blissey, F|100/100
|move|p2a: Hydreigon|U-turn|p1a: Blissey
|-damage|p1a: Blissey|89/100
|
|t:|1650785637
|switch|p2a: Excadrill|Excadrill, M|100/100|[from]move: U-turn
|-ability|p2a: Excadrill|Mold Breaker
|-item|p2a: Excadrill|Air Balloon
|
|upkeep
|turn|2
|
|t:|1650785645
|move|p2a: Excadrill|Toxic|p1a: Blissey
|-status|p1a: Blissey|tox
|move|p1a: Blissey|Seismic Toss|p2a: Excadrill
|-damage|p2a: Excadrill|77/100
|-enditem|p2a: Excadrill|Air Balloon
|
|-damage|p1a: Blissey|82/100 tox|[from] psn
|upkeep
|turn|3
|
|t:|1650785654
|move|p2a: Excadrill|Stealth Rock|p1a: Blissey
|-sidestart|p1: Swordsman.N|move: Stealth Rock
|move|p1a: Blissey|Teleport|p1a: Blissey
|j|&WwlWss
|
|t:|1650785671
|-curestatus|p1a: Blissey|tox|[from] ability: Natural Cure
|switch|p1a: Garchomp|Garchomp, F|100/100|[from]move: Teleport
|-damage|p1a: Garchomp|94/100|[from] Stealth Rock
|
|-heal|p1a: Garchomp|100/100|[from] item: Leftovers
|upkeep
|turn|4
|l|&WwlWss
|
|t:|1650785690
|switch|p1a: Slowbro|Slowbro-Galar, M|100/100
|-damage|p1a: Slowbro|88/100|[from] Stealth Rock
|switch|p2a: Cresselia|Cresselia, F|100/100
|
|-heal|p1a: Slowbro|94/100|[from] item: Black Sludge
|upkeep
|turn|5
|
|t:|1650785717
|move|p2a: Cresselia|Psyshock|p1a: Slowbro
|-damage|p1a: Slowbro|79/100
|move|p1a: Slowbro|Trick|p2a: Cresselia
|-activate|p1a: Slowbro|move: Trick|[of] p2a: Cresselia
|-item|p2a: Cresselia|Black Sludge|[from] move: Trick
|-item|p1a: Slowbro|Leftovers|[from] move: Trick
|
|-damage|p2a: Cresselia|88/100|[from] item: Black Sludge
|-heal|p1a: Slowbro|85/100|[from] item: Leftovers
|upkeep
|turn|6
|
|t:|1650785747
|switch|p1a: Celebi|Celebi|100/100
|-damage|p1a: Celebi|88/100|[from] Stealth Rock
|move|p2a: Cresselia|Psyshock|p1a: Celebi
|-resisted|p1a: Celebi
|-damage|p1a: Celebi|78/100
|
|-heal|p1a: Celebi|84/100|[from] item: Leftovers
|-damage|p2a: Cresselia|76/100|[from] item: Black Sludge
|upkeep
|turn|7
|
|t:|1650785778
|switch|p2a: Hydreigon|Hydreigon, M|100/100
|move|p1a: Celebi|Psychic|p2a: Hydreigon
|-immune|p2a: Hydreigon
|
|-heal|p1a: Celebi|90/100|[from] item: Leftovers
|upkeep
|turn|8
|
|t:|1650785792
|switch|p1a: Blissey|Blissey, F|82/100
|-damage|p1a: Blissey|70/100|[from] Stealth Rock
|move|p2a: Hydreigon|U-turn|p1a: Blissey
|-damage|p1a: Blissey|56/100
|
|t:|1650785798
|switch|p2a: Urshifu|Urshifu-Rapid-Strike, M|100/100|[from]move: U-turn
|
|upkeep
|turn|9
|
|t:|1650785810
|switch|p1a: Buzzwole|Buzzwole|100/100
|-damage|p1a: Buzzwole|88/100|[from] Stealth Rock
|move|p2a: Urshifu|Surging Strikes|p1a: Buzzwole
|-crit|p1a: Buzzwole
|-damage|p1a: Buzzwole|74/100
|-damage|p2a: Urshifu|84/100|[from] item: Rocky Helmet|[of] p1a: Buzzwole
|-crit|p1a: Buzzwole
|-damage|p1a: Buzzwole|60/100
|-damage|p2a: Urshifu|68/100|[from] item: Rocky Helmet|[of] p1a: Buzzwole
|-crit|p1a: Buzzwole
|-damage|p1a: Buzzwole|45/100
|-damage|p2a: Urshifu|51/100|[from] item: Rocky Helmet|[of] p1a: Buzzwole
|-hitcount|p1a: Buzzwole|3
|
|upkeep
|turn|10
|
|t:|1650785826
|switch|p2a: Cresselia|Cresselia, F|76/100
|move|p1a: Buzzwole|Roost|p1a: Buzzwole
|-heal|p1a: Buzzwole|95/100
|-singleturn|p1a: Buzzwole|move: Roost
|
|-damage|p2a: Cresselia|63/100|[from] item: Black Sludge
|upkeep
|turn|11
|
|t:|1650785833
|move|p2a: Cresselia|Moonlight|p2a: Cresselia
|-heal|p2a: Cresselia|100/100
|move|p1a: Buzzwole|Leech Life|p2a: Cresselia
|-supereffective|p2a: Cresselia
|-damage|p2a: Cresselia|63/100
|-heal|p1a: Buzzwole|100/100|[from] drain|[of] p2a: Cresselia
|
|-damage|p2a: Cresselia|50/100|[from] item: Black Sludge
|upkeep
|turn|12
|
|t:|1650785844
|move|p2a: Cresselia|Thunder Wave|p1a: Buzzwole
|-status|p1a: Buzzwole|par
|cant|p1a: Buzzwole|par
|
|-damage|p2a: Cresselia|38/100|[from] item: Black Sludge
|upkeep
|turn|13
|
|t:|1650785870
|move|p2a: Cresselia|Moonlight|p2a: Cresselia
|-heal|p2a: Cresselia|88/100
|move|p1a: Buzzwole|Leech Life|p2a: Cresselia
|-supereffective|p2a: Cresselia
|-damage|p2a: Cresselia|50/100
|
|-damage|p2a: Cresselia|38/100|[from] item: Black Sludge
|upkeep
|turn|14
|
|t:|1650785887
|move|p2a: Cresselia|Moonlight|p2a: Cresselia
|-heal|p2a: Cresselia|88/100
|move|p1a: Buzzwole|Leech Life|p2a: Cresselia
|-supereffective|p2a: Cresselia
|-damage|p2a: Cresselia|53/100
|
|-damage|p2a: Cresselia|40/100|[from] item: Black Sludge
|upkeep
|turn|15
|
|t:|1650785895
|move|p2a: Cresselia|Moonlight|p2a: Cresselia
|-heal|p2a: Cresselia|90/100
|cant|p1a: Buzzwole|par
|
|-damage|p2a: Cresselia|78/100|[from] item: Black Sludge
|upkeep
|turn|16
|
|t:|1650785952
|move|p2a: Cresselia|Psyshock|p1a: Buzzwole
|-supereffective|p1a: Buzzwole
|-damage|p1a: Buzzwole|79/100 par
|move|p1a: Buzzwole|Leech Life|p2a: Cresselia
|-supereffective|p2a: Cresselia
|-damage|p2a: Cresselia|43/100
|-heal|p1a: Buzzwole|98/100 par|[from] drain|[of] p2a: Cresselia
|
|-damage|p2a: Cresselia|30/100|[from] item: Black Sludge
|upkeep
|turn|17
|
|t:|1650785962
|move|p2a: Cresselia|Psyshock|p1a: Buzzwole
|-supereffective|p1a: Buzzwole
|-damage|p1a: Buzzwole|74/100 par
|cant|p1a: Buzzwole|par
|
|-damage|p2a: Cresselia|18/100|[from] item: Black Sludge
|upkeep
|turn|18
|
|t:|1650785969
|switch|p2a: Hydreigon|Hydreigon, M|100/100
|move|p1a: Buzzwole|Roost|p1a: Buzzwole
|-heal|p1a: Buzzwole|100/100 par
|-singleturn|p1a: Buzzwole|move: Roost
|
|upkeep
|turn|19
|
|t:|1650786013
|switch|p1a: Blissey|Blissey, F|56/100
|-damage|p1a: Blissey|44/100|[from] Stealth Rock
|move|p2a: Hydreigon|U-turn|p1a: Blissey
|-damage|p1a: Blissey|30/100
|
|t:|1650786038
|switch|p2a: Urshifu|Urshifu-Rapid-Strike, M|51/100|[from]move: U-turn
|
|upkeep
|turn|20
|
|t:|1650786060
|switch|p1a: Slowbro|Slowbro-Galar, M|100/100
|-damage|p1a: Slowbro|88/100|[from] Stealth Rock
|move|p2a: Urshifu|U-turn|p1a: Slowbro
|-damage|p1a: Slowbro|61/100
|
|t:|1650786167
|switch|p2a: Hydreigon|Hydreigon, M|100/100|[from]move: U-turn
|
|-heal|p1a: Slowbro|67/100|[from] item: Leftovers
|upkeep
|turn|21
|
|t:|1650786178
|move|p2a: Hydreigon|Dark Pulse|p1a: Slowbro
|-supereffective|p1a: Slowbro
|-damage|p1a: Slowbro|0 fnt
|faint|p1a: Slowbro
|
|upkeep
|
|t:|1650786186
|switch|p1a: Nidoking|Nidoking, M|100/100
|-damage|p1a: Nidoking|95/100|[from] Stealth Rock
|turn|22
|
|t:|1650786191
|switch|p2a: Cresselia|Cresselia, F|18/100
|move|p1a: Nidoking|Stealth Rock|p2a: Cresselia
|-sidestart|p2: rami3e|move: Stealth Rock
|
|-damage|p2a: Cresselia|5/100|[from] item: Black Sludge
|upkeep
|turn|23
|
|t:|1650786197
|move|p1a: Nidoking|Ice Beam|p2a: Cresselia
|-damage|p2a: Cresselia|0 fnt
|faint|p2a: Cresselia
|
|upkeep
|
|t:|1650786210
|switch|p2a: Excadrill|Excadrill, M|77/100
|-damage|p2a: Excadrill|74/100|[from] Stealth Rock
|-ability|p2a: Excadrill|Mold Breaker
|turn|24
|
|t:|1650786221
|move|p2a: Excadrill|Rapid Spin|p1a: Nidoking
|-damage|p1a: Nidoking|71/100
|-boost|p2a: Excadrill|spe|1
|-sideend|p2: rami3e|Stealth Rock|[from] move: Rapid Spin|[of] p2a: Excadrill
|move|p1a: Nidoking|Earth Power|p2a: Excadrill
|-supereffective|p2a: Excadrill
|-damage|p2a: Excadrill|0 fnt
|faint|p2a: Excadrill
|
|upkeep
|
|t:|1650786244
|switch|p2a: Hydreigon|Hydreigon, M|100/100
|turn|25
|
|t:|1650786252
|move|p2a: Hydreigon|Draco Meteor|p1a: Nidoking
|-damage|p1a: Nidoking|0 fnt
|-unboost|p2a: Hydreigon|spa|2
|faint|p1a: Nidoking
|
|upkeep
|
|t:|1650786257
|switch|p1a: Blissey|Blissey, F|30/100
|-damage|p1a: Blissey|18/100|[from] Stealth Rock
|turn|26
|
|t:|1650786298
|switch|p2a: Trevenant|Trevenant, M|100/100
|-item|p1a: Blissey|Shed Shell|[from] ability: Frisk|[of] p2a: Trevenant|[identify]
|move|p1a: Blissey|Soft-Boiled|p1a: Blissey
|-heal|p1a: Blissey|68/100
|
|upkeep
|turn|27
|
|t:|1650786305
|switch|p1a: Buzzwole|Buzzwole|100/100 par
|-damage|p1a: Buzzwole|88/100 par|[from] Stealth Rock
|move|p2a: Trevenant|Trick Room|p2a: Trevenant
|-fieldstart|move: Trick Room|[of] p2a: Trevenant
|
|upkeep
|turn|28
|
|t:|1650786311
|move|p1a: Buzzwole|Leech Life|p2a: Trevenant
|-crit|p2a: Trevenant
|-damage|p2a: Trevenant|32/100
|-heal|p1a: Buzzwole|100/100 par|[from] drain|[of] p2a: Trevenant
|move|p2a: Trevenant|Poltergeist|p1a: Buzzwole|[miss]
|-miss|p2a: Trevenant|p1a: Buzzwole
|
|upkeep
|turn|29
|c|☆Swordsman.N|wode
|
|t:|1650786355
|cant|p1a: Buzzwole|par
|move|p2a: Trevenant|Poltergeist|p1a: Buzzwole
|-activate|p1a: Buzzwole|move: Poltergeist|Rocky Helmet
|-damage|p1a: Buzzwole|67/100 par
|-damage|p2a: Trevenant|22/100|[from] item: Life Orb
|
|upkeep
|turn|30
|
|t:|1650786364
|move|p1a: Buzzwole|Leech Life|p2a: Trevenant
|-damage|p2a: Trevenant|0 fnt
|-heal|p1a: Buzzwole|76/100 par|[from] drain|[of] p2a: Trevenant
|faint|p2a: Trevenant
|-ability|p1a: Buzzwole|Beast Boost|boost
|-boost|p1a: Buzzwole|def|1
|
|upkeep
|j| vusty fans3
|l| vusty fans3
|
|t:|1650786425
|switch|p2a: Hydreigon|Hydreigon, M|100/100
|turn|31
|
|t:|1650786431
|move|p1a: Buzzwole|Leech Life|p2a: Hydreigon
|-supereffective|p2a: Hydreigon
|-damage|p2a: Hydreigon|8/100
|-heal|p1a: Buzzwole|100/100 par|[from] drain|[of] p2a: Hydreigon
|move|p2a: Hydreigon|Draco Meteor|p1a: Buzzwole
|-damage|p1a: Buzzwole|17/100 par
|-unboost|p2a: Hydreigon|spa|2
|
|-fieldend|move: Trick Room
|upkeep
|turn|32
|
|t:|1650786492
|move|p2a: Hydreigon|Draco Meteor|p1a: Buzzwole|[miss]
|-miss|p2a: Hydreigon|p1a: Buzzwole
|move|p1a: Buzzwole|Roost|p1a: Buzzwole
|-heal|p1a: Buzzwole|67/100 par
|-singleturn|p1a: Buzzwole|move: Roost
|
|upkeep
|turn|33
|c|☆rami3e|.
|c|☆Swordsman.N|sryyyyyyy
|c|☆rami3e|g
|-message|rami3e forfeited.
|
|win|Swordsman.N
