|j|☆sadongxi
|j|☆Swordsman.N
|t:|1615690544
|player|p1|sadongxi|sadongxi.png|
|player|p2|Swordsman.N|249|
|teamsize|p1|6
|teamsize|p2|6
|gametype|singles
|gen|8
|tier|[Gen 8] OU
|clearpoke
|poke|p1|Zapdos|
|poke|p1|Clefable, M|
|poke|p1|Melmetal|
|poke|p1|Landorus-Therian, M|
|poke|p1|Toxapex, F|
|poke|p1|Hydreigon, M|
|poke|p2|Skarmory, M|
|poke|p2|Tyranitar, M|
|poke|p2|Clefable, M|
|poke|p2|Garchomp, F|
|poke|p2|Toxapex, M|
|poke|p2|Excadrill, M|
|rule|Sleep Clause Mod: Limit one foe put to sleep
|rule|Species Clause: Limit one of each Pokémon
|rule|OHKO Clause: OHKO moves are banned
|rule|Evasion Moves Clause: Evasion moves are banned
|rule|Endless Battle Clause: Forcing endless battles is banned
|rule|HP Percentage Mod: HP is shown in percentages
|rule|Dynamax Clause: You cannot dynamax
|teampreview
|j| lunan0713
|
|t:|1615690635
|start
|switch|p1a: Hydreigon|Hydreigon, M|100/100
|switch|p2a: Toxapex|Toxapex, M|100/100
|turn|1
|
|t:|1615690649
|move|p1a: Hydreigon|Earth Power|p2a: Toxapex
|-supereffective|p2a: Toxapex
|-damage|p2a: Toxapex|35/100
|-unboost|p2a: Toxapex|spd|1
|-damage|p1a: Hydreigon|91/100|[from] item: Life Orb
|move|p2a: Toxapex|Knock Off|p1a: Hydreigon
|-resisted|p1a: Hydreigon
|-damage|p1a: Hydreigon|82/100
|-enditem|p1a: Hydreigon|Life Orb|[from] move: Knock Off|[of] p2a: Toxapex
|
|-heal|p2a: Toxapex|42/100|[from] item: Leftovers
|upkeep
|turn|2
|
|t:|1615690663
|switch|p2a: Tyranitar|Tyranitar, M|100/100
|-weather|Sandstorm|[from] ability: Sand Stream|[of] p2a: Tyranitar
|move|p1a: Hydreigon|Flamethrower|p2a: Tyranitar
|-resisted|p2a: Tyranitar
|-damage|p2a: Tyranitar|94/100
|-status|p2a: Tyranitar|brn
|
|-weather|Sandstorm|[upkeep]
|-damage|p1a: Hydreigon|76/100|[from] Sandstorm
|-heal|p2a: Tyranitar|99/100 brn|[from] item: Leftovers
|-damage|p2a: Tyranitar|94/100 brn|[from] brn
|upkeep
|turn|3
|
|t:|1615690693
|switch|p1a: Toxapex|Toxapex, F|100/100
|move|p2a: Tyranitar|Stealth Rock|p1a: Toxapex
|-sidestart|p1: sadongxi|move: Stealth Rock
|
|-weather|Sandstorm|[upkeep]
|-damage|p1a: Toxapex|95/100|[from] Sandstorm
|-heal|p2a: Tyranitar|99/100 brn|[from] item: Leftovers
|-damage|p2a: Tyranitar|94/100 brn|[from] brn
|upkeep
|turn|4
|
|t:|1615690712
|switch|p2a: Toxapex|Toxapex, M|75/100
|move|p1a: Toxapex|Scald|p2a: Toxapex
|-resisted|p2a: Toxapex
|-damage|p2a: Toxapex|69/100
|
|-weather|Sandstorm|[upkeep]
|-damage|p1a: Toxapex|89/100|[from] Sandstorm
|-damage|p2a: Toxapex|62/100|[from] Sandstorm
|-heal|p2a: Toxapex|69/100|[from] item: Leftovers
|upkeep
|turn|5
|
|t:|1615690722
|switch|p1a: Hydreigon|Hydreigon, M|76/100
|-damage|p1a: Hydreigon|64/100|[from] Stealth Rock
|move|p2a: Toxapex|Scald|p1a: Hydreigon
|-resisted|p1a: Hydreigon
|-damage|p1a: Hydreigon|55/100
|-status|p1a: Hydreigon|brn
|
|-weather|Sandstorm|[upkeep]
|-damage|p1a: Hydreigon|48/100 brn|[from] Sandstorm
|-damage|p2a: Toxapex|62/100|[from] Sandstorm
|-heal|p2a: Toxapex|69/100|[from] item: Leftovers
|-damage|p1a: Hydreigon|42/100 brn|[from] brn
|upkeep
|turn|6
|
|t:|1615690734
|switch|p2a: Tyranitar|Tyranitar, M|94/100 brn
|move|p1a: Hydreigon|Roost|p1a: Hydreigon
|-heal|p1a: Hydreigon|92/100 brn
|-singleturn|p1a: Hydreigon|move: Roost
|
|-weather|none
|-heal|p2a: Tyranitar|99/100 brn|[from] item: Leftovers
|-damage|p1a: Hydreigon|86/100 brn|[from] brn
|-damage|p2a: Tyranitar|94/100 brn|[from] brn
|upkeep
|turn|7
|
|t:|1615690755
|move|p1a: Hydreigon|Earth Power|p2a: Tyranitar
|-supereffective|p2a: Tyranitar
|-damage|p2a: Tyranitar|56/100 brn
|move|p2a: Tyranitar|Rock Blast|p1a: Hydreigon
|-damage|p1a: Hydreigon|79/100 brn
|-damage|p1a: Hydreigon|73/100 brn
|-hitcount|p1a: Hydreigon|2
|
|-heal|p2a: Tyranitar|63/100 brn|[from] item: Leftovers
|-damage|p1a: Hydreigon|67/100 brn|[from] brn
|-damage|p2a: Tyranitar|56/100 brn|[from] brn
|upkeep
|turn|8
|
|t:|1615690767
|move|p1a: Hydreigon|Earth Power|p2a: Tyranitar
|-supereffective|p2a: Tyranitar
|-damage|p2a: Tyranitar|21/100 brn
|move|p2a: Tyranitar|Rest|p2a: Tyranitar
|-status|p2a: Tyranitar|slp|[from] move: Rest
|-heal|p2a: Tyranitar|100/100 slp|[silent]
|
|-damage|p1a: Hydreigon|60/100 brn|[from] brn
|upkeep
|turn|9
|
|t:|1615690782
|switch|p2a: Clefable|Clefable, M|100/100
|move|p1a: Hydreigon|Roost|p1a: Hydreigon
|-heal|p1a: Hydreigon|100/100 brn
|-singleturn|p1a: Hydreigon|move: Roost
|
|-damage|p1a: Hydreigon|94/100 brn|[from] brn
|upkeep
|turn|10
|
|t:|1615690806
|switch|p1a: Melmetal|Melmetal|100/100
|-damage|p1a: Melmetal|94/100|[from] Stealth Rock
|move|p2a: Clefable|Thunder|p1a: Melmetal|[miss]
|-miss|p2a: Clefable|p1a: Melmetal
|
|-heal|p1a: Melmetal|100/100|[from] item: Leftovers
|upkeep
|turn|11
|
|t:|1615690822
|switch|p2a: Toxapex|Toxapex, M|100/100
|switch|p1a: Zapdos|Zapdos|100/100
|
|upkeep
|turn|12
|
|t:|1615690867
|move|p1a: Zapdos|Volt Switch|p2a: Toxapex
|-supereffective|p2a: Toxapex
|-damage|p2a: Toxapex|51/100
|
|t:|1615690872
|switch|p1a: Hydreigon|Hydreigon, M|94/100 brn|[from]move: Volt Switch
|-damage|p1a: Hydreigon|82/100 brn|[from] Stealth Rock
|move|p2a: Toxapex|Knock Off|p1a: Hydreigon
|-resisted|p1a: Hydreigon
|-damage|p1a: Hydreigon|76/100 brn
|
|-heal|p2a: Toxapex|57/100|[from] item: Leftovers
|-damage|p1a: Hydreigon|70/100 brn|[from] brn
|upkeep
|turn|13
|
|t:|1615690899
|switch|p1a: Toxapex|Toxapex, F|100/100
|-damage|p1a: Toxapex|88/100|[from] Stealth Rock
|switch|p2a: Tyranitar|Tyranitar, M|100/100 slp
|-weather|Sandstorm|[from] ability: Sand Stream|[of] p2a: Tyranitar
|
|-weather|Sandstorm|[upkeep]
|-damage|p1a: Toxapex|82/100|[from] Sandstorm
|upkeep
|turn|14
|j| qiyu5
|
|t:|1615690934
|switch|p2a: Clefable|Clefable, M|100/100
|switch|p1a: Clefable|Clefable, M|100/100
|
|-weather|Sandstorm|[upkeep]
|upkeep
|turn|15
|
|t:|1615690945
|switch|p2a: Excadrill|Excadrill, M|100/100
|move|p1a: Clefable|Knock Off|p2a: Excadrill
|-damage|p2a: Excadrill|80/100
|-enditem|p2a: Excadrill|Leftovers|[from] move: Knock Off|[of] p1a: Clefable
|
|-weather|Sandstorm|[upkeep]
|upkeep
|turn|16
|
|t:|1615690963
|switch|p1a: Landorus|Landorus-Therian, M|100/100
|-damage|p1a: Landorus|88/100|[from] Stealth Rock
|-ability|p1a: Landorus|Intimidate|boost
|-unboost|p2a: Excadrill|atk|1
|move|p2a: Excadrill|Toxic|p1a: Landorus
|-status|p1a: Landorus|tox
|
|-weather|Sandstorm|[upkeep]
|-damage|p1a: Landorus|82/100 tox|[from] psn
|upkeep
|turn|17
|
|t:|1615690974
|switch|p2a: Skarmory|Skarmory, M|100/100
|move|p1a: Landorus|U-turn|p2a: Skarmory
|-resisted|p2a: Skarmory
|-damage|p2a: Skarmory|97/100
|-damage|p1a: Landorus|65/100 tox|[from] item: Rocky Helmet|[of] p2a: Skarmory
|
|t:|1615690984
|switch|p1a: Zapdos|Zapdos|100/100|[from]move: U-turn
|
|-weather|none
|upkeep
|turn|18
|
|t:|1615691010
|switch|p1a: Hydreigon|Hydreigon, M|70/100 brn
|-damage|p1a: Hydreigon|58/100 brn|[from] Stealth Rock
|switch|p2a: Tyranitar|Tyranitar, M|100/100 slp
|-weather|Sandstorm|[from] ability: Sand Stream|[of] p2a: Tyranitar
|
|-weather|Sandstorm|[upkeep]
|-damage|p1a: Hydreigon|52/100 brn|[from] Sandstorm
|-damage|p1a: Hydreigon|46/100 brn|[from] brn
|upkeep
|turn|19
|
|t:|1615691023
|move|p1a: Hydreigon|Roost|p1a: Hydreigon
|-heal|p1a: Hydreigon|96/100 brn
|-singleturn|p1a: Hydreigon|move: Roost
|cant|p2a: Tyranitar|slp
|
|-weather|Sandstorm|[upkeep]
|-damage|p1a: Hydreigon|90/100 brn|[from] Sandstorm
|-damage|p1a: Hydreigon|84/100 brn|[from] brn
|upkeep
|turn|20
|
|t:|1615691031
|switch|p1a: Clefable|Clefable, M|100/100
|cant|p2a: Tyranitar|slp
|
|-weather|Sandstorm|[upkeep]
|upkeep
|turn|21
|
|t:|1615691040
|switch|p2a: Excadrill|Excadrill, M|80/100
|move|p1a: Clefable|Stealth Rock|p2a: Excadrill
|-sidestart|p2: Swordsman.N|move: Stealth Rock
|
|-weather|Sandstorm|[upkeep]
|upkeep
|turn|22
|
|t:|1615691048
|switch|p1a: Zapdos|Zapdos|100/100
|move|p2a: Excadrill|Rapid Spin|p1a: Zapdos
|-damage|p1a: Zapdos|86/100
|-boost|p2a: Excadrill|spe|1
|-sideend|p2: Swordsman.N|Stealth Rock|[from] move: Rapid Spin|[of] p2a: Excadrill
|
|-weather|none
|upkeep
|turn|23
|
|t:|1615691064
|switch|p2a: Clefable|Clefable, M|100/100
|move|p1a: Zapdos|Defog|p2a: Clefable
|-unboost|p2a: Clefable|evasion|1
|-sideend|p1: sadongxi|Stealth Rock|[from] move: Defog|[of] p1a: Zapdos
|
|upkeep
|turn|24
|
|t:|1615691072
|move|p1a: Zapdos|Volt Switch|p2a: Clefable
|-damage|p2a: Clefable|71/100
|
|t:|1615691078
|switch|p1a: Melmetal|Melmetal|100/100|[from]move: Volt Switch
|move|p2a: Clefable|Thunder|p1a: Melmetal
|-damage|p1a: Melmetal|78/100
|
|-heal|p2a: Clefable|77/100|[from] item: Leftovers
|-heal|p1a: Melmetal|84/100|[from] item: Leftovers
|upkeep
|turn|25
|
|t:|1615691088
|switch|p2a: Skarmory|Skarmory, M|97/100
|move|p1a: Melmetal|Double Iron Bash|p2a: Skarmory
|-resisted|p2a: Skarmory
|-damage|p2a: Skarmory|83/100
|-damage|p1a: Melmetal|67/100|[from] item: Rocky Helmet|[of] p2a: Skarmory
|-resisted|p2a: Skarmory
|-crit|p2a: Skarmory
|-damage|p2a: Skarmory|63/100
|-damage|p1a: Melmetal|51/100|[from] item: Rocky Helmet|[of] p2a: Skarmory
|-hitcount|p2a: Skarmory|2
|
|-heal|p1a: Melmetal|57/100|[from] item: Leftovers
|upkeep
|turn|26
|l| qiyu5
|
|t:|1615691117
|switch|p1a: Zapdos|Zapdos|86/100
|move|p2a: Skarmory|Spikes|p1a: Zapdos
|-sidestart|p1: sadongxi|Spikes
|
|upkeep
|turn|27
|
|t:|1615691144
|switch|p2a: Tyranitar|Tyranitar, M|100/100 slp
|-weather|Sandstorm|[from] ability: Sand Stream|[of] p2a: Tyranitar
|move|p1a: Zapdos|Defog|p2a: Tyranitar
|-unboost|p2a: Tyranitar|evasion|1
|-sideend|p1: sadongxi|Spikes|[from] move: Defog|[of] p1a: Zapdos
|
|-weather|Sandstorm|[upkeep]
|-damage|p1a: Zapdos|80/100|[from] Sandstorm
|upkeep
|turn|28
|
|t:|1615691159
|switch|p1a: Melmetal|Melmetal|57/100
|-curestatus|p2a: Tyranitar|slp|[msg]
|move|p2a: Tyranitar|Stealth Rock|p1a: Melmetal
|-sidestart|p1: sadongxi|move: Stealth Rock
|
|-weather|Sandstorm|[upkeep]
|-heal|p1a: Melmetal|63/100|[from] item: Leftovers
|upkeep
|turn|29
|
|t:|1615691182
|switch|p2a: Toxapex|Toxapex, M|91/100
|switch|p1a: Clefable|Clefable, M|100/100
|
|-weather|Sandstorm|[upkeep]
|-damage|p2a: Toxapex|84/100|[from] Sandstorm
|-heal|p2a: Toxapex|91/100|[from] item: Leftovers
|upkeep
|turn|30
|
|t:|1615691220
|move|p1a: Clefable|Knock Off|p2a: Toxapex
|-damage|p2a: Toxapex|82/100
|-enditem|p2a: Toxapex|Leftovers|[from] move: Knock Off|[of] p1a: Clefable
|move|p2a: Toxapex|Knock Off|p1a: Clefable
|-resisted|p1a: Clefable
|-damage|p1a: Clefable|94/100
|-enditem|p1a: Clefable|Leftovers|[from] move: Knock Off|[of] p2a: Toxapex
|
|-weather|Sandstorm|[upkeep]
|-damage|p2a: Toxapex|75/100|[from] Sandstorm
|upkeep
|turn|31
|
|t:|1615691231
|move|p1a: Clefable|Stealth Rock|p2a: Toxapex
|-sidestart|p2: Swordsman.N|move: Stealth Rock
|move|p2a: Toxapex|Toxic Spikes|p1a: Clefable
|-sidestart|p1: sadongxi|move: Toxic Spikes
|
|-weather|none
|upkeep
|turn|32
|
|t:|1615691236
|switch|p1a: Zapdos|Zapdos|80/100
|move|p2a: Toxapex|Scald|p1a: Zapdos
|-damage|p1a: Zapdos|65/100
|
|upkeep
|turn|33
|
|t:|1615691248
|switch|p1a: Toxapex|Toxapex, F|100/100
|-damage|p1a: Toxapex|88/100|[from] Stealth Rock
|-sideend|p1: sadongxi|move: Toxic Spikes|[of] p1a: Toxapex
|move|p2a: Toxapex|Knock Off|p1a: Toxapex
|-damage|p1a: Toxapex|76/100
|-enditem|p1a: Toxapex|Shed Shell|[from] move: Knock Off|[of] p2a: Toxapex
|
|upkeep
|turn|34
|
|t:|1615691260
|move|p1a: Toxapex|Toxic Spikes|p2a: Toxapex
|-sidestart|p2: Swordsman.N|move: Toxic Spikes
|move|p2a: Toxapex|Toxic Spikes|p1a: Toxapex
|-sidestart|p1: sadongxi|move: Toxic Spikes
|
|upkeep
|turn|35
|
|t:|1615691274
|switch|p2a: Clefable|Clefable, M|77/100
|-status|p2a: Clefable|psn
|move|p1a: Toxapex|Scald|p2a: Clefable
|-damage|p2a: Clefable|63/100 psn
|
|-heal|p2a: Clefable|69/100 psn|[from] item: Leftovers
|upkeep
|turn|36
|
|t:|1615691294
|switch|p1a: Zapdos|Zapdos|65/100
|move|p2a: Clefable|Thunder|p1a: Zapdos|[miss]
|-miss|p2a: Clefable|p1a: Zapdos
|
|-heal|p2a: Clefable|75/100 psn|[from] item: Leftovers
|upkeep
|turn|37
|
|t:|1615691323
|move|p1a: Zapdos|Volt Switch|p2a: Clefable
|-damage|p2a: Clefable|47/100 psn
|
|t:|1615691330
|switch|p1a: Clefable|Clefable, M|94/100|[from]move: Volt Switch
|-status|p1a: Clefable|psn
|move|p2a: Clefable|Calm Mind|p2a: Clefable
|-boost|p2a: Clefable|spa|1
|-boost|p2a: Clefable|spd|1
|
|-heal|p2a: Clefable|53/100 psn|[from] item: Leftovers
|upkeep
|turn|38
|
|t:|1615691342
|switch|p1a: Toxapex|Toxapex, F|100/100
|-damage|p1a: Toxapex|88/100|[from] Stealth Rock
|-sideend|p1: sadongxi|move: Toxic Spikes|[of] p1a: Toxapex
|move|p2a: Clefable|Moonblast|p1a: Toxapex
|-resisted|p1a: Toxapex
|-damage|p1a: Toxapex|72/100
|-unboost|p1a: Toxapex|spa|1
|
|-heal|p2a: Clefable|59/100 psn|[from] item: Leftovers
|upkeep
|turn|39
|
|t:|1615691351
|move|p2a: Clefable|Thunder|p1a: Toxapex
|-supereffective|p1a: Toxapex
|-damage|p1a: Toxapex|22/100
|move|p1a: Toxapex|Haze|p1a: Toxapex
|-clearallboost
|
|-heal|p2a: Clefable|65/100 psn|[from] item: Leftovers
|upkeep
|turn|40
|
|t:|1615691360
|move|p2a: Clefable|Thunder|p1a: Toxapex
|-supereffective|p1a: Toxapex
|-damage|p1a: Toxapex|0 fnt
|faint|p1a: Toxapex
|
|-heal|p2a: Clefable|71/100 psn|[from] item: Leftovers
|upkeep
|-message|sadongxi forfeited.
|
|win|Swordsman.N
|l|☆sadongxi
