|uhtml|report-battle|<b>将对战链接公开到:</b> <button class="button" name="send" value="/reportto skypillar">Sky Pillar</button><button class="button" name="send" value="/reportto shinx">Shinx</button>
|j|☆maxinyuuu
|j|☆xiaofengds
|t:|1666360821
|gametype|singles
|player|p1|maxinyuuu|lusamine-nihilego|
|player|p2|xiaofengds|acetrainerf-gen4dp|
|teamsize|p1|6
|teamsize|p2|6
|gen|8
|tier|[Gen 8] OU
|rule|Sleep Clause Mod: Limit one foe put to sleep
|rule|Species Clause: Limit one of each Pokémon
|rule|OHKO Clause: OHKO moves are banned
|rule|Evasion Items Clause: Evasion items are banned
|rule|Evasion Moves Clause: Evasion moves are banned
|rule|Endless Battle Clause: Forcing endless battles is banned
|rule|HP Percentage Mod: HP is shown in percentages
|rule|Dynamax Clause: You cannot dynamax
|clearpoke
|poke|p1|Melmetal|
|poke|p1|Porygon2|
|poke|p1|Cresselia, F|
|poke|p1|Marowak-Alola, F|
|poke|p1|Hatterene, F|
|poke|p1|Crawdaunt, F|
|poke|p2|Toxapex, F|
|poke|p2|Ferrothorn, F|
|poke|p2|Hippowdon, F|
|poke|p2|Blissey, F|
|poke|p2|Zapdos|
|poke|p2|Volcarona, M|
|teampreview
|
|t:|1666360832
|start
|switch|p1a: 一号炮灰|Hatterene, F|100/100
|switch|p2a: Volcarona|Volcarona, M|100/100
|turn|1
|
|t:|1666360845
|switch|p1a: 死鸭子哪都硬|Porygon2|100/100
|-ability|p1a: 死鸭子哪都硬|Flame Body|[from] ability: Trace|[of] p2a: Volcarona
|move|p2a: Volcarona|Bug Buzz|p1a: 死鸭子哪都硬
|-damage|p1a: 死鸭子哪都硬|79/100
|
|upkeep
|turn|2
|
|t:|1666360851
|move|p2a: Volcarona|Quiver Dance|p2a: Volcarona
|-boost|p2a: Volcarona|spa|1
|-boost|p2a: Volcarona|spd|1
|-boost|p2a: Volcarona|spe|1
|move|p1a: 死鸭子哪都硬|Trick Room|p1a: 死鸭子哪都硬
|-fieldstart|move: Trick Room|[of] p1a: 死鸭子哪都硬
|
|upkeep
|turn|3
|
|t:|1666360854
|move|p2a: Volcarona|Psychic|p1a: 死鸭子哪都硬
|-damage|p1a: 死鸭子哪都硬|57/100
|move|p1a: 死鸭子哪都硬|Teleport|p1a: 死鸭子哪都硬
|
|t:|1666360855
|switch|p1a: 没吃吃我一拳*2|Crawdaunt, F|100/100|[from]move: Teleport
|
|upkeep
|turn|4
|
|t:|1666360860
|move|p1a: 没吃吃我一拳*2|Crabhammer|p2a: Volcarona
|-supereffective|p2a: Volcarona
|-damage|p2a: Volcarona|0 fnt
|faint|p2a: Volcarona
|-damage|p1a: 没吃吃我一拳*2|90/100|[from] item: Life Orb
|
|upkeep
|
|t:|1666360864
|switch|p2a: Ferrothorn|Ferrothorn, F|100/100
|turn|5
|
|t:|1666360867
|move|p2a: Ferrothorn|Leech Seed|p1a: 没吃吃我一拳*2|[miss]
|-miss|p2a: Ferrothorn|p1a: 没吃吃我一拳*2
|move|p1a: 没吃吃我一拳*2|Knock Off|p2a: Ferrothorn
|-damage|p2a: Ferrothorn|46/100
|-damage|p1a: 没吃吃我一拳*2|78/100|[from] ability: Iron Barbs|[of] p2a: Ferrothorn
|-enditem|p2a: Ferrothorn|Leftovers|[from] move: Knock Off|[of] p1a: 没吃吃我一拳*2
|-damage|p1a: 没吃吃我一拳*2|68/100|[from] item: Life Orb
|
|upkeep
|turn|6
|
|t:|1666360876
|move|p2a: Ferrothorn|Leech Seed|p1a: 没吃吃我一拳*2|[miss]
|-miss|p2a: Ferrothorn|p1a: 没吃吃我一拳*2
|move|p1a: 没吃吃我一拳*2|Close Combat|p2a: Ferrothorn
|-supereffective|p2a: Ferrothorn
|-damage|p2a: Ferrothorn|0 fnt
|-unboost|p1a: 没吃吃我一拳*2|def|1
|-unboost|p1a: 没吃吃我一拳*2|spd|1
|-damage|p1a: 没吃吃我一拳*2|56/100|[from] ability: Iron Barbs|[of] p2a: Ferrothorn
|faint|p2a: Ferrothorn
|-damage|p1a: 没吃吃我一拳*2|46/100|[from] item: Life Orb
|
|-fieldend|move: Trick Room
|upkeep
|c|☆maxinyuuu|。。。
|
|t:|1666360883
|switch|p2a: Zapdos|Zapdos|100/100
|turn|7
|
|t:|1666360885
|switch|p1a: 不是石脑的|Marowak-Alola, F|100/100
|move|p2a: Zapdos|Hurricane|p1a: 不是石脑的|[miss]
|-miss|p2a: Zapdos|p1a: 不是石脑的
|
|upkeep
|turn|8
|c|☆xiaofengds|这...
|
|t:|1666360901
|move|p2a: Zapdos|Hurricane|p1a: 不是石脑的|[miss]
|-miss|p2a: Zapdos|p1a: 不是石脑的
|move|p1a: 不是石脑的|Swords Dance|p1a: 不是石脑的
|-boost|p1a: 不是石脑的|atk|2
|
|upkeep
|turn|9
|c|☆maxinyuuu|sry
|c|☆maxinyuuu|这
|
|t:|1666360911
|move|p2a: Zapdos|Hurricane|p1a: 不是石脑的
|-damage|p1a: 不是石脑的|44/100
|-start|p1a: 不是石脑的|confusion
|-activate|p1a: 不是石脑的|confusion
|move|p1a: 不是石脑的|Poltergeist|p2a: Zapdos
|-activate|p2a: Zapdos|move: Poltergeist|Heavy-Duty Boots
|-damage|p2a: Zapdos|0 fnt
|faint|p2a: Zapdos
|
|upkeep
|
|t:|1666360914
|switch|p2a: Hippowdon|Hippowdon, F|100/100
|-weather|Sandstorm|[from] ability: Sand Stream|[of] p2a: Hippowdon
|turn|10
|
|t:|1666360917
|switch|p1a: 你水流连打一个试试？|Cresselia, F|100/100
|move|p2a: Hippowdon|Earthquake|p1a: 你水流连打一个试试？
|-immune|p1a: 你水流连打一个试试？|[from] ability: Levitate
|
|-weather|Sandstorm|[upkeep]
|-damage|p1a: 你水流连打一个试试？|94/100|[from] Sandstorm
|upkeep
|turn|11
|
|t:|1666360924
|move|p2a: Hippowdon|Toxic|p1a: 你水流连打一个试试？
|-status|p1a: 你水流连打一个试试？|tox
|move|p1a: 你水流连打一个试试？|Trick Room|p1a: 你水流连打一个试试？
|-fieldstart|move: Trick Room|[of] p1a: 你水流连打一个试试？
|
|-weather|Sandstorm|[upkeep]
|-damage|p1a: 你水流连打一个试试？|88/100 tox|[from] Sandstorm
|-damage|p1a: 你水流连打一个试试？|82/100 tox|[from] psn
|upkeep
|turn|12
|
|t:|1666360931
|move|p2a: Hippowdon|Stealth Rock|p1a: 你水流连打一个试试？
|-sidestart|p1: maxinyuuu|move: Stealth Rock
|move|p1a: 你水流连打一个试试？|Toxic|p2a: Hippowdon|[miss]
|-miss|p1a: 你水流连打一个试试？|p2a: Hippowdon
|
|-weather|Sandstorm|[upkeep]
|-damage|p1a: 你水流连打一个试试？|76/100 tox|[from] Sandstorm
|-damage|p1a: 你水流连打一个试试？|64/100 tox|[from] psn
|upkeep
|turn|13
|
|t:|1666360936
|switch|p2a: Blissey|Blissey, F|100/100
|switch|p1a: 没吃吃我一拳*2|Crawdaunt, F|46/100
|-damage|p1a: 没吃吃我一拳*2|33/100|[from] Stealth Rock
|
|-weather|Sandstorm|[upkeep]
|-damage|p1a: 没吃吃我一拳*2|27/100|[from] Sandstorm
|-damage|p2a: Blissey|94/100|[from] Sandstorm
|upkeep
|turn|14
|
|t:|1666360940
|switch|p2a: Toxapex|Toxapex, F|100/100
|move|p1a: 没吃吃我一拳*2|Knock Off|p2a: Toxapex
|-damage|p2a: Toxapex|42/100
|-damage|p1a: 没吃吃我一拳*2|10/100|[from] item: Rocky Helmet|[of] p2a: Toxapex
|-enditem|p2a: Toxapex|Rocky Helmet|[from] move: Knock Off|[of] p1a: 没吃吃我一拳*2
|-damage|p1a: 没吃吃我一拳*2|0 fnt|[from] item: Life Orb
|faint|p1a: 没吃吃我一拳*2
|
|-weather|none
|upkeep
|
|t:|1666360948
|switch|p1a: 吃了吗，没吃吃我两拳|Melmetal|100/100
|-damage|p1a: 吃了吗，没吃吃我两拳|94/100|[from] Stealth Rock
|turn|15
|
|t:|1666360952
|switch|p2a: Hippowdon|Hippowdon, F|100/100
|-weather|Sandstorm|[from] ability: Sand Stream|[of] p2a: Hippowdon
|move|p1a: 吃了吗，没吃吃我两拳|Thunder Punch|p2a: Hippowdon
|-immune|p2a: Hippowdon
|
|-weather|Sandstorm|[upkeep]
|-fieldend|move: Trick Room
|upkeep
|turn|16
|
|t:|1666360959
|switch|p1a: 你水流连打一个试试？|Cresselia, F|64/100 tox
|-damage|p1a: 你水流连打一个试试？|52/100 tox|[from] Stealth Rock
|move|p2a: Hippowdon|Earthquake|p1a: 你水流连打一个试试？
|-immune|p1a: 你水流连打一个试试？|[from] ability: Levitate
|
|-weather|Sandstorm|[upkeep]
|-damage|p1a: 你水流连打一个试试？|45/100 tox|[from] Sandstorm
|-damage|p1a: 你水流连打一个试试？|39/100 tox|[from] psn
|upkeep
|turn|17
|
|t:|1666360963
|switch|p2a: Toxapex|Toxapex, F|75/100
|move|p1a: 你水流连打一个试试？|Trick Room|p1a: 你水流连打一个试试？
|-fieldstart|move: Trick Room|[of] p1a: 你水流连打一个试试？
|
|-weather|Sandstorm|[upkeep]
|-damage|p2a: Toxapex|69/100|[from] Sandstorm
|-damage|p1a: 你水流连打一个试试？|33/100 tox|[from] Sandstorm
|-damage|p1a: 你水流连打一个试试？|21/100 tox|[from] psn
|upkeep
|turn|18
|
|t:|1666360966
|move|p2a: Toxapex|Knock Off|p1a: 你水流连打一个试试？
|-supereffective|p1a: 你水流连打一个试试？
|-damage|p1a: 你水流连打一个试试？|5/100 tox
|-damage|p2a: Toxapex|53/100|[from] item: Rocky Helmet|[of] p1a: 你水流连打一个试试？
|-enditem|p1a: 你水流连打一个试试？|Rocky Helmet|[from] move: Knock Off|[of] p2a: Toxapex
|move|p1a: 你水流连打一个试试？|Lunar Dance|p1a: 你水流连打一个试试？
|faint|p1a: 你水流连打一个试试？
|
|-weather|Sandstorm|[upkeep]
|-damage|p2a: Toxapex|47/100|[from] Sandstorm
|upkeep
|
|t:|1666360968
|switch|p1a: 不是石脑的|Marowak-Alola, F|44/100
|-heal|p1a: 不是石脑的|100/100|[from] move: Lunar Dance
|-damage|p1a: 不是石脑的|76/100|[from] Stealth Rock
|turn|19
|
|t:|1666360971
|switch|p2a: Hippowdon|Hippowdon, F|100/100
|move|p1a: 不是石脑的|Earthquake|p2a: Hippowdon
|-damage|p2a: Hippowdon|63/100
|
|-weather|none
|-heal|p2a: Hippowdon|69/100|[from] item: Leftovers
|upkeep
|turn|20
|
|t:|1666360977
|move|p1a: 不是石脑的|Poltergeist|p2a: Hippowdon
|-activate|p2a: Hippowdon|move: Poltergeist|Leftovers
|-damage|p2a: Hippowdon|6/100
|move|p2a: Hippowdon|Earthquake|p1a: 不是石脑的
|-supereffective|p1a: 不是石脑的
|-damage|p1a: 不是石脑的|3/100
|
|-heal|p2a: Hippowdon|12/100|[from] item: Leftovers
|upkeep
|turn|21
|
|t:|1666360982
|switch|p2a: Blissey|Blissey, F|94/100
|move|p1a: 不是石脑的|Earthquake|p2a: Blissey
|-damage|p2a: Blissey|43/100
|
|-fieldend|move: Trick Room
|upkeep
|turn|22
|
|t:|1666360991
|switch|p2a: Toxapex|Toxapex, F|80/100
|move|p1a: 不是石脑的|Flare Blitz|p2a: Toxapex
|-resisted|p2a: Toxapex
|-damage|p2a: Toxapex|51/100
|
|upkeep
|turn|23
|
|t:|1666361000
|switch|p1a: 死鸭子哪都硬|Porygon2|57/100
|-damage|p1a: 死鸭子哪都硬|45/100|[from] Stealth Rock
|-ability|p1a: 死鸭子哪都硬|Regenerator|[from] ability: Trace|[of] p2a: Toxapex
|move|p2a: Toxapex|Recover|p2a: Toxapex
|-heal|p2a: Toxapex|100/100
|
|upkeep
|turn|24
|
|t:|1666361002
|move|p1a: 死鸭子哪都硬|Recover|p1a: 死鸭子哪都硬
|-heal|p1a: 死鸭子哪都硬|95/100
|move|p2a: Toxapex|Toxic|p1a: 死鸭子哪都硬
|-status|p1a: 死鸭子哪都硬|tox
|
|-damage|p1a: 死鸭子哪都硬|89/100 tox|[from] psn
|upkeep
|turn|25
|
|t:|1666361004
|switch|p2a: Hippowdon|Hippowdon, F|12/100
|-weather|Sandstorm|[from] ability: Sand Stream|[of] p2a: Hippowdon
|move|p1a: 死鸭子哪都硬|Trick Room|p1a: 死鸭子哪都硬
|-fieldstart|move: Trick Room|[of] p1a: 死鸭子哪都硬
|
|-weather|Sandstorm|[upkeep]
|-damage|p1a: 死鸭子哪都硬|83/100 tox|[from] Sandstorm
|-heal|p2a: Hippowdon|19/100|[from] item: Leftovers
|-damage|p1a: 死鸭子哪都硬|70/100 tox|[from] psn
|upkeep
|turn|26
|
|t:|1666361006
|move|p2a: Hippowdon|Slack Off|p2a: Hippowdon
|-heal|p2a: Hippowdon|69/100
|move|p1a: 死鸭子哪都硬|Ice Beam|p2a: Hippowdon
|-supereffective|p2a: Hippowdon
|-damage|p2a: Hippowdon|37/100
|
|-weather|Sandstorm|[upkeep]
|-damage|p1a: 死鸭子哪都硬|64/100 tox|[from] Sandstorm
|-heal|p2a: Hippowdon|43/100|[from] item: Leftovers
|-damage|p1a: 死鸭子哪都硬|46/100 tox|[from] psn
|upkeep
|turn|27
|
|t:|1666361008
|switch|p1a: 吃了吗，没吃吃我两拳|Melmetal|94/100
|-damage|p1a: 吃了吗，没吃吃我两拳|88/100|[from] Stealth Rock
|move|p2a: Hippowdon|Slack Off|p2a: Hippowdon
|-heal|p2a: Hippowdon|93/100
|
|-weather|Sandstorm|[upkeep]
|-heal|p2a: Hippowdon|99/100|[from] item: Leftovers
|upkeep
|turn|28
|
|t:|1666361011
|move|p1a: 吃了吗，没吃吃我两拳|Double Iron Bash|p2a: Hippowdon
|-damage|p2a: Hippowdon|55/100
|-damage|p2a: Hippowdon|10/100
|-hitcount|p2a: Hippowdon|2
|move|p2a: Hippowdon|Earthquake|p1a: 吃了吗，没吃吃我两拳
|-supereffective|p1a: 吃了吗，没吃吃我两拳
|-damage|p1a: 吃了吗，没吃吃我两拳|49/100
|
|-weather|Sandstorm|[upkeep]
|-heal|p2a: Hippowdon|16/100|[from] item: Leftovers
|upkeep
|turn|29
|
|t:|1666361022
|switch|p1a: 一号炮灰|Hatterene, F|100/100
|-damage|p1a: 一号炮灰|88/100|[from] Stealth Rock
|switch|p2a: Toxapex|Toxapex, F|100/100
|
|-weather|none
|-fieldend|move: Trick Room
|upkeep
|turn|30
|
|t:|1666361026
|switch|p1a: 吃了吗，没吃吃我两拳|Melmetal|49/100
|-damage|p1a: 吃了吗，没吃吃我两拳|43/100|[from] Stealth Rock
|move|p2a: Toxapex|Knock Off|p1a: 吃了吗，没吃吃我两拳
|-damage|p1a: 吃了吗，没吃吃我两拳|34/100
|-enditem|p1a: 吃了吗，没吃吃我两拳|Choice Band|[from] move: Knock Off|[of] p2a: Toxapex
|
|upkeep
|turn|31
|
|t:|1666361037
|switch|p2a: Hippowdon|Hippowdon, F|16/100
|-weather|Sandstorm|[from] ability: Sand Stream|[of] p2a: Hippowdon
|move|p1a: 吃了吗，没吃吃我两拳|Earthquake|p2a: Hippowdon
|-damage|p2a: Hippowdon|0 fnt
|faint|p2a: Hippowdon
|
|-weather|Sandstorm|[upkeep]
|upkeep
|
|t:|1666361039
|switch|p2a: Toxapex|Toxapex, F|100/100
|turn|32
|
|t:|1666361045
|switch|p1a: 不是石脑的|Marowak-Alola, F|3/100
|-damage|p1a: 不是石脑的|0 fnt|[from] Stealth Rock
|faint|p1a: 不是石脑的
|move|p2a: Toxapex|Knock Off|p1: 不是石脑的|[notarget]
|-fail|p2a: Toxapex
|
|-weather|Sandstorm|[upkeep]
|-damage|p2a: Toxapex|94/100|[from] Sandstorm
|upkeep
|
|t:|1666361047
|switch|p1a: 一号炮灰|Hatterene, F|88/100
|-damage|p1a: 一号炮灰|76/100|[from] Stealth Rock
|turn|33
|
|t:|1666361048
|move|p2a: Toxapex|Knock Off|p1a: 一号炮灰
|-damage|p1a: 一号炮灰|57/100
|-enditem|p1a: 一号炮灰|Focus Sash|[from] move: Knock Off|[of] p2a: Toxapex
|move|p1a: 一号炮灰|Psychic|p2a: Toxapex
|-supereffective|p2a: Toxapex
|-damage|p2a: Toxapex|5/100
|
|-weather|Sandstorm|[upkeep]
|-damage|p2a: Toxapex|0 fnt|[from] Sandstorm
|-damage|p1a: 一号炮灰|51/100|[from] Sandstorm
|faint|p2a: Toxapex
|upkeep
|
|t:|1666361050
|switch|p2a: Blissey|Blissey, F|43/100
|turn|34
|
|t:|1666361054
|move|p2a: Blissey|Seismic Toss|p1a: 一号炮灰
|-damage|p1a: 一号炮灰|20/100
|move|p1a: 一号炮灰|Trick Room|p1a: 一号炮灰
|-fieldstart|move: Trick Room|[of] p1a: 一号炮灰
|
|-weather|Sandstorm|[upkeep]
|-damage|p1a: 一号炮灰|14/100|[from] Sandstorm
|-damage|p2a: Blissey|36/100|[from] Sandstorm
|upkeep
|turn|35
|
|t:|1666361056
|move|p1a: 一号炮灰|Misty Explosion|p2a: Blissey
|-damage|p2a: Blissey|13/100
|faint|p1a: 一号炮灰
|move|p2a: Blissey|Soft-Boiled|p2a: Blissey
|-heal|p2a: Blissey|63/100
|
|-weather|none
|upkeep
|
|t:|1666361058
|switch|p1a: 吃了吗，没吃吃我两拳|Melmetal|34/100
|-damage|p1a: 吃了吗，没吃吃我两拳|28/100|[from] Stealth Rock
|turn|36
|
|t:|1666361061
|move|p1a: 吃了吗，没吃吃我两拳|Superpower|p2a: Blissey
|-supereffective|p2a: Blissey
|-damage|p2a: Blissey|0 fnt
|-unboost|p1a: 吃了吗，没吃吃我两拳|atk|1
|-unboost|p1a: 吃了吗，没吃吃我两拳|def|1
|faint|p2a: Blissey
|
|win|maxinyuuu
