|uhtml|report-battle|<b>将对战链接公开到:</b> <button class="button" name="send" value="/reportto skypillar">Sky Pillar</button><button class="button" name="send" value="/reportto shinx">Shinx</button>
|j|☆nimed beatches
|j|☆yiyiyi2
|inactive|Battle timer is ON: inactive players will automatically lose when time's up.
|t:|1667136065
|gametype|singles
|player|p1|nimed beatches|picnicker|
|player|p2|yiyiyi2|yiyiyi2.png|
|teamsize|p1|6
|teamsize|p2|6
|gen|8
|tier|[Gen 8] OU
|rated|Tournament battle
|rule|Sleep Clause Mod: Limit one foe put to sleep
|rule|Species Clause: Limit one of each Pokémon
|rule|OHKO Clause: OHKO moves are banned
|rule|Evasion Items Clause: Evasion items are banned
|rule|Evasion Moves Clause: Evasion moves are banned
|rule|Endless Battle Clause: Forcing endless battles is banned
|rule|HP Percentage Mod: HP is shown in percentages
|rule|Dynamax Clause: You cannot dynamax
|clearpoke
|poke|p1|Rillaboom, M|
|poke|p1|Tornadus-Therian, M|
|poke|p1|Slowking-Galar, F|
|poke|p1|Melmetal|
|poke|p1|Garchomp, F|
|poke|p1|Toxapex, M|
|poke|p2|Pelipper, M|
|poke|p2|Ferrothorn, M|
|poke|p2|Barraskewda, M|
|poke|p2|Urshifu-*, M|
|poke|p2|Melmetal|
|poke|p2|Zapdos|
|teampreview
|j| Rain the god
|
|t:|1667136093
|start
|switch|p1a: Garchomp|Garchomp, F|100/100
|switch|p2a: Barraskewda|Barraskewda, M|100/100
|turn|1
|l| Rain the god
|
|t:|1667136095
|move|p1a: Garchomp|Protect|p1a: Garchomp
|-singleturn|p1a: Garchomp|Protect
|move|p2a: Barraskewda|Flip Turn|p1a: Garchomp
|-activate|p1a: Garchomp|move: Protect
|
|upkeep
|turn|2
|
|t:|1667136098
|move|p2a: Barraskewda|Flip Turn|p1a: Garchomp
|-damage|p1a: Garchomp|61/100
|-damage|p2a: Barraskewda|88/100|[from] ability: Rough Skin|[of] p1a: Garchomp
|j| HollowHeartAlbion
|j| hezhengdong
|
|t:|1667136105
|switch|p2a: Ferrothorn|Ferrothorn, M|100/100|[from]move: Flip Turn
|move|p1a: Garchomp|Stealth Rock|p2a: Ferrothorn
|-sidestart|p2: yiyiyi2|move: Stealth Rock
|
|-heal|p1a: Garchomp|67/100|[from] item: Leftovers
|upkeep
|turn|3
|
|t:|1667136108
|switch|p1a: Tornadus|Tornadus-Therian, M|100/100
|move|p2a: Ferrothorn|Stealth Rock|p1a: Tornadus
|-sidestart|p1: nimed beatches|move: Stealth Rock
|
|upkeep
|turn|4
|l| hezhengdong
|
|t:|1667136116
|switch|p2a: Pelipper|Pelipper, M|100/100
|-damage|p2a: Pelipper|76/100|[from] Stealth Rock
|-weather|RainDance|[from] ability: Drizzle|[of] p2a: Pelipper
|move|p1a: Tornadus|Knock Off|p2a: Pelipper
|-damage|p2a: Pelipper|59/100
|-enditem|p2a: Pelipper|Damp Rock|[from] move: Knock Off|[of] p1a: Tornadus
|
|-weather|RainDance|[upkeep]
|upkeep
|turn|5
|j| crying snow
|
|t:|1667136119
|switch|p2a: Melmetal|Melmetal|100/100
|-damage|p2a: Melmetal|94/100|[from] Stealth Rock
|move|p1a: Tornadus|U-turn|p2a: Melmetal
|-resisted|p2a: Melmetal
|-damage|p2a: Melmetal|90/100
|
|t:|1667136124
|switch|p1a: Melmetal|Melmetal|100/100|[from]move: U-turn
|-damage|p1a: Melmetal|94/100|[from] Stealth Rock
|
|-weather|RainDance|[upkeep]
|-heal|p1a: Melmetal|100/100|[from] item: Leftovers
|upkeep
|turn|6
|j| shuo硕德er
|
|t:|1667136130
|move|p1a: Melmetal|Protect|p1a: Melmetal
|-singleturn|p1a: Melmetal|Protect
|move|p2a: Melmetal|Earthquake|p1a: Melmetal
|-activate|p1a: Melmetal|move: Protect
|
|-weather|RainDance|[upkeep]
|upkeep
|turn|7
|
|t:|1667136132
|move|p1a: Melmetal|Superpower|p2a: Melmetal
|-supereffective|p2a: Melmetal
|-damage|p2a: Melmetal|31/100
|-unboost|p1a: Melmetal|atk|1
|-unboost|p1a: Melmetal|def|1
|move|p2a: Melmetal|Earthquake|p1a: Melmetal
|-supereffective|p1a: Melmetal
|-damage|p1a: Melmetal|33/100
|
|-weather|RainDance|[upkeep]
|-heal|p1a: Melmetal|39/100|[from] item: Leftovers
|upkeep
|turn|8
|
|t:|1667136138
|switch|p2a: Urshifu|Urshifu-Rapid-Strike, M|100/100
|-damage|p2a: Urshifu|94/100|[from] Stealth Rock
|move|p1a: Melmetal|Superpower|p2a: Urshifu
|-damage|p2a: Urshifu|60/100
|-unboost|p1a: Melmetal|atk|1
|-unboost|p1a: Melmetal|def|1
|
|-weather|RainDance|[upkeep]
|-heal|p1a: Melmetal|45/100|[from] item: Leftovers
|upkeep
|turn|9
|
|t:|1667136140
|switch|p1a: Toxapex|Toxapex, M|100/100
|-damage|p1a: Toxapex|88/100|[from] Stealth Rock
|move|p2a: Urshifu|Surging Strikes|p1a: Toxapex
|-resisted|p1a: Toxapex
|-crit|p1a: Toxapex
|-damage|p1a: Toxapex|73/100
|-resisted|p1a: Toxapex
|-crit|p1a: Toxapex
|-damage|p1a: Toxapex|57/100
|-resisted|p1a: Toxapex
|-crit|p1a: Toxapex
|-damage|p1a: Toxapex|41/100
|-hitcount|p1a: Toxapex|3
|
|-weather|RainDance|[upkeep]
|-heal|p1a: Toxapex|48/100|[from] item: Black Sludge
|upkeep
|turn|10
|
|t:|1667136155
|switch|p1a: Garchomp|Garchomp, F|67/100
|-damage|p1a: Garchomp|61/100|[from] Stealth Rock
|move|p2a: Urshifu|Surging Strikes|p1a: Garchomp
|-crit|p1a: Garchomp
|-damage|p1a: Garchomp|22/100
|-damage|p2a: Urshifu|48/100|[from] ability: Rough Skin|[of] p1a: Garchomp
|-crit|p1a: Garchomp
|-damage|p1a: Garchomp|0 fnt
|-damage|p2a: Urshifu|35/100|[from] ability: Rough Skin|[of] p1a: Garchomp
|faint|p1a: Garchomp
|-hitcount|p1: Garchomp|2
|
|-weather|RainDance|[upkeep]
|upkeep
|
|t:|1667136159
|switch|p1a: Toxapex|Toxapex, M|81/100
|-damage|p1a: Toxapex|68/100|[from] Stealth Rock
|turn|11
|
|t:|1667136163
|switch|p2a: Zapdos|Zapdos|100/100
|move|p1a: Toxapex|Recover|p1a: Toxapex
|-heal|p1a: Toxapex|100/100
|
|-weather|none
|upkeep
|turn|12
|
|t:|1667136168
|switch|p2a: Pelipper|Pelipper, M|59/100
|-damage|p2a: Pelipper|34/100|[from] Stealth Rock
|-weather|RainDance|[from] ability: Drizzle|[of] p2a: Pelipper
|switch|p1a: Slowking|Slowking-Galar, F|100/100
|-damage|p1a: Slowking|88/100|[from] Stealth Rock
|
|-weather|RainDance|[upkeep]
|upkeep
|turn|13
|j| Rain the god
|
|t:|1667136185
|move|p2a: Pelipper|U-turn|p1a: Slowking
|-damage|p1a: Slowking|80/100
|
|t:|1667136187
|switch|p2a: Urshifu|Urshifu-Rapid-Strike, M|35/100|[from]move: U-turn
|-damage|p2a: Urshifu|29/100|[from] Stealth Rock
|move|p1a: Slowking|Sludge Bomb|p2a: Urshifu
|-damage|p2a: Urshifu|0 fnt
|faint|p2a: Urshifu
|
|-weather|RainDance|[upkeep]
|upkeep
|
|t:|1667136192
|switch|p2a: Barraskewda|Barraskewda, M|88/100
|-damage|p2a: Barraskewda|76/100|[from] Stealth Rock
|turn|14
|
|t:|1667136194
|switch|p1a: Toxapex|Toxapex, M|100/100
|-damage|p1a: Toxapex|88/100|[from] Stealth Rock
|move|p2a: Barraskewda|Flip Turn|p1a: Toxapex
|-resisted|p1a: Toxapex
|-damage|p1a: Toxapex|64/100
|
|t:|1667136196
|switch|p2a: Zapdos|Zapdos|100/100|[from]move: Flip Turn
|
|-weather|RainDance|[upkeep]
|-heal|p1a: Toxapex|71/100|[from] item: Black Sludge
|upkeep
|turn|15
|
|t:|1667136202
|switch|p2a: Melmetal|Melmetal|31/100
|-damage|p2a: Melmetal|25/100|[from] Stealth Rock
|switch|p1a: Slowking|Slowking-Galar, F|100/100
|-damage|p1a: Slowking|88/100|[from] Stealth Rock
|
|-weather|RainDance|[upkeep]
|upkeep
|turn|16
|
|t:|1667136207
|switch|p1a: Toxapex|Toxapex, M|100/100
|-damage|p1a: Toxapex|88/100|[from] Stealth Rock
|move|p2a: Melmetal|Earthquake|p1a: Toxapex
|-supereffective|p1a: Toxapex
|-damage|p1a: Toxapex|39/100
|
|-weather|none
|-heal|p1a: Toxapex|45/100|[from] item: Black Sludge
|upkeep
|turn|17
|
|t:|1667136210
|move|p1a: Toxapex|Baneful Bunker|p1a: Toxapex
|-singleturn|p1a: Toxapex|move: Protect
|move|p2a: Melmetal|Double Iron Bash|p1a: Toxapex
|-activate|p1a: Toxapex|move: Protect
|
|-heal|p1a: Toxapex|51/100|[from] item: Black Sludge
|upkeep
|turn|18
|
|t:|1667136215
|switch|p1a: Tornadus|Tornadus-Therian, M|100/100
|move|p2a: Melmetal|Double Iron Bash|p1a: Tornadus
|-damage|p1a: Tornadus|60/100
|-damage|p1a: Tornadus|15/100
|-hitcount|p1a: Tornadus|2
|
|upkeep
|turn|19
|
|t:|1667136221
|move|p1a: Tornadus|Heat Wave|p2a: Melmetal
|-supereffective|p2a: Melmetal
|-damage|p2a: Melmetal|0 fnt
|faint|p2a: Melmetal
|
|upkeep
|j| josefjosda
|
|t:|1667136242
|switch|p2a: Barraskewda|Barraskewda, M|76/100
|-damage|p2a: Barraskewda|64/100|[from] Stealth Rock
|turn|20
|
|t:|1667136252
|switch|p1a: Toxapex|Toxapex, M|84/100
|-damage|p1a: Toxapex|72/100|[from] Stealth Rock
|move|p2a: Barraskewda|Flip Turn|p1a: Toxapex
|-resisted|p1a: Toxapex
|-damage|p1a: Toxapex|57/100
|
|t:|1667136256
|switch|p2a: Ferrothorn|Ferrothorn, M|100/100|[from]move: Flip Turn
|-damage|p2a: Ferrothorn|94/100|[from] Stealth Rock
|
|-heal|p1a: Toxapex|63/100|[from] item: Black Sludge
|-heal|p2a: Ferrothorn|100/100|[from] item: Leftovers
|upkeep
|turn|21
|
|t:|1667136261
|move|p1a: Toxapex|Baneful Bunker|p1a: Toxapex
|-singleturn|p1a: Toxapex|move: Protect
|move|p2a: Ferrothorn|Spikes|p1a: Toxapex
|-sidestart|p1: nimed beatches|Spikes
|
|-heal|p1a: Toxapex|69/100|[from] item: Black Sludge
|upkeep
|turn|22
|
|t:|1667136265
|move|p1a: Toxapex|Knock Off|p2a: Ferrothorn
|-damage|p2a: Ferrothorn|87/100
|-damage|p1a: Toxapex|57/100|[from] ability: Iron Barbs|[of] p2a: Ferrothorn
|-enditem|p2a: Ferrothorn|Leftovers|[from] move: Knock Off|[of] p1a: Toxapex
|move|p2a: Ferrothorn|Knock Off|p1a: Toxapex
|-damage|p1a: Toxapex|43/100
|-enditem|p1a: Toxapex|Black Sludge|[from] move: Knock Off|[of] p2a: Ferrothorn
|
|upkeep
|turn|23
|
|t:|1667136271
|switch|p1a: Tornadus|Tornadus-Therian, M|49/100
|move|p2a: Ferrothorn|Explosion|p1a: Tornadus
|-damage|p1a: Tornadus|0 fnt
|faint|p2a: Ferrothorn
|faint|p1a: Tornadus
|
|upkeep
|
|t:|1667136288
|switch|p1a: Rillaboom|Rillaboom, M|100/100
|switch|p2a: Barraskewda|Barraskewda, M|64/100
|-damage|p2a: Barraskewda|52/100|[from] Stealth Rock
|-damage|p1a: Rillaboom|88/100|[from] Stealth Rock
|-damage|p1a: Rillaboom|75/100|[from] Spikes
|-fieldstart|move: Grassy Terrain|[from] ability: Grassy Surge|[of] p1a: Rillaboom
|turn|24
|
|t:|1667136290
|switch|p2a: Zapdos|Zapdos|100/100
|move|p1a: Rillaboom|Grassy Glide|p2a: Zapdos
|-resisted|p2a: Zapdos
|-damage|p2a: Zapdos|72/100
|
|-heal|p1a: Rillaboom|82/100|[from] Grassy Terrain
|-heal|p1a: Rillaboom|88/100|[from] item: Leftovers
|upkeep
|turn|25
|
|t:|1667136296
|switch|p2a: Pelipper|Pelipper, M|34/100
|-damage|p2a: Pelipper|9/100|[from] Stealth Rock
|-weather|RainDance|[from] ability: Drizzle|[of] p2a: Pelipper
|switch|p1a: Slowking|Slowking-Galar, F|100/100
|-damage|p1a: Slowking|88/100|[from] Stealth Rock
|-damage|p1a: Slowking|76/100|[from] Spikes
|
|-weather|RainDance|[upkeep]
|-heal|p1a: Slowking|82/100|[from] Grassy Terrain
|upkeep
|turn|26
|
|t:|1667136301
|move|p2a: Pelipper|Roost|p2a: Pelipper
|-heal|p2a: Pelipper|60/100
|-singleturn|p2a: Pelipper|move: Roost
|move|p1a: Slowking|Sludge Bomb|p2a: Pelipper
|-damage|p2a: Pelipper|1/100
|
|-weather|RainDance|[upkeep]
|-heal|p2a: Pelipper|7/100|[from] Grassy Terrain
|-heal|p1a: Slowking|88/100|[from] Grassy Terrain
|upkeep
|turn|27
|
|t:|1667136309
|move|p2a: Pelipper|Hurricane|p1a: Slowking
|-damage|p1a: Slowking|67/100
|-start|p1a: Slowking|confusion
|-activate|p1a: Slowking|confusion
|-damage|p1a: Slowking|62/100|[from] confusion
|
|-weather|RainDance|[upkeep]
|-heal|p1a: Slowking|68/100|[from] Grassy Terrain
|upkeep
|turn|28
|
|t:|1667136313
|move|p2a: Pelipper|Roost|p2a: Pelipper
|-heal|p2a: Pelipper|57/100
|-singleturn|p2a: Pelipper|move: Roost
|-activate|p1a: Slowking|confusion
|move|p1a: Slowking|Sludge Bomb|p2a: Pelipper
|-damage|p2a: Pelipper|0 fnt
|faint|p2a: Pelipper
|
|-weather|RainDance|[upkeep]
|-heal|p1a: Slowking|74/100|[from] Grassy Terrain
|-fieldend|move: Grassy Terrain
|upkeep
|
|t:|1667136315
|switch|p2a: Barraskewda|Barraskewda, M|52/100
|-damage|p2a: Barraskewda|40/100|[from] Stealth Rock
|turn|29
|
|t:|1667136317
|switch|p1a: Melmetal|Melmetal|45/100
|-damage|p1a: Melmetal|39/100|[from] Stealth Rock
|-damage|p1a: Melmetal|26/100|[from] Spikes
|move|p2a: Barraskewda|Liquidation|p1a: Melmetal
|-damage|p1a: Melmetal|0 fnt
|faint|p1a: Melmetal
|
|-weather|none
|upkeep
|
|t:|1667136321
|switch|p1a: Toxapex|Toxapex, M|76/100
|-damage|p1a: Toxapex|64/100|[from] Stealth Rock
|-damage|p1a: Toxapex|51/100|[from] Spikes
|turn|30
|
|t:|1667136323
|switch|p2a: Zapdos|Zapdos|72/100
|move|p1a: Toxapex|Toxic|p2a: Zapdos
|-status|p2a: Zapdos|tox
|
|-damage|p2a: Zapdos|66/100 tox|[from] psn
|upkeep
|turn|31
|
|t:|1667136327
|move|p1a: Toxapex|Baneful Bunker|p1a: Toxapex
|-singleturn|p1a: Toxapex|move: Protect
|move|p2a: Zapdos|Hurricane|p1a: Toxapex
|-activate|p1a: Toxapex|move: Protect
|
|-damage|p2a: Zapdos|53/100 tox|[from] psn
|upkeep
|turn|32
|
|t:|1667136331
|switch|p1a: Slowking|Slowking-Galar, F|100/100
|-damage|p1a: Slowking|88/100|[from] Stealth Rock
|-damage|p1a: Slowking|76/100|[from] Spikes
|move|p2a: Zapdos|Hurricane|p1a: Slowking
|-damage|p1a: Slowking|47/100
|-start|p1a: Slowking|confusion
|
|-damage|p2a: Zapdos|35/100 tox|[from] psn
|upkeep
|turn|33
|
|t:|1667136334
|switch|p2a: Barraskewda|Barraskewda, M|40/100
|-damage|p2a: Barraskewda|27/100|[from] Stealth Rock
|-activate|p1a: Slowking|confusion
|-damage|p1a: Slowking|42/100|[from] confusion
|
|upkeep
|turn|34
|
|t:|1667136338
|switch|p1a: Toxapex|Toxapex, M|84/100
|-damage|p1a: Toxapex|72/100|[from] Stealth Rock
|-damage|p1a: Toxapex|59/100|[from] Spikes
|move|p2a: Barraskewda|Liquidation|p1a: Toxapex
|-resisted|p1a: Toxapex
|-damage|p1a: Toxapex|36/100
|-unboost|p1a: Toxapex|def|1
|
|upkeep
|turn|35
|
|t:|1667136347
|move|p1a: Toxapex|Baneful Bunker|p1a: Toxapex
|-singleturn|p1a: Toxapex|move: Protect
|move|p2a: Barraskewda|Liquidation|p1a: Toxapex
|-activate|p1a: Toxapex|move: Protect
|-status|p2a: Barraskewda|psn
|
|-damage|p2a: Barraskewda|15/100 psn|[from] psn
|upkeep
|turn|36
|
|t:|1667136349
|switch|p1a: Rillaboom|Rillaboom, M|88/100
|-damage|p1a: Rillaboom|75/100|[from] Stealth Rock
|-damage|p1a: Rillaboom|63/100|[from] Spikes
|-fieldstart|move: Grassy Terrain|[from] ability: Grassy Surge|[of] p1a: Rillaboom
|move|p2a: Barraskewda|Liquidation|p1a: Rillaboom
|-resisted|p1a: Rillaboom
|-crit|p1a: Rillaboom
|-damage|p1a: Rillaboom|18/100
|
|-heal|p2a: Barraskewda|21/100 psn|[from] Grassy Terrain
|-heal|p1a: Rillaboom|24/100|[from] Grassy Terrain
|-heal|p1a: Rillaboom|30/100|[from] item: Leftovers
|-damage|p2a: Barraskewda|9/100 psn|[from] psn
|upkeep
|turn|37
|
|t:|1667136352
|move|p1a: Rillaboom|Grassy Glide|p2a: Barraskewda
|-supereffective|p2a: Barraskewda
|-damage|p2a: Barraskewda|0 fnt
|faint|p2a: Barraskewda
|
|-heal|p1a: Rillaboom|37/100|[from] Grassy Terrain
|-heal|p1a: Rillaboom|43/100|[from] item: Leftovers
|upkeep
|
|t:|1667136353
|switch|p2a: Zapdos|Zapdos|35/100 tox
|turn|38
|
|t:|1667136355
|move|p1a: Rillaboom|Grassy Glide|p2a: Zapdos
|-resisted|p2a: Zapdos
|-damage|p2a: Zapdos|4/100 tox
|move|p2a: Zapdos|Roost|p2a: Zapdos
|-heal|p2a: Zapdos|54/100 tox
|-singleturn|p2a: Zapdos|move: Roost
|
|-heal|p2a: Zapdos|60/100 tox|[from] Grassy Terrain
|-heal|p1a: Rillaboom|49/100|[from] Grassy Terrain
|-heal|p1a: Rillaboom|56/100|[from] item: Leftovers
|-damage|p2a: Zapdos|54/100 tox|[from] psn
|upkeep
|turn|39
|l| crying snow
|
|t:|1667136360
|move|p1a: Rillaboom|Grassy Glide|p2a: Zapdos
|-resisted|p2a: Zapdos
|-damage|p2a: Zapdos|23/100 tox
|-status|p1a: Rillaboom|par|[from] ability: Static|[of] p2a: Zapdos
|move|p2a: Zapdos|Roost|p2a: Zapdos
|-heal|p2a: Zapdos|73/100 tox
|-singleturn|p2a: Zapdos|move: Roost
|
|-heal|p2a: Zapdos|79/100 tox|[from] Grassy Terrain
|-heal|p1a: Rillaboom|62/100 par|[from] Grassy Terrain
|-heal|p1a: Rillaboom|68/100 par|[from] item: Leftovers
|-damage|p2a: Zapdos|67/100 tox|[from] psn
|upkeep
|turn|40
|
|t:|1667136366
|move|p1a: Rillaboom|Grassy Glide|p2a: Zapdos
|-resisted|p2a: Zapdos
|-damage|p2a: Zapdos|36/100 tox
|move|p2a: Zapdos|Hurricane|p1a: Rillaboom|[miss]
|-miss|p2a: Zapdos|p1a: Rillaboom
|
|-heal|p1a: Rillaboom|74/100 par|[from] Grassy Terrain
|-heal|p1a: Rillaboom|80/100 par|[from] item: Leftovers
|-damage|p2a: Zapdos|17/100 tox|[from] psn
|-fieldend|move: Grassy Terrain
|upkeep
|turn|41
|
|t:|1667136368
|move|p2a: Zapdos|Hurricane|p1a: Rillaboom|[miss]
|-miss|p2a: Zapdos|p1a: Rillaboom
|move|p1a: Rillaboom|Grassy Glide|p2a: Zapdos
|-resisted|p2a: Zapdos
|-damage|p2a: Zapdos|0 fnt
|faint|p2a: Zapdos
|
|win|nimed beatches
|n|☆nimed beatches|nimedbeatches
|n|☆yiyiyi2|yiyiyi2
|n| HollowHeartAlbion|hollowheartalbion
|n| shuo硕德er|shuoer
|n| Rain the god|rainthegod
|n| josefjosda|josefjosda
|l|☆nimed beatches
|j|☆nimed beatches
|player|p1|nimed beatches|picnicker
