|j|☆swordsman.n
|j|☆vusty fans3
|t:|1643370337
|gametype|singles
|player|p1|swordsman.n|caitlin|
|player|p2|vusty fans3|vustyfans3.png|
|teamsize|p1|6
|teamsize|p2|6
|gen|8
|tier|[Gen 8] OU
|rule|Sleep Clause Mod: Limit one foe put to sleep
|rule|Species Clause: Limit one of each Pokémon
|rule|OHKO Clause: OHKO moves are banned
|rule|Evasion Moves Clause: Evasion moves are banned
|rule|Endless Battle Clause: Forcing endless battles is banned
|rule|HP Percentage Mod: HP is shown in percentages
|rule|Dynamax Clause: You cannot dynamax
|clearpoke
|poke|p1|Munchlax, M|
|poke|p1|Magmortar, M|
|poke|p1|Clefable, M|
|poke|p1|Miltank, F|
|poke|p1|Grimmsnarl, M|
|poke|p1|Diancie|
|poke|p2|Mesprit|
|poke|p2|Alakazam, M|
|poke|p2|Magmortar, F|
|poke|p2|Magmar, M|
|poke|p2|Electabuzz, F|
|poke|p2|Poliwhirl, F|
|teampreview
|
|t:|1643370350
|start
|switch|p1a: Clefable|Clefable, M|100/100
|switch|p2a: Poliwhirl|Poliwhirl, F|100/100
|turn|1
|
|t:|1643370354
|move|p2a: Poliwhirl|Metronome|p2a: Poliwhirl
|move|p2a: Poliwhirl|Corrosive Gas|p1a: Clefable|[from]move: Metronome
|-enditem|p1a: Clefable|Life Orb|[from] move: Corrosive Gas|[of] p2a: Poliwhirl
|move|p1a: Clefable|Metronome|p1a: Clefable
|move|p1a: Clefable|Torment|p2a: Poliwhirl|[from]move: Metronome
|-start|p2a: Poliwhirl|Torment
|
|upkeep
|turn|2
|c|☆vusty fans3|这个可以换吧
|c|☆swordsman.n|可
|
|t:|1643370378
|switch|p2a: Magmortar|Magmortar, F|100/100
|move|p1a: Clefable|Metronome|p1a: Clefable
|move|p1a: Clefable|Recycle||[from]move: Metronome|[still]
|-fail|p1a: Clefable
|
|upkeep
|turn|3
|
|t:|1643370383
|move|p2a: Magmortar|Metronome|p2a: Magmortar
|move|p2a: Magmortar|Shock Wave|p1a: Clefable|[from]move: Metronome
|-damage|p1a: Clefable|67/100
|move|p1a: Clefable|Metronome|p1a: Clefable
|move|p1a: Clefable|Misty Explosion|p2a: Magmortar|[from]move: Metronome
|-resisted|p2a: Magmortar
|-damage|p2a: Magmortar|75/100
|faint|p1a: Clefable
|
|upkeep
|j|@Northumberland
|c|☆vusty fans3|哈哈哈
|c|☆swordsman.n|？
|
|t:|1643370395
|switch|p1a: Munchlax|Munchlax, M|100/100
|turn|4
|
|t:|1643370399
|move|p2a: Magmortar|Metronome|p2a: Magmortar
|move|p2a: Magmortar|Scale Shot|p1a: Munchlax|[from]move: Metronome
|-damage|p1a: Munchlax|97/100
|-damage|p1a: Munchlax|93/100
|-damage|p1a: Munchlax|89/100
|-damage|p1a: Munchlax|85/100
|-hitcount|p1a: Munchlax|4
|-unboost|p2a: Magmortar|def|1
|-boost|p2a: Magmortar|spe|1
|move|p1a: Munchlax|Metronome|p1a: Munchlax
|move|p1a: Munchlax|Magnetic Flux||[from]move: Metronome|[still]
|-fail|p1a: Munchlax
|
|upkeep
|turn|5
|j| Lightchanseyy
|c|☆vusty fans3|皮克西摆烂了
|l| Lightchanseyy
|
|t:|1643370417
|move|p2a: Magmortar|Metronome|p2a: Magmortar
|move|p2a: Magmortar|Sacred Sword|p1a: Munchlax|[from]move: Metronome
|-supereffective|p1a: Munchlax
|-damage|p1a: Munchlax|60/100
|move|p1a: Munchlax|Metronome|p1a: Munchlax
|move|p1a: Munchlax|Perish Song|p1a: Munchlax|[from]move: Metronome
|-start|p1a: Munchlax|perish3|[silent]
|-start|p2a: Magmortar|perish3|[silent]
|-fieldactivate|move: Perish Song
|
|-start|p2a: Magmortar|perish3
|-start|p1a: Munchlax|perish3
|upkeep
|turn|6
|c|☆vusty fans3|自杀式袭击
|
|t:|1643370433
|move|p2a: Magmortar|Metronome|p2a: Magmortar
|move|p2a: Magmortar|Freeze-Dry|p1a: Munchlax|[from]move: Metronome
|-damage|p1a: Munchlax|50/100
|move|p1a: Munchlax|Metronome|p1a: Munchlax
|move|p1a: Munchlax|Reflect Type|p2a: Magmortar|[from]move: Metronome
|-start|p1a: Munchlax|typechange|[from] move: Reflect Type|[of] p2a: Magmortar
|
|-start|p2a: Magmortar|perish2
|-start|p1a: Munchlax|perish2
|upkeep
|turn|7
|
|t:|1643370442
|move|p2a: Magmortar|Metronome|p2a: Magmortar
|move|p2a: Magmortar|Extreme Speed|p1a: Munchlax|[from]move: Metronome
|-damage|p1a: Munchlax|37/100
|move|p1a: Munchlax|Metronome|p1a: Munchlax
|move|p1a: Munchlax|Mega Drain|p2a: Magmortar|[from]move: Metronome
|-resisted|p2a: Magmortar
|-damage|p2a: Magmortar|72/100
|-heal|p1a: Munchlax|38/100|[from] drain|[of] p2a: Magmortar
|
|-start|p2a: Magmortar|perish1
|-start|p1a: Munchlax|perish1
|upkeep
|turn|8
|
|t:|1643370453
|switch|p1a: Miltank|Miltank, F|100/100
|move|p2a: Magmortar|Metronome|p2a: Magmortar
|move|p2a: Magmortar|Calm Mind|p2a: Magmortar|[from]move: Metronome
|-boost|p2a: Magmortar|spa|1
|-boost|p2a: Magmortar|spd|1
|
|-start|p2a: Magmortar|perish0
|upkeep
|faint|p2a: Magmortar
|c|☆swordsman.n|咦
|
|t:|1643370461
|switch|p2a: Mesprit|Mesprit|100/100
|turn|9
|
|t:|1643370464
|move|p1a: Miltank|Metronome|p1a: Miltank
|move|p1a: Miltank|Psybeam|p2a: Mesprit|[from]move: Metronome
|-resisted|p2a: Mesprit
|-damage|p2a: Mesprit|97/100
|move|p2a: Mesprit|Metronome|p2a: Mesprit
|move|p2a: Mesprit|Worry Seed|p1a: Miltank|[from]move: Metronome
|-endability|p1a: Miltank|Thick Fat|[from] move: Worry Seed
|-ability|p1a: Miltank|Insomnia|[from] move: Worry Seed
|
|upkeep
|turn|10
|c|☆vusty fans3|妈耶
|
|t:|1643370471
|move|p1a: Miltank|Metronome|p1a: Miltank
|move|p1a: Miltank|Heavy Slam|p2a: Mesprit|[from]move: Metronome
|-damage|p2a: Mesprit|76/100
|move|p2a: Mesprit|Metronome|p2a: Mesprit
|move|p2a: Mesprit|Double-Edge|p1a: Miltank|[from]move: Metronome
|-damage|p1a: Miltank|80/100
|-damage|p2a: Mesprit|69/100|[from] Recoil
|
|upkeep
|turn|11
|
|t:|1643370479
|move|p1a: Miltank|Metronome|p1a: Miltank
|move|p1a: Miltank|Pin Missile|p2a: Mesprit|[from]move: Metronome
|-supereffective|p2a: Mesprit
|-damage|p2a: Mesprit|60/100
|-supereffective|p2a: Mesprit
|-damage|p2a: Mesprit|51/100
|-hitcount|p2a: Mesprit|2
|move|p2a: Mesprit|Metronome|p2a: Mesprit
|move|p2a: Mesprit|First Impression||[from]move: Metronome|[still]
|-hint|First Impression only works on your first turn out.
|-fail|p2a: Mesprit
|
|upkeep
|turn|12
|j| woflw
|
|t:|1643370488
|move|p1a: Miltank|Metronome|p1a: Miltank
|move|p1a: Miltank|Flatter|p2a: Mesprit|[from]move: Metronome
|-boost|p2a: Mesprit|spa|1
|-start|p2a: Mesprit|confusion
|-activate|p2a: Mesprit|confusion
|-damage|p2a: Mesprit|41/100|[from] confusion
|
|upkeep
|turn|13
|
|t:|1643370494
|move|p1a: Miltank|Metronome|p1a: Miltank
|move|p1a: Miltank|Burn Up||[from]move: Metronome|[still]
|-fail|p1a: Miltank|move: Burn Up
|-activate|p2a: Mesprit|confusion
|move|p2a: Mesprit|Metronome|p2a: Mesprit
|move|p2a: Mesprit|Flamethrower|p1a: Miltank|[from]move: Metronome
|-damage|p1a: Miltank|9/100
|
|upkeep
|turn|14
|
|t:|1643370501
|move|p1a: Miltank|Metronome|p1a: Miltank
|move|p1a: Miltank|Stored Power|p2a: Mesprit|[from]move: Metronome
|-resisted|p2a: Mesprit
|-damage|p2a: Mesprit|41/100
|-activate|p2a: Mesprit|confusion
|move|p2a: Mesprit|Metronome|p2a: Mesprit
|move|p2a: Mesprit|Harden|p2a: Mesprit|[from]move: Metronome
|-boost|p2a: Mesprit|def|1
|
|upkeep
|turn|15
|
|t:|1643370508
|move|p1a: Miltank|Metronome|p1a: Miltank
|move|p1a: Miltank|Accelerock|p2a: Mesprit|[from]move: Metronome
|-damage|p2a: Mesprit|36/100
|-end|p2a: Mesprit|confusion
|move|p2a: Mesprit|Metronome|p2a: Mesprit
|move|p2a: Mesprit|Fire Blast|p1a: Miltank|[from]move: Metronome
|-damage|p1a: Miltank|0 fnt
|faint|p1a: Miltank
|
|upkeep
|
|t:|1643370517
|switch|p1a: Munchlax|Munchlax, M|38/100
|turn|16
|
|t:|1643370519
|move|p2a: Mesprit|Metronome|p2a: Mesprit
|move|p2a: Mesprit|Fake Out||[from]move: Metronome|[still]
|-hint|Fake Out only works on your first turn out.
|-fail|p2a: Mesprit
|move|p1a: Munchlax|Metronome|p1a: Munchlax
|move|p1a: Munchlax|Discharge|p2a: Mesprit|[from]move: Metronome
|-damage|p2a: Mesprit|27/100
|-status|p2a: Mesprit|par
|
|upkeep
|turn|17
|
|t:|1643370527
|move|p2a: Mesprit|Metronome|p2a: Mesprit
|move|p2a: Mesprit|Sleep Powder|p1a: Munchlax|[from]move: Metronome|[miss]
|-miss|p2a: Mesprit|p1a: Munchlax
|move|p1a: Munchlax|Metronome|p1a: Munchlax
|move|p1a: Munchlax|Mist Ball|p2a: Mesprit|[from]move: Metronome
|-resisted|p2a: Mesprit
|-damage|p2a: Mesprit|24/100 par
|-unboost|p2a: Mesprit|spa|1
|
|upkeep
|turn|18
|c|☆vusty fans3|卧槽
|
|t:|1643370536
|move|p2a: Mesprit|Metronome|p2a: Mesprit
|move|p2a: Mesprit|Confide|p1a: Munchlax|[from]move: Metronome
|-unboost|p1a: Munchlax|spa|1
|move|p1a: Munchlax|Metronome|p1a: Munchlax
|move|p1a: Munchlax|Stone Edge|p2a: Mesprit|[from]move: Metronome
|-damage|p2a: Mesprit|12/100 par
|
|upkeep
|turn|19
|
|t:|1643370543
|move|p2a: Mesprit|Metronome|p2a: Mesprit
|move|p2a: Mesprit|Vital Throw|p1a: Munchlax|[from]move: Metronome
|-supereffective|p1a: Munchlax
|-damage|p1a: Munchlax|13/100
|move|p1a: Munchlax|Metronome|p1a: Munchlax
|move|p1a: Munchlax|Morning Sun|p1a: Munchlax|[from]move: Metronome
|-heal|p1a: Munchlax|63/100
|
|upkeep
|turn|20
|
|t:|1643370550
|move|p2a: Mesprit|Metronome|p2a: Mesprit
|move|p2a: Mesprit|Hex|p1a: Munchlax|[from]move: Metronome
|-immune|p1a: Munchlax
|move|p1a: Munchlax|Metronome|p1a: Munchlax
|move|p1a: Munchlax|Shell Smash|p1a: Munchlax|[from]move: Metronome
|-unboost|p1a: Munchlax|def|1
|-unboost|p1a: Munchlax|spd|1
|-boost|p1a: Munchlax|atk|2
|-boost|p1a: Munchlax|spa|2
|-boost|p1a: Munchlax|spe|2
|
|upkeep
|turn|21
|c|☆vusty fans3|惨了
|
|t:|1643370560
|cant|p2a: Mesprit|par
|move|p1a: Munchlax|Metronome|p1a: Munchlax
|move|p1a: Munchlax|Submission|p2a: Mesprit|[from]move: Metronome|[miss]
|-miss|p1a: Munchlax|p2a: Mesprit
|
|upkeep
|turn|22
|
|t:|1643370566
|move|p2a: Mesprit|Metronome|p2a: Mesprit
|move|p2a: Mesprit|Fake Tears|p1a: Munchlax|[from]move: Metronome
|-unboost|p1a: Munchlax|spd|2
|move|p1a: Munchlax|Metronome|p1a: Munchlax
|move|p1a: Munchlax|Growl|p2a: Mesprit|[from]move: Metronome
|-unboost|p2a: Mesprit|atk|1
|
|upkeep
|turn|23
|
|t:|1643370572
|move|p2a: Mesprit|Metronome|p2a: Mesprit
|move|p2a: Mesprit|Leaf Tornado|p1a: Munchlax|[from]move: Metronome
|-damage|p1a: Munchlax|27/100
|-unboost|p1a: Munchlax|accuracy|1
|move|p1a: Munchlax|Metronome|p1a: Munchlax
|move|p1a: Munchlax|Charm|p2a: Mesprit|[from]move: Metronome|[miss]
|-miss|p1a: Munchlax|p2a: Mesprit
|
|upkeep
|turn|24
|
|t:|1643370580
|move|p2a: Mesprit|Metronome|p2a: Mesprit
|move|p2a: Mesprit|Shadow Punch|p1a: Munchlax|[from]move: Metronome
|-immune|p1a: Munchlax
|move|p1a: Munchlax|Metronome|p1a: Munchlax
|move|p1a: Munchlax|Aeroblast|p2a: Mesprit|[from]move: Metronome
|-damage|p2a: Mesprit|0 fnt
|faint|p2a: Mesprit
|
|upkeep
|
|t:|1643370587
|switch|p2a: Poliwhirl|Poliwhirl, F|100/100
|turn|25
|
|t:|1643370589
|move|p2a: Poliwhirl|Metronome|p2a: Poliwhirl
|move|p2a: Poliwhirl|Icy Wind|p1a: Munchlax|[from]move: Metronome
|-damage|p1a: Munchlax|22/100
|-unboost|p1a: Munchlax|spe|1
|move|p1a: Munchlax|Metronome|p1a: Munchlax
|move|p1a: Munchlax|Sacred Fire|p2a: Poliwhirl|[from]move: Metronome
|-resisted|p2a: Poliwhirl
|-crit|p2a: Poliwhirl
|-damage|p2a: Poliwhirl|67/100
|-status|p2a: Poliwhirl|brn
|
|-damage|p2a: Poliwhirl|61/100 brn|[from] brn
|upkeep
|turn|26
|
|t:|1643370601
|move|p2a: Poliwhirl|Metronome|p2a: Poliwhirl
|move|p2a: Poliwhirl|Hydro Pump|p1a: Munchlax|[from]move: Metronome
|-damage|p1a: Munchlax|0 fnt
|faint|p1a: Munchlax
|
|-damage|p2a: Poliwhirl|54/100 brn|[from] brn
|upkeep
|
|t:|1643370608
|switch|p1a: Grimmsnarl|Grimmsnarl, M|100/100
|turn|27
|
|t:|1643370611
|move|p1a: Grimmsnarl|Metronome|p1a: Grimmsnarl
|move|p1a: Grimmsnarl|Power Trick|p1a: Grimmsnarl|[from]move: Metronome
|-start|p1a: Grimmsnarl|Power Trick
|move|p2a: Poliwhirl|Metronome|p2a: Poliwhirl
|move|p2a: Poliwhirl|Storm Throw|p1a: Grimmsnarl|[from]move: Metronome
|-crit|p1a: Grimmsnarl
|-damage|p1a: Grimmsnarl|95/100
|
|-damage|p2a: Poliwhirl|48/100 brn|[from] brn
|upkeep
|turn|28
|
|t:|1643370619
|move|p1a: Grimmsnarl|Metronome|p1a: Grimmsnarl
|move|p1a: Grimmsnarl|Avalanche|p2a: Poliwhirl|[from]move: Metronome
|-resisted|p2a: Poliwhirl
|-damage|p2a: Poliwhirl|39/100 brn
|move|p2a: Poliwhirl|Metronome|p2a: Poliwhirl
|move|p2a: Poliwhirl|Aqua Tail|p1a: Grimmsnarl|[from]move: Metronome
|-damage|p1a: Grimmsnarl|87/100
|
|-damage|p2a: Poliwhirl|33/100 brn|[from] brn
|upkeep
|turn|29
|
|t:|1643370628
|move|p1a: Grimmsnarl|Metronome|p1a: Grimmsnarl
|move|p1a: Grimmsnarl|Circle Throw|p2a: Poliwhirl|[from]move: Metronome
|-damage|p2a: Poliwhirl|15/100 brn
|drag|p2a: Alakazam|Alakazam, M|100/100
|
|upkeep
|turn|30
|
|t:|1643370635
|move|p1a: Grimmsnarl|Metronome|p1a: Grimmsnarl
|move|p1a: Grimmsnarl|Earth Power|p2a: Alakazam|[from]move: Metronome
|-crit|p2a: Alakazam
|-damage|p2a: Alakazam|60/100
|move|p2a: Alakazam|Metronome|p2a: Alakazam
|move|p2a: Alakazam|Stealth Rock|p1a: Grimmsnarl|[from]move: Metronome
|-sidestart|p1: swordsman.n|move: Stealth Rock
|
|upkeep
|turn|31
|
|t:|1643370641
|move|p1a: Grimmsnarl|Metronome|p1a: Grimmsnarl
|move|p1a: Grimmsnarl|Sludge Bomb|p2a: Alakazam|[from]move: Metronome
|-damage|p2a: Alakazam|33/100
|move|p2a: Alakazam|Metronome|p2a: Alakazam
|move|p2a: Alakazam|Fire Fang|p1a: Grimmsnarl|[from]move: Metronome
|-damage|p1a: Grimmsnarl|80/100
|
|upkeep
|turn|32
|
|t:|1643370648
|move|p1a: Grimmsnarl|Metronome|p1a: Grimmsnarl
|move|p1a: Grimmsnarl|Power Swap|p2a: Alakazam|[from]move: Metronome
|-swapboost|p1a: Grimmsnarl|p2a: Alakazam|atk, spa|[from] move: Power Swap
|move|p2a: Alakazam|Metronome|p2a: Alakazam
|move|p2a: Alakazam|Safeguard|p2a: Alakazam|[from]move: Metronome
|-sidestart|p2: vusty fans3|Safeguard
|
|upkeep
|turn|33
|
|t:|1643370654
|move|p1a: Grimmsnarl|Metronome|p1a: Grimmsnarl
|move|p1a: Grimmsnarl|First Impression||[from]move: Metronome|[still]
|-hint|First Impression only works on your first turn out.
|-fail|p1a: Grimmsnarl
|move|p2a: Alakazam|Metronome|p2a: Alakazam
|move|p2a: Alakazam|Grassy Glide|p1a: Grimmsnarl|[from]move: Metronome
|-damage|p1a: Grimmsnarl|72/100
|
|upkeep
|turn|34
|
|t:|1643370662
|move|p1a: Grimmsnarl|Metronome|p1a: Grimmsnarl
|move|p1a: Grimmsnarl|Lock-On|p2a: Alakazam|[from]move: Metronome
|-activate|p1a: Grimmsnarl|move: Lock-On|[of] p2a: Alakazam
|move|p2a: Alakazam|Metronome|p2a: Alakazam
|move|p2a: Alakazam|Fiery Dance|p1a: Grimmsnarl|[from]move: Metronome
|-damage|p1a: Grimmsnarl|22/100
|-boost|p2a: Alakazam|spa|1
|
|upkeep
|turn|35
|
|t:|1643370669
|move|p1a: Grimmsnarl|Metronome|p1a: Grimmsnarl
|move|p1a: Grimmsnarl|Tar Shot|p2a: Alakazam|[from]move: Metronome
|-unboost|p2a: Alakazam|spe|1
|-start|p2a: Alakazam|Tar Shot
|move|p2a: Alakazam|Metronome|p2a: Alakazam
|move|p2a: Alakazam|Iron Head|p1a: Grimmsnarl|[from]move: Metronome
|-supereffective|p1a: Grimmsnarl
|-damage|p1a: Grimmsnarl|4/100
|
|upkeep
|turn|36
|
|t:|1643370676
|move|p1a: Grimmsnarl|Metronome|p1a: Grimmsnarl
|move|p1a: Grimmsnarl|Baton Pass|p1a: Grimmsnarl|[from]move: Metronome
|
|t:|1643370680
|switch|p1a: Magmortar|Magmortar, M|100/100|[from]move: Baton Pass
|-damage|p1a: Magmortar|76/100|[from] Stealth Rock
|move|p2a: Alakazam|Metronome|p2a: Alakazam
|move|p2a: Alakazam|Ally Switch||[from]move: Metronome|[still]
|-fail|p2a: Alakazam
|
|-sideend|p2: vusty fans3|Safeguard
|upkeep
|turn|37
|
|t:|1643370687
|move|p1a: Magmortar|Metronome|p1a: Magmortar
|move|p1a: Magmortar|Headbutt|p2a: Alakazam|[from]move: Metronome
|-damage|p2a: Alakazam|12/100
|cant|p2a: Alakazam|flinch
|
|upkeep
|turn|38
|c|☆vusty fans3|卧槽
|
|t:|1643370697
|move|p1a: Magmortar|Metronome|p1a: Magmortar
|move|p1a: Magmortar|Energy Ball|p2a: Alakazam|[from]move: Metronome
|-damage|p2a: Alakazam|0 fnt
|faint|p2a: Alakazam
|
|upkeep
|
|t:|1643370702
|switch|p2a: Poliwhirl|Poliwhirl, F|15/100 brn
|turn|39
|
|t:|1643370704
|move|p2a: Poliwhirl|Metronome|p2a: Poliwhirl
|move|p2a: Poliwhirl|Sweet Kiss|p1a: Magmortar|[from]move: Metronome
|-start|p1a: Magmortar|confusion
|-activate|p1a: Magmortar|confusion
|-damage|p1a: Magmortar|69/100|[from] confusion
|
|-damage|p2a: Poliwhirl|9/100 brn|[from] brn
|upkeep
|turn|40
|
|t:|1643370711
|move|p2a: Poliwhirl|Metronome|p2a: Poliwhirl
|move|p2a: Poliwhirl|Aqua Jet|p1a: Magmortar|[from]move: Metronome
|-supereffective|p1a: Magmortar
|-damage|p1a: Magmortar|55/100
|-activate|p1a: Magmortar|confusion
|move|p1a: Magmortar|Metronome|p1a: Magmortar
|move|p1a: Magmortar|Speed Swap|p2a: Poliwhirl|[from]move: Metronome
|-activate|p1a: Magmortar|move: Speed Swap|[of] p2a: Poliwhirl
|
|-damage|p2a: Poliwhirl|3/100 brn|[from] brn
|upkeep
|turn|41
|
|t:|1643370720
|-activate|p1a: Magmortar|confusion
|move|p1a: Magmortar|Metronome|p1a: Magmortar
|move|p1a: Magmortar|Brutal Swing|p2a: Poliwhirl|[from]move: Metronome
|-damage|p2a: Poliwhirl|0 fnt
|faint|p2a: Poliwhirl
|
|upkeep
|
|t:|1643370727
|switch|p2a: Magmar|Magmar, M|100/100
|turn|42
|
|t:|1643370729
|move|p2a: Magmar|Metronome|p2a: Magmar
|move|p2a: Magmar|Night Daze|p1a: Magmortar|[from]move: Metronome
|-damage|p1a: Magmortar|27/100
|-end|p1a: Magmortar|confusion
|move|p1a: Magmortar|Metronome|p1a: Magmortar
|move|p1a: Magmortar|Hail|p1a: Magmortar|[from]move: Metronome
|-weather|Hail
|
|-weather|Hail|[upkeep]
|-damage|p2a: Magmar|94/100|[from] Hail
|-damage|p1a: Magmortar|21/100|[from] Hail
|upkeep
|turn|43
|
|t:|1643370738
|move|p2a: Magmar|Metronome|p2a: Magmar
|move|p2a: Magmar|Poison Powder|p1a: Magmortar|[from]move: Metronome
|-status|p1a: Magmortar|psn
|move|p1a: Magmortar|Metronome|p1a: Magmortar
|move|p1a: Magmortar|Wish|p1a: Magmortar|[from]move: Metronome
|
|-weather|Hail|[upkeep]
|-damage|p2a: Magmar|88/100|[from] Hail
|-damage|p1a: Magmortar|15/100 psn|[from] Hail
|-damage|p1a: Magmortar|2/100 psn|[from] psn
|upkeep
|turn|44
|
|t:|1643370746
|move|p2a: Magmar|Metronome|p2a: Magmar
|move|p2a: Magmar|Coaching|null|[from]move: Metronome|[notarget]
|-fail|p2a: Magmar
|move|p1a: Magmortar|Metronome|p1a: Magmortar
|move|p1a: Magmortar|Water Gun|p2a: Magmar|[from]move: Metronome
|-supereffective|p2a: Magmar
|-damage|p2a: Magmar|53/100
|
|-weather|Hail|[upkeep]
|-damage|p2a: Magmar|47/100|[from] Hail
|-damage|p1a: Magmortar|0 fnt|[from] Hail
|faint|p1a: Magmortar
|upkeep
|
|t:|1643370757
|switch|p1a: Diancie|Diancie|100/100
|-damage|p1a: Diancie|88/100|[from] Stealth Rock
|turn|45
|
|t:|1643370761
|move|p2a: Magmar|Metronome|p2a: Magmar
|move|p2a: Magmar|Crabhammer|p1a: Diancie|[from]move: Metronome
|-supereffective|p1a: Diancie
|-damage|p1a: Diancie|56/100
|move|p1a: Diancie|Metronome|p1a: Diancie
|move|p1a: Diancie|Guillotine|p2a: Magmar|[from]move: Metronome
|-damage|p2a: Magmar|0 fnt
|faint|p2a: Magmar
|-ohko
|
|-weather|Hail|[upkeep]
|-damage|p1a: Diancie|50/100|[from] Hail
|upkeep
|c|☆swordsman.n|！
|c|☆vusty fans3|卧槽
|c|☆vusty fans3|有毒
|
|t:|1643370778
|switch|p2a: Electabuzz|Electabuzz, F|100/100
|turn|46
|
|t:|1643370781
|move|p2a: Electabuzz|Metronome|p2a: Electabuzz
|move|p2a: Electabuzz|Avalanche|p1a: Diancie|[from]move: Metronome
|-damage|p1a: Diancie|40/100
|move|p1a: Diancie|Metronome|p1a: Diancie
|move|p1a: Diancie|Acupressure|p1a: Diancie|[from]move: Metronome
|-boost|p1a: Diancie|atk|2
|
|-weather|none
|upkeep
|turn|47
|
|t:|1643370788
|move|p2a: Electabuzz|Metronome|p2a: Electabuzz
|move|p2a: Electabuzz|Bug Buzz|p1a: Diancie|[from]move: Metronome
|-resisted|p1a: Diancie
|-damage|p1a: Diancie|30/100
|move|p1a: Diancie|Metronome|p1a: Diancie
|move|p1a: Diancie|Hyper Beam|p2a: Electabuzz|[from]move: Metronome
|-damage|p2a: Electabuzz|68/100
|-mustrecharge|p1a: Diancie
|
|upkeep
|turn|48
|c|☆vusty fans3|我有点慌了
|
|t:|1643370795
|move|p2a: Electabuzz|Metronome|p2a: Electabuzz
|move|p2a: Electabuzz|Drill Peck|p1a: Diancie|[from]move: Metronome
|-resisted|p1a: Diancie
|-damage|p1a: Diancie|23/100
|cant|p1a: Diancie|recharge
|
|upkeep
|turn|49
|
|t:|1643370800
|move|p2a: Electabuzz|Metronome|p2a: Electabuzz
|move|p2a: Electabuzz|Sacred Fire|p1a: Diancie|[from]move: Metronome
|-resisted|p1a: Diancie
|-damage|p1a: Diancie|15/100
|-status|p1a: Diancie|brn
|move|p1a: Diancie|Metronome|p1a: Diancie
|move|p1a: Diancie|Superpower|p2a: Electabuzz|[from]move: Metronome
|-damage|p2a: Electabuzz|34/100
|-unboost|p1a: Diancie|atk|1
|-unboost|p1a: Diancie|def|1
|
|-damage|p1a: Diancie|9/100 brn|[from] brn
|upkeep
|turn|50
|
|t:|1643370814
|move|p2a: Electabuzz|Metronome|p2a: Electabuzz
|move|p2a: Electabuzz|Poison Gas||[from]move: Metronome|[still]
|-fail|p2a: Electabuzz
|move|p1a: Diancie|Metronome|p1a: Diancie
|move|p1a: Diancie|Megahorn|p2a: Electabuzz|[from]move: Metronome
|-damage|p2a: Electabuzz|11/100
|
|-damage|p1a: Diancie|3/100 brn|[from] brn
|upkeep
|turn|51
|c|☆swordsman.n|冲！
|c|☆vusty fans3|决一胜负了
|
|t:|1643370828
|move|p2a: Electabuzz|Metronome|p2a: Electabuzz
|move|p2a: Electabuzz|Wonder Room|p2a: Electabuzz|[from]move: Metronome
|-fieldstart|move: Wonder Room|[of] p2a: Electabuzz
|move|p1a: Diancie|Metronome|p1a: Diancie
|move|p1a: Diancie|Freeze-Dry|p2a: Electabuzz|[from]move: Metronome
|-damage|p2a: Electabuzz|0 fnt
|faint|p2a: Electabuzz
|
|win|swordsman.n
|c|☆vusty fans3|草
|c|☆swordsman.n|！！！！！
