|j|☆lunan0713
|j|☆Swordsman.N
|t:|1618020201
|gametype|singles
|player|p1|lunan0713|winona|
|player|p2|Swordsman.N|caitlin|
|teamsize|p1|6
|teamsize|p2|6
|gen|8
|tier|[Gen 8] OU
|clearpoke
|poke|p1|Tyranitar, F|
|poke|p1|Excadrill, M|
|poke|p1|Dracozolt|
|poke|p1|Buzzwole|
|poke|p1|Toxapex, M|
|poke|p1|Moltres|
|poke|p2|Dracozolt|
|poke|p2|Hippowdon, M|
|poke|p2|Tornadus-Therian, M|
|poke|p2|Excadrill, F|
|poke|p2|Tapu Koko|
|poke|p2|Ferrothorn, M|
|rule|Sleep Clause Mod: Limit one foe put to sleep
|rule|Species Clause: Limit one of each Pokémon
|rule|OHKO Clause: OHKO moves are banned
|rule|Evasion Moves Clause: Evasion moves are banned
|rule|Endless Battle Clause: Forcing endless battles is banned
|rule|HP Percentage Mod: HP is shown in percentages
|rule|Dynamax Clause: You cannot dynamax
|teampreview
|
|t:|1618020229
|start
|switch|p1a: Tyranitar|Tyranitar, F|100/100
|switch|p2a: Tapu Koko|Tapu Koko|100/100
|-fieldstart|move: Electric Terrain|[from] ability: Electric Surge|[of] p2a: Tapu Koko
|-weather|Sandstorm|[from] ability: Sand Stream|[of] p1a: Tyranitar
|turn|1
|
|t:|1618020246
|move|p2a: Tapu Koko|U-turn|p1a: Tyranitar
|-supereffective|p1a: Tyranitar
|-damage|p1a: Tyranitar|77/100
|
|t:|1618020257
|switch|p2a: Hippowdon|Hippowdon, M|100/100|[from]move: U-turn
|move|p1a: Tyranitar|Stealth Rock|p2a: Hippowdon
|-sidestart|p2: Swordsman.N|move: Stealth Rock
|
|-weather|Sandstorm|[upkeep]
|upkeep
|turn|2
|
|t:|1618020265
|move|p1a: Tyranitar|Toxic|p2a: Hippowdon
|-status|p2a: Hippowdon|tox
|move|p2a: Hippowdon|Stealth Rock|p1a: Tyranitar
|-sidestart|p1: lunan0713|move: Stealth Rock
|
|-weather|Sandstorm|[upkeep]
|-damage|p2a: Hippowdon|94/100 tox|[from] psn
|upkeep
|turn|3
|
|t:|1618020276
|switch|p1a: Moltres|Moltres|100/100
|move|p2a: Hippowdon|Toxic|p1a: Moltres
|-status|p1a: Moltres|tox
|
|-weather|Sandstorm|[upkeep]
|-damage|p1a: Moltres|94/100 tox|[from] Sandstorm
|-heal|p2a: Hippowdon|100/100 tox|[from] item: Leftovers
|-damage|p1a: Moltres|88/100 tox|[from] psn
|-damage|p2a: Hippowdon|88/100 tox|[from] psn
|upkeep
|turn|4
|
|t:|1618020300
|switch|p2a: Tornadus|Tornadus-Therian, M|100/100
|move|p1a: Moltres|Mystical Fire|p2a: Tornadus
|-damage|p2a: Tornadus|66/100
|-unboost|p2a: Tornadus|spa|1
|
|-weather|Sandstorm|[upkeep]
|-damage|p2a: Tornadus|60/100|[from] Sandstorm
|-damage|p1a: Moltres|82/100 tox|[from] Sandstorm
|-damage|p1a: Moltres|70/100 tox|[from] psn
|upkeep
|turn|5
|
|t:|1618020310
|switch|p1a: Toxapex|Toxapex, M|100/100
|-damage|p1a: Toxapex|88/100|[from] Stealth Rock
|move|p2a: Tornadus|Knock Off|p1a: Toxapex
|-damage|p1a: Toxapex|73/100
|-enditem|p1a: Toxapex|Eject Button|[from] move: Knock Off|[of] p2a: Tornadus
|
|-weather|Sandstorm|[upkeep]
|-damage|p2a: Tornadus|54/100|[from] Sandstorm
|-damage|p1a: Toxapex|67/100|[from] Sandstorm
|-fieldend|move: Electric Terrain
|upkeep
|turn|6
|
|t:|1618020330
|move|p2a: Tornadus|U-turn|p1a: Toxapex
|-resisted|p1a: Toxapex
|-damage|p1a: Toxapex|62/100
|
|t:|1618020333
|switch|p2a: Ferrothorn|Ferrothorn, M|100/100|[from]move: U-turn
|-damage|p2a: Ferrothorn|94/100|[from] Stealth Rock
|move|p1a: Toxapex|Knock Off|p2a: Ferrothorn
|-damage|p2a: Ferrothorn|83/100
|-damage|p1a: Toxapex|50/100|[from] ability: Iron Barbs|[of] p2a: Ferrothorn
|-enditem|p2a: Ferrothorn|Leftovers|[from] move: Knock Off|[of] p1a: Toxapex
|
|-weather|Sandstorm|[upkeep]
|-damage|p1a: Toxapex|44/100|[from] Sandstorm
|upkeep
|turn|7
|
|t:|1618020346
|move|p1a: Toxapex|Recover|p1a: Toxapex
|-heal|p1a: Toxapex|94/100
|move|p2a: Ferrothorn|Spikes|p1a: Toxapex
|-sidestart|p1: lunan0713|Spikes
|
|-weather|Sandstorm|[upkeep]
|-damage|p1a: Toxapex|88/100|[from] Sandstorm
|upkeep
|turn|8
|
|t:|1618020353
|move|p1a: Toxapex|Toxic Spikes|p2a: Ferrothorn
|-sidestart|p2: Swordsman.N|move: Toxic Spikes
|move|p2a: Ferrothorn|Knock Off|p1a: Toxapex
|-damage|p1a: Toxapex|78/100
|
|-weather|none
|upkeep
|turn|9
|
|t:|1618020360
|move|p1a: Toxapex|Toxic Spikes|p2a: Ferrothorn
|-sidestart|p2: Swordsman.N|move: Toxic Spikes
|move|p2a: Ferrothorn|Leech Seed|p1a: Toxapex
|-start|p1a: Toxapex|move: Leech Seed
|
|-damage|p1a: Toxapex|66/100|[from] Leech Seed|[of] p2a: Ferrothorn
|-heal|p2a: Ferrothorn|94/100|[silent]
|upkeep
|turn|10
|
|t:|1618020373
|move|p1a: Toxapex|Knock Off|p2a: Ferrothorn
|-damage|p2a: Ferrothorn|87/100
|-damage|p1a: Toxapex|53/100|[from] ability: Iron Barbs|[of] p2a: Ferrothorn
|move|p2a: Ferrothorn|Knock Off|p1a: Toxapex
|-damage|p1a: Toxapex|43/100
|
|-damage|p1a: Toxapex|31/100|[from] Leech Seed|[of] p2a: Ferrothorn
|-heal|p2a: Ferrothorn|97/100|[silent]
|upkeep
|turn|11
|
|t:|1618020381
|move|p1a: Toxapex|Recover|p1a: Toxapex
|-heal|p1a: Toxapex|81/100
|move|p2a: Ferrothorn|Knock Off|p1a: Toxapex
|-damage|p1a: Toxapex|71/100
|
|-damage|p1a: Toxapex|59/100|[from] Leech Seed|[of] p2a: Ferrothorn
|-heal|p2a: Ferrothorn|100/100|[silent]
|upkeep
|turn|12
|
|t:|1618020392
|switch|p1a: Buzzwole|Buzzwole|100/100
|-damage|p1a: Buzzwole|88/100|[from] Spikes
|-damage|p1a: Buzzwole|76/100|[from] Stealth Rock
|move|p2a: Ferrothorn|Leech Seed|p1a: Buzzwole
|-start|p1a: Buzzwole|move: Leech Seed
|
|-damage|p1a: Buzzwole|63/100|[from] Leech Seed|[of] p2a: Ferrothorn
|upkeep
|turn|13
|
|t:|1618020424
|move|p2a: Ferrothorn|Protect|p2a: Ferrothorn
|-singleturn|p2a: Ferrothorn|Protect
|move|p1a: Buzzwole|Roost|p1a: Buzzwole
|-heal|p1a: Buzzwole|100/100
|-singleturn|p1a: Buzzwole|move: Roost
|
|-damage|p1a: Buzzwole|88/100|[from] Leech Seed|[of] p2a: Ferrothorn
|upkeep
|turn|14
|
|t:|1618020440
|switch|p2a: Tapu Koko|Tapu Koko|100/100
|-fieldstart|move: Electric Terrain|[from] ability: Electric Surge|[of] p2a: Tapu Koko
|move|p1a: Buzzwole|Ice Punch|p2a: Tapu Koko
|-damage|p2a: Tapu Koko|69/100
|
|-damage|p1a: Buzzwole|76/100|[from] Leech Seed|[of] p2a: Tapu Koko
|-heal|p2a: Tapu Koko|87/100|[silent]
|upkeep
|turn|15
|
|t:|1618020490
|switch|p1a: Tyranitar|Tyranitar, F|77/100
|-damage|p1a: Tyranitar|65/100|[from] Spikes
|-damage|p1a: Tyranitar|52/100|[from] Stealth Rock
|-weather|Sandstorm|[from] ability: Sand Stream|[of] p1a: Tyranitar
|move|p2a: Tapu Koko|U-turn|p1a: Tyranitar
|-supereffective|p1a: Tyranitar
|-damage|p1a: Tyranitar|26/100
|
|t:|1618020499
|switch|p2a: Excadrill|Excadrill, F|100/100|[from]move: U-turn
|-damage|p2a: Excadrill|97/100|[from] Stealth Rock
|
|-weather|Sandstorm|[upkeep]
|-heal|p2a: Excadrill|100/100|[from] item: Leftovers
|upkeep
|turn|16
|
|t:|1618020507
|switch|p1a: Buzzwole|Buzzwole|76/100
|-damage|p1a: Buzzwole|63/100|[from] Spikes
|-damage|p1a: Buzzwole|51/100|[from] Stealth Rock
|move|p2a: Excadrill|Rapid Spin|p1a: Buzzwole
|-damage|p1a: Buzzwole|42/100
|-boost|p2a: Excadrill|spe|1
|-damage|p2a: Excadrill|84/100|[from] item: Rocky Helmet|[of] p1a: Buzzwole
|-sideend|p2: Swordsman.N|Toxic Spikes|[from] move: Rapid Spin|[of] p2a: Excadrill
|-sideend|p2: Swordsman.N|Stealth Rock|[from] move: Rapid Spin|[of] p2a: Excadrill
|
|-weather|Sandstorm|[upkeep]
|-damage|p1a: Buzzwole|35/100|[from] Sandstorm
|-heal|p2a: Excadrill|90/100|[from] item: Leftovers
|upkeep
|turn|17
|
|t:|1618020521
|switch|p2a: Tornadus|Tornadus-Therian, M|87/100
|move|p1a: Buzzwole|Roost|p1a: Buzzwole
|-heal|p1a: Buzzwole|85/100
|-singleturn|p1a: Buzzwole|move: Roost
|
|-weather|Sandstorm|[upkeep]
|-damage|p2a: Tornadus|81/100|[from] Sandstorm
|-damage|p1a: Buzzwole|79/100|[from] Sandstorm
|upkeep
|turn|18
|
|t:|1618020544
|switch|p1a: Tyranitar|Tyranitar, F|26/100
|-damage|p1a: Tyranitar|14/100|[from] Stealth Rock
|-damage|p1a: Tyranitar|1/100|[from] Spikes
|move|p2a: Tornadus|U-turn|p1a: Tyranitar
|-supereffective|p1a: Tyranitar
|-damage|p1a: Tyranitar|0 fnt
|faint|p1a: Tyranitar
|
|t:|1618020563
|switch|p2a: Hippowdon|Hippowdon, M|88/100 tox|[from]move: U-turn
|
|-weather|Sandstorm|[upkeep]
|-heal|p2a: Hippowdon|94/100 tox|[from] item: Leftovers
|-damage|p2a: Hippowdon|88/100 tox|[from] psn
|-fieldend|move: Electric Terrain
|upkeep
|
|t:|1618020570
|switch|p1a: Moltres|Moltres|70/100 tox
|turn|19
|
|t:|1618020579
|switch|p2a: Dracozolt|Dracozolt|100/100
|move|p1a: Moltres|Defog|p2a: Dracozolt
|-unboost|p2a: Dracozolt|evasion|1
|-sideend|p1: lunan0713|Spikes|[from] move: Defog|[of] p1a: Moltres
|-sideend|p1: lunan0713|Stealth Rock|[from] move: Defog|[of] p1a: Moltres
|
|-weather|Sandstorm|[upkeep]
|-damage|p1a: Moltres|64/100 tox|[from] Sandstorm
|-damage|p1a: Moltres|58/100 tox|[from] psn
|upkeep
|turn|20
|
|t:|1618020601
|move|p2a: Dracozolt|Substitute|p2a: Dracozolt
|-start|p2a: Dracozolt|Substitute
|-damage|p2a: Dracozolt|76/100
|move|p1a: Moltres|Scorching Sands|p2a: Dracozolt
|-supereffective|p2a: Dracozolt
|-end|p2a: Dracozolt|Substitute
|
|-weather|Sandstorm|[upkeep]
|-damage|p1a: Moltres|52/100 tox|[from] Sandstorm
|-heal|p2a: Dracozolt|82/100|[from] item: Leftovers
|-damage|p1a: Moltres|40/100 tox|[from] psn
|upkeep
|turn|21
|
|t:|1618020631
|move|p2a: Dracozolt|Substitute|p2a: Dracozolt
|-start|p2a: Dracozolt|Substitute
|-damage|p2a: Dracozolt|57/100
|move|p1a: Moltres|Scorching Sands|p2a: Dracozolt
|-supereffective|p2a: Dracozolt
|-end|p2a: Dracozolt|Substitute
|
|-weather|Sandstorm|[upkeep]
|-damage|p1a: Moltres|34/100 tox|[from] Sandstorm
|-heal|p2a: Dracozolt|63/100|[from] item: Leftovers
|-damage|p1a: Moltres|16/100 tox|[from] psn
|upkeep
|turn|22
|
|t:|1618020647
|move|p2a: Dracozolt|Substitute|p2a: Dracozolt
|-start|p2a: Dracozolt|Substitute
|-damage|p2a: Dracozolt|38/100
|move|p1a: Moltres|Scorching Sands|p2a: Dracozolt
|-supereffective|p2a: Dracozolt
|-end|p2a: Dracozolt|Substitute
|
|-weather|none
|-heal|p2a: Dracozolt|44/100|[from] item: Leftovers
|-damage|p1a: Moltres|0 fnt|[from] psn
|faint|p1a: Moltres
|upkeep
|
|t:|1618020656
|switch|p1a: Excadrill|Excadrill, M|100/100
|-item|p1a: Excadrill|Air Balloon
|turn|23
|j| ZzzzzzzzL
|
|t:|1618020672
|move|p1a: Excadrill|Swords Dance|p1a: Excadrill
|-boost|p1a: Excadrill|atk|2
|move|p2a: Dracozolt|Fire Spin|p1a: Excadrill
|-supereffective|p1a: Excadrill
|-damage|p1a: Excadrill|80/100
|-activate|p1a: Excadrill|move: Fire Spin|[of] p2a: Dracozolt
|-enditem|p1a: Excadrill|Air Balloon
|
|-heal|p2a: Dracozolt|51/100|[from] item: Leftovers
|-damage|p1a: Excadrill|68/100|[from] move: Fire Spin|[partiallytrapped]
|upkeep
|turn|24
|
|t:|1618020689
|move|p1a: Excadrill|Rapid Spin|p2a: Dracozolt
|-damage|p2a: Dracozolt|8/100
|-boost|p1a: Excadrill|spe|1
|-end|p1a: Excadrill|Fire Spin|[partiallytrapped]
|move|p2a: Dracozolt|Draco Meteor|p1a: Excadrill|[miss]
|-miss|p2a: Dracozolt|p1a: Excadrill
|
|-heal|p2a: Dracozolt|15/100|[from] item: Leftovers
|upkeep
|turn|25
|
|t:|1618020709
|move|p1a: Excadrill|Earthquake|p2a: Dracozolt
|-supereffective|p2a: Dracozolt
|-damage|p2a: Dracozolt|0 fnt
|faint|p2a: Dracozolt
|
|upkeep
|
|t:|1618020713
|switch|p2a: Hippowdon|Hippowdon, M|88/100 tox
|-weather|Sandstorm|[from] ability: Sand Stream|[of] p2a: Hippowdon
|turn|26
|
|t:|1618020724
|move|p1a: Excadrill|Iron Head|p2a: Hippowdon
|-damage|p2a: Hippowdon|34/100 tox
|move|p2a: Hippowdon|Earthquake|p1a: Excadrill
|-supereffective|p1a: Excadrill
|-damage|p1a: Excadrill|0 fnt
|faint|p1a: Excadrill
|
|-weather|Sandstorm|[upkeep]
|-heal|p2a: Hippowdon|40/100 tox|[from] item: Leftovers
|-damage|p2a: Hippowdon|34/100 tox|[from] psn
|upkeep
|
|t:|1618020734
|switch|p1a: Dracozolt|Dracozolt|100/100
|turn|27
|l| ZzzzzzzzL
|
|t:|1618020747
|switch|p2a: Ferrothorn|Ferrothorn, M|100/100
|move|p1a: Dracozolt|Draco Meteor|p2a: Ferrothorn
|-resisted|p2a: Ferrothorn
|-damage|p2a: Ferrothorn|82/100
|-unboost|p1a: Dracozolt|spa|2
|-damage|p1a: Dracozolt|91/100|[from] item: Life Orb
|
|-weather|Sandstorm|[upkeep]
|upkeep
|turn|28
|
|t:|1618020764
|switch|p1a: Buzzwole|Buzzwole|79/100
|move|p2a: Ferrothorn|Leech Seed|p1a: Buzzwole
|-start|p1a: Buzzwole|move: Leech Seed
|
|-weather|Sandstorm|[upkeep]
|-damage|p1a: Buzzwole|73/100|[from] Sandstorm
|-damage|p1a: Buzzwole|60/100|[from] Leech Seed|[of] p2a: Ferrothorn
|-heal|p2a: Ferrothorn|97/100|[silent]
|upkeep
|turn|29
|
|t:|1618020775
|switch|p1a: Dracozolt|Dracozolt|91/100
|move|p2a: Ferrothorn|Knock Off|p1a: Dracozolt
|-crit|p1a: Dracozolt
|-damage|p1a: Dracozolt|52/100
|-enditem|p1a: Dracozolt|Life Orb|[from] move: Knock Off|[of] p2a: Ferrothorn
|
|-weather|Sandstorm|[upkeep]
|upkeep
|turn|30
|j| July Leaves
|
|t:|1618020794
|switch|p2a: Hippowdon|Hippowdon, M|34/100 tox
|move|p1a: Dracozolt|Fire Blast|p2a: Hippowdon
|-damage|p2a: Hippowdon|15/100 tox
|
|-weather|none
|-heal|p2a: Hippowdon|21/100 tox|[from] item: Leftovers
|-damage|p2a: Hippowdon|15/100 tox|[from] psn
|upkeep
|turn|31
|
|t:|1618020805
|move|p1a: Dracozolt|Fire Blast|p2a: Hippowdon
|-damage|p2a: Hippowdon|0 fnt
|faint|p2a: Hippowdon
|
|upkeep
|
|t:|1618020809
|switch|p2a: Tapu Koko|Tapu Koko|87/100
|-fieldstart|move: Electric Terrain|[from] ability: Electric Surge|[of] p2a: Tapu Koko
|turn|32
|
|t:|1618020817
|move|p2a: Tapu Koko|Dazzling Gleam|p1a: Dracozolt
|-supereffective|p1a: Dracozolt
|-damage|p1a: Dracozolt|0 fnt
|faint|p1a: Dracozolt
|
|upkeep
|
|t:|1618020822
|switch|p1a: Buzzwole|Buzzwole|60/100
|turn|33
|
|t:|1618020825
|move|p2a: Tapu Koko|Dazzling Gleam|p1a: Buzzwole
|-supereffective|p1a: Buzzwole
|-damage|p1a: Buzzwole|0 fnt
|faint|p1a: Buzzwole
|
|upkeep
|
|t:|1618020830
|switch|p1a: Toxapex|Toxapex, M|92/100
|turn|34
|
|t:|1618020835
|move|p2a: Tapu Koko|Thunderbolt|p1a: Toxapex
|-supereffective|p1a: Toxapex
|-damage|p1a: Toxapex|22/100
|move|p1a: Toxapex|Scald|p2a: Tapu Koko
|-damage|p2a: Tapu Koko|66/100
|-status|p2a: Tapu Koko|brn
|
|-damage|p2a: Tapu Koko|60/100 brn|[from] brn
|upkeep
|turn|35
|
|t:|1618020844
|move|p2a: Tapu Koko|Thunderbolt|p1a: Toxapex
|-supereffective|p1a: Toxapex
|-damage|p1a: Toxapex|0 fnt
|faint|p1a: Toxapex
|
|win|Swordsman.N
