|j|☆jaqwsedrftg
|j|☆Shootingwolf
|t:|1617078209
|player|p1|jaqwsedrftg|102|
|player|p2|Shootingwolf|169|
|teamsize|p1|6
|teamsize|p2|6
|gametype|singles
|gen|8
|tier|[Gen 8] OU
|clearpoke
|poke|p1|Pelipper, M|
|poke|p1|Swampert, F|
|poke|p1|Urshifu-*, F|
|poke|p1|Barraskewda, F|
|poke|p1|Tornadus-Therian, M|
|poke|p1|Ferrothorn, M|
|poke|p2|Kyurem|
|poke|p2|Keldeo-Resolute|
|poke|p2|Landorus-Therian, M|
|poke|p2|Bisharp, F|
|poke|p2|Dragapult, F|
|poke|p2|Clefable, M|
|rule|Sleep Clause Mod: Limit one foe put to sleep
|rule|Species Clause: Limit one of each Pokémon
|rule|OHKO Clause: OHKO moves are banned
|rule|Evasion Moves Clause: Evasion moves are banned
|rule|Endless Battle Clause: Forcing endless battles is banned
|rule|HP Percentage Mod: HP is shown in percentages
|rule|Dynamax Clause: You cannot dynamax
|teampreview
|inactive|Battle timer is ON: inactive players will automatically lose when time's up. (requested by Shootingwolf)
|
|t:|1617078263
|start
|switch|p1a: Urshifu|Urshifu-Rapid-Strike, F|100/100
|switch|p2a: Keldeo|Keldeo-Resolute|100/100
|turn|1
|inactive|jaqwsedrftg has 270 seconds left.
|j| liuicer
|
|t:|1617078302
|switch|p2a: Landorus|Landorus-Therian, M|100/100
|-ability|p2a: Landorus|Intimidate|boost
|-unboost|p1a: Urshifu|atk|1
|switch|p1a: Pelipper|Pelipper, M|100/100
|-weather|RainDance|[from] ability: Drizzle|[of] p1a: Pelipper
|
|-weather|RainDance|[upkeep]
|upkeep
|turn|2
|inactive|jaqwsedrftg has 270 seconds left.
|j| July Leaves
|
|t:|1617078321
|move|p2a: Landorus|Stealth Rock|p1a: Pelipper
|-sidestart|p1: jaqwsedrftg|move: Stealth Rock
|move|p1a: Pelipper|Scald|p2a: Landorus
|-supereffective|p2a: Landorus
|-damage|p2a: Landorus|5/100
|
|-weather|RainDance|[upkeep]
|upkeep
|turn|3
|inactive|jaqwsedrftg has 240 seconds left.
|
|t:|1617078365
|move|p2a: Landorus|Explosion|p1a: Pelipper
|-damage|p1a: Pelipper|40/100
|faint|p2a: Landorus
|move|p1a: Pelipper|Hurricane|p2: Landorus|[notarget]
|-fail|p1a: Pelipper
|
|-weather|RainDance|[upkeep]
|upkeep
|
|t:|1617078376
|switch|p2a: Bisharp|Bisharp, F|100/100
|turn|4
|inactive|jaqwsedrftg has 240 seconds left.
|
|t:|1617078383
|switch|p1a: Urshifu|Urshifu-Rapid-Strike, F|100/100
|-damage|p1a: Urshifu|94/100|[from] Stealth Rock
|move|p2a: Bisharp|Knock Off|p1a: Urshifu
|-resisted|p1a: Urshifu
|-damage|p1a: Urshifu|56/100
|-enditem|p1a: Urshifu|Choice Band|[from] move: Knock Off|[of] p2a: Bisharp
|-damage|p2a: Bisharp|91/100|[from] item: Life Orb
|
|-weather|RainDance|[upkeep]
|upkeep
|turn|5
|inactive|jaqwsedrftg has 240 seconds left.
|
|t:|1617078406
|move|p2a: Bisharp|Sucker Punch|p1a: Urshifu
|-resisted|p1a: Urshifu
|-damage|p1a: Urshifu|33/100
|-damage|p2a: Bisharp|81/100|[from] item: Life Orb
|move|p1a: Urshifu|Surging Strikes|p2a: Bisharp
|-crit|p2a: Bisharp
|-damage|p2a: Bisharp|44/100
|-crit|p2a: Bisharp
|-damage|p2a: Bisharp|7/100
|-crit|p2a: Bisharp
|-damage|p2a: Bisharp|0 fnt
|-hitcount|p2a: Bisharp|3
|faint|p2a: Bisharp
|
|-weather|none
|upkeep
|j| sdlkfmkldsc
|
|t:|1617078419
|switch|p2a: Keldeo|Keldeo-Resolute|100/100
|turn|6
|inactive|jaqwsedrftg has 240 seconds left.
|
|t:|1617078439
|switch|p1a: Tornadus|Tornadus-Therian, M|100/100
|move|p2a: Keldeo|Hydro Pump|p1a: Tornadus
|-damage|p1a: Tornadus|39/100
|
|upkeep
|turn|7
|
|t:|1617078453
|move|p2a: Keldeo|Hydro Pump|p1a: Tornadus
|-damage|p1a: Tornadus|0 fnt
|faint|p1a: Tornadus
|
|upkeep
|
|t:|1617078461
|switch|p1a: Ferrothorn|Ferrothorn, M|100/100
|-damage|p1a: Ferrothorn|94/100|[from] Stealth Rock
|turn|8
|
|t:|1617078467
|switch|p2a: Clefable|Clefable, M|100/100
|move|p1a: Ferrothorn|Stealth Rock|p2a: Clefable
|-sidestart|p2: Shootingwolf|move: Stealth Rock
|
|-heal|p1a: Ferrothorn|100/100|[from] item: Leftovers
|upkeep
|turn|9
|inactive|jaqwsedrftg has 240 seconds left.
|
|t:|1617078475
|move|p2a: Clefable|Protect|p2a: Clefable
|-singleturn|p2a: Clefable|Protect
|move|p1a: Ferrothorn|Spikes|p2a: Clefable
|-sidestart|p2: Shootingwolf|Spikes
|
|upkeep
|turn|10
|
|t:|1617078480
|move|p1a: Ferrothorn|Spikes|p2a: Clefable
|-sidestart|p2: Shootingwolf|Spikes
|move|p2a: Clefable|Teleport|p2a: Clefable
|
|t:|1617078482
|switch|p2a: Keldeo|Keldeo-Resolute|100/100|[from]move: Teleport
|-damage|p2a: Keldeo|84/100|[from] Spikes
|-damage|p2a: Keldeo|78/100|[from] Stealth Rock
|
|upkeep
|turn|11
|
|t:|1617078500
|switch|p1a: Swampert|Swampert, F|100/100
|-damage|p1a: Swampert|94/100|[from] Stealth Rock
|move|p2a: Keldeo|Secret Sword|p1a: Swampert
|-damage|p1a: Swampert|36/100
|
|-heal|p1a: Swampert|43/100|[from] item: Leftovers
|upkeep
|turn|12
|
|t:|1617078515
|move|p2a: Keldeo|Secret Sword|p1a: Swampert
|-damage|p1a: Swampert|0 fnt
|faint|p1a: Swampert
|
|upkeep
|
|t:|1617078518
|switch|p1a: Pelipper|Pelipper, M|40/100
|-weather|RainDance|[from] ability: Drizzle|[of] p1a: Pelipper
|turn|13
|
|t:|1617078526
|switch|p2a: Clefable|Clefable, M|100/100
|move|p1a: Pelipper|Roost|p1a: Pelipper
|-heal|p1a: Pelipper|90/100
|-singleturn|p1a: Pelipper|move: Roost
|
|-weather|RainDance|[upkeep]
|upkeep
|turn|14
|
|t:|1617078546
|switch|p1a: Ferrothorn|Ferrothorn, M|100/100
|-damage|p1a: Ferrothorn|94/100|[from] Stealth Rock
|move|p2a: Clefable|Wish|p2a: Clefable
|
|-weather|RainDance|[upkeep]
|-heal|p1a: Ferrothorn|100/100|[from] item: Leftovers
|upkeep
|turn|15
|
|t:|1617078559
|move|p1a: Ferrothorn|Spikes|p2a: Clefable
|-sidestart|p2: Shootingwolf|Spikes
|move|p2a: Clefable|Teleport|p2a: Clefable
|
|t:|1617078563
|switch|p2a: Keldeo|Keldeo-Resolute|78/100|[from]move: Teleport
|-damage|p2a: Keldeo|72/100|[from] Stealth Rock
|-damage|p2a: Keldeo|47/100|[from] Spikes
|
|-weather|RainDance|[upkeep]
|-heal|p2a: Keldeo|100/100|[from] move: Wish|[wisher] Clefable
|upkeep
|turn|16
|
|t:|1617078572
|move|p2a: Keldeo|Secret Sword|p1a: Ferrothorn
|-supereffective|p1a: Ferrothorn
|-damage|p1a: Ferrothorn|14/100
|move|p1a: Ferrothorn|Knock Off|p2a: Keldeo
|-resisted|p2a: Keldeo
|-damage|p2a: Keldeo|89/100
|-ability|p2a: Keldeo|Justified|boost
|-boost|p2a: Keldeo|atk|1
|-enditem|p2a: Keldeo|Choice Specs|[from] move: Knock Off|[of] p1a: Ferrothorn
|
|-weather|RainDance|[upkeep]
|-heal|p1a: Ferrothorn|20/100|[from] item: Leftovers
|upkeep
|turn|17
|
|t:|1617078583
|switch|p1a: Pelipper|Pelipper, M|90/100
|move|p2a: Keldeo|Hydro Pump|p1a: Pelipper|[miss]
|-miss|p2a: Keldeo|p1a: Pelipper
|
|-weather|none
|upkeep
|turn|18
|
|t:|1617078601
|switch|p2a: Clefable|Clefable, M|100/100
|move|p1a: Pelipper|Hurricane|p2a: Clefable|[miss]
|-miss|p1a: Pelipper|p2a: Clefable
|
|upkeep
|turn|19
|inactive|jaqwsedrftg has 270 seconds left.
|
|t:|1617078607
|switch|p1a: Ferrothorn|Ferrothorn, M|20/100
|-damage|p1a: Ferrothorn|14/100|[from] Stealth Rock
|move|p2a: Clefable|Teleport|p2a: Clefable
|
|t:|1617078610
|switch|p2a: Kyurem|Kyurem|100/100|[from]move: Teleport
|-ability|p2a: Kyurem|Pressure
|
|-heal|p1a: Ferrothorn|20/100|[from] item: Leftovers
|upkeep
|turn|20
|
|t:|1617078615
|move|p2a: Kyurem|Freeze-Dry|p1a: Ferrothorn
|-damage|p1a: Ferrothorn|0 fnt
|faint|p1a: Ferrothorn
|
|upkeep
|
|t:|1617078618
|switch|p1a: Urshifu|Urshifu-Rapid-Strike, F|33/100
|-damage|p1a: Urshifu|27/100|[from] Stealth Rock
|turn|21
|
|t:|1617078647
|switch|p2a: Clefable|Clefable, M|100/100
|move|p1a: Urshifu|Close Combat|p2a: Clefable
|-resisted|p2a: Clefable
|-damage|p2a: Clefable|62/100
|-unboost|p1a: Urshifu|def|1
|-unboost|p1a: Urshifu|spd|1
|
|-heal|p2a: Clefable|69/100|[from] item: Leftovers
|upkeep
|turn|22
|
|t:|1617078655
|move|p1a: Urshifu|Surging Strikes|p2a: Clefable
|-crit|p2a: Clefable
|-damage|p2a: Clefable|46/100
|-crit|p2a: Clefable
|-damage|p2a: Clefable|23/100
|-crit|p2a: Clefable
|-damage|p2a: Clefable|0 fnt
|-hitcount|p2a: Clefable|3
|faint|p2a: Clefable
|
|upkeep
|
|t:|1617078664
|switch|p2a: Dragapult|Dragapult, F|100/100
|-damage|p2a: Dragapult|76/100|[from] Spikes
|-damage|p2a: Dragapult|63/100|[from] Stealth Rock
|turn|23
|
|t:|1617078669
|move|p1a: Urshifu|Aqua Jet|p2a: Dragapult
|-resisted|p2a: Dragapult
|-damage|p2a: Dragapult|49/100
|move|p2a: Dragapult|Dragon Dance|p2a: Dragapult
|-boost|p2a: Dragapult|atk|1
|-boost|p2a: Dragapult|spe|1
|
|upkeep
|turn|24
|
|t:|1617078677
|move|p1a: Urshifu|Aqua Jet|p2a: Dragapult
|-resisted|p2a: Dragapult
|-damage|p2a: Dragapult|34/100
|move|p2a: Dragapult|Dragon Darts|p1a: Urshifu
|-damage|p1a: Urshifu|0 fnt
|-damage|p2a: Dragapult|24/100|[from] item: Life Orb
|faint|p1a: Urshifu
|
|upkeep
|
|t:|1617078680
|switch|p1a: Pelipper|Pelipper, M|90/100
|-weather|RainDance|[from] ability: Drizzle|[of] p1a: Pelipper
|turn|25
|
|t:|1617078687
|move|p2a: Dragapult|Dragon Darts|p1a: Pelipper
|-damage|p1a: Pelipper|53/100
|-anim|p2a: Dragapult|Dragon Darts|p1a: Pelipper
|-damage|p1a: Pelipper|9/100
|-damage|p2a: Dragapult|15/100|[from] item: Life Orb
|move|p1a: Pelipper|Hurricane|p2a: Dragapult
|-damage|p2a: Dragapult|0 fnt
|faint|p2a: Dragapult
|
|-weather|RainDance|[upkeep]
|upkeep
|
|t:|1617078694
|switch|p2a: Kyurem|Kyurem|100/100
|-ability|p2a: Kyurem|Pressure
|turn|26
|
|t:|1617078701
|move|p2a: Kyurem|Freeze-Dry|p1a: Pelipper
|-supereffective|p1a: Pelipper
|-damage|p1a: Pelipper|0 fnt
|faint|p1a: Pelipper
|
|-weather|RainDance|[upkeep]
|upkeep
|
|t:|1617078706
|switch|p1a: Barraskewda|Barraskewda, F|100/100
|-damage|p1a: Barraskewda|88/100|[from] Stealth Rock
|turn|27
|
|t:|1617078711
|move|p1a: Barraskewda|Close Combat|p2a: Kyurem
|-supereffective|p2a: Kyurem
|-damage|p2a: Kyurem|0 fnt
|-unboost|p1a: Barraskewda|def|1
|-unboost|p1a: Barraskewda|spd|1
|-damage|p1a: Barraskewda|78/100|[from] item: Life Orb
|faint|p2a: Kyurem
|
|-weather|RainDance|[upkeep]
|upkeep
|
|t:|1617078713
|switch|p2a: Keldeo|Keldeo-Resolute|89/100
|-damage|p2a: Keldeo|64/100|[from] Spikes
|-damage|p2a: Keldeo|58/100|[from] Stealth Rock
|turn|28
|
|t:|1617078721
|move|p1a: Barraskewda|Psychic Fangs|p2a: Keldeo
|-supereffective|p2a: Keldeo
|-damage|p2a: Keldeo|0 fnt
|-damage|p1a: Barraskewda|68/100|[from] item: Life Orb
|faint|p2a: Keldeo
|
|win|jaqwsedrftg
