|uhtml|report-battle|<b>将对战链接公开到:</b> <button class="button" name="send" value="/reportto skypillar">Sky Pillar</button><button class="button" name="send" value="/reportto shinx">Shinx</button>
|j|☆zerodragon123
|j|☆AlIoutdragadarts
|inactive|Battle timer is ON: inactive players will automatically lose when time's up.
|t:|1659688474
|gametype|singles
|player|p1|zerodragon123|zerodragon123.jpg|
|player|p2|AlIoutdragadarts|dawn|
|teamsize|p1|6
|teamsize|p2|6
|gen|8
|tier|[Gen 8] OU
|rated|Tournament battle
|rule|Sleep Clause Mod: Limit one foe put to sleep
|rule|Species Clause: Limit one of each Pokémon
|rule|OHKO Clause: OHKO moves are banned
|rule|Evasion Moves Clause: Evasion moves are banned
|rule|Endless Battle Clause: Forcing endless battles is banned
|rule|HP Percentage Mod: HP is shown in percentages
|rule|Dynamax Clause: You cannot dynamax
|clearpoke
|poke|p1|Magnezone|
|poke|p1|Garchomp, F|
|poke|p1|Landorus-Therian, M|
|poke|p1|Tapu Fini|
|poke|p1|Kartana|
|poke|p1|Tapu Lele|
|poke|p2|Pelipper, M|
|poke|p2|Volcanion|
|poke|p2|Barraskewda, M|
|poke|p2|Ferrothorn, M|
|poke|p2|Zapdos|
|poke|p2|Seismitoad, M|
|teampreview
|j| wdzkz
|
|t:|1659688486
|start
|switch|p1a: Landorus|Landorus-Therian, M|100/100
|switch|p2a: mario34 fan|Pelipper, M, shiny|100/100
|-ability|p1a: Landorus|Intimidate|boost
|-unboost|p2a: mario34 fan|atk|1
|-weather|RainDance|[from] ability: Drizzle|[of] p2a: mario34 fan
|turn|1
|
|t:|1659688490
|move|p1a: Landorus|Stealth Rock|p2a: mario34 fan
|-sidestart|p2: AlIoutdragadarts|move: Stealth Rock
|move|p2a: mario34 fan|U-turn|p1a: Landorus
|-resisted|p1a: Landorus
|-damage|p1a: Landorus|97/100
|j|♚Allen-xia
|
|t:|1659688505
|switch|p2a: toad the genious|Seismitoad, M, shiny|100/100|[from]move: U-turn
|-damage|p2a: toad the genious|95/100|[from] Stealth Rock
|
|-weather|RainDance|[upkeep]
|upkeep
|turn|2
|j| cbz123
|
|t:|1659688527
|switch|p1a: Tapu Fini|Tapu Fini|100/100
|-fieldstart|move: Misty Terrain|[from] ability: Misty Surge|[of] p1a: Tapu Fini
|move|p2a: toad the genious|Weather Ball|p1a: Tapu Fini
|-resisted|p1a: Tapu Fini
|-damage|p1a: Tapu Fini|71/100
|-damage|p2a: toad the genious|85/100|[from] item: Life Orb
|
|-weather|RainDance|[upkeep]
|-heal|p1a: Tapu Fini|77/100|[from] item: Leftovers
|upkeep
|turn|3
|
|t:|1659688551
|move|p2a: toad the genious|Earth Power|p1a: Tapu Fini
|-damage|p1a: Tapu Fini|38/100
|-damage|p2a: toad the genious|75/100|[from] item: Life Orb
|move|p1a: Tapu Fini|Scald|p2a: toad the genious
|-damage|p2a: toad the genious|27/100
|
|-weather|RainDance|[upkeep]
|-heal|p1a: Tapu Fini|44/100|[from] item: Leftovers
|upkeep
|turn|4
|
|t:|1659688570
|move|p2a: toad the genious|Power Whip|p1a: Tapu Fini
|-supereffective|p1a: Tapu Fini
|-crit|p1a: Tapu Fini
|-damage|p1a: Tapu Fini|0 fnt
|faint|p1a: Tapu Fini
|-damage|p2a: toad the genious|17/100|[from] item: Life Orb
|
|-weather|RainDance|[upkeep]
|upkeep
|
|t:|1659688576
|switch|p1a: Kartana|Kartana|100/100
|turn|5
|
|t:|1659688596
|move|p1a: Kartana|Knock Off|p2a: toad the genious
|-damage|p2a: toad the genious|0 fnt
|-enditem|p2a: toad the genious|Life Orb|[from] move: Knock Off|[of] p1a: Kartana
|faint|p2a: toad the genious
|-ability|p1a: Kartana|Beast Boost|boost
|-boost|p1a: Kartana|atk|1
|
|-weather|RainDance|[upkeep]
|upkeep
|
|t:|1659688603
|switch|p2a: morbillion volts|Zapdos, shiny|100/100
|turn|6
|j| ivehadenoughshit
|inactive|zerodragon123 has 120 seconds left.
|
|t:|1659688661
|switch|p1a: Magnezone|Magnezone|100/100
|move|p2a: morbillion volts|Hurricane|p1a: Magnezone
|-resisted|p1a: Magnezone
|-damage|p1a: Magnezone|83/100
|
|-weather|RainDance|[upkeep]
|-fieldend|Misty Terrain
|upkeep
|turn|7
|
|t:|1659688667
|move|p2a: morbillion volts|Weather Ball|p1a: Magnezone
|-damage|p1a: Magnezone|21/100
|move|p1a: Magnezone|Thunderbolt|p2a: morbillion volts
|-damage|p2a: morbillion volts|54/100
|
|-weather|RainDance|[upkeep]
|upkeep
|turn|8
|j| igiegie
|inactive|zerodragon123 has 90 seconds left.
|
|t:|1659688697
|move|p2a: morbillion volts|Weather Ball|p1a: Magnezone
|-damage|p1a: Magnezone|0 fnt
|faint|p1a: Magnezone
|
|-weather|none
|upkeep
|
|t:|1659688704
|switch|p1a: Tapu Lele|Tapu Lele|100/100
|-fieldstart|move: Psychic Terrain|[from] ability: Psychic Surge|[of] p1a: Tapu Lele
|turn|9
|
|t:|1659688714
|switch|p2a: 99+ tinder matches|Ferrothorn, M, shiny|100/100
|-damage|p2a: 99+ tinder matches|94/100|[from] Stealth Rock
|move|p1a: Tapu Lele|Calm Mind|p1a: Tapu Lele
|-boost|p1a: Tapu Lele|spa|1
|-boost|p1a: Tapu Lele|spd|1
|
|upkeep
|turn|10
|
|t:|1659688720
|switch|p2a: mario34 fan|Pelipper, M, shiny|100/100
|-damage|p2a: mario34 fan|76/100|[from] Stealth Rock
|-weather|RainDance|[from] ability: Drizzle|[of] p2a: mario34 fan
|move|p1a: Tapu Lele|Focus Blast|p2a: mario34 fan|[miss]
|-miss|p1a: Tapu Lele|p2a: mario34 fan
|
|-weather|RainDance|[upkeep]
|upkeep
|turn|11
|
|t:|1659688723
|switch|p2a: 99+ tinder matches|Ferrothorn, M, shiny|94/100
|-damage|p2a: 99+ tinder matches|88/100|[from] Stealth Rock
|move|p1a: Tapu Lele|Psyshock|p2a: 99+ tinder matches
|-resisted|p2a: 99+ tinder matches
|-damage|p2a: 99+ tinder matches|58/100
|-enditem|p2a: 99+ tinder matches|Eject Button
|-damage|p1a: Tapu Lele|91/100|[from] item: Life Orb
|
|t:|1659688727
|switch|p2a: potchans underbite|Barraskewda, M, shiny|100/100
|-damage|p2a: potchans underbite|88/100|[from] Stealth Rock
|
|-weather|RainDance|[upkeep]
|upkeep
|turn|12
|
|t:|1659688732
|move|p2a: potchans underbite|Liquidation|p1a: Tapu Lele
|-damage|p1a: Tapu Lele|0 fnt
|faint|p1a: Tapu Lele
|
|-weather|RainDance|[upkeep]
|upkeep
|inactive|zerodragon123 has 120 seconds left.
|
|t:|1659688737
|switch|p1a: Kartana|Kartana|100/100
|turn|13
|inactive|AlIoutdragadarts has 120 seconds left.
|
|t:|1659688777
|switch|p2a: ezra mi(redacted)|Volcanion|100/100
|-damage|p2a: ezra mi(redacted)|76/100|[from] Stealth Rock
|move|p1a: Kartana|Knock Off|p2a: ezra mi(redacted)
|-damage|p2a: ezra mi(redacted)|35/100
|-enditem|p2a: ezra mi(redacted)|Choice Specs|[from] move: Knock Off|[of] p1a: Kartana
|
|-weather|RainDance|[upkeep]
|-fieldend|move: Psychic Terrain
|upkeep
|turn|14
|inactive|AlIoutdragadarts has 120 seconds left.
|j| cqnb
|inactive|zerodragon123 has 120 seconds left.
|
|t:|1659688794
|switch|p1a: Landorus|Landorus-Therian, M|97/100
|-ability|p1a: Landorus|Intimidate|boost
|-unboost|p2a: ezra mi(redacted)|atk|1
|move|p2a: ezra mi(redacted)|Steam Eruption|p1a: Landorus
|-supereffective|p1a: Landorus
|-damage|p1a: Landorus|0 fnt
|faint|p1a: Landorus
|
|-weather|RainDance|[upkeep]
|upkeep
|
|t:|1659688796
|switch|p1a: Garchomp|Garchomp, F|100/100
|turn|15
|inactive|AlIoutdragadarts has 120 seconds left.
|
|t:|1659688829
|move|p1a: Garchomp|Earthquake|p2a: ezra mi(redacted)
|-supereffective|p2a: ezra mi(redacted)
|-damage|p2a: ezra mi(redacted)|0 fnt
|faint|p2a: ezra mi(redacted)
|
|-weather|RainDance|[upkeep]
|upkeep
|
|t:|1659688832
|switch|p2a: potchans underbite|Barraskewda, M, shiny|88/100
|-damage|p2a: potchans underbite|76/100|[from] Stealth Rock
|turn|16
|
|t:|1659688842
|move|p2a: potchans underbite|Liquidation|p1a: Garchomp
|-damage|p1a: Garchomp|0 fnt
|-damage|p2a: potchans underbite|64/100|[from] ability: Rough Skin|[of] p1a: Garchomp
|faint|p1a: Garchomp
|
|-weather|RainDance|[upkeep]
|upkeep
|
|t:|1659688845
|switch|p1a: Kartana|Kartana|100/100
|turn|17
|
|t:|1659688851
|switch|p2a: 99+ tinder matches|Ferrothorn, M, shiny|58/100
|-damage|p2a: 99+ tinder matches|51/100|[from] Stealth Rock
|move|p1a: Kartana|Knock Off|p2a: 99+ tinder matches
|-damage|p2a: 99+ tinder matches|36/100
|-damage|p1a: Kartana|88/100|[from] ability: Iron Barbs|[of] p2a: 99+ tinder matches
|
|-weather|none
|upkeep
|turn|18
|-message|zerodragon123 forfeited.
|
|win|AlIoutdragadarts
|n|☆zerodragon123|zerodragon123
|n|☆AlIoutdragadarts|alioutdragadarts
|n| wdzkz|wdzkz
|n|♚Allen-xia|allenxia
|n| cbz123|cbz123
|n| ivehadenoughshit|ivehadenoughshit
|n| igiegie|igiegie
|n| cqnb|cqnb
