|j|☆Swordsman.N
|j|☆syelza
|t:|1618049159
|gametype|singles
|player|p1|Swordsman.N|249|
|player|p2|syelza|pokemonrangerf-gen4|
|teamsize|p1|6
|teamsize|p2|6
|gen|8
|tier|[Gen 8] OU
|clearpoke
|poke|p1|Heatran, M|
|poke|p1|Landorus-Therian, M|
|poke|p1|Slowking, F|
|poke|p1|Weavile, F|
|poke|p1|Corviknight, F|
|poke|p1|Zeraora|
|poke|p2|Pelipper, F|
|poke|p2|Barraskewda, M|
|poke|p2|Tornadus-Therian, M|
|poke|p2|Ferrothorn, M|
|poke|p2|Seismitoad, F|
|poke|p2|Tapu Koko|
|rule|Sleep Clause Mod: Limit one foe put to sleep
|rule|Species Clause: Limit one of each Pokémon
|rule|OHKO Clause: OHKO moves are banned
|rule|Evasion Moves Clause: Evasion moves are banned
|rule|Endless Battle Clause: Forcing endless battles is banned
|rule|HP Percentage Mod: HP is shown in percentages
|rule|Dynamax Clause: You cannot dynamax
|teampreview
|j| SvvordsnnaM
|
|t:|1618049177
|start
|switch|p1a: Weavile|Weavile, F|100/100
|switch|p2a: Pelipper|Pelipper, F|100/100
|-ability|p1a: Weavile|Pressure
|-weather|RainDance|[from] ability: Drizzle|[of] p2a: Pelipper
|turn|1
|
|t:|1618049186
|move|p1a: Weavile|Knock Off|p2a: Pelipper
|-damage|p2a: Pelipper|67/100
|-enditem|p2a: Pelipper|Damp Rock|[from] move: Knock Off|[of] p1a: Weavile
|move|p2a: Pelipper|U-turn|p1a: Weavile
|-supereffective|p1a: Weavile
|-damage|p1a: Weavile|73/100
|
|t:|1618049196
|switch|p2a: Barraskewda|Barraskewda, M|100/100|[from]move: U-turn
|
|-weather|RainDance|[upkeep]
|upkeep
|turn|2
|
|t:|1618049209
|switch|p1a: Slowking|Slowking, F|100/100
|move|p2a: Barraskewda|Flip Turn|p1a: Slowking
|-resisted|p1a: Slowking
|-crit|p1a: Slowking
|-damage|p1a: Slowking|44/100
|
|t:|1618049215
|switch|p2a: Tapu Koko|Tapu Koko|100/100|[from]move: Flip Turn
|-fieldstart|move: Electric Terrain|[from] ability: Electric Surge|[of] p2a: Tapu Koko
|
|-weather|RainDance|[upkeep]
|upkeep
|turn|3
|
|t:|1618049224
|switch|p1a: Landorus|Landorus-Therian, M|100/100
|-ability|p1a: Landorus|Intimidate|boost
|-unboost|p2a: Tapu Koko|atk|1
|move|p2a: Tapu Koko|U-turn|p1a: Landorus
|-resisted|p1a: Landorus
|-damage|p1a: Landorus|94/100
|
|t:|1618049229
|switch|p2a: Barraskewda|Barraskewda, M|100/100|[from]move: U-turn
|
|-weather|RainDance|[upkeep]
|upkeep
|turn|4
|
|t:|1618049247
|switch|p1a: Corviknight|Corviknight, F|100/100
|-ability|p1a: Corviknight|Pressure
|move|p2a: Barraskewda|Liquidation|p1a: Corviknight
|-damage|p1a: Corviknight|36/100
|-damage|p2a: Barraskewda|84/100|[from] item: Rocky Helmet|[of] p1a: Corviknight
|
|-weather|RainDance|[upkeep]
|upkeep
|turn|5
|
|t:|1618049278
|switch|p1a: Slowking|Slowking, F|77/100
|move|p2a: Barraskewda|Liquidation|p1a: Slowking
|-resisted|p1a: Slowking
|-damage|p1a: Slowking|28/100
|
|-weather|RainDance|[upkeep]
|upkeep
|turn|6
|
|t:|1618049294
|switch|p1a: Corviknight|Corviknight, F|36/100
|-ability|p1a: Corviknight|Pressure
|move|p2a: Barraskewda|Liquidation|p1a: Corviknight
|-damage|p1a: Corviknight|0 fnt
|-damage|p2a: Barraskewda|68/100|[from] item: Rocky Helmet|[of] p1a: Corviknight
|faint|p1a: Corviknight
|
|-weather|RainDance|[upkeep]
|-fieldend|move: Electric Terrain
|upkeep
|l| SvvordsnnaM
|
|t:|1618049303
|switch|p1a: Slowking|Slowking, F|62/100
|turn|7
|
|t:|1618049307
|switch|p2a: Ferrothorn|Ferrothorn, M|100/100
|move|p1a: Slowking|Slack Off|p1a: Slowking
|-heal|p1a: Slowking|100/100
|
|-weather|RainDance|[upkeep]
|upkeep
|turn|8
|j| SvvordsnnaM
|
|t:|1618049316
|move|p1a: Slowking|Future Sight|p2a: Ferrothorn
|-start|p1a: Slowking|move: Future Sight
|move|p2a: Ferrothorn|Knock Off|p1a: Slowking
|-supereffective|p1a: Slowking
|-damage|p1a: Slowking|58/100
|-enditem|p1a: Slowking|Heavy-Duty Boots|[from] move: Knock Off|[of] p2a: Ferrothorn
|
|-weather|none
|upkeep
|turn|9
|
|t:|1618049324
|switch|p1a: Heatran|Heatran, M|100/100
|move|p2a: Ferrothorn|Leech Seed|p1a: Heatran
|-start|p1a: Heatran|move: Leech Seed
|
|-damage|p1a: Heatran|88/100|[from] Leech Seed|[of] p2a: Ferrothorn
|upkeep
|turn|10
|
|t:|1618049332
|switch|p2a: Pelipper|Pelipper, F|67/100
|-weather|RainDance|[from] ability: Drizzle|[of] p2a: Pelipper
|move|p1a: Heatran|Stealth Rock|p2a: Pelipper
|-sidestart|p2: syelza|move: Stealth Rock
|
|-weather|RainDance|[upkeep]
|-end|p2a: Pelipper|move: Future Sight
|-damage|p2a: Pelipper|11/100
|-heal|p1a: Heatran|94/100|[from] item: Leftovers
|-damage|p1a: Heatran|82/100|[from] Leech Seed|[of] p2a: Pelipper
|-heal|p2a: Pelipper|26/100|[silent]
|upkeep
|turn|11
|
|t:|1618049345
|move|p1a: Heatran|Toxic|p2a: Pelipper
|-status|p2a: Pelipper|tox
|move|p2a: Pelipper|Defog|p1a: Heatran
|-unboost|p1a: Heatran|evasion|1
|-sideend|p2: syelza|Stealth Rock|[from] move: Defog|[of] p2a: Pelipper
|
|-weather|RainDance|[upkeep]
|-heal|p1a: Heatran|88/100|[from] item: Leftovers
|-damage|p1a: Heatran|76/100|[from] Leech Seed|[of] p2a: Pelipper
|-heal|p2a: Pelipper|40/100 tox|[silent]
|-damage|p2a: Pelipper|34/100 tox|[from] psn
|upkeep
|turn|12
|
|t:|1618049356
|switch|p2a: Seismitoad|Seismitoad, F|100/100
|move|p1a: Heatran|Stealth Rock|p2a: Seismitoad
|-sidestart|p2: syelza|move: Stealth Rock
|
|-weather|RainDance|[upkeep]
|-heal|p1a: Heatran|82/100|[from] item: Leftovers
|-damage|p1a: Heatran|69/100|[from] Leech Seed|[of] p2a: Seismitoad
|upkeep
|turn|13
|
|t:|1618049372
|switch|p1a: Slowking|Slowking, F|91/100
|move|p2a: Seismitoad|Stealth Rock|p1a: Slowking
|-sidestart|p1: Swordsman.N|move: Stealth Rock
|
|-weather|RainDance|[upkeep]
|upkeep
|turn|14
|
|t:|1618049389
|switch|p2a: Tornadus|Tornadus-Therian, M|100/100
|move|p1a: Slowking|Teleport|p1a: Slowking
|
|t:|1618049393
|switch|p1a: Zeraora|Zeraora|100/100|[from]move: Teleport
|-damage|p1a: Zeraora|88/100|[from] Stealth Rock
|
|-weather|none
|-heal|p1a: Zeraora|94/100|[from] item: Leftovers
|upkeep
|turn|15
|
|t:|1618049400
|switch|p2a: Ferrothorn|Ferrothorn, M|100/100
|-damage|p2a: Ferrothorn|94/100|[from] Stealth Rock
|move|p1a: Zeraora|Knock Off|p2a: Ferrothorn
|-damage|p2a: Ferrothorn|71/100
|-damage|p1a: Zeraora|82/100|[from] ability: Iron Barbs|[of] p2a: Ferrothorn
|-enditem|p2a: Ferrothorn|Leftovers|[from] move: Knock Off|[of] p1a: Zeraora
|
|-heal|p1a: Zeraora|88/100|[from] item: Leftovers
|upkeep
|turn|16
|
|t:|1618049410
|move|p1a: Zeraora|Close Combat|p2a: Ferrothorn
|-supereffective|p2a: Ferrothorn
|-damage|p2a: Ferrothorn|12/100
|-unboost|p1a: Zeraora|def|1
|-unboost|p1a: Zeraora|spd|1
|-damage|p1a: Zeraora|76/100|[from] ability: Iron Barbs|[of] p2a: Ferrothorn
|move|p2a: Ferrothorn|Leech Seed|p1a: Zeraora|[miss]
|-miss|p2a: Ferrothorn|p1a: Zeraora
|
|-heal|p1a: Zeraora|82/100|[from] item: Leftovers
|upkeep
|turn|17
|
|t:|1618049426
|switch|p2a: Tapu Koko|Tapu Koko|100/100
|-fieldstart|move: Electric Terrain|[from] ability: Electric Surge|[of] p2a: Tapu Koko
|move|p1a: Zeraora|Close Combat|p2a: Tapu Koko
|-resisted|p2a: Tapu Koko
|-damage|p2a: Tapu Koko|73/100
|-unboost|p1a: Zeraora|def|1
|-unboost|p1a: Zeraora|spd|1
|
|-heal|p1a: Zeraora|88/100|[from] item: Leftovers
|upkeep
|turn|18
|
|t:|1618049437
|switch|p1a: Heatran|Heatran, M|69/100
|-damage|p1a: Heatran|57/100|[from] Stealth Rock
|move|p2a: Tapu Koko|Roost|p2a: Tapu Koko
|-heal|p2a: Tapu Koko|100/100
|-singleturn|p2a: Tapu Koko|move: Roost
|
|-heal|p1a: Heatran|63/100|[from] item: Leftovers
|upkeep
|turn|19
|
|t:|1618049445
|move|p2a: Tapu Koko|U-turn|p1a: Heatran
|-resisted|p1a: Heatran
|-damage|p1a: Heatran|60/100
|
|t:|1618049450
|switch|p2a: Tornadus|Tornadus-Therian, M|100/100|[from]move: U-turn
|move|p1a: Heatran|Magma Storm|p2a: Tornadus
|-damage|p2a: Tornadus|48/100
|-activate|p2a: Tornadus|move: Magma Storm|[of] p1a: Heatran
|
|-heal|p1a: Heatran|66/100|[from] item: Leftovers
|-damage|p2a: Tornadus|36/100|[from] move: Magma Storm|[partiallytrapped]
|upkeep
|turn|20
|
|t:|1618049459
|move|p2a: Tornadus|Focus Blast|p1a: Heatran
|-supereffective|p1a: Heatran
|-damage|p1a: Heatran|17/100
|move|p1a: Heatran|Magma Storm|p2a: Tornadus
|-damage|p2a: Tornadus|0 fnt
|faint|p2a: Tornadus
|
|-heal|p1a: Heatran|23/100|[from] item: Leftovers
|upkeep
|
|t:|1618049472
|switch|p2a: Barraskewda|Barraskewda, M|68/100
|-damage|p2a: Barraskewda|56/100|[from] Stealth Rock
|turn|21
|
|t:|1618049482
|move|p2a: Barraskewda|Liquidation|p1a: Heatran
|-supereffective|p1a: Heatran
|-damage|p1a: Heatran|0 fnt
|faint|p1a: Heatran
|
|-fieldend|move: Electric Terrain
|upkeep
|
|t:|1618049488
|switch|p1a: Zeraora|Zeraora|88/100
|-damage|p1a: Zeraora|75/100|[from] Stealth Rock
|turn|22
|
|t:|1618049494
|switch|p2a: Pelipper|Pelipper, F|34/100 tox
|-damage|p2a: Pelipper|9/100 tox|[from] Stealth Rock
|-weather|RainDance|[from] ability: Drizzle|[of] p2a: Pelipper
|move|p1a: Zeraora|Knock Off|p2a: Pelipper
|-damage|p2a: Pelipper|0 fnt
|faint|p2a: Pelipper
|
|-weather|RainDance|[upkeep]
|-heal|p1a: Zeraora|81/100|[from] item: Leftovers
|upkeep
|
|t:|1618049503
|switch|p2a: Barraskewda|Barraskewda, M|56/100
|-damage|p2a: Barraskewda|43/100|[from] Stealth Rock
|turn|23
|
|t:|1618049517
|switch|p1a: Weavile|Weavile, F|73/100
|-ability|p1a: Weavile|Pressure
|move|p2a: Barraskewda|Liquidation|p1a: Weavile
|-damage|p1a: Weavile|0 fnt
|faint|p1a: Weavile
|
|-weather|RainDance|[upkeep]
|upkeep
|
|t:|1618049524
|switch|p1a: Slowking|Slowking, F|100/100
|-damage|p1a: Slowking|88/100|[from] Stealth Rock
|turn|24
|
|t:|1618049529
|move|p2a: Barraskewda|Liquidation|p1a: Slowking
|-resisted|p1a: Slowking
|-damage|p1a: Slowking|36/100
|move|p1a: Slowking|Slack Off|p1a: Slowking
|-heal|p1a: Slowking|86/100
|
|-weather|RainDance|[upkeep]
|upkeep
|turn|25
|
|t:|1618049535
|move|p2a: Barraskewda|Liquidation|p1a: Slowking
|-resisted|p1a: Slowking
|-damage|p1a: Slowking|33/100
|move|p1a: Slowking|Slack Off|p1a: Slowking
|-heal|p1a: Slowking|84/100
|
|-weather|RainDance|[upkeep]
|upkeep
|turn|26
|
|t:|1618049544
|move|p2a: Barraskewda|Liquidation|p1a: Slowking
|-resisted|p1a: Slowking
|-damage|p1a: Slowking|34/100
|move|p1a: Slowking|Teleport|p1a: Slowking
|
|t:|1618049547
|switch|p1a: Zeraora|Zeraora|81/100|[from]move: Teleport
|-damage|p1a: Zeraora|69/100|[from] Stealth Rock
|
|-weather|none
|-heal|p1a: Zeraora|75/100|[from] item: Leftovers
|upkeep
|turn|27
|
|t:|1618049557
|switch|p2a: Ferrothorn|Ferrothorn, M|12/100
|-damage|p2a: Ferrothorn|6/100|[from] Stealth Rock
|move|p1a: Zeraora|Knock Off|p2a: Ferrothorn
|-damage|p2a: Ferrothorn|0 fnt
|-damage|p1a: Zeraora|63/100|[from] ability: Iron Barbs|[of] p2a: Ferrothorn
|faint|p2a: Ferrothorn
|
|-heal|p1a: Zeraora|69/100|[from] item: Leftovers
|upkeep
|
|t:|1618049562
|switch|p2a: Seismitoad|Seismitoad, F|100/100
|-damage|p2a: Seismitoad|95/100|[from] Stealth Rock
|turn|28
|
|t:|1618049571
|switch|p1a: Landorus|Landorus-Therian, M|94/100
|-damage|p1a: Landorus|82/100|[from] Stealth Rock
|-ability|p1a: Landorus|Intimidate|boost
|-unboost|p2a: Seismitoad|atk|1
|move|p2a: Seismitoad|Earth Power|p1a: Landorus
|-immune|p1a: Landorus
|
|upkeep
|turn|29
|
|t:|1618049581
|move|p1a: Landorus|U-turn|p2a: Seismitoad
|-damage|p2a: Seismitoad|44/100
|
|t:|1618049583
|switch|p1a: Slowking|Slowking, F|67/100|[from]move: U-turn
|-damage|p1a: Slowking|55/100|[from] Stealth Rock
|move|p2a: Seismitoad|Scald|p1a: Slowking
|-resisted|p1a: Slowking
|-damage|p1a: Slowking|42/100
|-damage|p2a: Seismitoad|34/100|[from] item: Life Orb
|
|upkeep
|turn|30
|
|t:|1618049599
|move|p2a: Seismitoad|Earth Power|p1a: Slowking
|-damage|p1a: Slowking|9/100
|-damage|p2a: Seismitoad|24/100|[from] item: Life Orb
|move|p1a: Slowking|Slack Off|p1a: Slowking
|-heal|p1a: Slowking|59/100
|
|upkeep
|turn|31
|
|t:|1618049609
|move|p2a: Seismitoad|Earth Power|p1a: Slowking
|-damage|p1a: Slowking|28/100
|-damage|p2a: Seismitoad|14/100|[from] item: Life Orb
|move|p1a: Slowking|Teleport|p1a: Slowking
|
|t:|1618049615
|switch|p1a: Zeraora|Zeraora|69/100|[from]move: Teleport
|-damage|p1a: Zeraora|56/100|[from] Stealth Rock
|
|-heal|p1a: Zeraora|62/100|[from] item: Leftovers
|upkeep
|turn|32
|
|t:|1618049621
|move|p1a: Zeraora|Knock Off|p2a: Seismitoad
|-crit|p2a: Seismitoad
|-damage|p2a: Seismitoad|0 fnt
|-enditem|p2a: Seismitoad|Life Orb|[from] move: Knock Off|[of] p1a: Zeraora
|faint|p2a: Seismitoad
|
|-heal|p1a: Zeraora|68/100|[from] item: Leftovers
|upkeep
|
|t:|1618049629
|switch|p2a: Tapu Koko|Tapu Koko|100/100
|-fieldstart|move: Electric Terrain|[from] ability: Electric Surge|[of] p2a: Tapu Koko
|turn|33
|
|t:|1618049639
|switch|p1a: Slowking|Slowking, F|61/100
|-damage|p1a: Slowking|49/100|[from] Stealth Rock
|move|p2a: Tapu Koko|Dazzling Gleam|p1a: Slowking
|-damage|p1a: Slowking|27/100
|
|upkeep
|turn|34
|
|t:|1618049652
|move|p2a: Tapu Koko|U-turn|p1a: Slowking
|-supereffective|p1a: Slowking
|-damage|p1a: Slowking|0 fnt
|faint|p1a: Slowking
|
|t:|1618049654
|switch|p2a: Barraskewda|Barraskewda, M|43/100|[from]move: U-turn
|-damage|p2a: Barraskewda|31/100|[from] Stealth Rock
|
|upkeep
|
|t:|1618049659
|switch|p1a: Zeraora|Zeraora|68/100
|-damage|p1a: Zeraora|56/100|[from] Stealth Rock
|turn|35
|
|t:|1618049664
|move|p2a: Barraskewda|Aqua Jet|p1a: Zeraora
|-damage|p1a: Zeraora|8/100
|move|p1a: Zeraora|Plasma Fists|p2a: Barraskewda
|-supereffective|p2a: Barraskewda
|-damage|p2a: Barraskewda|0 fnt
|-fieldactivate|move: Ion Deluge
|faint|p2a: Barraskewda
|
|-heal|p1a: Zeraora|14/100|[from] item: Leftovers
|upkeep
|
|t:|1618049667
|switch|p2a: Tapu Koko|Tapu Koko|100/100
|turn|36
|
|t:|1618049678
|move|p1a: Zeraora|Plasma Fists|p2a: Tapu Koko
|-resisted|p2a: Tapu Koko
|-damage|p2a: Tapu Koko|60/100
|-fieldactivate|move: Ion Deluge
|move|p2a: Tapu Koko|Dazzling Gleam|p1a: Zeraora
|-damage|p1a: Zeraora|0 fnt
|faint|p1a: Zeraora
|
|upkeep
|
|t:|1618049685
|switch|p1a: Landorus|Landorus-Therian, M|82/100
|-damage|p1a: Landorus|69/100|[from] Stealth Rock
|-ability|p1a: Landorus|Intimidate|boost
|-unboost|p2a: Tapu Koko|atk|1
|turn|37
|c|☆syelza|GG
|c|☆Swordsman.N|没觉冰吧
|
|t:|1618049695
|move|p2a: Tapu Koko|Dazzling Gleam|p1a: Landorus
|-damage|p1a: Landorus|23/100
|move|p1a: Landorus|Earthquake|p2a: Tapu Koko
|-supereffective|p2a: Tapu Koko
|-damage|p2a: Tapu Koko|0 fnt
|faint|p2a: Tapu Koko
|
|win|Swordsman.N
|c|☆Swordsman.N|gg
|j| burstbean
