|uhtml|report-battle|<b>将对战链接公开到:</b> <button class="button" name="send" value="/reportto skypillar">Sky Pillar</button><button class="button" name="send" value="/reportto shinx">Shinx</button>
|j|☆xiaofengds
|j|☆maxinyuuu
|t:|1666361110
|gametype|singles
|player|p1|xiaofengds|acetrainerf-gen4dp|
|player|p2|maxinyuuu|lusamine-nihilego|
|teamsize|p1|6
|teamsize|p2|6
|gen|8
|tier|[Gen 8] OU
|rule|Sleep Clause Mod: Limit one foe put to sleep
|rule|Species Clause: Limit one of each Pokémon
|rule|OHKO Clause: OHKO moves are banned
|rule|Evasion Items Clause: Evasion items are banned
|rule|Evasion Moves Clause: Evasion moves are banned
|rule|Endless Battle Clause: Forcing endless battles is banned
|rule|HP Percentage Mod: HP is shown in percentages
|rule|Dynamax Clause: You cannot dynamax
|clearpoke
|poke|p1|Toxapex, F|
|poke|p1|Ferrothorn, M|
|poke|p1|Hippowdon, F|
|poke|p1|Blissey, F|
|poke|p1|Zapdos|
|poke|p1|Volcarona, M|
|poke|p2|Corviknight, M|
|poke|p2|Heatran, M|
|poke|p2|Kartana|
|poke|p2|Regieleki|
|poke|p2|Rotom-Wash|
|poke|p2|Excadrill, F|
|teampreview
|
|t:|1666361122
|start
|switch|p1a: Ferrothorn|Ferrothorn, M|100/100
|switch|p2a: Excadrill|Excadrill, F|100/100
|-ability|p2a: Excadrill|Mold Breaker
|turn|1
|
|t:|1666361126
|move|p2a: Excadrill|Stealth Rock|p1a: Ferrothorn
|-sidestart|p1: xiaofengds|move: Stealth Rock
|move|p1a: Ferrothorn|Leech Seed|p2a: Excadrill
|-start|p2a: Excadrill|move: Leech Seed
|
|-damage|p2a: Excadrill|88/100|[from] Leech Seed|[of] p1a: Ferrothorn
|upkeep
|turn|2
|
|t:|1666361130
|switch|p2a: Heatran|Heatran, M|100/100
|move|p1a: Ferrothorn|Spikes|p2a: Heatran
|-sidestart|p2: maxinyuuu|Spikes
|
|upkeep
|turn|3
|
|t:|1666361137
|switch|p1a: Blissey|Blissey, F|100/100
|move|p2a: Heatran|Magma Storm|p1a: Blissey|[miss]
|-miss|p2a: Heatran|p1a: Blissey
|
|upkeep
|turn|4
|
|t:|1666361140
|move|p2a: Heatran|Taunt|p1a: Blissey
|-start|p1a: Blissey|move: Taunt
|move|p1a: Blissey|Seismic Toss|p2a: Heatran
|-damage|p2a: Heatran|75/100
|
|-heal|p2a: Heatran|81/100|[from] item: Leftovers
|upkeep
|turn|5
|
|t:|1666361149
|switch|p2a: Kartana|Kartana|100/100
|-damage|p2a: Kartana|88/100|[from] Spikes
|switch|p1a: Hippowdon|Hippowdon, F|100/100
|-damage|p1a: Hippowdon|94/100|[from] Stealth Rock
|-weather|Sandstorm|[from] ability: Sand Stream|[of] p1a: Hippowdon
|
|-weather|Sandstorm|[upkeep]
|-heal|p1a: Hippowdon|100/100|[from] item: Leftovers
|upkeep
|turn|6
|
|t:|1666361165
|switch|p1a: Zapdos|Zapdos|100/100
|move|p2a: Kartana|Sacred Sword|p1a: Zapdos
|-resisted|p1a: Zapdos
|-damage|p1a: Zapdos|80/100
|
|-weather|Sandstorm|[upkeep]
|-damage|p1a: Zapdos|74/100|[from] Sandstorm
|upkeep
|turn|7
|
|t:|1666361172
|switch|p2a: Excadrill|Excadrill, F|88/100
|-damage|p2a: Excadrill|76/100|[from] Spikes
|-ability|p2a: Excadrill|Mold Breaker
|move|p1a: Zapdos|Discharge|p2a: Excadrill
|-immune|p2a: Excadrill
|
|-weather|Sandstorm|[upkeep]
|-damage|p1a: Zapdos|68/100|[from] Sandstorm
|upkeep
|turn|8
|
|t:|1666361179
|switch|p1a: Ferrothorn|Ferrothorn, M|100/100
|-damage|p1a: Ferrothorn|94/100|[from] Stealth Rock
|move|p2a: Excadrill|Rapid Spin|p1a: Ferrothorn
|-resisted|p1a: Ferrothorn
|-damage|p1a: Ferrothorn|89/100
|-boost|p2a: Excadrill|spe|1
|-damage|p2a: Excadrill|63/100|[from] ability: Iron Barbs|[of] p1a: Ferrothorn
|-sideend|p2: maxinyuuu|Spikes|[from] move: Rapid Spin|[of] p2a: Excadrill
|
|-weather|Sandstorm|[upkeep]
|-heal|p1a: Ferrothorn|95/100|[from] item: Leftovers
|upkeep
|turn|9
|
|t:|1666361185
|switch|p2a: Heatran|Heatran, M|81/100
|move|p1a: Ferrothorn|Leech Seed|p2a: Heatran
|-start|p2a: Heatran|move: Leech Seed
|
|-weather|none
|-heal|p2a: Heatran|87/100|[from] item: Leftovers
|-heal|p1a: Ferrothorn|100/100|[from] item: Leftovers
|-damage|p2a: Heatran|75/100|[from] Leech Seed|[of] p1a: Ferrothorn
|upkeep
|turn|10
|
|t:|1666361190
|switch|p2a: Kartana|Kartana|88/100
|switch|p1a: Hippowdon|Hippowdon, F|100/100
|-damage|p1a: Hippowdon|94/100|[from] Stealth Rock
|-weather|Sandstorm|[from] ability: Sand Stream|[of] p1a: Hippowdon
|
|-weather|Sandstorm|[upkeep]
|-heal|p1a: Hippowdon|100/100|[from] item: Leftovers
|upkeep
|turn|11
|
|t:|1666361193
|switch|p1a: Zapdos|Zapdos|68/100
|move|p2a: Kartana|Leaf Blade|p1a: Zapdos
|-resisted|p1a: Zapdos
|-damage|p1a: Zapdos|36/100
|
|-weather|Sandstorm|[upkeep]
|-damage|p1a: Zapdos|30/100|[from] Sandstorm
|upkeep
|turn|12
|
|t:|1666361199
|move|p2a: Kartana|Leaf Blade|p1a: Zapdos
|-resisted|p1a: Zapdos
|-crit|p1a: Zapdos
|-damage|p1a: Zapdos|0 fnt
|faint|p1a: Zapdos
|-ability|p2a: Kartana|Beast Boost|boost
|-boost|p2a: Kartana|atk|1
|
|-weather|Sandstorm|[upkeep]
|upkeep
|
|t:|1666361204
|switch|p1a: Ferrothorn|Ferrothorn, M|100/100
|-damage|p1a: Ferrothorn|94/100|[from] Stealth Rock
|turn|13
|
|t:|1666361212
|switch|p2a: Rotom|Rotom-Wash|100/100
|move|p1a: Ferrothorn|Leech Seed|p2a: Rotom|[miss]
|-miss|p1a: Ferrothorn|p2a: Rotom
|
|-weather|Sandstorm|[upkeep]
|-damage|p2a: Rotom|94/100|[from] Sandstorm
|-heal|p1a: Ferrothorn|100/100|[from] item: Leftovers
|upkeep
|turn|14
|
|t:|1666361215
|move|p2a: Rotom|Will-O-Wisp|p1a: Ferrothorn
|-status|p1a: Ferrothorn|brn
|move|p1a: Ferrothorn|Leech Seed|p2a: Rotom
|-start|p2a: Rotom|move: Leech Seed
|
|-weather|none
|-damage|p2a: Rotom|82/100|[from] Leech Seed|[of] p1a: Ferrothorn
|-damage|p1a: Ferrothorn|94/100 brn|[from] brn
|upkeep
|turn|15
|
|t:|1666361219
|move|p2a: Rotom|Volt Switch|p1a: Ferrothorn
|-resisted|p1a: Ferrothorn
|-damage|p1a: Ferrothorn|84/100 brn
|
|t:|1666361221
|switch|p2a: Heatran|Heatran, M|75/100|[from]move: Volt Switch
|move|p1a: Ferrothorn|Iron Defense|p1a: Ferrothorn
|-boost|p1a: Ferrothorn|def|2
|
|-heal|p2a: Heatran|81/100|[from] item: Leftovers
|-heal|p1a: Ferrothorn|90/100 brn|[from] item: Leftovers
|-damage|p1a: Ferrothorn|84/100 brn|[from] brn
|upkeep
|turn|16
|
|t:|1666361223
|move|p2a: Heatran|Magma Storm|p1a: Ferrothorn|[miss]
|-miss|p2a: Heatran|p1a: Ferrothorn
|move|p1a: Ferrothorn|Body Press|p2a: Heatran
|-supereffective|p2a: Heatran
|-damage|p2a: Heatran|33/100
|
|-heal|p2a: Heatran|39/100|[from] item: Leftovers
|-heal|p1a: Ferrothorn|90/100 brn|[from] item: Leftovers
|-damage|p1a: Ferrothorn|84/100 brn|[from] brn
|upkeep
|turn|17
|
|t:|1666361227
|switch|p1a: Volcarona|Volcarona, M|100/100
|move|p2a: Heatran|Magma Storm|p1a: Volcarona|[miss]
|-miss|p2a: Heatran|p1a: Volcarona
|
|-heal|p2a: Heatran|46/100|[from] item: Leftovers
|upkeep
|turn|18
|c|☆xiaofengds|sry
|c|☆maxinyuuu|。。。
|
|t:|1666361251
|move|p1a: Volcarona|Quiver Dance|p1a: Volcarona
|-boost|p1a: Volcarona|spa|1
|-boost|p1a: Volcarona|spd|1
|-boost|p1a: Volcarona|spe|1
|move|p2a: Heatran|Magma Storm|p1a: Volcarona
|-damage|p1a: Volcarona|73/100
|-activate|p1a: Volcarona|move: Magma Storm|[of] p2a: Heatran
|
|-heal|p2a: Heatran|52/100|[from] item: Leftovers
|-damage|p1a: Volcarona|61/100|[from] move: Magma Storm|[partiallytrapped]
|upkeep
|turn|19
|
|t:|1666361257
|move|p1a: Volcarona|Quiver Dance|p1a: Volcarona
|-boost|p1a: Volcarona|spa|1
|-boost|p1a: Volcarona|spd|1
|-boost|p1a: Volcarona|spe|1
|move|p2a: Heatran|Taunt|p1a: Volcarona
|-start|p1a: Volcarona|move: Taunt
|
|-heal|p2a: Heatran|58/100|[from] item: Leftovers
|-damage|p1a: Volcarona|49/100|[from] move: Magma Storm|[partiallytrapped]
|upkeep
|turn|20
|
|t:|1666361260
|move|p2a: Heatran|Protect|p2a: Heatran
|-singleturn|p2a: Heatran|Protect
|move|p1a: Volcarona|Psychic|p2a: Heatran
|-activate|p2a: Heatran|move: Protect
|
|-heal|p2a: Heatran|64/100|[from] item: Leftovers
|-damage|p1a: Volcarona|37/100|[from] move: Magma Storm|[partiallytrapped]
|upkeep
|turn|21
|
|t:|1666361263
|move|p1a: Volcarona|Psychic|p2a: Heatran
|-resisted|p2a: Heatran
|-damage|p2a: Heatran|47/100
|move|p2a: Heatran|Earth Power|p1a: Volcarona
|-damage|p1a: Volcarona|23/100
|
|-heal|p2a: Heatran|53/100|[from] item: Leftovers
|-damage|p1a: Volcarona|11/100|[from] move: Magma Storm|[partiallytrapped]
|upkeep
|turn|22
|
|t:|1666361277
|move|p2a: Heatran|Protect|p2a: Heatran
|-singleturn|p2a: Heatran|Protect
|move|p1a: Volcarona|Psychic|p2a: Heatran
|-activate|p2a: Heatran|move: Protect
|
|-heal|p2a: Heatran|59/100|[from] item: Leftovers
|-damage|p1a: Volcarona|0 fnt|[from] move: Magma Storm|[partiallytrapped]
|faint|p1a: Volcarona
|upkeep
|
|t:|1666361279
|switch|p1a: Hippowdon|Hippowdon, F|100/100
|-damage|p1a: Hippowdon|94/100|[from] Stealth Rock
|-weather|Sandstorm|[from] ability: Sand Stream|[of] p1a: Hippowdon
|turn|23
|
|t:|1666361284
|switch|p2a: Corviknight|Corviknight, M|100/100
|-ability|p2a: Corviknight|Pressure
|switch|p1a: Toxapex|Toxapex, F|100/100
|-damage|p1a: Toxapex|88/100|[from] Stealth Rock
|
|-weather|Sandstorm|[upkeep]
|-damage|p1a: Toxapex|82/100|[from] Sandstorm
|upkeep
|turn|24
|
|t:|1666361291
|move|p2a: Corviknight|U-turn|p1a: Toxapex
|-resisted|p1a: Toxapex
|-damage|p1a: Toxapex|77/100
|-damage|p2a: Corviknight|84/100|[from] item: Rocky Helmet|[of] p1a: Toxapex
|
|t:|1666361293
|switch|p2a: Kartana|Kartana|88/100|[from]move: U-turn
|move|p1a: Toxapex|Knock Off|p2a: Kartana
|-damage|p2a: Kartana|72/100
|-enditem|p2a: Kartana|Choice Band|[from] move: Knock Off|[of] p1a: Toxapex
|
|-weather|Sandstorm|[upkeep]
|-damage|p1a: Toxapex|71/100|[from] Sandstorm
|upkeep
|turn|25
|
|t:|1666361298
|switch|p1a: Ferrothorn|Ferrothorn, M|84/100 brn
|-damage|p1a: Ferrothorn|78/100 brn|[from] Stealth Rock
|move|p2a: Kartana|Knock Off|p1a: Ferrothorn
|-damage|p1a: Ferrothorn|52/100 brn
|-damage|p2a: Kartana|60/100|[from] ability: Iron Barbs|[of] p1a: Ferrothorn
|-enditem|p1a: Ferrothorn|Leftovers|[from] move: Knock Off|[of] p2a: Kartana
|
|-weather|Sandstorm|[upkeep]
|-damage|p1a: Ferrothorn|46/100 brn|[from] brn
|upkeep
|turn|26
|
|t:|1666361307
|move|p2a: Kartana|Sacred Sword|p1a: Ferrothorn
|-supereffective|p1a: Ferrothorn
|-damage|p1a: Ferrothorn|0 fnt
|-damage|p2a: Kartana|48/100|[from] ability: Iron Barbs|[of] p1a: Ferrothorn
|faint|p1a: Ferrothorn
|-ability|p2a: Kartana|Beast Boost|boost
|-boost|p2a: Kartana|atk|1
|
|-weather|Sandstorm|[upkeep]
|upkeep
|
|t:|1666361310
|switch|p1a: Toxapex|Toxapex, F|100/100
|-damage|p1a: Toxapex|88/100|[from] Stealth Rock
|turn|27
|
|t:|1666361313
|move|p2a: Kartana|Leaf Blade|p1a: Toxapex
|-damage|p1a: Toxapex|37/100
|-damage|p2a: Kartana|31/100|[from] item: Rocky Helmet|[of] p1a: Toxapex
|move|p1a: Toxapex|Recover|p1a: Toxapex
|-heal|p1a: Toxapex|87/100
|
|-weather|none
|upkeep
|turn|28
|
|t:|1666361323
|switch|p2a: Rotom|Rotom-Wash|82/100
|move|p1a: Toxapex|Knock Off|p2a: Rotom
|-damage|p2a: Rotom|64/100
|-enditem|p2a: Rotom|Aguav Berry|[from] move: Knock Off|[of] p1a: Toxapex
|
|upkeep
|turn|29
|
|t:|1666361327
|switch|p1a: Blissey|Blissey, F|100/100
|move|p2a: Rotom|Volt Switch|p1a: Blissey
|-damage|p1a: Blissey|91/100
|
|t:|1666361330
|switch|p2a: Kartana|Kartana|31/100|[from]move: Volt Switch
|
|upkeep
|turn|30
|
|t:|1666361333
|switch|p1a: Hippowdon|Hippowdon, F|94/100
|-damage|p1a: Hippowdon|88/100|[from] Stealth Rock
|-weather|Sandstorm|[from] ability: Sand Stream|[of] p1a: Hippowdon
|move|p2a: Kartana|Sacred Sword|p1a: Hippowdon
|-damage|p1a: Hippowdon|60/100
|
|-weather|Sandstorm|[upkeep]
|-heal|p1a: Hippowdon|66/100|[from] item: Leftovers
|upkeep
|turn|31
|
|t:|1666361341
|move|p2a: Kartana|Knock Off|p1a: Hippowdon
|-damage|p1a: Hippowdon|37/100
|-enditem|p1a: Hippowdon|Leftovers|[from] move: Knock Off|[of] p2a: Kartana
|move|p1a: Hippowdon|Slack Off|p1a: Hippowdon
|-heal|p1a: Hippowdon|87/100
|
|-weather|Sandstorm|[upkeep]
|upkeep
|turn|32
|
|t:|1666361345
|switch|p2a: Corviknight|Corviknight, M|84/100
|-ability|p2a: Corviknight|Pressure
|move|p1a: Hippowdon|Earthquake|p2a: Corviknight
|-immune|p2a: Corviknight
|
|-weather|Sandstorm|[upkeep]
|-heal|p2a: Corviknight|90/100|[from] item: Leftovers
|upkeep
|turn|33
|
|t:|1666361348
|switch|p1a: Toxapex|Toxapex, F|100/100
|-damage|p1a: Toxapex|88/100|[from] Stealth Rock
|move|p2a: Corviknight|Iron Defense|p2a: Corviknight
|-boost|p2a: Corviknight|def|2
|
|-weather|Sandstorm|[upkeep]
|-damage|p1a: Toxapex|82/100|[from] Sandstorm
|-heal|p2a: Corviknight|96/100|[from] item: Leftovers
|upkeep
|turn|34
|
|t:|1666361350
|move|p2a: Corviknight|Iron Defense|p2a: Corviknight
|-boost|p2a: Corviknight|def|2
|move|p1a: Toxapex|Haze|p1a: Toxapex
|-clearallboost
|
|-weather|none
|-heal|p2a: Corviknight|100/100|[from] item: Leftovers
|upkeep
|turn|35
|
|t:|1666361353
|move|p2a: Corviknight|U-turn|p1a: Toxapex
|-resisted|p1a: Toxapex
|-damage|p1a: Toxapex|77/100
|-damage|p2a: Corviknight|84/100|[from] item: Rocky Helmet|[of] p1a: Toxapex
|
|t:|1666361355
|switch|p2a: Regieleki|Regieleki|100/100|[from]move: U-turn
|move|p1a: Toxapex|Knock Off|p2a: Regieleki
|-damage|p2a: Regieleki|68/100
|-enditem|p2a: Regieleki|Choice Specs|[from] move: Knock Off|[of] p1a: Toxapex
|
|upkeep
|turn|36
|
|t:|1666361363
|switch|p2a: Rotom|Rotom-Wash|64/100
|switch|p1a: Hippowdon|Hippowdon, F|87/100
|-damage|p1a: Hippowdon|81/100|[from] Stealth Rock
|-weather|Sandstorm|[from] ability: Sand Stream|[of] p1a: Hippowdon
|
|-weather|Sandstorm|[upkeep]
|-damage|p2a: Rotom|58/100|[from] Sandstorm
|upkeep
|turn|37
|
|t:|1666361366
|switch|p1a: Blissey|Blissey, F|91/100
|move|p2a: Rotom|Hydro Pump|p1a: Blissey
|-damage|p1a: Blissey|77/100
|
|-weather|Sandstorm|[upkeep]
|-damage|p2a: Rotom|52/100|[from] Sandstorm
|-damage|p1a: Blissey|71/100|[from] Sandstorm
|upkeep
|turn|38
|
|t:|1666361370
|switch|p2a: Corviknight|Corviknight, M|84/100
|-ability|p2a: Corviknight|Pressure
|move|p1a: Blissey|Toxic|p2a: Corviknight
|-immune|p2a: Corviknight
|
|-weather|Sandstorm|[upkeep]
|-damage|p1a: Blissey|65/100|[from] Sandstorm
|-heal|p2a: Corviknight|90/100|[from] item: Leftovers
|upkeep
|turn|39
|
|t:|1666361373
|switch|p1a: Toxapex|Toxapex, F|100/100
|-damage|p1a: Toxapex|88/100|[from] Stealth Rock
|move|p2a: Corviknight|Iron Defense|p2a: Corviknight
|-boost|p2a: Corviknight|def|2
|
|-weather|Sandstorm|[upkeep]
|-damage|p1a: Toxapex|82/100|[from] Sandstorm
|-heal|p2a: Corviknight|96/100|[from] item: Leftovers
|upkeep
|turn|40
|
|t:|1666361378
|move|p2a: Corviknight|U-turn|p1a: Toxapex
|-resisted|p1a: Toxapex
|-damage|p1a: Toxapex|78/100
|-damage|p2a: Corviknight|80/100|[from] item: Rocky Helmet|[of] p1a: Toxapex
|
|t:|1666361379
|switch|p2a: Heatran|Heatran, M|59/100|[from]move: U-turn
|move|p1a: Toxapex|Haze|p1a: Toxapex
|-clearallboost
|
|-weather|none
|-heal|p2a: Heatran|65/100|[from] item: Leftovers
|upkeep
|turn|41
|
|t:|1666361382
|switch|p1a: Hippowdon|Hippowdon, F|81/100
|-damage|p1a: Hippowdon|75/100|[from] Stealth Rock
|-weather|Sandstorm|[from] ability: Sand Stream|[of] p1a: Hippowdon
|move|p2a: Heatran|Magma Storm|p1a: Hippowdon
|-damage|p1a: Hippowdon|43/100
|-activate|p1a: Hippowdon|move: Magma Storm|[of] p2a: Heatran
|
|-weather|Sandstorm|[upkeep]
|-heal|p2a: Heatran|71/100|[from] item: Leftovers
|-damage|p1a: Hippowdon|30/100|[from] move: Magma Storm|[partiallytrapped]
|upkeep
|turn|42
|c|☆xiaofengds|gg
|
|t:|1666361399
|move|p2a: Heatran|Magma Storm|p1a: Hippowdon
|-damage|p1a: Hippowdon|0 fnt
|faint|p1a: Hippowdon
|
|-weather|Sandstorm|[upkeep]
|-heal|p2a: Heatran|78/100|[from] item: Leftovers
|upkeep
|
|t:|1666361400
|switch|p1a: Blissey|Blissey, F|65/100
|turn|43
|-message|xiaofengds forfeited.
|
|win|maxinyuuu
|c|☆xiaofengds|gg
|c|☆maxinyuuu|gg
