|uhtml|report-battle|<b>将对战链接公开到:</b> <button class="button" name="send" value="/reportto skypillar">Sky Pillar</button><button class="button" name="send" value="/reportto shinx">Shinx</button>
|j|☆luck_yue
|j|☆AlIoutdragadarts
|inactive|Battle timer is ON: inactive players will automatically lose when time's up.
|t:|1658670002
|gametype|singles
|player|p1|luck_yue|luckyue.png|
|player|p2|AlIoutdragadarts|tuber-gen6|
|teamsize|p1|6
|teamsize|p2|6
|gen|8
|tier|[Gen 8] OU
|rated|Tournament battle
|rule|Sleep Clause Mod: Limit one foe put to sleep
|rule|Species Clause: Limit one of each Pokémon
|rule|OHKO Clause: OHKO moves are banned
|rule|Evasion Moves Clause: Evasion moves are banned
|rule|Endless Battle Clause: Forcing endless battles is banned
|rule|HP Percentage Mod: HP is shown in percentages
|rule|Dynamax Clause: You cannot dynamax
|clearpoke
|poke|p1|Melmetal|
|poke|p1|Tornadus-Therian, M|
|poke|p1|Landorus-Therian, M|
|poke|p1|Heatran, M|
|poke|p1|Dragapult, F|
|poke|p1|Toxapex, M|
|poke|p2|Slowbro-Galar, M|
|poke|p2|Magnezone|
|poke|p2|Tapu Fini|
|poke|p2|Landorus-Therian, M|
|poke|p2|Tapu Lele|
|poke|p2|Kartana|
|teampreview
|j| cbz123
|
|t:|1658670030
|start
|switch|p1a: Dragapult|Dragapult, F|100/100
|switch|p2a: Landorus|Landorus-Therian, M, shiny|100/100
|-ability|p2a: Landorus|Intimidate|boost
|-unboost|p1a: Dragapult|atk|1
|turn|1
|
|t:|1658670039
|move|p1a: Dragapult|Shadow Ball|p2a: Landorus
|-damage|p2a: Landorus|60/100
|move|p2a: Landorus|Knock Off|p1a: Dragapult
|-supereffective|p1a: Dragapult
|-damage|p1a: Dragapult|17/100
|-enditem|p1a: Dragapult|Choice Specs|[from] move: Knock Off|[of] p2a: Landorus
|
|-heal|p2a: Landorus|66/100|[from] item: Leftovers
|upkeep
|turn|2
|
|t:|1658670044
|move|p1a: Dragapult|Draco Meteor|p2a: Landorus
|-damage|p2a: Landorus|23/100
|-unboost|p1a: Dragapult|spa|2
|move|p2a: Landorus|Stealth Rock|p1a: Dragapult
|-sidestart|p1: luck_yue|move: Stealth Rock
|
|-heal|p2a: Landorus|29/100|[from] item: Leftovers
|upkeep
|turn|3
|
|t:|1658670053
|move|p1a: Dragapult|Draco Meteor|p2a: Landorus
|-damage|p2a: Landorus|9/100
|-unboost|p1a: Dragapult|spa|2
|move|p2a: Landorus|Knock Off|p1a: Dragapult
|-supereffective|p1a: Dragapult
|-damage|p1a: Dragapult|0 fnt
|faint|p1a: Dragapult
|
|-heal|p2a: Landorus|15/100|[from] item: Leftovers
|upkeep
|
|t:|1658670057
|switch|p1a: Tornadus|Tornadus-Therian, M|100/100
|turn|4
|
|t:|1658670063
|move|p1a: Tornadus|Hurricane|p2a: Landorus
|-crit|p2a: Landorus
|-damage|p2a: Landorus|0 fnt
|faint|p2a: Landorus
|
|upkeep
|
|t:|1658670077
|switch|p2a: Slowbro|Slowbro-Galar, M, shiny|100/100
|turn|5
|
|t:|1658670080
|move|p1a: Tornadus|Knock Off|p2a: Slowbro
|-supereffective|p2a: Slowbro
|-damage|p2a: Slowbro|65/100
|-enditem|p2a: Slowbro|Quick Claw|[from] move: Knock Off|[of] p1a: Tornadus
|move|p2a: Slowbro|Nasty Plot|p2a: Slowbro
|-boost|p2a: Slowbro|spa|2
|
|upkeep
|turn|6
|
|t:|1658670083
|move|p1a: Tornadus|Hurricane|p2a: Slowbro
|-damage|p2a: Slowbro|20/100
|move|p2a: Slowbro|Ice Beam|p1a: Tornadus
|-supereffective|p1a: Tornadus
|-damage|p1a: Tornadus|0 fnt
|faint|p1a: Tornadus
|
|upkeep
|
|t:|1658670087
|switch|p1a: Landorus|Landorus-Therian, M|100/100
|-damage|p1a: Landorus|88/100|[from] Stealth Rock
|-ability|p1a: Landorus|Intimidate|boost
|-unboost|p2a: Slowbro|atk|1
|turn|7
|
|t:|1658670090
|move|p1a: Landorus|U-turn|p2a: Slowbro
|-damage|p2a: Slowbro|0 fnt
|faint|p2a: Slowbro
|
|t:|1658670094
|switch|p1a: Toxapex|Toxapex, M|100/100|[from]move: U-turn
|-damage|p1a: Toxapex|88/100|[from] Stealth Rock
|
|upkeep
|j| zigza
|
|t:|1658670102
|switch|p2a: Tapu Fini|Tapu Fini, shiny|100/100
|-fieldstart|move: Misty Terrain|[from] ability: Misty Surge|[of] p2a: Tapu Fini
|turn|8
|
|t:|1658670108
|move|p2a: Tapu Fini|Calm Mind|p2a: Tapu Fini
|-boost|p2a: Tapu Fini|spa|1
|-boost|p2a: Tapu Fini|spd|1
|move|p1a: Toxapex|Knock Off|p2a: Tapu Fini
|-resisted|p2a: Tapu Fini
|-damage|p2a: Tapu Fini|95/100
|-enditem|p2a: Tapu Fini|Leftovers|[from] move: Knock Off|[of] p1a: Toxapex
|
|upkeep
|turn|9
|
|t:|1658670110
|move|p2a: Tapu Fini|Calm Mind|p2a: Tapu Fini
|-boost|p2a: Tapu Fini|spa|1
|-boost|p2a: Tapu Fini|spd|1
|move|p1a: Toxapex|Haze|p1a: Toxapex
|-clearallboost
|
|upkeep
|turn|10
|
|t:|1658670114
|switch|p1a: Melmetal|Melmetal|100/100
|-damage|p1a: Melmetal|94/100|[from] Stealth Rock
|move|p2a: Tapu Fini|Calm Mind|p2a: Tapu Fini
|-boost|p2a: Tapu Fini|spa|1
|-boost|p2a: Tapu Fini|spd|1
|
|-heal|p1a: Melmetal|100/100|[from] item: Leftovers
|upkeep
|turn|11
|
|t:|1658670116
|switch|p2a: Magnezone|Magnezone, shiny|100/100
|-item|p2a: Magnezone|Air Balloon
|move|p1a: Melmetal|Double Iron Bash|p2a: Magnezone
|-resisted|p2a: Magnezone
|-damage|p2a: Magnezone|93/100
|-enditem|p2a: Magnezone|Air Balloon
|-resisted|p2a: Magnezone
|-damage|p2a: Magnezone|86/100
|-hitcount|p2a: Magnezone|2
|
|upkeep
|turn|12
|
|t:|1658670121
|move|p2a: Magnezone|Magnet Rise|p2a: Magnezone
|-start|p2a: Magnezone|Magnet Rise
|move|p1a: Melmetal|Earthquake|p2a: Magnezone
|-immune|p2a: Magnezone
|
|-fieldend|Misty Terrain
|upkeep
|turn|13
|
|t:|1658670123
|move|p2a: Magnezone|Iron Defense|p2a: Magnezone
|-boost|p2a: Magnezone|def|2
|move|p1a: Melmetal|Double Iron Bash|p2a: Magnezone
|-resisted|p2a: Magnezone
|-crit|p2a: Magnezone
|-damage|p2a: Magnezone|73/100
|-resisted|p2a: Magnezone
|-damage|p2a: Magnezone|69/100
|-hitcount|p2a: Magnezone|2
|
|upkeep
|turn|14
|
|t:|1658670128
|move|p2a: Magnezone|Iron Defense|p2a: Magnezone
|-boost|p2a: Magnezone|def|2
|move|p1a: Melmetal|Double Iron Bash|p2a: Magnezone
|-resisted|p2a: Magnezone
|-damage|p2a: Magnezone|67/100
|-resisted|p2a: Magnezone
|-damage|p2a: Magnezone|65/100
|-hitcount|p2a: Magnezone|2
|
|upkeep
|turn|15
|
|t:|1658670130
|move|p2a: Magnezone|Body Press|p1a: Melmetal
|-supereffective|p1a: Melmetal
|-damage|p1a: Melmetal|0 fnt
|faint|p1a: Melmetal
|
|upkeep
|
|t:|1658670132
|switch|p1a: Landorus|Landorus-Therian, M|88/100
|-damage|p1a: Landorus|76/100|[from] Stealth Rock
|-ability|p1a: Landorus|Intimidate|boost
|-unboost|p2a: Magnezone|atk|1
|turn|16
|
|t:|1658670136
|move|p1a: Landorus|U-turn|p2a: Magnezone
|-resisted|p2a: Magnezone
|-damage|p2a: Magnezone|62/100
|
|t:|1658670137
|switch|p1a: Toxapex|Toxapex, M|100/100|[from]move: U-turn
|-damage|p1a: Toxapex|88/100|[from] Stealth Rock
|move|p2a: Magnezone|Body Press|p1a: Toxapex
|-resisted|p1a: Toxapex
|-crit|p1a: Toxapex
|-damage|p1a: Toxapex|52/100
|-damage|p2a: Magnezone|46/100|[from] item: Rocky Helmet|[of] p1a: Toxapex
|
|-end|p2a: Magnezone|Magnet Rise
|upkeep
|turn|17
|
|t:|1658670143
|switch|p2a: Tapu Lele|Tapu Lele, shiny|100/100
|-fieldstart|move: Psychic Terrain|[from] ability: Psychic Surge|[of] p2a: Tapu Lele
|move|p1a: Toxapex|Haze|p1a: Toxapex
|-clearallboost
|
|upkeep
|turn|18
|
|t:|1658670146
|switch|p1a: Landorus|Landorus-Therian, M|76/100
|-damage|p1a: Landorus|64/100|[from] Stealth Rock
|-ability|p1a: Landorus|Intimidate|boost
|-unboost|p2a: Tapu Lele|atk|1
|move|p2a: Tapu Lele|Calm Mind|p2a: Tapu Lele
|-boost|p2a: Tapu Lele|spa|1
|-boost|p2a: Tapu Lele|spd|1
|
|-heal|p1a: Landorus|70/100|[from] item: Leftovers
|upkeep
|turn|19
|
|t:|1658670148
|move|p2a: Tapu Lele|Iron Defense|p2a: Tapu Lele
|-boost|p2a: Tapu Lele|def|2
|move|p1a: Landorus|Earthquake|p2a: Tapu Lele
|-damage|p2a: Tapu Lele|74/100
|
|-heal|p2a: Tapu Lele|80/100|[from] item: Leftovers
|-heal|p1a: Landorus|76/100|[from] item: Leftovers
|upkeep
|turn|20
|
|t:|1658670152
|move|p2a: Tapu Lele|Stored Power|p1a: Landorus
|-damage|p1a: Landorus|0 fnt
|faint|p1a: Landorus
|
|-heal|p2a: Tapu Lele|87/100|[from] item: Leftovers
|upkeep
|
|t:|1658670154
|switch|p1a: Heatran|Heatran, M|100/100
|-damage|p1a: Heatran|88/100|[from] Stealth Rock
|-item|p1a: Heatran|Air Balloon
|turn|21
|
|t:|1658670156
|move|p1a: Heatran|Eruption|p2a: Tapu Lele
|-damage|p2a: Tapu Lele|42/100
|move|p2a: Tapu Lele|Stored Power|p1a: Heatran
|-resisted|p1a: Heatran
|-damage|p1a: Heatran|39/100
|-enditem|p1a: Heatran|Air Balloon
|
|-heal|p2a: Tapu Lele|48/100|[from] item: Leftovers
|-fieldend|move: Psychic Terrain
|upkeep
|turn|22
|
|t:|1658670165
|move|p1a: Heatran|Magma Storm|p2a: Tapu Lele|[miss]
|-miss|p1a: Heatran|p2a: Tapu Lele
|move|p2a: Tapu Lele|Stored Power|p1a: Heatran
|-resisted|p1a: Heatran
|-damage|p1a: Heatran|5/100
|
|-heal|p2a: Tapu Lele|54/100|[from] item: Leftovers
|upkeep
|turn|23
|-message|luck_yue forfeited.
|
|win|AlIoutdragadarts
|n|☆luck_yue|luckyue
|n|☆AlIoutdragadarts|alioutdragadarts
|n| cbz123|cbz123
|n| zigza|zigza
