|raw|<div class="broadcast-blue"><strong>This battle is required to be public due to a player having a name starting with 'sl21vx'.</div>
|j|☆SL21VX linefans
|j|☆lonietzzz
|t:|1641117655
|gametype|singles
|player|p1|SL21VX linefans|camper|1321
|player|p2|lonietzzz|swimmerf-gen4dp|1435
|teamsize|p1|6
|teamsize|p2|6
|gen|8
|tier|[Gen 8] OU
|rated|
|rule|Sleep Clause Mod: Limit one foe put to sleep
|rule|Species Clause: Limit one of each Pokémon
|rule|OHKO Clause: OHKO moves are banned
|rule|Evasion Moves Clause: Evasion moves are banned
|rule|Endless Battle Clause: Forcing endless battles is banned
|rule|HP Percentage Mod: HP is shown in percentages
|rule|Dynamax Clause: You cannot dynamax
|clearpoke
|poke|p1|Slowbro-Galar, F|
|poke|p1|Clefable, M|
|poke|p1|Ninetales-Alola, F|
|poke|p1|Magnezone|
|poke|p1|Seismitoad, M|
|poke|p1|Tornadus-Therian, M|
|poke|p2|Excadrill, F|
|poke|p2|Garchomp, M|
|poke|p2|Kartana|
|poke|p2|Toxapex, M|
|poke|p2|Tyranitar, M|
|poke|p2|Landorus-Therian, M|
|teampreview
|j| SL21VXJqlove
|j|♚cscl
|j|♚Master Origami♕
|inactive|Battle timer is ON: inactive players will automatically lose when time's up. (requested by SL21VX linefans)
|j| SL21VX jitousb
|j|%Separation
|j| uffm
|inactive|lonietzzz has 120 seconds left.
|j| peak clownery
|
|t:|1641117736
|start
|switch|p1a: Ninetales|Ninetales-Alola, F|100/100
|switch|p2a: Landorus|Landorus-Therian, M|100/100
|-weather|Hail|[from] ability: Snow Warning|[of] p1a: Ninetales
|-ability|p2a: Landorus|Intimidate|boost
|-unboost|p1a: Ninetales|atk|1
|turn|1
|
|t:|1641117742
|switch|p2a: Tyranitar|Tyranitar, M|100/100
|-weather|Sandstorm|[from] ability: Sand Stream|[of] p2a: Tyranitar
|move|p1a: Ninetales|Aurora Veil||[still]
|-fail|p1a: Ninetales
|
|-weather|Sandstorm|[upkeep]
|-damage|p1a: Ninetales|95/100|[from] Sandstorm
|upkeep
|turn|2
|
|t:|1641117747
|switch|p1a: Seismitoad|Seismitoad, M|100/100
|move|p2a: Tyranitar|Stealth Rock|p1a: Seismitoad
|-sidestart|p1: SL21VX linefans|move: Stealth Rock
|
|-weather|Sandstorm|[upkeep]
|upkeep
|turn|3
|
|t:|1641117752
|switch|p2a: Kartana|Kartana|100/100
|move|p1a: Seismitoad|Stealth Rock|p2a: Kartana
|-sidestart|p2: lonietzzz|move: Stealth Rock
|
|-weather|Sandstorm|[upkeep]
|upkeep
|turn|4
|l| uffm
|j| uffm
|
|t:|1641117757
|switch|p1a: Magnezone|Magnezone|100/100
|-damage|p1a: Magnezone|94/100|[from] Stealth Rock
|-item|p1a: Magnezone|Air Balloon
|move|p2a: Kartana|Swords Dance|p2a: Kartana
|-boost|p2a: Kartana|atk|2
|
|-weather|Sandstorm|[upkeep]
|upkeep
|turn|5
|
|t:|1641117761
|move|p2a: Kartana|Sacred Sword|p1a: Magnezone
|-supereffective|p1a: Magnezone
|-damage|p1a: Magnezone|0 fnt
|-enditem|p1a: Magnezone|Air Balloon
|faint|p1a: Magnezone
|-ability|p2a: Kartana|Beast Boost|boost
|-boost|p2a: Kartana|atk|1
|-damage|p2a: Kartana|91/100|[from] item: Life Orb
|
|-weather|none
|upkeep
|l|♚cscl
|
|t:|1641117768
|switch|p1a: Tornadus|Tornadus-Therian, M|100/100
|turn|6
|
|t:|1641117778
|move|p1a: Tornadus|Focus Blast|p2a: Kartana
|-supereffective|p2a: Kartana
|-damage|p2a: Kartana|0 fnt
|faint|p2a: Kartana
|
|upkeep
|
|t:|1641117787
|switch|p2a: Garchomp|Garchomp, M|100/100
|-damage|p2a: Garchomp|94/100|[from] Stealth Rock
|turn|7
|
|t:|1641117791
|switch|p1a: Ninetales|Ninetales-Alola, F|95/100
|-damage|p1a: Ninetales|70/100|[from] Stealth Rock
|-weather|Hail|[from] ability: Snow Warning|[of] p1a: Ninetales
|move|p2a: Garchomp|Scale Shot|p1a: Ninetales
|-immune|p1a: Ninetales
|
|-weather|Hail|[upkeep]
|-damage|p2a: Garchomp|88/100|[from] Hail
|-heal|p2a: Garchomp|94/100|[from] item: Leftovers
|upkeep
|turn|8
|
|t:|1641117798
|switch|p2a: Tyranitar|Tyranitar, M|100/100
|-damage|p2a: Tyranitar|88/100|[from] Stealth Rock
|-weather|Sandstorm|[from] ability: Sand Stream|[of] p2a: Tyranitar
|move|p1a: Ninetales|Moonblast|p2a: Tyranitar
|-supereffective|p2a: Tyranitar
|-damage|p2a: Tyranitar|61/100
|-unboost|p2a: Tyranitar|spa|1
|
|-weather|Sandstorm|[upkeep]
|-damage|p1a: Ninetales|64/100|[from] Sandstorm
|-heal|p2a: Tyranitar|67/100|[from] item: Leftovers
|upkeep
|turn|9
|
|t:|1641117803
|switch|p1a: Seismitoad|Seismitoad, M|100/100
|-damage|p1a: Seismitoad|94/100|[from] Stealth Rock
|move|p2a: Tyranitar|Toxic|p1a: Seismitoad
|-status|p1a: Seismitoad|tox
|
|-weather|Sandstorm|[upkeep]
|-heal|p1a: Seismitoad|100/100 tox|[from] item: Leftovers
|-heal|p2a: Tyranitar|73/100|[from] item: Leftovers
|-damage|p1a: Seismitoad|94/100 tox|[from] psn
|upkeep
|turn|10
|
|t:|1641117808
|move|p2a: Tyranitar|Protect|p2a: Tyranitar
|-singleturn|p2a: Tyranitar|Protect
|move|p1a: Seismitoad|Knock Off|p2a: Tyranitar
|-activate|p2a: Tyranitar|move: Protect
|
|-weather|Sandstorm|[upkeep]
|-heal|p1a: Seismitoad|100/100 tox|[from] item: Leftovers
|-heal|p2a: Tyranitar|79/100|[from] item: Leftovers
|-damage|p1a: Seismitoad|88/100 tox|[from] psn
|upkeep
|turn|11
|
|t:|1641117812
|move|p1a: Seismitoad|Knock Off|p2a: Tyranitar
|-resisted|p2a: Tyranitar
|-damage|p2a: Tyranitar|72/100
|-enditem|p2a: Tyranitar|Leftovers|[from] move: Knock Off|[of] p1a: Seismitoad
|move|p2a: Tyranitar|Rock Blast|p1a: Seismitoad
|-resisted|p1a: Seismitoad
|-damage|p1a: Seismitoad|82/100 tox
|-resisted|p1a: Seismitoad
|-damage|p1a: Seismitoad|76/100 tox
|-resisted|p1a: Seismitoad
|-damage|p1a: Seismitoad|71/100 tox
|-hitcount|p1a: Seismitoad|3
|
|-weather|Sandstorm|[upkeep]
|-heal|p1a: Seismitoad|77/100 tox|[from] item: Leftovers
|-damage|p1a: Seismitoad|58/100 tox|[from] psn
|upkeep
|turn|12
|
|t:|1641117819
|switch|p1a: Slowbro|Slowbro-Galar, F|100/100
|-damage|p1a: Slowbro|88/100|[from] Stealth Rock
|move|p2a: Tyranitar|Protect||[still]
|-fail|p2a: Tyranitar
|
|-weather|none
|upkeep
|turn|13
|j|♚cscl
|
|t:|1641117828
|switch|p2a: Landorus|Landorus-Therian, M|100/100
|-damage|p2a: Landorus|88/100|[from] Stealth Rock
|-ability|p2a: Landorus|Intimidate|boost
|-unboost|p1a: Slowbro|atk|1
|move|p1a: Slowbro|Nasty Plot|p1a: Slowbro
|-boost|p1a: Slowbro|spa|2
|
|upkeep
|turn|14
|-activate|p1a: Slowbro|ability: Quick Draw
|
|t:|1641117830
|move|p1a: Slowbro|Ice Beam|p2a: Landorus
|-supereffective|p2a: Landorus
|-damage|p2a: Landorus|0 fnt
|faint|p2a: Landorus
|
|upkeep
|
|t:|1641117839
|switch|p2a: Garchomp|Garchomp, M|94/100
|-damage|p2a: Garchomp|88/100|[from] Stealth Rock
|turn|15
|
|t:|1641117841
|move|p2a: Garchomp|Earthquake|p1a: Slowbro
|-supereffective|p1a: Slowbro
|-damage|p1a: Slowbro|0 fnt
|faint|p1a: Slowbro
|
|-heal|p2a: Garchomp|94/100|[from] item: Leftovers
|upkeep
|
|t:|1641117848
|switch|p1a: Ninetales|Ninetales-Alola, F|64/100
|-damage|p1a: Ninetales|39/100|[from] Stealth Rock
|-weather|Hail|[from] ability: Snow Warning|[of] p1a: Ninetales
|turn|16
|
|t:|1641117852
|switch|p2a: Tyranitar|Tyranitar, M|72/100
|-damage|p2a: Tyranitar|59/100|[from] Stealth Rock
|-weather|Sandstorm|[from] ability: Sand Stream|[of] p2a: Tyranitar
|move|p1a: Ninetales|Moonblast|p2a: Tyranitar
|-supereffective|p2a: Tyranitar
|-damage|p2a: Tyranitar|28/100
|
|-weather|Sandstorm|[upkeep]
|-damage|p1a: Ninetales|33/100|[from] Sandstorm
|upkeep
|turn|17
|
|t:|1641117860
|switch|p2a: Excadrill|Excadrill, F|100/100
|-damage|p2a: Excadrill|97/100|[from] Stealth Rock
|move|p1a: Ninetales|Moonblast|p2a: Excadrill
|-resisted|p2a: Excadrill
|-damage|p2a: Excadrill|74/100
|-unboost|p2a: Excadrill|spa|1
|
|-weather|Sandstorm|[upkeep]
|-damage|p1a: Ninetales|27/100|[from] Sandstorm
|-heal|p2a: Excadrill|81/100|[from] item: Leftovers
|upkeep
|turn|18
|
|t:|1641117871
|switch|p1a: Seismitoad|Seismitoad, M|58/100 tox
|-damage|p1a: Seismitoad|52/100 tox|[from] Stealth Rock
|move|p2a: Excadrill|Earthquake|p1a: Seismitoad
|-damage|p1a: Seismitoad|0 fnt
|faint|p1a: Seismitoad
|
|-weather|Sandstorm|[upkeep]
|-heal|p2a: Excadrill|87/100|[from] item: Leftovers
|upkeep
|
|t:|1641117876
|switch|p1a: Ninetales|Ninetales-Alola, F|27/100
|-damage|p1a: Ninetales|3/100|[from] Stealth Rock
|-weather|Hail|[from] ability: Snow Warning|[of] p1a: Ninetales
|turn|19
|
|t:|1641117883
|switch|p2a: Tyranitar|Tyranitar, M|28/100
|-damage|p2a: Tyranitar|15/100|[from] Stealth Rock
|-weather|Sandstorm|[from] ability: Sand Stream|[of] p2a: Tyranitar
|move|p1a: Ninetales|Moonblast|p2a: Tyranitar
|-supereffective|p2a: Tyranitar
|-damage|p2a: Tyranitar|0 fnt
|faint|p2a: Tyranitar
|
|-weather|Sandstorm|[upkeep]
|-damage|p1a: Ninetales|0 fnt|[from] Sandstorm
|faint|p1a: Ninetales
|upkeep
|
|t:|1641117894
|switch|p1a: Tornadus|Tornadus-Therian, M|100/100
|switch|p2a: Garchomp|Garchomp, M|94/100
|-damage|p2a: Garchomp|88/100|[from] Stealth Rock
|turn|20
|
|t:|1641117912
|move|p1a: Tornadus|Nasty Plot|p1a: Tornadus
|-boost|p1a: Tornadus|spa|2
|move|p2a: Garchomp|Scale Shot|p1a: Tornadus
|-damage|p1a: Tornadus|82/100
|-damage|p1a: Tornadus|64/100
|-hitcount|p1a: Tornadus|2
|-unboost|p2a: Garchomp|def|1
|-boost|p2a: Garchomp|spe|1
|
|-weather|Sandstorm|[upkeep]
|-damage|p1a: Tornadus|58/100|[from] Sandstorm
|-heal|p2a: Garchomp|94/100|[from] item: Leftovers
|upkeep
|turn|21
|
|t:|1641117915
|move|p2a: Garchomp|Scale Shot|p1a: Tornadus
|-damage|p1a: Tornadus|40/100
|-damage|p1a: Tornadus|22/100
|-hitcount|p1a: Tornadus|2
|-unboost|p2a: Garchomp|def|1
|-boost|p2a: Garchomp|spe|1
|move|p1a: Tornadus|Hurricane|p2a: Garchomp|[miss]
|-miss|p1a: Tornadus|p2a: Garchomp
|
|-weather|Sandstorm|[upkeep]
|-damage|p1a: Tornadus|16/100|[from] Sandstorm
|-heal|p2a: Garchomp|100/100|[from] item: Leftovers
|upkeep
|turn|22
|
|t:|1641117920
|move|p2a: Garchomp|Scale Shot|p1a: Tornadus
|-damage|p1a: Tornadus|0 fnt
|faint|p1a: Tornadus
|-hitcount|p1: Tornadus|1
|-unboost|p2a: Garchomp|def|1
|-boost|p2a: Garchomp|spe|1
|
|-weather|Sandstorm|[upkeep]
|upkeep
|
|t:|1641117921
|switch|p1a: Clefable|Clefable, M|100/100
|turn|23
|
|t:|1641117925
|switch|p2a: Excadrill|Excadrill, F|87/100
|-damage|p2a: Excadrill|84/100|[from] Stealth Rock
|move|p1a: Clefable|Cosmic Power|p1a: Clefable
|-boost|p1a: Clefable|def|1
|-boost|p1a: Clefable|spd|1
|
|-weather|none
|-heal|p2a: Excadrill|90/100|[from] item: Leftovers
|upkeep
|turn|24
|
|t:|1641117929
|move|p2a: Excadrill|Iron Head|p1a: Clefable
|-supereffective|p1a: Clefable
|-damage|p1a: Clefable|44/100
|move|p1a: Clefable|Cosmic Power|p1a: Clefable
|-boost|p1a: Clefable|def|1
|-boost|p1a: Clefable|spd|1
|
|-heal|p2a: Excadrill|96/100|[from] item: Leftovers
|-heal|p1a: Clefable|50/100|[from] item: Leftovers
|upkeep
|turn|25
|
|t:|1641117935
|move|p2a: Excadrill|Swords Dance|p2a: Excadrill
|-boost|p2a: Excadrill|atk|2
|move|p1a: Clefable|Soft-Boiled|p1a: Clefable
|-heal|p1a: Clefable|99/100
|
|-heal|p2a: Excadrill|100/100|[from] item: Leftovers
|-heal|p1a: Clefable|100/100|[from] item: Leftovers
|upkeep
|turn|26
|
|t:|1641117940
|move|p2a: Excadrill|Iron Head|p1a: Clefable
|-supereffective|p1a: Clefable
|-damage|p1a: Clefable|20/100
|move|p1a: Clefable|Stored Power|p2a: Excadrill
|-resisted|p2a: Excadrill
|-damage|p2a: Excadrill|87/100
|
|-heal|p2a: Excadrill|93/100|[from] item: Leftovers
|-heal|p1a: Clefable|26/100|[from] item: Leftovers
|upkeep
|turn|27
|-message|SL21VX linefans forfeited.
|
|win|lonietzzz
|raw|SL21VX linefans's rating: 1321 &rarr; <strong>1310</strong><br />(-11 for losing)
|raw|lonietzzz's rating: 1435 &rarr; <strong>1448</strong><br />(+13 for winning)
|l|☆SL21VX linefans
