|uhtml|report-battle|<b>将对战链接公开到:</b> <button class="button" name="send" value="/reportto skypillar">Sky Pillar</button><button class="button" name="send" value="/reportto shinx">Shinx</button>
|j|☆SiriCelebi
|j|☆nimed beatches
|inactive|Battle timer is ON: inactive players will automatically lose when time's up.
|t:|1667136573
|gametype|singles
|player|p1|SiriCelebi|siricelebi.gif|
|player|p2|nimed beatches|picnicker|
|teamsize|p1|6
|teamsize|p2|6
|gen|8
|tier|[Gen 8] OU
|rated|Tournament battle
|rule|Sleep Clause Mod: Limit one foe put to sleep
|rule|Species Clause: Limit one of each Pokémon
|rule|OHKO Clause: OHKO moves are banned
|rule|Evasion Items Clause: Evasion items are banned
|rule|Evasion Moves Clause: Evasion moves are banned
|rule|Endless Battle Clause: Forcing endless battles is banned
|rule|HP Percentage Mod: HP is shown in percentages
|rule|Dynamax Clause: You cannot dynamax
|clearpoke
|poke|p1|Slowbro, M|
|poke|p1|Heatran, F|
|poke|p1|Kartana|
|poke|p1|Landorus-Therian, M|
|poke|p1|Zapdos-Galar|
|poke|p1|Blissey, F|
|poke|p2|Tyranitar, M|
|poke|p2|Excadrill, F|
|poke|p2|Pelipper, M|
|poke|p2|Urshifu-*, F|
|poke|p2|Zapdos|
|poke|p2|Ferrothorn, F|
|teampreview
|j| josefjosda
|j| crying snow
|
|t:|1667136593
|start
|switch|p1a: 你有没有听到，孩子们的悲鸣？|Slowbro, M|100/100
|switch|p2a: grenouille prague|Urshifu-Rapid-Strike, F|100/100
|turn|1
|
|t:|1667136598
|switch|p2a: pangela perkel|Ferrothorn, F, shiny|100/100
|move|p1a: 你有没有听到，孩子们的悲鸣？|Future Sight|p2a: pangela perkel
|-start|p1a: 你有没有听到，孩子们的悲鸣？|move: Future Sight
|
|upkeep
|turn|2
|l| crying snow
|
|t:|1667136609
|switch|p2a: perz|Zapdos, shiny|100/100
|move|p1a: 你有没有听到，孩子们的悲鸣？|Flamethrower|p2a: perz
|-damage|p2a: perz|81/100
|
|upkeep
|turn|3
|j| shuo硕德er
|
|t:|1667136617
|switch|p2a: pangela perkel|Ferrothorn, F, shiny|100/100
|switch|p1a: 朋友不再是朋友，家园不再是家园|Landorus-Therian, M, shiny|100/100
|-ability|p1a: 朋友不再是朋友，家园不再是家园|Intimidate|boost
|-unboost|p2a: pangela perkel|atk|1
|
|-end|p2a: pangela perkel|move: Future Sight
|-resisted|p2a: pangela perkel
|-damage|p2a: pangela perkel|85/100
|-heal|p2a: pangela perkel|91/100|[from] item: Leftovers
|upkeep
|turn|4
|j| czcyf
|j| Rain the god
|
|t:|1667136621
|switch|p1a: 你是否感受到，城市在分崩离析|Heatran, F, shiny|100/100
|move|p2a: pangela perkel|Stealth Rock|p1a: 你是否感受到，城市在分崩离析
|-sidestart|p1: SiriCelebi|move: Stealth Rock
|
|-heal|p2a: pangela perkel|97/100|[from] item: Leftovers
|upkeep
|turn|5
|
|t:|1667136628
|switch|p2a: johann liebert|Tyranitar, M, shiny|100/100
|-weather|Sandstorm|[from] ability: Sand Stream|[of] p2a: johann liebert
|move|p1a: 你是否感受到，城市在分崩离析|Stealth Rock|p2a: johann liebert
|-sidestart|p2: nimed beatches|move: Stealth Rock
|
|-weather|Sandstorm|[upkeep]
|upkeep
|turn|6
|
|t:|1667136632
|switch|p1a: 朋友不再是朋友，家园不再是家园|Landorus-Therian, M, shiny|100/100
|-damage|p1a: 朋友不再是朋友，家园不再是家园|88/100|[from] Stealth Rock
|-ability|p1a: 朋友不再是朋友，家园不再是家园|Intimidate|boost
|-unboost|p2a: johann liebert|atk|1
|move|p2a: johann liebert|Stone Edge|p1a: 朋友不再是朋友，家园不再是家园
|-damage|p1a: 朋友不再是朋友，家园不再是家园|32/100
|
|-weather|Sandstorm|[upkeep]
|-heal|p1a: 朋友不再是朋友，家园不再是家园|38/100|[from] item: Leftovers
|upkeep
|turn|7
|
|t:|1667136646
|switch|p2a: perz|Zapdos, shiny|81/100
|move|p1a: 朋友不再是朋友，家园不再是家园|U-turn|p2a: perz
|-resisted|p2a: perz
|-damage|p2a: perz|72/100
|
|t:|1667136667
|switch|p1a: 你是否感受到，城市在分崩离析|Heatran, F, shiny|100/100|[from]move: U-turn
|-damage|p1a: 你是否感受到，城市在分崩离析|88/100|[from] Stealth Rock
|
|-weather|Sandstorm|[upkeep]
|-damage|p2a: perz|66/100|[from] Sandstorm
|-heal|p1a: 你是否感受到，城市在分崩离析|94/100|[from] item: Leftovers
|upkeep
|turn|8
|
|t:|1667136681
|switch|p2a: grenouille prague|Urshifu-Rapid-Strike, F|100/100
|-damage|p2a: grenouille prague|94/100|[from] Stealth Rock
|move|p1a: 你是否感受到，城市在分崩离析|Magma Storm|p2a: grenouille prague|[miss]
|-miss|p1a: 你是否感受到，城市在分崩离析|p2a: grenouille prague
|
|-weather|Sandstorm|[upkeep]
|-damage|p2a: grenouille prague|88/100|[from] Sandstorm
|-heal|p1a: 你是否感受到，城市在分崩离析|100/100|[from] item: Leftovers
|upkeep
|turn|9
|j| wdzkz
|j| crying snow
|l| crying snow
|
|t:|1667136691
|switch|p1a: 你有没有听到，孩子们的悲鸣？|Slowbro, M|100/100
|-damage|p1a: 你有没有听到，孩子们的悲鸣？|88/100|[from] Stealth Rock
|move|p2a: grenouille prague|U-turn|p1a: 你有没有听到，孩子们的悲鸣？
|-supereffective|p1a: 你有没有听到，孩子们的悲鸣？
|-damage|p1a: 你有没有听到，孩子们的悲鸣？|58/100
|-damage|p2a: grenouille prague|72/100|[from] item: Rocky Helmet|[of] p1a: 你有没有听到，孩子们的悲鸣？
|
|t:|1667136697
|switch|p2a: johann liebert|Tyranitar, M, shiny|100/100|[from]move: U-turn
|-damage|p2a: johann liebert|88/100|[from] Stealth Rock
|
|-weather|none
|upkeep
|turn|10
|
|t:|1667136708
|switch|p1a: 这是我烤的甜甜花酿姬|Zapdos-Galar, shiny|100/100
|-damage|p1a: 这是我烤的甜甜花酿姬|88/100|[from] Stealth Rock
|move|p2a: johann liebert|Crunch|p1a: 这是我烤的甜甜花酿姬
|-resisted|p1a: 这是我烤的甜甜花酿姬
|-damage|p1a: 这是我烤的甜甜花酿姬|47/100
|
|upkeep
|turn|11
|
|t:|1667136713
|switch|p1a: 你是否感受到，城市在分崩离析|Heatran, F, shiny|100/100
|-damage|p1a: 你是否感受到，城市在分崩离析|88/100|[from] Stealth Rock
|switch|p2a: perz|Zapdos, shiny|66/100
|
|-heal|p1a: 你是否感受到，城市在分崩离析|94/100|[from] item: Leftovers
|upkeep
|turn|12
|
|t:|1667136719
|switch|p2a: johann liebert|Tyranitar, M, shiny|88/100
|-damage|p2a: johann liebert|76/100|[from] Stealth Rock
|-weather|Sandstorm|[from] ability: Sand Stream|[of] p2a: johann liebert
|move|p1a: 你是否感受到，城市在分崩离析|Magma Storm|p2a: johann liebert
|-resisted|p2a: johann liebert
|-damage|p2a: johann liebert|60/100
|-activate|p2a: johann liebert|move: Magma Storm|[of] p1a: 你是否感受到，城市在分崩离析
|
|-weather|Sandstorm|[upkeep]
|-heal|p1a: 你是否感受到，城市在分崩离析|100/100|[from] item: Leftovers
|-damage|p2a: johann liebert|48/100|[from] move: Magma Storm|[partiallytrapped]
|upkeep
|turn|13
|
|t:|1667136726
|switch|p1a: 草，谢谢你|Kartana, shiny|100/100
|-damage|p1a: 草，谢谢你|94/100|[from] Stealth Rock
|move|p2a: johann liebert|Superpower|p1a: 草，谢谢你
|-supereffective|p1a: 草，谢谢你
|-damage|p1a: 草，谢谢你|0 fnt
|-unboost|p2a: johann liebert|atk|1
|-unboost|p2a: johann liebert|def|1
|faint|p1a: 草，谢谢你
|
|-weather|Sandstorm|[upkeep]
|-end|p2a: johann liebert|Magma Storm|[partiallytrapped]|[silent]
|upkeep
|
|t:|1667136735
|switch|p1a: 你是否感受到，城市在分崩离析|Heatran, F, shiny|100/100
|-damage|p1a: 你是否感受到，城市在分崩离析|88/100|[from] Stealth Rock
|turn|14
|
|t:|1667136742
|switch|p1a: 你有没有听到，孩子们的悲鸣？|Slowbro, M|91/100
|-damage|p1a: 你有没有听到，孩子们的悲鸣？|78/100|[from] Stealth Rock
|move|p2a: johann liebert|Superpower|p1a: 你有没有听到，孩子们的悲鸣？
|-resisted|p1a: 你有没有听到，孩子们的悲鸣？
|-damage|p1a: 你有没有听到，孩子们的悲鸣？|65/100
|-unboost|p2a: johann liebert|atk|1
|-unboost|p2a: johann liebert|def|1
|-damage|p2a: johann liebert|32/100|[from] item: Rocky Helmet|[of] p1a: 你有没有听到，孩子们的悲鸣？
|
|-weather|Sandstorm|[upkeep]
|-damage|p1a: 你有没有听到，孩子们的悲鸣？|59/100|[from] Sandstorm
|upkeep
|turn|15
|c|☆SiriCelebi|枯
|
|t:|1667136755
|switch|p2a: pangela perkel|Ferrothorn, F, shiny|97/100
|-damage|p2a: pangela perkel|91/100|[from] Stealth Rock
|move|p1a: 你有没有听到，孩子们的悲鸣？|Teleport|p1a: 你有没有听到，孩子们的悲鸣？
|
|t:|1667136758
|switch|p1a: 你是否感受到，城市在分崩离析|Heatran, F, shiny|88/100|[from]move: Teleport
|-damage|p1a: 你是否感受到，城市在分崩离析|76/100|[from] Stealth Rock
|
|-weather|Sandstorm|[upkeep]
|-heal|p1a: 你是否感受到，城市在分崩离析|82/100|[from] item: Leftovers
|-heal|p2a: pangela perkel|97/100|[from] item: Leftovers
|upkeep
|turn|16
|
|t:|1667136761
|switch|p2a: Salut ayouko|Pelipper, M, shiny|100/100
|-damage|p2a: Salut ayouko|76/100|[from] Stealth Rock
|-weather|RainDance|[from] ability: Drizzle|[of] p2a: Salut ayouko
|move|p1a: 你是否感受到，城市在分崩离析|Magma Storm|p2a: Salut ayouko
|-resisted|p2a: Salut ayouko
|-damage|p2a: Salut ayouko|57/100
|-activate|p2a: Salut ayouko|move: Magma Storm|[of] p1a: 你是否感受到，城市在分崩离析
|
|-weather|RainDance|[upkeep]
|-heal|p1a: 你是否感受到，城市在分崩离析|88/100|[from] item: Leftovers
|-damage|p2a: Salut ayouko|45/100|[from] move: Magma Storm|[partiallytrapped]
|upkeep
|turn|17
|
|t:|1667136768
|move|p1a: 你是否感受到，城市在分崩离析|Taunt|p2a: Salut ayouko
|-start|p2a: Salut ayouko|move: Taunt
|move|p2a: Salut ayouko|Weather Ball|p1a: 你是否感受到，城市在分崩离析
|-supereffective|p1a: 你是否感受到，城市在分崩离析
|-damage|p1a: 你是否感受到，城市在分崩离析|0 fnt
|faint|p1a: 你是否感受到，城市在分崩离析
|
|-weather|RainDance|[upkeep]
|-end|p2a: Salut ayouko|Magma Storm|[partiallytrapped]|[silent]
|upkeep
|
|t:|1667136773
|switch|p1a: 你有没有听到，孩子们的悲鸣？|Slowbro, M|92/100
|-damage|p1a: 你有没有听到，孩子们的悲鸣？|80/100|[from] Stealth Rock
|turn|18
|
|t:|1667136775
|move|p2a: Salut ayouko|Weather Ball|p1a: 你有没有听到，孩子们的悲鸣？
|-resisted|p1a: 你有没有听到，孩子们的悲鸣？
|-crit|p1a: 你有没有听到，孩子们的悲鸣？
|-damage|p1a: 你有没有听到，孩子们的悲鸣？|0 fnt
|faint|p1a: 你有没有听到，孩子们的悲鸣？
|
|-weather|RainDance|[upkeep]
|upkeep
|
|t:|1667136780
|switch|p1a: 朋友不再是朋友，家园不再是家园|Landorus-Therian, M, shiny|38/100
|-damage|p1a: 朋友不再是朋友，家园不再是家园|26/100|[from] Stealth Rock
|-ability|p1a: 朋友不再是朋友，家园不再是家园|Intimidate|boost
|-unboost|p2a: Salut ayouko|atk|1
|turn|19
|
|t:|1667136782
|move|p1a: 朋友不再是朋友，家园不再是家园|Rock Tomb|p2a: Salut ayouko
|-supereffective|p2a: Salut ayouko
|-damage|p2a: Salut ayouko|0 fnt
|faint|p2a: Salut ayouko
|
|-weather|RainDance|[upkeep]
|-heal|p1a: 朋友不再是朋友，家园不再是家园|32/100|[from] item: Leftovers
|upkeep
|
|t:|1667136784
|switch|p2a: grenouille prague|Urshifu-Rapid-Strike, F|72/100
|-damage|p2a: grenouille prague|66/100|[from] Stealth Rock
|turn|20
|
|t:|1667136788
|move|p2a: grenouille prague|Surging Strikes|p1a: 朋友不再是朋友，家园不再是家园
|-supereffective|p1a: 朋友不再是朋友，家园不再是家园
|-crit|p1a: 朋友不再是朋友，家园不再是家园
|-damage|p1a: 朋友不再是朋友，家园不再是家园|0 fnt
|faint|p1a: 朋友不再是朋友，家园不再是家园
|-hitcount|p1: 朋友不再是朋友，家园不再是家园|1
|
|-weather|none
|upkeep
|
|t:|1667136797
|switch|p1a: 这是我烤的甜甜花酿姬|Zapdos-Galar, shiny|47/100
|-damage|p1a: 这是我烤的甜甜花酿姬|34/100|[from] Stealth Rock
|turn|21
|
|t:|1667136801
|switch|p2a: johann liebert|Tyranitar, M, shiny|32/100
|-damage|p2a: johann liebert|19/100|[from] Stealth Rock
|-weather|Sandstorm|[from] ability: Sand Stream|[of] p2a: johann liebert
|move|p1a: 这是我烤的甜甜花酿姬|Brave Bird|p2a: johann liebert
|-resisted|p2a: johann liebert
|-damage|p2a: johann liebert|0 fnt
|faint|p2a: johann liebert
|-damage|p1a: 这是我烤的甜甜花酿姬|28/100|[from] Recoil
|
|-weather|Sandstorm|[upkeep]
|-damage|p1a: 这是我烤的甜甜花酿姬|22/100|[from] Sandstorm
|upkeep
|
|t:|1667136803
|switch|p2a: drill fr 5 hey hey|Excadrill, F, shiny|100/100
|-damage|p2a: drill fr 5 hey hey|97/100|[from] Stealth Rock
|turn|22
|
|t:|1667136806
|move|p2a: drill fr 5 hey hey|Iron Head|p1a: 这是我烤的甜甜花酿姬
|-damage|p1a: 这是我烤的甜甜花酿姬|0 fnt
|faint|p1a: 这是我烤的甜甜花酿姬
|
|-weather|Sandstorm|[upkeep]
|-heal|p2a: drill fr 5 hey hey|100/100|[from] item: Leftovers
|upkeep
|-message|SiriCelebi forfeited.
|
|win|nimed beatches
|n|☆SiriCelebi|siricelebi
|n|☆nimed beatches|nimedbeatches
|n| josefjosda|josefjosda
|n| shuo硕德er|shuoer
|n| czcyf|czcyf
|n| Rain the god|rainthegod
|n| wdzkz|wdzkz
