|uhtml|report-battle|<b>将对战链接公开到:</b> <button class="button" name="send" value="/reportto skypillar">Sky Pillar</button><button class="button" name="send" value="/reportto shinx">Shinx</button>
|j|☆xqiht
|j|☆Ferrothornail草钢甲
|t:|1663417297
|gametype|singles
|player|p1|xqiht|elesa-gen5bw2|
|player|p2|Ferrothornail草钢甲|acetrainer-gen4dp|
|teamsize|p1|6
|teamsize|p2|6
|gen|8
|tier|[Gen 8] OU
|rated|Tournament battle
|rule|Sleep Clause Mod: Limit one foe put to sleep
|rule|Species Clause: Limit one of each Pokémon
|rule|OHKO Clause: OHKO moves are banned
|rule|Evasion Items Clause: Evasion items are banned
|rule|Evasion Moves Clause: Evasion moves are banned
|rule|Endless Battle Clause: Forcing endless battles is banned
|rule|HP Percentage Mod: HP is shown in percentages
|rule|Dynamax Clause: You cannot dynamax
|clearpoke
|poke|p1|Urshifu-*, M|
|poke|p1|Tyranitar, F|
|poke|p1|Excadrill, M|
|poke|p1|Zapdos|
|poke|p1|Ferrothorn, M|
|poke|p1|Tapu Lele|
|poke|p2|Hatterene, F|
|poke|p2|Cresselia, F|
|poke|p2|Porygon2|
|poke|p2|Marowak-Alola, M|
|poke|p2|Crawdaunt, M|
|poke|p2|Melmetal|
|teampreview
|
|t:|1663417319
|start
|switch|p1a: Excadrill|Excadrill, M|100/100
|switch|p2a: Hatterene|Hatterene, F|100/100
|turn|1
|
|t:|1663417327
|move|p1a: Excadrill|Iron Head|p2a: Hatterene
|-supereffective|p2a: Hatterene
|-enditem|p2a: Hatterene|Focus Sash
|-damage|p2a: Hatterene|1/100
|move|p2a: Hatterene|Mystical Fire|p1a: Excadrill
|-supereffective|p1a: Excadrill
|-damage|p1a: Excadrill|15/100
|-unboost|p1a: Excadrill|spa|1
|
|upkeep
|turn|2
|
|t:|1663417342
|switch|p2a: Cresselia|Cresselia, F|100/100
|move|p1a: Excadrill|Iron Head|p2a: Cresselia
|-damage|p2a: Cresselia|68/100
|
|upkeep
|turn|3
|
|t:|1663417348
|move|p1a: Excadrill|Iron Head|p2a: Cresselia
|-damage|p2a: Cresselia|34/100
|move|p2a: Cresselia|Trick Room|p2a: Cresselia
|-fieldstart|move: Trick Room|[of] p2a: Cresselia
|
|upkeep
|turn|4
|c|☆xqiht|可恶
|c|☆xqiht|这不畏缩
|
|t:|1663417365
|move|p2a: Cresselia|Ice Beam|p1a: Excadrill
|-damage|p1a: Excadrill|0 fnt
|faint|p1a: Excadrill
|
|upkeep
|
|t:|1663417372
|switch|p1a: Ferrothorn|Ferrothorn, M|100/100
|turn|5
|
|t:|1663417376
|move|p1a: Ferrothorn|Knock Off|p2a: Cresselia
|-supereffective|p2a: Cresselia
|-damage|p2a: Cresselia|14/100
|-enditem|p2a: Cresselia|Mental Herb|[from] move: Knock Off|[of] p1a: Ferrothorn
|move|p2a: Cresselia|Lunar Dance|p2a: Cresselia
|faint|p2a: Cresselia
|
|upkeep
|
|t:|1663417380
|switch|p2a: Hatterene|Hatterene, F|1/100
|-heal|p2a: Hatterene|100/100|[from] move: Lunar Dance
|turn|6
|
|t:|1663417387
|switch|p1a: Tyranitar|Tyranitar, F|100/100
|-weather|Sandstorm|[from] ability: Sand Stream|[of] p1a: Tyranitar
|move|p2a: Hatterene|Mystical Fire|p1a: Tyranitar
|-resisted|p1a: Tyranitar
|-damage|p1a: Tyranitar|91/100
|-unboost|p1a: Tyranitar|spa|1
|
|-weather|Sandstorm|[upkeep]
|-damage|p2a: Hatterene|95/100|[from] Sandstorm
|upkeep
|turn|7
|
|t:|1663417393
|switch|p2a: Porygon2|Porygon2|100/100
|-ability|p2a: Porygon2|Download|boost
|-boost|p2a: Porygon2|spa|1
|move|p1a: Tyranitar|Crunch|p2a: Porygon2
|-damage|p2a: Porygon2|51/100
|-unboost|p2a: Porygon2|def|1
|
|-weather|Sandstorm|[upkeep]
|-damage|p2a: Porygon2|45/100|[from] Sandstorm
|-fieldend|move: Trick Room
|upkeep
|turn|8
|c|☆Ferrothornail草钢甲|可恶
|c|☆Ferrothornail草钢甲|算了
|c|☆Ferrothornail草钢甲|润了
|-message|Ferrothornail草钢甲 forfeited.
|
|win|xqiht
|n|☆xqiht|xqiht
|n|☆Ferrothornail草钢甲|ferrothornail
