|uhtml|report-battle|<b>将对战链接公开到:</b> <button class="button" name="send" value="/reportto skypillar">Sky Pillar</button><button class="button" name="send" value="/reportto shinx">Shinx</button>
|j|☆yokobaby
|j|☆rakukeika
|t:|1666180910
|gametype|singles
|player|p1|yokobaby|cynthia-masters|
|player|p2|rakukeika|rakukeika.png|
|teamsize|p1|6
|teamsize|p2|6
|gen|8
|tier|[Gen 8] OU
|rule|Sleep Clause Mod: Limit one foe put to sleep
|rule|Species Clause: Limit one of each Pokémon
|rule|OHKO Clause: OHKO moves are banned
|rule|Evasion Items Clause: Evasion items are banned
|rule|Evasion Moves Clause: Evasion moves are banned
|rule|Endless Battle Clause: Forcing endless battles is banned
|rule|HP Percentage Mod: HP is shown in percentages
|rule|Dynamax Clause: You cannot dynamax
|clearpoke
|poke|p1|Nihilego|
|poke|p1|Zapdos-Galar|
|poke|p1|Kartana|
|poke|p1|Celesteela|
|poke|p1|Garchomp, F|
|poke|p1|Tapu Fini|
|poke|p2|Nihilego|
|poke|p2|Zapdos-Galar|
|poke|p2|Kartana|
|poke|p2|Celesteela|
|poke|p2|Garchomp, M|
|poke|p2|Tapu Fini|
|teampreview
|c|☆rakukeika|笑死
|c|☆yokobaby|屌
|
|t:|1666180968
|start
|switch|p1a: Zapdos|Zapdos-Galar|100/100
|switch|p2a: Zapdos|Zapdos-Galar|100/100
|turn|1
|j| yiyue
|
|t:|1666180987
|move|p1a: Zapdos|Brave Bird|p2a: Zapdos
|-supereffective|p2a: Zapdos
|-damage|p2a: Zapdos|0 fnt
|faint|p2a: Zapdos
|-damage|p1a: Zapdos|67/100|[from] Recoil
|
|upkeep
|c|☆yokobaby|sry
|
|t:|1666181007
|switch|p2a: Nihilego|Nihilego|100/100
|turn|2
|
|t:|1666181031
|switch|p2a: Tapu Fini|Tapu Fini|100/100
|-fieldstart|move: Misty Terrain|[from] ability: Misty Surge|[of] p2a: Tapu Fini
|switch|p1a: Garchomp|Garchomp, F|100/100
|
|upkeep
|turn|3
|j| nightsuwu
|
|t:|1666181040
|move|p1a: Garchomp|Stealth Rock|p2a: Tapu Fini
|-sidestart|p2: rakukeika|move: Stealth Rock
|move|p2a: Tapu Fini|Calm Mind|p2a: Tapu Fini
|-boost|p2a: Tapu Fini|spa|1
|-boost|p2a: Tapu Fini|spd|1
|
|upkeep
|turn|4
|c| yiyue|你为什么要玩这么哈皮的队伍呢 哎
|c|☆rakukeika|呃呃
|
|t:|1666181048
|move|p1a: Garchomp|Earthquake|p2a: Tapu Fini
|-damage|p2a: Tapu Fini|67/100
|move|p2a: Tapu Fini|Scald|p1a: Garchomp
|-damage|p1a: Garchomp|63/100
|
|-heal|p2a: Tapu Fini|73/100|[from] item: Leftovers
|upkeep
|turn|5
|j| kaifengyyds
|
|t:|1666181063
|switch|p1a: Kartana|Kartana|100/100
|move|p2a: Tapu Fini|Draining Kiss|p1a: Kartana
|-resisted|p1a: Kartana
|-damage|p1a: Kartana|64/100
|-heal|p2a: Tapu Fini|94/100|[from] drain|[of] p1a: Kartana
|
|-heal|p2a: Tapu Fini|99/100|[from] item: Leftovers
|upkeep
|turn|6
|j| Yaeiko
|
|t:|1666181110
|switch|p2a: Kartana|Kartana|100/100
|-damage|p2a: Kartana|94/100|[from] Stealth Rock
|move|p1a: Kartana|Leaf Blade|p2a: Kartana
|-resisted|p2a: Kartana
|-damage|p2a: Kartana|78/100
|
|-fieldend|Misty Terrain
|upkeep
|turn|7
|
|t:|1666181115
|switch|p1a: Zapdos|Zapdos-Galar|67/100
|move|p2a: Kartana|Knock Off|p1a: Zapdos
|-resisted|p1a: Zapdos
|-damage|p1a: Zapdos|40/100
|-enditem|p1a: Zapdos|Choice Band|[from] move: Knock Off|[of] p2a: Kartana
|
|upkeep
|turn|8
|
|t:|1666181134
|move|p2a: Kartana|Knock Off|p1a: Zapdos
|-resisted|p1a: Zapdos
|-damage|p1a: Zapdos|24/100
|move|p1a: Zapdos|Close Combat|p2a: Kartana
|-supereffective|p2a: Kartana
|-damage|p2a: Kartana|0 fnt
|-unboost|p1a: Zapdos|def|1
|-unboost|p1a: Zapdos|spd|1
|faint|p2a: Kartana
|
|upkeep
|
|t:|1666181157
|switch|p2a: Nihilego|Nihilego|100/100
|-damage|p2a: Nihilego|88/100|[from] Stealth Rock
|turn|9
|j| jushu114514
|
|t:|1666181166
|switch|p1a: Garchomp|Garchomp, F|63/100
|move|p2a: Nihilego|Power Gem|p1a: Garchomp
|-resisted|p1a: Garchomp
|-damage|p1a: Garchomp|44/100
|
|upkeep
|turn|10
|c| jushu114514|不如丁真
|
|t:|1666181174
|switch|p2a: Tapu Fini|Tapu Fini|99/100
|-damage|p2a: Tapu Fini|88/100|[from] Stealth Rock
|-fieldstart|move: Misty Terrain|[from] ability: Misty Surge|[of] p2a: Tapu Fini
|move|p1a: Garchomp|Earthquake|p2a: Tapu Fini
|-damage|p2a: Tapu Fini|54/100
|
|-heal|p2a: Tapu Fini|61/100|[from] item: Leftovers
|upkeep
|turn|11
|
|t:|1666181183
|switch|p1a: Kartana|Kartana|64/100
|move|p2a: Tapu Fini|Scald|p1a: Kartana
|-resisted|p1a: Kartana
|-damage|p1a: Kartana|17/100
|
|-heal|p2a: Tapu Fini|67/100|[from] item: Leftovers
|upkeep
|turn|12
|
|t:|1666181202
|move|p1a: Kartana|Leaf Blade|p2a: Tapu Fini
|-supereffective|p2a: Tapu Fini
|-damage|p2a: Tapu Fini|0 fnt
|faint|p2a: Tapu Fini
|-ability|p1a: Kartana|Beast Boost|boost
|-boost|p1a: Kartana|atk|1
|
|upkeep
|
|t:|1666181205
|switch|p2a: Celesteela|Celesteela|100/100
|-damage|p2a: Celesteela|88/100|[from] Stealth Rock
|turn|13
|
|t:|1666181214
|switch|p1a: Nihilego|Nihilego|100/100
|move|p2a: Celesteela|Autotomize|p2a: Celesteela
|-boost|p2a: Celesteela|spe|2
|-start|p2a: Celesteela|Autotomize
|
|upkeep
|turn|14
|c| jushu114514|你这能同时用一个队
|c| jushu114514|也是巧
|
|t:|1666181222
|move|p2a: Celesteela|Meteor Beam||[still]
|-prepare|p2a: Celesteela|Meteor Beam
|-boost|p2a: Celesteela|spa|1
|-enditem|p2a: Celesteela|Power Herb
|-anim|p2a: Celesteela|Meteor Beam|p1a: Nihilego
|-damage|p1a: Nihilego|55/100
|move|p1a: Nihilego|Meteor Beam||[still]
|-prepare|p1a: Nihilego|Meteor Beam
|-boost|p1a: Nihilego|spa|1
|-enditem|p1a: Nihilego|Power Herb
|-anim|p1a: Nihilego|Meteor Beam|p2a: Celesteela|[miss]
|-miss|p1a: Nihilego|p2a: Celesteela
|
|-fieldend|Misty Terrain
|upkeep
|turn|15
|l| jushu114514
|c|☆yokobaby|...
|c| Yaeiko|谁输谁尴尬
|c| Yaeiko|乐
|inactive|Battle timer is ON: inactive players will automatically lose when time's up. (requested by yokobaby)
|
|t:|1666181285
|move|p2a: Celesteela|Meteor Beam||[still]
|-prepare|p2a: Celesteela|Meteor Beam
|-boost|p2a: Celesteela|spa|1
|move|p1a: Nihilego|Power Gem|p2a: Celesteela
|-damage|p2a: Celesteela|25/100
|
|upkeep
|turn|16
|
|t:|1666181295
|move|p2a: Celesteela|Meteor Beam|p1a: Nihilego|[from]lockedmove
|-damage|p1a: Nihilego|0 fnt
|faint|p1a: Nihilego
|-ability|p2a: Celesteela|Beast Boost|boost
|-boost|p2a: Celesteela|spa|1
|
|upkeep
|
|t:|1666181299
|switch|p1a: Kartana|Kartana|17/100
|turn|17
|
|t:|1666181309
|move|p1a: Kartana|Sacred Sword|p2a: Celesteela
|-damage|p2a: Celesteela|0 fnt
|faint|p2a: Celesteela
|-ability|p1a: Kartana|Beast Boost|boost
|-boost|p1a: Kartana|atk|1
|
|upkeep
|
|t:|1666181322
|switch|p2a: Garchomp|Garchomp, M|100/100
|-damage|p2a: Garchomp|94/100|[from] Stealth Rock
|turn|18
|
|t:|1666181328
|switch|p1a: Zapdos|Zapdos-Galar|24/100
|move|p2a: Garchomp|Stealth Rock|p1a: Zapdos
|-sidestart|p1: yokobaby|move: Stealth Rock
|
|upkeep
|turn|19
|
|t:|1666181333
|move|p2a: Garchomp|Fire Blast|p1a: Zapdos
|-damage|p1a: Zapdos|3/100
|move|p1a: Zapdos|Close Combat|p2a: Garchomp
|-damage|p2a: Garchomp|46/100
|-unboost|p1a: Zapdos|def|1
|-unboost|p1a: Zapdos|spd|1
|-damage|p1a: Zapdos|0 fnt|[from] ability: Rough Skin|[of] p2a: Garchomp
|faint|p1a: Zapdos
|
|upkeep
|
|t:|1666181343
|switch|p1a: Celesteela|Celesteela|100/100
|-damage|p1a: Celesteela|88/100|[from] Stealth Rock
|turn|20
|
|t:|1666181347
|move|p2a: Garchomp|Fire Blast|p1a: Celesteela
|-supereffective|p1a: Celesteela
|-damage|p1a: Celesteela|50/100
|move|p1a: Celesteela|Autotomize|p1a: Celesteela
|-boost|p1a: Celesteela|spe|2
|-start|p1a: Celesteela|Autotomize
|
|upkeep
|turn|21
|
|t:|1666181351
|move|p1a: Celesteela|Air Slash|p2a: Garchomp
|-damage|p2a: Garchomp|10/100
|cant|p2a: Garchomp|flinch
|
|upkeep
|turn|22
|
|t:|1666181354
|move|p1a: Celesteela|Meteor Beam||[still]
|-prepare|p1a: Celesteela|Meteor Beam
|-boost|p1a: Celesteela|spa|1
|-enditem|p1a: Celesteela|Power Herb
|-anim|p1a: Celesteela|Meteor Beam|p2a: Garchomp
|-resisted|p2a: Garchomp
|-damage|p2a: Garchomp|0 fnt
|faint|p2a: Garchomp
|-ability|p1a: Celesteela|Beast Boost|boost
|-boost|p1a: Celesteela|spa|1
|
|upkeep
|
|t:|1666181357
|switch|p2a: Nihilego|Nihilego|88/100
|-damage|p2a: Nihilego|76/100|[from] Stealth Rock
|turn|23
|
|t:|1666181359
|move|p1a: Celesteela|Air Slash|p2a: Nihilego|[miss]
|-miss|p1a: Celesteela|p2a: Nihilego
|move|p2a: Nihilego|Meteor Beam||[still]
|-prepare|p2a: Nihilego|Meteor Beam
|-boost|p2a: Nihilego|spa|1
|-enditem|p2a: Nihilego|Power Herb
|-anim|p2a: Nihilego|Meteor Beam|p1a: Celesteela
|-damage|p1a: Celesteela|0 fnt
|faint|p1a: Celesteela
|-ability|p2a: Nihilego|Beast Boost|boost
|-boost|p2a: Nihilego|spe|1
|
|upkeep
|
|t:|1666181362
|switch|p1a: Kartana|Kartana|17/100
|-damage|p1a: Kartana|11/100|[from] Stealth Rock
|turn|24
|
|t:|1666181367
|move|p1a: Kartana|Smart Strike|p2a: Nihilego
|-supereffective|p2a: Nihilego
|-damage|p2a: Nihilego|0 fnt
|faint|p2a: Nihilego
|
|win|yokobaby
|c|☆yokobaby|gg
|l| yiyue
|l| kaifengyyds
|l| nightsuwu
|j| jushu114514
|l| jushu114514
|l|☆yokobaby
|l| Yaeiko
