|raw|<div class="broadcast-blue"><strong>This battle is required to be public due to a player having a name starting with 'sl21vx'.</div>
|j|☆lonietzzz
|j|☆SL21VX hybone
|t:|1641092774
|gametype|singles
|player|p1|lonietzzz|swimmerf-gen4dp|1425
|player|p2|SL21VX hybone|jogger|1387
|teamsize|p1|6
|teamsize|p2|6
|gen|8
|tier|[Gen 8] OU
|rated|
|rule|Sleep Clause Mod: Limit one foe put to sleep
|rule|Species Clause: Limit one of each Pokémon
|rule|OHKO Clause: OHKO moves are banned
|rule|Evasion Moves Clause: Evasion moves are banned
|rule|Endless Battle Clause: Forcing endless battles is banned
|rule|HP Percentage Mod: HP is shown in percentages
|rule|Dynamax Clause: You cannot dynamax
|clearpoke
|poke|p1|Excadrill, F|
|poke|p1|Garchomp, M|
|poke|p1|Kartana|
|poke|p1|Toxapex, F|
|poke|p1|Tyranitar, M|
|poke|p1|Landorus-Therian, M|
|poke|p2|Tapu Fini|
|poke|p2|Magnezone|
|poke|p2|Blissey, F|
|poke|p2|Melmetal|
|poke|p2|Dragapult, M|
|poke|p2|Landorus-Therian, M|
|teampreview
|j|&starmind
|j| SL21VX tangkeke
|inactive|Battle timer is ON: inactive players will automatically lose when time's up. (requested by lonietzzz)
|j|+Amethyst pupil
|
|t:|1641092810
|start
|switch|p1a: Landorus|Landorus-Therian, M|100/100
|switch|p2a: Tapu Fini|Tapu Fini|100/100
|-fieldstart|move: Misty Terrain|[from] ability: Misty Surge|[of] p2a: Tapu Fini
|-ability|p1a: Landorus|Intimidate|boost
|-unboost|p2a: Tapu Fini|atk|1
|turn|1
|j| SL21VXJqlove
|
|t:|1641092825
|switch|p1a: Kartana|Kartana|100/100
|move|p2a: Tapu Fini|Calm Mind|p2a: Tapu Fini
|-boost|p2a: Tapu Fini|spa|1
|-boost|p2a: Tapu Fini|spd|1
|
|upkeep
|turn|2
|j|♚lzaaaaa
|
|t:|1641092835
|switch|p2a: Melmetal|Melmetal|100/100
|move|p1a: Kartana|Leaf Blade|p2a: Melmetal
|-resisted|p2a: Melmetal
|-damage|p2a: Melmetal|77/100
|-damage|p1a: Kartana|91/100|[from] item: Life Orb
|
|upkeep
|turn|3
|
|t:|1641092846
|switch|p1a: Toxapex|Toxapex, F|100/100
|switch|p2a: Landorus|Landorus-Therian, M|100/100
|-ability|p2a: Landorus|Intimidate|boost
|-unboost|p1a: Toxapex|atk|1
|
|upkeep
|turn|4
|
|t:|1641092851
|move|p2a: Landorus|U-turn|p1a: Toxapex
|-resisted|p1a: Toxapex
|-crit|p1a: Toxapex
|-damage|p1a: Toxapex|90/100
|-damage|p2a: Landorus|84/100|[from] item: Rocky Helmet|[of] p1a: Toxapex
|
|t:|1641092866
|switch|p2a: Blissey|Blissey, F|100/100|[from]move: U-turn
|move|p1a: Toxapex|Toxic Spikes|p2a: Blissey
|-sidestart|p2: SL21VX hybone|move: Toxic Spikes
|
|upkeep
|turn|5
|j| SL21VX jitousb
|
|t:|1641092886
|switch|p2a: Tapu Fini|Tapu Fini|100/100
|switch|p1a: Landorus|Landorus-Therian, M|100/100
|-ability|p1a: Landorus|Intimidate|boost
|-unboost|p2a: Tapu Fini|atk|1
|
|-fieldend|Misty Terrain
|upkeep
|turn|6
|
|t:|1641092895
|switch|p1a: Toxapex|Toxapex, F|100/100
|move|p2a: Tapu Fini|Scald|p1a: Toxapex
|-resisted|p1a: Toxapex
|-damage|p1a: Toxapex|90/100
|
|upkeep
|turn|7
|
|t:|1641092899
|switch|p1a: Kartana|Kartana|91/100
|move|p2a: Tapu Fini|Taunt|p1a: Kartana
|-start|p1a: Kartana|move: Taunt
|
|upkeep
|turn|8
|j| Gladiia
|
|t:|1641092918
|switch|p2a: Dragapult|Dragapult, M|100/100
|-status|p2a: Dragapult|psn
|move|p1a: Kartana|Leaf Blade|p2a: Dragapult
|-resisted|p2a: Dragapult
|-damage|p2a: Dragapult|49/100 psn
|-damage|p1a: Kartana|81/100|[from] item: Life Orb
|
|-damage|p2a: Dragapult|36/100 psn|[from] psn
|upkeep
|turn|9
|j| SL21VXwangyu
|
|t:|1641092928
|switch|p1a: Tyranitar|Tyranitar, M|100/100
|-weather|Sandstorm|[from] ability: Sand Stream|[of] p1a: Tyranitar
|move|p2a: Dragapult|Draco Meteor|p1a: Tyranitar
|-damage|p1a: Tyranitar|67/100
|-unboost|p2a: Dragapult|spa|2
|
|-weather|Sandstorm|[upkeep]
|-damage|p2a: Dragapult|30/100 psn|[from] Sandstorm
|-heal|p1a: Tyranitar|73/100|[from] item: Leftovers
|-damage|p2a: Dragapult|18/100 psn|[from] psn
|upkeep
|turn|10
|
|t:|1641092939
|switch|p2a: Landorus|Landorus-Therian, M|84/100
|-ability|p2a: Landorus|Intimidate|boost
|-unboost|p1a: Tyranitar|atk|1
|move|p1a: Tyranitar|Stealth Rock|p2a: Landorus
|-sidestart|p2: SL21VX hybone|move: Stealth Rock
|
|-weather|Sandstorm|[upkeep]
|-heal|p1a: Tyranitar|79/100|[from] item: Leftovers
|upkeep
|turn|11
|
|t:|1641092944
|move|p1a: Tyranitar|Protect|p1a: Tyranitar
|-singleturn|p1a: Tyranitar|Protect
|move|p2a: Landorus|Stealth Rock|p1a: Tyranitar
|-sidestart|p1: lonietzzz|move: Stealth Rock
|
|-weather|Sandstorm|[upkeep]
|-heal|p1a: Tyranitar|85/100|[from] item: Leftovers
|upkeep
|turn|12
|
|t:|1641092948
|switch|p1a: Landorus|Landorus-Therian, M|100/100
|-damage|p1a: Landorus|88/100|[from] Stealth Rock
|-ability|p1a: Landorus|Intimidate|boost
|-unboost|p2a: Landorus|atk|1
|move|p2a: Landorus|Knock Off|p1a: Landorus
|-crit|p1a: Landorus
|-damage|p1a: Landorus|57/100
|-damage|p2a: Landorus|68/100|[from] item: Rocky Helmet|[of] p1a: Landorus
|-enditem|p1a: Landorus|Rocky Helmet|[from] move: Knock Off|[of] p2a: Landorus
|
|-weather|Sandstorm|[upkeep]
|upkeep
|turn|13
|
|t:|1641092953
|move|p2a: Landorus|U-turn|p1a: Landorus
|-resisted|p1a: Landorus
|-damage|p1a: Landorus|53/100
|
|t:|1641092955
|switch|p2a: Tapu Fini|Tapu Fini|100/100|[from]move: U-turn
|-status|p2a: Tapu Fini|psn
|-damage|p2a: Tapu Fini|88/100 psn|[from] Stealth Rock
|-fieldstart|move: Misty Terrain|[from] ability: Misty Surge|[of] p2a: Tapu Fini
|move|p1a: Landorus|Toxic||[still]
|-fail|p1a: Landorus
|
|-weather|none
|-heal|p2a: Tapu Fini|94/100 psn|[from] item: Leftovers
|-damage|p2a: Tapu Fini|82/100 psn|[from] psn
|upkeep
|turn|14
|
|t:|1641092960
|switch|p1a: Toxapex|Toxapex, F|100/100
|-damage|p1a: Toxapex|88/100|[from] Stealth Rock
|move|p2a: Tapu Fini|Calm Mind|p2a: Tapu Fini
|-boost|p2a: Tapu Fini|spa|1
|-boost|p2a: Tapu Fini|spd|1
|
|-heal|p2a: Tapu Fini|88/100 psn|[from] item: Leftovers
|-damage|p2a: Tapu Fini|75/100 psn|[from] psn
|upkeep
|turn|15
|
|t:|1641092964
|move|p2a: Tapu Fini|Scald|p1a: Toxapex
|-resisted|p1a: Toxapex
|-crit|p1a: Toxapex
|-damage|p1a: Toxapex|64/100
|move|p1a: Toxapex|Knock Off|p2a: Tapu Fini
|-resisted|p2a: Tapu Fini
|-damage|p2a: Tapu Fini|70/100 psn
|-enditem|p2a: Tapu Fini|Leftovers|[from] move: Knock Off|[of] p1a: Toxapex
|
|-damage|p2a: Tapu Fini|57/100 psn|[from] psn
|upkeep
|turn|16
|
|t:|1641092971
|move|p2a: Tapu Fini|Scald|p1a: Toxapex
|-resisted|p1a: Toxapex
|-damage|p1a: Toxapex|46/100
|move|p1a: Toxapex|Recover|p1a: Toxapex
|-heal|p1a: Toxapex|96/100
|
|-damage|p2a: Tapu Fini|45/100 psn|[from] psn
|upkeep
|turn|17
|
|t:|1641092974
|move|p2a: Tapu Fini|Scald|p1a: Toxapex
|-resisted|p1a: Toxapex
|-damage|p1a: Toxapex|81/100
|move|p1a: Toxapex|Scald|p2a: Tapu Fini
|-resisted|p2a: Tapu Fini
|-damage|p2a: Tapu Fini|40/100 psn
|
|-damage|p2a: Tapu Fini|28/100 psn|[from] psn
|-fieldend|Misty Terrain
|upkeep
|turn|18
|
|t:|1641092977
|move|p2a: Tapu Fini|Scald|p1a: Toxapex
|-resisted|p1a: Toxapex
|-damage|p1a: Toxapex|65/100
|move|p1a: Toxapex|Knock Off|p2a: Tapu Fini
|-resisted|p2a: Tapu Fini
|-damage|p2a: Tapu Fini|24/100 psn
|
|-damage|p2a: Tapu Fini|12/100 psn|[from] psn
|upkeep
|turn|19
|
|t:|1641092986
|move|p2a: Tapu Fini|Taunt|p1a: Toxapex
|-start|p1a: Toxapex|move: Taunt
|cant|p1a: Toxapex|move: Taunt|Recover
|
|-damage|p2a: Tapu Fini|0 fnt|[from] psn
|faint|p2a: Tapu Fini
|upkeep
|
|t:|1641092999
|switch|p2a: Landorus|Landorus-Therian, M|68/100
|-damage|p2a: Landorus|55/100|[from] Stealth Rock
|-ability|p2a: Landorus|Intimidate|boost
|-unboost|p1a: Toxapex|atk|1
|turn|20
|
|t:|1641093002
|switch|p1a: Landorus|Landorus-Therian, M|53/100
|-damage|p1a: Landorus|40/100|[from] Stealth Rock
|-ability|p1a: Landorus|Intimidate|boost
|-unboost|p2a: Landorus|atk|1
|move|p2a: Landorus|Earthquake|p1a: Landorus
|-immune|p1a: Landorus
|
|upkeep
|turn|21
|
|t:|1641093008
|move|p2a: Landorus|U-turn|p1a: Landorus
|-resisted|p1a: Landorus
|-damage|p1a: Landorus|35/100
|
|t:|1641093011
|switch|p2a: Blissey|Blissey, F|100/100|[from]move: U-turn
|move|p1a: Landorus|Earthquake|p2a: Blissey
|-damage|p2a: Blissey|60/100
|
|upkeep
|turn|22
|
|t:|1641093015
|move|p1a: Landorus|U-turn|p2a: Blissey
|-damage|p2a: Blissey|39/100
|
|t:|1641093017
|switch|p1a: Excadrill|Excadrill, F|100/100|[from]move: U-turn
|-damage|p1a: Excadrill|97/100|[from] Stealth Rock
|move|p2a: Blissey|Soft-Boiled|p2a: Blissey
|-heal|p2a: Blissey|89/100
|
|-heal|p1a: Excadrill|100/100|[from] item: Leftovers
|upkeep
|turn|23
|
|t:|1641093021
|switch|p2a: Magnezone|Magnezone|100/100
|-damage|p2a: Magnezone|94/100|[from] Stealth Rock
|-item|p2a: Magnezone|Air Balloon
|move|p1a: Excadrill|Iron Head|p2a: Magnezone
|-resisted|p2a: Magnezone
|-damage|p2a: Magnezone|85/100
|-enditem|p2a: Magnezone|Air Balloon
|
|upkeep
|turn|24
|
|t:|1641093036
|switch|p2a: Landorus|Landorus-Therian, M|55/100
|-damage|p2a: Landorus|43/100|[from] Stealth Rock
|-ability|p2a: Landorus|Intimidate|boost
|-unboost|p1a: Excadrill|atk|1
|move|p1a: Excadrill|Rapid Spin|p2a: Landorus
|-crit|p2a: Landorus
|-damage|p2a: Landorus|20/100
|-boost|p1a: Excadrill|spe|1
|-damage|p1a: Excadrill|84/100|[from] item: Rocky Helmet|[of] p2a: Landorus
|-sideend|p1: lonietzzz|Stealth Rock|[from] move: Rapid Spin|[of] p1a: Excadrill
|
|-heal|p1a: Excadrill|90/100|[from] item: Leftovers
|upkeep
|turn|25
|
|t:|1641093050
|switch|p2a: Dragapult|Dragapult, M|18/100 psn
|-damage|p2a: Dragapult|6/100 psn|[from] Stealth Rock
|move|p1a: Excadrill|Iron Head|p2a: Dragapult
|-damage|p2a: Dragapult|0 fnt
|faint|p2a: Dragapult
|
|-heal|p1a: Excadrill|96/100|[from] item: Leftovers
|upkeep
|
|t:|1641093051
|switch|p2a: Melmetal|Melmetal|77/100
|-damage|p2a: Melmetal|70/100|[from] Stealth Rock
|turn|26
|
|t:|1641093064
|switch|p1a: Landorus|Landorus-Therian, M|35/100
|-ability|p1a: Landorus|Intimidate|boost
|-unboost|p2a: Melmetal|atk|1
|move|p2a: Melmetal|Double Iron Bash|p1a: Landorus
|-damage|p1a: Landorus|5/100
|-damage|p1a: Landorus|0 fnt
|faint|p1a: Landorus
|-hitcount|p1: Landorus|2
|
|upkeep
|
|t:|1641093073
|switch|p1a: Garchomp|Garchomp, M|100/100
|turn|27
|l| SL21VXJqlove
|
|t:|1641093082
|move|p1a: Garchomp|Earthquake|p2a: Melmetal
|-supereffective|p2a: Melmetal
|-damage|p2a: Melmetal|4/100
|move|p2a: Melmetal|Double Iron Bash|p1a: Garchomp
|-damage|p1a: Garchomp|57/100
|-damage|p2a: Melmetal|0 fnt|[from] ability: Rough Skin|[of] p1a: Garchomp
|faint|p2a: Melmetal
|-hitcount|p1a: Garchomp|1
|
|-heal|p1a: Garchomp|63/100|[from] item: Leftovers
|upkeep
|
|t:|1641093087
|switch|p2a: Blissey|Blissey, F|89/100
|turn|28
|
|t:|1641093093
|move|p1a: Garchomp|Substitute|p1a: Garchomp
|-start|p1a: Garchomp|Substitute
|-damage|p1a: Garchomp|38/100
|move|p2a: Blissey|Wish|p2a: Blissey
|
|-heal|p1a: Garchomp|44/100|[from] item: Leftovers
|upkeep
|turn|29
|
|t:|1641093096
|move|p1a: Garchomp|Swords Dance|p1a: Garchomp
|-boost|p1a: Garchomp|atk|2
|move|p2a: Blissey|Seismic Toss|p1a: Garchomp
|-end|p1a: Garchomp|Substitute
|
|-heal|p2a: Blissey|100/100|[from] move: Wish|[wisher] Blissey
|-heal|p1a: Garchomp|50/100|[from] item: Leftovers
|upkeep
|turn|30
|
|t:|1641093102
|move|p1a: Garchomp|Earthquake|p2a: Blissey
|-damage|p2a: Blissey|11/100
|move|p2a: Blissey|Seismic Toss|p1a: Garchomp
|-damage|p1a: Garchomp|22/100
|-damage|p2a: Blissey|0 fnt|[from] ability: Rough Skin|[of] p1a: Garchomp
|faint|p2a: Blissey
|
|-heal|p1a: Garchomp|28/100|[from] item: Leftovers
|upkeep
|-message|SL21VX hybone forfeited.
|
|win|lonietzzz
|raw|lonietzzz's rating: 1425 &rarr; <strong>1442</strong><br />(+17 for winning)
|raw|SL21VX hybone's rating: 1387 &rarr; <strong>1369</strong><br />(-18 for losing)
|l|☆SL21VX hybone
