|j|☆Swordsman.N
|j|☆bcbcbkc
|t:|1620475472
|gametype|singles
|player|p1|Swordsman.N|249|
|player|p2|bcbcbkc|clerkf|
|teamsize|p1|6
|teamsize|p2|6
|gen|8
|tier|[Gen 8] OU
|clearpoke
|poke|p1|Tyranitar, M|
|poke|p1|Slowbro, M|
|poke|p1|Excadrill, M|
|poke|p1|Tornadus-Therian, M|
|poke|p1|Skarmory, M|
|poke|p1|Amoonguss, F|
|poke|p2|Skarmory, M|
|poke|p2|Toxapex, F|
|poke|p2|Tyranitar, M|
|poke|p2|Clefable, M|
|poke|p2|Excadrill, M|
|poke|p2|Dracozolt|
|rule|Sleep Clause Mod: Limit one foe put to sleep
|rule|Species Clause: Limit one of each Pokémon
|rule|OHKO Clause: OHKO moves are banned
|rule|Evasion Moves Clause: Evasion moves are banned
|rule|Endless Battle Clause: Forcing endless battles is banned
|rule|HP Percentage Mod: HP is shown in percentages
|rule|Dynamax Clause: You cannot dynamax
|teampreview
|j| Svvordsnnam
|
|t:|1620475514
|start
|switch|p1a: Skarmory|Skarmory, M|100/100
|switch|p2a: Clefable|Clefable, M|100/100
|turn|1
|
|t:|1620475532
|switch|p1a: Amoonguss|Amoonguss, F|100/100
|move|p2a: Clefable|Knock Off|p1a: Amoonguss
|-damage|p1a: Amoonguss|88/100
|-enditem|p1a: Amoonguss|Assault Vest|[from] move: Knock Off|[of] p2a: Clefable
|
|upkeep
|turn|2
|
|t:|1620475550
|switch|p2a: Toxapex|Toxapex, F|100/100
|move|p1a: Amoonguss|Sludge Bomb|p2a: Toxapex
|-resisted|p2a: Toxapex
|-damage|p2a: Toxapex|92/100
|
|-heal|p2a: Toxapex|98/100|[from] item: Black Sludge
|upkeep
|turn|3
|
|t:|1620475570
|switch|p1a: Slowbro|Slowbro, M|100/100
|move|p2a: Toxapex|Scald|p1a: Slowbro
|-resisted|p1a: Slowbro
|-damage|p1a: Slowbro|92/100
|
|-heal|p2a: Toxapex|100/100|[from] item: Black Sludge
|upkeep
|turn|4
|
|t:|1620475583
|switch|p1a: Amoonguss|Amoonguss, F|100/100
|switch|p2a: Tyranitar|Tyranitar, M|100/100
|-weather|Sandstorm|[from] ability: Sand Stream|[of] p2a: Tyranitar
|
|-weather|Sandstorm|[upkeep]
|-damage|p1a: Amoonguss|94/100|[from] Sandstorm
|upkeep
|turn|5
|
|t:|1620475602
|move|p2a: Tyranitar|Ice Beam|p1a: Amoonguss
|-supereffective|p1a: Amoonguss
|-damage|p1a: Amoonguss|63/100
|move|p1a: Amoonguss|Giga Drain|p2a: Tyranitar
|-supereffective|p2a: Tyranitar
|-damage|p2a: Tyranitar|79/100
|-heal|p1a: Amoonguss|73/100|[from] drain|[of] p2a: Tyranitar
|
|-weather|Sandstorm|[upkeep]
|-damage|p1a: Amoonguss|67/100|[from] Sandstorm
|-heal|p2a: Tyranitar|85/100|[from] item: Leftovers
|upkeep
|turn|6
|
|t:|1620475616
|move|p2a: Tyranitar|Ice Beam|p1a: Amoonguss
|-supereffective|p1a: Amoonguss
|-damage|p1a: Amoonguss|34/100
|move|p1a: Amoonguss|Giga Drain|p2a: Tyranitar
|-supereffective|p2a: Tyranitar
|-damage|p2a: Tyranitar|64/100
|-heal|p1a: Amoonguss|43/100|[from] drain|[of] p2a: Tyranitar
|
|-weather|Sandstorm|[upkeep]
|-damage|p1a: Amoonguss|37/100|[from] Sandstorm
|-heal|p2a: Tyranitar|70/100|[from] item: Leftovers
|upkeep
|turn|7
|
|t:|1620475633
|switch|p1a: Tyranitar|Tyranitar, M|100/100
|move|p2a: Tyranitar|Thunder Wave|p1a: Tyranitar
|-status|p1a: Tyranitar|par
|
|-weather|Sandstorm|[upkeep]
|-heal|p2a: Tyranitar|76/100|[from] item: Leftovers
|upkeep
|turn|8
|
|t:|1620475649
|switch|p2a: Skarmory|Skarmory, M|100/100
|switch|p1a: Amoonguss|Amoonguss, F|71/100
|
|-weather|none
|upkeep
|turn|9
|j| goodluckwithyou
|
|t:|1620475660
|switch|p1a: Slowbro|Slowbro, M|100/100
|move|p2a: Skarmory|Spikes|p1a: Slowbro
|-sidestart|p1: Swordsman.N|Spikes
|
|upkeep
|turn|10
|l| goodluckwithyou
|
|t:|1620475678
|switch|p2a: Tyranitar|Tyranitar, M|76/100
|-weather|Sandstorm|[from] ability: Sand Stream|[of] p2a: Tyranitar
|move|p1a: Slowbro|Scald|p2a: Tyranitar
|-supereffective|p2a: Tyranitar
|-damage|p2a: Tyranitar|52/100
|-status|p2a: Tyranitar|brn
|
|-weather|Sandstorm|[upkeep]
|-damage|p1a: Slowbro|94/100|[from] Sandstorm
|-heal|p2a: Tyranitar|58/100 brn|[from] item: Leftovers
|-damage|p2a: Tyranitar|52/100 brn|[from] brn
|upkeep
|turn|11
|
|t:|1620475701
|move|p2a: Tyranitar|Ice Beam|p1a: Slowbro
|-resisted|p1a: Slowbro
|-damage|p1a: Slowbro|83/100
|-status|p1a: Slowbro|frz
|cant|p1a: Slowbro|frz
|
|-weather|Sandstorm|[upkeep]
|-damage|p1a: Slowbro|77/100 frz|[from] Sandstorm
|-heal|p2a: Tyranitar|58/100 brn|[from] item: Leftovers
|-damage|p2a: Tyranitar|52/100 brn|[from] brn
|upkeep
|turn|12
|
|t:|1620475715
|move|p2a: Tyranitar|Rest|p2a: Tyranitar
|-status|p2a: Tyranitar|slp|[from] move: Rest
|-heal|p2a: Tyranitar|100/100 slp|[silent]
|cant|p1a: Slowbro|frz
|
|-weather|Sandstorm|[upkeep]
|-damage|p1a: Slowbro|71/100 frz|[from] Sandstorm
|upkeep
|turn|13
|
|t:|1620475726
|cant|p2a: Tyranitar|slp
|-curestatus|p1a: Slowbro|frz|[from] move: Scald
|move|p1a: Slowbro|Scald|p2a: Tyranitar
|-supereffective|p2a: Tyranitar
|-damage|p2a: Tyranitar|78/100 slp
|
|-weather|Sandstorm|[upkeep]
|-damage|p1a: Slowbro|65/100|[from] Sandstorm
|-heal|p2a: Tyranitar|84/100 slp|[from] item: Leftovers
|upkeep
|turn|14
|
|t:|1620475738
|cant|p2a: Tyranitar|slp
|move|p1a: Slowbro|Teleport|p1a: Slowbro
|
|t:|1620475741
|switch|p1a: Excadrill|Excadrill, M|100/100|[from]move: Teleport
|-damage|p1a: Excadrill|88/100|[from] Spikes
|
|-weather|none
|-heal|p1a: Excadrill|94/100|[from] item: Leftovers
|-heal|p2a: Tyranitar|90/100 slp|[from] item: Leftovers
|upkeep
|turn|15
|
|t:|1620475759
|switch|p2a: Skarmory|Skarmory, M|100/100
|move|p1a: Excadrill|Rapid Spin|p2a: Skarmory
|-resisted|p2a: Skarmory
|-damage|p2a: Skarmory|96/100
|-boost|p1a: Excadrill|spe|1
|-damage|p1a: Excadrill|78/100|[from] item: Rocky Helmet|[of] p2a: Skarmory
|-sideend|p1: Swordsman.N|Spikes|[from] move: Rapid Spin|[of] p1a: Excadrill
|
|-heal|p1a: Excadrill|84/100|[from] item: Leftovers
|upkeep
|turn|16
|
|t:|1620475775
|switch|p1a: Tornadus|Tornadus-Therian, M|100/100
|move|p2a: Skarmory|Body Press|p1a: Tornadus
|-resisted|p1a: Tornadus
|-damage|p1a: Tornadus|81/100
|
|upkeep
|turn|17
|
|t:|1620475791
|switch|p2a: Tyranitar|Tyranitar, M|90/100 slp
|-weather|Sandstorm|[from] ability: Sand Stream|[of] p2a: Tyranitar
|move|p1a: Tornadus|Knock Off|p2a: Tyranitar
|-resisted|p2a: Tyranitar
|-damage|p2a: Tyranitar|82/100 slp
|-enditem|p2a: Tyranitar|Leftovers|[from] move: Knock Off|[of] p1a: Tornadus
|
|-weather|Sandstorm|[upkeep]
|-damage|p1a: Tornadus|75/100|[from] Sandstorm
|upkeep
|turn|18
|
|t:|1620475814
|switch|p1a: Slowbro|Slowbro, M|98/100
|-curestatus|p2a: Tyranitar|slp|[msg]
|move|p2a: Tyranitar|Thunder Wave|p1a: Slowbro
|-status|p1a: Slowbro|par
|
|-weather|Sandstorm|[upkeep]
|-damage|p1a: Slowbro|92/100 par|[from] Sandstorm
|upkeep
|turn|19
|
|t:|1620475840
|move|p2a: Tyranitar|Rock Blast|p1a: Slowbro
|-crit|p1a: Slowbro
|-damage|p1a: Slowbro|81/100 par
|-damage|p1a: Slowbro|75/100 par
|-hitcount|p1a: Slowbro|2
|move|p1a: Slowbro|Scald|p2a: Tyranitar
|-supereffective|p2a: Tyranitar
|-crit|p2a: Tyranitar
|-damage|p2a: Tyranitar|47/100
|
|-weather|Sandstorm|[upkeep]
|-damage|p1a: Slowbro|69/100 par|[from] Sandstorm
|upkeep
|turn|20
|
|t:|1620475852
|move|p2a: Tyranitar|Rest|p2a: Tyranitar
|-status|p2a: Tyranitar|slp|[from] move: Rest
|-heal|p2a: Tyranitar|100/100 slp|[silent]
|move|p1a: Slowbro|Teleport|p1a: Slowbro
|
|t:|1620475856
|switch|p1a: Skarmory|Skarmory, M|100/100|[from]move: Teleport
|
|-weather|Sandstorm|[upkeep]
|upkeep
|turn|21
|
|t:|1620475863
|switch|p2a: Skarmory|Skarmory, M|96/100
|move|p1a: Skarmory|Spikes|p2a: Skarmory
|-sidestart|p2: bcbcbkc|Spikes
|
|-weather|none
|upkeep
|turn|22
|
|t:|1620475877
|move|p1a: Skarmory|Iron Defense|p1a: Skarmory
|-boost|p1a: Skarmory|def|2
|move|p2a: Skarmory|Spikes|p1a: Skarmory
|-sidestart|p1: Swordsman.N|Spikes
|
|upkeep
|turn|23
|
|t:|1620475885
|move|p1a: Skarmory|Iron Defense|p1a: Skarmory
|-boost|p1a: Skarmory|def|2
|move|p2a: Skarmory|Iron Defense|p2a: Skarmory
|-boost|p2a: Skarmory|def|2
|
|upkeep
|turn|24
|
|t:|1620475895
|move|p1a: Skarmory|Spikes|p2a: Skarmory
|-sidestart|p2: bcbcbkc|Spikes
|move|p2a: Skarmory|Iron Defense|p2a: Skarmory
|-boost|p2a: Skarmory|def|2
|
|upkeep
|turn|25
|
|t:|1620475905
|move|p1a: Skarmory|Iron Defense|p1a: Skarmory
|-boost|p1a: Skarmory|def|2
|move|p2a: Skarmory|Spikes|p1a: Skarmory
|-sidestart|p1: Swordsman.N|Spikes
|
|upkeep
|turn|26
|
|t:|1620475913
|move|p1a: Skarmory|Body Press|p2a: Skarmory
|-damage|p2a: Skarmory|74/100
|-damage|p1a: Skarmory|84/100|[from] item: Rocky Helmet|[of] p2a: Skarmory
|move|p2a: Skarmory|Iron Defense|p2a: Skarmory
|-boost|p2a: Skarmory|def|2
|
|upkeep
|turn|27
|
|t:|1620475926
|move|p1a: Skarmory|Spikes|p2a: Skarmory
|-sidestart|p2: bcbcbkc|Spikes
|move|p2a: Skarmory|Body Press|p1a: Skarmory
|-damage|p1a: Skarmory|61/100
|-damage|p2a: Skarmory|58/100|[from] item: Rocky Helmet|[of] p1a: Skarmory
|
|upkeep
|turn|28
|c| Svvordsnnam|要  来  了
|
|t:|1620475938
|move|p1a: Skarmory|Body Press|p2a: Skarmory
|-damage|p2a: Skarmory|43/100
|-damage|p1a: Skarmory|45/100|[from] item: Rocky Helmet|[of] p2a: Skarmory
|move|p2a: Skarmory|Roost|p2a: Skarmory
|-heal|p2a: Skarmory|93/100
|-singleturn|p2a: Skarmory|move: Roost
|
|upkeep
|turn|29
|
|t:|1620475947
|move|p1a: Skarmory|Roost|p1a: Skarmory
|-heal|p1a: Skarmory|95/100
|-singleturn|p1a: Skarmory|move: Roost
|move|p2a: Skarmory|Spikes|p1a: Skarmory
|-sidestart|p1: Swordsman.N|Spikes
|
|upkeep
|turn|30
|
|t:|1620475954
|move|p1a: Skarmory|Spikes||[still]
|-fail|p1a: Skarmory
|move|p2a: Skarmory|Body Press|p1a: Skarmory
|-damage|p1a: Skarmory|71/100
|-damage|p2a: Skarmory|76/100|[from] item: Rocky Helmet|[of] p1a: Skarmory
|
|upkeep
|turn|31
|
|t:|1620475967
|move|p1a: Skarmory|Spikes||[still]
|-fail|p1a: Skarmory
|move|p2a: Skarmory|Spikes||[still]
|-fail|p2a: Skarmory
|
|upkeep
|turn|32
|
|t:|1620475998
|move|p1a: Skarmory|Body Press|p2a: Skarmory
|-damage|p2a: Skarmory|59/100
|-damage|p1a: Skarmory|55/100|[from] item: Rocky Helmet|[of] p2a: Skarmory
|move|p2a: Skarmory|Spikes||[still]
|-fail|p2a: Skarmory
|
|upkeep
|turn|33
|
|t:|1620476010
|switch|p1a: Tornadus|Tornadus-Therian, M|100/100
|move|p2a: Skarmory|Body Press|p1a: Tornadus
|-resisted|p1a: Tornadus
|-damage|p1a: Tornadus|25/100
|
|upkeep
|turn|34
|
|t:|1620476030
|move|p1a: Tornadus|Heat Wave|p2a: Skarmory|[miss]
|-miss|p1a: Tornadus|p2a: Skarmory
|move|p2a: Skarmory|Body Press|p1a: Tornadus
|-resisted|p1a: Tornadus
|-damage|p1a: Tornadus|0 fnt
|faint|p1a: Tornadus
|
|upkeep
|
|t:|1620476036
|switch|p1a: Slowbro|Slowbro, M|100/100 par
|-damage|p1a: Slowbro|76/100 par|[from] Spikes
|turn|35
|
|t:|1620476057
|move|p2a: Skarmory|Body Press|p1a: Slowbro
|-resisted|p1a: Slowbro
|-damage|p1a: Slowbro|37/100 par
|-damage|p2a: Skarmory|43/100|[from] item: Rocky Helmet|[of] p1a: Slowbro
|move|p1a: Slowbro|Slack Off|p1a: Slowbro
|-heal|p1a: Slowbro|87/100 par
|
|upkeep
|turn|36
|
|t:|1620476067
|move|p2a: Skarmory|Roost|p2a: Skarmory
|-heal|p2a: Skarmory|93/100
|-singleturn|p2a: Skarmory|move: Roost
|move|p1a: Slowbro|Scald|p2a: Skarmory
|-crit|p2a: Skarmory
|-damage|p2a: Skarmory|30/100
|
|upkeep
|turn|37
|
|t:|1620476075
|move|p2a: Skarmory|Roost|p2a: Skarmory
|-heal|p2a: Skarmory|80/100
|-singleturn|p2a: Skarmory|move: Roost
|cant|p1a: Slowbro|par
|
|upkeep
|turn|38
|
|t:|1620476112
|switch|p2a: Tyranitar|Tyranitar, M|100/100 slp
|-damage|p2a: Tyranitar|76/100 slp|[from] Spikes
|-weather|Sandstorm|[from] ability: Sand Stream|[of] p2a: Tyranitar
|cant|p1a: Slowbro|par
|
|-weather|Sandstorm|[upkeep]
|-damage|p1a: Slowbro|81/100 par|[from] Sandstorm
|upkeep
|turn|39
|
|t:|1620476126
|cant|p2a: Tyranitar|slp
|move|p1a: Slowbro|Teleport|p1a: Slowbro
|
|t:|1620476136
|switch|p1a: Tyranitar|Tyranitar, M|100/100 par|[from]move: Teleport
|
|-weather|Sandstorm|[upkeep]
|upkeep
|turn|40
|
|t:|1620476156
|switch|p2a: Skarmory|Skarmory, M|80/100
|move|p1a: Tyranitar|Stealth Rock|p2a: Skarmory
|-sidestart|p2: bcbcbkc|move: Stealth Rock
|
|-weather|Sandstorm|[upkeep]
|upkeep
|turn|41
|
|t:|1620476167
|switch|p1a: Slowbro|Slowbro, M|100/100 par
|-damage|p1a: Slowbro|76/100 par|[from] Spikes
|move|p2a: Skarmory|Body Press|p1a: Slowbro
|-resisted|p1a: Slowbro
|-damage|p1a: Slowbro|65/100 par
|-damage|p2a: Skarmory|64/100|[from] item: Rocky Helmet|[of] p1a: Slowbro
|
|-weather|Sandstorm|[upkeep]
|-damage|p1a: Slowbro|59/100 par|[from] Sandstorm
|upkeep
|turn|42
|
|t:|1620476182
|move|p2a: Skarmory|Roost|p2a: Skarmory
|-heal|p2a: Skarmory|100/100
|-singleturn|p2a: Skarmory|move: Roost
|move|p1a: Slowbro|Teleport|p1a: Slowbro
|j|+Chaos23333
|
|t:|1620476187
|switch|p1a: Skarmory|Skarmory, M|55/100|[from]move: Teleport
|
|-weather|none
|upkeep
|turn|43
|l|+Chaos23333
|
|t:|1620476208
|switch|p2a: Clefable|Clefable, M|100/100
|move|p1a: Skarmory|Roost|p1a: Skarmory
|-heal|p1a: Skarmory|100/100
|-singleturn|p1a: Skarmory|move: Roost
|
|upkeep
|turn|44
|
|t:|1620476219
|switch|p1a: Amoonguss|Amoonguss, F|100/100
|-damage|p1a: Amoonguss|76/100|[from] Spikes
|move|p2a: Clefable|Stealth Rock|p1a: Amoonguss
|-sidestart|p1: Swordsman.N|move: Stealth Rock
|
|upkeep
|turn|45
|
|t:|1620476256
|switch|p2a: Toxapex|Toxapex, F|100/100
|-damage|p2a: Toxapex|88/100|[from] Stealth Rock
|-damage|p2a: Toxapex|64/100|[from] Spikes
|move|p1a: Amoonguss|Sludge Bomb|p2a: Toxapex
|-resisted|p2a: Toxapex
|-damage|p2a: Toxapex|55/100
|
|-heal|p2a: Toxapex|61/100|[from] item: Black Sludge
|upkeep
|turn|46
|
|t:|1620476275
|switch|p1a: Slowbro|Slowbro, M|93/100 par
|-damage|p1a: Slowbro|80/100 par|[from] Stealth Rock
|-damage|p1a: Slowbro|55/100 par|[from] Spikes
|move|p2a: Toxapex|Knock Off|p1a: Slowbro
|-supereffective|p1a: Slowbro
|-damage|p1a: Slowbro|38/100 par
|-damage|p2a: Toxapex|44/100|[from] item: Rocky Helmet|[of] p1a: Slowbro
|-enditem|p1a: Slowbro|Rocky Helmet|[from] move: Knock Off|[of] p2a: Toxapex
|
|-heal|p2a: Toxapex|50/100|[from] item: Black Sludge
|upkeep
|turn|47
|l|☆bcbcbkc
|player|p2|
|j|☆bcbcbkc
|player|p2|bcbcbkc|clerkf
|
|t:|1620476417
|switch|p2a: Tyranitar|Tyranitar, M|76/100 slp
|-damage|p2a: Tyranitar|51/100 slp|[from] Spikes
|-damage|p2a: Tyranitar|39/100 slp|[from] Stealth Rock
|-weather|Sandstorm|[from] ability: Sand Stream|[of] p2a: Tyranitar
|move|p1a: Slowbro|Slack Off|p1a: Slowbro
|-heal|p1a: Slowbro|88/100 par
|
|-weather|Sandstorm|[upkeep]
|-damage|p1a: Slowbro|82/100 par|[from] Sandstorm
|upkeep
|turn|48
|j| fine snow
|l| fine snow
|
|t:|1620476431
|switch|p1a: Skarmory|Skarmory, M|100/100
|-damage|p1a: Skarmory|88/100|[from] Stealth Rock
|cant|p2a: Tyranitar|slp
|
|-weather|Sandstorm|[upkeep]
|upkeep
|turn|49
|
|t:|1620476441
|move|p1a: Skarmory|Body Press|p2a: Tyranitar
|-supereffective|p2a: Tyranitar
|-damage|p2a: Tyranitar|0 fnt
|faint|p2a: Tyranitar
|
|-weather|Sandstorm|[upkeep]
|upkeep
|
|t:|1620476447
|switch|p2a: Dracozolt|Dracozolt|100/100
|-damage|p2a: Dracozolt|76/100|[from] Spikes
|-damage|p2a: Dracozolt|63/100|[from] Stealth Rock
|turn|50
|
|t:|1620476459
|switch|p1a: Amoonguss|Amoonguss, F|100/100
|-damage|p1a: Amoonguss|76/100|[from] Spikes
|-damage|p1a: Amoonguss|63/100|[from] Stealth Rock
|move|p2a: Dracozolt|Fire Blast|p1a: Amoonguss
|-supereffective|p1a: Amoonguss
|-damage|p1a: Amoonguss|13/100
|-damage|p2a: Dracozolt|53/100|[from] item: Life Orb
|
|-weather|Sandstorm|[upkeep]
|-damage|p1a: Amoonguss|7/100|[from] Sandstorm
|upkeep
|turn|51
|
|t:|1620476482
|move|p2a: Dracozolt|Bolt Beak|p1a: Amoonguss
|-resisted|p1a: Amoonguss
|-damage|p1a: Amoonguss|0 fnt
|faint|p1a: Amoonguss
|-damage|p2a: Dracozolt|43/100|[from] item: Life Orb
|
|-weather|none
|upkeep
|
|t:|1620476488
|switch|p1a: Excadrill|Excadrill, M|84/100
|-damage|p1a: Excadrill|81/100|[from] Stealth Rock
|-damage|p1a: Excadrill|56/100|[from] Spikes
|turn|52
|
|t:|1620476499
|move|p1a: Excadrill|Rapid Spin|p2a: Dracozolt
|-damage|p2a: Dracozolt|21/100
|-boost|p1a: Excadrill|spe|1
|-sideend|p1: Swordsman.N|Spikes|[from] move: Rapid Spin|[of] p1a: Excadrill
|-sideend|p1: Swordsman.N|Stealth Rock|[from] move: Rapid Spin|[of] p1a: Excadrill
|move|p2a: Dracozolt|Earthquake|p1a: Excadrill
|-supereffective|p1a: Excadrill
|-damage|p1a: Excadrill|0 fnt
|faint|p1a: Excadrill
|-damage|p2a: Dracozolt|11/100|[from] item: Life Orb
|
|upkeep
|
|t:|1620476508
|switch|p1a: Tyranitar|Tyranitar, M|100/100 par
|-weather|Sandstorm|[from] ability: Sand Stream|[of] p1a: Tyranitar
|turn|53
|
|t:|1620476516
|move|p2a: Dracozolt|Earthquake|p1a: Tyranitar
|-supereffective|p1a: Tyranitar
|-damage|p1a: Tyranitar|41/100 par
|-damage|p2a: Dracozolt|1/100|[from] item: Life Orb
|cant|p1a: Tyranitar|par
|
|-weather|Sandstorm|[upkeep]
|upkeep
|turn|54
|
|t:|1620476543
|move|p2a: Dracozolt|Bolt Beak|p1a: Tyranitar
|-damage|p1a: Tyranitar|0 fnt
|faint|p1a: Tyranitar
|-damage|p2a: Dracozolt|0 fnt|[from] item: Life Orb
|faint|p2a: Dracozolt
|
|-weather|Sandstorm|[upkeep]
|upkeep
|
|t:|1620476558
|switch|p2a: Excadrill|Excadrill, M|100/100
|switch|p1a: Slowbro|Slowbro, M|100/100 par
|-damage|p2a: Excadrill|76/100|[from] Spikes
|-damage|p2a: Excadrill|73/100|[from] Stealth Rock
|turn|55
|
|t:|1620476568
|move|p2a: Excadrill|Rapid Spin|p1a: Slowbro
|-damage|p1a: Slowbro|90/100 par
|-boost|p2a: Excadrill|spe|1
|-sideend|p2: bcbcbkc|Spikes|[from] move: Rapid Spin|[of] p2a: Excadrill
|-sideend|p2: bcbcbkc|Stealth Rock|[from] move: Rapid Spin|[of] p2a: Excadrill
|cant|p1a: Slowbro|par
|
|-weather|Sandstorm|[upkeep]
|-damage|p1a: Slowbro|83/100 par|[from] Sandstorm
|-heal|p2a: Excadrill|79/100|[from] item: Leftovers
|upkeep
|turn|56
|
|t:|1620476586
|switch|p2a: Clefable|Clefable, M|100/100
|cant|p1a: Slowbro|par
|
|-weather|Sandstorm|[upkeep]
|-damage|p1a: Slowbro|77/100 par|[from] Sandstorm
|upkeep
|turn|57
|
|t:|1620476633
|move|p2a: Clefable|Stealth Rock|p1a: Slowbro
|-sidestart|p1: Swordsman.N|move: Stealth Rock
|cant|p1a: Slowbro|par
|
|-weather|none
|upkeep
|turn|58
|
|t:|1620476641
|move|p2a: Clefable|Knock Off|p1a: Slowbro
|-supereffective|p1a: Slowbro
|-damage|p1a: Slowbro|64/100 par
|move|p1a: Slowbro|Thunder Wave|p2a: Clefable|[miss]
|-miss|p1a: Slowbro|p2a: Clefable
|
|upkeep
|turn|59
|
|t:|1620476647
|move|p2a: Clefable|Moonblast|p1a: Slowbro
|-damage|p1a: Slowbro|34/100 par
|-unboost|p1a: Slowbro|spa|1
|cant|p1a: Slowbro|par
|
|upkeep
|turn|60
|
|t:|1620476656
|switch|p1a: Skarmory|Skarmory, M|88/100
|-damage|p1a: Skarmory|76/100|[from] Stealth Rock
|move|p2a: Clefable|Moonblast|p1a: Skarmory
|-resisted|p1a: Skarmory
|-damage|p1a: Skarmory|54/100
|
|upkeep
|turn|61
|c| Svvordsnnam|N聚——
|
|t:|1620476675
|move|p1a: Skarmory|Roost|p1a: Skarmory
|-heal|p1a: Skarmory|100/100
|-singleturn|p1a: Skarmory|move: Roost
|move|p2a: Clefable|Knock Off|p1a: Skarmory
|-damage|p1a: Skarmory|90/100
|-enditem|p1a: Skarmory|Rocky Helmet|[from] move: Knock Off|[of] p2a: Clefable
|
|upkeep
|turn|62
|
|t:|1620476684
|move|p1a: Skarmory|Spikes|p2a: Clefable
|-sidestart|p2: bcbcbkc|Spikes
|move|p2a: Clefable|Moonblast|p1a: Skarmory
|-resisted|p1a: Skarmory
|-damage|p1a: Skarmory|70/100
|
|upkeep
|turn|63
|
|t:|1620476698
|move|p1a: Skarmory|Iron Defense|p1a: Skarmory
|-boost|p1a: Skarmory|def|2
|move|p2a: Clefable|Moonblast|p1a: Skarmory
|-resisted|p1a: Skarmory
|-damage|p1a: Skarmory|48/100
|-unboost|p1a: Skarmory|spa|1
|
|upkeep
|turn|64
|
|t:|1620476709
|switch|p2a: Skarmory|Skarmory, M|100/100
|move|p1a: Skarmory|Roost|p1a: Skarmory
|-heal|p1a: Skarmory|98/100
|-singleturn|p1a: Skarmory|move: Roost
|
|upkeep
|turn|65
|
|t:|1620476717
|switch|p1a: Slowbro|Slowbro, M|67/100 par
|-damage|p1a: Slowbro|55/100 par|[from] Stealth Rock
|move|p2a: Skarmory|Iron Defense|p2a: Skarmory
|-boost|p2a: Skarmory|def|2
|
|upkeep
|turn|66
|
|t:|1620476731
|move|p2a: Skarmory|Spikes|p1a: Slowbro
|-sidestart|p1: Swordsman.N|Spikes
|move|p1a: Slowbro|Thunder Wave|p2a: Skarmory
|-status|p2a: Skarmory|par
|
|upkeep
|turn|67
|
|t:|1620476737
|move|p2a: Skarmory|Spikes|p1a: Slowbro
|-sidestart|p1: Swordsman.N|Spikes
|move|p1a: Slowbro|Scald|p2a: Skarmory
|-damage|p2a: Skarmory|65/100 par
|
|upkeep
|turn|68
|
|t:|1620476744
|cant|p2a: Skarmory|par
|move|p1a: Slowbro|Scald|p2a: Skarmory
|-damage|p2a: Skarmory|27/100 par
|
|upkeep
|turn|69
|
|t:|1620476750
|move|p2a: Skarmory|Roost|p2a: Skarmory
|-heal|p2a: Skarmory|77/100 par
|-singleturn|p2a: Skarmory|move: Roost
|move|p1a: Slowbro|Scald|p2a: Skarmory
|-damage|p2a: Skarmory|38/100 par
|
|upkeep
|turn|70
|
|t:|1620476757
|move|p2a: Skarmory|Roost|p2a: Skarmory
|-heal|p2a: Skarmory|88/100 par
|-singleturn|p2a: Skarmory|move: Roost
|move|p1a: Slowbro|Scald|p2a: Skarmory
|-damage|p2a: Skarmory|50/100 par
|
|upkeep
|turn|71
|j| Metallica126
|
|t:|1620476765
|move|p2a: Skarmory|Roost|p2a: Skarmory
|-heal|p2a: Skarmory|100/100 par
|-singleturn|p2a: Skarmory|move: Roost
|move|p1a: Slowbro|Scald|p2a: Skarmory
|-damage|p2a: Skarmory|64/100 par
|
|upkeep
|turn|72
|
|t:|1620476776
|move|p2a: Skarmory|Spikes|p1a: Slowbro
|-sidestart|p1: Swordsman.N|Spikes
|move|p1a: Slowbro|Slack Off|p1a: Slowbro
|-heal|p1a: Slowbro|100/100 par
|
|upkeep
|turn|73
|
|t:|1620476784
|move|p2a: Skarmory|Roost|p2a: Skarmory
|-heal|p2a: Skarmory|100/100 par
|-singleturn|p2a: Skarmory|move: Roost
|move|p1a: Slowbro|Scald|p2a: Skarmory
|-damage|p2a: Skarmory|65/100 par
|
|upkeep
|turn|74
|
|t:|1620476792
|move|p2a: Skarmory|Body Press|p1a: Slowbro
|-resisted|p1a: Slowbro
|-crit|p1a: Slowbro
|-damage|p1a: Slowbro|70/100 par
|move|p1a: Slowbro|Scald|p2a: Skarmory
|-damage|p2a: Skarmory|29/100 par
|
|upkeep
|turn|75
|
|t:|1620476801
|move|p2a: Skarmory|Roost|p2a: Skarmory
|-heal|p2a: Skarmory|80/100 par
|-singleturn|p2a: Skarmory|move: Roost
|move|p1a: Slowbro|Scald|p2a: Skarmory
|-damage|p2a: Skarmory|41/100 par
|
|upkeep
|turn|76
|
|t:|1620476809
|move|p2a: Skarmory|Roost|p2a: Skarmory
|-heal|p2a: Skarmory|91/100 par
|-singleturn|p2a: Skarmory|move: Roost
|move|p1a: Slowbro|Scald|p2a: Skarmory
|-crit|p2a: Skarmory
|-damage|p2a: Skarmory|36/100 par
|
|upkeep
|turn|77
|
|t:|1620476817
|move|p2a: Skarmory|Roost|p2a: Skarmory
|-heal|p2a: Skarmory|86/100 par
|-singleturn|p2a: Skarmory|move: Roost
|move|p1a: Slowbro|Scald|p2a: Skarmory
|-damage|p2a: Skarmory|47/100 par
|
|upkeep
|turn|78
|
|t:|1620476834
|move|p2a: Skarmory|Roost|p2a: Skarmory
|-heal|p2a: Skarmory|97/100 par
|-singleturn|p2a: Skarmory|move: Roost
|move|p1a: Slowbro|Scald|p2a: Skarmory
|-damage|p2a: Skarmory|57/100 par
|
|upkeep
|turn|79
|
|t:|1620476844
|switch|p2a: Clefable|Clefable, M|100/100
|move|p1a: Slowbro|Teleport|p1a: Slowbro
|
|t:|1620476847
|switch|p1a: Skarmory|Skarmory, M|98/100|[from]move: Teleport
|-damage|p1a: Skarmory|85/100|[from] Stealth Rock
|
|upkeep
|turn|80
|
|t:|1620476861
|move|p1a: Skarmory|Iron Defense|p1a: Skarmory
|-boost|p1a: Skarmory|def|2
|move|p2a: Clefable|Moonblast|p1a: Skarmory
|-resisted|p1a: Skarmory
|-damage|p1a: Skarmory|63/100
|-unboost|p1a: Skarmory|spa|1
|
|upkeep
|turn|81
|j| Tulzscha
|
|t:|1620476885
|switch|p2a: Toxapex|Toxapex, F|83/100
|-damage|p2a: Toxapex|71/100|[from] Spikes
|move|p1a: Skarmory|Spikes|p2a: Toxapex
|-sidestart|p2: bcbcbkc|Spikes
|
|-heal|p2a: Toxapex|77/100|[from] item: Black Sludge
|upkeep
|turn|82
|
|t:|1620476899
|switch|p1a: Slowbro|Slowbro, M|100/100 par
|-damage|p1a: Slowbro|88/100 par|[from] Stealth Rock
|-damage|p1a: Slowbro|63/100 par|[from] Spikes
|move|p2a: Toxapex|Scald|p1a: Slowbro
|-resisted|p1a: Slowbro
|-crit|p1a: Slowbro
|-damage|p1a: Slowbro|50/100 par
|
|-heal|p2a: Toxapex|83/100|[from] item: Black Sludge
|upkeep
|turn|83
|
|t:|1620476917
|move|p2a: Toxapex|Scald|p1a: Slowbro
|-resisted|p1a: Slowbro
|-damage|p1a: Slowbro|41/100 par
|cant|p1a: Slowbro|par
|
|-heal|p2a: Toxapex|89/100|[from] item: Black Sludge
|upkeep
|turn|84
|
|t:|1620476926
|move|p2a: Toxapex|Scald|p1a: Slowbro
|-resisted|p1a: Slowbro
|-damage|p1a: Slowbro|33/100 par
|move|p1a: Slowbro|Scald|p2a: Toxapex
|-resisted|p2a: Toxapex
|-damage|p2a: Toxapex|81/100
|
|-heal|p2a: Toxapex|87/100|[from] item: Black Sludge
|upkeep
|turn|85
|
|t:|1620476937
|move|p2a: Toxapex|Haze|p2a: Toxapex
|-clearallboost
|move|p1a: Slowbro|Slack Off|p1a: Slowbro
|-heal|p1a: Slowbro|83/100 par
|
|-heal|p2a: Toxapex|93/100|[from] item: Black Sludge
|upkeep
|turn|86
|
|t:|1620476947
|move|p2a: Toxapex|Knock Off|p1a: Slowbro
|-supereffective|p1a: Slowbro
|-damage|p1a: Slowbro|70/100 par
|cant|p1a: Slowbro|par
|
|-heal|p2a: Toxapex|99/100|[from] item: Black Sludge
|upkeep
|turn|87
|
|t:|1620476955
|move|p2a: Toxapex|Knock Off|p1a: Slowbro
|-supereffective|p1a: Slowbro
|-damage|p1a: Slowbro|58/100 par
|move|p1a: Slowbro|Scald|p2a: Toxapex
|-resisted|p2a: Toxapex
|-damage|p2a: Toxapex|90/100
|
|-heal|p2a: Toxapex|96/100|[from] item: Black Sludge
|upkeep
|turn|88
|
|t:|1620476964
|move|p2a: Toxapex|Knock Off|p1a: Slowbro
|-supereffective|p1a: Slowbro
|-damage|p1a: Slowbro|45/100 par
|move|p1a: Slowbro|Slack Off|p1a: Slowbro
|-heal|p1a: Slowbro|95/100 par
|
|-heal|p2a: Toxapex|100/100|[from] item: Black Sludge
|upkeep
|turn|89
|
|t:|1620476973
|move|p2a: Toxapex|Knock Off|p1a: Slowbro
|-supereffective|p1a: Slowbro
|-damage|p1a: Slowbro|83/100 par
|move|p1a: Slowbro|Scald|p2a: Toxapex
|-resisted|p2a: Toxapex
|-damage|p2a: Toxapex|91/100
|-status|p2a: Toxapex|brn
|
|-heal|p2a: Toxapex|97/100 brn|[from] item: Black Sludge
|-damage|p2a: Toxapex|91/100 brn|[from] brn
|upkeep
|turn|90
|
|t:|1620476992
|move|p2a: Toxapex|Knock Off|p1a: Slowbro
|-supereffective|p1a: Slowbro
|-damage|p1a: Slowbro|77/100 par
|move|p1a: Slowbro|Thunder Wave||[still]
|-fail|p1a: Slowbro
|
|-heal|p2a: Toxapex|97/100 brn|[from] item: Black Sludge
|-damage|p2a: Toxapex|91/100 brn|[from] brn
|upkeep
|turn|91
|
|t:|1620477002
|move|p2a: Toxapex|Haze|p2a: Toxapex
|-clearallboost
|move|p1a: Slowbro|Thunder Wave||[still]
|-fail|p1a: Slowbro
|
|-heal|p2a: Toxapex|97/100 brn|[from] item: Black Sludge
|-damage|p2a: Toxapex|91/100 brn|[from] brn
|upkeep
|turn|92
|
|t:|1620477013
|move|p2a: Toxapex|Haze|p2a: Toxapex
|-clearallboost
|cant|p1a: Slowbro|par
|
|-heal|p2a: Toxapex|97/100 brn|[from] item: Black Sludge
|-damage|p2a: Toxapex|91/100 brn|[from] brn
|upkeep
|turn|93
|
|t:|1620477031
|move|p2a: Toxapex|Haze|p2a: Toxapex
|-clearallboost
|move|p1a: Slowbro|Teleport|p1a: Slowbro
|
|t:|1620477034
|switch|p1a: Skarmory|Skarmory, M|63/100|[from]move: Teleport
|-damage|p1a: Skarmory|51/100|[from] Stealth Rock
|
|-heal|p2a: Toxapex|97/100 brn|[from] item: Black Sludge
|-damage|p2a: Toxapex|91/100 brn|[from] brn
|upkeep
|turn|94
|
|t:|1620477043
|switch|p1a: Slowbro|Slowbro, M|100/100 par
|-damage|p1a: Slowbro|88/100 par|[from] Stealth Rock
|-damage|p1a: Slowbro|63/100 par|[from] Spikes
|move|p2a: Toxapex|Scald|p1a: Slowbro
|-resisted|p1a: Slowbro
|-damage|p1a: Slowbro|56/100 par
|
|-heal|p2a: Toxapex|97/100 brn|[from] item: Black Sludge
|-damage|p2a: Toxapex|91/100 brn|[from] brn
|upkeep
|turn|95
|
|t:|1620477063
|move|p2a: Toxapex|Scald|p1a: Slowbro
|-resisted|p1a: Slowbro
|-damage|p1a: Slowbro|48/100 par
|cant|p1a: Slowbro|par
|
|-heal|p2a: Toxapex|97/100 brn|[from] item: Black Sludge
|-damage|p2a: Toxapex|91/100 brn|[from] brn
|upkeep
|turn|96
|l| Tulzscha
|
|t:|1620477074
|move|p2a: Toxapex|Knock Off|p1a: Slowbro
|-supereffective|p1a: Slowbro
|-damage|p1a: Slowbro|41/100 par
|move|p1a: Slowbro|Slack Off|p1a: Slowbro
|-heal|p1a: Slowbro|91/100 par
|
|-heal|p2a: Toxapex|97/100 brn|[from] item: Black Sludge
|-damage|p2a: Toxapex|91/100 brn|[from] brn
|upkeep
|turn|97
|
|t:|1620477084
|move|p2a: Toxapex|Haze|p2a: Toxapex
|-clearallboost
|move|p1a: Slowbro|Teleport|p1a: Slowbro
|
|t:|1620477087
|switch|p1a: Skarmory|Skarmory, M|51/100|[from]move: Teleport
|-damage|p1a: Skarmory|38/100|[from] Stealth Rock
|
|-heal|p2a: Toxapex|97/100 brn|[from] item: Black Sludge
|-damage|p2a: Toxapex|91/100 brn|[from] brn
|upkeep
|turn|98
|
|t:|1620477096
|switch|p1a: Slowbro|Slowbro, M|100/100 par
|-damage|p1a: Slowbro|88/100 par|[from] Stealth Rock
|-damage|p1a: Slowbro|63/100 par|[from] Spikes
|move|p2a: Toxapex|Scald|p1a: Slowbro
|-resisted|p1a: Slowbro
|-damage|p1a: Slowbro|55/100 par
|
|-heal|p2a: Toxapex|97/100 brn|[from] item: Black Sludge
|-damage|p2a: Toxapex|91/100 brn|[from] brn
|upkeep
|turn|99
|
|t:|1620477121
|switch|p2a: Clefable|Clefable, M|100/100
|cant|p1a: Slowbro|par
|
|upkeep
|turn|100
|
|t:|1620477130
|switch|p1a: Skarmory|Skarmory, M|38/100
|-damage|p1a: Skarmory|26/100|[from] Stealth Rock
|move|p2a: Clefable|Moonblast|p1a: Skarmory
|-resisted|p1a: Skarmory
|-damage|p1a: Skarmory|4/100
|
|upkeep
|turn|101
|
|t:|1620477138
|move|p1a: Skarmory|Roost|p1a: Skarmory
|-heal|p1a: Skarmory|54/100
|-singleturn|p1a: Skarmory|move: Roost
|move|p2a: Clefable|Moonblast|p1a: Skarmory
|-resisted|p1a: Skarmory
|-damage|p1a: Skarmory|31/100
|
|upkeep
|turn|102
|
|t:|1620477154
|switch|p2a: Skarmory|Skarmory, M|57/100 par
|move|p1a: Skarmory|Roost|p1a: Skarmory
|-heal|p1a: Skarmory|81/100
|-singleturn|p1a: Skarmory|move: Roost
|
|upkeep
|turn|103
|
|t:|1620477161
|move|p1a: Skarmory|Iron Defense|p1a: Skarmory
|-boost|p1a: Skarmory|def|2
|move|p2a: Skarmory|Roost|p2a: Skarmory
|-heal|p2a: Skarmory|100/100 par
|-singleturn|p2a: Skarmory|move: Roost
|
|upkeep
|turn|104
|
|t:|1620477169
|move|p1a: Skarmory|Body Press|p2a: Skarmory
|-damage|p2a: Skarmory|69/100 par
|-damage|p1a: Skarmory|65/100|[from] item: Rocky Helmet|[of] p2a: Skarmory
|move|p2a: Skarmory|Iron Defense|p2a: Skarmory
|-boost|p2a: Skarmory|def|2
|
|upkeep
|turn|105
|
|t:|1620477183
|move|p1a: Skarmory|Body Press|p2a: Skarmory
|-damage|p2a: Skarmory|54/100 par
|-damage|p1a: Skarmory|48/100|[from] item: Rocky Helmet|[of] p2a: Skarmory
|move|p2a: Skarmory|Roost|p2a: Skarmory
|-heal|p2a: Skarmory|100/100 par
|-singleturn|p2a: Skarmory|move: Roost
|
|upkeep
|turn|106
|
|t:|1620477201
|move|p1a: Skarmory|Iron Defense|p1a: Skarmory
|-boost|p1a: Skarmory|def|2
|move|p2a: Skarmory|Body Press|p1a: Skarmory
|-damage|p1a: Skarmory|34/100
|
|upkeep
|turn|107
|
|t:|1620477207
|move|p1a: Skarmory|Roost|p1a: Skarmory
|-heal|p1a: Skarmory|84/100
|-singleturn|p1a: Skarmory|move: Roost
|move|p2a: Skarmory|Iron Defense|p2a: Skarmory
|-boost|p2a: Skarmory|def|2
|
|upkeep
|turn|108
|
|t:|1620477218
|move|p1a: Skarmory|Iron Defense|p1a: Skarmory
|-boost|p1a: Skarmory|def|2
|move|p2a: Skarmory|Iron Defense|p2a: Skarmory
|-boost|p2a: Skarmory|def|2
|
|upkeep
|turn|109
|
|t:|1620477224
|move|p1a: Skarmory|Spikes|p2a: Skarmory
|-sidestart|p2: bcbcbkc|Spikes
|cant|p2a: Skarmory|par
|
|upkeep
|turn|110
|
|t:|1620477229
|move|p1a: Skarmory|Spikes||[still]
|-fail|p1a: Skarmory
|cant|p2a: Skarmory|par
|
|upkeep
|turn|111
|
|t:|1620477242
|move|p1a: Skarmory|Spikes||[still]
|-fail|p1a: Skarmory
|move|p2a: Skarmory|Body Press|p1a: Skarmory
|-damage|p1a: Skarmory|61/100
|
|upkeep
|turn|112
|
|t:|1620477249
|move|p1a: Skarmory|Spikes||[still]
|-fail|p1a: Skarmory
|cant|p2a: Skarmory|par
|
|upkeep
|turn|113
|
|t:|1620477260
|move|p1a: Skarmory|Body Press|p2a: Skarmory
|-damage|p2a: Skarmory|85/100 par
|-damage|p1a: Skarmory|45/100|[from] item: Rocky Helmet|[of] p2a: Skarmory
|move|p2a: Skarmory|Spikes||[still]
|-fail|p2a: Skarmory
|
|upkeep
|turn|114
|
|t:|1620477272
|move|p1a: Skarmory|Roost|p1a: Skarmory
|-heal|p1a: Skarmory|95/100
|-singleturn|p1a: Skarmory|move: Roost
|cant|p2a: Skarmory|par
|
|upkeep
|turn|115
|
|t:|1620477285
|move|p1a: Skarmory|Spikes||[still]
|-fail|p1a: Skarmory
|move|p2a: Skarmory|Body Press|p1a: Skarmory
|-damage|p1a: Skarmory|72/100
|
|upkeep
|turn|116
|
|t:|1620477405
|move|p1a: Skarmory|Spikes||[still]
|-fail|p1a: Skarmory
|move|p2a: Skarmory|Spikes||[still]
|-fail|p2a: Skarmory
|
|upkeep
|turn|117
|
|t:|1620477412
|move|p1a: Skarmory|Spikes||[still]
|-fail|p1a: Skarmory
|move|p2a: Skarmory|Spikes||[still]
|-fail|p2a: Skarmory
|
|upkeep
|turn|118
|
|t:|1620477422
|move|p1a: Skarmory|Spikes||[still]
|-fail|p1a: Skarmory
|move|p2a: Skarmory|Iron Defense|p2a: Skarmory
|-boost|p2a: Skarmory|def|0
|
|upkeep
|turn|119
|
|t:|1620477429
|move|p1a: Skarmory|Spikes||[still]
|-fail|p1a: Skarmory
|move|p2a: Skarmory|Spikes||[still]
|-fail|p2a: Skarmory
|
|upkeep
|turn|120
|
|t:|1620477435
|switch|p1a: Slowbro|Slowbro, M|88/100 par
|-damage|p1a: Slowbro|64/100 par|[from] Spikes
|-damage|p1a: Slowbro|51/100 par|[from] Stealth Rock
|move|p2a: Skarmory|Spikes||[still]
|-fail|p2a: Skarmory
|
|upkeep
|turn|121
|
|t:|1620477444
|move|p2a: Skarmory|Body Press|p1a: Slowbro
|-resisted|p1a: Slowbro
|-damage|p1a: Slowbro|17/100 par
|cant|p1a: Slowbro|par
|
|upkeep
|turn|122
|
|t:|1620477452
|move|p2a: Skarmory|Body Press|p1a: Slowbro
|-resisted|p1a: Slowbro
|-damage|p1a: Slowbro|0 fnt
|faint|p1a: Slowbro
|
|upkeep
|c|☆Swordsman.N|gg
|-message|Swordsman.N forfeited.
|
|win|bcbcbkc
|l|☆Swordsman.N
