|j|☆Shootingwolf
|j|☆EDG KANGRI
|t:|1624612370
|gametype|singles
|player|p1|Shootingwolf|lady|
|player|p2|EDG KANGRI|kangri.png|
|teamsize|p1|6
|teamsize|p2|6
|gen|8
|tier|[Gen 8] OU
|rule|Sleep Clause Mod: Limit one foe put to sleep
|rule|Species Clause: Limit one of each Pokémon
|rule|OHKO Clause: OHKO moves are banned
|rule|Evasion Moves Clause: Evasion moves are banned
|rule|Endless Battle Clause: Forcing endless battles is banned
|rule|HP Percentage Mod: HP is shown in percentages
|rule|Dynamax Clause: You cannot dynamax
|clearpoke
|poke|p1|Landorus-Therian, M|
|poke|p1|Garchomp, F|
|poke|p1|Melmetal|
|poke|p1|Toxapex, M|
|poke|p1|Tapu Lele|
|poke|p1|Urshifu-*, F|
|poke|p2|Tyranitar, M|
|poke|p2|Primarina, M|
|poke|p2|Garchomp, M|
|poke|p2|Tornadus-Therian, M|
|poke|p2|Dracozolt|
|poke|p2|Volcarona, F|
|teampreview
|
|t:|1624612382
|start
|switch|p1a: Melmetal|Melmetal|100/100
|switch|p2a: Primarina|Primarina, M, shiny|100/100
|turn|1
|
|t:|1624612390
|switch|p2a: Volcarona|Volcarona, F, shiny|100/100
|move|p1a: Melmetal|Rock Slide|p2a: Volcarona
|-supereffective|p2a: Volcarona
|-damage|p2a: Volcarona|0 fnt
|faint|p2a: Volcarona
|
|upkeep
|j|♚chengduoldsuperbro
|
|t:|1624612399
|switch|p2a: Tornadus|Tornadus-Therian, M, shiny|100/100
|turn|2
|
|t:|1624612405
|move|p2a: Tornadus|Heat Wave|p1a: Melmetal
|-supereffective|p1a: Melmetal
|-damage|p1a: Melmetal|35/100
|move|p1a: Melmetal|Rock Slide|p2a: Tornadus
|-supereffective|p2a: Tornadus
|-damage|p2a: Tornadus|0 fnt
|faint|p2a: Tornadus
|
|upkeep
|
|t:|1624612413
|switch|p2a: 走位 走位 走位 手里干|Garchomp, M|100/100
|turn|3
|
|t:|1624612416
|switch|p1a: Landorus|Landorus-Therian, M|100/100
|-ability|p1a: Landorus|Intimidate|boost
|-unboost|p2a: 走位 走位 走位 手里干|atk|1
|move|p2a: 走位 走位 走位 手里干|Fire Blast|p1a: Landorus
|-damage|p1a: Landorus|58/100
|-damage|p2a: 走位 走位 走位 手里干|91/100|[from] item: Life Orb
|
|upkeep
|turn|4
|
|t:|1624612426
|move|p2a: 走位 走位 走位 手里干|Draco Meteor|p1a: Landorus
|-damage|p1a: Landorus|0 fnt
|-unboost|p2a: 走位 走位 走位 手里干|spa|2
|faint|p1a: Landorus
|-damage|p2a: 走位 走位 走位 手里干|81/100|[from] item: Life Orb
|
|upkeep
|
|t:|1624612433
|switch|p1a: Tapu Lele|Tapu Lele|100/100
|-fieldstart|move: Psychic Terrain|[from] ability: Psychic Surge|[of] p1a: Tapu Lele
|turn|5
|
|t:|1624612436
|switch|p2a: Tyranitar|Tyranitar, M, shiny|100/100
|-weather|Sandstorm|[from] ability: Sand Stream|[of] p2a: Tyranitar
|move|p1a: Tapu Lele|Moonblast|p2a: Tyranitar
|-supereffective|p2a: Tyranitar
|-damage|p2a: Tyranitar|35/100
|-unboost|p2a: Tyranitar|spa|1
|
|-weather|Sandstorm|[upkeep]
|-damage|p1a: Tapu Lele|94/100|[from] Sandstorm
|upkeep
|turn|6
|
|t:|1624612445
|move|p1a: Tapu Lele|Moonblast|p2a: Tyranitar
|-supereffective|p2a: Tyranitar
|-damage|p2a: Tyranitar|0 fnt
|faint|p2a: Tyranitar
|
|-weather|Sandstorm|[upkeep]
|-damage|p1a: Tapu Lele|88/100|[from] Sandstorm
|upkeep
|
|t:|1624612447
|switch|p2a: Dracozolt|Dracozolt, shiny|100/100
|turn|7
|
|t:|1624612454
|switch|p1a: Toxapex|Toxapex, M|100/100
|move|p2a: Dracozolt|Bolt Beak|p1a: Toxapex
|-supereffective|p1a: Toxapex
|-damage|p1a: Toxapex|0 fnt
|-damage|p2a: Dracozolt|84/100|[from] item: Rocky Helmet|[of] p1a: Toxapex
|faint|p1a: Toxapex
|-damage|p2a: Dracozolt|74/100|[from] item: Life Orb
|
|-weather|Sandstorm|[upkeep]
|upkeep
|
|t:|1624612459
|switch|p1a: Garchomp|Garchomp, F|100/100
|turn|8
|
|t:|1624612466
|switch|p1a: Melmetal|Melmetal|35/100
|move|p2a: Dracozolt|Draco Meteor|p1a: Melmetal
|-resisted|p1a: Melmetal
|-damage|p1a: Melmetal|6/100
|-unboost|p2a: Dracozolt|spa|2
|-damage|p2a: Dracozolt|64/100|[from] item: Life Orb
|
|-weather|Sandstorm|[upkeep]
|upkeep
|turn|9
|
|t:|1624612480
|move|p2a: Dracozolt|High Horsepower|p1a: Melmetal
|-supereffective|p1a: Melmetal
|-damage|p1a: Melmetal|0 fnt
|faint|p1a: Melmetal
|-damage|p2a: Dracozolt|54/100|[from] item: Life Orb
|
|-weather|Sandstorm|[upkeep]
|-fieldend|move: Psychic Terrain
|upkeep
|
|t:|1624612486
|switch|p1a: Garchomp|Garchomp, F|100/100
|turn|10
|inactive|Battle timer is ON: inactive players will automatically lose when time's up. (requested by EDG KANGRI)
|
|t:|1624612504
|switch|p2a: 走位 走位 走位 手里干|Garchomp, M|81/100
|move|p1a: Garchomp|Earthquake|p2a: 走位 走位 走位 手里干
|-damage|p2a: 走位 走位 走位 手里干|9/100
|-damage|p1a: Garchomp|91/100|[from] item: Life Orb
|
|-weather|Sandstorm|[upkeep]
|upkeep
|turn|11
|
|t:|1624612513
|move|p1a: Garchomp|Scale Shot|p2a: 走位 走位 走位 手里干
|-supereffective|p2a: 走位 走位 走位 手里干
|-damage|p2a: 走位 走位 走位 手里干|0 fnt
|faint|p2a: 走位 走位 走位 手里干
|-hitcount|p2: 走位 走位 走位 手里干|1
|-unboost|p1a: Garchomp|def|1
|-boost|p1a: Garchomp|spe|1
|-damage|p1a: Garchomp|81/100|[from] item: Life Orb
|
|-weather|Sandstorm|[upkeep]
|upkeep
|
|t:|1624612516
|switch|p2a: Dracozolt|Dracozolt, shiny|54/100
|turn|12
|
|t:|1624612522
|move|p1a: Garchomp|Earthquake|p2a: Dracozolt
|-supereffective|p2a: Dracozolt
|-damage|p2a: Dracozolt|0 fnt
|faint|p2a: Dracozolt
|-damage|p1a: Garchomp|71/100|[from] item: Life Orb
|
|-weather|none
|upkeep
|
|t:|1624612524
|switch|p2a: Primarina|Primarina, M, shiny|100/100
|turn|13
|
|t:|1624612526
|move|p1a: Garchomp|Earthquake|p2a: Primarina
|-damage|p2a: Primarina|45/100
|-damage|p1a: Garchomp|61/100|[from] item: Life Orb
|move|p2a: Primarina|Moonblast|p1a: Garchomp
|-supereffective|p1a: Garchomp
|-damage|p1a: Garchomp|0 fnt
|faint|p1a: Garchomp
|
|-heal|p2a: Primarina|51/100|[from] item: Leftovers
|upkeep
|
|t:|1624612529
|switch|p1a: Tapu Lele|Tapu Lele|88/100
|-fieldstart|move: Psychic Terrain|[from] ability: Psychic Surge|[of] p1a: Tapu Lele
|turn|14
|
|t:|1624612531
|move|p1a: Tapu Lele|Psyshock|p2a: Primarina
|-damage|p2a: Primarina|0 fnt
|faint|p2a: Primarina
|
|win|Shootingwolf
