|uhtml|report-battle|<b>将对战链接公开到:</b> <button class="button" name="send" value="/reportto skypillar">Sky Pillar</button><button class="button" name="send" value="/reportto shinx">Shinx</button>
|j|☆ox the hax
|j|☆ALIOUTDRAGADARTS
|inactive|Battle timer is ON: inactive players will automatically lose when time's up.
|t:|1661257153
|gametype|singles
|player|p1|ox the hax|clown|
|player|p2|ALIOUTDRAGADARTS|psychic-gen6|
|teamsize|p1|6
|teamsize|p2|6
|gen|8
|tier|[Gen 8] OU
|rated|Tournament battle
|rule|Sleep Clause Mod: Limit one foe put to sleep
|rule|Species Clause: Limit one of each Pokémon
|rule|OHKO Clause: OHKO moves are banned
|rule|Evasion Items Clause: Evasion items are banned
|rule|Evasion Moves Clause: Evasion moves are banned
|rule|Endless Battle Clause: Forcing endless battles is banned
|rule|HP Percentage Mod: HP is shown in percentages
|rule|Dynamax Clause: You cannot dynamax
|clearpoke
|poke|p1|Dragapult, M|
|poke|p1|Blacephalon|
|poke|p1|Zapdos|
|poke|p1|Landorus-Therian, M|
|poke|p1|Melmetal|
|poke|p1|Urshifu-*, M|
|poke|p2|Urshifu-*, M|
|poke|p2|Tyranitar, M|
|poke|p2|Excadrill, M|
|poke|p2|Zapdos|
|poke|p2|Ferrothorn, M|
|poke|p2|Tapu Lele|
|teampreview
|l|☆ox the hax
|inactive|ox the hax disconnected and has a minute to reconnect!
|player|p1|
|j| canyang
|j|☆ox the hax
|inactive|ox the hax reconnected and has 140 seconds left.
|player|p1|ox the hax|clown
|
|t:|1661257180
|start
|switch|p1a: Urshifu|Urshifu-Rapid-Strike, M|100/100
|switch|p2a: Urshifu|Urshifu-Rapid-Strike, M|100/100
|turn|1
|
|t:|1661257188
|switch|p1a: Zapdos|Zapdos|100/100
|move|p2a: Urshifu|U-turn|p1a: Zapdos
|-resisted|p1a: Zapdos
|-damage|p1a: Zapdos|90/100
|
|t:|1661257195
|switch|p2a: Tyranitar|Tyranitar, M, shiny|100/100|[from]move: U-turn
|-weather|Sandstorm|[from] ability: Sand Stream|[of] p2a: Tyranitar
|
|-weather|Sandstorm|[upkeep]
|-damage|p1a: Zapdos|84/100|[from] Sandstorm
|upkeep
|turn|2
|
|t:|1661257199
|switch|p2a: Excadrill|Excadrill, M, shiny|100/100
|move|p1a: Zapdos|Volt Switch|p2a: Excadrill
|-immune|p2a: Excadrill
|
|-weather|Sandstorm|[upkeep]
|-damage|p1a: Zapdos|78/100|[from] Sandstorm
|upkeep
|turn|3
|
|t:|1661257206
|switch|p2a: Ferrothorn|Ferrothorn, M, shiny|100/100
|switch|p1a: Landorus|Landorus-Therian, M|100/100
|-ability|p1a: Landorus|Intimidate|boost
|-unboost|p2a: Ferrothorn|atk|1
|
|-weather|Sandstorm|[upkeep]
|upkeep
|turn|4
|
|t:|1661257210
|move|p1a: Landorus|Stealth Rock|p2a: Ferrothorn
|-sidestart|p2: ALIOUTDRAGADARTS|move: Stealth Rock
|move|p2a: Ferrothorn|Stealth Rock|p1a: Landorus
|-sidestart|p1: ox the hax|move: Stealth Rock
|
|-weather|Sandstorm|[upkeep]
|upkeep
|turn|5
|
|t:|1661257213
|switch|p1a: Urshifu|Urshifu-Rapid-Strike, M|100/100
|-damage|p1a: Urshifu|94/100|[from] Stealth Rock
|move|p2a: Ferrothorn|Knock Off|p1a: Urshifu
|-resisted|p1a: Urshifu
|-damage|p1a: Urshifu|87/100
|-enditem|p1a: Urshifu|Choice Band|[from] move: Knock Off|[of] p2a: Ferrothorn
|
|-weather|none
|upkeep
|turn|6
|l| canyang
|inactive|ALIOUTDRAGADARTS has 120 seconds left.
|
|t:|1661257252
|switch|p2a: Zapdos|Zapdos, shiny|100/100
|move|p1a: Urshifu|U-turn|p2a: Zapdos
|-resisted|p2a: Zapdos
|-damage|p2a: Zapdos|91/100
|j| cbz123
|
|t:|1661257256
|switch|p1a: Dragapult|Dragapult, M|100/100|[from]move: U-turn
|-damage|p1a: Dragapult|88/100|[from] Stealth Rock
|
|upkeep
|turn|7
|
|t:|1661257263
|switch|p2a: Ferrothorn|Ferrothorn, M, shiny|100/100
|-damage|p2a: Ferrothorn|95/100|[from] Stealth Rock
|move|p1a: Dragapult|Draco Meteor|p2a: Ferrothorn|[miss]
|-miss|p1a: Dragapult|p2a: Ferrothorn
|
|-heal|p2a: Ferrothorn|100/100|[from] item: Leftovers
|upkeep
|turn|8
|j| wdzkz
|
|t:|1661257275
|switch|p1a: Urshifu|Urshifu-Rapid-Strike, M|87/100
|-damage|p1a: Urshifu|81/100|[from] Stealth Rock
|switch|p2a: Tapu Lele|Tapu Lele, shiny|100/100
|-damage|p2a: Tapu Lele|88/100|[from] Stealth Rock
|-fieldstart|move: Psychic Terrain|[from] ability: Psychic Surge|[of] p2a: Tapu Lele
|
|upkeep
|turn|9
|j| XZzhang
|
|t:|1661257292
|switch|p1a: Melmetal|Melmetal|100/100
|-damage|p1a: Melmetal|94/100|[from] Stealth Rock
|move|p2a: Tapu Lele|Future Sight|p1a: Melmetal
|-start|p2a: Tapu Lele|move: Future Sight
|
|-heal|p1a: Melmetal|100/100|[from] item: Leftovers
|upkeep
|turn|10
|
|t:|1661257296
|switch|p2a: Urshifu|Urshifu-Rapid-Strike, M|100/100
|-damage|p2a: Urshifu|94/100|[from] Stealth Rock
|move|p1a: Melmetal|Toxic|p2a: Urshifu
|-status|p2a: Urshifu|tox
|
|-damage|p2a: Urshifu|88/100 tox|[from] psn
|upkeep
|turn|11
|
|t:|1661257299
|switch|p1a: Zapdos|Zapdos|78/100
|move|p2a: Urshifu|Close Combat|p1a: Zapdos
|-resisted|p1a: Zapdos
|-damage|p1a: Zapdos|52/100
|-unboost|p2a: Urshifu|def|1
|-unboost|p2a: Urshifu|spd|1
|
|-end|p1a: Zapdos|move: Future Sight
|-damage|p1a: Zapdos|0 fnt
|faint|p1a: Zapdos
|-damage|p2a: Urshifu|76/100 tox|[from] psn
|upkeep
|
|t:|1661257301
|switch|p1a: Dragapult|Dragapult, M|88/100
|-damage|p1a: Dragapult|76/100|[from] Stealth Rock
|turn|12
|
|t:|1661257304
|switch|p2a: Tyranitar|Tyranitar, M, shiny|100/100
|-damage|p2a: Tyranitar|88/100|[from] Stealth Rock
|-weather|Sandstorm|[from] ability: Sand Stream|[of] p2a: Tyranitar
|move|p1a: Dragapult|Shadow Ball|p2a: Tyranitar
|-resisted|p2a: Tyranitar
|-damage|p2a: Tyranitar|68/100
|-unboost|p2a: Tyranitar|spd|1
|
|-weather|Sandstorm|[upkeep]
|-damage|p1a: Dragapult|70/100|[from] Sandstorm
|-fieldend|move: Psychic Terrain
|upkeep
|turn|13
|
|t:|1661257314
|switch|p1a: Urshifu|Urshifu-Rapid-Strike, M|81/100
|-damage|p1a: Urshifu|75/100|[from] Stealth Rock
|move|p2a: Tyranitar|Crunch|p1a: Urshifu
|-resisted|p1a: Urshifu
|-damage|p1a: Urshifu|40/100
|-unboost|p1a: Urshifu|def|1
|
|-weather|Sandstorm|[upkeep]
|-damage|p1a: Urshifu|34/100|[from] Sandstorm
|upkeep
|turn|14
|j| gucloud
|
|t:|1661257320
|switch|p2a: Ferrothorn|Ferrothorn, M, shiny|100/100
|-damage|p2a: Ferrothorn|95/100|[from] Stealth Rock
|move|p1a: Urshifu|U-turn|p2a: Ferrothorn
|-damage|p2a: Ferrothorn|76/100
|-damage|p1a: Urshifu|22/100|[from] ability: Iron Barbs|[of] p2a: Ferrothorn
|
|t:|1661257326
|switch|p1a: Blacephalon|Blacephalon|100/100|[from]move: U-turn
|-damage|p1a: Blacephalon|76/100|[from] Stealth Rock
|
|-weather|Sandstorm|[upkeep]
|-damage|p1a: Blacephalon|70/100|[from] Sandstorm
|-heal|p2a: Ferrothorn|82/100|[from] item: Leftovers
|upkeep
|turn|15
|j| HUATANG
|
|t:|1661257340
|switch|p2a: Zapdos|Zapdos, shiny|91/100
|move|p1a: Blacephalon|Flamethrower|p2a: Zapdos
|-damage|p2a: Zapdos|44/100
|
|-weather|Sandstorm|[upkeep]
|-damage|p1a: Blacephalon|64/100|[from] Sandstorm
|-damage|p2a: Zapdos|38/100|[from] Sandstorm
|upkeep
|turn|16
|
|t:|1661257344
|move|p1a: Blacephalon|Flamethrower|p2a: Zapdos
|-damage|p2a: Zapdos|0 fnt
|faint|p2a: Zapdos
|-ability|p1a: Blacephalon|Beast Boost|boost
|-boost|p1a: Blacephalon|spa|1
|
|-weather|none
|upkeep
|
|t:|1661257345
|switch|p2a: Tyranitar|Tyranitar, M, shiny|68/100
|-damage|p2a: Tyranitar|56/100|[from] Stealth Rock
|-weather|Sandstorm|[from] ability: Sand Stream|[of] p2a: Tyranitar
|turn|17
|
|t:|1661257349
|switch|p1a: Landorus|Landorus-Therian, M|100/100
|-damage|p1a: Landorus|88/100|[from] Stealth Rock
|-ability|p1a: Landorus|Intimidate|boost
|-unboost|p2a: Tyranitar|atk|1
|move|p2a: Tyranitar|Crunch|p1a: Landorus
|-damage|p1a: Landorus|40/100
|
|-weather|Sandstorm|[upkeep]
|-heal|p1a: Landorus|46/100|[from] item: Leftovers
|upkeep
|turn|18
|
|t:|1661257359
|move|p2a: Tyranitar|Crunch|p1a: Landorus
|-damage|p1a: Landorus|0 fnt
|faint|p1a: Landorus
|
|-weather|Sandstorm|[upkeep]
|upkeep
|
|t:|1661257363
|switch|p1a: Dragapult|Dragapult, M|70/100
|-damage|p1a: Dragapult|58/100|[from] Stealth Rock
|turn|19
|l| HUATANG
|
|t:|1661257387
|switch|p2a: Urshifu|Urshifu-Rapid-Strike, M|76/100 tox
|-damage|p2a: Urshifu|70/100 tox|[from] Stealth Rock
|move|p1a: Dragapult|U-turn|p2a: Urshifu
|-resisted|p2a: Urshifu
|-damage|p2a: Urshifu|61/100 tox
|
|t:|1661257391
|switch|p1a: Urshifu|Urshifu-Rapid-Strike, M|22/100|[from]move: U-turn
|-damage|p1a: Urshifu|16/100|[from] Stealth Rock
|
|-weather|Sandstorm|[upkeep]
|-damage|p2a: Urshifu|55/100 tox|[from] Sandstorm
|-damage|p1a: Urshifu|10/100|[from] Sandstorm
|-damage|p2a: Urshifu|49/100 tox|[from] psn
|upkeep
|turn|20
|l| gucloud
|
|t:|1661257409
|move|p2a: Urshifu|Surging Strikes|p1a: Urshifu
|-resisted|p1a: Urshifu
|-crit|p1a: Urshifu
|-damage|p1a: Urshifu|0 fnt
|faint|p1a: Urshifu
|-hitcount|p1: Urshifu|1
|
|-weather|Sandstorm|[upkeep]
|-damage|p2a: Urshifu|42/100 tox|[from] Sandstorm
|-damage|p2a: Urshifu|30/100 tox|[from] psn
|upkeep
|
|t:|1661257413
|switch|p1a: Dragapult|Dragapult, M|58/100
|-damage|p1a: Dragapult|45/100|[from] Stealth Rock
|turn|21
|inactive|ALIOUTDRAGADARTS has 120 seconds left.
|
|t:|1661257443
|move|p1a: Dragapult|Shadow Ball|p2a: Urshifu
|-damage|p2a: Urshifu|0 fnt
|faint|p2a: Urshifu
|
|-weather|none
|upkeep
|
|t:|1661257446
|switch|p2a: Tyranitar|Tyranitar, M, shiny|56/100
|-damage|p2a: Tyranitar|44/100|[from] Stealth Rock
|-weather|Sandstorm|[from] ability: Sand Stream|[of] p2a: Tyranitar
|turn|22
|
|t:|1661257447
|move|p1a: Dragapult|Shadow Ball|p2a: Tyranitar
|-resisted|p2a: Tyranitar
|-damage|p2a: Tyranitar|25/100
|move|p2a: Tyranitar|Crunch|p1a: Dragapult
|-supereffective|p1a: Dragapult
|-crit|p1a: Dragapult
|-damage|p1a: Dragapult|0 fnt
|faint|p1a: Dragapult
|
|-weather|Sandstorm|[upkeep]
|upkeep
|
|t:|1661257451
|switch|p1a: Blacephalon|Blacephalon|64/100
|-damage|p1a: Blacephalon|39/100|[from] Stealth Rock
|turn|23
|
|t:|1661257453
|move|p1a: Blacephalon|Mind Blown|p2a: Tyranitar
|-resisted|p2a: Tyranitar
|-damage|p2a: Tyranitar|0 fnt
|-damage|p1a: Blacephalon|0 fnt|[from] mindblown
|faint|p1a: Blacephalon
|faint|p2a: Tyranitar
|
|-weather|Sandstorm|[upkeep]
|upkeep
|
|t:|1661257455
|switch|p1a: Melmetal|Melmetal|100/100
|switch|p2a: Excadrill|Excadrill, M, shiny|100/100
|-damage|p2a: Excadrill|97/100|[from] Stealth Rock
|-damage|p1a: Melmetal|94/100|[from] Stealth Rock
|turn|24
|
|t:|1661257458
|move|p1a: Melmetal|Protect|p1a: Melmetal
|-singleturn|p1a: Melmetal|Protect
|move|p2a: Excadrill|Earthquake|p1a: Melmetal
|-activate|p1a: Melmetal|move: Protect
|
|-weather|Sandstorm|[upkeep]
|-heal|p1a: Melmetal|100/100|[from] item: Leftovers
|upkeep
|turn|25
|
|t:|1661257459
|move|p2a: Excadrill|Earthquake|p1a: Melmetal
|-supereffective|p1a: Melmetal
|-damage|p1a: Melmetal|2/100
|-damage|p2a: Excadrill|87/100|[from] item: Life Orb
|move|p1a: Melmetal|Earthquake|p2a: Excadrill
|-supereffective|p2a: Excadrill
|-damage|p2a: Excadrill|0 fnt
|faint|p2a: Excadrill
|
|-weather|Sandstorm|[upkeep]
|-heal|p1a: Melmetal|8/100|[from] item: Leftovers
|upkeep
|
|t:|1661257462
|switch|p2a: Tapu Lele|Tapu Lele, shiny|88/100
|-damage|p2a: Tapu Lele|76/100|[from] Stealth Rock
|-fieldstart|move: Psychic Terrain|[from] ability: Psychic Surge|[of] p2a: Tapu Lele
|turn|26
|-message|ox the hax forfeited.
|
|win|ALIOUTDRAGADARTS
|n|☆ALIOUTDRAGADARTS|alioutdragadarts
|n|☆ox the hax|oxthehax
|n| cbz123|cbz123
|n| wdzkz|wdzkz
|n| XZzhang|xzzhang
