|j|☆Archerdagoat
|j|☆RogerBuster
|t:|1667593157
|gametype|singles
|player|p1|Archerdagoat|266|1454
|player|p2|RogerBuster|winona|1459
|teamsize|p1|6
|teamsize|p2|6
|gen|8
|tier|[Gen 8] OU
|rated|
|rule|Sleep Clause Mod: Limit one foe put to sleep
|rule|Species Clause: Limit one of each Pokémon
|rule|OHKO Clause: OHKO moves are banned
|rule|Evasion Items Clause: Evasion items are banned
|rule|Evasion Moves Clause: Evasion moves are banned
|rule|Endless Battle Clause: Forcing endless battles is banned
|rule|HP Percentage Mod: HP is shown in percentages
|rule|Dynamax Clause: You cannot dynamax
|clearpoke
|poke|p1|Chansey, F|
|poke|p1|Zapdos|
|poke|p1|Clefable, M|
|poke|p1|Dragapult, M|
|poke|p1|Slowbro, M|
|poke|p1|Ferrothorn, M|
|poke|p2|Incineroar, F|
|poke|p2|Polteageist|
|poke|p2|Kommo-o, F|
|poke|p2|Vanilluxe, M|
|poke|p2|Arctovish|
|poke|p2|Thundurus, M|
|teampreview
|inactive|Battle timer is ON: inactive players will automatically lose when time's up. (requested by RogerBuster)
|
|t:|1667593167
|start
|switch|p1a: Chansey|Chansey, F|100/100
|switch|p2a: Thundurus|Thundurus, M|100/100
|turn|1
|
|t:|1667593173
|move|p2a: Thundurus|Substitute|p2a: Thundurus
|-start|p2a: Thundurus|Substitute
|-damage|p2a: Thundurus|76/100
|move|p1a: Chansey|Toxic||[still]
|-fail|p1a: Chansey
|
|-heal|p2a: Thundurus|82/100|[from] item: Leftovers
|upkeep
|turn|2
|
|t:|1667593179
|switch|p1a: Clefable|Clefable, M|100/100
|move|p2a: Thundurus|Toxic|p1a: Clefable
|-status|p1a: Clefable|tox
|
|-heal|p2a: Thundurus|88/100|[from] item: Leftovers
|-damage|p1a: Clefable|94/100 tox|[from] psn
|upkeep
|turn|3
|
|t:|1667593189
|move|p2a: Thundurus|Discharge|p1a: Clefable
|-damage|p1a: Clefable|61/100 tox
|move|p1a: Clefable|Moonblast|p2a: Thundurus
|-end|p2a: Thundurus|Substitute
|
|-heal|p2a: Thundurus|94/100|[from] item: Leftovers
|-heal|p1a: Clefable|67/100 tox|[from] item: Leftovers
|-damage|p1a: Clefable|55/100 tox|[from] psn
|upkeep
|turn|4
|
|t:|1667593200
|switch|p1a: Ferrothorn|Ferrothorn, M|100/100
|move|p2a: Thundurus|Discharge|p1a: Ferrothorn
|-resisted|p1a: Ferrothorn
|-crit|p1a: Ferrothorn
|-damage|p1a: Ferrothorn|77/100
|-status|p1a: Ferrothorn|par
|
|-heal|p2a: Thundurus|99/100|[from] item: Leftovers
|upkeep
|turn|5
|
|t:|1667593211
|switch|p2a: Incineroar|Incineroar, F|100/100
|-ability|p2a: Incineroar|Intimidate|boost
|-unboost|p1a: Ferrothorn|atk|1
|cant|p1a: Ferrothorn|par
|
|upkeep
|turn|6
|
|t:|1667593222
|switch|p1a: Zapdos|Zapdos|100/100
|move|p2a: Incineroar|Parting Shot|p1a: Zapdos
|-unboost|p1a: Zapdos|atk|1
|-unboost|p1a: Zapdos|spa|1
|
|t:|1667593228
|switch|p2a: Polteageist|Polteageist|100/100|[from]move: Parting Shot
|
|upkeep
|turn|7
|
|t:|1667593237
|move|p1a: Zapdos|Thunderbolt|p2a: Polteageist
|-damage|p2a: Polteageist|75/100
|move|p2a: Polteageist|Shell Smash|p2a: Polteageist
|-unboost|p2a: Polteageist|def|1
|-unboost|p2a: Polteageist|spd|1
|-boost|p2a: Polteageist|atk|2
|-boost|p2a: Polteageist|spa|2
|-boost|p2a: Polteageist|spe|2
|-enditem|p2a: Polteageist|White Herb
|-clearnegativeboost|p2a: Polteageist|[silent]
|
|upkeep
|turn|8
|
|t:|1667593246
|move|p2a: Polteageist|Shadow Ball|p1a: Zapdos
|-damage|p1a: Zapdos|8/100
|move|p1a: Zapdos|Thunderbolt|p2a: Polteageist
|-damage|p2a: Polteageist|48/100
|-start|p1a: Zapdos|Disable|Thunderbolt|[from] ability: Cursed Body|[of] p2a: Polteageist
|
|-heal|p1a: Zapdos|15/100|[from] item: Leftovers
|upkeep
|turn|9
|
|t:|1667593255
|switch|p1a: Chansey|Chansey, F|100/100
|move|p2a: Polteageist|Psyshock|p1a: Chansey
|-damage|p1a: Chansey|62/100
|
|upkeep
|turn|10
|
|t:|1667593264
|move|p2a: Polteageist|Psyshock|p1a: Chansey
|-damage|p1a: Chansey|22/100
|move|p1a: Chansey|Toxic|p2a: Polteageist|[miss]
|-miss|p1a: Chansey|p2a: Polteageist
|
|upkeep
|turn|11
|
|t:|1667593271
|move|p2a: Polteageist|Psyshock|p1a: Chansey
|-damage|p1a: Chansey|0 fnt
|faint|p1a: Chansey
|
|upkeep
|
|t:|1667593275
|switch|p1a: Clefable|Clefable, M|55/100 tox
|turn|12
|
|t:|1667593278
|move|p2a: Polteageist|Shadow Ball|p1a: Clefable
|-damage|p1a: Clefable|8/100 tox
|move|p1a: Clefable|Moonblast|p2a: Polteageist
|-damage|p2a: Polteageist|13/100
|
|-heal|p1a: Clefable|14/100 tox|[from] item: Leftovers
|-damage|p1a: Clefable|8/100 tox|[from] psn
|upkeep
|turn|13
|
|t:|1667593286
|move|p2a: Polteageist|Giga Drain|p1a: Clefable
|-damage|p1a: Clefable|0 fnt
|-heal|p2a: Polteageist|17/100|[from] drain|[of] p1a: Clefable
|faint|p1a: Clefable
|
|upkeep
|
|t:|1667593292
|switch|p1a: Ferrothorn|Ferrothorn, M|77/100 par
|turn|14
|
|t:|1667593294
|move|p2a: Polteageist|Shadow Ball|p1a: Ferrothorn
|-damage|p1a: Ferrothorn|0 fnt
|faint|p1a: Ferrothorn
|
|upkeep
|-message|Archerdagoat forfeited.
|
|win|RogerBuster
|raw|Archerdagoat's rating: 1454 &rarr; <strong>1434</strong><br />(-20 for losing)
|raw|RogerBuster's rating: 1459 &rarr; <strong>1479</strong><br />(+20 for winning)
|l|☆Archerdagoat
|c|☆RogerBuster|gg
|l|☆RogerBuster
||Ladder isn't responding, score probably updated but might not have (Request timeout).
|j|☆RogerBuster
|player|p2|RogerBuster|winona
