|j|☆UberPyro
|j|☆noudle soop
|inactive|Battle timer is ON: inactive players will automatically lose when time's up.
|t:|1630278350
|gametype|singles
|player|p1|UberPyro|firebreather|
|player|p2|noudle soop|unknown|
|teamsize|p1|6
|teamsize|p2|6
|gen|8
|tier|[Gen 8] OU
|rated|Tournament battle
|rule|Sleep Clause Mod: Limit one foe put to sleep
|rule|Species Clause: Limit one of each Pokémon
|rule|OHKO Clause: OHKO moves are banned
|rule|Evasion Moves Clause: Evasion moves are banned
|rule|Endless Battle Clause: Forcing endless battles is banned
|rule|HP Percentage Mod: HP is shown in percentages
|rule|Dynamax Clause: You cannot dynamax
|clearpoke
|poke|p1|Magnezone|
|poke|p1|Kartana|
|poke|p1|Weavile, F|
|poke|p1|Urshifu-*, F|
|poke|p1|Buzzwole|
|poke|p1|Blissey, F|
|poke|p2|Tapu Fini|
|poke|p2|Mamoswine, M|
|poke|p2|Magnezone|
|poke|p2|Dragonite, F|
|poke|p2|Heatran, F|
|poke|p2|Kartana|
|teampreview
|inactive|noudle soop also wants the timer to be on.
|j| TestingBot#7233
|c|☆noudle soop|can we turn timer off by chance
|j| ChocoMax
|c|☆noudle soop|i like just got a ladder game
|c|☆UberPyro|i don't think we can
|c|☆noudle soop|after 3 minutes of searching
|c|☆noudle soop|awful timinng
|c|☆noudle soop|ok np
|c|☆noudle soop|imma play a bit slow then
|c|☆noudle soop|sorry
|inactive|UberPyro has 120 seconds left.
|inactive|noudle soop has 120 seconds left.
|l| ChocoMax
|inactive|noudle soop has 90 seconds left.
|
|t:|1630278414
|start
|switch|p1a: Kartana|Kartana|100/100
|switch|p2a: donda|Tapu Fini|100/100
|-fieldstart|move: Misty Terrain|[from] ability: Misty Surge|[of] p2a: donda
|turn|1
|
|t:|1630278426
|move|p1a: Kartana|Knock Off|p2a: donda
|-resisted|p2a: donda
|-damage|p2a: donda|71/100
|-enditem|p2a: donda|Expert Belt|[from] move: Knock Off|[of] p1a: Kartana
|-damage|p1a: Kartana|91/100|[from] item: Life Orb
|move|p2a: donda|Ice Beam|p1a: Kartana
|-damage|p1a: Kartana|8/100
|
|upkeep
|turn|2
|
|t:|1630278437
|move|p1a: Kartana|Knock Off|p2a: donda
|-resisted|p2a: donda
|-damage|p2a: donda|51/100
|-damage|p1a: Kartana|0 fnt|[from] item: Life Orb
|faint|p1a: Kartana
|move|p2a: donda|Ice Beam|p1: Kartana|[notarget]
|-fail|p2a: donda
|
|upkeep
|
|t:|1630278457
|switch|p1a: Urshifu|Urshifu-Rapid-Strike, F|100/100
|turn|3
|
|t:|1630278470
|move|p1a: Urshifu|Surging Strikes|p2a: donda
|-resisted|p2a: donda
|-crit|p2a: donda
|-damage|p2a: donda|35/100
|-resisted|p2a: donda
|-crit|p2a: donda
|-damage|p2a: donda|18/100
|-resisted|p2a: donda
|-crit|p2a: donda
|-damage|p2a: donda|0 fnt
|faint|p2a: donda
|-hitcount|p2: donda|3
|
|upkeep
|
|t:|1630278475
|switch|p2a: college dropout|Dragonite, F|100/100
|turn|4
|
|t:|1630278488
|switch|p2a: 808s|Heatran, F|100/100
|move|p1a: Urshifu|Surging Strikes|p2a: 808s
|-supereffective|p2a: 808s
|-crit|p2a: 808s
|-damage|p2a: 808s|51/100
|-supereffective|p2a: 808s
|-crit|p2a: 808s
|-damage|p2a: 808s|5/100
|-supereffective|p2a: 808s
|-crit|p2a: 808s
|-damage|p2a: 808s|0 fnt
|faint|p2a: 808s
|-hitcount|p2: 808s|3
|
|upkeep
|
|t:|1630278496
|switch|p2a: college dropout|Dragonite, F|100/100
|turn|5
|
|t:|1630278505
|switch|p2a: graduation|Mamoswine, M|100/100
|move|p1a: Urshifu|Surging Strikes|p2a: graduation
|-supereffective|p2a: graduation
|-crit|p2a: graduation
|-damage|p2a: graduation|34/100
|-supereffective|p2a: graduation
|-crit|p2a: graduation
|-damage|p2a: graduation|0 fnt
|faint|p2a: graduation
|-hitcount|p2: graduation|2
|
|-fieldend|Misty Terrain
|upkeep
|
|t:|1630278508
|switch|p2a: college dropout|Dragonite, F|100/100
|turn|6
|
|t:|1630278511
|move|p1a: Urshifu|Surging Strikes|p2a: college dropout
|-resisted|p2a: college dropout
|-crit|p2a: college dropout
|-damage|p2a: college dropout|94/100
|-resisted|p2a: college dropout
|-crit|p2a: college dropout
|-damage|p2a: college dropout|80/100
|-resisted|p2a: college dropout
|-crit|p2a: college dropout
|-damage|p2a: college dropout|66/100
|-hitcount|p2a: college dropout|3
|move|p2a: college dropout|Dragon Dance|p2a: college dropout
|-boost|p2a: college dropout|atk|1
|-boost|p2a: college dropout|spe|1
|
|upkeep
|turn|7
|
|t:|1630278520
|switch|p1a: Buzzwole|Buzzwole|100/100
|move|p2a: college dropout|Roost|p2a: college dropout
|-heal|p2a: college dropout|100/100
|-singleturn|p2a: college dropout|move: Roost
|
|upkeep
|turn|8
|
|t:|1630278525
|move|p2a: college dropout|Dragon Dance|p2a: college dropout
|-boost|p2a: college dropout|atk|1
|-boost|p2a: college dropout|spe|1
|move|p1a: Buzzwole|Ice Punch|p2a: college dropout
|-supereffective|p2a: college dropout
|-damage|p2a: college dropout|34/100
|-damage|p1a: Buzzwole|91/100|[from] item: Life Orb
|
|upkeep
|turn|9
|
|t:|1630278530
|move|p2a: college dropout|Roost|p2a: college dropout
|-heal|p2a: college dropout|84/100
|-singleturn|p2a: college dropout|move: Roost
|move|p1a: Buzzwole|Ice Punch|p2a: college dropout
|-supereffective|p2a: college dropout
|-crit|p2a: college dropout
|-damage|p2a: college dropout|0 fnt
|faint|p2a: college dropout
|-ability|p1a: Buzzwole|Beast Boost|boost
|-boost|p1a: Buzzwole|atk|1
|-damage|p1a: Buzzwole|81/100|[from] item: Life Orb
|
|upkeep
|-message|noudle soop forfeited.
|
|win|UberPyro
|n|☆UberPyro|uberpyro
|n|☆noudle soop|noudlesoop
|n| TestingBot#7233|testingbot7233
|l|☆noudle soop
