|j|☆demgeilem
|j|☆Z1r1one
|t:|1667915691
|gametype|singles
|player|p1|demgeilem|ethan-masters|1478
|player|p2|Z1r1one|170|1420
|teamsize|p1|6
|teamsize|p2|6
|gen|8
|tier|[Gen 8] OU
|rated|
|rule|Sleep Clause Mod: Limit one foe put to sleep
|rule|Species Clause: Limit one of each Pokémon
|rule|OHKO Clause: OHKO moves are banned
|rule|Evasion Items Clause: Evasion items are banned
|rule|Evasion Moves Clause: Evasion moves are banned
|rule|Endless Battle Clause: Forcing endless battles is banned
|rule|HP Percentage Mod: HP is shown in percentages
|rule|Dynamax Clause: You cannot dynamax
|clearpoke
|poke|p1|Melmetal|
|poke|p1|Dragapult, M|
|poke|p1|Slowbro, M|
|poke|p1|Clefable, F|
|poke|p1|Landorus-Therian, M|
|poke|p1|Buzzwole|
|poke|p2|Zapdos-Galar|
|poke|p2|Ferrothorn, M|
|poke|p2|Weavile, F|
|poke|p2|Landorus-Therian, M|
|poke|p2|Regieleki|
|poke|p2|Slowbro, M|
|teampreview
|inactive|Battle timer is ON: inactive players will automatically lose when time's up. (requested by Z1r1one)
|
|t:|1667915717
|start
|switch|p1a: Slowbro|Slowbro, M, shiny|100/100
|switch|p2a: Regieleki|Regieleki|100/100
|turn|1
|
|t:|1667915724
|switch|p2a: Zapdos|Zapdos-Galar|100/100
|switch|p1a: Clefable|Clefable, F|100/100
|
|upkeep
|turn|2
|
|t:|1667915730
|move|p2a: Zapdos|Brave Bird|p1a: Clefable
|-damage|p1a: Clefable|5/100
|-damage|p2a: Zapdos|62/100|[from] Recoil
|move|p1a: Clefable|Stealth Rock|p2a: Zapdos
|-sidestart|p2: Z1r1one|move: Stealth Rock
|
|-heal|p1a: Clefable|11/100|[from] item: Leftovers
|upkeep
|turn|3
|
|t:|1667915741
|switch|p1a: Slowbro|Slowbro, M, shiny|100/100
|move|p2a: Zapdos|Brave Bird|p1a: Slowbro
|-damage|p1a: Slowbro|48/100
|-damage|p2a: Zapdos|45/100|[from] item: Rocky Helmet|[of] p1a: Slowbro
|-damage|p2a: Zapdos|24/100|[from] Recoil
|
|upkeep
|turn|4
|
|t:|1667915750
|switch|p1a: Clefable|Clefable, F|11/100
|move|p2a: Zapdos|Brave Bird|p1a: Clefable
|-damage|p1a: Clefable|0 fnt
|faint|p1a: Clefable
|-damage|p2a: Zapdos|20/100|[from] Recoil
|
|upkeep
|
|t:|1667915759
|switch|p1a: Dragapult|Dragapult, M|100/100
|turn|5
|
|t:|1667915764
|move|p1a: Dragapult|Shadow Ball|p2a: Zapdos
|-damage|p2a: Zapdos|0 fnt
|faint|p2a: Zapdos
|
|upkeep
|
|t:|1667915769
|switch|p2a: Weavile|Weavile, F|100/100
|-ability|p2a: Weavile|Pressure
|turn|6
|
|t:|1667915774
|switch|p1a: Buzzwole|Buzzwole|100/100
|move|p2a: Weavile|Knock Off|p1a: Buzzwole
|-resisted|p1a: Buzzwole
|-damage|p1a: Buzzwole|83/100
|-enditem|p1a: Buzzwole|Choice Scarf|[from] move: Knock Off|[of] p2a: Weavile
|
|upkeep
|turn|7
|
|t:|1667915785
|switch|p2a: Slowbro|Slowbro, M|100/100
|-damage|p2a: Slowbro|88/100|[from] Stealth Rock
|move|p1a: Buzzwole|Leech Life|p2a: Slowbro
|-supereffective|p2a: Slowbro
|-damage|p2a: Slowbro|33/100
|-heal|p1a: Buzzwole|100/100|[from] drain|[of] p2a: Slowbro
|-damage|p1a: Buzzwole|84/100|[from] item: Rocky Helmet|[of] p2a: Slowbro
|
|upkeep
|turn|8
|
|t:|1667915798
|move|p1a: Buzzwole|Close Combat|p2a: Slowbro
|-resisted|p2a: Slowbro
|-damage|p2a: Slowbro|12/100
|-unboost|p1a: Buzzwole|def|1
|-unboost|p1a: Buzzwole|spd|1
|-damage|p1a: Buzzwole|67/100|[from] item: Rocky Helmet|[of] p2a: Slowbro
|move|p2a: Slowbro|Future Sight|p1a: Buzzwole
|-start|p2a: Slowbro|move: Future Sight
|
|upkeep
|turn|9
|
|t:|1667915807
|switch|p2a: Ferrothorn|Ferrothorn, M|100/100
|-damage|p2a: Ferrothorn|95/100|[from] Stealth Rock
|move|p1a: Buzzwole|Close Combat|p2a: Ferrothorn
|-supereffective|p2a: Ferrothorn
|-damage|p2a: Ferrothorn|16/100
|-unboost|p1a: Buzzwole|def|1
|-unboost|p1a: Buzzwole|spd|1
|-damage|p1a: Buzzwole|55/100|[from] ability: Iron Barbs|[of] p2a: Ferrothorn
|
|-heal|p2a: Ferrothorn|22/100|[from] item: Leftovers
|upkeep
|turn|10
|
|t:|1667915822
|switch|p1a: Slowbro|Slowbro, M, shiny|81/100
|move|p2a: Ferrothorn|Spikes|p1a: Slowbro
|-sidestart|p1: demgeilem|Spikes
|
|-end|p1a: Slowbro|move: Future Sight
|-resisted|p1a: Slowbro
|-damage|p1a: Slowbro|58/100
|-heal|p2a: Ferrothorn|28/100|[from] item: Leftovers
|upkeep
|turn|11
|
|t:|1667915832
|move|p2a: Ferrothorn|Knock Off|p1a: Slowbro
|-supereffective|p1a: Slowbro
|-crit|p1a: Slowbro
|-damage|p1a: Slowbro|21/100
|-damage|p2a: Ferrothorn|11/100|[from] item: Rocky Helmet|[of] p1a: Slowbro
|-enditem|p1a: Slowbro|Rocky Helmet|[from] move: Knock Off|[of] p2a: Ferrothorn
|move|p1a: Slowbro|Teleport|p1a: Slowbro
|
|t:|1667915854
|switch|p1a: Buzzwole|Buzzwole|55/100|[from]move: Teleport
|-damage|p1a: Buzzwole|42/100|[from] Spikes
|
|-heal|p2a: Ferrothorn|17/100|[from] item: Leftovers
|upkeep
|turn|12
|
|t:|1667915864
|move|p1a: Buzzwole|Earthquake|p2a: Ferrothorn
|-damage|p2a: Ferrothorn|0 fnt
|faint|p2a: Ferrothorn
|-ability|p1a: Buzzwole|Beast Boost|boost
|-boost|p1a: Buzzwole|atk|1
|
|upkeep
|
|t:|1667915877
|switch|p2a: Regieleki|Regieleki|100/100
|turn|13
|
|t:|1667915882
|switch|p1a: Dragapult|Dragapult, M|100/100
|-damage|p1a: Dragapult|88/100|[from] Spikes
|move|p2a: Regieleki|Rapid Spin|p1a: Dragapult
|-immune|p1a: Dragapult
|
|upkeep
|turn|14
|
|t:|1667915890
|move|p2a: Regieleki|Volt Switch|p1a: Dragapult
|-resisted|p1a: Dragapult
|-damage|p1a: Dragapult|58/100
|
|t:|1667915893
|switch|p2a: Slowbro|Slowbro, M|45/100|[from]move: Volt Switch
|-damage|p2a: Slowbro|33/100|[from] Stealth Rock
|move|p1a: Dragapult|Draco Meteor|p2a: Slowbro|[miss]
|-miss|p1a: Dragapult|p2a: Slowbro
|
|upkeep
|turn|15
|
|t:|1667915903
|move|p1a: Dragapult|Draco Meteor|p2a: Slowbro
|-crit|p2a: Slowbro
|-damage|p2a: Slowbro|0 fnt
|-unboost|p1a: Dragapult|spa|2
|faint|p2a: Slowbro
|
|upkeep
|
|t:|1667915911
|switch|p2a: Weavile|Weavile, F|100/100
|-ability|p2a: Weavile|Pressure
|turn|16
|
|t:|1667915919
|move|p1a: Dragapult|Draco Meteor|p2a: Weavile
|-damage|p2a: Weavile|39/100
|-unboost|p1a: Dragapult|spa|2
|move|p2a: Weavile|Triple Axel|p1a: Dragapult
|-supereffective|p1a: Dragapult
|-damage|p1a: Dragapult|29/100
|-supereffective|p1a: Dragapult
|-damage|p1a: Dragapult|0 fnt
|faint|p1a: Dragapult
|-hitcount|p1: Dragapult|2
|
|upkeep
|
|t:|1667915929
|switch|p1a: Melmetal|Melmetal|100/100
|-damage|p1a: Melmetal|88/100|[from] Spikes
|turn|17
|
|t:|1667915937
|move|p2a: Weavile|Knock Off|p1a: Melmetal
|-damage|p1a: Melmetal|54/100
|-enditem|p1a: Melmetal|Choice Band|[from] move: Knock Off|[of] p2a: Weavile
|move|p1a: Melmetal|Double Iron Bash|p2a: Weavile
|-supereffective|p2a: Weavile
|-damage|p2a: Weavile|0 fnt
|faint|p2a: Weavile
|-hitcount|p2: Weavile|1
|
|upkeep
|
|t:|1667915946
|switch|p2a: Landorus|Landorus-Therian, M|100/100
|-damage|p2a: Landorus|88/100|[from] Stealth Rock
|-ability|p2a: Landorus|Intimidate|boost
|-unboost|p1a: Melmetal|atk|1
|turn|18
|
|t:|1667915953
|move|p2a: Landorus|Earthquake|p1a: Melmetal
|-supereffective|p1a: Melmetal
|-damage|p1a: Melmetal|0 fnt
|faint|p1a: Melmetal
|
|-heal|p2a: Landorus|94/100|[from] item: Leftovers
|upkeep
|
|t:|1667915959
|switch|p1a: Buzzwole|Buzzwole|42/100
|-damage|p1a: Buzzwole|30/100|[from] Spikes
|turn|19
|
|t:|1667915965
|move|p1a: Buzzwole|Ice Punch|p2a: Landorus
|-supereffective|p2a: Landorus
|-damage|p2a: Landorus|0 fnt
|faint|p2a: Landorus
|-ability|p1a: Buzzwole|Beast Boost|boost
|-boost|p1a: Buzzwole|atk|1
|
|upkeep
|-message|Z1r1one forfeited.
|
|win|demgeilem
|raw|demgeilem's rating: 1478 &rarr; <strong>1495</strong><br />(+17 for winning)
|raw|Z1r1one's rating: 1420 &rarr; <strong>1403</strong><br />(-17 for losing)
|l|☆Z1r1one
