|j|☆2(H2O)
|j|☆Dialgador
|t:|1653377387
|gametype|singles
|player|p1|2(H2O)|ninjaboy|1653
|player|p2|Dialgador|265|1536
|teamsize|p1|6
|teamsize|p2|6
|gen|8
|tier|[Gen 8] OU
|rated|
|rule|Sleep Clause Mod: Limit one foe put to sleep
|rule|Species Clause: Limit one of each Pokémon
|rule|OHKO Clause: OHKO moves are banned
|rule|Evasion Moves Clause: Evasion moves are banned
|rule|Endless Battle Clause: Forcing endless battles is banned
|rule|HP Percentage Mod: HP is shown in percentages
|rule|Dynamax Clause: You cannot dynamax
|clearpoke
|poke|p1|Mamoswine, M|
|poke|p1|Rillaboom, M|
|poke|p1|Aegislash, M|
|poke|p1|Mandibuzz, F|
|poke|p1|Toxapex, M|
|poke|p1|Dragapult, M|
|poke|p2|Tapu Koko|
|poke|p2|Urshifu-*, M|
|poke|p2|Slowking-Galar, M|
|poke|p2|Corviknight, M|
|poke|p2|Landorus-Therian, M|
|poke|p2|Weavile, F|
|teampreview
|inactive|Battle timer is ON: inactive players will automatically lose when time's up. (requested by 2(H2O))
|inactive|2(H2O) has 120 seconds left.
|inactive|Dialgador has 120 seconds left.
|c|☆2(H2O)|Glhf m8 !
|
|t:|1653377428
|start
|switch|p1a: Mamoswine|Mamoswine, M|100/100
|switch|p2a: Urshifu|Urshifu-Rapid-Strike, M|100/100
|turn|1
|
|t:|1653377436
|switch|p1a: Toxapex|Toxapex, M|100/100
|move|p2a: Urshifu|U-turn|p1a: Toxapex
|-resisted|p1a: Toxapex
|-damage|p1a: Toxapex|89/100
|-enditem|p1a: Toxapex|Eject Button
|
|t:|1653377442
|switch|p1a: Aegislash|Aegislash, M|100/100
|
|upkeep
|turn|2
|
|t:|1653377448
|move|p2a: Urshifu|U-turn|p1a: Aegislash
|-resisted|p1a: Aegislash
|-damage|p1a: Aegislash|94/100
|
|t:|1653377461
|switch|p2a: Weavile|Weavile, F|100/100|[from]move: U-turn
|-ability|p2a: Weavile|Pressure
|-formechange|p1a: Aegislash|Aegislash-Blade||[from] ability: Stance Change
|move|p1a: Aegislash|Steel Beam|p2a: Weavile
|-supereffective|p2a: Weavile
|-damage|p2a: Weavile|0 fnt
|-damage|p1a: Aegislash|44/100|[from] mindblown
|faint|p2a: Weavile
|
|upkeep
|
|t:|1653377477
|switch|p2a: Landorus|Landorus-Therian, M|100/100
|-ability|p2a: Landorus|Intimidate|boost
|-unboost|p1a: Aegislash|atk|1
|turn|3
|
|t:|1653377482
|switch|p1a: Mandibuzz|Mandibuzz, F|100/100
|move|p2a: Landorus|Stealth Rock|p1a: Mandibuzz
|-sidestart|p1: 2(H2O)|move: Stealth Rock
|
|upkeep
|turn|4
|
|t:|1653377488
|move|p2a: Landorus|Toxic|p1a: Mandibuzz
|-status|p1a: Mandibuzz|tox
|move|p1a: Mandibuzz|Defog|p2a: Landorus
|-unboost|p2a: Landorus|evasion|1
|-sideend|p1: 2(H2O)|Stealth Rock|[from] move: Defog|[of] p1a: Mandibuzz
|
|-damage|p1a: Mandibuzz|94/100 tox|[from] psn
|upkeep
|turn|5
|
|t:|1653377496
|move|p2a: Landorus|U-turn|p1a: Mandibuzz
|-damage|p1a: Mandibuzz|81/100 tox
|
|t:|1653377501
|switch|p2a: Slowking|Slowking-Galar, M|100/100|[from]move: U-turn
|move|p1a: Mandibuzz|Foul Play|p2a: Slowking
|-supereffective|p2a: Slowking
|-damage|p2a: Slowking|56/100
|
|-damage|p1a: Mandibuzz|68/100 tox|[from] psn
|upkeep
|turn|6
|
|t:|1653377511
|switch|p2a: Tapu Koko|Tapu Koko|100/100
|-fieldstart|move: Electric Terrain|[from] ability: Electric Surge|[of] p2a: Tapu Koko
|move|p1a: Mandibuzz|U-turn|p2a: Tapu Koko
|-resisted|p2a: Tapu Koko
|-damage|p2a: Tapu Koko|92/100
|
|t:|1653377518
|switch|p1a: Mamoswine|Mamoswine, M|100/100|[from]move: U-turn
|
|upkeep
|turn|7
|
|t:|1653377522
|switch|p2a: Corviknight|Corviknight, M|100/100
|-ability|p2a: Corviknight|Pressure
|move|p1a: Mamoswine|Stealth Rock|p2a: Corviknight
|-sidestart|p2: Dialgador|move: Stealth Rock
|
|upkeep
|turn|8
|
|t:|1653377537
|move|p1a: Mamoswine|Icicle Crash|p2a: Corviknight
|-damage|p2a: Corviknight|73/100
|move|p2a: Corviknight|Defog|p1a: Mamoswine
|-unboost|p1a: Mamoswine|evasion|1
|-sideend|p2: Dialgador|Stealth Rock|[from] move: Defog|[of] p2a: Corviknight
|-fieldend|move: Electric Terrain
|
|upkeep
|turn|9
|
|t:|1653377551
|move|p1a: Mamoswine|Icicle Crash|p2a: Corviknight
|-damage|p2a: Corviknight|44/100
|move|p2a: Corviknight|Body Press|p1a: Mamoswine
|-supereffective|p1a: Mamoswine
|-damage|p1a: Mamoswine|36/100
|
|upkeep
|turn|10
|j| Yobbo
|
|t:|1653377558
|move|p1a: Mamoswine|Icicle Crash|p2a: Corviknight
|-damage|p2a: Corviknight|4/100
|move|p2a: Corviknight|Roost|p2a: Corviknight
|-heal|p2a: Corviknight|54/100
|-singleturn|p2a: Corviknight|move: Roost
|
|upkeep
|turn|11
|j| Qwerky D
|
|t:|1653377567
|move|p1a: Mamoswine|Icicle Crash|p2a: Corviknight
|-damage|p2a: Corviknight|12/100
|move|p2a: Corviknight|Roost|p2a: Corviknight
|-heal|p2a: Corviknight|62/100
|-singleturn|p2a: Corviknight|move: Roost
|
|upkeep
|turn|12
|
|t:|1653377585
|move|p1a: Mamoswine|Icicle Crash|p2a: Corviknight
|-damage|p2a: Corviknight|19/100
|cant|p2a: Corviknight|flinch
|
|upkeep
|turn|13
|
|t:|1653377590
|move|p1a: Mamoswine|Stealth Rock|p2a: Corviknight
|-sidestart|p2: Dialgador|move: Stealth Rock
|move|p2a: Corviknight|Roost|p2a: Corviknight
|-heal|p2a: Corviknight|69/100
|-singleturn|p2a: Corviknight|move: Roost
|
|upkeep
|turn|14
|
|t:|1653377600
|move|p1a: Mamoswine|Icicle Crash|p2a: Corviknight
|-damage|p2a: Corviknight|43/100
|move|p2a: Corviknight|Defog|p1a: Mamoswine
|-unboost|p1a: Mamoswine|evasion|1
|-sideend|p2: Dialgador|Stealth Rock|[from] move: Defog|[of] p2a: Corviknight
|
|upkeep
|turn|15
|
|t:|1653377609
|move|p1a: Mamoswine|Icicle Crash|p2a: Corviknight
|-damage|p2a: Corviknight|12/100
|cant|p2a: Corviknight|flinch
|
|upkeep
|turn|16
|
|t:|1653377615
|move|p1a: Mamoswine|Icicle Crash|p2a: Corviknight
|-damage|p2a: Corviknight|0 fnt
|faint|p2a: Corviknight
|
|upkeep
|
|t:|1653377621
|switch|p2a: Urshifu|Urshifu-Rapid-Strike, M|100/100
|turn|17
|
|t:|1653377627
|switch|p1a: Toxapex|Toxapex, M|100/100
|move|p2a: Urshifu|U-turn|p1a: Toxapex
|-resisted|p1a: Toxapex
|-damage|p1a: Toxapex|90/100
|
|t:|1653377634
|switch|p2a: Landorus|Landorus-Therian, M|100/100|[from]move: U-turn
|-ability|p2a: Landorus|Intimidate|boost
|-unboost|p1a: Toxapex|atk|1
|
|upkeep
|turn|18
|
|t:|1653377648
|switch|p1a: Rillaboom|Rillaboom, M|100/100
|-fieldstart|move: Grassy Terrain|[from] ability: Grassy Surge|[of] p1a: Rillaboom
|-enditem|p1a: Rillaboom|Grassy Seed
|-boost|p1a: Rillaboom|def|1|[from] item: Grassy Seed
|move|p2a: Landorus|Stealth Rock|p1a: Rillaboom
|-sidestart|p1: 2(H2O)|move: Stealth Rock
|
|upkeep
|turn|19
|
|t:|1653377658
|move|p1a: Rillaboom|Swords Dance|p1a: Rillaboom
|-boost|p1a: Rillaboom|atk|2
|move|p2a: Landorus|Toxic|p1a: Rillaboom
|-status|p1a: Rillaboom|tox
|
|-damage|p1a: Rillaboom|94/100 tox|[from] psn
|upkeep
|turn|20
|
|t:|1653377679
|move|p1a: Rillaboom|Swords Dance|p1a: Rillaboom
|-boost|p1a: Rillaboom|atk|2
|move|p2a: Landorus|Earthquake|p1a: Rillaboom
|-resisted|p1a: Rillaboom
|-damage|p1a: Rillaboom|86/100 tox
|
|-heal|p1a: Rillaboom|92/100 tox|[from] Grassy Terrain
|-damage|p1a: Rillaboom|80/100 tox|[from] psn
|upkeep
|turn|21
|
|t:|1653377690
|move|p1a: Rillaboom|Grassy Glide|p2a: Landorus
|-damage|p2a: Landorus|0 fnt
|faint|p2a: Landorus
|
|-heal|p1a: Rillaboom|86/100 tox|[from] Grassy Terrain
|-damage|p1a: Rillaboom|68/100 tox|[from] psn
|upkeep
|
|t:|1653377702
|switch|p2a: Slowking|Slowking-Galar, M|90/100
|turn|22
|
|t:|1653377706
|move|p1a: Rillaboom|Acrobatics|p2a: Slowking
|-damage|p2a: Slowking|0 fnt
|faint|p2a: Slowking
|
|-heal|p1a: Rillaboom|74/100 tox|[from] Grassy Terrain
|-damage|p1a: Rillaboom|49/100 tox|[from] psn
|-fieldend|move: Grassy Terrain
|upkeep
|
|t:|1653377713
|switch|p2a: Tapu Koko|Tapu Koko|92/100
|-fieldstart|move: Electric Terrain|[from] ability: Electric Surge|[of] p2a: Tapu Koko
|turn|23
|
|t:|1653377723
|switch|p1a: Mamoswine|Mamoswine, M|36/100
|-damage|p1a: Mamoswine|24/100|[from] Stealth Rock
|move|p2a: Tapu Koko|Thunderbolt|p1a: Mamoswine
|-immune|p1a: Mamoswine
|
|upkeep
|turn|24
|
|t:|1653377731
|move|p1a: Mamoswine|Ice Shard|p2a: Tapu Koko
|-damage|p2a: Tapu Koko|61/100
|move|p2a: Tapu Koko|Dazzling Gleam|p1a: Mamoswine
|-damage|p1a: Mamoswine|0 fnt
|faint|p1a: Mamoswine
|
|upkeep
|
|t:|1653377738
|switch|p1a: Rillaboom|Rillaboom, M|49/100 tox
|-damage|p1a: Rillaboom|37/100 tox|[from] Stealth Rock
|-fieldstart|move: Grassy Terrain|[from] ability: Grassy Surge|[of] p1a: Rillaboom
|turn|25
|
|t:|1653377745
|move|p1a: Rillaboom|Grassy Glide|p2a: Tapu Koko
|-damage|p2a: Tapu Koko|0 fnt
|faint|p2a: Tapu Koko
|
|-heal|p1a: Rillaboom|43/100 tox|[from] Grassy Terrain
|-damage|p1a: Rillaboom|37/100 tox|[from] psn
|upkeep
|-message|Dialgador forfeited.
|
|win|2(H2O)
|raw|2(H2O)'s rating: 1653 &rarr; <strong>1667</strong><br />(+14 for winning)
|raw|Dialgador's rating: 1536 &rarr; <strong>1522</strong><br />(-14 for losing)
|l|☆Dialgador
|l| Yobbo
