|j|☆PedroGreg
|j|☆AlekxBR
|t:|1659924561
|gametype|singles
|player|p1|PedroGreg|#wcop2022brazil|
|player|p2|AlekxBR|shadowtriad|
|teamsize|p1|6
|teamsize|p2|6
|gen|8
|tier|[Gen 8] OU
|rule|Sleep Clause Mod: Limit one foe put to sleep
|rule|Species Clause: Limit one of each Pokémon
|rule|OHKO Clause: OHKO moves are banned
|rule|Evasion Items Clause: Evasion items are banned
|rule|Evasion Moves Clause: Evasion moves are banned
|rule|Endless Battle Clause: Forcing endless battles is banned
|rule|HP Percentage Mod: HP is shown in percentages
|rule|Dynamax Clause: You cannot dynamax
|clearpoke
|poke|p1|Tapu Koko|
|poke|p1|Garchomp, M|
|poke|p1|Tornadus-Therian, M|
|poke|p1|Urshifu-*, M|
|poke|p1|Blissey, F|
|poke|p1|Melmetal|
|poke|p2|Arctozolt|
|poke|p2|Magnezone|
|poke|p2|Ninetales-Alola, F|
|poke|p2|Swampert, M|
|poke|p2|Mandibuzz, F|
|poke|p2|Dragapult, F|
|teampreview
|c|☆PedroGreg|hf
|c|☆AlekxBR|hf
|inactive|Battle timer is ON: inactive players will automatically lose when time's up. (requested by PedroGreg)
|
|t:|1659924589
|start
|switch|p1a: Tornadus|Tornadus-Therian, M|100/100
|switch|p2a: Magnezone|Magnezone|100/100
|turn|1
|inactive|AlekxBR has 270 seconds left.
|
|t:|1659924644
|switch|p2a: Ninetales|Ninetales-Alola, F|100/100
|-weather|Hail|[from] ability: Snow Warning|[of] p2a: Ninetales
|move|p1a: Tornadus|Knock Off|p2a: Ninetales
|-resisted|p2a: Ninetales
|-damage|p2a: Ninetales|88/100
|-enditem|p2a: Ninetales|Icy Rock|[from] move: Knock Off|[of] p1a: Tornadus
|
|-weather|Hail|[upkeep]
|-damage|p1a: Tornadus|94/100|[from] Hail
|upkeep
|turn|2
|
|t:|1659924649
|move|p1a: Tornadus|Hurricane|p2a: Ninetales
|-damage|p2a: Ninetales|50/100
|move|p2a: Ninetales|Hypnosis|p1a: Tornadus
|-status|p1a: Tornadus|slp|[from] move: Hypnosis
|
|-weather|Hail|[upkeep]
|-damage|p1a: Tornadus|88/100 slp|[from] Hail
|upkeep
|turn|3
|
|t:|1659924662
|cant|p1a: Tornadus|slp
|move|p2a: Ninetales|Aurora Veil|p2a: Ninetales
|-sidestart|p2: AlekxBR|move: Aurora Veil
|
|-weather|Hail|[upkeep]
|-damage|p1a: Tornadus|82/100 slp|[from] Hail
|upkeep
|turn|4
|
|t:|1659924668
|switch|p2a: Magnezone|Magnezone|100/100
|-curestatus|p1a: Tornadus|slp|[msg]
|move|p1a: Tornadus|Defog|p2a: Magnezone
|-unboost|p2a: Magnezone|evasion|1
|-sideend|p2: AlekxBR|move: Aurora Veil
|
|-weather|Hail|[upkeep]
|-damage|p1a: Tornadus|76/100|[from] Hail
|-damage|p2a: Magnezone|94/100|[from] Hail
|-heal|p2a: Magnezone|100/100|[from] item: Leftovers
|upkeep
|turn|5
|
|t:|1659924695
|switch|p2a: Arctozolt|Arctozolt|100/100
|move|p1a: Tornadus|U-turn|p2a: Arctozolt
|-damage|p2a: Arctozolt|84/100
|
|t:|1659924700
|switch|p1a: Melmetal|Melmetal|100/100|[from]move: U-turn
|
|-weather|Hail|[upkeep]
|-damage|p1a: Melmetal|94/100|[from] Hail
|-heal|p1a: Melmetal|100/100|[from] item: Leftovers
|upkeep
|turn|6
|
|t:|1659924718
|switch|p2a: Mandibuzz|Mandibuzz, F|100/100
|move|p1a: Melmetal|Earthquake|p2a: Mandibuzz
|-immune|p2a: Mandibuzz
|
|-weather|Hail|[upkeep]
|-damage|p1a: Melmetal|94/100|[from] Hail
|-heal|p1a: Melmetal|100/100|[from] item: Leftovers
|upkeep
|turn|7
|
|t:|1659924724
|switch|p1a: Garchomp|Garchomp, M|100/100
|move|p2a: Mandibuzz|Foul Play|p1a: Garchomp
|-crit|p1a: Garchomp
|-damage|p1a: Garchomp|29/100
|-damage|p2a: Mandibuzz|88/100|[from] ability: Rough Skin|[of] p1a: Garchomp
|
|-weather|Hail|[upkeep]
|-damage|p1a: Garchomp|23/100|[from] Hail
|upkeep
|turn|8
|
|t:|1659924733
|move|p1a: Garchomp|Draco Meteor|p2a: Mandibuzz|[miss]
|-miss|p1a: Garchomp|p2a: Mandibuzz
|move|p2a: Mandibuzz|U-turn|p1a: Garchomp
|-damage|p1a: Garchomp|9/100
|-damage|p2a: Mandibuzz|76/100|[from] ability: Rough Skin|[of] p1a: Garchomp
|
|t:|1659924737
|switch|p2a: Dragapult|Dragapult, F|100/100|[from]move: U-turn
|
|-weather|none
|upkeep
|turn|9
|
|t:|1659924746
|move|p2a: Dragapult|U-turn|p1a: Garchomp
|-damage|p1a: Garchomp|0 fnt
|-damage|p2a: Dragapult|88/100|[from] ability: Rough Skin|[of] p1a: Garchomp
|faint|p1a: Garchomp
|
|t:|1659924750
|switch|p2a: Ninetales|Ninetales-Alola, F|50/100|[from]move: U-turn
|-weather|Hail|[from] ability: Snow Warning|[of] p2a: Ninetales
|
|-weather|Hail|[upkeep]
|upkeep
|
|t:|1659924757
|switch|p1a: Melmetal|Melmetal|100/100
|turn|10
|
|t:|1659924766
|move|p2a: Ninetales|Hypnosis|p1a: Melmetal|[miss]
|-miss|p2a: Ninetales|p1a: Melmetal
|move|p1a: Melmetal|Earthquake|p2a: Ninetales
|-damage|p2a: Ninetales|3/100
|
|-weather|Hail|[upkeep]
|-damage|p1a: Melmetal|94/100|[from] Hail
|-heal|p1a: Melmetal|100/100|[from] item: Leftovers
|upkeep
|turn|11
|
|t:|1659924773
|switch|p1a: Blissey|Blissey, F|100/100
|move|p2a: Ninetales|Hypnosis|p1a: Blissey|[miss]
|-miss|p2a: Ninetales|p1a: Blissey
|
|-weather|Hail|[upkeep]
|-damage|p1a: Blissey|94/100|[from] Hail
|upkeep
|turn|12
|
|t:|1659924779
|move|p2a: Ninetales|Hypnosis|p1a: Blissey
|-status|p1a: Blissey|slp|[from] move: Hypnosis
|cant|p1a: Blissey|slp
|
|-weather|Hail|[upkeep]
|-damage|p1a: Blissey|88/100 slp|[from] Hail
|upkeep
|turn|13
|
|t:|1659924782
|-curestatus|p1a: Blissey|slp|[from] ability: Natural Cure
|switch|p1a: Tornadus|Tornadus-Therian, M|100/100
|move|p2a: Ninetales|Aurora Veil|p2a: Ninetales
|-sidestart|p2: AlekxBR|move: Aurora Veil
|
|-weather|none
|upkeep
|turn|14
|
|t:|1659924788
|move|p1a: Tornadus|Defog|p2a: Ninetales
|-unboost|p2a: Ninetales|evasion|1
|-sideend|p2: AlekxBR|move: Aurora Veil
|move|p2a: Ninetales|Hypnosis|p1a: Tornadus|[miss]
|-miss|p2a: Ninetales|p1a: Tornadus
|
|upkeep
|turn|15
|
|t:|1659924792
|switch|p2a: Mandibuzz|Mandibuzz, F|76/100
|move|p1a: Tornadus|U-turn|p2a: Mandibuzz
|-damage|p2a: Mandibuzz|68/100
|
|t:|1659924796
|switch|p1a: Tapu Koko|Tapu Koko|100/100|[from]move: U-turn
|-fieldstart|move: Electric Terrain|[from] ability: Electric Surge|[of] p1a: Tapu Koko
|
|upkeep
|turn|16
|
|t:|1659924800
|switch|p2a: Ninetales|Ninetales-Alola, F|3/100
|-weather|Hail|[from] ability: Snow Warning|[of] p2a: Ninetales
|move|p1a: Tapu Koko|Dazzling Gleam|p2a: Ninetales
|-damage|p2a: Ninetales|0 fnt
|faint|p2a: Ninetales
|
|-weather|Hail|[upkeep]
|-damage|p1a: Tapu Koko|94/100|[from] Hail
|upkeep
|
|t:|1659924804
|switch|p2a: Arctozolt|Arctozolt|84/100
|turn|17
|
|t:|1659924812
|move|p2a: Arctozolt|Bolt Beak|p1a: Tapu Koko
|-resisted|p1a: Tapu Koko
|-damage|p1a: Tapu Koko|33/100
|move|p1a: Tapu Koko|Dazzling Gleam|p2a: Arctozolt
|-damage|p2a: Arctozolt|8/100
|
|-weather|Hail|[upkeep]
|-damage|p1a: Tapu Koko|27/100|[from] Hail
|upkeep
|turn|18
|
|t:|1659924835
|move|p2a: Arctozolt|Bolt Beak|p1a: Tapu Koko
|-resisted|p1a: Tapu Koko
|-damage|p1a: Tapu Koko|0 fnt
|faint|p1a: Tapu Koko
|
|-weather|Hail|[upkeep]
|upkeep
|
|t:|1659924837
|switch|p1a: Urshifu|Urshifu-Rapid-Strike, M|100/100
|turn|19
|
|t:|1659924847
|move|p1a: Urshifu|Aqua Jet|p2a: Arctozolt
|-damage|p2a: Arctozolt|0 fnt
|faint|p2a: Arctozolt
|
|-weather|Hail|[upkeep]
|-damage|p1a: Urshifu|94/100|[from] Hail
|-fieldend|move: Electric Terrain
|upkeep
|
|t:|1659924852
|switch|p2a: Magnezone|Magnezone|100/100
|turn|20
|
|t:|1659924859
|move|p1a: Urshifu|U-turn|p2a: Magnezone
|-resisted|p2a: Magnezone
|-damage|p2a: Magnezone|90/100
|
|t:|1659924862
|switch|p1a: Blissey|Blissey, F|88/100|[from]move: U-turn
|move|p2a: Magnezone|Iron Defense|p2a: Magnezone
|-boost|p2a: Magnezone|def|2
|
|-weather|none
|-heal|p2a: Magnezone|96/100|[from] item: Leftovers
|upkeep
|turn|21
|c|☆AlekxBR|n
|c|☆AlekxBR|solto ?
|c|☆AlekxBR|interessante
|c|☆PedroGreg|q?
|c|☆AlekxBR|o seu urshifu
|
|t:|1659924890
|move|p2a: Magnezone|Iron Defense|p2a: Magnezone
|-boost|p2a: Magnezone|def|2
|move|p1a: Blissey|Seismic Toss|p2a: Magnezone
|-damage|p2a: Magnezone|61/100
|
|-heal|p2a: Magnezone|67/100|[from] item: Leftovers
|upkeep
|turn|22
|
|t:|1659924895
|switch|p1a: Tornadus|Tornadus-Therian, M|100/100
|move|p2a: Magnezone|Body Press|p1a: Tornadus
|-resisted|p1a: Tornadus
|-damage|p1a: Tornadus|53/100
|
|-heal|p2a: Magnezone|73/100|[from] item: Leftovers
|upkeep
|turn|23
|
|t:|1659924899
|move|p1a: Tornadus|Knock Off|p2a: Magnezone
|-damage|p2a: Magnezone|68/100
|-enditem|p2a: Magnezone|Leftovers|[from] move: Knock Off|[of] p1a: Tornadus
|move|p2a: Magnezone|Discharge|p1a: Tornadus
|-supereffective|p1a: Tornadus
|-damage|p1a: Tornadus|0 fnt
|faint|p1a: Tornadus
|
|upkeep
|
|t:|1659924908
|switch|p1a: Urshifu|Urshifu-Rapid-Strike, M|94/100
|turn|24
|
|t:|1659924935
|move|p1a: Urshifu|Surging Strikes|p2a: Magnezone
|-crit|p2a: Magnezone
|-damage|p2a: Magnezone|52/100
|-crit|p2a: Magnezone
|-damage|p2a: Magnezone|37/100
|-crit|p2a: Magnezone
|-damage|p2a: Magnezone|21/100
|-hitcount|p2a: Magnezone|3
|move|p2a: Magnezone|Discharge|p1a: Urshifu
|-supereffective|p1a: Urshifu
|-damage|p1a: Urshifu|0 fnt
|faint|p1a: Urshifu
|
|upkeep
|
|t:|1659924940
|switch|p1a: Melmetal|Melmetal|100/100
|turn|25
|c|☆PedroGreg|gg
|-message|PedroGreg forfeited.
|
|win|AlekxBR
|l|☆PedroGreg
|c|☆AlekxBR|gg
