|j|☆19-nCoV
|j|☆zKally
|t:|1652434385
|gametype|singles
|player|p1|19-nCoV|unknownf|1330
|player|p2|zKally|102|1340
|teamsize|p1|6
|teamsize|p2|6
|gen|8
|tier|[Gen 8] OU
|rated|
|rule|Sleep Clause Mod: Limit one foe put to sleep
|rule|Species Clause: Limit one of each Pokémon
|rule|OHKO Clause: OHKO moves are banned
|rule|Evasion Moves Clause: Evasion moves are banned
|rule|Endless Battle Clause: Forcing endless battles is banned
|rule|HP Percentage Mod: HP is shown in percentages
|rule|Dynamax Clause: You cannot dynamax
|clearpoke
|poke|p1|Volcanion|
|poke|p1|Ninetales-Alola, F|
|poke|p1|Corviknight, F|
|poke|p1|Arctozolt|
|poke|p1|Landorus-Therian, M|
|poke|p1|Tornadus-Therian, M|
|poke|p2|Nihilego|
|poke|p2|Tapu Lele|
|poke|p2|Magnezone|
|poke|p2|Weavile, F|
|poke|p2|Slowbro, M|
|poke|p2|Landorus-Therian, M|
|teampreview
|inactive|Battle timer is ON: inactive players will automatically lose when time's up. (requested by zKally)
|
|t:|1652434396
|start
|switch|p1a: Tornadus|Tornadus-Therian, M|100/100
|switch|p2a: Nihilego|Nihilego|100/100
|turn|1
|
|t:|1652434402
|move|p1a: Tornadus|Knock Off|p2a: Nihilego
|-damage|p2a: Nihilego|68/100
|-enditem|p2a: Nihilego|Choice Specs|[from] move: Knock Off|[of] p1a: Tornadus
|move|p2a: Nihilego|Power Gem|p1a: Tornadus
|-supereffective|p1a: Tornadus
|-damage|p1a: Tornadus|48/100
|
|upkeep
|turn|2
|
|t:|1652434409
|move|p1a: Tornadus|U-turn|p2a: Nihilego
|-resisted|p2a: Nihilego
|-damage|p2a: Nihilego|56/100
|
|t:|1652434412
|switch|p1a: COVIDknight|Corviknight, F|100/100|[from]move: U-turn
|-ability|p1a: COVIDknight|Pressure
|move|p2a: Nihilego|Power Gem|p1a: COVIDknight
|-damage|p1a: COVIDknight|61/100
|
|upkeep
|turn|3
|
|t:|1652434428
|switch|p2a: Magnezone|Magnezone|100/100
|move|p1a: COVIDknight|U-turn|p2a: Magnezone
|-resisted|p2a: Magnezone
|-damage|p2a: Magnezone|94/100
|-damage|p1a: COVIDknight|45/100|[from] item: Rocky Helmet|[of] p2a: Magnezone
|
|t:|1652434436
|switch|p1a: Landorus|Landorus-Therian, M|100/100|[from]move: U-turn
|-ability|p1a: Landorus|Intimidate|boost
|-unboost|p2a: Magnezone|atk|1
|
|upkeep
|turn|4
|
|t:|1652434444
|switch|p2a: Landorus|Landorus-Therian, M|100/100
|-ability|p2a: Landorus|Intimidate|boost
|-unboost|p1a: Landorus|atk|1
|move|p1a: Landorus|Earthquake|p2a: Landorus
|-immune|p2a: Landorus
|
|upkeep
|turn|5
|
|t:|1652434452
|move|p2a: Landorus|Imprison|p2a: Landorus
|-start|p2a: Landorus|move: Imprison
|move|p1a: Landorus|Toxic|p2a: Landorus
|-status|p2a: Landorus|tox
|
|-damage|p2a: Landorus|94/100 tox|[from] psn
|upkeep
|turn|6
|inactive|19-nCoV has 120 seconds left.
|
|t:|1652434493
|switch|p1a: Tornadus|Tornadus-Therian, M|82/100
|move|p2a: Landorus|Stealth Rock|p1a: Tornadus
|-sidestart|p1: 19-nCoV|move: Stealth Rock
|
|-heal|p2a: Landorus|100/100 tox|[from] item: Leftovers
|-damage|p2a: Landorus|88/100 tox|[from] psn
|upkeep
|turn|7
|
|t:|1652434510
|move|p1a: Tornadus|Knock Off|p2a: Landorus
|-damage|p2a: Landorus|71/100 tox
|-enditem|p2a: Landorus|Leftovers|[from] move: Knock Off|[of] p1a: Tornadus
|move|p2a: Landorus|U-turn|p1a: Tornadus
|-resisted|p1a: Tornadus
|-damage|p1a: Tornadus|70/100
|
|t:|1652434521
|switch|p2a: Nihilego|Nihilego|56/100|[from]move: U-turn
|
|upkeep
|turn|8
|
|t:|1652434528
|move|p1a: Tornadus|U-turn|p2a: Nihilego
|-resisted|p2a: Nihilego
|-damage|p2a: Nihilego|45/100
|
|t:|1652434534
|switch|p1a: Volcanion|Volcanion|100/100|[from]move: U-turn
|-damage|p1a: Volcanion|76/100|[from] Stealth Rock
|move|p2a: Nihilego|Power Gem|p1a: Volcanion
|-supereffective|p1a: Volcanion
|-damage|p1a: Volcanion|0 fnt
|faint|p1a: Volcanion
|-ability|p2a: Nihilego|Beast Boost|boost
|-boost|p2a: Nihilego|spe|1
|
|upkeep
|
|t:|1652434549
|switch|p1a: Landorus|Landorus-Therian, M|100/100
|-damage|p1a: Landorus|88/100|[from] Stealth Rock
|-ability|p1a: Landorus|Intimidate|boost
|-unboost|p2a: Nihilego|atk|1
|turn|9
|
|t:|1652434557
|switch|p2a: Landorus|Landorus-Therian, M|71/100 tox
|-ability|p2a: Landorus|Intimidate|boost
|-unboost|p1a: Landorus|atk|1
|move|p1a: Landorus|Earthquake|p2a: Landorus
|-immune|p2a: Landorus
|
|-heal|p1a: Landorus|94/100|[from] item: Leftovers
|-damage|p2a: Landorus|65/100 tox|[from] psn
|upkeep
|turn|10
|inactive|19-nCoV has 120 seconds left.
|
|t:|1652434569
|move|p2a: Landorus|Imprison|p2a: Landorus
|-start|p2a: Landorus|move: Imprison
|cant|p1a: Landorus|move: Imprison|Defog
|
|-heal|p1a: Landorus|99/100|[from] item: Leftovers
|-damage|p2a: Landorus|53/100 tox|[from] psn
|upkeep
|turn|11
|inactive|19-nCoV has 120 seconds left.
|
|t:|1652434578
|switch|p1a: Deniwi de Kiwi|Ninetales-Alola, F|100/100
|-damage|p1a: Deniwi de Kiwi|76/100|[from] Stealth Rock
|-weather|Hail|[from] ability: Snow Warning|[of] p1a: Deniwi de Kiwi
|move|p2a: Landorus|U-turn|p1a: Deniwi de Kiwi
|-resisted|p1a: Deniwi de Kiwi
|-damage|p1a: Deniwi de Kiwi|62/100
|
|t:|1652434597
|switch|p2a: Nihilego|Nihilego|45/100|[from]move: U-turn
|
|-weather|Hail|[upkeep]
|-damage|p2a: Nihilego|39/100|[from] Hail
|upkeep
|turn|12
|
|t:|1652434605
|move|p1a: Deniwi de Kiwi|Freeze-Dry|p2a: Nihilego
|-damage|p2a: Nihilego|25/100
|move|p2a: Nihilego|Power Gem|p1a: Deniwi de Kiwi
|-supereffective|p1a: Deniwi de Kiwi
|-damage|p1a: Deniwi de Kiwi|0 fnt
|faint|p1a: Deniwi de Kiwi
|-ability|p2a: Nihilego|Beast Boost|boost
|-boost|p2a: Nihilego|spe|1
|
|-weather|Hail|[upkeep]
|-damage|p2a: Nihilego|19/100|[from] Hail
|upkeep
|
|t:|1652434616
|switch|p1a: Gambriwis|Arctozolt|100/100
|-damage|p1a: Gambriwis|76/100|[from] Stealth Rock
|turn|13
|
|t:|1652434624
|move|p2a: Nihilego|Power Gem|p1a: Gambriwis
|-supereffective|p1a: Gambriwis
|-damage|p1a: Gambriwis|0 fnt
|faint|p1a: Gambriwis
|-ability|p2a: Nihilego|Beast Boost|boost
|-boost|p2a: Nihilego|spe|1
|
|-weather|Hail|[upkeep]
|-damage|p2a: Nihilego|13/100|[from] Hail
|upkeep
|
|t:|1652434637
|switch|p1a: COVIDknight|Corviknight, F|45/100
|-damage|p1a: COVIDknight|32/100|[from] Stealth Rock
|-ability|p1a: COVIDknight|Pressure
|turn|14
|-message|19-nCoV forfeited.
|
|win|zKally
|raw|19-nCoV's rating: 1330 &rarr; <strong>1311</strong><br />(-19 for losing)
|raw|zKally's rating: 1340 &rarr; <strong>1359</strong><br />(+19 for winning)
|l|☆zKally
