|j|☆Bergerdufutur
|j|☆ThedebatableReaper
|t:|1605800583
|player|p1|Bergerdufutur|rancher|1846
|player|p2|ThedebatableReaper|266|1907
|teamsize|p1|6
|teamsize|p2|6
|gametype|singles
|gen|8
|tier|[Gen 8] OU
|rated|
|clearpoke
|poke|p1|Torkoal, M|
|poke|p1|Venusaur, F|
|poke|p1|Charizard, M|
|poke|p1|Heatran, M|
|poke|p1|Landorus-Therian, M|
|poke|p1|Clefable, M|
|poke|p2|Latios, M|
|poke|p2|Cinderace, F|
|poke|p2|Heatran, F|
|poke|p2|Tapu Fini|
|poke|p2|Zapdos-Galar|
|poke|p2|Nidoking, M|
|rule|Sleep Clause Mod: Limit one foe put to sleep
|rule|Species Clause: Limit one of each Pokémon
|rule|OHKO Clause: OHKO moves are banned
|rule|Evasion Moves Clause: Evasion moves are banned
|rule|Endless Battle Clause: Forcing endless battles is banned
|rule|HP Percentage Mod: HP is shown in percentages
|rule|Dynamax Clause: You cannot dynamax
|teampreview
|inactive|Battle timer is ON: inactive players will automatically lose when time's up. (requested by Bergerdufutur)
|
|t:|1605800613
|start
|switch|p1a: Torkoal|Torkoal, M|100/100
|switch|p2a: Nidoking|Nidoking, M|100/100
|-weather|SunnyDay|[from] ability: Drought|[of] p1a: Torkoal
|turn|1
|
|t:|1605800624
|switch|p1a: Charizard|Charizard, M|100/100
|move|p2a: Nidoking|Substitute|p2a: Nidoking
|-start|p2a: Nidoking|Substitute
|-damage|p2a: Nidoking|76/100
|
|-weather|SunnyDay|[upkeep]
|-damage|p1a: Charizard|88/100|[from] ability: Solar Power|[of] p1a: Charizard
|upkeep
|turn|2
|j| hacksareus10
|
|t:|1605800632
|move|p1a: Charizard|Weather Ball|p2a: Nidoking
|-end|p2a: Nidoking|Substitute
|move|p2a: Nidoking|Sludge Wave|p1a: Charizard
|-damage|p1a: Charizard|10/100
|
|-weather|SunnyDay|[upkeep]
|-damage|p1a: Charizard|0 fnt|[from] ability: Solar Power|[of] p1a: Charizard
|faint|p1a: Charizard
|upkeep
|j| ted gandhi
|
|t:|1605800640
|switch|p1a: Venusaur|Venusaur, F|100/100
|turn|3
|
|t:|1605800647
|switch|p2a: Latios|Latios, M|100/100
|move|p1a: Venusaur|Earth Power|p2a: Latios
|-immune|p2a: Latios|[from] ability: Levitate
|
|-weather|SunnyDay|[upkeep]
|upkeep
|turn|4
|j| VvvV1250
|
|t:|1605800654
|switch|p1a: Clefable|Clefable, M|100/100
|move|p2a: Latios|Psychic|p1a: Clefable
|-damage|p1a: Clefable|55/100
|
|-weather|SunnyDay|[upkeep]
|-heal|p1a: Clefable|61/100|[from] item: Leftovers
|upkeep
|turn|5
|
|t:|1605800662
|switch|p2a: Heatran|Heatran, F|100/100
|move|p1a: Clefable|Teleport|p1a: Clefable
|
|t:|1605800666
|switch|p1a: Landorus|Landorus-Therian, M|100/100|[from]move: Teleport
|-ability|p1a: Landorus|Intimidate|boost
|-unboost|p2a: Heatran|atk|1
|
|-weather|SunnyDay|[upkeep]
|upkeep
|turn|6
|j| Mrs. Queen Fish
|
|t:|1605800672
|move|p1a: Landorus|U-turn|p2a: Heatran
|-resisted|p2a: Heatran
|-damage|p2a: Heatran|96/100
|
|t:|1605800678
|switch|p1a: Heatran|Heatran, M|100/100|[from]move: U-turn
|move|p2a: Heatran|Magma Storm|p1a: Heatran
|-start|p1a: Heatran|ability: Flash Fire
|
|-weather|SunnyDay|[upkeep]
|-heal|p2a: Heatran|100/100|[from] item: Leftovers
|upkeep
|turn|7
|
|t:|1605800686
|move|p1a: Heatran|Eruption|p2a: Heatran
|-start|p2a: Heatran|ability: Flash Fire
|move|p2a: Heatran|Earth Power|p1a: Heatran
|-supereffective|p1a: Heatran
|-damage|p1a: Heatran|0 fnt
|faint|p1a: Heatran
|
|-weather|SunnyDay|[upkeep]
|upkeep
|-message|Bergerdufutur forfeited.
|
|win|ThedebatableReaper
|l|☆Bergerdufutur
|c|☆ThedebatableReaper|lol gg
|l| VvvV1250
