|j|☆ty-tyui↻
|j|☆LucioCerra
|t:|1667516544
|gametype|singles
|player|p1|ty-tyui↻|surfer|1672
|player|p2|LucioCerra|aaron|1627
|teamsize|p1|6
|teamsize|p2|6
|gen|8
|tier|[Gen 8] OU
|rated|
|rule|Sleep Clause Mod: Limit one foe put to sleep
|rule|Species Clause: Limit one of each Pokémon
|rule|OHKO Clause: OHKO moves are banned
|rule|Evasion Items Clause: Evasion items are banned
|rule|Evasion Moves Clause: Evasion moves are banned
|rule|Endless Battle Clause: Forcing endless battles is banned
|rule|HP Percentage Mod: HP is shown in percentages
|rule|Dynamax Clause: You cannot dynamax
|clearpoke
|poke|p1|Rillaboom, F|
|poke|p1|Zeraora|
|poke|p1|Slowbro, M|
|poke|p1|Landorus-Therian, M|
|poke|p1|Weavile, M|
|poke|p1|Heatran, M|
|poke|p2|Toxapex, M|
|poke|p2|Dragapult, M|
|poke|p2|Heatran, F|
|poke|p2|Landorus-Therian, M|
|poke|p2|Ferrothorn, M|
|poke|p2|Weavile, M|
|teampreview
|inactive|Battle timer is ON: inactive players will automatically lose when time's up. (requested by LucioCerra)
|
|t:|1667516554
|start
|switch|p1a: Landorus|Landorus-Therian, M|100/100
|switch|p2a: Polygondwanaland|Landorus-Therian, M|100/100
|-ability|p2a: Polygondwanaland|Intimidate|boost
|-unboost|p1a: Landorus|atk|1
|-ability|p1a: Landorus|Intimidate|boost
|-unboost|p2a: Polygondwanaland|atk|1
|turn|1
|
|t:|1667516561
|move|p2a: Polygondwanaland|Toxic|p1a: Landorus
|-status|p1a: Landorus|tox
|move|p1a: Landorus|Toxic|p2a: Polygondwanaland
|-status|p2a: Polygondwanaland|tox
|
|-damage|p2a: Polygondwanaland|94/100 tox|[from] psn
|-damage|p1a: Landorus|94/100 tox|[from] psn
|upkeep
|turn|2
|
|t:|1667516570
|move|p2a: Polygondwanaland|Stealth Rock|p1a: Landorus
|-sidestart|p1: ty-tyui↻|move: Stealth Rock
|move|p1a: Landorus|U-turn|p2a: Polygondwanaland
|-resisted|p2a: Polygondwanaland
|-damage|p2a: Polygondwanaland|87/100 tox
|
|t:|1667516574
|switch|p1a: Weavile|Weavile, M|100/100|[from]move: U-turn
|-ability|p1a: Weavile|Pressure
|
|-heal|p2a: Polygondwanaland|93/100 tox|[from] item: Leftovers
|-damage|p2a: Polygondwanaland|81/100 tox|[from] psn
|upkeep
|turn|3
|
|t:|1667516589
|switch|p2a: Toxic|Toxapex, M|100/100
|move|p1a: Weavile|Swords Dance|p1a: Weavile
|-boost|p1a: Weavile|atk|2
|
|upkeep
|turn|4
|
|t:|1667516601
|move|p1a: Weavile|Knock Off|p2a: Toxic
|-damage|p2a: Toxic|36/100
|-damage|p1a: Weavile|84/100|[from] item: Rocky Helmet|[of] p2a: Toxic
|-enditem|p2a: Toxic|Rocky Helmet|[from] move: Knock Off|[of] p1a: Weavile
|move|p2a: Toxic|Scald|p1a: Weavile
|-damage|p1a: Weavile|61/100
|
|upkeep
|turn|5
|
|t:|1667516611
|switch|p2a: Hardwired|Ferrothorn, M|100/100
|move|p1a: Weavile|Knock Off|p2a: Hardwired
|-damage|p2a: Hardwired|42/100
|-damage|p1a: Weavile|49/100|[from] ability: Iron Barbs|[of] p2a: Hardwired
|-enditem|p2a: Hardwired|Leftovers|[from] move: Knock Off|[of] p1a: Weavile
|
|upkeep
|turn|6
|
|t:|1667516626
|move|p1a: Weavile|Triple Axel|p2a: Hardwired
|-damage|p2a: Hardwired|28/100
|-damage|p1a: Weavile|36/100|[from] ability: Iron Barbs|[of] p2a: Hardwired
|-hitcount|p2a: Hardwired|1
|move|p2a: Hardwired|Power Whip|p1a: Weavile
|-damage|p1a: Weavile|0 fnt
|faint|p1a: Weavile
|
|upkeep
|
|t:|1667516638
|switch|p1a: Heatran|Heatran, M|100/100
|-damage|p1a: Heatran|88/100|[from] Stealth Rock
|turn|7
|
|t:|1667516653
|move|p1a: Heatran|Earth Power|p2a: Hardwired
|-damage|p2a: Hardwired|6/100
|move|p2a: Hardwired|Leech Seed|p1a: Heatran
|-start|p1a: Heatran|move: Leech Seed
|
|-heal|p1a: Heatran|94/100|[from] item: Leftovers
|-damage|p1a: Heatran|82/100|[from] Leech Seed|[of] p2a: Hardwired
|-heal|p2a: Hardwired|20/100|[silent]
|upkeep
|turn|8
|
|t:|1667516661
|switch|p2a: Hot Stuff|Heatran, F|100/100
|move|p1a: Heatran|Stealth Rock|p2a: Hot Stuff
|-sidestart|p2: LucioCerra|move: Stealth Rock
|
|-heal|p1a: Heatran|88/100|[from] item: Leftovers
|-damage|p1a: Heatran|76/100|[from] Leech Seed|[of] p2a: Hot Stuff
|upkeep
|turn|9
|
|t:|1667516673
|switch|p1a: Slowbro|Slowbro, M|100/100
|move|p2a: Hot Stuff|Earth Power|p1a: Slowbro
|-damage|p1a: Slowbro|74/100
|
|upkeep
|turn|10
|
|t:|1667516679
|move|p2a: Hot Stuff|Taunt|p1a: Slowbro
|-start|p1a: Slowbro|move: Taunt
|move|p1a: Slowbro|Scald|p2a: Hot Stuff
|-supereffective|p2a: Hot Stuff
|-damage|p2a: Hot Stuff|69/100
|
|-heal|p2a: Hot Stuff|75/100|[from] item: Leftovers
|upkeep
|turn|11
|
|t:|1667516689
|move|p2a: Hot Stuff|Magma Storm|p1a: Slowbro
|-resisted|p1a: Slowbro
|-damage|p1a: Slowbro|50/100
|-activate|p1a: Slowbro|move: Magma Storm|[of] p2a: Hot Stuff
|move|p1a: Slowbro|Scald|p2a: Hot Stuff
|-supereffective|p2a: Hot Stuff
|-damage|p2a: Hot Stuff|40/100
|
|-heal|p2a: Hot Stuff|46/100|[from] item: Leftovers
|-damage|p1a: Slowbro|38/100|[from] move: Magma Storm|[partiallytrapped]
|upkeep
|turn|12
|
|t:|1667516699
|move|p2a: Hot Stuff|Earth Power|p1a: Slowbro
|-damage|p1a: Slowbro|9/100
|move|p1a: Slowbro|Scald|p2a: Hot Stuff
|-supereffective|p2a: Hot Stuff
|-damage|p2a: Hot Stuff|14/100
|
|-heal|p2a: Hot Stuff|20/100|[from] item: Leftovers
|-damage|p1a: Slowbro|0 fnt|[from] move: Magma Storm|[partiallytrapped]
|faint|p1a: Slowbro
|upkeep
|
|t:|1667516708
|switch|p1a: Zeraora|Zeraora, shiny|100/100
|-damage|p1a: Zeraora|88/100|[from] Stealth Rock
|turn|13
|
|t:|1667516714
|switch|p2a: Polygondwanaland|Landorus-Therian, M|81/100 tox
|-damage|p2a: Polygondwanaland|68/100 tox|[from] Stealth Rock
|-ability|p2a: Polygondwanaland|Intimidate|boost
|-unboost|p1a: Zeraora|atk|1
|move|p1a: Zeraora|Drain Punch|p2a: Polygondwanaland
|-resisted|p2a: Polygondwanaland
|-crit|p2a: Polygondwanaland
|-damage|p2a: Polygondwanaland|51/100 tox
|-heal|p1a: Zeraora|99/100|[from] drain|[of] p2a: Polygondwanaland
|
|-heal|p2a: Polygondwanaland|57/100 tox|[from] item: Leftovers
|-damage|p2a: Polygondwanaland|51/100 tox|[from] psn
|upkeep
|turn|14
|
|t:|1667516727
|switch|p1a: Landorus|Landorus-Therian, M|94/100 tox
|-damage|p1a: Landorus|82/100 tox|[from] Stealth Rock
|-ability|p1a: Landorus|Intimidate|boost
|-unboost|p2a: Polygondwanaland|atk|1
|move|p2a: Polygondwanaland|U-turn|p1a: Landorus
|-resisted|p1a: Landorus
|-damage|p1a: Landorus|75/100 tox
|
|t:|1667516739
|switch|p2a: Black Ice|Weavile, M|100/100|[from]move: U-turn
|
|-heal|p1a: Landorus|81/100 tox|[from] item: Leftovers
|-damage|p1a: Landorus|75/100 tox|[from] psn
|upkeep
|turn|15
|
|t:|1667516753
|move|p2a: Black Ice|Swords Dance|p2a: Black Ice
|-boost|p2a: Black Ice|atk|2
|move|p1a: Landorus|U-turn|p2a: Black Ice
|-supereffective|p2a: Black Ice
|-damage|p2a: Black Ice|20/100
|inactive|ty-tyui↻ has 120 seconds left.
|
|t:|1667516785
|switch|p1a: Heatran|Heatran, M|76/100|[from]move: U-turn
|-damage|p1a: Heatran|63/100|[from] Stealth Rock
|
|-heal|p1a: Heatran|69/100|[from] item: Leftovers
|upkeep
|turn|16
|
|t:|1667516792
|move|p2a: Black Ice|Knock Off|p1a: Heatran
|-damage|p1a: Heatran|7/100
|-enditem|p1a: Heatran|Leftovers|[from] move: Knock Off|[of] p2a: Black Ice
|move|p1a: Heatran|Earth Power|p2a: Black Ice
|-damage|p2a: Black Ice|0 fnt
|faint|p2a: Black Ice
|
|upkeep
|
|t:|1667516810
|switch|p2a: DragonForce|Dragapult, M|100/100
|-damage|p2a: DragonForce|88/100|[from] Stealth Rock
|turn|17
|
|t:|1667516817
|move|p2a: DragonForce|Shadow Ball|p1a: Heatran
|-damage|p1a: Heatran|0 fnt
|faint|p1a: Heatran
|
|upkeep
|
|t:|1667516837
|switch|p1a: Zeraora|Zeraora, shiny|99/100
|-damage|p1a: Zeraora|86/100|[from] Stealth Rock
|turn|18
|
|t:|1667516845
|switch|p2a: Polygondwanaland|Landorus-Therian, M|51/100 tox
|-damage|p2a: Polygondwanaland|39/100 tox|[from] Stealth Rock
|-ability|p2a: Polygondwanaland|Intimidate|boost
|-unboost|p1a: Zeraora|atk|1
|move|p1a: Zeraora|Play Rough|p2a: Polygondwanaland
|-damage|p2a: Polygondwanaland|20/100 tox
|
|-heal|p2a: Polygondwanaland|26/100 tox|[from] item: Leftovers
|-damage|p2a: Polygondwanaland|20/100 tox|[from] psn
|upkeep
|turn|19
|inactive|ty-tyui↻ has 120 seconds left.
|
|t:|1667516893
|switch|p1a: Rillaboom|Rillaboom, F|100/100
|-damage|p1a: Rillaboom|88/100|[from] Stealth Rock
|-fieldstart|move: Grassy Terrain|[from] ability: Grassy Surge|[of] p1a: Rillaboom
|switch|p2a: Toxic|Toxapex, M|69/100
|-damage|p2a: Toxic|57/100|[from] Stealth Rock
|
|-heal|p1a: Rillaboom|94/100|[from] Grassy Terrain
|-heal|p2a: Toxic|63/100|[from] Grassy Terrain
|upkeep
|turn|20
|inactive|LucioCerra has 120 seconds left.
|
|t:|1667516914
|move|p1a: Rillaboom|Wood Hammer|p2a: Toxic
|-damage|p2a: Toxic|0 fnt
|faint|p2a: Toxic
|-damage|p1a: Rillaboom|76/100|[from] Recoil
|
|-heal|p1a: Rillaboom|82/100|[from] Grassy Terrain
|upkeep
|inactive|LucioCerra has 120 seconds left.
|
|t:|1667516925
|switch|p2a: DragonForce|Dragapult, M|88/100
|-damage|p2a: DragonForce|76/100|[from] Stealth Rock
|turn|21
|
|t:|1667516933
|move|p2a: DragonForce|Flamethrower|p1a: Rillaboom
|-supereffective|p1a: Rillaboom
|-crit|p1a: Rillaboom
|-damage|p1a: Rillaboom|0 fnt
|faint|p1a: Rillaboom
|
|-heal|p2a: DragonForce|82/100|[from] Grassy Terrain
|upkeep
|
|t:|1667516943
|switch|p1a: Zeraora|Zeraora, shiny|86/100
|-damage|p1a: Zeraora|74/100|[from] Stealth Rock
|-enditem|p1a: Zeraora|Grassy Seed
|-boost|p1a: Zeraora|def|1|[from] item: Grassy Seed
|turn|22
|inactive|ty-tyui↻ has 120 seconds left.
|
|t:|1667516967
|switch|p2a: Polygondwanaland|Landorus-Therian, M|20/100 tox
|-damage|p2a: Polygondwanaland|8/100 tox|[from] Stealth Rock
|-ability|p2a: Polygondwanaland|Intimidate|boost
|-unboost|p1a: Zeraora|atk|1
|move|p1a: Zeraora|Bulk Up|p1a: Zeraora
|-boost|p1a: Zeraora|atk|1
|-boost|p1a: Zeraora|def|1
|
|-heal|p1a: Zeraora|80/100|[from] Grassy Terrain
|-heal|p2a: Polygondwanaland|14/100 tox|[from] item: Leftovers
|-damage|p2a: Polygondwanaland|8/100 tox|[from] psn
|upkeep
|turn|23
|inactive|ty-tyui↻ has 120 seconds left.
|
|t:|1667516979
|move|p1a: Zeraora|Bulk Up|p1a: Zeraora
|-boost|p1a: Zeraora|atk|1
|-boost|p1a: Zeraora|def|1
|move|p2a: Polygondwanaland|Earthquake|p1a: Zeraora
|-supereffective|p1a: Zeraora
|-damage|p1a: Zeraora|51/100
|
|-heal|p1a: Zeraora|57/100|[from] Grassy Terrain
|-heal|p2a: Polygondwanaland|14/100 tox|[from] item: Leftovers
|-damage|p2a: Polygondwanaland|2/100 tox|[from] psn
|-fieldend|move: Grassy Terrain
|upkeep
|turn|24
|
|t:|1667516989
|move|p1a: Zeraora|Drain Punch|p2a: Polygondwanaland
|-resisted|p2a: Polygondwanaland
|-damage|p2a: Polygondwanaland|0 fnt
|-heal|p1a: Zeraora|58/100|[from] drain|[of] p2a: Polygondwanaland
|faint|p2a: Polygondwanaland
|
|upkeep
|
|t:|1667516997
|switch|p2a: Hardwired|Ferrothorn, M|20/100
|-damage|p2a: Hardwired|14/100|[from] Stealth Rock
|turn|25
|
|t:|1667517002
|move|p1a: Zeraora|Drain Punch|p2a: Hardwired
|-supereffective|p2a: Hardwired
|-damage|p2a: Hardwired|0 fnt
|-heal|p1a: Zeraora|65/100|[from] drain|[of] p2a: Hardwired
|-damage|p1a: Zeraora|53/100|[from] ability: Iron Barbs|[of] p2a: Hardwired
|faint|p2a: Hardwired
|
|upkeep
|
|t:|1667517009
|switch|p2a: DragonForce|Dragapult, M|82/100
|-damage|p2a: DragonForce|70/100|[from] Stealth Rock
|turn|26
|
|t:|1667517013
|move|p1a: Zeraora|Play Rough|p2a: DragonForce
|-supereffective|p2a: DragonForce
|-crit|p2a: DragonForce
|-damage|p2a: DragonForce|0 fnt
|faint|p2a: DragonForce
|
|upkeep
|c|☆ty-tyui↻|gg
|
|t:|1667517019
|switch|p2a: Hot Stuff|Heatran, F|20/100
|-damage|p2a: Hot Stuff|8/100|[from] Stealth Rock
|turn|27
|j| RedidouClasse
|
|t:|1667517022
|move|p1a: Zeraora|Drain Punch|p2a: Hot Stuff
|-supereffective|p2a: Hot Stuff
|-damage|p2a: Hot Stuff|0 fnt
|-heal|p1a: Zeraora|58/100|[from] drain|[of] p2a: Hot Stuff
|faint|p2a: Hot Stuff
|
|win|ty-tyui↻
|raw|ty-tyui↻'s rating: 1672 &rarr; <strong>1689</strong><br />(+17 for winning)
|raw|LucioCerra's rating: 1627 &rarr; <strong>1610</strong><br />(-17 for losing)
|l|☆LucioCerra
||Ladder isn't responding, score probably updated but might not have (Request timeout).
