|j|☆Talon 5
|j|☆GGeorgie◕‿◕
|t:|1668132036
|gametype|singles
|player|p1|Talon 5|blue|1693
|player|p2|GGeorgie◕‿◕|hiker-gen2|1734
|teamsize|p1|6
|teamsize|p2|6
|gen|8
|tier|[Gen 8] OU
|rated|
|rule|Sleep Clause Mod: Limit one foe put to sleep
|rule|Species Clause: Limit one of each Pokémon
|rule|OHKO Clause: OHKO moves are banned
|rule|Evasion Items Clause: Evasion items are banned
|rule|Evasion Moves Clause: Evasion moves are banned
|rule|Endless Battle Clause: Forcing endless battles is banned
|rule|HP Percentage Mod: HP is shown in percentages
|rule|Dynamax Clause: You cannot dynamax
|clearpoke
|poke|p1|Marowak-Alola, M|
|poke|p1|Slowbro, M|
|poke|p1|Hatterene, F|
|poke|p1|Garchomp, M|
|poke|p1|Ferrothorn, M|
|poke|p1|Drampa, M|
|poke|p2|Excadrill, M|
|poke|p2|Tyranitar, F|
|poke|p2|Landorus-Therian, M|
|poke|p2|Moltres|
|poke|p2|Melmetal|
|poke|p2|Amoonguss, M|
|teampreview
|j| Serek94
|j| LT_Alt1
|inactive|Battle timer is ON: inactive players will automatically lose when time's up. (requested by GGeorgie◕‿◕)
|
|t:|1668132076
|start
|switch|p1a: Thorns|Ferrothorn, M|100/100
|switch|p2a: Amoonguss|Amoonguss, M|100/100
|turn|1
|
|t:|1668132081
|switch|p2a: Moltres|Moltres|100/100
|-ability|p2a: Moltres|Pressure
|move|p1a: Thorns|Stealth Rock|p2a: Moltres
|-sidestart|p2: GGeorgie◕‿◕|move: Stealth Rock
|
|upkeep
|turn|2
|
|t:|1668132087
|move|p2a: Moltres|Substitute|p2a: Moltres
|-start|p2a: Moltres|Substitute
|-damage|p2a: Moltres|76/100
|move|p1a: Thorns|Leech Seed|p2a: Moltres|[miss]
|-miss|p1a: Thorns|p2a: Moltres
|
|upkeep
|turn|3
|
|t:|1668132093
|move|p2a: Moltres|Hurricane|p1a: Thorns
|-damage|p1a: Thorns|64/100
|move|p1a: Thorns|Gyro Ball|p2a: Moltres
|-resisted|p2a: Moltres
|-end|p2a: Moltres|Substitute
|
|upkeep
|turn|4
|
|t:|1668132100
|switch|p1a: Sharko|Garchomp, M|100/100
|move|p2a: Moltres|Flamethrower|p1a: Sharko
|-resisted|p1a: Sharko
|-damage|p1a: Sharko|76/100
|
|-heal|p1a: Sharko|82/100|[from] item: Leftovers
|upkeep
|turn|5
|
|t:|1668132110
|switch|p2a: Landorus|Landorus-Therian, M|100/100
|-damage|p2a: Landorus|88/100|[from] Stealth Rock
|-ability|p2a: Landorus|Intimidate|boost
|-unboost|p1a: Sharko|atk|1
|move|p1a: Sharko|Swords Dance|p1a: Sharko
|-boost|p1a: Sharko|atk|2
|
|-heal|p1a: Sharko|88/100|[from] item: Leftovers
|upkeep
|turn|6
|
|t:|1668132122
|move|p2a: Landorus|U-turn|p1a: Sharko
|-damage|p1a: Sharko|64/100
|-damage|p2a: Landorus|76/100|[from] ability: Rough Skin|[of] p1a: Sharko
|
|t:|1668132124
|switch|p2a: Melmetal|Melmetal|100/100|[from]move: U-turn
|-damage|p2a: Melmetal|94/100|[from] Stealth Rock
|move|p1a: Sharko|Scale Shot|p2a: Melmetal
|-resisted|p2a: Melmetal
|-damage|p2a: Melmetal|89/100
|-resisted|p2a: Melmetal
|-damage|p2a: Melmetal|82/100
|-resisted|p2a: Melmetal
|-damage|p2a: Melmetal|77/100
|-resisted|p2a: Melmetal
|-damage|p2a: Melmetal|70/100
|-hitcount|p2a: Melmetal|4
|-unboost|p1a: Sharko|def|1
|-boost|p1a: Sharko|spe|1
|
|-heal|p1a: Sharko|70/100|[from] item: Leftovers
|-heal|p2a: Melmetal|77/100|[from] item: Leftovers
|upkeep
|turn|7
|
|t:|1668132141
|move|p1a: Sharko|Earthquake|p2a: Melmetal
|-supereffective|p2a: Melmetal
|-damage|p2a: Melmetal|0 fnt
|faint|p2a: Melmetal
|
|-heal|p1a: Sharko|76/100|[from] item: Leftovers
|upkeep
|
|t:|1668132145
|switch|p2a: Landorus|Landorus-Therian, M|76/100
|-damage|p2a: Landorus|64/100|[from] Stealth Rock
|-ability|p2a: Landorus|Intimidate|boost
|-unboost|p1a: Sharko|atk|1
|turn|8
|
|t:|1668132151
|switch|p1a: Sonso|Slowbro, M|100/100
|move|p2a: Landorus|Earthquake|p1a: Sonso
|-damage|p1a: Sonso|66/100
|
|upkeep
|turn|9
|j| Boladelodo
|
|t:|1668132159
|switch|p2a: Amoonguss|Amoonguss, M|100/100
|-damage|p2a: Amoonguss|88/100|[from] Stealth Rock
|move|p1a: Sonso|Trick Room|p1a: Sonso
|-fieldstart|move: Trick Room|[of] p1a: Sonso
|
|upkeep
|turn|10
|
|t:|1668132167
|switch|p1a: Thorns|Ferrothorn, M|64/100
|move|p2a: Amoonguss|Giga Drain|p1a: Thorns
|-resisted|p1a: Thorns
|-damage|p1a: Thorns|61/100
|-heal|p2a: Amoonguss|90/100|[from] drain|[of] p1a: Thorns
|
|upkeep
|turn|11
|
|t:|1668132173
|move|p1a: Thorns|Leech Seed|p2a: Amoonguss
|-immune|p2a: Amoonguss
|move|p2a: Amoonguss|Foul Play|p1a: Thorns
|-damage|p1a: Thorns|45/100
|-damage|p2a: Amoonguss|77/100|[from] ability: Iron Barbs|[of] p1a: Thorns
|
|upkeep
|turn|12
|
|t:|1668132181
|switch|p1a: Falkor|Drampa, M|100/100
|move|p2a: Amoonguss|Foul Play|p1a: Falkor
|-damage|p1a: Falkor|89/100
|
|upkeep
|turn|13
|
|t:|1668132187
|move|p2a: Amoonguss|Protect|p2a: Amoonguss
|-singleturn|p2a: Amoonguss|Protect
|move|p1a: Falkor|Ice Beam|p2a: Amoonguss
|-activate|p2a: Amoonguss|move: Protect
|
|-fieldend|move: Trick Room
|upkeep
|turn|14
|
|t:|1668132193
|switch|p2a: Tyranitar|Tyranitar, F|100/100
|-damage|p2a: Tyranitar|88/100|[from] Stealth Rock
|-weather|Sandstorm|[from] ability: Sand Stream|[of] p2a: Tyranitar
|move|p1a: Falkor|Focus Blast|p2a: Tyranitar
|-supereffective|p2a: Tyranitar
|-damage|p2a: Tyranitar|0 fnt
|faint|p2a: Tyranitar
|
|-weather|Sandstorm|[upkeep]
|-damage|p1a: Falkor|82/100|[from] Sandstorm
|upkeep
|j| BabyPigsAreLaughin
|
|t:|1668132196
|switch|p2a: Excadrill|Excadrill, M|100/100
|-damage|p2a: Excadrill|97/100|[from] Stealth Rock
|turn|15
|
|t:|1668132222
|move|p2a: Excadrill|Swords Dance|p2a: Excadrill
|-boost|p2a: Excadrill|atk|2
|move|p1a: Falkor|Focus Blast|p2a: Excadrill|[miss]
|-miss|p1a: Falkor|p2a: Excadrill
|
|-weather|Sandstorm|[upkeep]
|-damage|p1a: Falkor|76/100|[from] Sandstorm
|upkeep
|turn|16
|j| Jumped in Japan
|
|t:|1668132231
|switch|p1a: Thorns|Ferrothorn, M|45/100
|move|p2a: Excadrill|Earthquake|p1a: Thorns
|-damage|p1a: Thorns|0 fnt
|faint|p1a: Thorns
|-damage|p2a: Excadrill|87/100|[from] item: Life Orb
|
|-weather|Sandstorm|[upkeep]
|upkeep
|
|t:|1668132239
|switch|p1a: Sonso|Slowbro, M|99/100
|turn|17
|
|t:|1668132247
|move|p2a: Excadrill|Earthquake|p1a: Sonso
|-damage|p1a: Sonso|0 fnt
|faint|p1a: Sonso
|-damage|p2a: Excadrill|78/100|[from] item: Life Orb
|
|-weather|Sandstorm|[upkeep]
|upkeep
|c| BabyPigsAreLaughin|All because of one miss.
|
|t:|1668132267
|switch|p1a: Gorra|Hatterene, F, shiny|100/100
|turn|18
|c|☆Talon 5|yea
|inactive|Talon 5 has 120 seconds left.
|inactive|GGeorgie◕‿◕ has 120 seconds left.
|
|t:|1668132321
|move|p2a: Excadrill|Rock Blast|p1a: Gorra
|-damage|p1a: Gorra|65/100
|-damage|p1a: Gorra|28/100
|-hitcount|p1a: Gorra|2
|-damage|p2a: Excadrill|68/100|[from] item: Life Orb
|move|p1a: Gorra|Trick Room|p1a: Gorra
|-fieldstart|move: Trick Room|[of] p1a: Gorra
|
|-weather|none
|upkeep
|turn|19
|inactive|Talon 5 has 120 seconds left.
|
|t:|1668132333
|switch|p2a: Amoonguss|Amoonguss, M|100/100
|-damage|p2a: Amoonguss|88/100|[from] Stealth Rock
|move|p1a: Gorra|Mystical Fire|p2a: Amoonguss
|-supereffective|p2a: Amoonguss
|-damage|p2a: Amoonguss|49/100
|-unboost|p2a: Amoonguss|spa|1
|
|upkeep
|turn|20
|inactive|Talon 5 has 120 seconds left.
|
|t:|1668132342
|move|p2a: Amoonguss|Protect|p2a: Amoonguss
|-singleturn|p2a: Amoonguss|Protect
|move|p1a: Gorra|Mystical Fire|p2a: Amoonguss
|-activate|p2a: Amoonguss|move: Protect
|
|upkeep
|turn|21
|inactive|GGeorgie◕‿◕ has 120 seconds left.
|inactive|Talon 5 has 120 seconds left.
|
|t:|1668132355
|move|p1a: Gorra|Healing Wish|p1a: Gorra
|faint|p1a: Gorra
|move|p2a: Amoonguss|Foul Play|p1: Gorra|[notarget]
|-fail|p2a: Amoonguss
|
|upkeep
|inactive|Talon 5 has 120 seconds left.
|
|t:|1668132361
|switch|p1a: Sharko|Garchomp, M|76/100
|-heal|p1a: Sharko|100/100|[from] move: Healing Wish
|turn|22
|
|t:|1668132367
|switch|p1a: Falkor|Drampa, M|76/100
|move|p2a: Amoonguss|Stun Spore|p1a: Falkor
|-status|p1a: Falkor|par
|
|-fieldend|move: Trick Room
|upkeep
|turn|23
|inactive|Talon 5 has 120 seconds left.
|inactive|Talon 5 has 90 seconds left.
|
|t:|1668132419
|switch|p2a: Moltres|Moltres|76/100
|-ability|p2a: Moltres|Pressure
|move|p1a: Falkor|Ice Beam|p2a: Moltres
|-damage|p2a: Moltres|35/100
|
|upkeep
|turn|24
|inactive|Talon 5 has 90 seconds left.
|
|t:|1668132430
|switch|p1a: Sharko|Garchomp, M|100/100
|move|p2a: Moltres|Hurricane|p1a: Sharko
|-damage|p1a: Sharko|41/100
|
|-heal|p1a: Sharko|47/100|[from] item: Leftovers
|upkeep
|turn|25
|inactive|Talon 5 has 90 seconds left.
|
|t:|1668132437
|move|p1a: Sharko|Scale Shot|p2a: Moltres
|-damage|p2a: Moltres|20/100
|-damage|p2a: Moltres|6/100
|-damage|p2a: Moltres|0 fnt
|faint|p2a: Moltres
|-hitcount|p2: Moltres|3
|-unboost|p1a: Sharko|def|1
|-boost|p1a: Sharko|spe|1
|
|-heal|p1a: Sharko|53/100|[from] item: Leftovers
|upkeep
|
|t:|1668132440
|switch|p2a: Landorus|Landorus-Therian, M|64/100
|-damage|p2a: Landorus|52/100|[from] Stealth Rock
|-ability|p2a: Landorus|Intimidate|boost
|-unboost|p1a: Sharko|atk|1
|turn|26
|
|t:|1668132451
|move|p1a: Sharko|Scale Shot|p2a: Landorus
|-damage|p2a: Landorus|42/100
|-damage|p2a: Landorus|31/100
|-hitcount|p2a: Landorus|2
|-unboost|p1a: Sharko|def|1
|-boost|p1a: Sharko|spe|1
|move|p2a: Landorus|Earthquake|p1a: Sharko
|-damage|p1a: Sharko|0 fnt
|faint|p1a: Sharko
|
|upkeep
|inactive|Talon 5 has 90 seconds left.
|
|t:|1668132480
|switch|p1a: Falkor|Drampa, M|76/100 par
|turn|27
|
|t:|1668132488
|move|p2a: Landorus|Earthquake|p1a: Falkor
|-damage|p1a: Falkor|11/100 par
|-ability|p1a: Falkor|Berserk|boost
|-boost|p1a: Falkor|spa|1
|move|p1a: Falkor|Ice Beam|p2a: Landorus
|-supereffective|p2a: Landorus
|-damage|p2a: Landorus|0 fnt
|faint|p2a: Landorus
|
|upkeep
|
|t:|1668132490
|switch|p2a: Excadrill|Excadrill, M|68/100
|-damage|p2a: Excadrill|64/100|[from] Stealth Rock
|turn|28
|-message|Talon 5 forfeited.
|
|win|GGeorgie◕‿◕
|raw|Talon 5's rating: 1693 &rarr; <strong>1675</strong><br />(-18 for losing)
|raw|GGeorgie◕‿◕'s rating: 1734 &rarr; <strong>1752</strong><br />(+18 for winning)
|l|☆Talon 5
