|j|☆early_human
|j|☆StrongasOU
|t:|1598128654
|player|p1|early_human|1|1584
|player|p2|StrongasOU|169|1545
|teamsize|p1|6
|teamsize|p2|6
|gametype|singles
|gen|8
|tier|[Gen 8] OU
|rated|
|clearpoke
|poke|p1|Shedinja|
|poke|p1|Togekiss, F|
|poke|p1|Dragapult, F|
|poke|p1|Krookodile, M|
|poke|p1|Corviknight, F|
|poke|p1|Toxapex, F|
|poke|p2|Magnezone|
|poke|p2|Urshifu-*, M|
|poke|p2|Hippowdon, M|
|poke|p2|Scizor, F|
|poke|p2|Mandibuzz, F|
|poke|p2|Rotom-Wash|
|rule|Sleep Clause Mod: Limit one foe put to sleep
|rule|Species Clause: Limit one of each Pokémon
|rule|OHKO Clause: OHKO moves are banned
|rule|Evasion Moves Clause: Evasion moves are banned
|rule|Endless Battle Clause: Forcing endless battles is banned
|rule|HP Percentage Mod: HP is shown in percentages
|rule|Dynamax Clause: You cannot dynamax
|teampreview
|
|t:|1598128671
|start
|switch|p1a: Dragapult|Dragapult, F|100/100
|switch|p2a: Urshifu|Urshifu, M|100/100
|turn|1
|
|t:|1598128681
|switch|p1a: Toxapex|Toxapex, F|100/100
|move|p2a: Urshifu|Wicked Blow|p1a: Toxapex
|-crit|p1a: Toxapex
|-damage|p1a: Toxapex|39/100
|-damage|p2a: Urshifu|84/100|[from] item: Rocky Helmet|[of] p1a: Toxapex
|
|upkeep
|turn|2
|
|t:|1598128686
|switch|p1a: Krookodile|Krookodile, M|100/100
|move|p2a: Urshifu|Wicked Blow|p1a: Krookodile
|-resisted|p1a: Krookodile
|-crit|p1a: Krookodile
|-damage|p1a: Krookodile|37/100
|-setboost|p1a: Krookodile|atk|12|[from] ability: Anger Point
|
|upkeep
|turn|3
|
|t:|1598128718
|switch|p2a: Mandibuzz|Mandibuzz, F|100/100
|move|p1a: Krookodile|Stone Edge|p2a: Mandibuzz|[miss]
|-miss|p1a: Krookodile|p2a: Mandibuzz
|
|upkeep
|turn|4
|inactive|Battle timer is ON: inactive players will automatically lose when time's up. (requested by StrongasOU)
|
|t:|1598128734
|switch|p1a: Dragapult|Dragapult, F|100/100
|switch|p2a: Hippowdon|Hippowdon, M|100/100
|-weather|Sandstorm|[from] ability: Sand Stream|[of] p2a: Hippowdon
|
|-weather|Sandstorm|[upkeep]
|-damage|p1a: Dragapult|95/100|[from] Sandstorm
|upkeep
|turn|5
|
|t:|1598128740
|move|p1a: Dragapult|Draco Meteor|p2a: Hippowdon
|-damage|p2a: Hippowdon|18/100
|-unboost|p1a: Dragapult|spa|2
|move|p2a: Hippowdon|Stealth Rock|p1a: Dragapult
|-sidestart|p1: early_human|move: Stealth Rock
|
|-weather|Sandstorm|[upkeep]
|-damage|p1a: Dragapult|89/100|[from] Sandstorm
|-heal|p2a: Hippowdon|24/100|[from] item: Leftovers
|upkeep
|turn|6
|
|t:|1598128749
|switch|p1a: Toxapex|Toxapex, F|72/100
|-damage|p1a: Toxapex|60/100|[from] Stealth Rock
|switch|p2a: Scizor|Scizor, F|100/100
|
|-weather|Sandstorm|[upkeep]
|-damage|p1a: Toxapex|54/100|[from] Sandstorm
|upkeep
|turn|7
|
|t:|1598128756
|move|p2a: Scizor|Sand Tomb|p1a: Toxapex
|-supereffective|p1a: Toxapex
|-damage|p1a: Toxapex|15/100
|-activate|p1a: Toxapex|move: Sand Tomb|[of] p2a: Scizor
|move|p1a: Toxapex|Recover|p1a: Toxapex
|-heal|p1a: Toxapex|65/100
|
|-weather|Sandstorm|[upkeep]
|-damage|p1a: Toxapex|59/100|[from] Sandstorm
|-damage|p1a: Toxapex|47/100|[from] move: Sand Tomb|[partiallytrapped]
|upkeep
|turn|8
|
|t:|1598128760
|move|p2a: Scizor|Sand Tomb|p1a: Toxapex|[miss]
|-miss|p2a: Scizor|p1a: Toxapex
|move|p1a: Toxapex|Recover|p1a: Toxapex
|-heal|p1a: Toxapex|97/100
|
|-weather|none
|-damage|p1a: Toxapex|85/100|[from] move: Sand Tomb|[partiallytrapped]
|upkeep
|turn|9
|
|t:|1598128763
|move|p2a: Scizor|Sand Tomb|p1a: Toxapex
|-supereffective|p1a: Toxapex
|-damage|p1a: Toxapex|50/100
|move|p1a: Toxapex|Scald|p2a: Scizor
|-damage|p2a: Scizor|77/100
|
|-damage|p1a: Toxapex|37/100|[from] move: Sand Tomb|[partiallytrapped]
|upkeep
|turn|10
|
|t:|1598128766
|move|p2a: Scizor|Sand Tomb|p1a: Toxapex
|-supereffective|p1a: Toxapex
|-damage|p1a: Toxapex|1/100
|move|p1a: Toxapex|Recover|p1a: Toxapex
|-heal|p1a: Toxapex|51/100
|
|-damage|p1a: Toxapex|39/100|[from] move: Sand Tomb|[partiallytrapped]
|upkeep
|turn|11
|
|t:|1598128768
|move|p2a: Scizor|Sand Tomb|p1a: Toxapex
|-supereffective|p1a: Toxapex
|-damage|p1a: Toxapex|0 fnt
|faint|p1a: Toxapex
|
|upkeep
|-message|early_human forfeited.
|
|win|StrongasOU
