|html|<div class="broadcast-blue"><strong>[Gen 8] OU is currently suspecting Zamazenta-Crowned! For information on how to participate check out the <a href="https://www.smogon.com/forums/threads/np-ss-ou-suspect-process-round-10-royals.3681787/">suspect thread</a>.</strong></div>
|j|☆ramsay lord bolton
|j|☆ArcanineSquad
|t:|1618307381
|gametype|singles
|player|p1|ramsay lord bolton|101|1754
|player|p2|ArcanineSquad|cynthia-gen4|1671
|teamsize|p1|6
|teamsize|p2|6
|gen|8
|tier|[Gen 8] OU
|rated|
|clearpoke
|poke|p1|Melmetal|
|poke|p1|Rillaboom, M|
|poke|p1|Landorus-Therian, M|
|poke|p1|Victini|
|poke|p1|Aegislash, M|
|poke|p1|Slowbro, M|
|poke|p2|Zamazenta-Crowned|
|poke|p2|Tapu Fini|
|poke|p2|Landorus-Therian, M|
|poke|p2|Dragonite, M|
|poke|p2|Volcarona, M|
|poke|p2|Zeraora|
|rule|Sleep Clause Mod: Limit one foe put to sleep
|rule|Species Clause: Limit one of each Pokémon
|rule|OHKO Clause: OHKO moves are banned
|rule|Evasion Moves Clause: Evasion moves are banned
|rule|Endless Battle Clause: Forcing endless battles is banned
|rule|HP Percentage Mod: HP is shown in percentages
|rule|Dynamax Clause: You cannot dynamax
|teampreview
|inactive|Battle timer is ON: inactive players will automatically lose when time's up. (requested by ArcanineSquad)
|j| andrethagiiant
|
|t:|1618307393
|start
|switch|p1a: Slowbro|Slowbro, M|100/100
|switch|p2a: Dragonite|Dragonite, M|100/100
|turn|1
|
|t:|1618307399
|switch|p2a: Tapu Fini|Tapu Fini|100/100
|-fieldstart|move: Misty Terrain|[from] ability: Misty Surge|[of] p2a: Tapu Fini
|move|p1a: Slowbro|Scald|p2a: Tapu Fini
|-resisted|p2a: Tapu Fini
|-damage|p2a: Tapu Fini|84/100
|
|upkeep
|turn|2
|
|t:|1618307409
|switch|p1a: Rillaboom|Rillaboom, M|100/100
|-fieldstart|move: Grassy Terrain|[from] ability: Grassy Surge|[of] p1a: Rillaboom
|move|p2a: Tapu Fini|Trick|p1a: Rillaboom
|-activate|p2a: Tapu Fini|move: Trick|[of] p1a: Rillaboom
|-item|p1a: Rillaboom|Choice Scarf|[from] move: Trick
|-item|p2a: Tapu Fini|Leftovers|[from] move: Trick
|
|-heal|p2a: Tapu Fini|90/100|[from] Grassy Terrain
|-heal|p2a: Tapu Fini|96/100|[from] item: Leftovers
|upkeep
|turn|3
|j| EtuEsud
|
|t:|1618307418
|switch|p1a: Victini|Victini|100/100
|switch|p2a: Volcarona|Volcarona, M|100/100
|
|upkeep
|turn|4
|
|t:|1618307425
|switch|p2a: Landorus|Landorus-Therian, M|100/100
|-ability|p2a: Landorus|Intimidate|boost
|-unboost|p1a: Victini|atk|1
|move|p1a: Victini|V-create|p2a: Landorus
|-damage|p2a: Landorus|43/100
|-unboost|p1a: Victini|spe|1
|-unboost|p1a: Victini|def|1
|-unboost|p1a: Victini|spd|1
|-damage|p1a: Victini|84/100|[from] item: Rocky Helmet|[of] p2a: Landorus
|
|-heal|p1a: Victini|90/100|[from] Grassy Terrain
|upkeep
|turn|5
|j| shinhow
|
|t:|1618307436
|switch|p2a: Dragonite|Dragonite, M|100/100
|move|p1a: Victini|V-create|p2a: Dragonite
|-resisted|p2a: Dragonite
|-damage|p2a: Dragonite|76/100
|-unboost|p1a: Victini|spe|1
|-unboost|p1a: Victini|def|1
|-unboost|p1a: Victini|spd|1
|
|-heal|p1a: Victini|96/100|[from] Grassy Terrain
|upkeep
|turn|6
|
|t:|1618307447
|switch|p1a: Melmetal|Melmetal|100/100
|move|p2a: Dragonite|Roost|p2a: Dragonite
|-heal|p2a: Dragonite|100/100
|-singleturn|p2a: Dragonite|move: Roost
|
|-fieldend|move: Grassy Terrain
|upkeep
|turn|7
|j| amiri jeans
|c| amiri jeans|uuuuuuuuuuuuuuuuuuuuuuuuuuuuuuuuuu
|l| EtuEsud
|
|t:|1618307454
|switch|p2a: Volcarona|Volcarona, M|100/100
|move|p1a: Melmetal|Double Iron Bash|p2a: Volcarona
|-resisted|p2a: Volcarona
|-damage|p2a: Volcarona|62/100
|-status|p1a: Melmetal|brn|[from] ability: Flame Body|[of] p2a: Volcarona
|-resisted|p2a: Volcarona
|-damage|p2a: Volcarona|45/100
|-hitcount|p2a: Volcarona|2
|
|-damage|p1a: Melmetal|94/100 brn|[from] brn
|upkeep
|turn|8
|
|t:|1618307464
|switch|p1a: Victini|Victini|96/100
|move|p2a: Volcarona|Roost|p2a: Volcarona
|-heal|p2a: Volcarona|95/100
|-singleturn|p2a: Volcarona|move: Roost
|
|upkeep
|turn|9
|
|t:|1618307475
|switch|p2a: Dragonite|Dragonite, M|100/100
|move|p1a: Victini|V-create|p2a: Dragonite
|-resisted|p2a: Dragonite
|-damage|p2a: Dragonite|66/100
|-unboost|p1a: Victini|spe|1
|-unboost|p1a: Victini|def|1
|-unboost|p1a: Victini|spd|1
|
|upkeep
|turn|10
|l| amiri jeans
|
|t:|1618307483
|move|p2a: Dragonite|Roost|p2a: Dragonite
|-heal|p2a: Dragonite|100/100
|-singleturn|p2a: Dragonite|move: Roost
|move|p1a: Victini|V-create|p2a: Dragonite
|-resisted|p2a: Dragonite
|-damage|p2a: Dragonite|66/100
|-unboost|p1a: Victini|spe|1
|-unboost|p1a: Victini|def|1
|-unboost|p1a: Victini|spd|1
|
|upkeep
|turn|11
|
|t:|1618307492
|switch|p1a: Landorus|Landorus-Therian, M|100/100
|-ability|p1a: Landorus|Intimidate|boost
|-unboost|p2a: Dragonite|atk|1
|move|p2a: Dragonite|Roost|p2a: Dragonite
|-heal|p2a: Dragonite|100/100
|-singleturn|p2a: Dragonite|move: Roost
|
|upkeep
|turn|12
|
|t:|1618307500
|switch|p2a: Landorus|Landorus-Therian, M|43/100
|-ability|p2a: Landorus|Intimidate|boost
|-unboost|p1a: Landorus|atk|1
|move|p1a: Landorus|Swords Dance|p1a: Landorus
|-boost|p1a: Landorus|atk|2
|
|upkeep
|turn|13
|
|t:|1618307507
|move|p1a: Landorus|Rock Polish|p1a: Landorus
|-boost|p1a: Landorus|spe|2
|move|p2a: Landorus|Stealth Rock|p1a: Landorus
|-sidestart|p1: ramsay lord bolton|move: Stealth Rock
|
|upkeep
|turn|14
|
|t:|1618307513
|move|p1a: Landorus|Stone Edge|p2a: Landorus|[miss]
|-miss|p1a: Landorus|p2a: Landorus
|move|p2a: Landorus|U-turn|p1a: Landorus
|-resisted|p1a: Landorus
|-crit|p1a: Landorus
|-damage|p1a: Landorus|85/100
|
|t:|1618307515
|switch|p2a: Tapu Fini|Tapu Fini|96/100|[from]move: U-turn
|-fieldstart|move: Misty Terrain|[from] ability: Misty Surge|[of] p2a: Tapu Fini
|
|-heal|p1a: Landorus|92/100|[from] item: Leftovers
|-heal|p2a: Tapu Fini|100/100|[from] item: Leftovers
|upkeep
|turn|15
|
|t:|1618307524
|move|p1a: Landorus|Earthquake|p2a: Tapu Fini
|-damage|p2a: Tapu Fini|0 fnt
|faint|p2a: Tapu Fini
|
|-heal|p1a: Landorus|98/100|[from] item: Leftovers
|upkeep
|
|t:|1618307533
|switch|p2a: Zamazenta|Zamazenta-Crowned|100/100
|-ability|p2a: Zamazenta|Dauntless Shield|boost
|-boost|p2a: Zamazenta|def|1
|turn|16
|
|t:|1618307537
|move|p1a: Landorus|Swords Dance|p1a: Landorus
|-boost|p1a: Landorus|atk|2
|move|p2a: Zamazenta|Behemoth Bash|p1a: Landorus
|-damage|p1a: Landorus|49/100
|
|-heal|p1a: Landorus|56/100|[from] item: Leftovers
|upkeep
|turn|17
|
|t:|1618307545
|switch|p2a: Landorus|Landorus-Therian, M|43/100
|-ability|p2a: Landorus|Intimidate|boost
|-unboost|p1a: Landorus|atk|1
|move|p1a: Landorus|Earthquake|p2a: Landorus
|-immune|p2a: Landorus
|
|-heal|p1a: Landorus|62/100|[from] item: Leftovers
|upkeep
|turn|18
|
|t:|1618307553
|move|p1a: Landorus|Stone Edge|p2a: Landorus
|-damage|p2a: Landorus|0 fnt
|faint|p2a: Landorus
|
|-heal|p1a: Landorus|68/100|[from] item: Leftovers
|-fieldend|Misty Terrain
|upkeep
|
|t:|1618307556
|switch|p2a: Dragonite|Dragonite, M|100/100
|turn|19
|j| Tio Plato x
|
|t:|1618307560
|move|p1a: Landorus|Stone Edge|p2a: Dragonite|[miss]
|-miss|p1a: Landorus|p2a: Dragonite
|move|p2a: Dragonite|Dual Wingbeat|p1a: Landorus
|-damage|p1a: Landorus|50/100
|-damage|p1a: Landorus|29/100
|-hitcount|p1a: Landorus|2
|
|-heal|p1a: Landorus|35/100|[from] item: Leftovers
|upkeep
|turn|20
|
|t:|1618307569
|move|p1a: Landorus|Stone Edge|p2a: Dragonite
|-supereffective|p2a: Dragonite
|-damage|p2a: Dragonite|8/100
|move|p2a: Dragonite|Dual Wingbeat|p1a: Landorus
|-damage|p1a: Landorus|18/100
|-damage|p1a: Landorus|0 fnt
|-hitcount|p1a: Landorus|2
|faint|p1a: Landorus
|
|upkeep
|
|t:|1618307586
|switch|p1a: Aegislash|Aegislash, M|100/100
|-damage|p1a: Aegislash|94/100|[from] Stealth Rock
|turn|21
|
|t:|1618307590
|-formechange|p1a: Aegislash|Aegislash-Blade||[from] ability: Stance Change
|move|p1a: Aegislash|Shadow Sneak|p2a: Dragonite
|-damage|p2a: Dragonite|0 fnt
|faint|p2a: Dragonite
|
|-heal|p1a: Aegislash|100/100|[from] item: Leftovers
|upkeep
|
|t:|1618307602
|switch|p2a: Zeraora|Zeraora|100/100
|turn|22
|
|t:|1618307608
|switch|p1a: Melmetal|Melmetal|94/100 brn
|-damage|p1a: Melmetal|88/100 brn|[from] Stealth Rock
|move|p2a: Zeraora|Bulk Up|p2a: Zeraora
|-boost|p2a: Zeraora|atk|1
|-boost|p2a: Zeraora|def|1
|
|-damage|p1a: Melmetal|82/100 brn|[from] brn
|upkeep
|turn|23
|
|t:|1618307617
|move|p2a: Zeraora|Bulk Up|p2a: Zeraora
|-boost|p2a: Zeraora|atk|1
|-boost|p2a: Zeraora|def|1
|move|p1a: Melmetal|Earthquake|p2a: Zeraora
|-supereffective|p2a: Zeraora
|-damage|p2a: Zeraora|60/100
|
|-heal|p2a: Zeraora|66/100|[from] item: Leftovers
|-damage|p1a: Melmetal|76/100 brn|[from] brn
|upkeep
|turn|24
|
|t:|1618307625
|move|p2a: Zeraora|Close Combat|p1a: Melmetal
|-supereffective|p1a: Melmetal
|-damage|p1a: Melmetal|0 fnt
|-unboost|p2a: Zeraora|def|1
|-unboost|p2a: Zeraora|spd|1
|faint|p1a: Melmetal
|
|-heal|p2a: Zeraora|72/100|[from] item: Leftovers
|upkeep
|
|t:|1618307637
|switch|p1a: Rillaboom|Rillaboom, M|100/100
|-damage|p1a: Rillaboom|88/100|[from] Stealth Rock
|-fieldstart|move: Grassy Terrain|[from] ability: Grassy Surge|[of] p1a: Rillaboom
|turn|25
|
|t:|1618307644
|switch|p2a: Volcarona|Volcarona, M|95/100
|move|p1a: Rillaboom|Swords Dance|p1a: Rillaboom
|-boost|p1a: Rillaboom|atk|2
|
|-heal|p1a: Rillaboom|94/100|[from] Grassy Terrain
|-heal|p2a: Volcarona|100/100|[from] Grassy Terrain
|upkeep
|turn|26
|
|t:|1618307652
|switch|p1a: Victini|Victini|96/100
|-damage|p1a: Victini|71/100|[from] Stealth Rock
|switch|p2a: Zeraora|Zeraora|72/100
|
|-heal|p2a: Zeraora|78/100|[from] Grassy Terrain
|-heal|p2a: Zeraora|84/100|[from] item: Leftovers
|-heal|p1a: Victini|78/100|[from] Grassy Terrain
|upkeep
|turn|27
|
|t:|1618307661
|move|p2a: Zeraora|Knock Off|p1a: Victini
|-supereffective|p1a: Victini
|-damage|p1a: Victini|14/100
|-enditem|p1a: Victini|Choice Band|[from] move: Knock Off|[of] p2a: Zeraora
|move|p1a: Victini|V-create|p2a: Zeraora
|-damage|p2a: Zeraora|0 fnt
|-unboost|p1a: Victini|spe|1
|-unboost|p1a: Victini|def|1
|-unboost|p1a: Victini|spd|1
|faint|p2a: Zeraora
|
|-heal|p1a: Victini|20/100|[from] Grassy Terrain
|upkeep
|
|t:|1618307669
|switch|p2a: Zamazenta|Zamazenta-Crowned|100/100
|-ability|p2a: Zamazenta|Dauntless Shield|boost
|-boost|p2a: Zamazenta|def|1
|turn|28
|
|t:|1618307674
|move|p2a: Zamazenta|Wild Charge|p1a: Victini
|-damage|p1a: Victini|0 fnt
|-damage|p2a: Zamazenta|95/100|[from] Recoil
|faint|p1a: Victini
|
|-heal|p2a: Zamazenta|100/100|[from] Grassy Terrain
|upkeep
|
|t:|1618307686
|switch|p1a: Slowbro|Slowbro, M|100/100
|-damage|p1a: Slowbro|88/100|[from] Stealth Rock
|turn|29
|
|t:|1618307692
|switch|p1a: Aegislash|Aegislash, M|100/100
|-damage|p1a: Aegislash|94/100|[from] Stealth Rock
|move|p2a: Zamazenta|Howl|p2a: Zamazenta
|-boost|p2a: Zamazenta|atk|1
|
|-heal|p1a: Aegislash|100/100|[from] Grassy Terrain
|-fieldend|move: Grassy Terrain
|upkeep
|turn|30
|
|t:|1618307701
|move|p2a: Zamazenta|Howl|p2a: Zamazenta
|-boost|p2a: Zamazenta|atk|1
|move|p1a: Aegislash|Swords Dance|p1a: Aegislash
|-boost|p1a: Aegislash|atk|2
|
|upkeep
|turn|31
|
|t:|1618307707
|move|p2a: Zamazenta|Wild Charge|p1a: Aegislash
|-damage|p1a: Aegislash|55/100
|-damage|p2a: Zamazenta|89/100|[from] Recoil
|-formechange|p1a: Aegislash|Aegislash-Blade||[from] ability: Stance Change
|move|p1a: Aegislash|Shadow Claw|p2a: Zamazenta
|-damage|p2a: Zamazenta|48/100
|
|-heal|p1a: Aegislash|61/100|[from] item: Leftovers
|upkeep
|turn|32
|
|t:|1618307719
|move|p1a: Aegislash|Shadow Sneak|p2a: Zamazenta
|-damage|p2a: Zamazenta|22/100
|move|p2a: Zamazenta|Wild Charge|p1a: Aegislash
|-damage|p1a: Aegislash|0 fnt
|-damage|p2a: Zamazenta|7/100|[from] Recoil
|faint|p1a: Aegislash
|
|upkeep
|c|☆ArcanineSquad|Gg
|
|t:|1618307737
|switch|p1a: Rillaboom|Rillaboom, M|94/100
|-damage|p1a: Rillaboom|82/100|[from] Stealth Rock
|-fieldstart|move: Grassy Terrain|[from] ability: Grassy Surge|[of] p1a: Rillaboom
|turn|33
|
|t:|1618307751
|move|p2a: Zamazenta|Behemoth Bash|p1a: Rillaboom
|-damage|p1a: Rillaboom|0 fnt
|faint|p1a: Rillaboom
|
|-heal|p2a: Zamazenta|13/100|[from] Grassy Terrain
|upkeep
|j| Kiytfbnb
|
|t:|1618307758
|switch|p1a: Slowbro|Slowbro, M|100/100
|-damage|p1a: Slowbro|88/100|[from] Stealth Rock
|turn|34
|
|t:|1618307765
|move|p2a: Zamazenta|Wild Charge|p1a: Slowbro
|-supereffective|p1a: Slowbro
|-damage|p1a: Slowbro|5/100
|-damage|p2a: Zamazenta|0 fnt|[from] Recoil
|faint|p2a: Zamazenta
|move|p1a: Slowbro|Slack Off|p1a: Slowbro
|-heal|p1a: Slowbro|55/100
|
|-heal|p1a: Slowbro|61/100|[from] Grassy Terrain
|-heal|p1a: Slowbro|68/100|[from] item: Leftovers
|upkeep
|j| Jorgeta57
|
|t:|1618307773
|switch|p2a: Volcarona|Volcarona, M|100/100
|turn|35
|
|t:|1618307776
|move|p2a: Volcarona|Quiver Dance|p2a: Volcarona
|-boost|p2a: Volcarona|spa|1
|-boost|p2a: Volcarona|spd|1
|-boost|p2a: Volcarona|spe|1
|move|p1a: Slowbro|Calm Mind|p1a: Slowbro
|-boost|p1a: Slowbro|spa|1
|-boost|p1a: Slowbro|spd|1
|
|-heal|p1a: Slowbro|74/100|[from] Grassy Terrain
|-heal|p1a: Slowbro|80/100|[from] item: Leftovers
|upkeep
|turn|36
|
|t:|1618307785
|move|p2a: Volcarona|Quiver Dance|p2a: Volcarona
|-boost|p2a: Volcarona|spa|1
|-boost|p2a: Volcarona|spd|1
|-boost|p2a: Volcarona|spe|1
|move|p1a: Slowbro|Calm Mind|p1a: Slowbro
|-boost|p1a: Slowbro|spa|1
|-boost|p1a: Slowbro|spd|1
|
|-heal|p1a: Slowbro|86/100|[from] Grassy Terrain
|-heal|p1a: Slowbro|93/100|[from] item: Leftovers
|upkeep
|turn|37
|
|t:|1618307793
|move|p2a: Volcarona|Quiver Dance|p2a: Volcarona
|-boost|p2a: Volcarona|spa|1
|-boost|p2a: Volcarona|spd|1
|-boost|p2a: Volcarona|spe|1
|move|p1a: Slowbro|Calm Mind|p1a: Slowbro
|-boost|p1a: Slowbro|spa|1
|-boost|p1a: Slowbro|spd|1
|
|-heal|p1a: Slowbro|99/100|[from] Grassy Terrain
|-heal|p1a: Slowbro|100/100|[from] item: Leftovers
|-fieldend|move: Grassy Terrain
|upkeep
|turn|38
|
|t:|1618307802
|move|p2a: Volcarona|Quiver Dance|p2a: Volcarona
|-boost|p2a: Volcarona|spa|1
|-boost|p2a: Volcarona|spd|1
|-boost|p2a: Volcarona|spe|1
|move|p1a: Slowbro|Calm Mind|p1a: Slowbro
|-boost|p1a: Slowbro|spa|1
|-boost|p1a: Slowbro|spd|1
|
|upkeep
|turn|39
|
|t:|1618307808
|move|p2a: Volcarona|Quiver Dance|p2a: Volcarona
|-boost|p2a: Volcarona|spa|1
|-boost|p2a: Volcarona|spd|1
|-boost|p2a: Volcarona|spe|1
|move|p1a: Slowbro|Calm Mind|p1a: Slowbro
|-boost|p1a: Slowbro|spa|1
|-boost|p1a: Slowbro|spd|1
|
|upkeep
|turn|40
|
|t:|1618307814
|move|p2a: Volcarona|Quiver Dance|p2a: Volcarona
|-boost|p2a: Volcarona|spa|1
|-boost|p2a: Volcarona|spd|1
|-boost|p2a: Volcarona|spe|1
|move|p1a: Slowbro|Calm Mind|p1a: Slowbro
|-boost|p1a: Slowbro|spa|1
|-boost|p1a: Slowbro|spd|1
|
|upkeep
|turn|41
|
|t:|1618307821
|move|p2a: Volcarona|Psychic|p1a: Slowbro
|-resisted|p1a: Slowbro
|-damage|p1a: Slowbro|86/100
|move|p1a: Slowbro|Scald|p2a: Volcarona
|-supereffective|p2a: Volcarona
|-damage|p2a: Volcarona|38/100
|
|-heal|p1a: Slowbro|92/100|[from] item: Leftovers
|upkeep
|turn|42
|
|t:|1618307828
|move|p2a: Volcarona|Roost|p2a: Volcarona
|-heal|p2a: Volcarona|88/100
|-singleturn|p2a: Volcarona|move: Roost
|move|p1a: Slowbro|Scald|p2a: Volcarona
|-supereffective|p2a: Volcarona
|-damage|p2a: Volcarona|33/100
|
|-heal|p1a: Slowbro|99/100|[from] item: Leftovers
|upkeep
|turn|43
|c|☆ArcanineSquad|You really think this is Mega Bro
|
|t:|1618307842
|move|p2a: Volcarona|Roost|p2a: Volcarona
|-heal|p2a: Volcarona|83/100
|-singleturn|p2a: Volcarona|move: Roost
|move|p1a: Slowbro|Scald|p2a: Volcarona
|-supereffective|p2a: Volcarona
|-damage|p2a: Volcarona|20/100
|
|-heal|p1a: Slowbro|100/100|[from] item: Leftovers
|upkeep
|turn|44
|
|t:|1618307850
|move|p2a: Volcarona|Fiery Dance|p1a: Slowbro
|-resisted|p1a: Slowbro
|-damage|p1a: Slowbro|79/100
|move|p1a: Slowbro|Scald|p2a: Volcarona
|-supereffective|p2a: Volcarona
|-damage|p2a: Volcarona|0 fnt
|faint|p2a: Volcarona
|
|win|ramsay lord bolton
|raw|ramsay lord bolton's rating: 1754 &rarr; <strong>1769</strong><br />(+15 for winning)
|raw|ArcanineSquad's rating: 1671 &rarr; <strong>1656</strong><br />(-15 for losing)
|l|☆ramsay lord bolton
|j| outk marocmint
|l|☆ArcanineSquad
|l| Tio Plato x
|l| andrethagiiant
