|j|☆SoarApollo
|j|‽hypervortexreturns
|t:|1664619345
|gametype|singles
|player|p1|SoarApollo|rollerskater|1811
|player|p2|hypervortexreturns|2|1895
|teamsize|p1|6
|teamsize|p2|6
|gen|8
|tier|[Gen 8] OU
|rated|
|rule|Sleep Clause Mod: Limit one foe put to sleep
|rule|Species Clause: Limit one of each Pokémon
|rule|OHKO Clause: OHKO moves are banned
|rule|Evasion Items Clause: Evasion items are banned
|rule|Evasion Moves Clause: Evasion moves are banned
|rule|Endless Battle Clause: Forcing endless battles is banned
|rule|HP Percentage Mod: HP is shown in percentages
|rule|Dynamax Clause: You cannot dynamax
|clearpoke
|poke|p1|Raikou|
|poke|p1|Zapdos|
|poke|p1|Dragonite, F|
|poke|p1|Urshifu-*, M|
|poke|p1|Swampert, M|
|poke|p1|Melmetal|
|poke|p2|Hydreigon, M|
|poke|p2|Zapdos|
|poke|p2|Tangrowth, M|
|poke|p2|Corviknight, F|
|poke|p2|Excadrill, M|
|poke|p2|Azumarill, M|
|teampreview
|inactive|Battle timer is ON: inactive players will automatically lose when time's up. (requested by hypervortexreturns)
|
|t:|1664619363
|start
|switch|p1a: Swampert|Swampert, M|100/100
|switch|p2a: Tangrowth|Tangrowth, M|100/100
|turn|1
|
|t:|1664619376
|move|p2a: Tangrowth|Knock Off|p1a: Swampert
|-damage|p1a: Swampert|82/100
|-enditem|p1a: Swampert|Leftovers|[from] move: Knock Off|[of] p2a: Tangrowth
|move|p1a: Swampert|Toxic|p2a: Tangrowth
|-status|p2a: Tangrowth|tox
|
|-damage|p2a: Tangrowth|94/100 tox|[from] psn
|upkeep
|turn|2
|
|t:|1664619388
|switch|p1a: Zapdos|Zapdos, shiny|100/100
|move|p2a: Tangrowth|Knock Off|p1a: Zapdos
|-damage|p1a: Zapdos|75/100
|-enditem|p1a: Zapdos|Heavy-Duty Boots|[from] move: Knock Off|[of] p2a: Tangrowth
|
|-damage|p2a: Tangrowth|82/100 tox|[from] psn
|upkeep
|turn|3
|
|t:|1664619400
|switch|p2a: Hydreigon|Hydreigon, M|100/100
|move|p1a: Zapdos|Roost|p1a: Zapdos
|-heal|p1a: Zapdos|100/100
|-singleturn|p1a: Zapdos|move: Roost
|
|upkeep
|turn|4
|
|t:|1664619409
|move|p2a: Hydreigon|Dark Pulse|p1a: Zapdos
|-damage|p1a: Zapdos|61/100
|move|p1a: Zapdos|Volt Switch|p2a: Hydreigon
|-resisted|p2a: Hydreigon
|-damage|p2a: Hydreigon|82/100
|
|t:|1664619411
|switch|p1a: Swampert|Swampert, M|82/100|[from]move: Volt Switch
|
|-heal|p2a: Hydreigon|88/100|[from] item: Leftovers
|upkeep
|turn|5
|
|t:|1664619434
|switch|p2a: Tangrowth|Tangrowth, M|100/100 tox
|move|p1a: Swampert|Stealth Rock|p2a: Tangrowth
|-sidestart|p2: hypervortexreturns|move: Stealth Rock
|
|-damage|p2a: Tangrowth|94/100 tox|[from] psn
|upkeep
|turn|6
|
|t:|1664619444
|switch|p1a: Zapdos|Zapdos, shiny|61/100
|move|p2a: Tangrowth|Sleep Powder|p1a: Zapdos
|-status|p1a: Zapdos|slp|[from] move: Sleep Powder
|
|-damage|p2a: Tangrowth|82/100 tox|[from] psn
|upkeep
|turn|7
|
|t:|1664619456
|switch|p2a: Excadrill|Excadrill, M|100/100
|-damage|p2a: Excadrill|97/100|[from] Stealth Rock
|-ability|p2a: Excadrill|Mold Breaker
|cant|p1a: Zapdos|slp
|
|-heal|p2a: Excadrill|100/100|[from] item: Leftovers
|upkeep
|turn|8
|
|t:|1664619469
|move|p2a: Excadrill|Stealth Rock|p1a: Zapdos
|-sidestart|p1: SoarApollo|move: Stealth Rock
|cant|p1a: Zapdos|slp
|
|upkeep
|turn|9
|
|t:|1664619490
|switch|p2a: Zapdos|Zapdos|100/100
|cant|p1a: Zapdos|slp
|
|upkeep
|turn|10
|
|t:|1664619496
|move|p2a: Zapdos|Discharge|p1a: Zapdos
|-damage|p1a: Zapdos|25/100 slp
|-curestatus|p1a: Zapdos|slp|[msg]
|move|p1a: Zapdos|Roost|p1a: Zapdos
|-heal|p1a: Zapdos|76/100
|-singleturn|p1a: Zapdos|move: Roost
|
|upkeep
|turn|11
|
|t:|1664619506
|move|p2a: Zapdos|Toxic|p1a: Zapdos
|-status|p1a: Zapdos|tox
|move|p1a: Zapdos|Roost|p1a: Zapdos
|-heal|p1a: Zapdos|100/100 tox
|-singleturn|p1a: Zapdos|move: Roost
|
|-damage|p1a: Zapdos|94/100 tox|[from] psn
|upkeep
|turn|12
|
|t:|1664619517
|move|p2a: Zapdos|Discharge|p1a: Zapdos
|-damage|p1a: Zapdos|53/100 tox
|move|p1a: Zapdos|Volt Switch|p2a: Zapdos
|-damage|p2a: Zapdos|61/100
|
|t:|1664619525
|switch|p1a: Melmetal|Melmetal|100/100|[from]move: Volt Switch
|-damage|p1a: Melmetal|94/100|[from] Stealth Rock
|
|-heal|p1a: Melmetal|100/100|[from] item: Leftovers
|upkeep
|turn|13
|
|t:|1664619542
|switch|p2a: Tangrowth|Tangrowth, M|100/100 tox
|-damage|p2a: Tangrowth|88/100 tox|[from] Stealth Rock
|move|p1a: Melmetal|Toxic|p2a: Tangrowth
|-fail|p2a: Tangrowth|tox
|
|-damage|p2a: Tangrowth|82/100 tox|[from] psn
|upkeep
|turn|14
|
|t:|1664619552
|switch|p1a: Zapdos|Zapdos, shiny|53/100 tox
|-damage|p1a: Zapdos|28/100 tox|[from] Stealth Rock
|move|p2a: Tangrowth|Knock Off|p1a: Zapdos
|-damage|p1a: Zapdos|8/100 tox
|
|-damage|p1a: Zapdos|2/100 tox|[from] psn
|-damage|p2a: Tangrowth|70/100 tox|[from] psn
|upkeep
|turn|15
|
|t:|1664619571
|switch|p2a: Zapdos|Zapdos|61/100
|move|p1a: Zapdos|Hurricane|p2a: Zapdos
|-resisted|p2a: Zapdos
|-damage|p2a: Zapdos|30/100
|
|-damage|p1a: Zapdos|0 fnt|[from] psn
|faint|p1a: Zapdos
|upkeep
|
|t:|1664619577
|switch|p1a: Raikou|Raikou, shiny|100/100
|-damage|p1a: Raikou|88/100|[from] Stealth Rock
|turn|16
|j| NDHB
|inactive|hypervortexreturns has 120 seconds left.
|
|t:|1664619597
|switch|p2a: Excadrill|Excadrill, M|100/100
|-damage|p2a: Excadrill|97/100|[from] Stealth Rock
|-ability|p2a: Excadrill|Mold Breaker
|move|p1a: Raikou|Volt Switch|p2a: Excadrill
|-immune|p2a: Excadrill
|
|-heal|p2a: Excadrill|100/100|[from] item: Leftovers
|upkeep
|turn|17
|inactive|hypervortexreturns has 120 seconds left.
|
|t:|1664619611
|switch|p1a: Urshifu|Urshifu-Rapid-Strike, M|100/100
|-damage|p1a: Urshifu|94/100|[from] Stealth Rock
|move|p2a: Excadrill|Iron Head|p1a: Urshifu
|-resisted|p1a: Urshifu
|-damage|p1a: Urshifu|74/100
|
|upkeep
|turn|18
|inactive|hypervortexreturns has 120 seconds left.
|j| Willstun Fisk
|inactive|SoarApollo has 120 seconds left.
|inactive|SoarApollo has 90 seconds left.
|
|t:|1664619676
|switch|p2a: Tangrowth|Tangrowth, M|100/100 tox
|-damage|p2a: Tangrowth|88/100 tox|[from] Stealth Rock
|move|p1a: Urshifu|Surging Strikes|p2a: Tangrowth
|-resisted|p2a: Tangrowth
|-crit|p2a: Tangrowth
|-damage|p2a: Tangrowth|83/100 tox
|-resisted|p2a: Tangrowth
|-crit|p2a: Tangrowth
|-damage|p2a: Tangrowth|78/100 tox
|-resisted|p2a: Tangrowth
|-crit|p2a: Tangrowth
|-damage|p2a: Tangrowth|74/100 tox
|-hitcount|p2a: Tangrowth|3
|
|-damage|p2a: Tangrowth|67/100 tox|[from] psn
|upkeep
|turn|19
|inactive|SoarApollo has 90 seconds left.
|inactive|hypervortexreturns has 120 seconds left.
|
|t:|1664619697
|move|p1a: Urshifu|Taunt|p2a: Tangrowth
|-start|p2a: Tangrowth|move: Taunt
|cant|p2a: Tangrowth|move: Taunt|Sleep Powder
|
|-damage|p2a: Tangrowth|55/100 tox|[from] psn
|upkeep
|turn|20
|
|t:|1664619710
|move|p1a: Urshifu|U-turn|p2a: Tangrowth
|-supereffective|p2a: Tangrowth
|-damage|p2a: Tangrowth|28/100 tox
|
|t:|1664619714
|switch|p1a: Raikou|Raikou, shiny|88/100|[from]move: U-turn
|-damage|p1a: Raikou|76/100|[from] Stealth Rock
|move|p2a: Tangrowth|Knock Off|p1a: Raikou
|-damage|p1a: Raikou|44/100
|-enditem|p1a: Raikou|Choice Specs|[from] move: Knock Off|[of] p2a: Tangrowth
|
|-damage|p2a: Tangrowth|10/100 tox|[from] psn
|upkeep
|turn|21
|inactive|hypervortexreturns has 120 seconds left.
|
|t:|1664619738
|move|p1a: Raikou|Aura Sphere|p2a: Tangrowth
|-damage|p2a: Tangrowth|0 fnt
|faint|p2a: Tangrowth
|
|upkeep
|
|t:|1664619754
|switch|p2a: Hydreigon|Hydreigon, M|88/100
|-damage|p2a: Hydreigon|76/100|[from] Stealth Rock
|turn|22
|
|t:|1664619761
|move|p1a: Raikou|Volt Switch|p2a: Hydreigon
|-resisted|p2a: Hydreigon
|-damage|p2a: Hydreigon|59/100
|
|t:|1664619763
|switch|p1a: Swampert|Swampert, M|82/100|[from]move: Volt Switch
|-damage|p1a: Swampert|76/100|[from] Stealth Rock
|move|p2a: Hydreigon|Earth Power|p1a: Swampert
|-damage|p1a: Swampert|58/100
|
|-heal|p2a: Hydreigon|65/100|[from] item: Leftovers
|upkeep
|turn|23
|
|t:|1664619785
|switch|p2a: Corviknight|Corviknight, F|100/100
|-damage|p2a: Corviknight|88/100|[from] Stealth Rock
|-ability|p2a: Corviknight|Pressure
|move|p1a: Swampert|Toxic|p2a: Corviknight
|-immune|p2a: Corviknight
|
|-heal|p2a: Corviknight|94/100|[from] item: Leftovers
|upkeep
|turn|24
|
|t:|1664619800
|move|p2a: Corviknight|Brave Bird|p1a: Swampert
|-damage|p1a: Swampert|31/100
|-damage|p2a: Corviknight|85/100|[from] Recoil
|move|p1a: Swampert|Flip Turn|p2a: Corviknight
|-damage|p2a: Corviknight|66/100
|
|t:|1664619803
|switch|p1a: Raikou|Raikou, shiny|44/100|[from]move: Flip Turn
|-damage|p1a: Raikou|32/100|[from] Stealth Rock
|
|-heal|p2a: Corviknight|72/100|[from] item: Leftovers
|upkeep
|turn|25
|
|t:|1664619820
|switch|p2a: Excadrill|Excadrill, M|100/100
|-damage|p2a: Excadrill|97/100|[from] Stealth Rock
|-ability|p2a: Excadrill|Mold Breaker
|move|p1a: Raikou|Scald|p2a: Excadrill
|-supereffective|p2a: Excadrill
|-damage|p2a: Excadrill|30/100
|
|-heal|p2a: Excadrill|37/100|[from] item: Leftovers
|upkeep
|turn|26
|inactive|hypervortexreturns has 90 seconds left.
|
|t:|1664619837
|move|p1a: Raikou|Aura Sphere|p2a: Excadrill
|-supereffective|p2a: Excadrill
|-damage|p2a: Excadrill|0 fnt
|faint|p2a: Excadrill
|
|upkeep
|inactive|hypervortexreturns has 90 seconds left.
|
|t:|1664619850
|switch|p2a: Azumarill|Azumarill, M|100/100
|-damage|p2a: Azumarill|88/100|[from] Stealth Rock
|turn|27
|inactive|hypervortexreturns has 90 seconds left.
|
|t:|1664619864
|move|p2a: Azumarill|Aqua Jet|p1a: Raikou
|-damage|p1a: Raikou|0 fnt
|faint|p1a: Raikou
|
|upkeep
|
|t:|1664619866
|switch|p1a: Dragonite|Dragonite, F|100/100
|turn|28
|inactive|hypervortexreturns has 90 seconds left.
|
|t:|1664619883
|move|p1a: Dragonite|Dragon Dance|p1a: Dragonite
|-boost|p1a: Dragonite|atk|1
|-boost|p1a: Dragonite|spe|1
|move|p2a: Azumarill|Play Rough|p1a: Dragonite
|-supereffective|p1a: Dragonite
|-damage|p1a: Dragonite|53/100
|
|upkeep
|turn|29
|
|t:|1664619891
|move|p1a: Dragonite|Roost|p1a: Dragonite
|-heal|p1a: Dragonite|100/100
|-singleturn|p1a: Dragonite|move: Roost
|move|p2a: Azumarill|Play Rough|p1a: Dragonite
|-supereffective|p1a: Dragonite
|-damage|p1a: Dragonite|52/100
|
|upkeep
|turn|30
|
|t:|1664619900
|move|p1a: Dragonite|Roost|p1a: Dragonite
|-heal|p1a: Dragonite|100/100
|-singleturn|p1a: Dragonite|move: Roost
|move|p2a: Azumarill|Play Rough|p1a: Dragonite
|-supereffective|p1a: Dragonite
|-damage|p1a: Dragonite|51/100
|
|upkeep
|turn|31
|
|t:|1664619910
|switch|p2a: Corviknight|Corviknight, F|72/100
|-damage|p2a: Corviknight|59/100|[from] Stealth Rock
|-ability|p2a: Corviknight|Pressure
|move|p1a: Dragonite|Roost|p1a: Dragonite
|-heal|p1a: Dragonite|100/100
|-singleturn|p1a: Dragonite|move: Roost
|
|-heal|p2a: Corviknight|66/100|[from] item: Leftovers
|upkeep
|turn|32
|
|t:|1664619923
|move|p1a: Dragonite|Dragon Dance|p1a: Dragonite
|-boost|p1a: Dragonite|atk|1
|-boost|p1a: Dragonite|spe|1
|move|p2a: Corviknight|Bulk Up|p2a: Corviknight
|-boost|p2a: Corviknight|atk|1
|-boost|p2a: Corviknight|def|1
|
|-heal|p2a: Corviknight|72/100|[from] item: Leftovers
|upkeep
|turn|33
|
|t:|1664619934
|switch|p1a: Urshifu|Urshifu-Rapid-Strike, M|74/100
|-damage|p1a: Urshifu|67/100|[from] Stealth Rock
|move|p2a: Corviknight|Bulk Up|p2a: Corviknight
|-boost|p2a: Corviknight|atk|1
|-boost|p2a: Corviknight|def|1
|
|-heal|p2a: Corviknight|78/100|[from] item: Leftovers
|upkeep
|turn|34
|
|t:|1664619945
|move|p1a: Urshifu|Surging Strikes|p2a: Corviknight
|-crit|p2a: Corviknight
|-damage|p2a: Corviknight|61/100
|-crit|p2a: Corviknight
|-damage|p2a: Corviknight|44/100
|-crit|p2a: Corviknight
|-damage|p2a: Corviknight|27/100
|-hitcount|p2a: Corviknight|3
|move|p2a: Corviknight|Roost|p2a: Corviknight
|-heal|p2a: Corviknight|77/100
|-singleturn|p2a: Corviknight|move: Roost
|
|-heal|p2a: Corviknight|84/100|[from] item: Leftovers
|upkeep
|turn|35
|-message|SoarApollo forfeited.
|
|win|hypervortexreturns
|raw|SoarApollo's rating: 1811 &rarr; <strong>1796</strong><br />(-15 for losing)
|raw|hypervortexreturns's rating: 1895 &rarr; <strong>1910</strong><br />(+15 for winning)
|l|☆SoarApollo
|l|‽hypervortexreturns
||Ladder isn't responding, score probably updated but might not have (Request timeout).
