|j|☆minimax_ai
|j|☆Forwards
|t:|1661802364
|gametype|singles
|player|p1|minimax_ai|lusamine-nihilego|1470
|player|p2|Forwards|psychicf-gen4|1422
|teamsize|p1|6
|teamsize|p2|6
|gen|8
|tier|[Gen 8] OU
|rated|
|rule|Sleep Clause Mod: Limit one foe put to sleep
|rule|Species Clause: Limit one of each Pokémon
|rule|OHKO Clause: OHKO moves are banned
|rule|Evasion Items Clause: Evasion items are banned
|rule|Evasion Moves Clause: Evasion moves are banned
|rule|Endless Battle Clause: Forcing endless battles is banned
|rule|HP Percentage Mod: HP is shown in percentages
|rule|Dynamax Clause: You cannot dynamax
|clearpoke
|poke|p1|Rotom-Wash|
|poke|p1|Weavile, M|
|poke|p1|Landorus-Therian, M|
|poke|p1|Heatran, M|
|poke|p1|Tangrowth, M|
|poke|p1|Melmetal|
|poke|p2|Raichu-Alola, F|
|poke|p2|Tapu Koko|
|poke|p2|Hawlucha, F|
|poke|p2|Ferrothorn, M|
|poke|p2|Regieleki|
|poke|p2|Landorus-Therian, M|
|teampreview
|inactive|Battle timer is ON: inactive players will automatically lose when time's up. (requested by Forwards)
|c|☆minimax_ai|hf
|
|t:|1661802367
|start
|switch|p1a: landorustherian|Landorus-Therian, M|100/100
|switch|p2a: Landorus|Landorus-Therian, M|100/100
|-ability|p2a: Landorus|Intimidate|boost
|-unboost|p1a: landorustherian|atk|1
|-ability|p1a: landorustherian|Intimidate|boost
|-unboost|p2a: Landorus|atk|1
|turn|1
|inactive|minimax_ai also wants the timer to be on.
|c|☆Forwards|gl
|
|t:|1661802373
|switch|p1a: Melmetal|Melmetal|100/100
|move|p2a: Landorus|Explosion|p1a: Melmetal
|-resisted|p1a: Melmetal
|-damage|p1a: Melmetal|71/100
|faint|p2a: Landorus
|
|upkeep
|
|t:|1661802376
|switch|p2a: Tapu Koko|Tapu Koko|100/100
|-fieldstart|move: Electric Terrain|[from] ability: Electric Surge|[of] p2a: Tapu Koko
|turn|2
|
|t:|1661802379
|move|p2a: Tapu Koko|U-turn|p1a: Melmetal
|-resisted|p1a: Melmetal
|-damage|p1a: Melmetal|66/100
|
|t:|1661802382
|switch|p2a: Ferrothorn|Ferrothorn, M|100/100|[from]move: U-turn
|move|p1a: Melmetal|Ice Punch|p2a: Ferrothorn
|-crit|p2a: Ferrothorn
|-damage|p2a: Ferrothorn|72/100
|-damage|p1a: Melmetal|54/100|[from] ability: Iron Barbs|[of] p2a: Ferrothorn
|-damage|p1a: Melmetal|37/100|[from] item: Rocky Helmet|[of] p2a: Ferrothorn
|
|upkeep
|turn|3
|
|t:|1661802384
|switch|p1a: Heatran|Heatran, M|100/100
|-item|p1a: Heatran|Air Balloon
|move|p2a: Ferrothorn|Stealth Rock|p1a: Heatran
|-sidestart|p1: minimax_ai|move: Stealth Rock
|
|upkeep
|turn|4
|
|t:|1661802391
|switch|p2a: Raichu|Raichu-Alola, F|100/100
|move|p1a: Heatran|Eruption|p2a: Raichu
|-damage|p2a: Raichu|0 fnt
|faint|p2a: Raichu
|
|upkeep
|
|t:|1661802395
|switch|p2a: Regieleki|Regieleki|100/100
|turn|5
|
|t:|1661802398
|switch|p2a: Hawlucha|Hawlucha, F|100/100
|-enditem|p2a: Hawlucha|Electric Seed
|-boost|p2a: Hawlucha|def|1|[from] item: Electric Seed
|switch|p1a: landorustherian|Landorus-Therian, M|100/100
|-damage|p1a: landorustherian|88/100|[from] Stealth Rock
|-ability|p1a: landorustherian|Intimidate|boost
|-unboost|p2a: Hawlucha|atk|1
|
|-heal|p1a: landorustherian|94/100|[from] item: Leftovers
|upkeep
|turn|6
|
|t:|1661802403
|move|p2a: Hawlucha|Taunt|p1a: landorustherian
|-start|p1a: landorustherian|move: Taunt
|cant|p1a: landorustherian|move: Taunt|Toxic
|
|-heal|p1a: landorustherian|99/100|[from] item: Leftovers
|upkeep
|turn|7
|
|t:|1661802407
|switch|p1a: rotomwash|Rotom-Wash|100/100
|-damage|p1a: rotomwash|88/100|[from] Stealth Rock
|move|p2a: Hawlucha|Swords Dance|p2a: Hawlucha
|-boost|p2a: Hawlucha|atk|2
|
|-heal|p1a: rotomwash|94/100|[from] item: Leftovers
|upkeep
|turn|8
|
|t:|1661802409
|move|p2a: Hawlucha|Close Combat|p1a: rotomwash
|-damage|p1a: rotomwash|3/100
|-unboost|p2a: Hawlucha|def|1
|-unboost|p2a: Hawlucha|spd|1
|move|p1a: rotomwash|Thunderbolt|p2a: Hawlucha
|-supereffective|p2a: Hawlucha
|-damage|p2a: Hawlucha|0 fnt
|faint|p2a: Hawlucha
|
|-heal|p1a: rotomwash|9/100|[from] item: Leftovers
|upkeep
|
|t:|1661802412
|switch|p2a: Tapu Koko|Tapu Koko|100/100
|turn|9
|
|t:|1661802413
|switch|p1a: landorustherian|Landorus-Therian, M|99/100
|-damage|p1a: landorustherian|88/100|[from] Stealth Rock
|-ability|p1a: landorustherian|Intimidate|boost
|-unboost|p2a: Tapu Koko|atk|1
|move|p2a: Tapu Koko|U-turn|p1a: landorustherian
|-resisted|p1a: landorustherian
|-damage|p1a: landorustherian|82/100
|
|t:|1661802416
|switch|p2a: Ferrothorn|Ferrothorn, M|72/100|[from]move: U-turn
|
|-heal|p1a: landorustherian|88/100|[from] item: Leftovers
|-fieldend|move: Electric Terrain
|upkeep
|turn|10
|
|t:|1661802419
|switch|p1a: Heatran|Heatran, M|100/100
|-damage|p1a: Heatran|88/100|[from] Stealth Rock
|-item|p1a: Heatran|Air Balloon
|move|p2a: Ferrothorn|Iron Defense|p2a: Ferrothorn
|-boost|p2a: Ferrothorn|def|2
|
|upkeep
|turn|11
|-message|Forwards forfeited.
|
|win|minimax_ai
|raw|minimax_ai's rating: 1470 &rarr; <strong>1487</strong><br />(+17 for winning)
|raw|Forwards's rating: 1422 &rarr; <strong>1405</strong><br />(-17 for losing)
|c|☆minimax_ai|gg
|l|☆Forwards
