|j|☆i know im horrible
|j|☆Gorila Tactics
|t:|1634996595
|gametype|singles
|player|p1|i know im horrible|265|1638
|player|p2|Gorila Tactics|boarder|1702
|teamsize|p1|6
|teamsize|p2|6
|gen|8
|tier|[Gen 8] OU
|rated|
|rule|Sleep Clause Mod: Limit one foe put to sleep
|rule|Species Clause: Limit one of each Pokémon
|rule|OHKO Clause: OHKO moves are banned
|rule|Evasion Moves Clause: Evasion moves are banned
|rule|Endless Battle Clause: Forcing endless battles is banned
|rule|HP Percentage Mod: HP is shown in percentages
|rule|Dynamax Clause: You cannot dynamax
|clearpoke
|poke|p1|Landorus-Therian, M|
|poke|p1|Excadrill, M|
|poke|p1|Tyranitar, M|
|poke|p1|Hippowdon, M|
|poke|p1|Ferrothorn, M|
|poke|p1|Tapu Fini|
|poke|p2|Slowking-Galar, M|
|poke|p2|Weavile, M|
|poke|p2|Magnezone|
|poke|p2|Garchomp, M|
|poke|p2|Corviknight, M|
|poke|p2|Urshifu-*, F|
|teampreview
|inactive|Battle timer is ON: inactive players will automatically lose when time's up. (requested by Gorila Tactics)
|
|t:|1634996622
|start
|switch|p1a: Tapu Fini|Tapu Fini|100/100
|switch|p2a: Garchomp|Garchomp, M, shiny|100/100
|-fieldstart|move: Misty Terrain|[from] ability: Misty Surge|[of] p1a: Tapu Fini
|turn|1
|
|t:|1634996626
|move|p2a: Garchomp|Protect|p2a: Garchomp
|-singleturn|p2a: Garchomp|Protect
|move|p1a: Tapu Fini|Gravity|p1a: Tapu Fini
|-fieldstart|move: Gravity
|
|upkeep
|turn|2
|c|☆i know im horrible|both my brain cells just messed up
|inactive|Gorila Tactics has 120 seconds left.
|
|t:|1634996683
|switch|p1a: Ferrothorn|Ferrothorn, M|100/100
|switch|p2a: Slowking|Slowking-Galar, M, shiny|100/100
|
|upkeep
|turn|3
|
|t:|1634996690
|switch|p1a: Tyranitar|Tyranitar, M|100/100
|-weather|Sandstorm|[from] ability: Sand Stream|[of] p1a: Tyranitar
|move|p2a: Slowking|Flamethrower|p1a: Tyranitar
|-resisted|p1a: Tyranitar
|-damage|p1a: Tyranitar|95/100
|-enditem|p1a: Tyranitar|Eject Button
|
|t:|1634996696
|switch|p1a: Excadrill|Excadrill, M|100/100
|
|-weather|Sandstorm|[upkeep]
|-damage|p2a: Slowking|94/100|[from] Sandstorm
|upkeep
|turn|4
|
|t:|1634996704
|switch|p2a: Garchomp|Garchomp, M, shiny|100/100
|move|p1a: Excadrill|Earthquake|p2a: Garchomp
|-damage|p2a: Garchomp|31/100
|
|-weather|Sandstorm|[upkeep]
|-heal|p2a: Garchomp|37/100|[from] item: Leftovers
|upkeep
|turn|5
|
|t:|1634996711
|move|p2a: Garchomp|Protect|p2a: Garchomp
|-singleturn|p2a: Garchomp|Protect
|move|p1a: Excadrill|Earthquake|p2a: Garchomp
|-activate|p2a: Garchomp|move: Protect
|
|-weather|Sandstorm|[upkeep]
|-heal|p2a: Garchomp|44/100|[from] item: Leftovers
|-fieldend|move: Gravity
|-fieldend|Misty Terrain
|upkeep
|turn|6
|
|t:|1634996718
|switch|p1a: Ferrothorn|Ferrothorn, M|100/100
|move|p2a: Garchomp|Stealth Rock|p1a: Ferrothorn
|-sidestart|p1: i know im horrible|move: Stealth Rock
|
|-weather|Sandstorm|[upkeep]
|-heal|p2a: Garchomp|50/100|[from] item: Leftovers
|upkeep
|turn|7
|
|t:|1634996724
|switch|p2a: Slowking|Slowking-Galar, M, shiny|100/100
|move|p1a: Ferrothorn|Gravity|p1a: Ferrothorn
|-fieldstart|move: Gravity
|
|-weather|none
|upkeep
|turn|8
|
|t:|1634996730
|switch|p1a: Hippowdon|Hippowdon, M|100/100
|-damage|p1a: Hippowdon|94/100|[from] Stealth Rock
|-weather|Sandstorm|[from] ability: Sand Stream|[of] p1a: Hippowdon
|move|p2a: Slowking|Future Sight|p1a: Hippowdon
|-start|p2a: Slowking|move: Future Sight
|
|-weather|Sandstorm|[upkeep]
|-damage|p2a: Slowking|94/100|[from] Sandstorm
|upkeep
|turn|9
|
|t:|1634996734
|switch|p2a: Urshifu|Urshifu-Rapid-Strike, F|100/100
|move|p1a: Hippowdon|Earthquake|p2a: Urshifu
|-damage|p2a: Urshifu|61/100
|
|-weather|Sandstorm|[upkeep]
|-damage|p2a: Urshifu|54/100|[from] Sandstorm
|upkeep
|turn|10
|
|t:|1634996741
|switch|p1a: Ferrothorn|Ferrothorn, M|100/100
|-damage|p1a: Ferrothorn|94/100|[from] Stealth Rock
|move|p2a: Urshifu|Surging Strikes|p1a: Ferrothorn
|-resisted|p1a: Ferrothorn
|-crit|p1a: Ferrothorn
|-damage|p1a: Ferrothorn|86/100
|-damage|p2a: Urshifu|42/100|[from] ability: Iron Barbs|[of] p1a: Ferrothorn
|-resisted|p1a: Ferrothorn
|-crit|p1a: Ferrothorn
|-damage|p1a: Ferrothorn|77/100
|-damage|p2a: Urshifu|30/100|[from] ability: Iron Barbs|[of] p1a: Ferrothorn
|-resisted|p1a: Ferrothorn
|-crit|p1a: Ferrothorn
|-damage|p1a: Ferrothorn|68/100
|-damage|p2a: Urshifu|18/100|[from] ability: Iron Barbs|[of] p1a: Ferrothorn
|-hitcount|p1a: Ferrothorn|3
|
|-weather|Sandstorm|[upkeep]
|-damage|p2a: Urshifu|11/100|[from] Sandstorm
|-end|p1a: Ferrothorn|move: Future Sight
|-resisted|p1a: Ferrothorn
|-damage|p1a: Ferrothorn|44/100
|-heal|p1a: Ferrothorn|50/100|[from] item: Leftovers
|upkeep
|turn|11
|
|t:|1634996750
|switch|p2a: Magnezone|Magnezone|100/100
|move|p1a: Ferrothorn|Leech Seed|p2a: Magnezone
|-start|p2a: Magnezone|move: Leech Seed
|
|-weather|Sandstorm|[upkeep]
|-heal|p1a: Ferrothorn|56/100|[from] item: Leftovers
|-damage|p2a: Magnezone|88/100|[from] Leech Seed|[of] p1a: Ferrothorn
|-heal|p1a: Ferrothorn|66/100|[silent]
|-fieldend|move: Gravity
|upkeep
|turn|12
|
|t:|1634996757
|move|p2a: Magnezone|Volt Switch|p1a: Ferrothorn
|-resisted|p1a: Ferrothorn
|-damage|p1a: Ferrothorn|43/100
|
|t:|1634996768
|switch|p2a: Slowking|Slowking-Galar, M, shiny|100/100|[from]move: Volt Switch
|move|p1a: Ferrothorn|Body Press|p2a: Slowking
|-resisted|p2a: Slowking
|-damage|p2a: Slowking|92/100
|
|-weather|none
|-heal|p1a: Ferrothorn|49/100|[from] item: Leftovers
|upkeep
|turn|13
|
|t:|1634996783
|move|p2a: Slowking|Future Sight|p1a: Ferrothorn
|-start|p2a: Slowking|move: Future Sight
|move|p1a: Ferrothorn|Gravity|p1a: Ferrothorn
|-fieldstart|move: Gravity
|
|-heal|p1a: Ferrothorn|55/100|[from] item: Leftovers
|upkeep
|turn|14
|
|t:|1634996789
|switch|p2a: Garchomp|Garchomp, M, shiny|50/100
|move|p1a: Ferrothorn|Knock Off|p2a: Garchomp
|-damage|p2a: Garchomp|34/100
|-damage|p1a: Ferrothorn|43/100|[from] ability: Rough Skin|[of] p2a: Garchomp
|-enditem|p2a: Garchomp|Leftovers|[from] move: Knock Off|[of] p1a: Ferrothorn
|
|-heal|p1a: Ferrothorn|49/100|[from] item: Leftovers
|upkeep
|turn|15
|
|t:|1634996795
|move|p2a: Garchomp|Earthquake|p1a: Ferrothorn
|-damage|p1a: Ferrothorn|25/100
|move|p1a: Ferrothorn|Leech Seed|p2a: Garchomp
|-start|p2a: Garchomp|move: Leech Seed
|
|-end|p1a: Ferrothorn|move: Future Sight
|-resisted|p1a: Ferrothorn
|-damage|p1a: Ferrothorn|0 fnt
|faint|p1a: Ferrothorn
|upkeep
|j| ndhbzzzz
|
|t:|1634996805
|switch|p1a: Landorus|Landorus-Therian, M|100/100
|-damage|p1a: Landorus|88/100|[from] Stealth Rock
|-ability|p1a: Landorus|Intimidate|boost
|-unboost|p2a: Garchomp|atk|1
|turn|16
|
|t:|1634996822
|move|p2a: Garchomp|Protect|p2a: Garchomp
|-singleturn|p2a: Garchomp|Protect
|move|p1a: Landorus|Rock Polish|p1a: Landorus
|-boost|p1a: Landorus|spe|2
|
|-heal|p1a: Landorus|94/100|[from] item: Leftovers
|-damage|p2a: Garchomp|22/100|[from] Leech Seed|[of] p1a: Landorus
|-heal|p1a: Landorus|100/100|[silent]
|upkeep
|turn|17
|
|t:|1634996834
|switch|p2a: Magnezone|Magnezone|88/100
|move|p1a: Landorus|Swords Dance|p1a: Landorus
|-boost|p1a: Landorus|atk|2
|
|-fieldend|move: Gravity
|upkeep
|turn|18
|
|t:|1634996838
|move|p1a: Landorus|Gravity|p1a: Landorus
|-fieldstart|move: Gravity
|move|p2a: Magnezone|Toxic|p1a: Landorus
|-status|p1a: Landorus|tox
|
|-damage|p1a: Landorus|95/100 tox|[from] psn
|upkeep
|turn|19
|
|t:|1634996842
|move|p1a: Landorus|Earthquake|p2a: Magnezone
|-supereffective|p2a: Magnezone
|-damage|p2a: Magnezone|0 fnt
|faint|p2a: Magnezone
|
|-heal|p1a: Landorus|100/100 tox|[from] item: Leftovers
|-damage|p1a: Landorus|89/100 tox|[from] psn
|upkeep
|
|t:|1634996844
|switch|p2a: Weavile|Weavile, M|100/100
|-ability|p2a: Weavile|Pressure
|turn|20
|
|t:|1634996848
|move|p2a: Weavile|Ice Shard|p1a: Landorus
|-supereffective|p1a: Landorus
|-damage|p1a: Landorus|0 fnt
|faint|p1a: Landorus
|
|upkeep
|
|t:|1634996853
|switch|p1a: Tyranitar|Tyranitar, M|95/100
|-damage|p1a: Tyranitar|83/100|[from] Stealth Rock
|-weather|Sandstorm|[from] ability: Sand Stream|[of] p1a: Tyranitar
|turn|21
|
|t:|1634996875
|switch|p2a: Slowking|Slowking-Galar, M, shiny|100/100
|move|p1a: Tyranitar|Thunder Wave|p2a: Slowking
|-status|p2a: Slowking|par
|
|-weather|Sandstorm|[upkeep]
|-damage|p2a: Slowking|94/100 par|[from] Sandstorm
|upkeep
|turn|22
|
|t:|1634996893
|switch|p1a: Tapu Fini|Tapu Fini|100/100
|-damage|p1a: Tapu Fini|88/100|[from] Stealth Rock
|-fieldstart|move: Misty Terrain|[from] ability: Misty Surge|[of] p1a: Tapu Fini
|cant|p2a: Slowking|par
|
|-weather|Sandstorm|[upkeep]
|-damage|p1a: Tapu Fini|82/100|[from] Sandstorm
|-damage|p2a: Slowking|88/100 par|[from] Sandstorm
|-fieldend|move: Gravity
|upkeep
|turn|23
|
|t:|1634996900
|move|p1a: Tapu Fini|Gravity|p1a: Tapu Fini
|-fieldstart|move: Gravity
|move|p2a: Slowking|Future Sight|p1a: Tapu Fini
|-start|p2a: Slowking|move: Future Sight
|
|-weather|Sandstorm|[upkeep]
|-damage|p1a: Tapu Fini|76/100|[from] Sandstorm
|-damage|p2a: Slowking|82/100 par|[from] Sandstorm
|upkeep
|turn|24
|
|t:|1634996905
|switch|p1a: Hippowdon|Hippowdon, M|94/100
|-damage|p1a: Hippowdon|88/100|[from] Stealth Rock
|move|p2a: Slowking|Sludge Bomb|p1a: Hippowdon
|-resisted|p1a: Hippowdon
|-damage|p1a: Hippowdon|64/100
|-enditem|p1a: Hippowdon|Eject Button
|
|t:|1634996912
|switch|p1a: Tyranitar|Tyranitar, M|83/100
|-damage|p1a: Tyranitar|70/100|[from] Stealth Rock
|
|-weather|Sandstorm|[upkeep]
|-damage|p2a: Slowking|76/100 par|[from] Sandstorm
|upkeep
|turn|25
|
|t:|1634996931
|switch|p2a: Corviknight|Corviknight, M, shiny|100/100
|-ability|p2a: Corviknight|Pressure
|move|p1a: Tyranitar|Flamethrower|p2a: Corviknight
|-supereffective|p2a: Corviknight
|-damage|p2a: Corviknight|65/100
|
|-weather|none
|-end|p1a: Tyranitar|move: Future Sight
|-immune|p1a: Tyranitar
|upkeep
|turn|26
|
|t:|1634996942
|move|p1a: Tyranitar|Ice Beam|p2a: Corviknight
|-damage|p2a: Corviknight|45/100
|move|p2a: Corviknight|U-turn|p1a: Tyranitar
|-supereffective|p1a: Tyranitar
|-damage|p1a: Tyranitar|50/100
|
|t:|1634996947
|switch|p2a: Urshifu|Urshifu-Rapid-Strike, F|11/100|[from]move: U-turn
|
|-fieldend|Misty Terrain
|upkeep
|turn|27
|
|t:|1634996957
|switch|p1a: Tapu Fini|Tapu Fini|76/100
|-damage|p1a: Tapu Fini|63/100|[from] Stealth Rock
|-fieldstart|move: Misty Terrain|[from] ability: Misty Surge|[of] p1a: Tapu Fini
|move|p2a: Urshifu|Surging Strikes|p1a: Tapu Fini
|-resisted|p1a: Tapu Fini
|-crit|p1a: Tapu Fini
|-damage|p1a: Tapu Fini|50/100
|-resisted|p1a: Tapu Fini
|-crit|p1a: Tapu Fini
|-damage|p1a: Tapu Fini|36/100
|-resisted|p1a: Tapu Fini
|-crit|p1a: Tapu Fini
|-damage|p1a: Tapu Fini|23/100
|-hitcount|p1a: Tapu Fini|3
|
|-fieldend|move: Gravity
|upkeep
|turn|28
|
|t:|1634996964
|move|p1a: Tapu Fini|Defog|p2a: Urshifu
|-unboost|p2a: Urshifu|evasion|1
|-sideend|p1: i know im horrible|Stealth Rock|[from] move: Defog|[of] p1a: Tapu Fini
|-fieldend|Misty Terrain
|move|p2a: Urshifu|Surging Strikes|p1a: Tapu Fini
|-resisted|p1a: Tapu Fini
|-crit|p1a: Tapu Fini
|-damage|p1a: Tapu Fini|11/100
|-resisted|p1a: Tapu Fini
|-crit|p1a: Tapu Fini
|-damage|p1a: Tapu Fini|0 fnt
|faint|p1a: Tapu Fini
|-hitcount|p1: Tapu Fini|2
|
|upkeep
|
|t:|1634996973
|switch|p1a: Tyranitar|Tyranitar, M|50/100
|-weather|Sandstorm|[from] ability: Sand Stream|[of] p1a: Tyranitar
|turn|29
|
|t:|1634996976
|move|p2a: Urshifu|Surging Strikes|p1a: Tyranitar
|-supereffective|p1a: Tyranitar
|-crit|p1a: Tyranitar
|-damage|p1a: Tyranitar|4/100
|-supereffective|p1a: Tyranitar
|-crit|p1a: Tyranitar
|-damage|p1a: Tyranitar|0 fnt
|faint|p1a: Tyranitar
|-hitcount|p1: Tyranitar|2
|
|-weather|Sandstorm|[upkeep]
|-damage|p2a: Urshifu|5/100|[from] Sandstorm
|upkeep
|
|t:|1634996978
|switch|p1a: Excadrill|Excadrill, M|100/100
|turn|30
|
|t:|1634996986
|switch|p2a: Slowking|Slowking-Galar, M, shiny|100/100 par
|move|p1a: Excadrill|Iron Head|p2a: Slowking
|-damage|p2a: Slowking|34/100 par
|
|-weather|Sandstorm|[upkeep]
|-damage|p2a: Slowking|28/100 par|[from] Sandstorm
|upkeep
|turn|31
|
|t:|1634996989
|move|p1a: Excadrill|Iron Head|p2a: Slowking
|-damage|p2a: Slowking|0 fnt
|faint|p2a: Slowking
|
|-weather|Sandstorm|[upkeep]
|upkeep
|
|t:|1634996991
|switch|p2a: Corviknight|Corviknight, M, shiny|45/100
|-ability|p2a: Corviknight|Pressure
|turn|32
|
|t:|1634996993
|move|p1a: Excadrill|Iron Head|p2a: Corviknight
|-resisted|p2a: Corviknight
|-damage|p2a: Corviknight|23/100
|-damage|p1a: Excadrill|84/100|[from] item: Rocky Helmet|[of] p2a: Corviknight
|cant|p2a: Corviknight|flinch
|
|-weather|Sandstorm|[upkeep]
|upkeep
|turn|33
|
|t:|1634996997
|move|p1a: Excadrill|Iron Head|p2a: Corviknight
|-resisted|p2a: Corviknight
|-damage|p2a: Corviknight|1/100
|-damage|p1a: Excadrill|67/100|[from] item: Rocky Helmet|[of] p2a: Corviknight
|move|p2a: Corviknight|Roost|p2a: Corviknight
|-heal|p2a: Corviknight|51/100
|-singleturn|p2a: Corviknight|move: Roost
|
|-weather|none
|upkeep
|turn|34
|-message|i know im horrible forfeited.
|
|win|Gorila Tactics
|raw|i know im horrible's rating: 1638 &rarr; <strong>1622</strong><br />(-16 for losing)
|raw|Gorila Tactics's rating: 1702 &rarr; <strong>1718</strong><br />(+16 for winning)
|l|☆i know im horrible
|l|☆Gorila Tactics
