|html|<div class="broadcast-blue"><strong>[Gen 8] OU is currently suspecting Spectrier! For information on how to participate check out the <a href="https://www.smogon.com/forums/threads/np-ss-ou-suspect-process-round-9-old-town-road.3676744/">suspect thread</a>.</strong></div>
|j|☆ceyzeriat
|j|☆Tirkys
|t:|1612361830
|player|p1|ceyzeriat|swimmer-gen4dp|1566
|player|p2|Tirkys|hilda-dueldisk|1518
|teamsize|p1|6
|teamsize|p2|6
|gametype|singles
|gen|8
|tier|[Gen 8] OU
|rated|
|clearpoke
|poke|p1|Spectrier|
|poke|p1|Toxapex, M|
|poke|p1|Landorus-Therian, M|
|poke|p1|Heatran, M|
|poke|p1|Rillaboom, F|
|poke|p1|Tornadus-Therian, M|
|poke|p2|Volcarona, M|
|poke|p2|Quagsire, F|
|poke|p2|Xatu, F|
|poke|p2|Mantine, M|
|poke|p2|Drapion, M|
|poke|p2|Ninetales-Alola, M|
|rule|Sleep Clause Mod: Limit one foe put to sleep
|rule|Species Clause: Limit one of each Pokémon
|rule|OHKO Clause: OHKO moves are banned
|rule|Evasion Moves Clause: Evasion moves are banned
|rule|Endless Battle Clause: Forcing endless battles is banned
|rule|HP Percentage Mod: HP is shown in percentages
|rule|Dynamax Clause: You cannot dynamax
|teampreview
|
|t:|1612361836
|start
|switch|p1a: Landorus|Landorus-Therian, M|100/100
|switch|p2a: WhiteAlbum|Ninetales-Alola, M|100/100
|-weather|Hail|[from] ability: Snow Warning|[of] p2a: WhiteAlbum
|-ability|p1a: Landorus|Intimidate|boost
|-unboost|p2a: WhiteAlbum|atk|1
|turn|1
|
|t:|1612361843
|move|p2a: WhiteAlbum|Blizzard|p1a: Landorus
|-supereffective|p1a: Landorus
|-damage|p1a: Landorus|0 fnt
|faint|p1a: Landorus
|
|-weather|Hail|[upkeep]
|upkeep
|inactive|Battle timer is ON: inactive players will automatically lose when time's up. (requested by Tirkys)
|
|t:|1612361849
|switch|p1a: Heatran|Heatran, M|100/100
|-item|p1a: Heatran|Air Balloon
|turn|2
|l|☆Tirkys
|inactive|Tirkys disconnected and has a minute to reconnect!
|player|p2|
|inactive|Tirkys has 30 seconds to reconnect!
|inactive|Tirkys has 20 seconds to reconnect!
|inactive|Tirkys has 15 seconds to reconnect!
|inactive|Tirkys has 10 seconds to reconnect!
|inactive|Tirkys has 5 seconds to reconnect!
|j|☆Tirkys
|inactive|Tirkys reconnected and has 75 seconds left.
|player|p2|Tirkys|hilda-dueldisk
|j| dazhang1999
|
|t:|1612361931
|switch|p2a: ManInTheMirror|Xatu, F|100/100
|move|p1a: Heatran|Magma Storm|p2a: ManInTheMirror|[miss]
|-miss|p1a: Heatran|p2a: ManInTheMirror
|
|-weather|Hail|[upkeep]
|-damage|p2a: ManInTheMirror|95/100|[from] Hail
|-damage|p1a: Heatran|94/100|[from] Hail
|upkeep
|turn|3
|
|t:|1612361937
|move|p2a: ManInTheMirror|Cosmic Power|p2a: ManInTheMirror
|-boost|p2a: ManInTheMirror|def|1
|-boost|p2a: ManInTheMirror|spd|1
|move|p1a: Heatran|Magma Storm|p2a: ManInTheMirror
|-damage|p2a: ManInTheMirror|66/100
|-activate|p2a: ManInTheMirror|move: Magma Storm|[of] p1a: Heatran
|
|-weather|Hail|[upkeep]
|-damage|p2a: ManInTheMirror|60/100|[from] Hail
|-damage|p1a: Heatran|88/100|[from] Hail
|-damage|p2a: ManInTheMirror|48/100|[from] move: Magma Storm|[partiallytrapped]
|upkeep
|turn|4
|
|t:|1612361941
|move|p2a: ManInTheMirror|Roost|p2a: ManInTheMirror
|-heal|p2a: ManInTheMirror|98/100
|-singleturn|p2a: ManInTheMirror|move: Roost
|move|p1a: Heatran|Taunt|p2a: ManInTheMirror
|move|p2a: ManInTheMirror|Taunt|p1a: Heatran|[from]ability: Magic Bounce
|-start|p1a: Heatran|move: Taunt
|
|-weather|Hail|[upkeep]
|-damage|p2a: ManInTheMirror|92/100|[from] Hail
|-damage|p1a: Heatran|82/100|[from] Hail
|-damage|p2a: ManInTheMirror|80/100|[from] move: Magma Storm|[partiallytrapped]
|upkeep
|turn|5
|
|t:|1612361946
|move|p2a: ManInTheMirror|Cosmic Power|p2a: ManInTheMirror
|-boost|p2a: ManInTheMirror|def|1
|-boost|p2a: ManInTheMirror|spd|1
|move|p1a: Heatran|Magma Storm|p2a: ManInTheMirror
|-damage|p2a: ManInTheMirror|60/100
|
|-weather|none
|-damage|p2a: ManInTheMirror|48/100|[from] move: Magma Storm|[partiallytrapped]
|upkeep
|turn|6
|
|t:|1612361960
|move|p2a: ManInTheMirror|Cosmic Power|p2a: ManInTheMirror
|-boost|p2a: ManInTheMirror|def|1
|-boost|p2a: ManInTheMirror|spd|1
|move|p1a: Heatran|Magma Storm|p2a: ManInTheMirror
|-damage|p2a: ManInTheMirror|31/100
|
|-damage|p2a: ManInTheMirror|19/100|[from] move: Magma Storm|[partiallytrapped]
|upkeep
|turn|7
|
|t:|1612361963
|switch|p1a: Spectrier|Spectrier|100/100
|move|p2a: ManInTheMirror|Roost|p2a: ManInTheMirror
|-heal|p2a: ManInTheMirror|69/100
|-singleturn|p2a: ManInTheMirror|move: Roost
|
|-end|p2a: ManInTheMirror|Magma Storm|[partiallytrapped]|[silent]
|upkeep
|turn|8
|
|t:|1612361966
|move|p1a: Spectrier|Shadow Ball|p2a: ManInTheMirror
|-supereffective|p2a: ManInTheMirror
|-damage|p2a: ManInTheMirror|34/100
|move|p2a: ManInTheMirror|Roost|p2a: ManInTheMirror
|-heal|p2a: ManInTheMirror|84/100
|-singleturn|p2a: ManInTheMirror|move: Roost
|
|upkeep
|turn|9
|
|t:|1612361971
|move|p1a: Spectrier|Nasty Plot|p1a: Spectrier
|-boost|p1a: Spectrier|spa|2
|move|p2a: ManInTheMirror|Cosmic Power|p2a: ManInTheMirror
|-boost|p2a: ManInTheMirror|def|1
|-boost|p2a: ManInTheMirror|spd|1
|
|upkeep
|turn|10
|
|t:|1612361977
|move|p1a: Spectrier|Shadow Ball|p2a: ManInTheMirror
|-supereffective|p2a: ManInTheMirror
|-damage|p2a: ManInTheMirror|18/100
|move|p2a: ManInTheMirror|Stored Power|p1a: Spectrier
|-damage|p1a: Spectrier|29/100
|
|-heal|p1a: Spectrier|35/100|[from] item: Leftovers
|upkeep
|turn|11
|
|t:|1612361984
|switch|p2a: PurpleHaze|Drapion, M|100/100
|move|p1a: Spectrier|Shadow Ball|p2a: PurpleHaze
|-resisted|p2a: PurpleHaze
|-damage|p2a: PurpleHaze|62/100
|-unboost|p2a: PurpleHaze|spd|1
|
|-heal|p1a: Spectrier|41/100|[from] item: Leftovers
|-heal|p2a: PurpleHaze|69/100|[from] item: Black Sludge
|upkeep
|turn|12
|
|t:|1612362001
|switch|p1a: Tornadus|Tornadus-Therian, M|100/100
|move|p2a: PurpleHaze|Knock Off|p1a: Tornadus
|-damage|p1a: Tornadus|75/100
|-enditem|p1a: Tornadus|Heavy-Duty Boots|[from] move: Knock Off|[of] p2a: PurpleHaze
|
|-heal|p2a: PurpleHaze|75/100|[from] item: Black Sludge
|upkeep
|turn|13
|
|t:|1612362007
|switch|p2a: Magician'sRed|Volcarona, M|100/100
|move|p1a: Tornadus|U-turn|p2a: Magician'sRed
|-resisted|p2a: Magician'sRed
|-damage|p2a: Magician'sRed|93/100
|-status|p1a: Tornadus|brn|[from] ability: Flame Body|[of] p2a: Magician'sRed
|
|t:|1612362017
|switch|p1a: Heatran|Heatran, M|82/100|[from]move: U-turn
|-item|p1a: Heatran|Air Balloon
|
|-heal|p2a: Magician'sRed|99/100|[from] item: Leftovers
|upkeep
|turn|14
|c|☆Tirkys|Nice
|
|t:|1612362022
|switch|p2a: ManInTheMirror|Xatu, F|18/100
|move|p1a: Heatran|Magma Storm|p2a: ManInTheMirror
|-damage|p2a: ManInTheMirror|0 fnt
|faint|p2a: ManInTheMirror
|
|upkeep
|
|t:|1612362025
|switch|p2a: PurpleHaze|Drapion, M|75/100
|turn|15
|
|t:|1612362029
|move|p2a: PurpleHaze|Earthquake|p1a: Heatran
|-immune|p1a: Heatran
|move|p1a: Heatran|Earth Power|p2a: PurpleHaze
|-supereffective|p2a: PurpleHaze
|-damage|p2a: PurpleHaze|26/100
|-unboost|p2a: PurpleHaze|spd|1
|
|-heal|p2a: PurpleHaze|32/100|[from] item: Black Sludge
|upkeep
|turn|16
|
|t:|1612362034
|move|p2a: PurpleHaze|Knock Off|p1a: Heatran
|-damage|p1a: Heatran|57/100
|-enditem|p1a: Heatran|Air Balloon
|move|p1a: Heatran|Earth Power|p2a: PurpleHaze
|-supereffective|p2a: PurpleHaze
|-damage|p2a: PurpleHaze|0 fnt
|faint|p2a: PurpleHaze
|
|upkeep
|
|t:|1612362037
|switch|p2a: CatchTheRainbow|Mantine, M|100/100
|turn|17
|c|☆ceyzeriat|nice
|
|t:|1612362043
|move|p1a: Heatran|Taunt|p2a: CatchTheRainbow
|-start|p2a: CatchTheRainbow|move: Taunt
|move|p2a: CatchTheRainbow|Scald|p1a: Heatran
|-supereffective|p1a: Heatran
|-damage|p1a: Heatran|27/100
|
|upkeep
|turn|18
|
|t:|1612362048
|move|p1a: Heatran|Magma Storm|p2a: CatchTheRainbow
|-resisted|p2a: CatchTheRainbow
|-damage|p2a: CatchTheRainbow|86/100
|-activate|p2a: CatchTheRainbow|move: Magma Storm|[of] p1a: Heatran
|move|p2a: CatchTheRainbow|Scald|p1a: Heatran
|-supereffective|p1a: Heatran
|-damage|p1a: Heatran|1/100
|
|-heal|p2a: CatchTheRainbow|92/100|[from] item: Leftovers
|-damage|p2a: CatchTheRainbow|80/100|[from] move: Magma Storm|[partiallytrapped]
|upkeep
|turn|19
|
|t:|1612362053
|move|p1a: Heatran|Protect|p1a: Heatran
|-singleturn|p1a: Heatran|Protect
|move|p2a: CatchTheRainbow|Scald|p1a: Heatran
|-activate|p1a: Heatran|move: Protect
|
|-heal|p2a: CatchTheRainbow|86/100|[from] item: Leftovers
|-damage|p2a: CatchTheRainbow|74/100|[from] move: Magma Storm|[partiallytrapped]
|-end|p2a: CatchTheRainbow|move: Taunt
|upkeep
|turn|20
|
|t:|1612362060
|move|p1a: Heatran|Taunt|p2a: CatchTheRainbow
|-start|p2a: CatchTheRainbow|move: Taunt
|move|p2a: CatchTheRainbow|Scald|p1a: Heatran
|-supereffective|p1a: Heatran
|-damage|p1a: Heatran|0 fnt
|faint|p1a: Heatran
|
|-heal|p2a: CatchTheRainbow|80/100|[from] item: Leftovers
|-end|p2a: CatchTheRainbow|Magma Storm|[partiallytrapped]|[silent]
|upkeep
|
|t:|1612362070
|switch|p1a: Toxapex|Toxapex, M|100/100
|turn|21
|c|☆Tirkys|Didn't understand that taunt but ok
|
|t:|1612362081
|switch|p2a: StarPlatinum|Quagsire, F, shiny|100/100
|move|p1a: Toxapex|Toxic|p2a: StarPlatinum
|-status|p2a: StarPlatinum|tox
|
|-damage|p2a: StarPlatinum|94/100 tox|[from] psn
|upkeep
|turn|22
|
|t:|1612362087
|switch|p1a: Tornadus|Tornadus-Therian, M|100/100 brn
|move|p2a: StarPlatinum|Scald|p1a: Tornadus
|-damage|p1a: Tornadus|82/100 brn
|
|-heal|p2a: StarPlatinum|100/100 tox|[from] item: Leftovers
|-damage|p1a: Tornadus|76/100 brn|[from] brn
|-damage|p2a: StarPlatinum|88/100 tox|[from] psn
|upkeep
|turn|23
|
|t:|1612362092
|switch|p2a: CatchTheRainbow|Mantine, M|80/100
|move|p1a: Tornadus|Knock Off|p2a: CatchTheRainbow
|-damage|p2a: CatchTheRainbow|71/100
|-enditem|p2a: CatchTheRainbow|Leftovers|[from] move: Knock Off|[of] p1a: Tornadus
|
|-damage|p1a: Tornadus|70/100 brn|[from] brn
|upkeep
|turn|24
|j| Nuzzload
|
|t:|1612362096
|move|p1a: Tornadus|Toxic|p2a: CatchTheRainbow
|-status|p2a: CatchTheRainbow|tox
|move|p2a: CatchTheRainbow|Scald|p1a: Tornadus
|-damage|p1a: Tornadus|48/100 brn
|
|-damage|p1a: Tornadus|42/100 brn|[from] brn
|-damage|p2a: CatchTheRainbow|65/100 tox|[from] psn
|upkeep
|turn|25
|
|t:|1612362101
|move|p1a: Tornadus|U-turn|p2a: CatchTheRainbow
|-resisted|p2a: CatchTheRainbow
|-damage|p2a: CatchTheRainbow|61/100 tox
|
|t:|1612362104
|switch|p1a: Toxapex|Toxapex, M|100/100|[from]move: U-turn
|move|p2a: CatchTheRainbow|Scald|p1a: Toxapex
|-resisted|p1a: Toxapex
|-damage|p1a: Toxapex|91/100
|
|-heal|p1a: Toxapex|98/100|[from] item: Black Sludge
|-damage|p2a: CatchTheRainbow|49/100 tox|[from] psn
|upkeep
|turn|26
|
|t:|1612362112
|switch|p1a: Tornadus|Tornadus-Therian, M|75/100 brn
|move|p2a: CatchTheRainbow|Roost|p2a: CatchTheRainbow
|-heal|p2a: CatchTheRainbow|99/100 tox
|-singleturn|p2a: CatchTheRainbow|move: Roost
|
|-damage|p1a: Tornadus|69/100 brn|[from] brn
|-damage|p2a: CatchTheRainbow|80/100 tox|[from] psn
|upkeep
|turn|27
|
|t:|1612362120
|move|p1a: Tornadus|U-turn|p2a: CatchTheRainbow
|-resisted|p2a: CatchTheRainbow
|-damage|p2a: CatchTheRainbow|77/100 tox
|
|t:|1612362123
|switch|p1a: Toxapex|Toxapex, M|100/100|[from]move: U-turn
|move|p2a: CatchTheRainbow|Scald|p1a: Toxapex
|-resisted|p1a: Toxapex
|-damage|p1a: Toxapex|91/100
|
|-heal|p1a: Toxapex|98/100|[from] item: Black Sludge
|-damage|p2a: CatchTheRainbow|52/100 tox|[from] psn
|upkeep
|turn|28
|
|t:|1612362128
|switch|p2a: StarPlatinum|Quagsire, F, shiny|88/100 tox
|switch|p1a: Tornadus|Tornadus-Therian, M|100/100 brn
|
|-heal|p2a: StarPlatinum|94/100 tox|[from] item: Leftovers
|-damage|p1a: Tornadus|94/100 brn|[from] brn
|-damage|p2a: StarPlatinum|88/100 tox|[from] psn
|upkeep
|turn|29
|
|t:|1612362133
|move|p1a: Tornadus|Knock Off|p2a: StarPlatinum
|-damage|p2a: StarPlatinum|80/100 tox
|-enditem|p2a: StarPlatinum|Leftovers|[from] move: Knock Off|[of] p1a: Tornadus
|move|p2a: StarPlatinum|Rest|p2a: StarPlatinum
|-status|p2a: StarPlatinum|slp|[from] move: Rest
|-heal|p2a: StarPlatinum|100/100 slp|[silent]
|
|-damage|p1a: Tornadus|88/100 brn|[from] brn
|upkeep
|turn|30
|
|t:|1612362139
|switch|p1a: Rillaboom|Rillaboom, F|100/100
|-fieldstart|move: Grassy Terrain|[from] ability: Grassy Surge|[of] p1a: Rillaboom
|switch|p2a: CatchTheRainbow|Mantine, M|52/100 tox
|
|-damage|p2a: CatchTheRainbow|46/100 tox|[from] psn
|upkeep
|turn|31
|
|t:|1612362144
|switch|p2a: Magician'sRed|Volcarona, M|99/100
|move|p1a: Rillaboom|Grassy Glide|p2a: Magician'sRed
|-resisted|p2a: Magician'sRed
|-crit|p2a: Magician'sRed
|-damage|p2a: Magician'sRed|72/100
|
|-heal|p2a: Magician'sRed|78/100|[from] Grassy Terrain
|-heal|p2a: Magician'sRed|84/100|[from] item: Leftovers
|upkeep
|turn|32
|
|t:|1612362148
|switch|p1a: Toxapex|Toxapex, M|100/100
|move|p2a: Magician'sRed|Fiery Dance|p1a: Toxapex
|-resisted|p1a: Toxapex
|-damage|p1a: Toxapex|85/100
|
|-heal|p2a: Magician'sRed|90/100|[from] Grassy Terrain
|-heal|p2a: Magician'sRed|96/100|[from] item: Leftovers
|-heal|p1a: Toxapex|91/100|[from] Grassy Terrain
|-heal|p1a: Toxapex|97/100|[from] item: Black Sludge
|upkeep
|turn|33
|
|t:|1612362157
|switch|p2a: CatchTheRainbow|Mantine, M|46/100 tox
|switch|p1a: Spectrier|Spectrier|41/100
|
|-heal|p1a: Spectrier|48/100|[from] Grassy Terrain
|-heal|p1a: Spectrier|54/100|[from] item: Leftovers
|-damage|p2a: CatchTheRainbow|40/100 tox|[from] psn
|upkeep
|turn|34
|
|t:|1612362162
|move|p1a: Spectrier|Shadow Ball|p2a: CatchTheRainbow
|-damage|p2a: CatchTheRainbow|11/100 tox
|move|p2a: CatchTheRainbow|Roost|p2a: CatchTheRainbow
|-heal|p2a: CatchTheRainbow|61/100 tox
|-singleturn|p2a: CatchTheRainbow|move: Roost
|
|-heal|p1a: Spectrier|60/100|[from] Grassy Terrain
|-heal|p1a: Spectrier|66/100|[from] item: Leftovers
|-heal|p2a: CatchTheRainbow|67/100 tox|[from] Grassy Terrain
|-fieldend|move: Grassy Terrain
|-damage|p2a: CatchTheRainbow|55/100 tox|[from] psn
|upkeep
|turn|35
|
|t:|1612362168
|move|p1a: Spectrier|Substitute|p1a: Spectrier
|-start|p1a: Spectrier|Substitute
|-damage|p1a: Spectrier|41/100
|move|p2a: CatchTheRainbow|Scald|p1a: Spectrier
|-end|p1a: Spectrier|Substitute
|
|-heal|p1a: Spectrier|47/100|[from] item: Leftovers
|-damage|p2a: CatchTheRainbow|37/100 tox|[from] psn
|upkeep
|turn|36
|
|t:|1612362176
|switch|p2a: WhiteAlbum|Ninetales-Alola, M|100/100
|-weather|Hail|[from] ability: Snow Warning|[of] p2a: WhiteAlbum
|move|p1a: Spectrier|Substitute|p1a: Spectrier
|-start|p1a: Spectrier|Substitute
|-damage|p1a: Spectrier|22/100
|
|-weather|Hail|[upkeep]
|-damage|p1a: Spectrier|16/100|[from] Hail
|-heal|p1a: Spectrier|22/100|[from] item: Leftovers
|upkeep
|turn|37
|
|t:|1612362179
|move|p2a: WhiteAlbum|Freeze-Dry|p1a: Spectrier
|-end|p1a: Spectrier|Substitute
|move|p1a: Spectrier|Shadow Ball|p2a: WhiteAlbum
|-damage|p2a: WhiteAlbum|52/100
|
|-weather|Hail|[upkeep]
|-damage|p1a: Spectrier|16/100|[from] Hail
|-heal|p1a: Spectrier|22/100|[from] item: Leftovers
|upkeep
|turn|38
|
|t:|1612362196
|switch|p1a: Tornadus|Tornadus-Therian, M|100/100 brn
|move|p2a: WhiteAlbum|Freeze-Dry|p1a: Tornadus
|-supereffective|p1a: Tornadus
|-damage|p1a: Tornadus|50/100 brn
|
|-weather|Hail|[upkeep]
|-damage|p1a: Tornadus|44/100 brn|[from] Hail
|-damage|p1a: Tornadus|38/100 brn|[from] brn
|upkeep
|turn|39
|
|t:|1612362200
|move|p2a: WhiteAlbum|Freeze-Dry|p1a: Tornadus
|-supereffective|p1a: Tornadus
|-damage|p1a: Tornadus|0 fnt
|faint|p1a: Tornadus
|
|-weather|Hail|[upkeep]
|upkeep
|
|t:|1612362202
|switch|p1a: Rillaboom|Rillaboom, F|100/100
|-fieldstart|move: Grassy Terrain|[from] ability: Grassy Surge|[of] p1a: Rillaboom
|turn|40
|
|t:|1612362214
|switch|p2a: Magician'sRed|Volcarona, M|96/100
|move|p1a: Rillaboom|Knock Off|p2a: Magician'sRed
|-damage|p2a: Magician'sRed|48/100
|-status|p1a: Rillaboom|brn|[from] ability: Flame Body|[of] p2a: Magician'sRed
|-enditem|p2a: Magician'sRed|Leftovers|[from] move: Knock Off|[of] p1a: Rillaboom
|
|-weather|none
|-heal|p2a: Magician'sRed|55/100|[from] Grassy Terrain
|-damage|p1a: Rillaboom|94/100 brn|[from] brn
|upkeep
|turn|41
|
|t:|1612362221
|switch|p1a: Toxapex|Toxapex, M|100/100
|move|p2a: Magician'sRed|Roost|p2a: Magician'sRed
|-heal|p2a: Magician'sRed|100/100
|-singleturn|p2a: Magician'sRed|move: Roost
|
|upkeep
|turn|42
|
|t:|1612362224
|switch|p2a: CatchTheRainbow|Mantine, M|37/100 tox
|move|p1a: Toxapex|Toxic|p2a: CatchTheRainbow
|-fail|p2a: CatchTheRainbow|tox
|
|-damage|p2a: CatchTheRainbow|30/100 tox|[from] psn
|upkeep
|turn|43
|
|t:|1612362235
|switch|p1a: Rillaboom|Rillaboom, F|94/100 brn
|move|p2a: CatchTheRainbow|Roost|p2a: CatchTheRainbow
|-heal|p2a: CatchTheRainbow|80/100 tox
|-singleturn|p2a: CatchTheRainbow|move: Roost
|
|-heal|p1a: Rillaboom|100/100 brn|[from] Grassy Terrain
|-heal|p2a: CatchTheRainbow|87/100 tox|[from] Grassy Terrain
|-damage|p1a: Rillaboom|94/100 brn|[from] brn
|-damage|p2a: CatchTheRainbow|74/100 tox|[from] psn
|upkeep
|turn|44
|
|t:|1612362239
|switch|p2a: Magician'sRed|Volcarona, M|100/100
|move|p1a: Rillaboom|U-turn|p2a: Magician'sRed
|-resisted|p2a: Magician'sRed
|-damage|p2a: Magician'sRed|91/100
|
|t:|1612362244
|switch|p1a: Spectrier|Spectrier|22/100|[from]move: U-turn
|
|-heal|p1a: Spectrier|29/100|[from] Grassy Terrain
|-heal|p1a: Spectrier|35/100|[from] item: Leftovers
|-heal|p2a: Magician'sRed|98/100|[from] Grassy Terrain
|-fieldend|move: Grassy Terrain
|upkeep
|turn|45
|
|t:|1612362249
|move|p1a: Spectrier|Shadow Ball|p2a: Magician'sRed
|-damage|p2a: Magician'sRed|63/100
|move|p2a: Magician'sRed|Bug Buzz|p1a: Spectrier
|-resisted|p1a: Spectrier
|-damage|p1a: Spectrier|10/100
|
|-heal|p1a: Spectrier|16/100|[from] item: Leftovers
|upkeep
|turn|46
|
|t:|1612362258
|move|p1a: Spectrier|Shadow Ball|p2a: Magician'sRed
|-damage|p2a: Magician'sRed|30/100
|-unboost|p2a: Magician'sRed|spd|1
|move|p2a: Magician'sRed|Roost|p2a: Magician'sRed
|-heal|p2a: Magician'sRed|80/100
|-singleturn|p2a: Magician'sRed|move: Roost
|
|-heal|p1a: Spectrier|22/100|[from] item: Leftovers
|upkeep
|turn|47
|
|t:|1612362268
|move|p1a: Spectrier|Shadow Ball|p2a: Magician'sRed
|-damage|p2a: Magician'sRed|25/100
|-unboost|p2a: Magician'sRed|spd|1
|move|p2a: Magician'sRed|Fiery Dance|p1a: Spectrier
|-damage|p1a: Spectrier|0 fnt
|-boost|p2a: Magician'sRed|spa|1
|faint|p1a: Spectrier
|
|upkeep
|
|t:|1612362279
|switch|p1a: Toxapex|Toxapex, M|100/100
|turn|48
|
|t:|1612362284
|switch|p2a: CatchTheRainbow|Mantine, M|74/100 tox
|move|p1a: Toxapex|Scald|p2a: CatchTheRainbow
|-heal|p2a: CatchTheRainbow|99/100 tox|[from] ability: Water Absorb|[of] p1a: Toxapex
|
|-damage|p2a: CatchTheRainbow|93/100 tox|[from] psn
|upkeep
|turn|49
|
|t:|1612362290
|move|p2a: CatchTheRainbow|Scald|p1a: Toxapex
|-resisted|p1a: Toxapex
|-damage|p1a: Toxapex|91/100
|move|p1a: Toxapex|Toxic|p2a: CatchTheRainbow
|-fail|p2a: CatchTheRainbow|tox
|
|-heal|p1a: Toxapex|97/100|[from] item: Black Sludge
|-damage|p2a: CatchTheRainbow|81/100 tox|[from] psn
|upkeep
|turn|50
|
|t:|1612362293
|move|p2a: CatchTheRainbow|Scald|p1a: Toxapex
|-resisted|p1a: Toxapex
|-damage|p1a: Toxapex|87/100
|move|p1a: Toxapex|Toxic|p2a: CatchTheRainbow
|-fail|p2a: CatchTheRainbow|tox
|
|-heal|p1a: Toxapex|93/100|[from] item: Black Sludge
|-damage|p2a: CatchTheRainbow|62/100 tox|[from] psn
|upkeep
|turn|51
|
|t:|1612362299
|move|p2a: CatchTheRainbow|Scald|p1a: Toxapex
|-resisted|p1a: Toxapex
|-damage|p1a: Toxapex|83/100
|move|p1a: Toxapex|Toxic|p2a: CatchTheRainbow
|-fail|p2a: CatchTheRainbow|tox
|
|-heal|p1a: Toxapex|89/100|[from] item: Black Sludge
|-damage|p2a: CatchTheRainbow|38/100 tox|[from] psn
|upkeep
|turn|52
|
|t:|1612362303
|move|p2a: CatchTheRainbow|Roost|p2a: CatchTheRainbow
|-heal|p2a: CatchTheRainbow|88/100 tox
|-singleturn|p2a: CatchTheRainbow|move: Roost
|move|p1a: Toxapex|Toxic|p2a: CatchTheRainbow
|-fail|p2a: CatchTheRainbow|tox
|
|-heal|p1a: Toxapex|96/100|[from] item: Black Sludge
|-damage|p2a: CatchTheRainbow|57/100 tox|[from] psn
|upkeep
|turn|53
|
|t:|1612362311
|switch|p2a: StarPlatinum|Quagsire, F, shiny|100/100 slp
|switch|p1a: Rillaboom|Rillaboom, F|94/100 brn
|-fieldstart|move: Grassy Terrain|[from] ability: Grassy Surge|[of] p1a: Rillaboom
|
|-heal|p1a: Rillaboom|100/100 brn|[from] Grassy Terrain
|-damage|p1a: Rillaboom|94/100 brn|[from] brn
|upkeep
|turn|54
|
|t:|1612362315
|switch|p2a: Magician'sRed|Volcarona, M|25/100
|move|p1a: Rillaboom|U-turn|p2a: Magician'sRed
|-resisted|p2a: Magician'sRed
|-damage|p2a: Magician'sRed|16/100
|
|t:|1612362319
|switch|p1a: Toxapex|Toxapex, M|100/100|[from]move: U-turn
|
|-heal|p2a: Magician'sRed|22/100|[from] Grassy Terrain
|upkeep
|turn|55
|
|t:|1612362324
|move|p2a: Magician'sRed|Roost|p2a: Magician'sRed
|-heal|p2a: Magician'sRed|72/100
|-singleturn|p2a: Magician'sRed|move: Roost
|move|p1a: Toxapex|Toxic|p2a: Magician'sRed
|-status|p2a: Magician'sRed|tox
|
|-heal|p2a: Magician'sRed|78/100 tox|[from] Grassy Terrain
|-damage|p2a: Magician'sRed|72/100 tox|[from] psn
|upkeep
|turn|56
|
|t:|1612362328
|switch|p2a: CatchTheRainbow|Mantine, M|57/100 tox
|move|p1a: Toxapex|Scald|p2a: CatchTheRainbow
|-heal|p2a: CatchTheRainbow|82/100 tox|[from] ability: Water Absorb|[of] p1a: Toxapex
|
|-damage|p2a: CatchTheRainbow|76/100 tox|[from] psn
|upkeep
|turn|57
|
|t:|1612362334
|move|p1a: Toxapex|Baneful Bunker|p1a: Toxapex
|-singleturn|p1a: Toxapex|move: Protect
|move|p2a: CatchTheRainbow|Scald|p1a: Toxapex
|-activate|p1a: Toxapex|move: Protect
|
|-fieldend|move: Grassy Terrain
|-damage|p2a: CatchTheRainbow|63/100 tox|[from] psn
|upkeep
|turn|58
|
|t:|1612362343
|switch|p1a: Rillaboom|Rillaboom, F|94/100 brn
|-fieldstart|move: Grassy Terrain|[from] ability: Grassy Surge|[of] p1a: Rillaboom
|move|p2a: CatchTheRainbow|Scald|p1a: Rillaboom
|-resisted|p1a: Rillaboom
|-damage|p1a: Rillaboom|80/100 brn
|
|-heal|p1a: Rillaboom|86/100 brn|[from] Grassy Terrain
|-damage|p1a: Rillaboom|80/100 brn|[from] brn
|-damage|p2a: CatchTheRainbow|45/100 tox|[from] psn
|upkeep
|turn|59
|
|t:|1612362347
|switch|p2a: Magician'sRed|Volcarona, M|72/100 tox
|move|p1a: Rillaboom|U-turn|p2a: Magician'sRed
|-resisted|p2a: Magician'sRed
|-damage|p2a: Magician'sRed|63/100 tox
|
|t:|1612362350
|switch|p1a: Toxapex|Toxapex, M|100/100|[from]move: U-turn
|
|-heal|p2a: Magician'sRed|69/100 tox|[from] Grassy Terrain
|-damage|p2a: Magician'sRed|63/100 tox|[from] psn
|upkeep
|turn|60
|
|t:|1612362353
|move|p2a: Magician'sRed|Roost|p2a: Magician'sRed
|-heal|p2a: Magician'sRed|100/100 tox
|-singleturn|p2a: Magician'sRed|move: Roost
|move|p1a: Toxapex|Scald|p2a: Magician'sRed
|-supereffective|p2a: Magician'sRed
|-damage|p2a: Magician'sRed|73/100 tox
|
|-heal|p2a: Magician'sRed|79/100 tox|[from] Grassy Terrain
|-damage|p2a: Magician'sRed|67/100 tox|[from] psn
|upkeep
|turn|61
|
|t:|1612362358
|switch|p2a: CatchTheRainbow|Mantine, M|45/100 tox
|switch|p1a: Rillaboom|Rillaboom, F|80/100 brn
|
|-heal|p1a: Rillaboom|86/100 brn|[from] Grassy Terrain
|-damage|p1a: Rillaboom|80/100 brn|[from] brn
|-damage|p2a: CatchTheRainbow|39/100 tox|[from] psn
|upkeep
|turn|62
|
|t:|1612362364
|switch|p2a: Magician'sRed|Volcarona, M|67/100 tox
|move|p1a: Rillaboom|Grassy Glide|p2a: Magician'sRed
|-resisted|p2a: Magician'sRed
|-damage|p2a: Magician'sRed|58/100 tox
|
|-heal|p1a: Rillaboom|86/100 brn|[from] Grassy Terrain
|-heal|p2a: Magician'sRed|64/100 tox|[from] Grassy Terrain
|-fieldend|move: Grassy Terrain
|-damage|p1a: Rillaboom|80/100 brn|[from] brn
|-damage|p2a: Magician'sRed|58/100 tox|[from] psn
|upkeep
|turn|63
|
|t:|1612362367
|switch|p1a: Toxapex|Toxapex, M|100/100
|move|p2a: Magician'sRed|Roost|p2a: Magician'sRed
|-heal|p2a: Magician'sRed|100/100 tox
|-singleturn|p2a: Magician'sRed|move: Roost
|
|-damage|p2a: Magician'sRed|88/100 tox|[from] psn
|upkeep
|turn|64
|
|t:|1612362372
|switch|p2a: CatchTheRainbow|Mantine, M|39/100 tox
|move|p1a: Toxapex|Scald|p2a: CatchTheRainbow
|-heal|p2a: CatchTheRainbow|64/100 tox|[from] ability: Water Absorb|[of] p1a: Toxapex
|
|-damage|p2a: CatchTheRainbow|57/100 tox|[from] psn
|upkeep
|turn|65
|j| Etienne Sanglier
|
|t:|1612362384
|move|p2a: CatchTheRainbow|Roost|p2a: CatchTheRainbow
|-heal|p2a: CatchTheRainbow|100/100 tox
|-singleturn|p2a: CatchTheRainbow|move: Roost
|move|p1a: Toxapex|Toxic|p2a: CatchTheRainbow
|-fail|p2a: CatchTheRainbow|tox
|
|-damage|p2a: CatchTheRainbow|88/100 tox|[from] psn
|upkeep
|turn|66
|
|t:|1612362388
|move|p1a: Toxapex|Baneful Bunker|p1a: Toxapex
|-singleturn|p1a: Toxapex|move: Protect
|move|p2a: CatchTheRainbow|Scald|p1a: Toxapex
|-activate|p1a: Toxapex|move: Protect
|
|-damage|p2a: CatchTheRainbow|70/100 tox|[from] psn
|upkeep
|turn|67
|
|t:|1612362399
|move|p2a: CatchTheRainbow|Scald|p1a: Toxapex
|-resisted|p1a: Toxapex
|-damage|p1a: Toxapex|91/100
|move|p1a: Toxapex|Scald|p2a: CatchTheRainbow
|-heal|p2a: CatchTheRainbow|95/100 tox|[from] ability: Water Absorb|[of] p1a: Toxapex
|
|-heal|p1a: Toxapex|97/100|[from] item: Black Sludge
|-damage|p2a: CatchTheRainbow|70/100 tox|[from] psn
|upkeep
|turn|68
|
|t:|1612362411
|switch|p1a: Rillaboom|Rillaboom, F|80/100 brn
|-fieldstart|move: Grassy Terrain|[from] ability: Grassy Surge|[of] p1a: Rillaboom
|move|p2a: CatchTheRainbow|Roost|p2a: CatchTheRainbow
|-heal|p2a: CatchTheRainbow|100/100 tox
|-singleturn|p2a: CatchTheRainbow|move: Roost
|
|-heal|p1a: Rillaboom|86/100 brn|[from] Grassy Terrain
|-damage|p1a: Rillaboom|80/100 brn|[from] brn
|-damage|p2a: CatchTheRainbow|70/100 tox|[from] psn
|upkeep
|turn|69
|
|t:|1612362416
|switch|p2a: Magician'sRed|Volcarona, M|88/100 tox
|move|p1a: Rillaboom|U-turn|p2a: Magician'sRed
|-resisted|p2a: Magician'sRed
|-damage|p2a: Magician'sRed|78/100 tox
|
|t:|1612362419
|switch|p1a: Toxapex|Toxapex, M|100/100|[from]move: U-turn
|
|-heal|p2a: Magician'sRed|84/100 tox|[from] Grassy Terrain
|-damage|p2a: Magician'sRed|78/100 tox|[from] psn
|upkeep
|turn|70
|
|t:|1612362426
|switch|p2a: CatchTheRainbow|Mantine, M|70/100 tox
|move|p1a: Toxapex|Baneful Bunker||[still]
|-fail|p1a: Toxapex
|
|-damage|p2a: CatchTheRainbow|64/100 tox|[from] psn
|upkeep
|turn|71
|
|t:|1612362431
|switch|p1a: Rillaboom|Rillaboom, F|80/100 brn
|move|p2a: CatchTheRainbow|Roost|p2a: CatchTheRainbow
|-heal|p2a: CatchTheRainbow|100/100 tox
|-singleturn|p2a: CatchTheRainbow|move: Roost
|
|-heal|p1a: Rillaboom|86/100 brn|[from] Grassy Terrain
|-damage|p1a: Rillaboom|80/100 brn|[from] brn
|-damage|p2a: CatchTheRainbow|88/100 tox|[from] psn
|upkeep
|turn|72
|
|t:|1612362436
|switch|p2a: Magician'sRed|Volcarona, M|78/100 tox
|move|p1a: Rillaboom|U-turn|p2a: Magician'sRed
|-resisted|p2a: Magician'sRed
|-damage|p2a: Magician'sRed|68/100 tox
|
|t:|1612362440
|switch|p1a: Toxapex|Toxapex, M|100/100|[from]move: U-turn
|
|-heal|p2a: Magician'sRed|74/100 tox|[from] Grassy Terrain
|-fieldend|move: Grassy Terrain
|-damage|p2a: Magician'sRed|68/100 tox|[from] psn
|upkeep
|turn|73
|
|t:|1612362448
|switch|p2a: StarPlatinum|Quagsire, F, shiny|100/100 slp
|move|p1a: Toxapex|Baneful Bunker||[still]
|-fail|p1a: Toxapex
|
|upkeep
|turn|74
|
|t:|1612362451
|switch|p1a: Rillaboom|Rillaboom, F|80/100 brn
|-fieldstart|move: Grassy Terrain|[from] ability: Grassy Surge|[of] p1a: Rillaboom
|cant|p2a: StarPlatinum|slp
|
|-heal|p1a: Rillaboom|86/100 brn|[from] Grassy Terrain
|-damage|p1a: Rillaboom|80/100 brn|[from] brn
|upkeep
|turn|75
|
|t:|1612362457
|switch|p2a: Magician'sRed|Volcarona, M|68/100 tox
|move|p1a: Rillaboom|Grassy Glide|p2a: Magician'sRed
|-resisted|p2a: Magician'sRed
|-damage|p2a: Magician'sRed|59/100 tox
|
|-heal|p1a: Rillaboom|86/100 brn|[from] Grassy Terrain
|-heal|p2a: Magician'sRed|65/100 tox|[from] Grassy Terrain
|-damage|p1a: Rillaboom|80/100 brn|[from] brn
|-damage|p2a: Magician'sRed|59/100 tox|[from] psn
|upkeep
|turn|76
|
|t:|1612362461
|switch|p1a: Toxapex|Toxapex, M|100/100
|move|p2a: Magician'sRed|Roost|p2a: Magician'sRed
|-heal|p2a: Magician'sRed|100/100 tox
|-singleturn|p2a: Magician'sRed|move: Roost
|
|-damage|p2a: Magician'sRed|88/100 tox|[from] psn
|upkeep
|turn|77
|
|t:|1612362466
|switch|p2a: StarPlatinum|Quagsire, F, shiny|100/100 slp
|move|p1a: Toxapex|Baneful Bunker||[still]
|-fail|p1a: Toxapex
|
|upkeep
|turn|78
|
|t:|1612362469
|switch|p1a: Rillaboom|Rillaboom, F|80/100 brn
|cant|p2a: StarPlatinum|slp
|
|-heal|p1a: Rillaboom|86/100 brn|[from] Grassy Terrain
|-fieldend|move: Grassy Terrain
|-damage|p1a: Rillaboom|80/100 brn|[from] brn
|upkeep
|turn|79
|
|t:|1612362477
|switch|p2a: Magician'sRed|Volcarona, M|88/100 tox
|move|p1a: Rillaboom|Knock Off|p2a: Magician'sRed
|-damage|p2a: Magician'sRed|72/100 tox
|
|-damage|p1a: Rillaboom|74/100 brn|[from] brn
|-damage|p2a: Magician'sRed|66/100 tox|[from] psn
|upkeep
|turn|80
|
|t:|1612362481
|switch|p1a: Toxapex|Toxapex, M|100/100
|move|p2a: Magician'sRed|Bug Buzz|p1a: Toxapex
|-resisted|p1a: Toxapex
|-damage|p1a: Toxapex|85/100
|-unboost|p1a: Toxapex|spd|1
|
|-heal|p1a: Toxapex|91/100|[from] item: Black Sludge
|-damage|p2a: Magician'sRed|53/100 tox|[from] psn
|upkeep
|turn|81
|
|t:|1612362488
|move|p2a: Magician'sRed|Bug Buzz|p1a: Toxapex
|-resisted|p1a: Toxapex
|-damage|p1a: Toxapex|66/100
|move|p1a: Toxapex|Scald|p2a: Magician'sRed
|-supereffective|p2a: Magician'sRed
|-damage|p2a: Magician'sRed|27/100 tox
|
|-heal|p1a: Toxapex|73/100|[from] item: Black Sludge
|-damage|p2a: Magician'sRed|8/100 tox|[from] psn
|upkeep
|turn|82
|
|t:|1612362499
|move|p2a: Magician'sRed|Bug Buzz|p1a: Toxapex
|-resisted|p1a: Toxapex
|-damage|p1a: Toxapex|48/100
|move|p1a: Toxapex|Scald|p2a: Magician'sRed
|-supereffective|p2a: Magician'sRed
|-damage|p2a: Magician'sRed|0 fnt
|faint|p2a: Magician'sRed
|
|-heal|p1a: Toxapex|54/100|[from] item: Black Sludge
|upkeep
|
|t:|1612362502
|switch|p2a: WhiteAlbum|Ninetales-Alola, M|52/100
|-weather|Hail|[from] ability: Snow Warning|[of] p2a: WhiteAlbum
|turn|83
|
|t:|1612362512
|move|p1a: Toxapex|Baneful Bunker|p1a: Toxapex
|-singleturn|p1a: Toxapex|move: Protect
|move|p2a: WhiteAlbum|Freeze-Dry|p1a: Toxapex
|-activate|p1a: Toxapex|move: Protect
|
|-weather|Hail|[upkeep]
|-damage|p1a: Toxapex|48/100|[from] Hail
|-heal|p1a: Toxapex|54/100|[from] item: Black Sludge
|upkeep
|turn|84
|
|t:|1612362519
|switch|p1a: Rillaboom|Rillaboom, F|74/100 brn
|-fieldstart|move: Grassy Terrain|[from] ability: Grassy Surge|[of] p1a: Rillaboom
|move|p2a: WhiteAlbum|Freeze-Dry|p1a: Rillaboom
|-supereffective|p1a: Rillaboom
|-damage|p1a: Rillaboom|0 fnt
|faint|p1a: Rillaboom
|
|-weather|Hail|[upkeep]
|-heal|p2a: WhiteAlbum|58/100|[from] Grassy Terrain
|upkeep
|
|t:|1612362524
|switch|p1a: Toxapex|Toxapex, M|87/100
|turn|85
|
|t:|1612362527
|switch|p2a: StarPlatinum|Quagsire, F, shiny|100/100 slp
|move|p1a: Toxapex|Toxic||[still]
|-fail|p1a: Toxapex
|
|-weather|Hail|[upkeep]
|-damage|p1a: Toxapex|81/100|[from] Hail
|-damage|p2a: StarPlatinum|94/100 slp|[from] Hail
|-heal|p2a: StarPlatinum|100/100 slp|[from] Grassy Terrain
|-heal|p1a: Toxapex|87/100|[from] Grassy Terrain
|-heal|p1a: Toxapex|94/100|[from] item: Black Sludge
|upkeep
|turn|86
|
|t:|1612362531
|-curestatus|p2a: StarPlatinum|slp|[msg]
|move|p2a: StarPlatinum|Scald|p1a: Toxapex
|-resisted|p1a: Toxapex
|-crit|p1a: Toxapex
|-damage|p1a: Toxapex|81/100
|-status|p1a: Toxapex|brn
|move|p1a: Toxapex|Scald|p2a: StarPlatinum
|-damage|p2a: StarPlatinum|80/100
|-status|p2a: StarPlatinum|brn
|
|-weather|Hail|[upkeep]
|-damage|p2a: StarPlatinum|74/100 brn|[from] Hail
|-damage|p1a: Toxapex|75/100 brn|[from] Hail
|-heal|p1a: Toxapex|81/100 brn|[from] Grassy Terrain
|-heal|p1a: Toxapex|88/100 brn|[from] item: Black Sludge
|-heal|p2a: StarPlatinum|80/100 brn|[from] Grassy Terrain
|-damage|p1a: Toxapex|81/100 brn|[from] brn
|-damage|p2a: StarPlatinum|74/100 brn|[from] brn
|upkeep
|turn|87
|
|t:|1612362539
|move|p2a: StarPlatinum|Stockpile|p2a: StarPlatinum
|-start|p2a: StarPlatinum|stockpile1
|-boost|p2a: StarPlatinum|def|1
|-boost|p2a: StarPlatinum|spd|1
|move|p1a: Toxapex|Scald|p2a: StarPlatinum
|-damage|p2a: StarPlatinum|59/100 brn
|
|-weather|none
|-heal|p2a: StarPlatinum|65/100 brn|[from] Grassy Terrain
|-heal|p1a: Toxapex|88/100 brn|[from] Grassy Terrain
|-heal|p1a: Toxapex|94/100 brn|[from] item: Black Sludge
|-damage|p1a: Toxapex|88/100 brn|[from] brn
|-damage|p2a: StarPlatinum|59/100 brn|[from] brn
|upkeep
|turn|88
|-message|ceyzeriat forfeited.
|
|win|Tirkys
|l|☆ceyzeriat
||Ladder (probably) updated, but score could not be retrieved (Request timeout).
|l|☆Tirkys
|l| Etienne Sanglier
